  <div class='ocr_page' id='page_1' title='image "/cluster/home/n/w/nwhite01/storage/ocr_20150623/142/coo.31924054870476/570.png"; bbox 0 0 4114 6432; ppageno 0'>
   <div class='ocr_carea' id='block_1_1' title="bbox 351 379 506 454">
    <p class='ocr_par' dir='ltr' id='par_1_1' title="bbox 351 379 506 454">
     <span class='ocr_line' id='line_1_1' title="bbox 351 379 506 454; baseline -0.013 0"><span class='ocrx_word' id='word_1_1' title='bbox 351 379 506 454; x_wconf 67' lang='grc'><strong>1126</strong></span> 
     </span>
    </p>
   </div>
   <div class='ocr_carea' id='block_1_2' title="bbox 1671 379 2429 452">
    <p class='ocr_par' dir='ltr' id='par_1_2' title="bbox 1671 379 2429 452">
     <span class='ocr_line' id='line_1_2' title="bbox 1671 379 2429 452; baseline 0.003 -4"><span class='ocrx_word' id='word_1_2' title='bbox 1671 379 2022 450; x_wconf 81' lang='lat' dir='ltr'>EPITOME</span> <span class='ocrx_word' id='word_1_3' title='bbox 2065 386 2429 452; x_wconf 83' lang='lat' dir='ltr'>PHYSIGA.</span> 
     </span>
    </p>
   </div>
   <div class='ocr_carea' id='block_1_3' title="bbox 3603 394 3764 462">
    <p class='ocr_par' dir='ltr' id='par_1_3' title="bbox 3603 394 3764 462">
     <span class='ocr_line' id='line_1_3' title="bbox 3603 394 3764 462; baseline 0.019 -3"><span class='ocrx_word' id='word_1_4' title='bbox 3603 394 3764 462; x_wconf 62' lang='lat' dir='ltr'>H96</span> 
     </span>
    </p>
   </div>
   <div class='ocr_carea' id='block_1_4' title="bbox 347 513 2025 596">
    <p class='ocr_par' dir='ltr' id='par_1_4' title="bbox 347 513 2002 590">
     <span class='ocr_line' id='line_1_4' title="bbox 347 513 2002 590; baseline 0 -18"><span class='ocrx_word' id='word_1_5' title='bbox 347 514 496 573; x_wconf 77' lang='grc' dir='ltr'>ἄλλα</span> <span class='ocrx_word' id='word_1_6' title='bbox 549 515 780 589; x_wconf 82' lang='grc' dir='ltr'>πολλὰ),</span> <span class='ocrx_word' id='word_1_7' title='bbox 831 513 920 574; x_wconf 82' lang='grc' dir='ltr'>διὰ</span> <span class='ocrx_word' id='word_1_8' title='bbox 965 520 1125 574; x_wconf 87' lang='grc' dir='ltr'>τοῦτο</span> <span class='ocrx_word' id='word_1_9' title='bbox 1178 517 1268 573; x_wconf 85' lang='grc' dir='ltr'>καὶ</span> <span class='ocrx_word' id='word_1_10' title='bbox 1313 518 1378 574; x_wconf 81' lang='grc' dir='ltr'>τὰ</span> <span class='ocrx_word' id='word_1_11' title='bbox 1433 515 1550 590; x_wconf 82' lang='grc' dir='ltr'>εἷ’δη</span> <span class='ocrx_word' id='word_1_12' title='bbox 1599 523 1707 574; x_wconf 88' lang='grc' dir='ltr'>τῶν</span> <span class='ocrx_word' id='word_1_13' title='bbox 1745 517 2002 577; x_wconf 87' lang='grc' dir='ltr'>συνθέτων</span> 
     </span>
    </p>
   </div>
   <div class='ocr_carea' id='block_1_5' title="bbox 2143 513 3764 596">
    <p class='ocr_par' dir='ltr' id='par_1_5' title="bbox 2143 520 3764 596">
     <span class='ocr_line' id='line_1_5' title="bbox 2143 520 3764 596; baseline 0.009 -22"><span class='ocrx_word' id='word_1_14' title='bbox 2143 520 2334 593; x_wconf 75' lang='grc' dir='ltr'>[υῑρρε</span> <span class='ocrx_word' id='word_1_15' title='bbox 2382 523 2666 596; x_wconf 84' lang='lat' dir='ltr'>pallidum</span> <span class='ocrx_word' id='word_1_16' title='bbox 2719 529 2776 581; x_wconf 90' lang='lat' dir='ltr'>et</span> <span class='ocrx_word' id='word_1_17' title='bbox 2827 526 3025 583; x_wconf 83' lang='lat' dir='ltr'>rufum</span> <span class='ocrx_word' id='word_1_18' title='bbox 3074 533 3132 583; x_wconf 91' lang='lat' dir='ltr'>et</span> <span class='ocrx_word' id='word_1_19' title='bbox 3191 529 3422 587; x_wconf 86' lang='lat' dir='ltr'>fuscum</span> <span class='ocrx_word' id='word_1_20' title='bbox 3466 537 3524 589; x_wconf 91' lang='lat' dir='ltr'>et</span> <span class='ocrx_word' id='word_1_21' title='bbox 3573 533 3764 589; x_wconf 88' lang='lat' dir='ltr'>multa</span> 
     </span>
    </p>
   </div>
   <div class='ocr_carea' id='block_1_6' title="bbox 349 601 1999 686">
    <p class='ocr_par' dir='ltr' id='par_1_6' title="bbox 349 601 1999 686">
     <span class='ocr_line' id='line_1_6' title="bbox 349 601 1999 686; baseline 0.001 -26"><span class='ocrx_word' id='word_1_22' title='bbox 349 603 577 662; x_wconf 84' lang='grc' dir='ltr'>πλείονά</span> <span class='ocrx_word' id='word_1_23' title='bbox 622 605 680 660; x_wconf 86' lang='grc' dir='ltr'>τέ</span> <span class='ocrx_word' id='word_1_24' title='bbox 729 606 829 660; x_wconf 86' lang='grc' dir='ltr'>εἰσι</span> <span class='ocrx_word' id='word_1_25' title='bbox 873 606 962 660; x_wconf 75' lang='grc' dir='ltr'>καὶ</span> <span class='ocrx_word' id='word_1_26' title='bbox 1012 605 1279 676; x_wconf 73' lang='grc' dir='ltr'>ἀλλήλων</span> <span class='ocrx_word' id='word_1_27' title='bbox 1332 604 1623 680; x_wconf 80' lang='grc' dir='ltr'>διοίσοντα,</span> <span class='ocrx_word' id='word_1_28' title='bbox 1669 609 1763 669; x_wconf 80' lang='grc' dir='ltr'>τὰς</span> <span class='ocrx_word' id='word_1_29' title='bbox 1811 601 1999 686; x_wconf 74' lang='grc' dir='ltr'>διαφό-</span> 
     </span>
    </p>
   </div>
   <div class='ocr_carea' id='block_1_7' title="bbox 352 692 2005 771">
    <p class='ocr_par' dir='ltr' id='par_1_7' title="bbox 352 692 2005 771">
     <span class='ocr_line' id='line_1_7' title="bbox 352 692 2005 771; baseline 0 -21"><span class='ocrx_word' id='word_1_30' title='bbox 352 715 478 771; x_wconf 84' lang='grc' dir='ltr'>ρους</span> <span class='ocrx_word' id='word_1_31' title='bbox 539 692 823 757; x_wconf 83' lang='grc' dir='ltr'>οὑσιώδεις</span> <span class='ocrx_word' id='word_1_32' title='bbox 859 716 918 750; x_wconf 89' lang='grc' dir='ltr'>τε</span> <span class='ocrx_word' id='word_1_33' title='bbox 959 697 1049 750; x_wconf 85' lang='grc' dir='ltr'>καὶ</span> <span class='ocrx_word' id='word_1_34' title='bbox 1108 693 1458 759; x_wconf 86' lang='grc' dir='ltr'>έπουσιώδεις</span> <span class='ocrx_word' id='word_1_35' title='bbox 1511 697 1808 766; x_wconf 82' lang='grc' dir='ltr'>ποιότητας</span> <span class='ocrx_word' id='word_1_36' title='bbox 1867 697 2005 752; x_wconf 84' lang='grc' dir='ltr'>κτώ-</span> 
     </span>
    </p>
   </div>
   <div class='ocr_carea' id='block_1_8' title="bbox 357 784 2002 862">
    <p class='ocr_par' dir='ltr' id='par_1_8' title="bbox 357 784 2002 862">
     <span class='ocr_line' id='line_1_8' title="bbox 357 784 2002 862; baseline 0.001 -24"><span class='ocrx_word' id='word_1_37' title='bbox 357 805 508 857; x_wconf 85' lang='grc' dir='ltr'>μενα·</span> <span class='ocrx_word' id='word_1_38' title='bbox 540 784 676 839; x_wconf 79' lang='grc' dir='ltr'>κατὰ</span> <span class='ocrx_word' id='word_1_39' title='bbox 719 785 819 852; x_wconf 77' lang='grc' dir='ltr'>τήν</span> <span class='ocrx_word' id='word_1_40' title='bbox 868 785 1028 839; x_wconf 77' lang='grc' dir='ltr'>ποιὰν</span> <span class='ocrx_word' id='word_1_41' title='bbox 1076 789 1184 839; x_wconf 87' lang='grc' dir='ltr'>τῶν</span> <span class='ocrx_word' id='word_1_42' title='bbox 1237 785 1522 862; x_wconf 77' lang='grc' dir='ltr'>στοιχείων</span> <span class='ocrx_word' id='word_1_43' title='bbox 1575 786 1760 862; x_wconf 79' lang='grc' dir='ltr'>κρᾶσίν</span> <span class='ocrx_word' id='word_1_44' title='bbox 1810 807 1869 841; x_wconf 86' lang='grc' dir='ltr'>τε</span> <span class='ocrx_word' id='word_1_45' title='bbox 1913 786 2002 840; x_wconf 85' lang='grc' dir='ltr'>καὶ</span> 
     </span>
    </p>
   </div>
   <div class='ocr_carea' id='block_1_9' title="bbox 352 871 2005 950">
    <p class='ocr_par' dir='ltr' id='par_1_9' title="bbox 352 871 2005 950">
     <span class='ocr_line' id='line_1_9' title="bbox 352 871 2005 950; baseline 0.001 -22"><span class='ocrx_word' id='word_1_46' title='bbox 352 871 655 928; x_wconf 85' lang='grc' dir='ltr'>ἀλλοίωσιν</span> <span class='ocrx_word' id='word_1_47' title='bbox 685 877 782 926; x_wconf 89' lang='grc' dir='ltr'>τοῦ</span> <span class='ocrx_word' id='word_1_48' title='bbox 812 873 1005 948; x_wconf 89' lang='grc' dir='ltr'>πυρὸς,</span> <span class='ocrx_word' id='word_1_49' title='bbox 1055 878 1150 929; x_wconf 89' lang='grc' dir='ltr'>τοῦ</span> <span class='ocrx_word' id='word_1_50' title='bbox 1201 875 1380 950; x_wconf 79' lang='grc' dir='ltr'>ἀέρος,</span> <span class='ocrx_word' id='word_1_51' title='bbox 1411 879 1507 929; x_wconf 90' lang='grc' dir='ltr'>τοῦ</span> <span class='ocrx_word' id='word_1_52' title='bbox 1539 872 1754 946; x_wconf 81' lang='grc' dir='ltr'>ὕδατος,</span> <span class='ocrx_word' id='word_1_53' title='bbox 1787 875 1876 930; x_wconf 86' lang='grc' dir='ltr'>καὶ</span> <span class='ocrx_word' id='word_1_54' title='bbox 1905 882 2005 944; x_wconf 80' lang='grc' dir='ltr'>τῆς</span> 
     </span>
    </p>
   </div>
   <div class='ocr_carea' id='block_1_10' title="bbox 351 963 470 1037">
    <p class='ocr_par' dir='ltr' id='par_1_10' title="bbox 351 963 470 1037">
     <span class='ocr_line' id='line_1_10' title="bbox 351 963 470 1037; baseline -0.034 -15"><span class='ocrx_word' id='word_1_55' title='bbox 351 963 470 1037; x_wconf 73' lang='grc' dir='ltr'>γῆς.</span> 
     </span>
    </p>
   </div>
   <div class='ocr_carea' id='block_1_11' title="bbox 425 1137 2008 1216">
    <p class='ocr_par' dir='ltr' id='par_1_11' title="bbox 425 1137 2008 1216">
     <span class='ocr_line' id='line_1_11' title="bbox 425 1137 2008 1216; baseline 0.005 -27"><span class='ocrx_word' id='word_1_56' title='bbox 425 1142 520 1206; x_wconf 88' lang='grc' dir='ltr'>κζ.</span> <span class='ocrx_word' id='word_1_57' title='bbox 572 1141 746 1192; x_wconf 88' lang='grc' dir='ltr'>Ταῦτα</span> <span class='ocrx_word' id='word_1_58' title='bbox 796 1137 898 1213; x_wconf 77' lang='grc' dir='ltr'>γὰρ</span> <span class='ocrx_word' id='word_1_59' title='bbox 955 1138 1092 1212; x_wconf 87' lang='grc' dir='ltr'>μόνα</span> <span class='ocrx_word' id='word_1_60' title='bbox 1140 1145 1389 1216; x_wconf 70' lang='grc' dir='ltr'>στοιχεῖα</span> <span class='ocrx_word' id='word_1_61' title='bbox 1433 1145 1540 1198; x_wconf 88' lang='grc' dir='ltr'>τῶν</span> <span class='ocrx_word' id='word_1_62' title='bbox 1597 1142 1864 1215; x_wconf 86' lang='grc' dir='ltr'>σωμάτων</span> <span class='ocrx_word' id='word_1_63' title='bbox 1913 1162 2008 1196; x_wconf 89' lang='grc' dir='ltr'>κα-</span> 
     </span>
    </p>
   </div>
   <div class='ocr_carea' id='block_1_12' title="bbox 356 1225 2010 1306">
    <p class='ocr_par' dir='ltr' id='par_1_12' title="bbox 356 1225 2010 1306">
     <span class='ocr_line' id='line_1_12' title="bbox 356 1225 2010 1306; baseline 0 -24"><span class='ocrx_word' id='word_1_64' title='bbox 356 1225 470 1282; x_wconf 86' lang='grc' dir='ltr'>λεῖν</span> <span class='ocrx_word' id='word_1_65' title='bbox 504 1225 739 1296; x_wconf 80' lang='grc' dir='ltr'>ἀξιοῦσιν</span> <span class='ocrx_word' id='word_1_66' title='bbox 775 1227 826 1280; x_wconf 74' lang='grc' dir='ltr'>οἱ</span> <span class='ocrx_word' id='word_1_67' title='bbox 875 1225 1123 1282; x_wconf 84' lang='grc' dir='ltr'>πλεῖστοι</span> <span class='ocrx_word' id='word_1_68' title='bbox 1167 1234 1274 1283; x_wconf 91' lang='grc' dir='ltr'>τῶν</span> <span class='ocrx_word' id='word_1_69' title='bbox 1324 1233 1563 1306; x_wconf 77' lang='grc' dir='ltr'>φυσικῶν</span> <span class='ocrx_word' id='word_1_70' title='bbox 1597 1251 1608 1263; x_wconf 92' lang='grc'>·</span> <span class='ocrx_word' id='word_1_71' title='bbox 1642 1231 1715 1284; x_wconf 82' lang='grc' dir='ltr'>ὧν</span> <span class='ocrx_word' id='word_1_72' title='bbox 1767 1229 1878 1283; x_wconf 82' lang='grc' dir='ltr'>ἐστι</span> <span class='ocrx_word' id='word_1_73' title='bbox 1921 1227 2010 1284; x_wconf 70' lang='grc' dir='ltr'>καὶ</span> 
     </span>
    </p>
   </div>
   <div class='ocr_carea' id='block_1_13' title="bbox 358 1313 2008 1389">
    <p class='ocr_par' dir='ltr' id='par_1_13' title="bbox 358 1313 2008 1389">
     <span class='ocr_line' id='line_1_13' title="bbox 358 1313 2008 1389; baseline 0.001 -19"><span class='ocrx_word' id='word_1_74' title='bbox 358 1317 386 1370; x_wconf 84' lang='grc' dir='ltr'><strong>ὁ</strong></span> <span class='ocrx_word' id='word_1_75' title='bbox 417 1314 468 1369; x_wconf 80' lang='grc' dir='ltr'>ἐν</span> <span class='ocrx_word' id='word_1_76' title='bbox 503 1314 710 1389; x_wconf 79' lang='grc' dir='ltr'>ἷάτροῖς</span> <span class='ocrx_word' id='word_1_77' title='bbox 763 1313 992 1388; x_wconf 82' lang='grc' dir='ltr'>δόκιμος</span> <span class='ocrx_word' id='word_1_78' title='bbox 1044 1315 1312 1386; x_wconf 87' lang='grc' dir='ltr'>Γαληνός·</span> <span class='ocrx_word' id='word_1_79' title='bbox 1363 1319 1464 1387; x_wconf 78' lang='grc' dir='ltr'>τὴν</span> <span class='ocrx_word' id='word_1_80' title='bbox 1516 1317 1653 1387; x_wconf 73' lang='grc' dir='ltr'>ὕλην</span> <span class='ocrx_word' id='word_1_81' title='bbox 1706 1316 1762 1373; x_wconf 77' lang='grc' dir='ltr'>δὲ</span> <span class='ocrx_word' id='word_1_82' title='bbox 1791 1319 1880 1373; x_wconf 84' lang='grc' dir='ltr'>καὶ</span> <span class='ocrx_word' id='word_1_83' title='bbox 1909 1319 2008 1387; x_wconf 77' lang='grc' dir='ltr'>τήν</span> 
     </span>
    </p>
   </div>
   <div class='ocr_carea' id='block_1_14' title="bbox 355 1400 2012 1484">
    <p class='ocr_par' dir='ltr' id='par_1_14' title="bbox 355 1400 2012 1484">
     <span class='ocr_line' id='line_1_14' title="bbox 355 1400 2012 1484; baseline 0.002 -27"><span class='ocrx_word' id='word_1_84' title='bbox 355 1402 645 1474; x_wconf 84' lang='grc' dir='ltr'>ποιότητα,</span> <span class='ocrx_word' id='word_1_85' title='bbox 683 1400 806 1472; x_wconf 76' lang='grc' dir='ltr'>ἤτοι</span> <span class='ocrx_word' id='word_1_86' title='bbox 836 1404 900 1458; x_wconf 87' lang='grc' dir='ltr'>τὸ</span> <span class='ocrx_word' id='word_1_87' title='bbox 933 1402 1096 1472; x_wconf 75' lang='grc' dir='ltr'>εἶδος,</span> <span class='ocrx_word' id='word_1_88' title='bbox 1134 1405 1314 1478; x_wconf 81' lang='grc' dir='ltr'>μόνως</span> <span class='ocrx_word' id='word_1_89' title='bbox 1344 1407 1539 1482; x_wconf 79' lang='grc' dir='ltr'>ἀρχὰς,</span> <span class='ocrx_word' id='word_1_90' title='bbox 1589 1406 1774 1482; x_wconf 83' lang='grc' dir='ltr'>ἀρχῶν</span> <span class='ocrx_word' id='word_1_91' title='bbox 1822 1404 2012 1484; x_wconf 79' lang='grc' dir='ltr'>διαφο-</span> 
     </span>
    </p>
   </div>
   <div class='ocr_carea' id='block_1_15' title="bbox 359 1490 2018 1571">
    <p class='ocr_par' dir='ltr' id='par_1_15' title="bbox 359 1490 2018 1571">
     <span class='ocr_line' id='line_1_15' title="bbox 359 1490 2018 1571; baseline 0.002 -24"><span class='ocrx_word' id='word_1_92' title='bbox 359 1493 453 1569; x_wconf 80' lang='grc' dir='ltr'>ρὰν</span> <span class='ocrx_word' id='word_1_93' title='bbox 485 1490 574 1546; x_wconf 83' lang='grc' dir='ltr'>καὶ</span> <span class='ocrx_word' id='word_1_94' title='bbox 606 1491 893 1567; x_wconf 81' lang='grc' dir='ltr'>στοιχείων</span> <span class='ocrx_word' id='word_1_95' title='bbox 942 1491 1213 1566; x_wconf 78' lang='grc' dir='ltr'>τιθέμενοι</span> <span class='ocrx_word' id='word_1_96' title='bbox 1251 1515 1263 1528; x_wconf 76' lang='grc' dir='ltr'><strong>ο</strong></span> <span class='ocrx_word' id='word_1_97' title='bbox 1305 1495 1367 1549; x_wconf 89' lang='grc' dir='ltr'>τὸ</span> <span class='ocrx_word' id='word_1_98' title='bbox 1415 1495 1508 1556; x_wconf 72' lang='grc' dir='ltr'>τὰς</span> <span class='ocrx_word' id='word_1_99' title='bbox 1566 1495 1658 1567; x_wconf 75' lang='grc' dir='ltr'>μὲν</span> <span class='ocrx_word' id='word_1_100' title='bbox 1711 1495 1886 1571; x_wconf 81' lang='grc' dir='ltr'>ἀρχὰς</span> <span class='ocrx_word' id='word_1_101' title='bbox 1918 1495 2018 1550; x_wconf 82' lang='grc' dir='ltr'>οὐκ</span> 
     </span>
    </p>
   </div>
   <div class='ocr_carea' id='block_1_16' title="bbox 360 1579 2014 1658">
    <p class='ocr_par' dir='ltr' id='par_1_16' title="bbox 360 1579 2014 1658">
     <span class='ocr_line' id='line_1_16' title="bbox 360 1579 2014 1658; baseline 0.001 -22"><span class='ocrx_word' id='word_1_102' title='bbox 360 1579 412 1651; x_wconf 75' lang='grc' dir='ltr'>ἐξ</span> <span class='ocrx_word' id='word_1_103' title='bbox 438 1579 674 1655; x_wconf 80' lang='grc' dir='ltr'>ἀνάγκης</span> <span class='ocrx_word' id='word_1_104' title='bbox 725 1582 1006 1655; x_wconf 83' lang='grc' dir='ltr'>ὁμογενεῖς</span> <span class='ocrx_word' id='word_1_105' title='bbox 1056 1581 1190 1636; x_wconf 79' lang='grc' dir='ltr'>εἶναι</span> <span class='ocrx_word' id='word_1_106' title='bbox 1243 1587 1360 1644; x_wconf 85' lang='grc' dir='ltr'>τοῖς</span> <span class='ocrx_word' id='word_1_107' title='bbox 1417 1583 1730 1658; x_wconf 78' lang='grc' dir='ltr'>πράγμασιν</span> <span class='ocrx_word' id='word_1_108' title='bbox 1780 1585 1852 1637; x_wconf 84' lang='grc' dir='ltr'>ὧν</span> <span class='ocrx_word' id='word_1_109' title='bbox 1884 1582 2014 1638; x_wconf 82' lang='grc' dir='ltr'>εἰσιν</span> 
     </span>
    </p>
   </div>
   <div class='ocr_carea' id='block_1_17' title="bbox 362 1666 2016 1748">
    <p class='ocr_par' dir='ltr' id='par_1_17' title="bbox 362 1666 2016 1748">
     <span class='ocr_line' id='line_1_17' title="bbox 362 1666 2016 1748; baseline 0.002 -24"><span class='ocrx_word' id='word_1_110' title='bbox 362 1669 550 1746; x_wconf 82' lang='grc' dir='ltr'>ἀρχαὶ,</span> <span class='ocrx_word' id='word_1_111' title='bbox 580 1670 649 1725; x_wconf 78' lang='grc' dir='ltr'>τὰ</span> <span class='ocrx_word' id='word_1_112' title='bbox 696 1666 755 1725; x_wconf 77' lang='grc' dir='ltr'>δὲ</span> <span class='ocrx_word' id='word_1_113' title='bbox 802 1675 1050 1745; x_wconf 87' lang='grc' dir='ltr'>στοιχεῖα</span> <span class='ocrx_word' id='word_1_114' title='bbox 1101 1671 1312 1734; x_wconf 84' lang='grc' dir='ltr'>πάντως</span> <span class='ocrx_word' id='word_1_115' title='bbox 1363 1672 1623 1748; x_wconf 83' lang='grc' dir='ltr'>ὁμογενῆ.</span> <span class='ocrx_word' id='word_1_116' title='bbox 1657 1672 1750 1727; x_wconf 89' lang='grc' dir='ltr'>Διὸ</span> <span class='ocrx_word' id='word_1_117' title='bbox 1788 1674 1887 1740; x_wconf 78' lang='grc' dir='ltr'>τὴν</span> <span class='ocrx_word' id='word_1_118' title='bbox 1921 1673 2016 1745; x_wconf 83' lang='grc' dir='ltr'>μὲν</span> 
     </span>
    </p>
   </div>
   <div class='ocr_carea' id='block_1_18' title="bbox 364 1757 2018 1837">
    <p class='ocr_par' dir='ltr' id='par_1_18' title="bbox 364 1757 2018 1837">
     <span class='ocr_line' id='line_1_18' title="bbox 364 1757 2018 1837; baseline 0.001 -24"><span class='ocrx_word' id='word_1_119' title='bbox 364 1757 544 1826; x_wconf 81' lang='grc' dir='ltr'>ἁπλῆν</span> <span class='ocrx_word' id='word_1_120' title='bbox 581 1757 869 1829; x_wconf 90' lang='grc' dir='ltr'>ποιότητα,</span> <span class='ocrx_word' id='word_1_121' title='bbox 924 1759 1036 1813; x_wconf 78' lang='grc' dir='ltr'>οἷον</span> <span class='ocrx_word' id='word_1_122' title='bbox 1079 1761 1179 1828; x_wconf 79' lang='grc' dir='ltr'>τὴν</span> <span class='ocrx_word' id='word_1_123' title='bbox 1239 1760 1550 1836; x_wconf 83' lang='grc' dir='ltr'>θερμότητα</span> <span class='ocrx_word' id='word_1_124' title='bbox 1607 1762 1641 1829; x_wconf 78' lang='grc' dir='ltr'><strong>ἢ</strong></span> <span class='ocrx_word' id='word_1_125' title='bbox 1695 1762 1794 1830; x_wconf 78' lang='grc' dir='ltr'>τὴν</span> <span class='ocrx_word' id='word_1_126' title='bbox 1857 1760 2018 1837; x_wconf 85' lang='grc' dir='ltr'>ξηρό-</span> 
     </span>
    </p>
   </div>
   <div class='ocr_carea' id='block_1_19' title="bbox 2113 609 3764 693">
    <p class='ocr_par' dir='ltr' id='par_1_19' title="bbox 2113 609 3764 693">
     <span class='ocr_line' id='line_1_19' title="bbox 2113 609 3764 693; baseline 0.009 -29"><span class='ocrx_word' id='word_1_127' title='bbox 2113 609 2268 679; x_wconf 87' lang='lat' dir='ltr'>alia),</span> <span class='ocrx_word' id='word_1_128' title='bbox 2322 620 2624 684; x_wconf 78' lang='lat' dir='ltr'>propterea</span> <span class='ocrx_word' id='word_1_129' title='bbox 2681 616 2856 669; x_wconf 87' lang='lat' dir='ltr'>etiam</span> <span class='ocrx_word' id='word_1_130' title='bbox 2917 617 3374 689; x_wconf 79' lang='lat' dir='ltr'>compositorum</span> <span class='ocrx_word' id='word_1_131' title='bbox 3433 624 3656 693; x_wconf 85' lang='lat' dir='ltr'>species</span> <span class='ocrx_word' id='word_1_132' title='bbox 3705 626 3764 678; x_wconf 87' lang='lat' dir='ltr'>et</span> 
     </span>
    </p>
   </div>
   <div class='ocr_carea' id='block_1_20' title="bbox 2114 697 3763 777">
    <p class='ocr_par' dir='ltr' id='par_1_20' title="bbox 2114 697 3763 777">
     <span class='ocr_line' id='line_1_20' title="bbox 2114 697 3763 777; baseline 0.009 -25"><span class='ocrx_word' id='word_1_133' title='bbox 2114 697 2311 770; x_wconf 84' lang='lat' dir='ltr'>plures</span> <span class='ocrx_word' id='word_1_134' title='bbox 2342 707 2483 756; x_wconf 91' lang='lat' dir='ltr'>sunt</span> <span class='ocrx_word' id='word_1_135' title='bbox 2512 708 2686 773; x_wconf 80' lang='lat' dir='ltr'>atque</span> <span class='ocrx_word' id='word_1_136' title='bbox 2710 704 3095 760; x_wconf 80' lang='lat' dir='ltr'>diﬁ‘erentesa</span> <span class='ocrx_word' id='word_1_137' title='bbox 3125 723 3186 761; x_wconf 90' lang='lat' dir='ltr'>se</span> <span class='ocrx_word' id='word_1_138' title='bbox 3214 707 3482 777; x_wconf 86' lang='lat' dir='ltr'>invicem,</span> <span class='ocrx_word' id='word_1_139' title='bbox 3519 711 3763 768; x_wconf 83' lang='lat' dir='ltr'>diversis</span> 
     </span>
    </p>
   </div>
   <div class='ocr_carea' id='block_1_21' title="bbox 2115 791 3760 872">
    <p class='ocr_par' dir='ltr' id='par_1_21' title="bbox 2115 791 3760 872">
     <span class='ocr_line' id='line_1_21' title="bbox 2115 791 3760 872; baseline 0.009 -31"><span class='ocrx_word' id='word_1_140' title='bbox 2115 803 2248 842; x_wconf 90' lang='lat' dir='ltr'>cum</span> <span class='ocrx_word' id='word_1_141' title='bbox 2282 791 2773 848; x_wconf 87' lang='lat' dir='ltr'>substantialibus</span> <span class='ocrx_word' id='word_1_142' title='bbox 2796 799 2920 848; x_wconf 89' lang='lat' dir='ltr'>tum</span> <span class='ocrx_word' id='word_1_143' title='bbox 2953 795 3344 859; x_wconf 78' lang='lat' dir='ltr'>substantiam</span> <span class='ocrx_word' id='word_1_144' title='bbox 3398 815 3760 872; x_wconf 88' lang='lat' dir='ltr'>consequen-</span> 
     </span>
    </p>
   </div>
   <div class='ocr_carea' id='block_1_22' title="bbox 2116 877 3762 956">
    <p class='ocr_par' dir='ltr' id='par_1_22' title="bbox 2116 877 3762 956">
     <span class='ocr_line' id='line_1_22' title="bbox 2116 877 3762 956; baseline 0.009 -26"><span class='ocrx_word' id='word_1_145' title='bbox 2116 877 2277 932; x_wconf 83' lang='lat' dir='ltr'>tibus</span> <span class='ocrx_word' id='word_1_146' title='bbox 2335 881 2584 949; x_wconf 67' lang='lat' dir='ltr'>praeditae</span> <span class='ocrx_word' id='word_1_147' title='bbox 2645 882 3076 952; x_wconf 75' lang='lat' dir='ltr'>qualitatibus;</span> <span class='ocrx_word' id='word_1_148' title='bbox 3139 900 3240 953; x_wconf 94' lang='lat' dir='ltr'>pro</span> <span class='ocrx_word' id='word_1_149' title='bbox 3314 885 3762 956; x_wconf 80' lang='lat' dir='ltr'>elementorum,</span> 
     </span>
    </p>
   </div>
   <div class='ocr_carea' id='block_1_23' title="bbox 2117 963 3768 1041">
    <p class='ocr_par' dir='ltr' id='par_1_23' title="bbox 2117 963 3768 1041">
     <span class='ocr_line' id='line_1_23' title="bbox 2117 963 3768 1041; baseline 0.01 -23"><span class='ocrx_word' id='word_1_150' title='bbox 2117 963 2292 1036; x_wconf 88' lang='lat' dir='ltr'>ignis,</span> <span class='ocrx_word' id='word_1_151' title='bbox 2328 969 2498 1037; x_wconf 90' lang='lat' dir='ltr'>aeris,</span> <span class='ocrx_word' id='word_1_152' title='bbox 2533 987 2698 1041; x_wconf 76' lang='lat' dir='ltr'>aquae</span> <span class='ocrx_word' id='word_1_153' title='bbox 2730 976 2786 1026; x_wconf 91' lang='lat' dir='ltr'>et</span> <span class='ocrx_word' id='word_1_154' title='bbox 2816 977 2979 1026; x_wconf 83' lang='lat' dir='ltr'>terrae</span> <span class='ocrx_word' id='word_1_155' title='bbox 3024 972 3316 1028; x_wconf 90' lang='lat' dir='ltr'>mistionis</span> <span class='ocrx_word' id='word_1_156' title='bbox 3374 974 3768 1034; x_wconf 88' lang='lat' dir='ltr'>alterationis-</span> 
     </span>
    </p>
   </div>
   <div class='ocr_carea' id='block_1_24' title="bbox 2119 1057 2503 1123">
    <p class='ocr_par' dir='ltr' id='par_1_24' title="bbox 2119 1057 2503 1123">
     <span class='ocr_line' id='line_1_24' title="bbox 2119 1057 2503 1123; baseline 0.016 -17"><span class='ocrx_word' id='word_1_157' title='bbox 2119 1070 2231 1123; x_wconf 87' lang='lat' dir='ltr'>que</span> <span class='ocrx_word' id='word_1_158' title='bbox 2260 1057 2503 1112; x_wconf 84' lang='lat' dir='ltr'>ratione.</span> 
     </span>
    </p>
   </div>
   <div class='ocr_carea' id='block_1_25' title="bbox 2190 1145 3782 1228">
    <p class='ocr_par' dir='ltr' id='par_1_25' title="bbox 2190 1145 3782 1228">
     <span class='ocr_line' id='line_1_25' title="bbox 2190 1145 3782 1228; baseline 0.009 -31"><span class='ocrx_word' id='word_1_159' title='bbox 2190 1145 2280 1198; x_wconf 88' lang='lat'>57.</span> <span class='ocrx_word' id='word_1_160' title='bbox 2315 1145 2448 1200; x_wconf 90' lang='lat' dir='ltr'>Sola</span> <span class='ocrx_word' id='word_1_161' title='bbox 2481 1147 2636 1201; x_wconf 89' lang='lat' dir='ltr'>enim</span> <span class='ocrx_word' id='word_1_162' title='bbox 2685 1148 2804 1203; x_wconf 74' lang='lat' dir='ltr'>haec</span> <span class='ocrx_word' id='word_1_163' title='bbox 2839 1148 3073 1218; x_wconf 86' lang='lat' dir='ltr'>plurimi</span> <span class='ocrx_word' id='word_1_164' title='bbox 3119 1168 3187 1206; x_wconf 90' lang='lat' dir='ltr'>ex</span> <span class='ocrx_word' id='word_1_165' title='bbox 3250 1151 3507 1224; x_wconf 86' lang='lat' dir='ltr'>physicis</span> <span class='ocrx_word' id='word_1_166' title='bbox 3566 1170 3782 1228; x_wconf 88' lang='lat' dir='ltr'>corpo-</span> 
     </span>
    </p>
   </div>
   <div class='ocr_carea' id='block_1_26' title="bbox 2123 1234 3782 1310">
    <p class='ocr_par' dir='ltr' id='par_1_26' title="bbox 2123 1234 3782 1310">
     <span class='ocr_line' id='line_1_26' title="bbox 2123 1234 3782 1310; baseline 0.01 -27"><span class='ocrx_word' id='word_1_167' title='bbox 2123 1247 2252 1285; x_wconf 89' lang='lat' dir='ltr'>rum</span> <span class='ocrx_word' id='word_1_168' title='bbox 2276 1234 2561 1288; x_wconf 88' lang='lat' dir='ltr'>elementa</span> <span class='ocrx_word' id='word_1_169' title='bbox 2579 1253 2781 1290; x_wconf 89' lang='lat' dir='ltr'>vocare</span> <span class='ocrx_word' id='word_1_170' title='bbox 2803 1237 3123 1307; x_wconf 71' lang='lat' dir='ltr'>dignantur</span> <span class='ocrx_word' id='word_1_171' title='bbox 3150 1282 3162 1305; x_wconf 89' lang='lat'>,</span> <span class='ocrx_word' id='word_1_172' title='bbox 3185 1257 3433 1310; x_wconf 89' lang='lat' dir='ltr'>quorum</span> <span class='ocrx_word' id='word_1_173' title='bbox 3455 1258 3483 1296; x_wconf 88' lang='lat' dir='ltr'>e</span> <span class='ocrx_word' id='word_1_174' title='bbox 3537 1260 3782 1300; x_wconf 88' lang='lat' dir='ltr'>numero</span> 
     </span>
    </p>
   </div>
   <div class='ocr_carea' id='block_1_27' title="bbox 2126 1315 3781 1392">
    <p class='ocr_par' dir='ltr' id='par_1_27' title="bbox 2126 1315 3781 1392">
     <span class='ocr_line' id='line_1_27' title="bbox 2126 1315 3781 1392; baseline 0.01 -29"><span class='ocrx_word' id='word_1_175' title='bbox 2126 1326 2350 1382; x_wconf 62' lang='lat' dir='ltr'>magnae</span> <span class='ocrx_word' id='word_1_176' title='bbox 2395 1315 2547 1368; x_wconf 90' lang='lat' dir='ltr'>inter</span> <span class='ocrx_word' id='word_1_177' title='bbox 2607 1316 2867 1370; x_wconf 87' lang='lat' dir='ltr'>medicos</span> <span class='ocrx_word' id='word_1_178' title='bbox 2919 1320 3283 1374; x_wconf 87' lang='lat' dir='ltr'>auctoritatis</span> <span class='ocrx_word' id='word_1_179' title='bbox 3337 1320 3594 1376; x_wconf 89' lang='lat' dir='ltr'>Galenus</span> <span class='ocrx_word' id='word_1_180' title='bbox 3645 1329 3781 1392; x_wconf 89' lang='lat' dir='ltr'>est;</span> 
     </span>
    </p>
   </div>
   <div class='ocr_carea' id='block_1_28' title="bbox 2127 1402 3786 1483">
    <p class='ocr_par' dir='ltr' id='par_1_28' title="bbox 2127 1402 3786 1483">
     <span class='ocr_line' id='line_1_28' title="bbox 2127 1402 3786 1483; baseline 0.007 -28"><span class='ocrx_word' id='word_1_181' title='bbox 2127 1402 2433 1455; x_wconf 81' lang='lat' dir='ltr'>materiam</span> <span class='ocrx_word' id='word_1_182' title='bbox 2471 1409 2665 1458; x_wconf 89' lang='lat' dir='ltr'>autem</span> <span class='ocrx_word' id='word_1_183' title='bbox 2701 1409 2756 1458; x_wconf 89' lang='lat' dir='ltr'>et</span> <span class='ocrx_word' id='word_1_184' title='bbox 2787 1405 3129 1475; x_wconf 76' lang='lat' dir='ltr'>qualitatem</span> <span class='ocrx_word' id='word_1_185' title='bbox 3165 1408 3284 1463; x_wconf 85' lang='lat' dir='ltr'>sive</span> <span class='ocrx_word' id='word_1_186' title='bbox 3317 1411 3590 1475; x_wconf 80' lang='lat' dir='ltr'>formam,</span> <span class='ocrx_word' id='word_1_187' title='bbox 3624 1413 3786 1483; x_wconf 91' lang='lat' dir='ltr'>prin-</span> 
     </span>
    </p>
   </div>
   <div class='ocr_carea' id='block_1_29' title="bbox 2128 1490 3789 1570">
    <p class='ocr_par' dir='ltr' id='par_1_29' title="bbox 2128 1490 3789 1570">
     <span class='ocr_line' id='line_1_29' title="bbox 2128 1490 3789 1570; baseline 0.006 -24"><span class='ocrx_word' id='word_1_188' title='bbox 2128 1490 2278 1562; x_wconf 90' lang='lat' dir='ltr'>cipia</span> <span class='ocrx_word' id='word_1_189' title='bbox 2309 1491 3025 1561; x_wconf 74' lang='lat' dir='ltr'>duntaxat,differentiam</span> <span class='ocrx_word' id='word_1_190' title='bbox 3071 1495 3224 1549; x_wconf 90' lang='lat' dir='ltr'>inter</span> <span class='ocrx_word' id='word_1_191' title='bbox 3280 1499 3571 1570; x_wconf 89' lang='lat' dir='ltr'>principia</span> <span class='ocrx_word' id='word_1_192' title='bbox 3632 1502 3789 1556; x_wconf 73' lang='lat' dir='ltr'>I40</span> 
     </span>
    </p>
   </div>
   <div class='ocr_carea' id='block_1_30' title="bbox 2129 1579 3782 1658">
    <p class='ocr_par' dir='ltr' id='par_1_30' title="bbox 2129 1579 3782 1658">
     <span class='ocr_line' id='line_1_30' title="bbox 2129 1579 3782 1658; baseline 0.005 -22"><span class='ocrx_word' id='word_1_193' title='bbox 2129 1584 2186 1636; x_wconf 91' lang='lat' dir='ltr'>et</span> <span class='ocrx_word' id='word_1_194' title='bbox 2214 1579 2504 1635; x_wconf 88' lang='lat' dir='ltr'>elementa</span> <span class='ocrx_word' id='word_1_195' title='bbox 2535 1582 2974 1648; x_wconf 84' lang='lat' dir='ltr'>constituentes,</span> <span class='ocrx_word' id='word_1_196' title='bbox 3010 1583 3162 1653; x_wconf 89' lang='lat' dir='ltr'>quod</span> <span class='ocrx_word' id='word_1_197' title='bbox 3199 1584 3488 1656; x_wconf 89' lang='lat' dir='ltr'>principia</span> <span class='ocrx_word' id='word_1_198' title='bbox 3517 1588 3782 1658; x_wconf 86' lang='lat' dir='ltr'>ejusdem</span> 
     </span>
    </p>
   </div>
   <div class='ocr_carea' id='block_1_31' title="bbox 2130 1669 3786 1746">
    <p class='ocr_par' dir='ltr' id='par_1_31' title="bbox 2130 1669 3786 1746">
     <span class='ocr_line' id='line_1_31' title="bbox 2130 1669 3786 1746; baseline 0.005 -20"><span class='ocrx_word' id='word_1_199' title='bbox 2130 1686 2264 1726; x_wconf 91' lang='lat' dir='ltr'>cum</span> <span class='ocrx_word' id='word_1_200' title='bbox 2301 1669 2392 1724; x_wconf 91' lang='lat' dir='ltr'>his</span> <span class='ocrx_word' id='word_1_201' title='bbox 2427 1670 2602 1724; x_wconf 86' lang='lat' dir='ltr'>rebus</span> <span class='ocrx_word' id='word_1_202' title='bbox 2634 1687 2882 1740; x_wconf 87' lang='lat' dir='ltr'>quarum</span> <span class='ocrx_word' id='word_1_203' title='bbox 2915 1675 3054 1725; x_wconf 88' lang='lat' dir='ltr'>sunt</span> <span class='ocrx_word' id='word_1_204' title='bbox 3083 1672 3370 1744; x_wconf 89' lang='lat' dir='ltr'>principia</span> <span class='ocrx_word' id='word_1_205' title='bbox 3393 1676 3626 1746; x_wconf 86' lang='lat' dir='ltr'>generis</span> <span class='ocrx_word' id='word_1_206' title='bbox 3655 1693 3786 1736; x_wconf 86' lang='lat' dir='ltr'>esse</span> 
     </span>
    </p>
   </div>
   <div class='ocr_carea' id='block_1_32' title="bbox 2133 1758 3784 1832">
    <p class='ocr_par' dir='ltr' id='par_1_32' title="bbox 2133 1758 3784 1832">
     <span class='ocr_line' id='line_1_32' title="bbox 2133 1758 3784 1832; baseline 0.005 -19"><span class='ocrx_word' id='word_1_207' title='bbox 2133 1758 2378 1814; x_wconf 90' lang='lat' dir='ltr'>minime</span> <span class='ocrx_word' id='word_1_208' title='bbox 2408 1773 2645 1813; x_wconf 88' lang='lat' dir='ltr'>necesse</span> <span class='ocrx_word' id='word_1_209' title='bbox 2675 1759 2790 1825; x_wconf 91' lang='lat' dir='ltr'>sit;</span> <span class='ocrx_word' id='word_1_210' title='bbox 2823 1775 2956 1813; x_wconf 90' lang='lat' dir='ltr'>cum</span> <span class='ocrx_word' id='word_1_211' title='bbox 3008 1759 3297 1816; x_wconf 89' lang='lat' dir='ltr'>elementa</span> <span class='ocrx_word' id='word_1_212' title='bbox 3352 1763 3618 1832; x_wconf 77' lang='lat' dir='ltr'>ejusdem</span> <span class='ocrx_word' id='word_1_213' title='bbox 3657 1783 3784 1821; x_wconf 89' lang='lat' dir='ltr'>om-</span> 
     </span>
    </p>
   </div>
   <div class='ocr_carea' id='block_1_33' title="bbox 360 1846 2025 1956">
    <p class='ocr_par' dir='ltr' id='par_1_33' title="bbox 360 1847 2018 1926">
     <span class='ocr_line' id='line_1_33' title="bbox 360 1847 2018 1926; baseline 0.001 -24"><span class='ocrx_word' id='word_1_214' title='bbox 360 1868 520 1918; x_wconf 86' lang='grc' dir='ltr'>τητα,</span> <span class='ocrx_word' id='word_1_215' title='bbox 552 1847 587 1915; x_wconf 76' lang='grc' dir='ltr'>ἣ</span> <span class='ocrx_word' id='word_1_216' title='bbox 631 1848 731 1916; x_wconf 75' lang='grc' dir='ltr'>τὴν</span> <span class='ocrx_word' id='word_1_217' title='bbox 779 1847 1122 1924; x_wconf 81' lang='grc' dir='ltr'>ψυχρότητα,</span> <span class='ocrx_word' id='word_1_218' title='bbox 1174 1849 1208 1918; x_wconf 80' lang='grc' dir='ltr'>ἣ</span> <span class='ocrx_word' id='word_1_219' title='bbox 1252 1850 1351 1918; x_wconf 77' lang='grc' dir='ltr'>τήν</span> <span class='ocrx_word' id='word_1_220' title='bbox 1400 1849 1697 1924; x_wconf 83' lang='grc' dir='ltr'>ὑγρότητα,</span> <span class='ocrx_word' id='word_1_221' title='bbox 1747 1849 2018 1926; x_wconf 85' lang='grc' dir='ltr'>στοιχεῖόν</span> 
     </span>
    </p>
   </div>
   <div class='ocr_carea' id='block_1_34' title="bbox 2143 1846 3788 1956">
    <p class='ocr_par' dir='ltr' id='par_1_34' title="bbox 2143 1846 3788 1956">
     <span class='ocr_line' id='line_1_34' title="bbox 2143 1846 3788 1922; baseline 0.005 -21"><span class='ocrx_word' id='word_1_222' title='bbox 2143 1847 2269 1902; x_wconf 89' lang='lat' dir='ltr'>nino</span> <span class='ocrx_word' id='word_1_223' title='bbox 2295 1849 2414 1902; x_wconf 90' lang='lat' dir='ltr'>sint</span> <span class='ocrx_word' id='word_1_224' title='bbox 2435 1846 2688 1918; x_wconf 87' lang='lat' dir='ltr'>generis.</span> <span class='ocrx_word' id='word_1_225' title='bbox 2723 1849 2846 1912; x_wconf 89' lang='lat' dir='ltr'>Qua</span> <span class='ocrx_word' id='word_1_226' title='bbox 2893 1848 2964 1902; x_wconf 93' lang='lat' dir='ltr'>de</span> <span class='ocrx_word' id='word_1_227' title='bbox 3022 1865 3200 1904; x_wconf 90' lang='lat' dir='ltr'>causa</span> <span class='ocrx_word' id='word_1_228' title='bbox 3254 1851 3599 1922; x_wconf 88' lang='lat' dir='ltr'>qualitatem</span> <span class='ocrx_word' id='word_1_229' title='bbox 3649 1856 3788 1911; x_wconf 88' lang='lat' dir='ltr'>sim-</span> 
     </span>
     <span class='ocr_line' id='line_1_35' title="bbox 2143 1934 3659 1956; baseline 0 0"><span class='ocrx_word' id='word_1_230' title='bbox 2143 1935 2337 1956; x_wconf 65' lang='lat' dir='ltr'>_I2_-_-</span> <span class='ocrx_word' id='word_1_231' title='bbox 2394 1934 2548 1956; x_wconf 44' lang='grc' dir='ltr'>---μυ-ε</span> <span class='ocrx_word' id='word_1_232' title='bbox 2606 1936 2779 1956; x_wconf 25' lang='grc' dir='ltr'>..ς-ιῖ-</span> <span class='ocrx_word' id='word_1_233' title='bbox 2870 1936 3146 1956; x_wconf 52' lang='lat' dir='ltr'>-,I!J!n,n,</span> <span class='ocrx_word' id='word_1_234' title='bbox 3180 1955 3189 1956; x_wconf 32' lang='grc' dir='ltr'><em>κ</em></span> <span class='ocrx_word' id='word_1_235' title='bbox 3360 1945 3368 1956; x_wconf 85' lang='grc' dir='ltr'>ι</span> <span class='ocrx_word' id='word_1_236' title='bbox 3473 1941 3484 1953; x_wconf 77' lang='grc' dir='ltr'>ο</span> <span class='ocrx_word' id='word_1_237' title='bbox 3550 1942 3596 1956; x_wconf 75' lang='grc' dir='ltr'>,οι</span> <span class='ocrx_word' id='word_1_238' title='bbox 3650 1949 3659 1956; x_wconf 89' lang='grc'>.</span> 
     </span>
    </p>
   </div>
   <div class='ocr_carea' id='block_1_35' title="bbox 365 1936 2018 2014">
    <p class='ocr_par' dir='ltr' id='par_1_35' title="bbox 365 1936 2018 2014">
     <span class='ocr_line' id='line_1_36' title="bbox 365 1936 2018 2014; baseline 0.002 -24"><span class='ocrx_word' id='word_1_239' title='bbox 365 1957 494 2014; x_wconf 80' lang='grc' dir='ltr'>φασι</span> <span class='ocrx_word' id='word_1_240' title='bbox 522 1943 623 2006; x_wconf 87' lang='grc' dir='ltr'>τῆς</span> <span class='ocrx_word' id='word_1_241' title='bbox 652 1937 907 2001; x_wconf 73' lang='grc' dir='ltr'>συνθέτου</span> <span class='ocrx_word' id='word_1_242' title='bbox 955 1936 1252 2008; x_wconf 86' lang='grc' dir='ltr'>ποιότητος</span> <span class='ocrx_word' id='word_1_243' title='bbox 1303 1945 1404 2008; x_wconf 81' lang='grc' dir='ltr'>τῆς</span> <span class='ocrx_word' id='word_1_244' title='bbox 1436 1938 1772 2014; x_wconf 86' lang='grc' dir='ltr'>θερμότητος</span> <span class='ocrx_word' id='word_1_245' title='bbox 1808 1940 1921 2012; x_wconf 83' lang='grc' dir='ltr'>ἅμα</span> <span class='ocrx_word' id='word_1_246' title='bbox 1951 1937 2018 2008; x_wconf 79' lang='grc' dir='ltr'>δὴ</span> 
     </span>
    </p>
   </div>
   <div class='ocr_carea' id='block_1_36' title="bbox 363 2025 2019 2104">
    <p class='ocr_par' dir='ltr' id='par_1_36' title="bbox 363 2025 2019 2104">
     <span class='ocr_line' id='line_1_37' title="bbox 363 2025 2019 2104; baseline 0.001 -24"><span class='ocrx_word' id='word_1_247' title='bbox 363 2025 452 2080; x_wconf 85' lang='grc' dir='ltr'>καὶ</span> <span class='ocrx_word' id='word_1_248' title='bbox 496 2025 820 2101; x_wconf 83' lang='grc' dir='ltr'>ξηρότητος,</span> <span class='ocrx_word' id='word_1_249' title='bbox 878 2025 968 2080; x_wconf 78' lang='grc' dir='ltr'>καὶ</span> <span class='ocrx_word' id='word_1_250' title='bbox 1020 2025 1185 2082; x_wconf 89' lang='grc' dir='ltr'>πάλιν</span> <span class='ocrx_word' id='word_1_251' title='bbox 1238 2033 1338 2097; x_wconf 80' lang='grc' dir='ltr'>τῆς</span> <span class='ocrx_word' id='word_1_252' title='bbox 1389 2027 1739 2104; x_wconf 82' lang='grc' dir='ltr'>ψυχρότητος</span> <span class='ocrx_word' id='word_1_253' title='bbox 1791 2030 1904 2102; x_wconf 81' lang='grc' dir='ltr'>ἅμα</span> <span class='ocrx_word' id='word_1_254' title='bbox 1953 2026 2019 2098; x_wconf 76' lang='grc' dir='ltr'>δὴ</span> 
     </span>
    </p>
   </div>
   <div class='ocr_carea' id='block_1_37' title="bbox 362 2111 2022 2190">
    <p class='ocr_par' dir='ltr' id='par_1_37' title="bbox 362 2111 2022 2190">
     <span class='ocr_line' id='line_1_38' title="bbox 362 2111 2022 2190; baseline 0.002 -22"><span class='ocrx_word' id='word_1_255' title='bbox 362 2113 451 2169; x_wconf 84' lang='grc' dir='ltr'>καὶ</span> <span class='ocrx_word' id='word_1_256' title='bbox 513 2114 833 2190; x_wconf 84' lang='grc' dir='ltr'>ὑγρότητος·</span> <span class='ocrx_word' id='word_1_257' title='bbox 899 2115 959 2169; x_wconf 86' lang='grc' dir='ltr'>τὸ</span> <span class='ocrx_word' id='word_1_258' title='bbox 1016 2111 1063 2170; x_wconf 88' lang='grc' dir='ltr'>δ’</span> <span class='ocrx_word' id='word_1_259' title='bbox 1111 2113 1318 2170; x_wconf 85' lang='grc' dir='ltr'>ἁπλοῦν</span> <span class='ocrx_word' id='word_1_260' title='bbox 1379 2121 1539 2190; x_wconf 88' lang='grc' dir='ltr'>σῶμα</span> <span class='ocrx_word' id='word_1_261' title='bbox 1586 2117 1840 2190; x_wconf 86' lang='grc' dir='ltr'>σώματος</span> <span class='ocrx_word' id='word_1_262' title='bbox 1876 2138 2022 2172; x_wconf 91' lang='grc' dir='ltr'>στοι-</span> 
     </span>
    </p>
   </div>
   <div class='ocr_carea' id='block_1_38' title="bbox 364 2201 2026 2282">
    <p class='ocr_par' dir='ltr' id='par_1_38' title="bbox 364 2201 2026 2282">
     <span class='ocr_line' id='line_1_39' title="bbox 364 2201 2026 2282; baseline 0.003 -26"><span class='ocrx_word' id='word_1_263' title='bbox 364 2207 516 2278; x_wconf 77' lang='grc' dir='ltr'>χεῖον</span> <span class='ocrx_word' id='word_1_264' title='bbox 547 2207 644 2257; x_wconf 85' lang='grc' dir='ltr'>τοῦ</span> <span class='ocrx_word' id='word_1_265' title='bbox 690 2204 764 2274; x_wconf 75' lang='grc' dir='ltr'>μὴ</span> <span class='ocrx_word' id='word_1_266' title='bbox 818 2201 1019 2272; x_wconf 80' lang='grc' dir='ltr'>ἁπλοῦ,</span> <span class='ocrx_word' id='word_1_267' title='bbox 1073 2205 1188 2258; x_wconf 79' lang='grc' dir='ltr'>οἷον</span> <span class='ocrx_word' id='word_1_268' title='bbox 1234 2204 1297 2258; x_wconf 84' lang='grc' dir='ltr'>τὸ</span> <span class='ocrx_word' id='word_1_269' title='bbox 1349 2209 1456 2282; x_wconf 89' lang='grc' dir='ltr'>πῦρ</span> <span class='ocrx_word' id='word_1_270' title='bbox 1507 2207 1541 2275; x_wconf 76' lang='grc' dir='ltr'><strong>ἢ</strong></span> <span class='ocrx_word' id='word_1_271' title='bbox 1590 2206 1679 2261; x_wconf 87' lang='grc' dir='ltr'>τὸν</span> <span class='ocrx_word' id='word_1_272' title='bbox 1733 2205 1925 2282; x_wconf 76' lang='grc' dir='ltr'>άέραῆ</span> <span class='ocrx_word' id='word_1_273' title='bbox 1965 2207 2026 2261; x_wconf 87' lang='grc' dir='ltr'>τὸ</span> 
     </span>
    </p>
   </div>
   <div class='ocr_carea' id='block_1_39' title="bbox 366 2289 2024 2368">
    <p class='ocr_par' dir='ltr' id='par_1_39' title="bbox 366 2289 2024 2368">
     <span class='ocr_line' id='line_1_40' title="bbox 366 2289 2024 2368; baseline 0.001 -22"><span class='ocrx_word' id='word_1_274' title='bbox 366 2289 512 2368; x_wconf 79' lang='grc' dir='ltr'>ὕδωρ</span> <span class='ocrx_word' id='word_1_275' title='bbox 571 2292 607 2360; x_wconf 71' lang='grc' dir='ltr'><strong>ἢ</strong></span> <span class='ocrx_word' id='word_1_276' title='bbox 691 2293 788 2361; x_wconf 82' lang='grc' dir='ltr'>τὴν</span> <span class='ocrx_word' id='word_1_277' title='bbox 861 2298 964 2367; x_wconf 81' lang='grc' dir='ltr'>γῆν</span> <span class='ocrx_word' id='word_1_278' title='bbox 1001 2339 1017 2364; x_wconf 77' lang='grc'>,</span> <span class='ocrx_word' id='word_1_279' title='bbox 1076 2298 1349 2368; x_wconf 84' lang='grc' dir='ltr'>στοιχεῖον</span> <span class='ocrx_word' id='word_1_280' title='bbox 1409 2295 1665 2368; x_wconf 88' lang='grc' dir='ltr'>σώματος</span> <span class='ocrx_word' id='word_1_281' title='bbox 1718 2299 1816 2348; x_wconf 86' lang='grc' dir='ltr'>τοῦ</span> <span class='ocrx_word' id='word_1_282' title='bbox 1876 2315 1968 2348; x_wconf 92' lang='grc' dir='ltr'>συν</span> <span class='ocrx_word' id='word_1_283' title='bbox 2003 2328 2024 2339; x_wconf 91' lang='grc'><strong><em>-</em></strong></span> 
     </span>
    </p>
   </div>
   <div class='ocr_carea' id='block_1_40' title="bbox 367 2378 2027 2459">
    <p class='ocr_par' dir='ltr' id='par_1_40' title="bbox 367 2378 2027 2459">
     <span class='ocr_line' id='line_1_41' title="bbox 367 2378 2027 2459; baseline 0.002 -25"><span class='ocrx_word' id='word_1_284' title='bbox 367 2381 542 2437; x_wconf 86' lang='grc' dir='ltr'>θέτου.</span> <span class='ocrx_word' id='word_1_285' title='bbox 578 2385 751 2454; x_wconf 85' lang='grc' dir='ltr'>Σῶμα</span> <span class='ocrx_word' id='word_1_286' title='bbox 798 2382 900 2458; x_wconf 79' lang='grc' dir='ltr'>γὰρ</span> <span class='ocrx_word' id='word_1_287' title='bbox 953 2378 1160 2436; x_wconf 83' lang='grc' dir='ltr'>ἁπλοῦν</span> <span class='ocrx_word' id='word_1_288' title='bbox 1214 2381 1320 2453; x_wconf 81' lang='grc' dir='ltr'>ὕλη</span> <span class='ocrx_word' id='word_1_289' title='bbox 1385 2383 1518 2457; x_wconf 81' lang='grc' dir='ltr'>μετᾶ</span> <span class='ocrx_word' id='word_1_290' title='bbox 1555 2382 1870 2452; x_wconf 88' lang='grc' dir='ltr'>ποιότητος·</span> <span class='ocrx_word' id='word_1_291' title='bbox 1908 2396 2027 2459; x_wconf 82' lang='grc' dir='ltr'>θερ-</span> 
     </span>
    </p>
   </div>
   <div class='ocr_carea' id='block_1_41' title="bbox 374 2469 2028 2547">
    <p class='ocr_par' dir='ltr' id='par_1_41' title="bbox 374 2469 2028 2547">
     <span class='ocr_line' id='line_1_42' title="bbox 374 2469 2028 2547; baseline 0.003 -24"><span class='ocrx_word' id='word_1_292' title='bbox 374 2469 610 2542; x_wconf 87' lang='grc' dir='ltr'>μότητος</span> <span class='ocrx_word' id='word_1_293' title='bbox 643 2470 810 2546; x_wconf 87' lang='grc' dir='ltr'>τυχὸν</span> <span class='ocrx_word' id='word_1_294' title='bbox 864 2471 900 2539; x_wconf 77' lang='grc' dir='ltr'><strong>ἢ</strong></span> <span class='ocrx_word' id='word_1_295' title='bbox 960 2469 1310 2546; x_wconf 78' lang='grc' dir='ltr'>ψυχρότητος</span> <span class='ocrx_word' id='word_1_296' title='bbox 1365 2472 1398 2542; x_wconf 67' lang='grc' dir='ltr'><strong>ἢ</strong></span> <span class='ocrx_word' id='word_1_297' title='bbox 1455 2470 1757 2547; x_wconf 80' lang='grc' dir='ltr'>ξηρότητος</span> <span class='ocrx_word' id='word_1_298' title='bbox 1801 2472 1835 2541; x_wconf 74' lang='grc' dir='ltr'><strong>ἢ</strong></span> <span class='ocrx_word' id='word_1_299' title='bbox 1871 2472 2028 2547; x_wconf 89' lang='grc' dir='ltr'>ὑγρό-</span> 
     </span>
    </p>
   </div>
   <div class='ocr_carea' id='block_1_42' title="bbox 370 2578 557 2628">
    <p class='ocr_par' dir='ltr' id='par_1_42' title="bbox 370 2578 557 2628">
     <span class='ocr_line' id='line_1_43' title="bbox 370 2578 557 2628; baseline 0.016 -15"><span class='ocrx_word' id='word_1_300' title='bbox 370 2578 557 2628; x_wconf 86' lang='grc' dir='ltr'>τητος.</span> 
     </span>
    </p>
   </div>
   <div class='ocr_carea' id='block_1_43' title="bbox 453 2825 2035 2904">
    <p class='ocr_par' dir='ltr' id='par_1_43' title="bbox 453 2825 2035 2904">
     <span class='ocr_line' id='line_1_44' title="bbox 453 2825 2035 2904; baseline 0.002 -24"><span class='ocrx_word' id='word_1_301' title='bbox 453 2827 538 2896; x_wconf 82' lang='grc' dir='ltr'>κη’</span> <span class='ocrx_word' id='word_1_302' title='bbox 572 2871 585 2884; x_wconf 92' lang='grc'>.</span> <span class='ocrx_word' id='word_1_303' title='bbox 661 2827 737 2880; x_wconf 81' lang='grc' dir='ltr'>Τὰ</span> <span class='ocrx_word' id='word_1_304' title='bbox 814 2825 908 2898; x_wconf 75' lang='grc' dir='ltr'>μὲν</span> <span class='ocrx_word' id='word_1_305' title='bbox 986 2825 1077 2880; x_wconf 81' lang='grc' dir='ltr'>οῦν</span> <span class='ocrx_word' id='word_1_306' title='bbox 1167 2825 1424 2902; x_wconf 77' lang='grc' dir='ltr'>εἰρημένα</span> <span class='ocrx_word' id='word_1_307' title='bbox 1490 2825 1719 2903; x_wconf 87' lang='grc' dir='ltr'>τέσσαρα</span> <span class='ocrx_word' id='word_1_308' title='bbox 1789 2833 2035 2904; x_wconf 79' lang='grc' dir='ltr'>στοιχεῖα</span> 
     </span>
    </p>
   </div>
   <div class='ocr_carea' id='block_1_44' title="bbox 379 2913 2031 2994">
    <p class='ocr_par' dir='ltr' id='par_1_44' title="bbox 379 2913 2031 2994">
     <span class='ocr_line' id='line_1_45' title="bbox 379 2913 2031 2994; baseline 0.001 -26"><span class='ocrx_word' id='word_1_309' title='bbox 379 2915 588 2989; x_wconf 81' lang='grc' dir='ltr'>καθαρὰ</span> <span class='ocrx_word' id='word_1_310' title='bbox 656 2913 746 2969; x_wconf 83' lang='grc' dir='ltr'>καὶ</span> <span class='ocrx_word' id='word_1_311' title='bbox 819 2913 1088 2991; x_wconf 75' lang='grc' dir='ltr'>εἰλικρινῆ</span> <span class='ocrx_word' id='word_1_312' title='bbox 1167 2919 1293 2978; x_wconf 89' lang='grc' dir='ltr'>νοῦς</span> <span class='ocrx_word' id='word_1_313' title='bbox 1354 2915 1518 2987; x_wconf 91' lang='grc' dir='ltr'>μόνος</span> <span class='ocrx_word' id='word_1_314' title='bbox 1571 2913 1683 2970; x_wconf 75' lang='grc' dir='ltr'>οἶδε</span> <span class='ocrx_word' id='word_1_315' title='bbox 1745 2913 2031 2994; x_wconf 88' lang='grc' dir='ltr'>διακρίνων</span> 
     </span>
    </p>
   </div>
   <div class='ocr_carea' id='block_1_45' title="bbox 381 3001 2033 3079">
    <p class='ocr_par' dir='ltr' id='par_1_45' title="bbox 381 3001 2033 3079">
     <span class='ocr_line' id='line_1_46' title="bbox 381 3001 2033 3079; baseline 0.003 -23"><span class='ocrx_word' id='word_1_316' title='bbox 381 3003 530 3078; x_wconf 80' lang='grc' dir='ltr'>ὁρᾷν.</span> <span class='ocrx_word' id='word_1_317' title='bbox 567 3001 704 3058; x_wconf 75' lang='grc' dir='ltr'>Οὐδὲ</span> <span class='ocrx_word' id='word_1_318' title='bbox 751 3005 855 3079; x_wconf 90' lang='grc' dir='ltr'>γάρ</span> <span class='ocrx_word' id='word_1_319' title='bbox 907 3003 1045 3058; x_wconf 80' lang='grc' dir='ltr'>ἐστιν</span> <span class='ocrx_word' id='word_1_320' title='bbox 1093 3002 1247 3059; x_wconf 75' lang='grc' dir='ltr'>οὐδὲν</span> <span class='ocrx_word' id='word_1_321' title='bbox 1290 3003 1465 3059; x_wconf 81' lang='grc' dir='ltr'>αὐτῶν</span> <span class='ocrx_word' id='word_1_322' title='bbox 1517 3005 1709 3079; x_wconf 73' lang='grc' dir='ltr'>ἀμιγὲς</span> <span class='ocrx_word' id='word_1_323' title='bbox 1754 3011 1862 3061; x_wconf 90' lang='grc' dir='ltr'>τῶν</span> <span class='ocrx_word' id='word_1_324' title='bbox 1911 3005 2033 3061; x_wconf 88' lang='grc' dir='ltr'>λοι-</span> 
     </span>
    </p>
   </div>
   <div class='ocr_carea' id='block_1_46' title="bbox 379 3089 2033 3170">
    <p class='ocr_par' dir='ltr' id='par_1_46' title="bbox 379 3089 2033 3170">
     <span class='ocr_line' id='line_1_47' title="bbox 379 3089 2033 3170; baseline 0.002 -24"><span class='ocrx_word' id='word_1_325' title='bbox 379 3095 496 3146; x_wconf 87' lang='grc' dir='ltr'>πῶν</span> <span class='ocrx_word' id='word_1_326' title='bbox 534 3113 546 3126; x_wconf 75' lang='grc' dir='ltr'><strong><em>ο</em></strong></span> <span class='ocrx_word' id='word_1_327' title='bbox 607 3089 763 3147; x_wconf 84' lang='grc' dir='ltr'>διότι</span> <span class='ocrx_word' id='word_1_328' title='bbox 835 3093 1009 3147; x_wconf 84' lang='grc' dir='ltr'>πάντα</span> <span class='ocrx_word' id='word_1_329' title='bbox 1061 3093 1363 3148; x_wconf 88' lang='grc' dir='ltr'>νενόθευται</span> <span class='ocrx_word' id='word_1_330' title='bbox 1438 3099 1554 3155; x_wconf 87' lang='grc' dir='ltr'>τοῖς</span> <span class='ocrx_word' id='word_1_331' title='bbox 1629 3095 2033 3170; x_wconf 75' lang='grc' dir='ltr'>ἑτερογενέσιν,</span> 
     </span>
    </p>
   </div>
   <div class='ocr_carea' id='block_1_47' title="bbox 380 3177 2032 3256">
    <p class='ocr_par' dir='ltr' id='par_1_47' title="bbox 380 3177 2032 3256">
     <span class='ocr_line' id='line_1_48' title="bbox 380 3177 2032 3256; baseline 0.003 -22"><span class='ocrx_word' id='word_1_332' title='bbox 380 3177 552 3234; x_wconf 75' lang='grc' dir='ltr'>ε’ίτουν</span> <span class='ocrx_word' id='word_1_333' title='bbox 613 3177 932 3256; x_wconf 79' lang='grc' dir='ltr'>ἑτεροειδέσι</span> <span class='ocrx_word' id='word_1_334' title='bbox 986 3180 1077 3236; x_wconf 78' lang='grc' dir='ltr'>καί</span> <span class='ocrx_word' id='word_1_335' title='bbox 1137 3182 1521 3255; x_wconf 74' lang='grc' dir='ltr'>ἀναμέμικται,</span> <span class='ocrx_word' id='word_1_336' title='bbox 1583 3182 1673 3237; x_wconf 81' lang='grc' dir='ltr'>καὶ</span> <span class='ocrx_word' id='word_1_337' title='bbox 1738 3181 1949 3256; x_wconf 85' lang='grc' dir='ltr'>μᾶλλον</span> <span class='ocrx_word' id='word_1_338' title='bbox 1995 3184 2032 3254; x_wconf 78' lang='grc' dir='ltr'><strong>ἢ</strong></span> 
     </span>
    </p>
   </div>
   <div class='ocr_carea' id='block_1_48' title="bbox 2136 1934 3786 2014">
    <p class='ocr_par' dir='ltr' id='par_1_48' title="bbox 2136 1934 3786 2014">
     <span class='ocr_line' id='line_1_49' title="bbox 2136 1934 3786 2014; baseline 0.008 -26"><span class='ocrx_word' id='word_1_339' title='bbox 2136 1935 2365 2007; x_wconf 88' lang='lat' dir='ltr'>plicem,</span> <span class='ocrx_word' id='word_1_340' title='bbox 2394 1934 2553 1991; x_wconf 87' lang='lat' dir='ltr'>verbi</span> <span class='ocrx_word' id='word_1_341' title='bbox 2601 1936 2809 2007; x_wconf 88' lang='lat' dir='ltr'>gratia,</span> <span class='ocrx_word' id='word_1_342' title='bbox 2863 1936 3241 2006; x_wconf 87' lang='lat' dir='ltr'>caliditatem,</span> <span class='ocrx_word' id='word_1_343' title='bbox 3277 1945 3378 1994; x_wconf 89' lang='lat' dir='ltr'>aut</span> <span class='ocrx_word' id='word_1_344' title='bbox 3439 1941 3786 2014; x_wconf 83' lang='lat' dir='ltr'>siccitatem,</span> 
     </span>
    </p>
   </div>
   <div class='ocr_carea' id='block_1_49' title="bbox 2135 2024 3791 2104">
    <p class='ocr_par' dir='ltr' id='par_1_49' title="bbox 2135 2024 3791 2104">
     <span class='ocr_line' id='line_1_50' title="bbox 2135 2024 3791 2104; baseline 0.005 -24"><span class='ocrx_word' id='word_1_345' title='bbox 2135 2030 2235 2080; x_wconf 91' lang='lat' dir='ltr'>aut</span> <span class='ocrx_word' id='word_1_346' title='bbox 2269 2024 2669 2096; x_wconf 76' lang='lat' dir='ltr'>frigiditatem,</span> <span class='ocrx_word' id='word_1_347' title='bbox 2703 2030 2805 2080; x_wconf 91' lang='lat' dir='ltr'>aut</span> <span class='ocrx_word' id='word_1_348' title='bbox 2835 2024 3245 2083; x_wconf 87' lang='lat' dir='ltr'>humiditatem</span> <span class='ocrx_word' id='word_1_349' title='bbox 3280 2031 3614 2101; x_wconf 65' lang='lat' dir='ltr'>compositae</span> <span class='ocrx_word' id='word_1_350' title='bbox 3647 2049 3791 2104; x_wconf 75' lang='lat' dir='ltr'>qua~</span> 
     </span>
    </p>
   </div>
   <div class='ocr_carea' id='block_1_50' title="bbox 2134 2113 3789 2186">
    <p class='ocr_par' dir='ltr' id='par_1_50' title="bbox 2134 2113 3789 2186">
     <span class='ocr_line' id='line_1_51' title="bbox 2134 2113 3789 2186; baseline 0.004 -16"><span class='ocrx_word' id='word_1_351' title='bbox 2134 2113 2321 2171; x_wconf 87' lang='lat' dir='ltr'>litatis</span> <span class='ocrx_word' id='word_1_352' title='bbox 2352 2113 2704 2168; x_wconf 89' lang='lat' dir='ltr'>elementum</span> <span class='ocrx_word' id='word_1_353' title='bbox 2737 2131 2867 2169; x_wconf 66' lang='lat' dir='ltr'>esas</span> <span class='ocrx_word' id='word_1_354' title='bbox 2915 2115 3103 2186; x_wconf 88' lang='lat' dir='ltr'>aiunt,</span> <span class='ocrx_word' id='word_1_355' title='bbox 3135 2116 3446 2173; x_wconf 90' lang='lat' dir='ltr'>caliditatis</span> <span class='ocrx_word' id='word_1_356' title='bbox 3506 2122 3789 2179; x_wconf 88' lang='lat' dir='ltr'>nimirum</span> 
     </span>
    </p>
   </div>
   <div class='ocr_carea' id='block_1_51' title="bbox 2138 2200 3792 2277">
    <p class='ocr_par' dir='ltr' id='par_1_51' title="bbox 2138 2200 3792 2277">
     <span class='ocr_line' id='line_1_52' title="bbox 2138 2200 3792 2277; baseline 0.006 -21"><span class='ocrx_word' id='word_1_357' title='bbox 2138 2207 2195 2256; x_wconf 89' lang='lat' dir='ltr'>et</span> <span class='ocrx_word' id='word_1_358' title='bbox 2224 2201 2506 2256; x_wconf 87' lang='lat' dir='ltr'>siccitatis</span> <span class='ocrx_word' id='word_1_359' title='bbox 2537 2200 2735 2269; x_wconf 89' lang='lat' dir='ltr'>simul,</span> <span class='ocrx_word' id='word_1_360' title='bbox 2772 2219 3093 2274; x_wconf 87' lang='lat' dir='ltr'>rursusque</span> <span class='ocrx_word' id='word_1_361' title='bbox 3139 2205 3477 2277; x_wconf 79' lang='lat' dir='ltr'>frigiditatis</span> <span class='ocrx_word' id='word_1_362' title='bbox 3527 2209 3704 2264; x_wconf 90' lang='lat' dir='ltr'>simul</span> <span class='ocrx_word' id='word_1_363' title='bbox 3735 2214 3792 2266; x_wconf 90' lang='lat' dir='ltr'>et</span> 
     </span>
    </p>
   </div>
   <div class='ocr_carea' id='block_1_52' title="bbox 2137 2289 3783 2367">
    <p class='ocr_par' dir='ltr' id='par_1_52' title="bbox 2137 2289 3783 2367">
     <span class='ocr_line' id='line_1_53' title="bbox 2137 2289 3783 2367; baseline 0.006 -23"><span class='ocrx_word' id='word_1_364' title='bbox 2137 2289 2546 2358; x_wconf 89' lang='lat' dir='ltr'>humiditatis;</span> <span class='ocrx_word' id='word_1_365' title='bbox 2607 2289 2857 2362; x_wconf 86' lang='lat' dir='ltr'>simplex</span> <span class='ocrx_word' id='word_1_366' title='bbox 2894 2293 3030 2346; x_wconf 89' lang='lat' dir='ltr'>item</span> <span class='ocrx_word' id='word_1_367' title='bbox 3077 2310 3309 2364; x_wconf 88' lang='lat' dir='ltr'>corpus,</span> <span class='ocrx_word' id='word_1_368' title='bbox 3369 2297 3628 2367; x_wconf 90' lang='lat' dir='ltr'>corporis</span> <span class='ocrx_word' id='word_1_369' title='bbox 3669 2314 3783 2354; x_wconf 90' lang='lat' dir='ltr'>non</span> 
     </span>
    </p>
   </div>
   <div class='ocr_carea' id='block_1_53' title="bbox 2139 2378 3786 2457">
    <p class='ocr_par' dir='ltr' id='par_1_53' title="bbox 2139 2378 3786 2457">
     <span class='ocr_line' id='line_1_54' title="bbox 2139 2378 3786 2457; baseline 0.007 -24"><span class='ocrx_word' id='word_1_370' title='bbox 2139 2378 2424 2450; x_wconf 88' lang='lat' dir='ltr'>simplicis</span> <span class='ocrx_word' id='word_1_371' title='bbox 2451 2378 2842 2447; x_wconf 87' lang='lat' dir='ltr'>elementum;</span> <span class='ocrx_word' id='word_1_372' title='bbox 2875 2381 3121 2453; x_wconf 84' lang='lat' dir='ltr'>exempli</span> <span class='ocrx_word' id='word_1_373' title='bbox 3154 2384 3360 2454; x_wconf 87' lang='lat' dir='ltr'>gratia,</span> <span class='ocrx_word' id='word_1_374' title='bbox 3411 2385 3628 2457; x_wconf 89' lang='lat' dir='ltr'>ignem,</span> <span class='ocrx_word' id='word_1_375' title='bbox 3683 2393 3786 2444; x_wconf 92' lang='lat' dir='ltr'>aut</span> 
     </span>
    </p>
   </div>
   <div class='ocr_carea' id='block_1_54' title="bbox 2140 2471 3787 2548">
    <p class='ocr_par' dir='ltr' id='par_1_54' title="bbox 2140 2471 3787 2548">
     <span class='ocr_line' id='line_1_55' title="bbox 2140 2471 3787 2548; baseline 0.007 -26"><span class='ocrx_word' id='word_1_376' title='bbox 2140 2484 2354 2534; x_wconf 88' lang='lat' dir='ltr'>aerem,</span> <span class='ocrx_word' id='word_1_377' title='bbox 2379 2471 2479 2523; x_wconf 87' lang='lat' dir='ltr'>aut</span> <span class='ocrx_word' id='word_1_378' title='bbox 2506 2484 2739 2532; x_wconf 86' lang='lat' dir='ltr'>aquam,</span> <span class='ocrx_word' id='word_1_379' title='bbox 2783 2473 2884 2524; x_wconf 92' lang='lat' dir='ltr'>aut</span> <span class='ocrx_word' id='word_1_380' title='bbox 2916 2473 3151 2538; x_wconf 88' lang='lat' dir='ltr'>terram,</span> <span class='ocrx_word' id='word_1_381' title='bbox 3185 2473 3495 2544; x_wconf 85' lang='lat' dir='ltr'>compositi</span> <span class='ocrx_word' id='word_1_382' title='bbox 3527 2478 3787 2548; x_wconf 88' lang='lat' dir='ltr'>corporis</span> 
     </span>
    </p>
   </div>
   <div class='ocr_carea' id='block_1_55' title="bbox 2141 2556 3792 2632">
    <p class='ocr_par' dir='ltr' id='par_1_55' title="bbox 2141 2556 3792 2632">
     <span class='ocr_line' id='line_1_56' title="bbox 2141 2556 3792 2632; baseline 0.005 -19"><span class='ocrx_word' id='word_1_383' title='bbox 2141 2556 2520 2613; x_wconf 89' lang='lat' dir='ltr'>elementum.</span> <span class='ocrx_word' id='word_1_384' title='bbox 2577 2556 2837 2629; x_wconf 85' lang='lat' dir='ltr'>Simplex</span> <span class='ocrx_word' id='word_1_385' title='bbox 2891 2559 3048 2614; x_wconf 91' lang='lat' dir='ltr'>enim</span> <span class='ocrx_word' id='word_1_386' title='bbox 3118 2576 3330 2632; x_wconf 91' lang='lat' dir='ltr'>corpus</span> <span class='ocrx_word' id='word_1_387' title='bbox 3377 2567 3485 2629; x_wconf 92' lang='lat' dir='ltr'>est,</span> <span class='ocrx_word' id='word_1_388' title='bbox 3547 2566 3792 2621; x_wconf 89' lang='lat' dir='ltr'>materia</span> 
     </span>
    </p>
   </div>
   <div class='ocr_carea' id='block_1_56' title="bbox 2143 2644 3794 2718">
    <p class='ocr_par' dir='ltr' id='par_1_56' title="bbox 2143 2644 3794 2718">
     <span class='ocr_line' id='line_1_57' title="bbox 2143 2644 3794 2718; baseline 0.005 -16"><span class='ocrx_word' id='word_1_389' title='bbox 2143 2663 2277 2702; x_wconf 91' lang='lat' dir='ltr'>cum</span> <span class='ocrx_word' id='word_1_390' title='bbox 2311 2644 2592 2717; x_wconf 86' lang='lat' dir='ltr'>qualitate</span> <span class='ocrx_word' id='word_1_391' title='bbox 2640 2647 2970 2718; x_wconf 87' lang='lat' dir='ltr'>conjuncta,</span> <span class='ocrx_word' id='word_1_392' title='bbox 3031 2665 3164 2703; x_wconf 91' lang='lat' dir='ltr'>cum</span> <span class='ocrx_word' id='word_1_393' title='bbox 3224 2650 3519 2708; x_wconf 82' lang='lat' dir='ltr'>caliditate</span> <span class='ocrx_word' id='word_1_394' title='bbox 3571 2653 3794 2711; x_wconf 84' lang='lat' dir='ltr'>scilicet</span> 
     </span>
    </p>
   </div>
   <div class='ocr_carea' id='block_1_57' title="bbox 2144 2734 3616 2808">
    <p class='ocr_par' dir='ltr' id='par_1_57' title="bbox 2144 2734 3616 2808">
     <span class='ocr_line' id='line_1_58' title="bbox 2144 2734 3616 2808; baseline 0.003 -15"><span class='ocrx_word' id='word_1_395' title='bbox 2144 2741 2246 2793; x_wconf 88' lang='lat' dir='ltr'>aut</span> <span class='ocrx_word' id='word_1_396' title='bbox 2276 2734 2612 2807; x_wconf 84' lang='lat' dir='ltr'>frigiditate,</span> <span class='ocrx_word' id='word_1_397' title='bbox 2647 2741 2745 2790; x_wconf 89' lang='lat' dir='ltr'>aut</span> <span class='ocrx_word' id='word_1_398' title='bbox 2777 2736 3059 2808; x_wconf 87' lang='lat' dir='ltr'>siccitate,</span> <span class='ocrx_word' id='word_1_399' title='bbox 3102 2743 3204 2793; x_wconf 90' lang='lat' dir='ltr'>aut</span> <span class='ocrx_word' id='word_1_400' title='bbox 3247 2740 3616 2798; x_wconf 89' lang='lat' dir='ltr'>humiditate.</span> 
     </span>
    </p>
   </div>
   <div class='ocr_carea' id='block_1_58' title="bbox 2213 2823 3793 2898">
    <p class='ocr_par' dir='ltr' id='par_1_58' title="bbox 2213 2823 3793 2898">
     <span class='ocr_line' id='line_1_59' title="bbox 2213 2823 3793 2898; baseline 0.006 -19"><span class='ocrx_word' id='word_1_401' title='bbox 2213 2825 2304 2879; x_wconf 89' lang='lat'>28.</span> <span class='ocrx_word' id='word_1_402' title='bbox 2363 2824 2612 2878; x_wconf 89' lang='lat' dir='ltr'>Proinde</span> <span class='ocrx_word' id='word_1_403' title='bbox 2660 2823 2815 2879; x_wconf 89' lang='lat' dir='ltr'>dicta</span> <span class='ocrx_word' id='word_1_404' title='bbox 2847 2825 2967 2881; x_wconf 71' lang='lat' dir='ltr'>haec</span> <span class='ocrx_word' id='word_1_405' title='bbox 3016 2832 3269 2898; x_wconf 85' lang='lat' dir='ltr'>quatuor</span> <span class='ocrx_word' id='word_1_406' title='bbox 3335 2828 3623 2886; x_wconf 88' lang='lat' dir='ltr'>elementa</span> <span class='ocrx_word' id='word_1_407' title='bbox 3667 2833 3793 2890; x_wconf 88' lang='lat' dir='ltr'>sola</span> 
     </span>
    </p>
   </div>
   <div class='ocr_carea' id='block_1_59' title="bbox 2145 2912 3787 2990">
    <p class='ocr_par' dir='ltr' id='par_1_59' title="bbox 2145 2912 3787 2990">
     <span class='ocr_line' id='line_1_60' title="bbox 2145 2912 3787 2990; baseline 0.005 -22"><span class='ocrx_word' id='word_1_408' title='bbox 2145 2931 2309 2968; x_wconf 89' lang='lat' dir='ltr'>mens</span> <span class='ocrx_word' id='word_1_409' title='bbox 2363 2912 2703 2968; x_wconf 88' lang='lat' dir='ltr'>discernens</span> <span class='ocrx_word' id='word_1_410' title='bbox 2759 2915 3003 2969; x_wconf 90' lang='lat' dir='ltr'>intuerit</span> <span class='ocrx_word' id='word_1_411' title='bbox 3059 2921 3248 2986; x_wconf 87' lang='lat' dir='ltr'>potest</span> <span class='ocrx_word' id='word_1_412' title='bbox 3288 2917 3350 2972; x_wconf 68' lang='lat'>‘3.</span> <span class='ocrx_word' id='word_1_413' title='bbox 3404 2918 3603 2990; x_wconf 87' lang='lat' dir='ltr'>Neque</span> <span class='ocrx_word' id='word_1_414' title='bbox 3631 2922 3787 2977; x_wconf 90' lang='lat' dir='ltr'>enim</span> 
     </span>
    </p>
   </div>
   <div class='ocr_carea' id='block_1_60' title="bbox 2143 3001 3791 3066">
    <p class='ocr_par' dir='ltr' id='par_1_60' title="bbox 2143 3001 3791 3066">
     <span class='ocr_line' id='line_1_61' title="bbox 2143 3001 3791 3066; baseline 0.007 -11"><span class='ocrx_word' id='word_1_415' title='bbox 2143 3001 2332 3055; x_wconf 90' lang='lat' dir='ltr'>ullum</span> <span class='ocrx_word' id='word_1_416' title='bbox 2390 3017 2590 3055; x_wconf 92' lang='lat' dir='ltr'>eorum</span> <span class='ocrx_word' id='word_1_417' title='bbox 2623 3018 2657 3056; x_wconf 89' lang='lat' dir='ltr'>a</span> <span class='ocrx_word' id='word_1_418' title='bbox 2695 3007 3002 3056; x_wconf 70' lang='lat' dir='ltr'>caeteorum</span> <span class='ocrx_word' id='word_1_419' title='bbox 3061 3004 3467 3060; x_wconf 90' lang='lat' dir='ltr'>commistione</span> <span class='ocrx_word' id='word_1_420' title='bbox 3523 3007 3791 3066; x_wconf 90' lang='lat' dir='ltr'>immune</span> 
     </span>
    </p>
   </div>
   <div class='ocr_carea' id='block_1_61' title="bbox 2144 3089 3790 3168">
    <p class='ocr_par' dir='ltr' id='par_1_61' title="bbox 2144 3089 3790 3168">
     <span class='ocr_line' id='line_1_62' title="bbox 2144 3089 3790 3168; baseline 0.005 -24"><span class='ocrx_word' id='word_1_421' title='bbox 2144 3094 2233 3144; x_wconf 89' lang='lat' dir='ltr'>est</span> <span class='ocrx_word' id='word_1_422' title='bbox 2265 3107 2278 3157; x_wconf 91' lang='lat'><strong>;</strong></span> <span class='ocrx_word' id='word_1_423' title='bbox 2315 3094 2618 3160; x_wconf 86' lang='lat' dir='ltr'>propterea</span> <span class='ocrx_word' id='word_1_424' title='bbox 2645 3089 2797 3160; x_wconf 91' lang='lat' dir='ltr'>quod</span> <span class='ocrx_word' id='word_1_425' title='bbox 2825 3089 3023 3144; x_wconf 90' lang='lat' dir='ltr'>omnia</span> <span class='ocrx_word' id='word_1_426' title='bbox 3043 3091 3115 3146; x_wconf 90' lang='lat' dir='ltr'>ab</span> <span class='ocrx_word' id='word_1_427' title='bbox 3143 3091 3226 3152; x_wconf 84' lang='lat' dir='ltr'>eis</span> <span class='ocrx_word' id='word_1_428' title='bbox 3255 3109 3380 3164; x_wconf 66' lang='lat' dir='ltr'>quas</span> <span class='ocrx_word' id='word_1_429' title='bbox 3419 3092 3575 3150; x_wconf 89' lang='lat' dir='ltr'>aliud</span> <span class='ocrx_word' id='word_1_430' title='bbox 3600 3113 3790 3168; x_wconf 89' lang='lat' dir='ltr'>genus</span> 
     </span>
    </p>
   </div>
   <div class='ocr_carea' id='block_1_62' title="bbox 2145 3177 3794 3248">
    <p class='ocr_par' dir='ltr' id='par_1_62' title="bbox 2145 3177 3794 3248">
     <span class='ocr_line' id='line_1_63' title="bbox 2145 3177 3794 3248; baseline 0.006 -16"><span class='ocrx_word' id='word_1_431' title='bbox 2145 3195 2269 3232; x_wconf 86' lang='lat' dir='ltr'>sem</span> <span class='ocrx_word' id='word_1_432' title='bbox 2302 3177 2475 3232; x_wconf 89' lang='lat' dir='ltr'>aliam</span> <span class='ocrx_word' id='word_1_433' title='bbox 2511 3177 2762 3248; x_wconf 90' lang='lat' dir='ltr'>speciem</span> <span class='ocrx_word' id='word_1_434' title='bbox 2787 3177 3025 3244; x_wconf 89' lang='lat' dir='ltr'>habent,</span> <span class='ocrx_word' id='word_1_435' title='bbox 3070 3181 3399 3236; x_wconf 84' lang='lat' dir='ltr'>adulterata</span> <span class='ocrx_word' id='word_1_436' title='bbox 3429 3192 3485 3238; x_wconf 90' lang='lat' dir='ltr'>et</span> <span class='ocrx_word' id='word_1_437' title='bbox 3515 3200 3649 3239; x_wconf 93' lang='lat' dir='ltr'>cum</span> <span class='ocrx_word' id='word_1_438' title='bbox 3708 3185 3794 3247; x_wconf 86' lang='lat' dir='ltr'>eis</span> 
     </span>
    </p>
   </div>
   <div class='ocr_carea' id='block_1_63' title="bbox 377 3256 2025 3348">
    <p class='ocr_par' dir='ltr' id='par_1_63' title="bbox 377 3265 2025 3348">
     <span class='ocr_line' id='line_1_64' title="bbox 377 3265 2025 3348; baseline 0.002 -25"><span class='ocrx_word' id='word_1_439' title='bbox 377 3269 540 3339; x_wconf 76' lang='grc' dir='ltr'>ἧττον</span> <span class='ocrx_word' id='word_1_440' title='bbox 592 3267 860 3340; x_wconf 86' lang='grc' dir='ltr'>ἀλλήλων</span> <span class='ocrx_word' id='word_1_441' title='bbox 912 3267 1258 3348; x_wconf 77' lang='grc' dir='ltr'>μετείληφεν·</span> <span class='ocrx_word' id='word_1_442' title='bbox 1322 3265 1461 3325; x_wconf 78' lang='grc' dir='ltr'>ὥστε</span> <span class='ocrx_word' id='word_1_443' title='bbox 1516 3272 1654 3325; x_wconf 85' lang='grc' dir='ltr'>κατά</span> <span class='ocrx_word' id='word_1_444' title='bbox 1701 3272 1763 3326; x_wconf 88' lang='grc' dir='ltr'>τὸ</span> <span class='ocrx_word' id='word_1_445' title='bbox 1816 3271 2025 3348; x_wconf 80' lang='grc' dir='ltr'>ἐπικρα-</span> 
     </span>
    </p>
   </div>
   <div class='ocr_carea' id='block_1_64' title="bbox 2143 3256 3794 3348">
    <p class='ocr_par' dir='ltr' id='par_1_64' title="bbox 2147 3267 3794 3342">
     <span class='ocr_line' id='line_1_65' title="bbox 2147 3267 3794 3342; baseline 0.005 -21"><span class='ocrx_word' id='word_1_446' title='bbox 2147 3267 2428 3339; x_wconf 89' lang='lat' dir='ltr'>permista</span> <span class='ocrx_word' id='word_1_447' title='bbox 2455 3271 2616 3330; x_wconf 90' lang='lat' dir='ltr'>sunt,</span> <span class='ocrx_word' id='word_1_448' title='bbox 2643 3272 2700 3321; x_wconf 92' lang='lat' dir='ltr'>et</span> <span class='ocrx_word' id='word_1_449' title='bbox 2729 3283 2790 3322; x_wconf 91' lang='lat' dir='ltr'>se</span> <span class='ocrx_word' id='word_1_450' title='bbox 2836 3267 2980 3338; x_wconf 89' lang='lat' dir='ltr'>ipsis</span> <span class='ocrx_word' id='word_1_451' title='bbox 3008 3268 3253 3324; x_wconf 88' lang='lat' dir='ltr'>invicem</span> <span class='ocrx_word' id='word_1_452' title='bbox 3285 3271 3472 3342; x_wconf 90' lang='lat' dir='ltr'>magis</span> <span class='ocrx_word' id='word_1_453' title='bbox 3532 3279 3633 3328; x_wconf 89' lang='lat' dir='ltr'>aut</span> <span class='ocrx_word' id='word_1_454' title='bbox 3683 3274 3794 3329; x_wconf 91' lang='lat' dir='ltr'>mi-</span> 
     </span>
    </p>
   </div>
   <div class='ocr_carea' id='block_1_65' title="bbox 377 3355 2036 3434">
    <p class='ocr_par' dir='ltr' id='par_1_65' title="bbox 377 3355 2036 3434">
     <span class='ocr_line' id='line_1_66' title="bbox 377 3355 2036 3434; baseline 0.002 -20"><span class='ocrx_word' id='word_1_455' title='bbox 377 3361 502 3414; x_wconf 90' lang='grc' dir='ltr'>τοῦν</span> <span class='ocrx_word' id='word_1_456' title='bbox 530 3357 595 3413; x_wconf 85' lang='grc' dir='ltr'>τὸ</span> <span class='ocrx_word' id='word_1_457' title='bbox 629 3357 723 3432; x_wconf 75' lang='grc' dir='ltr'>μὲν</span> <span class='ocrx_word' id='word_1_458' title='bbox 757 3361 865 3434; x_wconf 88' lang='grc' dir='ltr'>πῦρ</span> <span class='ocrx_word' id='word_1_459' title='bbox 914 3357 1292 3432; x_wconf 80' lang='grc' dir='ltr'>ὀνομάζεσθαι,</span> <span class='ocrx_word' id='word_1_460' title='bbox 1319 3359 1380 3414; x_wconf 86' lang='grc' dir='ltr'>τὸ</span> <span class='ocrx_word' id='word_1_461' title='bbox 1427 3355 1474 3414; x_wconf 83' lang='grc' dir='ltr'>δ’</span> <span class='ocrx_word' id='word_1_462' title='bbox 1506 3356 1673 3434; x_wconf 80' lang='grc' dir='ltr'>ὕδωρ·</span> <span class='ocrx_word' id='word_1_463' title='bbox 1719 3361 1808 3416; x_wconf 87' lang='grc' dir='ltr'>καὶ</span> <span class='ocrx_word' id='word_1_464' title='bbox 1843 3361 1906 3415; x_wconf 91' lang='grc' dir='ltr'>τὸ</span> <span class='ocrx_word' id='word_1_465' title='bbox 1942 3362 2036 3434; x_wconf 73' lang='grc' dir='ltr'>μὲν</span> 
     </span>
    </p>
   </div>
   <div class='ocr_carea' id='block_1_66' title="bbox 379 3443 862 3523">
    <p class='ocr_par' dir='ltr' id='par_1_66' title="bbox 379 3443 862 3523">
     <span class='ocr_line' id='line_1_67' title="bbox 379 3443 862 3523; baseline -0.002 -19"><span class='ocrx_word' id='word_1_466' title='bbox 379 3446 532 3523; x_wconf 84' lang='grc' dir='ltr'>ἀέρα,</span> <span class='ocrx_word' id='word_1_467' title='bbox 559 3447 623 3504; x_wconf 86' lang='grc' dir='ltr'>τὸ</span> <span class='ocrx_word' id='word_1_468' title='bbox 654 3443 712 3502; x_wconf 80' lang='grc' dir='ltr'>δὲ</span> <span class='ocrx_word' id='word_1_469' title='bbox 740 3449 862 3522; x_wconf 79' lang='grc' dir='ltr'>γῆν.</span> 
     </span>
    </p>
   </div>
   <div class='ocr_carea' id='block_1_67' title="bbox 449 3622 2036 3702">
    <p class='ocr_par' dir='ltr' id='par_1_67' title="bbox 449 3622 2036 3702">
     <span class='ocr_line' id='line_1_68' title="bbox 449 3622 2036 3702; baseline 0.002 -21"><span class='ocrx_word' id='word_1_470' title='bbox 449 3627 546 3681; x_wconf 82' lang='grc' dir='ltr'>κθ’.</span> <span class='ocrx_word' id='word_1_471' title='bbox 578 3630 748 3682; x_wconf 87' lang='grc' dir='ltr'>Τοῦτο</span> <span class='ocrx_word' id='word_1_472' title='bbox 802 3622 850 3680; x_wconf 87' lang='grc' dir='ltr'>δ’</span> <span class='ocrx_word' id='word_1_473' title='bbox 898 3625 1216 3702; x_wconf 79' lang='grc' dir='ltr'>ὑπαγορεύει</span> <span class='ocrx_word' id='word_1_474' title='bbox 1264 3625 1354 3681; x_wconf 88' lang='grc' dir='ltr'>καὶ</span> <span class='ocrx_word' id='word_1_475' title='bbox 1403 3625 1536 3697; x_wconf 80' lang='grc' dir='ltr'>αὕτη</span> <span class='ocrx_word' id='word_1_476' title='bbox 1572 3629 1607 3696; x_wconf 80' lang='grc' dir='ltr'>ἡ</span> <span class='ocrx_word' id='word_1_477' title='bbox 1655 3625 1922 3699; x_wconf 64' lang='grc' dir='ltr'>α’ίσθησις.</span> <span class='ocrx_word' id='word_1_478' title='bbox 1973 3629 2036 3684; x_wconf 89' lang='grc' dir='ltr'>Ἡ</span> 
     </span>
    </p>
   </div>
   <div class='ocr_carea' id='block_1_68' title="bbox 378 3714 2034 3793">
    <p class='ocr_par' dir='ltr' id='par_1_68' title="bbox 378 3714 2034 3793">
     <span class='ocr_line' id='line_1_69' title="bbox 378 3714 2034 3793; baseline 0 -23"><span class='ocrx_word' id='word_1_479' title='bbox 378 3717 483 3792; x_wconf 82' lang='grc' dir='ltr'>γὰρ</span> <span class='ocrx_word' id='word_1_480' title='bbox 539 3722 611 3790; x_wconf 84' lang='grc' dir='ltr'>γῆ</span> <span class='ocrx_word' id='word_1_481' title='bbox 673 3715 956 3790; x_wconf 73' lang='grc' dir='ltr'>συνέχεται</span> <span class='ocrx_word' id='word_1_482' title='bbox 1014 3716 1109 3788; x_wconf 72' lang='grc' dir='ltr'>μὲν</span> <span class='ocrx_word' id='word_1_483' title='bbox 1158 3715 1249 3770; x_wconf 86' lang='grc' dir='ltr'>καὶ</span> <span class='ocrx_word' id='word_1_484' title='bbox 1309 3714 1376 3770; x_wconf 78' lang='grc' dir='ltr'>οὑ</span> <span class='ocrx_word' id='word_1_485' title='bbox 1454 3715 1907 3793; x_wconf 85' lang='grc' dir='ltr'>κατατέθραυσται</span> <span class='ocrx_word' id='word_1_486' title='bbox 1965 3719 2034 3787; x_wconf 78' lang='grc' dir='ltr'>τῇ</span> 
     </span>
    </p>
   </div>
   <div class='ocr_carea' id='block_1_69' title="bbox 377 3801 2034 3879">
    <p class='ocr_par' dir='ltr' id='par_1_69' title="bbox 377 3801 2034 3879">
     <span class='ocr_line' id='line_1_70' title="bbox 377 3801 2034 3879; baseline 0.002 -21"><span class='ocrx_word' id='word_1_487' title='bbox 377 3801 672 3878; x_wconf 77' lang='grc' dir='ltr'>συμπλοκῇ</span> <span class='ocrx_word' id='word_1_488' title='bbox 702 3808 801 3859; x_wconf 90' lang='grc' dir='ltr'>τοῦ</span> <span class='ocrx_word' id='word_1_489' title='bbox 848 3801 1042 3866; x_wconf 79' lang='grc' dir='ltr'>ὕδατος</span> <span class='ocrx_word' id='word_1_490' title='bbox 1072 3803 1239 3859; x_wconf 78' lang='grc' dir='ltr'>οἱονεί</span> <span class='ocrx_word' id='word_1_491' title='bbox 1279 3825 1383 3858; x_wconf 90' lang='grc' dir='ltr'>τινι</span> <span class='ocrx_word' id='word_1_492' title='bbox 1431 3803 1609 3879; x_wconf 79' lang='grc' dir='ltr'>κόλλῃ</span> <span class='ocrx_word' id='word_1_493' title='bbox 1658 3802 2034 3878; x_wconf 69' lang='grc' dir='ltr'>συνδεδεμένη.</span> 
     </span>
    </p>
   </div>
   <div class='ocr_carea' id='block_1_70' title="bbox 377 3889 2036 3970">
    <p class='ocr_par' dir='ltr' id='par_1_70' title="bbox 377 3889 2036 3970">
     <span class='ocr_line' id='line_1_71' title="bbox 377 3889 2036 3970; baseline 0.001 -22"><span class='ocrx_word' id='word_1_494' title='bbox 377 3891 696 3969; x_wconf 81' lang='grc' dir='ltr'>Κέχρωσται</span> <span class='ocrx_word' id='word_1_495' title='bbox 773 3889 831 3947; x_wconf 76' lang='grc' dir='ltr'>δὲ</span> <span class='ocrx_word' id='word_1_496' title='bbox 887 3891 977 3948; x_wconf 84' lang='grc' dir='ltr'>καὶ</span> <span class='ocrx_word' id='word_1_497' title='bbox 1033 3891 1443 3968; x_wconf 83' lang='grc' dir='ltr'>ἀνεζωπύρηται</span> <span class='ocrx_word' id='word_1_498' title='bbox 1507 3897 1589 3966; x_wconf 78' lang='grc' dir='ltr'>τῷ</span> <span class='ocrx_word' id='word_1_499' title='bbox 1655 3895 1833 3970; x_wconf 83' lang='grc' dir='ltr'>πυρί·</span> <span class='ocrx_word' id='word_1_500' title='bbox 1893 3893 2036 3965; x_wconf 77' lang='grc' dir='ltr'>πλή-</span> 
     </span>
    </p>
   </div>
   <div class='ocr_carea' id='block_1_71' title="bbox 378 3979 2034 4058">
    <p class='ocr_par' dir='ltr' id='par_1_71' title="bbox 378 3979 2034 4058">
     <span class='ocr_line' id='line_1_72' title="bbox 378 3979 2034 4058; baseline 0.001 -22"><span class='ocrx_word' id='word_1_501' title='bbox 378 4002 480 4058; x_wconf 87' lang='grc' dir='ltr'>ρης</span> <span class='ocrx_word' id='word_1_502' title='bbox 531 3979 588 4037; x_wconf 90' lang='grc' dir='ltr'>δέ</span> <span class='ocrx_word' id='word_1_503' title='bbox 633 3980 773 4036; x_wconf 85' lang='grc' dir='ltr'>ἐστιν</span> <span class='ocrx_word' id='word_1_504' title='bbox 822 3981 904 4036; x_wconf 81' lang='grc' dir='ltr'>ἀεὶ</span> <span class='ocrx_word' id='word_1_505' title='bbox 953 3985 1034 4053; x_wconf 80' lang='grc' dir='ltr'>τῷ</span> <span class='ocrx_word' id='word_1_506' title='bbox 1062 3986 1202 4054; x_wconf 83' lang='grc' dir='ltr'>κενῷ</span> <span class='ocrx_word' id='word_1_507' title='bbox 1259 3982 1447 4058; x_wconf 85' lang='grc' dir='ltr'>χώραν</span> <span class='ocrx_word' id='word_1_508' title='bbox 1506 3983 1581 4055; x_wconf 82' lang='grc' dir='ltr'>μή</span> <span class='ocrx_word' id='word_1_509' title='bbox 1646 3981 1890 4050; x_wconf 86' lang='grc' dir='ltr'>διδοῦσα,</span> <span class='ocrx_word' id='word_1_510' title='bbox 1937 3983 2034 4038; x_wconf 68' lang='grc' dir='ltr'>κᾶν</span> 
     </span>
    </p>
   </div>
   <div class='ocr_carea' id='block_1_72' title="bbox 378 4068 2035 4148">
    <p class='ocr_par' dir='ltr' id='par_1_72' title="bbox 378 4068 2035 4148">
     <span class='ocr_line' id='line_1_73' title="bbox 378 4068 2035 4148; baseline 0.001 -23"><span class='ocrx_word' id='word_1_511' title='bbox 378 4068 618 4148; x_wconf 76' lang='grc' dir='ltr'>ἀπορῥέῃ</span> <span class='ocrx_word' id='word_1_512' title='bbox 677 4068 768 4124; x_wconf 72' lang='grc' dir='ltr'>διὰ</span> <span class='ocrx_word' id='word_1_513' title='bbox 822 4071 921 4138; x_wconf 82' lang='grc' dir='ltr'>τήν</span> <span class='ocrx_word' id='word_1_514' title='bbox 981 4073 1077 4124; x_wconf 89' lang='grc' dir='ltr'>τοῦ</span> <span class='ocrx_word' id='word_1_515' title='bbox 1137 4070 1294 4146; x_wconf 87' lang='grc' dir='ltr'>ἀέρος</span> <span class='ocrx_word' id='word_1_516' title='bbox 1350 4068 1695 4146; x_wconf 81' lang='grc' dir='ltr'>παρείσδυσιν</span> <span class='ocrx_word' id='word_1_517' title='bbox 1729 4113 1741 4126; x_wconf 91' lang='grc'>.</span> <span class='ocrx_word' id='word_1_518' title='bbox 1803 4072 1896 4126; x_wconf 91' lang='grc' dir='ltr'>Διὸ</span> <span class='ocrx_word' id='word_1_519' title='bbox 1945 4073 2035 4127; x_wconf 85' lang='grc' dir='ltr'>καὶ</span> 
     </span>
    </p>
   </div>
   <div class='ocr_carea' id='block_1_73' title="bbox 374 4153 2030 4233">
    <p class='ocr_par' dir='ltr' id='par_1_73' title="bbox 374 4153 2030 4233">
     <span class='ocr_line' id='line_1_74' title="bbox 374 4153 2030 4233; baseline 0.001 -20"><span class='ocrx_word' id='word_1_520' title='bbox 374 4154 597 4228; x_wconf 72' lang='grc' dir='ltr'>ἕστηκεν</span> <span class='ocrx_word' id='word_1_521' title='bbox 651 4153 832 4233; x_wconf 73' lang='grc' dir='ltr'>ὄρθιος</span> <span class='ocrx_word' id='word_1_522' title='bbox 885 4157 975 4214; x_wconf 83' lang='grc' dir='ltr'>καὶ</span> <span class='ocrx_word' id='word_1_523' title='bbox 1025 4157 1274 4233; x_wconf 87' lang='grc' dir='ltr'>ἀνέχεται</span> <span class='ocrx_word' id='word_1_524' title='bbox 1309 4159 1384 4230; x_wconf 86' lang='grc' dir='ltr'>μὴ</span> <span class='ocrx_word' id='word_1_525' title='bbox 1417 4164 1753 4217; x_wconf 78' lang='grc' dir='ltr'>πεπτωκυῖα.</span> <span class='ocrx_word' id='word_1_526' title='bbox 1785 4159 1940 4215; x_wconf 79' lang='grc' dir='ltr'>Οὕτω</span> <span class='ocrx_word' id='word_1_527' title='bbox 1971 4157 2030 4216; x_wconf 76' lang='grc' dir='ltr'>δὲ</span> 
     </span>
    </p>
   </div>
   <div class='ocr_carea' id='block_1_74' title="bbox 375 4242 1578 4324">
    <p class='ocr_par' dir='ltr' id='par_1_74' title="bbox 375 4242 1578 4324">
     <span class='ocr_line' id='line_1_75' title="bbox 375 4242 1578 4324; baseline 0.001 -22"><span class='ocrx_word' id='word_1_528' title='bbox 375 4247 507 4304; x_wconf 78' lang='grc' dir='ltr'>κάπὶ</span> <span class='ocrx_word' id='word_1_529' title='bbox 537 4251 645 4304; x_wconf 89' lang='grc' dir='ltr'>τῶν</span> <span class='ocrx_word' id='word_1_530' title='bbox 678 4245 864 4303; x_wconf 78' lang='grc' dir='ltr'>ἄλλων</span> <span class='ocrx_word' id='word_1_531' title='bbox 895 4246 1183 4322; x_wconf 88' lang='grc' dir='ltr'>στοιχείων</span> <span class='ocrx_word' id='word_1_532' title='bbox 1217 4242 1356 4302; x_wconf 80' lang='grc' dir='ltr'>ἔστιν</span> <span class='ocrx_word' id='word_1_533' title='bbox 1387 4247 1578 4324; x_wconf 86' lang='grc' dir='ltr'>εὑρεῖν.</span> 
     </span>
    </p>
   </div>
   <div class='ocr_carea' id='block_1_75' title="bbox 450 4333 2033 4416">
    <p class='ocr_par' dir='ltr' id='par_1_75' title="bbox 450 4333 2033 4416">
     <span class='ocr_line' id='line_1_76' title="bbox 450 4333 2033 4416; baseline -0.001 -23"><span class='ocrx_word' id='word_1_534' title='bbox 450 4337 517 4393; x_wconf 88' lang='grc' dir='ltr'>λ’.</span> <span class='ocrx_word' id='word_1_535' title='bbox 578 4335 758 4393; x_wconf 85' lang='grc' dir='ltr'>Ἀλλᾶ</span> <span class='ocrx_word' id='word_1_536' title='bbox 811 4335 904 4391; x_wconf 85' lang='grc' dir='ltr'>καὶ</span> <span class='ocrx_word' id='word_1_537' title='bbox 961 4336 1052 4391; x_wconf 83' lang='grc' dir='ltr'>ἀπ’</span> <span class='ocrx_word' id='word_1_538' title='bbox 1108 4335 1274 4404; x_wconf 78' lang='grc' dir='ltr'>αὐτῆς</span> <span class='ocrx_word' id='word_1_539' title='bbox 1327 4343 1429 4406; x_wconf 82' lang='grc' dir='ltr'>τῆς</span> <span class='ocrx_word' id='word_1_540' title='bbox 1483 4333 1875 4413; x_wconf 83' lang='grc' dir='ltr'>στοιχειώδους</span> <span class='ocrx_word' id='word_1_541' title='bbox 1934 4338 2033 4416; x_wconf 77' lang='grc' dir='ltr'>φό-</span> 
     </span>
    </p>
   </div>
   <div class='ocr_carea' id='block_1_76' title="bbox 377 4421 2032 4502">
    <p class='ocr_par' dir='ltr' id='par_1_76' title="bbox 377 4421 2032 4502">
     <span class='ocr_line' id='line_1_77' title="bbox 377 4421 2032 4502; baseline 0.001 -22"><span class='ocrx_word' id='word_1_542' title='bbox 377 4446 515 4490; x_wconf 89' lang='grc' dir='ltr'>σεως</span> <span class='ocrx_word' id='word_1_543' title='bbox 574 4421 686 4481; x_wconf 78' lang='grc' dir='ltr'>ἔστι</span> <span class='ocrx_word' id='word_1_544' title='bbox 743 4425 808 4482; x_wconf 80' lang='grc' dir='ltr'>τὸ</span> <span class='ocrx_word' id='word_1_545' title='bbox 863 4424 1160 4502; x_wconf 88' lang='grc' dir='ltr'>λεγόμενον</span> <span class='ocrx_word' id='word_1_546' title='bbox 1214 4426 1563 4495; x_wconf 74' lang='grc' dir='ltr'>κατανοῆσαι.</span> <span class='ocrx_word' id='word_1_547' title='bbox 1613 4425 1688 4481; x_wconf 82' lang='grc' dir='ltr'>Τὰ</span> <span class='ocrx_word' id='word_1_548' title='bbox 1732 4427 1835 4502; x_wconf 83' lang='grc' dir='ltr'>γὰρ</span> <span class='ocrx_word' id='word_1_549' title='bbox 1885 4448 2032 4482; x_wconf 88' lang='grc' dir='ltr'>στοι-</span> 
     </span>
    </p>
   </div>
   <div class='ocr_carea' id='block_1_77' title="bbox 378 4511 2030 4591">
    <p class='ocr_par' dir='ltr' id='par_1_77' title="bbox 378 4511 2030 4591">
     <span class='ocr_line' id='line_1_78' title="bbox 378 4511 2030 4591; baseline 0 -21"><span class='ocrx_word' id='word_1_550' title='bbox 378 4520 525 4590; x_wconf 75' lang='grc' dir='ltr'>χεῖα,</span> <span class='ocrx_word' id='word_1_551' title='bbox 571 4515 705 4579; x_wconf 85' lang='grc' dir='ltr'>καθὸ</span> <span class='ocrx_word' id='word_1_552' title='bbox 759 4519 1024 4591; x_wconf 79' lang='grc' dir='ltr'>στοιχεῖα,</span> <span class='ocrx_word' id='word_1_553' title='bbox 1074 4514 1194 4577; x_wconf 84' lang='grc' dir='ltr'>καθ’</span> <span class='ocrx_word' id='word_1_554' title='bbox 1237 4512 1372 4568; x_wconf 79' lang='grc' dir='ltr'>αὐτὰ</span> <span class='ocrx_word' id='word_1_555' title='bbox 1414 4515 1507 4586; x_wconf 77' lang='grc' dir='ltr'>μὲν</span> <span class='ocrx_word' id='word_1_556' title='bbox 1555 4511 1800 4586; x_wconf 80' lang='grc' dir='ltr'>οὐδαμοῦ</span> <span class='ocrx_word' id='word_1_557' title='bbox 1850 4514 1989 4570; x_wconf 81' lang='grc' dir='ltr'>ἐστιν</span> <span class='ocrx_word' id='word_1_558' title='bbox 2018 4534 2030 4548; x_wconf 89' lang='grc'>·</span> 
     </span>
    </p>
   </div>
   <div class='ocr_carea' id='block_1_78' title="bbox 378 4601 2111 4692">
    <p class='ocr_par' dir='ltr' id='par_1_78' title="bbox 378 4601 2111 4692">
     <span class='ocr_line' id='line_1_79' title="bbox 378 4601 2111 4692; baseline 0 -33"><span class='ocrx_word' id='word_1_559' title='bbox 378 4605 560 4682; x_wconf 86' lang='grc' dir='ltr'>ὥσπερ</span> <span class='ocrx_word' id='word_1_560' title='bbox 611 4601 737 4659; x_wconf 77' lang='grc' dir='ltr'>οὐδὲ</span> <span class='ocrx_word' id='word_1_561' title='bbox 784 4605 852 4659; x_wconf 73' lang='grc' dir='ltr'>τὰ</span> <span class='ocrx_word' id='word_1_562' title='bbox 897 4607 996 4658; x_wconf 90' lang='grc' dir='ltr'>τοῦ</span> <span class='ocrx_word' id='word_1_563' title='bbox 1046 4601 1217 4678; x_wconf 90' lang='grc' dir='ltr'>λόγου</span> <span class='ocrx_word' id='word_1_564' title='bbox 1266 4609 1512 4679; x_wconf 81' lang='grc' dir='ltr'>στοιχεῖα</span> <span class='ocrx_word' id='word_1_565' title='bbox 1562 4603 1629 4658; x_wconf 76' lang='grc' dir='ltr'>τὰ</span> <span class='ocrx_word' id='word_1_566' title='bbox 1678 4601 1846 4658; x_wconf 82' lang='grc' dir='ltr'>εἷ’κοσι</span> <span class='ocrx_word' id='word_1_567' title='bbox 1895 4605 2030 4661; x_wconf 84' lang='grc' dir='ltr'>τέσ-</span> <span class='ocrx_word' id='word_1_568' title='bbox 2062 4625 2111 4692; x_wconf 84' lang='lat' dir='ltr'><strong>D</strong></span> 
     </span>
    </p>
   </div>
   <div class='ocr_carea' id='block_1_79' title="bbox 377 4687 2032 4770">
    <p class='ocr_par' dir='ltr' id='par_1_79' title="bbox 377 4687 2032 4770">
     <span class='ocr_line' id='line_1_80' title="bbox 377 4687 2032 4770; baseline 0.001 -22"><span class='ocrx_word' id='word_1_569' title='bbox 377 4713 551 4770; x_wconf 86' lang='grc' dir='ltr'>σαρα·</span> <span class='ocrx_word' id='word_1_570' title='bbox 605 4690 675 4748; x_wconf 86' lang='grc' dir='ltr'>δι’</span> <span class='ocrx_word' id='word_1_571' title='bbox 721 4691 988 4764; x_wconf 80' lang='grc' dir='ltr'>ἀλλήλων</span> <span class='ocrx_word' id='word_1_572' title='bbox 1035 4689 1082 4746; x_wconf 87' lang='grc' dir='ltr'>δ’</span> <span class='ocrx_word' id='word_1_573' title='bbox 1130 4691 1211 4748; x_wconf 81' lang='grc' dir='ltr'>ἀεὶ</span> <span class='ocrx_word' id='word_1_574' title='bbox 1258 4687 1620 4768; x_wconf 87' lang='grc' dir='ltr'>κεχωρηκότα</span> <span class='ocrx_word' id='word_1_575' title='bbox 1669 4693 1732 4747; x_wconf 87' lang='grc' dir='ltr'>αὸ</span> <span class='ocrx_word' id='word_1_576' title='bbox 1781 4693 2032 4759; x_wconf 81' lang='grc' dir='ltr'>σῦνθετον</span> 
     </span>
    </p>
   </div>
   <div class='ocr_carea' id='block_1_80' title="bbox 373 4775 2030 4858">
    <p class='ocr_par' dir='ltr' id='par_1_80' title="bbox 373 4775 2030 4858">
     <span class='ocr_line' id='line_1_81' title="bbox 373 4775 2030 4858; baseline 0 -22"><span class='ocrx_word' id='word_1_577' title='bbox 373 4779 718 4839; x_wconf 81' lang='grc' dir='ltr'>ἀποδιδόασι.</span> <span class='ocrx_word' id='word_1_578' title='bbox 753 4783 851 4837; x_wconf 82' lang='grc' dir='ltr'>Καὶ</span> <span class='ocrx_word' id='word_1_579' title='bbox 899 4783 1004 4858; x_wconf 73' lang='grc' dir='ltr'>γὰρ</span> <span class='ocrx_word' id='word_1_580' title='bbox 1048 4775 1229 4856; x_wconf 81' lang='grc' dir='ltr'>ὥσπερ</span> <span class='ocrx_word' id='word_1_581' title='bbox 1271 4782 1339 4834; x_wconf 68' lang='grc' dir='ltr'>τὰ</span> <span class='ocrx_word' id='word_1_582' title='bbox 1394 4781 1531 4856; x_wconf 85' lang='grc' dir='ltr'>μέρη</span> <span class='ocrx_word' id='word_1_583' title='bbox 1578 4784 1675 4834; x_wconf 90' lang='grc' dir='ltr'>τοῦ</span> <span class='ocrx_word' id='word_1_584' title='bbox 1723 4780 1856 4836; x_wconf 78' lang='grc' dir='ltr'>ὅλου</span> <span class='ocrx_word' id='word_1_585' title='bbox 1899 4803 2030 4858; x_wconf 83' lang='grc' dir='ltr'>τυγ-</span> 
     </span>
    </p>
   </div>
   <div class='ocr_carea' id='block_1_81' title="bbox 374 4866 2028 4948">
    <p class='ocr_par' dir='ltr' id='par_1_81' title="bbox 374 4866 2028 4948">
     <span class='ocr_line' id='line_1_82' title="bbox 374 4866 2028 4948; baseline 0.001 -23"><span class='ocrx_word' id='word_1_586' title='bbox 374 4869 532 4946; x_wconf 85' lang='grc' dir='ltr'>χάνει</span> <span class='ocrx_word' id='word_1_587' title='bbox 595 4869 756 4948; x_wconf 87' lang='grc' dir='ltr'>μέρη,</span> <span class='ocrx_word' id='word_1_588' title='bbox 810 4870 900 4927; x_wconf 82' lang='grc' dir='ltr'>καὶ</span> <span class='ocrx_word' id='word_1_589' title='bbox 958 4871 1074 4925; x_wconf 81' lang='grc' dir='ltr'>καθ’</span> <span class='ocrx_word' id='word_1_590' title='bbox 1132 4868 1267 4925; x_wconf 78' lang='grc' dir='ltr'>αὐτὰ</span> <span class='ocrx_word' id='word_1_591' title='bbox 1323 4868 1456 4924; x_wconf 75' lang='grc' dir='ltr'>εἶναι</span> <span class='ocrx_word' id='word_1_592' title='bbox 1519 4868 1580 4924; x_wconf 80' lang='grc' dir='ltr'>οὗ</span> <span class='ocrx_word' id='word_1_593' title='bbox 1634 4866 1850 4925; x_wconf 79' lang='grc' dir='ltr'>δύναται</span> <span class='ocrx_word' id='word_1_594' title='bbox 1890 4870 2028 4947; x_wconf 84' lang='grc' dir='ltr'>μέρη</span> 
     </span>
    </p>
   </div>
   <div class='ocr_carea' id='block_1_82' title="bbox 373 4955 2033 5034">
    <p class='ocr_par' dir='ltr' id='par_1_82' title="bbox 373 4955 2033 5034">
     <span class='ocr_line' id='line_1_83' title="bbox 373 4955 2033 5034; baseline 0.001 -21"><span class='ocrx_word' id='word_1_595' title='bbox 373 4955 524 5016; x_wconf 76' lang='grc' dir='ltr'>ὄντα·</span> <span class='ocrx_word' id='word_1_596' title='bbox 577 4959 722 5015; x_wconf 79' lang='grc' dir='ltr'>οὕτω</span> <span class='ocrx_word' id='word_1_597' title='bbox 772 4959 862 5015; x_wconf 85' lang='grc' dir='ltr'>καὶ</span> <span class='ocrx_word' id='word_1_598' title='bbox 891 4960 958 5013; x_wconf 67' lang='grc' dir='ltr'>τὰ</span> <span class='ocrx_word' id='word_1_599' title='bbox 990 4963 1237 5034; x_wconf 84' lang='grc' dir='ltr'>στοιχεῖα</span> <span class='ocrx_word' id='word_1_600' title='bbox 1281 4962 1380 5012; x_wconf 86' lang='grc' dir='ltr'>τοῦ</span> <span class='ocrx_word' id='word_1_601' title='bbox 1425 4955 1678 5012; x_wconf 81' lang='grc' dir='ltr'>συνθέτου</span> <span class='ocrx_word' id='word_1_602' title='bbox 1728 4956 1838 5014; x_wconf 79' lang='grc' dir='ltr'>ἐστὶ</span> <span class='ocrx_word' id='word_1_603' title='bbox 1891 4980 2033 5014; x_wconf 82' lang='grc' dir='ltr'>στοι-</span> 
     </span>
    </p>
   </div>
   <div class='ocr_carea' id='block_1_83' title="bbox 375 5045 2034 5125">
    <p class='ocr_par' dir='ltr' id='par_1_83' title="bbox 375 5045 2034 5125">
     <span class='ocr_line' id='line_1_84' title="bbox 375 5045 2034 5125; baseline -0.001 -21"><span class='ocrx_word' id='word_1_604' title='bbox 375 5053 525 5125; x_wconf 84' lang='grc' dir='ltr'>χεῖα,</span> <span class='ocrx_word' id='word_1_605' title='bbox 579 5049 670 5104; x_wconf 88' lang='grc' dir='ltr'>καὶ</span> <span class='ocrx_word' id='word_1_606' title='bbox 725 5047 795 5104; x_wconf 88' lang='grc' dir='ltr'>δι’</span> <span class='ocrx_word' id='word_1_607' title='bbox 839 5047 1102 5119; x_wconf 81' lang='grc' dir='ltr'>ἀλλήλων</span> <span class='ocrx_word' id='word_1_608' title='bbox 1164 5046 1246 5101; x_wconf 80' lang='grc' dir='ltr'>ἀεὶ</span> <span class='ocrx_word' id='word_1_609' title='bbox 1294 5047 1604 5122; x_wconf 83' lang='grc' dir='ltr'>κεχώρηκε,</span> <span class='ocrx_word' id='word_1_610' title='bbox 1650 5046 1739 5101; x_wconf 86' lang='grc' dir='ltr'>καὶ</span> <span class='ocrx_word' id='word_1_611' title='bbox 1772 5045 2034 5102; x_wconf 82' lang='grc' dir='ltr'>οὐδέποτε</span> 
     </span>
    </p>
   </div>
   <div class='ocr_carea' id='block_1_84' title="bbox 371 5132 2032 5217">
    <p class='ocr_par' dir='ltr' id='par_1_84' title="bbox 371 5132 2032 5217">
     <span class='ocr_line' id='line_1_85' title="bbox 371 5132 2032 5217; baseline -0.001 -24"><span class='ocrx_word' id='word_1_612' title='bbox 371 5140 494 5202; x_wconf 73' lang='grc' dir='ltr'>καθ’</span> <span class='ocrx_word' id='word_1_613' title='bbox 553 5137 687 5193; x_wconf 79' lang='grc' dir='ltr'>αὐτὰ</span> <span class='ocrx_word' id='word_1_614' title='bbox 743 5137 1056 5217; x_wconf 72' lang='grc' dir='ltr'>ὑφέστηκεν·</span> <span class='ocrx_word' id='word_1_615' title='bbox 1111 5133 1384 5205; x_wconf 77' lang='grc' dir='ltr'>ἀλλήλοις</span> <span class='ocrx_word' id='word_1_616' title='bbox 1434 5132 1492 5190; x_wconf 76' lang='grc' dir='ltr'>δὲ</span> <span class='ocrx_word' id='word_1_617' title='bbox 1541 5140 1757 5212; x_wconf 86' lang='grc' dir='ltr'>πρῶτον</span> <span class='ocrx_word' id='word_1_618' title='bbox 1808 5158 2032 5192; x_wconf 87' lang='grc' dir='ltr'>συνανα-</span> 
     </span>
    </p>
   </div>
   <div class='ocr_carea' id='block_1_85' title="bbox 372 5222 2030 5304">
    <p class='ocr_par' dir='ltr' id='par_1_85' title="bbox 372 5222 2030 5304">
     <span class='ocr_line' id='line_1_86' title="bbox 372 5222 2030 5304; baseline -0.001 -22"><span class='ocrx_word' id='word_1_619' title='bbox 372 5225 636 5304; x_wconf 82' lang='grc' dir='ltr'>κραθέντα</span> <span class='ocrx_word' id='word_1_620' title='bbox 681 5227 771 5282; x_wconf 82' lang='grc' dir='ltr'>καὶ</span> <span class='ocrx_word' id='word_1_621' title='bbox 830 5228 948 5282; x_wconf 89' lang='grc' dir='ltr'>κατ’</span> <span class='ocrx_word' id='word_1_622' title='bbox 1014 5225 1352 5301; x_wconf 77' lang='grc' dir='ltr'>ἐπικράτειαν</span> <span class='ocrx_word' id='word_1_623' title='bbox 1404 5224 1520 5287; x_wconf 69' lang='grc' dir='ltr'>ἑνὸς</span> <span class='ocrx_word' id='word_1_624' title='bbox 1572 5222 1982 5295; x_wconf 83' lang='grc' dir='ltr'>εἷδοποιηθέντα</span> <span class='ocrx_word' id='word_1_625' title='bbox 2016 5248 2030 5264; x_wconf 76' lang='grc' dir='ltr'><strong><em>ο</em></strong></span> 
     </span>
    </p>
   </div>
   <div class='ocr_carea' id='block_1_86' title="bbox 371 5311 2035 5389">
    <p class='ocr_par' dir='ltr' id='par_1_86' title="bbox 371 5311 2035 5389">
     <span class='ocr_line' id='line_1_87' title="bbox 371 5311 2035 5389; baseline -0.002 -17"><span class='ocrx_word' id='word_1_626' title='bbox 371 5315 548 5379; x_wconf 76' lang='grc' dir='ltr'>οὕτως</span> <span class='ocrx_word' id='word_1_627' title='bbox 580 5317 654 5378; x_wconf 85' lang='grc' dir='ltr'>ὡς</span> <span class='ocrx_word' id='word_1_628' title='bbox 698 5315 749 5387; x_wconf 82' lang='grc' dir='ltr'>ἐξ</span> <span class='ocrx_word' id='word_1_629' title='bbox 799 5314 987 5371; x_wconf 80' lang='grc' dir='ltr'>ἁπλῶν</span> <span class='ocrx_word' id='word_1_630' title='bbox 1037 5319 1144 5369; x_wconf 89' lang='grc' dir='ltr'>τῶν</span> <span class='ocrx_word' id='word_1_631' title='bbox 1196 5314 1315 5368; x_wconf 86' lang='grc' dir='ltr'>κατ’</span> <span class='ocrx_word' id='word_1_632' title='bbox 1357 5311 1696 5389; x_wconf 80' lang='grc' dir='ltr'>ἐπικράτειαν</span> <span class='ocrx_word' id='word_1_633' title='bbox 1742 5317 1878 5369; x_wconf 84' lang='grc' dir='ltr'>κατὰ</span> <span class='ocrx_word' id='word_1_634' title='bbox 1906 5312 2035 5374; x_wconf 85' lang='grc' dir='ltr'>δευ-</span> 
     </span>
    </p>
   </div>
   <div class='ocr_carea' id='block_1_87' title="bbox 368 5401 2035 5483">
    <p class='ocr_par' dir='ltr' id='par_1_87' title="bbox 368 5401 2035 5483">
     <span class='ocr_line' id='line_1_88' title="bbox 368 5401 2035 5483; baseline -0.001 -22"><span class='ocrx_word' id='word_1_635' title='bbox 368 5404 527 5483; x_wconf 85' lang='grc' dir='ltr'>τέραν</span> <span class='ocrx_word' id='word_1_636' title='bbox 559 5405 793 5464; x_wconf 76' lang='grc' dir='ltr'>σύνθεσιν</span> <span class='ocrx_word' id='word_1_637' title='bbox 815 5406 884 5460; x_wconf 77' lang='grc' dir='ltr'>τὰ</span> <span class='ocrx_word' id='word_1_638' title='bbox 912 5426 969 5460; x_wconf 87' lang='grc' dir='ltr'>τε</span> <span class='ocrx_word' id='word_1_639' title='bbox 1001 5408 1110 5474; x_wconf 84' lang='grc' dir='ltr'>ζῶα</span> <span class='ocrx_word' id='word_1_640' title='bbox 1141 5405 1427 5458; x_wconf 87' lang='grc' dir='ltr'>συνιστῶσι</span> <span class='ocrx_word' id='word_1_641' title='bbox 1455 5402 1546 5456; x_wconf 81' lang='grc' dir='ltr'>καὶ</span> <span class='ocrx_word' id='word_1_642' title='bbox 1573 5401 1642 5458; x_wconf 82' lang='grc' dir='ltr'>τὰ</span> <span class='ocrx_word' id='word_1_643' title='bbox 1670 5404 1810 5482; x_wconf 76' lang='grc' dir='ltr'>φυτὰ</span> <span class='ocrx_word' id='word_1_644' title='bbox 1839 5404 1928 5459; x_wconf 85' lang='grc' dir='ltr'>καὶ</span> <span class='ocrx_word' id='word_1_645' title='bbox 1965 5403 2035 5460; x_wconf 79' lang='grc' dir='ltr'>τὰ</span> 
     </span>
    </p>
   </div>
   <div class='ocr_carea' id='block_1_88' title="bbox 375 5495 744 5572">
    <p class='ocr_par' dir='ltr' id='par_1_88' title="bbox 375 5495 744 5572">
     <span class='ocr_line' id='line_1_89' title="bbox 375 5495 744 5572; baseline 0.005 -22"><span class='ocrx_word' id='word_1_646' title='bbox 375 5495 515 5572; x_wconf 84' lang='grc' dir='ltr'>μέρη</span> <span class='ocrx_word' id='word_1_647' title='bbox 547 5495 744 5552; x_wconf 83' lang='grc' dir='ltr'>αὑτῶν.</span> 
     </span>
    </p>
   </div>
   <div class='ocr_carea' id='block_1_89' title="bbox 2146 3354 3794 3432">
    <p class='ocr_par' dir='ltr' id='par_1_89' title="bbox 2146 3354 3794 3432">
     <span class='ocr_line' id='line_1_90' title="bbox 2146 3354 3794 3432; baseline 0.005 -22"><span class='ocrx_word' id='word_1_648' title='bbox 2146 3372 2258 3410; x_wconf 91' lang='lat' dir='ltr'>nus</span> <span class='ocrx_word' id='word_1_649' title='bbox 2281 3354 2734 3425; x_wconf 82' lang='lat' dir='ltr'>communicant,</span> <span class='ocrx_word' id='word_1_650' title='bbox 2774 3359 2839 3409; x_wconf 89' lang='lat' dir='ltr'>ut</span> <span class='ocrx_word' id='word_1_651' title='bbox 2869 3357 2998 3428; x_wconf 91' lang='lat' dir='ltr'>ejus</span> <span class='ocrx_word' id='word_1_652' title='bbox 3047 3358 3236 3430; x_wconf 89' lang='lat' dir='ltr'>gratia</span> <span class='ocrx_word' id='word_1_653' title='bbox 3268 3360 3420 3430; x_wconf 91' lang='lat' dir='ltr'>quod</span> <span class='ocrx_word' id='word_1_654' title='bbox 3481 3363 3794 3432; x_wconf 70' lang='lat' dir='ltr'>praedomi-</span> 
     </span>
    </p>
   </div>
   <div class='ocr_carea' id='block_1_90' title="bbox 2143 3443 3790 3518">
    <p class='ocr_par' dir='ltr' id='par_1_90' title="bbox 2143 3443 3790 3518">
     <span class='ocr_line' id='line_1_91' title="bbox 2143 3443 3790 3518; baseline 0.007 -20"><span class='ocrx_word' id='word_1_655' title='bbox 2143 3449 2318 3499; x_wconf 89' lang='lat' dir='ltr'>natur</span> <span class='ocrx_word' id='word_1_656' title='bbox 2339 3443 2494 3500; x_wconf 89' lang='lat' dir='ltr'>aliud</span> <span class='ocrx_word' id='word_1_657' title='bbox 2525 3444 2700 3516; x_wconf 88' lang='lat' dir='ltr'>ignis,</span> <span class='ocrx_word' id='word_1_658' title='bbox 2732 3444 2890 3500; x_wconf 90' lang='lat' dir='ltr'>aliud</span> <span class='ocrx_word' id='word_1_659' title='bbox 2917 3446 3257 3518; x_wconf 88' lang='lat' dir='ltr'>aqua,aliud</span> <span class='ocrx_word' id='word_1_660' title='bbox 3287 3465 3404 3518; x_wconf 90' lang='lat' dir='ltr'>aer,</span> <span class='ocrx_word' id='word_1_661' title='bbox 3441 3449 3601 3507; x_wconf 88' lang='lat' dir='ltr'>aliud</span> <span class='ocrx_word' id='word_1_662' title='bbox 3635 3457 3790 3509; x_wconf 88' lang='lat' dir='ltr'>terra</span> 
     </span>
    </p>
   </div>
   <div class='ocr_carea' id='block_1_91' title="bbox 2144 3538 2534 3604">
    <p class='ocr_par' dir='ltr' id='par_1_91' title="bbox 2144 3538 2534 3604">
     <span class='ocr_line' id='line_1_92' title="bbox 2144 3538 2534 3604; baseline -0.003 -16"><span class='ocrx_word' id='word_1_663' title='bbox 2144 3538 2534 3604; x_wconf 88' lang='lat' dir='ltr'>nuncupetur.</span> 
     </span>
    </p>
   </div>
   <div class='ocr_carea' id='block_1_92' title="bbox 2213 3621 3792 3696">
    <p class='ocr_par' dir='ltr' id='par_1_92' title="bbox 2213 3621 3792 3696">
     <span class='ocr_line' id='line_1_93' title="bbox 2213 3621 3792 3696; baseline 0.006 -20"><span class='ocrx_word' id='word_1_664' title='bbox 2213 3623 2303 3677; x_wconf 88' lang='lat'>29.</span> <span class='ocrx_word' id='word_1_665' title='bbox 2339 3622 2398 3676; x_wconf 81' lang='lat' dir='ltr'>id</span> <span class='ocrx_word' id='word_1_666' title='bbox 2433 3622 2586 3692; x_wconf 91' lang='lat' dir='ltr'>quod</span> <span class='ocrx_word' id='word_1_667' title='bbox 2617 3624 2764 3677; x_wconf 78' lang='grc'>141</span> <span class='ocrx_word' id='word_1_668' title='bbox 2801 3621 2978 3677; x_wconf 85' lang='lat' dir='ltr'>etiam</span> <span class='ocrx_word' id='word_1_669' title='bbox 3015 3623 3139 3696; x_wconf 90' lang='lat' dir='ltr'>ipse</span> <span class='ocrx_word' id='word_1_670' title='bbox 3169 3642 3379 3682; x_wconf 88' lang='lat' dir='ltr'>sensus</span> <span class='ocrx_word' id='word_1_671' title='bbox 3432 3629 3792 3692; x_wconf 91' lang='lat' dir='ltr'>subindicat.</span> 
     </span>
    </p>
   </div>
   <div class='ocr_carea' id='block_1_93' title="bbox 2145 3711 3795 3791">
    <p class='ocr_par' dir='ltr' id='par_1_93' title="bbox 2145 3711 3795 3791">
     <span class='ocr_line' id='line_1_94' title="bbox 2145 3711 3795 3791; baseline 0.005 -24"><span class='ocrx_word' id='word_1_672' title='bbox 2145 3712 2324 3767; x_wconf 91' lang='lat' dir='ltr'>Terra</span> <span class='ocrx_word' id='word_1_673' title='bbox 2335 3711 2492 3765; x_wconf 89' lang='lat' dir='ltr'>enim</span> <span class='ocrx_word' id='word_1_674' title='bbox 2508 3727 2609 3782; x_wconf 90' lang='lat' dir='ltr'>per</span> <span class='ocrx_word' id='word_1_675' title='bbox 2629 3727 2826 3782; x_wconf 68' lang='lat' dir='ltr'>aequas</span> <span class='ocrx_word' id='word_1_676' title='bbox 2839 3714 3206 3783; x_wconf 83' lang='lat' dir='ltr'>complexum</span> <span class='ocrx_word' id='word_1_677' title='bbox 3221 3714 3398 3771; x_wconf 90' lang='lat' dir='ltr'>veluti</span> <span class='ocrx_word' id='word_1_678' title='bbox 3413 3716 3635 3790; x_wconf 89' lang='lat' dir='ltr'>glutine</span> <span class='ocrx_word' id='word_1_679' title='bbox 3653 3736 3795 3791; x_wconf 89' lang='lat' dir='ltr'>quo-</span> 
     </span>
    </p>
   </div>
   <div class='ocr_carea' id='block_1_94' title="bbox 2145 3799 3796 3878">
    <p class='ocr_par' dir='ltr' id='par_1_94' title="bbox 2145 3799 3796 3878">
     <span class='ocr_line' id='line_1_95' title="bbox 2145 3799 3796 3878; baseline 0.004 -22"><span class='ocrx_word' id='word_1_680' title='bbox 2145 3802 2281 3856; x_wconf 90' lang='lat' dir='ltr'>dam</span> <span class='ocrx_word' id='word_1_681' title='bbox 2315 3799 2581 3854; x_wconf 90' lang='lat' dir='ltr'>devincta</span> <span class='ocrx_word' id='word_1_682' title='bbox 2610 3799 2945 3854; x_wconf 88' lang='lat' dir='ltr'>continetur</span> <span class='ocrx_word' id='word_1_683' title='bbox 2980 3806 3038 3855; x_wconf 92' lang='lat' dir='ltr'>et</span> <span class='ocrx_word' id='word_1_684' title='bbox 3096 3819 3211 3857; x_wconf 91' lang='lat' dir='ltr'>non</span> <span class='ocrx_word' id='word_1_685' title='bbox 3239 3803 3505 3860; x_wconf 86' lang='lat' dir='ltr'>confrata</span> <span class='ocrx_word' id='word_1_686' title='bbox 3535 3811 3658 3874; x_wconf 91' lang='lat' dir='ltr'>est;</span> <span class='ocrx_word' id='word_1_687' title='bbox 3694 3823 3796 3878; x_wconf 88' lang='lat' dir='ltr'>per</span> 
     </span>
    </p>
   </div>
   <div class='ocr_carea' id='block_1_95' title="bbox 2144 3887 3790 3964">
    <p class='ocr_par' dir='ltr' id='par_1_95' title="bbox 2144 3887 3790 3964">
     <span class='ocr_line' id='line_1_96' title="bbox 2144 3887 3790 3964; baseline 0.004 -21"><span class='ocrx_word' id='word_1_688' title='bbox 2144 3889 2339 3961; x_wconf 90' lang='lat' dir='ltr'>ignem</span> <span class='ocrx_word' id='word_1_689' title='bbox 2356 3887 2772 3944; x_wconf 83' lang='lat' dir='ltr'>coloreinfecta</span> <span class='ocrx_word' id='word_1_690' title='bbox 2784 3892 2840 3943; x_wconf 90' lang='lat' dir='ltr'>et</span> <span class='ocrx_word' id='word_1_691' title='bbox 2852 3889 3137 3945; x_wconf 91' lang='lat' dir='ltr'>suscitata</span> <span class='ocrx_word' id='word_1_692' title='bbox 3148 3896 3263 3958; x_wconf 89' lang='lat' dir='ltr'>est;</span> <span class='ocrx_word' id='word_1_693' title='bbox 3282 3890 3606 3964; x_wconf 88' lang='lat' dir='ltr'>plenaitem</span> <span class='ocrx_word' id='word_1_694' title='bbox 3635 3910 3790 3949; x_wconf 83' lang='lat' dir='ltr'>sem-</span> 
     </span>
    </p>
   </div>
   <div class='ocr_carea' id='block_1_96' title="bbox 2149 3977 3794 4055">
    <p class='ocr_par' dir='ltr' id='par_1_96' title="bbox 2149 3977 3794 4055">
     <span class='ocr_line' id='line_1_97' title="bbox 2149 3977 3794 4055; baseline 0.004 -23"><span class='ocrx_word' id='word_1_695' title='bbox 2149 3977 2552 4050; x_wconf 90' lang='lat' dir='ltr'>perestlocum</span> <span class='ocrx_word' id='word_1_696' title='bbox 2567 3993 2748 4031; x_wconf 89' lang='lat' dir='ltr'>vacuo</span> <span class='ocrx_word' id='word_1_697' title='bbox 2781 3994 2894 4032; x_wconf 92' lang='lat' dir='ltr'>non</span> <span class='ocrx_word' id='word_1_698' title='bbox 2921 3980 3267 4047; x_wconf 88' lang='lat' dir='ltr'>concedens,</span> <span class='ocrx_word' id='word_1_699' title='bbox 3290 3982 3523 4036; x_wconf 89' lang='lat' dir='ltr'>tametsi</span> <span class='ocrx_word' id='word_1_700' title='bbox 3561 3991 3794 4055; x_wconf 86' lang='lat' dir='ltr'>propter</span> 
     </span>
    </p>
   </div>
   <div class='ocr_carea' id='block_1_97' title="bbox 2147 4064 3786 4136">
    <p class='ocr_par' dir='ltr' id='par_1_97' title="bbox 2147 4064 3786 4136">
     <span class='ocr_line' id='line_1_98' title="bbox 2147 4064 3786 4136; baseline 0.003 -15"><span class='ocrx_word' id='word_1_701' title='bbox 2147 4066 2296 4122; x_wconf 89' lang='lat' dir='ltr'>aeris</span> <span class='ocrx_word' id='word_1_702' title='bbox 2319 4064 2860 4136; x_wconf 88' lang='lat' dir='ltr'>subingressionem</span> <span class='ocrx_word' id='word_1_703' title='bbox 2893 4067 3140 4122; x_wconf 77' lang='lat' dir='ltr'>diffluat.</span> <span class='ocrx_word' id='word_1_704' title='bbox 3169 4068 3292 4131; x_wconf 83' lang='lat' dir='ltr'>Qua</span> <span class='ocrx_word' id='word_1_705' title='bbox 3313 4070 3382 4123; x_wconf 91' lang='lat' dir='ltr'>de</span> <span class='ocrx_word' id='word_1_706' title='bbox 3413 4085 3591 4125; x_wconf 89' lang='lat' dir='ltr'>causa</span> <span class='ocrx_word' id='word_1_707' title='bbox 3611 4071 3786 4126; x_wconf 88' lang='lat' dir='ltr'>etiam</span> 
     </span>
    </p>
   </div>
   <div class='ocr_carea' id='block_1_98' title="bbox 2149 4154 3792 4226">
    <p class='ocr_par' dir='ltr' id='par_1_98' title="bbox 2149 4154 3792 4226">
     <span class='ocr_line' id='line_1_99' title="bbox 2149 4154 3792 4226; baseline 0.002 -15"><span class='ocrx_word' id='word_1_708' title='bbox 2149 4160 2338 4211; x_wconf 84' lang='lat' dir='ltr'>erecta</span> <span class='ocrx_word' id='word_1_709' title='bbox 2367 4159 2484 4209; x_wconf 89' lang='lat' dir='ltr'>stat</span> <span class='ocrx_word' id='word_1_710' title='bbox 2507 4155 2571 4219; x_wconf 75' lang='lat'>‘9,</span> <span class='ocrx_word' id='word_1_711' title='bbox 2591 4159 2646 4209; x_wconf 92' lang='lat' dir='ltr'>et</span> <span class='ocrx_word' id='word_1_712' title='bbox 2685 4154 2864 4209; x_wconf 67' lang='lat' dir='ltr'>ruinae</span> <span class='ocrx_word' id='word_1_713' title='bbox 2922 4173 3123 4226; x_wconf 85' lang='lat' dir='ltr'>expers</span> <span class='ocrx_word' id='word_1_714' title='bbox 3182 4163 3565 4213; x_wconf 86' lang='lat' dir='ltr'>sustentatur.</span> <span class='ocrx_word' id='word_1_715' title='bbox 3627 4158 3792 4222; x_wconf 85' lang='lat' dir='ltr'>Quod</span> 
     </span>
    </p>
   </div>
   <div class='ocr_carea' id='block_1_99' title="bbox 2146 4242 3791 4318">
    <p class='ocr_par' dir='ltr' id='par_1_99' title="bbox 2146 4242 3791 4318">
     <span class='ocr_line' id='line_1_100' title="bbox 2146 4242 3791 4318; baseline 0.004 -20"><span class='ocrx_word' id='word_1_716' title='bbox 2146 4243 2302 4298; x_wconf 90' lang='lat' dir='ltr'>idem</span> <span class='ocrx_word' id='word_1_717' title='bbox 2335 4242 2511 4297; x_wconf 88' lang='lat' dir='ltr'>etiam</span> <span class='ocrx_word' id='word_1_718' title='bbox 2544 4242 2602 4296; x_wconf 91' lang='lat' dir='ltr'>in</span> <span class='ocrx_word' id='word_1_719' title='bbox 2626 4243 2850 4298; x_wconf 68' lang='lat' dir='ltr'>caeteris</span> <span class='ocrx_word' id='word_1_720' title='bbox 2879 4243 3183 4300; x_wconf 85' lang='lat' dir='ltr'>elementis</span> <span class='ocrx_word' id='word_1_721' title='bbox 3218 4247 3456 4316; x_wconf 91' lang='lat' dir='ltr'>perinde</span> <span class='ocrx_word' id='word_1_722' title='bbox 3481 4248 3791 4318; x_wconf 89' lang='lat' dir='ltr'>reperitur.</span> 
     </span>
    </p>
   </div>
   <div class='ocr_carea' id='block_1_100' title="bbox 2217 4330 3791 4408">
    <p class='ocr_par' dir='ltr' id='par_1_100' title="bbox 2217 4330 3791 4408">
     <span class='ocr_line' id='line_1_101' title="bbox 2217 4330 3791 4408; baseline 0.003 -21"><span class='ocrx_word' id='word_1_723' title='bbox 2217 4333 2306 4387; x_wconf 90' lang='lat'>30.</span> <span class='ocrx_word' id='word_1_724' title='bbox 2338 4332 2447 4386; x_wconf 81' lang='lat' dir='ltr'>Sed</span> <span class='ocrx_word' id='word_1_725' title='bbox 2493 4336 2552 4386; x_wconf 89' lang='lat' dir='ltr'>et</span> <span class='ocrx_word' id='word_1_726' title='bbox 2601 4332 2675 4386; x_wconf 92' lang='lat' dir='ltr'>ab</span> <span class='ocrx_word' id='word_1_727' title='bbox 2729 4330 2861 4404; x_wconf 90' lang='lat' dir='ltr'>ipsa</span> <span class='ocrx_word' id='word_1_728' title='bbox 2910 4333 3249 4389; x_wconf 89' lang='lat' dir='ltr'>elementari</span> <span class='ocrx_word' id='word_1_729' title='bbox 3282 4340 3491 4390; x_wconf 82' lang='lat' dir='ltr'>natura</span> <span class='ocrx_word' id='word_1_730' title='bbox 3546 4336 3604 4390; x_wconf 91' lang='lat' dir='ltr'>id</span> <span class='ocrx_word' id='word_1_731' title='bbox 3637 4337 3791 4408; x_wconf 91' lang='lat' dir='ltr'>quod</span> 
     </span>
    </p>
   </div>
   <div class='ocr_carea' id='block_1_101' title="bbox 2146 4419 3791 4480">
    <p class='ocr_par' dir='ltr' id='par_1_101' title="bbox 2146 4419 3791 4480">
     <span class='ocr_line' id='line_1_102' title="bbox 2146 4419 3791 4480; baseline 0.003 -5"><span class='ocrx_word' id='word_1_732' title='bbox 2146 4420 2362 4475; x_wconf 89' lang='lat' dir='ltr'>dicitur</span> <span class='ocrx_word' id='word_1_733' title='bbox 2391 4419 2822 4475; x_wconf 87' lang='lat' dir='ltr'>animadvertas</span> <span class='ocrx_word' id='word_1_734' title='bbox 2870 4419 3022 4476; x_wconf 91' lang='lat' dir='ltr'>licet.</span> <span class='ocrx_word' id='word_1_735' title='bbox 3057 4422 3356 4478; x_wconf 84' lang='lat' dir='ltr'>Elementa</span> <span class='ocrx_word' id='word_1_736' title='bbox 3392 4423 3549 4478; x_wconf 91' lang='lat' dir='ltr'>enim</span> <span class='ocrx_word' id='word_1_737' title='bbox 3583 4430 3649 4480; x_wconf 90' lang='lat' dir='ltr'>ut</span> <span class='ocrx_word' id='word_1_738' title='bbox 3676 4425 3791 4480; x_wconf 87' lang='lat' dir='ltr'>ele-</span> 
     </span>
    </p>
   </div>
   <div class='ocr_carea' id='block_1_102' title="bbox 2145 4512 3794 4582">
    <p class='ocr_par' dir='ltr' id='par_1_102' title="bbox 2145 4512 3794 4582">
     <span class='ocr_line' id='line_1_103' title="bbox 2145 4512 3794 4582; baseline 0.004 -19"><span class='ocrx_word' id='word_1_739' title='bbox 2145 4513 2343 4563; x_wconf 88' lang='lat' dir='ltr'>menta</span> <span class='ocrx_word' id='word_1_740' title='bbox 2373 4524 2476 4579; x_wconf 88' lang='lat' dir='ltr'>per</span> <span class='ocrx_word' id='word_1_741' title='bbox 2507 4523 2569 4563; x_wconf 90' lang='lat' dir='ltr'>se</span> <span class='ocrx_word' id='word_1_742' title='bbox 2599 4525 2892 4580; x_wconf 90' lang='lat' dir='ltr'>nusquam</span> <span class='ocrx_word' id='word_1_743' title='bbox 2926 4515 3103 4579; x_wconf 91' lang='lat' dir='ltr'>sunt;</span> <span class='ocrx_word' id='word_1_744' title='bbox 3137 4512 3636 4582; x_wconf 88' lang='lat' dir='ltr'>quemadmodum</span> <span class='ocrx_word' id='word_1_745' title='bbox 3685 4531 3794 4570; x_wconf 89' lang='lat' dir='ltr'>nec</span> 
     </span>
    </p>
   </div>
   <div class='ocr_carea' id='block_1_103' title="bbox 2145 4595 3789 4669">
    <p class='ocr_par' dir='ltr' id='par_1_103' title="bbox 2145 4595 3789 4669">
     <span class='ocr_line' id='line_1_104' title="bbox 2145 4595 3789 4669; baseline 0.004 -17"><span class='ocrx_word' id='word_1_746' title='bbox 2145 4595 2424 4652; x_wconf 90' lang='lat' dir='ltr'>orationis</span> <span class='ocrx_word' id='word_1_747' title='bbox 2455 4595 2745 4651; x_wconf 84' lang='lat' dir='ltr'>elementa</span> <span class='ocrx_word' id='word_1_748' title='bbox 2775 4597 2983 4668; x_wconf 90' lang='lat' dir='ltr'>viginti</span> <span class='ocrx_word' id='word_1_749' title='bbox 3032 4604 3283 4669; x_wconf 86' lang='lat' dir='ltr'>quatuor</span> <span class='ocrx_word' id='word_1_750' title='bbox 3313 4617 3326 4666; x_wconf 90' lang='lat'><strong>;</strong></span> <span class='ocrx_word' id='word_1_751' title='bbox 3361 4599 3461 4655; x_wconf 90' lang='lat' dir='ltr'>sed</span> <span class='ocrx_word' id='word_1_752' title='bbox 3517 4599 3671 4657; x_wconf 89' lang='lat' dir='ltr'>inter</span> <span class='ocrx_word' id='word_1_753' title='bbox 3724 4618 3789 4658; x_wconf 84' lang='lat' dir='ltr'>se</span> 
     </span>
    </p>
   </div>
   <div class='ocr_carea' id='block_1_104' title="bbox 2143 4685 3787 4760">
    <p class='ocr_par' dir='ltr' id='par_1_104' title="bbox 2143 4685 3787 4760">
     <span class='ocr_line' id='line_1_105' title="bbox 2143 4685 3787 4760; baseline 0.003 -19"><span class='ocrx_word' id='word_1_754' title='bbox 2143 4691 2347 4741; x_wconf 88' lang='lat' dir='ltr'>mutuo</span> <span class='ocrx_word' id='word_1_755' title='bbox 2377 4685 2768 4740; x_wconf 87' lang='lat' dir='ltr'>commeantia</span> <span class='ocrx_word' id='word_1_756' title='bbox 2796 4686 3189 4758; x_wconf 91' lang='lat' dir='ltr'>compositum</span> <span class='ocrx_word' id='word_1_757' title='bbox 3239 4705 3450 4760; x_wconf 86' lang='lat' dir='ltr'>corpus</span> <span class='ocrx_word' id='word_1_758' title='bbox 3499 4689 3787 4747; x_wconf 82' lang='lat' dir='ltr'>efﬁciunt.</span> 
     </span>
    </p>
   </div>
   <div class='ocr_carea' id='block_1_105' title="bbox 2141 4775 3787 4851">
    <p class='ocr_par' dir='ltr' id='par_1_105' title="bbox 2141 4775 3787 4851">
     <span class='ocr_line' id='line_1_106' title="bbox 2141 4775 3787 4851; baseline 0.003 -21"><span class='ocrx_word' id='word_1_759' title='bbox 2141 4775 2651 4848; x_wconf 87' lang='lat' dir='ltr'>Quemadmodum</span> <span class='ocrx_word' id='word_1_760' title='bbox 2709 4775 2866 4830; x_wconf 91' lang='lat' dir='ltr'>enim</span> <span class='ocrx_word' id='word_1_761' title='bbox 2917 4784 3112 4848; x_wconf 88' lang='lat' dir='ltr'>partes</span> <span class='ocrx_word' id='word_1_762' title='bbox 3167 4779 3346 4832; x_wconf 90' lang='lat' dir='ltr'>totius</span> <span class='ocrx_word' id='word_1_763' title='bbox 3387 4783 3528 4834; x_wconf 88' lang='lat' dir='ltr'>sunt</span> <span class='ocrx_word' id='word_1_764' title='bbox 3569 4785 3787 4851; x_wconf 86' lang='lat' dir='ltr'>partes,</span> 
     </span>
    </p>
   </div>
   <div class='ocr_carea' id='block_1_106' title="bbox 2143 4863 3792 4939">
    <p class='ocr_par' dir='ltr' id='par_1_106' title="bbox 2143 4863 3792 4939">
     <span class='ocr_line' id='line_1_107' title="bbox 2143 4863 3792 4939; baseline 0.004 -21"><span class='ocrx_word' id='word_1_765' title='bbox 2143 4880 2248 4919; x_wconf 87' lang='lat' dir='ltr'>nec</span> <span class='ocrx_word' id='word_1_766' title='bbox 2273 4863 2587 4933; x_wconf 86' lang='lat' dir='ltr'>separatim</span> <span class='ocrx_word' id='word_1_767' title='bbox 2612 4869 2670 4918; x_wconf 92' lang='lat' dir='ltr'>et</span> <span class='ocrx_word' id='word_1_768' title='bbox 2702 4880 2802 4934; x_wconf 92' lang='lat' dir='ltr'>per</span> <span class='ocrx_word' id='word_1_769' title='bbox 2850 4881 2911 4920; x_wconf 90' lang='lat' dir='ltr'>se</span> <span class='ocrx_word' id='word_1_770' title='bbox 2942 4882 3071 4921; x_wconf 91' lang='lat' dir='ltr'>esse</span> <span class='ocrx_word' id='word_1_771' title='bbox 3102 4871 3370 4937; x_wconf 91' lang='lat' dir='ltr'>possunt,</span> <span class='ocrx_word' id='word_1_772' title='bbox 3404 4883 3538 4922; x_wconf 89' lang='lat' dir='ltr'>cum</span> <span class='ocrx_word' id='word_1_773' title='bbox 3598 4874 3792 4939; x_wconf 90' lang='lat' dir='ltr'>partes</span> 
     </span>
    </p>
   </div>
   <div class='ocr_carea' id='block_1_107' title="bbox 2143 4951 3790 5028">
    <p class='ocr_par' dir='ltr' id='par_1_107' title="bbox 2143 4951 3790 5028">
     <span class='ocr_line' id='line_1_108' title="bbox 2143 4951 3790 5028; baseline 0.003 -20"><span class='ocrx_word' id='word_1_774' title='bbox 2143 4952 2281 5018; x_wconf 89' lang='lat' dir='ltr'>sint,</span> <span class='ocrx_word' id='word_1_775' title='bbox 2315 4955 2397 5006; x_wconf 92' lang='lat' dir='ltr'>sic</span> <span class='ocrx_word' id='word_1_776' title='bbox 2423 4951 2599 5006; x_wconf 86' lang='lat' dir='ltr'>etiam</span> <span class='ocrx_word' id='word_1_777' title='bbox 2631 4951 2919 5010; x_wconf 88' lang='lat' dir='ltr'>elementa</span> <span class='ocrx_word' id='word_1_778' title='bbox 2950 4957 3256 5026; x_wconf 88' lang='lat' dir='ltr'>compositi</span> <span class='ocrx_word' id='word_1_779' title='bbox 3314 4963 3454 5011; x_wconf 90' lang='lat' dir='ltr'>sunt</span> <span class='ocrx_word' id='word_1_780' title='bbox 3481 4957 3790 5028; x_wconf 88' lang='lat' dir='ltr'>elementa,</span> 
     </span>
    </p>
   </div>
   <div class='ocr_carea' id='block_1_108' title="bbox 2141 5039 3792 5118">
    <p class='ocr_par' dir='ltr' id='par_1_108' title="bbox 2141 5039 3792 5118">
     <span class='ocr_line' id='line_1_109' title="bbox 2141 5039 3792 5118; baseline 0.004 -22"><span class='ocrx_word' id='word_1_781' title='bbox 2141 5047 2198 5096; x_wconf 90' lang='lat' dir='ltr'>et</span> <span class='ocrx_word' id='word_1_782' title='bbox 2229 5057 2331 5112; x_wconf 87' lang='lat' dir='ltr'>per</span> <span class='ocrx_word' id='word_1_783' title='bbox 2359 5057 2421 5094; x_wconf 92' lang='lat' dir='ltr'>se</span> <span class='ocrx_word' id='word_1_784' title='bbox 2451 5039 2700 5094; x_wconf 88' lang='lat' dir='ltr'>invicem</span> <span class='ocrx_word' id='word_1_785' title='bbox 2733 5051 3086 5110; x_wconf 88' lang='lat' dir='ltr'>commeant,</span> <span class='ocrx_word' id='word_1_786' title='bbox 3121 5063 3226 5101; x_wconf 90' lang='lat' dir='ltr'>nec</span> <span class='ocrx_word' id='word_1_787' title='bbox 3257 5063 3517 5118; x_wconf 87' lang='lat' dir='ltr'>unquam</span> <span class='ocrx_word' id='word_1_788' title='bbox 3551 5063 3792 5118; x_wconf 85' lang='lat' dir='ltr'>separa-</span> 
     </span>
    </p>
   </div>
   <div class='ocr_carea' id='block_1_109' title="bbox 2142 5128 3786 5206">
    <p class='ocr_par' dir='ltr' id='par_1_109' title="bbox 2142 5128 3786 5206">
     <span class='ocr_line' id='line_1_110' title="bbox 2142 5128 3786 5206; baseline 0.004 -22"><span class='ocrx_word' id='word_1_789' title='bbox 2142 5130 2246 5185; x_wconf 88' lang='lat' dir='ltr'>tim</span> <span class='ocrx_word' id='word_1_790' title='bbox 2303 5128 2671 5196; x_wconf 89' lang='lat' dir='ltr'>subsistunt;</span> <span class='ocrx_word' id='word_1_791' title='bbox 2717 5147 2917 5185; x_wconf 87' lang='lat' dir='ltr'>verum</span> <span class='ocrx_word' id='word_1_792' title='bbox 2952 5133 3102 5187; x_wconf 91' lang='lat' dir='ltr'>inter</span> <span class='ocrx_word' id='word_1_793' title='bbox 3134 5152 3194 5189; x_wconf 90' lang='lat' dir='ltr'>se</span> <span class='ocrx_word' id='word_1_794' title='bbox 3229 5135 3474 5189; x_wconf 88' lang='lat' dir='ltr'>invicem</span> <span class='ocrx_word' id='word_1_795' title='bbox 3527 5135 3786 5206; x_wconf 88' lang='lat' dir='ltr'>primum</span> 
     </span>
    </p>
   </div>
   <div class='ocr_carea' id='block_1_110' title="bbox 2142 5217 3789 5294">
    <p class='ocr_par' dir='ltr' id='par_1_110' title="bbox 2142 5217 3789 5294">
     <span class='ocr_line' id='line_1_111' title="bbox 2142 5217 3789 5294; baseline 0.004 -20"><span class='ocrx_word' id='word_1_796' title='bbox 2142 5217 2453 5275; x_wconf 87' lang='lat' dir='ltr'>commista</span> <span class='ocrx_word' id='word_1_797' title='bbox 2498 5223 2555 5271; x_wconf 91' lang='lat' dir='ltr'>et</span> <span class='ocrx_word' id='word_1_798' title='bbox 2587 5234 2689 5288; x_wconf 89' lang='lat' dir='ltr'>per</span> <span class='ocrx_word' id='word_1_799' title='bbox 2729 5220 2904 5274; x_wconf 88' lang='lat' dir='ltr'>unius</span> <span class='ocrx_word' id='word_1_800' title='bbox 2951 5225 3392 5294; x_wconf 67' lang='lat' dir='ltr'>praepotentiam</span> <span class='ocrx_word' id='word_1_801' title='bbox 3447 5223 3789 5293; x_wconf 78' lang='lat' dir='ltr'>informata,</span> 
     </span>
    </p>
   </div>
   <div class='ocr_carea' id='block_1_111' title="bbox 2140 5305 3790 5384">
    <p class='ocr_par' dir='ltr' id='par_1_111' title="bbox 2140 5305 3790 5384">
     <span class='ocr_line' id='line_1_112' title="bbox 2140 5305 3790 5384; baseline 0.002 -21"><span class='ocrx_word' id='word_1_802' title='bbox 2140 5309 2224 5363; x_wconf 89' lang='lat' dir='ltr'>ita</span> <span class='ocrx_word' id='word_1_803' title='bbox 2242 5307 2481 5362; x_wconf 89' lang='lat' dir='ltr'>demum</span> <span class='ocrx_word' id='word_1_804' title='bbox 2513 5321 2582 5359; x_wconf 85' lang='lat' dir='ltr'>ex</span> <span class='ocrx_word' id='word_1_805' title='bbox 2611 5305 2704 5360; x_wconf 89' lang='lat' dir='ltr'>his</span> <span class='ocrx_word' id='word_1_806' title='bbox 2736 5323 2862 5378; x_wconf 75' lang='lat' dir='ltr'>quas</span> <span class='ocrx_word' id='word_1_807' title='bbox 2924 5311 3236 5380; x_wconf 66' lang='lat' dir='ltr'>praevalent</span> <span class='ocrx_word' id='word_1_808' title='bbox 3263 5317 3325 5366; x_wconf 92' lang='lat' dir='ltr'>ut</span> <span class='ocrx_word' id='word_1_809' title='bbox 3381 5329 3450 5367; x_wconf 81' lang='lat' dir='ltr'>ex</span> <span class='ocrx_word' id='word_1_810' title='bbox 3505 5312 3790 5384; x_wconf 89' lang='lat' dir='ltr'>simplici-</span> 
     </span>
    </p>
   </div>
   <div class='ocr_carea' id='block_1_112' title="bbox 2142 5394 3788 5468">
    <p class='ocr_par' dir='ltr' id='par_1_112' title="bbox 2142 5394 3788 5468">
     <span class='ocr_line' id='line_1_113' title="bbox 2142 5394 3788 5468; baseline 0.003 -15"><span class='ocrx_word' id='word_1_811' title='bbox 2142 5399 2272 5466; x_wconf 89' lang='lat' dir='ltr'>bus,</span> <span class='ocrx_word' id='word_1_812' title='bbox 2305 5394 2654 5452; x_wconf 85' lang='lat' dir='ltr'>secundaria</span> <span class='ocrx_word' id='word_1_813' title='bbox 2685 5398 3111 5468; x_wconf 88' lang='lat' dir='ltr'>compositione</span> <span class='ocrx_word' id='word_1_814' title='bbox 3159 5417 3294 5456; x_wconf 90' lang='lat' dir='ltr'>cum</span> <span class='ocrx_word' id='word_1_815' title='bbox 3327 5399 3608 5456; x_wconf 89' lang='lat' dir='ltr'>animalia</span> <span class='ocrx_word' id='word_1_816' title='bbox 3663 5406 3788 5458; x_wconf 87' lang='lat' dir='ltr'>tum</span> 
     </span>
    </p>
   </div>
   <div class='ocr_carea' id='block_1_113' title="bbox 2142 5483 3403 5560">
    <p class='ocr_par' dir='ltr' id='par_1_113' title="bbox 2142 5483 3403 5560">
     <span class='ocr_line' id='line_1_114' title="bbox 2142 5483 3403 5560; baseline 0.005 -20"><span class='ocrx_word' id='word_1_817' title='bbox 2142 5486 2374 5560; x_wconf 90' lang='lat' dir='ltr'>plantas</span> <span class='ocrx_word' id='word_1_818' title='bbox 2403 5483 2865 5557; x_wconf 87' lang='lat' dir='ltr'>earumdemque</span> <span class='ocrx_word' id='word_1_819' title='bbox 2893 5493 3088 5558; x_wconf 90' lang='lat' dir='ltr'>partes</span> <span class='ocrx_word' id='word_1_820' title='bbox 3117 5489 3403 5546; x_wconf 76' lang='lat' dir='ltr'>efﬁciunt.</span> 
     </span>
    </p>
   </div>
   <div class='ocr_carea' id='block_1_114' title="bbox 446 5627 3788 5700">
    <p class='ocr_par' dir='ltr' id='par_1_114' title="bbox 446 5627 3788 5700">
     <span class='ocr_line' id='line_1_115' title="bbox 446 5627 3788 5700; baseline 0 -7"><span class='ocrx_word' id='word_1_821' title='bbox 446 5650 491 5684; x_wconf 76' lang='grc' dir='ltr'>ιε</span> <span class='ocrx_word' id='word_1_822' title='bbox 521 5639 557 5693; x_wconf 88' lang='grc'>2</span> <span class='ocrx_word' id='word_1_823' title='bbox 587 5644 665 5695; x_wconf 87' lang='lat' dir='ltr'>De</span> <span class='ocrx_word' id='word_1_824' title='bbox 697 5644 827 5695; x_wconf 87' lang='lat' dir='ltr'>ortu</span> <span class='ocrx_word' id='word_1_825' title='bbox 857 5643 913 5695; x_wconf 91' lang='lat' dir='ltr'>et</span> <span class='ocrx_word' id='word_1_826' title='bbox 950 5637 1188 5693; x_wconf 88' lang='lat' dir='ltr'>interitu</span> <span class='ocrx_word' id='word_1_827' title='bbox 1217 5652 1267 5693; x_wconf 91' lang='lat' dir='ltr'>c.</span> <span class='ocrx_word' id='word_1_828' title='bbox 1300 5636 1352 5691; x_wconf 90' lang='lat'>3.</span> <span class='ocrx_word' id='word_1_829' title='bbox 1383 5635 1632 5695; x_wconf 88' lang='lat' dir='ltr'>Fermel.</span> <span class='ocrx_word' id='word_1_830' title='bbox 1664 5636 1780 5695; x_wconf 89' lang='lat' dir='ltr'>lib.</span> <span class='ocrx_word' id='word_1_831' title='bbox 1804 5639 1840 5693; x_wconf 90' lang='lat'><strong>2</strong></span> <span class='ocrx_word' id='word_1_832' title='bbox 1862 5638 1944 5695; x_wconf 88' lang='lat' dir='ltr'>De</span> <span class='ocrx_word' id='word_1_833' title='bbox 1973 5630 2301 5696; x_wconf 84' lang='lat' dir='ltr'>elementis.</span> <span class='ocrx_word' id='word_1_834' title='bbox 2331 5627 2461 5685; x_wconf 87' lang='lat' dir='ltr'>Jov.</span> <span class='ocrx_word' id='word_1_835' title='bbox 2499 5628 2800 5685; x_wconf 88' lang='lat' dir='ltr'>Pontanus</span> <span class='ocrx_word' id='word_1_836' title='bbox 2855 5627 2957 5686; x_wconf 89' lang='lat' dir='ltr'>lib.</span> <span class='ocrx_word' id='word_1_837' title='bbox 3005 5631 3058 5700; x_wconf 84' lang='grc'>4,</span> <span class='ocrx_word' id='word_1_838' title='bbox 3084 5631 3165 5688; x_wconf 86' lang='lat' dir='ltr'>De</span> <span class='ocrx_word' id='word_1_839' title='bbox 3224 5631 3401 5690; x_wconf 88' lang='lat' dir='ltr'>rebus</span> <span class='ocrx_word' id='word_1_840' title='bbox 3449 5629 3788 5693; x_wconf 66' lang='lat' dir='ltr'>celestibus</span> 
     </span>
    </p>
   </div>
   <div class='ocr_carea' id='block_1_115' title="bbox 371 5708 1496 5783">
    <p class='ocr_par' dir='ltr' id='par_1_115' title="bbox 371 5708 1496 5783">
     <span class='ocr_line' id='line_1_116' title="bbox 371 5708 1496 5783; baseline -0.004 -14"><span class='ocrx_word' id='word_1_841' title='bbox 371 5710 421 5747; x_wconf 67' lang='lat'>‘9</span> <span class='ocrx_word' id='word_1_842' title='bbox 449 5712 544 5770; x_wconf 78' lang='lat' dir='ltr'>Ps.</span> <span class='ocrx_word' id='word_1_843' title='bbox 569 5726 679 5783; x_wconf 75' lang='lat' dir='ltr'>etv,</span> <span class='ocrx_word' id='word_1_844' title='bbox 713 5728 768 5767; x_wconf 85' lang='grc' dir='ltr'>ν.</span> <span class='ocrx_word' id='word_1_845' title='bbox 799 5712 836 5767; x_wconf 89' lang='grc'>5</span> <span class='ocrx_word' id='word_1_846' title='bbox 859 5728 874 5782; x_wconf 88' lang='grc'><strong>;</strong></span> <span class='ocrx_word' id='word_1_847' title='bbox 897 5708 1257 5766; x_wconf 70' lang='grc' dir='ltr'>Εοοιθεὶεεῐω</span> <span class='ocrx_word' id='word_1_848' title='bbox 1283 5724 1324 5780; x_wconf 82' lang='grc' dir='ltr'>ι,</span> <span class='ocrx_word' id='word_1_849' title='bbox 1354 5724 1410 5765; x_wconf 83' lang='grc' dir='ltr'>ν.</span> <span class='ocrx_word' id='word_1_850' title='bbox 1440 5709 1496 5780; x_wconf 75' lang='lat'>4,</span> 
     </span>
    </p>
   </div>
  </div>
