4114 6432
313 388 468 450 1197

381 521 470 575 31.
504 522 851 590 Quanquam
883 517 1098 591 plantae
1127 521 1184 573 et
1203 516 1483 572 animalia
1538 516 1692 573 142
1714 520 1772 572 et
1829 531 1954 570 om-
1984 519 2034 585 Α

311 608 408 664 nia
457 608 761 663 terrestria
790 623 1036 679 corpora
1085 606 1218 677 plus
1257 611 1420 660 terra:
1477 621 1652 675 quam
1714 603 1963 674 reliquo-

311 713 443 752 rum
473 696 896 751 elementorum
929 694 1483 759 obtinent.0uodvis
1513 693 1669 748 enim
1701 693 1855 747 circa
1876 691 1959 746 lo-

312 803 447 842 cum
482 802 655 840 suum
691 784 825 856 plus
855 784 965 838 sibi
991 783 1264 838 vindicat.
1302 783 1463 847 Quod
1519 782 1566 836 si
1601 798 1738 852 ergo
1797 785 1960 834 terras

311 879 475 935 locus
508 874 763 930 universi
793 873 1053 928 medium
1085 878 1212 938 est;
1247 872 1339 926 his
1395 888 1522 942 qua:
1555 877 1695 924 sunt
1721 871 1776 922 in
1837 869 1960 923 loco

310 976 496 1027 terrae,
561 961 886 1034 plurimum
934 965 1100 1015 terras
1153 959 1366 1024 inerit;
1429 958 1638 1013 deinde
1692 963 1749 1012 et
1795 975 1958 1028 aqua:

307 1057 364 1106 et
422 1049 574 1106 aeris
629 1054 687 1104 et
760 1048 916 1119 ignis
972 1064 1071 1118 pro
1153 1049 1376 1100 ratione
1459 1043 1664 1100 localis
1748 1044 1959 1100 horum

305 1138 730 1196 elementorum
809 1153 844 1191 a
934 1141 1090 1192 terra
1171 1135 1462 1191 distantia:
1543 1138 1770 1204 partem
1862 1150 1958 1188 ca-

1565 376 1989 446 NICEPHORI
2037 372 2474 442 BLEMMIDE

3571 376 3742 448 “28

2142 512 2242 568 λα’.
2301 510 2564 572 Ille-imo;
2629 511 2813 583 μέντοι
2872 515 2980 566 τῶν
3030 509 3217 568 ἄλλων
3273 515 3562 593 στοιχείων
3603 536 3740 588 μετ-

2071 600 2184 676 έχει
2214 608 2314 669 τῆς
2345 603 2445 676 γῆς
2495 599 2561 653 τά
2609 599 2748 677 φυτὰ
2797 598 2887 653 καὶ
2938 600 3003 654 τὰ
3060 605 3171 670 ζῶα
3217 603 3305 658 καὶ
3354 603 3454 660 ὅσα
3483 605 3742 681 περίγεια

2070 690 2314 760 σώματα.
2366 691 2628 742 ’Ἐκαστον
2679 688 2781 762 γὰρ
2831 686 2956 764 περί
2992 690 3084 744 τὸν
3135 691 3336 748 οίκεῖον
3383 694 3553 750 τόπον
3589 691 3742 767 μᾶλ-

2071 775 2167 831 λον
2200 775 2533 834 πλεονεκτεῖ.
2569 777 2666 832 Καὶ
2719 777 2764 832 εἱ
2809 781 2907 847 τῆς
2953 785 3055 854 γῆς
3103 779 3274 844 τόπος
3321 782 3385 837 τὸ
3439 783 3603 855 μέσον
3636 787 3743 838 τοῦ

2069 867 2289 938 παντὸς,
2347 871 2464 928 τοῖς
2522 866 2669 920 οὗτιν
2732 865 2784 920 ἐν
2842 871 2921 939 τῷ
2968 867 3124 941 τόπῳ
3181 877 3282 939 τῆς
3325 878 3432 944 γῆς
3471 869 3739 927 πλεῖστον

2073 955 2292 1030 ὑπάρξει
2339 963 2439 1024 τῆς
2482 957 2604 1031 γῆς’
2655 955 2768 1010 εἶτα
2815 956 2904 1010 καὶ
2966 954 3161 1020 ὕδατος
3235 960 3486 1031 μετέσται
3545 959 3739 1024 αὐτοῖς

2070 1043 2229 1119 ἀέρος
2261 1065 2317 1098 τε
2347 1045 2436 1098 καὶ
2467 1044 2636 1118 πυρὸς
2689 1045 2826 1118 πρὸς
2872 1041 3040 1119 λόγον
3073 1052 3175 1115 τῆς
3220 1047 3327 1102 ἀπὸ
3359 1055 3465 1122 γῆς
3495 1064 3740 1118 τουτωνὶ

2067 1136 2174 1186 τῶν
2208 1131 2494 1209 στοιχείων
2525 1139 2759 1202 τοπικῆς
2791 1129 3137 1196 διαστάσεως.

310 1227 503 1302 piunt.

1653 1373 1999 1429 SYNOPSIS
2031 1373 2310 1428 CAPITIS
2341 1371 2462 1442 XII,

314 1493 465 1540 QUOD
495 1493 594 1532 EST
625 1493 698 1532 DE
727 1490 980 1531 FLAMMIS
1009 1489 1372 1529 ARDENTIBUS
1403 1488 1526 1536 ουλε
1585 1489 1643 1527 1N
1693 1489 1860 1527 COELO
1917 1489 2235 1536 APPARENT,
2289 1487 2355 1525 ET
2399 1487 2470 1526 DE
2505 1487 2581 1526 IIS
2637 1487 2768 1534 QUE
2815 1486 3018 1527 CAPRE
3066 1489 3134 1530 ET
3184 1489 3356 1530 FACES
3403 1491 3472 1532 ET
3527 1492 3741 1533 ετειιε

1667 1560 2090 1599 DlSCURRENTES
2131 1559 2430 1598 VOCANTUR

315 1668 374 1726 1.
411 1663 640 1724 Dividit
667 1671 849 1722 totam
878 1681 1075 1722 rerum
1105 1661 1547 1722 universitatem
1577 1659 1858 1742 divisione
1888 1660 2112 1739 integri
2137 1660 2198 1718 in
2223 1668 2428 1738 partes
2456 1677 2641 1742 suos;
2663 1661 2949 1742 nimirum
3005 1661 3068 1720 in
3122 1661 3416 1742 regionem
3462 1664 3738 1742 superio-

392 1764 516 1804 rem
534 1763 634 1803 seu
659 1742 1049 1808 aetheriammt
1068 1744 1410 1818 inferiorem
1437 1760 1538 1800 seu
1567 1741 1995 1800 etementarem.
2021 1775 2098 1782 —
2129 1743 2191 1798 2.
2221 1742 2433 1798 Aerem
2463 1739 2791 1820 suadividit
2811 1743 2872 1800 in
2893 1760 3027 1800 eum
3055 1741 3166 1820 qui
3178 1742 3340 1801 circa
3368 1739 3597 1803 terra'm
3616 1753 3726 1819 est,

387 1834 444 1885 et
464 1825 524 1883 in
544 1843 672 1883 eum
688 1843 879 1904 quem
901 1821 1045 1904 dicit
1076 1815 1192 1882 esse
1212 1824 1402 1904 ignem
1431 1821 1858 1904 elementarem,
1910 1821 2024 1904 qui
2043 1820 2233 1898 magis
2265 1820 2512 1898 praprie
2546 1815 2865 1891 ὑπέκκαυμα
2902 1815 3142 1904 vocetur
3163 1839 3192 1896 ;
3218 1829 3274 1880 et
3305 1823 3515 1904 iterum
3547 1815 3726 1876 ὑπὲκὲ

389 1923 571 1974 καυμα
598 1899 930 1963 εαόὶίιύίάιί
956 1903 1023 1962 in
1052 1899 1250 1982 magis
1272 1911 1330 1962 et
1355 1901 1548 1960 minus
1571 1921 1812 1982 purum.
1848 1899 2008 1979 quod
2037 1909 2350 1978 utrumque
2375 1908 2519 1982 utet
2546 1917 2739 1961 aerem
2773 1902 3118 1982 continuum
3140 1919 3270 1962 cum
3299 1903 3512 1962 aethere
3537 1922 3732 1965 move-

391 1985 453 2044 ri
473 1984 846 2065 pronuntiat,
882 1991 1120 2065 excepto
1149 1979 1270 2065 solo
1299 2001 1372 2065 eo_
1396 1979 1587 2065 aere;
1611 1982 1719 2065 qui
1756 1983 2154 2065 intra__terrae_
2201 1981 2641 2065 prominencias
2696 1989 2766 2065 et
2791 1979 3286 2065 inaequabilitates
3325 1984 3664 2065 continetur
3703 2003 3729 2046 :

390 2059 560 2145 quem
593 2078 786 2124 tamen
821 2059 1308 2145 ipsum—ulteriore
1333 2059 1635 2145 divisione
1652 2062 1712 2119 in
1742 2080 1869 2145 eum
1904 2059 2312 2145 dispescitqui
2347 2070 2485 2145 teras
2509 2065 2669 2145 ᾈΔξ
2704 2059 2956 2145 vicinior
2982 2071 3039 2121 et
3052 2061 3305 2138 proinde
3333 2063 3586 2145 calidior
3613 2074 3724 2140 est,

387 2139 446 2204 et
465 2165 594 2204 eum
623 2148 792 2224 quia
825 2139 986 2224 terra
1013 2144 1294 2224 remotior
1322 2161 1504 2222 eaque
1535 2143 1602 2201 de
1632 2159 1810 2201 causa
1837 2140 2125 2224 frigidior
2159 2140 2486 2199 exsistit.—
2518 2143 2577 2200 3.
2611 2139 2923 2224 Dupticem
2953 2161 3032 2224 ea;
3041 2151 3202 2224 terra
3232 2152 3286 2224 et
3299 2161 3456 2223 agna
3481 2139 3732 2206 exhata-

391 2227 604 2284 tionem
623 2220 907 2303 generari
960 2222 1230 2303 ostendit,
1256 2220 1606 2303 vapo'rosam
1637 2231 1688 2279 et
1719 2221 2035 2303 famulam,
2067 2239 2247 2303 quam
2279 2230 2599 2303 utramque
2617 2220 2874 2303 explicat
2905 2230 2962 2281 et
2990 2221 3280 2303 discribit.
3421 2228 3481 2284 4.
3531 2224 3732 2303 Vapo-

388 2325 512 2364 rem
542 2315 596 2364 et
626 2301 1088 2375 emicat/itionem,
1122 2301 1420 2381 fumidam
1449 2304 1691 2371 scilicet,
1725 2301 2118 2381 aliquemque
2144 2301 2358 2359 nulstim
2384 2310 2434 2360 et
2468 2301 2778 2360 mdiserete
2797 2301 3022 2380 efferri,
3056 2301 3161 2360 sed
3180 2302 3419 2381 tandem
3469 2301 3724 2379 secerni,

385 2395 441 2445 et
482 2395 796 2465 utrumque
822 2379 1271 2465 sibicognatum
1303 2401 1514 2465 corpus
1543 2393 1595 2442 et
1619 2379 2069 2465 convenientem
2096 2380 2284 2465 locum
2312 2399 2593 2465 quaerere.
2617 2416 2694 2425 —
2715 2384 2772 2465 5.
2812 2379 3112 2465 Quatenus
3170 2379 3486 2465 ὑπέκκαυμα
3530 2386 3733 2446 incen-

385 2405 441 2445 ετ
482 2405 796 2465 utrumque
822 2405 934 2443 διοι
961 2405 1271 2462 cognatum
1303 2405 1514 2521 mgnus
1543 2405 1595 2442 ω
1639 2405 2069 2441 convenientem
2096 2405 2284 2440 locum
2312 2405 2593 2460 quaerere.
2617 2416 2694 2425 —
2715 2405 2772 2441 ἱ).
2812 2405 3112 2454 quatenus
3170 2405 3486 2455 υπεκκαυμα
3530 2405 3731 2446 incen-

385 2465 586 2538 datur,
619 2476 676 2524 et
704 2463 989 2544 quomodo
1017 2463 1259 2544 ﬂamma
1288 2481 1377 2544 (ινΔ
1405 2481 1503 2522 ens
1530 2462 1861 2544 efﬁciatur.
1887 2496 1964 2504 —
1992 2462 2067 2544 6._
2091 2461 2394 2544 Quomodo
2439 2470 2662 2544 cetera?
2697 2464 2926 2544 _ignttoe
2984 2463 3387 2542 impressiones
3410 2465 3585 2544 ﬁant,
3658 2475 3731 2526 ut

383 2546 645 2624 primum
671 2539 879 2623 capra.
912 2579 988 2587 —
1017 2539 1078 2602 Ἷ.
1115 2541 1410 2624 Quomodo
1441 2545 1559 2624 fax
1585 2562 1682 2602 seu
1705 2543 1906 2624 torris.
1940 2576 2018 2584 —
2038 2539 2426 2624 8._0uomodo
2461 2541 2641 2602 stellte
2669 2539 3082 2624 discurrentes}
3115 2577 3192 2586 —
3223 2545 3282 2604 9.
3317 2539 3540 2605 Stellas
3607 2544 3734 2606 dis-

387 2621 686 2685 currentes
711 2621 765 2684 et
793 2624 900 2684 lzoc
927 2633 984 2683 et
1012 2623 1131 2684 alio
1151 2623 1320 2682 modo
1344 2623 1500 2702 ﬁeri.
1534 2658 1613 2667 —
1646 2626 1742 2682 10.
1781 2621 1980 2702 Ignem
2013 2622 2124 2702 qui
2145 2622 2478 2680 excretione
2508 2623 2568 2680 in
2582 2621 2774 2702 media
2803 2641 2959 2682 aeris
2997 2623 3235 2702 regione
3267 2634 3592 2702 generatur
3622 2626 3690 2686 id
3697 2661 3726 2672 -

390 2705 619 2793 terdum
653 2707 712 2793 in
735 2715 932 2793 terras
943 2715 998 2764 et
1022 2704 1218 2763 maria
1236 2699 1620 2793 _dec'idere,‘e_t
1647 2703 1881 2793 quando
1929 2701 1952 2758 Α

2068 2701 2197 2781 ﬁat.
2231 2736 2308 2793 .—
2340 2703 2436 2760 11.
2472 2701 2687 2762 Stettas
2709 2699 3101 2793 discurrentes
3122 2699 3180 2793 ἐν
3235 2699 3318 2774 τῷ
3348 2702 3728 2793 omnum-Suam

383 2804 493 2866 per
569 2785 1095 2874 inﬂammationem
1156 2801 1168 2842 :
1224 2785 1286 2874 in
1335 2802 1470 2874 aere
1513 2783 1832 2862 frigidiore
1854 2799 1975 2874 Per
2023 2783 2416 2874 excrftzqnem
2471 2783 2771 2872 generari.
2819 2817 2896 2826 -κ
2969 2786 3065 2874 i_2.
3103 2783 3524 2874 Excretionem
3547 2786 3728 2846 istam

383 2861 610 2945 semper
630 2861 701 2924 in
729 2865 1055 2944 oppositam
1085 2861 1808 2945 condensatzontspartem
1835 2861 1992 2945 ﬁeri.
2017 2896 2092 2906 ——
2114 2863 2211 2945 i3.
2249 2861 2567 2945 Occupatio
2598 2882 2800 2922 eorum
2821 2881 2954 2942 quae
2982 2862 3249 2945 deorsum
3275 2865 3728 2945 proficiuntur.

381 2938 566 3006 multa
599 2946 660 3004 in
707 2938 1102 3005 transversum
1130 2945 1371 3003 moveri.
1413 2948 1504 3002 14.
1536 2938 1844 3005 Conclutio
1875 2940 1952 2994 ἀνι

2068 2938 2382 3008 alma:an
2400 2938 2529 3022 qua
2551 2938 3099 3013 causw,materialcs
3128 2953 3186 3002 et
3206 2938 3489 3023 efﬁciens,
3525 2946 3722 3006 dicto-

383 3046 514 3086 rum
546 3039 910 3106 spectrorum
941 3034 1309 3104 repetuntur.
1345 3057 1415 3068 —-
1450 3026 1543 3083 15.
1574 3023 2008 3106 oroltarium,
2042 3040 2263 3106 quoex
2291 3041 2492 3106 cursus
2542 3025 2848 3106 velocztate
2901 3023 3274 3106 urguendum
3327 3028 3724 3106 praponitur,

377 3101 612 3187 spectra
633 3106 795 3166 dicta
824 3101 1044 3178 omnia,
1077 3113 1134 3165 et
1164 3106 1456 3184 imprimis
1474 3103 1779 3164 stellarum
1809 3101 2291 3175 discurrentium,
2330 3102 2501 3182 infra
2533 3101 2732 3163 lunam
2780 3102 2939 3183 ﬁeri.

861 3281 1092 3338 CAPUT
1131 3281 1231 3336 XII

301 3375 377 3429 De
407 3374 646 3436 ﬂammis
673 3371 1005 3427 ardentibus
1034 3385 1158 3442 qua
1177 3372 1238 3425 in
1281 3372 1412 3426 σιριο
1468 3375 1755 3442 apparent,
1815 3371 1955 3426 etde

371 3445 444 3499 iis
474 3459 594 3514 quae
615 3459 802 3515 capre
825 3446 881 3498 et
907 3443 1054 3516 faces
1111 3446 1162 3497 et
1207 3443 1389 3499 stellae
1443 3442 1810 3498 discurrentes
1858 3458 1952 3497 vo-

373 3525 595 3570 cantur.

372 3607 530 3660 144
563 3605 611 3658 1.
644 3603 905 3674 Desuper
933 3601 1171 3674 quidem
1208 3618 1241 3656 a
1271 3602 1624 3657 ﬁrmamenti
1667 3603 1950 3675 principio

303 3709 494 3764 usque
515 3694 586 3746 ad
610 3691 761 3746 lunae
795 3690 1559 3755 extremitatem,sethereum
1591 3696 1680 3747 cst
1699 3707 1947 3762 corpus;

305 3781 461 3836 infra
492 3784 688 3836 autem
712 3779 782 3834 ad
817 3779 1074 3834 medium
1109 3785 1165 3833 et
1195 3780 1349 3834 circa
1381 3779 1641 3833 medium
1679 3778 1951 3851 gravissi-

305 3886 404 3924 ma
424 3873 482 3924 et
510 3867 897 3940 frigidissima
925 3883 1169 3939 corpora
1199 3871 1358 3934 sunt,
1399 3871 1554 3921 terra
1585 3871 1642 3922 et
1698 3884 1851 3938 aqua
1871 3867 1943 3936 5°;

299 3962 357 4012 et
388 3961 540 4012 terra
570 3955 809 4028 quidem
864 3957 934 4010 ad
986 3955 1275 4022 medium,
1334 3972 1487 4026 aqua
1537 3960 1732 4010 autem
1795 3956 1950 4010 circa

298 4045 609 4100 medium:
657 4045 809 4099 inter
867 4043 988 4099 haec
1032 4049 1227 4099 autem
1274 4061 1515 4114 corpora
1569 4048 1627 4098 et
1672 4044 1946 4099 aetherem

295 4150 397 4188 aer
425 4139 534 4198 est,
565 4138 622 4188 et
639 4133 794 4206 ignis
825 4133 923 4188 ille
955 4133 1055 4205 qui
1109 4133 1484 4188 elementaris
1537 4140 1775 4188 vocatur
1807 4151 1820 4201 ;
1852 4151 1948 4188 aer

295 4222 534 4293 quidem
563 4228 776 4278 terram
803 4227 860 4277 et
887 4239 1101 4294 aquam
1134 4237 1499 4293 consequens
1525 4239 1538 4290 ;
1573 4227 1706 4293 post
1751 4238 1944 4277 aerem

293 4326 428 4365 vero
456 4310 609 4382 ignis
641 4309 1014 4367 elementaris
1046 4310 1388 4382 collocatus,
1417 4311 1515 4382 qui
1567 4311 1836 4367 diversus
1857 4316 1946 4366 est

294 4399 366 4454 ab
399 4416 465 4454 eo
489 4399 588 4471 qui
623 4406 754 4455 actu
787 4400 941 4472 ignis
970 4405 1060 4456 est
1088 4401 1154 4468 ⁸¹,
1190 4400 1297 4456 hoc
1321 4404 1431 4467 est,
1458 4400 1557 4471 qui
1592 4400 1722 4455 usui
1747 4404 1944 4455 nostro

298 4487 562 4556 inservnt,
593 4493 826 4560 estque
855 4505 1129 4544 excessus
1181 4493 1239 4544 et
1295 4487 1463 4559 quasi
1514 4488 1945 4545 effervescentia

296 4576 470 4632 calidi
503 4577 570 4631 ⁵³.

2691 3280 2951 3335 ΚΕΦΑΛ.
2995 3279 3090 3332 ΙΒ’.

2065 3366 2194 3444 Περι
2251 3370 2357 3444 τῷν
2409 3364 2745 3444 φαινομένων
2807 3364 3032 3444 φλογῶν
3086 3367 3392 3444 καιομένων
3425 3368 3574 3444 ,περί
3633 3370 3731 3425 τὸν

2135 3435 2360 3514 οὐρανὸν
2513 3435 2632 3514 τῷν.
2654 3435 3011 3514 καλουμένων
3065 3435 3258 3514 αἰγῶν,
3298 3439 3389 3494 καὶ
3421 3435 3603 3495 δαλῶν
3633 3443 3729 3496 καὶ

2135 3459 2196 3492 ου
2239 3459 2360 3492 ανον
2394 3458 2484 3491 και
2513 3459 2622 3492 των
2654 3457 3011 3510 καΛουμενων

2134 3457 2314 3565 δαςῶν
2339 3509 2428 3562 καὶ
2455 3506 2776 3563 διαθεόντων
2805 3509 3062 3585 ἀστέρων.

2132 3599 2196 3655 α’.
2224 3600 2461 3661 Ἂνωθεν
2517 3597 2609 3670 μὲν
2662 3597 2768 3652 ἀπὸ
2819 3600 2916 3666 τῆς
2962 3597 3144 3674 ἀρχῆς
3191 3603 3289 3653 τοῦ
3339 3600 3726 3674 στερεώματος

2063 3686 2230 3763 μέχρι
2287 3685 2375 3741 καὶ
2435 3690 2530 3740 τοῦ
2575 3687 2845 3761 τέρματος
2899 3693 3003 3756 τῆς
3067 3685 3307 3758 σελήνης
3360 3690 3424 3744 τὸ
3481 3688 3728 3764 αἰθέριόν

2059 3776 2167 3830 ἐστι
2201 3780 2379 3848 σῶμα·
2413 3776 2560 3830 κάτω
2613 3773 2660 3829 δ’
2710 3774 2797 3830 ἐπὶ
2844 3777 2907 3830 τὸ
2941 3777 3100 3850 μέσον
3152 3777 3242 3830 καὶ
3290 3779 3414 3854 περὶ
3457 3780 3520 3832 τὸ
3553 3779 3725 3851 μέσον

2055 3866 2123 3920 τὰ
2169 3869 2275 3919 τῶν
2325 3863 2591 3938 σωμάτων
2649 3865 2923 3940 βαρύτατα
2969 3865 3060 3920 καὶ
3117 3865 3476 3941 ψυχρότατα,
3530 3875 3601 3944 γῆ
3663 3890 3729 3924 τε

2057 3954 2146 4008 καὶ
2178 3951 2346 4030 ὕδωρ·
2379 3955 2414 4022 ἡ
2465 3961 2534 4028 γῆ
2594 3954 2686 4026 μὲν
2742 3953 2830 4007 ἐπι
2880 3953 2942 4008 τὸ
2991 3953 3174 4026 μέσον,
3219 3955 3282 4009 τὸ
3316 3953 3362 4010 δ’
3414 3953 3564 4032 ὕδωρ
3594 3959 3726 4034 περὶ

2054 4043 2117 4096 τὸ
2170 4040 2350 4115 μέσον
2406 4039 2602 4114 μεταξὺ
2651 4039 2708 4096 δὲ
2753 4040 2964 4096 τούτων
3016 4047 3123 4096 τῶν
3170 4043 3437 4115 σωμάτων
3483 4044 3575 4100 καὶ
3621 4051 3727 4101 τοῦ

2057 4131 2267 4205 αἰθέρος
2324 4131 2352 4184 ὁ
2410 4131 2516 4207 ἀήρ
2567 4128 2679 4185 ἐστι
2723 4131 2814 4184 καὶ
2869 4131 2931 4185 τὸ
2983 4128 3324 4204 καλούμενον
3363 4131 3726 4210 στοιχειῶδες

2055 4223 2184 4295 πῦρ,
2220 4218 2485 4294 ἐχόμενος
2541 4219 2635 4291 μὶν
2679 4225 2781 4288 τῆς
2831 4226 2936 4294 γῆς
2979 4219 3070 4274 καὶ
3115 4225 3212 4274 τοῦ
3266 4218 3462 4284 ὕδατος
3511 4223 3540 4276 ὁ
3585 4222 3721 4298 ἀήρ·

2059 4309 2193 4380 μετά
2241 4304 2300 4362 δὲ
2347 4307 2438 4361 τὸν
2493 4306 2625 4384 ἀέρα
2668 4307 2731 4362 τό
2779 4312 2886 4382 πῦρ
2937 4308 3257 4385 τεταγμένον
3308 4311 3372 4365 τὸ
3421 4316 3720 4388 στοιχειῶ-

2055 4393 2166 4462 δες,
2197 4393 2339 4450 ἄλλο
2377 4397 2651 4470 τυγχάνον
2697 4397 2845 4472 παρὰ
2889 4394 2952 4451 τὸ
2998 4395 3313 4473 ἐντελεχείᾳ
3361 4403 3491 4476 πῦρ,
3541 4398 3720 4476 ἤγουν

2051 4484 2114 4538 τὸ
2157 4481 2484 4555 διακονικὸν,
2533 4482 2666 4560 ὅπερ
2713 4483 2852 4540 ἐστὶν
2905 4484 3214 4562 ὑπερβολὴ,
3265 4486 3354 4542 καὶ
3409 4489 3521 4543 οἷον
3577 4487 3722 4558 ζέσις

2053 4575 2279 4649 θερμοῦ.

363 4665 419 4719 2.
453 4665 629 4720 Porro
662 4665 811 4721 aeris
844 4665 942 4737 qui
978 4670 1212 4737 propter
1242 4664 1299 4719 id
1333 4665 1488 4736 quod
1547 4663 1729 4720 vincit
1759 4666 1818 4720 in
1876 4682 1942 4721 eo

2133 4664 2198 4738 β’.
2258 4666 2362 4717 Τοῦ
2423 4659 2481 4717 δὲ
2537 4660 2837 4739 λεγομένου
2895 4663 3052 4740 ἀέρος
3133 4663 3223 4720 διὰ
3275 4666 3337 4720 τὸ
3396 4666 3724 4741 ἐπικρατοῦν

296 4753 382 4809 sic
413 4753 648 4822 dicitur,
681 4771 816 4826 pars
848 4760 1016 4810 terra:
1047 4755 1255 4823 vicina,
1308 4752 1549 4808 humida
1575 4759 1664 4808 est
1692 4755 1943 4810 maxime

293 4847 352 4897 et
372 4840 583 4898 calida.
618 4842 843 4897 Etenim
891 4843 1059 4898 sicca:
1109 4841 1347 4914 quidem
1406 4841 1580 4897 etiam
1624 4841 1940 4898 exhalatio-

292 4930 446 4984 nise
507 4935 662 4985 terra
716 4935 806 4986 est
864 4930 1209 5003 particeps;
1272 4929 1403 5002 plus
1463 4934 1654 4985 tamen
1714 4931 1946 5002 vaporis

295 5017 580 5073 humidis.
601 5018 952 5089 Hujusmodi
984 5019 1166 5090 igitur
1195 5024 1283 5073 est
1313 5016 1472 5073 illius
1498 5017 1768 5074 elementi
1789 5019 1944 5090 quod

294 5122 488 5162 aerem
520 5106 888 5178 appellamus
919 5124 987 5162 ea
1043 5124 1180 5178 pars
1209 5123 1335 5178 quae
1393 5110 1561 5160 terrae
1591 5106 1780 5162 vicina
1834 5113 1942 5162 est.

291 5193 427 5257 Qum
459 5201 655 5251 autem
690 5195 1002 5251 sublimior
1022 5201 1111 5251 est
1144 5195 1264 5260 illa,
1294 5193 1484 5250 calida
1527 5197 1654 5266 jam
1685 5202 1742 5250 et
1795 5196 1944 5251 sicca

290 5289 397 5337 est.
423 5285 613 5355 Atque
638 5283 731 5340 hic
762 5284 916 5356 ignis
958 5283 1055 5339 ille
1084 5288 1194 5351 est,
1228 5282 1326 5355 qui
1377 5282 1750 5339 elementaris
1780 5301 1947 5340 voca-

295 5373 417 5440 tur,
457 5372 552 5440 qui
597 5371 730 5427 licet
757 5373 911 5445 ignis
966 5378 1243 5428 consueto
1275 5388 1434 5427 more
1464 5372 1710 5439 dicatur,
1763 5373 1952 5445 magis

293 5459 515 5512 tamem
572 5462 804 5531 proprie
862 5460 1198 5532 ὑπέκκαυμα,
1232 5459 1289 5515 id
1332 5466 1438 5532 est,
1489 5462 1814 5530 succensio,
1848 5479 1952 5517 seu

289 5543 494 5618 fomes,
527 5554 788 5604 vocatur.
831 5551 1218 5606 Succenditur
1261 5549 1418 5604 enim
1479 5567 1630 5623 saepe
1675 5553 1953 5624 exiguum

2051 4750 2174 4806 ὅσον
2211 4751 2304 4824 μὲν
2355 4752 2478 4828 περὶ
2517 4751 2617 4820 τήν
2669 4754 2770 4828 γῆν
2819 4751 2981 4828 ὑγρόν
3033 4751 3143 4808 ἐστι
3198 4753 3436 4828 μάλιστα
3465 4756 3556 4811 καὶ
3591 4768 3719 4834 θερ-

2058 4842 2156 4914 μὸν
2187 4839 2428 4916 (μετέχει
2463 4840 2556 4914 μὲν
2597 4840 2698 4916 γὰρ
2749 4839 2840 4894 καί
2887 4861 3034 4904 τινος
3083 4841 3494 4917 ἀναθυμιάσεως
3545 4843 3720 4921 ξηρᾶς

2055 4928 2114 4983 ἐκ
2142 4935 2241 4998 τῆς
2271 4930 2416 5004 γῆς)·
2448 4929 2512 4984 τὸ
2539 4926 2596 4983 δὲ
2623 4927 2789 4983 πλέον
2833 4928 3062 5004 ἀτμίδος
3111 4930 3251 4986 ἐστὶν
3295 4933 3483 5008 ὑγρᾶς.
3514 4932 3585 4987 Τὸ
3623 4933 3722 5006 μὲν

2056 5015 2147 5072 οῦν
2179 5018 2302 5094 περὶ
2333 5019 2430 5086 τήν
2457 5021 2556 5094 γῆν
2577 5021 2675 5072 τοῦ
2695 5017 2783 5096 ὕφ’
2808 5020 2968 5091 ἡμῶν
2991 5017 3336 5093 καλουμένου
3357 5020 3519 5099 ἀέρος
3539 5027 3727 5077 τοιοῦ-

2054 5125 2168 5161 τον’
2201 5107 2264 5160 τὸ
2297 5102 2342 5160 δ’
2372 5106 2504 5182 ὑπὲρ
2533 5110 2695 5161 τοῦτο
2728 5106 2926 5181 θερμὸν
2958 5107 3048 5161 καὶ
3071 5108 3232 5183 ξηρὸν
3264 5106 3400 5181 ἤδη.
3420 5110 3518 5165 Καὶ
3555 5110 3722 5165 τοῦτό

2060 5195 2170 5250 ἐστι
2227 5193 2566 5268 καλούμενον
2623 5192 2972 5270 στοιχειῶδες
3030 5201 3158 5274 πῦρ,
3219 5199 3248 5253 ὃ
3298 5195 3388 5253 διὰ
3434 5201 3719 5270 συνήθειαν

2061 5283 2273 5360 λέγεται
2333 5289 2479 5359 πῦρ·
2540 5285 2870 5360 κυριώτερον
2931 5281 2988 5340 δὲ
3044 5285 3291 5342 καλεῖται
3351 5288 3717 5362 ὑπέκκαυμα.

2058 5373 2425 5428 Ὑπεκκαίεται
2476 5374 2577 5450 γὰρ
2636 5371 2911 5436 πολλάκις
2971 5383 3166 5452 μικρᾶς
3242 5375 3503 5454 ἐπιτυχὸν
3560 5379 3720 5450 κινή-

2063 5483 2222 5530 σεως,
2279 5463 2367 5517 καὶ
2422 5467 2528 5538 πῦρ
2589 5461 2962 5518 ἐντελέστατον
3019 5463 3245 5540 γίνεται.
3302 5471 3473 5522 Τοῦτο
3533 5463 3600 5535 δὴ
3652 5467 3719 5522 τὸ

2066 5552 2384 5625 ὑπέκκαυμα
2431 5553 2655 5629 συνεχές
2713 5550 2822 5608 ἐστι
2880 5555 2960 5627 τῷ
3015 5552 3210 5632 αἰθέρι.
3271 5555 3415 5612 Κατὰ
3470 5555 3575 5634 γὰρ
3617 5556 3721 5628 τήν

362 5669 463 5729 ⁵⁰1
516 5671 758 5730 Meteor.
781 5691 832 5748 ο,
866 5677 922 5732 3.
951 5677 995 5716 δι
1027 5677 1064 5731 2
1121 5675 1203 5732 De
1259 5673 1390 5731 oriu
1449 5678 1507 5732 et
1559 5675 1799 5736 interitu
1853 5693 1903 5738 ο.

2068 5679 2103 5720 ⁸³
2137 5681 2163 5740 1
2201 5679 2339 5740 Met.
2372 5695 2420 5740 ο.
2457 5679 2512 5740 3.
