4114 6426
348 368 509 428 1129

335 498 534 570 κοίλην
586 494 895 575 ἐπιφάνειαν
955 502 1056 565 τῆς
1114 496 1442 566 σεληνιακῆς
1495 494 1724 574 σφαίρας
1759 539 1772 564 ,

335 587 703 659 συνάπτεται,
762 587 854 641 καὶ
913 584 1094 662 ὥσπερ
1153 590 1252 640 τοῦ
1310 583 1519 661 αἰθέρος
1574 586 1634 639 τὸ
1705 585 1798 657 μὲν
1860 583 1998 640 ἔστιν

335 677 663 754 εἰλικρινές,
710 676 776 731 τὸ
821 672 867 730 δ’
914 677 1076 744 ἧττον
1125 674 1400 750 καθαρὸν,
1450 673 1540 728 καὶ
1593 673 1829 747 μάλιστα
1875 672 1999 729 ὅσον

335 767 448 822 ἐστὶ
505 766 631 843 περὶ
686 766 785 834 τὴν
845 765 983 819 κατὰ
1035 762 1099 818 τὰ
1169 763 1489 837 ὑπέκκαυμα
1548 763 1782 841 συναφὴν
1813 810 1829 836 ,
1889 763 2002 817 οἷον

337 855 660 929 ὑποστάθμη
710 859 809 910 τοῦ
847 852 1065 928 αἰθέρος
1113 847 1196 908 ὅψ
1247 852 1391 908 οὕτω
1440 849 1509 921 δὴ
1559 853 1649 907 καὶ
1692 856 1791 908 τοῦ
1839 852 1999 907 ὑπεκ-

333 945 613 1020 καύματος
687 943 752 998 τὸ
812 943 906 1016 μὲν
968 940 1111 997 ἔστιν
1178 940 1324 1004 ὅλως
1382 942 1580 1017 θερμὸν
1637 941 1729 996 καὶ
1787 941 1949 1017 ξηρὸν
1981 987 1996 1013 ,

333 1033 463 1089 ὅσον
517 1033 628 1088 ἄνω
685 1029 900 1106 μᾶλλον
949 1031 1042 1084 καὶ
1090 1034 1191 1085 τοῦ
1240 1029 1454 1106 αἰθέρος
1505 1029 1810 1106 ἐγγύτερον,
1859 1030 1921 1084 τὸ
1953 1026 2000 1083 δ’

332 1125 496 1192 ἧττον
549 1124 800 1176 τοιοῦτον
835 1165 850 1192 ,
911 1118 1034 1174 ὅσον
1109 1117 1403 1194 κατωτέρω
1473 1118 1565 1172 καὶ
1619 1122 1716 1173 τοῦ
1782 1117 1997 1194 αἰθέρος

333 1213 645 1287 ἀπώτερον,
691 1207 1019 1284 Φερομένων
1075 1207 1178 1283 γὰρ
1229 1207 1419 1280 κύκλῳ
1457 1211 1582 1262 ’τοῦ
1637 1202 1854 1282 αἰθέρος
1908 1207 1998 1262 καὶ

330 1305 440 1356 τῶν
493 1298 546 1354 ἐν
595 1297 743 1370 αὐτῷ
787 1298 1081 1372 σωμάτων,
1129 1296 1193 1352 τὸ
1240 1295 1510 1371 προσεχὲς
1559 1295 1642 1350 ἀεὶ
1687 1299 1758 1370 τῇ
1786 1294 1998 1366 κινήσεί

334 1386 744 1465 διακρινόμενον
797 1386 1122 1463 ἐκπυροῦται
1151 1432 1167 1459 ,
1217 1385 1308 1440 καὶ
1357 1381 1467 1440 ἔστι
1511 1384 1837 1461 θερμότερον
1893 1386 1994 1458 μά-

332 1476 492 1533 λιστα
536 1475 627 1532 καὶ
679 1474 988 1552 ξηρότερον.
1038 1477 1199 1529 Ὅσον
1247 1471 1306 1529 δὲ
1347 1478 1446 1528 τοῦ
1504 1472 1714 1550 αἰθέρος
1769 1471 1998 1552 ἀφέστη-

331 1570 612 1640 κεν,ἥττον
674 1566 908 1642 ὑπάρχει
955 1568 1203 1619 τοιοῦτον
1274 1564 1410 1639 πρὸς
1485 1561 1652 1638 λόγον
1706 1566 1804 1632 τῆς
1866 1563 1999 1618 ἀπο-

329 1659 588 1718 στάσεως.
651 1659 995 1731 Συγκινεῖται
1050 1652 1107 1708 δὲ
1156 1658 1235 1725 τῷ
1291 1651 1462 1728 αἰθέρι
1519 1653 1657 1707 κατά
1715 1649 1883 1726 λόγον
1931 1652 1995 1707 τὸ

329 1746 467 1802 ἅπαν
547 1743 868 1817 ὑπέκκαυμα
915 1763 928 1776 ·
1006 1741 1334 1821 συμφέρεται
1411 1739 1469 1797 δέ
1539 1763 1658 1804 πως
1737 1739 1826 1796 διὰ
1896 1741 1996 1810 τήν

328 1835 607 1911 συνέχειαν
640 1834 793 1889 καὶὸ
839 1831 1103 1906 ἐλόμενος
1151 1830 1349 1887 τούτου
1397 1831 1525 1908 ἀήρ·
1559 1829 1706 1900 πλὴν
1758 1835 1858 1885 τοῦ
1903 1825 1993 1884 ὅν·
2023 1876 2069 1942 Β

483 1923 498 1942 9
573 1925 588 1942 \
713 1927 740 1937 σι-
867 1928 894 1940 ν
1021 1924 1049 1935 ὐ
1137 1919 1183 1942 ἳΡ
1223 1925 1297 1942 ..θ’
1400 1919 1486 1942 ,,,,\
1553 1919 1737 1942 3....ᾼἺ.
1778 1924 1989 1942 -,~._-,

327 1945 422 1988 τος
480 1923 628 1987 ἐντὸς
673 1927 783 1978 τῶν
827 1928 929 1992 τῆς
977 1924 1080 1998 γῆς
1133 1919 1337 1996 ἐξοχῶν
1396 1919 1488 1975 καὶ
1545 1919 1991 1996 ἀναπληροῦντος

324 2014 422 2076 τάς
472 2009 792 2086 ἀνωμαλίας
847 2017 950 2080 τῆς
1009 2012 1114 2086 γῆς
1172 2010 1263 2064 καὶ
1320 2007 1712 2086 ἀπαρτίζοντος
1765 2007 1987 2082 ταύτην,

325 2103 402 2164 ὡς
461 2102 594 2158 εἶναι
656 2098 978 2178 σφαιροειδῆ
1037 2097 1128 2153 σὺν
1187 2098 1355 2171 αὐτῷ·
1413 2098 1572 2153 οὗτος
1621 2100 1725 2175 γὰρ
1757 2097 1856 2152 οὐκ
1884 2093 1984 2170 ἔτι,

322 2189 513 2264 κύκλῳ
589 2189 1016 2266 συμπεριάγεται
1053 2206 1065 2218 ⁶
1127 2185 1266 2243 διότι
1325 2184 1552 2264 θολερὸς
1607 2187 1698 2242 καὶ
1755 2185 1937 2262 παχὺς
1969 2231 1984 2256 ,

323 2281 603 2344 κάντεῦθεν
668 2277 963 2356 βαρύτερος
1019 2277 1109 2333 καὶ
1179 2276 1499 2348 δυσκίνητος
1531 2295 1546 2310 °
1606 2274 1690 2331 ὅτι
1764 2276 1855 2331 καὶ
1907 2281 1988 2349 τῷ

327 2367 480 2425 ὕδατι
538 2367 629 2425 καὶ
684 2371 754 2442 τῇ
811 2374 880 2444 γῆ
933 2367 1218 2443 συγγενής·
1270 2363 1401 2428 ἰίσως
1449 2366 1540 2420 καὶ
1587 2370 1694 2420 τῶν
1743 2364 1879 2420 κατά
1919 2365 1988 2420 τὰ

322 2453 426 2536 ὅρη
469 2458 674 2534 ἐξοχῶν
726 2456 1060 2512 κωλυουσῶν
1107 2455 1271 2510 αὐτοῦ
1318 2457 1417 2524 τήν
1472 2454 1806 2528 μετάστασιν.
1847 2453 1982 2509 Τού-

317 2569 420 2604 του
472 2546 540 2618 δὴ
589 2551 687 2602 τοῦ
736 2547 892 2622 ἀέρος
936 2550 1036 2601 τοῦ
1088 2547 1166 2619 μή
1213 2543 1635 2621 συγκινουμένου
1689 2548 1768 2616 τῷ
1822 2544 1984 2599 ὑπεκ-

314 2637 553 2713 καύματι
616 2635 740 2693 ὅσον
802 2633 1184 2712 ἀπογειότερόν
1244 2633 1376 2706 ἐστι,
1434 2638 1597 2689 τοῦτο
1647 2630 1706 2687 δὲ
1752 2632 1843 2688 καὶ
1882 2635 1983 2707 ψυ-

315 2727 622 2805 χρότερον·
664 2725 755 2782 διὰ
800 2725 867 2788 ⁴τὸ
923 2725 1054 2798 μήθ’
1084 2723 1190 2778 ὑπὸ
1233 2725 1496 2794 κινήσεως
1547 2723 1681 2796 μήθ’
1731 2721 1834 2777 ὑπὸ
1875 2727 1984 2777 τῶν

320 2817 571 2888 ἡλιακῶν
631 2814 860 2871 ἀκτίνων
898 2811 1302 2887 ἀνακλωμένων
1351 2812 1746 2888 θερμαίνεσθαι.
1810 2817 1984 2886 Προσ-

318 2909 632 2962 πιπτουσῶν
690 2904 792 2980 γὰρ
847 2906 955 2958 τῶν
1020 2901 1268 2972 ἡλιακῶν
1328 2901 1558 2957 ἀκτίνων
1615 2904 1684 2975 τῇ
1734 2903 1830 2976 γῇ,
1889 2900 1980 2955 καὶ

324 2994 491 3051 πάλιν
546 2993 607 3049 ἐκ
659 2993 863 3064 ταύτης
925 2989 1348 3065 ἀνακλωμένων,
1407 2993 1477 3063 τῇ
1537 2986 1710 3064 διπλῇ
1757 2986 1982 3065 παρόδῳ

323 3083 671 3160 θερμαίνεται
712 3129 728 3155 ,
788 3081 818 3136 ὃ
900 3077 1116 3153 μᾶλλον
1189 3078 1609 3155 προσγειότερόν
1686 3077 1796 3133 ἐστι
1881 3081 1978 3133 τοῦ

322 3171 500 3248 ἀέρος·
560 3171 624 3225 τὸ
679 3168 726 3225 δ’
785 3169 1167 3246 ἀπογειότερον
1246 3167 1475 3232 καθόσον
1540 3166 1924 3242 ἀπογειότερον
1961 3209 1976 3237 ,

1675 363 2025 423 ΕΡΙΤΟΜΕ
2072 365 2431 425 PHYSICA.

1824 494 1985 566 τούτο

2117 499 2294 553 etiam
2329 504 2554 554 motum
2616 507 2929 556 consecuta
2986 507 3041 556 et
3099 501 3563 573 perfectissimus
3609 506 3758 561 145

3609 372 3767 430 1130

2113 587 2269 660 ignis
2301 589 2572 644 efﬁcitur.
2609 590 2736 644 Haec
2770 589 3050 644 nimirum
3084 591 3388 646 succensio
3446 593 3641 648 aetheri
3675 601 3766 650 est

2112 677 2389 733 continua
2421 697 2434 746 ;
2467 680 2682 750 quippe
2707 679 2899 750 quoad
2930 696 3243 735 concavam
3277 679 3503 736 lunaris
3523 683 3764 752 sphaerae

2109 768 2476 839 superﬁciem
2526 766 2613 822 illi
2673 769 3067 840 conjungitur.
3116 771 3196 824 Ac
3255 772 3763 841 quemadmodum

2110 855 2341 911 aetheris
2373 874 2508 929 pars
2542 856 2656 912 alia
2687 858 2926 928 quidem
2959 858 3208 929 sincera,
3243 859 3357 915 alia
3383 876 3516 915 vero
3562 861 3764 918 minus

2110 962 2258 1017 pura
2286 950 2394 1013 est,
2427 950 2484 1001 et
2512 947 2572 1001 in
2606 947 2812 1018 primis
2844 963 2912 1002 ea
2943 963 3068 1017 quae
3115 963 3251 1003 cum
3308 949 3690 1006 succensione
3719 950 3765 985 ⁸³

2110 1035 2508 1107 conjungitur,
2552 1052 2680 1106 quis
2746 1034 2927 1092 veluti
3009 1035 3119 1091 faex
3174 1039 3263 1092 est
3318 1037 3554 1094 aetheris
3604 1056 3616 1094 :
3677 1039 3762 1094 ita

2109 1122 2332 1179 scilicet
2379 1123 2554 1179 etiam
2615 1123 2839 1180 fomitis
2888 1141 3025 1196 pars
3073 1125 3344 1196 quedam
3375 1130 3466 1182 est
3521 1126 3759 1184 omnino

2108 1211 2298 1268 calida
2327 1216 2383 1268 et
2413 1213 2584 1268 sicca.
2618 1217 2838 1284 quanto
2869 1213 3182 1268 sublimior
3211 1218 3267 1269 et
3287 1213 3489 1271 aetheri
3519 1216 3758 1288 propin-

2107 1302 2279 1372 quior
2308 1306 2397 1357 est
2430 1327 2444 1369 ;
2475 1303 2743 1374 quaedam
2774 1306 2971 1358 autem
3003 1319 3120 1358 non
3151 1305 3234 1358 ita
3273 1303 3465 1360 calida
3493 1309 3549 1360 et
3580 1304 3755 1375 sicca,

2107 1395 2326 1462 quanto
2358 1391 2598 1446 inferior
2625 1395 2684 1448 et
2713 1391 2786 1446 ab
2818 1391 3032 1447 aethere
3063 1392 3358 1448 remotior.
3391 1392 3538 1449 Cum
3597 1395 3758 1450 enim

2107 1480 2284 1535 aether
2313 1484 2370 1536 et
2399 1497 2526 1552 qua:
2573 1480 2635 1536 in
2695 1481 2823 1552 ipso
2884 1485 3026 1536 sunt
3055 1497 3318 1552 corpora,
3350 1481 3410 1537 in
3470 1481 3757 1539 circulum

2103 1567 2412 1624 volvantur
2443 1586 2455 1623 :
2492 1569 2648 1641 quod
2697 1570 2746 1624 ei
2806 1569 3054 1625 cohaeret
3077 1570 3120 1604 5‘
3155 1574 3436 1643 perpetuo
3467 1576 3632 1627 motu
3664 1589 3755 1629 se-

2105 1661 2330 1713 cretum
2363 1657 2852 1729 inﬂammatur,et
2883 1674 3115 1713 summe
3145 1657 3403 1714 calidum
3435 1664 3613 1732 atque
3643 1661 3756 1717 sic-

2105 1761 2238 1801 cum
2267 1751 2358 1802 est
2391 1764 2403 1814 ;
2433 1747 2589 1818 quod
2634 1751 2832 1802 autem
2864 1747 2937 1802 ab
2968 1746 3182 1802 aethere
3247 1746 3450 1816 distat,
3511 1766 3615 1821 pro
3667 1750 3756 1805 di-

2103 1834 2331 1890 stantias
2362 1835 2587 1891 ratione
2619 1835 2818 1891 minus
2849 1834 3104 1891 calidum
3137 1840 3195 1891 et
3225 1835 3448 1892 siccum
3478 1841 3587 1892 est.
3617 1838 3650 1893 J
3659 1855 3754 1894 am

2099 1939 2231 1979 vero
2263 1940 2400 1979 cum
2429 1924 2641 1980 aethere
2671 1925 2945 1980 universa
2975 1924 3280 1980 succensio
3339 1929 3567 1981 servata
3613 1943 3754 1998 pro-

2100 2012 2365 2083 portione
2397 2012 2574 2068 simul
2607 2017 2894 2078 movetur,
2927 2013 3027 2069 sed
3060 2016 3118 2068 et
3164 2017 3406 2085 propter
3449 2013 3751 2070 continui-

2098 2105 2280 2157 tatem
2311 2103 2662 2174 conjunctus
2693 2100 2780 2156 illi
2811 2118 2911 2162 aer
2939 2102 3376 2173 quodammodo
3408 2104 3749 2174 movetur“;

2099 2189 2186 2245 illi
2235 2196 2471 2262 excepto
2521 2191 2622 2262 qui
2672 2189 2828 2246 intra
2874 2190 3301 2263 prominentias
3353 2195 3520 2247 terra;
3550 2197 3660 2263 est,
3695 2195 3753 2248 et

2097 2277 2589 2350 inaequabilitates
2617 2283 2785 2335 terrae
2816 2279 3024 2351 replet,
3065 2284 3130 2335 ut
3155 2279 3287 2351 ipsa
3331 2296 3466 2335 cum
3496 2297 3562 2336 eo
3593 2281 3750 2337 orbi-

2097 2367 2312 2424 cularis
2341 2367 2438 2424 sit.
2473 2369 2599 2424 Non
2637 2367 2794 2424 enim
2841 2368 3100 2440 amplius
3148 2367 3243 2424 hic
3293 2369 3353 2423 in
3386 2370 3587 2425 orbem
3635 2369 3747 2426 cir-

2096 2457 2451 2528 cumagitur,
2483 2457 2625 2529 quia
2651 2456 2929 2512 turbidus
2960 2463 3017 2512 et
3055 2474 3294 2514 crassus
3325 2461 3383 2513 et
3411 2457 3550 2514 hinc
3570 2458 3748 2515 etiam

2094 2546 2323 2616 gravior
2352 2549 2463 2616 est,
2497 2550 2554 2600 et
2583 2545 2874 2617 ejusmodi
2906 2547 3063 2602 146
3117 2546 3219 2618 qui
3269 2545 3586 2602 difﬁculter
3627 2563 3752 2604 mo-

2092 2634 2214 2689 veri
2246 2639 2467 2706 queat;
2505 2634 2646 2705 quia
2674 2639 2802 2690 tum
2850 2651 3015 2706 aquae
3067 2637 3197 2689 tum
3248 2638 3415 2690 terra
3463 2640 3749 2708 cognatus

2093 2727 2203 2789 est,
2237 2739 2303 2778 ac
2333 2722 2479 2779 forte
2509 2723 2686 2778 etiam
2718 2727 3028 2795 propterea
3055 2725 3210 2795 quod
3270 2724 3561 2780 montium
3593 2725 3745 2780 emi-

2092 2812 2300 2868 nentia;
2332 2811 2742 2885 migrationem
2774 2813 2903 2884 ejus
2960 2812 3314 2884 impediunt.
3368 2814 3555 2886 Hujus
3603 2831 3744 2872 sane

2091 2901 2244 2957 aeris
2269 2919 2406 2974 pars
2437 2917 2504 2956 ea
2561 2918 2689 2973 quae
2747 2917 2884 2957 cum
2944 2902 3331 2958 succensione
3387 2902 3567 2958 simul
3625 2921 3742 2960 non

2091 2995 2377 3059 movetur,
2410 2994 2633 3062 quanto
2663 3007 2697 3045 a
2720 2995 2877 3046 terra
2905 2994 2996 3046 est
3021 2989 3322 3057 remotior,
3353 2993 3517 3047 tanto
3563 2991 3742 3048 etiam

2089 3079 2356 3151 frigidior
2387 3083 2477 3135 est
2509 3096 2522 3135 :
2558 3083 2865 3151 propterea
2913 3078 3068 3150 quod
3125 3094 3231 3134 nec
3286 3096 3321 3134 a
3351 3083 3515 3135 motu
3573 3096 3680 3136 nec
3708 3097 3744 3136 a

2089 3168 2270 3224 radiis
2327 3167 2620 3224 solaribus
2653 3167 2902 3234 caleﬁat,
2955 3183 3090 3222 cum
3142 3167 3564 3239 refringuntur.
3595 3169 3740 3224 Cum

319 3241 458 3317 κατὰ
510 3264 768 3315 τοσοῦτον
829 3241 916 3314 ού*
954 3241 1170 3336 δέχεται
1223 3259 1322 3327 τὴν
1374 3256 1434 3312 ἐκ
1477 3264 1579 3327 τῆς
1633 3241 1978 3318 ἀνακλάσεως

2098 3257 2247 3314 enim
2279 3257 2502 3313 solares
2533 3256 2682 3312 radii
2710 3256 2770 3311 in
2818 3259 3034 3312 terram
3091 3255 3384 3324 incidunt,
3436 3260 3494 3312 et
3544 3257 3740 3314 denuo

316 3353 428 3405 τῶν
486 3347 714 3403 ἀκτίνων
774 3347 1102 3424 θερμότητα.
1161 3347 1527 3420 Ἐξασθενοῦσι
1585 3346 1685 3422 γὰρ
1743 3345 1799 3400 αἱ
1847 3344 1972 3400 ἀνα-

317 3435 563 3509 κλάσεις,
596 3436 672 3499 εἰς
697 3436 875 3513 ἀχανῆ
906 3437 998 3492 τὸν
1025 3436 1156 3512 ἀέρα
1183 3456 1282 3512 χεο
1291 3434 1466 3510 μένων
1492 3439 1600 3490 τῶν
1634 3433 1863 3490 ἀκτίνων
1885 3433 1976 3489 καὶ

319 3523 710 3600 σκιδναμένων.

2085 3363 2155 3403 ex
2199 3347 2330 3418 ipsa
2380 3345 2801 3418 refringuntur,
2860 3344 3082 3417 duplici
3110 3344 3364 3400 transitu
3422 3344 3616 3402 caleﬁt
3671 3362 3742 3406 ea

2087 3453 2223 3510 pars
2255 3435 2406 3492 aeris
2436 3451 2567 3506 quae
2595 3439 2760 3490 terra;
2792 3438 2883 3490 est
2918 3433 3164 3490 vicinior
3194 3451 3210 3502 ;
3243 3450 3371 3506 quas
3417 3439 3614 3492 autem
3650 3440 3741 3492 est

2087 3523 2612 3596 remotior,quanto
2634 3523 3006 3591 remotior,ea
3025 3524 3096 3579 de
3126 3539 3308 3579 cansa
3337 3540 3406 3579 ex
3435 3524 3738 3580 radiorum

319 3617 669 3674 refraetione
697 3615 950 3674 calorem
982 3633 1099 3674 non
1129 3616 1355 3688 recipit.
1388 3615 1709 3674 Debiliores
1741 3613 1901 3671 enim
1920 3615 1964 3650 ⁵⁸
1995 3613 2145 3670 ﬁunt
2172 3613 2344 3679 radii,
2375 3629 2509 3669 cum
2539 3613 2600 3668 in
2630 3617 2866 3670 vastum
2918 3629 3114 3670 aerem
3160 3613 3493 3670 funduntur
3528 3619 3588 3670 et
3616 3614 3737 3671 dis-

324 3707 616 3780 sipantur.

391 3796 462 3869 γ’.
514 3793 730 3849 Τούτων
775 3792 952 3855 οὕτως
1010 3792 1380 3866 ὑποκειμένων
1440 3790 1754 3871 σαφίστερον
1807 3789 1971 3846 εἷ’πω-

323 3903 442 3958 μεν,
470 3881 554 3938 ὅτι
581 3884 681 3952 τῆς
713 3889 819 3957 γῆς
871 3881 963 3936 καὶ
1005 3885 1104 3936 τοῦ
1153 3879 1348 3944 ὕδατος
1381 3881 1484 3936 ὑπὸ
1528 3885 1625 3935 τοῦ
1655 3879 1820 3950 ἡλίου
1849 3882 1971 3956 θερ-

2153 3793 2208 3848 3.
2261 3791 2364 3848 His
2413 3791 2498 3848 ita
2548 3791 2865 3849 substratis
2912 3790 3129 3847 clarius
3175 3790 3258 3846 ita
3306 3791 3673 3848 disseramus
3713 3807 3729 3847 :

2083 3898 2218 3938 cum
2249 3887 2404 3937 terra
2433 3885 2490 3936 et
2518 3898 2672 3952 aqua
2701 3880 2978 3936 caleﬁunt
3009 3896 3043 3936 a
3071 3879 3212 3948 sole,
3245 3880 3436 3951 ipsius
3464 3878 3734 3936 videlicet

323 3971 690 4045 μαινομένων,
738 3968 866 4040 ⁴ἤτοι
911 3971 1012 4039 τῆς
1069 3977 1176 4044 γῆς
1231 3969 1399 4039 αὐτῆς
1447 3971 1537 4024 καὶ
1583 3970 1778 4031 παντὸς
1809 3969 1974 4044 ὑγροῦ

2098 3987 2249 4026 :errae
2280 3970 2590 4042 omnisque
2612 3969 2841 4024 humidi
2864 3969 3020 4040 quod
3053 3973 3140 4025 est
3170 3969 3229 4024 in
3251 3985 3320 4024 ea
3347 3973 3404 4024 et
3427 3967 3582 4024 circa
3602 3984 3733 4024 eam

315 4065 414 4115 τοῦ
464 4059 516 4116 ἐν
560 4060 696 4135 αὐτῇ
743 4059 834 4115 καὶ
889 4059 1014 4135 περὶ
1067 4057 1256 4130 αὐτὴν,
1305 4055 1567 4136 διάφορος
1621 4057 1974 4131 ἀναθυμίασις

2098 4059 2255 4115 variae
2307 4057 2702 4115 exhalationes
2760 4058 3096 4114 efﬁciuntur
3144 4077 3160 4113 :
3203 4075 3322 4114 una
3377 4057 3612 4130 quidem
3665 4073 3736 4113 ex

317 4147 540 4224 γίνεται·
591 4148 682 4204 καὶ
733 4150 769 4217 ἡ
808 4147 902 4221 μὲν
957 4146 1016 4202 ἐκ
1062 4151 1162 4202 τοῦ
1206 4147 1372 4223 ὑγροῦ
1421 4147 1581 4222 ὑγρι,
1632 4145 1755 4214 ἥτις
1793 4143 1976 4200 καλεῖ-

320 4257 407 4292 ται
457 4236 639 4311 ἀτμίς·
691 4239 728 4307 ἡ
760 4233 805 4291 δ’
836 4237 926 4291 ἀπ’
977 4235 1143 4306 αὐτῆς
1196 4241 1298 4305 τῆς
1348 4233 1531 4296 οὐσίας
1575 4241 1675 4304 τῆς
1724 4237 1848 4311 γῆς,
1881 4234 1974 4304 ξη-

322 4331 419 4403 ρᾶς
477 4322 669 4398 οὔσης,
725 4326 906 4402 ξηρὰ,
967 4324 1091 4396 ἥτις
1149 4324 1238 4380 καὶ
1313 4321 1607 4393 καπνώδης
1669 4324 1760 4379 καὶ
1816 4344 1975 4378 πνευ-

323 4413 583 4490 ματώδης
629 4414 983 4488 ἀναθυμίασις
1033 4412 1268 4491 λέγεται·
1314 4414 1406 4468 καὶ
1459 4413 1649 4475 ἁπλῶς
1699 4411 1842 4467 οὕτω
1885 4411 1976 4466 καὶ

319 4501 642 4580 ἀδιορίστως
697 4502 1052 4577 ἀναθυμίασις
1107 4502 1429 4576 ὀνομάζεται
1474 4544 1487 4559 .
1552 4502 1861 4575 Μετέχουσι
1920 4498 1979 4555 δὲ

2085 4148 2330 4203 humido
2359 4145 2624 4214 humida,
2676 4164 2804 4219 quae
2853 4163 3033 4219 vapor
3075 4150 3316 4203 vocatur
3348 4165 3362 4216 ;
3389 4147 3574 4203 altera
3599 4162 3733 4202 vero

2086 4253 2218 4309 quae
2247 4253 2317 4291 ex
2343 4240 2510 4291 terrae
2565 4235 2729 4292 siccae
2770 4235 3123 4304 substantia,
3158 4235 3287 4308 ipsa
3317 4252 3551 4308 quoque
3579 4235 3736 4292 sicca

2086 4330 2195 4392 est,
2228 4341 2354 4396 qua
2386 4325 2618 4380 fumosa
2659 4330 2714 4379 et
2763 4324 3017 4379 ﬂatuosa
3063 4323 3353 4380 exhalatio
3400 4324 3634 4396 dicitur,
3667 4340 3736 4380 ac

2084 4412 2169 4470 ita
2197 4414 2375 4469 etiam
2409 4413 2756 4485 simpliciter
2783 4416 2842 4468 et
2872 4413 3000 4469 sine
3038 4413 3524 4470 determinatione
3552 4413 3734 4470 exha-

2086 4501 2228 4558 latio
2287 4501 2645 4558 nominatur.
2699 4503 2898 4557 Ambze
2964 4506 3162 4558 autem
3235 4502 3550 4559 caliditatis
3595 4505 3737 4558 sunt

320 4592 412 4648 καὶ
459 4590 628 4670 ἄμφω
684 4592 1045 4669 θερμότητος,
1096 4596 1176 4664 τῷ
1229 4589 1319 4646 διὰ
1371 4591 1681 4667 θερμότητα
1709 4590 1971 4666 γίνεσθαι.

2098 4591 2418 4664 participes,
2471 4593 2620 4646 147
2681 4592 2821 4663 quia
2868 4596 3108 4663 propter
3150 4590 3404 4647 calorem
3470 4592 3623 4648 ﬁunt
3659 4592 3732 4646 ~57.

319 4681 420 4737 Καὶ
478 4678 618 4736 ἔστιν
694 4680 921 4756 ἀτμίδος
985 4683 1078 4756 μὲν
1143 4681 1300 4760 φύσις
1359 4682 1560 4757 θερμὸν
1613 4680 1704 4735 καὶ
1764 4677 1922 4756 ὑγρόν
1957 4726 1972 4751 ,

322 4769 731 4844 ἀναθυμιάσεως
789 4768 849 4827 δὲ
924 4770 1080 4850 φύσις
1156 4771 1354 4848 θερμὸν
1433 4771 1524 4826 καὶ
1605 4769 1795 4845 ξηρόν.
1877 4769 1976 4824 Καὶ

320 4857 465 4915 ἔστιν
523 4859 685 4934 ἀτμὶς
741 4858 1012 4935 δυνάμει,
1074 4862 1189 4916 οἷον
1249 4858 1395 4934 ὕδωρ
1430 4881 1442 4893 ·
1507 4859 1860 4933 ἀναθυμίασις
1919 4856 1978 4913 δὲ

322 4947 570 5022 δυνάμει,
631 4951 747 5005 οἷον
801 4954 929 5026 πῦρ.
975 4949 1074 5004 Καὶ
1123 4953 1160 5020 ἢ
1209 4952 1302 5024 μὲν
1337 4948 1685 5023 ἀναθυμίασις
1715 4946 1978 5003 ἐπιπολά-

327 5042 404 5107 ζει
455 5034 546 5092 διά
596 5037 910 5117 κουφότητα
957 5039 1041 5113 (τὸ
1087 5039 1188 5115 γὰρ
1240 5039 1439 5114 θερμὸν
1489 5038 1762 5114 ξηρότητα
1811 5057 1978 5112 προσ-

325 5121 518 5197 λαϐὸν,
576 5132 778 5206 κοῦφον
838 5128 1086 5204 γίνεται)’
1145 5130 1181 5197 ἡ
1241 5125 1288 5182 δ’
1342 5126 1506 5200 ἀτμὶς
1561 5125 1839 5204 ὑφίσταται
1890 5122 1980 5180 διὰ

328 5215 625 5293 βαρύτητα.
657 5217 729 5272 Τὸ
751 5217 855 5294 γὰρ
888 5216 1047 5294 ὑγρὸν
1084 5215 1302 5292 μετέχει
1339 5214 1664 5293 βαρύτητος.

406 5389 471 5451 δ’.
520 5392 700 5470 Μέχρι
753 5394 846 5468 μὲν
897 5392 989 5449 οὖν
1038 5414 1185 5456 τινος
1233 5395 1269 5464 ἠ
1299 5392 1462 5466 ἀτμὶς
1501 5391 1651 5462 καὶὴ
1686 5389 1983 5465 ἀναθυμία-

324 5500 406 5537 σις
458 5482 785 5558 συμμίκτως
835 5483 926 5539 καὶ
984 5479 1310 5557 ἀδιακρίτως
1367 5479 1703 5556 ἀνέρχονται·
1752 5485 1978 5557 προϊοῦ-

2086 4683 2165 4736 Αο
2183 4682 2416 4752 vaporis
2472 4680 2711 4753 quidem
2761 4684 2973 4736 natura
3005 4679 3194 4736 calida
3245 4685 3334 4736 est
3357 4685 3414 4736 et
3442 4681 3732 4751 humida;

2087 4769 2474 4826 exhalationis
2522 4774 2735 4825 natura
2790 4769 2979 4825 calida
3035 4773 3092 4825 et
3141 4769 3297 4826 sicca
3351 4773 3460 4826 est.
3518 4771 3737 4842 Estque

2084 4875 2266 4931 vapor
2316 4859 2552 4931 quidem
2601 4862 2907 4931 potestate,
2971 4857 3149 4914 veluti
3215 4876 3368 4932 aqua
3402 4879 3416 4928 ;
3449 4859 3736 4916 exhalatio

2090 4951 2288 5004 autem
2345 4950 2636 5019 potestate
2687 4946 2865 5003 veluti
2941 4946 3096 5020 ignis
3153 4952 3261 5004 est.
3313 4950 3392 5004 Ac
3449 4947 3736 5004 exhalatio

2091 5036 2328 5108 quidem
2359 5040 2595 5109 propter
2623 5035 2916 5092 levitatem
2947 5037 3166 5092 eminet
3207 5037 3447 5110 (quippe
3478 5037 3738 5094 calidum

2091 5125 2352 5182 siccitate
2382 5129 2620 5196 accepta
2646 5123 2769 5180 leve
2798 5124 3092 5197 efﬁcitur),
3123 5142 3302 5197 vapor
3356 5130 3552 5182 autem
3600 5144 3736 5199 pro-

2090 5218 2222 5286 pter
2242 5213 2582 5286 gravitatem
2613 5213 2870 5270 subsidit
2899 5231 2913 5283 ;
2955 5214 3270 5270 humidum
3293 5215 3450 5272 enim
3482 5215 3735 5287 gravita-

2089 5304 2166 5361 tis
2197 5309 2286 5360 est
2314 5304 2627 5376 particeps.

2161 5393 2215 5448 4.
2249 5392 2654 5465 Aliquousque
2683 5407 2819 5464 ergo
2849 5397 2906 5449 et
2940 5409 3120 5465 vapor
3170 5398 3228 5450 et
3273 5395 3563 5452 exhalatio
3594 5395 3738 5452 mis-

2088 5481 2196 5538 tim
2223 5497 2290 5538 ac
2319 5481 2632 5538 indiscrete
2662 5483 3008 5552 ascendunt,
3056 5484 3157 5540 sed
3206 5500 3522 5558 progressu
3552 5500 3740 5543 secer-

393 5698 439 5736 ⁸³
470 5698 497 5756 1
531 5697 770 5759 Meteor.
803 5715 858 5758 ο.
889 5700 945 5757 3.
1020 5698 1067 5735 ⁵⁴
1095 5699 1123 5755 1
1155 5697 1393 5757 Meteor.
1424 5713 1476 5755 ο.
1506 5697 1562 5756 3.
1638 5695 1683 5734 ⁸⁵
1711 5694 1856 5755 ibid.
1931 5694 1976 5732 '°

2098 5694 2284 5754 lateor
2314 5711 2370 5756 c.
2407 5696 2464 5752 3.
2541 5694 2585 5735 ⁸⁷
2616 5696 2643 5754 1
2677 5695 2913 5758 Meteor.
2938 5698 2996 5755 ὀ.
3027 5698 3082 5754 3.

600 5825 867 5892 Persen.
916 5827 1029 5891 Gn.
1075 5826 1304 5892 CXLII.

3377 5828 3456 5886 36
