4114 6436
389 376 534 434 1131
1642 376 2014 437 NlCEPHOl

2194 376 2548 437 .EMMlD/E
3649 377 3819 439 1132

385 511 626 570 nuntur.
661 512 838 579 atque
869 511 1186 579 utrumque
1223 508 1427 579 quaerit
1475 508 1532 562 id
1585 509 1739 580 quod
1795 509 1905 564 sibi
1937 526 2010 564 co

2195 530 2236 561 ιι
2285 505 2343 562 δὲ
2391 505 2754 583 διακρίνονται
2803 509 2891 564 καὶ
2938 510 3002 564 τὸ
3058 510 3308 586 συγγενὲς
3367 510 3591 586 ἑκατέρα
3656 515 3820 581 ζητεῖ

385 601 631 669 gnatum
661 602 750 652 est
782 622 797 665 ;
832 596 1093 668 adeoque
1132 613 1311 668 vapor
1358 597 1598 668 quidem
1656 598 1901 652 inferius
1946 614 2005 653 re

2186 598 2419 652 ἀντεῦθεν
2475 600 2510 667 ἡ
2574 599 2667 670 μὲν
2718 597 2883 671 ἀτμὶς
2932 597 3428 672 ἐναπολιμπάνεται
3485 601 3811 675 κατωτέρω,

385 687 694 760 linquitur,
723 685 1014 742 exhalatio
1063 690 1258 741 autem
1312 702 1442 741 cum
1487 687 1864 743 succensione
1895 704 2001 742 eon

2209 683 2256 740 δ’
2313 687 2665 760 ἀναθυμίασις
2728 688 2862 760 μετά
2917 693 3015 743 τοῦ
3074 689 3488 762 ὑπεκκαύματος
3547 688 3759 764 γίνεται
3795 733 3809 746 .

375 777 876 851 jungitur.Neque
897 776 1052 832 enim
1085 777 1390 832 succensio
1414 777 1605 846 quoad
1638 777 2000 832 substantian

2185 773 2304 830 ύδέν
2383 777 2486 852 γάρ
2545 775 2682 830 ἐστιν
2739 774 2880 832 ἄλλο
2937 779 3114 850 (κατὰ)
3179 779 3278 847 τήν
3337 777 3518 833 οὐσίαν
3577 779 3643 834 τὸ
3701 779 3810 834 ὑπ-

385 867 544 925 aliud
576 865 904 938 quidquam
935 869 1043 932 est,
1079 880 1257 935 quam
1289 864 1577 920 exhalatio
1609 882 1644 920 a
1700 881 1910 937 vapore
1941 881 2010 921 se

2183 885 2381 938 ικαυμα
2431 868 2470 934 ἦ
2539 865 2891 938 ἀναθυμίασις
2949 865 3184 940 ἀτμίδος
3259 869 3648 944 κεχωρισμένη
3709 869 3808 925 καὶ

382 962 606 1030 parata,
640 973 746 1011 nec
774 955 1055 1028 permista
1084 970 1219 1009 cum
1248 970 1336 1010 eo.

744 993 746 1004 ι
774 955 1055 1028 permista
1084 970 1219 1009 cum
1248 970 1336 1010 eo.
2140 954 2369 1029 ἀμιγής.

451 1049 506 1103 5.
563 1046 807 1110 Quando
861 1044 1043 1116 igitur
1099 1043 1143 1078 ⁵⁸
1200 1042 1503 1098 succensio
1565 1043 1832 1099 circulari
1866 1049 2028 1099 motu

2210 1050 2264 1098 ε’.
2296 1044 2367 1098 Τὸ
2416 1042 2595 1098 τοίνυν
2657 1043 2975 1117 ὑπέκκαυμα
3031 1045 3352 1120 κινούμενον
3405 1047 3511 1102 ὑπὸ
3555 1055 3660 1116 τῆς
3700 1052 3805 1102 τοῦ

382 1141 791 1207 movetur,qua
808 1138 969 1206 parte
999 1133 1072 1187 ad
1105 1132 1628 1188 inﬂammationem
1657 1132 2007 1188 subeundau

2180 1130 2539 1210 )κλοφορικοῦ
2585 1135 2866 1205 κινήσεως,
2915 1135 3034 1188 καθ’
3065 1135 3094 1189 ὃ
3127 1134 3186 1189 ἃν
3245 1135 3485 1208 μάλιστα
3521 1137 3622 1206 τήν
3657 1137 3805 1212 πρὸς

382 1229 519 1298 apta
546 1229 603 1280 et
643 1228 913 1278 concreta
942 1225 1052 1288 est,
1101 1220 1211 1276 hac
1268 1221 1690 1276 inﬂammatur.
1752 1222 1915 1285 Quod
1973 1240 2002 1276 s

2180 1219 2509 1297 ὖέξαφθῆναι
2559 1219 2976 1292 ἐπιτηδειότητα
3024 1223 3113 1276 καὶ
3163 1222 3413 1278 σύστασιν
3466 1222 3606 1300 ἔχει,
3660 1226 3805 1280 κατά

381 1315 562 1388 igitur
634 1311 1060 1385 longitudinem
1133 1310 1308 1366 habet
1380 1314 1437 1365 et
1518 1309 1890 1366 latitudinem
1967 1311 2006 1365 ἱ(

2181 1313 2294 1364 )ὖτο
2355 1309 2652 1379 ἐξάπτεται.
2712 1318 2809 1366 Ἀν
2855 1311 2950 1384 μὶν
3004 1309 3094 1366 οὖν
3152 1318 3332 1386 μῆκος
3372 1309 3476 1389 ἔχῃ
3521 1314 3613 1368 καὶ
3656 1312 3806 1369 πλά-

381 1403 535 1477 quod
568 1402 951 1471 ,accenditur,
1008 1399 1248 1454 ﬂamma
1314 1401 1527 1456 ardens
1585 1404 1851 1472 apparet,
1927 1401 2000 1455 sti

2180 1419 2225 1461 κ
2272 1399 2333 1454 τὸ
2377 1398 2754 1472 έξαπτόμενον,
2806 1399 3047 1478 φαίνεται
3105 1402 3368 1476 καιομένη
3427 1401 3588 1481 φλὸξ,
3647 1405 3805 1480 παρὰ

380 1493 538 1567 pulis
567 1491 684 1547 illis
715 1508 843 1564 quae
893 1491 952 1546 in
1010 1489 1165 1546 arvis
1223 1490 1639 1560 incenduntur,
1693 1506 1808 1544 non
1869 1490 2005 1545 absit

2181 1487 2387 1558 λησίως
2462 1493 2581 1551 ταῖς
2641 1488 2693 1544 ἐν
2753 1488 3012 1565 ἀρούραις
3070 1489 3457 1565 ἐξαπτομέναις
3516 1491 3806 1565 καλάμαις

378 1583 558 1640 milis.

2134 1577 2443 1652 γινόμενον.

447 1674 502 1728 6.
534 1672 694 1736 Quod
730 1670 780 1726 si
808 1667 1237 1741 longitudinem
1271 1666 1467 1734 habet,
1516 1669 1617 1723 sed
1677 1685 1793 1723 non
1845 1666 2022 1723 etiam

2205 1669 2269 1730 ς’.
2310 1669 2408 1722 Ἂν
2457 1665 2513 1722 δὲ
2556 1674 2730 1740 μῆκος
2784 1668 2877 1740 μὲν
2919 1664 3042 1744 ἔχῃ,
3095 1668 3289 1742 μηκέτι
3343 1665 3401 1724 δὲ
3445 1668 3536 1724 καὶ
3585 1668 3806 1733 πλάτος

377 1762 827 1834 respondentem
855 1757 1008 1813 148
1040 1755 1434 1827 latitudinem,
1465 1761 1591 1812 tum
1622 1773 1797 1828 capra
1828 1757 1894 1812 ﬁt
1922 1775 1996 1813 au

2174 1755 2419 1831 νάλογον,
2466 1755 2590 1811 τότε
2641 1755 2844 1830 γίνεται
2889 1757 2974 1828 αἲξ
3017 1759 3052 1827 ἢ
3081 1754 3250 1821 δαλὸς
3279 1759 3313 1827 ἢ
3343 1755 3570 1814 διαθέων
3614 1756 3799 1815 εἴτουν

377 1853 472 1908 fax
501 1855 604 1907 aut
633 1849 969 1905 discurrens
1001 1847 1119 1902 sive
1152 1845 1458 1918 prosiliens
1499 1845 1684 1901 stella.
1744 1847 1800 1900 Si
1861 1847 2002 1902 enin

2174 1843 2360 1915 ιᾴττων
2423 1846 2615 1921 ἀστήρ.
2647 1852 2742 1901 Ἀν
2807 1846 2902 1918 μὲν
2951 1845 3054 1922 γὰρ
3209 1845 3376 1902 πλέον
3427 1849 3565 1902 κατά
3611 1856 3799 1921 μῆκος

375 1941 532 2014 quod
589 1938 925 1995 accenditur
987 1936 1046 1990 in
1103 1935 1532 2007 longitudinem
1581 1935 1772 2007 magis
1828 1941 1996 2008 patea

2178 1933 2550 2007 ia'zmépevov,
2599 1932 2823 1989 ἔλαττον
2872 1932 2930 1990 δὲ
2977 1936 3112 1990 κατά
3160 1933 3388 2007 πλάτος,
3435 1937 3572 1992 κατᾶ
3619 1935 3681 1993 δὲ
3728 1940 3803 1994 τὰ

375 2047 554 2104 quam
586 2030 646 2083 in
700 2026 1094 2093 latitudinem,
1128 2029 1303 2095 atque
1334 2024 1390 2078 in
1442 2023 1746 2095 obliquum
1806 2026 2000 2080 ardens

2175 2021 2335 2099 λάγια
2391 2023 2726 2098 καιόμενον,
2786 2024 3025 2080 ποιεῖταί
3096 2046 3247 2088 τινας
3308 2025 3642 2100 ἐκπυρώσεις
3701 2029 3800 2082 καὶ

372 2118 821 2192 deﬂagrationes
851 2115 1138 2188 quasdam
1169 2119 1226 2168 et
1255 2114 1624 2168 excursionss
1685 2114 1997 2169 inﬂamma'

2175 2109 2402 2188 ιδρομάς
2479 2121 2580 2183 τῆς
2657 2113 2893 2188 ἐξάψεως
2980 2116 3058 2188 μὴ
3145 2117 3262 2170 καθ’
3344 2114 3507 2177 αὐτὰς
3565 2163 3580 2186 ,
3640 2115 3800 2173 ἀλλά

368 2208 548 2266 tionis
568 2206 786 2263 efﬁciat
798 2222 911 2261 non
931 2203 1358 2276 separatas,sed
1375 2219 1508 2256 cum
1526 2203 1753 2258 ardenti
1778 2219 1993 2275 corpori

2170 2201 2466 2275 υνηρμένας
2522 2201 2640 2275 ὅλῳ
2693 2207 2773 2275 τῷ
2829 2203 3106 2277 καιομένῳ
3165 2204 3413 2277 σώματι,
3469 2205 3544 2267 ὡς
3607 2202 3795 2262 δοκεῖν

367 2295 888 2369 totocopulatas,ut
915 2291 1233 2349 scintlllare
1252 2291 1521 2347 videatur
1552 2308 1564 2359 ;
1591 2291 1698 2346 hoc
1721 2307 1898 2363 capra
1912 2309 1986 2347 no

1912 2309 2013 2347 no-
2127 2290 2661 2367 ἀποσπινθρηρίζειν,
2694 2293 2756 2347 τὸ
2785 2297 3031 2348 τοιοῦτον
3065 2289 3148 2364 αἵξ
3183 2293 3529 2367 ὀνομάζεται.

370 2387 652 2444 minatur.

437 2479 493 2532 7.
527 2475 628 2531 Sin
658 2477 854 2530 autem
887 2472 947 2526 in
978 2469 1408 2542 longitudinem
1445 2473 1676 2546 tantum
1708 2469 2012 2526 incensum

2200 2475 2258 2538 ζ’.
2319 2471 2479 2524 Ὅταν
2536 2467 2593 2525 δὲ
2653 2469 2816 2543 μόνον
2873 2471 2960 2526 ἐπὶ
3016 2472 3080 2526 τὸ
3143 2479 3316 2544 μῆκος
3361 2471 3398 2546 ᾖ
3452 2471 3793 2547 ἐξημμένον,

369 2565 564 2633 fuerit,
599 2568 663 2619 ut
694 2579 810 2619 non
840 2562 1018 2617 etiam
1051 2558 1350 2627 scintillet,
1408 2557 1527 2613 tale
1585 2559 1728 2629 quid
1788 2559 1881 2614 fax
1912 2577 1994 2616 vo‘

2170 2558 2320 2629 ηκέτι
2354 2556 2411 2614 δὲ
2441 2559 2528 2614 καὶ
2578 2559 3078 2637 ἀποσπινθηρίζων,
3127 2563 3190 2616 τὸ
3237 2565 3485 2617 τοιοῦτον
3534 2559 3793 2632 καλεῖται

365 2660 553 2712 catur.

2124 2646 2311 2712 δαλός.

438 2746 492 2799 8.
516 2743 758 2810 Quando
789 2739 1040 2812 denique
1071 2755 1186 2794 non
1218 2755 1337 2793 una
1392 2742 1448 2793 et
1503 2738 1785 2793 continua
1837 2737 2015 2793 fuerit

2195 2739 2264 2808 η’.
2348 2740 2439 2794 Ἀν
2503 2735 2560 2792 δὲ
2619 2741 2693 2812 μή
2753 2737 2808 2794 ’ἐν
2868 2739 3084 2817 ὑπάρχῃ
3141 2740 3231 2795 καὶ
3289 2742 3515 2818 συνεχὲς
3567 2742 3631 2797 τὸ
3686 2749 3792 2799 τοῦ

365 2834 744 2889 inﬂammatae
777 2827 1178 2887 succensionis
1210 2827 1683 2900 magnitudo,sed
1708 2827 1990 2882 intervalla

2162 2825 2485 2899 ξαπτομένου
2564 2827 2977 2900 ὑπεκκαύματος
3057 2836 3232 2902 μῆκος
3263 2874 3276 2899 ,
3335 2829 3482 2886 ἀλλὰ
3555 2827 3787 2902 διαστη-

364 2924 544 2980 habet
571 2925 659 2991 (ut
690 2920 859 2994 quasi
893 2919 1080 2992 ipsius
1111 2922 1304 2990 partes
1359 2934 1394 2972 a
1425 2934 1488 2972 se
1517 2917 1764 2971 invicem
1813 2917 1989 2987 sejun‘

2167 2937 2266 2970 ατα
2323 2914 2452 2992 ἔχον
2502 2917 2601 2987 (ὡς
2658 2917 3079 2993 κεχωρισμένων
3140 2913 3308 2973 ὄντων
3360 2919 3451 2973 ἀπ’
3509 2917 3792 2990 ἀλλήλων

365 3017 469 3069 ctaa
501 3014 642 3073 sint,
674 3009 921 3082 singulae
971 3024 1141 3062 suam
1190 3006 1621 3062 concretionem
1680 3006 1959 3077 habeant)

2161 3011 2226 3060 ὧν
2272 3005 2469 3060 τούτου
2521 3011 2723 3081 μερῶν,
2777 3004 2914 3061 ἰδίαν
2965 3006 3212 3062 σύστασιν
3259 3005 3485 3084 ἔχοντος
3548 3009 3786 3066 ἑκάστου

360 3101 493 3174 ipsa
521 3105 710 3156 aatem
770 3095 1073 3154 intervalla
1130 3101 1367 3151 tenuem
1422 3095 1741 3167 quamdam
1772 3094 1985 3151 exhalat

2164 3093 2354 3167 Βτῶν),
2400 3094 2489 3148 καὶ
2551 3095 2617 3149 τά
2665 3092 3008 3168 διαστήματα
3055 3093 3112 3150 δὲ
3169 3093 3372 3164 λεπτὴν
3423 3096 3789 3170 ἀναθυμίασιν

359 3191 580 3247 tionem
641 3187 962 3244 subeunda:
1046 3184 1496 3240 inﬂammationi
1556 3185 1746 3256 ipsam
1831 3186 1984 3240 etian

2162 3203 2225 3256 κῃ
2254 3183 2395 3255 τινα,
2429 3182 2566 3258 πρὸς
2595 3183 2657 3237 τὸ
2709 3181 3032 3254 ἐκκαυθῆναι
3075 3184 3164 3238 καὶ
3217 3184 3384 3254 αὐτὴν
3441 3183 3787 3259 ἐπιτήδειον,

361 3285 560 3352 aptam
584 3277 858 3345 habeant,
889 3275 1178 3330 distantes
1212 3278 1407 3328 autem
1460 3291 1494 3328 a
1523 3251 1598 3328 se
1641 3274 1890 3329 invicem
1917 3274 1986 3328 ha

2166 3276 2400 3348 ρεστῶτα
2459 3269 2505 3326 δ’
2565 3271 2657 3326 ἀπ’
2711 3270 2977 3343 ἀλλήλων
3034 3273 3101 3327 τὰ
3153 3272 3289 3347 μέρη
3343 3279 3440 3329 τοῦ
3467 3276 3791 3332 τοιοιούτου

364 3368 539 3424 istius
569 3364 970 3421 succensionis
1002 3368 1197 3434 partes
1228 3363 1686 3434 profunditatem
1729 3368 1786 3417 et
1816 3362 1989 3419 latitu‘

2163 3360 2529 3434 πεκκαύματος
2562 3359 2663 3436 ἔχῃ
2712 3362 2802 3415 καὶ
2847 3362 3010 3437 βάθος
3059 3359 3149 3416 καί
3203 3360 3409 3425 πλάτος
3455 3363 3665 3436 ὁμοίως
3699 3370 3788 3438 τῷ

364 3457 561 3513 dinem
593 3452 944 3526 longitudini
990 3469 1190 3524 parem
1247 3451 1570 3522 obtineant,
1629 3456 1770 3506 tunc
1826 3451 1989 3507 stella

2161 3452 2306 3520 ήκει,
2363 3449 2487 3506 τότε
2533 3449 2772 3526 γίνονται
2825 3451 2876 3505 οἱ
2927 3448 3209 3513 δοκοῦντες
3259 3449 3488 3522 διᾴττειν
3536 3452 3786 3528 ἀστέρες·

360 3545 719 3611 efﬁciuntur,
746 3559 875 3614 quae
906 3541 1175 3614 prosilire
1221 3541 1514 3597 videntur.
1571 3545 1713 3596 Cum
1774 3541 1929 3596 enim
1961 3541 1982 3575 ⁵

2166 3546 2274 3593 )ταν
2332 3540 2436 3614 γὰρ
2474 3542 2509 3608 ἡ
2560 3540 2752 3614 πρώτη
2811 3539 3035 3613 κειμένη
3094 3545 3202 3596 τῶν
3261 3541 3525 3596 τοιούτων
3585 3543 3791 3598 συστά-

358 3651 428 3691 ex
449 3633 790 3705 hujusmodi
822 3630 1294 3687 concretionibus
1325 3647 1392 3685 ea
1423 3647 1548 3701 quas
1609 3630 1798 3701 prima
1853 3635 1944 3686 est
1972 3647 1983 3684 ι

2166 3650 2248 3683 ιων
2285 3629 2386 3683 ὑπὸ
2414 3636 2516 3698 τῆς
2564 3631 2830 3699 κινήσεως
2872 3628 3128 3703 ἐκκαυθῇ,
3173 3631 3389 3705 ταχέως
3437 3632 3500 3685 τὸ
3544 3636 3654 3708 πῦρ
3688 3628 3791 3687 διὰ

361 3727 522 3780 motu
556 3721 922 3777 inﬂammata
976 3720 1170 3786 fuerit,
1207 3736 1337 3774 mox
1396 3719 1552 3790 ignis
1610 3736 1712 3790 per
1766 3725 1986 3775 tenuem

2160 3725 2211 3786 ἧς
2281 3717 2476 3791 μεταξὺ
2541 3717 2745 3787 λεπτῆς
2798 3718 3208 3792 ἀναθυμιάσεως
3265 3719 3353 3774 ἐπὶ
3405 3722 3506 3790 τήν
3581 3720 3785 3799 ἐφεξῆς

360 3811 787 3870 exhalationem
820 3827 949 3866 eam
981 3827 1108 3881 quae
1141 3808 1446 3879 interjecta
1483 3813 1572 3863 est
1600 3809 1673 3863 ad
1703 3825 1830 3864 eam
1863 3825 1985 3864 con-

2159 3806 2367 3880 ειμένην
2419 3807 2664 3862 σύστασιν
2717 3804 3040 3877 διαδίδοται,
3077 3808 3168 3863 καὶ
3211 3809 3318 3864 ἀπὸ
3355 3809 3558 3880 ταύτης
3606 3809 3784 3866 πάλιν

357 3903 674 3960 cretionem
708 3900 861 3955 149
894 3917 1018 3971 quae
1050 3900 1324 3970 deinceps
1367 3897 1483 3952 slta
1528 3903 1637 3962 est,
1697 3898 1982 3954 distribui

2156 3895 2324 3968 μοίως
2353 3896 2440 3950 ἐπὶ
2486 3898 2584 3966 τήν
2639 3903 2752 3970 μετ’
2789 3897 2980 3968 αὑτήν·
3013 3897 3102 3952 καὶ
3150 3903 3312 3954 τοῦτο
3363 3904 3511 3954 ποιεῖ
3552 3897 3660 3962 ἓως
3717 3901 3781 3956 ἂν

354 3999 473 4063 tur,
509 3991 903 4061 eumdemque
933 3988 994 4043 in
1025 3987 1267 4043 modum
1299 3987 1370 4041 ab
1403 3986 1512 4041 hac
1542 3987 1614 4040 ad
1649 3987 1974 4057 proximam

2155 3983 2313 4059 πέλθῃ
2342 3985 2513 4048 πάσας
2561 3987 2656 4048 τὰς
2701 3985 2836 4040 κατὰ
2881 3987 2972 4042 τὸν
3007 3986 3292 4062 εἰρημένον
3336 3987 3539 4064 τρόπον
3576 3988 3780 4067 ἐφεξῆς

356 4083 534 4152 idque
563 4080 852 4150 tantisper
881 4077 1036 4146 facit,
1071 4077 1253 4132 donec
1285 4093 1488 4130 omnes
1519 4075 1589 4130 ad
1625 4075 1847 4130 dictum
1881 4092 1976 4131 mo

2160 4072 2376 4143 Κλήλων
2427 4071 2588 4137 οὔσας
2637 4076 2918 4137 συστάσεις
2963 4080 3061 4130 τοῦ
3108 4077 3364 4132 τοιούτου
3423 4077 3785 4153 ὑπεκκαύμα-

356 4175 498 4226 dum
558 4169 669 4224 sibi
721 4167 966 4222 invicem
1033 4166 1311 4236 deinceps
1380 4165 1603 4236 positas
1662 4165 1972 4220 istiusmod

2154 4184 2222 4225 >ς’
2254 4163 2342 4217 καὶ
2376 4162 2613 4240 φαίνεται
2642 4164 2706 4218 τὸ
2756 4168 2862 4240 πῦρ
2914 4165 2977 4219 τὸ
3011 4164 3141 4219 αὐτὸ
3188 4167 3288 4234 τήν
3337 4167 3517 4242 ἀρχὴν
3573 4168 3779 4224 ἄνωθεν

355 4257 759 4315 succensionis
817 4255 1216 4311 concretiones
1282 4255 1650 4326 peragrarit;
1723 4253 1980 4324 idemque

2152 4251 2405 4327 ερόμενον
2459 4252 2494 4320 ἢ
2545 4251 2902 4327 ῥιπτούμενον
2954 4250 3044 4308 διὰ
3095 4254 3194 4324 τήν
3238 4260 3461 4330 ταχεῖαν
3506 4253 3777 4311 διάδοσιν.

351 4348 508 4422 ignis
539 4349 639 4420 qui
671 4364 705 4402 a
736 4345 1023 4417 principio
1055 4347 1292 4415 propter
1333 4341 1580 4398 celerem
1627 4342 1976 4399 distributio-

2153 4350 2195 4402 ις
2225 4341 2326 4417 γὰρ
2375 4340 2462 4396 ἐπὶ
2509 4345 2616 4395 τῶν
2669 4341 2910 4416 λύχνων,
2964 4342 3089 4398 ὅταν
3123 4343 3150 4398 ὀ
3187 4344 3281 4416 μὲν
3305 4343 3549 4416 καίηται,
3599 4343 3778 4409 ἄλλος

353 4453 488 4493 nem
521 4452 772 4508 superne
803 4433 1144 4488 movebatur
1175 4436 1278 4486 aut
1307 4431 1727 4503 projiciebatur
1767 4431 1978 4486 videtm

2152 4435 2154 4443 ’
2211 4424 2561 4493 ἀποσϐεσθεὶς
2637 4429 2791 4494 εὐθὺς
2867 4431 3104 4505 ὑποτεθῇ
3184 4431 3353 4505 αύτῷ,
3425 4436 3460 4502 ἠ
3519 4433 3628 4488 ἀπὸ
3675 4439 3777 4489 τοῦ

349 4524 854 4590 Quemadmodum
881 4523 1038 4578 enim
1070 4522 1127 4577 in
1161 4520 1416 4576 lucernis
1435 4537 1569 4575 cum
1602 4537 1720 4576 una
1750 4521 1969 4576 ardet‘50

2150 4519 2293 4573 ιωστὶ
2373 4514 2696 4591 ἐσϐεσμένου
2783 4519 3160 4598 ἀναφερομένη
3249 4521 3605 4595 ἀναθυμίασις
3685 4523 3775 4578 ἐπὶ

348 4615 532 4671 altera
561 4619 758 4669 autem
789 4612 1075 4667 exstincta
1103 4611 1300 4666 statim
1341 4609 1426 4663 illi
1467 4609 1773 4681 supposita
1800 4609 1973 4665 fuerit

2149 4610 2201 4679 ἦν
2250 4613 2348 4663 τοῦ
2395 4608 2690 4682 καιομένου
2744 4607 2927 4686 φλόγα
2976 4610 3223 4686 ἀφθεῐσα,
3270 4611 3402 4664 καθὸ
3445 4608 3774 4682 ἐπλησίασεν

347 4704 638 4760 exhalatio
697 4719 824 4774 quae
881 4719 949 4756 ex
1001 4715 1202 4754 recens
1257 4699 1544 4754 exstincta
1602 4699 1674 4754 ad
1739 4699 1972 4754 ardenti;

2149 4697 2266 4771 ύτῇ,
2302 4697 2513 4767 ἐξάπτει
2558 4698 2648 4752 τὸν
2703 4697 3058 4771 ὑποκείμενον
3115 4695 3343 4773 λύχνον,
3396 4697 3774 4772 ἐξαπτομένης

349 4795 650 4849 ﬂammam
683 4792 920 4847 ell‘ertur
948 4791 1207 4860 incensa,
1241 4793 1534 4859 quatenus
1585 4789 1655 4842 ad
1702 4787 1863 4844 illam
1895 4791 1974 4845 ad

2150 4790 2202 4856 ἧς
2261 4787 2450 4864 ἐφεξῆς
2502 4787 2903 4860 ἀναθυμιάσεως
2951 4790 3020 4860 τῇ
3069 4788 3262 4862 πρώτῃ
3334 4787 3617 4865 ἐξαφθείσῃ
3667 4791 3775 4844 ὑπὸ

350 4888 510 4937 mota
539 4888 650 4950 est,
683 4881 1043 4952 suppositam
1077 4877 1376 4932 lucernam
1407 4877 1740 4932 inﬂammat
1770 4896 1783 4945 ;
1818 4882 1883 4932 ut
1905 4895 1972 4934 ex

2148 4883 2204 4946 ἧς
2258 4881 2355 4930 τοῦ
2412 4875 2702 4948 καιομένου
2781 4874 2987 4952 λύχνου
3058 4874 3267 4953 φλογὸς
3348 4875 3450 4940 ἓως
3519 4885 3622 4948 τῆς
3672 4883 3773 4934 τοῦ

347 4971 565 5027 halatio
595 4988 664 5026 ea
694 4987 820 5041 qua:
851 4967 1123 5039 deinceps
1151 4967 1419 5037 sequitur
1467 4967 1538 5022 ab
1573 4983 1640 5022 ea
1669 4985 1795 5037 quae
1829 4968 1972 5038 prius

2148 4965 2314 5040 ύχνου
2359 4962 2691 5040 θρυαλλίδος
2741 4965 2832 5041 ἀφ’
2877 4968 2945 5033 ’ἧς
2993 4967 3027 5033 ἡ
3088 4965 3468 5036 ἀναθυμίασις·
3523 4967 3773 5043 φαίνεται

348 5062 419 5116 ab
443 5060 702 5116 ardentis
743 5060 991 5113 lucerna
1037 5057 1276 5112 ﬂamma
1322 5073 1569 5111 accensa
1617 5063 1727 5119 est,
1760 5056 1973 5111 inﬂam'

2146 5064 2159 5107 '-:
2191 5053 2252 5108 οὐ
2288 5050 2665 5127 διαδιδόμενον
2700 5054 2762 5107 τὸ
2799 5058 2905 5129 πῦρ
2933 5052 3107 5109 ἄλλου
3139 5053 3190 5124 ἐξ
3221 5051 3398 5109 ἄλλου
3430 5055 3771 5128 ἁπτομένου,

347 5154 556 5219 metur,
591 5151 774 5204 donec
806 5147 875 5202 ad
909 5145 1053 5200 illud
1104 5144 1354 5200 lucernae
1409 5144 1763 5216 ellychnium
1811 5162 1844 5199 a
1874 5162 1972 5216 quc

2150 5140 2245 5196 διλά
2288 5143 2352 5196 τὸ
2397 5147 2614 5219 πρῶτον
2668 5143 2831 5220 ἁφθὲν
2885 5142 3224 5220 φερόμενον·
3280 5142 3457 5205 οὕτως
3517 5143 3775 5218 ὑπολαμ.

345 5238 637 5293 exhalatio
689 5241 816 5291 orta
870 5241 979 5300 est,
1039 5239 1380 5305 perventum
1441 5234 1616 5288 fuerit
1650 5251 1662 5300 ;
1699 5251 1802 5289 nec
1834 5234 1970 5305 igni:

2145 5233 2274 5285 ivsw
2305 5233 2416 5308 χρὴ
2470 5231 2601 5285 κάπὶ
2651 5236 2756 5285 τῶν
2809 5229 3039 5302 διᾴττειν
3090 5252 3179 5285 και
3233 5232 3487 5308 φέρεσθαι
3541 5231 3770 5288 δοκούν-

344 5344 472 5383 sese
500 5327 844 5391 diifundere,
875 5326 1016 5379 dum
1047 5323 1203 5378 aliud
1237 5339 1306 5376 ex
1335 5323 1446 5378 alio
1496 5323 1846 5390 incenditur,
1884 5325 1969 5378 sec'

2145 5343 2200 5376 ον
2257 5321 2492 5396 ἀστέρων
2554 5323 2840 5396 γίνεσθαι·
2904 5319 3080 5376 ἄλλου
3142 5322 3257 5392 μετ’
3333 5318 3477 5377 ἄλλο
3546 5324 3770 5400 ταχέως

341 5416 399 5471 id
435 5416 588 5488 quod
621 5413 810 5486 primo
843 5413 1150 5468 incensum
1183 5417 1274 5467 est
1329 5411 1545 5466 moveri
1595 5411 1826 5466 videtur
1859 5429 1871 5467 :
1903 5412 1966 5467 ita

2141 5412 2459 5485 ξαπτομένου
2513 5408 2602 5465 διὰ
2645 5413 2745 5482 τὴν
2792 5411 2927 5486 πρὸς
2976 5414 3137 5466 τοῦτο
3186 5407 3612 5483 ἐπιτηδειότητα
3661 5421 3766 5486 τῆς

341 5505 465 5560 fieri
505 5502 960 5560 existimandum
1011 5506 1100 5558 est
1131 5500 1307 5557 etiam
1357 5500 1417 5555 in
1461 5499 1580 5556 lllis
1619 5499 1804 5556 stellis
1854 5517 1966 5573 qua

1027 5506 1100 5558 ast
1131 5500 1307 5557 etiam
1357 5500 1417 5555 in
1461 5499 1580 5556 Illis
1619 5499 1804 5556 stellis
1854 5517 1980 5573 qua
2094 5501 2460 5575 ὑποκειμένης
2492 5499 2652 5573 ὕλης.

412 5709 457 5744 ⁵⁸
488 5710 514 5765 1
543 5710 775 5766 Meteor.
811 5725 860 5766 c.
894 5709 946 5765 4.
1023 5709 1065 5744 ⁸9
1099 5709 1124 5764 1
1159 5707 1396 5765 Msteor.
1429 5723 1476 5764 c.
1511 5708 1562 5764 4.
1640 5707 1686 5744 ⁶⁰
1715 5706 1864 5766 Ibid.
1896 5721 1948 5764 c.
1983 5707 2033 5765 4.
