4114 6428
310 378 466 441 M33

1650 376 1996 438 EPITOME
2045 379 2402 439 PHYSICA.

3571 385 3725 443 1134

307 512 576 587 prosilire
605 516 662 568 et
689 511 886 586 vagari
918 512 1206 580 videntur,
1243 514 1308 567 ut
1336 510 1451 567 alia
1479 515 1612 583 post
1641 510 1816 567 aliam
1849 514 2088 582 propter
2117 512 2444 582 subjectam
2479 514 2782 568 materiam
2817 531 2944 585 quae
2977 514 3047 569 ad
3081 513 3190 568 hoc
3243 514 3438 586 ipsum
3473 521 3606 588 apta
3640 522 3729 572 cst

309 602 686 658 accendatur.

381 691 443 754 θ’.
476 689 595 744 Ὁτὲ
627 688 722 761 μὶν
770 686 943 749 οὕτως
995 687 1046 742 οἱ
1079 683 1384 758 διᾴττοντες
1441 686 1679 763 γίνονται
1733 685 1836 740 ὑπὸ
1863 692 1964 755 τῆς

2149 690 2200 742 9.
2240 690 2536 744 Interdum
2569 691 2749 762 igitur
2793 691 2951 746 hunc
2981 692 3040 746 in
3089 693 3327 748 modum
3363 694 3510 748 ﬁunt
3541 693 3728 765 prosi-

307 781 572 850 κινήσεως
619 781 727 833 τῶν
781 775 1047 852 οὐρανίων
1099 775 1368 849 σωμάτων
1447 775 1811 850 ἐξαπτομένου
1866 779 1963 830 τοῦ

310 866 669 941 ὑποκειμένου
750 865 934 927 αὐτοῖς
1019 862 1086 934 δὴ
1171 870 1288 927 τοῖς
1369 864 1642 941 οὐρανίοις
1719 865 1962 938 σώμασιν

308 953 617 1026 ἐπιτηδείου
648 956 785 1032 πρὸς
821 951 1002 1029 ἔξαψιν
1062 953 1472 1027 ὑπεκκαύματος
1525 955 1615 1008 καὶ
1663 955 1726 1010 τὸ
1777 953 1965 1031 ἐφεξῆς

309 1044 648 1116 ἐξάπτοντος,
700 1042 880 1120 ὥσπερ
930 1043 1163 1117 εἷ’ρηται.
1210 1043 1325 1098 Ὀτὲ
1374 1041 1419 1097 δ’
1469 1044 1530 1098 ἐκ
1575 1048 1672 1098 τοῦ
1721 1064 1962 1098 συνιστα-

312 1133 474 1208 μένου
531 1130 621 1187 διὰ
671 1131 824 1206 ψύξιν
881 1133 1039 1209 ἀέρος
1098 1132 1158 1194 ’ὸς
1209 1132 1313 1186 ὑπὸ
1365 1131 1428 1187 τὸ
1488 1133 1807 1204 ὑπέκκαυμα
1861 1133 1961 1200 τὴν

309 1220 450 1277 θέσιν
481 1217 596 1298 ἔχει
625 1221 689 1275 τὸ
739 1218 1212 1295 ἐναπειλημμένον
1258 1219 1310 1276 ἐν
1357 1219 1504 1293 αὐτῷ
1556 1221 1755 1296 θερμὸν
1808 1241 1962 1297 περι-

309 1308 698 1383 στελλόμενον,
749 1308 840 1364 καὶ
883 1308 987 1364 ὑπὸ
1051 1313 1150 1364 τοῦ
1213 1310 1569 1386 περιέχοντος
1626 1308 1757 1365 αὐτὸ
1804 1309 1962 1386 ἀέρος

305 1396 620 1475 ψυχόμενον
666 1399 757 1453 καὶ
807 1396 884 1461 εἷς
932 1397 988 1454 ἓν
1043 1397 1460 1475 ἀθροιζόμενον,
1512 1398 1730 1478 ἐξαφθὲν
1781 1397 1964 1464 ἐκθλί-

307 1482 458 1543 ϐεται
517 1489 652 1562 μετά
705 1487 827 1565 βίας
884 1488 974 1542 καὶ
1026 1488 1262 1566 φέρεται,
1320 1486 1502 1564 ὥσπερ
1556 1488 1625 1542 τὰ
1666 1487 1964 1562 ἐλπυρηνι-

309 1575 511 1650 ζόμενα
584 1575 945 1654 ῥιπτούμενον
1010 1578 1148 1651 (οἷον
1210 1576 1286 1639 ὡς
1346 1576 1544 1632 ὁπόταν
1615 1579 1778 1651 ἡμῶν
1836 1575 1963 1639 τοὺς

308 1663 610 1729 δακτύλους
657 1665 1064 1744 συσφιγγόντων
1117 1665 1206 1720 καὶ
1258 1664 1495 1740 μάλιστα
1539 1666 1632 1720 τὸν
1691 1666 1858 1742 μέγαν
1907 1687 1966 1721 τε

305 1755 394 1809 καὶ
451 1752 544 1810 τόν
622 1752 847 1831 λιχανὸν
923 1755 1054 1832 ὑπὲρ
1132 1752 1195 1810 τὰ
1260 1755 1419 1828 μέσον
1501 1759 1599 1810 τοῦ
1677 1757 1915 1830 πυρῆνος
1947 1802 1963 1828 ,

308 1842 662 1914 ἐξολισθαίνει
720 1845 750 1899 ὁ
808 1845 986 1921 πυρὴν
1063 1844 1154 1899 καὶ
1226 1841 1436 1915 ἐκπηδᾷ
1490 1844 1581 1898 καὶ
1644 1842 1858 1916 μᾶλλον
1919 1842 1965 1898 εἷ

310 1934 531 2009 μετέχει
587 1931 872 2004 λειότητος
947 1933 1036 1988 καὶ
1097 1931 1504 2009 γλισχρότητος
1537 1978 1553 2004 ,
1614 1932 1688 1995 ὡς
1749 1933 1801 1987 οἱ
1857 1936 1962 1986 τῶν

309 2022 506 2079 ἐλαιῶν
555 2022 743 2078 κόκκοι
791 2026 966 2098 πυροῦ
1024 2029 1221 2098 σχῆμα
1268 2023 1520 2100 φέροντες
1568 2021 1658 2077 καὶ
1716 2021 1785 2076 τὰ
1836 2021 1962 2076 τού-

305 2132 422 2174 τοις
450 2111 770 2188 παρόμοια).
823 2112 954 2166 Τότε
1001 2109 1068 2182 δὴ
1096 2112 1160 2166 τὸ
1191 2111 1321 2167 αὐτὸ
1371 2110 1516 2185 μένει
1548 2115 1678 2187 πῦρ,
1710 2109 1838 2166 ἀλλ’
1869 2109 1968 2165 οὐκ

310 2199 602 2272 ἐξάπτειτὸ
627 2201 838 2280 ἐφεξῆς.
864 2201 1217 2280 Ἀμφοτέρως
1245 2200 1336 2257 οὖν
1363 2198 1556 2256 δοκοῦν
1581 2201 1633 2255 οἱ
1657 2197 1963 2272 διᾴττοντες

307 2291 568 2368 γίνεσθαι.

383 2381 434 2435 ι’.
466 2384 635 2435 Τοῦτο
670 2379 855 2454 μέντοι
894 2381 957 2435 τὸ
1005 2379 1236 2457 ἐκκρίσει
1286 2384 1624 2455 γεννώμενον
1672 2384 1780 2456 πῦρ
1823 2377 1964 2434 πολ-

310 2467 468 2532 λάκις
524 2469 600 2533 εἰς
655 2469 717 2524 τὸ
773 2469 920 2525 κάτω
982 2469 1145 2546 μέρος
1206 2464 1553 2542 θλιϐόμενον,
1604 2468 1693 2524 καὶ
1743 2468 1820 2531 εἷς
1862 2475 1962 2545 γῆν

306 2558 397 2614 καὶ
455 2559 532 2621 εἲς
591 2557 857 2623 θάλασσαν
918 2561 1271 2636 καταφέρεται
1331 2559 1421 2613 καὶ
1472 2557 1682 2634 νύκτωρ
1731 2556 1820 2612 καὶ
1869 2577 1963 2630 με·-

309 2647 552 2722 θημέραν
580 2647 789 2724 αἰθρίας
838 2643 1026 2718 οὔσης.
1075 2648 1207 2702 Τότε
1256 2645 1314 2702 δὲ
1361 2646 1576 2726 φέρεται
1622 2646 1791 2716 κάτω,
1841 2645 1967 2700 ὅταν

307 2735 414 2791 ἀπὸ
462 2741 560 2792 τοῦ
611 2735 721 2791 ἄνω
775 2735 971 2812 μέρους
1015 2739 1050 2806 ἡ
1097 2741 1194 2791 τοῦ
1244 2736 1401 2813 ἀέρος
1459 2734 1731 2797 πύκνωσίς
1770 2755 1829 2789 τε
1877 2733 1966 2789 καὶ

308 2824 463 2899 ψύξις
512 2825 809 2903 ἀρξαμένη,
857 2825 919 2880 τὸ
951 2823 1426 2898 ἐναπειλημμένον
1470 2825 1604 2899 αὐτῇ
1638 2824 1837 2900 Θερμὸν
1889 2823 1964 2885 εἷς

307 2915 372 2970 τὸ
423 2915 573 2970 κάτω
629 2915 792 2991 μέρος
850 2914 1145 2971 ἀπώσεται.
1179 2915 1278 2968 Διὰ
1321 2918 1483 2969 τοῦτο
1529 2912 1680 2968 καὶὸ
1711 2913 1965 2989 κεραυνὸς

311 3007 419 3079 πῦρ
468 3000 542 3058 ὣν
592 3003 668 3067 εἷς
713 3004 776 3058 τὸ
823 3003 970 3059 κάτω
1015 3004 1231 3082 φέρεται
1275 3000 1364 3058 διὰ
1413 3003 1513 3073 τὴν
1569 3001 1740 3077 βίαιον
1782 2999 1965 3056 ἔκθλι-

312 3095 428 3165 ψιν,
483 3091 598 3148 ἐπεὶ
651 3097 733 3166 τῷ
791 3093 920 3168 πυρῖ
976 3092 1112 3148 κατὰ
1155 3091 1310 3170 φύσιν
1351 3095 1387 3162 ἡ
1435 3091 1513 3154 εἷς
1556 3091 1620 3147 τὸ
1666 3089 1774 3146 ἄνω
1804 3091 1964 3169 φορά.

390 3360 474 3418 ια’,
507 3361 640 3416 ’Ὀσα
674 3360 768 3434 μὲν
825 3359 916 3414 οῦν
965 3357 1016 3415 ἐν
1064 3363 1143 3432 τῷ
1187 3354 1444 3434 ἀνωτέρῳ
1490 3359 1704 3432 σώματι
1746 3357 1798 3413 ἐν
1830 3359 1876 3430 ᾧ
1904 3358 1967 3413 τὸ

316 3447 635 3522 ὑπέκκαυμα
669 3495 682 3520 ,
736 3446 1061 3521 διᾳττόντων
1129 3449 1382 3527 φάσματα
1451 3447 1657 3524 γίνεταί
1713 3451 1791 3520 τῷ
1851 3446 1966 3518 ἐξά·
2000 3455 2042 3522 C

309 3549 532 3602 πτεσθαι
589 3538 817 3614 γίνεται,
869 3546 971 3608 τῆς
1033 3537 1438 3612 ἀναθυμιάσεως
1486 3537 1840 3611 ἐκκαιομένης
1878 3537 1968 3592 καὶ

307 3629 443 3683 κατά
498 3629 561 3683 τὸ
617 3629 739 3699 ἑξῆς
800 3625 1208 3702 διαδιδομένης,
1265 3628 1341 3691 ὡς
1399 3624 1634 3704 εἴρηται·
1683 3625 1782 3681 ὅσα
1828 3623 1873 3681 δ’
1917 3626 1969 3680 ἐν

308 3721 388 3790 τῷ
433 3718 745 3791 κατωτέρω,
798 3712 920 3772 ἔνθα
969 3719 998 3773 ὁ
1027 3717 1155 3794 ἀὴρ,
1183 3721 1252 3793 τῇ
1301 3717 1555 3793 ἐκκρίσει’
1612 3721 1690 3790 τῷ
1719 3717 1970 3791 ψυχομέ-

312 3826 411 3875 νης
456 3810 558 3876 τῆς
607 3807 774 3884 ὑγρᾶς
821 3807 1225 3882 ἀναθυμιάσεως
1275 3805 1325 3880 ἐξ
1374 3805 1542 3876 αὐτῆς
1586 3807 1688 3875 τὴν
1736 3804 1969 3882 ἔκκρισιν

311 3895 572 3972 γίνεσθαι.

392 4074 480 4149 ιβ’.
513 4074 601 4136 Ὦς
658 4070 704 4127 δ’
757 4073 818 4128 ἂν
870 4070 972 4150 ἔχῃ
1022 4074 1219 4138 θέσεως
1269 4076 1303 4143 ἡ
1352 4071 1698 4146 πυκνουμένη
1749 4072 1839 4127 καὶ
1874 4074 1975 4145 ψυ-

316 4161 534 4237 χομένη
596 4162 984 4236 ἀναθυμίασις,
1048 4162 1139 4218 καὶ
1197 4162 1277 4240 ἐφ’
1338 4161 1372 4216 ἃ
1425 4161 1803 4236 τεττραμμένη
1864 4157 1972 4231 εἷὴ,

317 4251 490 4314 οὕτως
539 4250 682 4314 εἰκὸς
731 4252 820 4307 καὶ
874 4250 963 4307 ἐπὶ
1013 4255 1180 4306 ταῦτα
1223 4253 1284 4305 τὸ
1333 4249 1383 4323 ἐξ
1433 4249 1600 4320 αὐτῆς
1655 4248 1973 4324 ἐκκρινόμε-

313 4360 405 4395 νον
440 4341 689 4419 φέρεσθαι
737 4345 870 4417 πῦρ.
923 4341 992 4395 Ἢ
1034 4341 1136 4417 γὰρ
1185 4338 1263 4402 εἷς
1311 4339 1373 4394 τὸ
1423 4337 1535 4394 ἅνω
1583 4337 1821 4414 γίνεσθαι
1873 4339 1973 4408 τὴν

317 4427 576 4508 ἔκκρισιν,
625 4429 683 4485 ἂν
729 4429 963 4485 κάτωθεν
1013 4432 1048 4500 ἠ
1081 4428 1376 4491 πύκνωσις·
1409 4429 1446 4498 ἢ
1489 4429 1568 4492 εἷς
1615 4427 1878 4502 πλάγιον,
1914 4428 1973 4482 ἂν

317 4518 487 4574 ἐκεῖσε
515 4515 710 4590 συνέϐη
743 4522 778 4590 ἡ
809 4518 1102 4582 πύκνωσις·
1135 4519 1171 4589 ἢ
1203 4534 1376 4587 κάτω,
1410 4516 1470 4573 ἃν
1512 4514 1710 4574 ἄνωθεν
1751 4519 1786 4587 ἡ
1827 4517 1973 4594 ἀρχὴ

315 4615 417 4678 τῆς
447 4628 583 4662 πυκν
593 4608 777 4671 ώσεως
809 4609 1051 4685 γίνηται.

394 4877 481 4952 ιγ’.
512 4875 588 4932 Τὰ
613 4874 802 4932 πολλὰ
833 4877 1016 4948 μέντοι
1046 4880 1152 4932 τῶν
1188 4876 1265 4938 εἷς
1307 4875 1370 4931 τὸ
1417 4874 1565 4930 κάτω
1601 4873 1976 4951 ῥιπτουμένων

321 4965 396 5028 εἷς
442 4967 506 5022 τὸ
549 4964 780 5043 πλάγιον
833 4967 1048 5044 φέρεται
1085 5011 1098 5038 ,
1144 4962 1234 5020 διὰ
1276 4965 1340 5020 τὸ
1390 4962 1485 5018 δύο
1546 4963 1660 5038 ἅμα
1710 4969 1980 5028 ποιεῖσθαι

243 5112 245 5114 ,
317 5059 487 5110 ταῦτα
533 5055 736 5132 φοράς’
796 5057 895 5126 τὴν
952 5056 1046 5129 μὲν
1097 5055 1174 5117 εἷς
1220 5056 1283 5109 τὸ
1337 5055 1447 5110 ἄνω
1492 5053 1582 5108 καὶ
1632 5055 1767 5109 κατά
1823 5053 1978 5131 φύσιν

322 5143 461 5218 (ἐπεὶ
505 5149 585 5217 τῷ
631 5144 764 5220 πυρῖ
807 5145 943 5199 κατὰ
987 5143 1142 5222 φύσιν
1189 5145 1250 5198 τὸ
1299 5145 1407 5198 ἅνω
1458 5143 1750 5222 φέρεσθαι),
1801 5143 1899 5211 τὴν
1933 5140 1982 5198 δ’

319 5233 396 5297 είς
443 5235 506 5289 τὸ
554 5233 702 5289 κάτω
759 5233 954 5310 βιαίως
1002 5231 1092 5287 διὰ
1131 5233 1230 5302 τὴν
1282 5227 1548 5306 ἔκθλιψιν.
1601 5231 1700 5286 Καὶ
1754 5229 1894 5286 ἔστιν
1941 5233 1976 5301 ἡ

320 5321 396 5386 εἷς
445 5323 508 5378 τὸ
553 5323 786 5400 πλάγιον
839 5323 980 5401 φορὰ
1028 5319 1089 5376 ἔκ
1135 5343 1194 5377 τε
1235 5328 1336 5391 τῆς
1379 5320 1489 5376 ἅνω
1547 5321 1636 5375 καὶ
1683 5327 1783 5390 τῆς
1830 5319 1978 5375 κάτω

323 5415 523 5486 μικτή.
573 5418 743 5468 Τοῦτο
797 5411 855 5468 δὲ
909 5412 1136 5490 γίνεται.
1195 5411 1320 5468 ὅταν
1383 5408 1514 5485 μηδ’
1569 5410 1721 5488 ἐτέρα
1775 5411 1975 5484 πάντη,

322 5499 609 5580 ἐπικρατῇ.

395 5721 439 5758 ⁶¹
473 5720 501 5778 1
537 5719 777 5782 Meteor.
811 5736 862 5778 ο.
893 5720 948 5781 4.
1023 5718 1072 5756 ⁸³
1102 5718 1251 5778 Ibid.
1284 5735 1336 5777 c.
1362 5718 1416 5776 1.
1487 5717 1536 5754 ⁸³
1564 5715 1714 5776 Ibid.
1745 5732 1797 5775 ο.
1831 5717 1884 5774 4.

2007 4825 2056 4892 Ι)

2075 777 2282 834 lientes
2314 778 2517 846 stellae,
2551 781 2691 834 dum
2728 782 2883 836 150
2914 798 2946 836 a
2978 786 3140 837 motu
3191 798 3500 854 corporum
3535 782 3732 838 coeles-

2072 868 2246 939 tium,
2281 868 2378 940 qui
2422 869 2566 940 ipsis
2615 869 2838 926 scilicet
2884 870 3221 926 coelestibus
3268 872 3610 943 corporibus
3654 872 3727 928 ad

2074 957 2474 1013 incensionem
2507 963 2679 1030 aptus
2709 959 2896 1014 fomes
2923 961 3224 1031 subjectus
3256 965 3342 1016 est
3366 961 3724 1030 accenditur,

2073 1051 2131 1102 et
2160 1062 2294 1101 enm
2327 1048 2428 1119 qui
2478 1048 2750 1120 deinceps
2795 1054 2902 1114 est,
2933 1049 3105 1104 sicuti
3159 1049 3407 1116 dictum,
3439 1049 3722 1105 incendit.

2072 1137 2370 1191 Interdum
2421 1142 2617 1192 autem
2666 1154 2735 1192 ex
2785 1142 3192 1193 concrescente
3239 1141 3477 1210 propter
3541 1138 3728 1210 frigus

2072 1239 2202 1279 aere
2232 1224 2333 1296 qui
2357 1225 2526 1296 juxta
2572 1227 3006 1282 successionem
3061 1227 3289 1299 positus
3337 1231 3447 1294 est,
3481 1227 3636 1299 quod
3667 1226 3727 1282 in

2073 1329 2140 1368 eo
2189 1311 2400 1369 caloris
2450 1313 2716 1370 relictum
2767 1319 2856 1370 est
2909 1315 3321 1388 confringitur,
3371 1321 3428 1372 et
3475 1315 3548 1372 ab
3597 1331 3729 1372 aere

2074 1418 2189 1473 quo
2221 1402 2555 1458 continetur
2601 1402 2919 1476 frigescens
2963 1407 3020 1458 et
3050 1403 3110 1458 in
3160 1421 3347 1460 unum
3397 1421 3459 1461 se
3491 1420 3726 1477 cogens,

2073 1489 2284 1546 deinde
2308 1490 2615 1547 incensum
2645 1491 2701 1546 vi
2752 1491 2988 1547 eliditur
3017 1495 3073 1547 et
3102 1499 3368 1548 movetur
3406 1491 3586 1548 veluti
3618 1509 3729 1549 nu-

2075 1577 2182 1634 clei
2213 1579 2415 1651 digitis
2445 1582 2772 1652 projectum
2805 1581 2912 1652 (uti
2945 1598 3080 1636 cum
3111 1598 3289 1653 super
3318 1581 3580 1638 medium
3612 1599 3727 1638 nu-

2075 1666 2265 1723 cleum
2296 1669 2512 1741 digitos
2542 1667 2834 1742 imprimis
2873 1686 3152 1742 magnum
3184 1675 3242 1725 et
3282 1671 3536 1726 indicem
3567 1687 3728 1727 com-

2075 1757 2412 1829 primimus,
2444 1757 2696 1814 elabitur
2724 1765 2782 1814 et
2810 1759 3003 1815 exsilit
3032 1759 3296 1828 nucleus,
3320 1775 3506 1831 eoque
3535 1759 3727 1833 magis

2076 1846 2125 1903 si
2174 1845 2420 1902 laevitate
2481 1851 2539 1903 et
2589 1848 2893 1904 vicositate
2960 1848 3038 1903 sit
3087 1849 3387 1921 praeditus,
3441 1850 3726 1921 quemad-

2075 1935 2318 1991 modum
2358 1935 2643 1992 olivarum
2675 1937 2826 1992 acini
2856 1936 2958 2008 qui
3010 1936 3189 1992 tritici
3220 1938 3471 2009 ﬁguram
3518 1955 3633 2010 prae
3664 1954 3727 1995 se

2077 2024 2332 2093 fuerunt,
2367 2029 2425 2080 et
2454 2025 2568 2081 alia
2596 2025 2689 2081 his
2722 2025 2984 2096 similia),
3017 2029 3159 2081 tunc
3208 2042 3349 2082 sane
3380 2024 3537 2082 idem
3569 2025 3725 2099 ignis

2077 2117 2294 2181 manet,
2340 2115 2439 2170 sed
2492 2115 2552 2169 id
2603 2115 2758 2186 quod
2806 2114 3082 2186 deinceps
3131 2119 3221 2170 est
3271 2132 3386 2170 non
3437 2116 3726 2172 accendit.

2075 2202 2330 2274 Utroque
2380 2203 2560 2275 igitur
2607 2204 2779 2260 modo
2845 2203 3026 2260 stellas
3077 2207 3424 2275 proruentes
3469 2204 3595 2260 ﬁeri
3639 2203 3726 2260 vi-

2075 2291 2309 2347 dentur.

2148 2383 2235 2436 10.
2269 2381 2617 2452 Quanquam
2667 2380 2763 2436 hic
2795 2381 2951 2454 ignis
2981 2381 3080 2454 qui
3130 2382 3460 2439 excretione
3489 2398 3728 2456 genera-

2073 2474 2192 2538 tur,
2225 2486 2378 2543 saepe
2408 2470 2467 2524 in
2517 2469 2854 2526 inferiorem
2903 2475 3130 2542 partem
3173 2470 3415 2526 eliditur
3445 2471 3515 2541 δι,
3548 2471 3728 2544 inque

2072 2563 2289 2615 terram
2321 2565 2378 2614 et
2425 2575 2605 2629 mare,
2638 2575 2772 2614 cum
2819 2565 2995 2614 noctu
3035 2563 3163 2614 tum
3207 2559 3488 2627 interdiu,
3522 2576 3728 2618 sereno

2075 2648 2219 2707 coelo
2249 2648 2525 2704 defertur.
2557 2649 2706 2704 Tum
2738 2653 2934 2704 autem
2965 2649 3236 2704 deorsum
3274 2649 3477 2719 fertur,
3511 2665 3646 2704 cum
3693 2667 3728 2706 a

2077 2737 2376 2808 superiore
2423 2741 2586 2808 parte
2632 2737 3012 2793 condensatio
3061 2742 3120 2792 et
3159 2737 3523 2810 refrigeratio
3573 2737 3725 2794 aeris

2077 2827 2328 2898 incepta,
2372 2825 2652 2898 quicquid
2681 2826 2742 2881 in
2776 2825 2906 2898 ipsa
2935 2825 3147 2882 caloris
3179 2825 3447 2882 relictum
3479 2828 3628 2884 151
3665 2832 3722 2883 et

2075 2915 2374 2970 inclusum
2395 2919 2502 2986 est,
2525 2915 2584 2968 in
2612 2914 2946 2970 inferiorem
2964 2919 3190 2986 partem
3216 2913 3555 2987 propulerit.
3575 2917 3722 2982 Qua-

2077 3008 2314 3078 propter
2340 3005 2387 3040 ⁶²
2419 3004 2595 3060 etiam
2627 3002 2996 3070 fulmen,etsi
3026 3003 3182 3076 ignis
3213 3008 3324 3072 est,
3343 3004 3417 3059 ad
3446 3003 3724 3061 inferiora

2073 3097 2272 3149 tamen
2327 3096 2561 3166 propter
2616 3092 2930 3149 violentam
2997 3092 3430 3164 expressionem
3490 3093 3722 3163 fertur;

2077 3183 2556 3255 quandoquidem
2625 3181 2750 3256 igni
2799 3183 3126 3238 secundum
3193 3186 3466 3239 naturam
3533 3188 3730 3241 motus

2078 3289 2317 3328 sursum
2349 3271 2638 3328 convenit.

2151 3363 2236 3416 11.
2271 3362 2642 3432 Quaecunque
2690 3360 2873 3432 igitur
2921 3361 2980 3416 in
3033 3360 3333 3432 superiore
3383 3376 3622 3433 corpore
3670 3361 3730 3417 in

2081 3467 2196 3523 quo
2228 3456 2318 3507 est
2344 3450 2670 3517 succensio,
2701 3448 3131 3522 prosilientinm
3166 3448 3470 3505 stellarum
3502 3453 3732 3522 spectra

2080 3540 2249 3609 ﬁunt,
2283 3555 2386 3611 per
2406 3538 2934 3594 inﬂammationem
2967 3538 3134 3604 ﬁunt,
3163 3545 3230 3594 ut
3246 3538 3527 3594 nimirum
3551 3538 3732 3596 exha-

2081 3628 2220 3685 latio
2251 3629 2630 3694 accendatur,
2663 3633 2721 3684 et
2752 3628 2822 3683 ad
2857 3628 2914 3682 id
2948 3629 3100 3700 quod
3136 3627 3414 3700 deinceps
3445 3628 3730 3700 sequitur,

2083 3723 2148 3774 ut
2176 3717 2399 3773 dictum
2431 3722 2539 3786 est,
2561 3717 2970 3773 distribuatur.
3003 3717 3300 3788 Quotquot
3325 3721 3519 3774 autem
3553 3717 3614 3772 in
3643 3715 3734 3772 in-

2083 3807 2290 3862 feriore
2339 3807 2512 3875 ﬁunt,
2545 3805 2645 3862 ubi
2693 3823 2792 3861 aer
2823 3809 2930 3873 est,
2963 3822 3068 3877 per
3114 3806 3501 3862 excretionem
3533 3806 3685 3861 ﬁunt
3718 3822 3733 3862 :

2084 3897 2241 3968 quod
2272 3895 2483 3968 frigore
2513 3899 2924 3951 concrescente
2971 3894 3219 3950 humida
3246 3893 3613 3951 exhalatione
3653 3895 3737 3950 sic

2082 4002 2153 4041 ex
2180 3985 2312 4057 ipsa
2340 3984 2441 4039 ﬁat
2469 3983 2720 4040 excretio
2751 3983 2815 4038 ⁸³.

2157 4075 2244 4129 12.
2276 4073 2457 4128 Pront
2485 4089 2621 4128 vero
2653 4072 2768 4127 sita
2815 4071 2989 4127 fuerit
3011 4071 3113 4128 illa
3160 4073 3520 4129 densescens
3549 4088 3616 4129 ac
3641 4072 3740 4128 fri-

2084 4179 2221 4236 gore
2271 4177 2650 4218 concrescens
2695 4159 3009 4228 exhalatio,
3044 4177 3110 4217 ac
3158 4161 3218 4217 in
3267 4178 3446 4233 quam
3497 4177 3558 4217 se
3605 4177 3736 4233 par-

2084 4259 2204 4307 tem
2251 4251 2636 4319 converterit;
2689 4249 2773 4306 sic
2804 4267 3036 4322 quoque
3086 4251 3145 4304 in
3195 4251 3464 4306 eamdem
3510 4254 3738 4322 partem

2085 4342 2276 4414 ignem
2314 4339 2482 4395 illum
2515 4340 2615 4412 qui
2649 4357 2717 4395 ex
2750 4340 2876 4412 ipsa
2924 4339 3278 4410 excernitur,
3311 4339 3448 4395 ferri
3481 4355 3742 4396 cunsen-

2086 4434 2324 4487 taneum
2385 4434 2495 4485 est.
2543 4429 2689 4484 Nam
2742 4428 2833 4485 vel
2878 4445 3118 4484 sursum
3169 4428 3560 4484 excretionem
3610 4429 3739 4484 ﬁeri

2088 4536 2193 4592 par
2247 4523 2358 4586 est,
2420 4519 2470 4573 si
2526 4519 2903 4575 condensatio
2982 4518 3041 4574 in
3099 4518 3374 4574 inferiore
3428 4516 3552 4574 loco
3610 4518 3740 4573 fue-

2086 4608 2208 4676 rit;
2243 4607 2333 4663 vel
2380 4607 2441 4662 in
2487 4606 2816 4678 obliquum,
2850 4607 2901 4663 si
2948 4607 3090 4662 illuc
3135 4613 3382 4679 vergat;
3430 4607 3520 4664 vel
3569 4607 3738 4663 deor-

2088 4713 2246 4764 sum,
2314 4701 2370 4752 et
2452 4712 2706 4768 superne
2783 4696 2883 4752 ﬁat
2975 4695 3455 4753 condensationis
3532 4695 3746 4769 princi-

2088 4785 2272 4857 pium.

2091 4891 2098 4904 '
2165 4875 2251 4930 13.
2285 4876 2634 4946 Quanquam
2684 4873 2872 4930 multa
2920 4890 3124 4930 eorum
3175 4891 3302 4946 qua;
3350 4875 3627 4931 deorsum
3649 4874 3744 4946 ja-

2092 4963 2348 5033 ciuntur,
2410 4963 2468 5018 in
2522 4968 2926 5019 transversum
2978 4964 3269 5033 feruntur,
3318 4964 3475 5035 quod
3525 4963 3746 5036 duplici

2091 5051 2190 5108 illa
2220 5059 2383 5108 motu
2431 5052 2731 5120 cieantur;
2763 5069 2881 5107 uno
2921 5069 3161 5108 sursum
3193 5058 3251 5108 et
3282 5053 3609 5108 secundum
3639 5069 3743 5108 na-

2089 5147 2282 5198 turam
2316 5143 2470 5198 I52
2515 5141 2758 5214 (quippe
2812 5142 2933 5213 igni
2988 5159 3227 5199 sursum
3275 5141 3495 5198 moveri
3543 5158 3749 5198 secun-

2091 5232 2232 5286 dum
2268 5235 2541 5286 naturam
2591 5232 2906 5302 convenit),
2937 5231 3118 5287 altero
3168 5233 3444 5288 deorsum
3494 5247 3597 5303 per
3625 5228 3744 5286 vim

2088 5320 2353 5376 elisionis
2401 5337 2581 5376 causa
2611 5319 2677 5374 “.
2721 5321 2940 5392 Estque
2990 5320 3086 5375 hic
3139 5320 3416 5393 obliquus
3463 5325 3660 5376 motus
3689 5323 3748 5375 et

2088 5427 2158 5466 ex
2187 5427 2253 5466 eo
2287 5409 2388 5482 qui
2421 5425 2660 5464 sursum
2691 5413 2748 5462 et
2777 5424 2845 5463 ex
2873 5425 2939 5464 eo
2973 5409 3072 5480 qui
3105 5409 3381 5465 deorsum
3412 5409 3479 5463 ﬁt
3507 5408 3744 5464 mistus.

2087 5499 2251 5565 Quod
2295 5497 2535 5569 quidem
2583 5497 2670 5564 ﬁt,
2704 5513 2840 5552 cum
2888 5502 3095 5554 neuter
3141 5514 3245 5572 per
3273 5499 3473 5555 omnia
3520 5513 3741 5571 praeva-

2085 5586 2186 5645 let.

1959 5716 2008 5755 “
2034 5714 2185 5778 Ibid.
2218 5730 2270 5772 ο.
2303 5713 2356 5771 4.
