4114 6436
335 451 496 514 1137

1669 450 2018 513 ΕΡΙΤΟΜΕ
2061 451 2428 513 PHYSICA.

3595 447 3756 510 “38

404 600 473 659 γ’.
506 581 571 640 Εἰ
603 582 700 657 μὲν
731 581 832 660 γὰρ
859 581 1031 652 πάντη
1079 580 1248 656 ὁμοία
1276 583 1310 652 ἡ
1345 579 1528 656 ἔξαψις
1577 579 1660 653 εἴη
1711 588 1811 651 τῆς
1862 582 1975 637 ἀνα-

2172 585 2226 640 3.
2261 583 2320 640 Si
2352 583 2507 639 enim
2542 599 2644 656 per
2671 581 2872 640 omnia
2900 580 3113 638 similis
3159 581 3334 638 fuerit
3361 579 3752 638 exhalationis

335 673 646 753 φερομένης
697 671 1107 746 ἀναθυμιάσεως
1153 671 1243 727 καὶ
1311 674 1426 727 οἷον
1478 669 1849 750 σφαιροειδὴς,
1897 693 1991 726 κο-

337 765 522 837 μήτης
569 761 910 836 ὀνομάζεται·
966 761 1012 816 εἰ
1057 759 1103 816 δ’
1151 761 1455 835 ἐπιμήκης,
1487 760 1774 838 πωγωνίας
1823 781 1990 837 προσ-

332 851 670 930 αγορεύεται.

405 1029 472 1089 δ’.
503 1030 603 1085 Καὶ
654 1026 822 1108 ἄμφω
873 1026 932 1084 δὲ
978 1033 1149 1103 κοινῷ
1205 1027 1359 1106 λόγῳ
1413 1035 1654 1103 κομῆται
1712 1027 1986 1104 λέγονται.

332 1118 588 1177 Συντελεῖ
627 1117 674 1174 δ’
719 1122 755 1189 ἡ
800 1119 1036 1174 κάτωθεν
1089 1116 1463 1198 ἀναφερομένη
1489 1119 1625 1194 πρὸς
1671 1113 1852 1192 ἔξαψιν
1903 1115 1988 1173 εἷς-

326 1231 524 1287 κρατος
584 1207 942 1281 ἀναθυμίασις
995 1212 1117 1270 τοῖς
1164 1209 1436 1281 κομήταις
1480 1204 1554 1270 εἵς
1602 1229 1662 1262 τε
1719 1205 1985 1280 διαμονὴν

326 1297 595 1375 χορηγίαν
627 1297 946 1372 παρέχουσα
971 1301 1053 1369 τῷ
1081 1297 1233 1370 πυρὶ,
1265 1297 1355 1352 καὶ
1389 1297 1466 1359 εἰς
1508 1298 1609 1366 τήν
1654 1303 1758 1366 τῆς
1803 1295 1986 1370 κόμης

323 1385 634 1465 φαντασίαν.
688 1384 762 1440 Ού
829 1386 933 1460 γὰρ
1002 1385 1428 1462 περιωρισμένον
1497 1386 1587 1440 καὶ
1647 1385 1986 1462 ἐπιτετορευ-

328 1475 487 1550 μένον
526 1473 639 1530 ἐστὶ
685 1476 751 1530 τὸ
797 1474 1109 1548 καιόμενον,
1167 1471 1298 1530 ἀλλ’
1345 1471 1615 1551 ἐκδρομάς
1659 1495 1806 1537 τινας
1854 1474 1984 1550 ἔχον

328 1565 419 1620 καὶ
485 1564 704 1642 ἐξοχὰς,
760 1561 829 1619 δι’
885 1563 951 1626 ἃς
1005 1567 1041 1634 ἡ
1100 1563 1359 1642 φαντασία
1428 1571 1529 1634 τῆς
1594 1559 1775 1639 κόμης
1841 1565 1982 1641 γίνε-

321 1675 432 1713 ται.

392 1835 455 1891 ε’.
487 1835 651 1888 Ὅταν
706 1833 801 1906 μὲν
847 1832 938 1888 οὖν
989 1834 1026 1902 ἡ
1055 1830 1282 1903 τοιαύτη
1330 1833 1476 1909 ἀρχὴ
1525 1835 1623 1902 τῆς
1673 1834 1978 1895 συστάσεως

315 1942 376 1976 τε
413 1923 503 1977 καὶ
546 1921 782 1996 ἐξάψεως
831 1920 883 1977 έν
931 1926 1012 1993 τῷ
1055 1921 1347 1996 κατωτέρῳ
1392 1921 1611 1997 γένηται
1664 1922 1840 1996 τόπῳ,
1881 1917 1973 1978 καὶ

325 2012 402 2083 μή
459 2007 695 2081 πλησίον
753 2014 861 2065 τῶν
917 2009 1176 2087 ἀστέρων,
1227 2012 1347 2074 καθ’
1399 2011 1584 2066 ἑαυτὸν
1639 2012 1669 2066 ὁ
1719 2015 1975 2086 κομήτης

319 2099 584 2178 φαίνεται.
638 2102 800 2154 Ὅταν
852 2097 899 2154 δ’
929 2099 1094 2175 ἐγγὺς
1134 2103 1233 2154 τοῦ
1280 2099 1495 2176 αἰθέρος
1539 2099 1642 2155 ὑπό
1688 2122 1810 2156 τινα
1863 2106 1973 2157 τῶν

318 2187 556 2265 ἀστέρων
579 2189 615 2258 ἢ
637 2193 744 2244 τῶν
777 2187 1153 2262 πλανωμένων
1184 2191 1220 2258 ἢ
1249 2193 1360 2244 τῶν
1391 2187 1646 2244 ἀπλανῶν
1677 2192 1714 2260 ἡ
1745 2190 1971 2260 τοιαύτη

315 2276 670 2351 ἀναθυμίασις
737 2281 928 2351 συστῇ,
990 2277 1094 2332 ὑπὸ
1157 2285 1258 2347 τῆς
1324 2283 1423 2334 τοῦ
1500 2279 1724 2356 ἀστέρος
1770 2279 1975 2334 ἐκείνου

314 2368 583 2437 κινήσεως
614 2366 713 2435 τὴν
741 2365 914 2421 αἰτίαν
962 2369 1063 2436 τῆς
1106 2367 1410 2430 συστάσεως
1456 2367 1546 2422 καὶ
1593 2375 1694 2438 τῆς
1741 2367 1975 2442 ἐξάψεως

319 2453 524 2532 ἔχουσα
673 2455 786 2530 (καὶ
843 2455 948 2532 γὰρ
992 2455 1054 2510 οὐ
1106 2454 1270 2528 μόνον
1298 2457 1326 2511 ὁ
1355 2453 1541 2529 ἥλιος,
1575 2455 1722 2513 ἀλλά
1774 2457 1864 2512 καὶ
1921 2458 1976 2512 οἱ

319 2545 539 2622 ἀστέρες
597 2542 688 2599 διὰ
739 2551 842 2614 τῆς
895 2546 1162 2616 κινήσεως
1219 2545 1593 2621 θερμαίνοντες
1673 2546 1775 2616 τὴν
1846 2553 1974 2622 γῆν,

318 2634 696 2707 ἀναθυμιάσεις
727 2631 1047 2688 ἀνέλκουσιν
1077 2632 1130 2704 ἐξ
1165 2633 1333 2703 αὐτῆς
1366 2633 1456 2688 καὶ
1509 2632 1722 2708 μᾶλλον
1773 2634 1834 2690 ἐκ
1875 2638 1974 2690 τοῦ

315 2721 518 2798 ἀέρος)ο
547 2721 674 2778 τότε
721 2719 790 2791 δὴ
839 2721 964 2778 τότε
1015 2725 1126 2778 τῶν
1182 2722 1650 2801 προϋπαρχόντων
1691 2745 1774 2786 τις
1817 2723 1971 2780 ἀστέ-

314 2830 422 2886 ρων
453 2813 706 2885 κομήτης
735 2810 994 2891 φαίνεται.

387 2901 446 2970 ζ’.
489 2900 562 2955 Οὐ
613 2902 717 2976 γὰρ
767 2903 802 2971 ἡ
850 2901 1151 2979 φαινομένη
1198 2900 1346 2974 κόμη
1388 2906 1494 2957 τῶν
1545 2901 1784 2978 ἀστέρων
1832 2903 1969 2978 πρός

313 2987 498 3052 αὐτοῖς
582 2989 814 3066 ὑπάρχει
884 2995 1004 3053 τοῖς
1080 2989 1358 3065 ἀστράσιν,
1413 2988 1540 3046 ἀλλ’
1611 2991 1700 3046 ὑπ’
1775 2989 1970 3055 αὐτοὺς

313 3075 445 3133 οὖσα
494 3077 739 3158 φαίνεται
785 3079 921 3156 πρὸς
981 3077 1188 3150 αὐτοῖς,
1246 3079 1335 3135 καὶ
1396 3081 1821 3156 συμπεριάγεται
1873 3079 1970 3136 αύιο

311 3188 448 3230 τοις.

427 3256 440 3275 Ι
491 3257 515 3278 fl
746 3257 762 3276 \
881 3254 910 3276 'r
1367 3256 1382 3280 \
1571 3259 1582 3280 1
1749 3265 1776 3275 ε·
1930 3263 1941 3281 Ι

388 3277 457 3327 η.
517 3261 650 3312 Οταν
706 3277 800 3330 μεν
851 3278 942 3313 ουν
988 3258 1243 3335 ἀνωτέρω
1289 3279 1379 3313 και
1411 3257 1648 3328 πλησιον
1683 3279 1781 3315 του
1831 3261 1972 3325 αἰθε-

2101 689 2230 744 quae
2276 673 2540 728 evehitur
2593 671 3002 740 inﬂammatio,
3052 688 3118 727 ac
3175 669 3352 727 veluti
3409 669 3566 743 globi
3624 686 3753 743 spe-

2103 762 2251 818 ciem
2298 779 2414 835 prae
2461 778 2525 818 se
2574 762 2742 827 ferat,
2791 765 3040 829 cometa,
3091 761 3148 816 id
3199 765 3309 831 est,
3341 760 3551 816 crinita
3579 759 3753 817 stella

2100 851 2354 920 dicitur;
2405 852 2498 908 sin
2557 855 2756 907 autem
2816 849 3088 922 oblonga,
3148 849 3394 905 barbata
3447 865 3752 922 nuncupa-

2099 945 2216 997 tur.

2170 1032 2222 1086 4.
2257 1031 2367 1087 Sed
2399 1031 2584 1086 ambae
2614 1029 2792 1086 etiam
2829 1028 3131 1085 communi
3177 1027 3460 1084 vocabulo
3509 1030 3748 1082 cometas

2098 1119 2468 1176 dicuntur“.
2499 1120 2785 1176 Caeterum
2833 1117 2935 1174 illa
2982 1119 3128 1174 bene
3175 1121 3502 1190 temperata
3548 1116 3620 1172 ad
3654 1115 3748 1172 in-

2097 1209 2554 1265 ﬂammationem
2585 1207 2875 1264 exhalatio
2906 1224 3032 1279 qua
3073 1207 3298 1262 inferne
3344 1223 3585 1262 sursum
3633 1204 3744 1260 fer-

2095 1303 2213 1365 tur,
2243 1315 2376 1354 cum
2409 1299 2481 1354 od
2513 1298 2884 1354 durationem
2916 1295 3160 1352 cometis
3191 1295 3485 1362 conducit,
3519 1295 3746 1350 fomen-

2097 1391 2224 1443 tum
2256 1388 2379 1461 igni
2409 1386 2815 1460 suppeditans,
2843 1390 2970 1442 tum
3011 1386 3080 1440 ad
3115 1401 3293 1440 comae
3325 1385 3574 1456 figuram
3619 1383 3743 1440 efﬁ-

2095 1477 2362 1534 ciendam
2412 1477 2575 1532 utilis
2625 1480 2732 1532 est.
2762 1476 2962 1548 Neque
3011 1474 3170 1530 enim
3220 1473 3743 1544 circumcirca‘de-

2094 1567 2330 1622 finitum
2386 1571 2445 1622 et
2501 1566 2876 1622 detornatum
2933 1568 3025 1620 est
3069 1564 3128 1619 id
3177 1563 3334 1635 quod
3378 1563 3605 1634 ﬂagrat,
3639 1561 3742 1618 sed

2093 1673 2410 1729 procursus
2458 1656 2712 1728 quodam
2755 1655 2934 1710 habet
2987 1656 3044 1710 et
3098 1650 3450 1709 eminentiae
3506 1654 3746 1724 propter

2091 1761 2242 1818 quas
2272 1762 2450 1802 comis
2480 1745 2671 1818 ﬁgura
2694 1743 2901 1800 oritur.

2158 1837 2213 1890 5.
2248 1836 2392 1891 Cum
2422 1835 2604 1908 igitur
2633 1832 2972 1890 istiusmodi
3001 1831 3390 1889 concretionis
3419 1834 3479 1887 et
3509 1829 3739 1887 inﬂam-

2090 1924 2365 1980 mationis
2421 1923 2778 1997 principium
2839 1924 2899 1978 in
2953 1922 3228 1979 inferiore
3283 1920 3410 1976 loco
3468 1920 3560 1988 fit,
3618 1936 3736 1976 non

2084 2030 2261 2086 prope
2293 2012 2519 2081 stellas,
2550 2029 2654 2084 per
2691 2027 2753 2067 se
2777 2015 3005 2068 cometa
3033 2011 3310 2067 cernitur.
3363 2009 3510 2065 Cum
3537 2015 3733 2065 autem

2084 2119 2264 2176 prope
2286 2103 2583 2172 aetherem,
2609 2102 2720 2157 sub
2740 2101 2940 2172 aliqua
2960 2100 3262 2156 stellarum
3284 2103 3387 2156 aut
3406 2097 3730 2155 errantium

2084 2196 2188 2248 aut
2244 2191 2632 2248 inerrantium
2691 2193 2863 2262 (quas
2921 2190 3065 2246 ﬁxas
3128 2189 3381 2260 vocant),
3442 2186 3733 2244 exhalatio

2083 2281 2377 2354 ejusmodi
2409 2280 2758 2348 constiterit,
2790 2279 2864 2336 ab
2895 2278 3058 2334 illius
3090 2277 3270 2334 stellae
3301 2281 3464 2334 motu
3495 2291 3734 2332 concre-

2082 2370 2266 2426 tionis
2294 2371 2450 2428 I56
2475 2373 2534 2425 et
2562 2366 3047 2425 inﬂammationis
3076 2384 3194 2422 sua
3224 2382 3464 2422 causam
3486 2365 3734 2434 habens,

2084 2461 2187 2531 ([6]
2217 2475 2331 2514 non
2364 2459 2522 2515 enim
2555 2457 2642 2514 sol
2672 2458 2977 2522 duntaxat,
3010 2456 3112 2512 sed
3143 2459 3200 2510 et
3226 2453 3396 2511 stella
3423 2458 3588 2510 motu
3618 2457 3736 2510 ter-

2086 2565 2213 2604 ram
2265 2547 2692 2615 calefacientes,
2725 2544 3128 2603 exhalationes
3174 2562 3239 2601 ex
3291 2560 3362 2600 ea
3388 2544 3478 2600 vel
3507 2559 3579 2599 ex
3606 2559 3739 2600 aere

2085 2637 2282 2710 potius
2313 2637 2658 2709 attrahunt),
2690 2641 2832 2692 tunc
2858 2650 3021 2700 sane,
3049 2638 3212 2701 tunc,
3245 2633 3514 2705 inquam,
3533 2647 3739 2689 earum

2087 2726 2392 2784 stellarum
2427 2743 2556 2800 quas
2597 2727 2725 2798 jam
2777 2729 2910 2782 ante
2949 2728 3162 2798 praesto
3191 2727 3356 2791 sunt,
3388 2721 3586 2795 aliqua
3623 2722 3737 2779 cri-

2085 2818 2211 2874 nita
2240 2821 2501 2890 apparet.

2155 2911 2206 2962 7.
2235 2907 2434 2980 Neque
2475 2905 2634 2962 enim
2678 2903 2857 2960 crinis
2905 2903 3004 2960 ille
3051 2901 3356 2959 stellarum
3409 2901 3512 2974 qui
3562 2917 3737 2973 appa-

2081 3000 2189 3062 ret,
2221 2995 2399 3068 ispsis
2429 2995 2581 3051 inest
2611 2992 2798 3050 stellis
2825 3019 2839 3061 ;
2871 2993 2971 3048 sed
3003 3009 3136 3048 cum
3169 2990 3324 3048 infra
3354 2991 3515 3064 ipsas
3541 2991 3641 3060 sit,
3663 2991 3734 3047 ad

2080 3085 2240 3156 ipsas
2271 3089 2470 3140 tamen
2500 3088 2741 3157 apparet
2770 3087 2830 3138 et
2859 3098 2994 3138 cum
3026 3081 3172 3154 ipsis
3202 3080 3263 3136 in
3289 3081 3490 3137 orbem
3531 3095 3733 3136 versa-

2078 3176 2194 3229 tur.

2153 3264 2207 3318 8.
2268 3263 2413 3318 Cum
2463 3261 2646 3334 igitur
2691 3259 2967 3333 superius
3012 3263 3071 3315 et
3101 3275 3282 3332 prOpe
3311 3257 3588 3314 aetherem
3620 3257 3734 3314 sub

315 3365 409 3420 ρος
459 3344 562 3400 ὑπό
609 3367 732 3401 τινα
775 3351 882 3401 τῶν
935 3333 1240 3423 ἀστέρωνὴ
1291 3346 1439 3421 κόμη
1483 3348 1727 3424 γένηται,
1779 3349 1969 3422 ἐκείνῳ

2095 3351 2283 3424 aliqua
2311 3350 2615 3407 stellarum
2648 3366 2816 3406 coma
2846 3365 2947 3405 seu
2980 3348 3161 3405 crinis
3207 3348 3524 3419 exstiteret,
3553 3345 3733 3402 simul

311 3439 661 3510 συγκινεῖται,
722 3435 796 3498 ὡς
857 3435 1064 3492 ἐκείνου
1117 3440 1188 3510 τῇ
1257 3436 1481 3511 τοιαύτῃ
1555 3438 1802 3493 συστάσει
1865 3441 1966 3508 τὴν

308 3521 484 3578 αἰτίαν
537 3523 897 3600 παρέχοντος.
957 3527 1118 3581 Ὅταν
1203 3523 1263 3580 δὲ
1332 3528 1624 3603 κατωτέρω
1689 3528 1779 3582 καὶ
1851 3535 1969 3593 καθ’

311 3613 497 3668 ἑαυτὸν
547 3614 578 3667 ὁ
628 3616 885 3687 κομήτης
941 3619 1130 3688 συστῇ,
1171 3613 1351 3670 οὐκέτι
1403 3615 1512 3670 τινὶ
1567 3621 1675 3671 τῶν
1733 3617 1970 3692 ἀστέρων

312 3698 618 3776 ἶσοδρομεῖ,
651 3701 778 3759 ἀλλ’
818 3703 1176 3782 έφυστερίζων
1226 3705 1318 3759 καὶ
1367 3704 1800 3779 ὑπολειπόμενος
1849 3708 1967 3785 φαί-

2079 3446 2346 3496 movetur
2393 3457 2528 3496 cum
2581 3438 2704 3505 illa,
2737 3439 2869 3510 ipsa
2924 3438 3269 3509 hujusmodi
3327 3435 3733 3492 constitutioni

2079 3546 2319 3586 causam
2354 3530 2666 3601 praebente.
2699 3528 2844 3583 Cum
2889 3531 3084 3582 autem
3133 3525 3379 3582 inferius
3426 3529 3485 3582 et
3532 3541 3636 3596 per
3669 3541 3734 3580 se

2077 3623 2308 3675 cometa
2337 3618 2666 3674 constiterit
2681 3619 2747 3682 ⁸⁷,
2780 3633 2896 3672 non
2927 3615 3182 3688 amplius
3215 3615 3337 3688 pari
3371 3631 3505 3670 cum
3537 3613 3735 3686 aliqua

2077 3708 2382 3764 stellarum
2415 3724 2593 3763 cursu
2626 3707 2828 3772 fertur,
2863 3705 2962 3760 sed
3012 3704 3240 3760 tardius
3286 3703 3569 3775 subsequi
3611 3706 3670 3758 et
3697 3719 3732 3758 a

309 3810 477 3849 νεται.
548 3791 783 3862 Τοιαύτη
866 3793 968 3868 γὰρ
1020 3795 1055 3863 ἡ
1111 3792 1325 3865 κίνησίς
1407 3815 1468 3849 τε
1535 3795 1625 3850 καὶ
1699 3797 1969 3874 περιφορὰ

2095 3814 2236 3869 ergo
2265 3796 2517 3869 relinqui
2546 3795 2793 3851 videtur.
2824 3793 2981 3849 Talis
3010 3791 3165 3849 enim
3190 3795 3282 3848 est
3311 3790 3519 3847 mundi
3567 3791 3728 3846 circa

306 3884 406 3934 τοῦ
460 3878 672 3954 κόσμου
721 3885 822 3936 τοῦ
885 3881 1011 3958 περὶ
1067 3889 1192 3958 γῆν,
1254 3881 1355 3937 ούκ
1425 3879 1797 3957 ἷ’σοδρομοῦσα
1848 3890 1966 3948 τοῖς

307 3968 597 4044 οὐρανίοις·
648 3966 777 4025 ἀλλ’
834 3967 949 4025 οὐδ’
1002 3969 1228 4044 ὁμαλῶς
1286 3969 1470 4034 αὐτοῖς
1527 3971 1792 4046 έπομένη,
1851 3973 1966 4030 οὐδ’

308 4053 550 4132 ἀκριϐῶς
609 4061 894 4137 σφαιρική·
955 4059 1049 4114 ἅτε
1129 4061 1204 4131 μὴ
1280 4061 1417 4115 κατὰ
1474 4059 1628 4139 φύσιν
1696 4062 1840 4118 οὕτω
1898 4061 1965 4132 δὴ

310 4151 612 4226 σφαιρικῶς
676 4148 1014 4222 κινουμένων
1090 4152 1196 4203 τῶν
1269 4149 1581 4225 περιγείων,
1639 4149 1766 4207 ἀλλ’
1835 4153 1966 4207 ὑπο-

309 4235 622 4314 συρομένων
683 4236 863 4310 μόνων
944 4237 1047 4292 ὑπὸ
1120 4243 1221 4308 τῆς
1287 4242 1394 4292 τῶν
1474 4237 1737 4316 οὐρανίων
1820 4244 1971 4312 κινή-

308 4346 442 4388 σεως
450 4370 464 4384 .

380 4504 444 4560 θ’.
478 4502 542 4558 Εἰ
591 4501 650 4559 δὲ
696 4504 788 4559 καὶ
840 4505 894 4558 οἱ
949 4501 1224 4576 πλάνητες
1286 4503 1477 4580 βιαίως
1533 4509 1810 4562 κινοῦνται
1867 4509 1966 4576 τὴν

309 4591 402 4646 ἀπ’
457 4591 742 4648 ἀνατολῶν
806 4594 884 4656 είς
941 4591 1170 4668 δυσμὰς,
1229 4592 1377 4650 ἀλλά
1449 4598 1586 4657 τέως
1653 4598 1688 4664 ἡ
1757 4597 1970 4668 κίνησις

311 4680 490 4736 αὐτῶν
524 4683 809 4760 σφαιρική’
836 4685 947 4738 τῶν
975 4679 1034 4738 δὲ
1062 4681 1354 4759 περιγείων
1385 4681 1446 4738 οὗ
1471 4682 1718 4754 τοιαύτη.

385 4859 438 4916 ι’.
478 4860 600 4914 Ὅτι
651 4856 711 4914 δὲ
754 4857 1019 4936 πυρώδης
1064 4863 1100 4931 ἡ
1147 4865 1257 4917 τῶν
1311 4865 1574 4935 κομητῶν
1625 4861 1733 4918 ἐστι
1781 4861 1972 4920 σύστα-

313 4969 416 5021 σις,
443 4948 507 5003 τὸ
555 4949 837 5022 σημαίνειν
883 4949 1137 5027 αυχμούς
1183 4971 1243 5006 τε
1282 4951 1372 5007 καὶ
1420 4951 1698 5025 πνεύματα
1752 4951 1975 5016 πλείους

312 5036 512 5100 αὐτοὺς
565 5039 890 5114 γίνομένους
944 5042 1266 5112 τεκμήριον.
1327 5043 1487 5096 Ὅταν
1546 5041 1650 5116 γὰρ
1707 5044 1742 5112 ἡ
1799 5044 1974 5119 θερμή

316 5127 408 5182 καὶ
452 5125 716 5202 πυρώδης
781 5128 1136 5203 ἀναθυμίασις
1194 5127 1487 5203 πλεονάζῃ,
1535 5131 1686 5185 οὗτοί
1733 5153 1792 5186 τε
1839 5132 1980 5187 συνί-

317 5237 555 5289 στανται,
587 5218 678 5273 καὶ
738 5218 843 5273 ὑπὸ
896 5225 1000 5288 τῆς
1045 5217 1304 5289 τοιαύτης
1363 5219 1772 5292 ἀναθυμιάσεως
1803 5222 1831 5275 ὁ
1873 5222 1976 5296 ἀήρ

319 5305 610 5382 ξηρότερος
661 5307 888 5383 γίνεται⁶
937 5307 1028 5362 καὶ
1077 5304 1404 5383 διακρίνεται
1454 5307 1543 5362 καὶ
1600 5305 1880 5364 διαλύεται
1916 5312 1980 5365 τὸ

316 5394 600 5470 έξατμίζον
662 5397 770 5452 ἀπὸ
824 5401 923 5452 τοῦ
978 5396 1102 5472 περὶ
1156 5397 1257 5464 τήν
1307 5403 1410 5472 γῆν
1439 5396 1612 5452 τόπου
1644 5398 1736 5452 καὶ
1794 5401 1981 5478 ἀναφε-

314 5483 546 5559 ρόμενον
603 5486 787 5564 ὑγρὸν,
847 5485 986 5541 ὥστε
1045 5486 1123 5562 μὴ
1196 5485 1536 5541 συνίστασθαι
1615 5484 1820 5564 ῥᾳδίως
1889 5487 1980 5544 καὶ

318 5569 681 5646 μεταϐάλλειν
713 5575 791 5638 εἰς
823 5575 993 5652 ὕδωρ.

384 5793 432 5828 ⁸⁸
457 5793 486 5850 1
520 5791 759 5853 Meteon
788 5811 838 5852 ο.
868 5794 925 5850 7.
999 5793 1044 5829 ⁸⁷
1073 5792 1222 5852 Ibid.
1297 5793 1342 5830 ⁸⁸
1372 5792 1522 5851 Ibid.

2076 3891 2296 3942 terram
2331 3890 2526 3940 motus
2550 3890 2608 3940 et
2635 3882 2958 3953 conversio,
2985 3885 3052 3937 ut
3079 3879 3363 3952 aequalem
3396 3878 3730 3936 caelestibus

2077 3973 2468 4049 [corporibus]
2500 3976 2726 4028 motum
2758 3988 2876 4028 non
2905 3971 3190 4035 observet,
3225 3968 3328 4024 sed
3378 3984 3487 4024 nec
3534 3984 3728 4041 aequa-

2076 4065 2272 4121 biliter
2299 4079 2369 4118 ea
2392 4061 2723 4128 comitetur,
2751 4075 2858 4115 nec
2887 4057 3132 4131 sphaerae
3160 4056 3414 4129 speciem
3443 4055 3732 4128 exquisite

2077 4153 2378 4220 imitetur;
2430 4150 2647 4223 quippe
2677 4166 2813 4205 cum
2847 4164 3094 4220 corpora
3119 4151 3286 4203 terrae
3317 4145 3585 4218 proxima
3614 4161 3732 4200 non

2077 4243 2162 4298 ita
2191 4241 2519 4298 secundum
2552 4243 2826 4294 naturam
2875 4237 2937 4292 in
2989 4237 3188 4293 orbem
3231 4239 3596 4306 moveantur,
3627 4234 3729 4290 sed

2077 4335 2309 4387 tantum
2340 4347 2374 4385 a
2399 4327 2732 4386 ccelestium
2763 4328 3122 4400 [corporum]
3169 4329 3332 4381 motu
3374 4325 3547 4396 juxta
3587 4341 3730 4397 pro-

2078 4420 2410 4476 trahantur.

2150 4510 2205 4564 9.
2239 4509 2590 4580 Quanquam
2638 4522 2773 4562 vero
2819 4505 3000 4562 etiam
3051 4505 3203 4562 157
3249 4503 3508 4561 erraticas
3550 4501 3732 4559 stella;

2077 4597 2361 4654 violenter
2389 4597 2462 4653 ab
2493 4601 2624 4652 ortu
2655 4594 2716 4651 in
2747 4611 3021 4652 occasum
3055 4597 3384 4664 moventur,
3417 4596 3614 4650 motus
3642 4595 3729 4648 ta-

2007 4706 2051 4770 D
2085 4705 2220 4744 men
2251 4704 2451 4743 earum
2485 4686 2544 4741 in
2577 4685 2776 4741 orbem
2807 4689 2916 4750 est,
2948 4700 3082 4740 cum
3114 4699 3424 4756 corporum
3450 4685 3618 4738 terras
3646 4681 3732 4738 vi-

2085 4777 2352 4834 cinorum
2385 4781 2582 4832 motus
2612 4791 2728 4829 non
2759 4773 2836 4830 sit
2863 4772 3176 4844 ejusmodi.

2159 4869 2245 4923 10.
2280 4867 2455 4922 Porro
2484 4881 2618 4921 vero
2666 4867 3025 4920 cometarum
3079 4861 3560 4918 constitutionem
3603 4876 3735 4917 esse

2086 4958 2320 5031 igneam
2351 4956 2410 5010 id
2455 4959 2545 5010 est
2587 4953 2827 5021 indicio,
2859 4952 3012 5024 quod
3072 4952 3124 5007 si
3172 4951 3369 5024 plures
3419 4949 3638 5006 fuerint
3663 4949 3730 5018 ³⁸,

2087 5052 2144 5104 et
2173 5051 2351 5102 aestus
2381 5049 2438 5100 et
2465 5047 2671 5100 ventos
2701 5041 3030 5112 designent.
3054 5041 3200 5096 Cum
3253 5040 3410 5096 enim
3459 5039 3652 5096 calida
3678 5043 3737 5096 et

2088 5135 2261 5208 ignea
2307 5130 2594 5188 exhalatio
2643 5129 2924 5198 abundat,
2961 5129 3172 5200 partim
3224 5128 3336 5201 ipsi
3385 5128 3736 5194 conﬂantur,

2089 5223 2305 5296 partim
2335 5222 2408 5277 ab
2439 5219 2797 5292 ejuscemodi
2829 5217 3200 5274 exhalatione
3231 5216 3440 5273 siccior
3485 5234 3586 5273 aer
3613 5216 3738 5273 effi-

2091 5313 2265 5379 citur,
2297 5311 2628 5381 humorque
2658 5307 2753 5363 ille
2785 5307 2882 5379 qui
2915 5324 2983 5364 ex
3012 5305 3139 5362 loco
3168 5312 3336 5362 terris
3384 5306 3575 5361 vicino
3606 5322 3740 5362 eva-

2088 5406 2256 5474 porat
2302 5404 2359 5456 et
2404 5397 2776 5463 subvehitur,
2805 5397 3130 5469 dissipatur
3178 5401 3236 5451 et
3279 5395 3645 5464 dissolvitur,
3678 5399 3745 5451 ut

2091 5490 2236 5546 haut
2264 5488 2346 5545 ita
2385 5486 2554 5543 facile
2601 5490 2940 5542 concrescat
2994 5489 3052 5540 et
3100 5485 3158 5540 in
3209 5501 3426 5557 aquam
3477 5501 3742 5542 commu-

2088 5584 2265 5636 tetur.
