  <div class='ocr_page' id='page_1' title='image "/cluster/home/n/w/nwhite01/storage/ocr_20150623/142/coo.31924054870476/577.png"; bbox 0 0 4114 6414; ppageno 0'>
   <div class='ocr_carea' id='block_1_1' title="bbox 450 429 602 492">
    <p class='ocr_par' dir='ltr' id='par_1_1' title="bbox 450 429 602 492">
     <span class='ocr_line' id='line_1_1' title="bbox 450 429 602 492; baseline -0.007 0"><span class='ocrx_word' id='word_1_1' title='bbox 450 429 602 492; x_wconf 81' lang='grc'>1139</span> 
     </span>
    </p>
   </div>
   <div class='ocr_carea' id='block_1_2' title="bbox 451 649 2100 724">
    <p class='ocr_par' dir='ltr' id='par_1_2' title="bbox 451 649 2100 724">
     <span class='ocr_line' id='line_1_2' title="bbox 451 649 2100 724; baseline 0 -16"><span class='ocrx_word' id='word_1_2' title='bbox 451 652 653 708; x_wconf 88' lang='lat' dir='ltr'>crebro</span> <span class='ocrx_word' id='word_1_3' title='bbox 684 655 748 706; x_wconf 90' lang='lat' dir='ltr'>ut</span> <span class='ocrx_word' id='word_1_4' title='bbox 791 649 972 706; x_wconf 72' lang='lat' dir='ltr'>stellae</span> <span class='ocrx_word' id='word_1_5' title='bbox 1014 649 1406 722; x_wconf 91' lang='lat' dir='ltr'>prosilientes,</span> <span class='ocrx_word' id='word_1_6' title='bbox 1439 651 1772 720; x_wconf 84' lang='lat' dir='ltr'>exsistunt;</span> <span class='ocrx_word' id='word_1_7' title='bbox 1823 653 2100 724; x_wconf 85' lang='lat' dir='ltr'>quodque</span> 
     </span>
    </p>
   </div>
   <div class='ocr_carea' id='block_1_3' title="bbox 451 739 2101 813">
    <p class='ocr_par' dir='ltr' id='par_1_3' title="bbox 451 739 2101 813">
     <span class='ocr_line' id='line_1_3' title="bbox 451 739 2101 813; baseline -0.001 -15"><span class='ocrx_word' id='word_1_8' title='bbox 451 741 628 798; x_wconf 88' lang='lat' dir='ltr'>etiam</span> <span class='ocrx_word' id='word_1_9' title='bbox 661 740 761 812; x_wconf 85' lang='lat' dir='ltr'>qui</span> <span class='ocrx_word' id='word_1_10' title='bbox 790 739 1100 810; x_wconf 84' lang='lat' dir='ltr'>exsistunt,</span> <span class='ocrx_word' id='word_1_11' title='bbox 1133 744 1296 794; x_wconf 80' lang='lat' dir='ltr'>extra</span> <span class='ocrx_word' id='word_1_12' title='bbox 1329 741 1522 812; x_wconf 80' lang='lat' dir='ltr'>potius</span> <span class='ocrx_word' id='word_1_13' title='bbox 1553 759 1728 813; x_wconf 89' lang='lat' dir='ltr'>quam</span> <span class='ocrx_word' id='word_1_14' title='bbox 1752 742 1905 797; x_wconf 89' lang='lat' dir='ltr'>intra</span> <span class='ocrx_word' id='word_1_15' title='bbox 1929 742 2101 813; x_wconf 91' lang='lat' dir='ltr'>tropi-</span> 
     </span>
    </p>
   </div>
   <div class='ocr_carea' id='block_1_4' title="bbox 451 829 2102 887">
    <p class='ocr_par' dir='ltr' id='par_1_4' title="bbox 451 829 2102 887">
     <span class='ocr_line' id='line_1_4' title="bbox 451 829 2102 887; baseline -0.001 0"><span class='ocrx_word' id='word_1_16' title='bbox 451 847 552 887; x_wconf 92' lang='lat' dir='ltr'>cos</span> <span class='ocrx_word' id='word_1_17' title='bbox 582 829 873 886; x_wconf 79' lang='lat' dir='ltr'>exsistunt</span> <span class='ocrx_word' id='word_1_18' title='bbox 907 847 920 885; x_wconf 94' lang='lat'><strong>:</strong></span> <span class='ocrx_word' id='word_1_19' title='bbox 953 845 1193 884; x_wconf 83' lang='lat' dir='ltr'>causam</span> <span class='ocrx_word' id='word_1_20' title='bbox 1224 845 1352 884; x_wconf 91' lang='lat' dir='ltr'>esse</span> <span class='ocrx_word' id='word_1_21' title='bbox 1383 835 1625 886; x_wconf 84' lang='lat' dir='ltr'>censent</span> <span class='ocrx_word' id='word_1_22' title='bbox 1657 831 1797 887; x_wconf 88' lang='lat' dir='ltr'>solis</span> <span class='ocrx_word' id='word_1_23' title='bbox 1829 831 2102 886; x_wconf 88' lang='lat' dir='ltr'>aliorum-</span> 
     </span>
    </p>
   </div>
   <div class='ocr_carea' id='block_1_5' title="bbox 450 918 2101 992">
    <p class='ocr_par' dir='ltr' id='par_1_5' title="bbox 450 918 2101 992">
     <span class='ocr_line' id='line_1_5' title="bbox 450 918 2101 992; baseline 0.001 -18"><span class='ocrx_word' id='word_1_24' title='bbox 450 935 564 992; x_wconf 85' lang='lat' dir='ltr'>que</span> <span class='ocrx_word' id='word_1_25' title='bbox 592 918 960 991; x_wconf 78' lang='lat' dir='ltr'>planetarum</span> <span class='ocrx_word' id='word_1_26' title='bbox 995 922 1219 974; x_wconf 90' lang='lat' dir='ltr'>motum</span> <span class='ocrx_word' id='word_1_27' title='bbox 1255 935 1268 973; x_wconf 91' lang='lat'><strong>:</strong></span> <span class='ocrx_word' id='word_1_28' title='bbox 1312 919 1410 990; x_wconf 90' lang='lat' dir='ltr'>qui</span> <span class='ocrx_word' id='word_1_29' title='bbox 1467 937 1600 975; x_wconf 89' lang='lat' dir='ltr'>cum</span> <span class='ocrx_word' id='word_1_30' title='bbox 1647 921 1800 974; x_wconf 89' lang='lat' dir='ltr'>intra</span> <span class='ocrx_word' id='word_1_31' title='bbox 1847 922 2101 992; x_wconf 86' lang='lat' dir='ltr'>trepicos</span> 
     </span>
    </p>
   </div>
   <div class='ocr_carea' id='block_1_6' title="bbox 450 1007 2101 1080">
    <p class='ocr_par' dir='ltr' id='par_1_6' title="bbox 450 1007 2101 1080">
     <span class='ocr_line' id='line_1_6' title="bbox 450 1007 2101 1080; baseline 0 -16"><span class='ocrx_word' id='word_1_32' title='bbox 450 1013 798 1064; x_wconf 86' lang='lat' dir='ltr'>moveantur</span> <span class='ocrx_word' id='word_1_33' title='bbox 825 1007 946 1073; x_wconf 86' lang='lat' dir='ltr'>(hic</span> <span class='ocrx_word' id='word_1_34' title='bbox 979 1007 1134 1062; x_wconf 90' lang='lat' dir='ltr'>enim</span> <span class='ocrx_word' id='word_1_35' title='bbox 1164 1008 1427 1079; x_wconf 82' lang='lat' dir='ltr'>signiferi</span> <span class='ocrx_word' id='word_1_36' title='bbox 1459 1009 1663 1064; x_wconf 85' lang='lat' dir='ltr'>circuli</span> <span class='ocrx_word' id='word_1_37' title='bbox 1712 1010 1770 1064; x_wconf 91' lang='lat' dir='ltr'>in</span> <span class='ocrx_word' id='word_1_38' title='bbox 1822 1027 1938 1080; x_wconf 92' lang='lat' dir='ltr'>quo</span> <span class='ocrx_word' id='word_1_39' title='bbox 1982 1026 2101 1064; x_wconf 87' lang='lat' dir='ltr'>mo-</span> 
     </span>
    </p>
   </div>
   <div class='ocr_carea' id='block_1_7' title="bbox 447 1096 2101 1170">
    <p class='ocr_par' dir='ltr' id='par_1_7' title="bbox 447 1096 2101 1170">
     <span class='ocr_line' id='line_1_7' title="bbox 447 1096 2101 1170; baseline 0.002 -18"><span class='ocrx_word' id='word_1_40' title='bbox 447 1101 546 1152; x_wconf 90' lang='lat' dir='ltr'>tus</span> <span class='ocrx_word' id='word_1_41' title='bbox 602 1096 971 1169; x_wconf 86' lang='lat' dir='ltr'>planetarum</span> <span class='ocrx_word' id='word_1_42' title='bbox 1031 1096 1349 1168; x_wconf 90' lang='lat' dir='ltr'>perﬁcitur,</span> <span class='ocrx_word' id='word_1_43' title='bbox 1410 1097 1560 1153; x_wconf 91' lang='lat' dir='ltr'>situs</span> <span class='ocrx_word' id='word_1_44' title='bbox 1620 1099 1748 1170; x_wconf 85' lang='lat' dir='ltr'>est),</span> <span class='ocrx_word' id='word_1_45' title='bbox 1799 1099 2101 1155; x_wconf 83' lang='lat' dir='ltr'>densiores</span> 
     </span>
    </p>
   </div>
   <div class='ocr_carea' id='block_1_8' title="bbox 449 1185 2098 1259">
    <p class='ocr_par' dir='ltr' id='par_1_8' title="bbox 449 1185 2098 1259">
     <span class='ocr_line' id='line_1_8' title="bbox 449 1185 2098 1259; baseline 0 -17"><span class='ocrx_word' id='word_1_46' title='bbox 449 1190 508 1242; x_wconf 91' lang='lat' dir='ltr'>et</span> <span class='ocrx_word' id='word_1_47' title='bbox 592 1185 970 1258; x_wconf 87' lang='lat' dir='ltr'>conglobatas</span> <span class='ocrx_word' id='word_1_48' title='bbox 1053 1185 1472 1251; x_wconf 81' lang='lat' dir='ltr'>exhalationes,</span> <span class='ocrx_word' id='word_1_49' title='bbox 1533 1205 1659 1259; x_wconf 67' lang='lat' dir='ltr'>quae</span> <span class='ocrx_word' id='word_1_50' title='bbox 1741 1194 2098 1244; x_wconf 84' lang='lat' dir='ltr'>cometarum</span> 
     </span>
    </p>
   </div>
   <div class='ocr_carea' id='block_1_9' title="bbox 451 1273 2100 1348">
    <p class='ocr_par' dir='ltr' id='par_1_9' title="bbox 451 1273 2100 1348">
     <span class='ocr_line' id='line_1_9' title="bbox 451 1273 2100 1348; baseline 0.001 -17"><span class='ocrx_word' id='word_1_51' title='bbox 451 1280 592 1332; x_wconf 91' lang='lat' dir='ltr'>sunt</span> <span class='ocrx_word' id='word_1_52' title='bbox 639 1274 904 1342; x_wconf 87' lang='lat' dir='ltr'>materia,</span> <span class='ocrx_word' id='word_1_53' title='bbox 953 1273 1295 1348; x_wconf 90' lang='lat' dir='ltr'>disgregant</span> <span class='ocrx_word' id='word_1_54' title='bbox 1351 1279 1415 1330; x_wconf 91' lang='lat' dir='ltr'>ut</span> <span class='ocrx_word' id='word_1_55' title='bbox 1475 1276 1798 1348; x_wconf 92' lang='lat' dir='ltr'>plurimum</span> <span class='ocrx_word' id='word_1_56' title='bbox 1843 1283 1902 1333; x_wconf 91' lang='lat' dir='ltr'>et</span> <span class='ocrx_word' id='word_1_57' title='bbox 1947 1282 2100 1333; x_wconf 86' lang='lat' dir='ltr'>exte-</span> 
     </span>
    </p>
   </div>
   <div class='ocr_carea' id='block_1_10' title="bbox 453 1365 729 1420">
    <p class='ocr_par' dir='ltr' id='par_1_10' title="bbox 453 1365 729 1420">
     <span class='ocr_line' id='line_1_10' title="bbox 453 1365 729 1420; baseline 0 0"><span class='ocrx_word' id='word_1_58' title='bbox 453 1369 639 1420; x_wconf 91' lang='lat' dir='ltr'>nuant</span> <span class='ocrx_word' id='word_1_59' title='bbox 665 1365 729 1419; x_wconf 69' lang='lat'>5°.</span> 
     </span>
    </p>
   </div>
   <div class='ocr_carea' id='block_1_11' title="bbox 528 1453 2099 1528">
    <p class='ocr_par' dir='ltr' id='par_1_11' title="bbox 528 1453 2099 1528">
     <span class='ocr_line' id='line_1_11' title="bbox 528 1453 2099 1528; baseline 0.001 -19"><span class='ocrx_word' id='word_1_60' title='bbox 528 1456 615 1509; x_wconf 87' lang='lat'><strong>12.</strong></span> <span class='ocrx_word' id='word_1_61' title='bbox 649 1453 900 1509; x_wconf 84' lang='lat' dir='ltr'>Maxime</span> <span class='ocrx_word' id='word_1_62' title='bbox 947 1457 1140 1509; x_wconf 89' lang='lat' dir='ltr'>autem</span> <span class='ocrx_word' id='word_1_63' title='bbox 1172 1454 1227 1508; x_wconf 89' lang='lat' dir='ltr'>in</span> <span class='ocrx_word' id='word_1_64' title='bbox 1260 1472 1441 1510; x_wconf 88' lang='lat' dir='ltr'>causa</span> <span class='ocrx_word' id='word_1_65' title='bbox 1487 1471 1616 1511; x_wconf 87' lang='lat' dir='ltr'>esse</span> <span class='ocrx_word' id='word_1_66' title='bbox 1662 1455 1910 1526; x_wconf 89' lang='lat' dir='ltr'>videtur,</span> <span class='ocrx_word' id='word_1_67' title='bbox 1945 1457 2099 1528; x_wconf 90' lang='lat' dir='ltr'>quod</span> 
     </span>
    </p>
   </div>
   <div class='ocr_carea' id='block_1_12' title="bbox 454 1543 2102 1617">
    <p class='ocr_par' dir='ltr' id='par_1_12' title="bbox 454 1543 2102 1617">
     <span class='ocr_line' id='line_1_12' title="bbox 454 1543 2102 1617; baseline 0 -17"><span class='ocrx_word' id='word_1_68' title='bbox 454 1545 514 1600; x_wconf 90' lang='lat' dir='ltr'>in</span> <span class='ocrx_word' id='word_1_69' title='bbox 546 1544 678 1600; x_wconf 87' lang='lat' dir='ltr'>istis</span> <span class='ocrx_word' id='word_1_70' title='bbox 726 1543 991 1616; x_wconf 89' lang='lat' dir='ltr'>partibus</span> <span class='ocrx_word' id='word_1_71' title='bbox 1043 1548 1278 1599; x_wconf 71' lang='lat' dir='ltr'>cometae</span> <span class='ocrx_word' id='word_1_72' title='bbox 1329 1562 1445 1600; x_wconf 91' lang='lat' dir='ltr'>non</span> <span class='ocrx_word' id='word_1_73' title='bbox 1495 1545 1784 1611; x_wconf 90' lang='lat' dir='ltr'>oriuntur,</span> <span class='ocrx_word' id='word_1_74' title='bbox 1817 1545 1955 1617; x_wconf 89' lang='lat' dir='ltr'>quia</span> <span class='ocrx_word' id='word_1_75' title='bbox 1987 1547 2102 1601; x_wconf 88' lang='lat' dir='ltr'>fere</span> 
     </span>
    </p>
   </div>
   <div class='ocr_carea' id='block_1_13' title="bbox 452 1633 2100 1704">
    <p class='ocr_par' dir='ltr' id='par_1_13' title="bbox 452 1633 2100 1704">
     <span class='ocr_line' id='line_1_13' title="bbox 452 1633 2100 1704; baseline 0.001 -16"><span class='ocrx_word' id='word_1_76' title='bbox 452 1633 513 1688; x_wconf 90' lang='lat' dir='ltr'>in</span> <span class='ocrx_word' id='word_1_77' title='bbox 573 1633 742 1688; x_wconf 88' lang='lat' dir='ltr'>lactis</span> <span class='ocrx_word' id='word_1_78' title='bbox 799 1633 1119 1704; x_wconf 87' lang='lat' dir='ltr'>regionem,</span> <span class='ocrx_word' id='word_1_79' title='bbox 1172 1634 1323 1690; x_wconf 73' lang='lat'>158</span> <span class='ocrx_word' id='word_1_80' title='bbox 1380 1634 1485 1690; x_wconf 91' lang='lat' dir='ltr'>hoc</span> <span class='ocrx_word' id='word_1_81' title='bbox 1545 1639 1655 1704; x_wconf 91' lang='lat' dir='ltr'>est,</span> <span class='ocrx_word' id='word_1_82' title='bbox 1696 1635 1756 1690; x_wconf 91' lang='lat' dir='ltr'>in</span> <span class='ocrx_word' id='word_1_83' title='bbox 1815 1634 2100 1690; x_wconf 91' lang='lat' dir='ltr'>circulum</span> 
     </span>
    </p>
   </div>
   <div class='ocr_carea' id='block_1_14' title="bbox 453 1721 2104 1795">
    <p class='ocr_par' dir='ltr' id='par_1_14' title="bbox 453 1721 2104 1795">
     <span class='ocr_line' id='line_1_14' title="bbox 453 1721 2104 1795; baseline 0 -17"><span class='ocrx_word' id='word_1_84' title='bbox 453 1721 752 1778; x_wconf 88' lang='lat' dir='ltr'>Galaxiam</span> <span class='ocrx_word' id='word_1_85' title='bbox 810 1723 1068 1779; x_wconf 82' lang='lat' dir='ltr'>maxima</span> <span class='ocrx_word' id='word_1_86' title='bbox 1125 1723 1415 1794; x_wconf 88' lang='lat' dir='ltr'>ejusmodi</span> <span class='ocrx_word' id='word_1_87' title='bbox 1472 1723 1907 1779; x_wconf 85' lang='lat' dir='ltr'>exhalationum</span> <span class='ocrx_word' id='word_1_88' title='bbox 1966 1741 2104 1795; x_wconf 90' lang='lat' dir='ltr'>pars</span> 
     </span>
    </p>
   </div>
   <div class='ocr_carea' id='block_1_15' title="bbox 451 1811 2102 1884">
    <p class='ocr_par' dir='ltr' id='par_1_15' title="bbox 451 1811 2102 1884">
     <span class='ocr_line' id='line_1_15' title="bbox 451 1811 2102 1884; baseline 0.001 -17"><span class='ocrx_word' id='word_1_89' title='bbox 451 1811 800 1881; x_wconf 84' lang='lat' dir='ltr'>excernitur,</span> <span class='ocrx_word' id='word_1_90' title='bbox 850 1811 1189 1883; x_wconf 88' lang='lat' dir='ltr'>ibidemque</span> <span class='ocrx_word' id='word_1_91' title='bbox 1247 1811 1489 1868; x_wconf 89' lang='lat' dir='ltr'>collecta</span> <span class='ocrx_word' id='word_1_92' title='bbox 1546 1812 1738 1868; x_wconf 89' lang='lat' dir='ltr'>lucem</span> <span class='ocrx_word' id='word_1_93' title='bbox 1791 1829 1918 1868; x_wconf 90' lang='lat' dir='ltr'>eam</span> <span class='ocrx_word' id='word_1_94' title='bbox 1975 1830 2102 1884; x_wconf 65' lang='lat' dir='ltr'>quae</span> 
     </span>
    </p>
   </div>
   <div class='ocr_carea' id='block_1_16' title="bbox 450 1900 1037 1972">
    <p class='ocr_par' dir='ltr' id='par_1_16' title="bbox 450 1900 1037 1972">
     <span class='ocr_line' id='line_1_16' title="bbox 450 1900 1037 1972; baseline -0.002 -16"><span class='ocrx_word' id='word_1_95' title='bbox 450 1900 812 1972; x_wconf 88' lang='lat' dir='ltr'>conspicitur</span> <span class='ocrx_word' id='word_1_96' title='bbox 840 1900 1037 1955; x_wconf 91' lang='lat' dir='ltr'>efﬁcit.</span> 
     </span>
    </p>
   </div>
   <div class='ocr_carea' id='block_1_17' title="bbox 524 1990 2100 2063">
    <p class='ocr_par' dir='ltr' id='par_1_17' title="bbox 524 1990 2100 2063">
     <span class='ocr_line' id='line_1_17' title="bbox 524 1990 2100 2063; baseline 0.002 -19"><span class='ocrx_word' id='word_1_97' title='bbox 524 1991 610 2044; x_wconf 91' lang='grc'>13.</span> <span class='ocrx_word' id='word_1_98' title='bbox 645 1990 1152 2055; x_wconf 86' lang='lat' dir='ltr'>Quemadmodum</span> <span class='ocrx_word' id='word_1_99' title='bbox 1206 1991 1364 2046; x_wconf 89' lang='lat' dir='ltr'>enim</span> <span class='ocrx_word' id='word_1_100' title='bbox 1417 1990 1596 2046; x_wconf 83' lang='lat' dir='ltr'>stellae</span> <span class='ocrx_word' id='word_1_101' title='bbox 1645 1992 1913 2063; x_wconf 68' lang='lat' dir='ltr'>quazdam</span> <span class='ocrx_word' id='word_1_102' title='bbox 1961 2007 2100 2047; x_wconf 90' lang='lat' dir='ltr'>cum</span> 
     </span>
    </p>
   </div>
   <div class='ocr_carea' id='block_1_18' title="bbox 449 2079 2099 2148">
    <p class='ocr_par' dir='ltr' id='par_1_18' title="bbox 449 2079 2099 2148">
     <span class='ocr_line' id='line_1_18' title="bbox 449 2079 2099 2148; baseline -0.001 -14"><span class='ocrx_word' id='word_1_103' title='bbox 449 2083 713 2135; x_wconf 84' lang='lat' dir='ltr'>errantes</span> <span class='ocrx_word' id='word_1_104' title='bbox 728 2079 793 2148; x_wconf 79' lang='lat'>7°,</span> <span class='ocrx_word' id='word_1_105' title='bbox 821 2083 949 2134; x_wconf 90' lang='lat' dir='ltr'>tum</span> <span class='ocrx_word' id='word_1_106' title='bbox 972 2080 1362 2146; x_wconf 89' lang='lat' dir='ltr'>innerrantes,</span> <span class='ocrx_word' id='word_1_107' title='bbox 1383 2079 1626 2147; x_wconf 66' lang='lat' dir='ltr'>crinitae,</span> <span class='ocrx_word' id='word_1_108' title='bbox 1654 2085 1717 2135; x_wconf 92' lang='lat' dir='ltr'>ut</span> <span class='ocrx_word' id='word_1_109' title='bbox 1743 2080 1967 2136; x_wconf 90' lang='lat' dir='ltr'>dictum</span> <span class='ocrx_word' id='word_1_110' title='bbox 1991 2085 2099 2147; x_wconf 86' lang='lat' dir='ltr'>est,</span> 
     </span>
    </p>
   </div>
   <div class='ocr_carea' id='block_1_19' title="bbox 450 2168 2099 2240">
    <p class='ocr_par' dir='ltr' id='par_1_19' title="bbox 450 2168 2099 2240">
     <span class='ocr_line' id='line_1_19' title="bbox 450 2168 2099 2240; baseline 0 -16"><span class='ocrx_word' id='word_1_111' title='bbox 450 2168 742 2236; x_wconf 89' lang='lat' dir='ltr'>videntur,</span> <span class='ocrx_word' id='word_1_112' title='bbox 775 2185 910 2223; x_wconf 91' lang='lat' dir='ltr'>cum</span> <span class='ocrx_word' id='word_1_113' title='bbox 942 2169 1096 2224; x_wconf 89' lang='lat' dir='ltr'>infra</span> <span class='ocrx_word' id='word_1_114' title='bbox 1138 2169 1298 2240; x_wconf 89' lang='lat' dir='ltr'>ipsas</span> <span class='ocrx_word' id='word_1_115' title='bbox 1345 2169 1580 2224; x_wconf 91' lang='lat' dir='ltr'>densior</span> <span class='ocrx_word' id='word_1_116' title='bbox 1627 2169 1913 2225; x_wconf 83' lang='lat' dir='ltr'>exhalatio</span> <span class='ocrx_word' id='word_1_117' title='bbox 1964 2186 2099 2225; x_wconf 89' lang='lat' dir='ltr'>con-</span> 
     </span>
    </p>
   </div>
   <div class='ocr_carea' id='block_1_20' title="bbox 453 2257 2104 2330">
    <p class='ocr_par' dir='ltr' id='par_1_20' title="bbox 453 2257 2104 2330">
     <span class='ocr_line' id='line_1_20' title="bbox 453 2257 2104 2330; baseline 0 -16"><span class='ocrx_word' id='word_1_118' title='bbox 453 2257 744 2315; x_wconf 85' lang='lat' dir='ltr'>crescitet</span> <span class='ocrx_word' id='word_1_119' title='bbox 771 2257 1176 2313; x_wconf 86' lang='lat' dir='ltr'>inﬂammatur</span> <span class='ocrx_word' id='word_1_120' title='bbox 1205 2263 1260 2313; x_wconf 92' lang='lat' dir='ltr'>et</span> <span class='ocrx_word' id='word_1_121' title='bbox 1291 2275 1422 2312; x_wconf 91' lang='lat' dir='ltr'>cum</span> <span class='ocrx_word' id='word_1_122' title='bbox 1456 2258 1602 2330; x_wconf 89' lang='lat' dir='ltr'>ipsis</span> <span class='ocrx_word' id='word_1_123' title='bbox 1650 2259 1825 2314; x_wconf 91' lang='lat' dir='ltr'>simul</span> <span class='ocrx_word' id='word_1_124' title='bbox 1866 2275 2104 2314; x_wconf 91' lang='lat' dir='ltr'>conver-</span> 
     </span>
    </p>
   </div>
   <div class='ocr_carea' id='block_1_21' title="bbox 454 2346 2105 2404">
    <p class='ocr_par' dir='ltr' id='par_1_21' title="bbox 454 2346 2105 2404">
     <span class='ocr_line' id='line_1_21' title="bbox 454 2346 2105 2404; baseline 0.001 -1"><span class='ocrx_word' id='word_1_125' title='bbox 454 2346 758 2403; x_wconf 88' lang='lat' dir='ltr'>titur:sic</span> <span class='ocrx_word' id='word_1_126' title='bbox 791 2347 963 2402; x_wconf 91' lang='lat' dir='ltr'>etiam</span> <span class='ocrx_word' id='word_1_127' title='bbox 1022 2347 1081 2402; x_wconf 91' lang='lat' dir='ltr'>in</span> <span class='ocrx_word' id='word_1_128' title='bbox 1143 2348 1325 2402; x_wconf 90' lang='lat' dir='ltr'>lacteo</span> <span class='ocrx_word' id='word_1_129' title='bbox 1375 2348 1590 2403; x_wconf 91' lang='lat' dir='ltr'>circulo</span> <span class='ocrx_word' id='word_1_130' title='bbox 1641 2365 1732 2403; x_wconf 90' lang='lat' dir='ltr'>res</span> <span class='ocrx_word' id='word_1_131' title='bbox 1781 2365 1842 2403; x_wconf 84' lang='lat' dir='ltr'>se</span> <span class='ocrx_word' id='word_1_132' title='bbox 1892 2349 2105 2404; x_wconf 91' lang='lat' dir='ltr'>habere</span> 
     </span>
    </p>
   </div>
   <div class='ocr_carea' id='block_1_22' title="bbox 450 2435 2101 2508">
    <p class='ocr_par' dir='ltr' id='par_1_22' title="bbox 450 2435 2101 2508">
     <span class='ocr_line' id='line_1_22' title="bbox 450 2435 2101 2508; baseline 0 -16"><span class='ocrx_word' id='word_1_133' title='bbox 450 2436 703 2492; x_wconf 87' lang='lat' dir='ltr'>videtur.</span> <span class='ocrx_word' id='word_1_134' title='bbox 739 2437 899 2501; x_wconf 87' lang='lat' dir='ltr'>Quod</span> <span class='ocrx_word' id='word_1_135' title='bbox 933 2435 1088 2491; x_wconf 91' lang='lat' dir='ltr'>enim</span> <span class='ocrx_word' id='word_1_136' title='bbox 1121 2436 1411 2492; x_wconf 84' lang='lat' dir='ltr'>exhalatio</span> <span class='ocrx_word' id='word_1_137' title='bbox 1441 2454 1527 2502; x_wconf 89' lang='lat' dir='ltr'>ea,</span> <span class='ocrx_word' id='word_1_138' title='bbox 1563 2454 1689 2508; x_wconf 69' lang='lat' dir='ltr'>quae</span> <span class='ocrx_word' id='word_1_139' title='bbox 1723 2437 1877 2492; x_wconf 92' lang='lat' dir='ltr'>circa</span> <span class='ocrx_word' id='word_1_140' title='bbox 1922 2455 2101 2492; x_wconf 91' lang='lat' dir='ltr'>unam</span> 
     </span>
    </p>
   </div>
   <div class='ocr_carea' id='block_1_23' title="bbox 453 2524 2102 2597">
    <p class='ocr_par' dir='ltr' id='par_1_23' title="bbox 453 2524 2102 2597">
     <span class='ocr_line' id='line_1_23' title="bbox 453 2524 2102 2597; baseline 0 -17"><span class='ocrx_word' id='word_1_141' title='bbox 453 2525 793 2597; x_wconf 88' lang='lat' dir='ltr'>quampiam</span> <span class='ocrx_word' id='word_1_142' title='bbox 827 2524 1056 2580; x_wconf 90' lang='lat' dir='ltr'>stellam</span> <span class='ocrx_word' id='word_1_143' title='bbox 1085 2525 1332 2593; x_wconf 79' lang='lat' dir='ltr'>exsistit,</span> <span class='ocrx_word' id='word_1_144' title='bbox 1368 2525 1547 2581; x_wconf 91' lang='lat' dir='ltr'>crinis</span> <span class='ocrx_word' id='word_1_145' title='bbox 1581 2528 1825 2597; x_wconf 85' lang='lat' dir='ltr'>ﬁguram</span> <span class='ocrx_word' id='word_1_146' title='bbox 1875 2526 2054 2582; x_wconf 90' lang='lat' dir='ltr'>efﬁcit</span> <span class='ocrx_word' id='word_1_147' title='bbox 2087 2551 2102 2595; x_wconf 87' lang='lat'><strong>;</strong></span> 
     </span>
    </p>
   </div>
   <div class='ocr_carea' id='block_1_24' title="bbox 450 2613 2107 2687">
    <p class='ocr_par' dir='ltr' id='par_1_24' title="bbox 450 2613 2107 2687">
     <span class='ocr_line' id='line_1_24' title="bbox 450 2613 2107 2687; baseline 0.001 -18"><span class='ocrx_word' id='word_1_148' title='bbox 450 2613 607 2670; x_wconf 91' lang='lat' dir='ltr'>idem</span> <span class='ocrx_word' id='word_1_149' title='bbox 640 2613 815 2669; x_wconf 90' lang='lat' dir='ltr'>etiam</span> <span class='ocrx_word' id='word_1_150' title='bbox 848 2614 990 2668; x_wconf 92' lang='lat' dir='ltr'>dum</span> <span class='ocrx_word' id='word_1_151' title='bbox 1022 2614 1082 2668; x_wconf 92' lang='lat' dir='ltr'>in</span> <span class='ocrx_word' id='word_1_152' title='bbox 1114 2614 1186 2669; x_wconf 93' lang='lat' dir='ltr'>iis</span> <span class='ocrx_word' id='word_1_153' title='bbox 1213 2613 1400 2670; x_wconf 91' lang='lat' dir='ltr'>stellis</span> <span class='ocrx_word' id='word_1_154' title='bbox 1430 2615 1488 2668; x_wconf 91' lang='lat' dir='ltr'>in</span> <span class='ocrx_word' id='word_1_155' title='bbox 1522 2614 1738 2686; x_wconf 90' lang='lat' dir='ltr'>quibus</span> <span class='ocrx_word' id='word_1_156' title='bbox 1759 2614 1846 2669; x_wconf 93' lang='lat' dir='ltr'>lac</span> <span class='ocrx_word' id='word_1_157' title='bbox 1865 2619 2107 2687; x_wconf 86' lang='lat' dir='ltr'>apparet</span> 
     </span>
    </p>
   </div>
   <div class='ocr_carea' id='block_1_25' title="bbox 453 2701 2104 2776">
    <p class='ocr_par' dir='ltr' id='par_1_25' title="bbox 453 2701 2104 2776">
     <span class='ocr_line' id='line_1_25' title="bbox 453 2701 2104 2776; baseline 0.001 -18"><span class='ocrx_word' id='word_1_158' title='bbox 453 2701 632 2758; x_wconf 85' lang='lat' dir='ltr'>simul</span> <span class='ocrx_word' id='word_1_159' title='bbox 679 2703 764 2768; x_wconf 89' lang='lat' dir='ltr'>ﬁt,</span> <span class='ocrx_word' id='word_1_160' title='bbox 797 2701 1082 2758; x_wconf 91' lang='lat' dir='ltr'>circulum</span> <span class='ocrx_word' id='word_1_161' title='bbox 1132 2703 1289 2759; x_wconf 90' lang='lat' dir='ltr'>hunc</span> <span class='ocrx_word' id='word_1_162' title='bbox 1337 2704 1436 2773; x_wconf 91' lang='lat' dir='ltr'>qui</span> <span class='ocrx_word' id='word_1_163' title='bbox 1484 2704 1708 2759; x_wconf 88' lang='lat' dir='ltr'>lacteus</span> <span class='ocrx_word' id='word_1_164' title='bbox 1758 2703 2104 2776; x_wconf 89' lang='lat' dir='ltr'>appellatur,</span> 
     </span>
    </p>
   </div>
   <div class='ocr_carea' id='block_1_26' title="bbox 451 2791 2104 2865">
    <p class='ocr_par' dir='ltr' id='par_1_26' title="bbox 451 2791 2104 2865">
     <span class='ocr_line' id='line_1_26' title="bbox 451 2791 2104 2865; baseline 0.002 -19"><span class='ocrx_word' id='word_1_165' title='bbox 451 2791 681 2847; x_wconf 86' lang='lat' dir='ltr'>efﬁcere</span> <span class='ocrx_word' id='word_1_166' title='bbox 709 2792 957 2847; x_wconf 90' lang='lat' dir='ltr'>videtur.</span> <span class='ocrx_word' id='word_1_167' title='bbox 992 2793 1156 2858; x_wconf 90' lang='lat' dir='ltr'>Quod</span> <span class='ocrx_word' id='word_1_168' title='bbox 1189 2793 1370 2865; x_wconf 88' lang='lat' dir='ltr'>igitur</span> <span class='ocrx_word' id='word_1_169' title='bbox 1399 2792 1553 2848; x_wconf 91' lang='lat' dir='ltr'>circa</span> <span class='ocrx_word' id='word_1_170' title='bbox 1579 2810 1757 2848; x_wconf 89' lang='lat' dir='ltr'>unam</span> <span class='ocrx_word' id='word_1_171' title='bbox 1800 2792 2104 2848; x_wconf 90' lang='lat' dir='ltr'>stellarum</span> 
     </span>
    </p>
   </div>
   <div class='ocr_carea' id='block_1_27' title="bbox 452 2880 2109 2953">
    <p class='ocr_par' dir='ltr' id='par_1_27' title="bbox 452 2880 2109 2953">
     <span class='ocr_line' id='line_1_27' title="bbox 452 2880 2109 2953; baseline 0.002 -17"><span class='ocrx_word' id='word_1_172' title='bbox 452 2880 578 2936; x_wconf 87' lang='lat' dir='ltr'>ﬁeri</span> <span class='ocrx_word' id='word_1_173' title='bbox 612 2884 823 2953; x_wconf 89' lang='lat' dir='ltr'>potest,</span> <span class='ocrx_word' id='word_1_174' title='bbox 854 2880 911 2936; x_wconf 89' lang='lat' dir='ltr'>id</span> <span class='ocrx_word' id='word_1_175' title='bbox 943 2881 1122 2937; x_wconf 89' lang='lat' dir='ltr'>etiam</span> <span class='ocrx_word' id='word_1_176' title='bbox 1156 2882 1213 2936; x_wconf 89' lang='lat' dir='ltr'>in</span> <span class='ocrx_word' id='word_1_177' title='bbox 1250 2883 1516 2937; x_wconf 90' lang='lat' dir='ltr'>universo</span> <span class='ocrx_word' id='word_1_178' title='bbox 1551 2882 1691 2938; x_wconf 68' lang='lat' dir='ltr'>coelo</span> <span class='ocrx_word' id='word_1_179' title='bbox 1723 2883 1846 2938; x_wconf 92' lang='lat' dir='ltr'>ﬁeri</span> <span class='ocrx_word' id='word_1_180' title='bbox 1874 2899 1989 2937; x_wconf 92' lang='lat' dir='ltr'>non</span> <span class='ocrx_word' id='word_1_181' title='bbox 2020 2887 2109 2939; x_wconf 89' lang='lat' dir='ltr'>est</span> 
     </span>
    </p>
   </div>
   <div class='ocr_carea' id='block_1_28' title="bbox 454 2969 2109 3028">
    <p class='ocr_par' dir='ltr' id='par_1_28' title="bbox 454 2969 2109 3028">
     <span class='ocr_line' id='line_1_28' title="bbox 454 2969 2109 3028; baseline 0.001 -3"><span class='ocrx_word' id='word_1_182' title='bbox 454 2969 1000 3026; x_wconf 89' lang='lat' dir='ltr'>inconsentaneum.</span> <span class='ocrx_word' id='word_1_183' title='bbox 1033 2971 1088 3025; x_wconf 88' lang='lat' dir='ltr'>Si</span> <span class='ocrx_word' id='word_1_184' title='bbox 1120 2972 1276 3028; x_wconf 91' lang='lat' dir='ltr'>enim</span> <span class='ocrx_word' id='word_1_185' title='bbox 1309 2971 1488 3027; x_wconf 90' lang='lat' dir='ltr'>unius</span> <span class='ocrx_word' id='word_1_186' title='bbox 1527 2971 1705 3027; x_wconf 76' lang='lat' dir='ltr'>stellae</span> <span class='ocrx_word' id='word_1_187' title='bbox 1756 2977 1952 3027; x_wconf 89' lang='lat' dir='ltr'>motus</span> <span class='ocrx_word' id='word_1_188' title='bbox 1975 2973 2109 3028; x_wconf 90' lang='lat' dir='ltr'>facit</span> 
     </span>
    </p>
   </div>
   <div class='ocr_carea' id='block_1_29' title="bbox 453 3058 2106 3133">
    <p class='ocr_par' dir='ltr' id='par_1_29' title="bbox 453 3058 2106 3133">
     <span class='ocr_line' id='line_1_29' title="bbox 453 3058 2106 3133; baseline 0.001 -19"><span class='ocrx_word' id='word_1_189' title='bbox 453 3058 571 3115; x_wconf 85' lang='lat' dir='ltr'>tale</span> <span class='ocrx_word' id='word_1_190' title='bbox 601 3059 848 3132; x_wconf 89' lang='lat' dir='ltr'>aliquid,</span> <span class='ocrx_word' id='word_1_191' title='bbox 882 3077 998 3116; x_wconf 92' lang='lat' dir='ltr'>non</span> <span class='ocrx_word' id='word_1_192' title='bbox 1048 3061 1372 3116; x_wconf 89' lang='lat' dir='ltr'>absurdum</span> <span class='ocrx_word' id='word_1_193' title='bbox 1423 3065 1513 3117; x_wconf 88' lang='lat' dir='ltr'>est</span> <span class='ocrx_word' id='word_1_194' title='bbox 1564 3061 1917 3131; x_wconf 86' lang='lat' dir='ltr'>existimare,</span> <span class='ocrx_word' id='word_1_195' title='bbox 1949 3062 2106 3133; x_wconf 90' lang='lat' dir='ltr'>quod</span> 
     </span>
    </p>
   </div>
   <div class='ocr_carea' id='block_1_30' title="bbox 459 3148 2108 3223">
    <p class='ocr_par' dir='ltr' id='par_1_30' title="bbox 459 3148 2108 3223">
     <span class='ocr_line' id='line_1_30' title="bbox 459 3148 2108 3223; baseline 0.002 -18"><span class='ocrx_word' id='word_1_196' title='bbox 459 3148 725 3205; x_wconf 89' lang='lat' dir='ltr'>omnium</span> <span class='ocrx_word' id='word_1_197' title='bbox 748 3148 1491 3220; x_wconf 87' lang='lat' dir='ltr'>etiam[stellarum]motus</span> <span class='ocrx_word' id='word_1_198' title='bbox 1513 3150 1668 3206; x_wconf 89' lang='lat' dir='ltr'>idem</span> <span class='ocrx_word' id='word_1_199' title='bbox 1692 3155 1967 3223; x_wconf 73' lang='lat' dir='ltr'>praestare</span> <span class='ocrx_word' id='word_1_200' title='bbox 1979 3168 2108 3223; x_wconf 91' lang='lat' dir='ltr'>pos-</span> 
     </span>
    </p>
   </div>
   <div class='ocr_carea' id='block_1_31' title="bbox 455 3236 2107 3303">
    <p class='ocr_par' dir='ltr' id='par_1_31' title="bbox 455 3236 2107 3303">
     <span class='ocr_line' id='line_1_31' title="bbox 455 3236 2107 3303; baseline 0.002 -11"><span class='ocrx_word' id='word_1_201' title='bbox 455 3236 553 3303; x_wconf 88' lang='lat' dir='ltr'>sit,</span> <span class='ocrx_word' id='word_1_202' title='bbox 584 3241 650 3293; x_wconf 90' lang='lat' dir='ltr'>ut</span> <span class='ocrx_word' id='word_1_203' title='bbox 679 3237 1106 3294; x_wconf 82' lang='lat' dir='ltr'>exhalationem</span> <span class='ocrx_word' id='word_1_204' title='bbox 1157 3240 1270 3295; x_wconf 91' lang='lat' dir='ltr'>sibi</span> <span class='ocrx_word' id='word_1_205' title='bbox 1319 3239 1619 3295; x_wconf 88' lang='lat' dir='ltr'>subditam</span> <span class='ocrx_word' id='word_1_206' title='bbox 1663 3239 2020 3296; x_wconf 88' lang='lat' dir='ltr'>exsuscitent</span> <span class='ocrx_word' id='word_1_207' title='bbox 2049 3244 2107 3296; x_wconf 89' lang='lat' dir='ltr'>et</span> 
     </span>
    </p>
   </div>
   <div class='ocr_carea' id='block_1_32' title="bbox 451 3326 1425 3384">
    <p class='ocr_par' dir='ltr' id='par_1_32' title="bbox 451 3326 1425 3384">
     <span class='ocr_line' id='line_1_32' title="bbox 451 3326 1425 3384; baseline 0.001 -3"><span class='ocrx_word' id='word_1_208' title='bbox 451 3326 825 3383; x_wconf 89' lang='lat' dir='ltr'>inﬂamment</span> <span class='ocrx_word' id='word_1_209' title='bbox 853 3331 909 3382; x_wconf 90' lang='lat' dir='ltr'>et</span> <span class='ocrx_word' id='word_1_210' title='bbox 938 3343 1138 3384; x_wconf 88' lang='lat' dir='ltr'>secum</span> <span class='ocrx_word' id='word_1_211' title='bbox 1169 3328 1425 3384; x_wconf 90' lang='lat' dir='ltr'>trahant.</span> 
     </span>
    </p>
   </div>
   <div class='ocr_carea' id='block_1_33' title="bbox 524 3415 2108 3489">
    <p class='ocr_par' dir='ltr' id='par_1_33' title="bbox 524 3415 2108 3489">
     <span class='ocr_line' id='line_1_33' title="bbox 524 3415 2108 3489; baseline 0.003 -19"><span class='ocrx_word' id='word_1_212' title='bbox 524 3417 610 3471; x_wconf 80' lang='grc'>14.</span> <span class='ocrx_word' id='word_1_213' title='bbox 643 3416 933 3472; x_wconf 86' lang='lat' dir='ltr'>Caeterum</span> <span class='ocrx_word' id='word_1_214' title='bbox 965 3415 1074 3472; x_wconf 93' lang='lat' dir='ltr'>hoc</span> <span class='ocrx_word' id='word_1_215' title='bbox 1106 3417 1300 3489; x_wconf 91' lang='lat' dir='ltr'>potius</span> <span class='ocrx_word' id='word_1_216' title='bbox 1350 3417 1474 3472; x_wconf 87' lang='lat' dir='ltr'>ﬁeri</span> <span class='ocrx_word' id='word_1_217' title='bbox 1526 3420 1988 3474; x_wconf 88' lang='lat' dir='ltr'>consentaneum</span> <span class='ocrx_word' id='word_1_218' title='bbox 2019 3422 2108 3474; x_wconf 88' lang='lat' dir='ltr'>est</span> 
     </span>
    </p>
   </div>
   <div class='ocr_carea' id='block_1_34' title="bbox 454 3504 2105 3580">
    <p class='ocr_par' dir='ltr' id='par_1_34' title="bbox 454 3504 2105 3580">
     <span class='ocr_line' id='line_1_34' title="bbox 454 3504 2105 3580; baseline 0.002 -20"><span class='ocrx_word' id='word_1_219' title='bbox 454 3504 516 3560; x_wconf 91' lang='lat' dir='ltr'>in</span> <span class='ocrx_word' id='word_1_220' title='bbox 543 3519 610 3559; x_wconf 90' lang='lat' dir='ltr'>ea</span> <span class='ocrx_word' id='word_1_221' title='bbox 641 3504 768 3560; x_wconf 67' lang='grc' dir='ltr'>σα)ιί</span> <span class='ocrx_word' id='word_1_222' title='bbox 799 3509 983 3577; x_wconf 84' lang='lat' dir='ltr'>parte,</span> <span class='ocrx_word' id='word_1_223' title='bbox 1012 3506 1070 3560; x_wconf 93' lang='lat' dir='ltr'>in</span> <span class='ocrx_word' id='word_1_224' title='bbox 1123 3523 1239 3578; x_wconf 88' lang='lat' dir='ltr'>qua</span> <span class='ocrx_word' id='word_1_225' title='bbox 1290 3506 1490 3578; x_wconf 90' lang='lat' dir='ltr'>plures</span> <span class='ocrx_word' id='word_1_226' title='bbox 1541 3507 1734 3562; x_wconf 72' lang='lat' dir='ltr'>densae</span> <span class='ocrx_word' id='word_1_227' title='bbox 1779 3511 1836 3563; x_wconf 89' lang='lat' dir='ltr'>et</span> <span class='ocrx_word' id='word_1_228' title='bbox 1879 3523 2105 3580; x_wconf 71' lang='lat' dir='ltr'>magna:</span> 
     </span>
    </p>
   </div>
   <div class='ocr_carea' id='block_1_35' title="bbox 455 3591 2104 3666">
    <p class='ocr_par' dir='ltr' id='par_1_35' title="bbox 455 3591 2104 3666">
     <span class='ocr_line' id='line_1_35' title="bbox 455 3591 2104 3666; baseline 0.001 -17"><span class='ocrx_word' id='word_1_229' title='bbox 455 3591 637 3649; x_wconf 66' lang='lat' dir='ltr'>stellae</span> <span class='ocrx_word' id='word_1_230' title='bbox 668 3598 826 3649; x_wconf 86' lang='lat' dir='ltr'>sunt.</span> <span class='ocrx_word' id='word_1_231' title='bbox 861 3598 1062 3666; x_wconf 79' lang='lat' dir='ltr'>Itaque</span> <span class='ocrx_word' id='word_1_232' title='bbox 1091 3595 1150 3650; x_wconf 92' lang='lat' dir='ltr'>in</span> <span class='ocrx_word' id='word_1_233' title='bbox 1182 3595 1432 3651; x_wconf 89' lang='lat' dir='ltr'>Zodiaco</span> <span class='ocrx_word' id='word_1_234' title='bbox 1482 3595 1769 3652; x_wconf 87' lang='lat' dir='ltr'>exhalatio</span> <span class='ocrx_word' id='word_1_235' title='bbox 1813 3597 2104 3666; x_wconf 86' lang='lat' dir='ltr'>ejusmodi</span> 
     </span>
    </p>
   </div>
   <div class='ocr_carea' id='block_1_36' title="bbox 453 3682 2106 3758">
    <p class='ocr_par' dir='ltr' id='par_1_36' title="bbox 453 3682 2106 3758">
     <span class='ocr_line' id='line_1_36' title="bbox 453 3682 2106 3758; baseline 0.003 -21"><span class='ocrx_word' id='word_1_236' title='bbox 453 3685 513 3737; x_wconf 90' lang='lat' dir='ltr'>et</span> <span class='ocrx_word' id='word_1_237' title='bbox 541 3682 870 3738; x_wconf 89' lang='lat' dir='ltr'>concressio</span> <span class='ocrx_word' id='word_1_238' title='bbox 899 3701 1014 3738; x_wconf 90' lang='lat' dir='ltr'>non</span> <span class='ocrx_word' id='word_1_239' title='bbox 1049 3689 1264 3752; x_wconf 90' lang='lat' dir='ltr'>manet,</span> <span class='ocrx_word' id='word_1_240' title='bbox 1298 3689 1602 3757; x_wconf 89' lang='lat' dir='ltr'>pr0pterea</span> <span class='ocrx_word' id='word_1_241' title='bbox 1634 3686 1786 3742; x_wconf 78' lang='lat' dir='ltr'>I59</span> <span class='ocrx_word' id='word_1_242' title='bbox 1819 3687 1972 3758; x_wconf 89' lang='lat' dir='ltr'>quod</span> <span class='ocrx_word' id='word_1_243' title='bbox 2019 3685 2106 3742; x_wconf 90' lang='lat' dir='ltr'>sol</span> 
     </span>
    </p>
   </div>
   <div class='ocr_carea' id='block_1_37' title="bbox 453 3771 2105 3847">
    <p class='ocr_par' dir='ltr' id='par_1_37' title="bbox 453 3771 2105 3847">
     <span class='ocr_line' id='line_1_37' title="bbox 453 3771 2105 3847; baseline 0.002 -19"><span class='ocrx_word' id='word_1_244' title='bbox 453 3775 511 3828; x_wconf 88' lang='lat' dir='ltr'>et</span> <span class='ocrx_word' id='word_1_245' title='bbox 547 3771 737 3827; x_wconf 67' lang='lat' dir='ltr'>caeteri</span> <span class='ocrx_word' id='word_1_246' title='bbox 787 3772 1032 3844; x_wconf 72' lang='lat' dir='ltr'>planetae</span> <span class='ocrx_word' id='word_1_247' title='bbox 1082 3773 1181 3845; x_wconf 89' lang='lat' dir='ltr'>qui</span> <span class='ocrx_word' id='word_1_248' title='bbox 1230 3791 1332 3845; x_wconf 91' lang='lat' dir='ltr'>per</span> <span class='ocrx_word' id='word_1_249' title='bbox 1377 3773 1535 3830; x_wconf 91' lang='lat' dir='ltr'>hunc</span> <span class='ocrx_word' id='word_1_250' title='bbox 1587 3779 1916 3844; x_wconf 87' lang='lat' dir='ltr'>moventur,</span> <span class='ocrx_word' id='word_1_251' title='bbox 1947 3777 2105 3847; x_wconf 88' lang='lat' dir='ltr'>ejus-</span> 
     </span>
    </p>
   </div>
   <div class='ocr_carea' id='block_1_38' title="bbox 451 3859 1938 3936">
    <p class='ocr_par' dir='ltr' id='par_1_38' title="bbox 451 3859 1938 3936">
     <span class='ocr_line' id='line_1_38' title="bbox 451 3859 1938 3936; baseline 0.002 -20"><span class='ocrx_word' id='word_1_252' title='bbox 451 3859 612 3916; x_wconf 90' lang='lat' dir='ltr'>modi</span> <span class='ocrx_word' id='word_1_253' title='bbox 643 3861 1110 3918; x_wconf 80' lang='lat' dir='ltr'>concressionem</span> <span class='ocrx_word' id='word_1_254' title='bbox 1145 3861 1486 3936; x_wconf 88' lang='lat' dir='ltr'>disgregant</span> <span class='ocrx_word' id='word_1_255' title='bbox 1515 3867 1572 3918; x_wconf 87' lang='lat' dir='ltr'>et</span> <span class='ocrx_word' id='word_1_256' title='bbox 1600 3867 1938 3920; x_wconf 85' lang='lat' dir='ltr'>extenuant.</span> 
     </span>
    </p>
   </div>
   <div class='ocr_carea' id='block_1_39' title="bbox 527 4040 2105 4115">
    <p class='ocr_par' dir='ltr' id='par_1_39' title="bbox 527 4040 2105 4115">
     <span class='ocr_line' id='line_1_39' title="bbox 527 4040 2105 4115; baseline 0.004 -22"><span class='ocrx_word' id='word_1_257' title='bbox 527 4040 614 4094; x_wconf 87' lang='lat'><strong>15.</strong></span> <span class='ocrx_word' id='word_1_258' title='bbox 647 4040 810 4104; x_wconf 90' lang='lat' dir='ltr'>Quod</span> <span class='ocrx_word' id='word_1_259' title='bbox 845 4045 1040 4096; x_wconf 90' lang='lat' dir='ltr'>autem</span> <span class='ocrx_word' id='word_1_260' title='bbox 1064 4040 1286 4097; x_wconf 89' lang='lat' dir='ltr'>lacteus</span> <span class='ocrx_word' id='word_1_261' title='bbox 1317 4041 1574 4098; x_wconf 89' lang='lat' dir='ltr'>circulus</span> <span class='ocrx_word' id='word_1_262' title='bbox 1605 4042 1702 4114; x_wconf 90' lang='lat' dir='ltr'>qui</span> <span class='ocrx_word' id='word_1_263' title='bbox 1736 4047 1794 4098; x_wconf 89' lang='lat' dir='ltr'>et</span> <span class='ocrx_word' id='word_1_264' title='bbox 1824 4042 1952 4115; x_wconf 91' lang='lat' dir='ltr'>ipse</span> <span class='ocrx_word' id='word_1_265' title='bbox 1981 4061 2105 4099; x_wconf 89' lang='lat' dir='ltr'>ma-</span> 
     </span>
    </p>
   </div>
   <div class='ocr_carea' id='block_1_40' title="bbox 451 4128 2104 4204">
    <p class='ocr_par' dir='ltr' id='par_1_40' title="bbox 451 4128 2104 4204">
     <span class='ocr_line' id='line_1_40' title="bbox 451 4128 2104 4204; baseline 0.004 -22"><span class='ocrx_word' id='word_1_266' title='bbox 451 4128 649 4183; x_wconf 85' lang='lat' dir='ltr'>ximus</span> <span class='ocrx_word' id='word_1_267' title='bbox 679 4132 768 4184; x_wconf 89' lang='lat' dir='ltr'>est</span> <span class='ocrx_word' id='word_1_268' title='bbox 814 4133 872 4184; x_wconf 92' lang='lat' dir='ltr'>et</span> <span class='ocrx_word' id='word_1_269' title='bbox 917 4129 1192 4201; x_wconf 90' lang='lat' dir='ltr'>obliquus</span> <span class='ocrx_word' id='word_1_270' title='bbox 1241 4135 1305 4184; x_wconf 91' lang='lat' dir='ltr'>ut</span> <span class='ocrx_word' id='word_1_271' title='bbox 1350 4132 1653 4200; x_wconf 91' lang='lat' dir='ltr'>Zodiacus,</span> <span class='ocrx_word' id='word_1_272' title='bbox 1685 4131 1940 4204; x_wconf 88' lang='lat' dir='ltr'>tropicos</span> <span class='ocrx_word' id='word_1_273' title='bbox 1988 4133 2104 4188; x_wconf 92' lang='lat' dir='ltr'>situ</span> 
     </span>
    </p>
   </div>
   <div class='ocr_carea' id='block_1_41' title="bbox 453 4216 2108 4292">
    <p class='ocr_par' dir='ltr' id='par_1_41' title="bbox 453 4216 2108 4292">
     <span class='ocr_line' id='line_1_41' title="bbox 453 4216 2108 4292; baseline 0.002 -19"><span class='ocrx_word' id='word_1_274' title='bbox 453 4216 698 4285; x_wconf 83' lang='lat' dir='ltr'>excedit,</span> <span class='ocrx_word' id='word_1_275' title='bbox 733 4217 998 4290; x_wconf 87' lang='lat' dir='ltr'>aliosque</span> <span class='ocrx_word' id='word_1_276' title='bbox 1027 4218 1275 4274; x_wconf 91' lang='lat' dir='ltr'>circulos</span> <span class='ocrx_word' id='word_1_277' title='bbox 1306 4237 1421 4274; x_wconf 89' lang='lat' dir='ltr'>non</span> <span class='ocrx_word' id='word_1_278' title='bbox 1456 4219 1657 4291; x_wconf 88' lang='lat' dir='ltr'>procul</span> <span class='ocrx_word' id='word_1_279' title='bbox 1691 4238 1722 4277; x_wconf 90' lang='lat' dir='ltr'>a</span> <span class='ocrx_word' id='word_1_280' title='bbox 1755 4221 1905 4292; x_wconf 92' lang='lat' dir='ltr'>polis</span> <span class='ocrx_word' id='word_1_281' title='bbox 1939 4222 2108 4277; x_wconf 90' lang='lat' dir='ltr'>attin-</span> 
     </span>
    </p>
   </div>
   <div class='ocr_carea' id='block_1_42' title="bbox 450 4306 2103 4380">
    <p class='ocr_par' dir='ltr' id='par_1_42' title="bbox 450 4306 2103 4380">
     <span class='ocr_line' id='line_1_42' title="bbox 450 4306 2103 4380; baseline 0.003 -20"><span class='ocrx_word' id='word_1_282' title='bbox 450 4306 557 4378; x_wconf 86' lang='lat' dir='ltr'>git,</span> <span class='ocrx_word' id='word_1_283' title='bbox 589 4311 646 4360; x_wconf 90' lang='lat' dir='ltr'>et</span> <span class='ocrx_word' id='word_1_284' title='bbox 674 4323 743 4360; x_wconf 85' lang='lat' dir='ltr'>ex</span> <span class='ocrx_word' id='word_1_285' title='bbox 774 4306 1016 4379; x_wconf 87' lang='lat' dir='ltr'>obliqua</span> <span class='ocrx_word' id='word_1_286' title='bbox 1047 4313 1207 4380; x_wconf 91' lang='lat' dir='ltr'>parte</span> <span class='ocrx_word' id='word_1_287' title='bbox 1237 4308 1464 4363; x_wconf 86' lang='lat' dir='ltr'>Zodiaci</span> <span class='ocrx_word' id='word_1_288' title='bbox 1496 4308 1836 4377; x_wconf 88' lang='lat' dir='ltr'>collocatur,</span> <span class='ocrx_word' id='word_1_289' title='bbox 1859 4316 1915 4365; x_wconf 94' lang='lat' dir='ltr'>et</span> <span class='ocrx_word' id='word_1_290' title='bbox 1946 4328 2016 4366; x_wconf 92' lang='lat' dir='ltr'>ne</span> <span class='ocrx_word' id='word_1_291' title='bbox 2047 4312 2103 4365; x_wconf 90' lang='lat' dir='ltr'>in</span> 
     </span>
    </p>
   </div>
   <div class='ocr_carea' id='block_1_43' title="bbox 448 4393 2105 4473">
    <p class='ocr_par' dir='ltr' id='par_1_43' title="bbox 448 4393 2105 4473">
     <span class='ocr_line' id='line_1_43' title="bbox 448 4393 2105 4473; baseline 0.004 -24"><span class='ocrx_word' id='word_1_292' title='bbox 448 4394 576 4467; x_wconf 91' lang='lat' dir='ltr'>ipso</span> <span class='ocrx_word' id='word_1_293' title='bbox 609 4393 853 4467; x_wconf 69' lang='lat' dir='ltr'>planetae</span> <span class='ocrx_word' id='word_1_294' title='bbox 885 4401 1249 4465; x_wconf 89' lang='lat' dir='ltr'>moveantur,</span> <span class='ocrx_word' id='word_1_295' title='bbox 1275 4399 1550 4469; x_wconf 88' lang='lat' dir='ltr'>quodque</span> <span class='ocrx_word' id='word_1_296' title='bbox 1570 4403 1851 4469; x_wconf 68' lang='lat' dir='ltr'>praeterea</span> <span class='ocrx_word' id='word_1_297' title='bbox 1873 4401 2105 4473; x_wconf 87' lang='lat' dir='ltr'>magnis</span> 
     </span>
    </p>
   </div>
   <div class='ocr_carea' id='block_1_44' title="bbox 450 4483 2104 4556">
    <p class='ocr_par' dir='ltr' id='par_1_44' title="bbox 450 4483 2104 4556">
     <span class='ocr_line' id='line_1_44' title="bbox 450 4483 2104 4556; baseline 0.003 -16"><span class='ocrx_word' id='word_1_298' title='bbox 450 4489 509 4540; x_wconf 90' lang='lat' dir='ltr'>et</span> <span class='ocrx_word' id='word_1_299' title='bbox 539 4483 866 4556; x_wconf 90' lang='lat' dir='ltr'>splendidis</span> <span class='ocrx_word' id='word_1_300' title='bbox 897 4484 1084 4541; x_wconf 89' lang='lat' dir='ltr'>stellis</span> <span class='ocrx_word' id='word_1_301' title='bbox 1117 4490 1206 4541; x_wconf 89' lang='lat' dir='ltr'>est</span> <span class='ocrx_word' id='word_1_302' title='bbox 1236 4487 1509 4556; x_wconf 84' lang='lat' dir='ltr'>refertus,</span> <span class='ocrx_word' id='word_1_303' title='bbox 1544 4487 1751 4543; x_wconf 92' lang='lat' dir='ltr'>rationi</span> <span class='ocrx_word' id='word_1_304' title='bbox 1797 4494 2104 4545; x_wconf 86' lang='lat' dir='ltr'>consenta-</span> 
     </span>
    </p>
   </div>
   <div class='ocr_carea' id='block_1_45' title="bbox 452 4573 2101 4644">
    <p class='ocr_par' dir='ltr' id='par_1_45' title="bbox 452 4573 2101 4644">
     <span class='ocr_line' id='line_1_45' title="bbox 452 4573 2101 4644; baseline 0.004 -18"><span class='ocrx_word' id='word_1_305' title='bbox 452 4588 630 4628; x_wconf 91' lang='lat' dir='ltr'>neum</span> <span class='ocrx_word' id='word_1_306' title='bbox 665 4577 754 4628; x_wconf 88' lang='lat' dir='ltr'>est</span> <span class='ocrx_word' id='word_1_307' title='bbox 785 4573 1080 4642; x_wconf 88' lang='lat' dir='ltr'>arbitrari,</span> <span class='ocrx_word' id='word_1_308' title='bbox 1115 4590 1251 4629; x_wconf 91' lang='lat' dir='ltr'>cum</span> <span class='ocrx_word' id='word_1_309' title='bbox 1284 4575 1356 4630; x_wconf 92' lang='lat' dir='ltr'>ob</span> <span class='ocrx_word' id='word_1_310' title='bbox 1394 4575 1596 4644; x_wconf 91' lang='lat' dir='ltr'>situm,</span> <span class='ocrx_word' id='word_1_311' title='bbox 1634 4580 1761 4632; x_wconf 89' lang='lat' dir='ltr'>tum</span> <span class='ocrx_word' id='word_1_312' title='bbox 1802 4577 1875 4633; x_wconf 93' lang='lat' dir='ltr'>ob</span> <span class='ocrx_word' id='word_1_313' title='bbox 1906 4577 2101 4634; x_wconf 87' lang='lat' dir='ltr'>stella-</span> 
     </span>
    </p>
   </div>
   <div class='ocr_carea' id='block_1_46' title="bbox 1701 427 2607 490">
    <p class='ocr_par' dir='ltr' id='par_1_46' title="bbox 1701 427 2607 490">
     <span class='ocr_line' id='line_1_46' title="bbox 1701 427 2607 490; baseline 0 0"><span class='ocrx_word' id='word_1_314' title='bbox 1701 427 2127 490; x_wconf 78' lang='lat' dir='ltr'>NICEPHORI</span> <span class='ocrx_word' id='word_1_315' title='bbox 2170 428 2607 490; x_wconf 69' lang='lat' dir='ltr'>BLEMMIDE</span> 
     </span>
    </p>
   </div>
   <div class='ocr_carea' id='block_1_47' title="bbox 520 559 2181 634">
    <p class='ocr_par' dir='ltr' id='par_1_47' title="bbox 520 559 2181 634">
     <span class='ocr_line' id='line_1_47' title="bbox 520 559 2181 634; baseline 0 -17"><span class='ocrx_word' id='word_1_316' title='bbox 520 563 609 618; x_wconf 89' lang='lat'>11.</span> <span class='ocrx_word' id='word_1_317' title='bbox 644 561 807 628; x_wconf 93' lang='lat' dir='ltr'>Quod</span> <span class='ocrx_word' id='word_1_318' title='bbox 839 563 1035 617; x_wconf 86' lang='lat' dir='ltr'>autem</span> <span class='ocrx_word' id='word_1_319' title='bbox 1067 577 1180 616; x_wconf 92' lang='lat' dir='ltr'>non</span> <span class='ocrx_word' id='word_1_320' title='bbox 1215 559 1295 616; x_wconf 89' lang='lat' dir='ltr'>ita</span> <span class='ocrx_word' id='word_1_321' title='bbox 1343 559 1516 616; x_wconf 87' lang='lat' dir='ltr'>multi</span> <span class='ocrx_word' id='word_1_322' title='bbox 1565 566 1826 634; x_wconf 82' lang='lat' dir='ltr'>cometae,</span> <span class='ocrx_word' id='word_1_323' title='bbox 1861 579 1966 618; x_wconf 90' lang='lat' dir='ltr'>nec</span> <span class='ocrx_word' id='word_1_324' title='bbox 2016 562 2097 617; x_wconf 87' lang='lat' dir='ltr'>ita</span> <span class='ocrx_word' id='word_1_325' title='bbox 2127 563 2181 629; x_wconf 79' lang='grc' dir='ltr'><strong>Α</strong></span> 
     </span>
    </p>
   </div>
   <div class='ocr_carea' id='block_1_48' title="bbox 3693 428 3823 491">
    <p class='ocr_par' dir='ltr' id='par_1_48' title="bbox 3693 428 3823 491">
     <span class='ocr_line' id='line_1_48' title="bbox 3693 428 3823 491; baseline 0.023 -3"><span class='ocrx_word' id='word_1_326' title='bbox 3693 428 3823 491; x_wconf 66' lang='grc'>1110</span> 
     </span>
    </p>
   </div>
   <div class='ocr_carea' id='block_1_49' title="bbox 2286 555 3823 635">
    <p class='ocr_par' dir='ltr' id='par_1_49' title="bbox 2286 555 3823 635">
     <span class='ocr_line' id='line_1_49' title="bbox 2286 555 3823 635; baseline 0 -22"><span class='ocrx_word' id='word_1_327' title='bbox 2286 562 2368 614; x_wconf 88' lang='grc' dir='ltr'>ια’.</span> <span class='ocrx_word' id='word_1_328' title='bbox 2401 565 2506 614; x_wconf 75' lang='grc' dir='ltr'>Τοῦ</span> <span class='ocrx_word' id='word_1_329' title='bbox 2566 557 2622 615; x_wconf 76' lang='grc' dir='ltr'>δὲ</span> <span class='ocrx_word' id='word_1_330' title='bbox 2683 559 2758 633; x_wconf 80' lang='grc' dir='ltr'>μή</span> <span class='ocrx_word' id='word_1_331' title='bbox 2816 557 3052 635; x_wconf 88' lang='grc' dir='ltr'>γίνεσθαι</span> <span class='ocrx_word' id='word_1_332' title='bbox 3108 555 3355 620; x_wconf 74' lang='grc' dir='ltr'>πολλοὺς</span> <span class='ocrx_word' id='word_1_333' title='bbox 3414 559 3656 632; x_wconf 78' lang='grc' dir='ltr'>κομήτας</span> <span class='ocrx_word' id='word_1_334' title='bbox 3707 557 3823 631; x_wconf 73' lang='grc' dir='ltr'>μηδὲ</span> 
     </span>
    </p>
   </div>
   <div class='ocr_carea' id='block_1_50' title="bbox 2207 644 3819 724">
    <p class='ocr_par' dir='ltr' id='par_1_50' title="bbox 2207 644 3819 724">
     <span class='ocr_line' id='line_1_50' title="bbox 2207 644 3819 724; baseline -0.001 -20"><span class='ocrx_word' id='word_1_335' title='bbox 2207 647 2523 711; x_wconf 80' lang='grc' dir='ltr'>πλειστάκις</span> <span class='ocrx_word' id='word_1_336' title='bbox 2571 649 2645 711; x_wconf 85' lang='grc' dir='ltr'>ὡς</span> <span class='ocrx_word' id='word_1_337' title='bbox 2689 650 2740 704; x_wconf 72' lang='grc' dir='ltr'>οἱ</span> <span class='ocrx_word' id='word_1_338' title='bbox 2788 646 3116 720; x_wconf 78' lang='grc' dir='ltr'>διᾴττοντες,</span> <span class='ocrx_word' id='word_1_339' title='bbox 3150 644 3296 702; x_wconf 80' lang='grc' dir='ltr'>ἀλλὰ</span> <span class='ocrx_word' id='word_1_340' title='bbox 3336 646 3426 702; x_wconf 88' lang='grc' dir='ltr'>καὶ</span> <span class='ocrx_word' id='word_1_341' title='bbox 3455 645 3582 709; x_wconf 78' lang='grc' dir='ltr'>τοὺς</span> <span class='ocrx_word' id='word_1_342' title='bbox 3631 648 3819 724; x_wconf 85' lang='grc' dir='ltr'>γινομέ-</span> 
     </span>
    </p>
   </div>
   <div class='ocr_carea' id='block_1_51' title="bbox 2208 733 3820 814">
    <p class='ocr_par' dir='ltr' id='par_1_51' title="bbox 2208 733 3820 814">
     <span class='ocr_line' id='line_1_51' title="bbox 2208 733 3820 814; baseline -0.001 -20"><span class='ocrx_word' id='word_1_343' title='bbox 2208 760 2333 801; x_wconf 90' lang='grc' dir='ltr'>νους</span> <span class='ocrx_word' id='word_1_344' title='bbox 2385 739 2535 801; x_wconf 88' lang='grc' dir='ltr'>ἐκτὸς</span> <span class='ocrx_word' id='word_1_345' title='bbox 2591 743 2697 793; x_wconf 90' lang='grc' dir='ltr'>τῶν</span> <span class='ocrx_word' id='word_1_346' title='bbox 2773 742 3049 814; x_wconf 80' lang='grc' dir='ltr'>τροπικῶν</span> <span class='ocrx_word' id='word_1_347' title='bbox 3129 736 3367 813; x_wconf 89' lang='grc' dir='ltr'>γίνεσθαι</span> <span class='ocrx_word' id='word_1_348' title='bbox 3442 733 3648 809; x_wconf 78' lang='grc' dir='ltr'>μᾶλλον</span> <span class='ocrx_word' id='word_1_349' title='bbox 3705 735 3820 811; x_wconf 77' lang='grc' dir='ltr'>ἤπερ</span> 
     </span>
    </p>
   </div>
   <div class='ocr_carea' id='block_1_52' title="bbox 2211 823 3822 901">
    <p class='ocr_par' dir='ltr' id='par_1_52' title="bbox 2211 823 3822 901">
     <span class='ocr_line' id='line_1_52' title="bbox 2211 823 3822 901; baseline -0.002 -18"><span class='ocrx_word' id='word_1_350' title='bbox 2211 828 2383 901; x_wconf 84' lang='grc' dir='ltr'>ἐντὸς,</span> <span class='ocrx_word' id='word_1_351' title='bbox 2416 827 2590 883; x_wconf 74' lang='grc' dir='ltr'>αἶ’τίαν</span> <span class='ocrx_word' id='word_1_352' title='bbox 2619 829 2824 892; x_wconf 87' lang='grc' dir='ltr'>τιθέασι</span> <span class='ocrx_word' id='word_1_353' title='bbox 2865 828 2964 896; x_wconf 75' lang='grc' dir='ltr'>τήν</span> <span class='ocrx_word' id='word_1_354' title='bbox 3013 831 3112 882; x_wconf 78' lang='grc' dir='ltr'>τοῦ</span> <span class='ocrx_word' id='word_1_355' title='bbox 3163 825 3326 895; x_wconf 79' lang='grc' dir='ltr'>ἡλίου</span> <span class='ocrx_word' id='word_1_356' title='bbox 3371 824 3461 880; x_wconf 86' lang='grc' dir='ltr'>καὶ</span> <span class='ocrx_word' id='word_1_357' title='bbox 3517 829 3620 879; x_wconf 88' lang='grc' dir='ltr'>τῶν</span> <span class='ocrx_word' id='word_1_358' title='bbox 3670 823 3822 881; x_wconf 82' lang='grc' dir='ltr'>ἄλλων</span> 
     </span>
    </p>
   </div>
   <div class='ocr_carea' id='block_1_53' title="bbox 2209 914 3823 990">
    <p class='ocr_par' dir='ltr' id='par_1_53' title="bbox 2209 914 3823 990">
     <span class='ocr_line' id='line_1_53' title="bbox 2209 914 3823 990; baseline -0.002 -19"><span class='ocrx_word' id='word_1_359' title='bbox 2209 915 2497 986; x_wconf 85' lang='grc' dir='ltr'>πλανητῶν</span> <span class='ocrx_word' id='word_1_360' title='bbox 2543 917 2774 987; x_wconf 86' lang='grc' dir='ltr'>κίνησιν,</span> <span class='ocrx_word' id='word_1_361' title='bbox 2830 917 2882 971; x_wconf 84' lang='grc' dir='ltr'>οἳ</span> <span class='ocrx_word' id='word_1_362' title='bbox 2931 914 3124 990; x_wconf 78' lang='grc' dir='ltr'>μεταξὺ</span> <span class='ocrx_word' id='word_1_363' title='bbox 3189 919 3297 969; x_wconf 90' lang='grc' dir='ltr'>τῶν</span> <span class='ocrx_word' id='word_1_364' title='bbox 3366 918 3634 990; x_wconf 78' lang='grc' dir='ltr'>τροπικῶν</span> <span class='ocrx_word' id='word_1_365' title='bbox 3677 914 3823 968; x_wconf 82' lang='grc' dir='ltr'>κινού-</span> 
     </span>
    </p>
   </div>
   <div class='ocr_carea' id='block_1_54' title="bbox 2213 1001 3819 1081">
    <p class='ocr_par' dir='ltr' id='par_1_54' title="bbox 2213 1001 3819 1081">
     <span class='ocr_line' id='line_1_54' title="bbox 2213 1001 3819 1081; baseline -0.002 -21"><span class='ocrx_word' id='word_1_366' title='bbox 2213 1027 2367 1078; x_wconf 84' lang='grc' dir='ltr'>μενοι</span> <span class='ocrx_word' id='word_1_367' title='bbox 2429 1005 2670 1078; x_wconf 81' lang='grc' dir='ltr'>(τοιαύτη</span> <span class='ocrx_word' id='word_1_368' title='bbox 2723 1007 2825 1081; x_wconf 74' lang='grc' dir='ltr'>γὰρ</span> <span class='ocrx_word' id='word_1_369' title='bbox 2874 1009 2908 1074; x_wconf 79' lang='grc' dir='ltr'>ἡ</span> <span class='ocrx_word' id='word_1_370' title='bbox 2957 1010 3055 1060; x_wconf 78' lang='grc' dir='ltr'>τοῦ</span> <span class='ocrx_word' id='word_1_371' title='bbox 3125 1001 3392 1074; x_wconf 78' lang='grc' dir='ltr'>ζωδιακοῦ</span> <span class='ocrx_word' id='word_1_372' title='bbox 3448 1002 3589 1068; x_wconf 90' lang='grc' dir='ltr'>θέσις</span> <span class='ocrx_word' id='word_1_373' title='bbox 3632 1004 3734 1058; x_wconf 87' lang='grc' dir='ltr'>καθ’</span> <span class='ocrx_word' id='word_1_374' title='bbox 3774 1004 3819 1058; x_wconf 83' lang='grc' dir='ltr'>ὃν</span> 
     </span>
    </p>
   </div>
   <div class='ocr_carea' id='block_1_55' title="bbox 2207 1090 3822 1168">
    <p class='ocr_par' dir='ltr' id='par_1_55' title="bbox 2207 1090 3822 1168">
     <span class='ocr_line' id='line_1_55' title="bbox 2207 1090 3822 1168; baseline -0.003 -18"><span class='ocrx_word' id='word_1_375' title='bbox 2207 1099 2314 1150; x_wconf 87' lang='grc' dir='ltr'>τῶν</span> <span class='ocrx_word' id='word_1_376' title='bbox 2359 1094 2653 1164; x_wconf 88' lang='grc' dir='ltr'>πλανητῶν</span> <span class='ocrx_word' id='word_1_377' title='bbox 2680 1097 2715 1164; x_wconf 80' lang='grc' dir='ltr'>ἡ</span> <span class='ocrx_word' id='word_1_378' title='bbox 2749 1095 2984 1168; x_wconf 89' lang='grc' dir='ltr'>κίνησις)</span> <span class='ocrx_word' id='word_1_379' title='bbox 3038 1091 3373 1168; x_wconf 84' lang='grc' dir='ltr'>διακρίνουσι</span> <span class='ocrx_word' id='word_1_380' title='bbox 3418 1093 3487 1147; x_wconf 80' lang='grc' dir='ltr'>τὰ</span> <span class='ocrx_word' id='word_1_381' title='bbox 3531 1090 3704 1148; x_wconf 80' lang='grc' dir='ltr'>πολλὰ</span> <span class='ocrx_word' id='word_1_382' title='bbox 3750 1091 3822 1146; x_wconf 83' lang='grc' dir='ltr'>καὶ</span> 
     </span>
    </p>
   </div>
   <div class='ocr_carea' id='block_1_56' title="bbox 2211 1181 3821 1259">
    <p class='ocr_par' dir='ltr' id='par_1_56' title="bbox 2211 1181 3821 1259">
     <span class='ocr_line' id='line_1_56' title="bbox 2211 1181 3821 1259; baseline -0.002 -21"><span class='ocrx_word' id='word_1_383' title='bbox 2211 1183 2533 1240; x_wconf 70' lang='grc' dir='ltr'>λεπτύνουσι</span> <span class='ocrx_word' id='word_1_384' title='bbox 2581 1186 2677 1246; x_wconf 80' lang='grc' dir='ltr'>τὰς</span> <span class='ocrx_word' id='word_1_385' title='bbox 2725 1185 3055 1259; x_wconf 89' lang='grc' dir='ltr'>πυκνοτέρας</span> <span class='ocrx_word' id='word_1_386' title='bbox 3105 1182 3196 1238; x_wconf 84' lang='grc' dir='ltr'>καὶ</span> <span class='ocrx_word' id='word_1_387' title='bbox 3244 1181 3620 1256; x_wconf 87' lang='grc' dir='ltr'>πεπιλημένας</span> <span class='ocrx_word' id='word_1_388' title='bbox 3664 1181 3821 1236; x_wconf 87' lang='grc' dir='ltr'>ἀναθυ-</span> 
     </span>
    </p>
   </div>
   <div class='ocr_carea' id='block_1_57' title="bbox 2214 1271 3426 1348">
    <p class='ocr_par' dir='ltr' id='par_1_57' title="bbox 2214 1271 3426 1348">
     <span class='ocr_line' id='line_1_57' title="bbox 2214 1271 3426 1348; baseline 0 -20"><span class='ocrx_word' id='word_1_389' title='bbox 2214 1273 2421 1348; x_wconf 83' lang='grc' dir='ltr'>μάσεις,</span> <span class='ocrx_word' id='word_1_390' title='bbox 2450 1273 2506 1329; x_wconf 84' lang='grc' dir='ltr'>α’ί</span> <span class='ocrx_word' id='word_1_391' title='bbox 2533 1276 2673 1337; x_wconf 87' lang='grc' dir='ltr'>τινές</span> <span class='ocrx_word' id='word_1_392' title='bbox 2702 1273 2833 1330; x_wconf 77' lang='grc' dir='ltr'>εἰσιν</span> <span class='ocrx_word' id='word_1_393' title='bbox 2865 1271 2968 1344; x_wconf 77' lang='grc' dir='ltr'>ὕλη</span> <span class='ocrx_word' id='word_1_394' title='bbox 3001 1277 3110 1328; x_wconf 90' lang='grc' dir='ltr'>τῶν</span> <span class='ocrx_word' id='word_1_395' title='bbox 3141 1277 3426 1346; x_wconf 79' lang='grc' dir='ltr'>κομητῶν.</span> 
     </span>
    </p>
   </div>
   <div class='ocr_carea' id='block_1_58' title="bbox 2287 1447 3823 1528">
    <p class='ocr_par' dir='ltr' id='par_1_58' title="bbox 2287 1447 3823 1528">
     <span class='ocr_line' id='line_1_58' title="bbox 2287 1447 3823 1528; baseline -0.003 -22"><span class='ocrx_word' id='word_1_396' title='bbox 2287 1454 2374 1528; x_wconf 84' lang='grc' dir='ltr'>ιβ’.</span> <span class='ocrx_word' id='word_1_397' title='bbox 2408 1452 2657 1508; x_wconf 80' lang='grc' dir='ltr'>Μάλιστα</span> <span class='ocrx_word' id='word_1_398' title='bbox 2705 1451 2750 1506; x_wconf 83' lang='grc' dir='ltr'>δ’</span> <span class='ocrx_word' id='word_1_399' title='bbox 2796 1451 2942 1508; x_wconf 86' lang='grc' dir='ltr'>αἰτία</span> <span class='ocrx_word' id='word_1_400' title='bbox 2991 1449 3140 1507; x_wconf 88' lang='grc' dir='ltr'>δοκεῖ</span> <span class='ocrx_word' id='word_1_401' title='bbox 3187 1455 3285 1506; x_wconf 78' lang='grc' dir='ltr'>τοῦ</span> <span class='ocrx_word' id='word_1_402' title='bbox 3341 1451 3418 1524; x_wconf 83' lang='grc' dir='ltr'>μή</span> <span class='ocrx_word' id='word_1_403' title='bbox 3464 1450 3689 1525; x_wconf 88' lang='grc' dir='ltr'>γίνεσθαι</span> <span class='ocrx_word' id='word_1_404' title='bbox 3715 1447 3823 1503; x_wconf 82' lang='grc' dir='ltr'>κατᾶ</span> 
     </span>
    </p>
   </div>
   <div class='ocr_carea' id='block_1_59' title="bbox 2209 1538 3823 1618">
    <p class='ocr_par' dir='ltr' id='par_1_59' title="bbox 2209 1538 3823 1618">
     <span class='ocr_line' id='line_1_59' title="bbox 2209 1538 3823 1618; baseline -0.004 -22"><span class='ocrx_word' id='word_1_405' title='bbox 2209 1547 2377 1597; x_wconf 70' lang='grc' dir='ltr'>ταῦτα</span> <span class='ocrx_word' id='word_1_406' title='bbox 2425 1542 2492 1596; x_wconf 79' lang='grc' dir='ltr'>τὰ</span> <span class='ocrx_word' id='word_1_407' title='bbox 2539 1541 2677 1618; x_wconf 90' lang='grc' dir='ltr'>μέρη</span> <span class='ocrx_word' id='word_1_408' title='bbox 2712 1543 2980 1614; x_wconf 87' lang='grc' dir='ltr'>κομήτας,</span> <span class='ocrx_word' id='word_1_409' title='bbox 3011 1541 3085 1602; x_wconf 82' lang='grc' dir='ltr'>ὡς</span> <span class='ocrx_word' id='word_1_410' title='bbox 3135 1539 3330 1594; x_wconf 78' lang='grc' dir='ltr'>ἐπίπαν</span> <span class='ocrx_word' id='word_1_411' title='bbox 3388 1541 3452 1594; x_wconf 86' lang='grc' dir='ltr'>τὸ</span> <span class='ocrx_word' id='word_1_412' title='bbox 3499 1538 3572 1600; x_wconf 80' lang='grc' dir='ltr'>εἷς</span> <span class='ocrx_word' id='word_1_413' title='bbox 3615 1538 3700 1606; x_wconf 76' lang='grc' dir='ltr'>τὴν</span> <span class='ocrx_word' id='word_1_414' title='bbox 3745 1540 3823 1590; x_wconf 80' lang='grc' dir='ltr'>τοῦ</span> 
     </span>
    </p>
   </div>
   <div class='ocr_carea' id='block_1_60' title="bbox 2212 1624 3824 1708">
    <p class='ocr_par' dir='ltr' id='par_1_60' title="bbox 2212 1624 3824 1708">
     <span class='ocr_line' id='line_1_60' title="bbox 2212 1624 3824 1708; baseline -0.006 -21"><span class='ocrx_word' id='word_1_415' title='bbox 2212 1631 2483 1706; x_wconf 88' lang='grc' dir='ltr'>γάλακτος</span> <span class='ocrx_word' id='word_1_416' title='bbox 2515 1631 2726 1708; x_wconf 82' lang='grc' dir='ltr'>χώραν,</span> <span class='ocrx_word' id='word_1_417' title='bbox 2758 1628 2924 1707; x_wconf 71' lang='grc' dir='ltr'>ἤγουν</span> <span class='ocrx_word' id='word_1_418' title='bbox 2970 1629 3046 1692; x_wconf 81' lang='grc' dir='ltr'>εἷς</span> <span class='ocrx_word' id='word_1_419' title='bbox 3094 1630 3185 1684; x_wconf 85' lang='grc' dir='ltr'>τὸν</span> <span class='ocrx_word' id='word_1_420' title='bbox 3237 1625 3500 1704; x_wconf 79' lang='grc' dir='ltr'>γαλαξίαν</span> <span class='ocrx_word' id='word_1_421' title='bbox 3549 1625 3749 1696; x_wconf 89' lang='grc' dir='ltr'>κὺκλον,</span> <span class='ocrx_word' id='word_1_422' title='bbox 3774 1624 3824 1679; x_wconf 85' lang='grc' dir='ltr'>τὸ</span> 
     </span>
    </p>
   </div>
   <div class='ocr_carea' id='block_1_61' title="bbox 2211 1713 3822 1791">
    <p class='ocr_par' dir='ltr' id='par_1_61' title="bbox 2211 1713 3822 1791">
     <span class='ocr_line' id='line_1_61' title="bbox 2211 1713 3822 1791; baseline -0.004 -16"><span class='ocrx_word' id='word_1_423' title='bbox 2211 1719 2466 1775; x_wconf 88' lang='grc' dir='ltr'>πλεῖστον</span> <span class='ocrx_word' id='word_1_424' title='bbox 2551 1725 2658 1774; x_wconf 90' lang='grc' dir='ltr'>τῶν</span> <span class='ocrx_word' id='word_1_425' title='bbox 2745 1719 3006 1774; x_wconf 78' lang='grc' dir='ltr'>τοιούτων</span> <span class='ocrx_word' id='word_1_426' title='bbox 3096 1719 3507 1791; x_wconf 83' lang='grc' dir='ltr'>ἀναθυμιάσεων</span> <span class='ocrx_word' id='word_1_427' title='bbox 3579 1713 3822 1791; x_wconf 83' lang='grc' dir='ltr'>ἀποκρίνε-</span> 
     </span>
    </p>
   </div>
   <div class='ocr_carea' id='block_1_62' title="bbox 2213 1803 3824 1885">
    <p class='ocr_par' dir='ltr' id='par_1_62' title="bbox 2213 1803 3824 1885">
     <span class='ocr_line' id='line_1_62' title="bbox 2213 1803 3824 1885; baseline -0.006 -21"><span class='ocrx_word' id='word_1_428' title='bbox 2213 1812 2351 1864; x_wconf 76' lang='grc' dir='ltr'>σθαιο</span> <span class='ocrx_word' id='word_1_429' title='bbox 2411 1809 2628 1864; x_wconf 85' lang='grc' dir='ltr'>κάκεῖσε</span> <span class='ocrx_word' id='word_1_430' title='bbox 2683 1808 3090 1885; x_wconf 78' lang='grc' dir='ltr'>ἀθροιζόμενον,</span> <span class='ocrx_word' id='word_1_431' title='bbox 3150 1811 3326 1862; x_wconf 82' lang='grc' dir='ltr'>ποιεῖν</span> <span class='ocrx_word' id='word_1_432' title='bbox 3384 1807 3491 1881; x_wconf 84' lang='grc' dir='ltr'>(τὸ)</span> <span class='ocrx_word' id='word_1_433' title='bbox 3546 1803 3824 1884; x_wconf 71' lang='grc' dir='ltr'>φαινόμενον</span> 
     </span>
    </p>
   </div>
   <div class='ocr_carea' id='block_1_63' title="bbox 2131 1902 2344 1999">
    <p class='ocr_par' dir='ltr' id='par_1_63' title="bbox 2131 1902 2344 1999">
     <span class='ocr_line' id='line_1_63' title="bbox 2131 1902 2344 1999; baseline -0.019 -39"><span class='ocrx_word' id='word_1_434' title='bbox 2131 1933 2179 1999; x_wconf 84' lang='grc' dir='ltr'><strong>Β</strong></span> <span class='ocrx_word' id='word_1_435' title='bbox 2213 1902 2344 1977; x_wconf 79' lang='grc' dir='ltr'>φῶς.</span> 
     </span>
    </p>
   </div>
   <div class='ocr_carea' id='block_1_64' title="bbox 2287 1980 3826 2064">
    <p class='ocr_par' dir='ltr' id='par_1_64' title="bbox 2287 1980 3826 2064">
     <span class='ocr_line' id='line_1_64' title="bbox 2287 1980 3826 2064; baseline -0.002 -23"><span class='ocrx_word' id='word_1_436' title='bbox 2287 1989 2374 2062; x_wconf 85' lang='grc' dir='ltr'>ιγ’.</span> <span class='ocrx_word' id='word_1_437' title='bbox 2408 1990 2570 2042; x_wconf 85' lang='grc' dir='ltr'>Ὥστε</span> <span class='ocrx_word' id='word_1_438' title='bbox 2621 1986 2722 2064; x_wconf 89' lang='grc' dir='ltr'>γάρ</span> <span class='ocrx_word' id='word_1_439' title='bbox 2781 2007 2922 2049; x_wconf 88' lang='grc' dir='ltr'>τινες</span> <span class='ocrx_word' id='word_1_440' title='bbox 2979 1990 3086 2042; x_wconf 90' lang='grc' dir='ltr'>τῶν</span> <span class='ocrx_word' id='word_1_441' title='bbox 3134 1985 3376 2060; x_wconf 89' lang='grc' dir='ltr'>ἀστέρων</span> <span class='ocrx_word' id='word_1_442' title='bbox 3413 1985 3449 2054; x_wconf 76' lang='grc' dir='ltr'>ἢ</span> <span class='ocrx_word' id='word_1_443' title='bbox 3492 1987 3596 2039; x_wconf 86' lang='grc' dir='ltr'>τῶν</span> <span class='ocrx_word' id='word_1_444' title='bbox 3648 1980 3826 2050; x_wconf 84' lang='grc' dir='ltr'>πλανη-</span> 
     </span>
    </p>
   </div>
   <div class='ocr_carea' id='block_1_65' title="bbox 2209 2067 3829 2153">
    <p class='ocr_par' dir='ltr' id='par_1_65' title="bbox 2209 2067 3829 2153">
     <span class='ocr_line' id='line_1_65' title="bbox 2209 2067 3829 2153; baseline -0.006 -20"><span class='ocrx_word' id='word_1_445' title='bbox 2209 2083 2316 2134; x_wconf 93' lang='grc' dir='ltr'>τῶν</span> <span class='ocrx_word' id='word_1_446' title='bbox 2351 2078 2385 2146; x_wconf 75' lang='grc' dir='ltr'><strong>ἢ</strong></span> <span class='ocrx_word' id='word_1_447' title='bbox 2415 2076 2506 2132; x_wconf 80' lang='grc' dir='ltr'>καὶ</span> <span class='ocrx_word' id='word_1_448' title='bbox 2567 2082 2676 2132; x_wconf 90' lang='grc' dir='ltr'>τῶν</span> <span class='ocrx_word' id='word_1_449' title='bbox 2750 2074 3006 2132; x_wconf 85' lang='grc' dir='ltr'>ἀπλανῶν</span> <span class='ocrx_word' id='word_1_450' title='bbox 3066 2076 3348 2153; x_wconf 74' lang='grc' dir='ltr'>φαίνονται</span> <span class='ocrx_word' id='word_1_451' title='bbox 3405 2076 3654 2147; x_wconf 80' lang='grc' dir='ltr'>κομῆται,</span> <span class='ocrx_word' id='word_1_452' title='bbox 3701 2067 3829 2124; x_wconf 76' lang='grc' dir='ltr'>καθά-</span> 
     </span>
    </p>
   </div>
   <div class='ocr_carea' id='block_1_66' title="bbox 2212 2159 3829 2245">
    <p class='ocr_par' dir='ltr' id='par_1_66' title="bbox 2212 2159 3829 2245">
     <span class='ocr_line' id='line_1_66' title="bbox 2212 2159 3829 2245; baseline -0.007 -22"><span class='ocrx_word' id='word_1_453' title='bbox 2212 2189 2311 2243; x_wconf 84' lang='grc' dir='ltr'>περ</span> <span class='ocrx_word' id='word_1_454' title='bbox 2373 2165 2608 2245; x_wconf 71' lang='grc' dir='ltr'>εἷ’ρηται,</span> <span class='ocrx_word' id='word_1_455' title='bbox 2657 2166 3047 2238; x_wconf 74' lang='grc' dir='ltr'>συνισταμένης</span> <span class='ocrx_word' id='word_1_456' title='bbox 3081 2166 3166 2220; x_wconf 84' lang='grc' dir='ltr'>ὑπ’</span> <span class='ocrx_word' id='word_1_457' title='bbox 3224 2163 3421 2226; x_wconf 72' lang='grc' dir='ltr'>αὐτοὺς</span> <span class='ocrx_word' id='word_1_458' title='bbox 3470 2159 3829 2235; x_wconf 82' lang='grc' dir='ltr'>ἀναθυμιάσεως</span> 
     </span>
    </p>
   </div>
   <div class='ocr_carea' id='block_1_67' title="bbox 2211 2249 3832 2333">
    <p class='ocr_par' dir='ltr' id='par_1_67' title="bbox 2211 2249 3832 2333">
     <span class='ocr_line' id='line_1_67' title="bbox 2211 2249 3832 2333; baseline -0.002 -21"><span class='ocrx_word' id='word_1_459' title='bbox 2211 2256 2545 2333; x_wconf 70' lang='grc' dir='ltr'>πυκνοτέροις</span> <span class='ocrx_word' id='word_1_460' title='bbox 2602 2257 2692 2311; x_wconf 90' lang='grc' dir='ltr'>καὶ</span> <span class='ocrx_word' id='word_1_461' title='bbox 2747 2255 3114 2329; x_wconf 72' lang='grc' dir='ltr'>ἐξαπτομένης</span> <span class='ocrx_word' id='word_1_462' title='bbox 3178 2255 3268 2310; x_wconf 88' lang='grc' dir='ltr'>καὶ</span> <span class='ocrx_word' id='word_1_463' title='bbox 3329 2249 3832 2330; x_wconf 78' lang='grc' dir='ltr'>συμπεριφερομένης</span> 
     </span>
    </p>
   </div>
   <div class='ocr_carea' id='block_1_68' title="bbox 2212 2335 3830 2419">
    <p class='ocr_par' dir='ltr' id='par_1_68' title="bbox 2212 2335 3830 2419">
     <span class='ocr_line' id='line_1_68' title="bbox 2212 2335 3830 2419; baseline -0.007 -18"><span class='ocrx_word' id='word_1_464' title='bbox 2212 2347 2418 2409; x_wconf 74' lang='grc' dir='ltr'>αὐτοῖς’</span> <span class='ocrx_word' id='word_1_465' title='bbox 2454 2346 2596 2401; x_wconf 72' lang='grc' dir='ltr'>οὕτω</span> <span class='ocrx_word' id='word_1_466' title='bbox 2630 2343 2780 2401; x_wconf 85' lang='grc' dir='ltr'>δοκεῖ</span> <span class='ocrx_word' id='word_1_467' title='bbox 2826 2345 2962 2400; x_wconf 86' lang='grc' dir='ltr'>κάπὶ</span> <span class='ocrx_word' id='word_1_468' title='bbox 3009 2349 3107 2398; x_wconf 79' lang='grc' dir='ltr'>τοῦ</span> <span class='ocrx_word' id='word_1_469' title='bbox 3163 2343 3431 2419; x_wconf 82' lang='grc' dir='ltr'>γαλαξίου</span> <span class='ocrx_word' id='word_1_470' title='bbox 3485 2341 3707 2418; x_wconf 81' lang='grc' dir='ltr'>γίνεσθαι</span> <span class='ocrx_word' id='word_1_471' title='bbox 3753 2335 3830 2391; x_wconf 86' lang='grc' dir='ltr'>κύ-</span> 
     </span>
    </p>
   </div>
   <div class='ocr_carea' id='block_1_69' title="bbox 2211 2427 3833 2511">
    <p class='ocr_par' dir='ltr' id='par_1_69' title="bbox 2211 2427 3833 2511">
     <span class='ocr_line' id='line_1_69' title="bbox 2211 2427 3833 2511; baseline -0.003 -21"><span class='ocrx_word' id='word_1_472' title='bbox 2211 2435 2368 2492; x_wconf 87' lang='grc' dir='ltr'>κλου.</span> <span class='ocrx_word' id='word_1_473' title='bbox 2403 2438 2466 2490; x_wconf 90' lang='grc' dir='ltr'><strong>Ὃ</strong></span> <span class='ocrx_word' id='word_1_474' title='bbox 2515 2437 2618 2511; x_wconf 71' lang='grc' dir='ltr'>γὰρ</span> <span class='ocrx_word' id='word_1_475' title='bbox 2664 2437 2699 2504; x_wconf 79' lang='grc' dir='ltr'>ἡ</span> <span class='ocrx_word' id='word_1_476' title='bbox 2751 2433 2874 2507; x_wconf 85' lang='grc' dir='ltr'>περὶ</span> <span class='ocrx_word' id='word_1_477' title='bbox 2920 2430 3012 2488; x_wconf 66' lang='grc' dir='ltr'>ἕνα</span> <span class='ocrx_word' id='word_1_478' title='bbox 3056 2438 3161 2487; x_wconf 90' lang='grc' dir='ltr'>τῶν</span> <span class='ocrx_word' id='word_1_479' title='bbox 3221 2433 3464 2508; x_wconf 85' lang='grc' dir='ltr'>ἀστέρων</span> <span class='ocrx_word' id='word_1_480' title='bbox 3523 2427 3833 2501; x_wconf 82' lang='grc' dir='ltr'>ἀναθυμίασις</span> 
     </span>
    </p>
   </div>
   <div class='ocr_carea' id='block_1_70' title="bbox 2210 2513 3831 2599">
    <p class='ocr_par' dir='ltr' id='par_1_70' title="bbox 2210 2513 3831 2599">
     <span class='ocr_line' id='line_1_70' title="bbox 2210 2513 3831 2599; baseline -0.003 -20"><span class='ocrx_word' id='word_1_481' title='bbox 2210 2526 2433 2596; x_wconf 84' lang='grc' dir='ltr'>τοιαύτη</span> <span class='ocrx_word' id='word_1_482' title='bbox 2495 2524 2758 2599; x_wconf 87' lang='grc' dir='ltr'>γενομένη</span> <span class='ocrx_word' id='word_1_483' title='bbox 2820 2525 3074 2595; x_wconf 76' lang='grc' dir='ltr'>κομήτην</span> <span class='ocrx_word' id='word_1_484' title='bbox 3135 2526 3304 2592; x_wconf 90' lang='grc' dir='ltr'>ποιεῖ,</span> <span class='ocrx_word' id='word_1_485' title='bbox 3359 2525 3519 2576; x_wconf 79' lang='grc' dir='ltr'>τοῦτο</span> <span class='ocrx_word' id='word_1_486' title='bbox 3573 2518 3686 2592; x_wconf 83' lang='grc' dir='ltr'>περὶ</span> <span class='ocrx_word' id='word_1_487' title='bbox 3726 2513 3831 2574; x_wconf 81' lang='grc' dir='ltr'>τοὺς</span> 
     </span>
    </p>
   </div>
   <div class='ocr_carea' id='block_1_71' title="bbox 2213 2606 3830 2690">
    <p class='ocr_par' dir='ltr' id='par_1_71' title="bbox 2213 2606 3830 2690">
     <span class='ocr_line' id='line_1_71' title="bbox 2213 2606 3830 2690; baseline -0.009 -20"><span class='ocrx_word' id='word_1_488' title='bbox 2213 2613 2436 2690; x_wconf 78' lang='grc' dir='ltr'>ἀστέρας</span> <span class='ocrx_word' id='word_1_489' title='bbox 2490 2611 2604 2686; x_wconf 82' lang='grc' dir='ltr'>ἅμα</span> <span class='ocrx_word' id='word_1_490' title='bbox 2656 2608 2935 2689; x_wconf 87' lang='grc' dir='ltr'>γινόμενον</span> <span class='ocrx_word' id='word_1_491' title='bbox 2994 2613 3110 2666; x_wconf 82' lang='grc' dir='ltr'>καθ’</span> <span class='ocrx_word' id='word_1_492' title='bbox 3165 2610 3257 2672; x_wconf 77' lang='grc' dir='ltr'>οὓς</span> <span class='ocrx_word' id='word_1_493' title='bbox 3317 2611 3382 2666; x_wconf 85' lang='grc' dir='ltr'>τὸ</span> <span class='ocrx_word' id='word_1_494' title='bbox 3409 2608 3550 2687; x_wconf 86' lang='grc' dir='ltr'>γάλα</span> <span class='ocrx_word' id='word_1_495' title='bbox 3603 2606 3830 2686; x_wconf 72' lang='grc' dir='ltr'>φαίνεται,</span> 
     </span>
    </p>
   </div>
   <div class='ocr_carea' id='block_1_72' title="bbox 2212 2697 3829 2776">
    <p class='ocr_par' dir='ltr' id='par_1_72' title="bbox 2212 2697 3829 2776">
     <span class='ocr_line' id='line_1_72' title="bbox 2212 2697 3829 2776; baseline -0.009 -17"><span class='ocrx_word' id='word_1_496' title='bbox 2212 2706 2303 2759; x_wconf 88' lang='grc' dir='ltr'>τὸν</span> <span class='ocrx_word' id='word_1_497' title='bbox 2358 2702 2697 2776; x_wconf 87' lang='grc' dir='ltr'>καλούμενον</span> <span class='ocrx_word' id='word_1_498' title='bbox 2757 2699 3017 2776; x_wconf 81' lang='grc' dir='ltr'>γαλαξίαν</span> <span class='ocrx_word' id='word_1_499' title='bbox 3082 2699 3284 2755; x_wconf 87' lang='grc' dir='ltr'>κύκλον</span> <span class='ocrx_word' id='word_1_500' title='bbox 3331 2699 3500 2755; x_wconf 80' lang='grc' dir='ltr'>ἔοικεν</span> <span class='ocrx_word' id='word_1_501' title='bbox 3559 2697 3829 2752; x_wconf 77' lang='grc' dir='ltr'>ἀποτελεῖν.</span> 
     </span>
    </p>
   </div>
   <div class='ocr_carea' id='block_1_73' title="bbox 2213 2788 3834 2866">
    <p class='ocr_par' dir='ltr' id='par_1_73' title="bbox 2213 2788 3834 2866">
     <span class='ocr_line' id='line_1_73' title="bbox 2213 2788 3834 2866; baseline -0.009 -16"><span class='ocrx_word' id='word_1_502' title='bbox 2213 2795 2285 2850; x_wconf 87' lang='grc' dir='ltr'>Τὸ</span> <span class='ocrx_word' id='word_1_503' title='bbox 2341 2792 2518 2848; x_wconf 91' lang='grc' dir='ltr'>τοίνυν</span> <span class='ocrx_word' id='word_1_504' title='bbox 2589 2790 2714 2865; x_wconf 82' lang='grc' dir='ltr'>περὶ</span> <span class='ocrx_word' id='word_1_505' title='bbox 2787 2788 2880 2846; x_wconf 70' lang='grc' dir='ltr'>ἕνα</span> <span class='ocrx_word' id='word_1_506' title='bbox 2947 2794 3054 2845; x_wconf 88' lang='grc' dir='ltr'>τῶν</span> <span class='ocrx_word' id='word_1_507' title='bbox 3124 2788 3367 2866; x_wconf 87' lang='grc' dir='ltr'>ἀστέρων</span> <span class='ocrx_word' id='word_1_508' title='bbox 3424 2788 3649 2864; x_wconf 89' lang='grc' dir='ltr'>γίνεσθαι</span> <span class='ocrx_word' id='word_1_509' title='bbox 3694 2803 3834 2860; x_wconf 72' lang='grc' dir='ltr'>πεφυ-</span> 
     </span>
    </p>
   </div>
   <div class='ocr_carea' id='block_1_74' title="bbox 2214 2870 3825 2956">
    <p class='ocr_par' dir='ltr' id='par_1_74' title="bbox 2214 2870 3825 2956">
     <span class='ocr_line' id='line_1_74' title="bbox 2214 2870 3825 2956; baseline -0.007 -19"><span class='ocrx_word' id='word_1_510' title='bbox 2214 2883 2308 2944; x_wconf 85' lang='grc' dir='ltr'>κὸς</span> <span class='ocrx_word' id='word_1_511' title='bbox 2341 2881 2440 2937; x_wconf 78' lang='grc' dir='ltr'>οὐκ</span> <span class='ocrx_word' id='word_1_512' title='bbox 2470 2881 2690 2943; x_wconf 84' lang='grc' dir='ltr'>ἀπεικὸς</span> <span class='ocrx_word' id='word_1_513' title='bbox 2721 2880 2954 2956; x_wconf 88' lang='grc' dir='ltr'>γίνεσθαι</span> <span class='ocrx_word' id='word_1_514' title='bbox 2984 2877 3073 2934; x_wconf 78' lang='grc' dir='ltr'>καὶ</span> <span class='ocrx_word' id='word_1_515' title='bbox 3105 2878 3228 2955; x_wconf 87' lang='grc' dir='ltr'>περὶ</span> <span class='ocrx_word' id='word_1_516' title='bbox 3282 2880 3375 2934; x_wconf 88' lang='grc' dir='ltr'>τὸν</span> <span class='ocrx_word' id='word_1_517' title='bbox 3438 2876 3563 2934; x_wconf 73' lang='grc' dir='ltr'>ὅλον</span> <span class='ocrx_word' id='word_1_518' title='bbox 3612 2870 3825 2950; x_wconf 78' lang='grc' dir='ltr'>οὐρανόν.</span> 
     </span>
    </p>
   </div>
   <div class='ocr_carea' id='block_1_75' title="bbox 2215 2957 3834 3048">
    <p class='ocr_par' dir='ltr' id='par_1_75' title="bbox 2215 2957 3834 3048">
     <span class='ocr_line' id='line_1_75' title="bbox 2215 2957 3834 3048; baseline -0.006 -23"><span class='ocrx_word' id='word_1_519' title='bbox 2215 2971 2279 3026; x_wconf 78' lang='grc' dir='ltr'>Εἰ·</span> <span class='ocrx_word' id='word_1_520' title='bbox 2335 2972 2438 3048; x_wconf 81' lang='grc' dir='ltr'>γὰρ</span> <span class='ocrx_word' id='word_1_521' title='bbox 2498 2971 2616 3032; x_wconf 77' lang='grc' dir='ltr'>ἑνὸς</span> <span class='ocrx_word' id='word_1_522' title='bbox 2673 2969 2894 3045; x_wconf 83' lang='grc' dir='ltr'>ἀστέρος</span> <span class='ocrx_word' id='word_1_523' title='bbox 2954 2968 3168 3040; x_wconf 85' lang='grc' dir='ltr'>κίνησις</span> <span class='ocrx_word' id='word_1_524' title='bbox 3208 2973 3363 3022; x_wconf 90' lang='grc' dir='ltr'>ποιεῖ</span> <span class='ocrx_word' id='word_1_525' title='bbox 3389 2988 3441 3021; x_wconf 92' lang='grc' dir='ltr'>τι</span> <span class='ocrx_word' id='word_1_526' title='bbox 3471 2968 3723 3034; x_wconf 80' lang='grc' dir='ltr'>τοιοῦτον,</span> <span class='ocrx_word' id='word_1_527' title='bbox 3753 2957 3834 3048; x_wconf 72' lang='grc' dir='ltr'>οὐκ</span> 
     </span>
    </p>
   </div>
   <div class='ocr_carea' id='block_1_76' title="bbox 2216 3046 3832 3127">
    <p class='ocr_par' dir='ltr' id='par_1_76' title="bbox 2216 3046 3832 3127">
     <span class='ocr_line' id='line_1_76' title="bbox 2216 3046 3832 3127; baseline -0.009 -12"><span class='ocrx_word' id='word_1_528' title='bbox 2216 3060 2416 3115; x_wconf 79' lang='grc' dir='ltr'>ἄτοπον</span> <span class='ocrx_word' id='word_1_529' title='bbox 2485 3053 2782 3114; x_wconf 76' lang='grc' dir='ltr'>ὑπολαϐεῖν</span> <span class='ocrx_word' id='word_1_530' title='bbox 2827 3057 2916 3112; x_wconf 81' lang='grc' dir='ltr'>καὶ</span> <span class='ocrx_word' id='word_1_531' title='bbox 2963 3057 3062 3127; x_wconf 72' lang='grc' dir='ltr'>τὴν</span> <span class='ocrx_word' id='word_1_532' title='bbox 3112 3061 3220 3111; x_wconf 89' lang='grc' dir='ltr'>τῶν</span> <span class='ocrx_word' id='word_1_533' title='bbox 3272 3057 3491 3111; x_wconf 90' lang='grc' dir='ltr'>πάντων</span> <span class='ocrx_word' id='word_1_534' title='bbox 3541 3053 3731 3122; x_wconf 88' lang='grc' dir='ltr'>κίνησιν</span> <span class='ocrx_word' id='word_1_535' title='bbox 3781 3046 3832 3100; x_wconf 87' lang='grc' dir='ltr'>τὸ</span> 
     </span>
    </p>
   </div>
   <div class='ocr_carea' id='block_1_77' title="bbox 2215 3137 3831 3222">
    <p class='ocr_par' dir='ltr' id='par_1_77' title="bbox 2215 3137 3831 3222">
     <span class='ocr_line' id='line_1_77' title="bbox 2215 3137 3831 3222; baseline -0.009 -19"><span class='ocrx_word' id='word_1_536' title='bbox 2215 3148 2344 3204; x_wconf 80' lang='grc' dir='ltr'>αὐτὸ</span> <span class='ocrx_word' id='word_1_537' title='bbox 2377 3146 2628 3204; x_wconf 86' lang='grc' dir='ltr'>δύνασθαι</span> <span class='ocrx_word' id='word_1_538' title='bbox 2666 3153 2841 3202; x_wconf 87' lang='grc' dir='ltr'>ποιεῖν</span> <span class='ocrx_word' id='word_1_539' title='bbox 2890 3147 2965 3209; x_wconf 83' lang='grc' dir='ltr'>ὡς</span> <span class='ocrx_word' id='word_1_540' title='bbox 3025 3145 3320 3222; x_wconf 79' lang='grc' dir='ltr'>ἐκριπίζειν</span> <span class='ocrx_word' id='word_1_541' title='bbox 3380 3166 3438 3200; x_wconf 85' lang='grc' dir='ltr'>τε</span> <span class='ocrx_word' id='word_1_542' title='bbox 3494 3141 3580 3198; x_wconf 82' lang='grc' dir='ltr'>καὶ</span> <span class='ocrx_word' id='word_1_543' title='bbox 3629 3137 3831 3211; x_wconf 75' lang='grc' dir='ltr'>ἐξάπτειν</span> 
     </span>
    </p>
   </div>
   <div class='ocr_carea' id='block_1_78' title="bbox 2212 3233 3618 3314">
    <p class='ocr_par' dir='ltr' id='par_1_78' title="bbox 2212 3233 3618 3314">
     <span class='ocr_line' id='line_1_78' title="bbox 2212 3233 3618 3314; baseline -0.002 -22"><span class='ocrx_word' id='word_1_544' title='bbox 2212 3240 2310 3308; x_wconf 81' lang='grc' dir='ltr'>τὴν</span> <span class='ocrx_word' id='word_1_545' title='bbox 2337 3239 2426 3294; x_wconf 87' lang='grc' dir='ltr'>ὑπ’</span> <span class='ocrx_word' id='word_1_546' title='bbox 2454 3237 2651 3300; x_wconf 83' lang='grc' dir='ltr'>αὐτοὺς</span> <span class='ocrx_word' id='word_1_547' title='bbox 2681 3236 3031 3311; x_wconf 83' lang='grc' dir='ltr'>ἀναθυμίασιν</span> <span class='ocrx_word' id='word_1_548' title='bbox 3063 3234 3152 3291; x_wconf 85' lang='grc' dir='ltr'>καὶ</span> <span class='ocrx_word' id='word_1_549' title='bbox 3186 3233 3618 3314; x_wconf 80' lang='grc' dir='ltr'>συνεφέλκεσθαι.</span> 
     </span>
    </p>
   </div>
   <div class='ocr_carea' id='block_1_79' title="bbox 2291 3401 3834 3491">
    <p class='ocr_par' dir='ltr' id='par_1_79' title="bbox 2291 3401 3834 3491">
     <span class='ocr_line' id='line_1_79' title="bbox 2291 3401 3834 3491; baseline -0.006 -21"><span class='ocrx_word' id='word_1_550' title='bbox 2291 3414 2375 3474; x_wconf 87' lang='grc' dir='ltr'>ιδ’.</span> <span class='ocrx_word' id='word_1_551' title='bbox 2407 3417 2478 3471; x_wconf 87' lang='grc' dir='ltr'>Τὸ</span> <span class='ocrx_word' id='word_1_552' title='bbox 2535 3420 2782 3470; x_wconf 81' lang='grc' dir='ltr'>τοιοῦτον</span> <span class='ocrx_word' id='word_1_553' title='bbox 2845 3413 2902 3471; x_wconf 73' lang='grc' dir='ltr'>δὲ</span> <span class='ocrx_word' id='word_1_554' title='bbox 2947 3414 3183 3491; x_wconf 86' lang='grc' dir='ltr'>γίνεσθαι</span> <span class='ocrx_word' id='word_1_555' title='bbox 3236 3411 3455 3486; x_wconf 77' lang='grc' dir='ltr'>μᾶλλον</span> <span class='ocrx_word' id='word_1_556' title='bbox 3502 3409 3659 3480; x_wconf 80' lang='grc' dir='ltr'>εἰκὸς,</span> <span class='ocrx_word' id='word_1_557' title='bbox 3688 3401 3834 3491; x_wconf 73' lang='grc' dir='ltr'>καθ’ῗ)</span> 
     </span>
    </p>
   </div>
   <div class='ocr_carea' id='block_1_80' title="bbox 2220 3489 3834 3582">
    <p class='ocr_par' dir='ltr' id='par_1_80' title="bbox 2220 3489 3834 3582">
     <span class='ocr_line' id='line_1_80' title="bbox 2220 3489 3834 3582; baseline -0.004 -22"><span class='ocrx_word' id='word_1_558' title='bbox 2220 3507 2384 3582; x_wconf 86' lang='grc' dir='ltr'>μέρος</span> <span class='ocrx_word' id='word_1_559' title='bbox 2419 3510 2517 3561; x_wconf 81' lang='grc' dir='ltr'>τοῦ</span> <span class='ocrx_word' id='word_1_560' title='bbox 2549 3505 2785 3582; x_wconf 77' lang='grc' dir='ltr'>οὐρανοῦ</span> <span class='ocrx_word' id='word_1_561' title='bbox 2816 3505 3063 3560; x_wconf 86' lang='grc' dir='ltr'>πλεῖστοι</span> <span class='ocrx_word' id='word_1_562' title='bbox 3099 3504 3189 3558; x_wconf 85' lang='grc' dir='ltr'>καὶ</span> <span class='ocrx_word' id='word_1_563' title='bbox 3237 3500 3438 3557; x_wconf 86' lang='grc' dir='ltr'>πυκνοὶ</span> <span class='ocrx_word' id='word_1_564' title='bbox 3492 3497 3579 3555; x_wconf 86' lang='grc' dir='ltr'>καὶ</span> <span class='ocrx_word' id='word_1_565' title='bbox 3639 3489 3834 3570; x_wconf 76' lang='grc' dir='ltr'>μεγάλοι</span> 
     </span>
    </p>
   </div>
   <div class='ocr_carea' id='block_1_81' title="bbox 2215 3579 3832 3670">
    <p class='ocr_par' dir='ltr' id='par_1_81' title="bbox 2215 3579 3832 3670">
     <span class='ocr_line' id='line_1_81' title="bbox 2215 3579 3832 3670; baseline -0.003 -20"><span class='ocrx_word' id='word_1_566' title='bbox 2215 3579 2434 3670; x_wconf 82' lang='grc' dir='ltr'>ἀστέρες</span> <span class='ocrx_word' id='word_1_567' title='bbox 2495 3579 2800 3650; x_wconf 51' lang='grc' dir='ltr'>εἶσίξΚατᾶ</span> <span class='ocrx_word' id='word_1_568' title='bbox 2863 3594 2956 3668; x_wconf 78' lang='grc' dir='ltr'>μὶν</span> <span class='ocrx_word' id='word_1_569' title='bbox 3015 3591 3107 3648; x_wconf 81' lang='grc' dir='ltr'>οὖν</span> <span class='ocrx_word' id='word_1_570' title='bbox 3157 3591 3248 3646; x_wconf 86' lang='grc' dir='ltr'>τὸν</span> <span class='ocrx_word' id='word_1_571' title='bbox 3287 3589 3552 3662; x_wconf 82' lang='grc' dir='ltr'>ζωδιακὸν</span> <span class='ocrx_word' id='word_1_572' title='bbox 3582 3579 3832 3658; x_wconf 76' lang='grc' dir='ltr'>ἡτοιαύτη</span> 
     </span>
    </p>
   </div>
   <div class='ocr_carea' id='block_1_82' title="bbox 2217 3670 3836 3756">
    <p class='ocr_par' dir='ltr' id='par_1_82' title="bbox 2217 3670 3836 3756">
     <span class='ocr_line' id='line_1_82' title="bbox 2217 3670 3836 3756; baseline -0.006 -18"><span class='ocrx_word' id='word_1_573' title='bbox 2217 3683 2571 3756; x_wconf 84' lang='grc' dir='ltr'>ἀναθυμίασις</span> <span class='ocrx_word' id='word_1_574' title='bbox 2619 3684 2710 3738; x_wconf 86' lang='grc' dir='ltr'>καὶ</span> <span class='ocrx_word' id='word_1_575' title='bbox 2759 3681 3010 3744; x_wconf 90' lang='grc' dir='ltr'>σύστασις</span> <span class='ocrx_word' id='word_1_576' title='bbox 3058 3682 3120 3736; x_wconf 86' lang='grc' dir='ltr'>ού</span> <span class='ocrx_word' id='word_1_577' title='bbox 3172 3679 3337 3755; x_wconf 62' lang='grc' dir='ltr'>μένεν</span> <span class='ocrx_word' id='word_1_578' title='bbox 3392 3677 3529 3735; x_wconf 83' lang='grc' dir='ltr'>διότι</span> <span class='ocrx_word' id='word_1_579' title='bbox 3576 3674 3702 3732; x_wconf 82' lang='grc' dir='ltr'>κατᾶ</span> <span class='ocrx_word' id='word_1_580' title='bbox 3738 3670 3836 3756; x_wconf 66' lang='grc' dir='ltr'>τοῦ-</span> 
     </span>
    </p>
   </div>
   <div class='ocr_carea' id='block_1_83' title="bbox 2212 3755 3831 3843">
    <p class='ocr_par' dir='ltr' id='par_1_83' title="bbox 2212 3755 3831 3843">
     <span class='ocr_line' id='line_1_83' title="bbox 2212 3755 3831 3843; baseline -0.002 -15"><span class='ocrx_word' id='word_1_581' title='bbox 2212 3795 2304 3828; x_wconf 89' lang='grc' dir='ltr'>τον</span> <span class='ocrx_word' id='word_1_582' title='bbox 2340 3775 2367 3828; x_wconf 85' lang='grc' dir='ltr'>ὁ</span> <span class='ocrx_word' id='word_1_583' title='bbox 2399 3771 2564 3843; x_wconf 76' lang='grc' dir='ltr'>ἥλιος</span> <span class='ocrx_word' id='word_1_584' title='bbox 2595 3771 2686 3828; x_wconf 84' lang='grc' dir='ltr'>καὶ</span> <span class='ocrx_word' id='word_1_585' title='bbox 2728 3773 2781 3826; x_wconf 71' lang='grc' dir='ltr'>οἱ</span> <span class='ocrx_word' id='word_1_586' title='bbox 2828 3771 3017 3826; x_wconf 86' lang='grc' dir='ltr'>λοιποὶ</span> <span class='ocrx_word' id='word_1_587' title='bbox 3066 3770 3384 3843; x_wconf 89' lang='grc' dir='ltr'>κινούμενοι</span> <span class='ocrx_word' id='word_1_588' title='bbox 3434 3766 3694 3835; x_wconf 78' lang='grc' dir='ltr'>πλανῆτες</span> <span class='ocrx_word' id='word_1_589' title='bbox 3738 3755 3831 3813; x_wconf 81' lang='grc' dir='ltr'>δια·</span> 
     </span>
    </p>
   </div>
   <div class='ocr_carea' id='block_1_84' title="bbox 2216 3849 3834 3940">
    <p class='ocr_par' dir='ltr' id='par_1_84' title="bbox 2216 3849 3834 3940">
     <span class='ocr_line' id='line_1_84' title="bbox 2216 3849 3834 3940; baseline -0.009 -23"><span class='ocrx_word' id='word_1_590' title='bbox 2216 3862 2463 3940; x_wconf 91' lang='grc' dir='ltr'>κρίνουσι</span> <span class='ocrx_word' id='word_1_591' title='bbox 2537 3864 2636 3932; x_wconf 78' lang='grc' dir='ltr'>τήν</span> <span class='ocrx_word' id='word_1_592' title='bbox 2721 3860 2978 3932; x_wconf 84' lang='grc' dir='ltr'>τοιαύτην</span> <span class='ocrx_word' id='word_1_593' title='bbox 3064 3860 3314 3915; x_wconf 90' lang='grc' dir='ltr'>σύστασιν</span> <span class='ocrx_word' id='word_1_594' title='bbox 3400 3857 3491 3914; x_wconf 86' lang='grc' dir='ltr'>καὶ</span> <span class='ocrx_word' id='word_1_595' title='bbox 3585 3849 3834 3910; x_wconf 85' lang='grc' dir='ltr'>λεπτύνου-</span> 
     </span>
    </p>
   </div>
   <div class='ocr_carea' id='block_1_85' title="bbox 2215 3974 2318 4010">
    <p class='ocr_par' dir='ltr' id='par_1_85' title="bbox 2215 3974 2318 4010">
     <span class='ocr_line' id='line_1_85' title="bbox 2215 3974 2318 4010; baseline 0.019 -2"><span class='ocrx_word' id='word_1_596' title='bbox 2215 3974 2318 4010; x_wconf 89' lang='grc' dir='ltr'>σιν.</span> 
     </span>
    </p>
   </div>
   <div class='ocr_carea' id='block_1_86' title="bbox 2289 4021 3832 4115">
    <p class='ocr_par' dir='ltr' id='par_1_86' title="bbox 2289 4021 3832 4115">
     <span class='ocr_line' id='line_1_86' title="bbox 2289 4021 3832 4115; baseline -0.009 -19"><span class='ocrx_word' id='word_1_597' title='bbox 2289 4043 2366 4096; x_wconf 86' lang='grc' dir='ltr'>ιε’.</span> <span class='ocrx_word' id='word_1_598' title='bbox 2418 4042 2535 4095; x_wconf 83' lang='grc' dir='ltr'>Ὀτι</span> <span class='ocrx_word' id='word_1_599' title='bbox 2577 4039 2623 4096; x_wconf 87' lang='grc' dir='ltr'>δ’</span> <span class='ocrx_word' id='word_1_600' title='bbox 2673 4041 2701 4095; x_wconf 88' lang='grc' dir='ltr'>ὁ</span> <span class='ocrx_word' id='word_1_601' title='bbox 2751 4039 3011 4115; x_wconf 80' lang='grc' dir='ltr'>γαλαξίας</span> <span class='ocrx_word' id='word_1_602' title='bbox 3065 4037 3271 4100; x_wconf 86' lang='grc' dir='ltr'>κύκλος</span> <span class='ocrx_word' id='word_1_603' title='bbox 3337 4038 3588 4111; x_wconf 88' lang='grc' dir='ltr'>μέγιστος</span> <span class='ocrx_word' id='word_1_604' title='bbox 3647 4028 3712 4085; x_wconf 83' lang='grc' dir='ltr'>ὣν</span> <span class='ocrx_word' id='word_1_605' title='bbox 3759 4021 3832 4079; x_wconf 65' lang='grc' dir='ltr'>καὶ</span> 
     </span>
    </p>
   </div>
   <div class='ocr_carea' id='block_1_87' title="bbox 2214 4115 3830 4206">
    <p class='ocr_par' dir='ltr' id='par_1_87' title="bbox 2214 4115 3830 4206">
     <span class='ocr_line' id='line_1_87' title="bbox 2214 4115 3830 4206; baseline -0.009 -20"><span class='ocrx_word' id='word_1_606' title='bbox 2214 4131 2376 4194; x_wconf 84' lang='grc' dir='ltr'>αὑτὸς</span> <span class='ocrx_word' id='word_1_607' title='bbox 2424 4131 2514 4185; x_wconf 87' lang='grc' dir='ltr'>καὶ</span> <span class='ocrx_word' id='word_1_608' title='bbox 2564 4129 2722 4200; x_wconf 80' lang='grc' dir='ltr'>λοξὸς</span> <span class='ocrx_word' id='word_1_609' title='bbox 2771 4129 2952 4206; x_wconf 81' lang='grc' dir='ltr'>ὥσπερ</span> <span class='ocrx_word' id='word_1_610' title='bbox 3003 4130 3030 4183; x_wconf 91' lang='grc' dir='ltr'>ὁ</span> <span class='ocrx_word' id='word_1_611' title='bbox 3085 4125 3373 4198; x_wconf 85' lang='grc' dir='ltr'>ζωδιακὸς,</span> <span class='ocrx_word' id='word_1_612' title='bbox 3411 4118 3724 4201; x_wconf 81' lang='grc' dir='ltr'>ὑπερϐάλλει</span> <span class='ocrx_word' id='word_1_613' title='bbox 3777 4115 3830 4184; x_wconf 80' lang='grc' dir='ltr'>τῇ</span> 
     </span>
    </p>
   </div>
   <div class='ocr_carea' id='block_1_88' title="bbox 2217 4207 3832 4302">
    <p class='ocr_par' dir='ltr' id='par_1_88' title="bbox 2217 4207 3832 4302">
     <span class='ocr_line' id='line_1_88' title="bbox 2217 4207 3832 4302; baseline -0.009 -27"><span class='ocrx_word' id='word_1_614' title='bbox 2217 4219 2356 4284; x_wconf 89' lang='grc' dir='ltr'>θέσει</span> <span class='ocrx_word' id='word_1_615' title='bbox 2415 4219 2543 4282; x_wconf 75' lang='grc' dir='ltr'>τοὺς</span> <span class='ocrx_word' id='word_1_616' title='bbox 2592 4219 2910 4293; x_wconf 81' lang='grc' dir='ltr'>τροπικοὺς,</span> <span class='ocrx_word' id='word_1_617' title='bbox 2969 4217 3060 4272; x_wconf 87' lang='grc' dir='ltr'>καί</span> <span class='ocrx_word' id='word_1_618' title='bbox 3119 4239 3284 4272; x_wconf 88' lang='grc' dir='ltr'>τινων</span> <span class='ocrx_word' id='word_1_619' title='bbox 3334 4215 3528 4289; x_wconf 72' lang='grc' dir='ltr'>ἑτέρων</span> <span class='ocrx_word' id='word_1_620' title='bbox 3587 4207 3832 4302; x_wconf 66' lang='grc' dir='ltr'>ἐφάπτεταέ</span> 
     </span>
    </p>
   </div>
   <div class='ocr_carea' id='block_1_89' title="bbox 2215 4301 3830 4386">
    <p class='ocr_par' dir='ltr' id='par_1_89' title="bbox 2215 4301 3830 4386">
     <span class='ocr_line' id='line_1_89' title="bbox 2215 4301 3830 4386; baseline -0.009 -22"><span class='ocrx_word' id='word_1_621' title='bbox 2215 4309 2432 4366; x_wconf 83' lang='grc' dir='ltr'>κύκλων</span> <span class='ocrx_word' id='word_1_622' title='bbox 2469 4307 2530 4364; x_wconf 76' lang='grc' dir='ltr'>οὒ</span> <span class='ocrx_word' id='word_1_623' title='bbox 2561 4309 2752 4386; x_wconf 74' lang='grc' dir='ltr'>πόρρω</span> <span class='ocrx_word' id='word_1_624' title='bbox 2795 4312 2904 4363; x_wconf 89' lang='grc' dir='ltr'>τῶν</span> <span class='ocrx_word' id='word_1_625' title='bbox 2955 4305 3143 4362; x_wconf 87' lang='grc' dir='ltr'>πόλων</span> <span class='ocrx_word' id='word_1_626' title='bbox 3195 4301 3394 4374; x_wconf 75' lang='grc' dir='ltr'>ὄντων,</span> <span class='ocrx_word' id='word_1_627' title='bbox 3424 4303 3513 4359; x_wconf 90' lang='grc' dir='ltr'>καὶ</span> <span class='ocrx_word' id='word_1_628' title='bbox 3559 4305 3717 4357; x_wconf 85' lang='grc' dir='ltr'>κεῖται</span> <span class='ocrx_word' id='word_1_629' title='bbox 3754 4301 3830 4386; x_wconf 58' lang='grc' dir='ltr'>τοι)</span> 
     </span>
    </p>
   </div>
   <div class='ocr_carea' id='block_1_90' title="bbox 2218 4381 3829 4483">
    <p class='ocr_par' dir='ltr' id='par_1_90' title="bbox 2218 4381 3829 4483">
     <span class='ocr_line' id='line_1_90' title="bbox 2218 4381 3829 4483; baseline -0.011 -29"><span class='ocrx_word' id='word_1_630' title='bbox 2218 4397 2486 4469; x_wconf 78' lang='grc' dir='ltr'>ζωδιακοῦ</span> <span class='ocrx_word' id='word_1_631' title='bbox 2545 4398 2604 4453; x_wconf 88' lang='grc' dir='ltr'>ἐκ</span> <span class='ocrx_word' id='word_1_632' title='bbox 2639 4381 2907 4474; x_wconf 39' lang='grc' dir='ltr'>’πλαγίων</span> <span class='ocrx_word' id='word_1_633' title='bbox 2960 4395 3034 4458; x_wconf 85' lang='grc' dir='ltr'>ὡς</span> <span class='ocrx_word' id='word_1_634' title='bbox 3096 4397 3171 4469; x_wconf 83' lang='grc' dir='ltr'>μή</span> <span class='ocrx_word' id='word_1_635' title='bbox 3228 4395 3346 4449; x_wconf 89' lang='grc' dir='ltr'>κατ’</span> <span class='ocrx_word' id='word_1_636' title='bbox 3405 4392 3561 4448; x_wconf 79' lang='grc' dir='ltr'>αὐτὸν</span> <span class='ocrx_word' id='word_1_637' title='bbox 3614 4381 3829 4483; x_wconf 49' lang='grc' dir='ltr'>κινεῖσθαξ</span> 
     </span>
    </p>
   </div>
   <div class='ocr_carea' id='block_1_91' title="bbox 2213 4475 3827 4561">
    <p class='ocr_par' dir='ltr' id='par_1_91' title="bbox 2213 4475 3827 4561">
     <span class='ocr_line' id='line_1_91' title="bbox 2213 4475 3827 4561; baseline -0.01 -18"><span class='ocrx_word' id='word_1_638' title='bbox 2213 4487 2344 4551; x_wconf 77' lang='grc' dir='ltr'>τοὺς</span> <span class='ocrx_word' id='word_1_639' title='bbox 2373 4486 2675 4558; x_wconf 87' lang='grc' dir='ltr'>πλάνητας,</span> <span class='ocrx_word' id='word_1_640' title='bbox 2710 4486 2792 4542; x_wconf 80' lang='grc' dir='ltr'>ὅτι</span> <span class='ocrx_word' id='word_1_641' title='bbox 2839 4507 2897 4542; x_wconf 88' lang='grc' dir='ltr'>τε</span> <span class='ocrx_word' id='word_1_642' title='bbox 2945 4481 3168 4561; x_wconf 86' lang='grc' dir='ltr'>πλήρης</span> <span class='ocrx_word' id='word_1_643' title='bbox 3199 4484 3238 4538; x_wconf 69' lang='grc' dir='ltr'>ὁι</span> <span class='ocrx_word' id='word_1_644' title='bbox 3255 4483 3424 4544; x_wconf 84' lang='grc' dir='ltr'>τόπος</span> <span class='ocrx_word' id='word_1_645' title='bbox 3479 4475 3732 4561; x_wconf 9' lang='grc' dir='ltr'>μεγάλων,</span> <span class='ocrx_word' id='word_1_646' title='bbox 3757 4475 3827 4523; x_wconf 76' lang='grc' dir='ltr'>καί</span> 
     </span>
    </p>
   </div>
   <div class='ocr_carea' id='block_1_92' title="bbox 2216 4560 3829 4651">
    <p class='ocr_par' dir='ltr' id='par_1_92' title="bbox 2216 4560 3829 4651">
     <span class='ocr_line' id='line_1_92' title="bbox 2216 4560 3829 4651; baseline -0.012 -19"><span class='ocrx_word' id='word_1_647' title='bbox 2216 4574 2484 4651; x_wconf 86' lang='grc' dir='ltr'>λαμπρῶν</span> <span class='ocrx_word' id='word_1_648' title='bbox 2553 4575 2814 4648; x_wconf 88' lang='grc' dir='ltr'>ἀστέρων,</span> <span class='ocrx_word' id='word_1_649' title='bbox 2879 4560 3108 4650; x_wconf 66' lang='grc' dir='ltr'>εὔλογον</span> <span class='ocrx_word' id='word_1_650' title='bbox 3166 4566 3610 4644; x_wconf 79' lang='grc' dir='ltr'>ὑπολαμϐάνεται</span> <span class='ocrx_word' id='word_1_651' title='bbox 3662 4560 3740 4618; x_wconf 84' lang='grc' dir='ltr'>διά</span> <span class='ocrx_word' id='word_1_652' title='bbox 3783 4573 3829 4651; x_wconf 60' lang='grc' dir='ltr'>τξ</span> 
     </span>
    </p>
   </div>
   <div class='ocr_carea' id='block_1_93' title="bbox 451 4640 2105 4743">
    <p class='ocr_par' dir='ltr' id='par_1_93' title="bbox 451 4640 2105 4740">
     <span class='ocr_line' id='line_1_93' title="bbox 451 4640 2105 4740; baseline 0.004 -24"><span class='ocrx_word' id='word_1_653' title='bbox 451 4677 582 4716; x_wconf 89' lang='lat' dir='ltr'>rum</span> <span class='ocrx_word' id='word_1_654' title='bbox 615 4678 743 4732; x_wconf 78' lang='lat' dir='ltr'>quae</span> <span class='ocrx_word' id='word_1_655' title='bbox 774 4662 830 4716; x_wconf 90' lang='lat' dir='ltr'>in</span> <span class='ocrx_word' id='word_1_656' title='bbox 854 4661 982 4733; x_wconf 95' lang='lat' dir='ltr'>ipso</span> <span class='ocrx_word' id='word_1_657' title='bbox 1015 4640 1155 4718; x_wconf 88' lang='lat' dir='ltr'>sunt</span> <span class='ocrx_word' id='word_1_658' title='bbox 1188 4640 1633 4720; x_wconf 87' lang='lat' dir='ltr'>multitudinem</span> <span class='ocrx_word' id='word_1_659' title='bbox 1664 4669 1722 4721; x_wconf 90' lang='lat' dir='ltr'>et</span> <span class='ocrx_word' id='word_1_660' title='bbox 1751 4667 2105 4740; x_wconf 90' lang='lat' dir='ltr'>magnitudi-</span> 
     </span>
    </p>
   </div>
   <div class='ocr_carea' id='block_1_94' title="bbox 2217 4640 3827 4743">
    <p class='ocr_par' dir='ltr' id='par_1_94' title="bbox 2217 4640 3827 4734">
     <span class='ocr_line' id='line_1_94' title="bbox 2217 4640 3827 4734; baseline -0.004 -15"><span class='ocrx_word' id='word_1_661' title='bbox 2217 4667 2313 4733; x_wconf 71' lang='grc' dir='ltr'>τήν</span> <span class='ocrx_word' id='word_1_662' title='bbox 2347 4664 2486 4719; x_wconf 88' lang='grc' dir='ltr'>θέσιν</span> <span class='ocrx_word' id='word_1_663' title='bbox 2517 4665 2607 4719; x_wconf 84' lang='grc' dir='ltr'>καὶ</span> <span class='ocrx_word' id='word_1_664' title='bbox 2635 4665 2700 4720; x_wconf 87' lang='grc' dir='ltr'>τὸ</span> <span class='ocrx_word' id='word_1_665' title='bbox 2728 4668 2837 4718; x_wconf 84' lang='grc' dir='ltr'>τῶν</span> <span class='ocrx_word' id='word_1_666' title='bbox 2887 4669 3002 4718; x_wconf 87' lang='grc' dir='ltr'>κατ’</span> <span class='ocrx_word' id='word_1_667' title='bbox 3031 4661 3191 4718; x_wconf 82' lang='grc' dir='ltr'>αὐτὸν</span> <span class='ocrx_word' id='word_1_668' title='bbox 3234 4659 3470 4734; x_wconf 86' lang='grc' dir='ltr'>ἀστέρων</span> <span class='ocrx_word' id='word_1_669' title='bbox 3520 4655 3718 4724; x_wconf 82' lang='grc' dir='ltr'>πλῆθος</span> <span class='ocrx_word' id='word_1_670' title='bbox 3757 4640 3827 4700; x_wconf 58' lang='grc' dir='ltr'>καὶ</span> 
     </span>
    </p>
   </div>
   <div class='ocr_carea' id='block_1_95' title="bbox 449 4751 2108 4826">
    <p class='ocr_par' dir='ltr' id='par_1_95' title="bbox 449 4751 2108 4826">
     <span class='ocr_line' id='line_1_95' title="bbox 449 4751 2108 4826; baseline 0.004 -21"><span class='ocrx_word' id='word_1_671' title='bbox 449 4766 584 4806; x_wconf 90' lang='lat' dir='ltr'>nem</span> <span class='ocrx_word' id='word_1_672' title='bbox 617 4767 746 4806; x_wconf 89' lang='lat' dir='ltr'>eam</span> <span class='ocrx_word' id='word_1_673' title='bbox 779 4751 1212 4807; x_wconf 86' lang='lat' dir='ltr'>exhalationem</span> <span class='ocrx_word' id='word_1_674' title='bbox 1263 4769 1390 4824; x_wconf 74' lang='lat' dir='ltr'>quae</span> <span class='ocrx_word' id='word_1_675' title='bbox 1441 4759 1832 4826; x_wconf 87' lang='lat' dir='ltr'>congregatur</span> <span class='ocrx_word' id='word_1_676' title='bbox 1876 4762 1933 4812; x_wconf 91' lang='lat' dir='ltr'>et</span> <span class='ocrx_word' id='word_1_677' title='bbox 1971 4773 2108 4812; x_wconf 90' lang='lat' dir='ltr'>con-</span> 
     </span>
    </p>
   </div>
   <div class='ocr_carea' id='block_1_96' title="bbox 449 4838 1854 4914">
    <p class='ocr_par' dir='ltr' id='par_1_96' title="bbox 449 4838 1854 4914">
     <span class='ocr_line' id='line_1_96' title="bbox 449 4838 1854 4914; baseline 0.004 -20"><span class='ocrx_word' id='word_1_678' title='bbox 449 4838 662 4896; x_wconf 91' lang='lat' dir='ltr'>crescit</span> <span class='ocrx_word' id='word_1_679' title='bbox 691 4844 747 4894; x_wconf 87' lang='lat' dir='ltr'>et</span> <span class='ocrx_word' id='word_1_680' title='bbox 775 4839 1200 4911; x_wconf 87' lang='lat' dir='ltr'>inﬂammatur,</span> <span class='ocrx_word' id='word_1_681' title='bbox 1233 4841 1320 4897; x_wconf 86' lang='lat' dir='ltr'>lac</span> <span class='ocrx_word' id='word_1_682' title='bbox 1353 4842 1410 4898; x_wconf 92' lang='lat' dir='ltr'>in</span> <span class='ocrx_word' id='word_1_683' title='bbox 1443 4843 1571 4914; x_wconf 90' lang='lat' dir='ltr'>ipso</span> <span class='ocrx_word' id='word_1_684' title='bbox 1603 4845 1854 4900; x_wconf 86' lang='lat' dir='ltr'>efﬁcere.</span> 
     </span>
    </p>
   </div>
   <div class='ocr_carea' id='block_1_97' title="bbox 525 5016 2111 5095">
    <p class='ocr_par' dir='ltr' id='par_1_97' title="bbox 525 5016 2111 5095">
     <span class='ocr_line' id='line_1_97' title="bbox 525 5016 2111 5095; baseline 0.007 -25"><span class='ocrx_word' id='word_1_685' title='bbox 525 5017 611 5070; x_wconf 90' lang='lat'>16.</span> <span class='ocrx_word' id='word_1_686' title='bbox 646 5016 835 5088; x_wconf 89' lang='lat' dir='ltr'>Hujus</span> <span class='ocrx_word' id='word_1_687' title='bbox 867 5022 1064 5074; x_wconf 88' lang='lat' dir='ltr'>autem</span> <span class='ocrx_word' id='word_1_688' title='bbox 1115 5019 1198 5074; x_wconf 91' lang='lat' dir='ltr'>rei</span> <span class='ocrx_word' id='word_1_689' title='bbox 1248 5018 1392 5075; x_wconf 91' lang='lat' dir='ltr'>illud</span> <span class='ocrx_word' id='word_1_690' title='bbox 1446 5021 1682 5094; x_wconf 90' lang='lat' dir='ltr'>signum</span> <span class='ocrx_word' id='word_1_691' title='bbox 1727 5028 1838 5092; x_wconf 91' lang='lat' dir='ltr'>est,</span> <span class='ocrx_word' id='word_1_692' title='bbox 1867 5025 2021 5095; x_wconf 91' lang='lat' dir='ltr'>quod</span> <span class='ocrx_word' id='word_1_693' title='bbox 2053 5031 2111 5081; x_wconf 92' lang='lat' dir='ltr'>et</span> 
     </span>
    </p>
   </div>
   <div class='ocr_carea' id='block_1_98' title="bbox 450 5104 2105 5180">
    <p class='ocr_par' dir='ltr' id='par_1_98' title="bbox 450 5104 2105 5180">
     <span class='ocr_line' id='line_1_98' title="bbox 450 5104 2105 5180; baseline 0.005 -21"><span class='ocrx_word' id='word_1_694' title='bbox 450 5104 642 5176; x_wconf 90' lang='lat' dir='ltr'>ipsius</span> <span class='ocrx_word' id='word_1_695' title='bbox 673 5105 880 5161; x_wconf 91' lang='lat' dir='ltr'>circuli</span> <span class='ocrx_word' id='word_1_696' title='bbox 911 5107 1198 5162; x_wconf 88' lang='lat' dir='ltr'>concretio</span> <span class='ocrx_word' id='word_1_697' title='bbox 1231 5107 1484 5180; x_wconf 90' lang='lat' dir='ltr'>amplior</span> <span class='ocrx_word' id='word_1_698' title='bbox 1515 5115 1623 5177; x_wconf 90' lang='lat' dir='ltr'>est,</span> <span class='ocrx_word' id='word_1_699' title='bbox 1657 5116 1714 5166; x_wconf 88' lang='lat' dir='ltr'>et</span> <span class='ocrx_word' id='word_1_700' title='bbox 1762 5112 1957 5167; x_wconf 88' lang='lat' dir='ltr'>lumen</span> <span class='ocrx_word' id='word_1_701' title='bbox 2011 5130 2105 5170; x_wconf 91' lang='lat' dir='ltr'>co-</span> 
     </span>
    </p>
   </div>
   <div class='ocr_carea' id='block_1_99' title="bbox 449 5193 2106 5272">
    <p class='ocr_par' dir='ltr' id='par_1_99' title="bbox 449 5193 2106 5272">
     <span class='ocr_line' id='line_1_99' title="bbox 449 5193 2106 5272; baseline 0.007 -26"><span class='ocrx_word' id='word_1_702' title='bbox 449 5193 657 5265; x_wconf 89' lang='lat' dir='ltr'>piosus</span> <span class='ocrx_word' id='word_1_703' title='bbox 700 5195 760 5249; x_wconf 91' lang='lat' dir='ltr'>in</span> <span class='ocrx_word' id='word_1_704' title='bbox 813 5195 993 5252; x_wconf 89' lang='lat' dir='ltr'>altero</span> <span class='ocrx_word' id='word_1_705' title='bbox 1043 5196 1434 5268; x_wconf 88' lang='lat' dir='ltr'>semicirculo,</span> <span class='ocrx_word' id='word_1_706' title='bbox 1487 5216 1603 5270; x_wconf 90' lang='lat' dir='ltr'>qua</span> <span class='ocrx_word' id='word_1_707' title='bbox 1650 5207 1813 5272; x_wconf 85' lang='lat' dir='ltr'>parte</span> <span class='ocrx_word' id='word_1_708' title='bbox 1865 5201 2106 5272; x_wconf 89' lang='lat' dir='ltr'>duplam</span> 
     </span>
    </p>
   </div>
   <div class='ocr_carea' id='block_1_100' title="bbox 454 5282 2106 5362">
    <p class='ocr_par' dir='ltr' id='par_1_100' title="bbox 454 5282 2106 5362">
     <span class='ocr_line' id='line_1_100' title="bbox 454 5282 2106 5362; baseline 0.006 -27"><span class='ocrx_word' id='word_1_709' title='bbox 454 5282 926 5353; x_wconf 90' lang='lat' dir='ltr'>magnitudinem</span> <span class='ocrx_word' id='word_1_710' title='bbox 961 5284 1177 5341; x_wconf 91' lang='lat' dir='ltr'>habere</span> <span class='ocrx_word' id='word_1_711' title='bbox 1201 5285 1424 5343; x_wconf 89' lang='lat' dir='ltr'>lacteus</span> <span class='ocrx_word' id='word_1_712' title='bbox 1446 5287 1703 5344; x_wconf 85' lang='lat' dir='ltr'>circulus</span> <span class='ocrx_word' id='word_1_713' title='bbox 1723 5291 2106 5362; x_wconf 89' lang='lat' dir='ltr'>conspicitur,</span> 
     </span>
    </p>
   </div>
   <div class='ocr_carea' id='block_1_101' title="bbox 451 5368 1662 5439">
    <p class='ocr_par' dir='ltr' id='par_1_101' title="bbox 451 5368 1662 5439">
     <span class='ocr_line' id='line_1_101' title="bbox 451 5368 1662 5439; baseline 0.007 -16"><span class='ocrx_word' id='word_1_714' title='bbox 451 5368 552 5424; x_wconf 89' lang='lat' dir='ltr'>ubi</span> <span class='ocrx_word' id='word_1_715' title='bbox 584 5371 840 5439; x_wconf 88' lang='lat' dir='ltr'>majores</span> <span class='ocrx_word' id='word_1_716' title='bbox 869 5377 928 5428; x_wconf 89' lang='lat' dir='ltr'>et</span> <span class='ocrx_word' id='word_1_717' title='bbox 957 5374 1262 5430; x_wconf 92' lang='lat' dir='ltr'>densiores</span> <span class='ocrx_word' id='word_1_718' title='bbox 1295 5375 1474 5431; x_wconf 63' lang='lat' dir='ltr'>stella:</span> <span class='ocrx_word' id='word_1_719' title='bbox 1507 5382 1662 5432; x_wconf 89' lang='lat' dir='ltr'>sunt.</span> 
     </span>
    </p>
   </div>
   <div class='ocr_carea' id='block_1_102' title="bbox 520 5459 2106 5539">
    <p class='ocr_par' dir='ltr' id='par_1_102' title="bbox 520 5459 2106 5539">
     <span class='ocr_line' id='line_1_102' title="bbox 520 5459 2106 5539; baseline 0.006 -27"><span class='ocrx_word' id='word_1_720' title='bbox 520 5459 606 5512; x_wconf 88' lang='lat'>17.</span> <span class='ocrx_word' id='word_1_721' title='bbox 642 5459 701 5514; x_wconf 89' lang='lat' dir='ltr'>Si</span> <span class='ocrx_word' id='word_1_722' title='bbox 745 5460 924 5532; x_wconf 87' lang='lat' dir='ltr'>igitur</span> <span class='ocrx_word' id='word_1_723' title='bbox 970 5461 1079 5516; x_wconf 93' lang='lat' dir='ltr'>hoc</span> <span class='ocrx_word' id='word_1_724' title='bbox 1126 5463 1184 5517; x_wconf 92' lang='lat' dir='ltr'>in</span> <span class='ocrx_word' id='word_1_725' title='bbox 1235 5463 1454 5520; x_wconf 91' lang='lat' dir='ltr'>circulo</span> <span class='ocrx_word' id='word_1_726' title='bbox 1501 5465 1702 5522; x_wconf 91' lang='lat' dir='ltr'>lumen</span> <span class='ocrx_word' id='word_1_727' title='bbox 1753 5472 2014 5539; x_wconf 88' lang='lat' dir='ltr'>apparet,</span> <span class='ocrx_word' id='word_1_728' title='bbox 2046 5467 2106 5522; x_wconf 93' lang='lat' dir='ltr'>in</span> 
     </span>
    </p>
   </div>
   <div class='ocr_carea' id='block_1_103' title="bbox 449 5546 2106 5626">
    <p class='ocr_par' dir='ltr' id='par_1_103' title="bbox 449 5546 2106 5626">
     <span class='ocr_line' id='line_1_103' title="bbox 449 5546 2106 5626; baseline 0.007 -28"><span class='ocrx_word' id='word_1_729' title='bbox 449 5559 562 5615; x_wconf 90' lang='lat' dir='ltr'>quo</span> <span class='ocrx_word' id='word_1_730' title='bbox 597 5546 792 5600; x_wconf 81' lang='lat' dir='ltr'>multae</span> <span class='ocrx_word' id='word_1_731' title='bbox 820 5551 879 5602; x_wconf 88' lang='lat' dir='ltr'>et</span> <span class='ocrx_word' id='word_1_732' title='bbox 909 5565 1131 5621; x_wconf 65' lang='lat' dir='ltr'>magnis</span> <span class='ocrx_word' id='word_1_733' title='bbox 1164 5549 1342 5605; x_wconf 78' lang='lat' dir='ltr'>stellae</span> <span class='ocrx_word' id='word_1_734' title='bbox 1375 5557 1536 5618; x_wconf 88' lang='lat' dir='ltr'>sunt,</span> <span class='ocrx_word' id='word_1_735' title='bbox 1570 5558 1623 5608; x_wconf 90' lang='lat' dir='ltr'>et</span> <span class='ocrx_word' id='word_1_736' title='bbox 1678 5571 1886 5610; x_wconf 86' lang='lat' dir='ltr'>rursus</span> <span class='ocrx_word' id='word_1_737' title='bbox 1918 5554 2106 5626; x_wconf 86' lang='lat' dir='ltr'>ipsius</span> 
     </span>
    </p>
   </div>
   <div class='ocr_carea' id='block_1_104' title="bbox 517 5759 1619 5836">
    <p class='ocr_par' dir='ltr' id='par_1_104' title="bbox 517 5759 1619 5836">
     <span class='ocr_line' id='line_1_104' title="bbox 517 5759 1619 5836; baseline 0.005 -18"><span class='ocrx_word' id='word_1_738' title='bbox 517 5759 562 5797; x_wconf 81' lang='grc'>⁶⁹</span> <span class='ocrx_word' id='word_1_739' title='bbox 593 5761 620 5818; x_wconf 92' lang='grc'>1</span> <span class='ocrx_word' id='word_1_740' title='bbox 655 5760 890 5820; x_wconf 88' lang='lat' dir='ltr'>Meteor.</span> <span class='ocrx_word' id='word_1_741' title='bbox 924 5780 974 5820; x_wconf 91' lang='lat' dir='ltr'>c.</span> <span class='ocrx_word' id='word_1_742' title='bbox 1006 5763 1062 5836; x_wconf 88' lang='lat'>7,</span> <span class='ocrx_word' id='word_1_743' title='bbox 1094 5764 1148 5818; x_wconf 88' lang='lat'>8.</span> <span class='ocrx_word' id='word_1_744' title='bbox 1225 5765 1270 5800; x_wconf 74' lang='grc' dir='ltr'>’το</span> <span class='ocrx_word' id='word_1_745' title='bbox 1299 5765 1445 5823; x_wconf 84' lang='lat' dir='ltr'>Ibid.</span> <span class='ocrx_word' id='word_1_746' title='bbox 1479 5783 1528 5823; x_wconf 86' lang='grc' dir='ltr'>ο.</span> <span class='ocrx_word' id='word_1_747' title='bbox 1565 5767 1619 5823; x_wconf 90' lang='grc'>8.</span> 
     </span>
    </p>
   </div>
   <div class='ocr_carea' id='block_1_105' title="bbox 2223 4741 3829 4834">
    <p class='ocr_par' dir='ltr' id='par_1_105' title="bbox 2223 4741 3829 4834">
     <span class='ocr_line' id='line_1_105' title="bbox 2223 4741 3829 4834; baseline -0.014 -16"><span class='ocrx_word' id='word_1_748' title='bbox 2223 4755 2450 4829; x_wconf 75' lang='grc' dir='ltr'>μέγεθος</span> <span class='ocrx_word' id='word_1_749' title='bbox 2519 4752 2914 4830; x_wconf 83' lang='grc' dir='ltr'>ἀθροιζομένην</span> <span class='ocrx_word' id='word_1_750' title='bbox 2968 4753 3070 4821; x_wconf 78' lang='grc' dir='ltr'>τήν</span> <span class='ocrx_word' id='word_1_751' title='bbox 3139 4749 3494 4822; x_wconf 88' lang='grc' dir='ltr'>ἀναθυμίασιν</span> <span class='ocrx_word' id='word_1_752' title='bbox 3570 4741 3655 4834; x_wconf 53' lang='grc' dir='ltr'>καί</span> <span class='ocrx_word' id='word_1_753' title='bbox 3719 4752 3829 4834; x_wconf 49' lang='grc' dir='ltr'>συνις</span> 
     </span>
    </p>
   </div>
   <div class='ocr_carea' id='block_1_106' title="bbox 2219 4829 3828 4916">
    <p class='ocr_par' dir='ltr' id='par_1_106' title="bbox 2219 4829 3828 4916">
     <span class='ocr_line' id='line_1_106' title="bbox 2219 4829 3828 4916; baseline -0.006 -19"><span class='ocrx_word' id='word_1_754' title='bbox 2219 4841 2486 4916; x_wconf 87' lang='grc' dir='ltr'>σταμένην</span> <span class='ocrx_word' id='word_1_755' title='bbox 2559 4842 2650 4896; x_wconf 90' lang='grc' dir='ltr'>καὶ</span> <span class='ocrx_word' id='word_1_756' title='bbox 2744 4841 3112 4915; x_wconf 80' lang='grc' dir='ltr'>ἐξαπτομένην</span> <span class='ocrx_word' id='word_1_757' title='bbox 3193 4843 3370 4894; x_wconf 84' lang='grc' dir='ltr'>ποιεῖν</span> <span class='ocrx_word' id='word_1_758' title='bbox 3444 4835 3494 4892; x_wconf 87' lang='grc' dir='ltr'>ἐν</span> <span class='ocrx_word' id='word_1_759' title='bbox 3563 4829 3727 4899; x_wconf 74' lang='grc' dir='ltr'>τούτῳ</span> <span class='ocrx_word' id='word_1_760' title='bbox 3780 4837 3828 4873; x_wconf 83' lang='grc' dir='ltr'>το</span> 
     </span>
    </p>
   </div>
   <div class='ocr_carea' id='block_1_107' title="bbox 2215 4933 3826 5009">
    <p class='ocr_par' dir='ltr' id='par_1_107' title="bbox 2215 4933 3826 5009">
     <span class='ocr_line' id='line_1_107' title="bbox 2215 4933 3826 5009; baseline 0.001 -23"><span class='ocrx_word' id='word_1_761' title='bbox 2215 4933 2376 5008; x_wconf 82' lang='grc' dir='ltr'>γάλα.</span> <span class='ocrx_word' id='word_1_762' title='bbox 3804 4999 3826 5009; x_wconf 86' lang='lat'>_</span> 
     </span>
    </p>
   </div>
   <div class='ocr_carea' id='block_1_108' title="bbox 2293 5010 3830 5100">
    <p class='ocr_par' dir='ltr' id='par_1_108' title="bbox 2293 5010 3830 5100">
     <span class='ocr_line' id='line_1_108' title="bbox 2293 5010 3830 5100; baseline -0.006 -26"><span class='ocrx_word' id='word_1_763' title='bbox 2293 5023 2375 5085; x_wconf 84' lang='grc' dir='ltr'>ις’.</span> <span class='ocrx_word' id='word_1_764' title='bbox 2410 5019 2615 5076; x_wconf 79' lang='grc' dir='ltr'>Τούτου</span> <span class='ocrx_word' id='word_1_765' title='bbox 2661 5019 2706 5076; x_wconf 85' lang='grc' dir='ltr'>δ’</span> <span class='ocrx_word' id='word_1_766' title='bbox 2748 5020 2808 5075; x_wconf 79' lang='grc' dir='ltr'>ἂν</span> <span class='ocrx_word' id='word_1_767' title='bbox 2857 5017 2940 5090; x_wconf 58' lang='lat' dir='ltr'>ei?)</span> <span class='ocrx_word' id='word_1_768' title='bbox 2998 5023 3227 5092; x_wconf 89' lang='grc' dir='ltr'>σημεῖον</span> <span class='ocrx_word' id='word_1_769' title='bbox 3285 5019 3350 5074; x_wconf 84' lang='grc' dir='ltr'>τὸ</span> <span class='ocrx_word' id='word_1_770' title='bbox 3403 5014 3493 5071; x_wconf 81' lang='grc' dir='ltr'>καὶ</span> <span class='ocrx_word' id='word_1_771' title='bbox 3549 5010 3700 5067; x_wconf 73' lang='grc' dir='ltr'>αὐτοῦ</span> <span class='ocrx_word' id='word_1_772' title='bbox 3753 5017 3830 5100; x_wconf 57' lang='grc' dir='ltr'>τξυ</span> 
     </span>
    </p>
   </div>
   <div class='ocr_carea' id='block_1_109' title="bbox 2216 5095 3829 5179">
    <p class='ocr_par' dir='ltr' id='par_1_109' title="bbox 2216 5095 3829 5179">
     <span class='ocr_line' id='line_1_109' title="bbox 2216 5095 3829 5179; baseline -0.006 -15"><span class='ocrx_word' id='word_1_773' title='bbox 2216 5109 2424 5164; x_wconf 85' lang='grc' dir='ltr'>κύκλου</span> <span class='ocrx_word' id='word_1_774' title='bbox 2453 5111 2552 5179; x_wconf 82' lang='grc' dir='ltr'>τήν</span> <span class='ocrx_word' id='word_1_775' title='bbox 2587 5108 2835 5164; x_wconf 87' lang='grc' dir='ltr'>σύστασιν</span> <span class='ocrx_word' id='word_1_776' title='bbox 2870 5107 3047 5163; x_wconf 88' lang='grc' dir='ltr'>πλείω</span> <span class='ocrx_word' id='word_1_777' title='bbox 3077 5107 3210 5162; x_wconf 80' lang='grc' dir='ltr'>εἶναι</span> <span class='ocrx_word' id='word_1_778' title='bbox 3244 5105 3334 5162; x_wconf 88' lang='grc' dir='ltr'>καὶ</span> <span class='ocrx_word' id='word_1_779' title='bbox 3393 5103 3579 5160; x_wconf 89' lang='grc' dir='ltr'>πλεῖον</span> <span class='ocrx_word' id='word_1_780' title='bbox 3633 5095 3690 5150; x_wconf 82' lang='grc' dir='ltr'>τὸ</span> <span class='ocrx_word' id='word_1_781' title='bbox 3737 5095 3829 5179; x_wconf 58' lang='grc' dir='ltr'>φῶς</span> 
     </span>
    </p>
   </div>
   <div class='ocr_carea' id='block_1_110' title="bbox 2219 5171 3830 5274">
    <p class='ocr_par' dir='ltr' id='par_1_110' title="bbox 2219 5171 3830 5274">
     <span class='ocr_line' id='line_1_110' title="bbox 2219 5171 3830 5274; baseline -0.013 -18"><span class='ocrx_word' id='word_1_782' title='bbox 2219 5198 2270 5254; x_wconf 84' lang='grc' dir='ltr'>ἐν</span> <span class='ocrx_word' id='word_1_783' title='bbox 2297 5204 2377 5270; x_wconf 82' lang='grc' dir='ltr'>τῷ</span> <span class='ocrx_word' id='word_1_784' title='bbox 2435 5171 2603 5274; x_wconf 81' lang='grc' dir='ltr'>ἐτέρῳ</span> <span class='ocrx_word' id='word_1_785' title='bbox 2653 5195 2974 5271; x_wconf 74' lang='grc' dir='ltr'>ἡμικυκλίῳ</span> <span class='ocrx_word' id='word_1_786' title='bbox 3033 5197 3152 5260; x_wconf 85' lang='grc' dir='ltr'>καθ’</span> <span class='ocrx_word' id='word_1_787' title='bbox 3179 5196 3208 5250; x_wconf 83' lang='grc' dir='ltr'>ὃ</span> <span class='ocrx_word' id='word_1_788' title='bbox 3242 5192 3477 5263; x_wconf 84' lang='grc' dir='ltr'>διπλόην</span> <span class='ocrx_word' id='word_1_789' title='bbox 3517 5186 3632 5245; x_wconf 80' lang='grc' dir='ltr'>τινὰ</span> <span class='ocrx_word' id='word_1_790' title='bbox 3657 5171 3830 5274; x_wconf 40' lang='grc' dir='ltr'>ἔχιυνΙδ</span> 
     </span>
    </p>
   </div>
   <div class='ocr_carea' id='block_1_111' title="bbox 2217 5259 3832 5364">
    <p class='ocr_par' dir='ltr' id='par_1_111' title="bbox 2217 5259 3832 5364">
     <span class='ocr_line' id='line_1_111' title="bbox 2217 5259 3832 5364; baseline -0.026 -1"><span class='ocrx_word' id='word_1_791' title='bbox 2217 5259 2476 5362; x_wconf 68' lang='grc' dir='ltr'>γαλάξίας</span> <span class='ocrx_word' id='word_1_792' title='bbox 2516 5259 2726 5364; x_wconf 50' lang='grc' dir='ltr'>ἐρ’ᾶτοίί,</span> <span class='ocrx_word' id='word_1_793' title='bbox 2762 5286 2812 5341; x_wconf 70' lang='grc' dir='ltr'>ἐν</span> <span class='ocrx_word' id='word_1_794' title='bbox 2855 5287 2901 5358; x_wconf 78' lang='grc' dir='ltr'>ᾦ</span> <span class='ocrx_word' id='word_1_795' title='bbox 2946 5259 3172 5360; x_wconf 50' lang='grc' dir='ltr'>’μείζους</span> <span class='ocrx_word' id='word_1_796' title='bbox 3220 5282 3310 5339; x_wconf 84' lang='grc' dir='ltr'>καὶ</span> <span class='ocrx_word' id='word_1_797' title='bbox 3359 5259 3669 5352; x_wconf 78' lang='grc' dir='ltr'>πυκνότεροι</span> <span class='ocrx_word' id='word_1_798' title='bbox 3710 5259 3832 5320; x_wconf 71' lang='grc' dir='ltr'>ἀστέο</span> 
     </span>
    </p>
   </div>
   <div class='ocr_carea' id='block_1_112' title="bbox 2219 5377 3792 5452">
    <p class='ocr_par' dir='ltr' id='par_1_112' title="bbox 2219 5377 3792 5452">
     <span class='ocr_line' id='line_1_112' title="bbox 2219 5377 3792 5452; baseline 0.001 -22"><span class='ocrx_word' id='word_1_799' title='bbox 2219 5397 2306 5452; x_wconf 92' lang='grc' dir='ltr'>ρες</span> <span class='ocrx_word' id='word_1_800' title='bbox 2339 5377 2489 5431; x_wconf 82' lang='grc' dir='ltr'>εἰσίν.</span> <span class='ocrx_word' id='word_1_801' title='bbox 3668 5447 3678 5452; x_wconf 91' lang='lat'><em>_</em></span> <span class='ocrx_word' id='word_1_802' title='bbox 3769 5441 3792 5452; x_wconf 37' lang='grc' dir='ltr'><strong><em>ν</em></strong></span> 
     </span>
    </p>
   </div>
   <div class='ocr_carea' id='block_1_113' title="bbox 2292 5447 3827 5538">
    <p class='ocr_par' dir='ltr' id='par_1_113' title="bbox 2292 5447 3827 5538">
     <span class='ocr_line' id='line_1_113' title="bbox 2292 5447 3827 5538; baseline -0.001 -19"><span class='ocrx_word' id='word_1_803' title='bbox 2292 5467 2378 5534; x_wconf 87' lang='grc' dir='ltr'>ιζ’.</span> <span class='ocrx_word' id='word_1_804' title='bbox 2413 5465 2478 5521; x_wconf 69' lang='grc' dir='ltr'>Εἴ</span> <span class='ocrx_word' id='word_1_805' title='bbox 2503 5465 2684 5521; x_wconf 89' lang='grc' dir='ltr'>τοίνυν</span> <span class='ocrx_word' id='word_1_806' title='bbox 2715 5463 2764 5520; x_wconf 90' lang='grc' dir='ltr'>ἐν</span> <span class='ocrx_word' id='word_1_807' title='bbox 2795 5468 2875 5536; x_wconf 81' lang='grc' dir='ltr'>τῷ</span> <span class='ocrx_word' id='word_1_808' title='bbox 2904 5461 3094 5536; x_wconf 87' lang='grc' dir='ltr'>κύκλῳ</span> <span class='ocrx_word' id='word_1_809' title='bbox 3133 5461 3314 5534; x_wconf 81' lang='grc' dir='ltr'>τούτῳ</span> <span class='ocrx_word' id='word_1_810' title='bbox 3357 5456 3593 5538; x_wconf 74' lang='grc' dir='ltr'>φαίνεται</span> <span class='ocrx_word' id='word_1_811' title='bbox 3633 5447 3693 5538; x_wconf 51' lang='grc' dir='ltr'><strong>τὲ</strong></span> <span class='ocrx_word' id='word_1_812' title='bbox 3731 5447 3827 5537; x_wconf 37' lang='lat' dir='ltr'>in):</span> 
     </span>
    </p>
   </div>
   <div class='ocr_carea' id='block_1_114' title="bbox 2218 5532 3826 5627">
    <p class='ocr_par' dir='ltr' id='par_1_114' title="bbox 2218 5532 3826 5627">
     <span class='ocr_line' id='line_1_114' title="bbox 2218 5532 3826 5627; baseline -0.012 -16"><span class='ocrx_word' id='word_1_813' title='bbox 2218 5553 2268 5608; x_wconf 82' lang='grc' dir='ltr'>ἐν</span> <span class='ocrx_word' id='word_1_814' title='bbox 2391 5552 2597 5609; x_wconf 89' lang='grc' dir='ltr'>πολλοὶ</span> <span class='ocrx_word' id='word_1_815' title='bbox 2627 5555 2714 5608; x_wconf 82' lang='grc' dir='ltr'>καὶ</span> <span class='ocrx_word' id='word_1_816' title='bbox 2763 5532 2997 5627; x_wconf 76' lang='grc' dir='ltr'>μεγάλοι</span> <span class='ocrx_word' id='word_1_817' title='bbox 3046 5532 3403 5625; x_wconf 69' lang='grc' dir='ltr'>ἀστέρες,καῖ</span> <span class='ocrx_word' id='word_1_818' title='bbox 3450 5543 3606 5600; x_wconf 76' lang='grc' dir='ltr'>αὐτοῦ</span> <span class='ocrx_word' id='word_1_819' title='bbox 3657 5532 3706 5588; x_wconf 64' lang='grc' dir='ltr'>δὲ</span> <span class='ocrx_word' id='word_1_820' title='bbox 3748 5532 3826 5581; x_wconf 68' lang='grc' dir='ltr'>τοῦ</span> 
     </span>
    </p>
   </div>
  </div>
