4114 6442
244 439 404 499 H43
1502 433 1927 496 NICEPHOBI
1972 431 2414 494 BLEMMIDE
3517 426 3690 487 HM

243 571 397 628 infra
425 565 774 625 remanserit
793 570 851 622 et
871 565 1247 637 refrigeratus
1267 565 1463 632 fuerit,
1489 583 1586 622 ros
1605 570 1663 621 et
1687 566 1898 638 pruina

2030 561 2099 617 ιαὶ
2139 565 2431 638 ψυχθεῖσα,
2476 559 2684 638 γίνεται
2736 557 2932 636 δρόσος
2980 556 3072 614 καὶ
3117 555 3327 634 πάχνη.
3361 557 3522 611 Ὅταν
3580 551 3686 630 μὶν

249 663 581 733 generatur.
615 657 858 720 Quando
889 656 1044 712 enim
1105 672 1139 710 a
1189 660 1344 711 terra
1388 657 1454 711 ﬁt
1511 655 1805 723 remotior,
1841 658 1907 709 ut

251 753 557 821 separetur
587 764 718 818 qua:
766 746 962 816 ipsum
1012 745 1198 800 evexit
1244 744 1431 800 calida
1461 749 1517 799 et
1557 747 1786 799 fumosa
1816 760 1906 799 ex-

253 838 497 903 halatio,
531 837 752 908 quique
781 835 918 890 huic
949 834 1113 889 adest
1141 833 1332 902 calor;
1366 835 1507 888 dum
1540 833 1639 888 illa
1669 833 1904 905 quidem

253 927 588 984 excernitur
611 929 667 980 et
690 924 1035 980 subvehitur
1056 923 1127 978 ad
1149 924 1433 992 fomitem,
1458 923 1592 978 huic
1606 928 1800 977 autem
1832 922 1905 976 ob

253 1017 363 1073 loci
396 1015 774 1089 frigiditatem
825 1013 1226 1084 extinguitur;
1279 1017 1418 1067 tunc
1462 1030 1642 1084 vapor
1671 1017 1907 1068 contra-

254 1110 346 1162 cto
395 1105 609 1176 frigore
659 1121 691 1158 a
740 1103 1040 1158 caliditate
1071 1103 1343 1157 desertus
1387 1103 1688 1168 densatur,
1742 1106 1797 1155 et
1847 1099 1906 1153 in

255 1195 473 1251 nubem
503 1211 572 1249 ex
603 1209 734 1249 aere
783 1191 1124 1255 concrescit,
1176 1191 1356 1262 inque
1399 1208 1614 1262 aquam
1647 1193 1909 1245 mutatur

255 1289 312 1340 et
343 1283 543 1355 pluvia
567 1282 838 1338 efﬁcitur.
872 1281 976 1335 Est
1016 1297 1150 1335 vero
1183 1296 1362 1351 vapor
1391 1280 1628 1351 quidem
1660 1296 1730 1334 ex
1756 1295 1910 1350 aqua

256 1389 382 1445 quae
414 1374 766 1427 extenuatur
795 1375 852 1424 et
881 1369 1113 1436 rareﬁt;
1149 1367 1305 1422 idem
1333 1372 1531 1423 autem
1562 1372 1909 1423 extenuatus

255 1465 314 1516 et
343 1461 679 1526 rarefactus,
712 1476 810 1514 aer
839 1459 905 1512 ﬁt
934 1476 946 1523 ;
973 1475 1072 1513 aer
1098 1474 1270 1529 porro
1301 1457 1664 1513 incrassatus
1695 1462 1751 1512 et
1781 1473 1910 1511 con-

257 1551 556 1619 densatus,
591 1548 774 1604 nubes
818 1547 1074 1603 efﬁcitur
1103 1565 1114 1615 ;
1165 1547 1353 1603 nubes
1398 1546 1651 1619 denique
1683 1562 1818 1601 cum
1849 1545 1908 1600 in

261 1655 476 1711 aquam
505 1640 792 1701 mutatur,
825 1635 1084 1708 pluviam
1117 1640 1414 1691 causatur.

334 1817 385 1871 4.
415 1815 737 1871 Humidum
769 1830 905 1888 ergo
955 1815 1110 1887 quod
1161 1813 1247 1871 sol
1297 1816 1558 1887 quotidie
1589 1815 1828 1870 adducit
1856 1819 1914 1871 et

2015 649 2154 725 (οὗν)
2225 651 2327 728 γὰρ
2399 649 2758 726 ἀπογειοτέρα
2833 647 3053 723 γένηται
3137 645 3494 723 χωριζομένη
3575 653 3685 716 τῆς

2012 739 2313 816 ἀναγούσης
2365 741 2565 809 ταύτην
2617 739 2825 814 θέρμης
2875 737 2965 793 καὶ
3013 734 3335 798 καπνώδους
3375 735 3682 808 ἀναθυμιά-

2015 851 2149 892 σεως
2195 830 2284 885 καὶ
2333 837 2433 900 τῆς
2485 828 2747 900 συνούσης
2791 827 2959 902 ταύτῃ
3009 826 3380 904 θερμότητος,
3431 828 3532 895 τῆς
3587 825 3689 898 μὲν

2016 919 2408 994 ἐκκρινομένης
2484 919 2575 974 καὶ
2633 917 3226 996 ἀναφερομένηςπρὸς
3277 915 3342 970 τὸ
3413 913 3687 969 ὑπέκκαυ-

2019 1031 2112 1082 μα,
2161 1012 2259 1078 τῆς
2309 1006 2366 1064 δὲ
2416 1003 2779 1082 σϐεννυμένης
2830 1005 2921 1062 διὰ
2969 1008 3070 1076 τήν
3119 1010 3218 1061 τοῦ
3247 1003 3420 1060 τόπου
3466 1003 3687 1080 ψυχρό-

2014 1119 2171 1168 τητα·
2220 1097 2344 1154 τότε
2392 1095 2458 1167 δὴ
2512 1097 2798 1173 ψυχομένη
2852 1099 2887 1166 ἡ
2921 1095 3084 1169 ἀτμὶς
3118 1093 3207 1150 διὰ
3253 1095 3351 1163 τὴν
3385 1092 3686 1167 ἀπόλειψιν

2013 1192 2110 1242 τοῦ
2141 1190 2366 1264 θερμοῦ,
2420 1192 2713 1242 πυκνοῦται
2761 1186 2850 1241 καὶ
2899 1186 2975 1248 εἷς
3027 1187 3184 1263 νέφος
3228 1183 3280 1255 ἐξ
3327 1183 3487 1258 ἀέρος
3537 1182 3692 1237 συνί-

2018 1298 2224 1348 σταται,
2275 1277 2365 1330 xui
2409 1276 2487 1338 εἷς
2537 1273 2684 1350 ὕδωρ
2737 1269 3092 1347 μεταϐάλλει,
3145 1274 3234 1328 καὶ
3283 1266 3499 1348 ὄμϐρος
3539 1271 3690 1345 γίνε-

2014 1387 2122 1420 ται.
2159 1367 2314 1422 Ἐστι
2346 1363 2403 1420 δὲ
2431 1367 2466 1435 ἡ
2504 1365 2597 1438 μὶν
2633 1364 2795 1438 ἀτμὶς
2847 1363 2907 1419 ἐκ
2948 1367 3047 1419 τοῦ
3095 1360 3289 1424 ὕδατος
3337 1359 3681 1433 λεπτυνομέ-

2015 1477 2111 1510 νου
2189 1454 2277 1510 καὶ
2364 1454 2728 1530 ἀραιουμένου
2760 1475 2772 1487 ·
2825 1453 2961 1522 αὕτη
3040 1449 3099 1506 δὲ
3170 1451 3527 1507 λεπτυνθεῖσα
3590 1448 3688 1504 καὶ

2017 1544 2366 1616 ἀραιωθεῖσα,
2413 1543 2619 1618 γίνεται
2665 1543 2794 1618 ἀήρ·
2828 1542 2856 1596 ὁ
2900 1539 2946 1595 δ’
2993 1541 3100 1617 ἀὴρ
3143 1539 3434 1617 παχυνθείς
3484 1559 3544 1594 τε
3591 1538 3689 1594 καὶ

2017 1632 2340 1704 πυκνωθεὶς,
2374 1631 2576 1708 γίνεται
2605 1631 2785 1709 νέφος·
2829 1631 2892 1686 τὸ
2922 1627 2981 1686 δὲ
3029 1631 3189 1707 νέφος
3223 1623 3571 1703 μεταϐάλλον
3607 1627 3688 1691 εἷς

2021 1720 2190 1797 ὕδωρ,
2219 1723 2308 1777 τὸν
2343 1716 2552 1798 ὄμϐρον
2585 1725 2752 1778 ποιεῖ.

2092 1809 2154 1869 δ’.
2205 1815 2264 1864 ‘0
2309 1810 2484 1866 τοίνυν
2535 1811 2718 1886 ἀνάγει
2765 1809 2856 1863 καὶ
2910 1807 3227 1885 μετεωρίζει
3271 1811 3370 1863 τοῦ
3431 1807 3608 1882 ὑγροῦ
3660 1806 3690 1861 ὁ

260 1905 468 1971 elevat,
501 1905 643 1960 dum
676 1905 734 1959 id
786 1903 976 1958 calore
1026 1920 1132 1959 suo
1180 1903 1240 1958 in
1289 1920 1562 1975 vaporem
1602 1905 1909 1976 convertit,

2030 1900 2182 1968 ἥλιος
2233 1901 2600 1970 καθεκάστην,
2659 1897 2900 1971 ἀτμίζων
2960 1897 3029 1972 τῇ
3090 1891 3390 1972 θερμότητι
3445 1895 3537 1951 καὶ
3596 1897 3690 1950 λε-

257 1999 534 2053 extenuat
562 1999 619 2050 et
647 1993 963 2060 discernit;
999 1993 1107 2048 hoc
1137 1997 1520 2064 posteaquam
1555 1993 1613 2048 in
1645 1995 1910 2066 superio-

258 2102 382 2142 rem
413 2085 608 2140 locum
640 2082 951 2138 collectum
975 2087 1062 2138 est
1086 2088 1145 2137 et
1180 2088 1414 2154 propter
1437 2083 1621 2156 frigus
1652 2084 1916 2138 constitit

261 2179 433 2244 atque
463 2172 776 2236 concrevit,
805 2172 962 2226 164
994 2188 1204 2226 rursus
1226 2170 1285 2225 in
1319 2188 1534 2243 aquam
1564 2189 1912 2228 conversum

260 2263 331 2319 ad
358 2267 576 2317 terram
609 2261 884 2316 defertur.
919 2261 986 2314 Et
1016 2277 1356 2332 quanquam
1386 2277 1497 2316 non
1533 2261 1784 2334 singulis
1815 2279 1916 2318 an-

260 2351 355 2407 nis
383 2350 756 2405 tantumdem
788 2354 1079 2420 quantum
1103 2355 1364 2411 evectum
1392 2356 1480 2404 est
1502 2351 1731 2406 decidat
1755 2369 1769 2419 ;
1803 2356 1916 2406 sta-

260 2440 340 2496 tis
370 2444 568 2495 tamen
611 2439 977 2510 temporibus
1029 2439 1287 2494 defertur
1331 2444 1389 2494 et
1436 2440 1702 2494 redditur
1741 2457 1916 2496 omne

263 2528 577 2584 humidum
609 2529 763 2599 quod
795 2532 1057 2583 evectum
1079 2531 1187 2595 est,
1209 2527 1266 2581 id
1293 2528 1470 2583 etiam
1503 2529 1657 2600 quod
1682 2533 1918 2601 propter

263 2618 585 2674 tardiorem
614 2616 1000 2672 mutationem
1033 2617 1114 2671 ibi
1163 2633 1390 2673 moram
1421 2618 1574 2672 fecit.
1607 2619 1918 2689 Propterea

265 2707 442 2763 etiam
473 2709 606 2780 post
634 2723 821 2761 annos
866 2706 1084 2777 quibus
1115 2712 1290 2762 aestus
1322 2708 1511 2777 major
1540 2707 1668 2773 fuit,
1703 2707 1915 2763 iterum

265 2795 448 2869 pluvii
470 2795 681 2851 exoriri
703 2798 894 2850 solent
917 2812 930 2861 ;
953 2794 1321 2851 exhalatione
1342 2795 1626 2851 nimirum
1648 2795 1914 2863 humida,

267 2899 394 2957 qua
442 2883 707 2938 nondum
760 2882 1046 2938 hactenus
1101 2887 1327 2938 mutata
1369 2883 1480 2938 fuit
1525 2884 1654 2955 ipsa
1683 2900 1917 2956 quoque

265 2973 653 3029 mutationem
688 2988 824 3027 cum
856 2970 958 3027 illa
988 2989 1116 3044 quas
1151 2971 1434 3028 evehitur.
1469 2973 1779 3028 subeunte.

334 3064 387 3118 5.
421 3061 668 3118 Mutatio
701 3060 882 3134 igitur
907 3076 975 3116 ex
1005 3078 1160 3134 aqua
1189 3060 1249 3116 in
1283 3077 1474 3116 aerem
1499 3061 1792 3117 mediante
1819 3079 1916 3117 va-

262 3168 402 3225 pore
431 3152 517 3206 fit.
551 3155 747 3222 Vapor
774 3150 933 3205 enim
967 3153 1058 3206 est
1086 3167 1186 3206 aer
1216 3150 1491 3216 crassior,
1525 3150 1667 3222 quid
1695 3149 1912 3222 aliquid

263 3241 441 3298 etiam
471 3257 636 3309 aquas
685 3238 884 3308 habet,
915 3243 972 3294 et
1018 3247 1324 3310 propterea
1371 3238 1520 3294 aeris
1551 3243 1608 3294 et
1636 3256 1801 3311 aqua;
1831 3244 1920 3296 est

265 3327 703 3385 intermedium.
763 3333 838 3383 At
866 3343 1002 3384 vero
1049 3344 1118 3383 ex
1164 3343 1294 3384 aere
1337 3327 1398 3382 in
1431 3344 1645 3399 aquam
1672 3328 1918 3384 mutatio

267 3418 562 3474 mediante
591 3416 746 3471 nube
800 3417 886 3471 ﬁt.
919 3422 1000 3470 Ac
1051 3417 1205 3487 quod
1259 3432 1441 3487 vapor
1482 3416 1777 3487 deorsum,
1808 3416 1918 3473 hoc

269 3507 456 3563 nubes
480 3522 720 3560 sursum
753 3511 860 3560 est.
895 3505 1084 3560 Ambo
1115 3504 1273 3559 enim
1305 3505 1457 3560 aeris
1496 3509 1554 3560 et
1585 3522 1753 3578 aquae
1782 3509 1920 3562 sunt

267 3593 638 3650 intermedia.

340 3685 396 3739 6.
426 3683 650 3739 Nebula
679 3685 874 3738 autem
905 3684 950 3726 73
979 3685 1068 3738 est
1097 3681 1272 3738 nubis
1300 3682 1360 3737 in
1392 3699 1607 3755 aquam
1638 3689 1918 3741 concretae

271 3775 329 3828 et
358 3776 599 3828 mutatas
631 3771 1027 3844 superﬂuitas.
1057 3771 1220 3836 Quod
1254 3771 1412 3827 enim
1441 3771 1500 3826 in
1527 3772 1704 3828 nubis
1733 3777 1919 3829 mnta-

270 3860 518 3917 tionein
564 3877 780 3932 aquam
829 3859 1126 3926 relictum,
1174 3859 1284 3915 hoc
1327 3863 1438 3928 est,
1486 3861 1641 3932 quod
1673 3862 1733 3916 in
1766 3863 1920 3918 nube

271 3948 467 4004 sterile
497 3952 793 4018 repertum
825 3947 1022 4014 fuerit,
1071 3947 1131 4002 id
1172 3947 1424 4018 denique
1455 3947 1669 4003 nebula
1695 3953 1802 4005 est.
1833 3950 1923 4004 Fit

269 4042 468 4092 autem
498 4037 672 4092 etiam
704 4053 774 4091 ex
805 4037 960 4091 nube
1010 4035 1244 4101 nebula,
1293 4037 1528 4107 quando
1575 4036 1659 4093 ita
1687 4037 1919 4110 conglo-

269 4127 395 4181 bari
419 4142 536 4181 non
566 4124 776 4197 potuit,
809 4130 873 4179 ut
900 4125 959 4178 in
993 4141 1205 4196 aquam
1241 4130 1469 4180 mutata
1498 4126 1725 4181 fuisset.
1759 4126 1922 4182 Unde

268 4215 446 4271 etiam
480 4213 692 4269 nebula
740 4213 1074 4269 serenitatis
1126 4215 1276 4269 165
1312 4215 1508 4285 potius
1553 4232 1731 4286 quam
1758 4233 1920 4286 aqua

270 4302 506 4374 signum
539 4306 630 4357 est
659 4303 721 4356 7‘.
758 4302 857 4358 Est
903 4302 1061 4357 enim
1095 4302 1266 4374 quasi
1307 4302 1523 4358 sterilis
1553 4303 1760 4369 nubes,
1793 4321 1920 4375 quae

269 4407 385 4446 non
419 4390 657 4462 quidem
689 4391 750 4445 in
774 4407 990 4462 aquam
1024 4395 1308 4459 mutatur,
1334 4391 1473 4462 quia
1499 4391 1727 4463 siccior,
1760 4393 1923 4448 deor-

269 4497 402 4535 sum
434 4484 632 4535 tamen
663 4479 838 4547 cadit,
874 4479 1014 4551 quia
1045 4479 1329 4552 frigidior.

2021 1990 2235 2045 πτύνων
2293 1989 2383 2045 καὶ
2444 1987 2719 2064 δικρίνων,
2776 1991 2938 2042 τοῦτο
3019 1987 3397 2060 συναθροισθὲν
3454 1984 3532 2047 εἰς
3597 1986 3697 2040 τὸν

2023 2076 2133 2133 ἅνω
2163 2078 2328 2133 τόπον
2361 2079 2450 2133 καὶ
2497 2075 2587 2132 διὰ
2625 2075 2950 2154 ψυχρότητα
2980 2076 3174 2130 συστὰν
3231 2075 3322 2130 καὶ
3378 2075 3696 2150 συγκριθὲν,

2021 2165 2187 2223 πάλιν
2250 2165 2396 2244 ὕδωρ
2449 2163 2759 2244 γενόμενον,
2816 2167 2950 2241 πρὸς
3012 2167 3112 2234 τὴν
3162 2170 3264 2241 γῆν
3305 2163 3696 2242 καταφέρεται.

2020 2259 2126 2312 Κᾶν
2165 2260 2239 2331 μή
2272 2259 2388 2312 κατ’
2446 2256 2685 2312 ἐνιαυτὸν
2737 2253 2796 2310 δὲ
2845 2253 2959 2310 ἴσον
3010 2259 3090 2327 τῷ
3145 2253 3431 2330 ἀναχθέντι
3477 2274 3697 2308 κατενε-

2023 2351 2155 2424 χθῇ,
2218 2346 2344 2403 ἀλλ’
2405 2344 2456 2401 ἔν
2517 2367 2627 2400 τισι
2679 2344 3033 2421 τεταγμένοις
3083 2343 3304 2421 χρόνοις
3335 2343 3697 2420 καταφέρεται

2021 2440 2112 2492 και
2169 2433 2494 2492 ἀποδίδοται
2540 2441 2645 2490 πᾶν
2689 2436 2752 2490 τὸ
2809 2435 3035 2510 ἀναχθὶν
3097 2433 3285 2508 ὑγρὸν,
3315 2433 3407 2488 καὶ
3462 2433 3698 2508 ὑστερῆ-

2023 2547 2115 2582 σαν
2173 2531 2252 2598 τῷ
2314 2528 2389 2599 μὴ
2451 2525 2666 2600 ταχέως
2731 2519 3077 2597 μεταϐαλεῖν,
3136 2521 3230 2578 Διὸ
3290 2523 3382 2578 καὶ
3436 2521 3573 2595 μετά
3627 2521 3703 2576 τὰ

2024 2615 2292 2692 αὐχμηρά
2346 2611 2438 2685 ἔτη
2499 2612 2652 2693 φιλεῖ
2705 2611 2872 2668 πάλιν
2934 2607 3189 2688 ἔπομϐρα
3242 2611 3533 2688 γίνεσθαι,
3583 2617 3695 2680 τῆς

2024 2699 2412 2778 ἀμεταϐλήτου
2487 2704 2746 2778 μεινάσης
2823 2702 2990 2778 ὑγρᾶς
3064 2701 3476 2775 ἀναθυμιάσεως
3547 2721 3696 2772 συμ-

2030 2788 2482 2869 μεταϐαλλούσης
2511 2796 2581 2867 τῇ
2611 2792 3003 2868 ἀναφερομένη.

2099 3062 2154 3119 ε’.
2187 3066 2248 3116 Ἡ
2292 3059 2385 3134 μὲν
2441 3057 2533 3114 οὖν
2593 3059 2644 3130 ἐξ
2695 3056 2890 3120 ὕδατος
2939 3055 3017 3119 εἷς
3072 3055 3203 3134 ἀέρα
3255 3051 3539 3130 μεταϐολὴ
3602 3054 3705 3112 διὰ

2031 3151 2199 3225 μέσης
2254 3147 2483 3222 ἀτμίδος
2540 3148 2743 3224 γίνεται
2780 3191 2792 3203 .
2855 3148 2919 3202 Ἣ
2974 3147 3075 3222 γὰρ
3145 3145 3310 3219 ἀτμὶς
3381 3143 3705 3222 παχύτερός

2029 3239 2169 3296 ἐστιν
2221 3239 2351 3315 ἀὴρ,
2389 3234 2534 3315 ἔχων
2585 3259 2640 3293 τι
2685 3236 2777 3292 καὶ
2830 3234 3049 3304 ὕδατος,
3078 3235 3170 3290 καὶ
3201 3233 3292 3291 διὰ
3336 3239 3500 3291 τοῦτο
3537 3234 3706 3310 ἀέρος

1948 3310 1991 3377 C
2027 3310 2653 3405 tuyxuvet'xuinii'dutoq
2707 3325 2924 3398 μεταξύ.
2957 3325 3020 3379 Ἤ
3069 3321 3117 3378 δ’
3146 3323 3198 3394 ἐξ
3247 3323 3406 3400 ἀέρος
3439 3324 3514 3385 εἰς
3545 3320 3703 3400 ὕδωρ

2033 3413 2313 3492 μεταϐολὴ
2348 3414 2437 3471 διὰ
2466 3417 2631 3490 μέσου
2682 3415 2884 3491 γίνεται
2915 3413 3128 3492 νέφους.
3161 3413 3263 3468 Καὶ
3300 3411 3434 3489 ὅπερ
3463 3415 3500 3482 ἠ
3533 3413 3707 3485 ἀτμὶς

2026 3507 2196 3578 κάτω,
2231 3507 2376 3562 τοῦτ’
2422 3503 2534 3561 ἀνω
2577 3506 2642 3561 τὸ
2687 3503 2866 3582 νέφος⁴
2900 3502 3000 3558 Καὶ
3055 3504 3221 3581 ἅμφω
3263 3502 3368 3578 γὰρ
3413 3501 3574 3577 ἀέρος
3603 3501 3706 3557 καὶ

2028 3593 2222 3658 ὕδατος
2259 3593 2476 3668 μεταξύ,

2101 3685 2166 3748 ς’.
2225 3685 2289 3738 Ἣ
2347 3679 2395 3737 δ’
2451 3679 2668 3758 ὁμίχλη
2728 3679 3048 3758 περίττωμα
3101 3685 3201 3750 τῆς
3253 3678 3332 3741 εἷς
3389 3675 3538 3755 ὕδωρ
3598 3683 3708 3735 τοῦ

2025 3771 2219 3851 νέφους
2280 3771 2609 3849 συγκρίσεώς
2686 3769 2797 3825 ἐστι
2874 3769 2964 3824 xui
3026 3764 3338 3844 μεταϐολῆς
3373 3807 3387 3823 .
3446 3766 3519 3823 Τὸ
3591 3769 3708 3844 γὰρ

2031 3860 2355 3939 ὑπολειφθὲν
2414 3861 2521 3916 ἀπὸ
2577 3867 2678 3928 τῆς
2722 3857 2957 3936 νεφέλης
3007 3857 3060 3912 ἐν
3110 3861 3180 3932 τῇ
3230 3855 3307 3920 εἷς
3348 3853 3497 3932 ὕδωρ
3532 3877 3707 3929 μετα-

2030 3945 2196 4024 ϐολῇ,
2252 3948 2550 4022 τουτέστιν,
2597 3947 2729 4025 ὅπερ
2779 3948 2830 4003 έν
2879 3951 2948 4022 τῇ
2998 3943 3198 4024 νεφέλῃ
3247 3943 3438 4022 ἄγονον
3475 3944 3706 4022 εὖρέθῇ,

2035 4039 2109 4112 μή
2145 4035 2441 4111 δυνάμενον
2471 4039 2546 4102 εἰς
2579 4035 2726 4112 ὕδωρ
2765 4031 3112 4110 μεταϐαλεῖν,
3165 4032 3382 4110 ὁμίχλη
3429 4033 3707 4090 τολοιπόν

2030 4126 2162 4184 ἐστι.
2195 4127 2402 4182 Γίνεται
2437 4125 2483 4182 δ’
2515 4125 2732 4203 ὁμίχλη
2765 4125 2856 4180 xui
2885 4125 2949 4180 τὸ
2996 4123 3184 4200 νέφος,
3215 4122 3340 4178 ὅταν
3376 4124 3452 4196 μὴ
3489 4121 3708 4198 δυνηθῇ

2029 4214 2334 4287 πιληθῆναι
2386 4215 2583 4284 οὕτως,
2635 4215 2708 4277 ὡς
2759 4214 2834 4276 εἰς
2887 4211 3034 4290 ὕδωρ
3071 4207 3420 4287 μεταϐαλεῖν.
3473 4213 3704 4283 Ὅθενὴ

2031 4303 2245 4380 ὁμίχλη
2282 4299 2369 4359 xui
2420 4307 2648 4376 σημεῖον
2704 4302 2916 4377 μᾶλλον
2964 4299 3144 4364 εὐδίας
3191 4301 3332 4355 ἐστὶν
3383 4299 3526 4378 ἤπερ
3575 4299 3709 4356 ὕδα-

2028 4415 2144 4456 τος.
2197 4392 2413 4472 Νεφέλη
2466 4393 2570 4470 γάρ
2621 4391 2803 4469 ὥσπερ
2863 4393 3062 4467 ἄγονος
3113 4389 3348 4467 ὑπάρχει
3401 4390 3479 4464 μή
3534 4412 3707 4464 μετα-

2029 4478 2313 4537 ϐάλλουσα
2365 4482 2460 4556 μὲν
2504 4481 2582 4545 είς
2630 4479 2777 4558 ὕδωρ
2827 4481 2902 4544 ὡς
2961 4480 3248 4557 ξηροτέρα,
3301 4477 3451 4534 κάτω
3501 4475 3561 4534 δὲ
3609 4479 3708 4535 πί-

2027 4593 2238 4627 πτουσα
2266 4570 2431 4626 πάλιν
2464 4571 2539 4633 ὡς
2568 4569 2902 4647 ψυχροτέρα.

334 4660 390 4715 7.
426 4658 668 4723 Quando
701 4657 884 4730 igitur
915 4658 974 4711 in
1023 4656 1148 4712 loco
1181 4674 1214 4712 a
1257 4661 1412 4712 terra
1455 4657 1766 4714 remotiore
1795 4676 1915 4716 coa-

2108 4664 2165 4729 ζ’.
2200 4661 2361 4714 Ὅταν
2399 4660 2493 4734 μὲν
2547 4659 2638 4713 οὖν
2683 4658 2734 4714 ἐν
2787 4663 2868 4731 τῷ
2919 4657 3305 4746 ιαἰδπογειοτέρῳΔ
3331 4656 3488 4730 τόπῳ
3541 4678 3710 4714 συνα-

265 4752 533 4804 cervatus
591 4763 769 4818 vapor
825 4747 1011 4818 frigus
1084 4747 1458 4817 contraxerit,
1521 4753 1586 4802 ut
1639 4748 1920 4815 diximus,

263 4841 407 4892 tunc
431 4834 626 4909 pluvia
647 4839 964 4908 generatur
987 4851 1000 4902 ;
1026 4852 1152 4906 quae
1175 4834 1413 4906 quidem
1436 4836 1483 4890 si
1504 4837 1922 4894 munitioribus

263 4927 534 5000 partibus
565 4931 621 4980 et
650 4941 764 4980 non
797 4925 1124 4996 confertim,
1159 4926 1258 4980 sed
1305 4924 1588 4997 paulatim
1620 4926 1918 4995 deciderit,

264 5015 434 5088 quasi
485 5031 553 5070 ex
603 5014 760 5069 nube
809 5016 1122 5085 generatur
1169 5014 1364 5081 modo,
1417 5031 1621 5086 psecas
1673 5031 1775 5071 seu
1810 5017 1919 5072 mi-

263 5108 408 5160 nuta
438 5102 638 5175 pluvia
683 5106 944 5157 vocatur.
991 5101 1094 5157 Sin
1142 5107 1338 5158 autem
1384 5104 1650 5174 partibus
1682 5105 1919 5176 majori-

263 5191 377 5248 bus
405 5196 461 5248 et
487 5191 831 5260 confertius,
864 5191 1035 5262 quasi
1067 5191 1319 5262 jamjam
1371 5191 1546 5247 nubis
1581 5195 1827 5249 mutatio
1859 5195 1917 5249 in

263 5296 477 5352 aquam
511 5280 589 5334 sit
619 5279 791 5347 facta,
826 5279 1015 5335 imber
1046 5279 1408 5340 nominatur.

333 5370 387 5424 8.
421 5366 622 5423 Solent
671 5372 868 5422 autem
920 5368 1039 5423 haec
1078 5368 1252 5423 certis
1308 5368 1448 5424 anni
1478 5370 1520 5403 ⁷⁵
1552 5371 1919 5442 temporibus

262 5457 409 5512 ﬁeri.
467 5456 768 5527 Ejusmodi
820 5456 979 5512 enim
1027 5457 1427 5513 exhalationes
1474 5463 1530 5513 et
1561 5461 1917 5517 mutationes

264 5547 590 5600 secundum
623 5545 892 5617 preprios
923 5546 1066 5602 solis
1096 5553 1292 5603 motus
1337 5548 1491 5603 ﬁunt
1518 5548 1792 5620 maxime,
1825 5566 1913 5605 se-

2032 4749 2341 4825 θροισθεῖσα
2397 4752 2433 4819 ἡ
2492 4749 2656 4822 ἀτμὶς
2739 4749 2951 4824 ψυχθῇ,
3008 4748 3192 4812 καθὼς
3248 4742 3458 4823 εἷ’ρηται
3503 4792 3518 4819 ,
3576 4747 3710 4803 τότε

2031 4839 2236 4912 γίνεται
2283 4833 2513 4912 ὄμϐροςο
2570 4838 2630 4900 ’ὀς
2700 4837 2746 4892 εἰ
2805 4839 2899 4911 μὲν
2960 4836 3098 4892 κατά
3160 4837 3330 4912 μικρά
3384 4835 3553 4912 μόρια
3602 4837 3707 4916 φέ-

2033 4947 2184 5004 ροιτο
2228 4926 2319 4981 καὶ
2371 4926 2447 5000 μή
2498 4925 2732 5002 ἀθρόως,
2786 4924 2934 4982 ἀλλά
2970 4926 3108 4980 κατά
3142 4925 3328 5002 μέρος,
3362 4924 3440 4988 ὡς
3470 4923 3703 4981 κατολί-

2029 5037 2122 5092 γον
2183 5015 2241 5070 ἐκ
2284 5020 2382 5070 τοῦ
2435 5010 2631 5094 νέφους
2687 5016 3049 5092 γεννώμενος,
3103 5013 3354 5070 καλεῖται
3398 5013 3586 5089 ψεκάς⁶
3653 5015 3702 5070 εί

2032 5102 2089 5160 δὲ
2138 5105 2275 5159 κατά
2327 5104 2498 5177 μείζω
2549 5103 2640 5159 καὶ
2691 5105 3063 5181 ἁθροώτερον,
3114 5103 3188 5166 ὡς
3235 5100 3346 5173 ἤδη
3394 5103 3704 5180 γενομένης

2027 5201 2127 5264 τῆς
2187 5193 2262 5256 εἷς
2342 5190 2489 5271 ὕδωρ
2546 5198 2642 5249 τοῦ
2690 5193 2885 5272 νέφους
2949 5188 3309 5268 μεταϐολῆς,
3371 5192 3704 5268 ὀνομάζεται

2031 5283 2201 5345 ὑετός.

2098 5375 2168 5443 η’.
2209 5372 2441 5428 Φιλοῦσι
2495 5370 2552 5427 δὲ
2595 5377 2764 5428 ταῦτα
2810 5371 3048 5450 γίνεσθαι
3096 5373 3234 5428 κατά
3278 5373 3375 5434 τὰς
3425 5370 3705 5436 ἐνιαυσίας

2029 5460 2195 5537 ὥρας.
2253 5462 2320 5517 Ai
2367 5461 2469 5538 γάρ
2517 5466 2764 5516 τοιαῦται
2821 5461 3207 5534 ἀναθυμιάσεις
3256 5461 3347 5517 καὶ
3390 5454 3700 5534 μεταϐολαὶ

2026 5549 2161 5604 κατᾶ
2187 5550 2282 5611 τὰς
2316 5547 2460 5612 ἰδίας
2509 5551 2755 5621 κινήσεις
2789 5554 2886 5605 τοῦ
2934 5549 3100 5621 ἡλίου
3153 5548 3392 5625 μάλιστα
3427 5549 3699 5627 γίνονται,

337 5759 381 5797 ⁷³
412 5761 440 5818 1
472 5758 676 5818 Motor.
709 5776 762 5818 ο.
786 5761 822 5814 9
852 5778 866 5832 ;
897 5760 978 5818 De
1006 5762 1227 5818 mundo
1277 5778 1328 5819 ο.
1363 5763 1417 5818 4.
1494 5764 1540 5799 ¹¹⁴
1571 5764 1596 5819 1
1632 5762 1838 5821 Metor.
1865 5781 1915 5822 ο.

2092 5766 2159 5824 ³⁵.
2193 5765 2343 5824 Ibid.

4077 2671 4091 2886 ξ

4054 2397 4062 2724 l

4056 2749 4064 2930 ξ
