4114 6440
393 445 552 508 1145

1703 446 2055 510 EPITOME
2097 445 2453 508 PHYSICA.

3648 436 3806 498 1146

393 580 512 636 καθ’
542 577 607 642 ἃς
637 578 876 649 κινήσεις
912 577 1004 634 καὶ
1053 577 1109 632 αἱ
1155 577 1291 655 ὧραι
1337 583 1435 633 τοῦ
1482 576 1634 642 ἔτους
1686 576 2039 654 διαιροῦνται.

2163 581 2415 636 cundum
2447 595 2596 652 quos
2617 577 2792 634 etiam
2819 575 2958 633 anni
2982 578 3250 648 tempora
3267 574 3628 631 dividuntur.
3653 572 3801 629 Cum

393 671 492 725 Τὸν
540 668 642 746 γὰρ
683 668 882 724 οἰκεῖον
953 667 1154 724 κύκλον
1210 663 1449 741 ἀμείϐων
1501 669 1529 722 ὁ
1583 667 1768 741 ἥλιος,
1819 670 1887 725 τὰ
1949 670 2043 742 μὲν

2155 670 2309 725 enim
2334 669 2633 742 proprium
2659 667 2941 724 circulum
2976 665 3061 722 sol
3094 664 3402 738 percurrit,
3424 663 3540 720 alia
3563 680 3632 719 ex
3662 662 3802 718 sub-

397 757 656 835 διακρίνει
687 763 792 812 τῶν
837 757 1203 831 ὑποκειμένων
1255 759 1544 830 σωμάτων,
1577 758 1811 827 πλησίον
1869 759 2044 814 αὐτῶν

2163 759 2323 829 iectis
2353 758 2694 831 corporibus
2717 757 2932 829 quibus
2963 755 3198 828 propior
3225 753 3496 824 efﬁcitur,
3524 751 3818 817 discernit,

396 847 688 924 γενόμενος
718 848 805 921 (τά
831 868 890 902 τε
933 847 1034 923 γὰρ
1083 844 1249 901 ὕδατα
1299 846 1549 903 λεπτύνει
1595 849 1684 903 καὶ
1727 849 1892 918 αὐτὴν
1948 852 2048 918 τήν

394 939 518 1012 γῆν)
571 936 661 990 καὶ
717 935 815 997 τὰς
874 934 1258 1008 ἀναθυμιάσεις
1326 941 1490 990 ποιεῖ·
1547 937 1615 992 τὰ
1662 935 1720 992 δὶ
1773 937 2048 1014 συγκρίνει

394 1023 584 1094 πάλιν,
643 1023 1005 1101 ἀφιστάμενος
1067 1022 1276 1099 πόῤῥω.
1339 1025 1470 1080 Τότε
1541 1026 1644 1102 γὰρ
1711 1026 2049 1102 συγκρίνεται

395 1117 430 1185 ἡ
495 1113 629 1190 ὑγρὰ
683 1111 1042 1185 ἀναθυμίασις
1101 1113 1178 1175 εἷς
1226 1113 1360 1192 νέφη
1391 1114 1481 1170 καὶ
1538 1113 1722 1170 ὕδατα.
1773 1118 1924 1171 Ὅθεν
1977 1120 2047 1190 τῇ

394 1200 650 1280 προσόδῳ
700 1223 760 1256 τε
808 1201 899 1256 καὶ
949 1199 1135 1280 ἀφόδῳ
1177 1207 1282 1257 τῶν
1329 1203 1576 1258 ἐναντίων
1608 1210 1794 1269 παθῶν
1829 1207 1856 1260 6
1886 1205 2048 1274 ἥλιος

397 1289 568 1354 αἴτιος
597 1291 822 1367 γίνεται,
853 1291 1174 1365 κινούμενος
1202 1293 1292 1346 τὸν
1327 1290 1608 1362 ζωδιακόν.

467 1381 530 1444 θ’.
567 1380 770 1435 Γίνεται
820 1377 879 1436 δὲ
924 1380 1014 1436 καὶ
1064 1384 1404 1457 καθημερινή
1469 1403 1550 1444 τις
1615 1383 1720 1438 ἀπὸ
1771 1390 1870 1453 τῆς
1927 1385 2051 1458 περὶ

394 1476 498 1544 γῆν
555 1469 854 1546 ὑγρότητος
907 1471 985 1533 εἷς
1051 1468 1254 1544 ἀτμίδα
1315 1466 1616 1545 μεταϐολή*
1698 1469 2053 1546 λαμϐάνουσα

392 1558 481 1614 καὶ
511 1558 647 1630 αὕτη
695 1560 796 1628 τὴν
846 1558 1028 1636 ἀρχὴν
1079 1559 1139 1614 ἐκ
1192 1567 1296 1630 τῆς
1343 1563 1718 1638 καθημερινῆς
1767 1564 1900 1640 ὑπὲρ
1947 1565 2049 1640 γῆν

391 1670 451 1704 τε
490 1648 580 1704 καὶ
640 1648 744 1704 ὑπὸ
794 1656 898 1724 γῆν
943 1653 1039 1704 τοῦ
1069 1647 1236 1719 ἡλίου
1265 1653 1537 1720 κινήσεως
1567 1653 1703 1707 κατά
1756 1653 1855 1721 τήν
1918 1655 2054 1726 μετὰ

392 1742 490 1793 τοῦ
517 1739 717 1800 παντὸς
750 1738 1180 1817 συμπεριφοράν.
1216 1740 1309 1795 Ἐκ
1354 1737 1420 1809 δὴ
1478 1740 1682 1811 ταύτης
1725 1749 1827 1811 τῆς
1883 1744 2052 1814 καθη-

399 1833 623 1904 μερινῆς
653 1825 906 1901 ἀτμίδος,
933 1826 1034 1899 ὅση
1075 1827 1136 1883 ἂν
1169 1829 1247 1902 μὴ
1299 1828 1568 1906 ἷσχύσειεν
1630 1831 1864 1887 ὲπιπολὺ
1925 1853 2051 1904 μετ-

392 1924 742 1995 εωρισθῆναι,
793 1914 883 1972 διὰ
935 1919 1036 1987 τὴν
1095 1917 1366 1974 ἀσθένειαν
1416 1923 1513 1974 τοῦ
1569 1919 1860 1996 ἀνάγοντος
1917 1922 2050 1976 ταύ-
2083 1954 2132 2018 Β

390 2028 492 2077 την
543 2011 768 2082 θερμοῦ,
820 2005 979 2082 ἐγγὺς
1029 2013 1129 2076 τῆς
1189 2014 1294 2083 γῆς
1349 2010 1615 2084 ψυχθεῖσα
1668 2009 1877 2087 νύκτωρ
1931 2013 2051 2086 (ψυ-

393 2095 652 2172 χρότεραι
718 2096 822 2172 γὰρ
871 2097 928 2150 αἱ
974 2095 1182 2170 νύκτες)
1226 2095 1418 2174 δρόσον
1487 2099 1577 2153 καὶ
1637 2101 1854 2176 πάχνην
1915 2101 2054 2156 ἀπο-

393 2185 559 2243 τελεῖ·
621 2184 841 2260 πάχνην
879 2186 992 2259 μὶν,
1035 2184 1159 2241 ὅταν
1220 2183 1310 2242 διὰ
1365 2185 1511 2242 πολὺ
1565 2191 1743 2265 ψῦχος
1799 2192 1834 2258 ἡ
1895 2190 2056 2263 ἀτμὶς

393 2274 530 2344 αὕτη
580 2278 726 2352 παγῇ
756 2276 864 2352 πρὸ
891 2279 990 2330 τοῦ
1021 2273 1098 2338 εἷς
1141 2273 1287 2352 ὕδωρ
1336 2273 1681 2350 μεταϐαλεῖνο
1735 2276 1926 2351 δρόσον
1975 2277 2051 2352 δὲ,

394 2363 520 2420 ὅταν
576 2369 656 2437 τῷ
712 2365 787 2437 μή
837 2363 978 2419 πάνυ
1025 2366 1238 2441 ψυχρὸν
1273 2365 1406 2421 εἶναι
1433 2368 1497 2422 τὸ
1531 2367 1790 2444 περιέχον
1822 2370 1857 2438 ἠ
1893 2369 2052 2442 ἀτμὶς

393 2453 470 2516 εἷς
522 2450 669 2528 ὕδωρ
729 2451 1038 2528 ἀλλοιωθῇο
1101 2456 1234 2526 μήθ’
1285 2454 1430 2510 οὕτω
1488 2463 1844 2533 θερμανθεῖσα
1917 2457 2056 2514 ὥστε

391 2544 740 2619 ξηρανθῆναι,
809 2544 940 2616 μήθ’
1029 2542 1174 2598 οὕτω
1255 2546 1525 2621 ψυχθεῖσα
1603 2544 1741 2602 ὥστε
1795 2550 2051 2624 παγῆναι.

391 2633 546 2697 Ὅθεν
577 2633 612 2702 ἠ
650 2632 744 2705 μὲν
775 2633 965 2707 πάχνη
994 2636 1277 2708 χειμῶνος
1328 2634 1418 2689 καὶ
1467 2633 1520 2688 ἐν
1577 2641 1694 2698 τοῖς
1753 2655 2053 2712 χειμεριω-

389 2721 570 2797 τέροις
615 2721 820 2798 γίνεται
867 2720 1080 2784 τόποις·
1135 2723 1170 2792 ἠ
1225 2719 1282 2777 δὲ
1338 2720 1555 2800 δρόσος,
1599 2719 1757 2801 ἔαρος
1818 2726 2055 2799 μάλιστα

391 2810 483 2866 καὶ
533 2810 908 2888 φθινοπώρου,
963 2809 1054 2865 καί
1105 2810 1157 2866 ἐν
1211 2811 1404 2874 τόποις
1464 2811 1766 2889 εύκράτοις.
1826 2813 2052 2890 Αἰθρίας

394 2898 454 2956 δὲ
507 2901 597 2955 καὶ
653 2899 912 2973 νηνεμίας
974 2900 1107 2975 (καὶ)
1163 2898 1329 2979 ἄμφω
1399 2901 1659 2976 γίνονται.
1718 2904 1806 2972 Μὴ
1886 2900 2052 2973 οόσης

393 2991 497 3066 γὰρ
547 2989 755 3066 αἰθρίας
808 2989 908 3045 οὐκ
954 2989 1014 3044 ἂν
1057 2990 1093 3060 ἡ
1144 2989 1306 3063 ἀτμὶς
1353 2989 1698 3069 ἀναφέροιτο’
1751 2991 2053 3067 ξηρότητος

393 3079 496 3155 γὰρ
528 3076 611 3134 δεῖ
641 3080 777 3154 πρὸς
835 3080 936 3148 τὴν
996 3079 1278 3156 ἀναγωγὴν
1340 3079 1510 3150 αὐτῆς
1568 3080 1658 3135 καὶ
1717 3079 2052 3152 λεπτότητος

397 3165 448 3222 έν
474 3172 556 3240 τῷ
584 3169 917 3244 περιέχοντι,
951 3167 1244 3240 τουτέστιν,
1271 3167 1362 3224 ’ίνα
1395 3171 1470 3242 μὴ
1530 3171 1592 3224 τὸ
1638 3169 1895 3246 περιέχον
1956 3170 2051 3226 κά·-

397 3266 593 3330 θυγρον
618 3255 679 3312 ἐκ
719 3262 829 3312 τῶν
875 3259 1326 3336 καταφερομένων
1389 3253 1612 3336 ὄμϐρων
1731 3259 1821 3314 καὶ
1876 3259 2048 3336 παχύ.

2159 849 2396 922 (quippe
2445 865 2656 920 aquam
2716 851 2992 903 extenuat
3046 845 3357 917 ipsamque
3415 843 3684 913 terram),
3744 846 3803 898 et

2157 938 2555 994 exhalationes
2586 937 2763 992 efﬁcit
2792 955 2806 1004 ;
2841 935 2955 991 alia
2985 940 3181 990 autem
3224 951 3258 989 a
3308 933 3526 1005 quibus
3557 930 3806 986 discedit

2158 1028 2414 1100 longius,
2448 1026 2817 1097 constringit.
2851 1027 3015 1080 Tunc
3045 1024 3202 1080 enim
3235 1022 3482 1078 humida
3522 1020 3811 1076 exhalatio

2159 1118 2217 1172 in
2252 1118 2439 1172 nubes
2489 1121 2545 1172 et
2595 1133 2780 1188 aquas
2820 1115 3068 1186 cogitur.
3103 1114 3266 1170 Unde
3313 1129 3421 1167 suo
3469 1127 3706 1166 accessu
3758 1114 3815 1166 et

2161 1224 2392 1262 recessu
2443 1205 2528 1260 sol
2587 1205 3012 1260 contrariarum
3065 1203 3407 1275 passionum
3467 1217 3647 1256 causa
3702 1205 3810 1267 est,

2161 1297 2301 1352 dum
2336 1301 2604 1351 movetur
2632 1296 2786 1350 166
2817 1295 2875 1348 in
2907 1293 3172 1349 Zodiaco.

2231 1388 2285 1440 9.
2319 1385 2411 1441 Fit
2439 1389 2634 1440 autem
2667 1384 2841 1440 etiam
2878 1382 3219 1456 quotidiana
3261 1381 3532 1454 quaedam
3581 1397 3650 1436 ex
3699 1378 3811 1435 hu-

2163 1491 2324 1530 more
2353 1475 2509 1530 circa
2537 1477 2755 1528 terram
2794 1473 2854 1528 in
2895 1488 3169 1544 vaporem
3201 1470 3486 1537 mutatio;
3521 1486 3649 1541 quas
3680 1468 3808 1542 ipsa

2161 1563 2338 1620 etiam
2387 1582 2420 1618 a
2468 1563 2811 1635 quotidiano
2851 1561 2992 1618 solis
3031 1578 3209 1633 super
3252 1564 3309 1615 et
3355 1560 3562 1615 subter
3589 1563 3808 1614 terram

2164 1658 2325 1708 motu
2356 1669 2529 1724 quem
2561 1668 2932 1708 communem
2964 1649 3142 1706 habet
3179 1666 3313 1705 cum
3344 1648 3525 1704 totius
3555 1645 3811 1704 universi

2161 1742 2558 1812 conversione,
2589 1741 2773 1809 sumit
2802 1741 3060 1796 initium.
3093 1739 3281 1812 Hujus
3324 1738 3607 1794 nimirum
3659 1754 3811 1810 quo—

2162 1831 2372 1887 tidiani
2401 1831 2634 1909 vaporis
2665 1847 2792 1902 qua:
2823 1847 2959 1903 pars
3001 1828 3180 1885 altius
3209 1827 3420 1884 elevari
3449 1830 3685 1900 propter
3713 1843 3812 1883 ca-

2162 1921 2267 1976 lidi
2312 1921 2510 1993 ipsum
2544 1920 2892 1976 adducentis
2921 1917 3326 1974 inﬁrmitatem
3377 1933 3493 1973 non
3539 1915 3811 1984 valuerit,

2165 2027 2232 2066 ea
2275 2027 2408 2066 cum
2441 2027 2622 2082 prope
2652 2014 2868 2065 terram
2902 2008 3242 2082 refrigerata
3271 2010 3445 2062 noctu
3476 2005 3652 2061 fuerit
3677 2006 3814 2078 (no-

2164 2105 2286 2157 ctes
2313 2099 2469 2156 enim
2500 2098 2832 2172 frigidiores
2861 2102 3042 2165 sunt),
3075 2113 3265 2153 rorem
3299 2102 3358 2152 et
3387 2095 3662 2168 pruinam
3694 2095 3814 2151 effi-

2165 2191 2262 2245 cit.
2298 2189 2570 2244 Pruinam
2604 2188 2864 2260 quidem,
2899 2204 3033 2243 cum
3077 2189 3318 2258 propter
3364 2185 3572 2256 ingens
3627 2184 3812 2256 frigus

2163 2296 2345 2351 vapor
2374 2277 2470 2334 ille
2499 2277 2948 2350 conglaciaverit
2973 2277 3054 2344 7°;
3101 2292 3293 2332 rorem
3323 2290 3478 2341 vero,
3511 2289 3646 2330 cum
3680 2291 3813 2345 pro-

2164 2373 2364 2440 pterea
2395 2367 2550 2440 quod
2583 2367 2891 2422 continens
2921 2382 3036 2421 non
3069 2365 3213 2420 adeo
3246 2363 3523 2436 frigidum
3567 2366 3676 2434 est,
3707 2379 3812 2418 va-

2164 2474 2272 2530 por
2318 2457 2376 2511 in
2417 2472 2632 2528 aquam
2672 2455 2956 2511 alteratus
2986 2454 3197 2521 fuerit;
3247 2451 3531 2508 nimirum
3578 2468 3686 2508 nec
3731 2451 3815 2508 ita

2164 2546 2482 2603 calefactus
2529 2551 2596 2600 ut
2640 2544 3048 2613 exsiccaretur,
3082 2559 3188 2598 nec
3228 2541 3311 2597 ita
3341 2541 3719 2614 refrigeratus
3748 2544 3815 2596 ut

2163 2635 2570 2706 conglaciaret.
2604 2634 2768 2690 Unde
2798 2632 3010 2706 pruina
3039 2632 3278 2704 quidem
3311 2631 3506 2687 hieme
3545 2634 3602 2686 et
3643 2629 3813 2703 frigi-

2163 2726 2254 2781 dis
2287 2725 2352 2779 ﬁt
2387 2725 2447 2780 in
2479 2723 2661 2792 locis;
2694 2740 2792 2779 ros
2821 2727 3013 2778 autem
3045 2737 3180 2777 vere
3210 2720 3588 2793 potissimum
3617 2723 3678 2776 et
3705 2736 3810 2775 au-

2161 2818 2391 2882 tumno,
2425 2813 2603 2886 inque
2631 2811 2974 2884 temperatis
3013 2809 3176 2866 locis.
3210 2809 3397 2865 Ambo
3447 2813 3643 2865 autem
3688 2808 3812 2865 haec

2164 2920 2368 2961 sereno
2399 2907 2457 2958 et
2484 2900 2803 2974 tranquillo
2829 2900 2972 2956 ccelo
2998 2900 3166 2955 ﬁunt.
3190 2899 3385 2969 Neque
3416 2898 3574 2954 enim
3593 2899 3638 2933 ⁷⁷
3669 2896 3812 2953 οωὶο

2164 3011 2280 3050 non
2321 2993 2636 3049 exsistente
2682 2977 2903 3047 sereno.
2932 3006 3115 3062 vapor
3165 2988 3330 3044 evehi
3383 2991 3598 3060 potest.
3631 2987 3812 3043 Sicci-

2163 3086 2281 3138 tate
2321 3081 2477 3137 enim
2528 3085 2584 3137 et
2630 3079 2914 3136 tenuitate
2941 3077 3248 3150 [corporis]
3282 3075 3634 3133 continentis
3663 3092 3812 3146 opus

2163 3176 2252 3228 est
2282 3172 2352 3226 ad
2376 3170 2758 3227 elevationem
2779 3167 3006 3240 ipsius;
3041 3167 3150 3222 hoc
3172 3170 3283 3234 est,
3309 3182 3381 3220 ne
3411 3165 3718 3221 continens
3741 3180 3812 3220 ex

2162 3260 2573 3317 decidentibus
2602 3257 2894 3314 imbribus
2923 3256 3234 3311 humidum
3276 3270 3664 3325 crassumque
3711 3253 3807 3308 sit.

392 3344 527 3400 Τότε
557 3345 661 3419 γὰρ
691 3348 727 3416 ἡ
759 3344 923 3419 ἀτμὶς
953 3332 1254 3422 ἀναχθῆναι
1314 3346 1377 3402 ού
1432 3332 1668 3406 δύναται.
1700 3345 1834 3404 Οότε
1865 3346 1912 3403 δ’
1941 3332 2050 3405 ἀνέ-

2163 3351 2310 3406 167
2349 3351 2509 3404 Tunc
2540 3347 2699 3404 enim
2730 3362 2970 3403 sursum
3001 3344 3211 3401 adduci
3239 3361 3419 3416 vapor
3447 3360 3562 3399 non
3595 3345 3805 3414 potest.

396 3454 502 3507 μου
533 3429 690 3498 ὄντος
721 3433 1008 3491 συνίσταιτ’
1057 3435 1116 3491 ἂν
1148 3438 1183 3506 ἠ
1219 3436 1379 3509 ἀτμὶς
1412 3435 1551 3491 ὥστε
1580 3444 1814 3513 παγῆναι
1870 3437 1907 3507 ἢ
1970 3437 2046 3501 εἷς

391 3519 538 3600 ὕδωρ
603 3517 949 3597 μεταϐαλεῖν,
1011 3522 1158 3580 ἀλλὰ
1211 3523 1486 3580 σκίδναιτό
1539 3547 1599 3581 τε
1654 3527 1745 3581 καὶ
1803 3524 2047 3605 διαφθεί-

391 3633 563 3690 ροιτο,
612 3613 919 3689 Τεκμήριον
980 3609 1039 3668 δὲ
1097 3613 1231 3688 (καὶ)
1286 3618 1384 3670 τοῦ
1441 3614 1782 3680 συνίστασθαι
1836 3619 1936 3687 τήν
1989 3637 2050 3671 τε

392 3701 607 3778 πάχνην
639 3701 730 3757 xui
759 3702 858 3771 τήν
892 3699 1086 3778 δρόσον
1134 3703 1213 3773 μή
1272 3702 1464 3780 πόρῥω
1521 3707 1624 3774 τῆς
1679 3712 1786 3779 γῆς
1837 3706 1900 3760 τὸ
1957 3705 2047 3761 ἐπὶ

387 3795 506 3853 τοῖς
567 3787 936 3868 ὑψηλοτέροις
993 3785 1138 3868 ὄρεσι
1201 3789 1501 3870 μηδετέραν
1558 3792 1734 3849 αὐτῶν
1791 3794 2043 3871 γίνεσθαι.

465 3970 514 4026 ι’.
549 3969 744 4045 Πάχνη
781 3969 876 4042 μὶν
911 3968 1003 4024 οὖν
1032 3968 1124 4024 καὶ
1175 3966 1370 4044 δρόσος
1425 3970 1481 4026 ’ἐν
1537 3978 1658 4035 τοῖς
1702 3973 2045 4050 πσοσγειοτέ-

392 4078 512 4134 ροις
557 4057 899 4114 συνίστανται
948 4057 1156 4121 τόποις·
1193 4054 1402 4136 ὄμϐρος
1451 4057 1508 4116 δὲ
1551 4061 1641 4116 καὶ
1689 4061 1926 4138 χάλαζα,
1957 4065 2047 4118 καὶ

389 4149 551 4224 χιὼν,
601 4147 655 4202 έν
707 4152 826 4211 τοῖς
885 4147 1312 4225 ἀπογειοτέροις⁶
1365 4145 1488 4205 ἔνθα
1555 4152 1687 4224 μήθ’
1735 4152 1764 4205 6
1808 4151 1914 4227 άὴρ
1966 4151 2050 4229 ῥεῖ

387 4236 478 4293 καὶ
510 4236 965 4316 συμπεριφέρεται
996 4241 1074 4310 τῷ
1113 4235 1303 4310 κύκλῳ
1351 4239 1656 4312 κινουμένῳ
1706 4241 1939 4314 σώματι,
1971 4241 2047 4305 ὡς

389 4325 481 4382 διὰ
536 4328 638 4396 τήν
690 4325 950 4398 τοιαύτην
1014 4325 1164 4403 ῥύσιν
1220 4325 1311 4382 καί
1357 4327 1572 4400 κίνησιν
1624 4329 1720 4392 τὰς
1773 4330 2048 4394 συστάσεις

391 4416 468 4490 μὴ
501 4414 741 4489 γίνεσθαι
769 4419 878 4471 τῶν
923 4419 1122 4494 νεφῶν,
1158 4417 1300 4488 μήτε
1353 4420 1461 4471 τῶν
1520 4415 1766 4488 ἡλιακῶν
1814 4417 2044 4476 ἀκτίνων

389 4505 445 4558 αἱ
496 4501 819 4566 ἀνακλάσεις
877 4504 940 4558 τὸ
999 4499 1209 4559 ἔντονον
1256 4500 1498 4580 ἔχουσιν,
1562 4505 1700 4561 ὥστε
1778 4508 1885 4579 μὴν
1948 4513 2046 4563 τοῦ

389 4591 548 4668 ἀέρος
609 4592 686 4655 εἷς
743 4592 876 4671 νέφη
939 4592 1166 4664 πίλησιν
1244 4591 1552 4658 κωλύεσθαι
1598 4599 1668 4668 τῇ
1726 4595 2042 4672 θερμότητι.

2157 3440 2356 3512 Neque
2385 3455 2518 3494 vero
2547 3441 2718 3494 vento
2749 3435 3062 3492 exsistente
3105 3433 3422 3489 consistere
3466 3435 3663 3504 potest
3708 3447 3805 3485 va-

2157 3547 2281 3602 por,
2315 3533 2380 3584 ut
2409 3526 2733 3600 conglaciat
2762 3533 2866 3582 aut
2894 3525 2951 3579 in
2987 3540 3201 3597 aquam
3234 3525 3518 3592 mutetur,
3551 3519 3654 3576 sed
3687 3519 3804 3574 dis-

2156 3620 2386 3692 sipatur
2426 3621 2483 3673 et
2525 3615 2941 3688 corrumpitur.
2975 3613 3263 3670 Indicium
3301 3617 3498 3668 autem
3541 3614 3631 3666 est
3675 3610 3806 3680 ejus

2156 3709 2312 3781 quod
2345 3712 2435 3764 est
2467 3708 2676 3778 pruina
2719 3710 2777 3762 et
2821 3722 2916 3761 ros
2948 3721 3060 3760 non
3096 3701 3295 3776 procul
3349 3719 3382 3756 a
3426 3705 3583 3756 terra
3613 3697 3804 3754 consi-

2157 3803 2336 3869 stant,
2359 3796 2498 3870 quia
2519 3800 2798 3852 neutrum
2819 3811 3022 3850 eorum
3052 3792 3113 3848 in
3135 3791 3482 3848 editioribus
3501 3787 3804 3844 montibus

2155 3892 2466 3960 generetur
2489 3887 2554 3939 ⁷⁸.

2230 3977 2316 4031 10.
2349 3978 2538 4039 Quare
2567 3973 2780 4044 pruina
2815 3972 3053 4044 quidem
3095 3973 3154 4026 et
3197 3985 3294 4024 ros
3345 3968 3406 4023 in
3451 3967 3595 4024 locis
3635 3969 3804 4021 terra

2155 4064 2559 4133 vicinioribus,
2592 4066 2650 4118 at
2691 4078 2827 4117 vero
2878 4061 3069 4116 imber
3115 4063 3173 4114 et
3223 4057 3446 4131 grando
3493 4059 3551 4110 et
3603 4054 3702 4109 nix
3743 4052 3804 4108 in

2156 4153 2302 4210 locis
2346 4170 2379 4208 a
2419 4157 2574 4208 terra
2605 4149 3018 4207 remotioribus
3047 4147 3380 4205 consistunt
3411 4161 3424 4200 :
3475 4144 3576 4200 ubi
3614 4158 3806 4214 neque

2157 4260 2257 4300 aer
2277 4243 2408 4298 fluit
2435 4246 2494 4297 et
2523 4257 2658 4297 cum
2681 4255 2922 4311 corpore
2947 4239 3103 4310 quod
3131 4235 3496 4294 eirculariter
3516 4237 3803 4303 movetur,

2157 4331 2336 4388 simul
2368 4329 2740 4396 convertitur,
2774 4328 2858 4383 uti
2890 4332 3125 4400 propter
3154 4323 3443 4397 ejusmodi
3477 4323 3700 4378 ﬂuxum
3749 4325 3808 4377 et

2155 4424 2385 4476 motum
2417 4419 2667 4474 nubium
2698 4416 3098 4474 concretiones
3129 4432 3242 4470 non
3276 4414 3453 4480 ﬁant;
3487 4427 3678 4484 neque
3707 4427 3805 4466 ra-

2156 4509 2387 4564 diorum
2402 4505 2682 4562 solarium
2699 4501 3403 4561 refractionesefﬁcaoiam
3419 4516 3548 4556 eam
3567 4499 3802 4566 habent,

2156 4603 2222 4653 ut
2251 4596 2403 4652 aeris
2434 4595 2494 4649 in
2528 4596 2716 4651 nubes
2738 4593 3244 4665 conglobationem
3268 4608 3375 4647 suo
3406 4589 3596 4645 calore
3625 4588 3807 4658 impe-

390 4683 474 4737 ’Ev
508 4677 577 4750 δὴ
606 4686 724 4745 τοῖς
753 4680 1027 4744 τοιούτοις
1069 4681 1261 4745 τόποις
1305 4687 1424 4745 τοῖς
1465 4684 1590 4760 περὶ
1636 4684 1705 4739 τὰ
1747 4684 1880 4762 νέφη
1933 4707 2048 4741 συν-

2163 4687 2282 4741 dire
2302 4690 2538 4758 queant.
2565 4687 2627 4740 In
2653 4683 2943 4755 ejusmodi
2965 4681 3189 4738 scilicet
3213 4681 3358 4748 locis
3379 4679 3594 4751 quibus
3617 4677 3805 4733 nubes

396 4771 631 4826 ίστανται
691 4767 783 4826 διὰ
836 4769 992 4844 ψύξιν
1061 4765 1292 4847 ὄμϐρος,
1349 4772 1490 4848 χιών
1547 4793 1605 4828 τε
1661 4773 1750 4828 καὶ
1807 4773 2044 4851 χάλαζα.

464 4951 551 5005 ια’.
596 4949 697 5006 Καὶ
737 4951 767 5006 6
817 4950 913 5024 μὲν
965 4943 1175 5027 ὄμϐρος
1224 4947 1316 5005 διὰ
1366 4951 1468 5021 τὴν
1523 4950 1690 5020 αὐτὴν
1747 4951 1920 5008 αἰτίαν
1975 4958 2045 5029 τῇ

386 5036 573 5117 δρόσῳ
599 5039 821 5116 γίνεται·
855 5041 890 5110 ἠ
923 5040 1064 5116 χιὼν
1095 5037 1154 5096 δὲ
1191 5037 1282 5096 διὰ
1307 5039 1408 5109 τήν
1439 5039 1606 5110 αὐτὴν
1639 5041 1814 5097 αἰτίαν
1847 5047 1914 5117 τῇ
1944 5043 2048 5099 πά-

388 5149 518 5206 χνῃ.
552 5129 802 5209 Διαφέρει
835 5125 880 5184 δ’
909 5124 1122 5206 ὄμϐρος
1168 5129 1259 5184 καὶ
1304 5125 1520 5202 δρόσος,
1558 5132 1648 5186 καὶ
1689 5131 1856 5187 πάλιν
1902 5135 2044 5208 χιὼν

385 5219 478 5274 καὶ
508 5219 720 5295 πάχνη,
749 5222 831 5290 τῷ
863 5216 1077 5292 μᾶλλον
1108 5219 1198 5273 καὶ
1227 5221 1389 5288 ἦττον
1421 5219 1511 5273 καὶ
1541 5217 1741 5290 πλήθει
1780 5220 1871 5275 καὶ
1923 5221 2044 5278 ὀλι-

383 5307 602 5384 γότητι.
637 5309 695 5363 Ὁ
752 5307 979 5384 μὲνγὰρ
1039 5301 1272 5383 ὄμϐρος,
1303 5304 1500 5370 πολύςο
1554 5306 1615 5362 ἐκ
1668 5308 1890 5379 πολλῆς
1941 5311 2044 5388 γὰρ

331 5472 339 5480 .
382 5394 614 5470 ἀτμίδος
663 5396 868 5473 γίνεται
923 5395 1268 5471 ψυχομένης⁸
1318 5396 1408 5451 καὶ
1458 5397 1486 5451 6
1531 5397 1700 5460 τόπος
1758 5397 1810 5470 ἐξ
1868 5399 1931 5454 οὗ
1987 5421 2046 5455 τε

383 5485 706 5565 ἀναφέρεται
751 5485 844 5542 καὶ
893 5485 972 5548 είς
1023 5486 1082 5542 ὃν
1125 5485 1452 5562 ἀθροίζεται,
1477 5484 1676 5550 πολύςο
1709 5487 1800 5542 καὶ
1832 5489 1859 5543 6
1912 5489 2045 5565 χρό-

381 5596 476 5639 νος
533 5575 588 5632 έν
641 5577 688 5648 ᾧ
733 5597 794 5630 τε
839 5573 1158 5655 ἀναφέρετοι
1214 5573 1305 5631 καί
1362 5575 1416 5632 έν
1473 5577 1520 5649 ᾧ
1577 5576 1810 5654 ψύχεται
1841 5577 2040 5642 πολύς.

2157 4775 2550 4841 continentur,
2574 4791 2676 4846 per
2704 4771 3206 4844 refrigerationem
3234 4775 3293 4826 et
3320 4768 3518 4843 pluvia
3537 4773 3594 4823 et
3622 4767 3721 4822 nix
3748 4770 3807 4822 et

2155 4866 2380 4939 grando
2413 4864 2765 4920 consistunt.

2230 4955 2316 5010 11.
2350 4955 2422 5009 Et
2469 4953 2669 5025 pluvia
2712 4951 2946 5024 quidem
2988 4953 3226 5023 propter
3263 4949 3530 5004 eamdem
3562 4963 3802 5003 causam

2157 5048 2396 5117 propter
2414 5059 2591 5114 quam
2623 5058 2718 5097 ros
2739 5045 3088 5114 generatur;
3122 5039 3218 5093 nix
3247 5054 3382 5094 vero
3407 5041 3646 5109 propter
3663 5053 3806 5092 ean-

2156 5135 2291 5190 dem
2303 5148 2542 5188 causam
2557 5148 2733 5203 quam
2751 5135 2989 5202 propter
3004 5128 3269 5202 pruina"
3283 5144 3296 5184 :
3312 5127 3594 5182 ditl‘erunt
3604 5130 3801 5182 autem

2156 5223 2353 5294 pluvia
2383 5226 2440 5278 et
2469 5238 2584 5289 ros,
2617 5219 2875 5292 itemque
2909 5235 3113 5274 rursus
3145 5218 3244 5273 nix
3286 5221 3342 5272 et
3371 5215 3584 5289 pruina
3611 5215 3802 5270 inten-

2153 5312 2312 5368 tione
2322 5316 2378 5367 et
2391 5307 3408 5379 remissioneitemque,multitudine
3421 5305 3799 5378 etpaucitate.

2154 5400 2360 5456 Pluvia
2387 5400 2542 5455 enim
2575 5399 2812 5470 copiosa
2843 5398 2996 5453 168
3029 5401 3158 5463 est;
3210 5413 3280 5452 ex
3320 5395 3556 5468 copioso
3587 5395 3804 5466 quippe

2150 5507 2366 5562 vapore
2405 5490 2751 5561 frigescente
2791 5493 3144 5560 generatur;
3194 5493 3252 5541 et
3295 5485 3460 5542 locus
3507 5485 3684 5540 etiam
3732 5500 3802 5540 ex

2152 5597 2269 5654 quo
2299 5578 2558 5636 elevatur
2593 5581 2650 5634 et
2692 5578 2752 5632 in
2798 5593 2974 5652 quem
3007 5580 3381 5634 coacervatur
3409 5573 3646 5652 amplus
3673 5578 3798 5643 est;

457 5792 502 5829 ⁷⁸
532 5792 561 5849 1
591 5791 831 5852 Motoor.
861 5808 912 5854 ο.
947 5793 1034 5853 10.
1112 5793 1156 5831 ⁷⁷
1184 5792 1334 5853 Ibid.
1407 5793 1454 5831 ’⁷⁸
1482 5793 1631 5854 Ibid.
1712 5795 1758 5832 ⁷⁸
1784 5794 1937 5853 Ibid.
1979 5811 2033 5854 ο.
2074 5796 2162 5852 11.
