4114 6432
350 421 506 485 1147

1603 431 2027 493 NICEPHORI
2069 428 2508 493 BLEMMIDE

3601 428 3738 490 1148

349 559 492 632 quin
531 561 590 615 et
629 563 863 633 tempus
894 577 1008 633 quo
1037 561 1294 622 elevatur
1323 569 1380 621 et
1410 583 1524 639 quo
1557 566 1829 638 frigescit,
1861 565 1984 620 lon-

2132 563 2320 638 ῢλίγον
2371 560 2428 618 δὲ
2483 561 2573 618 καὶ
2622 560 2895 640 ἐφήμερον
2949 561 2984 630 ἡ
3058 556 3253 636 δρόσος
3308 557 3399 614 καὶ
3458 557 3507 632 ἐξ
3567 558 3736 638 ὀλίγου

353 664 493 721 gum
527 653 636 704 est.
675 649 784 704 Ros
817 667 946 707 vero
978 653 1254 726 exiguum
1302 656 1443 727 quid
1493 662 1582 711 est
1629 655 1994 729 singulorum

353 738 604 810 dierum,
639 745 696 794 et
723 757 790 794 ex
817 739 942 797 loco
975 748 1065 798 est
1094 744 1319 815 exiguo,
1353 745 1721 818 celeremque
1751 761 1997 817 genera-

353 827 573 883 tionem
606 827 801 884 habet.

426 919 512 973 12.
549 919 1054 984 Quemadmodum
1095 926 1291 978 autem
1342 941 1436 978 ros
1484 925 1554 980 ad
1607 924 1884 997 pluviam,
1919 925 2000 978 ita

356 1006 569 1079 pruina
599 1008 669 1062 ad
704 1009 892 1063 nivem
926 1026 1053 1065 sese
1085 1011 1276 1068 habet.
1311 1013 1418 1068 Nix
1454 1014 1609 1069 enim
1657 1015 1832 1070 nubis
1877 1015 1996 1085 jam

355 1096 732 1152 consistentis
763 1102 851 1152 est
880 1099 1204 1172 congelatio
1228 1119 1241 1168 ;
1275 1103 1506 1172 pruina,
1529 1103 1760 1175 vaporis
1789 1118 1996 1172 conge-

356 1184 514 1240 latio.
548 1185 804 1258 Utraque
837 1193 1029 1244 autem
1065 1195 1299 1262 propter
1329 1209 1609 1264 magnum
1646 1193 1829 1264 frigus
1861 1208 1996 1245 con-

354 1272 584 1344 gelant;
615 1281 870 1348 suntque
895 1277 980 1332 vel
1004 1278 1154 1333 hora
1178 1280 1265 1336 vel
1289 1281 1543 1351 regionis
1563 1282 1786 1353 frigidae
1810 1281 1995 1352 signa.

355 1362 478 1418 Nisi
519 1363 675 1418 enim
722 1365 908 1436 frigus
957 1368 1292 1439 praevaleret
1319 1371 1383 1435 ⁸ο,
1429 1387 1619 1441 neque
1665 1387 1863 1442 vapor,
1899 1369 1997 1441 qui

356 1451 606 1507 calorem
657 1471 690 1508 a
739 1471 854 1524 quo
885 1455 1143 1514 elevatus
1182 1465 1270 1514 est
1322 1459 1380 1514 in
1431 1460 1623 1532 seipso
1664 1460 1861 1528 habet,
1895 1474 1999 1513 nec

356 1540 544 1596 nubes
597 1542 1044 1613 congelasceret,
1092 1563 1220 1618 quae
1268 1552 1324 1603 et
1379 1548 1508 1620 ipsa
1563 1554 1759 1604 tamen
1808 1547 2000 1602 adhuc

357 1629 607 1686 calorem
649 1631 828 1688 habet
879 1634 950 1688 ab
1002 1650 1068 1690 eo
1115 1635 1432 1708 reliquum,
1465 1637 1565 1710 qui
1610 1654 1883 1710 vaporem
1932 1653 2000 1692 ex

357 1723 514 1775 terra
554 1721 818 1793 sustulit,
851 1738 918 1777 ex
965 1740 1081 1794 quo
1136 1726 1322 1781 nubes
1373 1732 1480 1782 est.
1511 1731 1761 1783 Prorsus
1805 1730 1998 1782 autem

358 1809 546 1863 nubes
587 1809 798 1866 caloris
840 1814 930 1867 est
969 1813 1281 1886 particeps.
1314 1815 1431 1871 Hoc
1487 1817 1643 1872 enim
1693 1815 1752 1870 ni
1807 1816 1889 1870 ita
1940 1831 2001 1869 se

2106 655 2300 720 τόπου,
2330 653 2419 708 καὶ
2450 657 2645 728 ταχεῖα
2669 653 2703 721 ἠ
2736 651 2942 727 γένεσις
2973 649 3159 706 αὐτοῦ.

2183 923 2272 997 ιβ’.
2306 922 2394 983 Ὡς
2434 918 2492 975 δὲ
2669 917 2861 997 δρόσος
2906 919 3042 990 πρὸς
3093 912 3325 992 ὄμϐρον,
3380 917 3524 972 οὕτω
3571 919 3733 993 πάχνη

2107 1011 2244 1087 πρὸς
2276 1011 2457 1086 χιόνα.
2492 1012 2553 1065 Ἠ
2589 1011 2681 1082 μὲν
2707 1011 2808 1085 γὰρ
2841 1008 2980 1084 χιὼν
3033 1007 3192 1078 πῆξίς
3245 1005 3354 1062 ἐστι
3407 1006 3595 1085 νέφους
3643 1005 3736 1077 ἤδη

2109 1105 2458 1162 σονεστῶτος·
2512 1101 2546 1169 ἠ
2599 1096 2656 1154 δὲ
2701 1098 2882 1174 πάχνη
2932 1097 3092 1167 πῆξις
3153 1093 3406 1170 ἀτμίδος.
3455 1097 3554 1151 Καὶ
3599 1094 3741 1173 ἄμφω

2109 1187 2166 1244 δὲ
2215 1187 2304 1244 διά
2355 1191 2488 1265 μέγα
2533 1190 2829 1264 πήγνυνται
2879 1191 3078 1262 ψῦχος·
3127 1185 3216 1240 καὶ
3273 1185 3481 1258 σημεῖά
3539 1185 3667 1240 ἐστιν
3710 1186 3739 1253 ἢ

2111 1277 2254 1354 ὥρας
2312 1276 2348 1347 ἤ
2405 1277 2593 1354 χώρας
2647 1279 2881 1352 ψυχρᾶς.
2942 1275 3006 1330 Εἰ
3071 1276 3146 1347 μή
3206 1275 3310 1351 γὰρ
3374 1273 3648 1350 ἐπεκράτει
3687 1275 3737 1329 τὸ

2109 1371 2307 1445 ψῦχος,
2359 1364 2471 1421 οὔτ’
2520 1366 2578 1420 ἂν
2627 1367 2661 1436 ἠ
2713 1365 2876 1438 ἀτμὶς
2922 1364 3212 1440 ἐπήγνυτο,
3260 1364 3323 1418 τὸ
3375 1363 3570 1439 ἀνάγον
3630 1361 3734 1417 ταῦ-

2107 1478 2206 1525 την
2255 1457 2454 1529 θερμὸν
2494 1452 2697 1530 ἔχουσα
2727 1453 2777 1508 έν
2812 1454 2996 1527 ἑαυτῇ,
3031 1449 3142 1507 οὔτ’
3192 1451 3251 1506 ἂν
3298 1452 3366 1507 τὸ
3414 1451 3572 1530 νέφος
3635 1448 3741 1526 ἔχον

2111 1544 2189 1601 ἔτι
2217 1547 2307 1600 καὶ
2338 1545 2466 1599 αὐτὸ
2504 1543 2814 1619 Θερμότητα
2856 1543 2957 1612 τὴν
3010 1541 3429 1620 ὑπολειφθεῖσαν
3479 1549 3577 1610 τῆς
3631 1561 3741 1612 μετ-

2111 1634 2412 1710 εωρισάσης
2470 1632 2529 1688 ἐκ
2583 1635 2680 1702 τῆς
2741 1638 2842 1708 γῆς
2899 1633 2999 1700 τὴν
3057 1628 3277 1704 ἀτμίδα,
3311 1629 3366 1704 ἐξ
3426 1633 3492 1700 ἧς
3545 1626 3742 1703 ἀτμίδος

2108 1725 2172 1779 τὸ
2200 1724 2380 1802 νέφος.
2415 1723 2638 1784 Πάντως
2682 1719 2739 1776 δὲ
2794 1721 2858 1775 τὸ
2906 1719 3068 1796 νέφος
3134 1719 3356 1794 μετέχει
3415 1718 3740 1796 θερμότητοςο

2113 1813 2179 1871 Εἰ
2231 1814 2308 1887 μὴ
2356 1816 2518 1867 τοῦτο
2570 1812 2694 1887 γὰρ,
2729 1809 2828 1864 οὐκ
2869 1808 2927 1864 ἂν
2980 1805 3206 1883 ἔμιμνεν
3247 1807 3384 1880 ἄνω,
3418 1805 3560 1864 ἀλλὰ
3603 1804 3743 1862 καθά-

357 1898 624 1971 haberet,
685 1917 800 1955 non
857 1907 1121 1959 maneret
1179 1921 1449 1974 sursum,
1507 1907 1606 1962 sed
1665 1910 1732 1961 ut
1789 1903 2004 1961 nebula

2132 1923 2216 1980 τερ
2247 1901 2461 1979 ὁμίχλη
2493 1899 2785 1956 κατέπιπτε
2815 1895 2982 1956 κάτω.

356 1986 631 2044 deorsum
679 1991 930 2046 caderet.

431 2077 516 2132 13.
550 2077 746 2135 Nubes
772 2080 1010 2151 quidem
1038 2082 1219 2155 igitur
1246 2088 1335 2141 est
1359 2089 1825 2141 crassamentum
1851 2083 2007 2156 vapi-

358 2166 499 2220 dum
551 2169 924 2225 convolutum
985 2189 1146 2244 aqua
1205 2175 1546 2245 generandae
1595 2173 1711 2228 vim
1760 2173 2002 2229 habens.

357 2255 583 2311 Nebula
630 2274 763 2314 vero
811 2260 1022 2332 vapida
1069 2261 1362 2318 exhalatio
1409 2280 1576 2334 aquae
1629 2279 2005 2335 nequaquam

358 2343 634 2416 genitrix,
666 2363 796 2403 aere
826 2348 1064 2420 quidem
1097 2350 1351 2422 densior,
1386 2352 1540 2406 nube
1570 2357 1767 2406 autem
1801 2353 2004 2422 rarior,

359 2433 541 2505 ﬁtque
579 2435 666 2490 vel
719 2453 788 2491 ex
829 2438 1002 2494 nubis
1033 2440 1320 2512 principio
1353 2446 1703 2512 rarescente,
1735 2442 1889 2497 ’169
1919 2441 2006 2496 vel

359 2538 428 2577 ex
459 2521 744 2594 reliquiis.
778 2527 1123 2584 Adversaria
1169 2534 1364 2585 autem
1418 2529 1510 2585 his
1559 2535 1646 2585 est
1699 2529 2005 2595 serenitas,

362 2627 488 2682 quae
521 2613 667 2668 nihil
709 2614 866 2671 aliud
919 2621 1008 2673 est
1055 2635 1233 2690 quam
1274 2636 1371 2674 aer
1409 2619 1648 2675 nulibus
1679 2619 2008 2691 nebulaque

361 2716 465 2773 per
495 2703 693 2758 omnia
731 2721 971 2762 vacuus.

434 2791 521 2845 14.
557 2792 635 2847 Ex
667 2793 820 2850 nube
851 2800 1046 2852 autem
1082 2797 1278 2870 pluvia
1315 2798 1379 2853 ﬁt
1432 2815 1535 2871 per
1573 2799 2008 2871 expressionem

362 2878 550 2951 ipsius
582 2898 933 2954 magnopere
965 2886 1302 2943 incrassatee
1331 2906 1343 2957 ;
1393 2893 1596 2960 totque
1652 2888 2010 2944 differentias

363 2967 562 3036 habet,
599 2976 740 3042 quot
773 2974 947 3030 nubis
979 2975 1153 3031 habet
1180 2978 1576 3048 compressio;
1629 2976 1843 3050 quippe
1887 2995 2008 3046 quas

365 3056 416 3111 si
466 3058 715 3115 remissa
759 3061 954 3128 fuerit,
987 3064 1213 3132 molles,
1249 3065 1339 3121 sin
1372 3066 1703 3133 vehemens,
1748 3067 2010 3138 grossio-

364 3161 459 3200 res
508 3147 706 3204 stirias
761 3151 1064 3224 dispergit.
1117 3156 1304 3225 Atque
1359 3155 1468 3210 hoc
1516 3156 1704 3211 imber
1749 3159 2010 3224 vocatur,

364 3239 630 3292 contorta
654 3237 862 3310 pluviae
888 3241 1187 3298 stillicidia
1207 3261 1342 3299 cum
1374 3246 1703 3316 majuscula
1730 3244 1860 3317 ipsa
1883 3249 2010 3299 tum

355 3323 490 3396 jugi
520 3309 723 3382 tenore
755 3328 813 3383 in
859 3334 1075 3385 terram
1107 3333 1394 3388 cadentia.
1427 3309 1507 3389 Ei:
1557 3309 1771 3406 vapore
1815 3338 2009 3388 autem
2041 3309 2084 3375 Ο

365 3428 461 3469 ros
490 3420 824 3486 generatur.
859 3417 975 3474 Ros
1005 3419 1159 3474 enim
1194 3426 1283 3476 est
1322 3421 1635 3478 humidum
1683 3422 1743 3478 in
1793 3421 2011 3478 sereni-

364 3504 483 3557 tate
511 3519 615 3574 per
649 3505 940 3562 munitam
972 3509 1397 3565 concretionem
1431 3511 1724 3566 decidens.

441 3591 526 3646 15.
572 3591 774 3648 Nivem
836 3611 1005 3665 porro
1062 3597 1243 3652 efﬁcit
1302 3599 1478 3653 nubis
1537 3601 1904 3656 condensatae
1961 3605 2018 3655 et

366 3679 680 3753 congelatas
730 3684 1049 3751 suﬂ'riatio,
1101 3703 1228 3758 quae
1278 3687 1623 3760 priusquam
1683 3690 1739 3744 in
1799 3707 2015 3761 aquam

368 3773 648 3840 mutetur,
672 3777 917 3828 contusa
943 3773 1020 3829 sit
1044 3775 1110 3830 εί.
1137 3776 1205 3830 Et
1235 3778 1503 3832 contusio
1526 3779 1764 3850 quidem
1793 3794 2017 3850 spumis

369 3858 625 3930 speciem
656 3865 1044 3935 exactumque
1073 3866 1408 3932 candorem,
1441 3867 1765 3938 congelatio
1797 3872 2018 3937 autem,

368 3946 768 4022 humoris'qui
797 3951 971 4018 inest,
1004 3959 1061 4009 et
1096 3955 1358 4010 nondum
1392 3955 1559 4011 fusus
1589 3963 1697 4025 est,
1731 3973 1866 4012 cum
1915 3974 2020 4013 nec

369 4036 548 4092 etiam
577 4039 768 4096 nubes
803 4041 1084 4098 rarefacta
1113 4043 1212 4114 sit,
1245 4044 1497 4117 rigorem
1526 4045 1725 4102 efﬁcit.
1760 4047 1922 4110 Quod
1972 4047 2019 4102 si

369 4141 504 4180 cum
562 4127 782 4200 impetu
833 4133 890 4185 et
933 4132 1239 4187 confertim
1296 4133 1394 4188 nix
1445 4135 1694 4201 decidat,
1749 4136 2022 4208 niphetos

372 4216 643 4290 [ningor]
693 4219 1051 4276 nominatur.
1103 4222 1227 4286 Quo
1277 4223 1451 4278 modo
1499 4230 1695 4280 autem
1754 4241 1825 4280 ex
1869 4225 2025 4280 nube

372 4305 491 4374 nix,
524 4306 728 4362 eodem
776 4325 846 4363 ex
891 4326 1103 4380 vapore
1154 4312 1367 4382 pruina
1413 4318 1745 4384 generatur.
1778 4314 1891 4370 Sed
1935 4318 2026 4369 est

373 4393 550 4450 etiam
583 4395 807 4467 aliquid
839 4397 987 4453 roris
1035 4403 1094 4454 et
1142 4399 1366 4471 pruinis
1397 4401 1834 4470 intermedium,
1867 4402 2024 4473 quod

373 4483 817 4557 drosopachnen
848 4487 1075 4558 dicunt,
1109 4489 1208 4559 qui
1241 4494 1331 4545 est
1373 4507 1470 4545 ros
1509 4489 2023 4562 semicongelatus,

375 4573 531 4628 I10
563 4575 733 4645 quasi
775 4591 869 4630 ros
902 4575 1244 4647 pruinosus.

451 4663 536 4718 16.
570 4663 785 4718 Ριυνὶεε
818 4666 1063 4736 proinde
1093 4667 1332 4738 quidem
1377 4668 1437 4722 in
1491 4667 1616 4724 loco
1665 4686 1700 4725 a
1742 4673 1898 4724 terra
1944 4685 2036 4725 re-
2064 4678 2111 4742 D

377 4752 624 4809 motiore
654 4755 1050 4810 concrescenti
1090 4773 1185 4812 ros
1233 4756 1388 4813 circa
1429 4761 1671 4825 terram,
1703 4758 1820 4814 nivi
1870 4758 2029 4831 pruio

379 4858 455 4897 na
501 4843 694 4914 quoad
737 4843 1171 4915 proportionem
1206 4847 1539 4917 respondet.
1573 4852 1648 4902 At
1694 4864 1828 4903 vero
1875 4847 2030 4918 quod

2189 2089 2275 2157 ιγ’.
2311 2080 2487 2158 Νέφος
2522 2080 2616 2153 μὲν
2649 2076 2741 2133 οὖν
2775 2077 2883 2133 ἐστι
2913 2078 3096 2153 πάχος
3143 2073 3396 2148 ἀτμῶδες
3447 2094 3746 2150 συνεστραμ-

2120 2173 2278 2245 μένον
2328 2169 2555 2247 γόνιμον
2601 2166 2816 2237 ὕδατος,
2869 2164 3086 2241 ὁμίχλη
3149 2161 3208 2219 δὲ
3269 2163 3535 2240 ἀτμώδης
3589 2164 3750 2218 ἀναθυ-

2121 2262 2305 2336 μίασις
2387 2261 2582 2336 ἄγονος
2650 2257 2864 2321 ὕδατος
2929 2257 3085 2334 ἀέρος
3167 2257 3262 2331 μὶν
3324 2255 3638 2328 πυκνοτέρα,
3679 2249 3746 2304 νέ-

2117 2374 2250 2431 φους
2312 2348 2358 2406 δ’
2414 2349 2723 2426 ἀραιοτέρα.
2785 2349 2992 2402 Γῗνεται
3053 2345 3111 2401 δὲ
3163 2344 3289 2415 ἤτοι
3351 2345 3403 2416 ἐξ
3464 2342 3748 2431 ἀραιώσεως

2119 2425 2300 2518 ἀρχῆς
2357 2425 2570 2517 νέφους,
2628 2436 2663 2508 ἤ
2722 2436 2772 2507 ἐξ
2835 2434 3272 2510 ὑπολείμματος.
3338 2430 3667 2518 Ἀντίπαλοςῄ
3701 2425 3750 2518 δὲ

2115 2515 2331 2592 τοότοις
2359 2531 2394 2600 ἠ
2428 2515 2629 2604 αἰθρία,
2666 2523 2833 2600 μηδὲν
2875 2523 3058 2598 ἓτερον
3105 2522 3237 2579 οὖσα
3283 2521 3322 2594 ἤ
3371 2523 3474 2592 ἆὴο
3534 2522 3602 2582 ὡς
3655 2515 3750 2572 ἐπί-

2117 2641 2222 2676 παν
2251 2617 2507 2697 ἆνέφελος
2539 2617 2629 2672 καὶ
2660 2613 2997 2691 ἀνόμιχλος.

2193 2797 2278 2855 ιδ’.
2315 2800 2406 2853 Ἐκ
2442 2800 2536 2870 μὶν
2586 2794 2678 2851 οὖν
2734 2801 2831 2851 τοῦ
2889 2795 3082 2873 νέφους
3137 2792 3340 2868 γίνεται
3402 2785 3604 2866 ὄμϐρος
3650 2783 3750 2840 κατ’

2121 2887 2412 2961 ἐκπιεσμὸν
2465 2887 2649 2958 αὐτοῦ,
2708 2883 2764 2940 εὖ
2822 2882 2969 2958 μάλα
3026 2883 3446 2958 πεπαχυμένου’
3499 2873 3752 2954 διαιφορᾶς

2121 2977 2168 3034 δ’
2229 2975 2370 3054 ἷ¹σχει
2420 2975 2707 3042 τοσαύτας,
2770 2974 2895 3036 ὅσας
2947 2973 3038 3028 καὶ
3070 2973 3104 3042 ἠ
3163 2975 3260 3025 τοῦ
3321 2972 3515 3049 νέφους
3568 2963 3750 3054 Θλίψις.

2122 3053 2431 3140 Ἠπῖαγγμὲν
2475 3066 2579 3142 γάρ
2650 3063 2802 3132 οὖσα,
2857 3060 3105 3136 μαλακὰς
3167 3057 3408 3135 ψεκάδας
3463 3053 3751 3142 διασπείρει,

2121 3154 2329 3236 σφοδρὰ
2404 3153 2481 3227 δὲ,
2540 3141 2774 3228 ᾠεκάδας
2855 3150 3040 3229 ἁδράς.
3101 3151 3202 3205 Καὶ
3279 3153 3447 3204 τοῦτο
3519 3141 3753 3212 κέκληται

2124 3246 2295 3314 ὑετὸς,
2347 3239 2560 3320 ὄμϐρου
2609 3242 2994 3316 συστρέμματα
3041 3237 3249 3315 μεγάλα
3293 3236 3386 3294 καί
3437 3239 3627 3309 συνεχῆ
3672 3248 3756 3308 φε-

2123 3335 2329 3411 ρόμενα
2357 3333 2445 3389 ἐπὶ
2477 3339 2604 3406 γῆς.
2641 3333 2732 3387 Ἐκ
2763 3328 2820 3386 δὲ
2867 3336 2967 3400 τῆς
3022 3325 3250 3402 ἀτμίδος
3305 3326 3509 3404 γίνεται
3565 3320 3752 3398 δρόσος.

2124 3424 2323 3501 Δρόσος
2352 3421 2453 3498 γάρ
2486 3420 2626 3476 έστιν
2683 3420 2846 3496 ὑγρὸν
2897 3418 2950 3474 έν
3003 3417 3186 3493 αἰθρίᾳ
3230 3416 3374 3472 κατὰ
3422 3413 3618 3481 λεπτὴν
3675 3427 3752 3485 φε-

2125 3508 2354 3588 ρόμενον
2387 3509 2657 3566 σύστασιν.

2199 3582 2277 3658 ιε’.
2311 3600 2479 3656 Χιόνα
2535 3595 2593 3653 δὲ
2650 3602 2799 3653 ποιεῖ
2853 3597 3045 3674 νέφους
3102 3593 3526 3666 πεπυκνωμένου
3579 3608 3632 3643 τε
3676 3582 3752 3639 καὶ

2127 3686 2594 3762 συμπεπηγμένου
2661 3684 3011 3760 ἀπόθραυσις,
3064 3681 3428 3744 ἀνακοπέντος
3499 3677 3601 3754 πρὸ
3666 3678 3752 3762 τῆς

2128 3758 2208 3838 εἷς
2247 3758 2764 3851 ὕδωρ-μεταϐολῆς.
2801 3758 3112 3849 Ἔργάζεται
3170 3769 3229 3827 δὲ
3277 3773 3314 3842 ἠ
3370 3771 3461 3845 μὶν
3519 3765 3654 3832 κοπή
3703 3758 3756 3814 τὸ

2130 3862 2375 3944 ἀφρῶδες
2428 3864 2519 3919 καὶ
2576 3860 2852 3919 ἔκλευκον·
2893 3864 2928 3933 ἡ
2978 3861 3253 3936 σύμπηξις
3312 3859 3372 3916 δὲ
3425 3853 3757 3950 τοῦ-ἐνόντος

2132 3956 2297 4030 ὑγροῦ
2353 3954 2453 4022 τήν
2515 3951 2843 4028 ψυχρότητα
2901 3952 3070 4024 μήπω
3137 3950 3397 4026 χυθέντος
3479 3948 3613 4020 μήτε
3675 3948 3756 3992 του

2128 4045 2323 4120 νέφους
2356 4040 2724 4117 ἠραιωμένου.
2761 4037 2982 4118 Σφοδρὰ
3027 4037 3086 4094 δὲ
3131 4039 3222 4094 καὶ
3247 4037 3440 4126 ,ἀθρόα
3489 4047 3756 4126 καταφερο;

2137 4119 2270 4207 μένη
2306 4132 2446 4207 χιὼν
2481 4131 2694 4208 νιφετὸς
2727 4129 3074 4202 ὀνομάζεται.
3114 4129 3207 4184 "Ov
3241 4124 3302 4182 δὲ
3345 4125 3544 4202 τρόπον
3589 4119 3644 4208 ἐκ
3678 4119 3759 4168 τοῦ

2131 4221 2326 4300 νέφους
2357 4221 2392 4289 ἠ
2425 4207 2589 4296 χιὼν,
2621 4220 2713 4274 τὸν
2764 4218 2923 4273 αὐτὸν
2978 4217 3039 4272 έκ
3087 4223 3192 4286 τῆς
3240 4213 3468 4290 ἀτμίδος
3495 4213 3529 4282 ἠ
3575 4207 3756 4300 πάχνην

2134 4296 2286 4366 Ἔστι
2319 4307 2378 4364 δὲ
2402 4307 2492 4364 καί
2538 4330 2592 4364 τι
2648 4306 2842 4382 μεταξὺ
2891 4304 3090 4383 δρόσου
3131 4304 3222 4362 καὶ
3266 4304 3505 4380 πάχνης,
3535 4300 3563 4356 ὃ
3593 4296 3754 4371 δροσο-

2133 4401 2350 4476 πάχνην
2382 4396 2562 4476 φασὶν,
2597 4397 2856 4471 ἠμιπαγῆ
2890 4393 3083 4471 δρόσον
3113 4395 3507 4471 τυγχάνουσαν.

2217 4667 2303 4731 ις’.
2337 4670 2425 4738 Τῷ
2459 4666 2553 4738 μὶν
2588 4661 2679 4720 οὖν
2713 4659 2912 4741 ὄμϐρῳ
2946 4663 2996 4718 έν
3046 4667 3126 4735 τῷ
3171 4660 3429 4753 ἀπογείῳ-
3657 4667 3758 4753 συν-

2146 4756 2417 4828 ισταμένῳ
2450 4755 2485 4824 ἠ
2521 4751 2714 4830 δρόσος
2773 4750 3042 4827 ἀνάλογον
3089 4750 3141 4806 έν
3186 4755 3266 4824 τῷ
3312 4750 3436 4828 περὶ
3482 4747 3614 4821 (τήν)
3657 4747 3761 4813 τήν,

2139 4849 2208 4920 τῇ
2244 4843 2302 4899 δὲ
2350 4843 2494 4920 χιόνι
2527 4843 2562 4914 ἡ
2597 4842 2809 4918 πάχνη.
2843 4840 3006 4897 Οὐδὲν
3043 4838 3102 4896 δὲ
3129 4841 3191 4896 τὸ
3237 4839 3528 4915 ἀναλογοῦν
3572 4833 3633 4904 τῇ
3675 4843 3760 4901 χα-

378 4931 653 5003 grandini
682 4933 1054 5003 respondeat,
1087 4935 1242 4989 circa
1271 4940 1490 4990 terram
1521 4937 1668 4991 nihil
1701 4941 1807 4993 est.
1837 4937 2013 5008 Neque

2143 4933 2282 5008 λάζῃ
2337 4933 2540 5009 γίνεται
2590 4932 2715 5005 περὶ
2775 4932 2920 5006 (τὴν)
2973 4938 3101 5006 γῆν.
3148 4927 3286 4986 Οὐδὲ
3338 4930 3439 5006 γὰρ
3495 4923 3553 4980 ἐκ
3601 4920 3763 5009 νέφοῑξς

381 5020 537 5075 enim
567 5038 636 5077 ex
667 5022 822 5077 nube
850 5022 910 5076 in
943 5023 1291 5094 grandinem
1322 5024 1387 5078 ﬁt
1418 5025 1667 5080 mutatio
1687 5027 1755 5097 ⁸³,
1779 5027 1881 5082 sed
1915 5026 2031 5097 pri-

378 5124 544 5163 mum
594 5111 661 5165 ﬁt
706 5109 926 5183 pluvia,
961 5115 1018 5166 et
1058 5116 1296 5187 propter
1339 5112 1778 5184 antiperistasin
1823 5130 2034 5187 conge-

379 5195 479 5253 lat.

454 5287 541 5341 17.
573 5288 677 5343 Est
705 5293 902 5344 autem
931 5289 1360 5362 antiperistasis
1402 5291 1604 5362 [quam
1635 5291 1735 5347 alii
1778 5296 2035 5348 coarcta-

383 5375 626 5446 tionem,
649 5377 748 5432 alii
779 5379 1276 5450 compressionem
1305 5381 1565 5452 undique
1588 5381 2033 5448 circumtusam,

385 5464 484 5520 alii
516 5469 791 5521 mutuum
825 5467 1134 5524 adversum
1167 5474 1444 5524 conatum
1473 5471 1703 5542 vocant]
1737 5475 2035 5526 transmu-

2144 4998 2523 5098 εἰς-χάλαζαν
2556 5023 2591 5092 ἡ
2649 4998 2954 5095 μεταδολῆ,
2987 4998 3116 5076 διλλ’
3162 4998 3374 5096 ὄμϐρος
3411 4998 3607 5093 γίνεται
3651 4998 3762 5078 πρό·

2140 5132 2321 5189 τερον,
2354 5111 2443 5166 καὶ
2477 5108 2548 5166 δι’
2576 5109 3004 5187 ἀντιπερίστασιν
3035 5110 3331 5185 πήγνυται.

2222 5291 2304 5359 ιζ’.
2357 5287 2820 5366 ’Δντιπερίστασις
2879 5285 2938 5343 δέ
2996 5286 3108 5344 έστι
3168 5284 3478 5360 μετάστασις
3536 5273 3766 5376 ικαὶθμξῖ

2144 5379 2467 5455 ταχώρησις
2499 5377 2560 5433 ἐκ
2600 5382 2710 5434 τῶν
2753 5374 2944 5451 κύκλῳ
2995 5377 3258 5454 γινομένη
3316 5370 3435 5447 περῖ
3497 5366 3564 5455 τὸ.
3611 5366 3766 5455 μέξτξν

2146 5471 2261 5524 οἷον
2317 5467 2443 5523 ὅταν
2502 5465 2948 5544 περιωθούμενόν
3005 5488 3062 5522 τι
3119 5464 3224 5521 ὑπό
3263 5483 3431 5533 τινος,
3457 5439 3765 5544 αὖτὸμπςὶλξν

384 5556 529 5612 tatio
579 5559 638 5611 et
693 5556 961 5614 transitio
1010 5559 1277 5630 quaedam
1330 5560 1402 5615 ab
1457 5525 1856 5617 ambientibus
1885 5559 2013 5616 circa

2147 5558 2211 5614 τὸ
2237 5558 2508 5633 προσεχὲς
2542 5525 2753 5631 ὁμοίως
2785 5525 3175 5634 διντιπεριωθῇ,
3203 5525 3429 5610 κάκεῖνο,
3470 5543 3532 5614 δὴ
3561 5540 3617 5594 τὸ
3660 5525 3765 5605 ἓχόο

456 5781 500 5819 ⁸⁰
531 5783 557 5841 1
590 5784 826 5838 Meteor.
859 5797 908 5838 ο.
944 5782 1032 5840 11.
1108 5783 1153 5820 ⁸⁸
1187 5782 1362 5855 Ibid.,
1390 5783 1473 5842 De
1511 5784 1736 5843 mundo
1776 5801 1904 5858 cap.
1950 5785 2003 5840 4.

2161 5785 2188 5843 1
2219 5786 2454 5843 Meteor.
2489 5800 2542 5841 c.
2578 5783 2667 5841 12.
