4114 6428
421 429 580 495 1149

1754 434 2103 497 ΡΣΡΙΤΟΜΕ
2144 433 2505 497 PHYSICA.

3675 428 3833 493 1150

426 585 584 639 μενον
640 562 730 620 καὶ
797 563 976 630 οὕτως
1023 563 1237 642 γίνηται
1295 570 1402 622 τῶν
1469 565 1652 622 τόπων
1705 565 2056 644 δινταιλλαγή¹

2187 572 2449 626 medium
2481 569 2663 637 facta;
2711 565 2958 640 exempli
2994 565 3198 641 gratia,
3230 565 3464 638 quando
3502 563 3724 638 aliquid
3756 564 3829 620 ab

420 653 698 709 κάντεῦθεν
748 659 854 709 τῶν
895 655 988 728 μὲν
1039 655 1192 732 πέριξ
1245 655 1425 710 τόπων
1479 655 1788 731 ἀπόλειψις,
1835 657 1971 733 πρὸς
2017 655 2075 711 δὲ

418 743 510 799 τὸν
576 745 734 817 μέσον
795 745 1096 815 συνώθησις
1149 746 1239 800 καὶ
1305 745 1612 808 συνέλευσις
1649 790 1660 801 .
1717 751 1884 801 Τοῦτο
1940 751 2071 822 γοῦν

420 833 531 890 ἐστι
575 834 680 908 (τὸ)
727 833 1012 910 γινόμενον
1071 835 1200 890 κάπὶ
1247 840 1344 890 τοῦ
1392 838 1596 912 θερμοῦ
1624 857 1683 891 τε
1723 836 1811 891 καὶ
1840 840 1936 890 τοῦ
1968 839 2069 910 ψυ-

419 927 581 1000 χροῦ.
641 926 800 978 Ὅταν
857 924 962 1000 γὰρ
1021 923 1284 999 ἐπικρατῇ
1344 926 1406 980 τὸ
1460 926 1700 1002 θερμὸν,
1759 925 1966 980 ἀπωθεῖ
2009 925 2071 980 τὸ

420 1012 724 1083 πλησιάζον
780 1011 926 1085 αὑτῷ
966 1018 1063 1068 τοῦ
1110 1017 1347 1090 ψυχροῦ·
1388 1017 1604 1070 κάκεῖνο
1663 1015 1825 1070 πάλιν
1884 1015 2068 1091 βιαζό-

423 1123 577 1175 μενον
646 1102 707 1156 τὸ
785 1102 1038 1179 σύνεγγυς
1097 1103 1347 1167 ἀπωθεῖ’
1407 1105 1496 1159 καὶ
1557 1109 1730 1166 οὕτως
1799 1103 2072 1177 ἀντιμεθι-

420 1192 682 1264 στάμενον
758 1192 820 1246 τὸ
895 1193 1108 1268 ψυχρὸν
1183 1192 1464 1269 συνάγεται
1519 1195 1609 1248 καὶ
1669 1193 2016 1272 συσφίγγεται
2049 1239 2067 1267 ,

415 1281 506 1335 καὶ
564 1277 1003 1357 δυναμικώτερον
1049 1278 1277 1358 γίνεκαι.
1326 1287 1495 1338 Τοῦτο
1546 1281 1603 1338 δὲ
1648 1281 1848 1358 πάσχει
1886 1285 1975 1338 καὶ
2005 1284 2068 1338 τὸ

415 1369 638 1446 θερμὸν,
698 1369 898 1425 ὁπόταν
948 1370 1210 1448 ἐπικρατῇ
1257 1371 1321 1427 τὸ
1368 1373 1579 1448 ψυχρόν
1610 1416 1621 1428 .
1673 1373 1764 1427 Διὸ
1809 1373 1899 1427 καὶ
1955 1393 2070 1449 χει-

420 1462 600 1532 μῶνος
661 1459 756 1532 μὲν
809 1460 1111 1536 θερμότερά
1167 1461 1268 1516 εἰσι
1325 1461 1392 1516 τὰ
1435 1461 1538 1517 ὑπὸ
1583 1463 1682 1530 τὴν
1730 1469 1860 1537 γῆν,
1890 1461 1979 1517 καὶ
2012 1463 2067 1517 αἱ

411 1547 588 1622 πηγαὶ
638 1551 746 1602 τῶν
809 1547 1016 1604 ὑδάτων
1066 1548 1445 1625 θερμαίνονται
1482 1597 1494 1619 ,
1553 1550 1631 1612 εἷς
1693 1552 1856 1626 βάθος
1914 1551 2064 1606 ἀπω-

415 1636 686 1710 θουμένης
733 1644 836 1707 τῆς
887 1637 1094 1714 θέρμης
1147 1639 1249 1693 ὑπὸ
1290 1645 1390 1708 τῆς
1436 1643 1534 1694 τοῦ
1580 1639 1931 1715 περιέχοντος
1962 1641 2064 1714 ψύ-

412 1726 564 1796 ξεως.
619 1727 704 1781 Ἐν
763 1723 820 1781 δὲ
873 1732 992 1788 ταῖς
1049 1724 1235 1790 άλέαις
1293 1726 1541 1801 τοῦμπα)
1561 1750 1604 1782 ιν
1660 1729 1727 1783 τά
1773 1734 2067 1805 πηγημαῖα

412 1813 580 1871 ὕδατα
622 1814 876 1892 ψύχεται,
929 1817 1283 1892 ψυχροτέρων
1335 1817 1635 1894 γινομένων
1666 1821 1772 1872 τῶν
1830 1819 1932 1873 ὑπὸ
1961 1825 2062 1895 γῆν

410 1901 501 1960 διὰ
526 1905 624 1975 τήν
656 1912 759 1975 τῆς
785 1905 1154 1981 περιεχούσης
1195 1905 1533 1983 θερμότητος
1565 1905 1927 1981 ἐπικράτειαν.

2186 661 2382 732 aliquo
2416 661 2809 732 undequaque
2841 663 3204 730 protrusum,
3235 655 3494 710 vicissim
3521 654 3716 727 ipsum
3741 672 3831 710 ea-

2183 750 2317 804 dem
2347 750 2568 804 ratione
2624 749 2970 803 continuum
3003 745 3261 818 undique
3289 745 3567 800 adversus
3599 761 3661 800 se
3693 761 3828 816 pro-

2181 839 2385 905 trudit,
2445 843 2502 894 et
2555 839 2660 893 hoc
2718 838 2775 892 id
2809 837 2964 909 quod
2997 852 3360 906 consequens
3389 839 3516 902 est;
3563 833 3647 888 sic
3677 832 3827 888 loco-

2182 945 2314 983 rum
2349 928 2414 983 ﬁt
2447 927 2818 1000 permutatio,
2853 930 2910 982 et
2938 925 3326 980 ambientium
3359 923 3597 995 quidem
3631 923 3826 978 deser-

2181 1018 2282 1083 tio,
2329 1017 2401 1071 ad
2457 1017 2717 1072 medium
2767 1021 2960 1071 autem
2994 1013 3291 1070 contrusio
3338 1018 3396 1068 et
3435 1012 3627 1067 coitio.
3661 1012 3824 1076 Quod

2180 1105 2417 1176 quidem
2453 1106 2571 1161 ﬁeri
2607 1106 2753 1160 solet
2783 1110 2840 1160 et
2871 1105 2927 1159 in
2963 1103 3152 1160 calido
3210 1108 3267 1158 et
3296 1102 3355 1156 in
3409 1100 3642 1173 frigido.
3678 1100 3822 1154 Cum

2179 1196 2333 1249 enim
2367 1196 2703 1250 dominatur
2722 1191 3278 1264 calidum,propellit
3307 1189 3592 1262 quidquid
3628 1189 3823 1260 frigidi

2180 1283 2292 1340 sibi
2347 1285 2604 1339 vicinum
2635 1287 2764 1339 est:
2799 1287 2856 1338 et
2908 1282 3018 1337 hoc
3046 1280 3305 1336 vicissim
3351 1281 3488 1335 dum
3519 1279 3637 1333 vim
3673 1277 3820 1349 pati-

2179 1378 2294 1439 tur,
2313 1374 2707 1445 propinquum
2740 1371 2968 1444 repellit
3000 1389 3012 1427 :
3045 1375 3220 1441 atque
3240 1369 3322 1424 ita
3352 1369 3630 1441 frigidum
3677 1368 3821 1422 dum

2178 1463 2468 1519 contraria
2489 1462 2832 1519 obsistentia
2852 1460 3283 1531 habet,cogitur
3297 1463 3354 1514 et
3374 1456 3817 1529 constringitur.

2179 1554 2593 1625 potentiusque
2651 1551 2921 1606 efficitur.
2982 1550 3144 1614 Quod
3194 1549 3348 1625 idem
3402 1547 3577 1602 etiam
3610 1545 3823 1602 accidit

2177 1621 2326 1698 i71
2363 1621 2571 1709 calido,
2603 1659 2736 1697 cum
2792 1640 3066 1711 frigidum
3129 1621 3484 1714 dominatur.
3521 1636 3821 1708 Quaprop-

2175 1736 2264 1787 ter
2283 1732 2460 1788 etiam
2492 1731 2537 1766 ⁸³
2565 1731 2773 1804 hyeme
2804 1731 3188 1786 subterranea
3216 1727 3343 1783 loca
3371 1726 3651 1782 calidiora
3679 1727 3823 1780 sunt

2175 1825 2232 1876 et
2283 1820 2470 1876 lentes
2519 1837 2806 1891 aquarum
2852 1817 3148 1888 caleﬁunt,
3181 1815 3320 1888 quia
3359 1813 3517 1871 calor
3569 1813 3631 1868 in
3663 1813 3818 1868 inte-

2175 1909 2328 1966 riora
2355 1927 2390 1966 a
2431 1909 2786 1966 continentis
2821 1907 3119 1980 [corporis]
3181 1903 3618 1978 refrigeratione
3655 1919 3818 1958 com-

412 1996 670 2068 pellitur.
703 1995 918 2052 Contra
949 2001 1143 2052 autem
1176 1997 1553 2054 calidioribus
1584 1998 2034 2071 tempestatibus
2065 2015 2228 2071 aquas
2262 2000 2510 2055 fontanas
2542 1999 2881 2072 frigescunt,
2907 1998 3049 2053 dum
3081 1996 3461 2052 subterranea
3489 1992 3616 2048 loca
3644 2009 3818 2065 prop-

410 2089 496 2141 ter
529 2085 848 2142 ambientis
879 2085 1088 2142 caloris
1118 2087 1446 2142 dominium
1480 2088 1783 2160 frigidiora
1811 2088 2168 2144 efﬁciuntur.

480 2174 570 2244 ιη’.
619 2177 790 2228 Τοῦτο
840 2177 967 2250 γοῦν
1022 2169 1364 2245 ὑποϐηπτέον
1416 2176 1512 2230 κάν
1561 2180 1642 2248 τῷ
1691 2174 1798 2230 ἅνω
1857 2175 2056 2250 γίνεται

2247 2181 2330 2234 18.
2364 2179 2482 2234 Hoc
2515 2177 2737 2234 scilicet
2769 2177 2947 2233 etiam
2974 2177 3031 2231 in
3063 2175 3362 2248 superiore
3390 2173 3513 2229 loco
3545 2172 3669 2228 fieri
3699 2171 3817 2227 exi-

403 2261 576 2336 τόπῳ.
635 2264 795 2318 Ὃταν
845 2264 949 2339 γάρ
1007 2264 1068 2317 τὸ
1127 2264 1384 2341 περιέχον
1438 2266 1658 2341 ὑπάρχῃ
1687 2266 1908 2340 θερμὸν,
1937 2264 2062 2320 τότε

403 2351 466 2406 τὸ
517 2354 727 2428 ψυχρον
777 2352 840 2407 τὸ
882 2351 933 2406 έν
988 2357 1106 2414 τοῖς
1162 2352 1341 2431 νέφεσι
1399 2354 1813 2430 κατισχόμενον,
1848 2355 2061 2409 ἀντιπε-

409 2440 752 2516 ριῖστάμενον
795 2437 984 2512 ἔξωθεν
1035 2438 1140 2498 ἔσω
1189 2443 1327 2519 πρὸς
1382 2444 1542 2519 βάθος
1591 2441 1679 2498 διὰ
1719 2444 1817 2512 τὴν
1871 2441 2063 2517 κύκλῳ

403 2527 754 2606 θερμότητα,
811 2531 901 2585 ὁτὲ
961 2532 1053 2604 μὲν
1111 2532 1326 2607 ταχέως
1384 2529 1532 2608 ὕδωρ
1591 2531 1650 2588 ἐκ
1702 2537 1800 2587 τοῦ
1871 2534 2061 2611 νέφους

401 2623 569 2673 ποιεῖ·
603 2615 687 2673 διὸ
730 2619 819 2673 καὶ
869 2620 922 2673 αἱ
967 2617 1194 2694 ψεκάδες
1246 2619 1296 2675 ἐν
1340 2627 1460 2683 ταῖς
1509 2620 1775 2684 ἀλεειναῖς
1826 2623 2061 2696 ἡμέραις

405 2707 646 2780 μείζους,
707 2707 796 2763 καὶ
857 2708 1001 2764 ὑετοὶ
1057 2705 1255 2786 λάϐροι
1315 2709 1404 2765 καὶ
1466 2710 1793 2788 ἐπειγμένοι,
1856 2709 1944 2765 διὰ
1997 2711 2061 2766 τὸ

398 2796 596 2872 ἀθρόον
623 2804 724 2867 τῆς
779 2795 1112 2870 μεταϐολῆς.
1163 2802 1325 2854 ’Όταν
1372 2796 1420 2854 δ’
1460 2798 1536 2854 ἔτι
1591 2799 1803 2874 μᾶλλον
1846 2801 2060 2856 ἀντιπε-

399 2891 556 2962 ριστῇ
591 2887 739 2949 ἐντὸς
788 2888 852 2942 τὸ
898 2889 1133 2964 ψυχρὸν,
1176 2889 1252 2951 ὡς
1301 2889 1492 2945 πλεῖον
1535 2891 1586 2944 έν
1618 2895 1696 2962 τῷ
1731 2891 1876 2964 βάθει
1905 2891 2060 2964 γενέ-

399 2987 542 3047 σθαι,
578 2975 1036 3050 συνελαυνόμενον
1089 2977 1167 3040 εἷς
1216 2983 1376 3034 τοῦτο
1429 2979 1532 3033 ὑπὸ
1583 2986 1682 3048 τῆς
1727 2978 1828 3049 ἔξω
1866 2979 2061 3055 θερμό·

396 3083 587 3133 τητος,
640 3066 753 3138 ἅμα
792 3085 851 3120 τε
897 3065 996 3133 τήν
1052 3065 1129 3128 εἷς
1183 3063 1330 3142 ὕδωρ
1385 3061 1694 3140 μεταϐολὴν
1738 3073 1836 3123 τοῦ
1865 3065 2057 3147 νέφους

402 3150 646 3225 ἐποίησε,
695 3153 786 3208 καὶ
839 3153 993 3217 εὐθὺς
1048 3159 1129 3227 τῷ
1173 3156 1440 3230 γενέσθαι,
1488 3157 1550 3211 τὸ
1580 3154 1725 3228 ὕδωρ
1775 3154 1938 3230 ἔπηξε
1966 3157 2057 3212 καὶ

401 3238 690 3297 ἀπετέλεσε
716 3241 983 3318 χάλαζαν.

2176 2269 2537 2324 stimandum
2569 2273 2678 2324 est.
2710 2268 2856 2323 Cum
2923 2267 3077 2323 enim
3137 2265 3440 2320 continens
3473 2263 3648 2318 fuerit
3677 2261 3817 2317 cali-

2173 2360 2337 2425 dum,
2386 2365 2513 2414 tum
2563 2358 2840 2430 frigidum
2874 2357 3028 2428 quod
3069 2356 3129 2410 in
3175 2352 3436 2410 nubibus
3491 2355 3821 2408 coarctatur

2172 2453 2229 2504 et
2260 2464 2362 2520 per
2387 2448 2824 2520 antiperistasin
2851 2446 3211 2501 extrinsecus
3244 2444 3454 2498 factam
3492 2440 3816 2496 introrsum

2172 2537 2401 2610 cogitur
2448 2537 2519 2592 ad
2593 2536 3046 2609 profunditatem
3115 2529 3538 2588 circumdantis
3608 2529 3816 2585 caloris

2171 2627 2379 2699 gratia,
2430 2627 2723 2682 interdum
2757 2643 2825 2680 ex
2883 2624 3037 2679 nube
3094 2639 3305 2694 aquam
3333 2619 3595 2676 celeriter
3637 2619 3817 2675 efficit

2173 2717 2354 2790 (unde
2397 2716 2572 2772 etiam
2629 2719 2865 2788 propter
2921 2713 3238 2768 confertam
3271 2715 3328 2766 et
3356 2709 3652 2782 copiosam
3685 2725 3814 2763 mu-

2171 2807 2450 2863 tationem
2484 2805 2690 2861 diebus
2720 2803 2926 2859 calidis
2947 2801 3113 2858 stillis
3141 2799 3481 2873 grandiores
3510 2803 3567 2854 et
3595 2797 3815 2855 imbres

2170 2894 2480 2966 impetuosi
2514 2901 2570 2950 et
2618 2892 2908 2965 properati
2968 2889 3353 2961 exoriuntur).
3413 2889 3558 2944 Cum
3617 2891 3813 2944 autem

2170 2985 2358 3056 magis
2391 2984 2711 3039 introrsum
2760 2981 2936 3036 fuerit
2965 2980 3242 3052 frigidum
3274 2983 3543 3034 coactum
3574 2992 3682 3048 per
3711 2994 3813 3032 an-

2167 3072 2551 3144 tiperistasin,
2596 3075 2660 3127 ut
2716 3070 2773 3125 in
2809 3069 3264 3142 profunditatem
3305 3067 3496 3138 magis
3544 3065 3812 3136 resideat,

2167 3163 2238 3218 ad
2270 3179 2400 3217 eam
2435 3161 2715 3216 nimirum
2749 3160 2821 3215 ab
2879 3157 3158 3215 exteriore
3197 3157 3387 3213 calore
3417 3154 3812 3226 compulsum,

2165 3256 2294 3307 tum
2326 3249 2505 3306 simul
2527 3254 2585 3305 et
2615 3248 2791 3304 nubis
2812 3247 3196 3303 mutationem
3221 3245 3280 3300 in
3313 3261 3526 3317 aquam
3558 3244 3728 3309 fecit;
3759 3247 3816 3299 et

2165 3339 2343 3396 simul
2375 3356 2442 3395 ac
2471 3356 2540 3394 ea
2570 3338 2722 3394 facta
2749 3340 2858 3408 est,
2890 3352 3106 3408 aquam
3136 3335 3198 3390 in
3228 3333 3475 3408 glaciem
3508 3331 3812 3401 convertit,

2163 3433 2221 3485 et
2250 3428 2592 3502 grandinem
2625 3427 2832 3484 effecit.

473 3509 554 3566 ιϐ’.
617 3506 914 3583 Συμϐαίνει
976 3509 1034 3566 δὲ
1075 3515 1258 3586 τοῦτο,
1319 3513 1444 3568 ὅταν
1493 3514 1713 3590 ὑπάρχῃ
1761 3513 1964 3578 θάττων
2015 3515 2050 3584 ἡ

475 3599 496 3619 β
543 3618 548 3619 ,
673 3603 700 3614 ὐ
764 3596 825 3619 οθθ
1049 3601 1076 3619 !\
1146 3604 1158 3619 Ι
1235 3600 1250 3618 Ί
1304 3601 1318 3619 \
1423 3603 1437 3619 \
1547 3601 1558 3619 1
1813 3602 1827 3619 \
1909 3602 1922 3619 θ
1998 3607 2025 3618 ~

2239 3519 2324 3573 19.
2357 3517 2585 3574 Accidit
2613 3521 2809 3573 autem
2839 3515 2950 3571 hoc
2999 3515 3154 3571 172
3203 3530 3338 3570 cum
3369 3511 3610 3569 celerior
3641 3511 3815 3568 fuerit

390 3599 552 3670 πῆξις
605 3603 704 3653 τοῦ
762 3596 980 3670 ὕδατος,
1041 3601 1076 3671 ἢ
1135 3604 1170 3671 ἡ
1232 3600 1320 3656 ἐπὶ
1378 3603 1446 3658 τά
1497 3601 1644 3658 κάτω
1697 3602 1838 3681 φορά
1865 3602 2049 3658 αὑτοῦ·

395 3683 511 3740 ἐπεὶ
556 3687 661 3764 γὰρ
710 3686 746 3756 ἥ
794 3709 853 3743 τε
896 3691 1178 3768 καταφορὰ
1223 3695 1322 3745 τοῦ
1369 3689 1565 3754 ὕδατος
1609 3692 1660 3747 έν
1691 3692 1878 3768 χρόνῳ
1909 3692 2051 3768 γίνε-

391 3794 481 3829 ται
509 3776 544 3844 ἢ
589 3797 649 3830 τε
694 3778 856 3848 πῆξις
907 3776 958 3832 έν
1009 3779 1220 3855 χρόνῳ,
1271 3779 1396 3835 ὅταν
1446 3779 1690 3837 ἐλάττονι
1737 3782 1922 3858 χρόνῳ
1955 3787 2052 3838 τοῦ

389 3869 491 3933 τῆς
521 3871 830 3943 καταφορᾶς
869 3868 905 3936 ἡ
955 3867 1118 3938 πῆξις
1164 3866 1411 3943 γένηται,
1454 3871 1724 3945 πήγνυται
1770 3870 1832 3926 τὸ
1881 3868 2049 3945 ὕδωρ,

392 3949 470 4008 ἔτι
503 3950 562 4007 ὂν
597 3953 705 4008 ἄνω
737 3952 788 4008 ἐν
815 3959 896 4026 τῷ
924 3954 1080 4028 τόπῳ
1108 3960 1207 4010 τοῦ
1237 3957 1451 4036 νέφους.

460 4043 526 4096 κ’.
560 4044 708 4116 ’Όσῳ
741 4039 788 4097 δ’
819 4041 878 4097 ἃν
924 4041 1215 4119 ἐγγύτερον
1269 4052 1372 4116 τῆς
1419 4049 1521 4122 γῆς
1572 4048 1629 4101 αἱ
1676 4053 1921 4102 τοιαῦται
1961 4050 2051 4125 γί-

389 4150 568 4185 νοιντο
617 4125 958 4204 μεταϐολαὶ,
1004 4131 1250 4206 τοσούτῳ
1296 4133 1387 4189 καὶ
1436 4135 1766 4212 ἀθροώτεραι
1814 4133 1902 4190 διὰ
1945 4137 2047 4204 τήν

387 4223 486 4274 τοῦ
529 4219 703 4274 τόπου
753 4219 1086 4297 θερμότητα,
1144 4222 1234 4276 καί
1283 4221 1428 4278 πολὺ
1465 4224 1686 4298 μείζους
1734 4225 1788 4279 αἱ
1819 4223 2047 4299 ψεκάδες

387 4307 476 4363 καὶ
535 4309 604 4363 τὰ
660 4306 827 4364 ὕδατα
885 4305 1216 4387 λαϐρότερα,
1267 4311 1356 4366 καὶ
1389 4313 1444 4366 αἱ
1491 4311 1730 4389 χάλαζαι
1777 4313 2044 4390 μέγισται,

386 4396 476 4452 καὶ
510 4397 572 4452 οὐ
602 4397 940 4475 στρογγύλαι
969 4400 1033 4454 τὸ
1065 4405 1262 4475 σχῆμα
1316 4397 1405 4456 διὰ
1450 4402 1513 4457 τὸ
1550 4402 1758 4480 βραχὺν
1796 4405 2044 4482 φέρεσθαι

385 4485 554 4541 τόπον
585 4489 678 4542 καὶ
713 4489 789 4562 μὴ
822 4489 921 4550 τὰς
952 4488 1126 4544 αὑτῶν
1160 4488 1355 4565 ἐξοχὰς
1387 4489 1438 4545 έν
1470 4495 1550 4564 τῷ
1579 4489 1778 4565 πολλῷ
1823 4490 2044 4562 διαστή-

391 4595 518 4648 ματι
551 4577 966 4652 περιθραύεσθαι
995 4581 1096 4647 τῆς
1127 4585 1459 4659 καταφορᾶς,
1491 4579 1624 4658 ὅπερ
1654 4580 1956 4658 πάσχουσιν
1989 4583 2045 4637 αἱ

386 4663 680 4741 φερόμεναι
710 4665 1015 4742 πόρῥωθεν.

455 4753 590 4816 καθ’.
642 4753 716 4808 Οὑ
763 4755 960 4810 πυκναὶ
1010 4753 1068 4812 δὲ
1096 4756 1384 4814 πίπτουσιν
1435 4760 1489 4814 αἱ
1524 4759 1756 4837 μεγάλαι
1795 4759 2041 4835 ψεκάδες,

385 4836 476 4895 διά
502 4861 562 4896 τε
588 4842 652 4897 τὸ
701 4841 866 4919 ἐγγὺς
911 4843 1150 4922 γίνεσθαι
1196 4848 1296 4917 τήν
1340 4847 1548 4904 τούτων
1585 4836 1918 4924 μεταϐολὴν,
1953 4853 2044 4907 καὶ

383 4929 601 5006 φθάνειν
646 4931 742 4994 τὰς
789 4934 1011 5010 πρώτας
1065 4936 1455 5016 καταφέρεσθαι
1501 4939 1608 5014 πρὸ
1653 4946 1756 5008 τῆς
1802 4944 1910 4994 τῶν
1943 4939 2042 4996 ἄλ·
2075 4926 2121 4990 D

383 5016 495 5074 λων
549 5018 830 5096 γενέσεως,
881 5022 970 5078 καὶ
1011 5021 1100 5078 διὰ
1144 5026 1208 5081 τὸ
1262 5027 1338 5100 μὴ
1373 5025 1695 5100 διαιρεῖσθαι
1745 5027 1940 5091 ταύτας
1991 5029 2042 5085 ἐν

382 5107 495 5183 (τῇ)
553 5115 854 5189 καταφορᾷ·
913 5113 1090 5176 καθὼς
1147 5115 1204 5170 αἱ
1249 5114 1340 5194 ἀφ’
1387 5114 1556 5191 ὕψους
1596 5117 1889 5194 φερόμεναι
1922 5116 2044 5173 δια-

376 5196 670 5271 τέμνονται
719 5198 810 5255 καὶ
859 5196 1264 5278 διαμερίζονται
1310 5208 1380 5279 τῇ
1442 5210 1622 5281 μακρᾷ
1667 5203 1902 5280 καθόδῳ,
1951 5208 2038 5262 καθ

379 5287 813 5364 σμικρυνόμεναι
841 5295 1186 5348 πυκνοῦνται.

447 5377 554 5452 κβ’.
629 5377 873 5433 Γίνονται
945 5376 1003 5434 δὲ
1081 5381 1138 5433 αἱ
1207 5379 1449 5457 χάλαζαι
1518 5381 1678 5461 ἔαρος
1759 5385 1855 5458 μὶν
1943 5387 2042 5460 μά-

376 5461 536 5550 λιστα
592 5466 683 5522 καὶ
733 5468 1078 5542 μετοπώρου·
1125 5476 1225 5540 τῆς
1275 5467 1320 5526 δ’
1369 5470 1590 5549 ὀπώρας
1644 5472 1918 5550 ὀλιγάκις,
1957 5473 2037 5532 ἔτι

377 5549 427 5607 δ’
485 5553 570 5610 ἐπ’
626 5552 851 5613 ἔλαττον
908 5561 1006 5612 τοῦ
1061 5563 1377 5634 χειμῶνος,
1440 5559 1529 5616 καί
1585 5561 1710 5617 τότε
1766 5563 1890 5618 ὅταν
1949 5567 2039 5634 ἧτ-

444 5770 492 5808 ⁶³
524 5772 552 5829 1
581 5773 816 5831 Meteor.
849 5790 902 5832 ο.
943 5777 1026 5832 12.
1101 5775 1149 5814 ⁸⁸
1175 5775 1323 5835 Ibid.
1399 5777 1446 5814 ⁸³
1475 5777 1622 5838 Ibid.

2167 3624 2330 3680 aquae
2389 3605 2711 3680 congelatio
2763 3622 2940 3678 quam
2972 3605 3238 3676 ejusdem
3271 3603 3546 3658 deorsum
3577 3599 3810 3656 delatio.

2165 3697 2449 3764 Quoniam
2483 3696 2636 3752 enim
2671 3700 2727 3750 et
2755 3712 2922 3767 aqua:
2979 3693 3286 3748 delatio-in
3317 3698 3577 3762 tempore
3633 3691 3698 3755 5‘,
3756 3694 3814 3746 et

2164 3786 2487 3856 congelatio
2518 3785 2656 3840 item
2705 3785 2763 3840 in
2798 3789 3059 3856 tempore
3081 3783 3182 3850 fit;
3215 3798 3350 3836 cum
3398 3780 3572 3836 citius
3631 3796 3810 3851 quam

2163 3875 2460 3932 deferatur
2489 3875 2554 3929 ﬁt
2584 3872 2928 3946 congelatio,
2975 3871 3300 3942 conglaciat
3345 3886 3498 3941 aqua
3527 3867 3719 3923 adhuc
3749 3867 3811 3922 in

2162 3963 2460 4035 superiore
2489 3967 2653 4034 parte
2686 3961 2860 4016 nubis
2892 3960 3165 4016 existens.

2229 4053 2318 4107 20.
2354 4053 2580 4118 Quanto
2609 4051 2849 4124 propius
2881 4055 3075 4105 autem
3106 4054 3320 4104 terram
3354 4046 3642 4119 ejusmodi
3675 4061 3809 4101 mu-

2160 4141 2412 4197 tationes
2442 4140 2812 4214 contigerint,
2845 4143 3006 4194 tanto
3037 4137 3213 4194 etiam
3245 4141 3483 4210 propter
3505 4135 3616 4190 loci
3655 4134 3807 4191 calo-

2159 4246 2282 4284 rem
2343 4228 2697 4300 copiosiores
2754 4231 2914 4295 sunt,
2947 4231 3004 4282 et
3052 4225 3238 4280 multo
3270 4225 3520 4295 majores
3551 4221 3720 4278 stillae
3752 4226 3809 4277 et

2159 4335 2319 4388 aqua;
2351 4317 2821 4388 impetuosiores,
2855 4320 2912 4371 et
2939 4315 3256 4388 grandines
3286 4311 3576 4380 maximae,
3609 4328 3715 4366 nec
3743 4311 3808 4366 ﬁ-

2157 4422 2304 4479 gura
2333 4408 2634 4473 rotundae;
2669 4407 2809 4478 quia
2847 4421 2952 4477 per
2987 4405 3159 4460 breve
3207 4404 3477 4458 feruntur
3523 4399 3802 4473 spatium,

2156 4513 2264 4552 nec
2295 4512 2496 4552 earum
2529 4496 2924 4551 extremitates
2955 4493 3127 4566 longo
3157 4491 3470 4548 delationis
3501 4489 3804 4546 intervallo

2157 4585 2215 4639 in
2243 4584 2490 4640 circuitu
2524 4585 2895 4658 franguntur,
2923 4584 3074 4654 quod
3109 4581 3227 4637 illis
3261 4579 3474 4636 accidit
3501 4595 3628 4652 quae
3654 4577 3802 4634 emi-

2156 4691 2268 4730 nus
2297 4673 2584 4729 feruntur.

2224 4763 2314 4818 21.
2346 4767 2472 4817 Jam
2525 4779 2658 4818 vero
2691 4778 2915 4834 magnae
2947 4759 3113 4816 stillae
3171 4775 3286 4815 non
3317 4758 3537 4814 cadunt
3587 4756 3799 4826 dense,

2154 4857 2210 4908 et
2239 4851 2378 4924 quia
2408 4868 2585 4924 prope
2617 4852 2683 4907 fit
2740 4867 2941 4907 earum
2973 4848 3219 4905 mutatio
3247 4849 3312 4915 ³⁵,
3345 4853 3402 4903 et
3440 4847 3580 4918 quia
3609 4845 3803 4919 prima:

2153 4941 2316 5014 prius
2348 4941 2710 5010 deferuntur,
2746 4957 2923 5012 quam
2970 4939 3095 4994 alia:
3153 4942 3524 5010 generentur,
3555 4940 3613 4992 et
3663 4934 3804 5008 quia

2153 5029 2240 5084 be
2272 5030 2329 5084 in
2365 5029 2656 5086 delatione
2693 5046 2806 5084 non
2840 5027 3184 5082 dividuntur
3238 5044 3250 5080 :
3300 5025 3799 5097 quemadmodum

2153 5135 2284 5190 quae
2315 5135 2384 5174 ex
2414 5117 2531 5174 alto
2562 5119 2850 5183 feruntur,
2884 5115 3056 5189 longe
3088 5116 3376 5171 descensu
3430 5113 3802 5169 dissecantur

2153 5213 2209 5264 et
2239 5208 2599 5275 dividuntur,
2633 5210 2690 5262 et
2715 5206 3060 5262 minutiores
3091 5206 3254 5260 factae
3283 5204 3628 5260 densentur.

2220 5389 2310 5443 22.
2339 5387 2514 5442 Fiunt
2544 5401 2718 5460 porro
2747 5384 3065 5458 grandines
3095 5398 3226 5439 vere
3272 5381 3513 5454 quidem
3562 5378 3800 5453 potissi-

2150 5493 2316 5532 mum
2373 5480 2431 5532 et
2486 5476 2596 5530 sub
2655 5475 2831 5531 ﬁnem
2864 5473 3170 5542 autumni;
3222 5487 3354 5527 raro
3383 5475 3688 5537 autumno,
3742 5471 3801 5525 et

2146 5564 2578 5638 infrequentius
2609 5563 2857 5637 hyeme;
2891 5567 3066 5636 atque
3120 5567 3247 5618 tum
3305 5576 3440 5619 cum
3480 5559 3680 5618 minus
3709 5561 3801 5616 est
