4114 6428
276 425 425 487 1151

1510 435 1935 498 NICEPHORI
1979 437 2419 500 BLEMMID/E

3530 442 3702 504 1152

270 558 506 632 frigoris
540 577 553 617 :
588 577 653 617 ac
671 560 732 617 in
762 563 1101 622 universum
1132 565 1361 624 ﬁuntin
1386 567 1528 626 locis
1548 572 1916 642 temperatio-

2043 589 2121 624 εον
2161 569 2199 644 ᾖ
2257 573 2457 646 ψῦχος.
2515 567 2698 634 Ὅλως
2755 567 2801 627 δ’
2854 571 2906 628 ἐν
2959 577 3079 636 τοῖς
3135 569 3544 652 εὐδιεινοτέροις
3602 576 3698 650 γί-

269 648 435 706 ribus
474 655 532 706 et
577 653 733 710 178
779 656 1145 727 temporibus
1202 657 1582 716 calidioribus
1635 662 1701 727 ⁸⁸,
1750 663 1921 734 cujus

270 755 449 795 causa
478 746 569 796 est
597 743 1048 815 antiperistasis.
1099 747 1222 802 Non
1255 753 1451 804 autem
1493 751 1692 807 crebro
1723 756 1921 808 aestate

271 828 441 894 ﬁunt,
475 833 712 888 tametsi
747 833 936 906 magis
993 836 1071 892 sit
1119 837 1326 908 calida,
1361 841 1434 894 ob
1467 839 1729 896 humoris
1759 842 1919 897 defe-

272 922 433 974 ctum
466 921 565 991 qui
597 937 729 977 vere
758 923 1031 995 copiosus
1060 930 1151 981 est
1179 932 1236 982 et
1266 928 1336 982 ab
1369 928 1575 1001 hyeme
1615 932 1917 987 remansit.

272 1008 342 1064 Et
368 1025 504 1065 vero
542 1011 718 1066 etiam
763 1014 1033 1068 autumni
1080 1015 1214 1070 finis
1253 1018 1381 1088 jam
1413 1019 1704 1075 humescit
1744 1022 1918 1076 ﬁunt-

271 1114 386 1170 que
415 1099 592 1154 etiam
643 1106 926 1158 autumno
957 1105 1273 1175 grandines
1307 1107 1559 1164 maxime
1589 1109 1918 1178 desinente,

271 1204 404 1243 cum
438 1190 591 1259 quod
618 1191 744 1261 jam
789 1191 1005 1248 humor
1053 1201 1263 1265 praesto
1310 1196 1406 1261 sit,
1439 1202 1564 1252 tum
1613 1200 1768 1270 quod
1791 1201 1918 1271 jam

269 1282 405 1332 ante
427 1295 524 1333 aer
549 1277 1025 1352 incaluerit,quin
1049 1282 1106 1337 in
1140 1301 1354 1356 aquam
1381 1291 1662 1342 mutatur.
1687 1289 1832 1344 Nam
1863 1293 1921 1344 et

268 1365 378 1421 hoc
417 1381 486 1421 ex
517 1369 773 1438 quadam
805 1376 966 1442 parte
1021 1373 1092 1426 ad
1151 1374 1608 1446 refrigerationis
1656 1377 1916 1436 celerita-

269 1459 387 1510 tem
419 1461 512 1512 est
562 1457 724 1514 utile.
776 1461 912 1525 Quae
957 1462 1111 1516 enim
1173 1468 1343 1520 antea
1376 1464 1651 1521 calefacta
1686 1472 1826 1522 sunt
1852 1469 1918 1538 ⁸⁷,

270 1560 405 1600 cum
438 1546 683 1602 celerius
711 1552 836 1604 tum
866 1549 1267 1607 vehementius
1298 1555 1737 1625 refrigerantur.

339 1635 431 1689 23.
485 1635 784 1692 Postremo
839 1639 884 1673 ⁸⁸
940 1639 1093 1695 circa
1136 1640 1408 1697 Arabiam
1464 1647 1524 1698 et
1559 1644 1917 1716 Ethiopiam

271 1727 491 1790 estate,
551 1741 668 1780 non
711 1725 919 1798 hyeme
975 1727 1205 1800 pluvias
1264 1746 1480 1798 easque
1537 1733 1716 1788 etiam
1746 1733 1915 1789 vehe-

2029 679 2206 714 νονται
2252 659 2444 722 τόποίς
2495 661 2586 716 καὶ
2627 667 2744 724 τοῖς
2797 661 3188 738 ἀλεεινοτέροις
3237 669 3451 740 καιροῖς
3503 662 3594 720 διὰ
3629 665 3702 721 τὸ

2028 756 2128 818 τῆς
2171 747 2658 825 ἀντιπεριστάσεως
2703 748 2893 806 αἴτιον.
2947 752 3027 809 Οὐ
3072 753 3314 828 γίνονται
3363 751 3421 809 δὲ
3473 752 3698 810 πολλά-

2028 859 2114 902 κις
2142 843 2241 894 τοῦ
2275 839 2484 915 θέρους,
2529 841 2708 895 καίτοι
2757 840 2970 915 μᾶλλον
3022 837 3177 906 ὄντος
3209 848 3435 920 θερμοῦ,
3470 841 3561 899 διὰ
3587 846 3696 914 τὴν

2030 925 2233 984 ἔνδειαν
2264 936 2363 998 τῆς
2413 929 2736 1006 ὑγρότητος,
2788 930 2911 1000 ἥτις
2962 930 3014 986 ἐν
3045 937 3125 1004 τῷ
3153 930 3271 1008 ἔαρι
3300 931 3490 1004 πολλή
3545 933 3693 989 ἐστιν

2031 1018 2134 1072 ἀπὸ
2178 1022 2276 1073 τοῦ
2325 1023 2602 1094 ’χειμῶνος
2655 1018 2908 1091 μένουσα.
2968 1020 3067 1075 Καὶ
3123 1021 3188 1076 τὸ
3250 1021 3572 1099 μετόπωρον
3635 1021 3699 1078 δὲ

2028 1104 2137 1178 ἤδη
2191 1107 2518 1182 ὑγραίνεται.
2567 1108 2804 1163 Γίνονται
2851 1107 2909 1164 δὲ
2961 1110 3050 1164 καὶ
3096 1117 3198 1180 τῆς
3250 1112 3472 1186 ὀπώρας
3503 1113 3696 1188 χάλα-

2032 1201 2114 1266 ζαι
2167 1197 2255 1252 καὶ
2307 1196 2520 1269 μᾶλλον
2575 1196 2876 1273 ληγούσης,
2929 1197 3019 1254 διὰ
3063 1200 3127 1255 τὸ
3178 1197 3285 1271 ἤδη
3327 1222 3387 1255 τε
3416 1201 3696 1277 ὑγρότητα

2030 1285 2184 1357 εἶναι,
2244 1285 2334 1340 καὶ
2386 1283 2475 1340 διὰ
2520 1287 2582 1341 τὸ
2641 1289 3108 1364 προτεθερμάνθαι
3152 1289 3246 1344 τὸν
3298 1288 3430 1366 ἀέρα
3465 1291 3559 1345 τὸν
3613 1291 3696 1354 εἰς

2030 1373 2176 1452 ὕδωρ
2213 1369 2648 1448 μεταϐάλλοντα.
2684 1372 3076 1450 Συμϐάλλεται
3103 1380 3207 1454 γάρ
3238 1399 3357 1440 πως
3386 1379 3478 1433 καὶ
3525 1384 3688 1434 τοῦτο

2027 1465 2165 1539 πρὸς
2211 1466 2311 1534 τήν
2354 1472 2640 1540 ταχυτῆτα
2689 1473 2789 1536 τῆς
2835 1466 3066 1540 ψύξεως.
3098 1470 3173 1522 Τὰ
3209 1467 3310 1544 γὰρ
3341 1480 3694 1544 προθερμαν-

2029 1549 2185 1614 θέντα
2210 1550 2510 1627 ταχύτερόν
2537 1573 2596 1606 τε
2623 1553 2713 1607 καὶ
2747 1553 3099 1629 ἰσχυρότερον
3125 1554 3378 1630 ψύχεται.

2097 1642 2198 1715 κγ’.
2260 1639 2487 1716 Μέγεται
2549 1639 2607 1696 δὲ
2662 1642 2785 1717 περὶ
2830 1643 2930 1711 τήν
2961 1637 3218 1719 Ἀραϐίαν
3272 1643 3363 1698 καὶ
3393 1643 3694 1700 Αἰθιοπίαν

2024 1733 2122 1783 τοῦ
2153 1730 2358 1805 θέρους.
2417 1729 2544 1787 ἀλλ’
2595 1731 2657 1786 οὐ
2703 1737 2802 1786 τοῦ
2851 1737 3129 1808 χειμῶνος
3174 1732 3302 1795 τοὺς
3333 1728 3582 1809 ὄμϐρους
3611 1735 3701 1810 γί-

271 1817 495 1868 mentes
524 1817 582 1868 et
610 1831 762 1886 sape
792 1832 909 1872 uno
961 1816 1054 1872 die
1085 1817 1208 1872 ﬁeri
1271 1819 1473 1876 dicunt
1503 1839 1516 1888 ;
1559 1837 1918 1894 causamque

2043 1820 2221 1889 ιεσθαι,
2281 1817 2371 1873 καὶ
2425 1824 2594 1874 ταῦτα
2652 1818 2942 1896 ῥαγδαίους
2994 1821 3086 1876 καὶ
3129 1829 3230 1892 τῆς
3280 1821 3448 1892 αὐτῆς
3479 1822 3701 1900 ἡμέρας

269 1900 449 1972 hujus
482 1902 562 1958 rei
592 1903 666 1958 ab
707 1903 1105 1976 antiperistasi
1137 1907 1410 1978 reddunt,
1459 1926 1586 1981 quae
1619 1911 1755 1966 inde
1783 1928 1914 1967 exo-

269 1990 415 2014 ΔΑ.---
493 1993 639 2014 ---ΑΔ
691 1993 843 2014 ___:-
893 1994 1049 2014 _-_1j_
1111 1994 1211 2014 ,κιο
1237 1997 1251 2014 1
1393 2001 1403 2014 ι
1478 2002 1534 2014 τυ
1627 2000 1638 2010 ο
1751 2000 1762 2010 ο
1860 2001 1871 2012 ο

2043 1906 2319 1971 τολλάκις.
2373 1911 2472 1964 Καὶ
2525 1908 2844 1966 ἀποδίδοται
2888 1911 2980 1966 καὶ
3019 1915 3116 1967 τοῦ
3161 1911 3414 1967 τοιούτου
3446 1911 3624 1968 αἴτιον
3657 1917 3697 1983 ἡ

268 1990 436 2059 ritur,
489 1993 642 2063 quod
691 1993 850 2065 regio
893 1994 1057 2050 valde
1105 1994 1294 2051 calida
1323 2001 1430 2053 est.
1477 2002 1544 2053 Et
1591 2000 1639 2054 si
1671 2000 1828 2055 enim
1857 2001 1916 2055 in

267 2077 382 2134 illis
415 2081 680 2151 partibus
711 2086 881 2137 aestas
912 2083 1166 2139 maxime
1195 2085 1350 2141 sicca
1379 2091 1470 2142 est
1515 2105 1528 2142 :
1578 2089 1637 2143 in
1669 2089 1799 2145 aliis
1828 2093 1922 2145 ta-

270 2185 404 2224 men
435 2168 579 2226 locis
611 2170 942 2242 pluviarum
965 2174 1212 2229 materia
1233 2180 1754 2249 coacervatur,quae
1777 2179 1919 2234 dum

267 2256 457 2312 ventis
489 2259 1004 2316 anniversarsariis
1027 2263 1098 2316 ad
1123 2267 1352 2319 montes
1381 2263 1521 2319 illuc
1553 2265 1922 2337 compellitur

269 2347 540 2402 consistit
577 2352 635 2403 et
676 2348 784 2404 has
831 2365 980 2420 quas
1021 2358 1504 2424 commemorant,
1556 2354 1780 2425 pluvias
1826 2372 1920 2428 ge-

271 2440 458 2493 norat.

2033 1998 2486 2074 ἀντιπερίστασις,
2539 2000 2662 2069 ἥτις
2713 2001 2915 2076 γίνεται
2973 1998 3064 2055 διὰ
3117 2002 3180 2056 τὸ
3243 1999 3494 2070 ἀλεεινὴν
3555 2002 3701 2057 εἶναι

2029 2088 2128 2155 τὴν
2162 2087 2350 2164 χώραν
2404 2089 2662 2165 ἰσχυρῶς.
2696 2089 2761 2143 Et
2812 2087 2870 2144 δὲ
2898 2089 2963 2144 τὸ
3008 2087 3166 2166 θέρος
3197 2089 3248 2144 έν
3301 2090 3528 2152 ἐκείνοις
3573 2096 3702 2154 τοῖς

2036 2175 2216 2253 μέρεσι
2271 2175 2509 2250 μάλιστα
2568 2178 2885 2254 ξηρότατον,
2945 2178 3072 2234 ἀλλ’
3129 2179 3182 2234 έν
3242 2179 3440 2242 ἄλλοις
3494 2179 3699 2244 τόποις

2029 2267 2065 2335 ἡ
2106 2270 2211 2320 τῶν
2241 2261 2466 2342 ὄμϐρων
2495 2267 2798 2342 ἀθροίζεται
2848 2266 2978 2339 ὕλη,
3028 2266 3119 2322 καί
3171 2269 3275 2323 ὑπὸ
3303 2273 3412 2323 τῶν
3455 2268 3699 2337 ἐτησίων

2029 2356 2350 2428 πνευμάτων
2398 2355 2474 2419 εἷς
2521 2356 2588 2411 τὰ
2637 2355 2808 2412 ἐκεῖσε
2862 2351 2964 2433 ὄρη
3016 2357 3381 2432 ἀπωθουμένη
3441 2356 3699 2413 συνίστα-

2027 2463 2140 2514 ται,
2166 2443 2256 2498 καὶ
2283 2442 2412 2508 τοὺς
2443 2444 2867 2521 ἱστορουμένους
2899 2445 3086 2509 ὑετοὺς
3115 2446 3408 2521 ἀπογεννᾷ.

1581 2668 1922 2725 SYNOPSIS
1960 2668 2234 2725 CAPITIS
2272 2669 2386 2727 XV.

1429 2773 1582 2820 QUOD
1620 2774 1723 2814 EST
1758 2774 1830 2814 DE
1866 2775 2144 2815 FONTIBUS
2179 2775 2248 2814 ET
2285 2775 2529 2816 FLUVIIS.

276 2874 320 2928 1
339 2873 441 2928 74
473 2870 532 2959 1..
570 2869 854 2959 [temonet
869 2891 1109 2934 causam
1138 2892 1255 2959 non
1301 2891 1502 2935 veram
1530 2874 1933 2959 generationis
1958 2875 2214 2954 fontium
2234 2884 2300 2959 et
2317 2875 2722 2956 ﬂuviorum,et
2740 2877 3124 2959 remotionem
3149 2877 3372 2959 probat
3399 2897 3470 2939 ac
3498 2897 3700 2958 argu-

355 2957 546 3040 mento
575 2951 953 3030 defluentium
983 2953 1330 3040 eo:_nubibus
1359 2973 1656 3035 aquarum
1685 2951 1977 3040 declarat.
2009 2989 2105 3040 --_
2134 2959 2196 3016 2.
2249 2951 2428 3040 Vetas
2474 2975 2682 3040 causas
2723 2957 2968 3040 indicat,
3001 2951 3214 3040 easque
3241 2959 3525 3040 explicat,
3559 2951 3706 3039 Quae

351 3028 565 3122 eaedem
594 3028 730 3091 sunt
759 3052 888 3124 cum
916 3034 1108 3126 _causis
1136 3028 1428 3114 aquarum
1455 3043 1704 3129 superne
1733 3035 2229 3129 descendentium;
2257 3070 2340 3129 -:
2361 3038 2428 3129 .3;
2459 3035 2801 3129 Occupatio.
2835 3028 3018 3129 -Ᾰη
3035 3028 3708 3129 σᾷτηρανὰεὼηθὶηίὴξ-

363 3112 529 3197 tituit
554 3115 947 3197 generationis
976 3112 1269 3197 aquarum
1299 3135 1482 3194 supra
1513 3112 1566 3176 et
1597 3116 1763 3194 infra
1789 3125 2146 3197 terrams—
2196 3118 2253 3175 5.
2289 3112 2704 3196 Diﬂ‘erentiam
2735 3118 3041 3179 constituit
3065 3112 3324 3197 fontium
3352 3130 3410 3180 et
3432 3121 3703 3181 scaturi-

354 3192 582 3282 ginum.
621 3224 692 3237 -—
724 3197 783 3252 6.
814 3192 1122 3282 Plurimos
1152 3192 1523 3282 etmaaiimos
1549 3192 1742 3276 fontes
1771 3215 1807 3256 a
1845 3196 2137 3282 montibus
2166 3192 2506 3282 editioribus
2552 3199 2861 3282 exordium
2887 3192 3126 3282 [labere
3147 3203 3530 3281 pronuntiat,
3563 3202 3710 3282 gui-

360 3270 464 3362 bus
492 3272 667 3362 etiam
700 3273 896 3362 multa?
942 3277 1332 3355 scaturigines
1378 3270 1584 3336 vicinis
1610 3286 1796 3362 sunt;
1836 3279 1987 3362 quia
2034 3278 2333 3362 nimirum
2367 3288 2587 3362 montes
2633 3278 2930 3362 ejusmodi
2992 3299 3124 3362 cum
3147 3270 3167 3281 ’
3197 3299 3419 3362 aquam
3447 3270 3708 3362 multam

353 3350 678 3438 pluvialem
709 3350 1205 3438 in'se‘reczpiunt,
1245 3365 1366 3416 tum
1398 3359 1694 3437 copiosam
1727 3350 1961 3437 ipsimet
1986 3376 2062 3417 ea:
2081 3358 2412 3438 uaporibus
2433 3360 2494 3419 in
2523 3378 2582 3419 se
2609 3350 2904 3437 gineratis
2932 3350 3276 3431 conﬁciunt.
3312 3395 3392 3407 —
3419 3364 3478 3422 7.
3517 3361 3710 3437 Quasi

349 3450 509 3516 p_er__
541 3435 801 3508 porisma
857 3435 1057 3516 infert,
1113 3436 1319 3514 ﬂuuios
1397 3435 1509 3516 qui
1546 3455 1618 3497 ea:
1675 3435 1902 3516 stagnis
1932 3437 2090 3498 oriri
2131 3435 2431 3510 videntur,
2488 3435 2875 3500 nihilominus
2921 3438 3134 3501 habere
3180 3441 3453 3502 exordia.
3514 3435 3597 3487 J—
3634 3443 3704 3502 8.

365 3510 590 3587 Quibus
617 3533 655 3575 a
681 3510 972 3575 montibus
999 3510 1303 3597 perennes,
1336 3524 1390 3576 et
1408 3510 1459 3578 ἀ
1487 3517 1700 3598 quibus
1731 3510 1944 3597 eiigui
1967 3521 2245 3599 temporis
2239 3519 2446 3659 αγ’ἷιιυίί
2487 3520 2787 3580 oriantur.
2822 3553 2901 3565 —
2930 3523 2991 3580 9.
3047 3521 3321 3582 Aliorum
3348 3522 3716 3584 sententiam

365 3592 429 3652 de
455 3593 688 3659 oriaine
715 3597 974 3659 fontium
1003 3599 1306 3659 nrononit.
1357 3616 1600 3659 eamaue
1644 3599 1904 3659 primum
1957 3598 2236 3659 disputavi
2283 3601 2311 3659 i
2352 3601 2555 3659 aratia
2584 3599 2835 3659 refutat.
2887 3635 2965 3645 ———
3000 3603 3099 3659 10.
3133 3601 3428 3659 Eamdem
3457 3622 3534 3659 ex
3561 3621 3716 3659 vera

358 3592 429 3652 de
455 3593 974 3691 origine-fontium
999 3592 1306 3691 proponit,
1357 3592 1610 3691 ear/inae.
1638 3592 1904 3691 primum
1957 3592 2236 3691 disputavi

2283 3601 2311 3660 ι’
2349 3601 2555 3680 gratia
2584 3599 2835 3678 refutat.
2887 3635 2965 3645 ———
3000 3603 3099 3662 10.
3133 3601 3428 3664 Eamdem
3457 3622 3534 3664 ex
3561 3621 3721 3665 vera

361 3676 556 3734 animi
575 3676 857 3737 sententia
881 3676 1124 3757 probat,
1157 3687 1217 3738 et
1242 3697 1372 3738 cum
1403 3676 1517 3740 illa
1537 3676 1922 3759 physicorum
1947 3676 2252 3760 superiore
2280 3676 2734 3742 commemorata
2762 3682 3051 3742 sententia
3090 3683 3396 3744 conciliat.

911 3909 1144 3968 CAPUT
1176 3909 1293 3967 XV.

770 4001 845 4056 De
871 4001 1120 4072 fontibus
1147 4003 1202 4055 et
1230 3999 1437 4072 ﬂuviis.

355 4089 408 4144 1.
455 4088 580 4146 Non
651 4093 717 4146 ut
768 4106 838 4146 ex
890 4107 1027 4147 vase
1075 4088 1274 4162 aliquo
1315 4092 1372 4144 et
1418 4092 1584 4143 antro
1634 4088 1932 4161 copiosam

281 4179 525 4249 aquam;
548 4185 946 4236 coacervatam
997 4180 1247 4235 habente
1297 4195 1328 4234 e
1373 4183 1529 4234 terra
1580 4177 1770 4234 fontes
1801 4195 1934 4234 sen-

281 4267 396 4322 sim
476 4267 747 4336 efﬂuunt,
818 4273 882 4324 ut
939 4269 1300 4342 quibusdam
1355 4267 1548 4323 visum
1607 4272 1716 4322 est.
1778 4266 1932 4323 I75

280 4356 428 4411 Sunt
469 4357 628 4412 enim
669 4358 715 4392 ⁸⁹
755 4358 994 4429 quidem
1043 4374 1298 4414 cavernae
1345 4357 1522 4412 etiam
1571 4356 1778 4428 aliquae
1846 4356 1935 4410 in-

282 4448 374 4500 tra.
403 4448 621 4502 terram
679 4463 809 4519 qua
841 4463 1028 4520 aquas
1076 4447 1335 4519 capiunt,
1379 4450 1436 4502 et
1493 4445 1710 4518 quibus
1742 4445 1937 4502 hieme

280 4533 542 4606 impletis
573 4534 776 4608 aliqua
804 4535 871 4591 ﬁt
899 4553 1064 4608 aquae
1124 4535 1420 4591 emanatio
1482 4553 1495 4589 :
1555 4535 1655 4590 sed
1689 4551 1806 4589 non
1847 4539 1939 4590 est

284 4623 401 4679 ista
440 4624 692 4680 fontium
723 4641 922 4681 causa.
981 4627 1180 4696 Neque
1211 4625 1368 4680 enim
1401 4625 1446 4660 9°
1494 4628 1650 4679 terra
1681 4624 1937 4696 profecto

283 4716 462 4770 tantae
512 4731 678 4786 aquaa
744 4714 1176 4788 conceptaculis
1243 4714 1584 4780 sufﬁceret;
1633 4718 1698 4768 ut
1750 4729 1940 4784 neque

283 4803 791 4876 nubes,siquidem
815 4809 872 4860 et
891 4805 1031 4877 ipsaa
1060 4804 1119 4859 in
1154 4821 1217 4860 se
1246 4803 1530 4859 haberent
1557 4818 1772 4874 aquam
1813 4819 1935 4858 om-

285 4909 419 4948 nem
453 4893 934 4965 praaexistentem.
970 4911 1096 4966 qua:
1141 4892 1476 4966 depluitura
1505 4897 1595 4948 est
1623 4910 1636 4960 ;
1691 4908 1798 4948 nec
1827 4891 1942 4948 alia

285 4982 524 5055 quidem
557 4999 694 5055 pars
739 4983 1017 5040 deorsum
1048 4983 1317 5051 ferretur,
1369 4981 1486 5039 alia
1513 4999 1648 5038 vero
1678 4981 1941 5037 vicissim

286 5076 686 5145 generaretur.

356 5159 410 5214 2.
446 5161 634 5225 Quare
672 5160 868 5232 potius
900 5178 1028 5233 quae
1059 5165 1374 5218 censentur
1403 5177 1590 5216 causa:
1652 5175 1940 5231 aquarum

2675 3913 2934 3968 ΚΕΦΑΛ.
2967 3911 3072 3968 ΙΕ’.

2470 3998 2602 4072 Περὶ
2642 4003 2833 4076 πηγῶν
2869 3998 2960 4054 καὶ
2988 4004 3276 4074 ποταμῶν.

2115 4087 2180 4140 α’.
2215 4086 2335 4163 Οὐχ
2365 4088 2440 4150 ὡς
2472 4087 2525 4159 ἐξ
2568 4088 2790 4165 ἀγγείου
2833 4089 2984 4150 τινὸς
3031 4089 3122 4144 καὶ
3160 4087 3379 4152 κοιλίας
3407 4089 3723 4166 ἠθροισμέ-

2043 4195 2130 4230 νον
2190 4175 2388 4251 ἀθρόον
2442 4175 2590 4254 ὕδωρ
2651 4177 2892 4253 ἐχούσης
2949 4186 3052 4249 τῆς
3093 4185 3193 4255 γῆς
3241 4177 3605 4256 ἀπορρέουσιν
3660 4181 3725 4235 αἱ

2043 4265 2220 4339 πηγαὶ
2267 4267 2384 4321 κατ’
2437 4264 2648 4343 ὀλίγον,
2698 4267 2773 4330 ὥς
2821 4289 2960 4324 τισιν
3011 4265 3211 4340 ἔδοξεν.
3263 4266 3382 4324 Είσί
3429 4268 3554 4343 (μὲν
3587 4270 3728 4345 γὰρ)

2044 4353 2134 4408 καί
2169 4376 2312 4417 τινες
2361 4353 2684 4427 κοιλότητες
2732 4354 2885 4413 ἓνδον
2935 4364 3034 4428 τῆς
3081 4364 3186 4435 γῆς
3220 4355 3430 4413 ὑδάτων
3462 4377 3723 4434 χωρητι-

2045 4442 2156 4516 καὶ,
2189 4443 2278 4522 ἀφ’
2309 4444 2381 4499 ὧν
2415 4444 2812 4522 πληρωθεισῶν
2842 4451 2940 4502 τοῦ
2972 4452 3252 4524 χειμῶνος
3298 4445 3601 4524 ἇπόῤῥυσίς
3632 4469 3728 4511 τις

2046 4529 2242 4595 ὕδατος
2274 4533 2500 4609 γίνεται.
2528 4535 2688 4591 Ἀλλ’
2720 4535 2781 4590 οὐ
2811 4537 2962 4591 τοῦτ’
3013 4535 3074 4591 ἂν
3126 4532 3212 4607 εἷή
3245 4539 3354 4591 τῶν
3399 4540 3594 4611 πηγῶν
3631 4533 3728 4590 αἶ’-

2044 4643 2184 4677 τιον,
2240 4620 2377 4678 Οὐδὲ
2449 4624 2550 4701 γὰρ
2627 4623 2838 4699 ἐξήρκει
2916 4626 3132 4689 πάντως
3201 4627 3238 4694 ἡ
3296 4631 3369 4700 γῆ
3430 4630 3552 4687 ταῖς
3622 4630 3730 4681 τοῦ

2045 4710 2309 4766 τοσούτου
2368 4709 2564 4776 ὕδατος
2624 4711 2948 4790 ὑποδοχαῖς,
3013 4713 3195 4792 ὥσπερ
3253 4711 3381 4769 οὐδὲ
3434 4715 3502 4769 τὰ
3555 4712 3728 4792 νέφη·

2049 4798 2198 4876 εἷ’περ
2246 4801 2312 4870 ἧν
2364 4801 2455 4856 καί
2504 4802 2640 4858 αὐτὰ
2689 4802 3048 4881 προϋπάρχον
3108 4800 3310 4880 ἔχοντα
3361 4803 3426 4858 τὸ
3468 4803 3728 4876 ὑενισθη-

2049 4889 2279 4963 σόμενον
2315 4887 2462 4963 ὕδωρ
2506 4892 2869 4966 ἠθροισμένον
2921 4895 3058 4948 ἅπαν
3092 4892 3145 4949 έν
3188 4894 3422 4956 ἑαυτοῖς·
3456 4889 3608 4948 ἀλλὰ
3639 4895 3724 4967 μὴ

2048 4978 2112 5034 τὸ
2147 4979 2242 5052 μὲν
2274 4981 2652 5058 καταφέρεται,
2681 4982 2746 5037 τὸ
2778 4977 2826 5036 δ’
2856 4981 3011 5047 αὗθις
3043 4980 3268 5060 έγίνετο.

2127 5159 2193 5234 β’.
2244 5160 2404 5214 Ὥστε
2455 5157 2670 5232 μᾶλλον
2723 5161 2860 5238 ἅπερ
2931 5158 3079 5216 αἵτια
3120 5165 3229 5217 τῶν
3279 5160 3357 5224 εἰς
3407 5167 3509 5238 γῆν
3560 5181 3730 5216 κατα-

287 5247 349 5303 in
401 5252 618 5320 terram
672 5250 1070 5305 decidentium
1127 5239 1475 5322 (materialis
1533 5249 1690 5304 enim
1763 5265 1931 5304 causa

2052 5247 2373 5326 φερομένων
2425 5247 2631 5304 ὑδάτων
2683 5249 2920 5326 κρίνεται
2966 5248 3179 5325 (ὑλικὸν
3239 5250 3335 5325 μὲν
3395 5251 3497 5327 γὰρ
3546 5248 3728 5306 αἴτιον

287 5355 468 5410 vapor
511 5343 600 5394 est
643 5357 656 5405 ;
713 5339 994 5406 efﬁciens,
1038 5339 1430 5412 refrigeratio)
1471 5355 1483 5393 :

289 5443 481 5482 causae
529 5431 702 5482 erunt
753 5445 1040 5501 aquarum
1090 5447 1219 5501 quae
1266 5417 1537 5485 ex'terra
1586 5428 1936 5484 redduntur.

289 5515 796 5581 Quemadmodum
833 5518 990 5574 enim
1024 5536 1204 5591 supra
1231 5523 1446 5575 terram
1489 5534 1811 5591 evaporans
1841 5533 1941 5573 aer

290 5603 352 5660 in
393 5620 610 5677 aquam
665 5611 950 5678 mutatur,
1000 5624 1134 5664 cum
1175 5609 1592 5681 refrigeretur;
1623 5607 1708 5664 sic
1762 5607 1940 5663 etiam

1546 5339 1762 5394 eaedem
1804 5337 1931 5410 ipsa

2054 5336 2231 5392 αὐτῶν
2283 5339 2316 5408 ἡ
2369 5337 2552 5412 ἀτμίς.
2603 5339 2893 5411 ποιητικὸν
2938 5337 2983 5395 δ’
3013 5342 3049 5410 ἡ
3096 5339 3299 5414 ψύξις),
3344 5340 3495 5394 ταῦτ’
3526 5337 3585 5394 ἂν
3634 5335 3724 5412 εἴη

2046 5426 2138 5482 καὶ
2165 5432 2274 5482 τῶν
2307 5426 2367 5483 ἐκ
2396 5434 2498 5504 γῆς
2549 5425 2954 5503 ἀναδιδομένων
3010 5427 3222 5485 ὑδάτων
3276 5425 3424 5484 αἶ’τια
3466 5429 3536 5483 τὰ
3563 5428 3728 5488 αὑτά.

2047 5522 2255 5593 ’Ὠσπερ
2310 5520 2415 5594 γὰρ
2469 5518 2602 5594 ὑπὲρ
2655 5525 2761 5595 γῆν
2794 5520 2824 5575 ὁ
2871 5519 3116 5593 ἀτμίζων
3165 5519 3274 5596 ἀὴρ
3333 5518 3411 5582 εἰς
3441 5515 3597 5597 ὕδωρ
3629 5540 3730 5593 με·

2047 5601 2310 5662 ταϐάλλει
2370 5606 2689 5684 ψυχόμενος
2726 5627 2739 5640 °
2801 5607 2977 5672 οὕτως
3055 5607 3410 5680 ὑποληπτέον
3467 5609 3560 5663 καὶ
3619 5608 3730 5664 ὑπὸ

357 5766 403 5804 ⁸⁸
430 5769 457 5826 1
491 5766 734 5826 Mstcor.
765 5786 816 5827 ο.
851 5771 938 5827 12.
1012 5770 1058 5806 ⁸⁷
1088 5770 1236 5829 Ibid.
1309 5771 1356 5807 ⁸³
1385 5769 1532 5829 Ibid.
1565 5788 1618 5829 c.
1659 5772 1746 5828 13.
1825 5771 1870 5808 ⁸ο
1898 5771 2046 5830 Ibid.
