4114 6460
365 407 519 472 H53

1686 397 2030 467 EPITOME
2079 403 2436 466 PllYSICA.

3615 408 3769 468 1154

361 547 465 618 γῆν
501 539 695 595 ἐκτῶν
729 537 782 593 ἐν
829 541 901 614 γῇ
952 534 1195 611 ἀτμίδων
1242 540 1526 614 γεννᾶσθαι
1571 535 1719 614 ὕδωρ
1769 535 1859 593 διὰ
1912 537 2048 606 τήν,

2169 538 2280 593 ifra
2335 542 2553 594 terram
2609 553 2680 593 ex
2736 536 3084 608 vaporibus,
3143 536 3243 611 qui
3299 544 3441 595 sunt
3495 541 3555 596 in
3615 541 3766 620 ipsa,

362 630 580 686 ἐνοῦσαν
609 633 680 704 τῇ
711 631 785 704 γῇ
817 626 1160 704 ψυχρότητα.

434 816 500 885 γ’.
534 808 759 884 Δέχεται
838 807 932 880 μὲν
1003 806 1104 882 γὰρ
1162 809 1198 876 ἡ
1254 805 1345 862 καὶ
1402 814 1474 882 γῆ
1533 806 1624 862 καὶ
1677 809 1742 862 τὸ
1798 807 1859 862 ἐκ
1906 810 2013 862 τῶν

367 893 592 975 ὄμϐρων
638 895 1068 973 καταφερόμενον
1129 895 1206 958 εἷς
1263 895 1431 965 αὐτὴν
1491 893 1658 974 ὕδωρ,
1691 897 1781 952 καὶ
1840 896 2018 970 στέγει

365 992 532 1045 τοῦτο
581 986 633 1042 ἐν
691 987 874 1060 ἑαυτῇ.
927 984 1153 1040 Δόναται
1199 981 1257 1042 δὲ
1304 981 1484 1060 ἕτερον
1534 990 1723 1061 γεννᾷν
1774 989 2020 1061 συνεχῶς

373 1077 426 1133 ἐν
456 1081 572 1137 τοῖς
603 1075 742 1151 πρὸς
766 1079 930 1129 τοῦτο
969 1071 1299 1145 ἐπιτηδείοις
1324 1074 1516 1137 τόποις
1545 1075 1733 1146 αὐτῆς.

445 1161 509 1222 δ’.
539 1167 742 1240 Ὥσπερ
773 1159 865 1218 οὖν
896 1161 947 1218 ἐν
988 1167 1068 1236 τῷ
1125 1162 1258 1239 ὑπὲρ
1311 1169 1416 1239 γῆν
1466 1163 1623 1240 γόπῳ
1663 1165 1801 1220 κατὰ
1858 1163 2026 1240 μικρὰ

375 1253 752 1325 συνιστάμεναι
834 1255 1051 1328 πρῶτον
1100 1253 1156 1306 αἱ
1225 1249 1454 1328 ῥανίδες,
1516 1249 1678 1308 ἔπειτ’
1749 1251 2026 1324 ἀλλήλαις

380 1341 726 1417 μιγνύμεναι,
757 1339 820 1396 τὰ
847 1339 1157 1396 τελευταῖον
1207 1342 1341 1414 μετὰ
1387 1341 1632 1413 πλήθους
1677 1343 2026 1418 κατάγονται,

374 1429 624 1504 ποταμόν
650 1449 773 1485 τινα
801 1428 1001 1484 ἄνωθεν
1052 1429 1244 1506 ῥέοντα
1285 1435 1559 1486 ποιοῦσαι·
1591 1432 1684 1486 τὸν
1741 1431 1900 1487 αὐτὸν
1961 1429 2029 1500 δὴ

374 1519 578 1593 τρόπον
638 1519 728 1574 καὶ
786 1519 892 1574 ὑπὸ
953 1526 1078 1594 γῆν,
1140 1518 1202 1575 ἐκ
1259 1524 1468 1594 μικρῶν
1541 1518 1791 1596 ῥανίδων,
1851 1520 2032 1597 ὥσπερ

379 1607 640 1686 ἰδρούσης
671 1610 768 1678 τῆς
799 1610 924 1684 γῆς,
960 1603 1305 1664 συλλείϐεται
1335 1615 1550 1685 πρῶτον
1581 1610 1645 1664 τὸ
1676 1607 1844 1686 ὕδωρ,
1875 1609 1937 1664 τό
1976 1629 2036 1664 τε

378 1699 496 1753 κατ’
525 1696 692 1766 αὐτῆς
733 1694 886 1752 δύνον
930 1697 1033 1752 ὑπὸ
1079 1702 1184 1752 τῶν
1236 1693 1485 1776 ὄμϐρων,
1517 1698 1606 1754 καὶ
1655 1699 1718 1754 τὸ
1766 1699 2034 1775 γεννώμε-

381 1808 472 1842 νον
507 1785 558 1841 ἐν
583 1785 742 1860 αὐτῇ·
773 1785 864 1842 καὶ
912 1787 1028 1842 οἷον
1082 1786 1158 1849 εἷς
1207 1782 1263 1842 ἓν
1311 1809 1363 1842 τι
1421 1785 1689 1860 πηδώσης
1745 1795 1846 1858 τῆς
1907 1795 2035 1864 γῆς,

383 1877 440 1932 αὶ
469 1875 644 1952 πηγαὶ
669 1874 908 1951 γίνονται
937 1874 1028 1931 καὶ
1057 1877 1115 1932 αἱ
1141 1883 1358 1954 κρῆναι.

458 1967 516 2022 ε’.
550 1965 616 2021 Αἱ
646 1965 817 2041 πηγαὶ
862 1965 957 2039 μὲν
1007 1963 1098 2021 οὗν
1149 1966 1316 2043 ἀρχαὶ
1367 1965 1696 2043 τυγχάνουσι
1752 1970 2038 2040 ποταμῶν·

386 2056 443 2111 αἱ
489 2052 546 2110 δὲ
591 2060 785 2130 κρῆναι
848 2055 1037 2130 μικραὶ
1079 2055 1257 2131 πηγαί
1297 2055 1419 2128 εἰσι,
1459 2059 1535 2130 μή
1589 2054 1892 2130 δυναμένης
1947 2054 2043 2110 αὐ-

386 2149 496 2201 τῶν
545 2142 774 2214 ἑκάστης
832 2143 1104 2217 ποτάμιον
1170 2146 1288 2200 καθ’
1345 2146 1510 2215 αὐτὴν
1571 2145 1744 2223 ῥεῦμα
1796 2165 2039 2222 προαγα-

389 2239 504 2311 γεῖν
513 2276 526 2291 .

463 2325 530 2388 ς’.
559 2324 622 2377 Οἱ
652 2321 902 2379 πλεῖστοι
935 2319 992 2377 δὲ
1017 2323 1107 2378 καὶ
1162 2323 1404 2400 μέγιστοι
1461 2329 1567 2378 τῶν
1624 2328 1887 2398 ποταμῶν
1938 2323 2044 2379 ἀπὸ

389 2417 502 2468 τῶν
557 2411 916 2488 ὑψηλοτάτων
963 2412 1172 2489 ῥέουσιν
1226 2413 1390 2486 ὀρῶν.
1431 2414 1612 2490 Ὀρεσι
1659 2411 1717 2469 δὲ
1770 2419 2047 2490 γειτνιῶσι

393 2501 481 2558 καί
530 2502 584 2556 αἱ
639 2499 894 2557 πλεῖσται
947 2508 1165 2575 κρῆναι,
1205 2501 1295 2557 καὶ
1353 2501 1404 2575 ἐξ
1468 2502 1607 2580 ὁρῶν
1665 2503 2044 2580 ἆπορῥέουσιν.

395 2593 481 2646 Ἐν
513 2591 618 2666 γὰρ
647 2594 765 2653 τοῖς
821 2587 1032 2652 πεδίοις
1100 2587 1286 2666 ὀλίγαι
1331 2592 1567 2668 (κρῆναι)
1613 2589 1894 2654 παντελῶς
1944 2591 2047 2646 εἰσι

397 2681 532 2756 (καὶ)
561 2679 738 2755 πηγαὶ
768 2679 858 2734 καὶ
892 2679 1072 2755 ῥύσεις
1105 2677 1312 2735 ὑδάτων
1362 2681 1541 2757 χωρὶς
1585 2685 1693 2736 τῶν
1737 2681 2044 2755 ποταμίων·

397 2769 431 2824 ’ὰ
481 2769 564 2846 ῥεῖ
615 2769 709 2842 μὲν
752 2766 842 2824 διὰ
882 2773 991 2824 τῶν
1040 2766 1268 2841 πεδίων,
1299 2767 1416 2845 ἔχει
1466 2767 1523 2824 δὲ
1567 2771 1667 2840 τὴν
1711 2770 1890 2846 ἀρχὴν
1941 2770 2049 2825 ἀπὸ

396 2863 504 2914 τῶν
537 2858 701 2933 ὀρῶν.
729 2859 806 2912 Τὰ
832 2857 936 2934 γὰρ
970 2857 1150 2933 ὀρεινά
1177 2857 1267 2912 καὶ
1300 2857 1488 2931 ὑψηλά
1525 2861 1708 2935 χωρία
1755 2860 1831 2922 ὡς
1881 2881 2050 2936 σπογ-

398 2947 511 3024 γιαί
564 2967 708 3009 τινες
776 2945 1202 3020 ἐπικρεμάμεναι
1249 2947 1711 3032 τῶνιχθαμαλῶν
1761 2950 1898 3003 κατὰ
1957 2970 2051 3022 μι-

401 3038 504 3113 κρὰ
577 3037 697 3109 μὲν,
744 3033 1012 3110 πολλαχῆ
1065 3033 1122 3090 δὲ
1170 3031 1500 3109 διαπηδῶσι,
1551 3038 1641 3091 καὶ
1699 3031 2049 3093 ἀποδιδόασιν

405 3125 536 3202 ὅπερ
587 3125 640 3180 έν
694 3126 905 3187 ἑαυτοῖς
963 3124 1070 3179 ἀπὸ
1123 3129 1231 3180 τῶν
1295 3120 1517 3202 ὄμϐρων
1578 3123 1724 3204 ὕδωρ
1781 3124 2054 3204 δεχόμενα

2071 1917 2119 1982 Β

2125 643 2340 698 aquam
2374 627 2498 682 fieri
2529 626 2989 682 existimandum
3020 633 3109 683 est
3139 634 3374 701 propter
3400 631 3587 703 frigus
3613 632 3770 703 quod

2125 720 2293 771 terra
2323 715 2496 772 inest.

2199 805 2253 858 3.
2285 809 2433 860 Nam
2473 809 2630 861 terra
2671 805 2910 877 quidem
2951 805 3130 862 etiam
3181 824 3394 880 aquam
3444 825 3513 865 ex
3556 810 3772 883 pluviis

2130 893 2383 950 delatam
2416 895 2641 966 recipit,
2675 895 2926 966 sinuque
2957 912 3064 951 suo
3095 897 3257 970 tegit.
3286 898 3398 953 Sed
3429 904 3486 954 et
3514 899 3690 955 aliam
3711 901 3772 956 in

2133 982 2278 1039 locis
2305 985 2377 1039 ad
2408 983 2517 1039 hoc
2559 983 2786 1040 idoneis
2835 985 3200 1041 continenter
3237 1003 3517 1059 generare
3562 994 3772 1062 potest.

2206 1161 2258 1214 4.
2293 1161 2802 1224 Quemadmodum
2832 1162 3047 1234 ergoin
3071 1162 3196 1219 loco
3224 1165 3326 1236 qui
3352 1182 3535 1238 supra
3561 1171 3779 1225 terram

2137 1253 2248 1318 est,
2271 1254 2448 1320 gutta
2470 1249 2726 1321 primum
2751 1250 3087 1306 minutatim
3111 1258 3554 1326 coagmentata,
3572 1257 3784 1314 deinde

2141 1339 2293 1393 inter
2323 1355 2386 1394 se
2431 1340 2779 1407 commista,
2826 1341 3066 1396 tandem
3116 1343 3178 1398 in
3227 1344 3395 1415 copia
3443 1345 3787 1403 deferuntur

2143 1427 2386 1482 ﬂuvium
2418 1429 2571 1482 I16
2604 1427 2860 1499 aliquem
2911 1446 3164 1502 superne
3214 1432 3492 1489 ﬂuentem
3535 1435 3788 1492 efﬁcien-

2143 1520 2230 1571 tes
2258 1533 2272 1583 ;
2306 1517 2512 1572 eodem
2543 1534 2684 1573 sane
2715 1517 2891 1573 etiam
2923 1520 3095 1576 modo
3126 1521 3280 1577 infra
3310 1527 3528 1579 terram
3557 1540 3628 1580 ex
3651 1542 3786 1597 par-

2143 1606 2230 1661 vis
2261 1605 2443 1678 guttis
2475 1607 2644 1678 quasi
2677 1609 2916 1663 sudaret
2941 1613 3095 1664 terra
3124 1609 3308 1666 stillat
3339 1612 3593 1684 primum
3635 1632 3790 1688 aqua

2147 1713 2284 1751 cum
2334 1712 2460 1767 qua
2505 1696 2695 1767 ipsam
2727 1713 2762 1751 a
2791 1696 3005 1768 pluviis
3055 1699 3235 1768 subit,
3288 1703 3414 1756 tum
3465 1719 3591 1774 qua
3640 1704 3788 1760 inibi

2148 1789 2495 1856 generatur;
2516 1783 2776 1857 adeoque
2804 1785 2981 1840 veluti
3005 1786 3304 1845 consiliret
3325 1793 3477 1846 terra
3500 1792 3559 1847 in
3578 1809 3787 1864 unum,

2150 1873 2338 1929 fontes
2368 1877 2426 1929 et
2454 1874 2844 1946 scaturigines
2875 1875 3166 1933 oriuntur.

2219 1963 2274 2017 5.
2307 1962 2519 2018 Fontes
2549 1963 2791 2034 proinde
2820 1964 3061 2035 quidem
3093 1965 3404 2023 ﬂuviorum
3427 1974 3568 2025 sunt
3584 1971 3798 2043 princi-

2151 2051 2280 2124 pia;
2315 2052 2703 2124 scaturigines
2733 2057 2954 2122 autem,
2986 2055 3180 2128 exigui
3215 2058 3401 2115 fontes
3433 2066 3609 2128 sunt;
3657 2078 3793 2118 cum

2151 2139 2428 2211 qualibet
2456 2156 2659 2196 earum
2687 2140 2982 2198 ﬂuvialem
3013 2143 3328 2202 decursum
3360 2163 3462 2219 per
3492 2164 3555 2205 se
3584 2151 3796 2221 produ-

2153 2245 2280 2285 cere
2307 2233 2576 2301 nequeat.

2221 2319 2276 2373 6.
2313 2318 2486 2373 Porro
2516 2317 2752 2390 plurimi
2784 2323 2841 2374 et
2886 2320 3125 2376 maximi
3177 2321 3337 2379 ﬂuvii
3379 2342 3450 2381 ex
3484 2325 3795 2385 altissimis

2155 2407 2346 2462 ﬂuunt
2400 2408 2718 2463 montibus.
2778 2409 2889 2464 Sed
2941 2414 2999 2465 et
3056 2411 3322 2484 plurima
3407 2417 3799 2491 scaturigines

2156 2497 2458 2553 montibus
2487 2496 2689 2552 vicina
2720 2502 2878 2564 sunt,
2912 2503 2970 2554 et
2999 2517 3067 2555 ex
3097 2502 3400 2558 montibus
3424 2505 3708 2562 deﬂuunt.
3735 2508 3800 2564 In

2158 2585 2400 2659 planitie
2431 2585 2586 2642 enim
2630 2592 2782 2642 certe
2827 2605 3022 2660 pauca
3072 2598 3210 2645 sunt
3265 2592 3675 2666 (scaturigines
3723 2598 3802 2669 et)

2159 2680 2347 2733 fontes
2378 2681 2436 2732 et
2465 2676 2657 2731 ﬂuxus
2687 2694 2997 2749 aquarum,
3030 2680 3284 2752 exceptis
3308 2681 3644 2740 ﬂuvialibus
3671 2703 3800 2757 qua

2159 2784 2262 2840 per
2291 2766 2468 2840 plana
2495 2765 2734 2838 quidem
2761 2768 3101 2836 decurrunt,
3131 2771 3232 2825 sed
3264 2771 3550 2843 originem
3585 2774 3802 2831 habent

2160 2875 2194 2912 a
2221 2856 2540 2911 montibus.
2574 2855 2797 2927 Quippe
2826 2862 3106 2912 montana
3145 2864 3202 2913 et
3248 2860 3407 2916 edita
3449 2860 3575 2918 loca
3621 2863 3798 2920 veluti

2160 2946 2415 3018 spongia
2446 2946 2714 3016 quadam
2741 2945 3068 3002 humilibus
3089 2947 3494 3018 impendentes
3517 2952 3802 3022 pauxilla-

2159 3037 2265 3092 tim
2295 3036 2554 3107 quidem,
2587 3035 2688 3091 sed
2721 3034 2926 3091 multis
2956 3052 3026 3091 ex
3049 3037 3316 3108 partibus
3347 3046 3723 3111 rumpuntur,
3749 3047 3808 3099 et

2148 3143 2378 3198 "aquam
2410 3125 2665 3180 reddunt
2695 3141 2874 3196 quam
2903 3124 2964 3179 in
3010 3141 3073 3181 se
3110 3142 3180 3181 ex
3235 3127 3453 3199 pluviis
3500 3129 3804 3188 collectam

407 3211 662 3292 φυλάττει
713 3211 801 3268 διὰ
845 3213 1172 3285 πυκνότητα.
1215 3215 1331 3269 Ἔτι
1379 3235 1438 3269 τε
1479 3215 1569 3270 καὶ
1616 3217 1714 3285 τὴν
1763 3213 1834 3270 δι’
1878 3216 2048 3272 αὐτῶν

2169 3218 2467 3270 asservant
2496 3213 2804 3269 densitatis
2836 3231 2953 3269 sua
2988 3230 3186 3271 causa.
3239 3216 3388 3280 Quin
3439 3222 3498 3274 et
3548 3220 3807 3293 amplius

406 3288 656 3358 άνιοῢσαν
713 3303 773 3358 ἐκ
833 3303 1029 3379 βάθους
1073 3302 1273 3377 ἀτμίδα
1310 3303 1478 3380 ψύχει
1507 3305 1823 3361 τὰτοιαῦτα
1873 3305 2048 3383 χωρία

2169 3321 2236 3360 ex
2264 3307 2494 3359 suamet
2523 3303 2920 3375 profunditate
2949 3304 3363 3362 ascendentem
3393 3288 3669 3380 vaporem
3727 3327 3812 3367 re-

406 3391 497 3448 καὶ
539 3385 870 3466 μεταϐάλλει
916 3390 990 3454 είς
1045 3389 1214 3467 ὕδωρ,
1271 3393 1348 3454 ὡς
1399 3393 1489 3448 καὶ
1548 3397 1710 3449 τοῦτο
1766 3394 2052 3471 γινόμενον

405 3480 663 3559 ἀπορῥεῖν
709 3480 761 3552 ἐξ
811 3480 1008 3537 αὐτῶν
1060 3480 1124 3536 οὐ
1198 3483 1306 3556 μὴν
1358 3481 1521 3556 μόνον
1571 3483 1633 3538 τὸ
1684 3483 1744 3538 ἐκ
1786 3488 1895 3538 τῶν
1954 3481 2056 3558 ὅμ-

409 3571 554 3648 βρων
587 3571 1004 3647 προενυπάρχον
1037 3570 1242 3633 αὐτοῖς.
1621 3581 1623 3583 ’

481 3662 542 3730 ζ’.
572 3661 734 3715 Ὥστε
779 3659 871 3715 καὶ
919 3659 1036 3714 ὅσοι
1080 3665 1189 3715 τῶν
1243 3665 1507 3734 ποταμῶν
1562 3661 1614 3732 ἐξ
1659 3661 1797 3717 ἑλῶν
1845 3663 2057 3742 φαίνον-

403 3771 494 3805 ται
545 3748 773 3827 ῥέοντες,
825 3749 885 3804 ἐκ
922 3753 1032 3804 τῶν
1075 3747 1431 3826 ὑψηλοτέρων
1484 3750 1666 3806 τόπων
1719 3748 1907 3828 ἔχουσι
1961 3753 2058 3815 τὰς

407 3840 630 3916 πρώτας
659 3837 858 3916 ἀρχάς.
891 3840 1122 3903 Ἐκεῖθεν
1169 3840 1272 3914 γὰρ
1321 3835 1744 3913 συλλειϐόμενον
1793 3842 1856 3896 τὸ
1913 3839 2059 3916 ὕδωρ

409 3929 501 3984 καὶ
549 3928 772 4006 συρῥέον
825 3929 914 3984 καὶ
965 3919 1300 4002 ὑπονομεῦον
1349 3929 1416 3984 τὰ
1460 3925 1587 4002 ἕλη,
1621 3929 1682 3985 ἐκ
1720 3930 1928 3986 τούτων
1985 3931 2061 3994 ὡς

413 4019 472 4075 ἐκ
499 4023 690 4095 πηγῶν
722 4015 1052 4074 ἀναδίδοται.

484 4111 554 4180 η’.
589 4107 650 4164 Εἰ
687 4108 781 4181 μὲν
815 4105 907 4162 οὖν
936 4108 1004 4162 τὰ
1052 4105 1362 4180 ἐπικείμενα
1417 4102 1519 4184 ὅρη
1583 4107 1812 4184 μέγιστά
1861 4130 1922 4164 τε
1977 4105 2062 4180 εῗίη

413 4199 504 4255 καὶ
533 4199 706 4254 πυκνά
750 4197 840 4252 καὶ
889 4196 1094 4273 ψυχρὰ,
1130 4195 1307 4272 ῥέουσι
1358 4196 1447 4252 καὶ
1498 4197 1550 4252 οἱ
1605 4196 1838 4252 ἐντεῦθεν
1894 4219 2062 4253 ποτα-

416 4288 512 4362 μοὶ
564 4288 803 4345 ἀένναον.
847 4286 910 4340 Οἱ
956 4286 1060 4361 γὰρ
1103 4289 1346 4340 τοιοῦτοι
1393 4285 1552 4341 τόποι
1609 4284 1862 4342 πλεῖστον
1917 4285 2065 4365 ὕδωρ

411 4376 502 4432 καὶ
534 4374 789 4452 δέχονται
817 4374 905 4430 καὶ
939 4373 1182 4450 στέγουσι
1223 4374 1313 4429 καὶ
1343 4379 1582 4432 ποιοῦσι.
1610 4377 1795 4438 ’Ὀσοις
1847 4372 1906 4430 δὲ
1959 4380 2067 4431 τῶν

412 4466 676 4540 ποταμών
756 4465 847 4520 καὶ
919 4463 1348 4538 ἐπικρεμάμεναι
1417 4468 1524 4518 τῶν
1589 4463 1732 4541 ὀρῶν
1792 4463 2068 4527 συστάσεις

420 4555 608 4630 μικραί
637 4555 792 4626 εἰσιν,
822 4554 858 4623 ἢ
891 4552 1097 4631 σομφαὶ
1135 4553 1225 4607 καὶ
1275 4549 1530 4615 λιθώδεις
1577 4553 1667 4608 καὶ
1717 4550 2065 4628 ἀργιλώδεις,

2164 3394 2446 3466 frigerant
2474 3391 2767 3463 ejusmodi
2798 3391 2946 3459 loca,
2979 3398 3037 3449 et
3065 3393 3127 3448 in
3158 3411 3374 3467 aquam
3423 3402 3692 3468 mutant;
3744 3405 3812 3456 ut

2164 3488 2222 3540 et
2250 3483 2372 3538 hac
2403 3497 2539 3537 cum
2571 3482 2636 3536 ﬁt
2663 3499 2732 3537 ex
2761 3482 2909 3554 ipsis
2938 3484 3088 3539 I77
3125 3485 3366 3554 efﬂuat;
3419 3501 3526 3542 nec
3566 3504 3637 3544 ea
3678 3492 3807 3546 tan-

2163 3580 2291 3628 tum
2323 3588 2450 3643 qua
2479 3586 2550 3626 ex
2579 3570 2792 3643 pluviis
2821 3571 2965 3627 inibi
2987 3573 3118 3643 jam
3147 3578 3282 3630 ante
3309 3576 3557 3635 exsistit.

2234 3662 2290 3715 7.
2323 3661 2512 3725 Quare
2539 3675 2745 3716 omnes
2775 3659 2933 3716 ﬂuvii
2963 3661 3064 3732 qui
3107 3679 3177 3719 ex
3228 3665 3452 3738 stagnis
3501 3667 3681 3725 ﬂuere
3726 3668 3812 3724 vi-

2170 3751 2402 3820 dentur,
2461 3765 2530 3804 ex
2583 3748 2730 3805 locis
2786 3749 3132 3806 editioribus
3181 3769 3291 3810 sua
3345 3755 3537 3826 prima
3593 3757 3820 3819 habent

2168 3839 2422 3896 exordia.
2471 3841 2615 3894 Cum
2662 3839 2819 3894 enim
2864 3838 3025 3895 illinc
3071 3857 3227 3913 aqua
3283 3843 3538 3900 destillet
3575 3851 3633 3902 et
3674 3863 3819 3903 con-

2171 3930 2315 3985 ﬂuat
2343 3933 2402 3984 et
2430 3945 2533 4000 per
2561 3926 2863 3984 cuniculos
2893 3933 3102 4002 stagna
3131 3931 3360 4002 subeat,
3391 3949 3461 3988 ex
3499 3933 3592 3990 his
3650 3930 3821 4007 quasi

2173 4035 2242 4073 ex
2270 4017 2533 4072 fontibus
2561 4017 2775 4072 editur.

2241 4106 2294 4159 8-
2331 4105 2492 4169 Quod
2521 4105 2570 4160 si
2601 4105 2782 4178 igitur
2811 4111 3041 4161 montes
3089 4107 3521 4179 incumbentes,
3573 4112 3817 4168 maximi

2173 4199 2313 4251 sunt
2342 4200 2400 4250 et
2420 4194 2585 4250 densi
2615 4199 2673 4249 et
2730 4195 2926 4266 frigidi
2977 4196 3155 4252 etiam
3208 4198 3369 4254 ﬂuvii
3430 4201 3566 4257 inde
3623 4202 3818 4263 ﬂuunt

2174 4284 2528 4357 perenniter.
2561 4284 2784 4356 Quippe
2812 4286 3104 4356 ejusmodi
3135 4286 3262 4344 loca
3290 4288 3609 4360 plurimum
3653 4308 3818 4363 aqua

2173 4379 2232 4431 et
2259 4373 2551 4445 recipiunt
2577 4378 2634 4430 et
2665 4379 2868 4447 tegunt
2897 4381 2955 4430 et
2985 4377 3208 4433 faciunt
3245 4378 3312 4434 9*.
3347 4379 3572 4443 Quibus
3617 4386 3819 4437 autem

2175 4466 2371 4522 ﬂuviis
2401 4464 2808 4537 impendentes
2868 4467 3160 4523 montium
3191 4470 3639 4527 constitutiones
3683 4474 3825 4528 sunt

2175 4555 2417 4628 exigua,
2451 4559 2553 4609 aut
2582 4554 2808 4626 inanes,
2843 4560 2899 4610 et
2928 4554 3204 4628 lapidosa
3254 4561 3311 4613 et
3367 4557 3652 4630 argilosa,
3703 4559 3825 4615 sive

418 4641 592 4699 εἷ’τουν
626 4643 812 4700 λευκαὶ
843 4643 934 4698 καὶ
986 4643 1100 4697 οἷον
1140 4638 1480 4711 τιτανώδεις,
1513 4642 1565 4697 οἱ
1612 4646 1854 4697 τοιοῦτοι
1897 4663 2048 4697 ποτα⁴

2176 4645 2321 4701 alba
2342 4649 2401 4700 et
2425 4643 2607 4698 veluti
2638 4649 2931 4716 gypsata;
2969 4645 3260 4716 ejusmodi
3287 4646 3447 4701 ﬂuvii
3479 4647 3644 4719 prius
3668 4663 3826 4720 aqua

420 4733 536 4807 μοὶ,
591 4733 716 4810 πρὶν
793 4731 1035 4788 ἐπελθεῖν
1092 4730 1222 4793 τοὺς
1278 4729 1626 4808 χειμερινοὺς
1683 4725 1946 4808 ὄμϐρους,
2005 4732 2048 4786 τὲ

2177 4733 2478 4801 deficiunt,
2513 4749 2692 4806 quam
2720 4732 2976 4789 hiberna
3008 4733 3218 4807 pluvia
3248 4735 3686 4808 superveniant.

417 4819 565 4900 ὕδωρ
596 4819 1118 4899 προαπολείπουσιν.

489 4912 550 4969 θ’.
583 4911 648 4966 Εἰ
680 4907 738 4965 δὲ
764 4911 914 4966 ταῦθ’
942 4909 1116 4972 οὕτως
1148 4905 1287 4986 ἔχει,
1317 4914 1437 4972 πῶς
1478 4909 1538 4964 ἂν
1590 4907 1788 4980 δόξειεν
1839 4907 2067 4985 εὔλογον

418 4999 479 5055 ἐκ
503 5005 606 5069 τῆς
638 4996 914 5070 θαλάσσης
945 4997 1207 5073 ἄρχεσθαι
1237 4999 1332 5061 τὰς
1356 5000 1558 5074 πηγὰς,
1593 4998 1669 5061 ὡς
1714 5003 1811 5054 τοῦ
1864 4998 2070 5063 θαλασ-

417 5088 535 5143 σίου
583 5084 779 5150 ὕδατος
819 5085 1184 5161 διηθουμένου
1232 5087 1320 5142 καὶ
1372 5085 1761 5161 διυλιζομένου
1821 5085 1912 5142 διὰ
1967 5095 2069 5158 τῆς

416 5185 544 5254 γῆς,
575 5177 666 5233 καὶ
709 5167 858 5233 οὕτω
902 5175 1334 5253 γλυκαινομένου
1373 5177 1463 5232 καὶ
1513 5173 1922 5250 ἀναδιδομένου,
1972 5197 2068 5231 κα-

418 5267 530 5330 θὼς
576 5266 676 5322 οὐκ
723 5264 910 5342 ὀλίγοι
955 5263 1500 5344 πεφυσιολογήκασι;
1551 5262 1764 5338 μᾶλλον
1822 5266 1926 5341 γὰρ
1985 5263 2069 5338 ἂν,

419 5357 465 5413 εἰ
511 5361 656 5414 τοῦτ’
683 5358 775 5427 ἦν,
806 5356 866 5411 ἐκ
907 5361 1016 5411 τῶν
1059 5353 1389 5431 κοιλοτέρων
1437 5354 1643 5426 τόπων,
1693 5353 1820 5410 ἀλλ’
1867 5354 1966 5410 οὐκ
2013 5353 2073 5409 ἐκ

415 5451 523 5504 τῶν
558 5444 916 5525 ὑψηλοτέρων
950 5443 1132 5522 ἕρῥεον
1163 5445 1219 5499 αἱ
1250 5443 1422 5520 πηγαὶ
1450 5444 1588 5499 κατὰ
1613 5443 1678 5498 τὸ
1708 5443 1870 5508 εἰκός.

490 5758 528 5795 ⁹¹
568 5759 594 5814 1
628 5760 858 5814 Meteor.
893 5774 943 5813 ο.
980 5756 1062 5812 lli.

2247 4913 2301 4968 9.
2336 4913 2499 4977 Quod
2531 4913 2580 4968 si
2609 4929 2743 4968 vero
2792 4913 2914 4968 hac
2972 4913 3054 4968 ita
3123 4931 3185 4970 se
3243 4915 3480 4983 habent,
3532 4915 3824 4987 quomodo

2180 5001 2388 5056 rationi
2419 5006 2885 5058 cunsentaneum
2925 5007 3015 5058 est
3063 5003 3252 5059 fontes
3297 5021 3366 5059 ex
3415 5005 3563 5059 mari
3614 5005 3829 5076 princi-

2181 5089 2344 5163 pium
2375 5091 2615 5156 habere,
2647 5091 2817 5162 quasi
2845 5107 3000 5163 aqua
3049 5092 3278 5148 marina
3330 5092 3726 5165 percolaretur
3771 5098 3831 5149 et

2181 5181 2562 5235 defacaretur
2590 5197 2692 5252 per
2719 5184 2962 5246 terram,
3013 5187 3190 5253 atque
3235 5181 3316 5237 ita
3362 5181 3724 5239 dulcesceret
3770 5187 3828 5239 et

2181 5269 2605 5338 restitueretur,
2668 5270 3169 5338 quemadmodum
3215 5288 3330 5326 non
3380 5270 3550 5343 pauci
3600 5270 3826 5344 physici

2181 5358 2633 5414 disseruerunt?
2661 5358 2808 5414 Nam
2835 5359 2882 5414 si
2917 5359 3026 5414 hoc
3056 5360 3138 5416 ita
3166 5365 3340 5430 esset,
3373 5377 3442 5416 ex
3470 5360 3612 5416 locis
3636 5361 3828 5433 magis

2182 5447 2360 5514 cavis,
2392 5452 2449 5502 et
2477 5463 2591 5504 non
2633 5463 2702 5503 ex
2721 5447 3068 5506 editioribus
3118 5449 3307 5507 fontes
3348 5449 3530 5508 ﬂuere
3575 5465 3822 5507 consen-

2178 5539 2420 5592 taneum
2451 5535 2637 5594 videri
2659 5541 2856 5610 queat.
