4114 6414
383 385 528 448 1155

373 605 679 682 principiis
709 602 862 658 ’178
913 601 1163 656 fontium
1212 597 1520 654 convenire
1569 596 1816 650 videtur.
1875 600 2019 648 Cum

372 699 529 754 enim
562 701 717 750 terra
770 697 1009 763 pertusa
1068 693 1124 744 et
1174 684 1516 742 cuniculosa
1562 684 1640 740 sit
1687 689 1743 739 et
1789 682 2019 754 aliquas

370 785 541 858 quasi
573 797 747 838 venas
787 780 1034 845 habeat;
1081 775 1409 831 necessario
1460 774 1587 844 ipsa
1631 773 1904 828 universa
1952 789 2019 826 ex

371 873 519 930 mari
551 886 764 942 aquam
797 884 898 939 per
926 865 1274 921 divisionem
1306 868 1362 919 et
1391 863 1810 918 derivationem
1862 861 2017 916 acci-

371 962 494 1035 pit;
530 960 774 1015 humore
805 973 873 1012 ex
904 953 1185 1027 proximis
1219 955 1363 1007 mari
1398 951 1664 1022 partibus
1695 951 1767 1006 ad
1827 966 2015 1005 remo-

369 1051 545 1106 tiores
575 1050 936 1109 transeunte,
969 1049 1026 1098 et
1059 1043 1194 1098 hinc
1241 1057 1521 1114 vaporum
1572 1040 1800 1111 copiam
1850 1043 2014 1094 terrea

371 1139 702 1212 praebente;
735 1135 837 1206 qui
867 1133 1009 1188 dum
1042 1131 1343 1187 elevantur
1373 1133 1430 1186 et
1461 1129 1901 1201 refrigerantur,
1953 1132 2018 1183 ut

372 1234 506 1285 ante
537 1227 757 1283 dictum
785 1228 893 1289 est,
928 1221 1180 1277 multum
1211 1236 1373 1291 aqua;
1404 1217 1797 1291 generabitur.

1621 373 2043 436 NICEPHORI
2093 373 2530 434 BLEMMIDE

445 522 531 575 10.
567 515 741 588 Atqui
775 530 907 570 vero
935 516 994 568 et
1021 511 1130 568 hoc
1161 511 1209 566 si
1244 509 1359 566 alia
1401 508 1626 564 ratione
1670 507 2012 579 explicetur,
2047 513 2098 575 Α

3611 372 3745 436 H56

2203 511 2252 560 ι’.
2286 501 2507 564 Ἀλλως
2540 500 2598 558 δὲ
2628 499 2778 558 δοκεῖ
2807 503 2898 558 καὶ
2927 507 3090 558 τοῦτο
3121 508 3240 565 ταῖς
3285 503 3480 579 ἀρχαῖς
3529 499 3743 577 συμϐάλ-

2131 590 2316 656 λεσθαι
2351 596 2458 646 τῶν
2505 596 2736 667 πηγῶν.·
2779 593 3074 669 Διάτρητος
3122 591 3252 647 οὖτα
3299 594 3332 662 ἡ
3382 595 3454 667 γῆ
3498 593 3582 646 καὶ
3635 594 3745 648 ὑπό-

2127 702 2317 753 νομος,
2349 680 2438 734 καὶ
2495 680 2680 754 ὥσπερ
2734 681 2883 743 τινας
2941 677 3145 756 ἔχουσα
3193 676 3420 760 φλέϐας,
3478 681 3748 756 ἀναγκαίως

2130 769 2189 824 ἐκ
2215 777 2317 840 τῆς
2365 767 2639 840 θαλάσσης
2687 767 2902 846 δέχεται
2961 771 3023 825 τὸ
3082 768 3228 847 ὕδωρ
3288 777 3430 825 πᾶσα
3475 772 3603 826 κατά
3653 768 3747 825 διά-

2129 856 2299 930 δοσιν,
2346 857 2407 914 ἐκ
2450 864 2559 914 τῶν
2613 859 2826 936 ἔγγιστα
2873 863 2940 933 τῇ
2996 858 3235 934 Θαλάσσῃ
3287 864 3462 936 μερῶν
3519 866 3612 929 τῆς
3663 867 3749 935 γῆς

2129 943 2496 1010 διαϐαίνοντος
2552 953 2654 1004 τοῦ
2708 949 2876 1024 ὑγροῦ
2933 948 3022 1004 καὶ
3097 949 3231 1025 πρὸς
3305 949 3373 1004 τὰ
3427 948 3746 1025 πορρωτέρω,

2125 1038 2405 1092 κάντεῦθεν
2471 1037 2658 1111 ἀτμῶν
2725 1037 2980 1116 ἀφθονίαν
3034 1042 3103 1111 τῇ
3161 1041 3235 1114 γῇ
3296 1038 3639 1114 παρέχοντοςο
3686 1039 3746 1092 ὧν

2127 1127 2538 1205 ἀναφερομένων
2597 1127 2687 1182 καὶ
2747 1126 3100 1204 ψυχομένων,
3161 1127 3234 1189 ὡς
3301 1127 3632 1203 προείρηται,
3680 1126 3748 1203 γὲ·

2122 1237 2272 1278 νεσις
2304 1213 2501 1279 ὕδατος
2532 1211 2678 1271 ἔσται
2710 1214 2950 1274 πολλοῦ.

1655 1404 1992 1462 SYNOPSIS
2031 1403 2315 1461 CAPITIS
2353 1405 2501 1462 XVI.

1777 1510 1932 1556 QUOD
1969 1510 2073 1550 EST
2108 1511 2180 1549 DE
2217 1511 2378 1550 MAR].

378 1621 435 1677 1.
481 1613 670 1675 Variae
701 1609 1012 1670 diriszones
1040 1624 1357 1685 aquarum.
1392 1638 1469 1647 —
1494 1605 1531 1662 2
1560 1601 1732 1664 Mare
1759 1621 1876 1685 non
1906 1612 1987 1661 est
2014 1601 2596 1685 manu‘elaboralum,
2621 1601 2725 1685 sed
2735 1611 2936 1684 sponte
2957 1612 3186 1685 natura:
3207 1622 3328 1664 sua
3344 1612 3536 1664 ortum
3557 1611 3749 1685 nauta:

451 1714 581 1755 men
610 1689 942 1772 e/ﬂuidum.
962 1682 1145 1772 _—_—_3.
1183 1685 1524 1772 Occupatio.
1558 1719 1635 1727 —
1656 1687 1714 1742 4.
1750 1683 1923 1743 Mare
1949 1701 1988 1742 a
2011 1682 2284 1763 partibus
2304 1683 2623 1772 altioribus
2637 1683 2719 1744 ad
2737 1682 3156 1763 cavioresﬂuit,
3181 1703 3300 1772 non
3323 1693 3516 1745 tamen
3543 1683 3599 1772 in
3612 1682 3753 1744 aliud

449 1764 879 1853 receptaculum
905 1769 1121 1853 efﬂuit,
1145 1785 1227 1853 _a_c
1255 1764 1508 1844 proinde
1537 1782 1696 1843 aqua
1725 1771 2010 1853 stagnans
2035 1772 2324 1853 censetur.
2358 1799 2435 1807 —
2465 1767 2524 1853 5ἐ
2558 1764 2736 1853 Mare
2749 1783 2866 1823 non
2893 1777 2978 1853 est
3006 1764 3468 1853 aquafontana,
3493 1765 3629 1853 quia
3653 1781 3750 1822 non

451 1864 536 1916 est
563 1843 890 1932 efﬂuidum.
925 1843 1002 1894 ἐξ-
1032 1843 1301 1932 6.,Μᾳνξε
1329 1853 1414 1904 est
1456 1863 1616 1924 aqua
1644 1844 1985 1913 collectitia,
2017 1862 2136 1902 non
2164 1851 2359 1903 tamen
2381 1843 3044 1932 exﬂuminibus._Alias
3062 1843 3237 1904 enim
3287 1843 3514 1932 potius:
3530 1845 3751 1932 fontana

451 1945 508 1996 et
535 1922 781 2013 efﬂuida
809 1938 970 2013 esset.
1005 1963 1083 1972 —
1106 1930 1165 1986 '7.
1203 1926 1374 2013 Mare
1404 1922 1629 2013 nonnest
1656 1934 1954 2013 aeterpum,
1989 1933 2054 1983 ut
2082 1943 2265 2013 neque
2292 1922 2560 2013 mundus,
2597 1923 3088 2013 quemadmodum
3108 1922 3356 2013 putauit
3393 1922 3749 2013 Aristoteles;

450 2015 550 2078 sed
566 2003 718 2075 'cum
740 2009 957 2071 mundo
983 2027 1093 2088 per
1122 2007 1472 2066 creationem
1507 2005 1622 2088 _Dei
1645 2005 1841 2088 ctepit,
1873 2013 1943 2088 ut
1970 2003 2214 2064 tradunt
2268 2023 2450 2088 sacrae
2471 2003 2723 2088 Littera
2751 2013 2806 2064 et
2843 2003 2964 2088 ﬁde
3005 2003 3364 2088 percipitur.
3396 2039 3476 2088 ἡ
3503 2003 3752 2088 8._Locus

451 2095 636 2156 maris
665 2095 866 2163 etiam,
899 2085 1172 2149 elementi
1195 2105 1366 2166 aquae
1394 2095 1478 2145 est
1505 2085 1681 2144 locus.
1721 2085 1849 2158 Qua
1879 2085 1948 2143 de
1989 2101 2169 2145 causa
2197 2087 2374 2166 etiam
2403 2085 2485 2145 ad
2511 2087 2696 2165 ipsum
2727 2085 2925 2145 omnia
2956 2085 3084 2145 alia
3111 2086 3402 2164 feruntur
3413 2085 3667 2166 ﬂumina.
3688 2116 3753 2126 —

451 2178 510 2237 9.
557 2171 887 2235 Salsedinzs
917 2180 973 2229 et
1002 2163 1420 2230 amaritudinis
1448 2167 1633 2224 maris
1663 2183 1852 2225 causa
1880 2173 2039 2235 sunt,
2073 2174 2194 2224 tum
2228 2164 2388 2225 illius
2420 2172 2460 2224 1
2483 2163 2582 2225 ’1⁷9
2615 2167 2829 2246 statio,
2854 2175 2976 2225 tum
3005 2163 3374 2246 evaporatio,
3407 2163 3752 2246 quemadmo-

450 2257 590 2317 dum
618 2253 805 2313 simili
829 2249 1194 2311 declaratur.
1231 2283 1306 2293 —
1340 2249 1434 2306 lt).
1471 2246 1640 2320 Quod
1667 2264 1832 2305 mare
1861 2247 2270 2326 nequemajus
2320 2263 2506 2326 neque
2545 2247 2741 2305 minus
2789 2245 2923 2326 ﬁat.
2958 2281 3036 2289 —
3067 2248 3164 2305 Η.
3224 2244 3356 2326 Cur
3392 2244 3552 2306 mare
3599 2261 3754 2324 neque

448 2337 677 2398 dulcius
694 2351 880 2412 neque
897 2331 1106 2391 salsius
1134 2326 1720 2412 efﬁciatur,adeoque
1739 2325 1997 2412 eamdem
2017 2325 2146 2404 fere
2164 2345 2389 2412 semper
2404 2325 2533 2412 cum
2556 2325 2942 2412 quantitatem
2959 2335 3087 2412 tum
3109 2325 3460 2412 qualitatem
3477 2334 3670 2386 servet.
3689 2356 3754 2412 -_—

454 2421 549 2478 12.
590 2415 667 2477 Ut
692 2402 880 2494 ipsum
911 2429 1106 2494 mare1
1125 2402 1207 2468 sic
1237 2423 1294 2494 et
1319 2409 1444 2486 ejus
1473 2402 1758 2494 qualitas,
1783 2402 2024 2494 salsequ
2041 2414 2095 2465 et
2123 2402 2464 2494 amaritudo
2491 2402 2713 2494 coepit;
2739 2405 2849 2466 ubi
2885 2407 3065 2466 etiam
3115 2402 3465 2494 apponitur,
3497 2402 3752 2487 quomodo

449 2485 1032 2576 accipiendumiqugd
1060 2490 1214 2576 Deus
1232 2485 1604 2576 increatione
1623 2485 1946 2576 dixit,Fiat
1968 2485 2410 2576 ﬁrmamentum
2437 2487 2499 2545 in
2520 2485 2710 2576 medio
2738 2495 3120 2576 aquarumlet
3149 2485 3574 2576 dividat-inter
3591 2501 3752 2564 aquas

451 2565 770 2658 aquas._—
805 2565 900 2633 13'.
935 2570 1398 2658 Ratiocinatioa
1423 2567 1913 2658 posteriorihqua
1935 2565 2161 2656 colligit
2200 2576 2276 2658 ut
2294 2585 2450 2657 nunc
2483 2585 2518 2626 a
2563 2565 2982 2658 colore.solarz'
3022 2567 3190 2658 facta
3236 2567 3562 2658 subtilioris
3598 2581 3754 2658 pqae:

451 2646 717 2719 discretio
745 2672 922 2714 causa
950 2661 1027 2711 sit
1068 2649 1374 2710 salsedinis
1402 2646 1456 2707 et
1481 2647 1906 2727 amaritudinis
1934 2648 2200 2716 marinae,
2229 2647 2316 2706 ita
2331 2648 2590 2727 priorem
2611 2646 2970 2725 mari/zujus
2991 2647 3304 2727 qualitatis
3325 2666 3558 2708 causam
3579 2646 3749 2726 fuisse,

447 2739 686 2820 pimum
707 2753 972 2820 omnium
1001 2750 1038 2791 a
1065 2730 1443 2820 ﬁrmamento
1471 2730 1697 2818 factam
1741 2725 2145 2820 discfetionem
2171 2744 2184 2784 :
2219 2729 2362 2806 quia
2389 2726 2480 2786 sol
2505 2747 2634 2786 cum
2668 2725 3073 2806 firmamento,
3105 2737 3164 2787 et
3184 2725 3619 2806 ﬁrmamentum
3645 2743 3754 2785 cum

448 2807 586 2890 sole,
615 2816 996 2898 physicorum
1034 2807 1294 2872 omnium
1325 2827 1603 2869 consensu
1631 2809 1707 2866 sit
1732 2807 1986 2886 ejusdem
2015 2815 2264 2866 natura.

973 2961 1206 3019 CAPUT
1265 2959 1408 3016 XVI.

1046 3052 1120 3106 De
1164 3053 1338 3106 mari.

441 3149 493 3204 1.
553 3153 856 3218 Aquarum
887 3142 932 3177 ⁹²
965 3158 1092 3214 quae
1146 3140 1299 3195 circa
1355 3143 1568 3194 terram
1628 3143 1685 3192 et
1744 3137 1801 3192 in
1859 3140 2019 3191 terra

372 3243 512 3295 sunt
541 3234 664 3291 alias
697 3233 1022 3298 ﬂuitantes,
1056 3229 1180 3285 aliae
1213 3233 1557 3299 stagnantes
1591 3231 1748 3281 sunt.
1783 3226 1852 3279 Et
1880 3225 2016 3280 ﬂui-

370 3330 565 3382 tantes
595 3322 834 3394 quidem
885 3335 1088 3374 omnes
1135 3335 1203 3373 ex
1251 3317 1510 3372 fontibus
1551 3315 1847 3386 aliquibus
1898 3331 2016 3369 suae

371 3411 645 3470 ﬂuxionis
677 3410 899 3464 habent
938 3406 1245 3479 principia,
1295 3406 1414 3460 sive
1461 3409 1667 3475 sponte
1714 3421 1822 3459 sua
1875 3409 2015 3458 ortae

371 3503 514 3566 sint,
543 3505 608 3555 ut
634 3496 920 3562 ﬂuviales,
955 3495 1077 3550 sive
1109 3512 1284 3550 manu
1321 3495 1635 3565 productae,
1663 3497 1728 3546 ut
1757 3509 1884 3563 quae
1917 3507 2019 3562 per

371 3589 603 3646 canales
633 3589 986 3643 educuntur.
1042 3583 1215 3638 Porro
1266 3598 1554 3654 aquarum
1612 3581 2014 3652 stagnantium

371 3677 496 3734 alim
527 3680 667 3731 sunt
698 3674 970 3738 fontanae,
1005 3671 1130 3726 aliae
1178 3669 1518 3725 collectitiae.
1568 3669 1633 3722 Et
1681 3668 1890 3723 harum
1935 3667 2012 3722 si-

371 3765 493 3822 mul
520 3764 645 3820 alia;
675 3766 812 3819 sunt
840 3761 1014 3816 madu
1047 3760 1362 3832 productas,
1393 3756 1519 3813 alia
1551 3775 1584 3812 a
1615 3758 1825 3828 seipsis
1853 3761 2012 3813 ortae.

372 3845 643 3912 Fontanaa
673 3852 913 3924 quidem
963 3866 1142 3905 manu
1201 3849 1494 3920 producta:
1545 3853 1685 3902 sunt
1731 3847 2013 3918 puteales.

371 3943 528 4000 180
579 3941 903 3998 Fodiuntur
945 3939 1101 3994 enim
1147 3937 1305 4010 putei
1337 3943 1393 3992 et
1440 3936 1512 3992 ad
1565 3952 1852 4006 aquarum
1904 3936 2016 3990 cir-

370 4030 827 4087 cumﬂuentium
859 4027 1255 4098 exceptionem
1315 4023 2018 4095 comprehensionemque

371 4122 808 4190 comparantur.
839 4119 905 4171 At
933 4131 1220 4187 aquarum
1254 4113 1656 4184 stagnantium
1703 4113 1952 4167 fontanae
1985 4129 2019 4166 a

371 4208 582 4280 seipsis
613 4211 772 4271 orta,
807 4222 933 4277 quae
963 4203 1205 4276 exiguos
1239 4204 1427 4257 fontes
1460 4206 1518 4256 et
1547 4200 1807 4256 locorum
1859 4201 2017 4255 cavi-

370 4302 521 4352 tates
579 4295 867 4361 obtinent,
921 4293 1159 4348 efﬂuere
1215 4295 1272 4346 et
1329 4289 1510 4344 dilabi
1568 4307 1683 4345 non
1743 4293 2011 4362 possunt.

371 4388 666 4458 Aquarum
701 4386 895 4437 autem
928 4379 1396 4444 collectitiarum,
1430 4395 1557 4449 quae
1591 4383 1693 4434 aut
1713 4395 1780 4433 ex
1801 4377 2012 4450 pluviis

369 4479 474 4530 aut
502 4489 571 4529 ex
601 4472 864 4528 amnium
897 4471 1114 4525 afﬂuxu
1148 4473 1309 4535 sunt,
1341 4467 1469 4522 aliaa
1514 4467 1733 4523 habent
1771 4467 1842 4522 ab
1892 4473 2016 4523 arte

372 4565 695 4636 praaparata
724 4558 1111 4630 receptacula,
1143 4555 1266 4613 aliaa
1297 4557 1368 4612 ad
1419 4557 1696 4611 cavitates
1752 4559 1813 4611 in
1863 4561 2017 4613 terra

370 4653 808 4715 coacervantur,
843 4663 970 4718 quae
1001 4645 1176 4702 etiam
1209 4644 1591 4700 multitudine
1621 4649 1678 4699 et
1725 4647 2016 4717 paucitate

2046 2962 2094 3025 B

2750 2960 3006 3014 ΚΕΦΑΛ.
3050 2959 3144 3020 Ις’.

2724 3047 2854 3122 Περὶ
2885 3045 3181 3116 θαλάσσης.

2197 3136 2261 3189 α’.
2294 3139 2410 3190 Τῶν
2440 3134 2562 3208 περὶ
2593 3143 2693 3211 γῆν
2725 3135 2815 3190 καὶ
2850 3135 2938 3190 ἐπὶ
2991 3138 3094 3211 γῆς
3137 3132 3350 3192 ὑδάτων
3397 3138 3466 3191 τὰ
3514 3135 3602 3210 μὲν
3645 3131 3757 3209 ῥυτά

2127 3224 2259 3297 ἐστι,
2291 3224 2358 3278 τά
2407 3221 2462 3278 δὲ
2507 3225 2764 3297 στάσιμα.
2800 3224 2896 3278 Καὶ
2944 3226 3011 3279 τὰ
3064 3226 3156 3297 μὲν
3215 3223 3352 3300 ῥυτὰ
3382 3226 3548 3281 πάντα
3586 3220 3640 3278 ἔκ
3686 3241 3755 3274 τι-

2125 3335 2230 3367 νων
2279 3309 2396 3389 ἔχει
2445 3318 2634 3389 πηγῶν
2686 3316 2784 3382 τῆς
2835 3313 3039 3390 ῥύσεως
3087 3314 3181 3376 τὰς
3225 3314 3428 3391 ἀρχὰς,
3473 3313 3564 3370 κᾶν
3620 3310 3755 3366 αὐτο-

2126 3409 2258 3479 φυῆ,
2302 3402 2438 3456 καθὰ
2473 3403 2540 3456 τὰ
2589 3403 2857 3476 ποτάμια,
2889 3401 2984 3456 κᾶν
3039 3402 3412 3479 χειρόκμητα,
3452 3404 3582 3458 καθά
3615 3401 3674 3455 τὰ
3718 3393 3755 3450 δ’

2127 3489 2335 3564 ὀχετῶν
2401 3489 2714 3566 ἐξαγόμενα.
2767 3496 2882 3545 Τῶν
2965 3488 3022 3545 δὲ
3097 3492 3376 3566 στασίμων
3453 3490 3648 3547 ὑδάτων
3702 3485 3758 3540 τὰ

2130 3579 2224 3651 μὲν
2286 3575 2395 3633 ἔστι
2455 3584 2688 3654 πηγαῖα,
2746 3581 2812 3634 τά
2863 3577 2921 3634 δὲ
2979 3579 3374 3656 συλλογιμαῖα·
3429 3582 3516 3636 καὶ
3575 3577 3754 3634 τούτων

2127 3668 2268 3739 ὁμοῦ
2296 3668 2362 3722 τὰ
2418 3668 2510 3740 μὲν
2555 3668 2922 3744 χειρόκμητα,
2958 3670 3023 3724 τὰ
3081 3667 3128 3723 δ’
3177 3669 3446 3749 αὐτοφυῆ.
3477 3667 3758 3744 Χειρόκμη-

2123 3777 2190 3810 τα
2243 3757 2335 3829 μὶν
2387 3763 2596 3833 πηγαῖα
2641 3758 2710 3812 τὰ
2748 3763 3052 3836 φρεατιαῖα·
3102 3758 3171 3813 τὰ
3221 3761 3426 3836 φρέατα
3473 3759 3573 3835 γὰρ
3615 3753 3758 3830 ὀρύσ-

2125 3865 2271 3900 σεται
2321 3844 2410 3900 καί
2471 3848 2921 3916 κατασκευάζεται
2979 3847 3116 3917 πρὸς
3173 3849 3290 3916 ’τὴν
3370 3854 3477 3903 τῶν
3534 3861 3758 3922 περιεχο·

2130 3935 2304 4006 μενων
2354 3931 2562 3990 ὑδάτων
2617 3938 2953 4012 συναγωγήν.
3011 3936 3253 4014 αὐτοφυῆ
3309 3935 3368 3992 δὲ
3417 3942 3616 4013 πηγαῖα
3664 3934 3753 3985 τῶν

2124 4023 2399 4095 στασίμων
2434 4023 2532 4078 ὅσα
2566 4025 2763 4101 μικράς
2797 4023 2992 4100 ἔχοντα
3047 4026 3230 4100 πηγάς
3287 4027 3378 4081 καὶ
3430 4025 3604 4081 τόπων
3659 4039 3757 4074 κοι-

2127 4109 2385 4181 λότητας,
2421 4111 2481 4166 οὐ
2514 4110 2732 4168 δύναται
2785 4113 3066 4190 ἀπορῥεῖν.
3095 4119 3210 4169 Τῶν
3258 4113 3318 4170 δὲ
3374 4108 3753 4189 συλλογιμαίων

2129 4197 2335 4254 ὑδάτων
2364 4200 2398 4268 ἢ
2433 4200 2483 4271 ἐξ
2515 4201 2682 4256 ὑετῶν
2733 4197 2930 4275 ὄντων,
2962 4202 2997 4272 ἢ
3059 4202 3119 4258 ἐκ
3173 4204 3476 4278 γενομένης
3528 4197 3755 4276 ἐπιρῥοῆς

2125 4294 2411 4362 ποταμῶν,
2481 4291 2550 4344 τὰ
2627 4291 2720 4364 μὶν
2791 4289 3083 4366 δεξαμενὰς
3161 4290 3278 4369 ἔχει
3356 4285 3754 4348 κατασκευαστὴ

2127 4379 2230 4433 ὑπὸ
2253 4378 2477 4454 τέχνης
2511 4379 2578 4434 τὰ
2608 4377 2665 4434 δὲ
2693 4381 2831 4453 πρὸς
2881 4382 2978 4443 τὰς
3038 4379 3126 4435 ἐπὶ
3181 4383 3324 4456 (τῆς)
3371 4385 3472 4458 γῆς
3528 4375 3755 4442 κοιλότη-

2123 4489 2219 4530 τας
2271 4468 2692 4544 συναθροίζεται,
2737 4469 2770 4523 ἃ
2819 4470 2909 4524 καὶ
2962 4467 3203 4547 διαφέρει
3261 4469 3465 4542 πλήθει
3520 4469 3604 4524 καὶ
3654 4463 3750 4519 ὀλι-

2125 4557 2466 4632 γότητι.Καὶ
2525 4557 2741 4629 πλῆθος
2803 4560 2897 4632 μὲν
2959 4557 3158 4636 ἔχοντα
3215 4559 3508 4616 καλοῦνται
3569 4557 3749 4630 λίμναι·

2127 4645 2290 4722 ὀλίγα
2318 4645 2364 4702 δ’
2397 4643 2543 4720 ὅντα,
2579 4645 2813 4724 λέγοντα
2841 4647 3107 4723 τέλματα.

370 4740 669 4796 ditl‘erunt.
704 4737 770 4792 Et
817 4736 1107 4808 siquidem
1138 4733 1518 4790 multitudine
1576 4739 1714 4789 sunt
1762 4735 2035 4808 praeditas,
2083 4741 2293 4811 stagna
2338 4747 2615 4795 vocantur
2649 4756 2661 4796 :
2695 4740 2786 4796 sin
2840 4745 3036 4798 autem
3086 4746 3226 4798 sunt
3272 4742 3508 4815 exiguae,
3539 4733 3752 4812 palude!

371 4846 472 4886 seu
504 4828 631 4884 lacu
641 4845 726 4882 nte
754 4831 1056 4882 vocantur.

439 4918 495 4972 2.
528 4919 663 4982 Qua)
689 4932 820 4971 cum
856 4917 938 4970 ita
960 4932 1021 4970 se
1050 4914 1324 4982 habeant,
1360 4913 1514 4986 quod
1547 4930 1708 4968 mare
1740 4913 1815 4970 sit
1837 4931 2016 4970 manu

372 5008 592 5065 factum
619 5010 674 5061 et
697 5005 1084 5070 elaboratum,
1119 5003 1284 5058 nulla
1315 5003 1536 5058 ratione
1586 5004 1814 5058 nititur.
1868 5004 2014 5059 Cum

374 5098 569 5150 autem
602 5110 634 5148 a
665 5092 858 5165 seipse
899 5093 977 5148 sit
1006 5099 1221 5155 ortum,
1250 5097 1352 5146 aut
1405 5090 1711 5146 efﬂuidum
1759 5093 1869 5147 erit
1915 5097 2018 5149 aut

375 5189 676 5253 stagnans.
713 5183 773 5236 Et
797 5181 1103 5236 efﬂuidum
1137 5181 1370 5253 quidem
1407 5197 1520 5235 non
1554 5185 1662 5236 est.
1696 5183 1817 5246 Quo
1861 5183 2019 5237 enim

375 5270 685 5328 efﬂueret?
716 5270 827 5325 Sed
859 5288 928 5326 ex
961 5269 1162 5325 multis
1181 5271 1282 5340 qui
1313 5273 1640 5340 Hyrcanum
1661 5274 1718 5324 et
1742 5270 2019 5342 Caspium

377 5377 538 5416 mare
571 5359 1045 5425 circumiverunt,
1087 5376 1215 5430 quae
1244 5359 1407 5413 nulla
1436 5374 1504 5412 ex
1533 5363 1695 5430 parte
1733 5359 1841 5414 sibi
1877 5359 2020 5414 invi-

376 5465 500 5505 cem
535 5449 848 5517 conjuncta
876 5448 1170 5520 videntur,
1223 5465 1394 5504 nemo
1443 5448 1655 5504 horum
1708 5447 1894 5504 ullum
1947 5449 2024 5507 ef-

375 5537 628 5596 ﬂuidum
651 5536 1057 5608 deprehendit.

443 5698 492 5778 ρι
518 5699 556 5757 2
581 5696 820 5774 Metecr,
851 5713 903 5757 ο.
935 5699 990 5758 ι.

2205 4915 2271 4990 β’.
2303 4913 2518 4969 Τούτων
2569 4913 2741 4977 οὕτως
2789 4915 3029 4992 ἐχόντων
3091 4917 3463 4995 χειρόκμητον
3512 4917 3600 4990 μὲν
3642 4909 3750 4966 εἶναι

2127 5003 2226 5071 τήν
2259 5001 2525 5058 θάλασσαν
2572 5001 2765 5059 οὐδὲνα
2814 5005 2980 5082 λόγον
3028 5005 3164 5082 ἔχει·
3190 4994 3476 5086 αὐτοφυὴς
3509 5003 3553 5060 δ’
3582 4994 3748 5062 οὗσαῆ

2129 5092 2433 5167 ἀπόρῥυτος
2505 5091 2652 5148 ἔσται
2709 5095 2743 5163 ἢ
2804 5094 3086 5168 στάσιμος.
3143 5097 3243 5151 Καὶ
3315 5085 3609 5172 ἀπόρρυτος
3671 5085 3749 5159 μὶν

2131 5179 2230 5234 οὐκ
2289 5177 2417 5236 ἔστ-ι’
2494 5186 2600 5236 ποῦ
2656 5183 2758 5257 γὰρ
2819 5182 2877 5237 ἂν
2937 5188 3226 5255 ποιήσαιτο
3289 5186 3387 5253 τὴν
3447 5180 3750 5258 ἀπόῤῥοιανί

2132 5268 2277 5324 ἀλλά
2314 5271 2403 5324 καὶ
2463 5269 2671 5326 πολλοὶ
2719 5273 2818 5340 τὴν
2879 5273 3155 5348 Ὑρκανίαν
3211 5273 3476 5328 θάλασσαν
3533 5269 3616 5324 καὶ
3664 5263 3746 5329 τήν

2131 5358 2366 5413 Κασπίαν
2472 5357 2935 5436 περιοδεύσαντες,
3024 5361 3220 5425 αἵτινες
3307 5360 3431 5417 οὐδὲ
3514 5352 3747 5436 Epit/TN”

2133 5446 2410 5518 ἀλλήλαις
2464 5447 2824 5504 συνάπτουσαι
2881 5452 2998 5506 κατ’
3046 5448 3223 5525 οὐδὲν,
3279 5447 3456 5512 οὐδεὶς
3518 5439 3746 5518 οὐδεμίαν

2130 5535 2338 5595 τούτων
2369 5537 2516 5621 εὗρεν
2543 5537 2870 5620 ἀπόρῥυτον.
3843 5527 3846 5532 ’
