4114 6458
362 393 516 456 1157

1673 385 2022 456 EPITOME
2066 377 2430 456 PHYSICA.

3621 404 3777 467 1158

430 529 498 601 γ’·
533 525 780 581 Φαίνεται
812 523 858 581 δ’
909 527 944 596 ἡ
1007 523 1247 582 Θάλασσα
1299 525 1492 602 ῥέουσα
1539 526 1674 580 κατά
1718 524 1844 587 τοὺς
1895 545 2011 579 στε-

2199 526 2251 580 3.
2279 526 2525 583 Videtur
2553 535 2749 586 autem
2785 548 2943 588 mare
2973 533 3153 588 ﬂuere
3174 529 3325 589 circa
3353 533 3478 591 loca
3497 543 3776 609 angusta,

358 615 486 679 νοὺς
536 615 761 686 τόπους,
790 617 865 670 ὦν
918 615 1219 690 ἑκατέρωσε
1275 613 1508 670 πλατεῖα
1563 613 1803 670 Θάλασσά
1855 612 2016 668 ἐστιν.

358 707 534 760 Ὅπου
581 704 686 781 γὰρ
737 702 798 759 ἃν
863 702 922 758 ἐκ
977 703 1216 766 πλατέος
1277 703 1550 780 πελάγους
1609 702 1684 765 εἷς
1743 702 1922 758 στενὸν
1984 703 2018 771 ἠ

362 793 603 850 Θάλασσα
632 793 915 870 συνάγεται
960 793 1062 848 ὑπὸ
1109 800 1208 863 τῆς
1257 791 1624 870 περιεχούσης
1667 792 1731 847 τὸ
1787 790 2023 867 πέλαγος

363 886 470 960 γῆς
525 881 868 959 ὑψηλοτέρας
919 879 1104 954 οὔσης,
1167 883 1303 938 κατὰ
1376 887 1536 937 τοῦτο
1615 881 1856 960 φαίνεται
1933 880 2022 935 καὶ

371 970 739 1049 μεταρῥέουσα
790 968 981 1026 ἄλλοτ’
1030 971 1113 1026 ἐπ’
1161 969 1302 1027 ἄλλο
1358 972 1522 1048 μέρος
1582 968 1672 1025 διὰ
1716 970 1780 1025 τὸ
1828 967 2022 1024 ταλαν-

363 1061 606 1118 τεύεσθαι
653 1062 717 1116 τὸ
760 1057 907 1138 ὕδωρ
958 1057 1114 1137 δεῦρο
1172 1062 1386 1116 κάκεῖσε
1430 1058 1722 1122 πολλάκις.
1767 1061 1829 1113 Ὃ
1882 1059 2024 1134 γίνε-

364 1172 452 1206 ται
506 1151 601 1224 μέν
653 1150 744 1205 καὶ
791 1148 843 1205 ἐν
904 1154 972 1225 τῇ
1029 1151 1442 1224 ἀναπεπταμένῃ
1487 1149 1745 1224 Θαλάσσῃο
1817 1146 2023 1219 ἄδηλον

367 1238 426 1295 δέ
455 1238 588 1307 ἐστι,
617 1243 696 1311 τῷ
731 1240 806 1312 μὴ
841 1238 975 1294 εἶναι
1007 1240 1106 1308 τὴν
1149 1239 1316 1310 αὐτῆς
1363 1239 1662 1310 ἑκατέρωσε
1719 1245 1823 1313 γῆν
1875 1234 2023 1306 πλη-

365 1328 503 1400 σίον,
537 1334 658 1405 παρ’
688 1329 754 1398 ἣν
804 1323 1106 1402 ἀμείϐουσα
1157 1330 1192 1399 ἡ
1249 1327 1574 1405 μετάῤῥυσις
1628 1327 1830 1397 ταύτης
1887 1347 2026 1402 γνω-

367 1415 561 1492 ρίζοιτ⁹
593 1414 677 1474 ἄν.

439 1502 502 1562 δ’.
557 1505 667 1560 Ῥεῖ
714 1502 758 1560 δ’
805 1507 839 1576 ἠ
890 1504 1131 1562 Θάλασσα
1203 1505 1294 1560 καὶ
1356 1506 1462 1561 ἀπὸ
1508 1509 1616 1560 τῶν
1669 1501 2023 1579 ὑψηλοτέρων

367 1592 536 1664 αὐτῆς
589 1592 676 1648 ἐπὶ
719 1595 788 1648 τὰ
822 1591 1115 1670 κοιλότερα
1166 1592 1255 1648 διὰ
1296 1594 1361 1649 τὸ
1403 1592 1619 1664 πλῆθος
1664 1596 1773 1648 τῶν
1828 1591 1904 1654 εἷς
1959 1589 2027 1646 τὰ

371 1681 684 1759 ὑψηκότερα
734 1682 940 1753 ταύτης
1016 1677 1408 1756 ἐμϐαλλόντων
1475 1687 1760 1755 ποταμῶν⁸
1821 1681 2026 1758 πέφυκε

369 1772 475 1848 γὰρ
504 1771 568 1826 τὸ
600 1769 747 1847 ὕδωρ
773 1770 832 1826 ἐκ
858 1775 965 1826 τῶν
1003 1770 1357 1848 ὑὼηλοτέρων
1416 1771 1598 1826 τόπων
1626 1770 1704 1833 εἷς
1749 1771 1818 1825 τὰ
1863 1766 2028 1824 κοῖλα

370 1859 758 1938 καταφέρεσΘαί
803 1881 863 1915 τε
909 1860 998 1914 καὶ
1033 1859 1164 1937 ῥεῖν.
1194 1861 1345 1916 Ἔστι
1405 1857 1463 1915 δὲ
1509 1859 1600 1915 καὶ
1649 1860 1744 1914 κάν
1807 1862 1873 1932 τῇ
1932 1859 2024 1912 Θα-

375 1946 546 2022 λάσσῃ
601 1947 670 2003 τά
724 1948 819 2021 μὲν
880 1947 1048 2017 αὐτῆς
1103 1946 1436 2025 ὑψηλότερα,
1477 1949 1545 2004 τὰ
1602 1946 1660 2004 δὲ
1715 1945 2024 2022 κοιλότερα.

371 2039 556 2099 Ὅπως
616 2034 662 2091 δ’
695 2035 752 2091 ἂν
781 2039 815 2107 ἠ
851 2035 1092 2100 θάλασσα
1149 2037 1238 2114 ῥῇ,
1302 2036 1465 2094 πάλιν
1515 2037 1594 2116 ἐφ’
1654 2037 1849 2105 ἑαυτὴν
1912 2032 2026 2111 ἔχει

371 2127 434 2180 τὸ
467 2125 659 2201 ῥεῦμα,
690 2125 779 2180 καὶ
821 2125 882 2180 οὐ
941 2125 1078 2200 πρὸς
1137 2123 1278 2181 ἄλλο
1337 2125 1555 2202 δοχεῖον
1615 2120 1906 2200 ἐμϐάλλει,
1937 2143 2029 2178 κα-

376 2213 542 2288 θάπερ
576 2215 630 2268 οἱ
686 2212 926 2287 ποταμοὶ
980 2215 1116 2290 πρὸς
1167 2214 1355 2286 αὐτήν.
1391 2216 1490 2270 Διά
1542 2220 1705 2271 τοῦτο
1762 2213 1852 2270 καὶ
1910 2210 2028 2268 στά-

374 2302 533 2376 σιμόν
585 2301 694 2357 ἐστι
747 2304 810 2359 τὸ
857 2300 1004 2380 ὕδωρ
1045 2310 1147 2374 τῆς
1204 2303 1498 2376 θαλάσσης,
1532 2303 1660 2361 ἀλλ’
1711 2301 1810 2358 ούκ
1861 2300 2028 2379 ἀπόρ-

377 2391 556 2470 ῥυτον.

449 2483 507 2538 ε’.
563 2467 838 2556 Στάσιμον
887 2479 932 2537 δ’
999 2481 1058 2538 ὃν
1114 2479 1152 2552 ἤ
1216 2488 1455 2559 πηγαῖον
1513 2479 1551 2552 ἤ
1629 2480 2030 2558 συλλογιμαῖον

379 2568 461 2640 ein
522 2572 603 2626 ἄν.
654 2568 811 2628 Ἀλλ’
849 2571 1066 2649 ἐπείπερ
1098 2572 1166 2642 ἦν
1218 2579 1475 2648 πηγαῖον,
1509 2573 1574 2641 ἧν
1625 2571 1683 2626 ἂν
1727 2572 1816 2627 καὶ
1868 2570 2032 2648 ἀπόρ-

382 2659 557 2738 ρυτον.
615 2666 860 2736 Πηγαῖον
909 2663 1010 2738 γὰρ
1061 2659 1207 2738 ὕδωρ
1260 2661 1520 2740 αὐτοφυὲς
1590 2661 1850 2734 στάσιμον
1917 2657 2033 2715 ὀλί-

377 2772 472 2826 γον
533 2749 854 2827 εὑρίσκεται.
913 2748 1049 2806 Οὐδὲ
1101 2751 1202 2828 γὰρ
1264 2751 1327 2806 τὸ
1376 2751 1481 2805 ἀπὸ
1544 2750 1788 2824 μείζονος
1845 2756 2032 2824 πηγῆς

372 2841 474 2910 τὴν
530 2840 708 2916 ἀρχὴν
763 2834 892 2915 ἔχον
945 2837 1159 2895 δύναται
1210 2839 1468 2913 στάσιμον
1521 2839 1676 2894 εἶναι.
1722 2839 1820 2893 Διά
1870 2843 2032 2893 τοῦτο

374 2928 467 2982 καὶ
499 2927 618 2983 ὅσαι
649 2933 758 2983 τῶν
791 2926 1003 3001 λιμνῶν
1067 2927 1128 2984 ἐκ
1182 2933 1377 3004 πηγῶν
1433 2924 1624 3005 ἔχουσι
1679 2928 1775 2989 τὰς
1834 2928 2030 3003 ἀρχὰς,

376 3017 433 3070 αἱ
508 3017 602 3090 μὲν
681 3018 910 3096 φανερὰς
975 3016 1302 3094 ἀποῤῥύσεις
1377 3021 1681 3086 ποιοῦνται,
1739 3017 1795 3070 αἱ
1853 3013 1912 3070 δὲ
1965 3009 2034 3069 δι’

376 3103 664 3179 ὑπονόμων
752 3106 1091 3181 ἱστοροῦνται
1176 3106 1314 3179 πρὸς
1396 3102 1662 3161 Θάλασσαν
1753 3103 2030 3182 ἀπορρεῖν·

371 3194 552 3256 καθὼς
601 3194 690 3249 καὶ
829 3195 933 3250 ὑπὸ
975 3193 1038 3250 τὸ
1085 3189 1214 3272 ὅρος
1260 3195 1352 3250 τὸν
1399 3194 1674 3250 Καύκασον
1737 3193 1932 3268 λίμνη,
1968 3190 2032 3262 ἤν

2133 632 2382 686 quorum
2416 635 2486 673 ex
2515 624 2764 692 utraque
2811 627 2974 692 parte
3023 623 3284 695 amplum
3334 641 3493 681 mare
3523 632 3630 682 est.
3665 627 3776 683 Ubi

2131 703 2288 763 enim
2316 723 2384 762 ex
2415 708 2608 779 amplo
2659 709 2862 782 pelago
2895 711 2953 765 in
2997 717 3316 783 angustum
3356 714 3584 784 cogitur
3615 732 3776 772 mare

2133 816 2167 853 a
2195 804 2347 853 terra
2380 797 2522 852 181
2563 797 2896 852 continente
2941 798 3183 870 pelagus
3215 817 3347 856 cum
3373 801 3542 857 altior
3571 803 3668 872 sit,
3703 804 3775 859 ob

2131 886 2190 941 id
2224 887 2403 940 ﬂuere
2435 891 2489 939 et
2520 884 2664 940 alias
2700 885 2756 940 in
2801 886 2975 941 aliam
3026 893 3248 958 partem
3303 890 3543 946 reﬂuere
3571 891 3776 964 depre-

2133 974 2432 1040 henditur,
2483 980 2787 1045 propterea
2833 976 2985 1046 quod
3035 976 3116 1030 ibi
3169 993 3323 1050 aqua
3369 979 3582 1050 saepius
3625 979 3778 1036 ultro

2135 1063 2395 1134 citroque
2426 1061 2692 1116 libretur.
2746 1063 2907 1128 Quod
2958 1065 3025 1118 fit
3076 1064 3312 1136 quidem
3361 1067 3536 1123 etiam
3567 1067 3628 1124 in
3661 1068 3778 1125 alto

2137 1150 2318 1206 mari:
2355 1150 2592 1205 evidens
2617 1155 2812 1207 autem
2839 1169 2951 1208 non
2973 1156 3081 1219 est,
3106 1156 3259 1225 quod
3287 1155 3559 1228 utrinque
3580 1159 3777 1230 ipsum

2136 1239 2402 1295 ambiens
2432 1244 2586 1295 terra
2617 1257 2794 1312 prope
2844 1259 2957 1296 non
2989 1242 3085 1312 sit,
3118 1243 3190 1297 ad
3224 1261 3401 1316 quam
3428 1243 3658 1303 alluens
3688 1262 3778 1303 re-

2135 1329 2588 1401 ciprocationem
2618 1329 2991 1386 manifestam
3023 1330 3286 1389 haberet.

2206 1508 2260 1561 4.
2292 1506 2425 1562 Fuit
2452 1511 2648 1562 autem
2699 1524 2859 1563 mare
2887 1507 3064 1564 etiam
3109 1509 3181 1564 ab
3213 1508 3519 1569 altioribus
3552 1511 3676 1569 suis
3705 1513 3777 1570 ad

2135 1594 2324 1667 magis
2356 1611 2690 1664 cavernosa,
2727 1600 2962 1667 propter
2992 1596 3304 1653 ﬂuminum
3338 1598 3780 1659 multitudinem

2136 1683 2350 1756 quain
2402 1683 2609 1739 altiora
2661 1683 2850 1756 ipsius
2908 1685 3185 1741 inﬂuunt.
3246 1687 3470 1760 Quippe
3522 1707 3675 1762 aqua
3712 1708 3782 1747 ex

2136 1771 2442 1828 altioribus
2473 1771 2618 1828 locis
2648 1773 2708 1828 in
2739 1789 2877 1829 cava
2905 1773 3115 1829 deferri
3145 1779 3202 1830 et
3227 1775 3407 1832 ﬂuere
3437 1780 3781 1848 consuevit;

2137 1866 2391 1934 suntque
2419 1861 2594 1918 etiam
2625 1861 2685 1916 in
2713 1863 2860 1918 mari
2909 1868 3105 1934 partes
3135 1863 3257 1920 alia;
3305 1864 3560 1938 altiores,
3593 1870 3783 1926 cavio-

2138 1968 2230 2006 res
2278 1950 2424 2006 aliae.
2477 1952 3016 2024 Quomodocunque
3062 1957 3258 2009 autem
3303 1971 3464 2010 mare
3513 1957 3677 2024 ﬂuat,
3723 1959 3783 2014 in

2137 2038 2398 2109 seipsum
2426 2038 2638 2105 reﬂuit,
2673 2056 2778 2094 nec
2810 2040 2867 2094 in
2911 2040 3064 2095 aliud
3100 2042 3536 2114 receptaculum
3567 2045 3783 2118 inﬂuit,

2139 2128 2636 2198 quemadmodum
2695 2128 2756 2184 in
2809 2129 3004 2201 ipsum
3064 2130 3244 2188 ﬂuvii.
3299 2133 3424 2198 Qua
3477 2133 3547 2189 de
3605 2151 3786 2192 causa

2137 2215 2313 2271 etiam
2344 2222 2628 2288 stagnans
2660 2222 2750 2273 est
2780 2217 2960 2274 maris
2990 2235 3165 2291 aqua,
3198 2236 3311 2276 non
3342 2221 3604 2279 efﬂuida.

2207 2484 2261 2539 5.
2293 2483 2467 2556 Atqui
2498 2502 2633 2541 cum
2668 2489 2951 2559 stagnans
2997 2488 3093 2555 sit,
3128 2492 3229 2544 aut
3278 2491 3518 2546 fontana
3547 2493 3656 2548 erit
3687 2499 3789 2550 aut

2142 2570 2469 2628 collectitia.
2504 2574 2613 2629 Sed
2662 2573 2953 2646 siquidem
3003 2576 3243 2632 fontana
3285 2584 3458 2648 esset,
3496 2580 3698 2654 utique
3730 2588 3788 2639 et

2140 2660 2378 2716 efﬂuida
2403 2666 2574 2718 esset.
2609 2663 2832 2736 Quippe
2863 2663 3236 2720 fontanarum
3265 2683 3552 2738 aquarum
3582 2677 3789 2742 sponte

2142 2766 2260 2804 suae
2277 2755 2413 2805 natu
2423 2768 2496 2805 rzs
2514 2757 2799 2820 ortarum,
2817 2769 3012 2824 paucae
3031 2759 3370 2826 stagnantes
3391 2758 3784 2830 reperiuntur.

2142 2837 2341 2909 Neque
2371 2839 2527 2894 enim
2561 2857 2688 2912 quae
2721 2841 2994 2912 amajore
3018 2842 3176 2898 fonte
3203 2843 3556 2916 principium
3588 2847 3785 2920 habet,

2144 2932 2425 2999 stagnans
2454 2947 2584 2985 esse
2627 2934 2836 3002 potest.
2887 2932 3250 3003 Quapropter
3295 2933 3470 2989 etiam
3502 2941 3792 3008 quotquot

2144 3016 2310 3074 lacus
2359 3035 2428 3073 ex
2477 3019 2737 3074 fontibus
2793 3019 3009 3074 habent
3054 3021 3364 3093 principia,
3410 3022 3450 3076 ii
3501 3022 3589 3080 vel
3636 3025 3786 3083 182

2147 3107 2490 3162 manifestos
2521 3107 2744 3163 faciunt
2771 3107 3042 3179 efﬂuxus,
3082 3107 3171 3164 vel
3201 3126 3304 3180 per
3333 3110 3637 3168 cuniculos
3669 3130 3790 3170 me-

2147 3201 2453 3252 morantur
2481 3197 2553 3253 ad
2587 3213 2746 3252 mare
2773 3197 3046 3253 deﬂuere.
3073 3197 3580 3262 Quemadmodum
3612 3201 3789 3258 etiam

375 3281 474 3355 (οἱ)
509 3281 680 3337 ἐκεῖσε
733 3281 998 3347 θάλασσαν
1050 3282 1279 3339 καλοῦσι
1325 3281 1415 3338 διὰ
1459 3284 1522 3338 τὸ
1584 3283 1828 3361 μέγεθος·
1891 3281 2026 3353 αὕτη

2151 3285 2304 3340 lacus
2334 3285 2378 3319 93
2410 3285 2519 3340 sub
2552 3289 2750 3340 monte
2794 3284 3071 3356 Caucaso,
3106 3301 3281 3357 quem
3315 3288 3520 3342 accolae
3551 3293 3794 3361 propter

376 3370 480 3445 γὰρ
528 3368 755 3426 πολλῶν
813 3378 1077 3447 ποταμῶν
1128 3368 1519 3447 ἐμϐαλλόντων
1583 3373 1658 3436 εἷς
1719 3372 1882 3441 αὐτὴν
1941 3370 2030 3427 καὶ

381 3459 634 3536 μεγάλων
711 3461 810 3516 οὐκ
886 3458 1086 3539 ἔχουσα
1157 3463 1378 3540 φανερὸν
1458 3459 1668 3539 ἔκρουν,
1748 3459 2030 3517 ἐκδίδωσιν

379 3549 483 3604 ὑπὸ
541 3557 641 3625 γῆν
696 3553 833 3606 κατά
892 3551 1168 3628 Κοραξοὺς
1222 3552 1346 3628 περὶ
1403 3552 1471 3608 τὰ
1526 3551 1838 3625 καλούμενα
1872 3551 2036 3628 βαθέα

378 3642 475 3693 τοῦ
532 3639 760 3698 Πόντου.
803 3642 960 3695 ’ΌΘεν
1010 3641 1101 3696 καὶ
1154 3640 1344 3718 πόρῥω
1394 3649 1493 3712 τῆς
1548 3649 1651 3718 γῆς
1708 3641 1832 3717 περὶ
1889 3662 2037 3718 τρια-

377 3726 535 3782 κόσια
600 3726 791 3784 στάδια
855 3727 1047 3806 σχεδὸν
1121 3727 1413 3786 ἀναδίδωσι
1462 3731 1697 3806 πότιμον
1753 3727 1898 3806 ὕδωρ
1948 3730 2037 3785 ἐπὶ

376 3815 544 3872 τόπον
577 3817 775 3876 πολύν.

454 3998 517 4060 ς’.
549 3997 698 4052 Ἐπεὶ
749 3999 927 4053 τοίνυν
967 4000 1030 4052 τὸ
1076 4006 1176 4068 τῆς
1226 3997 1500 4068 Θαλάσσης
1572 3996 1719 4073 ὕδωρ
1778 3997 2036 4072 στάσιμον

382 4083 442 4140 ὃν
501 4085 601 4140 οὐκ
661 4085 769 4142 ἔστι
819 4092 1075 4162 πηγαῖον,
1129 4087 1203 4150 ὡς
1265 4085 1554 4156 δείκνυται,
1605 4086 1848 4142 λείπεται
1904 4087 2039 4142 εἶναι

383 4171 808 4249 συλλογιμαῖον.
860 4174 969 4229 Ούκ
1019 4174 1078 4230 ἃν
1130 4173 1176 4230 δ’
1226 4173 1308 4247 εἷή
1361 4174 1756 4252 συλλογιμαῖον
1819 4173 1878 4230 ἐκ
1929 4180 2036 4230 τῶν

415 4262 559 4318 ’ό
757 4263 998 4318 ις’*
1250 4265 1440 4288 ~“
1607 4262 2039 4320 λλπνὶ

385 4283 528 4338 εισρε
564 4285 701 4318 ντων
783 4286 809 4316 ν
866 4285 1001 4338 αοτῃ
1057 4286 1344 4338 ποταμων,
1377 4287 1472 4320 καν
1531 4286 1601 4319 πο
1685 4285 1736 4318 οι
1792 4285 1893 4318 ωσι
1949 4285 2018 4318 κα

391 4352 654 4429 μέγιστοι.
687 4353 892 4408 Τούτου
939 4354 1044 4430 γὰρ
1096 4349 1250 4416 ὄντος
1297 4356 1365 4424 ἦν
1413 4353 1472 4409 ἂν
1522 4352 1692 4409 πάλαι
1752 4355 1885 4408 ποτὶ
1930 4357 2038 4408 τῶν

386 4446 588 4518 καιρῶν
653 4441 983 4519 ὀλιγώτερον
1030 4443 1094 4499 τὸ
1141 4451 1242 4514 τῆς
1292 4441 1564 4514 Θαλάσσης
1615 4442 1782 4516 ὕδωρ,
1817 4443 1908 4498 καὶ
1959 4441 2040 4497 ἀεὶ

391 4529 715 4599 ἐπληΘύετο.
765 4531 994 4588 Μᾶλλον
1049 4530 1095 4588 δ’
1152 4534 1220 4604 ἦν
1279 4533 1338 4588 ἃν
1400 4531 1530 4608 ἔχον
1585 4532 1645 4588 ἐκ
1698 4536 1893 4607 πηγῶν
1943 4533 2040 4594 τὰς

2145 3373 2616 3446 magnitudinem
2669 3390 2831 3429 mare
2876 3378 3105 3430 vocant.
3159 3375 3264 3429 Hic
3294 3375 3449 3430 enim
3503 3377 3690 3432 multa
3735 3383 3793 3434 et

2146 3479 2361 3535 magna
2389 3463 2635 3518 ﬂumina
2654 3462 2714 3517 in
2738 3479 2800 3518 se
2821 3463 3130 3518 inﬂuentis.
3155 3464 3460 3536 recipiens,
3483 3481 3590 3521 nec
3611 3466 3795 3522 mani-

2145 3553 2357 3608 festum
2392 3552 2673 3606 efﬂuxum
2705 3550 2952 3616 habens,
3003 3555 3219 3607 terram
3270 3553 3430 3608 subit
3466 3557 3524 3609 et
3553 3554 3792 3609 demum

2137 3643 2308 3714 juxta
2337 3641 2588 3697 Coraxos
2620 3641 2773 3696 circa
2800 3645 3004 3696 vocata
3034 3641 3267 3713 bathea,
3312 3642 3371 3697 id
3405 3647 3512 3709 est,
3549 3643 3795 3715 profun-

2147 3731 2222 3785 da
2252 3731 2413 3802 ponti
2444 3734 2712 3802 acceptas
2743 3729 2958 3785 evomit
3004 3746 3207 3796 aquas.
3261 3730 3422 3786 Unde
3452 3732 3628 3788 etiam
3660 3748 3794 3804 pro-

2147 3818 2241 3875 cul
2273 3836 2307 3873 a
2334 3822 2490 3874 terra
2518 3818 2591 3874 ad
2634 3822 2895 3874 trecenta
2943 3817 3060 3874 fere
3089 3817 3280 3873 stadia
3329 3819 3532 3876 multis
3560 3819 3620 3875 in
3654 3819 3797 3876 locis

2150 3925 2362 3980 aquam
2396 3907 2756 3980 potulentam
2788 3907 3022 3963 emittit.

2216 3999 2271 4053 6.
2306 3997 2594 4063 Quoniam
2628 3997 2808 4070 igitur
2831 4013 2982 4068 aqua
3015 3996 3194 4052 maris
3220 4013 3355 4052 cum
3385 4001 3666 4069 stagnans
3698 3999 3797 4067 sit,

2149 4102 2264 4141 non
2296 4089 2385 4140 est
2413 4085 2668 4152 fontana,
2705 4088 2766 4139 ut
2805 4084 3170 4139 ostenditur:
3225 4100 3354 4140 eam
3384 4101 3512 4140 esse
3543 4084 3799 4142 collecti-

2148 4174 2290 4228 tiam
2324 4171 2695 4244 relinquitur.
2747 4171 2873 4227 Non
2917 4171 3095 4227 fuerit
3141 4177 3336 4226 autem
3387 4171 3700 4229 collectitia
3729 4188 3801 4229 ex

2149 4261 2496 4316 ﬂuminibus
2543 4261 2739 4332 ipsum
2789 4259 3279 4332 ingredientibus,
3333 4262 3566 4316 tametsi
3612 4262 3802 4318 multa

2150 4351 2270 4408 sint
2299 4355 2355 4406 et
2386 4351 2661 4407 maxima.
2694 4349 2811 4405 Hoc
2841 4349 3000 4404 enim
3031 4350 3082 4404 si
3126 4354 3305 4418 esset,
3333 4350 3545 4422 priscis
3574 4354 3802 4424 tempo-

2150 4442 2313 4497 ribus
2344 4458 2498 4513 aqua
2527 4439 2707 4496 maris
2740 4439 2930 4495 minor
2963 4439 3189 4511 fuisset,
3224 4457 3575 4513 semperque
3608 4439 3805 4496 multi-

2151 4532 2483 4604 plicaretur.
2516 4531 2666 4595 Quin
2699 4530 2895 4602 potius
2927 4546 2994 4585 ex
3020 4528 3279 4584 fontibus
3313 4529 3554 4584 haberet
3583 4528 3803 4602 princi-

391 4619 568 4695 ἀρχὰς
613 4617 754 4695 ἤπερ
806 4619 865 4676 ἐκ
909 4626 1194 4695 ποταμῶν
1244 4621 1334 4678 καὶ
1383 4621 1527 4677 οὕτω
1582 4621 1748 4679 πάλιν
1809 4620 2033 4698 ἀπόρῥυ-

2152 4620 2268 4692 pia,
2319 4636 2496 4691 quam
2544 4635 2614 4674 ex
2661 4617 3057 4687 ﬂuminibus;
3103 4622 3160 4674 et
3203 4617 3285 4672 ita
3331 4617 3524 4674 denuo
3563 4617 3808 4674 efﬂuida

390 4728 483 4762 τον
515 4708 601 4777 ἧν.

469 4801 526 4866 ζ’.
561 4798 622 4851 Οἱ
659 4798 751 4871 μὲν
784 4799 875 4854 οὗν
903 4803 972 4874 τῇ
1003 4801 1315 4876 ἀνθρωπίνῃ
1364 4800 1526 4879 σοφίᾳ
1572 4799 1661 4855 καὶ
1704 4801 1802 4869 τὴν
1856 4798 2051 4854 Θάλασ-

395 4907 488 4942 σαν
523 4887 785 4964 ἇὶναρχον,
819 4889 999 4967 ὥσπερ
1045 4888 1111 4962 δὴ
1170 4891 1261 4946 καὶ
1311 4891 1403 4946 τὸν
1457 4890 1662 4964 κόσμον
1725 4888 1855 4946 ὅλον
1916 4889 2053 4944 ἑτοί-

403 4997 522 5049 μως
596 4975 814 5054 ἔχουσιν
894 4980 1304 5058 ἀποφαίνεσθαι.
1361 4979 1477 5035 ὅσοι
1557 4977 1615 5035 δὲ
1666 4980 1766 5049 τήν
1852 4983 2050 5055 γνῶσιν

399 5059 562 5141 ἔσχον
617 5066 718 5120 ὑπὸ
764 5073 863 5136 τῆς
919 5073 1015 5121 τοῦ
1069 5067 1224 5144 ἁγίου
1300 5067 1615 5141 Πνεύματος
1701 5068 2051 5146 ὑφηγήσεως,

400 5150 575 5218 ὅντως
627 5153 752 5211 οὕτε
799 5158 897 5226 τήν
960 5155 1252 5228 θάλασσαν,
1287 5155 1410 5212 οὔτε
1465 5158 1556 5211 τὸν
1620 5155 1790 5212 ἄλλον
1847 5157 2052 5230 κόσμον

401 5241 635 5320 ἄναρχον
716 5242 1099 5320 ἐδιδάχθησαν,
1177 5244 1304 5301 ἀλλ’
1372 5245 1687 5316 ἀκηκόασιν·
1753 5247 1836 5301 Ἐν
1908 5246 2054 5323 ἀρχῇ

400 5333 650 5408 ἐποίησεν
702 5337 730 5391 ὁ
801 5336 931 5398 Θεὸς
998 5337 1089 5391 τὸν
1161 5335 1383 5410 οὐρανὸν
1451 5335 1540 5390 καὶ
1606 5336 1704 5405 τήν
1778 5339 1898 5411 γῆνο
1967 5335 2056 5392 καὶ

398 5422 582 5481 πάλιν
669 5427 987 5496 ΓεννηΘητω
1085 5426 1387 5501 στερέωμα,
1470 5425 1559 5480 καὶ
1659 5425 1722 5480 τὸ
1805 5423 2058 5480 ὑποκάτω

397 5517 496 5570 τοῦ
595 5516 971 5593 στερεώματος
1077 5511 1223 5591 ὕδωρ
1329 5516 1652 5592 συναχθήτω
1757 5514 1833 5580 εἰς
1931 5514 2057 5592 μίαν

478 5730 578 5786 9³1
614 5731 846 5791 Meteor.
882 5751 931 5792 ο.
969 5735 1055 5790 13.
1132 5735 1178 5770 ⁰⁴
1206 5736 1348 5793 Gen.
1382 5751 1422 5804 ι,
1455 5734 1508 5791 4.

2159 4714 2336 4765 esset.

2226 4801 2282 4854 7.
2316 4798 2424 4862 Qui
2456 4799 2652 4869 itaque
2682 4796 2944 4853 humana
2990 4795 3277 4868 sapientia
3325 4795 3619 4868 sapientes
3648 4800 3807 4868 sunt,

2161 4894 2218 4945 et
2230 4903 2391 4943 mare
2408 4885 2676 4959 principii
2703 4901 2931 4957 expers,
2951 4885 3449 4956 quemadmodum
3473 4900 3612 4940 sane
3633 4885 3811 4941 etiam

2161 4983 2350 5034 totum
2385 4975 2674 5031 mundum
2725 4979 2990 5046 prompte
3037 4975 3344 5029 enuntiare
3400 4977 3666 5046 possunt.
3701 4973 3813 5039 Qui

2165 5071 2360 5122 autem
2419 5083 2488 5120 ex
2544 5063 2800 5135 Spiritus
2857 5063 3044 5119 sancti
3113 5063 3484 5118 institutione
3542 5061 3814 5118 notitiam

2166 5155 2361 5228 adepti
2393 5158 2550 5221 sunt,
2579 5152 2639 5206 hi
2671 5169 2867 5208 revera
2890 5168 3077 5223 neque
3108 5168 3288 5219 mare,
3323 5167 3510 5222 neque
3542 5154 3815 5206 caeterum

2175 5246 2321 5302 183
2355 5243 2642 5299 mundum
2677 5241 2947 5312 principii
2974 5247 3269 5312 expertem
3302 5240 3489 5295 edocti
3523 5244 3680 5311 sunt,
3713 5239 3816 5294 sed

2169 5335 2520 5390 audiverunt
2548 5349 2559 5386 :
2597 5353 2624 5380 «
2653 5332 2716 5384 ln
2738 5329 3022 5402 principio
3052 5329 3186 5384 fecit
3215 5331 3365 5385 Deus
3387 5327 3596 5383 caelum
3629 5333 3686 5382 et
3707 5332 3819 5382 ter-

2169 5440 2294 5480 ram
2319 5423 2383 5476 9‘.
2413 5444 2442 5472 »
2460 5425 2525 5475 Et
2546 5436 2750 5475 rursus
2781 5435 2792 5474 :
2818 5418 2943 5474 Fiat
2963 5419 3490 5486 ﬂrmamentum,et
3511 5433 3665 5489 aqua
3688 5433 3818 5488 quae

2167 5513 2322 5570 infra
2349 5511 2790 5567 ﬁrmamentum
2822 5510 2912 5564 est
2940 5507 2999 5563 in
3025 5523 3203 5563 unam
3227 5506 3560 5580 congeriem
3585 5503 3824 5579 colliga-
