4114 6420
440 380 600 441 1159

1704 349 2127 426 NICEPHORI
2174 349 2614 412 BLEMMlD/E
3666 354 3798 413 “60

435 519 534 570 tur
561 514 626 579 οδ,
659 512 792 583 (hoc
822 513 930 580 est,
958 505 1135 565 simul
1168 504 1246 562 sit
1266 509 1323 560 et
1353 520 1455 576 per
1476 502 1581 573 se),
1605 505 1663 556 et
1690 493 2077 568 conspiciatur

2199 483 2546 558 συναγωγήν·
2624 483 2924 548 τουτέστιν,
2983 482 3153 555 Ὁμοῦ
3235 481 3466 556 γενέσθω
3545 482 3623 536 καὶ
3696 487 3793 548 καθ’

436 603 622 659 arida.
656 601 773 655 Hoc
805 599 962 654 enim
989 596 1146 668 quod
1170 599 1260 650 est
1285 594 1342 646 in
1367 608 1545 648 unam
1569 588 1921 660 congeriem,
1970 595 2086 634 non

435 695 600 748 notat
628 689 799 754 illud,
830 687 888 742 in
920 703 1038 741 uno
1086 684 1231 740 loco.
1288 682 1436 737 Nam
1485 678 1706 734 videsis
1752 672 1949 730 divina
1978 669 2084 723 ite-

435 796 569 836 rum
598 795 708 834 vox
738 774 1150 832 multitudines
1181 786 1467 843 aquarum
1499 766 1724 824 vocavit
1756 761 1960 820 maria.

504 959 560 1012 8.
595 953 1105 1024 Quemadmodum
1150 950 1332 1022 igitur
1379 948 1629 1004 aliorum
1660 943 2080 1000 elementorum

439 1048 759 1117 unicuique
790 1042 1091 1114 proprium
1145 1040 1340 1095 locum
1391 1035 1674 1104 conditor,
1725 1033 1808 1088 sic
1833 1035 1890 1086 et
1921 1042 2084 1098 aqua

437 1114 744 1208 separavit.
796 1133 1037 1186 Videtur
1086 1133 1282 1184 autem
1323 1127 1499 1182 etiam
1549 1120 1805 1196 physicis
1834 1119 1998 1174 locus
2029 1114 2081 1169 is

435 1242 610 1297 quem
662 1239 820 1276 mare
871 1218 1146 1284 continet,
1196 1233 1312 1272 non
1361 1231 1491 1270 esse
1539 1211 1720 1266 maris
1762 1209 1946 1273 locus,
1978 1203 2080 1259 sed

435 1330 598 1386 aqua:
631 1309 979 1381 simpliciter
1007 1308 1071 1361 οδ.
1104 1305 1266 1361 Unde
1297 1303 1473 1359 etiam
1506 1299 1705 1355 omnia
1737 1295 1982 1351 ﬂumina
2011 1291 2086 1346 ad

437 1384 617 1469 mare,
651 1405 717 1455 ut
749 1399 819 1454 ad
851 1395 1154 1468 proprium
1176 1394 1369 1450 locum
1399 1394 1687 1447 feruntur.
1709 1387 1856 1442 Nam
1888 1384 2085 1438 ﬂuxus

436 1491 496 1546 in
521 1491 808 1546 caviorem
830 1489 1053 1557 partem
1076 1481 1402 1538 secundum
1425 1483 1694 1534 naturam
1717 1490 1883 1546 aquae
1908 1471 2083 1547 inest,

438 1585 497 1636 et
526 1595 686 1634 mare
714 1577 907 1632 locum
934 1579 1098 1628 terrae
1131 1570 1510 1627 cavissimum
1542 1568 1804 1636 occupat.

508 1760 564 1812 9.
596 1754 960 1811 Salsedinem
992 1767 1162 1823 porro
1194 1753 1252 1804 et
1281 1745 1735 1803 amaritudinem
1768 1753 1948 1812 quam
1981 1735 2082 1790 ha-

434 1849 549 1914 bet,
584 1863 653 1900 ex
682 1861 748 1899 eo
798 1842 953 1913 quod
999 1839 1270 1896 consistit
1320 1839 1384 1905 9",
1417 1840 1474 1890 et
1519 1833 1674 1906 quod
1707 1831 1849 1886 adeo
1898 1845 1934 1882 a
1962 1823 2083 1923 sole
2114 1864 2160 1930 Β

431 1939 721 2007 evaporat,
755 1933 969 1986 habere
1017 1929 1266 1984 videtur.
1300 1927 1448 1983 Nam
1479 1929 1672 1980 stante
1700 1922 1828 1992 ipso
1855 1919 1914 1972 id
1944 1915 2082 1988 qui-

430 2026 562 2080 dem
596 2023 750 2094 quod
801 2027 892 2075 est
941 2018 1178 2074 tenuius
1226 2014 1314 2071 sol
1359 2012 1648 2079 extrahit;
1697 2009 1852 2081 quod
1883 2010 2080 2094 autem

429 2093 686 2169 crassius
717 2114 825 2174 est,
879 2106 1196 2178 relinquit;
1244 2103 1404 2175 quod
1452 2117 1592 2158 sane
1635 2115 1771 2154 cum
1811 2093 2079 2168 quaedam

431 2202 614 2258 veluti
646 2197 1021 2270 superﬂuitas
1043 2211 1206 2266 aqua“:
1229 2193 1327 2261 sit,
1351 2191 1574 2247 salsum
1596 2193 1653 2244 et
1672 2201 1940 2242 amarum
1968 2184 2078 2237 est.

432 2287 940 2356 Quemadmodum
990 2283 1146 2339 enim
1180 2282 1238 2336 in
1269 2280 1425 2336 184
1472 2277 1813 2349 corporibus
1847 2272 2078 2327 anima-

433 2381 581 2436 lium
615 2376 916 2450 potulento
949 2372 1191 2428 humido
1237 2370 1365 2425 cibo
1418 2367 1684 2439 ingresso
1723 2378 1992 2419 amarum
2024 2363 2082 2414 et

433 2449 658 2526 salsum
691 2465 953 2520 redditur
998 2463 1054 2517 id
1089 2458 1562 2532 superﬂuitatum
1613 2470 1800 2526 genus
1831 2450 1984 2522 quod
2019 2449 2079 2502 in

428 2557 682 2614 vesicam
715 2554 1008 2624 colligitur
1033 2592 1046 2617 ,
1079 2549 1217 2619 quia
1247 2565 1280 2602 a
1303 2546 1497 2601 nativo
1518 2543 1709 2600 calore
1732 2539 2077 2596 animalium

428 2647 584 2720 quod
643 2641 898 2715 potabile
936 2644 1024 2694 est
1081 2635 1395 2693 attrahitur
1447 2635 1513 2702 π,
1560 2632 1739 2702 inque
1787 2643 1993 2684 carnes
2023 2631 2082 2681 et

428 2715 714 2806 reliquam
743 2728 1004 2800 corporis
1052 2725 1447 2780 substantiam
1488 2725 1554 2776 ut
1582 2717 1850 2775 convenit
1880 2715 2080 2770 distri-

427 2823 665 2887 buitur;
701 2821 782 2875 sic
811 2819 985 2873 etiam
1016 2815 1078 2870 in
1129 2831 1281 2886 aqua
1309 2811 1431 2868 ﬁeri
1475 2808 1932 2867 existimandum
1967 2809 2075 2859 est.

427 2914 572 2968 Cum
603 2910 761 2965 enim
810 2909 1086 2963 universa
1131 2903 1323 2958 dulcis
1373 2901 1468 2968 sit,
1521 2899 1661 2973 quia
1707 2896 1860 2970 quod
1889 2894 2078 2965 ipsius

428 2999 684 3074 potabile
715 3002 804 3052 est
833 3012 935 3068 per
965 2991 1393 3050 exhalationem
1417 3007 1452 3045 a
1473 2988 1648 3044 solari
1671 2985 1860 3042 calore
1890 2997 2078 3038 excer-

430 3069 612 3156 nitur,
644 3087 702 3141 id
737 3085 890 3157 quod
941 3081 1314 3153 relinquitur,
1349 3084 1406 3133 et
1449 3077 1617 3149 quasi
1649 3074 1918 3147 quaedam
1945 3069 2075 3125 uni-

427 3194 606 3234 versa:
637 3179 728 3231 est
759 3171 1156 3244 superﬂuitas,
1187 3175 1244 3225 et
1273 3167 1497 3224 salsum
1528 3171 1585 3222 et
1614 3178 1882 3220 amarum
1915 3163 2026 3215 est.

501 3265 588 3322 19.
620 3265 753 3320 Jam
785 3237 918 3318 vero
951 3259 1181 3316 etiamsi
1209 3256 1463 3312 multum
1485 3271 1651 3326 aquai
1674 3249 1924 3323 singulis
1956 3247 2074 3302 die-
2103 3237 2146 3303 C

427 3356 540 3411 bus
570 3356 630 3409 in
683 3367 843 3406 mare
889 3347 1088 3404 inﬂuit
1134 3347 1200 3416 9°,
1243 3344 1427 3401 nihilo
1474 3349 1671 3398 tamen
1719 3340 1913 3410 majus
1941 3335 2078 3390 inde

425 3458 588 3498 mare
616 3439 887 3496 efficitur.
922 3435 1128 3492 Omnis
1149 3433 1308 3490 enim
1333 3450 1489 3505 aqua
1507 3434 1566 3486 in
1588 3430 1787 3502 ipsum
1817 3425 2077 3481 inﬂuens

429 3548 565 3587 cum
596 3529 658 3585 in
695 3530 1046 3584 immensam
1096 3523 1544 3595 amplitudinem
1592 3518 1932 3590 dissipetur,
1964 3513 2076 3568 cito

429 3618 716 3690 nobisque
745 3633 862 3672 non
880 3611 1481 3670 animadvertentibus
1504 3608 1845 3664 exsiccetur.
1877 3603 2076 3674 Neque

426 3725 564 3764 vero
595 3689 807 3762 iterum
857 3719 1018 3758 mare
1069 3699 1528 3773 deprehenditur
1578 3696 1794 3763 minus,
1838 3689 2074 3748 tametsi

429 3797 626 3853 multae
674 3795 936 3868 quotidie
983 3810 1053 3849 ex
1101 3795 1228 3864 ipso
1277 3789 1671 3846 exhalationes
1710 3785 2072 3850 ascendant;

424 3892 734 3960 propterea
763 3885 920 3956 quod
951 3899 1124 3954 aqua,
1158 3897 1284 3952 quis
1315 3896 1383 3934 ex
1415 3877 1562 3934 mari
1607 3873 1957 3948 evaporavit,
1989 3870 2073 3924 vi-

423 3975 625 4031 cissim
657 3974 926 4037 infertur,
990 3988 1125 4026 cum
1182 3986 1286 4041 per
1332 3966 1724 4041 ingredientia
1767 3967 1826 4018 in
1875 3963 2072 4034 ipsum

423 4064 690 4131 ﬂumina,
724 4069 850 4117 tum
885 4079 986 4134 per
1009 4059 1266 4132 pluviam
1290 4074 1420 4131 quae
1441 4057 1500 4111 in
1526 4056 1723 4127 ipsum
1753 4052 1987 4108 decidit.
2006 4053 2076 4106 Et

425 4158 492 4209 ut
522 4170 637 4208 uno
668 4154 842 4208 verbo
870 4150 1246 4220 dicam.quod
1281 4147 1518 4203 marinae
1541 4161 1704 4216 aqua
1740 4141 1924 4198 moles
1955 4157 2071 4196 non

423 4247 692 4314 augetur,
726 4240 785 4295 in
810 4257 987 4295 causa
1017 4245 1106 4294 est
1127 4235 1569 4294 ascendentium
1598 4248 1880 4303 vaporum
1918 4231 2065 4286 185

424 4330 629 4402 copia;
662 4330 818 4400 quod
851 4334 1047 4384 autem
1080 4331 1284 4382 contra
1316 4341 1430 4379 non
1463 4322 1769 4389 minuitur,
1802 4321 1861 4374 in
1893 4335 2072 4375 causa

419 4422 509 4474 est
536 4435 689 4491 aqua
718 4417 1113 4473 exstrinsecus
1143 4413 1497 4486 ingrediens.

491 4508 578 4562 11.
639 4507 954 4578 Eapropter
1028 4521 1218 4576 neque
1288 4502 1521 4558 dulcius
1580 4501 1652 4556 ab
1709 4499 2069 4555 extrinsecus

2200 574 2348 642 αὑτὸ,
2399 573 2489 628 καὶ
2543 572 2764 650 ὀφθήτω
2815 575 2850 642 ἡ
2901 573 3058 648 ξηρά.
3109 571 3179 625 Τὸ
3249 571 3352 646 γὰρ
3401 570 3476 632 εἲς
3535 570 3644 643 μίαν
3693 594 3790 628 συν-

2194 663 2411 739 αγωγὴν
2461 661 2522 717 ού
2567 659 2737 733 δηλοῖ
2780 662 2843 716 τὸ
2887 661 2939 716 έν
2985 662 3062 716 ἑνὶ
3111 660 3285 733 τόπῳ.
3320 656 3461 715 Ἰδοὺ
3506 659 3600 737 γὰρ
3640 662 3794 730 ἡθεία

2194 753 2358 808 πάλιν
2423 752 2577 831 φωνή
2643 753 2712 806 τά
2773 753 3093 824 συστήματα
3159 754 3267 805 τῶν
3334 746 3535 804 ὑδάτων
3612 749 3795 806 ἐκάλεσε

2195 839 2484 903 θαλάσσας.

2267 932 2335 1000 η’.
2369 933 2571 1004 Ὥσπερ
2627 928 2807 985 τοίνυν
2869 933 2977 985 τῶν
3040 926 3226 986 ἄλλων
3291 927 3574 1004 στοιχείων
3625 928 3793 1000 ἑκάστῳ

2192 1018 2360 1074 τόπον
2428 1016 2566 1074 ἴδιον
2630 1019 2896 1097 ἀφώρισεν
2947 1019 2976 1074 ὁ
3021 1015 3378 1093 δημιουργὸς,
3431 1015 3567 1071 οὕτω
3623 1013 3682 1084 δὴ
3724 1014 3790 1071 καὶ

2195 1113 2274 1181 τῷ
2303 1106 2478 1167 ὕδατι.
2512 1113 2668 1164 Δοκεῖ
2698 1105 2755 1162 δὲ
2783 1107 2874 1163 καὶ
2919 1113 3037 1169 τοῖς
3085 1112 3331 1185 φυσικοῖς
3376 1106 3434 1160 ’ὸν
3480 1104 3678 1180 κατέχει
3721 1100 3786 1158 τό·

2197 1219 2292 1252 κον
2363 1201 2398 1267 ἡ
2456 1197 2718 1268 θάλασσα,
2794 1198 2871 1270 μὴ
2939 1197 3077 1252 εἶναι
3139 1196 3419 1264 θαλάσσης
3472 1195 3644 1261 τόπον,
3693 1192 3786 1248 ἀλλ’

2196 1285 2388 1349 ἁπλῶς
2436 1284 2651 1348 ὕδατος.
2702 1290 2857 1350 ’Όθεν
2907 1287 2996 1340 καὶ
3045 1286 3242 1348 πάντες
3292 1285 3346 1340 οἱ
3401 1285 3627 1357 ποταμοὶ
3684 1282 3786 1358 πρὸς

2193 1377 2293 1445 τήν
2353 1373 2644 1449 θάλασσαν,
2695 1376 2772 1438 ὡς
2844 1375 2981 1449 πρὸς
3060 1374 3258 1430 οἴκεῖον
3336 1373 3584 1452 φέρονται
3638 1368 3781 1425 τόπον.

2195 1461 2290 1528 Εἷ¹ς
2346 1487 2406 1520 τε
2457 1466 2558 1542 γὰρ
2609 1466 2673 1520 τὸ
2729 1464 3044 1539 κοιλότερον
3091 1467 3126 1533 ἠ
3162 1463 3316 1540 ῥύσις
3366 1463 3503 1518 κατά
3557 1459 3686 1540 φύσιν
3725 1460 3782 1528 τῷ

2195 1552 2370 1624 ὕδατι,
2403 1555 2493 1610 καὶ
2525 1558 2561 1625 ἡ
2609 1552 2850 1610 θάλασσα
2894 1554 2986 1610 τὸν
3031 1552 3354 1609 κοιλότατον
3412 1551 3572 1607 τόπον
3616 1547 3784 1622 κατέχει

2193 1645 2291 1712 τῆς
2321 1650 2443 1719 γῆς·

2265 1734 2328 1795 θ’.
2360 1733 2466 1801 Τὴν
2526 1731 2884 1809 ἀλμυρότητα
2942 1729 3000 1787 δὲ
3055 1731 3146 1787 καὶ
3200 1732 3303 1800 τὴν
3355 1730 3567 1806 πικρίαν
3602 1729 3655 1797 ἣν
3699 1720 3784 1800 ἔχει

2191 1823 2227 1890 ἡ
2279 1818 2536 1893 θάλασσα,
2598 1821 2658 1876 ἐκ
2729 1825 2826 1875 τοῦ
2897 1819 3147 1885 ἵστασθαι
3210 1820 3303 1875 καὶ
3359 1817 3544 1875 διόλου
3593 1814 3787 1888 ἀτμίζειν

2193 1910 2294 1964 ὑπὸ
2338 1915 2436 1964 τοῦ
2480 1909 2645 1980 ἡλίου
2694 1908 2839 1986 ἔχειν
2892 1907 3060 1965 δοκεῖ.
3113 1908 3449 1983 ’Ἱσταμὲνης
3495 1907 3590 1984 γὰρ
3637 1902 3787 1971 αὐτῆς,

2187 2000 2249 2055 τὸ
2297 2000 2393 2073 μὲν
2444 1997 2767 2074 λεπτότερον
2818 1999 3071 2073 ἀνιμᾶται
3104 1999 3134 2052 ὁ
3162 1996 3350 2069 ἥλιος,
3388 1998 3451 2053 τὸ
3497 1993 3553 2051 δὲ
3594 1990 3789 2068 παχύτε-

2191 2109 2282 2164 ρον
2341 2087 2677 2145 καταλείπειο
2735 2087 2868 2164 ὅπερ
2945 2089 3059 2144 οἷον
3137 2088 3459 2161 περίττωμα
3511 2083 3564 2140 ὃν
3618 2080 3787 2149 ὕδατος,

2190 2179 2436 2255 ἁλμυρόν
2504 2178 2614 2233 ἐστι
2663 2177 2752 2233 καὶ
2809 2177 3024 2254 πικρόν.
3083 2178 3172 2240 Ὠς
3235 2178 3342 2253 γὰρ
3417 2175 3468 2230 ἐν
3541 2178 3645 2234 τοῖς
3707 2172 3789 2224 τῶν

2193 2271 2344 2336 ζώων
2393 2269 2608 2341 σώμασι
2669 2267 2906 2340 ποτίμου
2951 2274 3051 2336 τῆς
3101 2267 3265 2342 ὑγρᾶς
3325 2261 3657 2330 εἰσελθούσης
3698 2277 3792 2333 τρο-

2190 2364 2295 2435 φῆς
2338 2357 2529 2433 πικρὸν
2587 2356 2676 2410 καὶ
2750 2355 2996 2432 ἁλμυρὸν
3074 2355 3276 2431 γίνεται
3326 2355 3388 2409 τὸ
3440 2349 3787 2424 συλλεγόμενον

2190 2447 2266 2508 εἷς
2292 2446 2392 2514 τήν
2435 2445 2617 2500 κύστιν
2668 2445 3005 2520 περίττωμα,
3041 2441 3130 2498 διὰ
3175 2444 3239 2498 τὸ
3293 2443 3398 2498 ὑπὸ
3447 2448 3542 2511 τῆς
3594 2435 3788 2514 ἐμφύτου

2186 2541 2303 2598 τοῖς
2340 2535 2500 2604 ζώοις
2553 2533 2887 2610 θερμότητος
2935 2533 3000 2587 τὸ
3046 2531 3284 2605 πότιμον
3333 2529 3578 2594 ἕλκεσθαι
3615 2525 3690 2581 καὶ
3729 2520 3787 2581 εἰς

2186 2624 2281 2686 τὰς
2341 2623 2540 2698 σάρκας
2585 2623 2675 2678 καὶ
2731 2624 2829 2691 τήν
2908 2622 3109 2690 λοιπὴν
3189 2621 3380 2676 οὐσίαν
3431 2624 3526 2676 τοῦ
3579 2617 3788 2688 σώματος

2189 2709 2534 2776 ἀναδίδοσθαι
2583 2712 2758 2774 καθὼς
2813 2712 3067 2790 πέφυκεν
3114 2709 3292 2773 οὕτως
3356 2707 3676 2779 ὑποληπτέον
3719 2699 3790 2756 κά-

2187 2804 2248 2856 πὶ
2303 2807 2399 2856 τοῦ
2457 2799 2648 2863 ὕδατος
2702 2801 2961 2878 γίνεσθαι.
3021 2799 3259 2862 Γλυκέος
3335 2801 3436 2876 γάρ
3511 2792 3652 2856 ὄντος
3715 2792 3790 2844 τοῦ

2187 2891 2384 2967 ἀθρόου
2413 2896 2492 2963 τῷ
2539 2891 2603 2946 τὸ
2642 2890 2877 2963 πότιμον
2927 2889 3091 2945 αὐτοῦ
3140 2888 3230 2944 διὰ
3285 2895 3385 2958 τῆς
3435 2881 3788 2958 ἀναθυμιάσεως

2184 2988 2284 3050 τῆς
2331 2979 2572 3049 ἡλιακῆς
2625 2979 2964 3054 θερμότητος
3031 2977 3440 3054 ἀποκρίνεσθαι,
3487 2977 3547 3031 τὸ
3581 2967 3790 3028 καταλει-

2185 3070 2423 3142 πόμενον
2450 3068 2541 3123 καὶ
2571 3067 2752 3142 ὥσπερ
2781 3067 3101 3145 περίττωμα
3145 3071 3245 3122 τοῦ
3301 3066 3497 3128 παντὸς
3544 3061 3597 3118 ὃν
3649 3057 3792 3130 ἁλμυ-

2187 3159 2277 3234 ρόν
2307 3159 2416 3213 ἐστι
2449 3158 2538 3213 καὶ
2569 3158 2784 3235 πικρόν.

2258 3251 2308 3304 ι’.
2343 3247 2566 3304 Πολλοῦ
2621 3245 2679 3302 δὲ
2728 3246 2978 3318 πλήθους
3054 3242 3250 3308 ὕδατος
3332 3246 3555 3315 ἑκάστης
3619 3237 3794 3311 ἡμέρας

2188 3333 2562 3411 ἐμϐάλλοντος
2601 3337 2678 3399 εἷς
2724 3337 2825 3405 τήν
2874 3333 3166 3408 θάλασσαν,
3201 3332 3358 3390 οὐδὲν
3417 3331 3611 3389 πλείων
3659 3320 3790 3396 ﬁlia"

2186 3424 2358 3480 λασσα
2421 3425 2644 3501 γίνεται.
2697 3431 2806 3480 Πᾶν
2855 3425 2958 3502 γὰρ
3022 3424 3086 3478 τὸ
3157 3423 3235 3486 εἷς
3307 3423 3473 3492 αὐτὴν
3530 3411 3788 3502 ἐμϐάλλων

2187 3515 2260 3577 εἰς
2308 3498 2508 3590 ἀχανὲς
2555 3513 2765 3577 πλάτος
2819 3498 3200 3586 σκιδνάμενον,
3251 3511 3397 3589 ταχύ
3441 3531 3500 3566 τε
3551 3507 3632 3564 καὶ
3681 3498 3789 3570 ἀδή-

2186 3602 2296 3666 λως
2336 3601 2766 3679 ἀναξηραίνεται.
2799 3599 2933 3657 Οὔτε
2977 3599 3035 3656 δὲ
3081 3600 3250 3657 πάλιν
3298 3605 3335 3672 ἡ
3379 3599 3608 3655 θάλασσα
3659 3590 3786 3679 ἐλάτ-

2181 3713 2289 3746 των
2367 3677 2608 3769 φαίνεται
2673 3689 2894 3761 πολλῆς
2961 3691 3298 3762 καθεκάστην
3377 3686 3652 3765 γινομένης
3711 3677 3788 3745 τῆς

2184 3780 2591 3855 ἀναθυμιάσεως
2639 3781 2690 3852 ἐξ
2747 3780 2938 3850 αὐτῆς,
2988 3778 3072 3835 ὅτι
3118 3781 3178 3835 τὸ
3227 3779 3336 3835 ἀπὸ
3407 3784 3507 3848 τῆς
3559 3769 3788 3834 θαλάσσης

2184 3869 2412 3942 ἀτμίσαν
2513 3868 2658 3946 ὕδωρ
2738 3866 2890 3932 αὖθις
2988 3868 3358 3942 ἀντεισάγεται
3446 3864 3532 3920 διά
3593 3881 3646 3915 τε
3701 3857 3784 3909 τῶν

2183 3958 2498 4034 εἰσρεόντων
2557 3958 2635 4021 εἰς
2690 3958 2857 4027 αὐτὴν
2916 3963 3202 4031 ποταμῶν,
3258 3957 3349 4012 καὶ
3399 3959 3492 4009 τοῦ
3536 3963 3786 4025 καταφερο-

2185 4051 2346 4124 μένου
2405 4049 2560 4104 ὑετοῦ
2619 4048 2758 4125 πρὸς
2814 4047 3001 4118 αὐτήν.
3062 4030 3160 4102 Καὶ
3206 4045 3401 4108 ἁπλῶς
3451 4047 3544 4100 τοῦ
3595 4039 3677 4113 μὲν
3727 4030 3786 4106 μὴ

2179 4135 2446 4207 πληθύειν
2478 4136 2586 4191 ’τὸν
2656 4131 2819 4211 ὄγκον
2881 4139 2979 4190 τοῦ
3034 4133 3239 4204 ταύτης
3292 4131 3484 4195 ὕδατος
3541 4125 3694 4184 αἶ’τιον
3738 4117 3788 4172 τὸ

2177 4223 2391 4294 πλῆθος
2439 4230 2547 4280 τῶν
2595 4223 3009 4304 ἀναφερομένων
3051 4225 3257 4298 ἀτμῶν,
3287 4227 3387 4279 τοῦ
3436 4220 3493 4277 δὲ
3543 4219 3612 4294 μὴ
3663 4212 3787 4269 ἕλετ’

2176 4318 2400 4378 τοῦσθαι
2486 4313 2651 4370 πάλιν
2744 4311 2918 4370 αἷίτιον
3009 4314 3072 4368 τὸ
3155 4311 3346 4384 ἔξωθεν
3453 4305 3784 4383 εἰσερχόμενον

2179 4400 2352 4480 ὕδωρ.

2255 4495 2336 4547 ια’.
2389 4493 2488 4548 Διὰ
2531 4496 2698 4547 ταῦτα
2743 4492 2833 4548 καὶ
2882 4488 3004 4548 οὔτε
3051 4491 3358 4569 γλυκυτέρα
3407 4487 3507 4546 ὑπὸ
3552 4483 3641 4541 τοὺ
3682 4475 3782 4569 ἔξωῖ

418 4558 762 4644 advenientis
791 4558 966 4658 aqua,
992 4558 1182 4656 neque
1209 4583 1470 4639 vicissim
1495 4583 1566 4638 ab
1601 4580 2068 4637 exhalationibus

2187 4583 2263 4636 θεν
2313 4578 2510 4644 ὕδατος
2563 4583 2600 4650 ἡ
2651 4578 2912 4649 θάλασσα,
2962 4558 3076 4636 οὔτ’
3116 4558 3301 4643 αὗθις¹
3341 4574 3673 4654 ἀλμυροτέρα
3715 4558 3784 4618 καί

2389 4671 2397 4673 .
2533 4669 2544 4673 _
2614 4668 2623 4673 .
2847 4670 2859 4673 _
3093 4671 3102 4673 _
3359 4669 3368 4673 -
3591 4657 3691 4673 u\\s
3738 4652 3784 4673 (-

419 4675 638 4732 salsius
670 4681 728 4731 et
757 4676 1018 4731 amarius
1041 4691 1201 4729 mare
1231 4666 1532 4739 redditur';
1559 4672 1656 4726 sed
1692 4671 1809 4726 fere
1840 4687 2073 4741 semper

423 4766 690 4822 eamdem
734 4771 792 4821 et
838 4765 1228 4837 quantitatem
1276 4769 1334 4819 et
1383 4761 1728 4834 qualitatem
1777 4777 1940 4832 aquae
1980 4775 2069 4815 re-

423 4855 591 4911 tinet.

501 4945 586 5000 12.
618 4943 867 4999 Proinde
898 4942 999 5014 qui
1031 4959 1190 4998 mare
1223 4941 1494 5014 principii
1527 4957 1730 5013 expers
1760 4938 2068 5006 faciunt,hi

426 5032 606 5090 etiam
637 5038 1064 5104 consequenter
1110 5032 1452 5104 qualitatem
1502 5032 1630 5102 ejus
1661 5029 1944 5102 principio
1975 5046 2068 5084 ca-

423 5137 552 5178 rere
600 5123 822 5178 dicunt.
858 5123 965 5186 Qui
993 5127 1191 5178 autem
1223 5139 1288 5178 ex
1343 5137 1512 5176 sacra
1558 5121 1858 5191 Scriptura
1890 5119 2072 5175 maris

421 5212 858 5284 generationem
892 5212 1242 5281 didicerunt,
1277 5210 1336 5265 hi
1359 5211 1534 5266 etiam
1567 5209 1869 5281 qualitatis
1900 5209 2072 5264 istius

421 5300 779 5372 principium
813 5300 1029 5367 sciunt,
1080 5298 1410 5372 spiritualia
1460 5298 1638 5354 simul
1687 5304 1744 5353 et
1784 5298 2074 5353 naturalia

425 5390 703 5464 dogmata
719 5395 1050 5462 sequentes.
1073 5389 1219 5453 Quia
1235 5389 1390 5443 enim
1404 5388 1506 5444 Dei
1521 5389 1694 5460 jussu
1711 5387 2073 5460 disseparata

423 5482 515 5536 est
541 5478 970 5536 aﬁrmamento
1018 5495 1173 5551 aqua
1215 5482 1430 5534 terram
1477 5478 1927 5550 circumtegens,
1972 5476 2075 5533 illa

2179 4671 2475 4746 πικροτέρα
2525 4668 2629 4724 ὑπὸ
2676 4674 2784 4723 τῶν
2837 4670 3245 4742 ἀναθυμιάσεων
3313 4652 3532 4744 γίνεται,
3581 4657 3691 4717 ἀλλ’
3726 4652 3784 4746 dif

2182 4757 2376 4813 ἐπίπαν
2430 4760 2493 4813 τὸ
2547 4759 2679 4814 αὐτὸ
2734 4757 2902 4816 ποσόν
2951 4779 3012 4814 τε
3062 4759 3152 4813 καὶ
3204 4758 3361 4814 ποιὸν
3422 4753 3665 4834 φυλάσσει
3707 4739 3781 4796 τοῖ’

2181 4845 2396 4910 ὕδατος.

2255 4938 2343 5012 ιβ’.
2378 4939 2440 4991 O't
2498 4937 2591 5011 μὲν
2643 4935 2733 4992 οὖν
2783 4935 3020 5012 ἄναρχον
3076 4939 3360 4999 ποιοῦντες
3411 4934 3508 5002 τὴν
3558 4927 3780 4984 θάλασσαν

2181 5025 2417 5103 ἄναρχον
2465 5025 2784 5089 ἀκολούθως
2841 5026 2930 5081 καὶ
2979 5027 3080 5095 τὴν
3148 5025 3318 5094 αὐτῆς
3376 5024 3505 5080 εἶναι
3561 5013 3782 5078 ποιότητα

2181 5092 2455 5192 λέγόὺσψ⁸
2517 5117 2568 5171 οἱ
2627 5113 2686 5170 δὲ
2738 5117 2837 5186 τήν
2894 5123 2998 5186 τῆς
3039 5092 3335 5185 ’θαλάσσης
3418 5112 3610 5190 γένεσιν
3668 5092 3782 5192 πεξρά

2178 5185 2277 5275 τῆς
2326 5206 2467 5268 θείας
2520 5207 2864 5280 μεμυημένοι
2919 5211 3160 5283 Γραφῆς,
3211 5201 3387 5259 οἷ’δασι
3431 5185 3521 5256 καὶ
3575 5196 3663 5263 τήν
3711 5185 3783 5283 ἀΡς

2181 5297 2289 5372 χὴν
2339 5302 2438 5365 τῆς
2487 5293 2688 5366 ταύτης
2734 5268 3054 5366 ποιότητος,
3101 5296 3485 5366 πνευματικοῖς
3538 5285 3664 5360 ὁμοῦ
3711 5268 3782 5372 if:

2182 5391 2427 5466 φυσικοῖς
2483 5385 2739 5458 ἑπόμενοι
2805 5381 3085 5462 δόγμασιν’
3139 5361 3253 5439 ἐπεῖ
3301 5383 3404 5458 γὰρ
3449 5380 3578 5436 Θεοῦ
3626 5361 3780 5466 ulla“

2183 5454 2262 5532 σει
2322 5454 2723 5552 δακεχώρισται
2773 5473 2838 5530 τὸ
2883 5454 3324 5552 ’περικαλύπτον
3369 5454 3468 5542 τὴν
3517 5471 3612 5544 γῆν
3661 5454 3782 5530 ὕδωρ

507 5692 552 5736 ⁸⁸
581 5693 727 5756 Gen.
759 5711 800 5771 ι,
829 5695 886 5754 9.
962 5695 1006 5733 ⁹⁶
1049 5694 1087 5754 2
1115 5693 1352 5754 Meteor.
1406 5711 1455 5754 c.
1485 5697 1542 5751 2.
1617 5694 1661 5732 97
1694 5694 1842 5757 Ibid.
1872 5711 1922 5753 ο.
1952 5695 2008 5755 3.

2187 5697 2307 5755 bid.
2339 5713 2390 5756 ο.
2420 5699 2477 5755 2.
2552 5694 2596 5733 9°
2627 5695 2774 5757 Ibid.

3531 6161 3536 6166 ι
3581 6138 3672 6170 ’,ἀ-’λ
3703 6138 3748 6170 ’.θ’
3769 6138 3804 6154 (Γ

3495 6197 3498 6202 ·
3535 6167 3608 6222 ἐξ.)
3619 6159 3760 6218 ξ’ἰέξέξξ
3783 6169 3844 6226 ⁸.,

3485 6217 3520 6264 ,ὦ
3533 6217 3580 6256 έη.
3596 6222 3615 6263 Δν
3636 6219 3711 6259 ην
3730 6214 3823 6257 ,ελ
3851 6229 3904 6248 ι...

3728 6310 3731 6315 ’
3906 6344 3921 6355 ς

3421 6375 3428 6386 Α
3483 6375 3498 6382 ..
3518 6366 3563 6389 ,μ’
3588 6376 3593 6381 ,

3997 643 4006 668 l

3999 677 4006 704 ί
