4114 6440
311 445 463 506 1161

1648 442 2000 504 EPITOME
2044 441 2405 504 PHYSIGA.

3572 447 3731 510 1162

311 573 415 631 ὑπὸ
461 576 560 629 τοῦ
618 572 1015 650 στερεώματος,
1076 570 1185 647 οὐχ
1239 571 1314 634 ὡς
1364 569 1526 648 ἔτυχε
1580 571 1828 647 γέγονεὸ
1875 567 1966 625 διὰ

2094 590 2217 628 sane
2249 574 2633 647 disseparatio
2661 593 2776 632 non
2808 580 3024 633 temere
3043 580 3101 633 et
3120 578 3397 647 casu,sed
3430 581 3496 635 ut
3523 593 3730 635 eonveo

309 662 622 741 χωρισμὸς,
682 659 829 717 ἀλλὰ
884 661 1021 716 κατὰ
1072 660 1135 715 τὸ
1194 663 1500 736 προσῆκον,
1560 660 1683 716 ὅσον
1730 660 1822 734 μὲν
1876 659 1965 715 λε-

308 752 572 830 πτότερον
650 750 741 807 καὶ
817 747 1248 827 ἀεροειδέστερον
1317 749 1408 805 καὶ
1471 749 1800 826 κουφότερον
1867 752 1967 804 τοῦ

307 842 510 905 παντὸς
568 839 863 915 διακριθὲν,
922 840 1033 895 ἅνω
1088 839 1380 895 τέτακται·
1435 839 1498 894 τὸ
1556 837 1613 894 δὲ
1661 837 1967 915 παχύτερον

307 931 398 989 καὶ
455 927 817 1007 γεωδέστερον
894 929 985 984 καὶ
1065 926 1356 1005 βαρύτερον
1419 927 1703 983 ὑπολείπει
1768 948 1916 983 κατω
1949 945 1962 957 ’

309 1020 491 1085 καθὼς
563 1017 653 1074 καὶ
728 1022 820 1073 νῦν
893 1018 1083 1092 ὁρᾶται
1137 1017 1421 1094 γινόμενον
1485 1017 1590 1072 ὑπὸ
1651 1020 1813 1072 τοῦτο
1870 1019 1967 1070 τοῦ

309 1107 477 1179 ἡλίου
522 1104 952 1184 διακρινόμενον.
1005 1111 1068 1160 ‘0
1114 1108 1218 1182 γὰρ
1266 1111 1353 1161 νῦν
1406 1107 1435 1160 ὁ
1463 1105 1627 1176 ἥλιος
1657 1110 1806 1161 ποιεῖ
1833 1104 1972 1167 κατὰ

316 1196 517 1275 βραχὺ,
565 1195 678 1251 τότ’
718 1194 914 1269 ἐσάπαξ
971 1193 1288 1266 ἐπεποιήκει
1334 1197 1398 1249 τὸ
1448 1193 1744 1270 στερέωμα.
1797 1194 1869 1249 Τὸ
1899 1191 1966 1262 δὴ

310 1290 558 1341 τοιοῦτον
605 1281 753 1361 ὕδωρ
798 1284 863 1340 τὸ
906 1282 1059 1360 παχὺ
1122 1284 1216 1339 καὶ
1272 1282 1409 1359 βαρὺ
1451 1283 1542 1338 καὶ
1588 1280 1788 1359 γεῶδες
1838 1282 1966 1337 άπε-

310 1373 497 1430 τέλτς..
546 1372 664 1436 ’τὰς
741 1371 1008 1435 θαλάσσας
1084 1373 1219 1446 ,θείῳ
1269 1370 1495 1445 νεύματι
1571 1372 1830 1448 συναχθέν
1890 1370 1967 1433 είς

256 1448 267 1455 “
310 1463 409 1526 τὰς
464 1460 730 1539 πρότερον
809 1462 901 1535 μὲν
962 1460 1060 1516 οὐκ
1116 1456 1278 1523 οὔσας
1360 1458 1638 1536 ὑποδοχὰς
1670 1507 1684 1534 ,
1746 1459 1965 1536 ὕστερον

314 1548 373 1608 δὲ
427 1549 724 1635 γενομένας
780 1549 833 1605 ἐν
890 1554 971 1623 τῷ
1028 1548 1266 1624 γίνεσθαι
1318 1554 1416 1605 τοῦ
1455 1547 1648 1612 ὕδατος
1702 1550 1803 1618 τὴν
1845 1570 1970 1604 συν-

313 1641 556 1716 αγωγήν.
616 1640 768 1694 Ὅθεν
828 1635 953 1694 οὐδὲ
1006 1639 1071 1694 τὸ
1131 1638 1183 1693 ἐν
1246 1638 1394 1713 μέσῳ
1443 1643 1540 1694 τοῦ
1588 1636 1783 1700 ὕδατος
1827 1638 1972 1713 γενέ-

314 1732 431 1785 σθαι
487 1730 552 1785 τὸ
611 1729 892 1804 στερέωμα
948 1728 1038 1783 καὶ
1098 1724 1448 1806 διαχωρίζειν
1501 1727 1603 1783 άνά
1653 1726 1813 1801 μέσον
1847 1724 1971 1782 ὕδα-

310 1839 404 1881 τος
456 1817 546 1874 καὶ
598 1814 793 1880 ὕδατος
842 1813 1150 1888 δηλωτικὸν
1198 1816 1255 1871 ἂν
1301 1816 1384 1887 εἶή
1442 1821 1538 1872 τοῦ
1586 1818 1703 1872 κατ’
1751 1815 1966 1890 ἰσομοι-

314 1907 430 1984 ρίαν
465 1908 773 1978 ποσότητος
822 1904 1199 1975 ἐκτελεσθῆναι
1235 1905 1326 1961 τὸν
1371 1910 1469 1961 τοῦ
1517 1903 1708 1967 ὕδατος
1757 1903 1970 1982 διαχω-
2001 1936 2048 2001 Β

314 1995 511 2073 ρισμόν
541 2040 556 2068 ,
634 1993 772 2050 ὥστε
828 1994 918 2049 καὶ
975 1994 1038 2050 τὸ
1119 1993 1373 2050 ὑποκάτω
1427 1999 1527 2050 τοῦ
1594 1994 1971 2070 στερεώματος

315 2082 791 2157 ἐναπειλημμένον
844 2080 991 2160 ὕδωρ
1033 2087 1292 2138 τοσοῦτον
1347 2082 1482 2138 εἶναι
1533 2082 1656 2139 ὅσον
1713 2080 1780 2152 δὴ
1841 2081 1968 2138 ἐπά-

314 2192 414 2242 νω,
446 2173 728 2237 κάντεῦθεν
782 2177 880 2228 τΤν
935 2172 1131 2246 μεταξὺ
1174 2179 1277 2242 τῆς
1321 2179 1425 2248 γῆς
1476 2172 1566 2228 καὶ
1594 2176 1694 2228 τοῦ
1740 2172 1968 2249 στερεώ-

320 2283 491 2336 ματος
566 2261 756 2338 χώραν
827 2262 1036 2316 ἅπασαν
1110 2259 1505 2337 πεπληρῶσθαι
1583 2259 1814 2334 ὑδάτων,
1879 2260 1970 2316 καὶ

317 2346 539 2427 ὕστερον
596 2347 769 2405 ἐλθεῖν
828 2350 964 2426 πρὸς
1013 2350 1113 2419 τῆν
1165 2354 1256 2405 νῦν
1316 2348 1477 2405 οὖσαν
1534 2352 1854 2406 κατάστασιν
1900 2353 1970 2425 τῇ

318 2445 425 2495 τῶν
457 2436 664 2495 ὑδάτων
714 2438 854 2516 πρὸς
902 2438 991 2495 τὰν
1042 2439 1242 2495 οἰκεῖον
1294 2438 1464 2495 τόπον
1512 2443 1824 2516 συναγωγῇ.
1863 2441 1970 2509 Τῆς

319 2528 422 2606 γὰρ
484 2524 623 2597 ὅλης
679 2533 781 2603 γῆς
848 2524 1141 2602 ἐλάχιστον
1197 2525 1436 2602 ἐχούσης
1495 2525 1656 2603 λόγον
1718 2525 1813 2601 (έῶ
1870 2525 1971 2602 γὰρ

320 2617 489 2674 εἴπεῖν
552 2616 760 2691 μηνένα
813 2615 951 2671 κατὰ
1006 2615 1135 2678 τοὺς
1179 2615 1460 2693 φυσικοὺς)
1510 2617 1644 2693 πρὸς
1672 2616 1772 2685 τήν
1815 2619 1974 2694 σφαῖ-

322 2726 417 2781 ραν
453 2709 551 2761 τοῦ
596 2705 994 2782 στερεώματος,
1046 2705 1231 2760 ὁποῖαι
1282 2702 1350 2773 δὴ
1400 2704 1721 2775 κοιλότητες
1768 2703 1973 2773 ταύτης

320 2793 655 2866 ἐπινοηθεῖεν
710 2791 793 2865 ἂν,
844 2790 991 2855 ὅλως
1043 2793 1220 2849 ἱκαναὶ
1272 2792 1409 2870 πρὸς
1437 2795 1537 2864 τῆν
1563 2798 1670 2848 τῶν
1695 2791 1971 2848 τοσούτων

319 2880 528 2939 ύδάτων
582 2879 887 2958 ὑποδοχήν.
948 2881 1126 2938 Ἀλλὰ
1159 2883 1221 2938 τὸ
1274 2883 1366 2956 μὲν
1420 2882 1473 2937 ἐν
1523 2883 1672 2956 μέσῳ
1717 2886 1814 2937 τοῦ
1844 2879 1971 2936 ὕδα-

318 2993 412 3037 τος
460 2972 695 3048 γίνεσθαι
740 2972 805 3027 τὸ
853 2971 1138 3048 στερέωμα
1169 3018 1184 3045 ,
1231 2969 1578 3042 ὑποληπτέον
1625 2970 1686 3027 ἂν
1737 2969 1820 3041 εἷίη
1873 2993 1972 3040 ση-

326 3062 530 3137 μαίνειν
578 3061 642 3117 τὸ
709 3059 899 3123 ἁπλῶς
956 3058 1150 3123 ὕδατος
1220 3060 1416 3135 μεταξὺ
1474 3058 1974 3138 δεδημιουργῆσθαι

325 3150 387 3205 τὸ
438 3153 598 3224 σῶμα
639 3153 737 3204 τοῦ
789 3149 1202 3224 στερεώματος·
1251 3151 1314 3205 τὸ
1373 3147 1431 3204 δὲ
1483 3147 1832 3226 διαχωρίζειν
1880 3148 1978 3203 ἀνὰ

334 3237 493 3313 μέσον
539 3235 731 3300 ὕδατος
777 3238 867 3293 καὶ
927 3234 1122 3303 ὕδατος
1174 3239 1238 3294 τὸ
1291 3233 1587 3295 ἀπολαϐεῖν
1634 3238 1725 3294 καὶ
1768 3238 1979 3313 ἀνενεγ-

330 3332 442 3384 κεῖν
500 3327 591 3383 καὶ
622 3327 797 3406 φέρειν
855 3328 966 3383 ἄνω
1023 3333 1126 3383 πᾶν
1186 3330 1433 3384 ὁπωσοῦν
1489 3328 1553 3383 τὸ
1611 3327 1806 3385 λεπτόν
1843 3348 1856 3361 ·

330 3417 507 3488 πάντη
565 3413 623 3472 δὲ
678 3414 1043 3492 γεωδέστατον
1115 3417 1206 3472 καὶ
1265 3418 1379 3473 οἷον
1432 3417 1604 3473 εἰπεῖν
1660 3419 1760 3488 τὴν
1812 3415 1986 3495 τρύγα

330 3504 421 3563 καί
472 3506 825 3581 ὑποστάθμην
874 3506 965 3562 καὶ
1015 3504 1293 3584 ἁλμυρίδα
1345 3511 1444 3563 τοῦ
1491 3504 1685 3570 ὕδατος
1735 3493 1932 3563 κατἀλι
1962 3540 1986 3551 -

332 3601 452 3652 πεῖν
480 3594 628 3651 κάτω
669 3597 761 3651 καὶ
794 3594 1086 3670 μεσιτεύειν
1147 3596 1242 3670 μὶν
1292 3593 1445 3652 ὕδατι
1491 3597 1583 3652 καὶ
1627 3594 1800 3652 ὕδατι⁹
1837 3594 1983 3665 πλὴν

333 3686 398 3740 τὸ
429 3683 610 3741 ἐπάνω
652 3688 751 3739 τοῦ
803 3685 1179 3762 στερεώματος
1225 3682 1372 3763 ὕδωρ
1423 3684 1825 3760 ἀπειροπληθὶς
1859 3685 1987 3740 εἶναι

334 3775 474 3850 πρὸς
527 3775 592 3830 τὸ
637 3773 892 3830 ὑποκάτω
936 3778 1035 3829 τοῦ
1075 3776 1452 3851 στερεώματος
1497 3775 1587 3831 καὶ
1638 3776 1770 3852 ὑπὲρ
1818 3774 1992 3832 πάντα

337 3861 506 3941 λόγον
536 3860 754 3939 σχεδόν.

411 4044 494 4120 ιγ’.
543 4041 608 4098 Εἰ
658 4039 725 4112 δὴ
769 4041 952 4098 τοίνυν
999 4043 1035 4112 ἡ
1071 4042 1176 4098 ὑπὸ
1226 4049 1327 4113 τῆς
1358 4041 1602 4114 ἡλιακῆς
1649 4042 1992 4120 σερμότητος

335 4132 597 4209 γινομένη
675 4135 771 4186 τοῦ
841 4129 1173 4209 λεπτοτέρου
1246 4129 1517 4209 διάκρισις
1584 4127 1775 4195 ὕδατος
1852 4132 1997 4188 αἰτία

342 4220 491 4277 δοκεῖ
547 4227 651 4292 τῆς
698 4217 1085 4297 ἁλμυρότητος
1130 4224 1200 4295 τῇ
1251 4219 1493 4294 θαλάσσῃ
1548 4222 1639 4276 καὶ
1677 4229 1779 4292 τῆς
1810 4223 1998 4299 πικρό-

340 4330 530 4382 τητος,
585 4307 674 4364 διὰ
744 4310 807 4364 τὸ
883 4309 1139 4383 μετουσίᾳ
1184 4308 1474 4386 πυρώδους
1543 4306 1824 4384 δυνάμεως
1882 4315 1998 4373 τοῖς

342 4403 552 4476 χυμοῖς
592 4396 1035 4477 φυσιολογεῖσθαι
1081 4402 1189 4453 τῶν
1234 4398 1499 4454 τοιούτων
1542 4400 1852 4470 ποιοτήτων
1899 4400 2000 4469 τήν

344 4488 549 4563 γένεσιν
611 4485 756 4561 (ὅσον
803 4487 905 4564 γὰρ
964 4486 1026 4542 ού
1081 4484 1401 4557 δεδυνῆσθαι
1458 4487 1523 4543 τὸ
1570 4487 1769 4563 θερμὸν
1824 4487 1876 4543 ἐν
1930 4491 1998 4563 τῇ

349 4574 612 4652 διακρίσει
659 4576 797 4653 πρὸς
848 4576 1004 4631 ἑαυτὸ
1056 4575 1471 4649 ἐπισπάσασθαι,
1517 4581 1766 4632 τοιοῦτον
1821 4574 1999 4651 ἁλμυ-

2076 661 2293 730 niebat,
2328 664 2478 719 facta
2507 670 2634 733 est;
2686 664 2767 721 ita
2798 671 2882 732 ut,
2933 683 3061 737 quae
3101 665 3340 738 quidem
3385 666 3640 736 tenuior,
3671 671 3730 725 et

2075 751 2196 807 aeri
2228 752 2481 808 similior
2508 753 2805 826 leviorque
2835 754 2907 809 de
2938 754 3212 811 universa
3233 760 3377 825 erat,
3402 772 3508 828 per
3535 772 3727 814 secre-

2076 840 2293 896 tionem
2328 859 2566 898 sursum
2611 843 2949 908 constituta,
2977 842 3232 899 crassior
3278 860 3412 900 vero
3458 849 3517 901 et
3560 848 3727 902 terras

2075 929 2320 986 vicinior
2348 931 2718 1004 graviorque,
2750 932 2997 988 inferius
3028 931 3231 989 relicta
3258 932 3474 997 fuerit;
3522 950 3728 1006 quem-

2078 1020 2396 1075 admodum
2428 1023 2602 1076 etiam
2638 1037 2794 1076 nunc
2826 1021 2951 1077 ﬁeri
2977 1022 3355 1092 conspicitur,
3385 1038 3521 1079 cum
3553 1022 3732 1080 asole

2078 1108 2422 1164 secernitur.
2456 1109 2620 1173 Quod
2656 1109 2814 1165 enim
2841 1126 2998 1165 nunc
3027 1110 3188 1165 brevi
3214 1111 3500 1183 temporis
3538 1111 3730 1185 spatio

2077 1197 2166 1253 sol
2201 1197 2354 1266 facit,
2387 1202 2529 1254 tunc
2559 1198 2738 1254 simul
2787 1204 2843 1254 et
2890 1199 3061 1256 simel
3107 1200 3547 1257 ﬁrmamentum
3581 1201 3729 1259 fece-

2078 1285 2567 1357 rat.Hujusmodi
2609 1287 2832 1344 scilicet
2882 1305 3036 1361 aqua
3084 1305 3285 1346 crassa
3328 1294 3388 1346 et
3432 1290 3627 1363 gravis
3673 1294 3732 1347 et

2075 1375 2371 1431 terrestris
2400 1376 2556 1432 I86
2585 1377 2892 1433 constituit
2922 1378 3128 1448 maria,
3158 1394 3294 1434 cum
3333 1378 3532 1435 divino
3582 1383 3731 1437 nutu

2076 1462 2138 1519 in
2171 1464 2584 1536 conceptacula
2613 1482 2740 1537 quea
2771 1465 2936 1538 prius
2967 1466 3206 1538 quidem
3237 1484 3356 1523 non
3403 1471 3591 1537 erant,
3624 1469 3729 1525 sed

2079 1556 2281 1623 postea
2309 1570 2442 1608 cum
2476 1571 2763 1626 aquarum
2795 1553 3137 1612 collectione
3165 1557 3321 1612 facta
3342 1556 3598 1629 fuerunt,
3619 1556 3734 1615 col-

2079 1640 2229 1696 lecta
2256 1647 2345 1698 est
2375 1644 2417 1697 ¹.
2451 1642 2613 1699 Unde
2644 1660 2834 1715 neque
2860 1645 3058 1714 ipsum
3088 1644 3150 1699 in
3193 1644 3387 1702 medio
3435 1662 3602 1719 aqua!
3630 1645 3730 1702 ﬁr-

2080 1734 2445 1786 mamentum
2478 1731 2697 1786 factum
2720 1747 2870 1799 esse,
2893 1737 2951 1788 et
2987 1732 3245 1790 dividere
3266 1732 3420 1791 inter
3437 1750 3656 1806 aquam
3674 1737 3734 1791 et

2081 1834 2316 1889 aquam,
2348 1818 2458 1875 hoc
2487 1819 2925 1891 signiﬁcaverit,
2959 1822 3113 1893 quod
3150 1838 3312 1894 aqua:
3342 1822 3731 1895 disseparatio

2081 1907 2405 1963 secundum
2437 1908 2785 1979 quantitatis
2816 1909 3274 1983 aequabilitatem
3305 1911 3562 1984 perfecta
3602 1911 3732 1968 fue-

2084 1995 2177 2063 rit,
2210 2000 2275 2051 ut
2299 1988 2459 2068 aqua
2482 1995 2635 2053 infra
2673 1997 3115 2055 ﬁrmamentum
3162 1997 3367 2055 relicta
3420 1998 3502 2055 sit
3545 2004 3730 2071 tanta,

2081 2088 2304 2156 quanta
2351 2088 2441 2140 est
2496 2100 2566 2139 ea
2622 2102 2750 2158 qua
2802 2103 2981 2158 supra
3035 2086 3498 2156 ﬁrmamentum,
3550 2091 3734 2160 utque

2080 2171 2218 2229 hinc
2250 2189 2382 2244 quae
2411 2173 2564 2228 inter
2592 2177 2811 2230 terram
2843 2179 2902 2229 et
2941 2175 3383 2232 ﬁrmamentum
3423 2175 3735 2248 intervenit

2081 2262 2261 2334 regio,
2294 2262 2462 2333 aquis
2492 2261 2669 2317 fuerit
2698 2263 2971 2319 universa
3011 2263 3276 2336 impteta,
3307 2268 3365 2320 et
3410 2269 3617 2338 postea
3657 2265 3732 2322 ad

2082 2351 2239 2407 hunc
2298 2355 2517 2406 statum
2578 2351 2997 2408 interveniente
3062 2369 3351 2425 aquarum
3423 2353 3485 2410 in
3535 2352 3733 2411 locum

2081 2439 2437 2512 peculiarem
2466 2439 2808 2497 collectione
2854 2442 3198 2513 pervenerit.
3232 2445 3375 2500 Cum
3406 2442 3567 2500 enim
3596 2428 3731 2500 uni-

2081 2545 2249 2585 versa
2278 2534 2433 2583 terra
2479 2528 2790 2585 minimam
2825 2528 3040 2586 habeat
3068 2531 3356 2588 rationem
3387 2530 3544 2603 (nolo
3573 2532 3733 2589 enim

2083 2618 2276 2673 dicere
2307 2616 2530 2673 nullam
2562 2618 2889 2675 secundum
2920 2619 3216 2692 physicos)
3262 2620 3335 2676 ad
3374 2620 3735 2678 ﬁrmamenti

2083 2706 2396 2779 sphaeram,
2429 2704 2775 2778 qualesnam
2805 2707 2984 2779 hujus
3012 2708 3309 2777 cavitates,
3333 2725 3461 2782 qum
3491 2709 3734 2767 omnino

2083 2795 2158 2851 ad
2168 2800 2467 2851 tantarum
2488 2811 2777 2867 aquarum
2800 2796 3191 2868 receptionem
3209 2797 3737 2868 sufﬁcerent,exco-

2082 2883 2257 2956 gitari
2287 2887 2573 2956 possent?
2623 2885 2730 2940 Sed
2783 2886 2844 2939 in
2895 2886 3088 2942 medio
3139 2902 3305 2958 aquae
3354 2887 3576 2944 factum
3605 2903 3737 2944 esse

2083 2973 2521 3028 ﬁrmamentum
2572 2972 2905 3045 signiﬁcare
2947 2974 3407 3031 existimandum
3436 2980 3549 3045 est,
3582 2975 3738 3033 inter

2085 3061 2432 3135 simpliciter
2462 3078 2676 3134 aquam
2709 3062 3011 3119 conditum
3042 3080 3173 3120 esse
3217 3064 3575 3121 ﬁrmamenti
3607 3081 3735 3122 cor-

2085 3168 2216 3224 pus,
2250 3150 2447 3222 ipsum
2477 3166 2611 3207 vero
2639 3150 2899 3207 dividere
2938 3151 3092 3208 inter
3136 3168 3353 3225 aquam
3400 3156 3458 3209 et
3494 3168 3732 3225 aquam.
3802 3186 3805 3189 -

2092 3241 2371 3296 denotare
2399 3239 2546 3294 nihil
2576 3238 2735 3296 aliud
2766 3256 2945 3312 quam
2977 3241 3308 3314 suscepisse
3337 3246 3396 3298 et
3424 3240 3741 3298 sustulisse

1917 3305 1980 3382 «Ea
2010 3305 2054 3373 α
2094 3334 2151 3386 et
2197 3345 2437 3386 sursum
2484 3328 2726 3385 evehere
2779 3305 2931 3385 i87
2993 3305 3282 3403 quidquid
3327 3329 3453 3388 leve
3493 3330 3644 3400 fuit;
3675 3345 3745 3387 ao

2093 3424 2259 3475 terrae
2287 3416 2740 3487 vicinissimum,
2774 3423 2851 3488 et,
2877 3423 2941 3475 ut
2960 3418 3041 3475 ita
3060 3420 3276 3491 dicam,
3300 3420 3498 3478 faecem
3518 3423 3578 3476 et
3597 3418 3749 3476 sedi-

2097 3511 2389 3577 mentum,
2420 3510 2477 3562 et
2508 3522 2672 3578 aquas
2702 3505 3103 3580 salsilaginem
3139 3508 3384 3566 inferius
3414 3508 3749 3582 reliquisse,

2097 3604 2152 3653 et
2188 3596 2342 3652 inter
2399 3612 2615 3668 aquam
2664 3599 2722 3651 et
2766 3612 2982 3669 aquam
3037 3596 3390 3655 intervenire
3438 3597 3749 3667 medium;

2099 3702 2315 3757 aquam
2342 3690 2540 3741 tamen
2571 3701 2699 3758 quae
2729 3689 2820 3741 est
2838 3702 3020 3758 supra
3039 3686 3483 3743 ﬁrmamentum
3503 3686 3750 3744 inﬁnite

2098 3791 2230 3832 esse
2260 3773 2681 3840 multitudinis,
2713 3775 2764 3830 si
2811 3776 3146 3831 conferatur
3194 3792 3330 3832 cum
3377 3793 3448 3833 ea
3493 3792 3624 3849 quae
3663 3779 3756 3833 est

2101 3864 2257 3921 infra
2284 3864 2749 3931 ﬁrmamentum,
2778 3866 2838 3919 et
2866 3879 3103 3920 omnem
3146 3865 3266 3923 fere
3311 3865 3753 3939 proportionem

2103 3968 2401 4025 superare.

2178 4043 2263 4097 13.
2297 4043 2460 4108 Quod
2492 4036 2541 4098 ei
2572 4043 2754 4116 igitur
2779 4060 2813 4098 a
2843 4041 3032 4099 calore
3061 4042 3239 4099 solari
3287 4043 3439 4099 facta
3469 4041 3753 4100 tenuioris

2105 4149 2270 4205 aquae
2301 4131 2598 4203 discretio,
2628 4131 2858 4188 videtur
2885 4148 3013 4188 esse
3042 4148 3221 4188 causa
3260 4132 3411 4189 mari
3440 4130 3756 4189 salsedinis

2106 4226 2164 4278 et
2203 4220 2637 4288 amaritudinis,
2669 4226 2976 4293 propterea
3020 4222 3176 4293 quod
3224 4221 3412 4295 ignea:
3459 4219 3756 4278 facultatis

2107 4310 2417 4383 praesentia
2446 4310 2506 4365 in
2539 4310 2782 4382 physica
2810 4310 3055 4366 docetur
3083 4310 3368 4367 naturalis
3395 4327 3574 4367 causa
3587 4325 3759 4384 gene-

2108 4398 2376 4464 rationis,
2407 4398 2701 4469 ejusmodi
2729 4397 3081 4470 qualitatum
3112 4397 3174 4454 in
3206 4398 3557 4456 humoribus
3576 4398 3759 4473 (quod

2108 4489 2266 4545 enim
2298 4487 2455 4543 calor
2484 4487 2545 4543 in
2574 4487 2926 4543 discretione
2955 4504 3070 4544 non
3102 4487 3358 4560 potuerit
3387 4489 3459 4544 ad
3492 4505 3555 4544 se
3579 4493 3762 4545 attra-

2109 4578 2268 4649 here,
2298 4578 2358 4633 id
2387 4576 2780 4633 salsamarum
2813 4577 2958 4649 ﬁeri,
2994 4582 3057 4633 ut
3084 4576 3338 4633 cinerem
3386 4580 3445 4634 et
3486 4577 3763 4635 sudorem

350 4664 611 4743 ρόπικρον
668 4663 923 4740 γίνεσθαι,
974 4664 1049 4727 ὡς
1107 4665 1206 4734 τὴν
1260 4663 1481 4743 τέφραν,
1528 4665 1624 4721 κάν
1673 4670 1792 4729 τοῖς
1840 4667 1983 4735 ζώοις

2111 4666 2171 4722 in
2227 4665 2607 4732 animalibus,
2652 4669 3009 4739 caeterasque
3055 4666 3540 4738 superﬂuitates),
3588 4666 3769 4723 fuerit

344 4755 437 4810 τὸν
497 4751 704 4830 ἱδρῶτα
736 4753 847 4809 ⁴καὶ
902 4754 971 4809 τὰ
1040 4751 1211 4809 λοιπά
1278 4754 1685 4830 περιττώματα)
1721 4774 1733 4786 ·
1797 4752 1880 4826 εἷίη
1941 4752 2000 4809 ἂν

346 4842 493 4899 αἰτία
544 4843 784 4921 προτέρα
857 4846 925 4919 τῇ
977 4843 1217 4920 θαλάσσῃ
1271 4850 1374 4915 τῆς
1447 4843 1648 4907 οἰκείας
1703 4843 2002 4915 ποιότητος

348 4935 384 5003 ἡ
444 4932 550 4988 ὐπὸ
603 4936 702 4988 τοῦ
756 4933 1136 5011 στερεώματος
1190 4933 1457 5011 γενομένη
1511 4933 1704 5007 πρώτη
1777 4932 2002 5004 τοιαύτη

351 5019 638 5099 διάκρισις.
669 5027 777 5093 Τῆς
826 5023 994 5093 αὐτῆς
1047 5023 1149 5100 γὰρ
1195 5027 1276 5096 τῷ
1322 5020 1471 5095 ἡλίῳ
1499 5023 1589 5077 καὶ
1620 5023 1682 5078 τὸ
1728 5023 2009 5099 στερέωμα

352 5111 562 5190 φύσεως
619 5113 766 5187 παρὰ
816 5111 1028 5167 πάντων
1103 5111 1459 5188 ὁμολογεῖται
1530 5116 1638 5166 τῶν
1719 5116 1957 5190 φυσικῶν
1993 5157 2007 5184 ,

350 5201 475 5256 ὅσοι
528 5222 587 5256 τε
660 5199 908 5274 πέμπτον
965 5205 1125 5275 σῶμα
1197 5202 1260 5257 τὸ
1317 5198 1550 5275 αἰθέριον
1626 5199 1867 5279 λέγουσι,
1921 5200 2011 5256 καὶ

357 5289 475 5347 ὅσοι
523 5291 628 5346 πὰν
689 5290 755 5346 τὸ
808 5290 911 5345 ὑπὸ
982 5291 1084 5360 τήν
1137 5286 1386 5361 αἴσθησιν
1458 5288 1518 5345 ἐκ
1570 5294 1680 5345 τῶν
1735 5291 2010 5370 τεσσάφων

358 5378 646 5455 στοιχείων
712 5378 1114 5453 συντεθειμένον
1172 5379 1534 5456 γινώσκουσι,
1589 5380 1868 5435 κάντεῦθεν
1923 5379 2014 5436 καὶ

355 5469 456 5539 τὴν
509 5466 647 5541 ὅλην
702 5468 836 5545 ὑπὲρ
895 5466 1129 5540 σελήνην
1189 5467 1477 5545 ἐγκόσμιον
1538 5465 1898 5548 δημιουργίαν
1958 5468 2018 5526 ἐκ

357 5561 467 5614 τῶν
497 5561 855 5635 στοιχειακῶν
898 5555 1214 5632 ἀκροτήτων
1261 5555 1678 5634 ἐπικρατοῦντος
1730 5562 1828 5616 τοῦ
1876 5556 2015 5618 εἰλι-

356 5644 702 5725 κρινεστέρου
730 5646 900 5723 πυρὸς
931 5643 1345 5725 ἀποφαίνονται.

432 5776 452 5817 ί
484 5772 630 5837 Gen.
662 5791 705 5848 ι,
736 5776 792 5834 6.

646 5902 914 5967 Ριτιιοι..
963 5901 1079 5969 Gs.
1125 5901 1354 5979 CXLII.

2114 4755 2316 4827 utique
2365 4755 2514 4810 mari
2560 4771 2742 4811 causa
2788 4754 2949 4827 prior
2994 4771 3116 4811 sum
3171 4754 3475 4827 qualitatis
3522 4772 3592 4812 ea
3638 4770 3771 4828 qua

2116 4844 2321 4918 primae
2341 4861 2375 4899 a
2403 4843 2776 4899 ﬁrmamento
2799 4844 2953 4899 facta
2972 4848 3061 4900 est
3078 4843 3373 4901 discretio.
3394 4844 3541 4901 Nam
3564 4860 3772 4902 omnes

2117 4933 2342 5008 physici
2372 4932 2483 4989 hoc
2515 4934 2791 5000 fatentur,
2825 4933 2982 5004 quod
3016 4934 3456 4989 ﬁrmamentum
3484 4950 3622 4989 eum
3649 4932 3773 4991 sole

2118 5022 2384 5094 ejusdem
2416 5021 2495 5077 sit
2522 5026 2781 5077 naturae:
2817 5038 2952 5076 cum
2980 5022 3017 5076 ii
3042 5022 3142 5094 qui
3166 5021 3474 5078 aetherium
3496 5021 3773 5094 quintum

2120 5127 2331 5183 corpus
2364 5110 2587 5177 dicunt,
2613 5116 2737 5165 tum
2764 5110 2801 5164 ii
2826 5110 2927 5182 qui
2961 5111 3247 5183 quidquid
3280 5111 3392 5167 sub
3423 5127 3664 5167 sensum
3685 5127 3777 5166 ca-

2122 5201 2229 5267 dit,
2261 5217 2330 5255 ex
2360 5207 2614 5271 quatuor
2660 5198 2971 5255 clementis
3001 5200 3398 5273 compositum
3421 5205 3775 5273 agnoscunt,

2122 5294 2181 5346 et
2207 5288 2345 5344 hinc
2372 5288 2550 5344 etiam
2608 5288 2946 5343 universam
3004 5306 3133 5361 qua:
3185 5304 3369 5361 supra
3422 5288 3628 5344 lunam
3681 5291 3778 5345 est

2124 5379 2490 5433 mundanam
2530 5376 2683 5433 I88
2731 5381 3093 5433 structuram
3141 5393 3212 5433 ex
3261 5377 3680 5435 sineerissimis
3725 5381 3786 5434 et

2126 5464 2589 5524 defaecatissimis
2629 5454 2937 5524 elementis
2967 5467 3284 5525 sinceriore
3312 5468 3447 5543 igne
3473 5466 3786 5545 predomi'o

2127 5562 2306 5616 nante
2335 5560 2526 5615 ortam
2558 5572 2686 5615 esse
2716 5556 3122 5630 pronuntiant.

3399 5865 3511 5977 '37
