4114 6414
295 441 452 510 “‘65

1632 441 1979 506 EPITOME
2023 444 2381 506 PHYSICA.

3556 453 3714 512 “66

297 580 468 660 φορὰς
517 575 708 654 ἔχουσι
752 577 889 653 πρὸς
931 575 1024 631 τὸν
1076 572 1239 646 ἥλιον
1289 577 1435 650 παρὰ
1475 576 1602 637 τοὺς
1646 577 1730 636 οἷς
1779 575 1942 651 παρά-

2067 576 2250 632 solem
2283 578 2382 648 qui
2425 577 2861 634 exhalationum
2907 595 3084 634 causa
3137 583 3225 636 est
3271 580 3716 654 dispositionem

295 685 519 724 κεινται.
570 665 644 722 Οὐ
699 667 805 738 μὴν
857 663 983 720 ἀλλ’
1031 664 1205 720 ἐνίοτε
1253 665 1390 719 κατά
1439 665 1532 737 μὲν
1563 660 1689 720 τόδε
1741 665 1804 718 τὸ
1866 663 1957 736 μέ-

297 777 392 833 ρος
446 756 546 824 τὴν
605 753 769 831 ξηρὰν
819 751 1176 826 ἀναθυμίασιν
1235 747 1522 825 συμϐαίνει
1582 751 1950 820 πλεονεκτεῖν,

293 845 432 902 κατά
487 842 545 900 δὲ
597 843 662 898 τὸ
709 840 1106 919 παρακείμενον
1153 843 1251 911 τήν
1312 840 1496 918 ὑγράν’
1540 842 1631 896 καὶ
1661 839 1948 898 ἀνάπαλιν.

295 936 477 1010 Οὗπερ
530 931 702 988 αἷ¹τιον
753 931 813 986 ἂν
865 929 949 1001 εἴη
1000 932 1062 986 τὸ
1093 932 1225 986 ποτὲ
1259 932 1352 1004 μὲν
1389 931 1476 1008 ἀφ’
1505 933 1570 999 ἧς
1635 928 1950 1008 ἀναφέρεται

295 1025 484 1101 χώρας
542 1025 578 1092 ἡ
641 1020 797 1096 ξηρὰ,
853 1020 990 1074 κατά
1046 1019 1246 1089 ταύτην
1309 1020 1398 1074 καὶ
1474 1017 1648 1093 μένειν
1729 1018 1948 1096 ῥέουσαν

295 1113 485 1184 αὐτήν·
530 1110 739 1185 ὁμοίως
790 1110 882 1164 καὶ
931 1111 1019 1187 ἀφ’
1047 1112 1115 1178 ἧς
1157 1112 1192 1178 ἠ
1241 1109 1380 1184 ὑγρά
1425 1110 1525 1178 τήν
1575 1109 1761 1184 ὑγράν.
1796 1110 1854 1161 Ὀ
1892 1109 1952 1163 τὲ

295 1201 343 1258 δ’
403 1198 842 1263 ὁπαλλάσσεσθαι
895 1198 986 1253 καὶ
1050 1199 1377 1253 ἀπωθεῖσθαι
1456 1198 1558 1252 ὑπὸ
1629 1195 1950 1271 πνευμάτων

291 1295 454 1346 τινῶν
511 1290 612 1358 τὴν
666 1289 760 1361 μὲν
815 1287 999 1363 ὑγρὰν,
1047 1286 1186 1359 ὅθεν,
1237 1289 1272 1356 ἡ
1326 1286 1482 1362 ξηρὰ,
1523 1287 1622 1354 τὴν
1670 1285 1728 1341 δὲ
1784 1286 1946 1359 ξηρὰν

293 1379 412 1445 ὅθεν
459 1380 495 1448 ἡ
550 1378 706 1453 ὑγρά·
741 1377 777 1446 ἢ
818 1379 853 1446 ἡ
913 1375 1007 1449 μὶν
1054 1373 1233 1449 ἔμεινε
1290 1376 1421 1431 καθὸ
1470 1376 1770 1450 ἀνηνέχθη,
1821 1377 1856 1444 ἡ
1904 1372 1951 1429 δ’

295 1465 372 1530 εἷς
402 1463 580 1535 ἄλλην
610 1481 716 1519 που
743 1465 931 1540 χώραν
962 1455 1214 1533 ἀπώσθη.

2068 665 2304 736 habent,
2346 666 2458 721 nisi
2511 671 2746 739 prOpter
2795 667 2977 722 situm
3032 667 3287 740 aliquem
3339 670 3716 741 peculiarem,

2064 754 2192 810 loca
2221 756 2488 825 quaedam
2521 757 2593 810 ab
2627 756 2743 811 illis
2775 757 2994 828 quibus
3025 758 3295 828 adjacent
3324 759 3716 816 differentiam

2062 842 2336 899 habeant.
2373 851 2447 899 At
2489 861 2623 900 vero
2676 845 2974 900 interdum
3029 849 3086 900 in
3141 864 3257 901 una
3309 848 3506 919 aliqua
3553 852 3718 920 parte

2061 931 2487 988 exhalationem
2513 934 2730 989 siccam
2755 952 2768 1001 ;
2805 935 2864 989 in
2897 936 3202 1006 adjacente
3226 953 3379 1003 vero,
3407 937 3714 995 humidam

2063 1021 2363 1076 abundare
2395 1022 2707 1094 contingit,
2731 1027 2788 1078 et
2820 1029 3042 1078 contra.
3067 1025 3248 1096 Cujus
3278 1025 3360 1080 rei
3394 1043 3575 1083 causa
3603 1035 3712 1095 est,

2062 1111 2216 1181 quod
2279 1111 2572 1167 interdum
2631 1129 2699 1167 ex
2757 1130 2873 1184 qua
2932 1113 3168 1185 regione
3230 1115 3492 1170 ascendit
3557 1116 3713 1174 sicca

2062 1198 2431 1272 [exhalatio],
2465 1199 2522 1252 in
2574 1201 2777 1256 eadem
2823 1201 3000 1256 etiam
3043 1201 3231 1257 ﬂuens
3275 1202 3405 1274 ipsa
3436 1209 3707 1274 maneat;

2060 1286 2331 1342 similiter
2381 1289 2534 1344 I92
2593 1305 2661 1344 ex
2719 1306 2836 1360 qua
2891 1290 3138 1345 humida
3184 1290 3461 1362 elevatur,
3509 1297 3575 1348 ut
3629 1293 3711 1348 ibi

2061 1376 2347 1432 subsistat
2377 1376 2644 1432 humida.
2669 1377 2970 1433 Interdum
3000 1395 3136 1433 vero
3168 1381 3288 1435 vice
3317 1396 3483 1436 versa
3513 1385 3711 1438 muta-

2058 1468 2176 1536 tur,
2209 1469 2265 1520 et
2312 1481 2346 1518 a
2394 1464 2630 1520 ﬂatibus
2674 1464 2974 1537 aliquibus
3004 1466 3332 1539 depellitur,
3366 1467 3612 1524 humida
3642 1486 3709 1527 eo

292 1557 448 1614 unde
489 1555 647 1612 sicca
688 1561 798 1624 est,
831 1555 983 1610 sicca
1033 1571 1099 1607 eo
1150 1554 1304 1608 unde
1353 1553 1598 1609 humida
1646 1557 1774 1621 est;
1825 1558 1927 1609 aut
1977 1570 2094 1610 una
2146 1553 2383 1625 quidem
2438 1553 2730 1622 subsistit,
2764 1562 3054 1627 quatenus
3098 1555 3330 1612 sublata
3361 1561 3449 1614 est
3478 1575 3493 1626 ;
3526 1560 3711 1617 altera

290 1663 425 1704 vero
454 1646 516 1701 in
547 1644 723 1701 aliam
753 1643 968 1700 alicubi
1000 1643 1296 1715 regionem
1337 1642 1575 1715 repulsa
1603 1647 1711 1699 est.

364 1735 421 1791 ε’.
480 1734 588 1803 Τήν
671 1731 765 1805 μὲν
847 1728 937 1786 οὗν
1016 1734 1122 1785 τῶν
1203 1729 1419 1804 ἀνέμων
1501 1727 1663 1804 ὕλην,
1734 1731 1940 1804 θερμὴν

2125 1732 2180 1786 5.
2214 1731 2520 1788 Materiam
2553 1748 2688 1806 ergo
2726 1738 3056 1800 ventorum,
3088 1734 3514 1792 exhalationem
3569 1736 3708 1793 cali-

292 1823 382 1879 καὶ
456 1821 620 1899 ξηρὰν
696 1819 1049 1894 ἀναθυμίασιν
1109 1818 1244 1874 εἶναί
1301 1839 1450 1898 φασι,
1511 1820 1586 1892 μὴ
1649 1815 1826 1874 δοκεῖν
1889 1815 1946 1873 δὲ

289 1911 422 1975 τοὺς
452 1912 684 1984 ἀνέμους
719 1908 975 1983 θερμοὺς,
1010 1906 1099 1964 διὰ
1126 1909 1188 1963 τὸ
1244 1913 1413 1964 κινεῖν
1466 1909 1557 1963 τὸν
1620 1909 1750 1984 ἀέρα
1810 1905 1945 1962 πολ-

293 1999 399 2072 λῆς
453 1996 684 2075 ἀτμίδος
741 1997 925 2075 ρλήρη
982 1998 1315 2072 τυγχένοντα
1369 1997 1459 2051 καὶ
1517 1999 1756 2072 ψυχρᾶς.
1791 1995 1944 2051 Οὕτω

291 2092 395 2166 γὰρ
451 2089 540 2144 καὶ
597 2089 662 2144 τὸ
720 2085 810 2142 ’διά
862 2091 958 2142 τοῦ
1017 2087 1287 2159 στόματος
1355 2087 1671 2165 φυσώμενον
1731 2089 1946 2160 πνεῦμα

290 2179 489 2257 θερμὸν
551 2180 648 2253 μέτ
701 2176 920 2253 ἐγγύθεν
968 2175 1099 2231 εἶναι
1156 2179 1254 2230 τοῦ
1307 2175 1598 2249 στόματος,
1639 2173 1829 2251 πόρῥω
1887 2173 1944 2230 δὲ

291 2270 505 2347 ψυχρὸν
537 2265 628 2324 διὰ
654 2269 755 2336 τὴν
787 2265 954 2334 αὐτὴν
987 2263 1179 2322 αἰτίαν.

363 2361 428 2424 ς’.
478 2363 638 2420 ’Ίσως
695 2353 741 2411 δ’
801 2355 860 2410 ἂν
942 2353 1004 2409 ἐκ
1074 2361 1282 2430 θερμῆς
1365 2355 1458 2427 μὲν
1533 2353 1943 2427 ἀναθυμιάσεως

292 2444 473 2524 ἔχοιεν
525 2447 577 2501 ot
617 2443 809 2519 ἄνεμοι
853 2443 950 2505 τὰς
1002 2442 1198 2520 ἀρχὰς,
1233 2441 1415 2517 ὥσπερ
1474 2439 1540 2512 δὴ
1601 2441 1690 2496 καὶ
1740 2441 1792 2496 οἱ
1846 2436 1945 2515 ὅμ-

291 2531 414 2614 6ροι
473 2539 639 2607 (πᾶσα
715 2534 820 2609 γὰρ
906 2531 1257 2604 ἀναθυμίασις
1341 2529 1478 2606 ξηρά
1531 2552 1589 2586 τε
1635 2532 1725 2586 καὶ
1813 2529 1946 2606 ὑγρά

291 2624 471 2682 διὰτὸ
501 2624 553 2681 έν
587 2623 722 2697 αὐτῇ
771 2622 968 2698 θερμὸν
1019 2621 1377 2695 ἀναθυμιᾶται
1431 2620 1521 2675 καὶ
1581 2620 1941 2698 ἀναφέρεται).

291 2713 453 2773 Ἀλλ’
501 2712 681 2789 ὥσπερ
713 2714 748 2782 ἡ
789 2710 952 2785 ἀτμὶς
1003 2706 1093 2765 διὰ
1138 2709 1292 2783 ψύξιν
1343 2707 1655 2782 πιλουμένη
1706 2708 1796 2764 καὶ
1840 2729 1941 2763 πυ-

288 2803 558 2878 κνουμένη
623 2799 842 2856 δύναται
897 2795 1258 2873 μεταϐάλλειν
1322 2797 1398 2860 εἷς
1461 2794 1629 2874 ὕδωρο
1665 2796 1765 2851 οὐκ
1821 2795 1942 2852 ἄτο-

290 2913 390 2949 πον
439 2892 499 2948 ἂν
550 2890 632 2962 εἶή
678 2889 849 2965 τυχὸν
897 2889 990 2942 τὸν
1032 2887 1190 2942 αὐτὸν
1240 2885 1442 2963 τρόπον
1505 2881 1799 2941 ὑπολαϐεῖν
1851 2886 1940 2941 καὶ

287 2981 386 3050 τὴν
447 2980 652 3056 θερμὴν
711 2977 802 3032 καὶ
860 2976 1024 3050 ξηρὰν
1111 2974 1462 3049 ἀναθυμίασιν
1538 2972 1813 3029 πιλεῖσθαί
1883 2995 1942 3030 τε

291 3069 378 3124 καὶ
447 3072 795 3136 πυκνοῦσθαι,
853 3064 943 3120 καὶ
1009 3063 1085 3127 εἷς
1143 3067 1358 3138 πνεῦμα
1419 3062 1778 3119 συνίστασθαι.
1838 3063 1937 3117 Καὶ

293 3155 473 3234 ὥσπερ
563 3154 622 3211 έκ
702 3157 800 3224 τῆς
880 3153 1175 3229 ὑγροτέρας
1259 3151 1668 3225 ἀναθυμιάσεως
1735 3150 1937 3227 γίνεται

291 3244 437 3322 ὕδωρ
471 3245 602 3321 ὑπὲρ
634 3251 735 3320 γῆν
762 3264 821 3299 τε
870 3242 960 3298 καὶ
995 3242 1097 3296 ὑπὸ
1153 3248 1277 3317 γῆν,
1322 3240 1494 3302 οὕτως
1537 3240 1601 3294 αὗ
1633 3239 1692 3294 ἐκ
1719 3247 1820 3309 τῆς
1851 3239 1940 3311 ξη-

293 3335 513 3412 ροτέροις
543 3333 780 3410 γίνεσθαι
809 3327 1022 3404 πνεῦμα
1049 3331 1140 3385 καὶ
1171 3329 1283 3384 ἅνω
1321 3329 1409 3384 καὶ
1459 3329 1606 3384 κάτω
1658 3329 1761 3383 ὑπὸ
1809 3336 1935 3404 γῆν.

363 3429 422 3494 ζ’,
462 3421 600 3494 Ὕλη
664 3421 760 3495 μὲν
821 3418 911 3476 οὗν
966 3423 1074 3475 τῶν
1135 3419 1348 3492 ἀνέμων
1411 3415 1494 3488 εἷή
1552 3417 1612 3472 ἂν
1667 3421 1702 3488 ἢ
1763 3419 1937 3492 θερμὴ

287 3512 643 3587 ἀναθυμίασις
697 3510 787 3566 καὶ
842 3508 1000 3583 ξηρὰ,
1060 3507 1160 3563 οὐκ
1224 3507 1434 3582 ἀμιγὴς
1511 3503 1625 3561 οὐδ’
1684 3505 1934 3582 ἄκρατος·

287 3602 505 3679 ἐπείπερ
544 3605 580 3672 ἡ
627 3599 850 3670 τοιαύτη
908 3593 1172 3654 διαϐαίνει
1218 3599 1355 3673 πρὸς
1402 3597 1467 3653 τὸ
1527 3596 1862 3669 ὑπέκκαυμαο
1901 3599 1936 3666 ἡ

289 3689 347 3747 δὶ
395 3695 504 3747 τῶν
559 3690 771 3764 ἀνέμων
832 3686 1082 3750 σύστασις
1138 3685 1376 3756 πλησίον
1432 3685 1633 3762 γίνεται
1681 3688 1780 3755 τῆς
1835 3692 1938 3761 γῆς

289 3782 340 3837 ἐν
370 3785 450 3854 τῷ
478 3781 777 3856 ἠρεμοῦντι
809 3778 948 3852 ἀέρι,
977 3775 1103 3832 ἀλλ’
1133 3775 1233 3830 οὐκ
1264 3775 1316 3830 ἐν
1355 3779 1434 3847 τῷ
1487 3775 1589 3830 ὑπὸ
1644 3779 1742 3830 τοῦ
1799 3774 1939 3840 αἰθέ-

289 3891 383 3946 ρος
467 3867 944 3946 συνεπισυρομένῳ
1031 3865 1165 3940 μετά
1216 3869 1315 3920 τοῦ
1374 3864 1807 3938 ὑπεκκαύματος.
1868 3867 1938 3918 Ἥ

293 3961 396 4036 γὰρ
452 3958 512 4014 ἂν
573 3957 660 4014 ἐπὶ
720 3956 885 4013 ταυτὸ
942 3957 1274 4031 περιήγοντο
1326 3953 1520 4016 πάντες
1577 3953 1788 4026 ἄνεμοιο
1848 3957 1938 4008 νῦν

281 4047 338 4104 δὲ
365 4047 455 4104 καί
499 4068 643 4110 τινες
691 4043 965 4116 ἀλλήλοις
1015 4043 1405 4099 ἀντιπνέουσιν.
1440 4040 1616 4100 Ἀλλά
1671 4043 1760 4097 καί
1816 4063 1938 4097 τινα

276 4143 389 4194 τῶν
423 4136 780 4213 ὑψηλοτέρων
809 4136 1104 4211 ἱστορεῖται
1141 4132 1285 4210 ὀρῶν
1344 4131 1678 4210 ὑπερνέφελά
1732 4153 1792 4187 τε
1846 4132 1935 4186 καὶ

284 4228 618 4304 ὑπερήνεμα.
652 4227 814 4282 Ἔνθα
867 4229 996 4301 γοῦν
1048 4224 1116 4278 τὰ
1171 4222 1305 4300 νέφη
1363 4222 1721 4295 συνίστανται,
1768 4219 1937 4276 ἐκεῖσε

288 4313 438 4372 δοκεῖ
464 4317 563 4371 καὶ
585 4315 710 4378 τοὺς
739 4315 970 4388 ἀνέμους
1002 4313 1362 4369 συνίστασθαι.

2057 1821 2192 1876 dam
2221 1826 2278 1876 et
2307 1821 2526 1877 siccam
2553 1837 2682 1877 esse
2707 1822 2912 1891 aiunt;
2944 1840 3058 1878 non
3084 1824 3265 1879 videri
3289 1829 3486 1880 autem
3506 1830 3710 1886 ventos

2057 1909 2298 1976 calidos,
2323 1914 2630 1983 propterea
2660 1912 2814 1983 quod
2845 1928 3038 1967 aerem
3071 1916 3363 1982 moveant,
3386 1914 3487 1986 qui
3517 1915 3706 1972 multo

2057 2003 2114 2053 et
2142 1998 2354 2070 frigido
2385 2015 2598 2069 vapore
2629 2001 2877 2055 refertus
2908 2003 3016 2055 est.
3050 2001 3072 2034 ³
3100 2001 3193 2056 sic
3223 2002 3380 2057 enim
3412 2007 3470 2058 et
3498 2003 3706 2061 ﬂatum

2057 2087 2156 2159 qui
2187 2104 2285 2142 ore
2315 2087 2643 2155 exhalatur,
2677 2087 2931 2144 calidum
2977 2089 3214 2160 quidem
3265 2107 3445 2164 prope
3491 2109 3595 2162 os;
3645 2097 3706 2150 at

2056 2177 2128 2232 ab
2169 2175 2296 2248 ipso
2337 2182 2650 2245 remotum,
2685 2194 2753 2232 ex
2795 2178 2995 2233 eadem
3033 2195 3212 2235 causa
3242 2179 3522 2252 frigidum
3552 2197 3704 2241 esse.

2124 2355 2178 2408 6.
2224 2354 2391 2409 Forte
2441 2358 2635 2410 autem
2695 2372 2763 2410 ex
2809 2355 3000 2412 calida
3052 2357 3292 2428 quidem
3339 2358 3707 2418 exhalatione

2054 2443 2210 2498 venti
2242 2442 2460 2498 habent
2491 2442 2797 2515 principia,
2831 2446 3332 2515 quemadmodum
3361 2448 3538 2506 etiam
3568 2448 3706 2522 plu-

2054 2531 2159 2590 via
2192 2533 2352 2604 (nam
2384 2531 2577 2587 omnis
2605 2532 2895 2588 exhalatio
2926 2549 3058 2588 cum
3091 2535 3246 2590 sicca
3284 2539 3410 2591 tum
3458 2537 3707 2596 humida

2055 2625 2290 2692 propter
2338 2619 2588 2675 calorem
2639 2637 2813 2692 quem
2867 2621 2926 2676 in
2974 2638 3037 2678 se
3084 2622 3260 2678 habet
3303 2624 3612 2682 exhalatur
3648 2631 3707 2684 et

2055 2726 2294 2764 sursum
2349 2709 2572 2780 fertur).
2622 2709 2734 2764 Sed
2783 2711 3284 2782 quemadmodum
3329 2730 3530 2786 vapor,
3565 2731 3703 2773 cum

2055 2801 2292 2870 pr0pter
2320 2798 2816 2870 refrigerationem
2849 2800 3141 2870 spissatur
3186 2806 3244 2856 et
3283 2804 3703 2872 condensatur,

2053 2888 2113 2941 in
2145 2903 2358 2958 aquam
2390 2887 2606 2941 mutari
2638 2890 2830 2958 potest
2856 2913 2869 2954 ;
2904 2888 3049 2943 forte
3079 2889 3231 2945 haud
3265 2891 3589 2948 absurdum
3611 2897 3703 2949 est

2053 2979 2110 3030 et
2159 2976 2409 3031 calidam
2459 2975 2794 3046 siccamque
2850 2975 3279 3034 exhalationem
3338 2979 3583 3052 spissari
3643 2987 3704 3039 et

2048 3064 2417 3131 condensari,
2451 3067 2509 3119 et
2536 3064 2808 3119 inﬂatum
2839 3063 3179 3122 coalescere.
3207 3068 3286 3122 Ac
3317 3070 3702 3140 quemadmo-

2051 3155 2191 3209 dum
2226 3171 2294 3209 ex
2333 3153 2663 3210 humidiora
2692 3153 3058 3211 exhalatione
3111 3156 3175 3211 ﬁt
3227 3174 3380 3229 aqua
3422 3175 3599 3230 super
3643 3163 3704 3216 et

2049 3243 2203 3298 infra
2230 3247 2468 3310 terram,
2499 3243 2585 3298 sic
2628 3242 2887 3299 vicissim
2928 3260 2996 3298 ex
3041 3246 3192 3301 I93
3224 3245 3464 3302 sicciore
3495 3247 3702 3303 ﬂatum

2051 3332 2174 3388 ﬂeri
2209 3347 2447 3387 sursum
2479 3335 2536 3386 et
2568 3332 2844 3387 deorsum
2886 3331 3041 3388 infra
3071 3337 3305 3390 terram.

2118 3422 2173 3476 7.
2207 3421 2450 3476 Materia
2479 3420 2659 3493 igitur
2687 3425 2994 3476 ventorum
3034 3422 3145 3477 erit
3192 3423 3481 3480 exhalatio
3511 3424 3703 3482 calida

2049 3515 2106 3566 et
2135 3509 2308 3581 sicca,
2333 3527 2444 3566 non
2479 3511 2867 3581 impermista,
2893 3527 2998 3566 nec
3029 3528 3196 3583 pura,
3219 3513 3702 3586 quandoquidem

2050 3617 2178 3672 qua
2208 3599 2342 3655 talis
2373 3604 2462 3656 est
2491 3600 2562 3654 ad
2596 3600 2860 3656 fomitem
2895 3607 3198 3672 penetrat;
3231 3618 3366 3658 cum
3393 3607 3700 3660 ventorum

2049 3687 2338 3743 concretio
2390 3703 2568 3759 prope
2615 3691 2832 3742 terram
2892 3687 2950 3742 in
3009 3704 3139 3744 aere
3189 3689 3526 3760 quiescente
3577 3691 3698 3764 ﬂat,

2049 3793 2165 3831 non
2197 3776 2256 3831 in
2288 3792 2354 3832 eo
2386 3775 2487 3848 qui
2518 3792 2638 3831 una
2664 3792 2798 3830 cum
2830 3776 3210 3833 succensione
3241 3778 3314 3833 ab
3358 3778 3569 3834 aethere
3611 3784 3698 3836 at-

2047 3865 2319 3921 trahitur.
2377 3863 2610 3936 Alioqui
2666 3880 2871 3920 omnes
2935 3864 3092 3920 venti
3157 3865 3701 3939 circumagerentur

2047 3955 2250 4009 eodem
2283 3953 2474 4025 spatio
2501 3971 2514 4021 ;
2552 3954 2680 4023 jam
2711 3969 2842 4008 vero
2875 3953 3053 4008 etiam
3085 3952 3184 4009 alii
3216 3959 3420 4010 contra
3450 3972 3512 4011 se
3553 3955 3700 4013 ﬂant

2045 4042 2313 4098 invicem.
2347 4042 2458 4097 Sed
2508 4046 2565 4097 et
2615 4042 2687 4096 de
2736 4041 3092 4112 quibusdam
3137 4043 3440 4098 montibus
3473 4043 3696 4100 altiori-

2047 4133 2157 4188 bus
2188 4130 2483 4204 proditum
2525 4132 2582 4185 in
2632 4130 2893 4185 historiis
2925 4132 3230 4202 reperitur,
3263 4133 3417 4203 quod
3453 4133 3699 4190 nebulas

2045 4225 2103 4278 et
2147 4226 2351 4277 ventos
2397 4221 2833 4276 transcendant.
2869 4219 2976 4274 Ubi
3018 4220 3199 4291 igitur
3236 4221 3426 4277 nubes
3456 4239 3700 4279 concreo

2045 4315 2239 4378 scunt,
2270 4310 2352 4364 ibi
2393 4310 2570 4364 etiam
2598 4308 2753 4363 venti
2785 4325 3158 4364 concrescere
3191 4309 3483 4366 videntur.

2115 4401 2168 4455 8.
2203 4400 2270 4454 Et
2301 4400 2321 4433 ‘
2371 4398 2874 4470 quemadmodum
2917 4401 3095 4469 guttae
3145 4415 3282 4454 cum
3334 4399 3701 4470 pauxillatim

355 4497 428 4564 η’.
462 4491 562 4548 Καὶ
621 4492 802 4568 ὥσπερ
859 4492 956 4554 τὰς
1016 4489 1234 4568 ῥανίδας
1290 4490 1427 4546 κατὰ
1482 4490 1648 4566 μικρᾶ
1698 4510 1939 4545 συνιστα-

2058 4489 2237 4561 primo
2285 4490 2790 4561 coagmentantur,
2843 4487 3051 4542 deinde
3101 4487 3252 4543 inter
3301 4505 3364 4544 se
3419 4490 3703 4546 commis-

290 4585 452 4657 μένας
506 4582 569 4637 τὸ
623 4586 862 4658 πρῶτον,
925 4579 1090 4636 ἔπειτ’
1149 4580 1426 4650 ἀλλήλαις
1497 4580 1823 4657 μιγνυμένας
1878 4581 1941 4634 τὸ

285 4671 601 4728 τελευταῖον
659 4669 1047 4749 καταφέρεσθαι
1093 4670 1227 4744 μετὰ
1277 4667 1548 4739 πλήθους·
1592 4669 1669 4731 ὡς
1729 4667 1786 4724 δὲ
1844 4669 1938 4724 κάν

280 4765 350 4836 τῇ
509 4757 800 4835 κατολίγον
835 4761 897 4815 τὸ
928 4757 1075 4835 ὕδωρ
1139 4753 1565 4830 συλλειϐόμενον
1620 4758 1939 4830 νοτιζούσης

280 4858 382 4920 τῆς
413 4857 541 4925 γῆς,
573 4849 664 4905 καὶ
694 4848 817 4904 τότε
859 4849 1216 4925 συναγόμενον
1277 4848 1354 4910 εἷς
1410 4847 1485 4918 ἓν,
1519 4849 1613 4910 τὰς
1669 4853 1778 4902 τῶν
1835 4869 1942 4902 πο-

283 4943 472 5012 ταμῶν
527 4937 699 5015 ἀρχὰς
757 4936 1020 5009 ἐκτελεῖν,
1081 4938 1174 4991 τὸν
1235 4936 1395 4991 αὐτὸν
1443 4936 1645 5012 τρόπον
1700 4937 1790 4991 καὶ
1845 4937 1943 5005 τὴν

282 5031 390 5083 τῶν
449 5025 663 5100 ἀνέμων
718 5027 969 5082 σύστασιν
1020 5026 1279 5103 γίνεσθαι·
1342 5022 1570 5080 πολλῶν
1643 5027 1747 5101 γὰρ
1822 5025 1944 5080 ἀνα-

283 5117 593 5190 θυμιάσεων
622 5117 759 5171 κατά
813 5117 1008 5192 μικρὸν
1063 5113 1340 5184 ἀλλήλαις
1400 5120 1693 5170 συνιουσῶν
1750 5115 1826 5178 εἰς
1881 5116 1943 5170 τὸ

285 5207 508 5283 φανερὸν
569 5207 622 5260 οἱ
675 5202 867 5280 ἄνεμοι
943 5203 1312 5282 προέρχονται
1395 5203 1646 5278 μέγεθος.
1706 5205 1799 5258 Διὸ
1853 5203 1944 5258 καὶ

285 5293 574 5370 ἐλάχιστοι
632 5295 726 5369 μέν
786 5293 919 5349 εἰσιν
972 5292 1091 5357 ὅθεν
1126 5291 1389 5368 ἄρχονται
1418 5291 1609 5347 πίνειν·
1664 5293 1946 5368 προϊόντες

285 5379 339 5442 δ”
390 5381 637 5458 αὔξονται
697 5383 789 5439 καὶ
860 5381 1110 5457 λαμπροὶ
1185 5382 1425 5458 γίνονται
1504 5382 1946 5458 προσγινομένων

285 5471 470 5535 αὐτοῖς
498 5472 909 5547 ἀναθυμιάσεων
943 5470 1079 5527 κατὰ
1132 5472 1232 5541 τὴν
1289 5469 1366 5533 είς
1419 5470 1483 5526 τὸ
1535 5470 1764 5544 πρόσθεν
1819 5471 1950 5548 πρό-

285 5557 414 5619 οδον
461 5562 551 5618 καὶ
601 5561 976 5634 συναυξουσῶν
1030 5558 1248 5622 αὐτούς.
1281 5562 1450 5638 Ὅπερ
1496 5560 1628 5616 κάπὶ
1686 5565 1792 5615 τῶν
1856 5581 1948 5635 με·

360 5780 382 5822 ³
412 5795 456 5840 ιι
484 5781 726 5841 Meteor.
758 5797 808 5842 ο.
839 5781 894 5841 8.
971 5779 993 5817 ⁴
1023 5795 1062 5840 ιι
1095 5778 1332 5840 Meteor.
1364 5794 1416 5843 ο.
1450 5780 1505 5849 4.

2050 4583 2289 4648 cantur,
2348 4577 2407 4631 in
2476 4576 2642 4648 copia
2696 4576 2933 4631 tandem
2992 4577 3382 4649 deferuntur;
3440 4584 3498 4634 et
3552 4579 3706 4635 sicut

2051 4684 2206 4736 aqua
2261 4667 2320 4721 in
2377 4670 2531 4721 terra
2587 4663 2808 4730 sensim
2866 4663 3127 4732 stillans,
3188 4665 3496 4722 humorem
3556 4667 3702 4739 [sci-

2053 4755 2209 4828 licet]
2242 4755 2520 4810 fundenle
2541 4759 2717 4821 terra,
2741 4758 2797 4808 et
2819 4757 2957 4808 tunc
2980 4753 3037 4807 in
3061 4770 3246 4808 unum
3270 4755 3488 4823 coiens,
3515 4755 3708 4810 ﬂumi-

2053 4862 2195 4901 num
2215 4845 2393 4900 efﬁcit
2409 4842 2728 4916 principia;
2753 4844 2955 4897 eodem
2977 4843 3148 4897 modo
3171 4847 3229 4897 et
3249 4848 3555 4899 ventorum
3573 4861 3707 4901 con-

2055 4935 2234 4990 crctio
2267 4935 2390 4988 fieri
2421 4933 2686 4999 videtur;
2720 4948 2853 4986 cum
2886 4932 3043 4986 enim
3075 4931 3274 4985 multa:
3307 4931 3706 4991 exhalationes

2058 5023 2341 5096 paulatim
2374 5037 2698 5093 congressae
2740 5021 2976 5088 fuerint,
3009 5027 3134 5075 tum
3188 5022 3342 5076 venti
3397 5022 3467 5076 ad
3518 5023 3705 5078 mani-

2057 5117 2265 5168 festam
2336 5109 2804 5181 magnitudinem
2882 5110 3245 5180 perveniunt.
3315 5111 3705 5175 Quamobrem

2056 5202 2229 5259 etiam
2263 5200 2490 5255 minimi
2525 5205 2665 5253 sunt
2704 5198 2804 5264 ibi,
2839 5200 2995 5253 unde
3040 5197 3179 5252 ﬂare
3229 5199 3552 5270 incipiunt;
3605 5201 3707 5256 sed

2057 5307 2375 5363 progressu
2406 5293 2695 5360 augentur
2726 5287 2883 5341 I94
2925 5293 2982 5341 et
3028 5287 3172 5359 largi
3221 5288 3389 5354 fiunt,
3422 5288 3565 5343 dum
3605 5305 3711 5360 per

2057 5386 2286 5436 motum
2334 5378 2394 5432 in
2441 5376 2734 5432 anteriora
2771 5376 3113 5431 accedentes
3155 5374 3552 5432 exhalationes
3601 5393 3710 5432 au-

2059 5473 2197 5542 gent
2225 5469 2405 5541 ipsos.
2439 5466 2600 5530 Quod
2632 5465 2807 5520 etiam
2843 5465 2899 5519 in
2942 5464 3174 5538 magnis
3205 5464 3551 5520 ﬂuminibus
3584 5464 3712 5522 ﬁeri

2059 5558 2436 5633 conspicitur.
2470 5555 2617 5611 Nam
2650 5555 2707 5609 in
2744 5553 3064 5630 ﬂ‘uxionum
3100 5570 3342 5611 suarum
3375 5552 3712 5628 primordiis
