4114 6434
410 427 567 488 1167

1669 422 2096 484 NICEPHORI
2138 422 2584 485 BLEMMIDxE

3677 425 3854 490 1168

411 576 590 632 parva
620 562 776 626 sunt,
811 557 1287 630 quandoquidem
1335 574 1450 613 non
1504 572 1690 629 pauca
1741 571 1942 611 eorum
1990 571 2060 610 ex

2176 552 2357 627 γάλων
2410 558 2671 627 ποταμῶν
2715 552 3002 629 γινόμενον
3060 574 3322 633 φαινεται.
3355 557 3536 631 Μικρά
3579 556 3676 632 μὲν
3730 556 3848 635 γάρ

408 647 866 720 scaturiginibus
919 647 1252 718 incipiunt;
1312 647 1411 701 sed
1465 662 1778 717 progressu
1835 645 2060 715 majora

407 739 579 806 ﬁunt,
611 737 856 792 diversis
897 736 954 790 in
996 735 1126 808 ipsa
1170 735 1445 790 amnibus
1474 734 1878 790 inﬂuentibus.

476 916 530 969 9.
567 915 727 978 Quod
761 918 958 968 autem
993 931 1105 968 non
1139 930 1205 968 ex
1237 913 1360 969 sola
1393 912 1582 968 calida
1613 915 1669 968 et
1699 913 1855 967 sicca
1883 911 2058 967 exha-

406 1003 626 1059 latione
656 1003 842 1058 ventis
876 1003 951 1057 sit
991 1003 1309 1074 generatio,
1343 1003 1399 1056 id
1451 1002 1626 1057 etiam
1679 1019 1746 1056 ex
1794 1002 2057 1072 ipsorum

405 1097 569 1148 motu
602 1092 977 1146 manifestum
1021 1097 1144 1158 est;
1201 1108 1331 1145 nam
1382 1107 1621 1145 sursum
1663 1106 1866 1146 eorum
1897 1090 2059 1161 quis-

405 1198 520 1254 que
566 1185 916 1246 moveretur,
953 1180 999 1234 si
1052 1198 1118 1234 ex
1169 1180 1457 1251 ejusmodi
1507 1178 1874 1234 exhalatione
1921 1180 2058 1234 sub-

407 1271 688 1326 stantiam
720 1269 979 1324 haberet.
1013 1269 1143 1324 Jam
1187 1275 1385 1324 autem
1437 1269 1704 1324 omnium
1754 1273 2060 1324 ventorum

408 1364 606 1414 motus
635 1359 693 1412 in
726 1357 878 1412 latus
910 1358 1348 1428 quodammodo
1381 1363 1436 1411 et
1467 1357 1742 1429 obliquus
1771 1363 1880 1412 est.

484 1448 570 1501 10.
605 1451 821 1502 Omnes
855 1463 1024 1518 porro
1057 1446 1210 1500 venti
1245 1447 1262 1479 ⁵
1311 1447 1409 1516 qui
1448 1448 1590 1500 ﬂant
1619 1446 1928 1501 duodecim
1962 1447 2062 1500 ob-

410 1540 750 1601 servantur;
809 1536 879 1590 ab
930 1542 1057 1590 ortu
1111 1534 1503 1606 aequinoctiali
1549 1534 1927 1604 subsolanus,
1961 1536 2060 1607 qui

410 1625 563 1698 apud
606 1624 832 1680 Siculos
891 1624 1332 1695 hellespontias,
1381 1625 1534 1695 apud
1587 1625 1887 1679 Phoenices
1936 1642 2061 1680 car-

409 1715 614 1781 nabas,
666 1715 818 1785 apud
873 1713 1099 1768 accolas
1146 1713 1306 1768 Ponti
1361 1714 1726 1784 berecyntias
1780 1718 2060 1781 vocatur;

408 1805 481 1860 ab
512 1820 721 1860 occasu
753 1801 1165 1874 aequinoctiali,
1190 1803 1500 1874 zephyrus,
1529 1803 1730 1857 Latine
1764 1802 2062 1871 favonius;

408 1893 479 1948 ab
511 1897 640 1947 ortu
674 1892 871 1947 mstivo
903 1892 1144 1958 cacias;
1193 1893 1263 1946 ab
1304 1908 1512 1947 occasu
1546 1892 1746 1947 aestivo
1781 1896 2062 1963 argestes,

410 1982 612 2038 Latine
642 1998 837 2049 corus,
869 1982 968 2052 qui
1000 1985 1055 2036 et
1085 1980 1373 2052 Olympias
1415 1985 1470 2035 et
1512 1979 1683 2052 iapyx
1730 1985 1787 2035 et
1838 1980 2062 2036 scirron

409 2071 787 2139 nominatur;
834 2071 906 2124 ab
955 2075 1084 2124 ortu
1130 2069 1394 2135 hiberno,
1427 2086 1627 2136 eurus,
1663 2069 1807 2124 alias
1857 2070 2062 2125 Latine

406 2158 723 2217 vulturnus
752 2176 765 2227 ;
799 2161 870 2214 ab
901 2174 1110 2213 occasu
1143 2158 1406 2224 hiberno,
1445 2159 1578 2227 libs,
1613 2157 1757 2212 alias
1797 2158 2013 2213 africus
2047 2202 2058 2226 ,

410 2267 444 2306 a
485 2248 628 2304 locis
660 2249 830 2319 juxta
859 2252 1088 2302 arctum
1123 2248 1400 2318 [ursam],
1435 2247 1662 2313 boreas,
1698 2247 1798 2318 qui
1833 2246 2063 2319 proprie

409 2339 560 2395 195
597 2337 916 2409 septentrio
963 2336 1210 2404 dicitur;
1264 2336 1335 2390 ab
1395 2336 1466 2389 iis
1515 2335 1615 2407 qui
1672 2337 1827 2390 circa
1883 2337 2063 2391 meri-

411 2428 590 2496 diem,
645 2432 839 2494 notus,
892 2426 1170 2481 Romanis
1220 2429 1453 2492 auster;
1506 2425 1658 2480 inter
1712 2425 2063 2497 septentrio-

412 2534 544 2573 nem
577 2521 634 2572 et
666 2532 868 2571 eorum
901 2515 1188 2570 thrascias
1215 2533 1225 2580 ;
1265 2513 1416 2569 inter
1446 2514 1678 2568 caeciam
1719 2518 1777 2569 et
1831 2518 2062 2586 septen-

409 2607 660 2662 trionem
694 2605 795 2677 qui
827 2621 1017 2660 meses
1050 2608 1321 2671 vocatur;
1357 2620 1529 2676 quem
1553 2603 1790 2675 quidem
1823 2620 2066 2659 consue-

412 2700 472 2752 to
526 2711 688 2750 more
746 2695 982 2750 boream
1031 2693 1118 2748 vel
1169 2693 1504 2764 aquilonem
1562 2693 1757 2763 potius
1807 2692 2063 2766 appella-

413 2802 586 2853 mus;
622 2785 776 2840 inter
825 2788 1093 2840 austrum
1141 2788 1199 2837 et
1247 2782 1493 2837 africum
1544 2781 1862 2853 libonotus,
1896 2782 2066 2853 quasi

2171 643 2302 697 εἰσιν
2337 642 2387 698 έν
2414 648 2532 705 ταῖς
2561 647 2666 697 τῶν
2717 643 2917 719 ῥύσεων
2971 644 3190 720 ἀρχαῖς,
3221 643 3440 722 ἐπείπερ
3495 645 3595 701 οὐκ
3646 645 3850 724 ὀλίγοι

2171 732 2343 786 αὐτῶν
2397 731 2448 787 ὲν
2499 736 2713 808 κρηνῶν
2764 734 3050 808 ἄρχονται·
3111 733 3396 810 προϊόντες
3467 731 3525 790 δὲ
3597 736 3844 811 μεγεθύ-

2169 842 2351 877 νονται
2385 819 2656 899 διαφόρων
2693 821 2974 898 ῥευμάτων
3009 818 3414 879 εἰσϐαλλόντων
3448 823 3658 888 αὐτοῖς.

2241 910 2304 965 θ’.
2331 912 2448 964 Ὅτι
2503 907 2560 964 δὲ
2607 908 2706 964 οὐκ
2753 909 2812 963 ἐκ
2867 909 3040 982 μόνης
3091 917 3298 986 θερμῆς
3357 911 3448 965 καὶ
3491 910 3661 987 ξηρᾶς
3705 911 3844 967 ἀνα.

2171 999 2476 1070 θυμιάσεως
2524 1003 2640 1060 τοῖς
2689 998 2910 1070 ἀνέμοις
2963 1001 2998 1068 ἡ
3049 997 3276 1074 γένεσις,
3309 1000 3401 1055 καὶ
3451 999 3559 1054 ἀπὸ
3603 1007 3709 1071 τῆς
3742 1001 3844 1056 αύ-

2169 1091 2276 1141 τῶν
2309 1089 2573 1157 κινήσεως
2606 1088 2908 1163 γνώριμον·
2964 1085 3074 1142 ἅνω
3104 1089 3207 1164 γάρ
3259 1087 3316 1144 ἂν
3367 1085 3596 1152 ἕκαστος
3656 1089 3840 1145 αὐτῶν

2172 1175 2410 1253 ἐφέρετο,
2469 1176 2567 1244 τὴν
2647 1175 2830 1231 οὐσίαν
2907 1172 3052 1253 ἔχων
3127 1177 3386 1250 τοιαύτην
3453 1179 3839 1243 ἀναθυμίασιν.

2173 1269 2277 1318 Νῦν
2313 1261 2370 1319 δὲ
2398 1269 2504 1320 τῶν
2545 1263 2690 1320 ὅλων
2743 1265 2956 1338 ἀνέμων
3006 1268 3041 1334 ἡ
3090 1265 3304 1338 κίνησις
3355 1267 3433 1330 εἷς
3481 1268 3546 1323 τὸ
3593 1266 3834 1345 πλάγιόν

2172 1374 2288 1415 πως
2319 1353 2407 1408 καὶ
2442 1352 2574 1424 λοξή
2587 1395 2599 1408 .

2247 1444 2298 1499 ι’.
2335 1441 2660 1498 Δυοκαίδεκα
2709 1440 2765 1498 δὲ
2812 1442 3003 1506 πάντες
3061 1441 3249 1518 ἄνεμοι
3308 1444 3590 1522 φαίνονται
3629 1447 3822 1501 πνέον-

2171 1553 2281 1594 τες,
2332 1531 2438 1586 ἀπὸ
2509 1538 2608 1601 τῆς
2667 1531 2990 1607 ίσημερινῆς
3061 1532 3337 1602 ἀνατολῆς
3395 1532 3742 1607 ἀπηλιώτης,
3793 1537 3822 1590 6

2173 1620 2318 1696 παρὰ
2385 1617 2743 1681 Σικελιώταις
2812 1618 3211 1691 έλλησποντίας
3293 1619 3657 1696 καλούμενος,
3707 1645 3836 1700 καρ-

2173 1704 2337 1770 νάϐας
2386 1707 2444 1763 δὲ
2491 1709 2634 1783 ποιρά
2701 1709 2930 1782 Φοίνιξι,
2979 1711 3070 1764 καὶ
3129 1712 3277 1785 παρὰ
3337 1716 3456 1774 τοῖς
3525 1711 3577 1767 έν
3641 1712 3836 1786 Πόντῳ

2180 1799 2540 1874 βερεκυντίας·
2594 1799 2698 1852 ἀπὸ
2744 1806 2845 1868 τῆς
2915 1798 3242 1875 ἲσημερινῆς
3299 1797 3512 1874 δυσμῆς
3582 1804 3834 1880 ζέφυρος·

2176 1887 2280 1941 ἀπὸ
2312 1895 2408 1957 τῆς
2442 1890 2654 1964 θερινῆς
2699 1887 2971 1958 ἀνατολῆς
3022 1888 3256 1952 καικίας·
3310 1889 3416 1946 ἀπὸ
3461 1897 3565 1961 τῆς
3614 1893 3841 1966 θερινῆς

2175 1974 2386 2049 δυσμῆς
2465 1976 2748 2052 ἀργέστης,
2800 1978 2826 2031 ὁ
2884 1977 2971 2032 καὶ
3031 1976 3308 2051 ὀλυμπίοις
3379 1978 3470 2034 καὶ
3536 1979 3697 2052 ἰάπυξ
3747 1982 3841 2036 καὶ

2174 2065 2407 2142 πίρῥων
2476 2065 2900 2139 ὀνομαζόμενος·
2953 2066 3059 2121 ἀπὸ
3108 2074 3210 2137 τῆς
3261 2075 3587 2144 χειμερινῆς
3645 2071 3845 2125 ἀνατο-

2173 2154 2278 2224 λῆς
2313 2152 2486 2228 εὖρος·
2520 2154 2626 2209 ἀπὸ
2656 2161 2754 2224 τῆς
2787 2158 3108 2231 χειμερινῆς
3143 2153 3355 2229 δυσμῆς
3398 2157 3516 2232 λίψ·
3569 2157 3675 2213 ἀπὸ
3721 2164 3838 2214 τῶν

2171 2244 2294 2320 περὶ
2349 2244 2448 2312 τὴν
2511 2240 2703 2318 ἄρκτον
2760 2243 2942 2298 τόπων
2997 2245 3190 2321 βορέας
3223 2246 3251 2301 6
3282 2245 3487 2320 κυρίως
3532 2245 3844 2324 ἀπαρκτίας

2174 2331 2488 2408 λεγόμενος·
2525 2333 2630 2387 ἀπὸ
2678 2329 2735 2387 δὲ
2781 2337 2889 2387 τῶν
2935 2333 3059 2409 περὶ
3107 2335 3204 2404 τὴν
3263 2330 3612 2412 μεσημϐρίαν
3652 2336 3842 2400 νότος.

2172 2421 2381 2492 Μεταξὺ
2424 2419 2470 2476 δ’
2500 2421 2799 2498 ἀπαρκτίου
2845 2422 2936 2477 καὶ
2991 2424 3252 2499 ἀργέστου
3303 2425 3586 2501 θρασκίας·
3636 2426 3843 2499 μεταξὺ

2171 2511 2388 2566 καικίου
2435 2510 2524 2565 καὶ
2575 2510 2874 2586 ἀπαρκτίου
2923 2513 2951 2566 6
2999 2510 3340 2586 καλούμενος
3393 2516 3586 2588 μέσης·
3636 2519 3839 2571 τοῦτον

2176 2599 2233 2655 δὲ
2269 2599 2479 2673 μᾶλλον
2534 2599 2723 2676 βορέαν
2769 2597 2883 2656 οἶδε
2910 2598 3099 2656 καλεῖν
3133 2603 3166 2671 ἡ
3203 2604 3478 2673 συνήθεια·
3527 2603 3690 2659 νότου
3745 2604 3843 2659 καὶ

2177 2685 2332 2752 λιϐὸς
2367 2684 2651 2752 λιϐόνοτος
2688 2689 2904 2764 μεταξύ·
2947 2688 3105 2766 εὔρου
3156 2689 3214 2746 δὲ
3261 2691 3350 2747 καὶ
3397 2691 3560 2748 νότου
3609 2692 3841 2771 εύρόνο-

2173 2800 2288 2849 τος,
2323 2779 2350 2832 ὁ
2381 2779 2470 2833 καὶ
2503 2778 2792 2855 φοινικίας.

411 2877 596 2945 dicas,
651 2873 1037 2940 africauster;
1089 2873 1237 2927 inter
1285 2871 1628 2927 vulturnum
1677 2876 1734 2927 et
1785 2877 2074 2940 austrum,
2131 2873 2470 2942 euronotus,
2531 2870 2702 2942 quasi
2760 2871 2922 2927 dicas
2978 2871 3440 2944 vulturnauster,
3493 2873 3594 2946 qui
3655 2874 3840 2932 etiam

415 2963 740 3038 phoenicias
780 2963 1016 3018 dicitur.

489 3055 577 3108 11.
614 3054 694 3108 Ex
724 3052 816 3108 his
840 3053 994 3124 apud
1028 3069 1134 3107 nos
1157 3050 1348 3107 sereni
1379 3056 1518 3106 sunt
1547 3051 1888 3122 septentrio,
1915 3051 2071 3106 thra-
2101 3053 2142 3118 C

418 3143 592 3211 scias,
626 3147 683 3197 et
711 3158 903 3210 corus,
938 3146 1244 3213 propterea
1276 3141 1428 3211 quod
1465 3158 1497 3196 a
1527 3141 1696 3196 nobis
1730 3141 1915 3196 nubes
1948 3139 2071 3195 adi-

419 3235 579 3304 gant,
615 3247 747 3285 cum
793 3229 1166 3301 aquilonares
1212 3229 1420 3285 simus.
1454 3230 1650 3285 Sereni
1682 3235 1876 3285 autem
1909 3234 2069 3296 sunt,

420 3337 555 3376 cum
575 3336 688 3375 non
709 3319 1026 3374 admodum
1047 3319 1240 3390 frigidi
1262 3319 1494 3385 fuerint,
1515 3323 1579 3374 ut
1601 3319 1764 3390 prius
1782 3317 2070 3374 exhalatio

419 3409 552 3483 gelu
571 3408 1009 3479 constringatur
1025 3412 1082 3462 et
1102 3409 1494 3478 nubes,quam
1515 3407 2072 3478 abigantur.Caecias

421 3503 618 3554 autem
651 3514 763 3552 non
798 3502 887 3552 est
917 3513 1147 3568 semper
1179 3512 1444 3566 serenus,
1478 3501 1784 3568 pr0pterea
1814 3497 1968 3568 quod
2008 3496 2069 3550 in

415 3588 701 3658 seipsum,
751 3586 906 3640 unde
961 3586 1183 3658 incipit,
1245 3586 1592 3641 reﬂectatur.
1654 3589 1853 3656 Neque
1911 3585 2066 3640 enim

404 3677 578 3747 juxta
616 3679 834 3730 rectam
877 3675 1092 3730 lineam
1133 3674 1202 3728 ad
1246 3674 1401 3729 latus
1438 3679 1721 3742 movetur,
1765 3675 1866 3730 sed
1899 3675 2070 3744 juxta

413 3765 741 3838 gibbosam,
793 3781 921 3835 quae
971 3763 1322 3836 gibbositate
1378 3781 1485 3819 sua
1534 3764 1606 3818 ad
1665 3768 1882 3818 terram
1940 3779 2064 3819 ver-

411 3854 519 3926 git.
557 3854 714 3910 Idem
746 3858 945 3908 autem
976 3869 1110 3907 cum
1142 3852 1406 3924 emergit,
1441 3858 1497 3908 et
1538 3853 1593 3906 in
1628 3853 1814 3907 nubes
1846 3853 2066 3924 impin-

413 3943 518 4015 git,
553 3960 668 3998 non
700 3942 938 4014 depellit
965 3943 1127 4013 ipsas
1157 3943 1256 3996 sed
1290 3941 1529 3996 adducit
1560 3941 1632 3996 ad
1665 3941 1878 4008 locum,
1910 3943 2066 3998 unde

413 4032 517 4088 ﬂat
545 4033 689 4103 ipse.
725 4036 844 4087 Hoc
897 4036 1091 4087 autem
1139 4031 1293 4086 circa
1331 4031 1529 4103 ipsum
1569 4031 1873 4104 contingit,
1907 4032 2062 4102 quod

416 4122 557 4193 quia
606 4123 848 4193 propius
880 4125 1096 4176 terram
1133 4121 1252 4189 ﬂat,
1286 4121 1610 4176 eminentes
1659 4119 1870 4190 aliqua
1899 4125 2065 4176 terra;

412 4214 608 4281 partes
640 4210 753 4282 ipsi
785 4211 1095 4277 obsistant,
1130 4227 1193 4264 ac
1242 4210 1322 4264 ita
1371 4209 1619 4280 hujusce
1665 4209 1839 4264 ﬂatus
1885 4210 2064 4265 motio

410 4299 566 4354 196
611 4317 847 4355 sursum
899 4304 1238 4354 revertatur.
1285 4299 1533 4353 Maxime
1581 4302 1779 4353 autem
1831 4297 2063 4354 humidi

2257 3050 2340 3104 ια’.
2410 3048 2622 3103 Τούτων
2697 3045 2902 3124 αἷΈριοί
2976 3048 3107 3104 εἰσιν
3181 3049 3233 3104 ἐν
3301 3052 3436 3124 ἡμῖν
3511 3049 3841 3126 ἀπαρκτίας,

2182 3137 2459 3214 θρασκίας,
2510 3137 2598 3192 καὶ
2667 3136 2956 3211 ἀργέστης,
3008 3135 3097 3193 διὰ
3153 3139 3214 3192 τὸ
3264 3139 3331 3194 τὰ
3385 3138 3518 3218 νέφη
3598 3141 3842 3196 ἀπωθεῖν

2179 3225 2267 3304 ἀφ’
2296 3228 2458 3299 ἡμῶν
2510 3226 2865 3302 βορειοτέρων
2915 3222 3105 3282 ὄντων.
3148 3224 3365 3304 Αἷ’θριοι
3417 3225 3475 3282 δέ
3523 3227 3677 3300 εἰσιν,
3711 3228 3844 3284 ὅταν

2184 3317 2258 3389 μὴ
2291 3315 2533 3391 τύχωσιν
2564 3316 2698 3370 εἶναι
2730 3315 2868 3370 πάνυ
2907 3317 3137 3394 ψυχροὶ,
3173 3317 3248 3380 ὡς
3299 3316 3514 3395 φθάνειν
3567 3318 3842 3394 πηγνύναι

2176 3406 2274 3473 τήν
2311 3405 2662 3479 ἀναθυμίασιν
2691 3406 2781 3460 καὶ
2822 3409 2890 3460 τὰ
2926 3407 3060 3485 νέφη
3107 3407 3214 3483 πρὸ
3255 3411 3355 3462 τοῦ
3409 3407 3752 3472 ἀπώσασθαι.
3788 3410 3846 3462 ’0

2181 3491 2237 3547 δὲ
2283 3493 2497 3556 καικίας
2545 3493 2645 3549 οὐκ
2691 3494 2772 3549 ἀεί
2821 3494 2930 3550 ἐστι
2981 3491 3190 3571 αἷίθριος
3241 3493 3330 3550 διὰ
3371 3496 3435 3550 τὸ
3467 3496 3841 3571 ἀνακάμπτειν

2179 3582 2254 3644 εἶς
2305 3584 2512 3653 ἑαυτὸν,
2563 3583 2681 3638 ὅθεν
2731 3585 2976 3661 ἄρχεται.
3024 3582 3162 3640 Οὐδὲ
3215 3586 3317 3661 γὰρ
3370 3584 3576 3641 εὐθεῖαν
3639 3586 3717 3650 εἷς
3775 3589 3848 3643 τὰ

2177 3670 2383 3748 πλάγια
2439 3673 2677 3750 φέρεται,
2737 3672 2882 3729 ἀλλά
2945 3675 3170 3750 κυρτὴν,
3222 3673 3453 3751 ἔχουσαν
3503 3676 3568 3730 τὸ
3636 3677 3842 3753 κυρτὸν

2176 3760 2421 3824 νενευκὸς
2479 3762 2617 3838 πρὸς
2675 3767 2743 3836 τῇ
2925 3762 3222 3820 Ἀνανεύων
3253 3761 3312 3819 δὲ
3339 3765 3430 3819 καὶ
3475 3765 3841 3839 προσπίπτων

2176 3855 2289 3911 τοῖς
2335 3851 2543 3928 νέφεσιν
2596 3850 2694 3906 οὐκ
2750 3852 2960 3915 ἀπωθεῖ
3013 3855 3200 3925 ταῦτα,
3250 3850 3399 3908 ἀλλά
3446 3854 3713 3928 προσάγει
3759 3860 3846 3928 τῷ

2172 3939 2328 4012 τόπῳ
2376 3940 2490 3995 ὅθεν
2549 3940 2709 4003 οὗτος
2741 3941 2769 3995 6
2795 3941 2993 4014 ἄνεμος
3024 3947 3167 4000 πνεῖ.
3198 3947 3368 3997 Τοῦτο
3402 3940 3449 3998 δ’
3487 3941 3546 3997 ἂν
3598 3938 3846 4017 συμϐαί-

2173 4050 2255 4083 νοι
2289 4029 2411 4105 περὶ
2443 4028 2600 4084 αὐτὸν
2631 4034 2712 4102 τῷ
2750 4029 3170 4107 προσγειότερον
3221 4030 3370 4102 αὐτῷ
3421 4031 3640 4087 πνέοντι
3685 4031 3843 4088 ἀντι-

2173 4119 2386 4174 πίπτειν
2443 4119 2594 4181 τινάς
2643 4126 2743 4189 τῆς
2786 4126 2889 4196 γῆς
2938 4119 3155 4195 ἐξοχὰς,
3207 4121 3298 4175 καὶ
3351 4119 3527 4183 οὕτως
3579 4121 3844 4195 ἀναστρέ-

2174 4229 2288 4285 φειν
2352 4207 2427 4270 εἷς
2473 4209 2536 4262 τὸ
2585 4206 2696 4263 ἅνω
2743 4210 2842 4277 τὴν
2891 4213 2989 4264 τοῦ
3037 4209 3350 4284 πνεύματος
3407 4207 3570 4265 τοῦδε
3637 4211 3843 4289 φοράν.

2171 4297 2355 4372 Ὑγροὶ
2413 4295 2471 4352 δὲ
2533 4295 2768 4372 μάλιστα
2823 4302 2932 4352 τῶν
2989 4297 3200 4372 ἀνέμων
3271 4299 3374 4354 εἲσί
3433 4297 3558 4374 λὶψ,
3616 4299 3842 4364 καικίας

407 4393 550 4443 sunt
569 4406 637 4444 ex
660 4389 847 4444 ventis
873 4404 885 4442 :
920 4388 1156 4454 africus,
1182 4387 1386 4442 caecias
1407 4391 1463 4441 et
1483 4387 1871 4456 subsolanus;
1899 4387 2059 4457 sicci,

2176 4387 2260 4440 καὶ
2319 4385 2668 4458 ἀπηλιώτης·
2732 4386 2888 4464 ξηροὶ
2947 4385 3005 4443 δὲ
3063 4387 3332 4464 ἀργέστης
3388 4389 3479 4445 καὶ
3535 4387 3717 4466 εὖρος
3777 4391 3845 4455 ὃς

407 4493 578 4534 corus
608 4483 664 4534 et
693 4478 1039 4532 vulturnus:
1075 4477 1171 4548 qui
1193 4475 1504 4532 vulturnus
1533 4475 1592 4530 in
1619 4476 1907 4549 principio
1931 4478 2058 4548 qui-

405 4567 540 4622 dem
572 4568 762 4622 siccus
793 4571 900 4631 est,
927 4567 1025 4621 sed
1060 4566 1298 4621 tandem
1326 4582 1539 4638 aquam
1564 4567 1795 4621 mittere
1821 4582 2060 4621 consue-

401 4655 505 4711 vit.
535 4655 765 4711 Nivales
789 4655 1060 4723 maxime,
1087 4671 1277 4710 meses
1302 4658 1360 4709 et
1383 4654 1720 4726 septentrio,
1749 4655 1966 4727 quippe
1996 4653 2057 4710 hi

402 4744 774 4817 frigidissimi
797 4762 808 4811 ;
836 4744 1091 4814 aestuosi,
1107 4748 1326 4814 auster,
1342 4743 1701 4808 favonius,et
1721 4743 2052 4800 vulturnus.

400 4833 668 4890 Nubibus
695 4838 890 4889 autem
916 4835 1137 4904 stipant
1162 4831 1392 4900 ccelum,
1418 4832 1790 4888 densioribus
1816 4833 2054 4904 quidem

402 4923 622 4990 caecias,
656 4921 1000 4977 rariusculis
1042 4921 1475 4993 quodammodo
1525 4921 1762 4976 africus.
1799 4922 2056 4994 Fulgura

399 5012 668 5081 afferunt,
705 5011 1046 5082 septentrio,
1081 5011 1389 5078 thrascias,
1432 5015 1489 5065 et
1537 5027 1710 5066 corus
1753 5016 1809 5066 et
1862 5028 2052 5068 meses

398 5099 665 5173 insuper.
700 5101 844 5155 Cum
891 5101 1047 5156 enim
1083 5099 1275 5171 frigidi
1308 5099 1443 5164 sint,
1479 5099 1614 5170 quia
1656 5100 1896 5171 propius
1943 5117 2052 5156 nos

399 5188 543 5243 ﬂant
572 5190 929 5261 veniuntque
975 5207 1007 5244 a
1055 5190 1320 5260 partibus
1363 5189 1598 5244 arcticis
1649 5206 1775 5260 quas
1826 5190 2049 5262 frigidae

399 5284 585 5346 sunt;
658 5286 892 5350 propter
950 5279 1328 5349 frigiditatem
1388 5280 1572 5333 nubes
1637 5279 1917 5350 spissant.
1977 5282 2051 5334 At

394 5382 530 5420 vero
583 5383 716 5420 cum
767 5369 954 5422 nubes
1006 5367 1359 5439 spissantur,
1405 5368 1557 5438 quod
1604 5367 1748 5422 inibi
1791 5369 2046 5423 calidum

392 5455 663 5510 relictum
694 5462 782 5510 est
813 5459 954 5510 dum
986 5457 1043 5511 in
1075 5474 1256 5511 unum
1292 5457 1539 5527 cogitur,
1576 5457 1793 5527 pervim
1829 5459 2048 5514 confer-

389 5543 497 5600 tim
531 5541 860 5600 vehementi
891 5549 1052 5601 motu
1085 5545 1518 5602 inﬂammatum
1551 5548 1898 5603 excernitur.
1932 5547 2045 5604 Ho-

455 5759 479 5807 ³
508 5773 556 5823 ιι
589 5754 824 5821 Meteor.
859 5777 908 5821 ο.
937 5762 973 5822 4
1014 5764 1073 5819 et
1098 5761 1154 5834 6,
1185 5764 1244 5820 et
1273 5761 1355 5821 De
1384 5760 1605 5820 mundo
1636 5779 1688 5822 ο.
1717 5762 1773 5824 4.

2170 4473 2324 4551 εὖρος
2358 4474 2410 4530 έν
2445 4476 2593 4552 ἀρχῇ
2631 4476 2726 4550 μὲν
2783 4477 3017 4554 ὑπάρχει
3069 4478 3255 4556 ξηρὸς,
3304 4478 3578 4535 τελευτῶν
3629 4477 3690 4534 δὲ
3733 4480 3843 4536 πέ-

2170 4587 2329 4638 φυκεν
2401 4563 2685 4636 ὑδατώδης
2760 4565 3018 4642 γίνεσθαι.
3080 4568 3413 4646 Νιφετώδεις
3471 4566 3531 4624 δὲ
3593 4568 3839 4644 μάλιστα

2173 4653 2340 4728 μέσης
2394 4655 2484 4710 καὶ
2537 4656 2856 4732 ἀπαρκτίας·
2919 4656 3070 4712 οὗτοι
3127 4657 3231 4734 γὰρ
3291 4658 3661 4734 ψυχρότατοι·
3695 4680 3836 4716 καυ-

2171 4742 2438 4818 ματώδεις
2502 4743 2560 4800 δὲ
2605 4745 2788 4818 νότος,
2845 4744 3074 4824 ζέφυρος
3125 4749 3216 4802 καὶ
3283 4746 3461 4825 εὖρος.
3513 4749 3715 4828 Νέφεσι
3771 4746 3837 4806 δὲ

2164 4839 2423 4889 πυκνοῦσι
2481 4834 2571 4889 τὸν
2635 4834 2882 4910 οὐρανὸν,
2934 4835 3286 4912 πυκνοτέροις
3345 4838 3439 4910 μὲν
3503 4838 3530 4894 ὃ
3583 4839 3830 4913 καικίας,

2164 4923 2504 5000 ἀραιοτέροις
2545 4921 2602 4979 δέ
2658 4945 2776 4986 πως
2834 4925 2862 4978 6
2912 4923 3030 4998 λίψ.
3068 4927 3420 5002 Ἀστραπαῖοι
3453 4923 3502 4982 δ’
3533 4925 3668 4982 εἰσιν
3722 4927 3832 4982 ἀπ-

2165 5012 2404 5089 αρκτίας,
2465 5013 2738 5089 θρασκίας,
2810 5013 3098 5090 ἀργέστης,
3154 5014 3245 5069 καὶ
3317 5014 3456 5090 πρὸς
3529 5014 3753 5078 τούτοις
3799 5018 3830 5072 δ

2167 5103 2352 5176 μέσης.
2407 5102 2628 5177 Ψυχροὶ
2686 5103 2790 5178 γὰρ
2850 5097 2998 5163 ὄντες
3055 5100 3145 5156 διὰ
3199 5104 3262 5158 τὸ
3320 5102 3606 5180 ἐγγύτερον
3657 5107 3827 5177 ἡμῶν

2161 5197 2333 5261 πνεῖν,
2367 5191 2455 5245 καὶ
2496 5191 2601 5245 ἀπὸ
2651 5195 2756 5245 τῶν
2806 5190 3072 5265 ἀρκτικῶν
3125 5198 3303 5264 μερῶν
3354 5187 3522 5248 ὅντων
3568 5196 3827 5270 ψυχρῶν,

2159 5279 2382 5335 πιλοῦσι
2426 5281 2495 5334 τά
2540 5278 2672 5358 νέφη
2725 5276 2814 5334 διὰ
2854 5281 2953 5348 τὴν
2985 5280 3332 5356 ψυχρότητα.
3366 5280 3732 5356 Πιλουμένων
3768 5279 3829 5339 ὃὶ

2157 5373 2272 5423 τῶν
2332 5373 2502 5446 νεφῶν
2559 5369 2621 5423 τὸ
2683 5367 2732 5422 ἐν
2795 5368 2978 5430 αὐτοῖς
3064 5369 3536 5445 ἐναπειλημμένον
3615 5372 3826 5448 θερμὸν

2158 5458 2544 5532 ἀθροιζόμενον
2605 5458 2679 5520 εἰς
2729 5458 2808 5531 ἓν,
2872 5459 3006 5532 μετά
3068 5457 3188 5534 βίας
3257 5459 3453 5538 ἀθρόον
3515 5458 3828 5536 ἐκκρίνεται

2159 5544 2248 5602 διὰ
2287 5548 2388 5617 τὴν
2441 5543 2674 5628 σφοδρὰν
2726 5545 2936 5616 κίνησιν
2983 5545 3310 5628 ἐκπυρωθέν.
3339 5546 3532 5606 Δύτῶν
3579 5545 3640 5606 δὶ
3685 5548 3824 5608 τού-
