4114 6428
318 493 479 559 1169

1675 494 2028 562 EPITOME
2071 497 2436 564 PHYSIGA.

3587 495 3744 560 1170

313 630 424 683 τῶν
466 621 602 683 ἔνιοι
631 620 721 683 καὶ
751 620 1097 703 χαλαζώδεις
1131 621 1233 682 εἰσὶ
1261 628 1340 700 τῷ
1388 623 1713 704 ψυχρότητα
1759 626 1937 706 πηγνύ

2087 649 2217 689 rum
2269 638 2464 690 autem
2541 633 2804 707 ipsorum
2857 629 3125 688 nonnulli
3176 629 3518 704 grandinosi
3577 633 3740 698 sunt,

308 737 399 772 ναι
444 714 662 792 ταχέως
703 715 767 771 τὸ
825 714 1204 792 ἐκκρινόμενον
1275 713 1444 790 ὕδωρ.
1505 721 1664 772 Δοκεῖ
1718 718 1820 794 γὰρ
1880 717 1968 773 καὶ

314 804 489 867 οὕτως
516 802 736 882 χάλαζα
764 802 1026 880 γίνεσθαι.

385 983 473 1059 ιβ.
535 982 886 1038 Καθίστανται
982 980 1041 1038 δὲ
1121 984 1211 1038 καὶ
1305 983 1540 1063 ἐκνεφίαι
1645 984 1964 1060 ἀπαρκτίας,

307 1070 563 1145 θρασκίας
638 1073 730 1126 καὶ
806 1071 1092 1148 ἀργέστης.
1173 1071 1442 1148 Ἐκνεφίαι
1529 1074 1631 1149 γὰρ
1704 1073 1966 1149 γίνονται,

307 1159 432 1215 ὅταν
467 1157 653 1215 ἄλλων
686 1160 958 1216 πνεόντων
1005 1160 1218 1235 ἀνέμων
1270 1161 1434 1218 ἄλλοι
1487 1160 1832 1225 ἐπιπεσόντες
1879 1163 1968 1218 αύ-

303 1254 420 1312 τοῖς
465 1248 740 1305 παύσωσιν
791 1249 1007 1314 αὐτούς.
1039 1253 1199 1306 Ὅταν
1247 1249 1336 1306 οὖν
1371 1253 1423 1306 οἱ
1465 1257 1672 1328 πρῶτοι
1713 1253 1965 1316 πνέοντες

304 1337 631 1394 ἀπώσωνται
679 1339 746 1393 τά
793 1340 950 1417 νέιρη,
1002 1337 1254 1396 δοκοῦσιν
1303 1342 1356 1395 οἱ
1417 1340 1476 1396 ἐκ
1540 1345 1647 1395 τῶν
1709 1340 1961 1397 ἐναντίων

308 1432 484 1501 μερῶν
539 1426 900 1501 ἐμπίπτοντες
951 1429 1135 1491 αὐτοῖς
1183 1435 1334 1484 πνεῖν
1386 1429 1437 1500 ἐξ
1487 1430 1662 1485 αὐτῶν
1710 1437 1817 1485 τῶν
1878 1453 1960 1485 νε-

303 1516 864 1596 φῶνηἜπιπίπτουσι
896 1515 954 1573 δὲ
986 1517 1221 1590 μάλιστα
1265 1517 1513 1574 πνέουσιν
1563 1517 1758 1581 ἄλλοις
1808 1519 1956 1574 οὗτοι

297 1605 350 1660 οἱ
399 1601 589 1680 ἄνεμοι
642 1603 733 1662 διὰ
775 1607 840 1662 τὸ
887 1606 1112 1682 ἐγγύθεν
1164 1607 1363 1670 αὐτοὺς
1410 1609 1672 1670 πνέοντας
1699 1607 1787 1663 καὶ
1827 1608 1956 1681 μετά

302 1692 484 1770 ῥύμης
517 1694 652 1752 εἶναι
684 1693 973 1774 σφοδρούς.

371 1964 460 2038 ιγ’.
515 1963 667 2020 Ἐπεὶ
734 1960 793 2018 δὲ
854 1965 921 2019 τά
977 1963 1233 2020 πλεῖστον
1284 1965 1562 2040 ἀπέχοντα
1608 1966 1745 2020 κατά
1785 1964 1950 2020 τόπον
1983 2004 2031 2069 Β

456 2051 469 2069 1
689 2052 704 2069 ς
833 2052 845 2069 ,
1026 2053 1040 2069 .
1121 2053 1133 2069 ,
1247 2053 1267 2069 ς
1312 2058 1334 2069 ..
1527 2051 1569 2069 ε..
1627 2055 1641 2069 .
1700 2055 1710 2069 ,
1927 2056 1941 2069 ι

290 2049 506 2107 ἐναντία
576 2052 713 2107 κατά
785 2052 952 2108 τόπον
1023 2053 1152 2108 ἐστί’
1205 2053 1459 2110 πλεῖστον
1523 2051 1569 2108 δ’
1617 2055 1808 2130 ἀπέχει
1883 2056 1951 2109 τά

287 2141 426 2196 κατά
491 2138 802 2220 διάμετρον·
872 2145 907 2213 ἡ
978 2141 1025 2198 δ’
1087 2143 1380 2221 ἷσημερινὴ
1459 2142 1698 2214 ἀνατολή
1765 2145 1853 2199 καὶ
1911 2147 1945 2214 ἡ

285 2229 581 2308 Ῐσημερινὴ
650 2229 832 2305 δυσμή
887 2230 1266 2308 διαμετροῦσιν
1335 2231 1592 2305 ἀλλήλας
1653 2234 1791 2290 κατά
1853 2236 1944 2289 τὸν

287 2318 448 2375 αὐτὸν
527 2319 782 2395 ὁρίζοντα
854 2321 1220 2397 θεωρούμενα,
1279 2321 1369 2377 καὶ
1445 2324 1610 2378 πάλιν
1669 2326 1703 2392 ἡ
1765 2325 1944 2396 θερινὴ

287 2406 526 2478 ἀνατολή
557 2408 648 2464 καὶ
696 2411 732 2480 ἡ
781 2413 1072 2487 χειμερινὴ
1124 2409 1328 2485 δυσμη·
1371 2412 1462 2466 καὶ
1496 2412 1649 2476 αὗθις
1681 2415 1717 2482 ἡ
1751 2432 1944 2488 χειμε-

289 2499 411 2575 ρινή
479 2496 741 2568 ἀνατολὴ,
771 2499 862 2554 καὶ
921 2501 1105 2576 θερινὴ
1160 2498 1362 2574 δυσμή·
1399 2500 1612 2575 ὁμοίως
1664 2499 1722 2556 δέ
1768 2503 1858 2556 καὶ
1907 2505 1942 2571 ἡ

283 2587 480 2661 ἄρκτος
511 2587 602 2642 καὶ
635 2589 670 2658 ἡ
706 2584 1041 2666 μεσημϐρία·
1098 2588 1213 2645 ἐπεὶ
1259 2592 1410 2645 ταῦθ’
1459 2590 1631 2652 οὕτως
1681 2586 1820 2666 ἔχει,
1857 2588 1942 2645 sti»

294 2671 465 2745 δῆλον
493 2677 569 2738 ὡς
609 2676 973 2733 ἀντιπνὲουσιν
1025 2676 1300 2748 ἀλλήλοις
1331 2680 1382 2733 οἱ
1433 2679 1493 2734 ἐκ
1535 2684 1643 2734 τῶν
1692 2678 1941 2734 ἐναντίων

291 2764 475 2820 τόπων
555 2763 803 2829 πνέοντες
885 2763 1098 2841 ἄνεμοι.
1158 2770 1314 2831 Ὅθεν
1365 2769 1393 2822 6
1449 2769 1542 2841 μὲν
1618 2767 1945 2839 ἀπηλιώτης

293 2855 536 2910 ἀντιπνεῖ
579 2859 659 2927 τῷ
708 2855 940 2935 ζεφύρῳ,
975 2857 1002 2912 ὁ
1054 2856 1266 2919 καικίας
1318 2854 1375 2912 δὲ
1424 2861 1502 2929 τῷ
1550 2852 1688 2924 λιϐὶ,
1721 2859 1748 2912 ὁ
1789 2856 1944 2933 εὖρος

288 2947 370 3015 τῷ
427 2944 680 3022 ἀργέστῃ,
739 2946 829 3000 καὶ
885 2946 912 3000 ὁ
974 2946 1168 3022 βορέας
1234 2951 1314 3018 τῷ
1378 2946 1540 3019 νότῳ·
1597 2945 1855 3009 ὡσαύτως
1915 2948 1942 3000 6

291 3033 547 3108 θρασκίας
612 3038 692 3106 τῷ
748 3035 1007 3112 φοινικίᾳ,
1059 3035 1150 3090 καὶ
1199 3036 1227 3089 ὁ
1282 3036 1450 3109 μέσης
1507 3040 1586 3108 τῷ
1644 3034 1940 3112 λιβονότῳ.

291 3125 383 3176 Δεῖ
441 3119 500 3178 δὲ
555 3123 656 3192 τὴν
716 3123 858 3179 θέσιν
926 3129 1033 3179 τῶν
1107 3124 1321 3198 ἀνέμων
1389 3125 1477 3180 καὶ
1546 3126 1644 3193 τὴν
1707 3126 1940 3193 τοπικὴν

289 3209 467 3266 αὐτῶν
574 3211 881 3268 ἐναντίωσιν
993 3218 1267 3269 κατανοεῖν
1351 3213 1412 3269 ἐκ
1491 3218 1588 3269 τοῦ
1675 3211 1942 3290 διαγράμ-

293 3319 486 3372 ματος.

361 3581 446 3644 ιδ’.
505 3584 850 3642 Ἀνατολικοὶ
913 3586 1005 3660 μὲν
1088 3583 1180 3642 οὗν
1253 3586 1384 3642 εἰσιν
1453 3584 1644 3661 ἄνεμοι
1703 3607 1936 3660 καικιας,

287 3671 616 3744 ἀπηλιώτης
647 3674 737 3730 καὶ
769 3672 945 3749 εὖρος·
979 3676 1007 3730 6
1041 3676 1136 3749 μὶν
1185 3675 1292 3731 ἀπὸ
1333 3679 1433 3746 τῆς
1488 3683 1701 3752 θερινῆς
1752 3677 1939 3732 ἀνατο-

288 3760 416 3833 λῆς,
449 3764 478 3819 6
510 3762 555 3818 δ’
588 3763 694 3818 ἀπὸ
743 3771 844 3834 τῆς
894 3763 1240 3838 ἰσημερινῆς,
1273 3762 1380 3844 ὁδ’
1409 3763 1474 3820 αὗ
1527 3765 1633 3820 ἀπὸ
1679 3773 1778 3836 τῆς
1827 3787 1943 3842 χει-

291 3859 541 3930 μερινῆς.
596 3852 813 3908 Δυτικοὶ
867 3850 914 3907 δ’
964 3850 1156 3928 ἄνεμοι
1202 3853 1489 3930 ἀργέστης,
1535 3854 1781 3930 ζέφυρος,
1817 3853 1937 3929 λίψ·

287 3938 446 4015 ὁμὲν
497 3940 604 3997 ἀπὸ
645 3948 748 4012 τῆς
789 3942 1005 4018 θερινῆς
1039 3939 1273 4016 δυσμῆς,
1307 3943 1335 3998 ὁ
1368 3940 1414 3998 δ’
1442 3943 1548 3998 ἀπὸ
1596 3950 1697 4012 τῆς
1747 3944 1939 4018 ἰσημε-

286 4036 464 4107 ρινῆς·
499 4031 528 4086 ὁ
561 4027 620 4086 δὲ
676 4029 776 4102 λὶψ
835 4031 940 4085 ἀπὸ
995 4037 1098 4100 τῆς
1151 4038 1497 4108 χειμερινῆς.
1558 4034 1826 4108 Ἀρκτῷοι
1883 4031 1941 4088 δὲ

282 4117 408 4188 ἤτοι
464 4114 667 4196 βόρειοι
726 4118 1001 4195 θρασκίας,
1035 4120 1354 4197 ἀπαρκτίας,
1393 4121 1483 4176 καὶ
1544 4120 1713 4194 μὲσης
1747 4123 1774 4176 ὁ
1805 4124 1941 4177 κατά

284 4211 568 4280 συνήθειαν
650 4209 841 4286 βορέας
920 4209 1230 4286 λεγόμενοςο
1292 4211 1366 4264 ὧν
1423 4211 1451 4265 ὁ
1514 4211 1606 4283 μὲν
1685 4210 1939 4286 θρασκίας

284 4298 392 4354 ἀπὸ
418 4303 527 4354 τῶν
560 4296 747 4370 δεξιῶν
778 4301 877 4368 τῆς
926 4295 1125 4376 ἄρκτου
1180 4303 1382 4375 μερῶν,
1413 4300 1502 4354 καὶ
1548 4299 1624 4362 ὡς
1669 4302 1804 4376 πρὸς
1847 4298 1939 4355 δύ-

285 4407 367 4440 σιν
396 4383 512 4462 ἔχει
555 4388 618 4442 τὸ
647 4391 820 4459 πνεῖν,
861 4389 931 4460 τῇ
979 4389 1165 4462 θερινῇ
1215 4385 1536 4458 πλησιάζων
1588 4385 1790 4463 δυσμῇο
1832 4391 1860 4444 ὁ
1893 4387 1941 4444 δ’

282 4473 582 4552 ἀπαρκτίας
629 4475 737 4531 ἀπὸ
792 4477 963 4549 μέσης
1028 4473 1249 4553 ἄρκτου·
1298 4478 1326 4531 6
1376 4474 1433 4532 δὲ
1477 4475 1670 4539 λοιπὸς
1720 4478 1780 4532 ἐκ
1827 4483 1934 4533 τῶν

283 4562 578 4637 εὐωνύμων
607 4570 709 4634 τῆς
749 4564 948 4642 ἄρκτου
1002 4569 1204 4641 μερῶν.
1252 4566 1481 4639 Ἀνεμοι
1524 4563 1582 4621 δέ
1633 4562 1938 4643 μεσημϐρι-

286 4651 373 4709 νοὶ
399 4648 526 4722 ἤτοι
557 4652 730 4708 νότιοι
774 4655 803 4708 ὁ
848 4653 1156 4728 εὐρόνοτος,
1188 4655 1217 4709 6
1246 4654 1404 4717 νότος
1445 4656 1534 4710 καὶ
1567 4656 1594 4710 ὁ
1626 4651 1934 4719 λιϐόνοτος·

2082 724 2236 794 quod
2269 741 2422 795 aqua
2453 741 2580 796 quae
2613 723 2945 780 excernitur
2973 725 3210 794 propter
3240 721 3612 793 frigiditatem
3644 738 3737 778 ce-

2081 811 2278 868 leriter
2316 813 2580 886 congelet
2609 818 2666 869 et
2695 814 2753 868 in
2782 811 3030 884 glaciem
3062 816 3420 867 concrescat.
3461 811 3549 868 Sit
3579 811 3735 868 cnim

2082 903 2260 958 etiam
2289 905 2512 974 granda
2544 903 2667 958 fieri
2696 903 2948 958 videtur.

2154 993 2240 1046 12.
2275 993 2450 1048 Fiunt
2479 997 2675 1048 autem
2732 993 2907 1048 etiam
2941 990 3255 1062 ecnephize,
3317 990 3425 1046 hoc
3457 995 3564 1059 est,
3600 1005 3731 1062 pro-

2081 1080 2237 1136 cellae
2298 1082 2473 1154 (venti
2534 1081 2634 1153 qui
2691 1081 2920 1136 excussi
2978 1080 3235 1135 nubibus
3286 1079 3551 1147 saeviunt,
3585 1096 3732 1152 quos

2078 1169 2257 1226 Graeci
2315 1175 2620 1242 propterea
2678 1170 2990 1239 ecnephias
3041 1169 3271 1240 vocant)
3323 1185 3335 1222 :
3393 1169 3732 1239 septentrio,

2076 1258 2388 1329 thrascias,
2423 1267 2480 1314 et
2511 1277 2703 1315 corus.
2739 1261 2887 1314 I97
2933 1259 3202 1313 Proceilaa
3252 1258 3405 1313 enim
3439 1275 3723 1330 generan-

2073 1352 2188 1414 tur,
2249 1366 2384 1404 cum
2443 1349 2572 1404 aliis
2629 1349 2819 1404 ventis
2851 1347 3132 1403 ﬂantibus
3175 1347 3268 1402 alii
3305 1348 3610 1416 ingruunt,
3672 1351 3729 1403 et

2075 1438 2312 1493 eosdem
2339 1438 2909 1510 comprimunt.Cum
2930 1438 3109 1510 igitur
3129 1437 3227 1508 qui
3249 1436 3437 1507 primo
3452 1438 3733 1501 ﬂant,nu-

2075 1529 2176 1583 bes
2209 1527 2667 1599 depulerint,qui
2701 1528 2760 1581 in
2793 1544 2893 1582 eos
2925 1544 2992 1581 ex
3018 1526 3325 1580 contrariis
3350 1525 3612 1596 partibus
3637 1525 3726 1580 in-

2073 1615 2296 1681 cidunt,
2329 1634 2397 1672 ex
2429 1617 2573 1688 ipsis
2605 1616 2863 1671 nubibus
2911 1617 3050 1670 ﬂare
3101 1615 3390 1669 videntur.
3450 1614 3723 1669 Incidunt

2071 1711 2267 1760 autem
2300 1706 2552 1760 maxime
2583 1706 2642 1760 hi
2674 1705 2828 1760 venti
2859 1705 2917 1759 in
2953 1704 3097 1760 alios
3130 1704 3355 1768 ﬂantes,
3381 1707 3438 1758 et
3466 1703 3620 1774 quod
3653 1719 3724 1758 ex

2069 1795 2399 1867 propinquo
2431 1795 2543 1866 ipsi
2574 1796 2817 1867 spirent,
2851 1798 2908 1849 et
2942 1795 3096 1866 quod
3129 1809 3263 1848 cum
3294 1792 3518 1864 impetu
3549 1791 3719 1848 vehe-

2069 1888 2293 1940 mentes
2325 1884 2462 1940 sint.

2141 1973 2518 2036 13.Quoniam
2543 1979 2739 2029 autem
2771 1989 2840 2028 ea
2869 1990 2995 2044 quae
3027 1972 3352 2028 secundum
3386 1970 3578 2026 locum
3600 1987 3634 2026 a
3657 1987 3719 2026 se

2059 2061 2308 2118 invicem
2347 2063 2574 2119 distant
2609 2063 2953 2135 plurimum,
2999 2062 3326 2117 secundum
3358 2059 3553 2116 locum
3587 2076 3721 2115 con-

2055 2151 2236 2207 traria
2259 2156 2424 2207 sunt:
2460 2151 2782 2224 plurimum
2813 2155 3007 2206 autem
3040 2149 3265 2204 distant
3293 2166 3326 2204 a
3348 2165 3412 2203 se
3443 2148 3713 2216 invicem,

2056 2257 2182 2312 quae
2214 2258 2316 2313 per
2346 2240 2563 2296 lineam
2591 2240 2993 2296 dimetientem
3032 2239 3251 2294 distant
3276 2257 3288 2306 ;
3350 2255 3416 2293 ac
3445 2238 3714 2309 aequino—

2055 2329 2244 2384 ctialis
2277 2335 2439 2385 ortus
2471 2334 2528 2384 et
2555 2328 2976 2401 tequinoctialis
3007 2344 3250 2383 occasus
3299 2345 3333 2382 a
3369 2343 3432 2382 se
3458 2326 3710 2381 invicem

2055 2433 2159 2488 per
2190 2418 2546 2472 diametrum
2579 2419 2890 2484 dissident,
2925 2422 2988 2472 ut
3047 2417 3148 2488 qui
3203 2417 3259 2470 in
3316 2416 3518 2472 eodem
3549 2415 3711 2472 hori-

2053 2510 2220 2562 zonte
2250 2511 2605 2578 spectentur,
2630 2523 2985 2578 rursumque
3015 2511 3178 2562 ortus
3204 2506 3438 2560 mstivus
3461 2510 3518 2560 et
3539 2521 3704 2560 occa-

2053 2611 2158 2650 sus
2187 2595 2472 2652 hibernus
2505 2613 2518 2663 ;
2556 2613 2621 2650 ac
2654 2597 2915 2651 vicissim
2947 2600 3109 2651 ortus
3139 2595 3416 2650 biberdus
3449 2598 3506 2649 et
3535 2610 3700 2648 occa-

2055 2700 2158 2739 sus
2188 2683 2461 2752 aestivus;
2497 2685 2869 2756 similemque
2913 2685 2971 2740 in
3023 2688 3263 2738 modum
3313 2682 3566 2754 denique
3613 2700 3703 2739 ar-

2053 2776 2183 2826 ctus
2203 2772 2566 2846 [septentrio]
2590 2779 2647 2829 et
2670 2774 2974 2840 meridies;
2996 2772 3700 2843 hwc,inquam,quoniam

2052 2861 2135 2916 ita
2183 2878 2310 2917 sese
2351 2863 2568 2918 habent
2607 2863 2752 2918 satis
2807 2865 3036 2918 constat
3093 2862 3245 2933 quod
3295 2863 3448 2916 venti
3502 2862 3602 2934 qui
3632 2879 3701 2918 ex

2053 2951 2360 3006 contrariis
2413 2953 2558 3007 locis
2605 2953 2764 3018 ﬁant,
2816 2957 3017 3007 contra
3066 2967 3127 3006 se
3177 2948 3401 3022 spirent
3429 2949 3699 3006 invicem.

2054 3039 2216 3095 Unde
2247 3041 2604 3096 subsolanus
2651 3044 2854 3095 contra
2902 3039 3198 3094 favonium
3247 3037 3452 3110 spirat,
3499 3039 3701 3096 cacias

2053 3133 2256 3184 contra
2285 3130 2554 3200 africum,
2613 3129 2925 3184 vulturnus
2982 3133 3185 3184 contra
3213 3143 3436 3196 eorum,
3499 3132 3701 3184 contra

2053 3222 2320 3274 austrum
2383 3217 2635 3290 aquilo;
2703 3218 2978 3274 similiter
3041 3221 3095 3272 et
3157 3216 3447 3272 thrascias
3501 3220 3705 3273 contra

2051 3307 2398 3379 phaeniciam
2430 3311 2486 3363 et
2543 3325 2775 3363 menses
2833 3312 3036 3362 contra
3074 3306 3228 3361 I98
3260 3305 3699 3362 africaustrum.

2052 3397 2290 3469 Oportet
2321 3402 2517 3453 autem
2548 3401 2854 3453 ventorum
2894 3395 3094 3462 ,situm
3127 3400 3184 3450 et
3223 3394 3466 3450 localem
3497 3411 3700 3451 eorum

2051 3486 2565 3542 contrariationem
2597 3503 2664 3542 ex
2693 3486 3121 3558 diagrammate
3149 3483 3497 3556 intelligere.

2124 3593 2210 3647 14.
2263 3590 2588 3648 Orientales
2635 3591 2817 3663 igitur
2865 3591 3021 3646 venti
3067 3594 3225 3660 sunt,
3277 3589 3503 3657 caecias,
3557 3591 3698 3646 sub-

2050 3679 2312 3747 solanus,
2347 3687 2402 3735 et
2443 3680 2795 3748 vulturnus;
2830 3680 3081 3752 priimus
3123 3681 3193 3735 ab
3239 3679 3456 3746 aestivo,
3488 3695 3701 3734 sacun-

2051 3770 2162 3824 dus
2196 3771 2267 3825 ab
2304 3770 2713 3842 aequinoctiali,
2744 3770 2956 3824 tertius
2987 3770 3057 3824 ab
3089 3768 3335 3824 hiberno
3366 3768 3700 3824 ortu.0cci-

2052 3858 2313 3914 dentales
2344 3863 2540 3914 autem
2571 3859 2724 3914 venti
2754 3863 2892 3913 sunt
2942 3874 3134 3922 corus,
3170 3858 3435 3911 favonius
3467 3861 3525 3911 et
3561 3856 3700 3910 afri-

2051 3963 2192 4016 cus;
2229 3946 2455 4019 primus
2485 3949 2556 4002 ab
2589 3947 2806 4013 aestivo,
2840 3947 3137 4002 secundus
3189 3946 3261 4000 ab
3280 3943 3695 4016 aequinoctiali,

2048 4037 2279 4100 tertius,
2368 4035 2623 4102 africus,
2711 4036 2784 4090 ab
2875 4035 3120 4089 hiberno
3217 4050 3449 4089 occasu.
3555 4032 3697 4105 Sep-

2048 4124 2430 4181 tentrionales
2519 4125 2640 4181 sive
2724 4123 3100 4196 aquilonares
3181 4121 3475 4191 trascias,
3565 4138 3696 4194 sep-

2049 4214 2261 4270 tentrio
2317 4217 2375 4269 et
2412 4231 2623 4284 meses,
2676 4214 2776 4285 qui
2834 4218 3112 4268 consueto
3146 4229 3306 4267 more
3362 4211 3558 4283 aliquo
3615 4211 3698 4266 di-

2049 4303 2241 4370 citur;
2276 4320 2527 4374 quorum
2567 4302 2857 4358 thrascias
2887 4301 3123 4374 quidem
3183 4319 3217 4355 a
3265 4301 3487 4356 dextris
3544 4317 3696 4355 ursaa

2049 4393 2316 4463 partibus
2363 4396 2421 4447 et
2451 4391 2628 4446 veluti
2660 4393 2731 4446 ad
2775 4408 3048 4446 occasum
3081 4389 3264 4462 spirat
3294 4388 3488 4444 aestivo
3543 4389 3697 4444 ortui

2048 4482 2567 4553 appropinquans:
2603 4481 2922 4554 septentrio
2955 4498 2986 4536 a
3019 4480 3211 4535 media
3241 4496 3400 4545 ursa,
3433 4478 3696 4550 reliquus

2048 4586 2257 4640 nempe
2301 4587 2490 4626 meses
2521 4587 2589 4625 ex
2619 4569 2876 4624 sinistris
2906 4586 3053 4624 ursae
3088 4568 3371 4640 partibus.
3408 4567 3697 4623 Meriona-

2048 4658 2133 4714 les
2159 4664 2354 4715 autem
2387 4660 2504 4714 rive
2536 4659 2787 4714 austrini
2841 4658 2994 4714 venti
3042 4663 3200 4727 sunt,
3248 4657 3694 4723 vulturmuster,

284 4742 314 4797 6
372 4742 466 4816 μὲν
531 4743 637 4798 ἀπὸ
721 4746 828 4797 τῶν
894 4741 1078 4815 δεξιῶν
1156 4751 1257 4814 τῆς
1345 4739 1710 4820 μεσημϐρίας,
1770 4744 1934 4821 ἤγουν

2063 4753 2267 4815 iuster,
2314 4754 2370 4803 et
2420 4751 2802 4815 al‘ricauster;
2854 4749 3080 4820 primus
3129 4747 3366 4818 quidem
3415 4746 3698 4802 adextris

281 4829 510 4908 ἔγγιστα
535 4835 605 4907 τῇ
655 4835 943 4908 χειμερινῇ
993 4829 1255 4907 ἀνατολῇ·
1291 4833 1318 4888 6
1350 4830 1409 4889 δὲ
1436 4833 1590 4897 νότος
1652 4833 1711 4890 ἐκ
1770 4835 1936 4909 μέσης

285 4914 656 4997 μεσημϐρίας·
690 4922 718 4976 6
751 4915 1035 4985 λιϐόνοτος
1065 4918 1112 4976 δ’
1139 4921 1191 4993 ἐξ
1222 4923 1527 4999 ἀριστερᾶς.

355 5099 435 5155 ιε’.
492 5097 695 5158 Ἄλλοι
753 5097 810 5156 δὲ
871 5103 978 5155 τῶν
1037 5099 1247 5173 ἀνέμων
1303 5096 1491 5163 ἄλλως
1557 5102 1684 5175 παρ’
1740 5100 1934 5158 ἄλλοις

281 5189 470 5263 μέρεσι
524 5189 780 5268 φέρονται
836 5188 1217 5266 κραταιότερον
1266 5188 1302 5260 ἢ
1352 5188 1746 5266 ἀσθενέστερον.
1780 5192 1936 5254 Τινὲς

279 5273 338 5334 δὲ
401 5277 494 5333 καὶ
560 5275 887 5356 ἰδιοτρόπως
953 5277 1330 5354 ἐπικρατοῦσιν
1406 5277 1456 5334 ἐν
1531 5279 1722 5342 τόποις
1793 5280 1934 5335 τισὶν

278 5365 476 5424 ἐκεῖθεν
506 5367 606 5438 τὴν
640 5369 846 5444 γένεσιν
877 5363 1116 5444 ἔχοντες.

353 5475 439 5540 ις’.
472 5473 572 5531 Καὶ
627 5474 835 5530 τούτων
899 5473 1122 5551 ὅσοιπερ
1170 5473 1231 5530 ἐκ
1276 5474 1656 5548 νενοτισμὲνης
1713 5473 1931 5530 πνέουσι

276 5566 384 5640 γῆς
439 5563 686 5642 ἀπόγειοι
745 5562 1020 5640 λέγονταν
1056 5563 1174 5619 ὅσοι
1235 5561 1279 5619 δ’
1309 5563 1370 5620 ἐκ
1417 5562 1642 5620 κόλπων
1693 5563 1935 5636 ἐξᾴττου-

279 5673 386 5726 σιν,
421 5652 733 5712 ἐκκολπίαι.
763 5653 988 5716 Τούτοις
1038 5650 1082 5709 δ’
1131 5652 1400 5729 ἀνάλογόν
1451 5674 1503 5708 τι
1543 5652 1760 5730 ἔχουσιν
1794 5655 1845 5708 οἱ
1876 5653 1935 5708 ἐκ

277 5747 542 5817 ποταμῶν
588 5743 678 5800 καὶ
741 5741 978 5818 λιμνῶν.
1023 5745 1178 5800 Ὅσοι
1240 5740 1297 5800 δὲ
1355 5747 1461 5800 τῶν
1530 5742 1744 5818 ἀνέμων
1798 5749 1934 5798 κατὰ

283 5830 436 5910 ῥῆξιν
483 5831 722 5911 γίνονται
771 5833 986 5912 νέφους,
1020 5833 1070 5889 εἷ’
1111 5834 1206 5908 μὲν
1256 5832 1346 5888 καί
1388 5832 1643 5890 ἀνάλυσιν
1684 5837 1780 5886 τοῦ
1827 5834 1929 5887 πά-

2047 4838 2452 4904 mer1diei,hoc
2482 4838 2858 4910 est,proxime
2881 4843 3074 4893 ortum
3109 4836 3422 4892 hibernum
3449 4860 3463 4904 ;
3495 4851 3699 4890 secun-

2047 4927 2178 4994 dus,
2213 4927 2495 4982 nimirum
2539 4933 2739 4982 auster
2786 4944 2854 4982 ex
2903 4927 3096 4982 medio
3152 4924 3434 4993 meridie;
3485 4924 3694 4980 tertius

2047 5016 2395 5072 africauster
2424 5035 2457 5071 a
2488 5016 2765 5072 sinistris.

2120 5107 2204 5161 15.
2267 5106 2549 5162 Caeterum
2577 5105 2674 5162 alii
2730 5107 2884 5161 venti
2917 5105 2977 5160 in
3020 5104 3152 5162 aliis
3182 5105 3451 5178 partibus
3483 5103 3696 5160 fortius

2047 5199 2148 5249 aut
2195 5194 2548 5250 imbecillius
2607 5195 2893 5250 feruntur.
2927 5193 3121 5266 Aliqui
3171 5194 3348 5250 etiam
3409 5192 3694 5266 peculiari

2045 5283 2270 5340 ratione
2291 5284 2647 5356 quibusdam
2670 5284 2730 5338 in
2762 5284 2904 5339 locis
2933 5283 3404 5352 dominantur,ut
3426 5281 3526 5355 qui
3557 5282 3696 5338 inde

2045 5377 2238 5428 ortum
2269 5372 2544 5429 habeant.

2118 5481 2203 5535 16.
2238 5483 2320 5535 Ac
2350 5481 2420 5536 de
2451 5479 2566 5545 bis,
2617 5478 2700 5534 illi
2734 5479 2833 5551 qui
2868 5481 3018 5535 I99
3069 5497 3138 5536 ex
3177 5480 3512 5535 humefacta
3540 5483 3698 5536 terra

2043 5570 2207 5632 ﬁant.
2243 5570 2467 5641 apogei,
2502 5570 2671 5640 quasi
2721 5575 2877 5624 terra
2907 5570 3160 5637 oriundi,
3216 5569 3494 5624 dicuntur
3526 5586 3540 5636 ;
3591 5568 3694 5640 qui

2043 5664 2239 5714 autem
2271 5674 2340 5712 ex
2370 5657 2597 5714 sinibus
2630 5658 3268 5731 prosiliunt,encolpize,
3300 5659 3468 5730 quasi
3502 5658 3697 5713 sinua-

2043 5748 2147 5816 les,
2206 5752 2505 5802 vocantur.
2568 5748 2722 5802 Inter
2779 5765 2926 5820 quos
2985 5750 3144 5820 ipsos
3176 5765 3416 5820 eosque,
3473 5746 3575 5819 qui
3625 5763 3692 5802 ex

2045 5836 2389 5892 ﬂuminibus
2420 5841 2476 5890 ct
2506 5838 2730 5908 stagnis
2789 5846 3126 5910 erumpunt,
3190 5837 3690 5910 nonibilfpropor—
