4114 6462
385 505 541 568 11⁵13

1719 502 2070 567 EPITOME
2112 502 2466 567 PHYSICA.

3644 500 3802 565 “7‘

382 645 515 715 χῆς’
547 637 689 694 ὥστε
725 635 760 707 ἢ
793 632 894 710 ἔξω
920 637 1019 706 τῆς
1049 637 1153 712 γῆς
1183 635 1219 706 ἢ
1253 632 1358 692 ἔσω
1397 641 1568 692 πᾶσαν
1620 635 1887 691 συννεύειν
1938 636 2026 690 αύ-

2151 639 2418 712 sequitur
2452 657 2465 706 ;
2495 643 2560 696 ut
2587 639 2676 695 vel
2710 642 2890 707 extra,
2923 636 3012 694 vel
3046 637 3202 694 intra
3228 640 3444 695 terram
3492 636 3798 694 confertim

381 731 506 799 τήν.
539 727 650 783 Οὐκ
705 725 902 804 ἄλογον
962 723 1019 782 δέ
1074 747 1134 803 γε
1189 725 1279 781 καὶ
1340 727 1553 800 ἀνέμων
1601 721 1770 780 ὄντων
1799 725 2034 802 γίνεσθαί

382 838 531 878 τινας
586 821 693 872 τῶν
755 821 1011 888 σεισμῶν.
1075 815 1278 870 Ἐνίοτε
1337 816 1440 891 γὰρ
1506 816 1597 869 καὶ
1656 813 1879 876 πλείους
1930 816 2042 887 ἅμα

384 907 635 962 πνέουσιν
669 906 878 978 ἄνεμοι·
913 906 985 959 ῶν
1039 903 1162 959 ὅταν
1222 905 1410 977 ἅτερος
1471 905 1574 959 ὑπὸ
1633 911 1737 979 γῆν
1799 905 2037 978 ὁρμήσῃ,

382 997 604 1066 ποιήσει
653 995 896 1068 σεισμὸν,
942 991 1054 1048 ἅνω
1113 993 1370 1055 πνέοντος
1427 998 1526 1048 τοῦ
1574 995 1795 1049 λοιποῦ.
1845 990 2037 1047 Ἐλάτ-

383 1105 512 1146 τους
567 1081 624 1138 δὲ
677 1083 740 1138 τὸ
803 1082 1024 1158 μέγεθος
1082 1081 1324 1154 γίνονται
1352 1084 1420 1137 τὰ
1449 1081 1638 1138 πολὶᾶ
1690 1083 1740 1136 οἱ
1796 1085 2037 1136 τοιοῦτοι

385 1173 621 1246 σεισμοὶ,
655 1169 744 1226 διὰ
790 1172 852 1226 τὸ
906 1168 1192 1247 διῃρῆσθαι
1241 1172 1341 1240 τὴν
1392 1171 1572 1247 ἀρχὴν
1603 1171 1692 1225 καὶ
1720 1171 1819 1238 τήν
1862 1167 2034 1225 αἰτίαν

382 1262 558 1317 αὐτῶν
608 1263 708 1331 τήν
776 1261 1091 1331 ποίητικήν*
1147 1259 1329 1337 ὥσπερ
1385 1262 1476 1314 καὶ
1537 1262 1589 1315 οἱ
1645 1261 1758 1333 ἅμα
1788 1259 2038 1320 πνέοντες

382 1349 573 1423 ἄνεμοι
605 1350 668 1405 ού
693 1349 925 1427 γίνονται
958 1351 1184 1422 πάμπαν
1217 1346 1464 1428 σφοδροί.

451 1622 516 1693 γ’.
549 1615 754 1678 Νυκτὸς
799 1614 858 1672 δὲ
903 1617 993 1672 καὶ
1046 1616 1257 1689 μᾶλλον
1307 1616 1443 1693 πρὸς
1494 1610 1685 1691 ὄρθρον
1732 1615 1784 1669 οἱ
1809 1612 2034 1676 πλείους

379 1707 470 1761 καὶ
529 1706 748 1778 μείζους
819 1705 1061 1780 γίνονται
1140 1711 1246 1761 τῶν
1326 1710 1585 1778 σεισμῶν.
1645 1705 2031 1777 Νηνεμώτεραι

379 1796 481 1872 γὰρ
541 1795 595 1849 αἱ
652 1794 836 1856 νύκτες
885 1799 993 1849 τῶν
1053 1797 1300 1870 ἡμερῶν,
1335 1793 1424 1849 διὰ
1476 1795 1577 1863 τὴν
1629 1793 1886 1849 ἀπουσίαν
1937 1797 2032 1847 τοῦ

381 1882 548 1953 ἡλίου
605 1883 927 1959 ψυχομένης
983 1883 1073 1938 καὶ
1130 1884 1509 1958 πυκνουμένης
1562 1891 1664 1953 τῆς
1721 1882 2030 1961 ἐπιφανείας

380 1979 481 2042 τῆς
535 1976 657 2048 γῆς,
690 1973 779 2028 καὶ
835 1977 944 2028 τῶν
1002 1973 1324 2048 πνευμάτων
1355 1975 1454 2043 τήν
1483 1974 1661 2051 ἀρχὴν
1695 1980 1794 2042 τῆς
1827 1973 2030 2048 ῥύσεως

383 2056 772 2135 λαμϐανόντων
823 2062 902 2124 εἷς
957 2063 1020 2117 τὸ
1082 2062 1251 2134 ἐντὸς,
1283 2061 1466 2139 ὥσπερ
1515 2059 1834 2136 ἀμπώτιδος
1885 2082 2030 2137 γινο-

383 2150 550 2224 μένης
605 2155 705 2206 τοῦ
777 2150 1090 2225 πνεύματος
1149 2151 1225 2214 εἷς
1272 2152 1341 2207 τὰ
1398 2149 1552 2206 ἔνδον
1613 2151 1719 2206 ἀπὸ
1776 2157 1877 2220 τῆς
1926 2145 2027 2221 ἔξω

377 2237 779 2316 πλημμυρίδος
833 2261 892 2296 τε
946 2239 1037 2295 καί
1096 2239 1422 2317 ἐπιχύσεως⁸
1490 2237 1726 2313 μάλιστα
1784 2235 1842 2294 δὲ
1892 2239 2028 2315 πρὸς

377 2323 594 2405 ὄρθρον,
651 2327 765 2385 ἐπεὶ
839 2333 1135 2399 τηνικαῦτα
1193 2330 1281 2385 καὶ
1337 2329 1405 2384 τὰ
1459 2327 1740 2401 πνεύματα
1795 2329 2024 2406 πέφυκεν

378 2415 634 2493 ἄρχεσθαι
665 2424 838 2475 πνεῖν.

449 2503 512 2564 δ’.
545 2511 663 2562 Τῶν
721 2505 778 2562 δὲ
833 2515 932 2578 τῆς
987 2508 1199 2584 ἡμέρας
1256 2507 1560 2583 γινομένων
1611 2512 1845 2580 σεισμῶν
1901 2506 2024 2582 περὶ

381 2591 725 2671 μεσημϐρίαν
783 2598 835 2651 οἱ
898 2596 1147 2653 πλεῖστοι
1203 2598 1292 2652 καὶ
1365 2596 1713 2673 ἰσχυρότεροι
1766 2596 2022 2672 γίνονται.

375 2686 764 2761 Νηνεμώτερον
826 2686 930 2761 γὰρ
977 2693 1077 2756 τῆς
1135 2686 1272 2757 ὅλης
1333 2685 1544 2760 ἡμέρας
1613 2685 1687 2747 ὡς
1746 2683 1938 2740 ἐπίπαν
1987 2687 2022 2754 ἡ

381 2769 713 2851 μεσημϐρία,
746 2773 836 2830 διὰ
863 2777 926 2830 τὸ
953 2776 1046 2830 τὸν
1078 2775 1239 2844 ⁸ἥλιον
1277 2775 1513 2848 μάλιστα
1567 2774 1691 2830 τότε
1741 2774 1834 2836 τὰς
1881 2773 2027 2828 ἀκτῖ-

373 2883 468 2926 νας
524 2863 812 2940 ὀρθοτέρας
868 2864 957 2920 καὶ
1015 2863 1372 2941 έντονωτέρας
1457 2863 1804 2938 ἐκπέμποντα
1858 2884 2020 2918 κατα-

374 2949 573 3008 κλείειν
600 2954 700 3022 τήν
732 2952 1088 3026 ἀναθυμίασιν
1121 2953 1197 3016 εἷς
1227 2955 1326 3023 τήν
1359 2957 1482 3031 γῆν,
1513 2955 1612 3022 τήν
1673 2952 1748 3014 εἷς
1802 2953 1865 3007 τὸ
1923 2951 2023 3025 ἔξω

374 3038 610 3115 πρόοδον
639 3041 807 3110 αὐτῆς
840 3040 1226 3114 ἐμποδίζοντα.

443 3131 502 3187 ι’.
533 3131 654 3186 Ἔτι
680 3152 740 3186 τε
792 3131 920 3193 τοὺς
971 3132 1365 3208 ἰσχυροτάτους
1425 3131 1680 3205 σεισμοὺς
1739 3126 2020 3205 συμϐαίνει

373 3217 612 3292 γίνεσθαι
658 3220 781 3296 περὶ
842 3220 1063 3286 τόπους,
1096 3223 1212 3276 καθ’
1273 3221 1364 3283 οὓς
1421 3219 1659 3285 θάλασσα
1718 3221 1872 3289 στενή
1933 3220 2022 3274 καὶ

371 3303 615 3381 ῥοώδης.
650 3305 896 3385 Σφοδρὸν
949 3311 1052 3383 γὰρ
1113 3309 1164 3364 ἐν
1216 3315 1331 3371 τοῖς
1367 3307 1637 3371 τοιούτοις
1693 3310 1754 3363 τὸ
1810 3313 2024 3381 πνεῦμα

2155 731 2425 785 universa
2454 747 2520 786 eo
2557 730 2795 784 inclinet
2824 735 2881 784 et
2940 729 3179 784 feratur.
3211 727 3335 784 Non
3395 732 3484 784 est
3539 733 3734 782 autem
3768 743 3804 783 a

2155 820 2374 874 ratione
2404 819 2661 874 alienum
2693 819 2880 874 ventis
2913 818 3087 874 etiam
3133 817 3519 874 existentibus
3569 816 3799 888 aliquos

2149 913 2315 964 terrae
2349 915 2543 965 motus
2567 908 2712 965 ﬁeri.
2745 908 3179 979 Nonnunquam
3203 907 3360 963 enim
3392 907 3565 962 etiam
3601 905 3798 977 plures

2150 999 2328 1054 simul
2360 999 2512 1053 venti
2549 999 2690 1052 fiant
2723 1015 2735 1052 :
2771 1015 3023 1070 quorum
3051 1014 3185 1052 cum
3219 996 3366 1052 alter
3392 996 3542 1050 infra
3577 1000 3795 1051 terram

2151 1087 2341 1152 irruit,
2374 1093 2540 1143 terrae
2571 1092 2792 1142 motum
2844 1086 3034 1158 gignit
3068 1085 3292 1153 ;altero
3351 1083 3584 1139 interim
3617 1098 3799 1154 supra

2149 1177 2428 1248 spirante.
2463 1175 2717 1231 Minores
2742 1181 2936 1230 autem
2971 1175 3375 1246 magnitudine
3406 1173 3554 1227 fiunt
3585 1176 3650 1226 ut
3673 1171 3800 1244 plu-

2148 1267 2364 1321 rimum
2396 1265 2543 1321 tales
2574 1269 2737 1320 terrae
2771 1270 2986 1330 motus,
3021 1265 3172 1336 quod
3215 1279 3416 1318 eorum
3441 1260 3794 1333 principium

2146 1360 2204 1411 et
2263 1373 2442 1411 causa
2497 1355 2758 1410 efﬁciens
2819 1354 3097 1408 distracta
3126 1352 3246 1408 sit:
3290 1350 3794 1423 quemadmodum

2144 1444 2319 1501 etiam
2344 1444 2498 1500 venti
2533 1443 2709 1499 simul
2743 1444 2950 1499 ﬂantes
2976 1459 3092 1498 non
3129 1441 3450 1498 admodum
3481 1439 3794 1496 vehemen-

2145 1540 2233 1590 tes
2263 1539 2421 1589 sunt.

2213 1625 2266 1678 3.
2301 1625 2486 1678 Noctu
2518 1626 2712 1678 autem
2746 1626 2801 1677 et
2835 1621 3023 1693 magis
3056 1621 3164 1677 sub
3189 1637 3458 1677 auroram
3491 1635 3628 1676 cum
3662 1617 3792 1691 plu-

2144 1716 2390 1780 res,tum
2424 1712 2674 1782 majores
2705 1717 2870 1766 terra:
2893 1715 3090 1766 motus
3124 1712 3292 1765 fiunt.
3327 1708 3789 1781 Tranquilliores

2141 1801 2301 1856 enim
2334 1819 2366 1856 a
2395 1801 2585 1856 ventis
2616 1805 2755 1856 sunt
2784 1805 2980 1855 noctes
3035 1817 3209 1872 quam
3253 1799 3396 1870 dies,
3449 1799 3589 1854 dum
3621 1803 3788 1852 terras

2143 1907 2209 1944 su
2221 1891 2486 1962 perﬁcies
2519 1893 2754 1962 propter
2774 1889 2918 1945 salis
2941 1889 3269 1944 absentiam
3293 1887 3477 1961 frigus
3499 1886 3794 1944 coutrahit

2141 1984 2200 2035 et
2231 1981 2531 2046 densatur,
2566 1980 2860 2050 ﬂatusque
2901 1979 3114 2033 ﬂuendi
3151 1978 3207 2032 in
3238 1977 3529 2034 internam
3562 1981 3789 2048 partem

2141 2067 2372 2124 initium
2407 2069 2654 2136 faciunt,
2683 2068 2956 2138 velutque
2981 2068 3052 2122 ab
3083 2071 3320 2123 externo
3349 2070 3492 2124 aestu
3523 2070 3580 2122 et
3610 2065 3787 2121 inun-

2139 2158 2371 2214 datione
2405 2157 2580 2214 ﬂatus
2613 2156 2996 2230 reciprocatio
3027 2157 3085 2211 in
3133 2156 3442 2213 interiores
3471 2159 3670 2228 partes
3695 2153 3784 2223 fit,

2137 2247 2314 2319 idque
2347 2247 2671 2319 praesertim
2703 2247 2812 2302 sub
2846 2261 3140 2308 auroram,
3198 2245 3479 2318 quoniam
3527 2247 3654 2300 tum
3685 2243 3784 2300 de-

2140 2353 2302 2392 mum
2335 2337 2508 2392 ﬂatus
2540 2335 2802 2407 spirandi
2835 2336 2988 2392 203
3022 2333 3256 2390 initium
3289 2334 3479 2390 facere
3509 2331 3720 2388 solent.

2208 2517 2260 2572 4.
2295 2517 2469 2572 Porro
2499 2521 2665 2570 terra:
2693 2518 2959 2568 motuum
2992 2513 3093 2585 qui
3150 2511 3404 2568 interdiu
3458 2511 3626 2580 ﬁunt,
3651 2509 3781 2582 plu-

2095 2657 2100 2660 .
2134 2605 2266 2660 rimi
2300 2609 2357 2661 et
2383 2603 2849 2659 vehementiores
2880 2603 3030 2657 ﬁunt
3075 2602 3226 2673 circa
3253 2600 3574 2656 meridiem.
3620 2600 3767 2658 Nam

2133 2699 2252 2750 toto
2285 2695 2402 2749 fere
2433 2693 2524 2748 die
2554 2691 2928 2764 tranquillior
2979 2695 3068 2746 est
3112 2691 3388 2747 meridies
3420 2707 3432 2744 :
3471 2693 3776 2761 propterea

2133 2784 2287 2855 quod
2322 2783 2408 2838 sol
2441 2788 2568 2837 tum
2610 2783 2883 2837 rectiores
2912 2785 2968 2836 et
3001 2780 3345 2835 intensiores
3377 2778 3573 2834 radios
3603 2777 3776 2834 emit-

2133 2876 2263 2927 tens
2293 2870 2718 2927 exbalationem
2751 2869 2811 2924 in
2837 2875 3002 2924 terrae
3034 2869 3355 2925 visceribus
3386 2866 3650 2933 includit,
3675 2882 3780 2923 nec

2135 2961 2288 3016 foras
2321 2959 2464 3016 sinit
2485 2959 2771 3030 progredi.

2201 3138 2256 3192 5.
2283 3137 2562 3192 Praeterea
2592 3137 2766 3192 etiam
2807 3135 3356 3192 vehementissimos
3385 3140 3550 3192 terra;
3582 3139 3779 3192 motus

2135 3226 2255 3280 ﬁeri
2291 3226 2573 3297 contingit
2595 3226 2748 3281 circa
2772 3242 2839 3281 ea
2863 3225 2989 3281 loca
3021 3226 3234 3297 quibus
3267 3240 3426 3280 mare
3458 3228 3776 3297 augustum

2133 3321 2244 3384 est,
2277 3321 2334 3370 et
2363 3316 2626 3370 ﬂuctuat.
2662 3320 2803 3370 Cum
2836 3316 2994 3370 enim
3026 3315 3085 3368 in
3116 3313 3407 3384 ejusmodi
3443 3312 3588 3369 locis
3616 3312 3781 3369 vehe-

369 3393 655 3468 γινόμενον
711 3397 802 3454 καὶ
868 3395 1183 3454 διεκπίπτον
1238 3398 1430 3474 βιαίως
1481 3397 1541 3452 ἐκ
1586 3405 1684 3467 τῆς
1733 3405 1858 3472 γῆς,
1913 3403 2022 3453 τῶν

2146 3421 2302 3459 mens
2332 3409 2642 3476 generetur
2673 3405 2865 3469 ﬂatus,
2909 3409 2966 3459 et
3014 3404 3294 3459 violenter
3339 3420 3408 3458 ex
3448 3408 3604 3458 terra
3627 3402 3779 3458 exci-

371 3489 606 3558 σεισμῶν
666 3482 838 3542 αἴτιον
895 3487 1120 3562 γίνεται.
1179 3485 1402 3558 Πολλήν
1462 3509 1522 3543 τε
1567 3488 1666 3562 γὰρ
1715 3489 1749 3555 ἡ
1784 3486 2024 3540 θάλασσα

367 3572 601 3650 παρέχει
631 3576 902 3651 χορηγίαν
961 3582 1042 3649 τῷ
1069 3576 1358 3650 πνεύματι,
1390 3576 1480 3631 καὶ
1513 3573 1602 3631 διὰ
1657 3581 1764 3630 τῶν
1822 3579 2020 3631 στενῶν

365 3661 542 3738 ἀθρόα
585 3669 706 3726 ταῖς
775 3665 1153 3741 μεταρῥύσεσι,
1203 3665 1293 3721 καὶ
1346 3664 1475 3728 τοὺς
1530 3665 1732 3727 τόπους
1793 3664 2023 3738 ἐπιλαμ-

370 3746 607 3807 ϐάνουσα
659 3753 730 3808 δι’
761 3755 836 3809 ὦν
889 3752 992 3826 ἕξω
1039 3756 1102 3811 τὸ
1159 3759 1369 3829 πνεῦμα
1426 3755 1664 3832 φέρεται,
1721 3753 1798 3816 εἷς
1861 3753 2022 3829 βάθος

367 3838 500 3895 αὐτὸ
562 3843 788 3898 απωθεῖ.
835 3844 906 3898 Τὸ
951 3840 998 3898 δ’
1047 3843 1294 3899 ἀπωσθὲν
1348 3843 1438 3899 καὶ
1488 3843 1682 3919 ἀθρόον
1732 3842 2020 3919 γενόμενον

370 3927 586 4000 ἐκίνησε
614 3935 683 4005 τῇ
719 3931 811 4008 βίᾳ
839 3933 936 4000 τὴν
971 3939 1096 4007 γῆν.

437 4038 501 4101 ς’.
535 4037 634 4093 Καὶ
664 4036 782 4093 ὅσαι
815 4038 874 4094 δὲ
903 4043 1087 4116 χῶραι
1113 4040 1183 4094 τὰ
1211 4039 1316 4094 ύπὸ
1349 4046 1453 4114 γῆν
1508 4034 1698 4114 ἔχουσι
1746 4038 1929 4116 σομφά
1967 4060 2027 4094 τε

357 4125 448 4181 καὶ
543 4125 804 4205 ὕπαντρα,
866 4129 1100 4184 σείονται
1193 4128 1431 4201 μᾶλλον,
1500 4126 1644 4183 πολὺ
1731 4125 2024 4203 δεχόμεναι

359 4219 570 4290 πνεῦμα
614 4219 750 4274 κατά
800 4217 895 4281 τὰς
955 4215 1106 4273 ἔνδον
1169 4217 1504 4287 κοιλότητας
1557 4217 1646 4271 καὶ
1707 4218 2022 4289 κινούμεναι

365 4305 455 4359 ὑπ’
485 4304 670 4363 αὐτοῦ.

435 4413 494 4480 ζ’.
528 4418 730 4490 ’Ἐαρος
776 4411 833 4468 δὲ
889 4413 1126 4487 μάλιστα
1173 4413 1261 4468 καὶ
1314 4414 1648 4490 μετοπώρου
1697 4413 1940 4488 γίνονται
1973 4414 2024 4467 οἱ

361 4501 598 4574 σεισμοίσ
658 4501 1215 4580 πνευματωδέστεραι
1299 4505 1402 4580 γὰρ
1473 4504 1527 4557 αἱ
1607 4504 1766 4576 ὧραι.
1827 4501 2024 4576 Θέρους

365 4586 423 4643 δὲ
478 4589 569 4644 καὶ
646 4597 928 4668 χειμῶνος
1001 4592 1213 4649 ἐλάττω
1265 4595 1333 4648 τὰ
1389 4591 1687 4665 πνεύματα·
1748 4595 2026 4667 χειμῶνος

369 4677 463 4750 μὲν
494 4675 584 4734 διὰ
617 4681 682 4736 τὸ
739 4683 918 4758 ψῦχος
971 4677 1340 4757 σϐεννυμένων
1393 4686 1501 4736 τῶν
1551 4683 1766 4756 θερμῶν
1815 4680 1904 4736 καὶ
1937 4681 2026 4751 ξη-

2131 3493 2250 3563 dat,
2286 3499 2452 3547 terrae
2484 3497 2752 3548 motuum
2784 3509 2963 3547 causa
2992 3491 3262 3548 efficitur:
3297 3497 3598 3564 Ingentem
3619 3490 3777 3546 enim

2132 3581 2295 3637 ﬂatui
2329 3583 2633 3638 materiam
2668 3598 2827 3636 mare
2876 3581 3233 3653 suppeditat,
3284 3585 3458 3652 atque
3507 3580 3648 3635 dum
3679 3596 3783 3652 per

2132 3671 2850 3742 angustiastransﬂuendo
2875 3686 3087 3742 magno
3113 3686 3247 3725 cum
3265 3669 3487 3742 impetu
3508 3667 3778 3735 volvitur,

2132 3764 2192 3814 et
2215 3775 2283 3814 ea
2315 3759 2440 3815 loca
2491 3775 2594 3831 per
2640 3777 2768 3830 quae
2818 3760 2996 3813 ﬂatus
3040 3763 3202 3814 extra
3251 3758 3452 3824 fertur,
3507 3761 3776 3830 occupat,

2133 3849 2328 3920 ipsum
2360 3848 2417 3903 in
2480 3848 2936 3920 profunditatem
2971 3847 3240 3919 propellit
3274 3863 3286 3904 :
3321 3847 3418 3918 qui
3458 3845 3779 3918 propulsus

2132 3941 2189 3992 et
2220 3936 2604 4008 conglobatus
2629 3936 2683 3991 vi
2715 3953 2824 3992 sua
2853 3941 3068 3991 terram
3102 3940 3449 4005 commovet,

2204 4045 2258 4098 6.
2292 4042 2440 4107 Quin
2473 4060 2678 4099 omnes
2710 4044 2885 4098 etiam
2919 4043 3005 4098 hae
3042 4042 3305 4113 regiones
3346 4057 3597 4113 quarum
3641 4041 3784 4097 sub-

2134 4137 2416 4188 terraneae
2450 4137 2646 4204 partes
2679 4133 2939 4204 fungosae
2969 4138 3028 4187 et
3085 4147 3409 4186 cavernosae
3453 4136 3611 4200 sunt,
3659 4146 3784 4184 cre-

2135 4222 2299 4277 brius
2331 4221 2696 4293 quatiuniur,
2732 4227 2798 4276 ut
2847 4239 2975 4292 quae
3023 4220 3080 4275 in
3134 4220 3381 4276 internis
3433 4219 3783 4275 cavitatibus

2136 4328 2408 4384 magnam
2446 4311 2561 4366 vim
2594 4311 2769 4366 ﬂatus
2803 4310 3183 4383 recipiant,ab
3205 4325 3389 4381 eoque
3419 4311 3781 4364 moveantur.

2205 4419 2259 4473 7.
2292 4422 2573 4473 Caeterum
2633 4434 2764 4473 vere
2823 4417 3075 4472 maxime
3134 4423 3191 4472 et
3220 4421 3506 4472 autumno
3537 4419 3783 4472 exeunte

2133 4511 2298 4562 terrae
2321 4511 2514 4563 motus
2529 4507 2879 4579 contingunt
2912 4524 2924 4570 ;
2953 4507 3170 4578 quippe
3193 4507 3330 4561 anni
3354 4510 3621 4577 tempora
3642 4509 3782 4561 sunt

2136 4597 2291 4652 204
2321 4596 2441 4651 haec
2475 4596 2814 4651 ﬂatuosiora
2846 4613 2858 4662 ;
2894 4613 3025 4650 cum
3060 4599 3258 4649 testate
3291 4599 3348 4648 et
3377 4593 3569 4650 hieme
3599 4593 3781 4648 rario-

2134 4701 2226 4740 res
2259 4686 2377 4739 sint
2404 4685 2581 4752 venti;
2615 4684 2808 4740 hieme
2838 4684 3100 4755 quidem,
3135 4683 3272 4754 quia
3295 4681 3496 4738 calidae
3526 4686 3584 4738 et
3616 4681 3782 4738 siccae

367 4770 473 4842 ρῶν
535 4768 968 4842 ἀναθυμιάσεων,
1011 4771 1202 4848 θέρους
1262 4769 1319 4826 δὲ
1371 4771 1535 4826 πάλιν
1591 4767 1680 4825 διὰ
1733 4771 1796 4826 τὸ
1843 4774 2026 4843 καῦμα

2146 4773 2530 4829 3xhalationes
2553 4775 2625 4827 ob
2659 4773 2889 4846 frigoris
2912 4773 3025 4826 vim
3051 4773 3510 4844 exstinguuntur
3539 4789 3553 4838 ;
3586 4775 3785 4827 aestate

365 4857 427 4932 ξη
435 4876 584 4930 ραινο
592 4857 765 4932 μένων
777 4903 790 4917 .

437 5036 506 5106 η’.
559 5036 738 5094 Ἀλλᾶ
802 5039 893 5094 καὶ
956 5039 1007 5094 έν
1058 5039 1306 5118 αὐχμοῖς
1364 5039 1455 5094 καὶ
1502 5039 1554 5094 ἐν
1602 5033 1930 5114 έπομϐρίαις
1971 5039 2023 5093 οἳ

363 5125 578 5199 σεισμοὶ
613 5127 853 5200 μάλιστα
883 5128 1146 5205 γίνονται.
1172 5133 1262 5184 Ἐν
1299 5129 1393 5202 μὲν
1454 5129 1558 5204 γὰρ
1615 5134 1731 5189 τοῖς
1781 5126 2024 5203 αὐχμοῖς

361 5215 761 5288 πνευματώδης
793 5217 820 5272 ὁ
850 5217 977 5294 ἀήρ·
1011 5217 1140 5273 αὐτὸ
1185 5219 1287 5294 γὰρ
1338 5217 1498 5272 τοῦτό
1547 5216 1688 5271 ἐστιν
1723 5217 1751 5270 ὁ
1786 5215 2022 5292 αὐχμὸς,

361 5303 426 5359 τὸ
483 5303 664 5361 πλείω
718 5305 955 5382 γίνεσθαι
1044 5315 1144 5377 τῆς
1223 5308 1385 5384 ὑγρᾶς
1471 5306 1877 5378 ἀναθυμιάσεως
1927 5307 2026 5375 τήν

361 5391 545 5468 ξηράν·
606 5393 659 5450 ἐν
718 5392 776 5450 δὲ
832 5401 950 5458 ταῖς
1001 5391 1330 5474 έπομϐρίαις
1382 5395 1589 5451 πλείων
1633 5397 1668 5465 ἡ
1711 5394 1858 5456 ἐντὸς
1901 5394 2025 5449 ἀνα-

362 5481 613 5556 θυμίασις
695 5483 918 5560 γίνεται,
989 5484 1090 5539 Καὶ
1174 5485 1275 5562 γὰρ
1334 5487 1369 5554 ἡ
1429 5491 1501 5560 γῆ
1570 5481 1788 5551 πολλὴν
1873 5481 2022 5556 ἔνδον

362 5573 670 5646 κεκτημένη
733 5570 961 5651 πυρώδη
1025 5573 1207 5628 οὐσίαν
1290 5573 1600 5651 βρεχομένη
1658 5573 1793 5649 πρὸς
1859 5572 2022 5648 βάθος

364 5661 597 5735 ἀτμίζει’
657 5664 899 5740 καθάπερ
957 5661 1046 5717 ἐπὶ
1130 5670 1229 5733 τῆς
1313 5660 1575 5718 ἀσϐέστου
1653 5658 1794 5717 ἔστιν
1867 5660 2022 5720 ἰδεῖν.

363 5749 698 5824 ’Δτμίζουσα
743 5756 896 5828 γοῦν,
948 5749 1128 5807 πλείω
1174 5751 1265 5808 καὶ
1314 5753 1414 5821 τὴν
1463 5751 1610 5813 ἐντὸς
1671 5751 2023 5823 ἀναθυμίασιν

366 5836 532 5916 ἴσχει.
560 5841 678 5896 Ἔτι
738 5838 795 5895 δὲ
851 5838 941 5896 διὰ
995 5842 1058 5897 τὸ
1113 5842 1331 5912 πλῆθος
1388 5847 1495 5896 τῶν
1544 5836 1793 5916 ὄμϐρων,
1828 5839 2024 5904 ὕδατος

2135 4868 2330 4918 autem
2377 4879 2583 4917 rursus
2630 4863 2769 4933 quia
2826 4865 3061 4933 propter
3117 4862 3385 4916 ardorem
3445 4877 3661 4932 magna
3714 4875 3784 4915 ex

2135 4956 2298 5025 parte
2327 4957 2674 5006 exarescunt
2702 4959 2758 5004 et
2787 4955 3236 5006 consumuntur.

2217 5044 2272 5095 8.
2305 5041 2417 5095 Sed
2453 5040 2741 5111 squalidis
2775 5046 2831 5095 et
2885 5039 3167 5112 pluviosis
3217 5038 3584 5110 temporibus
3615 5044 3782 5096 terra;

2136 5135 2332 5184 motus
2365 5132 2618 5184 maxime
2649 5135 3022 5202 generantur.
3049 5128 3348 5200 Squalidis
3371 5128 3528 5184 enim
3560 5145 3659 5184 aer
3687 5128 3784 5184 ﬂa-

2137 5224 2347 5273 tuosus
2377 5224 2502 5284 est;
2540 5219 2756 5291 quippe
2817 5219 2923 5274 hoc
2978 5217 3173 5290 ipsum
3227 5217 3466 5288 squalor
3507 5203 3785 5284 est‘,‘cum

2137 5308 2292 5362 sicca
2323 5307 2614 5362 exhalatio
2637 5325 2810 5377 quam
2847 5307 3090 5362 humida
3121 5309 3186 5361 ﬁt
3214 5306 3523 5378 copiosior:
3559 5307 3784 5379 pluvio-

2138 5398 2221 5452 sis
2254 5401 2450 5451 autem
2486 5395 3788 5469 internaexhalatiocepiosiorefficitur.Terra

2139 5485 2374 5557 quippe,
2409 5490 2474 5540 ut
2505 5502 2633 5556 quae
2667 5501 2938 5556 magnam
2975 5485 3157 5557 igneae
3189 5484 3531 5540 substantia:
3553 5484 3784 5556 copiam

2139 5575 2364 5628 interne
2391 5574 2708 5645 possideat,
2742 5589 2875 5628 cum
2910 5574 3175 5628 funditus
3205 5574 3393 5628 imbre
3415 5573 3791 5645 perfunditur

2134 5677 2406 5733 vaporem
2441 5663 2678 5727 emittit,
2729 5663 3227 5733 quemadmodum
3279 5663 3336 5716 in
3391 5662 3548 5716 calce
3591 5663 3786 5718 videre

2137 5757 2245 5807 est.
2279 5751 2858 5822 Proindeevaporans
2874 5752 3256 5824 copiosiorem
3286 5752 3461 5806 etiam
3493 5750 3784 5806 internum

2136 5841 2564 5897 exhalationem
2597 5843 2875 5897 continet.
2927 5841 3209 5898 Praeterea
3257 5858 3391 5898 vero
3439 5841 3615 5896 ctiam
3647 5857 3781 5895 cum
