4114 6430
356 457 511 524 1175
1607 465 2033 529 NICEPHOBI
2064 456 2519 528 BLEMMIDIE
3620 466 3801 530 H76

356 599 597 668 propter
625 592 1063 653 multitudinem
1079 596 1410 670 pluviarum
1429 600 1818 656 concavitates
1838 605 2004 655 terrae

2134 594 2522 673 πληρουμένων
2581 602 2689 653 τῶν
2745 595 3089 669 κοιλοτήτων
3143 600 3242 669 τῆς
3295 601 3420 675 γῆς,
3464 597 3500 668 ἡ
3547 596 3794 671 τοιαύτη

359 701 514 757 aqua
542 685 883 758 implentur,
917 687 1272 743 exhalationi
1304 689 1593 759 ejusmodi
1626 707 1759 744 cum
1795 690 1851 744 in
1902 707 2004 744 an-

2134 686 2475 759 ὶναθυμίασις
2562 687 3047 763 στενοχωρουμένη
3128 688 3218 742 καὶ
3277 687 3354 750 εἲς
3411 686 3466 742 ’ὲν
3523 687 3798 745 συνελαυ-

359 774 589 846 gustias
619 775 904 849 redigitur
932 781 989 831 et
1019 776 1079 830 in
1114 794 1294 832 unum
1327 779 1577 849 cogitur,
1611 779 1684 833 ah
1744 796 1897 850 aqua
1923 779 2008 834 vis

2134 774 2316 848 νομένη
2354 776 2457 830 ὑπὸ
2487 780 2584 831 τοῦ
2617 774 2810 840 ὕδατος
2845 772 3169 846 ἐκϐιάζεται.
3207 778 3363 832 Ὅθεν
3414 775 3604 846 πολλή
3647 775 3798 833 οὖσα

360 864 623 921 aﬂ'ertur.
658 863 823 921 Unde
853 865 939 934 ﬁt,
973 870 1036 921 ut
1067 882 1201 921 cum
1242 867 1480 939 copiosa
1527 867 1832 934 exstiterit,
1865 872 1920 922 et
1947 867 2008 922 in

2134 862 2206 919 ιαί
2255 863 2331 926 είς
2381 863 2570 940 ὀλίγον
2617 864 2786 920 τόπον
2839 862 3164 921 συσταλεῖσα
3210 864 3301 921 καὶ
3334 865 3579 942 ἰσχυρῶς
3610 864 3797 936 πιλη-

360 952 637 1027 exiguum
668 952 865 1010 locum
898 960 1191 1010 coarctata
1239 959 1295 1010 et
1349 956 1722 1011 vehementer
1776 955 2008 1028 conglo-

2120 958 2269 1017 θεῖσα
2352 954 2441 1008 καὶ
2545 953 2689 1010 οὕτω
2774 960 3075 1026 κινηθεῖσα,
3158 960 3397 1031 συγκινεῖ
3484 955 3576 1010 καὶ
3679 956 3790 1025 τὴν

359 1041 518 1115 bata,
551 1046 726 1115 atque
758 1043 840 1099 ita
870 1048 1029 1100 mota
1063 1044 1257 1115 fuerit,
1282 1048 1348 1099 ut
1378 1044 1556 1101 simul
1588 1045 1764 1101 etiam
1793 1050 2009 1101 terram
2117 1048 2241 1117 γῆν.

361 1132 676 1189 concutiat.

430 1221 485 1275 9.
520 1222 1028 1287 Quemadmodum
1061 1222 1241 1295 igitur
1269 1224 1326 1279 in
1375 1223 1720 1279 animalium
1753 1225 2009 1296 corpori-

360 1310 474 1366 bus
500 1310 652 1368 205
691 1311 867 1367 ﬂatus
899 1312 996 1384 qui
1047 1312 1366 1368 introrsum
1416 1313 1739 1368 includitur
1790 1319 2009 1370 tremo-

362 1415 520 1468 rum,
551 1403 608 1455 et
635 1399 1091 1473 pulsuum,quin
1125 1402 1243 1457 imo
1266 1406 1322 1456 et
1350 1401 1801 1473 palpitationum
1832 1419 2013 1459 causa

363 1492 456 1544 est
489 1507 502 1546 :
536 1490 743 1545 eodem
776 1490 949 1546 modo
978 1489 1036 1545 in
1068 1494 1224 1547 terra
1256 1491 1376 1547 ﬁeri
1412 1490 1580 1547 solet.

434 1578 524 1635 lO.
558 1580 925 1651 Quapropter
952 1581 1128 1636 etiam
1160 1584 1327 1636 terras
1373 1585 1644 1636 motuum
1693 1580 1846 1637 alius
1896 1585 2010 1637 tre-

370 1667 569 1724 mulus
596 1671 706 1736 est,
733 1666 884 1724 alius
911 1667 1065 1740 pulsi
1088 1674 1145 1725 et
1167 1668 1537 1742 palpitationi
1561 1669 1773 1726 similis
1796 1670 2009 1726 existit.

439 1757 523 1812 11.
556 1760 640 1814 Ac
678 1756 939 1814 temulus
984 1759 1226 1830 quidem
1277 1758 1491 1831 saepius
1539 1760 1746 1825 oritur,
1778 1760 2013 1831 quando

361 1845 633 1902 videlicet
662 1851 900 1919 propter
942 1849 1117 1903 ﬂatus
1151 1846 1380 1920 copiam
1412 1847 1512 1919 qui
1546 1848 1605 1902 in
1638 1848 2010 1906 latitudinem

362 1938 573 2009 patens
605 1935 758 1991 infra
785 1939 1005 1992 terram
1036 1936 1286 2007 exsistit,
1323 1941 1479 1993 terra
1508 1937 1840 1993 concutitur
1867 1942 1924 1994 et
1953 1938 2011 1993 in

362 2023 670 2097 obliquum
691 2029 1205 2094 movetur;tremor
1221 2026 1376 2082 enim
1405 2027 1465 2082 in
1497 2026 1801 2099 obliquum
1823 2033 2018 2083 trans-

364 2112 477 2169 fert
506 2129 720 2186 corpus
751 2114 908 2186 quod
938 2131 970 2170 a
998 2115 1126 2187 ipso
1157 2114 1432 2170 afficitur.
1486 2116 1703 2172 Contra
1733 2133 2017 2189 perquam

360 2218 496 2259 raro
524 2202 714 2260 oritur
742 2202 804 2258 in
839 2203 1197 2276 quibusdam
1231 2204 1579 2270 locis,etiam
1611 2206 1660 2262 is
1690 2206 1790 2278 qui
1820 2206 2017 2278 pulsui

362 2295 468 2347 aut
495 2291 866 2365 palpitationi
897 2292 1111 2350 similis
1128 2299 1217 2349 est
1246 2300 1415 2349 terra:
1446 2295 1905 2366 motus,quando
1928 2295 2017 2350 ni-

362 2380 583 2437 mirum
615 2397 731 2437 non
761 2380 823 2437 in
854 2381 1184 2454 obliquum,
1212 2384 1312 2438 sed
1335 2382 1565 2440 inferne
1594 2401 1833 2440 sursum
1864 2390 2019 2439 terra

364 2474 653 2527 movetur.

440 2560 528 2615 12.
563 2558 775 2617 Rarius
803 2563 1000 2617 autem
1048 2560 1334 2633 contingit
1376 2562 1664 2633 ejusmodi
1699 2566 1861 2617 terra:
1893 2579 2019 2617 mo-

364 2650 485 2716 tus,
518 2653 850 2722 propterea,
880 2650 1037 2721 quod
1072 2667 1188 2705 non
1220 2650 1301 2705 ita
1334 2650 1498 2706 facile
1530 2653 1698 2719 ﬁt,ut
1727 2650 2018 2707 exhalatio

366 2740 490 2793 tam
521 2738 758 2810 copiosa
790 2738 849 2793 in
877 2738 996 2794 imo
1027 2739 1380 2795 cumulatur.
1414 2740 1614 2796 Multis
1646 2741 1801 2795 enim
1836 2740 2013 2812 parti-

364 2825 479 2882 bus
509 2841 578 2882 ea
605 2827 851 2883 secretio
881 2831 937 2883 et
964 2826 1254 2883 exhalatio
1287 2844 1413 2900 quae
1437 2846 1540 2901 per
1558 2833 1723 2885 terrae
1752 2828 2018 2885 latitudi-

364 2930 500 2971 nem
534 2915 599 2971 ﬂt
628 2916 818 2987 major
848 2932 976 2972 esse
1000 2916 1147 2973 solet
1176 2934 1354 2989 quam
1387 2934 1598 2990 eaquae
1631 2918 1702 2973 ab
1732 2918 1850 2973 imo
1873 2919 2017 2974 exsi-

365 3003 517 3062 stit:
574 3005 853 3077 quoniam
893 3004 1071 3062 etiam
1120 3006 1229 3074 sol,
1280 3006 1635 3063 exhalationi
1689 3008 2016 3064 secundum

369 3091 744 3151 latitudinem
793 3095 1050 3152 maxime
1097 3097 1439 3167 adjumento
1489 3113 1618 3153 esse
1661 3098 1911 3167 videtur,
1943 3098 2015 3154 ad

363 3186 590 3239 tantam
623 3183 903 3240 nimirum
938 3185 1281 3241 distantiam
1314 3192 1531 3243 terram
1564 3186 1932 3243 calefaciens.

438 3271 526 3327 13.
558 3271 959 3331 Nihilominus
988 3273 1088 3329 ubi
1118 3278 1284 3330 terra;
1316 3280 1513 3331 motus
1554 3275 1740 3332 oritur
1768 3276 1869 3348 qui
1891 3275 2017 3349 pul-

366 3375 501 3416 sum
533 3365 638 3418 aut
667 3361 821 3418 206
852 3361 1295 3435 palpitationem
1336 3363 1621 3432 imitatur,
1653 3364 2011 3421 sevissimus
2041 3350 2085 3417 C

368 3464 501 3507 esse
529 3448 698 3506 solet.
729 3450 969 3507 Terram
1000 3451 1156 3507 enim
1189 3452 1465 3525 effringit,
1517 3458 1574 3508 et
1618 3454 1794 3509 urbes
1826 3455 2013 3526 regio-

361 3553 585 3610 nesque
613 3540 842 3610 evertit,
876 3545 935 3596 et
963 3540 1260 3596 interdum
1284 3542 1520 3605 quidem
1566 3542 1621 3597 vi
1653 3543 1827 3599 ﬂatus
1856 3543 2016 3599 hunc

368 3630 537 3684 terrae
569 3632 798 3685 motum
843 3628 1201 3702 perficientis
1249 3630 1474 3702 lapides
1528 3632 1913 3688 effervescunt
1960 3637 2017 3688 et

369 3716 840 3786 ebulliunt,alias
871 3735 1007 3774 vero
1025 3736 1310 3791 aquarum
1342 3720 1509 3792 copia
1538 3722 1784 3776 scaturit
1812 3727 1868 3776 et
1883 3739 2013 3777 eru-

365 3809 505 3876 ctat,
536 3807 710 3863 modo
753 3808 1121 3882 frigidarum,
1172 3810 1345 3865 modo
1392 3809 1739 3866 calidarum.
1788 3812 2015 3884 Quippe

364 3894 542 3952 ﬂatus
571 3912 735 3968 aquae
766 3897 944 3953 etiam
976 3903 1042 3953 ut
1072 3903 1375 3955 moveatur
1403 3915 1582 3955 causa
1608 3901 2012 3965 est.Quemad-

371 3985 615 4041 modum
649 3986 808 4041 enim
840 3987 994 4043 venti
1029 3987 1102 4043 ob
1130 3987 1251 4043 vim
1286 3987 1435 4060 ipsis
1482 3986 1646 4043 illata
1703 3988 1922 4045 ﬂuctus
1952 3991 2013 4044 in

362 4074 673 4145 superﬁcie
703 4080 932 4132 movent
961 4076 1077 4131 :sic
1099 4076 1273 4132 etiam
1303 4092 1455 4148 saepe
1484 4076 1543 4132 in
1569 4080 1734 4132 terra;
1756 4078 2014 4133 motibus

361 4162 654 4219 ventusin
685 4168 841 4219 terra
866 4181 1000 4219 cum
1034 4164 1148 4237 ipsi
1196 4166 1282 4220 vis
1331 4166 1589 4233 affertur,
1632 4183 1849 4237 aquam
1879 4167 2015 4222 sub-

365 4254 699 4307 terraneam
725 4268 957 4308 movere
971 4254 1323 4325 potest.Qua3
1345 4271 1486 4309 sane
1503 4253 1821 4325 aliquando
1835 4255 2012 4310 etiam

362 4338 553 4395 calida
585 4339 647 4395 fit
675 4339 763 4396 vel
783 4344 1018 4413 prOpter
1038 4341 1335 4414 ingentem
1361 4343 1540 4415 hujus
1572 4348 1741 4398 terra:
1760 4344 2014 4399 calorem

366 4428 522 4484 unde
543 4428 720 4484 etiam
751 4429 1075 4485 calidarum
1105 4430 1545 4487 exhalationum
1569 4432 1736 4504 capia
1765 4433 2012 4488 exsistit:

364 4516 454 4572 vel
503 4521 742 4589 propter
782 4517 892 4574 loci
941 4520 1276 4591 angustiam
1325 4526 1381 4575 et
1427 4520 1765 4576 violentiam
1817 4522 2011 4577 ﬂatus.

366 4604 806 4679 Nonnunquam
838 4607 996 4663 enim
1028 4607 1201 4663 etiam
1236 4609 1674 4682 igniserupit,et
1705 4609 1922 4665 multas
1944 4611 2016 4665 ci-

364 4694 576 4750 vitates
605 4694 665 4750 in
698 4695 951 4751 cinerem
985 4696 1345 4770 redegit.Per
1364 4698 1699 4771 angustiam
1727 4698 1881 4753 enim
1904 4698 2013 4754 loci
2046 4725 2090 4789 υ

365 4784 508 4840 dum
543 4784 788 4858 spiritus
820 4786 1104 4842 violenter
1133 4791 1418 4855 movetur,
1452 4792 1510 4843 et
1557 4788 1923 4856 distrahitur,
1959 4794 2016 4845 et

360 4870 757 4942 interciditur,
788 4874 967 4946 inque
1019 4875 1259 4948 exiguas
1306 4881 1501 4947 partes
1537 4876 1837 4944 dividitur,
1887 4877 2012 4949 ipse

363 4961 540 5019 etiam
574 4962 913 5019 incenditur
942 4968 998 5018 et
1028 4963 1270 5019 ﬂamma
1299 4964 1570 5020 efﬁcitur.
1624 4962 1829 5037 Neque"
1853 4964 2010 5021 enim

361 5048 603 5109 ﬂamma
632 5051 774 5125 quid
806 5051 1070 5108 estaliud
1101 5069 1278 5125 quam
1311 5052 1485 5110 ﬂatus
1534 5069 1668 5109 cum
1710 5054 1831 5127 igni
1872 5071 2010 5110 con-

355 5140 624 5213 junctus,
655 5141 767 5198 hoc
799 5145 889 5198 est
916 5141 1093 5197 ﬂatus
1125 5143 1425 5198 incensus.

432 5229 519 5285 14.
553 5228 854 5285 Interdum
886 5229 1066 5303 igitur
1097 5230 1370 5287 deorsum
1400 5234 1459 5286 et
1484 5229 1641 5286 intra
1660 5235 1876 5286 terram
1907 5232 2010 5287 ﬂa—

361 5319 460 5374 tus
488 5321 657 5374 terrae
690 5323 917 5375 motum
949 5320 1097 5377 207
1136 5319 1444 5375 efﬁcientis
1475 5320 1540 5374 fit
1568 5312 1856 5377 concretio
1889 5338 1902 5374 :
1929 5320 2014 5374 in-

359 5406 597 5463 terdum
630 5423 872 5464 sursum
906 5426 972 5465 ac
1002 5426 1181 5480 supra
1209 5414 1423 5465 terram
1458 5414 1669 5466 ventus
1700 5409 1914 5482 aliquis
1944 5427 2013 5465 ex

362 5493 437 5551 iis
463 5493 682 5566 quibus
712 5512 923 5552 nomen
958 5497 1309 5553 attributum
1341 5504 1450 5567 est,
1503 5497 1711 5571 plenus
1742 5504 1797 5554 et
1828 5499 2011 5569 perfe-

360 5585 490 5638 ctus
523 5599 589 5638 ac
624 5582 835 5641 deinde
864 5589 1023 5642 totus
1054 5586 1207 5641 intra
1230 5591 1395 5641 terrae
1430 5588 1655 5643 viscera
1685 5592 2011 5658 correptus,

355 5668 790 5727 validissimum
824 5677 989 5728 terrea
1021 5677 1248 5728 motum
1307 5674 1559 5730 ell’ecit7.
1594 5673 1795 5741 Qualis
1834 5675 2012 5729 etiam

424 5798 443 5832 ⁷
474 5812 514 5852 ιι
549 5793 796 5852 Meteor.
829 5798 971 5871 c.§7.

2190 1221 2253 1276 θ’.
2285 1223 2489 1297 Ὥσπερ
2539 1219 2632 1277 οὖν
2680 1222 2732 1277 έν
2776 1227 2895 1285 τοῖς
2941 1226 3051 1278 τῶν
3088 1223 3242 1292 ζώων
3292 1223 3541 1297 σώμασιν
3592 1222 3791 1279 ἐναπο-

2120 1305 2535 1384 λαμϐανόμενον
2591 1312 2655 1366 τὸ
2719 1316 2934 1385 πνεῦμα
3014 1311 3235 1388 τρόμων
3314 1312 3405 1367 καὶ
3493 1317 3781 1390 σφυγμῶν,

2124 1395 2336 1471 μᾶλλον
2367 1396 2424 1455 δὲ
2452 1398 2690 1473 παλμῶν
2741 1397 2911 1455 ad":me
2975 1400 3203 1475 γίνεται’
3238 1399 3636 1478 παραπλησίως
3672 1403 3769 1456 κάν

2117 1490 2186 1561 τῇ
2218 1492 2315 1563 γῆ·
2396 1524 2403 1531 ι

2198 1578 2245 1632 ι’.
2288 1578 2383 1633 Διὸ
2433 1578 2526 1633 καὶ
2579 1582 2687 1634 τῶν
2748 1580 2985 1652 σεὶσμῶν
3045 1581 3075 1636 6
3137 1580 3234 1654 μὶν
3290 1576 3403 1636 ἔστι
3463 1576 3781 1657 τρομώδης,

2122 1666 2150 1720 6
2178 1663 2236 1721 δὲ
2263 1672 2501 1746 σφυγμῷ
2532 1667 2567 1738 ἢ
2599 1664 2808 1741 παλμῷ
2838 1667 3052 1731 ἐοικώς.

2196 1762 2279 1812 ια’.
2341 1756 2441 1811 Καὶ
2501 1757 2530 1810 6
2594 1756 2689 1830 μὲν
2749 1755 3046 1831 τρομώδης
3101 1757 3307 1835 γίνεται
3374 1758 3784 1835 συνεχέστερον,

2124 1844 2324 1900 ὁπόταν
2357 1842 2616 1914 δηλονότι
2659 1843 2748 1901 διὰ
2794 1843 3010 1916 πλῆθος
3057 1852 3156 1903 τοῦ
3198 1849 3335 1903 κατὰ
3375 1846 3587 1910 πλάτος
3630 1869 3786 1924 γινο·

2128 1934 2291 2008 μένου
2351 1933 2661 2009 πνεύματος
2713 1936 2816 1991 ὑπὸ
2873 1943 2977 2011 γῆν
3033 1943 3250 2006 κινῆται
3304 1939 3340 2007 ἡ
3393 1943 3463 2014 γῆ
3524 1936 3787 2011 σειομένη

2131 2024 2269 2079 κατὰ
2312 2024 2382 2078 τὰ
2431 2023 2661 2099 πλάγια·
2723 2025 2813 2080 καὶ
2869 2025 2898 2080 6
2955 2025 3161 2102 τρόμος
3222 2027 3326 2102 γὰρ
3374 2024 3452 2089 είς
3481 2027 3551 2081 τὰ
3578 2023 3795 2103 πλάγια

2132 2112 2417 2190 μεταφέρει
2455 2113 2518 2168 τὸ
2542 2114 2755 2189 πάσχον
2790 2117 2970 2187 σῶμα.
3002 2114 3210 2170 Γίνεται
3241 2112 3300 2170 δὲ
3345 2115 3484 2171 κατὰ
3535 2115 3599 2170 τὸ
3654 2116 3797 2171 σπά-

2126 2222 2241 2256 νιον
2303 2199 2355 2257 ἔν
2416 2223 2525 2257 τισι
2581 2202 2772 2266 τόποις
2800 2202 2891 2259 καὶ
2923 2204 2952 2259 6
2977 2201 3378 2283 σφυγματώδης
3402 2204 3439 2274 ἢ
3471 2201 3794 2277 παλμώδης

2129 2290 2368 2364 σεισμός·
2404 2291 2530 2347 ὅταν
2584 2289 2847 2363 δηλονότι
2907 2294 2984 2366 μὴ
3044 2294 3181 2371 πρὸς
3207 2293 3276 2349 τὰ
3327 2292 3540 2370 πλάγια
3567 2300 3796 2363 κινῆται

2128 2381 2164 2448 ἡ
2198 2386 2294 2455 γῆ,
2325 2377 2473 2435 ἀλλὰ
2501 2379 2739 2445 κάτωθεν
2773 2380 2903 2438 ἄνω.

2204 2558 2295 2633 ιβ’.
2358 2553 2657 2631 Συμϐαίνει
2737 2559 2785 2614 δ’
2861 2560 2938 2622 ὡς
3013 2559 3095 2614 ἐπ’
3175 2557 3397 2616 ἔλαττον
3450 2560 3480 2615 6
3535 2563 3798 2624 τοιοῦτος

2129 2646 2374 2719 σεισμὸς,
2435 2647 2519 2702 ὅτι
2576 2645 2718 2720 μηδὲ
2775 2645 2960 2724 ῥᾴδιον
3034 2648 3113 2711 εἷς
3186 2649 3350 2724 βάθος
3424 2648 3788 2723 ἀθροισθῆναι

2128 2734 2480 2808 ἀναθυμίασιν
2541 2736 2686 2792 οὕτω
2732 2735 2974 2808 πολλήν.
3009 2735 3408 2795 Πολλαπλασία
3450 2737 3553 2816 γὰρ
3584 2741 3799 2809 ἡκατὰ

2127 2821 2335 2886 πλάτος
2383 2827 2644 2901 γινομένη
2699 2832 2799 2896 τῆς
2846 2833 2951 2903 γῆς
2997 2824 3263 2903 διάκρισίς
3323 2847 3383 2883 τε
3432 2826 3524 2883 καὶ
3590 2827 3793 2883 ἀναθυ-

2132 2912 2315 2986 μίασις
2378 2920 2480 2984 τῆς
2568 2915 2674 2970 ἀπὸ
2760 2915 2958 2991 βάθους
3038 2914 3279 2991 γίνεσθαι
3359 2914 3614 2995 πέφυκεν
3666 2916 3797 2973 ἐπεὶ

2125 3001 2215 3057 καὶ
2276 3004 2304 3058 6
2363 3002 2527 3073 ἥλιος
2590 3007 2659 3078 τῇ
2716 3004 2853 3060 κατὰ
2930 3002 3139 3068 πλάτος
3226 3005 3579 3080 ἀναθυμιάσει
3660 3008 3799 3085 φαίς-

2125 3112 2270 3147 νεται
2328 3091 2535 3166 μάλισα
2581 3097 2872 3171 συνεργῶν,
2917 3092 3219 3171 θερμαίνων
3278 3094 3444 3171 μέχρι
3473 3094 3635 3152 τόσου
3680 3098 3797 3167 τήν

2125 3188 2253 3257 γῆν.

2200 3272 2285 3347 ιγ’.
2316 3273 2488 3326 Ὅπου
2522 3270 2704 3345 μέντοι
2743 3272 2966 3349 γένηται
3014 3273 3044 3328 6
3093 3271 3497 3353 σφυγματώδης
3538 3275 3575 3345 ἢ
3636 3274 3796 3332 παλ-

2127 3357 2317 3434 μώδης
2393 3361 2635 3434 σεισμὸς,
2690 3360 3084 3437 χαλεπώτατός
3152 3362 3311 3419 ἐστιν.
3384 3363 3795 3441 Ἀναρῥήγνυσι

2123 3449 2228 3524 γὰρ
2283 3450 2382 3518 τὴν
2442 3456 2569 3524 γῆν,
2604 3449 2693 3504 καὶ
2748 3449 2938 3513 πόλεις
2998 3451 3282 3529 ἀνατρέπει
3327 3452 3418 3508 καὶ
3446 3454 3660 3530 χώρας·
3692 3456 3798 3510 καὶ

2123 3538 2256 3593 ποτὲ
2290 3538 2384 3611 μὲν
2416 3532 2835 3613 ἀναϐράττονται
2868 3538 3015 3604 λίθοι
3044 3544 3114 3614 τῇ
3167 3539 3260 3617 βίᾳ
3311 3546 3411 3596 τοῦ
3467 3540 3794 3615 πνεύματος

2123 3631 2219 3682 τοῦ⁹
2248 3628 2339 3682 τὸν
2369 3632 2618 3683 τοιοῦτον
2669 3625 3016 3691 έκτελοῦντος
3064 3630 3307 3703 σεισμὸν,
3341 3629 3547 3687 ἄλλοτε
3576 3628 3622 3687 δ’
3655 3630 3797 3687 ὑδά-

2122 3736 2217 3778 τος
2263 3715 2481 3786 πληθὺς
2525 3716 2767 3794 ἀναῤῥεῖ,
2818 3718 2952 3773 ποτὶ
2999 3718 3093 3791 μὲν
3145 3722 3398 3795 ψυχρῶν,
3448 3720 3540 3775 ὁτὲ
3591 3717 3650 3774 δὲ
3695 3721 3798 3776 καὶ

2124 3811 2359 3881 θερμῶν.
2395 3806 2603 3862 Γίνεται
2663 3806 2767 3883 γὰρ
2822 3808 2885 3861 τὸ
2941 3812 3157 3880 πνεῦμα
3210 3808 3302 3863 καὶ
3358 3812 3439 3880 τῷ
3469 3805 3624 3864 ὕδατι
3680 3816 3791 3878 τῆς

2122 3897 2389 3966 κινήσεως
2420 3893 2612 3952 αἷίτιον.
2644 3901 2728 3957 Ὠς
2779 3896 2879 3972 γὰρ
2938 3897 3130 3969 ἄνεμοι
3202 3896 3519 3973 βιαζόμενοι
3575 3903 3800 3955 κινοῦσι

2120 3984 2189 4038 τὰ
2243 3983 2459 4057 κύματα
2517 3983 2872 4057 ἐξεπιπολῆς,
2935 3984 3080 4040 οὕτω
3143 3983 3421 4048 πολλάκις
3496 3986 3594 4041 κάν
3671 3993 3801 4051 τοῖς

2125 4078 2369 4142 σεισμοῖς
2433 4073 2756 4149 βιαζόμενον
2805 4073 2869 4129 τὸ
2899 4073 3134 4129 κάτωθεν
3195 4078 3406 4148 πνεῦμα
3460 4072 3680 4131 δύναται
3730 4078 3801 4133 τὸ

2126 4162 2228 4217 ὑπὸ
2285 4168 2388 4238 γῆν
2443 4160 2590 4238 ὕδωρ
2646 4167 2831 4218 κινεῖν.
2886 4165 2949 4217 Ὃ
3008 4160 3074 4234 δή
3106 4185 3240 4219 ποτε
3267 4165 3357 4219 καὶ
3387 4165 3588 4241 θερμὸν
3647 4166 3802 4241 γίνε-

2121 4271 2229 4323 ται,
2263 4251 2298 4321 ἢ
2333 4248 2423 4305 διὰ
2450 4252 2549 4321 τὴν
2590 4249 2813 4321 πολλὴν
2872 4251 3191 4329 θερμότητα
3246 4251 3451 4325 ταύτης
3506 4260 3610 4324 τῆς
3660 4258 3794 4331 γῆς,

2125 4337 2243 4403 ὅθεν
2302 4339 2391 4393 καὶ
2439 4340 2502 4394 τὸ
2558 4338 2773 4409 πλῆθος
2823 4344 2933 4395 τῶν
2997 4342 3212 4417 θερμῶν
3266 4342 3699 4416 ἀναθυμιάσεων
3753 4346 3792 4415 ἢ

2122 4427 2213 4483 καὶ
2273 4425 2363 4482 διὰ
2416 4429 2515 4497 τήν
2577 4429 2939 4504 στενοχωρίαν
2995 4429 3087 4484 καὶ
3148 4429 3265 4505 βίαν
3315 4434 3413 4486 τοῦ
3450 4430 3791 4504 πνεύματος,

2124 4516 2330 4572 Ἐνίοτε
2368 4518 2469 4592 γὰρ
2526 4518 2617 4571 καὶ
2673 4522 2780 4593 πῦρ
2823 4517 3112 4595 ἀνερράγη,
3171 4519 3261 4573 καὶ
3319 4517 3511 4581 πόλεις
3567 4517 3793 4584 πολλὰς

2123 4605 2515 4683 κατετέφρωσε.
2549 4608 2647 4661 Διὰ
2703 4608 2804 4683 γὰρ
2861 4609 2961 4677 τὴν
3017 4607 3386 4684 στενοχωρίαν
3448 4609 3513 4664 τὸ
3571 4613 3792 4684 πνεῦμα

2129 4694 2323 4772 βιαίως
2366 4695 2684 4769 κινούμενον
2721 4692 3099 4769 διασπώμενόν
3156 4718 3215 4752 τε
3268 4697 3360 4753 καὶ
3417 4695 3788 4774 διακοπτόμε-

2121 4807 2213 4840 νον
2274 4784 2363 4840 καὶ
2423 4784 2499 4847 εἷς
2563 4784 2731 4859 μικρά
2802 4782 3342 4862 καταδιαιρούμενον,
3405 4785 3784 4865 ἐκπιμπρᾶται

2121 4872 2210 4928 καὶ
2269 4873 2472 4951 γίνεται
2530 4872 2686 4952 φλόξ.
2747 4870 2912 4929 Οὐδὲν
2962 4874 3066 4950 γὰρ
3130 4873 3273 4931 ἄλλο
3349 4875 3492 4933 ἐστὶν
3547 4880 3584 4947 ἡ
3644 4874 3786 4956 φλὸξ

2120 4963 2155 5031 ἢ
2213 4967 2429 5037 πνεῦμα
2511 4963 2646 5036 μετᾶ
2719 4964 2912 5039 πυρὸς,
2999 4964 3245 5020 τουτέστι
3323 4971 3542 5041 πνεῦμα
3616 4965 3787 5023 ἐκπυ-

2122 5052 2312 5130 ρωθέν.

2198 5227 2279 5287 ιδ’.
2313 5230 2430 5285 Ὃτὶ
2491 5230 2587 5303 μὲν
2648 5228 2740 5287 οὗν
2794 5231 2948 5287 κάτω
3004 5229 3095 5287 καί
3150 5239 3252 5303 τῆς
3308 5240 3415 5310 γῆς
3442 5233 3655 5305 έντὸςὴ
3684 5239 3786 5292 τοῦ

2121 5318 2427 5392 πνεύματος
2457 5324 2552 5375 τοῦ
2580 5324 2874 5383 ποιοῦντος
2918 5321 3010 5376 τὸν
3047 5322 3268 5396 σεισμὸν
3324 5322 3534 5400 γίνεται
3589 5324 3786 5380 σύστα-

2122 5426 2223 5469 σις·
2287 5408 2377 5463 ὅτε
2434 5406 2481 5464 δ’
2539 5408 2650 5464 ἄνω
2707 5410 2798 5465 καὶ
2854 5410 2987 5488 ὑπὲρ
3051 5413 3153 5486 γῆν
3225 5412 3427 5486 ἄνεμος
3474 5414 3585 5470 τῶν
3640 5412 3784 5470 ὠνο-

2127 5496 2414 5569 μασμένων
2473 5498 2840 5575 άπαρτισθεὶς,
2896 5498 3009 5554 εἶτα
3070 5498 3367 5576 συρῥεύσας
3438 5499 3571 5566 δ’λος
3628 5498 3781 5559 ἔνδον

2121 5588 2220 5654 τῆς
2250 5592 2375 5661 γῆς,
2408 5584 2695 5660 εἰργάσατο
2755 5587 2974 5659 σεισμὸν
3038 5587 3419 5663 ἰσχυρότατον.
3451 5591 3578 5654 Οῖος
3636 5590 3782 5648 ἴστο-

2126 5680 2294 5748 ρεῖται
2353 5674 2443 5728 καὶ
2501 5674 2625 5748 περὶ
2680 5676 2779 5744 τήν
2836 5675 3068 5751 Ἀχαίαν
3141 5676 3451 5752 γενόμενος’
3510 5679 3628 5743 ὅθεν
3687 5680 3775 5735 καὶ
