4114 6428
368 466 525 529 H77

1713 465 2064 530 EPITOME
2105 467 2464 530 PHYSICA.

3626 454 3784 517 H78

363 599 420 654 αἳ
451 593 884 672 παραθαλάσσιαι
915 591 1104 658 πόλεις
1143 593 1354 672 Βοόῤῥα
1407 617 1466 651 τε
1512 593 1601 651 καῖ
1658 593 1847 668 Ἐλίκη
1893 619 2013 653 κατ-

2135 601 2288 656 circa
2317 600 2595 656 Achaiam
2629 600 2819 655 factus
2849 613 2979 654 esse
3005 595 3064 653 in
3079 591 3341 652 historiis
3362 607 3783 649 commemora-

365 687 662 766 εῤῥίφησαν
697 688 838 760 ὁμοῦ
866 707 923 741 τε
951 685 1041 740 καὶ
1093 686 1195 741 ὑπὸ
1243 693 1342 756 τῆς
1394 683 1590 765 ἐφόδου
1631 691 1728 742 τοῦ
1775 687 2017 760 κόματος

367 776 793 846 ἐπεκλύσθησαν.
840 776 984 846 Ἕξω
1037 776 1130 847 μὲν
1182 776 1285 851 γὰρ
1336 771 1481 831 ἔπνει
1528 776 1684 839 νότος
1724 778 1751 832 ὁ
1781 778 1879 846 τήν
1926 778 2017 832 θά-

369 866 571 924 λασσαν
640 865 893 921 ἀπωθῶν·
950 860 1074 928 ἔνθα
1142 862 1200 919 36
1260 864 1478 942 γὲγονεν
1527 867 1555 920 ὁ
1606 867 1847 940 σεισμὸς,
1896 869 2018 922 ἀντ-

369 957 591 1012 έπνευσε
643 954 864 1031 βορῥᾶς,
897 955 957 1016 ὃς
1009 953 1060 1024 ἐξ
1111 953 1346 1016 ἐναντίας
1391 959 1471 1026 τῷ
1516 955 1660 1029 νότῳ
1699 955 2017 1034 φερόμενος,

367 1046 581 1100 ἀπῶσαι
619 1047 712 1118 μὲν
765 1043 841 1100 εἷς
891 1043 1136 1098 τούπίσω
1183 1046 1280 1112 τήν
1333 1043 1598 1108 θάλασσαν
1651 1045 1712 1100 o6
1760 1043 2018 1117 δεδύνητο

368 1131 458 1188 διὰ
505 1133 596 1187 τὸν
658 1135 1016 1209 προωθοῦντα
1068 1131 1267 1204 ταύτην
1334 1131 1548 1206 ἅνιμον·
1597 1132 1897 1208 ἐμποδίσας
1963 1133 2020 1191 36

363 1221 452 1276 καὶ
521 1223 721 1292 στήσας
782 1221 983 1291 ταύτης
1051 1223 1147 1290 τὴν
1216 1221 1474 1297 πρόοδον,
1544 1221 1795 1294 ἐποίησεν
1877 1226 2018 1298 ὁμοῦ

363 1310 585 1380 πολλὴν
636 1311 986 1384 ἀθροισθῆναι
1033 1312 1132 1380 τὴν
1185 1311 1475 1376 θάλασσαν.
1508 1307 1639 1367 Τότε
1688 1311 1735 1368 δ’
1763 1314 2016 1384 ἡττηθεὶς

365 1399 466 1455 61:6
515 1404 612 1454 τοῦ
655 1398 907 1471 πλήθους
951 1407 1052 1470 τῆς
1102 1400 1395 1475 θαλάσσης,
1430 1402 1626 1478 ἁθρόας
1667 1403 2017 1479 ἐπιχυθείσης

361 1487 530 1558 αὐτῆς
599 1486 689 1545 διὰ
737 1494 836 1545 τοῦ
901 1489 1127 1545 κατόπιν
1195 1491 1465 1555 ὠθοῦντος
1527 1493 1858 1564 πνεύματος,
1905 1493 2017 1566 ἅμα

365 1579 460 1652 μὶν
510 1583 607 1634 τοῦ
649 1579 1038 1652 κατακλυσμοῦ
1085 1581 1198 1653 ἅμα
1243 1577 1300 1636 36
1339 1586 1438 1635 τοῦ
1505 1586 1729 1654 σεισμοῦ
1797 1583 2012 1658 γέγονεν

363 1663 559 1730 ai’uoc-
613 1672 711 1723 τοῦ
764 1668 858 1741 μὲν
910 1666 998 1723 διὰ
1043 1669 1106 1723 τὸ
1167 1676 1359 1738 στῆσαι
1427 1671 1526 1738 τήν
1594 1668 1862 1726 θάλασσαν
1923 1670 2012 1726 καὶ

359 1763 587 1827 ποιῆσαι
638 1757 806 1826 αὐτὴν
868 1757 1221 1834 ἀθροισθῆναι
1290 1757 1510 1828 πολλὴν
1561 1759 1634 1822 είς
1683 1760 1865 1815 ταυτό*
1917 1765 2014 1815 τοῦ

362 1850 593 1919 σεισμοῦ
635 1843 713 1916 36,
746 1844 836 1901 διὰ
879 1847 943 1902 τὸ
986 1846 1284 1918 ἡττηθέντα
1333 1853 1525 1903 τοῦτον
1574 1849 1676 1904 61:6
1723 1854 1819 1904 τοῦ
1865 1849 2012 1920 πλή-

362 1937 490 1998 θους
548 1941 651 2005 τῆς
705 1934 1002 2006 θαλάσσης,
1055 1935 1244 2012 ῥυέντα
1300 1939 1437 1993 κατά
1490 1940 1588 2007 τῆς
1634 1945 1740 2013 γῆς
1797 1946 2012 2008 κινῆσαι

360 2023 552 2095 αὐτήν.

437 2114 516 2168 ιε’,
548 2114 668 2168 Ἔτι
727 2117 832 2168 τῶν
881 2119 1118 2188 σεισμῶν
1167 2115 1294 2178 τοὺς
1341 2117 1436 2190 μὲν
1485 2137 1641 2194 φασιν
1702 2114 2012 2179 ἐπικλίντας

361 2199 557 2266 οἵτινες
612 2202 665 2265 ἐς
713 2201 919 2279 πλάγια
967 2203 1169 2259 σείουσι
1217 2207 1333 2260 κατ’
1383 2205 1554 2278 ὀξείας
1611 2206 1834 2281 γωνίας,
1882 2205 2008 2268 τοὺς

362 2288 420 2347 36
475 2293 728 2368 βράστας,
781 2292 834 2347 οἳ
880 2294 998 2348 κατ’
1046 2293 1209 2370 ὀρθάς
1268 2295 1470 2369 γωνίας
1536 2296 1648 2350 ἄνω
1711 2297 1801 2350 καὶ
1865 2295 2013 2351 κάτω

363 2380 635 2458 ῥιπτοῦσι·
710 2380 839 2444 τοὺς
927 2379 985 2436 36
1033 2383 1392 2459 ’χασματίας,
1459 2383 1511 2439 ο⁸ί
1577 2406 1640 2460 γε
1706 2387 2013 2456 συνιζήσεις

361 2475 613 2526 ποιοῦσιν
667 2471 745 2533 εἰς
792 2473 859 2526 τὰ
903 2470 1088 2528 κοῖλα·
1117 2474 1246 2535 τοὺς
1297 2471 1355 2528 36
1404 2473 1627 2551 ῥήκτας,
1669 2473 1824 2550 ο⁹ίπερ
1867 2473 2012 2530 ἀνοί-

359 2581 513 2637 γουσι
583 2560 842 2637 χάσματα
905 2560 995 2616 καὶ
1062 2569 1164 2638 γῆν
1228 2562 1677 2640 ἀναῤῥηγνύουσι·
1749 2563 1879 2626 τοὺς
1957 2561 2015 2620 36

363 2648 558 2712 ὥστας·
611 2649 762 2704 οῦτοι
831 2647 889 2705 36
951 2652 1087 2706 κατά
1155 2651 1280 2724 μίαν
1331 2651 1574 2729 πρόωσιν
1633 2652 2010 2730 ἀνατρέπουσι·

362 2737 488 2801 τοὺς
541 2735 599 2794 36
643 2738 983 2812 παλματίας,
1032 2740 1108 2802 ὡς
1171 2741 1688 2804 ἀνταποπάλλοντας
1749 2743 1839 2798 καὶ
1894 2748 2014 2804 ταῖς

368 2827 446 2891 εἷς
541 2827 789 2903 ἑκάτερον
885 2827 1153 2904 ἐγκλίσεσι
1245 2831 1335 2886 καὶ
1426 2831 1754 2888 ἀναπάλσεσι
1865 2829 2014 2908 διορ-

368 2921 592 2982 θοῦντας
660 2915 741 2973 ἀεὶ
809 2917 871 2972 τὸ
935 2917 1236 2992 σειόμενον.
1311 2920 1556 2976 Γίνονται
1616 2919 1674 2976 36
1744 2922 1834 2975 καὶ
1915 2942 2014 2992 μυ-

367 3005 551 3076 κητίαι
587 3006 801 3081 σεισμοὶ
832 3006 1066 3070 σείοντες
1094 3010 1194 3076 τὴν
1226 3016 1326 3085 γῆν
1364 3009 1498 3082 μετὰ
1532 3010 1763 3087 βρόμου.

2132 696 2263 746 tur:
2295 691 2636 746 undeetiam
2669 689 2978 745 maritimas
3009 686 3271 742 civitates
3295 687 3476 740 Burra
3500 681 3780 740 et'Helice

2131 780 2308 835 simul
2341 787 2397 836 et
2427 785 2726 852 prostratae
2759 782 2816 833 et
2846 778 2916 833 ab
2947 775 3271 847 irruptione
3303 773 3584 828 ﬂuctuum
3631 772 3776 828 sub-

2133 888 2334 926 mersas
2367 871 2777 926 sunt.Externe
2808 867 2963 922 enim
2984 871 3181 922 auster
3201 864 3463 935 spirabat
3494 862 3593 934 qui
3614 875 3774 916 mare

2132 958 2529 1032 propellebat:
2568 959 2665 1016 ubi
2692 963 2887 1014 autem
2917 961 3086 1014 terra:
3136 957 3330 1008 motus
3384 952 3513 1023 fuit,
3571 967 3643 1007 ex
3671 950 3774 1005 ad-

2129 1065 2292 1109 verso
2321 1049 2526 1105 boreas
2557 1049 2818 1121 spiravit,
2851 1046 3029 1119 quiex
3060 1043 3355 1100 contraria
3380 1045 3543 1114 parte
3574 1045 3775 1096 austro

2131 1155 2308 1193 ruens
2339 1155 2498 1193 mare
2531 1143 2851 1193 retrorsum
2876 1133 3166 1207 depellere
3182 1149 3297 1187 non
3328 1131 3518 1204 potuit
3540 1133 3779 1202 propter

2129 1233 2396 1282 austrum
2431 1245 2465 1282 a
2496 1244 2610 1298 quo
2633 1225 3043 1296 impellebatur
3074 1240 3088 1278 :
3122 1223 3219 1278 sed
3244 1220 3435 1293 ipsius
3460 1233 3774 1291 progressu

2127 1317 2409 1387 impedito
2441 1322 2495 1372 et
2525 1333 2789 1388 represso
2816 1314 3008 1369 effecit
3037 1317 3104 1368 ut
3133 1313 3341 1384 ingens
3371 1309 3456 1364 vis
3488 1307 3668 1364 maris
3713 1306 3773 1361 in

2130 1425 2312 1462 unum
2346 1408 2826 1479 cogeretur.Tum
2859 1401 3216 1474 veroacOpia
3231 1399 3410 1456 maris
3433 1403 3771 1471 superatus,

2092 1509 2100 1517 '
2127 1494 2254 1566 ipso
2286 1502 2520 1568 propter
2550 1496 2754 1551 ﬂatum
2787 1511 2820 1549 a
2847 1498 3009 1565 tergo
3038 1490 3434 1563 impellentem
3465 1485 3772 1543 confertim

2126 1583 2342 1652 infuso,
2375 1583 2553 1639 simul
2585 1589 2641 1639 et
2664 1581 3068 1638 inundationis
3098 1585 3154 1636 et
3184 1584 3351 1634 terra:
3373 1581 3570 1633 motus
3595 1590 3776 1631 causa

2127 1674 2268 1740 fuit;
2299 1673 2458 1729 illius
2489 1674 2725 1745 quidem
2758 1675 3062 1745 propterea
3083 1669 3237 1742 quod
3265 1683 3426 1723 mare
3459 1663 3773 1739 repressis-

2125 1769 2236 1830 set,
2267 1763 2669 1835 eﬂ'ecissetque
2701 1767 2765 1817 ut
2795 1776 3008 1834 magna
3037 1758 3225 1830 ipsius
3272 1756 3439 1830 copia
3468 1756 3529 1812 in
3587 1770 3774 1811 unum

2125 1851 2553 1908 cumularetur:
2587 1855 2751 1906 terrae
2782 1853 2978 1904 motus
3010 1845 3377 1918 autem,quia
3405 1845 3457 1900 vi
3490 1843 3673 1900 maris
3693 1841 3774 1897 vi-

2123 1945 2254 1998 ctus
2283 1945 2340 1997 et
2372 1941 2650 1997 adversus
2683 1946 2894 1995 terram
2926 1938 3114 1992 ﬂuens
3145 1952 3274 1992 eam
3304 1933 3770 1990 commovisset“.

2199 2122 2285 2176 15.
2319 2121 2606 2176 Caeterum
2637 2123 2802 2174 terrae
2841 2121 3110 2173 motuum
3144 2113 3452 2186 epiclintas
3508 2111 3677 2184 quasi
3710 2112 3768 2168 in

2121 2214 2520 2266 transversum
2582 2225 2644 2264 se
2700 2211 2939 2279 agenter
2993 2204 3146 2262 208
3177 2206 3384 2259 vocant
3413 2218 3532 2268 eos,
3565 2201 3666 2274 qui
3697 2201 3772 2256 ad

2123 2297 2373 2371 angulos
2403 2302 2608 2352 acutos
2637 2297 2694 2350 in
2712 2293 3019 2366 obliquum
3045 2292 3318 2364 quatiunt
3345 2290 3519 2358 ;alios
3540 2289 3772 2345 brastas

2123 2404 2158 2442 a
2188 2386 2575 2443 similitudine
2628 2401 2792 2456 aqua;
2821 2381 3270 2447 effervescentis,
3295 2379 3397 2451 qui
3429 2379 3500 2434 ad
3523 2376 3772 2450 angulos

2124 2481 2312 2532 rectos
2343 2491 2580 2531 sursum
2613 2477 2668 2529 et
2700 2475 2972 2528 deorsum
3021 2469 3290 2536 vibrant;
3325 2468 3470 2524 alios
3499 2466 3770 2523 chasma-

2123 2565 2257 2635 tias,
2292 2565 2461 2637 quasi
2494 2563 2653 2618 dicas
2682 2561 3015 2617 hiabundos
3045 2558 3324 2625 abhiatu;
3358 2556 3502 2612 alios
3517 2557 3769 2623 rhectas,

2125 2654 2292 2726 quasi
2325 2653 2678 2722 effractores,
2710 2651 2811 2723 qui
2861 2650 3058 2706 hiatus
3113 2647 3404 2719 aperiunt,
3438 2651 3494 2701 et
3549 2651 3768 2700 terram

2125 2744 2478 2816 eﬂ'ringunt;
2513 2741 2658 2798 alios
2690 2747 2869 2810 ostas,
2902 2738 3071 2811 quasi
3103 2738 3264 2793 dicas
3324 2742 3608 2801 trusores,
3665 2736 3767 2807 qui

2125 2848 2243 2887 uno
2274 2831 2488 2887 obnixu
2541 2832 2886 2886 subvertunt
2946 2828 3104 2900 quod
3161 2826 3568 2897 impulerunt;
3623 2824 3771 2881 alios

2127 2919 2458 2992 palmatias,
2491 2919 2657 2988 quasi
2689 2919 2850 2974 dicas
2879 2914 3332 2986 vibratores,qui
3363 2913 3767 2986 quassabundi

2124 3015 2182 3066 et
2204 3016 2454 3081 utroque
2483 3008 2845 3064 declinantes
2875 3006 3289 3077 vibrantesque
3317 3004 3472 3075 quod
3506 3001 3765 3059 concuti-

361 3099 460 3152 tur
478 3098 519 3164 θ,
552 3114 786 3170 semper
815 3098 1068 3172 erigunt.
1104 3100 1280 3156 Fiunt
1326 3101 1504 3157 etiam
1557 3101 1815 3174 mycetiae
1848 3101 2018 3174 quasi
2049 3101 2382 3172 mugientes
2431 3103 2597 3154 terraa
2646 3101 2868 3165 motus,
2897 3095 2997 3168 qui
3037 3099 3253 3150 terram
3285 3091 3513 3165 mugitu
3563 3096 3621 3148 et
3659 3092 3770 3147 fre-

361 3185 511 3242 mitu
544 3187 836 3259 quatiunt.

435 3279 518 3337 ις’.
552 3272 832 3338 Πολλάκις
879 3273 938 3332 36
981 3275 1157 3354 χωρὶς
1223 3282 1450 3351 σεισμοῦ
1506 3277 1752 3341 τοιοῦτός
1796 3299 1880 3340 τις
1930 3277 2011 3352 γί-
2041 3282 2084 3349 C

357 3382 505 3418 νεται
548 3363 742 3442 ψόφος,
797 3363 886 3420 ὅτε
935 3363 1194 3436 δηλονότι
1242 3368 1305 3422 τὸ
1353 3371 1566 3441 πνεῦμα
1611 3366 1869 3444 τυγχάνει
1916 3367 2010 3422 λε-

358 3453 812 3530 πτομερέστερον
847 3455 923 3516 ὡς
971 3453 1022 3509 ἐν
1068 3459 1147 3528 τῷ
1193 3454 1455 3526 πλήττειν
1500 3457 1602 3526 τήν
1645 3463 1768 3531 γῆν,
1803 3454 2008 3526 διηθεῖ-

358 3552 478 3605 σθαι
548 3539 617 3597 δι’
665 3541 834 3613 αὐτῆς
891 3544 981 3599 καὶ
1051 3546 1125 3618 μὴ
1201 3546 1360 3618 μένον
1423 3545 1567 3608 ἐντὸς
1644 3545 2009 3623 στενοχωρίαν

357 3636 533 3686 ποιεῖν
568 3632 976 3707 ἀθροιζόμενον.
1021 3635 1118 3689 Διά
1159 3635 1254 3706 μὲν
1303 3632 1395 3690 οῦν
1442 3635 1505 3689 τὸ
1554 3633 1754 3711 ῥᾳδίως
1803 3633 2009 3707 διηθεῖ-

358 3721 477 3775 σθαι
537 3717 626 3776 διὰ
682 3724 779 3790 τῆς
810 3730 914 3796 γῆς
967 3723 1028 3778 οὐ
1089 3729 1246 3779 κινεῖ·
1309 3721 1399 3778 διὰ
1445 3722 1502 3779 δὲ
1547 3726 1610 3780 τὸ
1651 3725 2011 3801 προσπίπτειν

355 3813 475 3872 τοῖς
517 3817 617 3882 τῆς
679 3813 782 3886 γῆς
851 3808 1062 3886 ὄγκοις,
1109 3811 1324 3874 κοίλοις
1371 3834 1430 3868 τε
1478 3811 1596 3868 οὖσι
1658 3813 1746 3870 καὶ
1814 3836 2009 3870 παντο-

359 3895 503 3953 δαπὰ
604 3902 869 3975 σχήματα
951 3897 1162 3978 ἔχουσι,
1240 3899 1585 3958 παντοδαπὸν
1675 3909 1824 3959 ποιεῖ
1909 3904 2009 3978 ψό-

358 4007 479 4064 φον,
515 3987 592 4050 ὡς
623 3986 801 4044 δοκεῖν
834 3987 1005 4044 ἐνίοτε
1035 3991 1148 4046 οἷον
1186 3993 1452 4064 μυκᾶσθαι
1481 3992 1580 4060 τὴν
1613 3999 1740 4067 γῆν.

430 4078 512 4144 ιζ’.
565 4075 861 4155 ’Λνάλογον
915 4076 972 4133 36
1016 4085 1134 4142 τοῖς
1206 4079 1519 4156 εἰρημένοις
1565 4081 1860 4155 συμπίπτει
1918 4082 2008 4137 καὶ

355 4163 407 4219 ἐν
490 4164 750 4241 θαλάσσῃ.
813 4167 1076 4240 Χάσματά
1146 4189 1205 4222 τε
1284 4171 1388 4245 γὰρ
1463 4169 1662 4246 γίνεται
1733 4169 2008 4240 θαλάσσης

353 4253 442 4308 καὶ
494 4255 910 4333 ἀναχωρήματα
956 4254 1228 4319 πολλάκις
1275 4259 1364 4312 καὶ
1400 4257 1656 4332 κυμάτων
1690 4256 2004 4336 ἐπιδρομαί·

350 4343 485 4399 1:016
537 4345 630 4415 μὲν
694 4344 1068 4414 ἀντανακοπήν
1148 4345 1392 4422 ἔχουσαι·
1451 4349 1585 4403 1:016
1652 4346 1709 4402 36
1765 4348 2004 4423 πρόωσιν

355 4431 542 4505 μόνον.
575 4431 857 4497 Πολλάκις
903 4432 962 4489 36
1007 4434 1095 4490 καὶ
1143 4435 1540 4511 ἀναφυσήματα
1585 4437 1786 4514 γίνεται
1836 4439 2005 4511 πυρὸς

348 4524 418 4593 τῇ
470 4519 729 4596 θαλάσσῃ,
774 4524 862 4578 καὶ
932 4528 1125 4598 πηγῶν
1195 4519 1517 4587 ἀναϐλύσεις
1584 4527 1674 4580 καὶ
1742 4531 2004 4599 ποταμῶν

354 4602 580 4664 ἐκϐολαὶ
643 4609 763 4687 ῥοαί
818 4633 878 4667 τε
930 4613 1021 4667 καὶ
1088 4610 1250 4668 δῖναι·
1311 4615 1444 4669 1:016
1521 4615 1614 4688 μὲν
1689 4615 1740 4671 ἐν
1821 4615 2087 4718 μὲσοιςΙ)

426 4697 447 4718 Χ
479 4697 489 4714 Ῐ
775 4700 792 4718 κ
850 4698 894 4718 θλ
1063 4702 1075 4718 \
1199 4702 1211 4718 \
1342 4704 1354 4718 1
1410 4704 1420 4718 Ι
1785 4703 1797 4718 \
1952 4707 1974 4718 Α

351 4697 635 4776 πελάγεσι,
670 4700 804 4756 1:016
847 4698 904 4756 36
949 4702 1086 4758 κατά
1129 4702 1256 4767 τοὺς
1307 4704 1562 4781 εὖρίπους
1606 4725 1665 4760 τε
1711 4703 1801 4760 καὶ
1840 4707 2007 4781 πορθ-

355 4784 515 4859 μούς.
578 4786 790 4844 Πολλαί
845 4811 906 4844 τε
962 4789 1277 4864 ἀμπώτιδες
1343 4792 1432 4848 καὶ
1507 4792 1763 4866 κυμάτων
1832 4795 2008 4870 ἄρσεις

352 4874 489 4930 κατά
535 4897 686 4941 τινας
742 4878 1082 4953 ὡρισμένους
1125 4881 1348 4958 καιροὺς
1403 4886 1471 4956 τῇ
1539 4880 1742 4959 σελήνῃ
1800 4905 2006 4959 συμπε-

352 4961 683 5040 ριοδεύουσι’
737 4967 853 5023 ἐπεὶ
903 4966 1351 5044 συμμεταϐάλλει
1400 4971 1533 5042 αὕτη
1585 4973 1849 5028 καὶκατὰ
1901 4979 2003 5048 γῆν

350 5051 441 5107 καὶ
509 5057 646 5112 κατὰ
710 5057 1004 5130 θάλατταν,
1055 5059 1130 5122 ὡς
1191 5058 1558 5138 πλησιαιτέρα
1619 5065 1727 5118 τῶν
1796 5060 2007 5118 λοιπῶν

346 5138 641 5216 πλανήτων
651 5189 665 5203 .

2197 3280 2283 3335 19.
2345 3279 2693 3351 Quanquam
2754 3291 2906 3348 saepe
2962 3293 3144 3335 sonus
3205 3273 3498 3347 ejusmodi
3546 3273 3770 3344 absque

2122 3371 2289 3424 terrae
2319 3374 2479 3424 motu
2531 3370 2848 3442 contingat,
2882 3368 3116 3442 quando
3148 3363 3427 3420 nimirum
3463 3362 3638 3418 ﬂatus
3677 3364 3769 3416 est

2117 3459 2369 3530 tenuior,
2403 3466 2468 3517 ut
2508 3462 2650 3516 dum
2705 3469 2921 3517 terram
2972 3459 3124 3527 ferit,
3177 3452 3614 3510 transmittatur
3666 3465 3769 3522 per

2121 3574 2246 3612 eam
2275 3574 2288 3623 ;
2323 3570 2428 3610 nec
2459 3553 2516 3608 in
2550 3568 2616 3608 ea
2647 3551 2731 3607 sic
2761 3553 3014 3617 maneat,
3049 3553 3115 3604 ut
3134 3547 3509 3602 coacervatos
3546 3541 3606 3596 in
3665 3555 3766 3595 an-

2122 3645 2350 3720 gustias
2372 3647 2716 3700 coarctetur.
2752 3641 3061 3712 Propterea
3089 3636 3271 3709 igitur
3301 3633 3456 3706 quod
3481 3629 3649 3720 facile
3669 3643 3772 3720 per

2119 3715 2339 3790 terram
2390 3730 2850 3792 transmittatur,
2905 3743 3020 3782 non
3071 3727 3306 3780 movet:
3357 3720 3457 3776 sed
3515 3717 3654 3792 quia
3706 3715 3767 3772 in

2121 3839 2293 3879 cavos
2324 3820 2620 3892 variisque
2645 3817 2848 3890 figuris
2882 3815 3153 3888 praeditos
3186 3817 3350 3867 terrae
3382 3823 3592 3879 specus
3618 3803 3769 3860 inci-

2119 3913 2226 3982 dit,
2259 3909 2484 3966 varium
2543 3906 2721 3963 etiam
2781 3921 2992 3961 sonum
3052 3901 3208 3967 edit;
3242 3903 3308 3953 ut
3338 3907 3766 3965 nonnunquam

2119 4005 2276 4055 terra
2296 3997 2474 4054 veluti
2506 3996 2736 4068 mugire
2772 3993 3058 4050 videatur.

2197 4090 2282 4142 17.
2316 4088 2424 4143 Sed
2461 4103 2576 4159 quo
2605 4085 2699 4140 his
2733 4081 3106 4155 proportione
3167 4075 3538 4148 respondeat,
3588 4069 3766 4127 etiam

2120 4177 2176 4232 in
2213 4175 2360 4232 mari
2415 4176 2499 4230 fit.
2548 4174 2693 4229 Nam
2725 4178 2781 4228 et
2811 4172 3006 4227 hiatus
3058 4169 3206 4223 fiunt
3261 4161 3442 4219 maris
3501 4164 3559 4215 et
3616 4173 3770 4231 saape

2120 4265 2270 4322 209
2318 4279 2605 4332 recessus,
2667 4266 2724 4316 et
2794 4257 3163 4314 incursiones
3222 4253 3557 4310 ﬂuctuum:
3621 4246 3783 4326 alias

2117 4353 2402 4410 intercise
2431 4349 2968 4423 reciprocationem,
3018 4345 3165 4402 alias
3194 4359 3328 4398 vero
3386 4352 3764 4412 progressum

2117 4441 2443 4514 simplicem
2503 4440 2806 4495 habentes.
2863 4437 2972 4493 Sed
3021 4445 3422 4506 saepenumero
3478 4427 3654 4484 etiam
3703 4425 3764 4481 in

2119 4532 2267 4588 mari
2317 4529 2700 4588 evomitiones
2759 4528 2914 4600 ignis
2954 4524 3232 4593 existunt,
3266 4525 3325 4577 et
3351 4521 3539 4575 fontes
3597 4531 3762 4572 exca-

2119 4621 2365 4691 turiunt,
2402 4625 2458 4674 et
2489 4618 2797 4672 ﬂuviorum
2857 4615 3008 4671 ostia
3057 4612 3420 4686 aperiuntur,
3480 4604 3764 4662 ﬂuxiones

2118 4709 2258 4764 item
2292 4715 2349 4764 et
2377 4708 2624 4763 vortices
2647 4706 2918 4761 oriuntur
2953 4729 2966 4770 ;
3000 4714 3425 4771 nonnunquam
3448 4692 3764 4768 quidemin

2119 4797 2330 4853 mediis
2351 4796 2636 4864 maribus,
2666 4808 3093 4864 nonnunquam
3145 4805 3278 4845 vero
3336 4785 3396 4840 in
3455 4781 3677 4856 euripis
3707 4785 3765 4837 et

2118 4887 2419 4943 fretis.Sed
2452 4891 2510 4941 et
2542 4884 2712 4939 multi
2744 4888 2922 4937 aestus
2953 4881 3358 4948 ﬂuctuumque
3390 4871 3762 4938 elevationes,

2119 4981 2289 5033 statis
2321 4975 2676 5048 quibusdam
2707 4971 3237 5044 temporibus,cum
3260 4965 3404 5022 luna
3418 4963 3761 5048 recurrunt:

2115 5047 2397 5138 quoniam
2425 5063 2548 5119 haec
2579 5078 2777 5119 secum
2809 5066 2866 5116 et
2905 5076 3033 5132 qua:
3083 5057 3141 5112 in
3174 5061 3351 5123 terra,
3383 5057 3440 5109 et
3495 5051 3556 5107 in
3615 5047 3764 5105 mari

2115 5157 2569 5224 sunt,mutat,ut
2597 5167 2724 5223 quis
2745 5149 2968 5205 caeteris
2990 5144 3242 5220 planetis
3265 5143 3343 5199 sit
3357 5139 3763 5215 propinquior.

1572 5384 1919 5446 SYNOPSIS
1961 5386 2240 5444 CAPITIS
2270 5385 2413 5443 XIX.

339 5491 493 5539 QUOD
523 5492 624 5532 EST
643 5490 716 5530 DE
749 5487 1060 5528 TONITRUIB
1089 5489 1157 5528 ET
1194 5489 1582 5542 FULGURIBUS,
1628 5493 1699 5532 DE
1729 5493 2026 5545 ECNEPBIA,
2058 5493 2116 5532 ID
2156 5493 2258 5532 EST
2295 5493 2601 5542 PROCELLA,
2631 5491 2700 5529 ET
2727 5489 2986 5541 VOB’I‘ICE,
3018 5486 3120 5535 QUI
3155 5481 3423 5526 THYPHON
3477 5477 3759 5531 νοαΑτυει,

1005 5561 1074 5600 ΕΤ
1100 5561 1355 5601 TURBINE
1381 5563 1648 5615 ACCENSO,
1681 5565 1831 5612 QUEM
1862 5565 2048 5605 GBECI
2079 5565 2369 5605 PRESTERA
2412 5565 2618 5616 VOCAN,
2651 5563 2719 5602 ET
2758 5561 3034 5602 FULMINE.

420 5648 479 5727 1.
525 5642 806 5727 Ostendit,
854 5661 931 5727 eg:
971 5662 1093 5725 qua
1120 5645 1370 5727 materia
1398 5654 1452 5705 et
1483 5645 1594 5706 ubi
1615 5655 1671 5707 et
1700 5647 1986 5727 quomodo
2017 5649 2246 5709 tonitru
2283 5658 2621 5727 generetur.
2655 5678 2732 5690 —-
2761 5649 2822 5706 2.
2861 5642 3085 5723 Deﬁnit
3100 5639 3346 5727 tonitru
3372 5645 3436 5698 et
3460 5632 3760 5727 stim'lz'tfe-

419 5725 628 5788 ctarat.
661 5758 739 5770 —
769 5725 829 5785 3.
865 5715 1122 5786 Causam
1143 5723 1332 5786 reddit
1349 5745 1538 5808 quare
1567 5715 1966 5788 ῑοηίὶναονωη
1995 5731 2132 5789 som‘
2156 5715 2316 5790 vari?
2340 5729 2462 5786 sint
2488 5736 2542 5787 et
2570 5727 2855 5806 dispares.
2883 5715 2958 5767 ——'
2989 5727 3047 5781 4.
3085 5720 3370 5797 Futguris
3457 5715 3754 5777 eneratz'o-

420 5825 548 5858 nam
581 5804 877 5858 describit.
913 5838 990 5850 —
1012 5807 1071 5858 5.
1109 5804 1369 5858 Causam
1397 5807 1682 5858 mss'nnnt-
1719 5828 1907 5858 Inmrp
1935 5829 2065 5858 rum
2087 5811 2309 5858 tnm’tru
2335 5807 2624 5858 nrmrpdnt
2654 5805 2879 5858 Iul/iur-
2916 5804 3084 5858 nrius
3116 5809 3307 5858 tamen
3330 5737 3542 5858 hdan
3562 5794 3754 5858 videa-

420 5825 549 5868 nem
581 5804 877 5867 describit.
913 5838 990 5850 —
1012 5807 1071 5866 5.
1109 5800 1376 5868 Causani
1397 5807 1684 5888 assignat,
1719 5828 1907 5891 quare
1935 5829 2065 5870 cum
2087 5811 2310 5869 tonitru
2327 5807 2624 5890 praecedat
2648 5800 2880 5887 fulgur,
2911 5804 3084 5885 prius
3116 5809 3307 5862 tamen
3326 5800 3399 5879 fu

411 5941 433 5977 ⁸
462 5940 546 6000 De
574 5939 799 6000 mundo
831 5955 962 6012 cap.
995 5939 1048 5996 4.
1128 5941 1150 5978 ⁸
1177 5956 1218 5998 ιι
1248 5939 1490 6002 Mstsor.
1522 5961 1575 6002 ο.
1605 5945 1661 6001 8.

3424 5794 3542 5878 “gat
3562 5794 3758 5858 videa-
