4114 6426
381 460 534 535 “Si

453 602 508 656 ε’.
569 592 776 656 Γίνεται
837 592 896 654 δὶ
954 594 1088 672 μετὰ
1164 595 1261 668 τὴν
1335 596 1590 674 βροντὴν,
1640 597 1728 653 κκῖ

380 694 479 758 τῆς
526 685 772 764 πληγῆς.
831 688 894 744 Ἡ
946 686 1123 763 βίαιος
1178 689 1282 763 γὰρ
1349 687 1561 759 κίνησις
1611 687 1701 742 καὶ
1751 689 1786 756 ἡ
1836 685 2029 762 πληγὴ

383 776 530 838 αἰτία
606 776 745 832 ἐστὶν
821 776 968 849 αὐτῷ
1039 783 1139 846 τῆς
1217 777 1592 853 ἐκπυρώσεως.
1663 779 1760 832 Διὰ
1849 777 2032 850 μέντοι

381 867 444 922 τὸ
489 867 588 934 τὴν
656 859 779 938 ὄψιν
832 861 1320 938 ἀντιλαμϐάνεσθαι
1385 871 1494 922 τῶν
1564 863 1714 922 ἰδίων
1765 866 2034 934 αἰσθητῶν

384 956 608 1032 πρώτην
658 961 759 1024 τῆς
808 953 1000 1024 ἀκοῆς,
1045 952 1135 1010 διὰ
1179 960 1340 1012 τοῦτο
1395 956 1502 1032 πρὸ
1551 960 1649 1011 τοῦ
1706 957 2033 1025 ἀκουσθῆναι

383 1046 482 1114 τήν
556 1043 810 1119 βροντὴν,
855 1044 1042 1120 ὁρᾶται
1084 1047 1119 1112 ἡ
1169 1045 1438 1121 ἀστραπή·
1490 1044 1670 1108 καθώς
1738 1044 1877 1099 ἐστιν
1946 1043 2035 1100 ἐπὶ

383 1139 486 1202 τῆς
543 1131 771 1208 εἰρεσίας
854 1132 1161 1210 γινόμενον.
1230 1131 1370 1204 Ἦδη
1437 1133 1537 1210 γὰρ
1622 1132 2037 1211 ἀναφερομένων

382 1226 490 1277 τῶν
549 1225 750 1276 κωπῶν
812 1219 871 1277 ἐκ
922 1227 1019 1277 τοῦ
1071 1220 1286 1294 ὕδατος,
1321 1223 1349 1277 6
1400 1228 1616 1300 πρῶτος
1675 1222 1872 1302 ψόφος,
1904 1225 1932 1278 6
1982 1221 2033 1277 ἐν

383 1314 452 1386 τῇ
511 1308 728 1384 καθόδῳ
791 1312 1030 1387 γεγονὼς
1089 1311 1415 1386 ἐξακούεται,
1463 1320 1564 1383 τῆς
1623 1307 1800 1387 ὅψεως
1861 1313 2035 1390 έωρα-

383 1399 538 1463 κυίας
587 1399 759 1456 πάλαι
804 1401 900 1463 τὰς
947 1402 1136 1464 κώπας
1183 1401 1504 1476 καθιεμέναις
1551 1424 1610 1459 τε
1657 1402 1732 1465 εἰς
1781 1399 1844 1458 τὸ
1889 1399 2037 1478 ὕδωρ

385 1486 476 1545 καὶ
507 1486 858 1557 πληττούσας
887 1489 1040 1547 αύτό.

458 1597 522 1661 ς’.
555 1597 716 1652 Ὅταν
779 1597 875 1670 μὶν
931 1595 1027 1654 οὗν
1082 1600 1144 1655 τὸ
1205 1599 1266 1655 ἐκ
1318 1603 1425 1654 τῶν
1454 1603 1623 1677 νεφῶν
1650 1598 2036 1673 πυκνουμένων

387 1678 773 1758 ἐκθλιϐόμενον
839 1692 1057 1762 πνεῦμα
1123 1687 1321 1744 λεπτὸν
1377 1688 1414 1764 ᾖ
1474 1690 1564 1744 καὶ
1636 1686 1776 1762 μηδὲ
1837 1695 2037 1764 συνεχῆ

387 1774 486 1844 τὴν
538 1773 743 1851 γένεσιν
803 1773 906 1852 ἔχῃ
960 1776 1050 1832 καὶ
1108 1772 1368 1854 ἔκκρισιν,
1431 1775 1576 1834 ἀλλὰ
1629 1777 1903 1840 πολλάκις
1951 1777 2041 1834 καὶ

387 1863 525 1922 κατὰ
609 1862 803 1942 μικρὸν
893 1865 1111 1940 γίνηται
1196 1866 1285 1922 καὶ
1373 1865 1706 1944 ἐκκρίνηται,
1759 1867 2041 1932 κάντεῦθεν

1727 460 2075 527 EPITOME
2120 458 2452 524 PBYSICA
2467 504 2482 520 .

3633 448 3660 510 1
3674 445 3790 510 182

1812 596 2032 674 ὕστερον
2065 598 2118 664 Α
2216 599 2269 652 2.
2304 597 2392 653 Fit
2420 598 2613 652 autem
2645 594 2779 667 post
2805 589 3025 648 tonitru
3055 591 3115 647 et
3142 584 3324 645 ictum
3349 582 3788 658 sequitur.Vio-

2145 686 2340 742 lentus
2372 686 2528 741 enim
2558 687 2755 739 motus
2811 687 2869 736 et
2924 681 3099 750 ictus,
3159 677 3212 734 ei
3270 681 3335 732 ut
3393 676 3789 730 inﬂammatur

2145 793 2323 832 causa
2351 780 2459 830 est.
2492 773 2910 829 Verumtamen
2942 768 3080 841 quia
3096 767 3259 822 visus
3291 763 3526 836 propria
3548 761 3790 818 sensilia

2145 865 2309 937 prius
2340 880 2518 935 quam
2563 861 2799 917 auditus
2851 858 3092 930 arripit;
3145 873 3212 911 ea
3263 855 3333 909 de
3387 869 3568 908 causa
3626 850 3789 924 prius

2144 970 2321 1025 quam
2345 952 2621 1008 audiatur
2648 949 2893 1015 tonitru,
2927 945 3124 1018 fulgur
3155 941 3546 1014 conspicitur:
3582 956 3789 1012 quem-

2145 1042 2462 1097 admodum
2496 1041 2649 1098 213
2681 1039 2741 1094 in
2775 1035 3157 1108 remigatione
3195 1030 3499 1103 contingit.
3548 1029 3790 1095 Quando

2146 1133 2300 1187 enim
2323 1132 2450 1201 jam
2499 1128 2644 1184 remi
2703 1144 2770 1183 ex
2817 1142 2971 1197 aqua
3017 1123 3357 1188 efferuntur,
3391 1124 3517 1174 tum
3551 1119 3790 1173 demum

2147 1221 2373 1293 primus
2404 1235 2584 1274 sonus
2615 1217 2714 1290 qui
2751 1216 2808 1271 in
2857 1216 3141 1271 descensu
3194 1211 3388 1267 editus
3445 1213 3553 1273 est,
3611 1223 3789 1262 exau-

2147 1308 2342 1377 ditur;
2376 1325 2509 1363 cum
2540 1308 2701 1363 visus
2730 1306 2955 1361 dudum
2987 1307 3044 1358 et
3072 1303 3130 1357 in
3163 1315 3375 1372 aquam
3415 1296 3645 1354 demitti
3701 1311 3791 1350 re-

2149 1414 2277 1454 mos
2306 1401 2363 1453 et
2393 1398 2657 1453 eamdem
2691 1395 2861 1451 ferire
2888 1391 3262 1464 conspicatus
3293 1389 3388 1445 sit.

2219 1597 2273 1650 6.
2306 1595 2547 1658 Quando
2579 1593 2760 1667 igitur
2803 1593 2980 1648 ﬂatus
3027 1589 3128 1662 qui
3186 1604 3255 1644 ex
3313 1583 3795 1643 densescentibus

2152 1684 2412 1740 nubibus
2443 1683 2700 1748 eliditur,
2727 1681 2921 1737 tenuis
2954 1678 3148 1744 fuerit,
3182 1680 3240 1732 et
3268 1675 3671 1732 continuatam
3701 1688 3797 1746 ge-

2153 1773 2517 1829 nerationem
2547 1776 2724 1843 atque
2753 1768 3146 1825 excretionem
3177 1781 3294 1822 non
3322 1761 3631 1830 habuerit;
3691 1761 3795 1817 sed

2154 1878 2552 1933 saepenumero
2587 1860 2927 1917 minutatim
2984 1859 3298 1930 generatur
3354 1857 3411 1909 et
3466 1849 3798 1908 excernitur

393 1948 535 2026 μηδὲ
589 1937 721 2027 μένῃ
788 1937 934 2011 ἀλλά
1008 1951 1228 2035 διαπνῇ·
1307 1955 1431 2012 τότε
1471 1937 1479 1944 ’
1516 1957 1743 2033 βροντὰς
1808 1976 1870 2011 τε
1952 1955 2043 2012 καὶ

2164 1949 2410 2024 hincque
2439 1968 2554 2008 non
2586 1952 2907 2023 permanet,
2941 1948 3043 2003 sed
3071 1944 3334 2001 difﬂatur
3357 1947 3592 2012 ;tumeo
3623 1937 3796 1996 modo

388 2040 664 2116 αστραπὰς
732 2041 821 2095 τὸν
889 2042 1177 2119 εἰρημένον
1242 2043 1444 2121 τρόπον
1514 2051 1684 2100 ποιεῖ.
1749 2045 1913 2102 Ἐπᾶν
1987 2041 2046 2100 δὲ

389 2126 882 2208 σωματωδέστερον
963 2133 1003 2206 ᾗ
1081 2133 1144 2188 τὸ
1219 2139 1450 2209 πνεῦμα,
1526 2133 1799 2190 τουτέστιν
1881 2137 2043 2204 ἧττον

390 2215 610 2291 λεπτὸν,
643 2217 840 2295 ἀθρόαν
895 2241 952 2276 τε
1008 2221 1099 2276 καὶ
1157 2229 1358 2299 συνεχῆ
1418 2224 1520 2294 τὴν
1574 2223 1781 2298 γένεσιν
1812 2219 1915 2299 ἔχῃ
1956 2221 2047 2278 καί

389 2305 648 2384 ἐκκρισιν,
709 2307 848 2364 ὥστε
913 2310 990 2383 μὴ
1052 2306 1293 2367 διαπνεῖν
1373 2309 1521 2368 ἀλλὰ
1587 2310 1876 2385 διαμένειν·
1923 2311 2049 2367 τότε

390 2396 481 2450 τὸν
560 2395 852 2473 λεγόμενον
925 2398 1168 2478 ἐκνεφίαν
1242 2398 1439 2475 ἄνεμον
1516 2399 1741 2457 ἐκτελεῖ.
1802 2401 2046 2478 Καθάπερ

389 2485 491 2562 γὰρ
546 2482 988 2558 πλεονεκτούσης
1036 2492 1136 2560 τῆς
1212 2490 1376 2566 ὑγρᾶς
1440 2490 1871 2564 ἀναθυμιάσεως,
1920 2489 2046 2546 ὅταν

392 2572 472 2637 εἷς
525 2571 673 2652 ὕδωρ
737 2576 955 2651 γίνηται
1013 2580 1048 2648 ἡ
1112 2574 1417 2652 μεταϐολὴ,
1471 2583 1540 2654 τῇ
1597 2580 1833 2657 πρώτως
1894 2600 2050 2653 μετασ

394 2658 679 2740 ϐαλλούσῃ
735 2665 1091 2740 ἀναθυμιάσει
1151 2663 1598 2742 συμμεταϐάλλει
1647 2669 1737 2724 καὶ
1783 2671 1819 2739 ἡ
1875 2667 2046 2738 λοιπή

396 2751 486 2824 ἷση
545 2759 647 2823 τῆς
706 2752 875 2825 αὐτῆς
926 2755 1198 2832 τετύχηκε
1245 2757 1476 2836 φύσεως·
1509 2757 1598 2813 καὶ
1643 2757 1842 2835 γίνεται
1899 2758 2049 2821 ὑετὸς

395 2841 630 2918 συνεχὴς
677 2841 767 2898 καὶ
813 2842 1013 2908 πολύς.
1044 2845 1142 2900 Τὸν
1189 2844 1348 2901 αὐτὸν
1393 2845 1594 2924 τρόπον
1654 2845 2050 2922 ἐπικρατούσης

392 2931 494 3000 τῆς
555 2931 723 3008 ξηρᾶς
780 2931 1188 3008 ἀναθυμιάσεως
1259 2935 1498 3007 ὁπηνίκα
1551 2939 1768 3010 πνεῦμα
1832 2936 2051 3011 γίνηται

395 3018 486 3074 καὶ
564 3018 900 3097 ἐκκρίνηται,
959 3023 1347 3082 συνακολουθεῖ
1426 3029 1495 3100 τῇ
1579 3026 1770 3102 πρώτῃ
1851 3024 2054 3101 γενέσει

396 3128 457 3164 τε
513 3108 604 3164 καὶ
666 3109 926 3188 ἐκκρίσει,
984 3112 1073 3168 καὶ
1126 3112 1252 3170 ὅσον
1317 3112 1462 3171 ἄλλο
1530 3121 1632 3185 τῆς
1699 3117 1868 3185 αύτῆς
1943 3113 2053 3170 ἐστι

399 3195 634 3275 φύσεως.
695 3200 795 3254 Καὶ
880 3199 1056 3265 οὕτως
1115 3203 1142 3256 ὁ
1220 3201 1465 3282 ἐκνεφίας
1549 3204 1747 3277 ἄνεμος
1832 3203 2052 3280 γίνεται,

400 3290 611 3360 πνεῦμα
683 3287 828 3345 πολὺ
900 3291 990 3346 καὶ
1064 3293 1284 3369 συνεχὲς
1343 3293 1394 3365 ἐξ
1453 3293 1618 3349 αὐτοῦ
1691 3297 1789 3348 τοῦ
1861 3294 2052 3372 νέφους

397 3373 592 3448 ἀθρόον
658 3373 1036 3453 ἐκκρινόμενον
1099 3380 1188 3436 καὶ
1251 3381 1442 3457 βιαίως
1493 3381 1788 3458 φερόμενον
1852 3379 1942 3436 διὰ
1993 3380 2056 3437 τὸ

396 3462 538 3544 ταχὺ
563 3466 664 3534 τῆς
695 3465 1007 3544 ἐκκρίσεως.

475 3664 534 3732 ζ’.
590 3665 750 3722 Ὅταν
803 3662 863 3720 δὲ
912 3665 975 3722 τὸ
1025 3663 1402 3743 ἐκκρινόμενον
1462 3671 1676 3741 πνεῦμα
1735 3664 2054 3740 εἱλούμενον

399 3748 452 3807 ἐν
516 3751 706 3828 κύκλῳ
772 3755 1021 3830 τυγχάνῃ
1078 3754 1168 3810 καὶ
1223 3755 1360 3829 μετὰ
1415 3760 1512 3811 τοῦ
1579 3755 1893 3832 ἐγχύματος
1960 3759 2058 3812 τοῦ

396 3839 590 3920 νέφους
664 3844 813 3900 κάτω
890 3843 1210 3922 φερόμενον,
1267 3844 1390 3900 τότε
1461 3846 1645 3924 τυφὼν
1713 3845 2054 3919 ὀνομάζεται.

400 3929 604 3987 Γίνεται
665 3929 724 3987 δὲ
770 3937 954 4004 τοῦτο,
988 3931 1114 3988 ὅταν
1163 3935 1227 3990 τὸ
1286 3935 1345 3990 ἐκ
1391 3936 1536 4008 (τοῦ)
1564 3934 1758 4014 νέφους
1815 3933 2060 4011 ἐκκρινό-

404 4040 563 4092 μενον
617 4025 830 4094 πνεῦμα
877 4021 1049 4098 έτέῳρ
1107 4023 1255 4100 νέφει
1300 4023 1636 4097 ἀντιτυπήσῃ
1685 4023 1776 4078 καὶ
1829 4025 1930 4093 τὴν
1973 4019 2063 4080 ἐπ’

401 4108 606 4172 εὐθείας
683 4111 854 4188 φορὰν
920 4110 1166 4184 κωλυθῇ.
1242 4110 1488 4188 Καθάπερ
1554 4110 1679 4167 ὅταν
1755 4112 1814 4168 ἐκ
1884 4112 2056 4170 τόπου

402 4197 640 4267 πλατέος
700 4195 777 4262 εἶ’ς
835 4221 888 4256 τι
944 4201 1121 4256 στενὸν
1173 4201 1202 4258 6
1233 4197 1432 4274 ἄνεμος
1481 4200 1718 4277 συρῥέων
1779 4201 2053 4278 βιάζηταυ

403 4283 456 4340 έν
515 4284 717 4349 πύλαις
774 4285 943 4364 τυχόν
975 4288 1010 4358 ἢ
1045 4284 1213 4351 ὁδοῖς.
1274 4283 1568 4360 Συμϐαίνει
1619 4291 1722 4365 γὰρ
1781 4289 2056 4355 πολλάκις

402 4373 454 4432 ἐν
511 4380 631 4440 τοῖς
683 4375 980 4451 τοιούτοις,
1041 4378 1120 4451 μὴ
1181 4374 1473 4452 δυναμένου
1522 4379 1886 4455 προέρχεσθαι
1958 4385 2054 4436 τοῦ

402 4465 828 4541 προηγουμένου
889 4464 1084 4542 μορίου
1125 4470 1225 4523 τοῦ
1284 4465 1498 4544 ῥέοντος
1557 4468 1810 4541 σώματος
1866 4467 1918 4523 έν
1974 4473 2055 4543 τῷ

301 4559 308 4566 ’
409 4553 487 4626 μὴ
547 4552 809 4627 εὑρίσκειν
867 4551 1105 4629 διέξοδον
1137 4555 1174 4627 ἢ
1208 4552 1299 4612 διὰ
1351 4557 1452 4626 τήν
1508 4555 1681 4613 τόπου
1738 4557 2051 4631 στενότητα,

403 4640 442 4710 ἢ
471 4639 563 4697 καὶ
621 4639 712 4698 διὰ
752 4643 816 4699 τὸ
872 4643 1145 4700 ἀπιπνεῖν
1201 4641 1345 4700 ἄλλο
1372 4665 1423 4700 τι
1450 4649 1684 4718 πνεῦμα,
1715 4643 1919 4702 κύκλον
1963 4647 2054 4704 καὶ

2156 2060 2332 2120 quem
2364 2042 2621 2099 diximus
2650 2040 2908 2095 tonitrua
2939 2039 2996 2092 et
3021 2035 3258 2107 fulgura
3297 2032 3495 2088 efficit.
3555 2028 3798 2093 Quando

2155 2117 2352 2193 autem
2382 2134 2555 2190 ﬂatus
2595 2126 3007 2203 corpulentior,
3040 2125 3150 2181 hoc
3206 2128 3315 2190 est,
3377 2120 3573 2177 minus
3604 2117 3801 2176 tenuis

2158 2224 2332 2282 fuerit
2359 2222 2796 2291 confertamque
2826 2221 2884 2272 et
2920 2215 3323 2271 continuatam
3369 2207 3802 2285 generationem

2157 2319 2214 2372 et
2242 2313 2632 2372 excretionem
2663 2306 2958 2377 habuerit,
3021 2308 3086 2360 ut
3143 2319 3259 2359 non
3319 2303 3648 2364 evanescat,
3698 2297 3799 2354 sed

2158 2406 2534 2479 permaneat;
2568 2404 2695 2454 tum
2725 2413 2858 2452 cum
2888 2399 3129 2451 ventum
3163 2391 3262 2464 qui
3305 2387 3570 2467 ἐκνεφὶας.
3631 2386 3801 2459 quasi

2158 2476 2455 2558 nubigena
2483 2489 2720 2556 dicitur,
2755 2483 3042 2558 producit,
3086 2479 3593 2548 Quemadmodum
3644 2476 3802 2530 enim

2158 2579 2524 2638 exhalatione
2551 2576 2799 2632 humida
2828 2567 3465 2635 exuberante,simulac
3496 2566 3556 2622 in
3589 2580 3803 2636 aquam

2160 2671 2227 2726 fit
2283 2667 2552 2738 mutatio,
2615 2682 2750 2721 cum
2811 2663 3088 2735 primitus
3147 2663 3375 2714 mutata
3436 2653 3806 2712 exhalatione

2160 2759 2339 2817 etiam
2396 2757 2627 2830 reliqua
2681 2768 3046 2828 quiscunque
3103 2749 3367 2821 ejusdem
3441 2750 3661 2801 natura:
3718 2745 3808 2798 est

2153 2850 2328 2922 juxta
2355 2848 2757 2903 commutatur
2783 2861 2797 2912 ;
2830 2857 2897 2897 ac
2922 2841 3005 2896 ita
3034 2837 3412 2895 continuatus
3441 2839 3500 2891 et
3528 2833 3806 2906 copiosus

2161 2921 2352 2994 imber
2379 2937 2711 3010 generatur.
2750 2931 2965 2988 Eodem
2999 2928 3172 2984 modo
3229 2924 3571 2981 dominante
3629 2921 3804 2977 exha-

2161 3027 2380 3085 latione
2434 3026 2606 3081 sicca.
2661 3038 2796 3078 cum
2862 3020 3038 3076 ﬂatus
3095 3018 3411 3089 generatur
3494 3016 3552 3068 et
3609 3027 3806 3067 excer-

2164 3118 2345 3182 nitur,
2377 3114 2624 3188 primam
2661 3109 3096 3184 generationem
3127 3110 3184 3162 et
3214 3102 3602 3161 excretionem
3631 3100 3813 3156 comi-

2164 3211 2344 3274 tatur,
2379 3207 2534 3261 214
2563 3201 2737 3257 etiam
2792 3215 2966 3254 omne
3012 3197 3169 3252 aliud
3203 3192 3491 3266 quidquid
3547 3190 3813 3262 ejusdem

2169 3300 2393 3353 natura:
2422 3302 2529 3350 est.
2561 3293 2603 3347 E
2634 3291 2720 3347 sic
2750 3287 2992 3364 ἐκνεφίας
3022 3290 3234 3342 ventus
3265 3286 3598 3356 generatur,
3641 3278 3816 3335 ﬂatus

2172 3339 2392 3353 ιιυιυυιιυυ
2424 3339 2529 3350 νυ*-
2563 3339 2602 3347 -
2636 3339 2717 3347 v-v
2753 3339 2892 3364 νν-ννι
2938 3339 2992 3347 ην
3039 3339 3123 3342 -νη
3178 3339 3184 3340 γ
3219 3339 3224 3340 ν
3265 3339 3300 3356 υ
3584 3339 3595 3345 -

2087 3339 2130 3408 C
2171 3387 2444 3456 copiosus
2474 3388 2531 3440 et
2559 3381 2895 3443 continuus,
2926 3375 3026 3449 qui
3057 3393 3126 3432 ex
3153 3373 3283 3446 ipsa
3312 3372 3468 3427 nube
3510 3367 3816 3425 confertim

2165 3474 2514 3539 excernitur,
2542 3477 2600 3528 et
2630 3474 2867 3542 propter
2894 3464 3239 3524 excretionis
3279 3459 3635 3518 celeritatem
3684 3473 3814 3513 ma-

2166 3581 2284 3638 gna
2313 3563 2497 3620 fertur
2519 3558 2812 3616 violentia.

2238 3671 2292 3726 7.
2326 3669 2570 3734 Quando
2619 3670 2816 3723 autem
2863 3663 3038 3719 ﬂatus
3077 3660 3179 3733 qui
3231 3654 3581 3727 excernitur,
3613 3653 3674 3710 in
3703 3652 3813 3710 cir-

2167 3759 2301 3816 culo
2331 3756 2714 3826 convolvitur,
2744 3758 2801 3810 et
2830 3769 2964 3808 cum
2993 3748 3289 3806 infusione
3329 3745 3502 3802 nubis
3533 3744 3812 3801 deorsum

2169 3849 2373 3914 fertur,
2403 3851 2545 3902 tunc
2574 3849 2791 3912 vortex,
2815 3840 3029 3898 Graecis
3055 3837 3260 3914 τυφὼν,
3315 3834 3672 3892 nominatur.
3723 3833 3816 3890 Fit

2170 3941 2368 3994 autem
2399 3936 2530 4005 hoc,
2563 3951 2696 3990 cum
2728 3933 2926 3995 ﬂatus,
2959 3927 3058 4001 qui
3089 3944 3157 3983 ex
3186 3925 3343 3981 nube
3372 3923 3718 3991 excernitur,
3751 3921 3812 3979 in

2171 4027 2345 4082 aliam
2378 4025 2596 4080 nubem
2624 4019 2956 4086 incurrerit,
2987 4021 3044 4073 et
3081 4015 3398 4088 quominus
3455 4016 3611 4069 recto
3650 4016 3814 4068 motu

2171 4115 2487 4179 deferatur,
2520 4110 2853 4184 prohibitus
2883 4106 3080 4164 fuerit.
3110 4101 3618 4172 Quemadmodum
3650 4101 3700 4157 si
3746 4117 3816 4157 ex

2171 4202 2296 4258 loco
2327 4200 2523 4272 amplo
2553 4201 2612 4254 in
2647 4197 2982 4270 angustiam
3008 4194 3488 4266 aliquamventus
3513 4189 3816 4246 conﬂuens

2169 4291 2287 4348 vim
2309 4289 2551 4363 patitur,
2578 4288 2638 4343 in
2673 4286 2856 4360 portis
2885 4289 2988 4340 aut
3013 4283 3122 4346 viis
3153 4280 3402 4352 exempli
3457 4277 3664 4352 gratia.
3696 4279 3813 4334 Sas-

2169 4396 2242 4452 pe
2271 4379 2428 4436 enim
2458 4379 2519 4434 in
2551 4375 2844 4448 ejusmodi
2892 4373 3038 4430 locis
3095 4370 3326 4438 accidit,
3382 4385 3518 4426 cum
3575 4366 3815 4424 ﬂuentis

2171 4467 2432 4541 corporis
2461 4483 2598 4540 pars
2627 4463 2977 4521 antecedens
3007 4478 3122 4518 non
3153 4463 3347 4532 potest
3372 4455 3665 4531 progredi,
3696 4473 3814 4513 non

2168 4557 2518 4614 inveniendo
2548 4554 2867 4610 transitum
2899 4550 2987 4607 vel
3017 4553 3256 4623 propter
3299 4546 3411 4604 loci
3451 4544 3811 4618 angustiam,

2168 4647 2256 4703 vel
2287 4646 2465 4702 etiam
2480 4648 2717 4717 prapter
2727 4640 3126 4698 obluctantem
3140 4638 3320 4695 alium
3336 4634 3595 4707 aliquem
3609 4633 3814 4688 ﬂatum

407 4726 561 4801 δίνην
620 4735 719 4787 τοῦ
773 4731 1084 4806 πνεύματος
1143 4732 1407 4810 γίνεσθαι.
1439 4734 1508 4790 Τὸ
1567 4715 1677 4806 μὲν
1719 4735 1820 4812 γὰρ
1878 4757 2049 4812 προη-

2169 4741 2234 4793 ut
2262 4715 2518 4792 circulus
2547 4715 2603 4790 et
2649 4730 2870 4804 vertigo
2929 4729 3106 4786 ﬂatus
3154 4729 3395 4784 oriatur.
3454 4721 3816 4780 Antecedens

405 4817 675 4900 γούμενον
705 4824 803 4876 τοῦ
829 4820 1136 4896 πνεύματος
1178 4823 1343 4899 μέρος
1401 4822 1464 4878 οὐ
1520 4819 1740 4880 δύναται
1800 4821 2053 4884 διελθεῖν

404 4909 469 4965 τὸ
499 4905 558 4965 δὲ
589 4908 811 4987 συῤῥέον
839 4909 1058 4976 δπισθεν
1091 4912 1266 4988 βιάςει
1315 4913 1415 4984 τὴν
1473 4909 1675 4968 δίοδονο
1708 4913 1798 4968 καὶ
1842 4914 1908 4970 τὸ
1959 4915 2055 4988 μὶν

407 4993 718 5073 ἀντιϐαίνει,
775 5000 840 5056 τὸ
899 4997 946 5055 δ’
1003 5001 1228 5061 ἀπωθεῖ.
1290 5000 1524 5078 Ἀνάγκη
1609 5002 1788 5057 τοίνυν
1863 5003 1925 5058 τὸ
1980 5003 2056 5068 εἷς

407 5085 642 5164 πλάγιον
726 5084 852 5146 ἔνθα
937 5090 1014 5164 μὴ
1102 5087 1243 5146 ἔστιν
1319 5086 1595 5155 ἀντίϐασις
1652 5091 1942 5168 ἐνεχθῆναι
1997 5094 2060 5148 τὸ

409 5174 675 5252 ἐπόμενον
721 5176 884 5254 μέρος
941 5183 1040 5240 τοῦ
1086 5179 1416 5254 πνεύματος,
1466 5179 1557 5236 καὶ
1615 5180 1788 5244 οὕτως
1833 5181 1916 5237 ἀεὶ
1969 5182 2060 5238 καὶ

406 5269 512 5329 πᾶν
568 5265 634 5323 τὸ
686 5266 973 5343 ἐχόμενον,
1031 5265 1139 5324 ἔστ’
1193 5267 1255 5324 ἂν
1313 5267 1374 5326 ἐκ
1424 5266 1668 5345 πλαγίου
1727 5270 1944 5347 βιασθὲν
1995 5271 2060 5327 τὸ

406 5354 828 5432 προηγούμενον
881 5355 971 5425 καὶ
1018 5351 1325 5426 ἀντιϐαῐνον
1385 5359 1548 5436 μέρος
1603 5363 1701 5416 τοῦ
1757 5358 2061 5434 πνεύματος

409 5442 708 5522 έκκρουσθῇ
754 5448 852 5506 τοῦ
909 5445 1464 5521 προκατειλημμένου
1533 5446 1728 5518 τόπου,
1784 5447 1875 5504 καὶ
1932 5447 2060 5508 ἀνα-

407 5533 648 5609 κάμψαν,
704 5533 914 5610 συνάψῃ
965 5539 1046 5607 τῷ
1100 5529 1317 5592 ὄπισθεν
1396 5538 1682 5615 φερομένῳ
1747 5537 1837 5595 καὶ
1921 5536 2063 5593 ἐπω-

2166 4825 2327 4885 enim
2355 4841 2493 4898 pars
2523 4823 2699 4878 ﬂatus
2727 4820 2978 4876 transire
2994 4835 3113 4874 non
3143 4823 3370 4889 potest;
3397 4831 3524 4888 quas
3554 4814 3752 4868 autem
3781 4827 3817 4866 a

2164 4920 2330 4988 tergo
2389 4913 2646 4980 conﬂuit,
2703 4911 3020 4969 transitum
3049 4913 3334 4986 adurget:
3367 4915 3566 4988 sicque
3593 4913 3697 4971 illa
3733 4931 3824 4970 re-

2167 5005 2446 5069 luctatur,
2477 5003 2599 5058 haec
2630 4999 2941 5072 protrudit.
2973 5001 3221 5060 Necesse
3251 5003 3449 5076 itaque
3504 5008 3612 5071 est,
3642 5008 3709 5060 ut
3754 5003 3817 5060 in

2170 5099 2592 5158 transversum,
2624 5090 2726 5146 ubi
2760 5106 2874 5146 non
2913 5094 3003 5145 est
3032 5089 3359 5162 reluotatio,
3410 5093 3631 5148 feratur
3681 5109 3818 5165 pars

2171 5186 2344 5238 ﬂatus
2373 5196 2762 5251 consequens,
2795 5183 2853 5235 et
2882 5179 2964 5234 ita
2992 5196 3223 5251 semper
3249 5180 3444 5238 omnis
3483 5197 3613 5253 quae
3661 5182 3812 5240 2Ιῦ

2171 5272 2446 5342 deinceps
2477 5269 2989 5342 sequitur:donec
3041 5269 3390 5326 antecedens
3446 5273 3504 5326 et
3559 5271 3819 5328 renitens

2171 5375 2308 5432 pars
2330 5363 2505 5416 ﬂatus
2535 5375 2603 5414 ex
2641 5357 2882 5430 obliqua
2930 5361 3092 5430 parte
3148 5374 3506 5430 compressa,
3562 5359 3636 5418 de
3691 5359 3818 5417 loco

2172 5464 2347 5522 quem
2375 5447 2820 5520 praeoccupavit,
2863 5454 3120 5515 extrusa,
3155 5452 3213 5502 et
3254 5447 3630 5506 conversione
3669 5448 3821 5504 facta

2171 5553 2302 5594 cum
2333 5553 2401 5592 ea
2432 5553 2557 5608 quae
2579 5553 2613 5592 a
2632 5541 2796 5610 tergo
2828 5537 3012 5591 fertur
3039 5541 3098 5593 et
3127 5537 3317 5608 ipsam
3366 5537 3632 5608 adurget,
3689 5552 3824 5593 con-

412 5619 616 5696 δοῦντι,
647 5623 740 5684 καὶ
767 5621 992 5700 γένηται
1018 5623 1083 5681 τὸ
1112 5623 1244 5691 ὅλον
1271 5620 1348 5681 ἓν·
1381 5624 1584 5689 κύκλος
1614 5624 1673 5684 δέ
1734 5626 1846 5684 ἐστι
1897 5631 2049 5684 τοῦτ(

2164 5627 2376 5698 juncta
2403 5625 2616 5682 fuerit:
2645 5626 2907 5698 adeoque
2933 5629 3123 5682 totum
3156 5627 3312 5681 istud
3356 5640 3541 5680 unum
3599 5625 3819 5682 efficia-

407 5712 472 5770 τὸ
501 5719 716 5791 σχῆμα.
753 5713 852 5771 Καὶ
911 5712 1056 5770 οὕτω
1116 5715 1210 5788 μὶν
1270 5713 1358 5770 ἐπὶ
1411 5721 1511 5786 τῆς
1561 5717 1665 5792 γῆς
1697 5715 1752 5772 αἱ
1784 5713 1924 5772 δῖναι
1979 5716 2060 5792 γί-

410 5822 615 5861 νονται.
647 5802 884 5878 Ὁμοίως
934 5800 991 5858 δὲ
1040 5802 1135 5859 κάν
1184 5809 1302 5868 τοῖς
1355 5805 1564 5885 νέφεσιν
1613 5803 1888 5878 ἀλλήλαις
1946 5826 2062 5864 συν-

2171 5721 2288 5783 tur,
2321 5732 2449 5789 quas
2479 5715 2670 5788 ﬁgura
2691 5713 2976 5772 circulum
3010 5715 3294 5772 imitatur.
3325 5718 3513 5786 Atque
3550 5714 3632 5777 ita
3687 5714 3818 5787 qui-

2171 5807 2302 5864 dem
2335 5805 2394 5861 in
2423 5808 2580 5861 terra
2607 5803 2759 5860 ﬁunt
2783 5803 3120 5876 vertigines.
3152 5806 3365 5862 Eodem
3395 5807 3595 5860 autem
3644 5803 3818 5861 modo
