4114 6418
289 460 446 530 1183

1545 467 1968 536 NICEPHOBI
2010 463 2450 531 BLEMMIDE

3546 460 3709 526 1184

289 603 465 660 etiam
497 602 555 660 in
591 602 849 662 nubibus
878 606 1551 674 vorticesflunt,etinter
1579 625 1640 663 se
1683 605 1926 662 invicem

2047 599 2309 654 άπτουσαι
2368 597 2503 653 κατᾶ
2559 597 2656 666 τὴν
2717 594 2920 672 ἀρχὴν,
2978 596 3235 651 τοιοῦτον
3294 591 3400 671 γὰρ
3459 595 3495 664 ἡ
3557 589 3702 666 δίνη·

289 692 479 762 quoad
515 693 870 766 principium
901 695 1367 766 copulantur(ea
1415 697 1571 752 enim
1632 694 1935 766 vertiginis

290 786 501 836 natura
532 787 642 850 est)
670 801 684 838 :
718 799 918 838 verum
945 787 1436 856 quemadmodum
1472 801 1605 840 cum
1623 783 1936 856 ecnephias

287 869 584 943 (procella)
643 872 852 936 oritur,
905 874 1184 929 continua
1239 881 1329 930 est
1397 874 1639 945 spiritus
1686 872 1936 928 excretio

289 959 453 1031 (quia
477 959 650 1015 etiam
683 966 890 1017 ventus
920 968 1009 1018 est
1037 963 1344 1018 continuos
1375 964 1579 1019 eodem
1615 962 1936 1029 modo),sio

285 1047 463 1104 etiam
486 1055 682 1105 vortex
703 1051 1039 1107 continuam
1065 1069 1133 1108 ex
1155 1053 1307 1107 nube
1322 1051 1710 1107 excretionem
1736 1051 1934 1105 habet.

353 1155 408 1208 8.
442 1155 552 1210 Sed
590 1172 723 1211 cum
759 1163 994 1229 propter
1050 1159 1224 1214 nubis
1280 1159 1631 1214 densitatem
1692 1157 1935 1228 spiritus

283 1259 352 1298 ex
379 1259 447 1298 ea
478 1260 620 1314 pure
649 1247 876 1300 excerni
912 1263 1027 1301 non
1073 1249 1279 1318 possit,
1334 1263 1565 1318 unaque
1626 1262 1822 1300 secum
1866 1247 1934 1299 de

284 1332 440 1387 nube
471 1333 691 1404 aliquid
727 1335 940 1401 trahat,
975 1353 1041 1390 ex
1072 1336 1226 1391 dicta
1257 1353 1435 1391 causa
1469 1337 1525 1390 in
1569 1336 1767 1389 orbem
1805 1334 1932 1402 qui-

284 1421 418 1475 dem
450 1423 824 1490 convertitur,
855 1425 951 1479 sed
981 1425 1258 1480 deorsum
1290 1431 1346 1479 et
1386 1425 1443 1479 in
1478 1430 1693 1479 terram
1729 1425 1933 1487 fertur,

286 1514 591 1582 propterea
621 1512 777 1582 quod
809 1513 1050 1583 spiritus
1080 1532 1147 1568 ex
1178 1515 1330 1570 nube
1360 1513 1606 1569 excretio
1678 1513 1735 1568 in
1804 1529 1931 1567 eam

286 1613 521 1669 semper
550 1604 775 1670 partem
811 1600 931 1663 fiat,
983 1602 1040 1656 in
1088 1618 1263 1672 quam
1324 1602 1498 1657 nubis
1555 1601 1934 1657 condensatio

282 1687 675 1758 progreditur.
718 1689 1079 1760 Quapropter
1107 1707 1242 1746 cum
1273 1691 1650 1746 condensatio
1681 1705 1934 1762 superne

283 1773 433 1829 facto
460 1774 626 1830 initio
655 1775 714 1830 in
763 1776 1067 1832 inferiores
1100 1785 1295 1849 partes
1351 1779 1529 1834 nubis
1586 1777 1930 1850 pervenerit,

279 1862 455 1919 etiam
488 1863 662 1920 nubis
693 1866 1080 1922 excretionem
1114 1884 1241 1938 quae
1275 1867 1411 1922 hinc
1451 1872 1577 1922 orta
1631 1871 1740 1931 est,
1792 1881 1927 1937 pro-

2046 687 2196 758 πλην
2248 688 2431 763 ὥσπερ
2481 683 2724 764 ἐκνεφίας
2774 684 3012 760 γίνηται,
3045 684 3280 758 συνεχής
3329 681 3471 738 ἐστιν
3521 685 3557 753 ἡ
3603 687 3707 738 τοῦ

2045 778 2357 850 πνεύματος
2455 773 2692 852 ἔκκρισις
2793 774 2960 848 (οὕτω
3042 774 3144 850 γὰρ
3221 773 3310 828 καὶ
3397 774 3426 827 ὁ
3504 770 3710 845 ἄνεμος

2045 867 2304 942 συνεχὴς,
2387 867 2523 921 κατά
2604 865 2693 919 τὸν
2779 863 2939 918 αὐτὸν
3021 861 3268 938 τρόπον),
3326 861 3416 917 καὶ
3499 862 3528 916 ὁ
3612 883 3709 917 τυ-

2046 956 2160 1034 φὼν
2196 961 2397 1031 συνεχῆ
2425 955 2524 1023 τὴν
2554 953 2612 1009 ἐκ
2639 958 2736 1009 τοῦ
2764 952 2958 1031 νέφους
2989 949 3223 1028 ἔκκρισιν
3257 948 3396 1027 ἔχει.

2117 1153 2187 1221 η’.
2223 1151 2322 1206 Διά
2353 1148 2411 1206 δὲ
2456 1151 2554 1218 τὴν
2587 1153 2684 1204 τοῦ
2731 1145 2926 1227 νέφους
2974 1146 3286 1214 πυκνότητα
3338 1146 3413 1218 μή
3467 1141 3704 1218 δυνάμε-

2043 1261 2133 1293 νον
2220 1241 2310 1294 ἀπ’
2387 1239 2552 1294 αὐτοῦ
2623 1239 2872 1314 καθαρῶς
2961 1236 3271 1311 ἐκκριθῆναι
3345 1233 3409 1289 τὸ
3467 1238 3700 1306 πνεῦμα⁹

2045 1326 2192 1383 ἀλλά
2265 1327 2355 1382 σὺν
2437 1329 2609 1399 ἑαυτῷ
2675 1327 2763 1381 καὶ
2836 1331 2933 1380 τοῦ
2989 1325 3187 1402 νέφους
3235 1345 3287 1378 τι
3349 1322 3696 1400 συνεφέλκον,

2046 1417 2323 1496 στρέφεται
2407 1418 2500 1490 μὶν
2575 1415 2765 1490 κύκλῳ
2842 1413 2930 1469 διὰ
2979 1415 3077 1483 τήν
3149 1413 3444 1488 εἰρημένην
3505 1411 3689 1480 αἰτίαν,

2044 1507 2259 1585 φέρεται
2320 1503 2378 1560 δὲ
2434 1505 2580 1560 κάτω
2637 1505 2726 1559 καὶ
2785 1503 2872 1559 ἐπὶ
2929 1511 3029 1579 γῆς
3087 1499 3176 1557 διὰ
3231 1503 3294 1572 to
3348 1501 3447 1569 τήν
3489 1500 3548 1555 έκ
3599 1503 3692 1554 τοῦ

2043 1595 2236 1674 νέφους
2323 1594 2620 1670 γινομένην
2694 1598 2791 1648 τοῦ
2885 1591 3192 1665 πνεύματος
3277 1589 3533 1666 ἔκκρισιν,
3609 1587 3696 1643 ἐπὶ

2040 1689 2208 1740 ταῦτα
2277 1683 2518 1759 γίνεσθαι
2568 1683 2799 1738 πάντοτε
2853 1684 2970 1737 καθ’
3017 1681 3050 1735 ἃ
3099 1681 3392 1756 προάγεται
3461 1683 3561 1733 τοῦ
3607 1676 3694 1732 νέ-

2042 1795 2178 1852 φους
2228 1775 2262 1841 ἠ
2322 1772 2618 1833 πύκνωσις.
2680 1774 2843 1827 Ὥστε
2893 1769 3018 1826 ὅταν
3078 1770 3277 1824 ἄνωθεν
3331 1771 3367 1838 ὴ
3424 1767 3703 1827 πύκνωσις

2040 1862 2312 1939 ἀρξαμένη
2375 1860 2462 1916 ἐπὶ
2515 1862 2580 1915 τὰ
2631 1862 2778 1915 κάτω
2835 1859 3052 1934 γίνηται
3133 1857 3271 1933 μέρη
3330 1861 3429 1912 τοῦ
3480 1855 3700 1934 νέφους,

279 1956 406 2024 pter
463 1953 578 2008 vim
643 1953 866 2010 illatam
943 1957 1220 2012 deorsum
1282 1957 1436 2012 216
1494 1955 1630 2011 ferri
1689 1971 1926 2010 necesse

2042 1953 2242 2027 ἀνάγκη
2304 1949 2394 2005 καί
2447 1952 2546 2020 τήν
2605 1954 2703 2004 τοῦ
2759 1948 3068 2022 πνεύματος
3135 1945 3370 2021 ἔκκρισιν
3453 1944 3693 2000 ἐντεῦθεν

276 2046 384 2098 est.

349 2149 403 2203 9.
437 2147 581 2203 Cum
612 2164 749 2221 ergo
779 2154 977 2206 vortex
1006 2151 1280 2207 deorsum
1339 2151 1540 2221 fertur,
1607 2154 1664 2206 et
1694 2155 1930 2223 propter

279 2236 642 2292 contrarium
675 2238 960 2310 impetum
993 2240 1049 2294 in
1083 2240 1281 2296 orbem
1315 2238 1755 2311 circumagitur,
1817 2239 1928 2294 sic-

280 2341 394 2397 que
425 2330 862 2396 contorquetur,
890 2332 946 2382 et
976 2327 1245 2398 helicem,
1279 2329 1337 2382 id
1395 2333 1484 2383 est
1538 2326 1928 2383 circumvolu-

282 2413 624 2469 tamlineam
655 2415 834 2470 efficit
865 2433 878 2470 :
914 2417 1112 2472 omnia
1137 2417 1195 2472 in
1227 2435 1355 2489 quae
1388 2417 1611 2487 incidit,
1635 2417 1692 2470 in
1725 2417 1923 2472 orbem

281 2501 626 2574 intorquens
658 2509 869 2559 movet.
929 2505 1318 2568 Quamobrem
1376 2505 1553 2561 etiam
1609 2505 1807 2576 aliqua
1865 2505 1923 2560 in

275 2593 430 2645 terra
460 2597 562 2646 aut
594 2592 737 2647 mari
771 2599 1048 2649 contenta
1076 2593 1133 2648 in
1167 2594 1420 2650 sublime
1443 2593 1700 2660 adducit,
1729 2597 1792 2648 ut
1823 2593 1922 2665 qui

275 2684 580 2750 propterea
607 2682 760 2752 quod
799 2683 1113 2738 transitum
1149 2700 1262 2737 non
1298 2682 1471 2737 habet
1497 2682 1700 2738 eodem
1735 2698 1922 2738 rever-

273 2770 450 2822 tatur.
487 2773 684 2841 ltaque
714 2786 782 2825 ex
815 2771 960 2826 mari
984 2789 1198 2843 aquam
1222 2787 1620 2842 saepenumero
1649 2770 1918 2825 attrahit:

274 2873 410 2912 mox
441 2858 737 2930 navigium
770 2860 1048 2932 vertigine
1077 2867 1408 2932 correptum
1442 2861 1500 2915 in
1549 2858 1734 2914 altum
1794 2875 1920 2914 eve-

272 2945 376 3000 xit.
407 2946 516 3001 Sed
548 2951 604 3001 et
634 2964 701 3002 ex
729 2952 884 3004 terra
914 2955 972 3004 et
1002 2948 1161 3021 ligna
1191 2954 1248 3004 et
1296 2949 1539 3020 lapides,
1573 2952 1747 3020 atque
1776 2948 1920 3002 adeo

275 3049 701 3106 nonnunquam
734 3037 1014 3092 animalia
1043 3037 1413 3092 consimilem
1447 3037 1506 3092 in
1531 3037 1770 3092 modum
1785 3053 1919 3092 sus-

269 3121 424 3180 tulit.
475 3127 847 3197 Quaecunque
897 3131 1091 3181 autem
1124 3127 1196 3182 ab
1225 3127 1356 3198 ipso
1409 3126 1750 3195 efferuntur,
1783 3142 1918 3181 cum

271 3209 704 3283 aliquantulum
755 3215 816 3270 in
876 3215 1128 3271 sublime
1184 3215 1475 3271 subducta
1532 3214 1767 3284 fuerint,
1826 3215 1922 3271 de-

271 3315 390 3355 nuo
433 3317 668 3358 summa
714 3302 976 3359 siccitate
1031 3308 1350 3374 contracta,
1385 3304 1458 3359 ob
1515 3303 1760 3375 spiritus
1817 3304 1920 3376 qui

272 3389 474 3445 eadem
509 3391 775 3446 subvexit
804 3392 1128 3448 siccitatem
1183 3393 1462 3448 deorsum
1523 3394 1810 3448 feruntur.

349 3478 436 3532 10.
461 3479 604 3534 Cum
662 3479 843 3552 igitur
873 3480 1119 3552 spiritus
1149 3481 1248 3553 qui
1281 3481 1363 3536 sic
1416 3485 1699 3552 movetur,
1735 3480 1927 3538 colore

275 3566 446 3638 igneo
479 3566 729 3623 inlectus
761 3585 874 3624 non
909 3569 1100 3640 fuerit,
1135 3568 1294 3642 quali
1325 3568 1502 3624 etiam
1537 3567 1735 3641 fulgur
1781 3569 1922 3626 aﬂ‘e-

276 3658 437 3709 ctum
467 3659 575 3724 est,
608 3660 752 3712 tunc
801 3656 1040 3729 typhon,
1075 3657 1131 3713 id
1166 3662 1274 3728 est,
1307 3663 1526 3724 vortex,
1557 3659 1723 3726 quasi
1758 3674 1924 3715 eene-

275 3741 446 3814 phias
475 3742 738 3801 incoctus
769 3750 1027 3802 vocatur.
1078 3747 1277 3819 Neque
1317 3747 1475 3802 enim
1526 3747 1778 3818 perfecte
1833 3764 1923 3804 se-

274 3836 469 3887 cretus
499 3836 558 3887 et
587 3832 871 3890 liberatus
910 3835 984 3890 ab
1026 3837 1153 3907 ipsa
1203 3836 1358 3891 nube
1398 3835 1641 3907 spiritus
1689 3835 1926 3891 vorticis

273 3921 626 3990 excernitur,
658 3924 1156 3994 quemadmodum
1188 3924 1503 3996 ecnephize,
1537 3924 1595 3979 id
1626 3928 1736 3995 est,
1770 3923 1925 3980 venti

275 4008 603 4080 procellosi,
661 4016 880 4068 ﬂatus:
958 4013 1057 4068 sed
1114 4012 1335 4085 aliquid
1393 4014 1462 4068 de
1510 4013 1665 4069 nube
1722 4029 1923 4069 secum

276 4097 539 4166 attrahit,
570 4100 709 4171 quia
738 4106 1049 4158 concoctus
1079 4119 1193 4158 non
1238 4107 1347 4170 est,
1384 4107 1449 4157 ut
1489 4101 1738 4158 alterum
1771 4103 1920 4158 2"

279 4186 350 4240 ab
383 4185 565 4244 altero
595 4190 855 4261 separari
887 4191 1092 4263 possit.
1127 4192 1369 4256 Quando
1402 4208 1571 4263 porro
1611 4191 1926 4262 praedictus

277 4273 376 4330 ille
407 4280 578 4333 ﬂatus
608 4278 750 4333 dum
782 4279 1462 4352 detorqueturincensus
1494 4279 1764 4344 fuerit,in
1797 4280 1924 4350 ipso

276 4362 499 4420 scilicet
528 4371 723 4422 motus
752 4374 1046 4438 excoctus,
1096 4373 1154 4423 et
1210 4367 1482 4424 subtilior
1541 4369 1752 4440 factus,
1784 4376 1926 4424 tunc

275 4457 520 4524 prester,
554 4455 610 4509 id
640 4460 748 4523 est,
777 4473 1060 4513 accensus
1088 4458 1283 4522 turbo,
1318 4461 1593 4512 vocatur:
1648 4459 1802 4529 quod
1829 4473 1922 4514 ae-

273 4556 394 4596 rem
429 4543 824 4616 propinquum
850 4544 1314 4601 inﬂammatione
1343 4562 1453 4600 sua
1483 4545 1659 4601 simul
1718 4563 1922 4602 accen-

273 4629 394 4701 dat,
428 4631 570 4688 adeo
603 4637 669 4688 ut
699 4633 896 4706 ipsum
929 4635 1106 4690 etiam
1139 4634 1330 4691 colore
1377 4633 1618 4690 inliciat.
1680 4635 1922 4699 Quando

2037 2040 2331 2116 γινομένην
2366 2039 2615 2117 φέρεσθαι
2646 2040 2795 2094 κάτω
2827 2035 2917 2093 διὰ
2944 2039 3042 2106 τήν
3081 2035 3224 2112 βίαν.

2110 2149 2173 2211 θ’.
2225 2146 2532 2221 Φερόμενος
2602 2143 2693 2200 οὖν
2740 2147 2769 2200 ὁ
2816 2145 2997 2222 τυφὼν
3062 2142 3210 2198 κάτω
3272 2141 3361 2196 καὶ
3433 2139 3522 2196 διὰ
3595 2142 3698 2210 τήν

2039 2235 2376 2311 ἀντίκρουσιν
2454 2233 2643 2306 κύκλῳ
2718 2233 3131 2309 περιαγόμενος,
3191 2230 3282 2286 καί
3348 2229 3493 2285 οὕτω
3568 2251 3692 2284 συν-

2034 2323 2364 2402 τρεφόμενοι·
2439 2323 2527 2378 καὶ
2607 2327 2778 2378 ποιῶν
2854 2319 3032 2377 ἓλικα·
3091 2322 3174 2382 οἷς
3249 2319 3307 2374 ἃν
3367 2319 3691 2394 προσπέσοι,

2031 2418 2199 2468 ταῦτα
2230 2409 2419 2485 κύκλῳ
2460 2411 2699 2489 στρέφων
2751 2415 2908 2466 κινεῖ.
2943 2410 3036 2464 Διὸ
3092 2407 3184 2463 καί
3238 2428 3360 2462 τινα
3417 2405 3690 2468 πολλάκις

2031 2507 2138 2558 τῶν
2170 2501 2256 2556 ἐπὶ
2303 2508 2403 2576 γῆν
2433 2503 2468 2570 ἢ
2505 2499 2780 2570 θαλάσσης
2834 2501 3062 2576 στρέψας
3122 2497 3199 2559 εἷς
3257 2496 3391 2571 ὕψος
3453 2495 3689 2551 ἀνέλκει·

2035 2591 2110 2653 ὡς
2173 2590 2260 2645 ἐπὶ
2317 2591 2378 2644 τὸ
2431 2589 2560 2644 αὐτὸ
2617 2588 2782 2646 πάλιν
2837 2588 3200 2660 ἀνακάμπτων
3259 2590 3341 2657 τῷ
3401 2587 3477 2658 μὴ
3539 2582 3684 2660 ἔχειν

2033 2677 2296 2750 διέξοδον.
2332 2680 2424 2735 Ἐκ
2477 2679 2572 2751 μὲν
2626 2676 2718 2733 οὖν
2767 2675 3039 2747 θαλάσσης
3082 2673 3228 2751 ὕδωρ
3278 2675 3490 2744 ἀνασπᾷ
3546 2672 3688 2728 πολ-

2033 2766 2212 2830 λάκιςο
2245 2765 2354 2836 ἤδη
2385 2764 2443 2822 δὲ
2472 2765 2561 2821 καί
2609 2765 2806 2821 πλοῖον
2868 2764 3191 2838 ἐμετεώρισε
3233 2767 3304 2838 τῇ
3363 2761 3484 2836 δίνῃ
3540 2781 3691 2838 περι-

2033 2852 2241 2913 λαϐών.
2276 2859 2368 2912 Ἐκ
2400 2853 2458 2912 δὲ
2486 2863 2585 2926 τῆς
2618 2863 2722 2931 γῆς
2771 2855 2860 2910 καὶ
2909 2853 3042 2925 ξύλα
3087 2853 3178 2908 καὶ
3228 2851 3436 2922 λίθους,
3464 2848 3573 2922 ἤδη
3632 2847 3690 2905 δὲ

2029 2946 2119 3000 καὶ
2173 2951 2302 3017 ζῶα,
2354 2946 2444 3000 τὸν
2498 2944 2658 3000 αύτον
2707 2943 2908 3019 τρόπον
2967 2943 3274 3019 ἀνήνεγκεν.
3319 2944 3456 2995 Ὅσα
3502 2937 3548 2994 δ’
3599 2940 3690 2994 ὑπ’

2031 3035 2194 3091 αὐτοῦ
2251 3035 2626 3113 ἀναφέρονται,
2686 3033 2874 3109 ὀλίγον
2957 3029 3380 3108 μετεωρισθέντα
3452 3027 3681 3107 καταφέ-

2031 3145 2212 3200 ρονται
2261 3123 2444 3196 πάλιν,
2493 3122 2760 3200 ξηρότατα
2805 3121 3071 3196 γενόμενα
3118 3118 3208 3175 διὰ
3261 3121 3359 3188 τήν
3414 3118 3688 3195 ξηρότητα

2027 3218 2124 3270 τοῦ
2155 3212 2443 3290 ἀνάγοντος
2469 3217 2638 3268 ταῦτα
2667 3210 2994 3284 πνεύματος.

2111 3484 2159 3540 ι’.
2191 3484 2351 3536 Ὅταν
2408 3480 2503 3553 μὲν
2553 3477 2644 3534 οὖν
2691 3479 2754 3534 τὸ
2803 3482 3014 3551 πνεῦμα
3039 3477 3102 3532 τὸ
3151 3474 3323 3539 οὕτως
3371 3475 3692 3550 κινούμενον

2038 3572 2114 3644 μή
2187 3567 2572 3646 κεχρωσμένον
2717 3563 2958 3644 πυρώδει
3031 3564 3199 3643 χρόᾳ,
3270 3563 3433 3636 ὁποίᾳ
3507 3564 3597 3619 καὶ
3655 3566 3691 3634 ἡ
3789 3625 3797 3630 _

2035 3659 2280 3737 ἀστραπή
2359 3655 2686 3733 κέχρωσται⁶
2766 3656 2888 3711 τότε
2963 3652 3210 3710 καλεῖται
3285 3654 3492 3732 τυφὼν,
3571 3654 3688 3708 οἷον

2035 3745 2280 3825 ἐκνεφίας
2331 3746 2569 3806 ἄπεπτος
2618 3739 2714 3800 ὤν.
2747 3743 2820 3798 Οὐ
2869 3744 2972 3819 γὰρ
3020 3740 3222 3804 τελέως
3277 3739 3690 3818 διακεκριμένον

2035 3833 2151 3893 οὐδ’
2201 3833 2612 3908 ἀπολελυμένον
2677 3834 2766 3888 ἀπ’
2831 3832 2996 3888 αὐτοῦ
3061 3835 3158 3887 τοῦ
3223 3832 3414 3910 νέφους
3463 3832 3525 3886 τὸ
3589 3835 3690 3886 τοὺ⁹

2031 3930 2278 4004 τυφῶνος
2336 3923 2637 3999 ἐκκρίνεται
2690 3926 2906 3995 πνεῦμα
2961 3923 3099 3976 καθὰ
3152 3921 3214 3976 τὸ
3270 3924 3366 3976 τοῦ
3423 3919 3691 3998 ἐκνεφίου,

2033 4012 2180 4070 ἀλλά
2234 4011 2559 4090 συνεφέλκον
2615 4032 2665 4066 τι
2713 4009 2804 4066 καὶ
2860 4014 2958 4064 τοῦ
3006 4010 3201 4087 νέφους
3235 4006 3324 4062 διὰ
3351 4008 3414 4062 τὸ
3465 4009 3540 4081 μὴ
3601 4029 3695 4062 πε-

2033 4097 2254 4179 πέφθαι,
2315 4101 2390 4162 ὡς
2445 4097 2696 4154 δύνασθαι
2755 4099 2976 4174 θάτερον
3037 4097 3144 4152 ἀπὸ
3227 4097 3453 4172 θατέρου
3512 4097 3694 4172 χωρίο

2036 4193 2233 4261 ζεσθαι.
2303 4193 2463 4245 Ὅταν
2534 4186 2592 4243 δὲ
2652 4188 2715 4242 τὸ
2781 4187 3181 4263 προειρημένον
3245 4191 3461 4260 πνεῦμα
3529 4205 3694 4240 κατα-

2034 4280 2320 4352 σπώμενον
2410 4278 2698 4353 ἐκπυρωθῇ
2789 4275 2987 4354 πεφθὶν
3047 4274 3098 4330 ἐν
3171 4279 3239 4350 τῇ
3317 4277 3526 4346 κινήσει
3602 4276 3694 4330 καί

2036 4367 2360 4444 λεπτότερον
2443 4367 2686 4443 γεγονὸς,
2771 4365 2895 4421 τότε
2947 4362 3195 4420 καλεῖται
3271 4365 3548 4442 πρηστιδςρ⁹
3606 4364 3693 4419 δτι

2029 4457 2123 4513 τὸν
2155 4455 2392 4527 πλησίον
2436 4451 2567 4532 ἀέρα
2616 4454 3082 4529 συνεκπίμπρησιν
3135 4452 3186 4508 ἐν
3243 4457 3313 4528 τῇ
3359 4451 3689 4530 ἐκπυρώσει,

2034 4546 2173 4602 ὥστε
2223 4547 2314 4601 καὶ
2370 4544 2742 4622 χρωματίζειν
2806 4542 2987 4599 αὐτόν.
3017 4541 3138 4598 Ἐὰν
3201 4539 3248 4598 δ’
3304 4541 3356 4597 ἐν
3416 4541 3564 4615 αύτῷ
3611 4547 3692 4615 τῷ

2032 4637 2181 4714 νέφει
2220 4633 2366 4690 πολὺ
2395 4633 2484 4688 καὶ
2526 4633 2722 4689 λεπτὸν
2773 4627 3004 4704 ἐκθλιϐῇ
3058 4636 3290 4705 πνεῦμα,
3321 4635 3484 4687 τοῦτο
3540 4632 3690 4706 γίνε-

273 4735 409 4775 vero
438 4719 496 4775 in
531 4722 661 4788 ipsa
692 4724 844 4778 nube
879 4723 1150 4794 capiosus
1181 4729 1238 4779 et
1283 4724 1478 4778 tenuis
1529 4723 1772 4795 spiritus
1829 4741 1926 4780 ex-

2042 4711 2120 4782 ται
2180 4722 2456 4800 κεραυνός.
2489 4723 2546 4776 Ὀ
2581 4723 2674 4795 μὲν
2733 4724 2833 4798 γὰρ
2889 4720 3073 4799 τυφὼν
3133 4725 3364 4798 παχεῖαν
3426 4718 3541 4798 ἔχει
3589 4721 3692 4790 τὴν

278 4823 521 4880 pressus
550 4809 742 4875 fuerit,
785 4811 1009 4868 fulmen
1064 4811 1117 4868 is
1173 4812 1444 4867 efﬁcitur.
1504 4811 1717 4868 Vortex
1769 4815 1925 4870 enim

276 4913 538 4954 crassam
570 4899 956 4956 excretionem
987 4901 1185 4969 habet,
1218 4906 1440 4974 prester
1469 4906 1665 4956 autem
1697 4902 1923 4958 tenuio-

274 5001 400 5041 rem
433 5002 610 5058 quam
640 4996 858 5058 vortex,
899 4991 1000 5048 sed
1059 4989 1253 5046 adhuc
1305 4990 1628 5047 subtilioris
1681 4991 1925 5064 spiritus

273 5076 496 5134 fulmen
528 5083 618 5135 est
647 5079 920 5135 excretio.

345 5168 432 5223 11.
465 5167 672 5224 Diﬂ‘ert
727 5172 924 5224 autem
983 5168 1057 5224 ab
1105 5167 1454 5240 excretione,
1509 5185 1636 5241 quas
1665 5169 1926 5226 tonitrua

273 5256 413 5314 facit
443 5261 500 5314 et
531 5256 786 5330 fulgura,
820 5259 975 5330 quod
1035 5257 1137 5314 illa
1193 5275 1296 5330 per
1349 5258 1589 5330 exiguas
1620 5263 1836 5330 partes,
1867 5263 1926 5315 et

272 5346 526 5419 sparsim
557 5351 616 5403 et
643 5363 712 5402 ex
741 5347 1064 5404 intervallis
1087 5347 1171 5417 fit,
1204 5346 1673 5419 imbecillemque
1693 5348 1924 5403 inflam-

277 5433 596 5490 mationem
629 5435 827 5492 habet.
876 5438 949 5491 At
1005 5436 1319 5492 fulminum
1377 5436 1740 5502 excretio.ab
1797 5437 1927 5508 ipsa

277 5523 472 5577 diﬂ'ert
500 5540 634 5578 cum
666 5526 973 5591 tenuitate,
1005 5530 1130 5580 tum
1155 5526 1396 5596 insuper
1423 5525 1601 5581 etiam
1653 5526 1928 5581 multitu-

278 5612 453 5670 dine:
487 5612 706 5669 fulmen
764 5614 922 5670 enim
972 5615 1359 5670 tenuissimus
1415 5620 1473 5669 et
1535 5614 1809 5688 copiosus
1838 5620 1929 5671 est

275 5701 547 5772 spiritus,
576 5703 675 5772 qui
706 5701 884 5756 simul
917 5703 1119 5769 fertur,
1151 5707 1208 5756 et
1233 5701 1606 5757 vehementer
1653 5703 1928 5759 incensus

275 5794 384 5846 est.

2035 4810 2291 4887 ἔκκρισιν·
2345 4810 2670 4886 λεπτοτέραν
2723 4807 2782 4865 δὶ
2824 4813 2922 4865 τοῦ
2967 4813 3214 4887 τυφῶνος
3245 4809 3273 4863 ὁ
3325 4811 3604 4886 πρηστήρ.
3633 4810 3692 4863 'O

2035 4899 2093 4958 δὲ
2119 4901 2401 4978 κεραυνὸς,
2431 4896 2509 4956 ἔτι
2543 4899 2754 4974 μᾶλλον
2808 4895 3138 4975 λεπτοτέρου
3185 4896 3496 4972 πνεύματός
3547 4897 3688 4954 ἐστιν

2034 4989 2270 5067 ἔκκρισις
2281 5033 2293 5046 .

2108 5169 2193 5228 ια’.
2226 5166 2482 5246 Διαφέροι
2531 5164 2575 5222 δ’
2604 5165 2663 5221 ἂν
2708 5171 2811 5236 τῆς
2856 5166 2950 5229 τὰς
3004 5166 3229 5242 βροντὰς
3275 5163 3368 5221 καὶ
3413 5164 3688 5239 ἀστραπὰς

2032 5255 2303 5327 ποιούσης
2361 5255 2674 5333 ἐκκρίσεως,
2731 5252 2814 5309 ὅτι
2880 5253 3017 5310 κατὰ
3095 5252 3264 5330 μικρά
3343 5254 3438 5328 μὲν
3517 5252 3690 5325 ἐκείνη

2033 5347 2123 5402 καὶ
2203 5341 2481 5422 σποράδην
2554 5343 2643 5400 καὶ
2707 5342 2767 5398 ἐκ
2822 5340 3234 5417 διαλειμμάτων
3318 5341 3519 5419 γίνεται
3603 5343 3696 5399 καὶ

2034 5435 2228 5505 ἀσθενῆ
2289 5436 2388 5504 τὴν
2449 5433 2750 5508 ἐκπύρωσιν
2811 5429 2950 5509 ἔχει.
3009 5433 3071 5488 Ἣ
3129 5429 3188 5488 δὲ
3241 5436 3350 5488 τῶν
3415 5436 3690 5510 κεραυνῶν

2037 5522 2286 5602 διαφέροι
2347 5523 2443 5597 μὲν
2503 5521 2564 5578 ἂν
2622 5521 2836 5593 ἐκείνης
2892 5520 2983 5576 καὶ
3013 5524 3083 5596 τῇ
3115 5519 3434 5592 λεπτότητι,
3463 5521 3527 5578 οὐ
3584 5523 3694 5595 μὴν

2035 5612 2183 5670 ἀλλὰ
2257 5611 2348 5668 καὶ
2427 5617 2508 5685 τῷ
2559 5611 2784 5682 πλήθει·
2843 5609 3173 5668 λεπτότατον
3232 5609 3336 5688 γὰρ
3394 5610 3487 5667 καὶ
3549 5607 3694 5666 πολὺ

2035 5707 2250 5774 πνεῦμα
2304 5701 2393 5756 καὶ
2457 5703 2600 5775 ὁμοῦ
2654 5699 2953 5779 φερόμενον
3012 5700 3101 5754 καὶ
3162 5698 3403 5774 ἰσχυρῶς
3462 5699 3691 5754 ἐκπεπυο

2041 5790 2284 5869 ρωμένον
2318 5791 2346 5845 ὁ
2376 5790 2655 5868 κεραυνός.
