4114 6428
349 422 509 484 1185

351 639 572 714 ἐπικαίῃ
621 643 789 693 ταῦτα
845 638 926 700 οἷς
986 636 1044 691 ἂν
1102 636 1458 713 προσπίπτοι·
1491 637 1553 691 τὸ
1598 642 1846 692 τοιοῦτον
1895 633 1998 709 (δὲ)

350 734 566 803 πνεῦμα
620 727 876 804 κεραυνὸν
935 725 1145 802 ἀργῆτα
1195 730 1449 781 καλοῦσιν
1511 727 1564 780 οἱ
1618 725 1862 798 ποιηταί.
1903 730 2003 779 ‘Av

354 817 413 876 δὲ
446 819 522 893 μή
554 816 728 879 οὕτως
760 813 843 886 εἷή
877 816 937 870 τὸ
979 820 1193 888 πνεῦμα
1249 812 1468 886 λεπτὸν,
1504 812 1650 870 ἀλλὰ
1705 813 2000 892 φερόμενον

356 908 601 965 ἰπικαῖον
688 907 937 984 φέρηται,
994 902 1181 966 ἄλλως
1265 903 1709 976 κατονομάζεται.
1767 905 1824 956 Ὀ
1909 903 2002 975 μὲν

357 993 450 1053 οὖν
500 995 675 1071 ἀργῆς
724 991 1068 1066 καλούμενος
1133 994 1314 1070 φθάνει
1374 990 1527 1048 διιὼν
1585 997 1754 1047 ταῦτα
1809 993 1891 1052 οἷς
1949 990 2009 1046 ἃν

357 1083 607 1160 ξμπὲσοι,
638 1084 744 1160 πρὸ
801 1087 897 1137 τοῦ
956 1080 1238 1136 ἐπικαῦσαι
1287 1082 1323 1150 ἢ
1379 1081 1524 1144 ὅλως
1579 1081 1804 1154 μελᾶναι
1853 1078 2006 1135 αὐτά·

361 1175 474 1246 ἅμα
534 1173 626 1246 μὲν
691 1169 781 1226 διὰ
835 1171 898 1225 τὸ
948 1169 1118 1247 τάχος
1161 1173 1262 1240 τῆς
1291 1172 1581 1241 κινήσεως,
1641 1171 1753 1244 ἅμα
1810 1167 1868 1224 δῖε
1920 1169 2012 1224 καὶ

356 1263 457 1332 τήν
513 1267 616 1330 τῆς
675 1259 858 1323 οὐσίας
908 1257 1217 1329 λεπτότητα
1263 1265 1486 1336 ταχεῖαν
1542 1259 1867 1333 ποιούμενος
1915 1260 2014 1328 τήν

361 1347 621 1422 διέξοδον.
652 1355 712 1408 'O
742 1347 789 1404 δ’
819 1346 992 1411 ἄλλος
1050 1349 1308 1425 κεραυνὸς
1371 1350 1446 1422 μή
1481 1349 1688 1421 ὁμοίως
1750 1349 2011 1425 ὑπάρχων

365 1438 586 1506 λεπτὸς,
618 1435 943 1514 βραδύτερόν
996 1459 1056 1492 τε
1099 1437 1419 1515 φερόμενος,
1464 1439 1740 1514 χρώννυσι
1801 1439 1894 1511 μὲν
1950 1436 2018 1491 τὰ

362 1530 445 1590 οἷς
479 1526 1007 1608 ἰμπελάζειηφθάνει
1041 1523 1098 1580 δὲ
1152 1525 1240 1581 καὶ
1273 1523 1430 1588 οὗτος
1476 1523 1704 1581 διελθὼν
1761 1527 1867 1602 πρὸ
1921 1529 2018 1580 τοῦ

363 1622 553 1673 καῦσαι
609 1616 762 1672 αὐτά.
808 1614 900 1671 Διὸ
939 1615 1028 1670 καὶ
1075 1616 1144 1671 τὰ
1195 1615 1288 1688 μὲν
1334 1615 1766 1685 ἀντιτυπήσαντα
1820 1614 2019 1689 πάσχει

365 1725 439 1762 τι’
474 1702 626 1761 οὐδὲν
682 1701 740 1760 δὲ
785 1709 1033 1760 τοιοῦτον
1088 1705 1288 1780 πάσχει
1343 1704 1409 1758 τὰ
1450 1705 1524 1778 μή
1569 1704 2019 1775 ἀντιτυπήσαντα·

367 1797 483 1850 οἷον
533 1792 760 1856 ἀσπίδος
819 1795 848 1850 ὁ
905 1794 998 1867 μὲν
1059 1792 1271 1870 χαλκὸς
1360 1791 1447 1850 διὰ
1530 1795 1629 1862 τήν
1714 1793 2022 1848 ἀντιτυπίαν

1685 413 2035 480 EPITOME
2080 415 2436 478 PHYSICA.

425 551 514 627 ιβ’.
548 551 646 608 “Av
693 549 789 622 μὲν
838 544 930 603 οὖν
975 544 1095 603 λίαν
1145 543 1226 616 εἶή
1277 547 1340 602 τὸ
1379 550 1593 621 πνεῦμα
1642 545 1862 619 λεπτὸν,
1898 543 2012 600 οὐδ’
2040 550 2097 616 Α

3621 416 3779 480 1186

2198 549 2282 603 12.
2317 549 2480 614 Quod
2513 549 2561 605 si
2589 549 2769 622 igitur
2797 549 3114 604 admodum
3147 548 3342 605 tenuis
3375 550 3548 605 fuerit
3596 551 3776 624 spiri-

2112 642 2236 704 tus,
2271 640 2369 693 sed
2404 644 2600 694 tamen
2632 655 2746 694 non
2780 639 2990 693 adurat
3023 655 3090 694 ea
3121 638 3180 693 in
3211 656 3338 710 quae
3371 639 3598 708 incidit,
3623 642 3777 713 ejus-

2113 727 2271 781 modi
2301 727 2574 799 spiritum
2607 733 2786 799 poetaa
2819 733 3101 798 argetem,
3135 728 3190 782 id
3224 733 3334 794 est,
3387 729 3611 784 clarum
3670 730 3778 786 ful-

2117 831 2272 884 men,
2305 821 2531 872 vocant.
2565 817 2666 871 Sin
2702 823 2899 872 autem
2932 816 3014 871 ita
3037 817 3236 873 tenuis
3266 817 3464 888 fuerit,
3497 819 3598 873 sed
3633 819 3776 874 dum

2116 903 2322 970 fertur,
2381 906 2682 960 adurendo
2756 906 3016 972 feratur;
3095 905 3263 961 aliter
3336 908 3774 977 denominatur,

2118 992 2386 1062 [Psoloen
2426 993 2670 1049 scilicet.
2732 994 2884 1050 218
2946 994 3114 1065 quasi
3171 995 3355 1062 dicas,
3389 995 3774 1068 l'uliginosum

2119 1073 2388 1160 fulmen].
2422 1083 2584 1149 Quod
2624 1082 2822 1155 itaque
2863 1100 3053 1156 arges,
3095 1083 3153 1139 id
3183 1089 3292 1152 est,
3335 1083 3557 1141 clarum
3607 1104 3778 1143 voca-

2123 1176 2241 1240 tur,
2276 1171 2442 1244 prius
2473 1177 2738 1243 penetrat
2769 1171 2871 1227 illa
2904 1173 2962 1227 in
2993 1190 3121 1244 quae
3153 1173 3376 1241 incidit,
3411 1192 3588 1247 quam
3630 1178 3774 1232 adu-

2125 1265 2236 1328 rat,
2291 1265 2396 1316 aut
2451 1259 2689 1316 omnino
2747 1260 3036 1316 infuscet:
3098 1277 3231 1316 cum
3287 1267 3521 1334 propter
3578 1273 3776 1323 motus

2126 1347 2504 1417 celeritatem,
2544 1355 2669 1404 tum
2702 1356 2941 1422 propter
2983 1351 3252 1406 essentia:
3303 1353 3647 1410 tenuitatem
3701 1355 3783 1412 ita

2127 1437 2388 1493 celeriter
2411 1439 2720 1494 transiens.
2741 1440 2850 1494 Sed
2881 1439 3132 1494 alterum
3156 1440 3374 1496 fulmen
3399 1443 3557 1513 quod
3583 1443 3783 1500 minus

2131 1533 2305 1582 tenue
2337 1532 2426 1582 est
2456 1533 2512 1582 et
2551 1528 2776 1583 tardius
2828 1529 3030 1596 fertur,
3081 1528 3271 1584 colore
3321 1531 3562 1602 quidem
3606 1533 3785 1606 tingit

2132 1633 2200 1671 ea
2228 1615 2447 1686 quibus
2475 1615 2791 1688 appulsum
2825 1616 3037 1684 fuerit;
3071 1617 3172 1671 sed
3213 1621 3270 1671 et
3312 1617 3419 1672 hoc
3465 1621 3632 1690 prius
3680 1636 3779 1691 pe-

2135 1708 2344 1771 netrat,
2380 1721 2554 1776 quam
2606 1709 2811 1760 exurat
2858 1721 2944 1759 ea.
2988 1705 3378 1771 Quamobrem
3429 1707 3607 1762 etiam
3653 1709 3782 1764 duae

2137 1795 2330 1849 renisa
2362 1793 2576 1849 fuerint
2615 1794 2920 1865 patiuntur
2976 1792 3222 1866 aliquid,
3283 1794 3364 1849 nil
3426 1798 3787 1868 patientibus

367 1882 556 1955 ἐτάκη,
604 1885 668 1938 τὸ
717 1880 776 1938 δὲ
824 1882 982 1954 ξύλον
1031 1883 1132 1937 οὐκ
1177 1881 1373 1953 ἐκαύθη
1424 1879 1538 1944 (διὰ
1584 1882 1862 1955 μανότητα
1923 1882 2025 1959 γὰρ

2146 1883 2254 1938 illis
2287 1899 2413 1954 quae
2446 1899 2560 1937 non
2591 1882 2965 1949 obstiterint;
3001 1882 3178 1938 veluti
3232 1884 3381 1938 scuti
3424 1901 3501 1940 aes
3551 1893 3790 1958 pr0pter

373 1969 568 2052 ἔφθασε
624 1971 882 2043 διηθηθὲν
938 1972 1002 2027 τὸ
1059 1977 1268 2045 πνεῦμα
1322 1971 1410 2026 καὶ
1462 1969 1720 2046 διελθόν)’
1753 1971 1843 2026 καὶ
1895 1972 2024 2044 ἱμα-

368 2061 506 2124 τίοις
567 2059 614 2116 δ’
673 2060 907 2134 ἐμπεσὸν
965 2059 1066 2115 οὐκ
1122 2057 1313 2115 ἔκαυσε
1376 2061 1468 2134 μὲν
1529 2060 1682 2132 αὐτὰ,
1725 2059 1853 2116 ἀλλ’
1910 2062 2024 2115 οἷον

366 2149 548 2227 τρύχη
627 2148 898 2220 ἐποίησεν.
961 2149 1025 2204 Οἱ
1097 2150 1192 2222 μὲν
1262 2147 1352 2204 οὖν
1425 2155 1533 2204 τῶν
1597 2154 1866 2226 κεραυνῶν
1940 2149 2028 2204 αἷ-

375 2236 642 2301 θαλώδεις
742 2238 916 2302 οὕτως
1005 2233 1247 2315 ἔχουσιν
1320 2239 1372 2293 οἱ
1449 2237 1506 2293 δὲ
1577 2239 1790 2314 ταχέως
1881 2235 2028 2309 διᾴτ-

373 2348 556 2390 τοντες
635 2329 884 2405 ἀργῆτες,
962 2327 1138 2401 οἶμαι,
1219 2329 1334 2383 κατ’
1409 2327 1722 2406 ἀντίφρασιν
1808 2327 2025 2402 ὠνομά-

380 2418 477 2488 σθη
488 2438 580 2472 σαν
591 2459 602 2470 .

454 2596 541 2670 ιγ’.
585 2595 682 2650 Καὶ
746 2595 798 2650 οἱ
852 2596 946 2668 μὶν
1017 2592 1334 2658 ἐλικοειδῶς
1394 2597 1686 2676 φερόμενοι
1758 2596 2030 2672 κεραυνοὶ,

386 2681 585 2739 ἑλικίαι
683 2683 954 2760 λέγονται’
1034 2686 1085 2739 οἱ
1171 2683 1228 2740 δὲ
1301 2688 1769 2757 κατασκήπτοντες
1842 2683 1918 2747 εἲίς
1983 2707 2033 2740 τι

391 2778 736 2849 μονομερῶς,
771 2773 823 2828 οἱ
850 2778 1093 2829 τοιοῦτοι
1123 2773 1414 2830 καλοῦνται
1447 2775 1703 2846 σκηπτοί.

462 2859 546 2918 ιδ’.
600 2862 712 2917 ’Δεὶ
763 2859 821 2917 δὲ
865 2868 981 2924 τοῖς
1047 2868 1329 2936 κεραυνοῖς
1393 2863 1769 2940 ἆνεκπύρωτον
1825 2868 2038 2937 πνεῦμα

390 2948 806 3006 συνακολουθεῖν
864 2951 954 3006 καὶ
1012 2953 1259 3028 προϊέναι
1319 2952 1493 3008 αὐτῶν
1573 2954 1898 3009 ὑπονοεῖται.
1945 2956 2039 3019 Οἷς

386 3040 491 3116 γὰρ
541 3037 600 3094 ἂν
652 3038 939 3112 ἐμπίπτειν
997 3039 1195 3114 μὲλλοι
1245 3043 1274 3096 ὁ
1320 3043 1599 3119 κεραυνὸς,
1646 3047 1814 3098 ταῦτα
1870 3049 2038 3099 κινεῖ-

384 3149 471 3183 ται
521 3128 628 3202 πρὸ
671 3136 770 3199 τῆς
817 3127 1064 3205 πληγῆς.
1113 3128 1290 3186 Ἀλλὰ
1334 3131 1422 3186 καὶ
1472 3131 1505 3185 ἃ
1561 3128 1859 3187 διίστανταί
1908 3154 2041 3188 ποτε

382 3215 678 3293 γενομένης
741 3218 992 3296 βροντῆς,
1052 3219 1114 3274 οὐ
1171 3225 1249 3293 τῷ
1307 3220 1468 3298 ψόφῳ
1527 3220 1673 3294 αὐτῷ
1736 3217 2036 3286 διίστασθαι

388 3301 558 3377 δοκεῖ,
607 3305 751 3362 ἀλλὰ
795 3312 876 3381 τῷ
923 3307 1292 3385 ἐκκρινομὲνῳ
1353 3310 1618 3383 πνεύματι
1676 3315 1783 3365 τῶν
1836 3316 2034 3389 νεφῶν,
2069 3291 2112 3356 C

389 3395 419 3450 ’ὀ
465 3392 557 3450 διὰ
599 3402 700 3465 τῆς
747 3398 884 3474 πρὸς
929 3399 997 3452 τὰ
1049 3399 1182 3478 νέφη
1234 3398 1462 3475 πληγῆς
1508 3401 1599 3454 τὸν
1650 3400 1822 3478 ψόφον
1871 3406 2036 3459 ποιεῖ.

387 3488 556 3538 Τοῦτο
643 3485 748 3562 γὰρ
839 3488 1097 3558 πατάξαν,
1185 3485 1432 3558 διέστησε
1529 3489 1646 3563 μὲν,
1720 3489 1818 3544 οὐκ
1910 3489 2039 3545 ἀπέ-

389 3593 554 3628 καυσε
586 3570 663 3631 δὲ.

464 3663 540 3720 ιε’.
593 3663 820 3738 Φέρεται
882 3661 940 3718 δὲ
985 3663 1133 3720 κάτω
1189 3671 1291 3720 πᾶν
1337 3667 1398 3721 τὸ
1449 3665 1825 3743 ἐκκρινόμενον
1881 3673 2041 3724 πνεῦ-

394 3771 486 3824 μα·
537 3751 714 3807 καίτοι
782 3752 934 3831 φύσει
1004 3753 1275 3831 τυγχάνον
1345 3755 1615 3834 ἀνωφερὲς
1682 3757 1756 3820 ὡς
1819 3758 2040 3834 θερμὸν,

393 3836 483 3894 διὰ
524 3841 587 3894 τὸ
641 3841 830 3914 βιαίως
882 3838 1224 3907 ἐκθλίϐεσθαι
1267 3849 1376 3899 τῶν
1425 3849 1620 3917 νεφῶν,
1661 3846 2044 3920 πυκνουμὲνων

386 3928 589 3992 ἄνωθεν
675 3931 765 3984 καὶ
845 3930 1292 4004 συστελλομένων
1369 3934 1458 3989 καὶ
1525 3936 1662 4011 πρὸς
1734 3935 2041 3992 τούναντίον

383 4015 531 4071 κάτω
581 4018 924 4091 ποιουμένων
971 4021 1069 4088 τὴν
1117 4017 1375 4099 ἔκκρισιν.
1425 4021 1580 4076 Οὕτω
1617 4022 1718 4100 γάρ
1761 4045 1881 4079 τινα
1939 4025 2041 4079 πά-

385 4102 472 4160 λιν
523 4106 789 4182 βαρότεοα
839 4108 1068 4176 σώματα
1112 4109 1203 4165 καὶ
1252 4110 1404 4189 φύσει
1453 4119 1741 4191 κατωφερῆ
1794 4111 1904 4168 ἅνω
1949 4113 2044 4192 φε-

386 4213 556 4272 ρεται,
606 4198 722 4251 οἷον
775 4194 1115 4270 ἐκπηδῶντα,
1167 4197 1258 4254 διὰ
1300 4201 1363 4255 τὸ
1412 4199 1651 4266 κάτωθεν
1713 4203 1813 4272 τήν
1864 4197 2044 4258 ἔκθλι-

385 4285 475 4357 ψιν
558 4285 835 4360 γίνεσθαι,
923 4287 1105 4365 ὥσπερ
1190 4289 1256 4344 τὰ
1341 4289 1812 4365 ἐκπυρηνιζόμενα
1915 4291 2042 4368 βλέ-

384 4391 584 4445 πομεν,
661 4374 752 4430 καὶ
839 4372 1005 4432 ὕδατα
1091 4375 1280 4433 πολλὰ
1363 4378 1600 4434 κάτωθεν
1683 4381 1795 4436 ἄνω
1880 4380 2041 4458 φερό-

396 4480 548 4535 μενοι.

2137 1973 2404 2027 renixum
2437 1971 2728 2044 liquatum
2765 1972 2910 2040 fuit;
2945 1971 3171 2045 lignum
3203 1979 3397 2029 autem
3430 1975 3602 2046 [tum]
3635 1993 3791 2034 com-

2139 2061 2378 2116 bustum
2413 2078 2528 2116 non
2563 2062 2671 2116 fuit
2703 2061 2939 2134 (quippe
2968 2066 3204 2133 propter
3219 2063 3516 2119 raritatem
3540 2063 3786 2136 spiritus

2137 2150 2302 2222 prius
2333 2149 2722 2209 transmissus
2757 2151 2864 2205 fuit
2893 2156 2950 2205 et
2981 2151 3360 2222 penetravit);
3396 2153 3494 2207 sed
3539 2158 3597 2208 et
3645 2170 3782 2209 cum

2142 2239 2201 2294 in
2244 2245 2429 2294 vestes
2455 2240 2741 2307 inciderit,
2764 2257 2875 2294 non
2914 2245 3110 2295 tamen
3134 2256 3233 2295 eas
3255 2241 3501 2309 adussit,
3529 2244 3629 2298 sed
3655 2260 3786 2315 pro-

2141 2328 2318 2382 trivit.
2351 2327 2443 2382 Sic
2475 2330 2674 2400 itaque
2703 2328 2967 2382 ardentia
2997 2344 3058 2382 se
3091 2327 3308 2382 habent
3339 2328 3624 2397 fulmina;
3658 2347 3786 2403 quae

2143 2433 2273 2472 vero
2304 2415 2568 2471 celeriter
2599 2415 2928 2488 prosiliunt,
2960 2415 3134 2486 clara,
3169 2422 3232 2471 ut
3260 2417 3487 2488 opinor,
3521 2435 3624 2491 per
3679 2436 3784 2476 an-

2141 2505 2460 2578 tiphrasin,
2494 2505 2651 2560 dicta
2681 2509 2840 2560 sunt.

2217 2597 2302 2650 13.
2337 2594 2472 2657 Quae
2504 2597 2697 2649 autem
2732 2593 2980 2649 fulmina
3011 2595 3316 2652 convolute
3343 2596 3632 2664 feruntur,
3687 2597 3792 2655 he-

2146 2683 2289 2739 liciae
2322 2684 2634 2738 dicuntur:
2669 2700 2794 2754 qua:
2824 2699 2957 2738 vero
2990 2683 3049 2738 in
3071 2684 3291 2756 aliquid
3330 2685 3635 2758 sigillatim
3672 2685 3792 2742 illi-

2148 2774 2386 2844 duntur,
2422 2774 2539 2828 haec
2571 2779 2770 2846 scepta
2799 2778 3099 2829 vocantur.

2221 2864 2306 2918 14.
2331 2863 2506 2918 Porro
2529 2863 3018 2934 semperspiritus
3042 2881 3155 2919 non
3180 2864 3584 2921 inflammatus
3603 2865 3795 2922 fulmi-

2148 2970 2225 3008 na
2245 2953 2526 3024 subsequi
2547 2958 2605 3008 et
2626 2953 2948 3023 praecedere
2960 2953 3462 3010 animadvertitur.
3486 2959 3615 3010 Haec
3637 2955 3793 3012 enim

2148 3043 2205 3098 in
2222 3060 2347 3114 quae
2374 3041 2592 3097 fulmen
2615 3041 2962 3096 irruiturum
2981 3041 3268 3111 est,etiam
3284 3049 3419 3099 ante
3435 3043 3617 3099 ictum
3638 3045 3793 3102 219

2153 3136 2480 3188 moventur.
2539 3131 2650 3186 Sed
2706 3135 2762 3186 et
2819 3147 2946 3202 qua:
2998 3131 3304 3186 finduntur
3367 3149 3790 3206 nonnunquam

2150 3223 2304 3279 edito
2334 3221 2575 3282 tonitru,
2608 3237 2723 3274 non
2746 3219 2874 3292 ipso
2902 3237 3065 3287 sono,
3100 3222 3199 3275 sed
3231 3221 3438 3292 spiritu
3473 3222 3571 3294 qui
3602 3239 3797 3279 excer-

2152 3311 2333 3378 nitur,
2365 3309 2581 3381 quippe
2613 3315 2920 3380 prOpterea
2965 3310 3119 3380 quod
3176 3309 3234 3363 in
3286 3311 3470 3366 nubes
3520 3310 3800 3384 impingit

2151 3415 2359 3456 sonum
2385 3397 2582 3465 etlicit,
2609 3397 2746 3452 {indi
2775 3397 3066 3453 videntur.
3099 3398 3324 3471 Quippe
3346 3399 3396 3454 is
3420 3400 3800 3471 percussione

2151 3505 2256 3544 sua
2287 3488 2468 3544 efﬁcit
2499 3487 2757 3558 quidem,
2795 3492 2858 3541 ut
2889 3487 3190 3542 ﬁndantur
3217 3512 3231 3554 ;
3256 3492 3316 3542 at
3346 3504 3460 3544 non
3490 3488 3628 3544 item
3655 3505 3800 3545 exu-

2152 3577 2226 3633 rit
2257 3594 2344 3634 ea.

2226 3668 2312 3723 15.
2353 3667 2607 3738 Denique
2636 3666 2912 3722 deorsum
2958 3665 3140 3721 fertur
3185 3665 3378 3722 omnis
3404 3666 3649 3738 spiritus
3696 3667 3800 3739 qui

2153 3757 2502 3822 excernitur,
2543 3755 2781 3810 tametsi
2813 3754 2960 3810 alias
2990 3760 3228 3828 propter
3256 3755 3510 3812 calorem
3559 3773 3800 3812 sursum

2151 3847 2377 3913 tendat,
2429 3849 2734 3916 propterea
2780 3844 2936 3915 quod
2997 3843 3279 3899 violenter
3341 3851 3687 3901 excernatur
3733 3861 3803 3902 ex

2156 3935 2414 3991 nubibus
2446 3950 2573 4005 quae
2605 3947 2857 4004 superne
2889 3933 3223 4002 spissantur
3253 3938 3308 3986 et
3329 3931 3802 4004 confringuntur,

2154 4029 2211 4080 et
2240 4025 2297 4077 in
2330 4021 2680 4077 contrariam
2711 4025 2958 4092 partem,
3003 4021 3272 4075 deorsum
3308 4020 3552 4091 scilicet,
3612 4037 3808 4076 excre-

2154 4112 2371 4168 tionem
2406 4109 2647 4166 faciunt.
2671 4109 2760 4164 Sic
2781 4108 2937 4164 enim
2963 4108 3222 4164 vicissim
3246 4109 3513 4181 graviora
3535 4110 3805 4181 quaedam

2154 4217 2417 4274 corpora,
2449 4215 2696 4272 quaeque
2719 4203 2927 4253 natura
2956 4198 3231 4253 deorsum
3263 4203 3530 4270 vergunt,
3564 4215 3804 4255 sursum

2154 4296 2463 4346 moventur
2489 4287 2656 4359 quasi
2689 4286 3039 4357 exsilientia,
3065 4287 3138 4341 ob
3187 4288 3576 4342 excretionem
3628 4286 3802 4343 nimi-

2154 4397 2286 4435 rum
2345 4379 2570 4433 inferne
2623 4377 2878 4442 factam;
2956 4376 3455 4448 quemadmodum
3533 4392 3676 4432 sane
3738 4393 3808 4432 ea

2153 4485 2280 4542 quaa
2339 4466 2694 4538 compressis
2773 4465 2976 4538 digitis
3063 4463 3382 4535 eliduntur,
3451 4469 3509 4520 et
3588 4461 3808 4520 multas

2070 4547 2116 4612 D
2155 4574 2342 4631 aquas
2392 4573 2462 4612 ex
2517 4556 2704 4612 infero
2733 4554 2793 4610 in
2852 4569 3134 4626 superum
3196 4553 3392 4610 locum
3446 4553 3667 4609 moveri
3723 4551 3808 4610 vi-

2153 4649 2385 4704 demus.

1697 4837 2038 4896 SYNOPSIS
2075 4836 2352 4895 CAPITIS
2391 4833 2504 4900 XX,

1016 4939 1173 4987 QUOD
1213 4941 1314 4982 EST
1352 4942 1422 4981 DE
1459 4942 1726 4982 OSTENTIS
1765 4944 1889 4984 SIVE
1923 4943 2188 4985 SPEC‘I‘RIS
2227 4941 2358 4992 QUAS
2389 4941 2446 4978 IN
2487 4938 2656 4980 ασειο
2708 4937 3182 4978 (ΖΟΝΒΡῘΟῙῸΝΤΗΒ.

393 5016 453 5076 1.
471 5014 873 5108 ῥ’ρςεῖνονιιιη
902 5040 1003 5081 seu
1032 5033 1387 5108 ostentorum
1411 5043 1540 5108 quae
1562 5026 1627 5084 in
1647 5025 1787 5108 coelo
1803 5027 2247 5108 conspiciuntur
2273 5042 2511 5108 causam
2528 5021 2792 5108 exponit,
2817 5021 3043 5108 fomitis
3063 5020 3450 5108 incensionem
3461 5015 3704 5108 scilicet.
3730 5051 3808 5063 -—

468 5097 528 5156 2.
555 5096 638 5186 _ln
664 5101 852 5186 specie
880 5120 1116 5163 causam
1148 5107 1346 5186 aperit
1370 5096 1678 5165 variorum
1711 5107 1771 5165 in
1796 5096 1949 5166 caelo‘
1970 5109 2386 5186 apparentium
2419 5096 2700 5186 coiofam,
2720 5101 2798 5186 in
2817 5096 3039 5186 primis
3069 5120 3204 5162 vero
3229 5099 3472 5186 punicei
3479 5108 3557 5186 _et
3579 5118 3810 5178 purpu-

470 5177 565 5237 rei
578 5177 796 5265 ,'_qilod
823 5181 1014 5265 [umeri
1041 5203 1153 5264 per
1181 5177 1420 5244 densum
1455 5191 1618 5246 220
1649 5206 1840 5246 aerem
1867 5177 2193 5260 sublabens,
2229 5186 2455 5265 elﬁccat
2482 5182 2611 5242 illos
2639 5177 2856 5265 colores
2890 5201 2912 5242 .·
2953 5182 3131 5262 idque
3177 5177 3310 5241 cam
3356 5177 3674 5265 stellarum.
3702 5177 3814 5238 ior-

474 5258 720 5348 teat-ium
750 5269 805 5320 et
847 5258 1234 5324 occide-hlium
1265 5265 1530 5346 exemplo
1549 5266 1800 5348 probat,
1833 5286 1965 5348 quae
1993 5258 2187 5328 etiam
2195 5258 2561 5348 pu'nicezer
2589 5261 3000 5348 eadern_eausa
3023 5258 3323 5348 apparent
3347 5283 3368 5348 ί
3399 5271 3521 5348 tu_m
3567 5259 3813 5319 univer-

473 5337 596 5428 sali
616 5352 971 5428 argumenta
1002 5364 1191 5404 omnis
1220 5347 1380 5424 ignei
1409 5337 1467 5406 ἐι
1492 5337 1642 5428 αζύί,
1676 5337 2027 5427 quod-(rans
2045 5337 2288 5428 nigram
2314 5355 2420 5407 aut
2449 5346 2508 5402 in
2539 5345 2714 5428 nigro
2745 5342 2998 5428 videtur,
3037 5337 3305 5403 at'etiam
3337 5343 3395 5401 in
3423 5341 3668 5422 ﬂamma
3697 5358 3815 5419 per

472 5418 710 5510 fumum
754 5422 980 5510 [urente
1006 5418 1280 5510 appar-ei.
1316 5459 1391 5470 —
1423 5428 1500 5510 3.7
1519 5418 1771 5507 Insuper
1792 5431 1854 5510 in
1881 5431 2070 5510 specie
2097 5418 2280 5510 docet.
2318 5418 2623 5510 quomoda
2638 5423 2833 5482 hiatus
2863 5431 2917 5510 et
2946 5418 3598 5510 faveaegenerenturﬂet
3625 5418 3818 5510 appa-

474 5508 667 5587 izeant.
691 5535 771 5544 —
797 5506 857 5562 4.
893 5504 982 5587 t
1021 5502 1310 5587 quomodo
1339 5525 1414 5567 ex
1441 5502 1738 5584 ejusmodi
1760 5502 1949 5587 foveis
1977 5519 2033 5570 et
2074 5502 2339 5570 lu'alibui
2359 5508 2521 5586 faces
2561 5523 2716 5584 saepe
2740 5502 3011 5587 excidere
3044 5505 3373 5587 videantur.
3408 5537 3482 5546 —
3616 5502 3814 5577 Quare

469 5575 634 5673 (ἐπὶ-ζα
650 5594 885 5673 ερεεινςα
917 5575 1176 5673 interdiu
1205 5605 1320 5673 non
1350 5575 1812 5673 conspiciantur,
1839 5589 1943 5651 sed
1965 5599 2138 5652 noctu
2163 5575 2397 5663 saltem,
2431 5595 2498 5646 ut
2524 5593 2580 5646 et
2603 5575 2679 5646 eis
2707 5583 2992 5645 coloribus
3027 5604 3087 5645 ιη
3131 5585 3349 5673 primis
3371 5575 3684 5668 puniceas.
3733 5611 3812 5628 -

474 5657 538 5722 6.
563 5657 933 5730 Eoiumdem
963 5665 1306 5749 adjacemia
1335 5657 1967 5750 quaedamenumerat.

2001 5799 2198 5830 plu—-
