4114 6422
349 433 504 498 1187

989 564 1217 622 CAPUT
1237 564 1352 621 XX.

561 659 638 714 De
662 658 890 715 extensi:
917 669 1043 729 quae
1070 656 1131 710 in
1159 655 1296 711 cwlo
1343 657 1779 726 conspiciuntur.

419 838 470 893 1.
521 835 707 892 Multa
754 850 1178 905 nonnunquam
1230 837 1405 888 noctu
1470 832 1782 888 serenitate
1844 832 1992 887 exsi-

347 933 535 984 stente
561 927 618 980 in
653 924 792 980 coelo
823 929 1051 980 ostenta
1081 939 1184 977 seu
1211 927 1461 994 spectra.
1495 925 1559 976 ut
1589 919 1809 976 colores
1857 937 1994 975 san-

346 1017 566 1090 guinei,
626 1021 682 1071 et
739 1015 936 1070 hiatus
981 1019 1038 1068 et
1098 1013 1269 1067 foveae
1331 1011 1656 1066 consistere
1699 1009 1990 1065 videntur.

345 1106 565 1162 Horum
598 1121 730 1160 vero
761 1103 1027 1160 omnium
1085 1118 1263 1156 causa
1317 1100 1583 1156 redditur
1631 1098 1854 1154 fomitis
1903 1099 1990 1154 in-

348 1195 567 1252 censio.

416 1285 470 1340 2.
503 1289 644 1339 Cum
679 1283 834 1338 enim
869 1283 1074 1345 fomes,
1109 1285 1173 1334 ut
1201 1284 1336 1334 ante
1367 1277 1587 1334 dictum
1630 1282 1736 1343 est,
1798 1275 1990 1332 incen-

345 1375 542 1440 datur,
573 1378 629 1427 et
661 1371 920 1426 incensio
953 1371 1081 1440 ejus
1113 1368 1258 1424 alias
1290 1368 1540 1423 ﬂamma:
1564 1367 1812 1422 ardenti.
1846 1365 1989 1421 alias

347 1463 572 1519 facibus
603 1466 661 1518 et
691 1458 876 1516 stellis
926 1457 1406 1531 procurrentibus
1459 1455 1674 1511 similis
1729 1455 1841 1510 sit:
1901 1455 1990 1508 ni-

347 1551 428 1607 hil
459 1551 781 1607 absurdum
814 1554 924 1615 est,
957 1548 1005 1602 si
1027 1545 1317 1618 ejusmodi
1341 1543 1906 1600 inflammationibus
1931 1544 1988 1597 in

345 1640 474 1713 ipso
525 1638 850 1696 orientibus
878 1637 1023 1692 varii
1083 1635 1304 1691 colores
1361 1638 1702 1706 appareant.
1765 1632 1988 1687 Lumen

343 1730 503 1787 enim
541 1727 589 1784 si
623 1743 726 1800 per
774 1729 1022 1782 densum
1072 1741 1265 1780 aerem
1319 1722 1640 1790 subluceat,
1692 1721 1780 1777 vel
1831 1721 1985 1792 quod

344 1836 444 1876 aer
472 1818 726 1884 densior,
761 1816 960 1872 lumen
993 1814 1190 1870 minus
1235 1818 1362 1882 est;
1412 1811 1502 1867 vel
1549 1811 1746 1866 lumen
1793 1808 1988 1882 cepio-

342 1907 487 1979 sius,
521 1923 621 1963 aer
649 1923 780 1961 vero
811 1904 1010 1960 minus
1039 1903 1296 1968 densus;
1329 1900 1520 1956 omnis
1549 1899 1777 1971 generis
1823 1898 1979 1953 colo-

341 2013 475 2052 rum
524 1996 672 2052 221
727 1992 980 2066 speciem
1031 1991 1362 2057 exhibebit;
1415 1990 1472 2044 in
1527 1988 1732 2061 primis
1783 1991 1981 2042 autem

340 2084 577 2159 punicei
607 2088 664 2140 et
693 2080 990 2156 purpurei.
1025 2080 1093 2135 Hi
1127 2079 1279 2135 enim
1310 2078 1553 2148 colores,
1613 2094 1681 2132 ex
1710 2077 1881 2148 igneo
1931 2080 1988 2131 et

339 2175 472 2232 albo
502 2190 634 2230 cum
685 2173 852 2244 nigro
911 2186 1014 2243 per
1069 2167 1495 2241 oppositionem
1556 2166 1748 2221 mistis
1796 2165 1985 2235 magis

340 2262 464 2319 ﬁeri
521 2260 982 2333 conspiciuntur.
1043 2257 1137 2313 Sic
1196 2256 1475 2311 nimirum
1536 2255 1714 2311 etiam
1804 2253 1984 2309 stellas

337 2352 590 2408 orientes
620 2354 678 2405 et
706 2347 1056 2413 occidentes,
1087 2361 1224 2401 cum
1254 2349 1430 2400 aestus
1469 2344 1665 2410 fuerit,
1727 2343 1985 2415 puniceae

339 2443 642 2512 apparent.
676 2437 820 2493 Cum
854 2435 1010 2493 enim
1042 2452 1145 2508 per
1174 2450 1368 2491 aerem
1393 2434 1582 2506 magis
1607 2433 1853 2488 densum
1878 2448 1984 2488 nec

333 2527 578 2602 perinde
631 2525 992 2599 pellucidum
1041 2528 1382 2592 cernuntur,
1436 2539 1774 2595 quanquam
1835 2520 1981 2577 albae

336 2621 496 2684 sunt,
532 2616 788 2689 punicea
817 2619 1015 2670 tamen
1045 2612 1512 2684 conspiciuntur,
1554 2612 1693 2666 dum
1742 2610 1981 2683 nigredo

337 2723 456 2778 qua
483 2705 724 2762 aifectus
756 2721 857 2760 aer
881 2709 988 2772 est,
1023 2720 1154 2758 cum
1207 2701 1512 2756 stellarum
1563 2699 1831 2756 albedine
1880 2716 1983 2771 per

337 2795 683 2851 oﬂ‘usionem
715 2792 1151 2849 commiscetur.
1185 2791 1296 2846 Sed
1331 2795 1386 2846 et
1416 2789 1562 2845 tales
1596 2806 1698 2860 per
1748 2788 1980 2844 fumum

335 2889 656 2955 conspectae
685 2887 982 2956 apparent.
1015 2881 1165 2945 Quin
1193 2879 1252 2935 in
1287 2880 1624 2934 universum
1673 2879 1758 2934 ita
1797 2896 1858 2934 se
1888 2896 1982 2936 res

336 2972 548 3029 habet:
584 2973 822 3045 igneum
852 2975 908 3026 et
938 2970 1159 3036 album,
1199 2985 1333 3024 cum
1383 2972 1547 3023 trans
1596 2969 1829 3040 nigrum
1881 2973 1982 3024 aut

335 3062 395 3116 in
427 3061 592 3131 nigro
619 3060 868 3126 videtur,
914 3076 1014 3130 pro
1063 3059 1221 3114 varia
1266 3057 1418 3112 inter
1472 3073 1533 3112 se
1568 3057 1815 3112 invicem
1867 3059 1980 3112 mi-

335 3150 522 3206 stione
553 3149 769 3204 multas
800 3149 1058 3204 colorum
1089 3147 1446 3202 differentias
1467 3145 1799 3201 ostendunt.
1833 3147 1980 3202 Nam

328 3242 386 3294 et
412 3239 661 3293 ﬂammas
693 3237 852 3293 color
881 3235 1026 3292 alias
1066 3237 1332 3291 diversus
1379 3251 1483 3306 per
1527 3235 1754 3290 furnum
1809 3252 1982 3308 appa-

1599 433 2026 498 NICEPHORI
2067 433 2506 500 BLEMMIDAS

2026 574 2081 639 Α

3604 433 3778 506 1188

2746 571 2998 627 ΚΕΦΑΛ’
3044 576 3115 625 K'.

2105 654 2236 730 Περὶ
2332 661 2439 712 τῶν
2537 656 2589 712 έν
2690 661 2769 730 τῷ
2863 657 3073 750 οὖρανῷ
3175 659 3517 738 φαινομένων

2821 750 3023 802 ματων.

3629 686 3771 744 φασ-

2175 833 2239 886 α’.
2277 832 2532 889 Φαίνεταί
2607 856 2740 892 ποτε
2811 837 3169 910 συνιστάμενα
3258 839 3468 917 νύκτωρ
3548 841 3770 918 αἰθρίας

2105 915 2269 992 οὔσης
2299 921 2484 978 πολλά
2514 923 2765 1001 φάσματα
2796 925 2848 979 ἐν
2895 929 2974 998 τῷ
3027 925 3260 1003 οὐρανῷ,
3294 929 3408 983 οἷον
3442 915 3764 1004 αἱματώδη

2100 1010 2222 1064 τινά
2261 1011 2552 1088 χρώματα,
2595 1013 2854 1090 χάσματά
2902 1035 2960 1070 τε
3008 1015 3096 1070 καὶ
3150 1015 3392 1092 βόθυνοι.
3441 1019 3659 1076 Τούτων
3706 1019 3768 1078 δὲ

2101 1100 2315 1155 πάντων
2383 1099 2776 1178 αἰτιολογεῖται
2847 1108 2946 1159 τοῦ
3023 1104 3436 1180 ὑπεκκαύματος
3495 1110 3530 1178 ἦ
3593 1108 3762 1166 έκπύ-

2101 1208 2288 1264 ρωσις.

2175 1277 2243 1354 β’.
2294 1280 2732 1356 Ἐκπυρουμένου
2789 1281 2890 1358 γὰρ
2941 1283 3040 1337 τοῦ
3088 1282 3526 1357 ὑπεκκαύματος,
3574 1289 3758 1352 καθὼς

2101 1363 2311 1443 εἷ’ρηται
2353 1369 2638 1447 πρότερον,
2679 1370 2769 1425 καὶ
2809 1371 2941 1426 ποτὲ
2997 1371 3090 1444 μὲν
3138 1371 3375 1435 ἐοικυίας
3430 1381 3534 1444 τῆς
3589 1376 3750 1432 αὐτοῦ

2100 1452 2456 1530 ἐκπυρώσεως
2523 1457 2786 1535 καιομένῃ
2861 1459 3053 1538 φλογὶ,
3115 1461 3246 1516 ποτὶ
3324 1459 3381 1517 δὲ
3459 1457 3642 1527 δαλοῖς
3706 1463 3743 1534 ἢ

2099 1543 2318 1621 ἀστράσι
2353 1547 2698 1623 φερομένοις,
2749 1545 2902 1604 οὑδὶν
2962 1548 3162 1605 ἄτοπον
3208 1550 3471 1606 τοιούτων
3520 1551 3746 1628 ἐξάψεων

2099 1633 2150 1687 έν
2209 1633 2355 1707 αὐτῷ
2411 1638 2715 1711 γινομένων
2784 1637 3015 1695 ποικίλα
3093 1640 3369 1715 χρώματα
3451 1642 3752 1720 φαίνεσθαι.

2099 1723 2198 1776 Διά
2261 1723 2363 1809 γάρ
2428 1730 2633 1781 πυκνοῦ
2696 1725 2856 1804 ἀέρος
2906 1728 3334 1806 ὑποφαινόμενον
3387 1735 3524 1809 φῶς,
3571 1731 3607 1802 ἢ
3655 1737 3756 1790 τοῦ

2097 1809 2254 1887 ἀέρος
2299 1807 2454 1876 ὄντος
2513 1811 2724 1888 μᾶλλον
2785 1819 3013 1890 πυκνοῦ,
3061 1821 3160 1874 τοῦ
3209 1807 3409 1896 φωτὸς
3438 1816 3485 1874 δ’
3527 1818 3755 1878 ἐλάττου

2101 1920 2212 1969 νος,
2244 1901 2279 1970 ἢ
2328 1900 2582 1965 πλείονος
2637 1904 2730 1978 μὶν
2776 1909 2874 1960 τοῦ
2922 1904 3121 1984 φωτὸς,
3153 1911 3249 1964 τοῦ
3288 1904 3335 1962 δ’
3365 1907 3524 1986 ἀέρος
3589 1913 3757 1980 ἧττον

2099 1995 2321 2061 πυκνοῦ,
2365 1991 2653 2069 φαντασίαν
2713 1995 2930 2065 ποιήσει
3001 1997 3316 2070 χρωμάτων
3363 1995 3751 2059 παντοδαπῶν.

2101 2077 2336 2150 μάλιστα
2424 2080 2603 2154 μέντοι
2687 2087 2785 2137 τοῦ
2868 2088 3114 2162 φοινικοῦ
3164 2105 3224 2139 τε
3279 2085 3370 2141 καὶ
3439 2093 3750 2167 πορφυροῦ.

2093 2173 2268 2222 Ταῦτα
2318 2169 2422 2246 γὰρ
2468 2169 2535 2224 τά
2592 2171 2865 2246 χρώματα
2909 2172 3163 2248 γινόμενα
3226 2174 3469 2254 φαίνεται
3531 2175 3750 2251 μᾶλλον

2095 2255 2156 2311 ἐκ
2201 2261 2300 2312 τοῦ
2372 2256 2661 2334 πυρώδους
2729 2281 2789 2316 τε
2843 2261 2934 2316 καὶ
3003 2260 3201 2317 λευκοῦ
3262 2266 3608 2340 μιγνυμένων
3669 2270 3751 2340 τῷ

2098 2343 2289 2418 μέλανι
2344 2347 2478 2401 κατὰ
2551 2353 2654 2416 τῆς
2723 2346 3192 2424 έπιπροσθήσεως.
3253 2351 3408 2407 Οὕτω
3466 2358 3596 2428 γοῦν
3655 2354 3748 2411 καὶ

2094 2434 2145 2487 οἳ
2194 2433 2410 2506 ἀστέρες
2469 2435 2786 2512 ἀνίσχοντες
2843 2439 2933 2492 καὶ
2989 2435 3266 2513 δυόμενοι,
3323 2441 3602 2516 καύματος
3653 2439 3745 2498 ὄν-

2089 2543 2204 2595 τος,
2237 2522 2514 2601 φαίνονται
2566 2531 2820 2603 φοινικοῖ.
2873 2528 2971 2582 Διά
3010 2529 3112 2604 γὰρ
3154 2533 3251 2583 τοῦ
3304 2529 3462 2606 ἀέρος
3519 2551 3746 2606 περιπυ-

2090 2612 2387 2685 κνουμένου
2443 2612 2531 2667 καὶ
2605 2613 2710 2691 οὑχ
2781 2615 2991 2688 ὁμοίοις
3046 2611 3204 2680 ὄντος
3252 2615 3546 2696 διαφανοῦς
3602 2621 3742 2697 ὁρώ-

2093 2721 2265 2774 μενοι,
2327 2700 2512 2757 λευκοὶ
2589 2699 2760 2776 ὄντες,
2821 2704 3095 2783 φαίνονται
3173 2713 3431 2782 φοινικοῖ,
3485 2707 3742 2786 μιγνυμέ-

2089 2811 2206 2862 νου,
2231 2793 2327 2844 τοῦ
2377 2791 2500 2867 περὶ
2558 2792 2648 2847 τὸν
2684 2792 2813 2870 ἀέρα
2873 2792 3101 2866 μέλανος
3159 2799 3228 2870 τῇ
3283 2791 3571 2868 λευκότητι
3628 2800 3735 2853 τῶν

2091 2878 2326 2954 ἀστέρων
2396 2881 2513 2934 κατ’
2565 2879 2977 2958 ἐπιπρόσθησιν.
3031 2887 3280 2939 Τοιοῦτοι
3353 2882 3412 2940 δὲ
3485 2886 3575 2941 καὶ
3649 2883 3737 2941 διά

2089 2972 2297 3022 καπνοῦ
2346 2969 2614 3044 ὁρώμενοι
2670 2970 2968 3048 φαίνονται.
2997 2970 3181 3036 Ὅλως
3232 2993 3292 3029 τε
3344 2975 3434 3029 καὶ
3492 2973 3746 3051 πυρῶδες

2089 3056 2178 3110 καὶ
2234 3056 2296 3111 τὸ
2355 3055 2544 3113 λευκὸν
2595 3056 2684 3114 διά
2737 3064 2836 3114 τοῦ
2891 3059 3123 3134 μέλανος
3175 3062 3454 3137 ὁρώμενον
3487 3065 3522 3133 ἢ
3555 3063 3607 3120 ἐν
3665 3068 3745 3136 τῷ

2095 3143 2289 3218 μέλανι
2336 3144 2552 3208 πολλάς
2621 3144 2850 3203 δείκνυσι
2909 3151 3224 3227 χρωμάτων
3290 3149 3552 3231 διαφορὰς
3609 3152 3746 3208 κατά

2088 3233 2187 3303 τὴν
2238 3234 2497 3306 ποικίλην
2553 3236 2692 3310 μίξιν
2740 3236 2938 3294 αὐτῶν.
2979 3239 3078 3294 Καὶ
3119 3241 3181 3294 τὸ
3241 3245 3446 3318 χρῶμα
3495 3243 3595 3318 γὰρ
3645 3249 3746 3312 τῆς

327 3331 433 3382 ret.
506 3325 649 3381 Cum
730 3326 886 3380 enim
960 3326 1160 3379 furnus
1237 3323 1538 3396 aliquanto
1615 3328 1704 3379 est
1781 3323 1974 3379 humi-

2093 3320 2295 3400 φλογὸς
2358 3321 2558 3380 ἄλλοτε
2625 3323 2852 3381 ἀλλοῖον
2910 3326 3150 3405 φαίνεται
3210 3327 3300 3384 διὰ
3357 3334 3456 3384 τοῦ
3511 3317 3746 3388 καπνοῦ.

326 3416 475 3482 dior,
539 3415 789 3470 ﬂammae
839 3430 1051 3485 corpus
1101 3412 1550 3484 purpurisseum
1602 3417 1880 3484 apparet;
1921 3416 1980 3468 at

330 3503 670 3578 puniceum,
731 3520 864 3558 cum
917 3505 1116 3557 fumus
1155 3510 1242 3557 est
1284 3503 1484 3556 minus
1531 3501 1834 3556 humidus.
1885 3505 1980 3556 At-

327 3608 443 3665 que
499 3591 608 3649 hoc
667 3609 808 3648 sane
869 3591 1042 3646 modo
1100 3590 1433 3645 differentes
1499 3589 1720 3645 colores
1794 3606 1979 3662 appa-

327 3686 480 3738 rent.

399 3788 453 3844 3.
500 3788 706 3844 Hiatus
752 3792 949 3844 autem
983 3792 1042 3842 et
1088 3787 1281 3855 foveae,
1332 3790 1388 3842 et
1437 3786 1560 3841 haec
1609 3785 1832 3842 scilicet
1876 3785 1980 3840 mi-

325 3877 514 3934 stione
542 3877 658 3934 albi
692 3882 750 3934 et
779 3876 928 3949 nigri
980 3877 1365 3944 oboriuntur;
1408 3879 1809 3931 verumtamen
1861 3891 1975 3929 non

323 3967 431 4038 sic,
464 3971 528 4022 ut
557 3983 660 4040 per
691 3969 925 4039 nigrum
958 3970 1233 4022 cernatur
1260 3964 1482 4035 album,
1517 3965 1618 4020 sed
1653 3969 1717 4019 ut
1746 3963 1805 4020 in
1844 3965 1975 4019 albo

322 4055 559 4129 nigrum
593 4060 894 4128 appareat.
929 4055 1174 4120 Quando
1206 4055 1363 4109 enim
1391 4070 1424 4110 a
1453 4053 1617 4124 nigro
1651 4052 1844 4124 aliquo
1875 4057 1978 4108 aut

324 4145 478 4202 222
510 4145 753 4201 caeruleo
793 4145 940 4200 lucis
985 4144 1341 4200 continuilas
1392 4142 1786 4209 interciditur,
1835 4146 1975 4197 tunc

322 4233 519 4306 aliqua
546 4234 917 4307 profunditas
944 4250 1225 4306 apparere
1257 4233 1519 4287 videtur:
1555 4231 1635 4287 ita
1662 4235 1726 4286 ut
1769 4231 1828 4286 in
1887 4247 1976 4286 ea-

323 4324 456 4379 dem
488 4324 610 4379 sint
638 4323 901 4395 planitie,
933 4328 990 4378 et
1012 4339 1126 4378 non
1157 4338 1191 4377 a
1220 4321 1545 4376 seinvicem
1569 4325 1977 4376 removeantur

325 4411 525 4468 album
555 4419 612 4468 et
641 4413 900 4485 nigrum,
945 4411 1045 4466 sed
1105 4427 1173 4466 ex
1229 4426 1394 4482 aequo
1443 4407 1747 4464 intervallo
1797 4412 1972 4464 etiam

323 4502 498 4558 ambo
516 4501 732 4556 anobis
754 4501 990 4566 distent,
1017 4499 1257 4572 propius
1284 4502 1482 4553 autem
1510 4497 1710 4553 album
1734 4497 1972 4568 quidem

316 4605 446 4645 esse
495 4590 780 4661 videatur,
815 4590 1049 4661 nigrum
1080 4604 1213 4642 vero
1261 4587 1320 4642 in
1353 4587 1729 4658 profundiore
1778 4591 1835 4642 et
1884 4603 1971 4642 re-

2091 3412 2413 3490 Ὑγροτέρου
2466 3414 2558 3487 μὶν
2609 3415 2710 3491 γάρ
2759 3411 2911 3478 ὄντος
2959 3421 3056 3471 τοῦ
3115 3423 3323 3473 καπνοῦ
3384 3418 3626 3497 φαίνεται
3684 3420 3749 3476 τὸ

2090 3506 2252 3574 σῶμα
2300 3503 2508 3580 φλογὸς
2563 3503 2854 3580 ἀΛουργόν⁹
2903 3510 3180 3582 φοινικοῦν
3241 3503 3318 3580 δὲ,
3379 3512 3480 3563 τοῦ
3537 3512 3745 3563 καπνοῦ

2087 3592 2456 3666 τυγχάνοντος
2486 3594 2649 3661 ἦττον
2679 3593 2866 3670 ὑγροῦ.
2899 3598 3097 3650 Τοῦτον
3135 3596 3230 3669 μὲν
3262 3597 3354 3652 οῦν
3386 3598 3478 3652 τὸν
3538 3597 3742 3674 τρόπον

2087 3678 2155 3734 τὰ
2186 3677 2416 3758 διάφορα
2446 3680 2684 3760 φαίνεται
2711 3683 3003 3759 χρώματα.

2157 3788 2333 3862 γ’.Τά
2381 3785 2439 3842 δέ
2493 3810 2556 3864 γε
2621 3791 2877 3865 χάσματα
2924 3792 3014 3846 καὶ
3059 3792 3110 3845 οἱ
3159 3791 3380 3868 βόθυνοι
3445 3793 3583 3867 μίξει
3647 3795 3745 3868 μὶν

2086 3875 2174 3930 καὶ
2206 3880 2370 3931 ταῦτα
2419 3875 2616 3932 λευκοῦ
2666 3878 2755 3934 καὶ
2799 3878 3033 3952 μέλανος
3079 3879 3309 3956 γίνεται,
3338 3881 3484 3951 πλὴν
3535 3881 3598 3938 οὐ
3653 3879 3746 3938 διὰ

2084 3969 2182 4019 τοῦ
2241 3963 2474 4038 μέλανος
2539 3967 2822 4044 ὁρωμένου
2904 3973 3002 4024 τοῦ
3088 3968 3306 4042 λευκοῦ,
3367 3968 3494 4026 ἀλλ’
3553 3970 3603 4026 ἐν
3660 3977 3744 4045 τῷ

2089 4053 2266 4126 λευκῷ
2336 4056 2665 4134 φαινομένου
2738 4060 2835 4111 τοῦ
2923 4057 3174 4130 μέλανος.
3229 4062 3389 4114 Ὅταν
3459 4061 3565 4138 γὰρ
3641 4061 3746 4117 ὑπό

2081 4163 2229 4207 τινος
2300 4142 2536 4218 μέλανος
2601 4145 2635 4214 ἢ
2692 4151 2887 4201 κυανοῦ
2959 4145 3314 4220 διακόπτηται
3390 4153 3489 4204 τοῦ
3561 4148 3746 4228 φωτὸς

2084 4234 2119 4302 ἡ
2170 4231 2441 4308 συνέχεια,
2490 4233 2614 4290 τότε
2680 4234 2842 4312 βάθος
2911 4234 3060 4292 δοκεῖ
3104 4258 3158 4292 τι
3219 4236 3518 4316 φαίνεσθαι·
3567 4234 3740 4295 ὄντων

2089 4321 2182 4395 μὶν
2238 4321 2290 4376 ἐν
2335 4327 2412 4396 τῷ
2461 4323 2607 4396 αὐτῷ
2655 4322 2893 4399 ἐπιπέδῳ
2935 4324 3025 4381 καί
3080 4327 3156 4400 μὴ
3202 4326 3584 4405 ἀφισταμένων
3640 4326 3743 4384 άλ-

2086 4408 2278 4481 λήλων
2327 4416 2425 4466 τοῦ
2477 4411 2673 4468 λευκοῦ
2721 4415 2809 4468 καὶ
2864 4419 2961 4469 τοῦ
3030 4414 3286 4489 μέλανος,
3340 4415 3465 4472 ἀλλ’
3519 4413 3634 4472 ἶ¹σον
3690 4416 3745 4488 ἐξ

2083 4501 2244 4572 ἡμῶν
2330 4499 2714 4578 ἀφεστηκότων
2782 4501 2872 4556 καί
2942 4502 3289 4582 ἀμφοτέρων,
3341 4503 3614 4582 ἐγγυτέρω
3683 4503 3744 4560 δὲ

2086 4583 2372 4650 δοκοῦντος
2405 4587 2534 4644 εἶναι
2564 4593 2662 4644 τοῦ
2695 4588 2912 4661 λευκοῦ,
2941 4597 3040 4646 τοῦ
3098 4590 3157 4647 δὲ
3208 4590 3440 4665 μέλανος
3500 4592 3552 4648 ἐν
3589 4595 3743 4670 βάθει

317 4678 562 4734 metiore
593 4678 739 4735 loco.
773 4678 1059 4742 Quoniam
1092 4678 1248 4732 enim
1280 4675 1379 4732 lux
1429 4681 1485 4731 et
1532 4675 1731 4731 album
1783 4675 1971 4747 magis

2093 4675 2166 4731 ιαῖ
2228 4675 2582 4753 πορρωτέρω.
2619 4677 2839 4749 Ἐπειδὴ
2899 4681 3004 4757 γὰρ
3056 4681 3119 4735 τὸ
3167 4685 3285 4758 φῶς
3327 4683 3513 4738 καὶτὸ
3547 4681 3742 4738 λευκὸν

319 4772 554 4822 movent
600 4768 814 4832 visum,
842 4771 1147 4839 propterea
1192 4765 1303 4837 ipsi
1338 4765 1608 4837 propiora
1655 4765 1963 4833 videntur;

319 4856 555 4929 nigrum
589 4866 807 4923 autem,
849 4857 1006 4927 quod
1057 4872 1170 4910 non
1224 4855 1466 4927 perinde
1511 4855 1700 4909 visum
1751 4857 1964 4923 movet,

315 4944 550 5017 longius
581 4945 654 5001 ab
685 4945 795 5000 hoc
826 4944 1043 4999 distare
1082 4948 1340 5015 putatur.
1402 4946 1542 4997 Cum
1593 4959 1728 5015 ergo
1777 4941 1964 5014 magis

313 5032 635 5089 introrsum
681 5034 912 5105 nigrum
971 5037 1230 5105 apparet,
1277 5037 1582 5103 propterea
1629 5032 1783 5102 quod
1834 5030 1964 5087 albo

312 5122 510 5194 ipsum
534 5123 668 5195 plus
686 5129 798 5189 est,
822 5127 948 5178 tum
973 5122 1134 5177 fovea
1156 5122 1398 5188 dicitur;
1425 5137 1555 5175 curn
1577 5126 1771 5176 autem
1795 5137 1962 5192 aper-

311 5216 438 5267 tum
469 5212 849 5284 conspicitur,
885 5217 1191 5284 propterea
1246 5211 1400 5283 quod
1456 5209 1656 5265 lumen
1699 5214 1961 5282 superat,

312 5305 455 5356 tunc
478 5300 677 5357 hiatus
703 5305 965 5356 vocatur.

384 5407 438 5461 4.
472 5407 553 5462 Ex
599 5407 888 5478 ejusmodi
939 5406 1162 5462 scilicet
1212 5405 1365 5462 aeris
1415 5405 1802 5473 concretione,
1852 5404 1962 5460 hoc

311 5499 402 5551 est
429 5511 499 5550 ex
536 5496 716 5551 foveis
756 5501 813 5552 et
842 5496 1126 5564 hiatibus,
1178 5498 1353 5551 etiam
1405 5496 1558 5550 faces
1609 5512 1762 5566 saepe
1809 5493 1960 5550 exci-

311 5585 546 5641 derunt.
578 5586 820 5650 Quando
851 5585 1008 5640 enim
1059 5602 1158 5640 aer
1186 5585 1302 5641 coit
1349 5589 1405 5640 et
1436 5585 1736 5650 densatur,
1786 5589 1844 5639 et
1893 5600 1962 5639 ea

312 5678 554 5749 propter
579 5674 874 5748 nigrorem
907 5673 1219 5743 contrahit,
1266 5674 1466 5730 hiatus
1511 5678 1571 5730 et
1608 5673 1784 5730 foveas
1825 5690 1963 5746 spe-

313 5762 462 5829 ciem
493 5767 903 5839 repraesentat;
925 5763 1162 5840 quando
1193 5766 1392 5825 autem
1412 5778 1513 5826 aer
1531 5762 1635 5844 qui
1663 5762 1958 5844 nigrorem

2081 4763 2292 4840 μᾶλλον
2331 4766 2431 4835 τήν
2483 4761 2604 4841 ὄψιν
2659 4773 2816 4841 κινεῖ,
2852 4766 2941 4824 διὰ
2987 4774 3148 4825 τοῦτο
3197 4771 3400 4842 ταύτης
3463 4770 3741 4847 ἐγγυτέρω

2076 4852 2244 4908 δοκεῖ·
2284 4855 2346 4908 τὸ
2397 4852 2454 4909 δὲ
2505 4854 2672 4930 μέλαν
2733 4857 2841 4934 οὐχ
2907 4857 3119 4932 ὁμοίως
3175 4860 3275 4928 τὴν
3340 4855 3463 4934 ὄψιν
3523 4865 3735 4933 κινοῦν,

2072 4942 2238 5000 πλέον
2298 4944 2588 5021 ἀφεστάναι
2641 4945 2844 5018 ταύτης
2895 4947 3193 5020 νομίζεται.
3251 4950 3414 5004 Ὅταν
3481 4950 3575 5023 μὲν
3642 4947 3734 5004 οῦν

2039 5031 2126 5086 έν
2190 5033 2335 5108 βάθει
2391 5031 2605 5106 μᾶλλον
2667 5035 2921 5112 φαίνηται
2979 5037 3040 5090 τὸ
3102 5035 3294 5110 μέλαν,
3329 5035 3418 5092 διά
3472 5039 3534 5093 τὸ
3594 5037 3739 5093 εἶναι

2072 5119 2264 5177 πλεῖον
2328 5127 2426 5177 τοῦ
2475 5121 2692 5196 λευκοῦ,
2743 5125 2865 5180 τότε
2929 5123 3144 5200 λέγεται
3201 5126 3447 5202 βόθυνοςο
3499 5125 3622 5182 ὅταν
3684 5123 3735 5182 δ’

2073 5211 2408 5288 ἀνεῳγμένον
2467 5211 2722 5290 φαίνηται
2783 5212 2872 5269 διά
2939 5215 3002 5269 τὸ
3076 5215 3211 5270 εἶναι
3265 5215 3434 5272 πλέον
3487 5216 3548 5270 τὸ
3595 5219 3731 5294 φῶς,

2073 5299 2198 5355 τότε
2219 5298 2466 5356 καλεῖται
2498 5301 2707 5377 χάσμα.

2142 5402 2205 5465 δ’.
2243 5407 2336 5463 Ἐκ
2389 5404 2455 5477 δὴ
2515 5414 2618 5478 τῆς
2671 5407 2934 5481 τοιαύτης
2987 5415 3086 5465 τοῦ
3163 5411 3321 5487 ἀέρος
3400 5413 3731 5485 συστάσεως,

2068 5492 2236 5572 ἤγουν
2291 5501 2398 5551 τῶν
2461 5497 2701 5572 βοθύνων
2762 5519 2822 5553 τε
2901 5499 2993 5554 καὶ
3071 5500 3397 5576 χασμάτων,
3460 5502 3550 5556 καὶ
3637 5497 3731 5555 δα-

2070 5583 2161 5640 λοὶ
2239 5584 2510 5648 πολλάκις
2581 5585 2848 5657 ἐξέπεσον.
2922 5589 3131 5642 Συνιὼν
3214 5589 3310 5662 μὲν
3373 5589 3476 5666 γὰρ
3541 5590 3569 5643 ὁ
3626 5589 3736 5667 ἀὴρ

2065 5674 2157 5730 καὶ
2216 5674 2590 5752 πυκνούμενος
2644 5676 2734 5731 καὶ
2793 5673 2882 5733 διὰ
2927 5681 3090 5733 τοῦτο
3181 5676 3581 5753 μελαινόμενος
3628 5679 3736 5756 χά-

2068 5778 2274 5848 σματος
2355 5764 2445 5828 καὶ
2527 5765 2755 5856 βοθύνου
2830 5767 3120 5862 φαντασίαν
3192 5767 3514 5857 παρέχεταιν
3595 5767 3729 5832 ὅταν
