4114 6422
322 446 480 509 1189

1662 442 2007 506 EPITOME
2050 438 2406 506 PHYSICA.

3580 441 3739 505 1190

324 578 383 636 δὶ
431 578 699 655 συγκριθῇ
765 573 976 650 μᾶλλον
1038 576 1066 628 ὁ
1128 574 1516 649 μελαινόμενος
1564 575 1692 653 ἀὴρ,
1741 575 1866 631 τότε
1911 576 1974 631 τὸ

2105 576 2402 645 sontrabit,
2431 576 2621 649 magis
2651 580 2887 633 coactus
2917 574 3115 646 fuerit,
3135 578 3264 632 tum
3294 574 3548 633 calidum
3579 576 3736 649 quod

323 661 914 741 έναπολαμϐανόμενον
977 663 1031 718 έν
1090 664 1237 736 αὑτῷ
1294 666 1535 742 θερμὸν,
1598 663 1686 721 διὰ
1741 667 1840 734 τὴν
1902 662 1980 727 εἷς

324 755 511 834 ὀλίγον
545 752 815 823 συστολὴν
848 753 939 808 καὶ
970 754 1068 822 τὴν
1118 752 1329 823 κίνησιν
1373 758 1480 831 πῦρ
1525 754 1811 830 γενόμενον
1848 752 1982 826 μετά

329 847 450 923 βίας
483 844 803 921 ἐκκρίνεται.

401 936 461 993 ε’.
516 928 755 1010 Ἡμέρας
815 930 908 1005 μὶν
961 927 1114 985 οὐδὲν
1158 935 1265 985 τῶν
1315 930 1618 1005 εἰρημένων
1688 932 1979 1010 φασμάτων

325 1023 589 1103 φαίνεται,
648 1019 738 1076 διὰ
792 1021 856 1075 τὸ
912 1020 1005 1074 τὸν
1060 1018 1221 1089 ἥλιον
1275 1019 1370 1082 τάς
1427 1042 1487 1075 τε
1529 1020 1779 1082 τοιαύτας
1831 1019 1977 1076 λύειν

326 1112 602 1174 συστάσεις
661 1110 751 1165 καὶ
808 1109 902 1171 τὰς
980 1107 1268 1186 φαντασίας
1328 1114 1502 1163 ποιεῖν
1569 1110 1783 1187 ἀφανεῖς
1819 1127 1831 1140 ·
1891 1108 1981 1162 νό-

325 1221 473 1275 κτωρ
530 1197 588 1256 δὶ
659 1197 901 1274 γίνονται
978 1197 1068 1252 καὶ
1126 1199 1382 1272 χάσματα
1455 1198 1544 1253 καὶ
1618 1197 1833 1274 βόθυνοι
1890 1198 1979 1252 καὶ

331 1289 507 1365 μίξεις
565 1287 881 1364 χρωμάτων
934 1284 1241 1342 πολυειδῶν
1281 1331 1293 1344 .
1357 1288 1572 1363 Ὁρᾶται
1644 1284 1701 1341 δὲ
1763 1284 1977 1359 μᾶλλον

325 1379 388 1434 τὸ
430 1380 729 1455 φοινικοῦνι
782 1375 849 1430 τὰ
901 1371 960 1430 δὲ
1001 1372 1170 1429 λοιπὰ
1213 1380 1321 1430 τῶν
1375 1374 1689 1452 χρωμάτων
1740 1371 1830 1429 διὰ
1878 1376 1977 1445 τὴν

325 1468 462 1544 πρὸς
493 1466 557 1521 τὸ
588 1464 780 1527 σκότος
841 1463 1146 1536 ὁμοιότητα
1199 1465 1298 1533 τὴν
1355 1461 1477 1539 ὄψιν
1536 1462 1809 1526 πολλάκις
1862 1462 1977 1519 δια-

328 1555 700 1612 λανθάνουσιν·
754 1554 841 1608 οἴα
885 1549 953 1622 δὴ
1001 1552 1065 1607 τὸ
1114 1551 1386 1629 ἁλουργὸν
1436 1553 1526 1608 καὶ
1580 1553 1644 1607 τὸ
1699 1552 1976 1629 πράσινον·

326 1650 494 1701 ταῦτα
520 1644 622 1721 γὰρ
653 1640 908 1719 ὁμόχροά
937 1662 1057 1704 πως
1086 1646 1166 1714 τῷ
1194 1640 1409 1716 μέλανι.

402 1842 465 1886 ς.
497 1824 614 1876 Τῶν
666 1819 844 1894 μέντοι
899 1819 1193 1895 ὁρωμένων
1240 1838 1534 1898 φασματων
1583 1820 1651 1874 τά
1701 1821 1794 1893 μὲν
1839 1816 1979 1874 ἔστιν

331 1912 460 1984 ἑῷα,
518 1909 584 1964 τὰ
641 1906 700 1964 δὲ
756 1909 997 1985 ἑσπέρια,
1054 1910 1124 1963 τὰ
1203 1905 1249 1962 δ’
1309 1909 1584 1986 ἀμφιφαῆ’
1644 1908 1876 1970 σπανίως
1924 1905 1982 1963 δὲ

336 1998 524 2076 βόρεια
597 1998 687 2053 καὶ
763 1997 934 2053 νότιαο
1010 1998 1184 2052 πάντα
1248 1995 1294 2051 δ’
1354 1993 1599 2053 ἀϐέϐαια·
1660 1997 1749 2052 καὶ
1827 1995 1977 2053 οὐδὶν

331 2087 454 2142 τότε
479 2086 688 2142 τούτων
720 2085 802 2140 ἀεὶ
854 2087 1082 2164 φανερὸν
1134 2086 1224 2140 καὶ
1280 2086 1773 2163 κατεστηριγμένον
1836 2084 1980 2141 ἱστό-

336 2194 519 2253 ρηταμ

2090 665 2151 720 in
2216 666 2345 738 ipso
2409 664 2810 737 intercipitur,
2867 664 3008 735 quia
3070 663 3129 719 in
3198 665 3533 736 angustiam
3599 682 3737 721 con-

2090 755 2401 827 stringitur
2446 760 2503 810 et
2553 759 2838 821 movetur,
2885 752 3040 825 ignis
3086 753 3379 822 effectum,
3433 754 3489 809 vi
3539 771 3736 812 excer-

2092 844 2268 898 nitur.

2159 933 2213 987 5.
2247 932 2528 987 Caeterum
2576 930 2828 986 interdiu
2876 931 3104 986 nullum
3156 947 3223 987 ex
3273 931 3447 988 dictis
3489 933 3737 1004 spectris

2091 1025 2355 1093 apparet.
2410 1021 2563 1077 223
2623 1024 2928 1092 propterea
2984 1021 3137 1092 quod
3195 1020 3281 1076 sol
3339 1023 3740 1079 concretiones

2090 1108 2379 1181 ejusmodi
2412 1107 2695 1164 dissolvat
2724 1108 3079 1180 efﬁciatque,
3115 1113 3179 1164 ut
3216 1108 3415 1180 ﬁgurae
3447 1109 3739 1179 ejusmodi

2092 1215 2206 1253 non
2257 1198 2716 1269 conspiciantur,
2748 1197 2847 1251 sed
2900 1203 3072 1251 noctu
3128 1198 3277 1252 ﬁunt
3327 1202 3385 1253 et
3438 1197 3633 1254 hiatus
3684 1203 3742 1255 et

2090 1287 2265 1342 fovete
2295 1291 2353 1340 et
2394 1284 2843 1340 multiformium
2877 1284 3136 1340 colorum
3171 1285 3496 1342 mistiones.
3530 1288 3737 1343 Praeci—

2091 1390 2205 1446 pue
2236 1379 2431 1428 autem
2464 1373 2750 1443 puniceus
2781 1373 3061 1441 cernitur,
3095 1374 3236 1428 dum
3278 1375 3465 1430 caeteri
3516 1375 3739 1433 colores

2091 1469 2327 1534 propter
2352 1460 2799 1515 similitudinem
2832 1477 3011 1532 quam
3042 1478 3175 1516 cum
3210 1462 3468 1518 tenebris
3498 1463 3738 1539 habent,

2090 1550 2393 1605 oculorum
2428 1551 2611 1604 aciem
2644 1565 2796 1621 saepe
2826 1548 3049 1617 latent;
3085 1549 3289 1621 quales
3331 1556 3472 1607 sunt
3514 1570 3740 1626 purpu-

2091 1639 2313 1695 risseus
2351 1642 2410 1694 et
2461 1637 2663 1693 viridis
2697 1653 2711 1692 :
2764 1637 2980 1710 quippe
3022 1638 3081 1694 hi
3114 1639 3186 1694 ad
3218 1639 3454 1712 nigrum
3486 1641 3739 1700 colorem

2091 1728 2376 1784 accedunt
2430 1727 2884 1799 quodammodo.

2160 1818 2213 1871 6.
2247 1816 2466 1871 Verum
2516 1815 2810 1870 enimvero
2861 1820 3226 1888 spectrorum
3284 1818 3575 1876 dictorum
3624 1820 3743 1878 alia

2092 1910 2232 1961 sunt
2260 1904 2586 1971 orientalia,
2618 1903 2730 1958 alia
2782 1903 3182 1972 occidentalia,
3216 1905 3331 1962 alia
3381 1906 3534 1963 inter
3582 1914 3740 1966 utra-

2092 2010 2204 2067 que
2234 1993 2570 2064 conspicua,
2605 2010 2734 2047 raro
2768 1993 3247 2064 septentrionalia
3285 2001 3343 2051 et
3383 1998 3741 2054 meridiona-

2092 2083 2216 2139 lia:
2272 2082 2471 2138 omnia
2524 2086 2722 2137 autem
2770 2082 3092 2148 instabilis,
3142 2099 3247 2139 nec
3304 2083 3492 2141 ullum
3534 2103 3742 2160 perpe-

2092 2177 2194 2229 tuo
2225 2188 2535 2244 apparens,
2567 2170 2870 2243 stellisque
2916 2171 3203 2228 insertum
3244 2190 3374 2230 esse
3421 2175 3742 2248 deprehen-

2093 2279 2227 2319 sum
2275 2265 2382 2317 est.

1608 2467 1952 2525 SYNOPSIS
1990 2466 2274 2524 CAPITIS
2315 2465 2457 2530 XXI,

1147 2564 1300 2613 QUOD
1338 2566 1441 2605 EST
1479 2565 1551 2604 DE
1585 2565 1733 2604 ΑΒΕΔ
1771 2565 1877 2604 SEU
1916 2564 2160 2616 CORONA,
2200 2564 2268 2602 ET
2304 2562 2539 2602 PRIMUM
2580 2563 2650 2601 DE
2686 2563 2931 2604 νιειοΝΕ.

342 2650 392 2705 1.
429 2647 671 2723 Causam
701 2647 984 2703 varietatis
1011 2648 1258 2723 colorum
1286 2650 1342 2702 et
1369 2648 1678 2723 ﬁgurarum
1727 2653 2132 2723 apparentium,
2162 2646 2335 2723 aliam
2376 2653 2585 2723 praeter
2610 2661 2751 2723 _eam
2782 2660 2908 2716 quae
2955 2648 3233 2716 supertori
3272 2650 3447 2723 capite
3473 2654 3551 2705 est
3577 2665 3744 2723 expc-

407 2723 513 2787 sta,
547 2719 782 2784 indicat,
829 2733 1013 2773 aerem
1065 2719 1338 2774 nimirum
1369 2716 1773 2790 ’re/ractiones'
1796 2716 2212 2790 suscipientem,
2268 2721 2433 2787 atque
2489 2720 2571 2772 ita
2601 2716 2700 2790 hoc
2745 2725 2909 2787 caput
2948 2732 3073 2772 cum
3125 2716 3407 2790 superiore
3450 2716 3743 2780 connectit.

409 2821 479 2832 —
505 2794 562 2847 2.
595 2790 856 2864 Explicat
883 2789 1148 2864 quomodo
1197 2793 1326 2864 istae
1362 2788 1723 2864 reﬂ-actiones
1768 2792 1830 2844 in
1845 2788 1982 2864 aere
2012 2861 2021 2864 _
2031 2789 2186 2864 ﬁant,
2217 2804 2340 2842 cum
2397 2804 2468 2864 ea:
2512 2788 3049 2864 mathematicorum,
3117 2788 3238 2864 tum
3265 2807 3339 2845 ea:
3387 2791 3745 2864 physicorum

406 2861 699 2918 sententia;
731 2892 801 2933 ε
829 2862 883 2916 3.
920 2861 1212 2933 Utrumque
1243 2862 1399 2918 224
1424 2861 1599 2918 etiam
1627 2863 1703 2917 de
1728 2861 1886 2933 modo
1917 2861 2144 2917 visionis
2192 2862 2530 2933 sententiam
2568 2861 2835 2933 exponit,
2866 2876 3098 2933 quorum
3147 2862 3236 2916 illi
3263 2861 3742 2933 eam—erniltendo,

411 2934 470 2988 hi
518 2932 826 3009 recipiendo
856 2931 1191 3009 radiosﬁeri
1215 2935 1478 3009 statuunt.
1536 2963 1608 3009 τέ
1663 2934 1713 2986 4.
1749 2932 1885 3009 cum
1910 2934 2178 3009 visionem
2194 2934 2421 3009 statuat
2448 2931 2587 3009 ﬁeri
2610 2946 2709 3000 per
2764 2932 3250 3009 corradiationem,
3296 2938 3372 3009 fut
3400 2934 3559 3009 infra
3586 3008 3589 3009 ν
3612 2931 3747 2992 dicit

410 3001 656 3061 membro
674 3004 772 3078 17,
809 3005 997 3078 primo
1048 3001 1138 3078 llic
1164 3004 1719 3078 afﬁrmat,spiritum
1746 3006 2014 3060 visorium
2037 3019 2154 3078 esse
2185 3004 2434 3078 lucidam
2460 3010 2512 3078 et
2530 3001 2773 3078 clarum,
2821 3001 2981 3078 idque
3010 3001 3338 3076 argumento
3385 3001 3542 3078 nervi
3570 3008 3746 3078 ipsius

416 3077 536 3131 cavi
559 3077 773 3146 probat.
806 3073 860 3130 5.
896 3075 1101 3131 Deinde
1128 3073 1392 3143 ostendit,
1426 3073 1608 3130 lumen
1658 3077 1807 3129 visus
1847 3077 2140 3146 proprium
2168 3076 2285 3128 sine
2332 3074 2565 3128 luminis
2611 3075 2829 3128 externi
2873 3073 3186 3144 adjuménto
3234 3081 3283 3130 et
3311 3073 3743 3135 manuductione

418 3145 666 3222 visibilia
693 3149 881 3222 omnia
908 3147 1313 3222 apprehendere
1341 3163 1450 3222 non
1472 3163 1643 3219 posse,
1671 3145 1984 3222 idqueicum
2014 3145 2179 3222 dictio
2190 3163 2226 3222 :_
2243 3146 2454 3222 tam_ab
2485 3145 2719 3222 absurdo
2747 3146 3057 3222 conﬁrmat.
3116 3177 3184 3187 —-
3238 3150 3291 3201 6.
3324 3151 3549 3222 Pariter
3576 3150 3747 3222 docet,

416 3233 526 3292 nec,
544 3221 833 3292 externum
861 3215 1048 3292 lumen
1074 3219 1253 3292 solum
1281 3215 1602 3292 qualitatem
1630 3219 1717 3292 rei
1738 3215 2083 3292 visibilisad‘
2104 3218 2324 3292 oculum
2353 3216 2584 3292 deferre,
2618 3215 2778 3292 idque
2806 3218 3114 3292 rationibus
3147 3222 3387 3291 quinque
3424 3220 3492 3275 ab
3521 3215 3757 3278 absurdo

417 3290 840 3365 petitis_astruit.
889 3320 963 3365 —-_
1014 3291 1068 3344 7.
1101 3288 1300 3345 Prima
1329 3298 1423 3353 est,
1478 3292 1606 3365 quia
1638 3290 1779 3344 alias
1808 3290 2164 3365 canaliculati
2204 3289 2363 3365 nervi
2416 3289 2496 3365 ad
2531 3288 2745 3365 oculum
2775 3291 3101 3365 constructio
3154 3288 3568 3361 supervacanea
3593 3295 3754 3365 foret.

421 3391 489 3400 —
517 3361 570 3416 8.
596 3360 995 3432 Secunda.quia
1015 3377 1124 3417 non
1156 3368 1374 3416 tantum
1403 3365 1459 3416 in
1486 3360 1870 3427 directum,sed
1891 3363 1951 3415 in
1981 3376 2194 3416 omrzem
2221 3360 2615 3432 dimensionem
2645 3360 2813 3414 simul
2837 3361 3023 3415 omnia
3052 3360 3421 3431 cerneremus,
3444 3360 3757 3420 sicut'audi-

417 3447 541 3486 mus
573 3435 627 3487 et
654 3431 968 3488 adoramur.
1000 3462 1068 3472 —-
1096 3433 1151 3486 9.
1190 3434 1386 3488 Tertia.
1420 3434 1523 3488 Nec
1554 3433 1791 3487 visibilis
1820 3433 1902 3487 rei
1952 3431 2387 3503 magnitudinem
2416 3446 2876 3503 cognosceremus.
2909 3462 2977 3471 —
3011 3432 3097 3487 10.
3151 3432 3375 3500 Quarta.
3427 3435 3538 3490 Nec
3562 3436 3757 3493 multi-

420 3503 662 3559 tudinem
693 3520 879 3559 rerum
907 3504 1017 3559 sibi
1043 3507 1301 3575 proxime
1336 3504 1710 3574 adjacenlium
1763 3502 2219 3575 dignosceremus.
2280 3533 2348 3541 —
2407 3504 2492 3575 11.
2527 3502 2749 3569 Quinta,
2782 3502 2889 3557 Nec
2914 3519 3001 3557 res
3051 3505 3291 3560 visibilis
3347 3505 3666 3562 distantiam
3724 3523 3760 3563 α

410 3576 567 3631 nobis
614 3575 1010 3650 quodammodo
1044 3573 1249 3632 saltem
1272 3573 1722 3650 discerneremus,
1751 3576 1844 3630 sed
1872 3576 2062 3650 omnia
2118 3573 2276 3628 nobis
2325 3574 2585 3650 proxima
2641 3589 2754 3650 esse
2784 3575 3128 3650 viderentur.
3163 3607 3233 3650 έ-
3266 3577 3351 3631 12.
3389 3577 3632 3633 Ostendit
3656 3594 3759 3650 per

417 3645 847 3721 occupationem,
879 3648 984 3721 etsi
1012 3649 1158 3721 visus
1201 3662 1302 3718 per
1328 3663 1384 3702 se
1426 3647 1733 3721 nonulonge
1759 3646 2161 3721 progrediatur,
2197 3645 2339 3716 quod
2391 3648 2576 3721 tamen
2618 3646 2669 3700 si
2725 3645 2920 3721 incidit
2950 3648 3027 3721 in_
3055 3649 3339 3703 continens
3382 3645 3753 3721 perspicuum,

410 3717 496 3773 vel
522 3716 703 3791 primo
732 3716 845 3773 ictu
875 3718 946 3772 ad
974 3716 1287 3791 maximum
1316 3716 1683 3773 intervallum
1700 3716 1765 3772 se
1799 3720 2145 3789 exporrigat,
2199 3733 2366 3788 quam
2409 3716 2626 3791 quidem
2679 3716 2754 3770 ad
2803 3732 2921 3770 rem
2948 3719 3117 3791 etiam
3166 3721 3241 3774 ab
3288 3716 3518 3777 externo
3547 3721 3762 3778 lumine

413 3787 559 3844 vires
605 3791 864 3860 accipiat,
913 3789 1054 3861 quod
1102 3799 1151 3844 et
1190 3790 1339 3847 225
1390 3791 1611 3860 prepter
1655 3787 2099 3859 familiaritatem
2143 3787 2474 3859 cooperetur,
2536 3787 2707 3861 idque
2727 3796 2961 3857 quatuor
2986 3789 3534 3861 probatrationibus.
3567 3822 3634 3835 —-
3667 3792 3754 3849 13.

413 3861 629 3933 Prima,
653 3859 751 3925 est,
784 3859 935 3932 quia
951 3869 1113 3916 noctu
1159 3863 1331 3933 etiam
1361 3859 1601 3933 incensae
1648 3862 1795 3931 faces
1840 3862 2268 3933 conspiciuntur
2302 3861 2535 3923 eminus,
2587 3859 2744 3933 modo
2776 3875 2844 3913 ne
2892 3860 3022 3931 quid
3052 3860 3205 3933 aliud
3252 3862 3538 3933 impediat.
3571 3892 3640 3905 --
3668 3863 3757 3920 14.

415 3930 686 3997 Secunda,
733 3929 865 4003 quia
894 3934 1082 4004 omnia
1125 3931 1248 3987 alia
1295 3931 1585 4002 splendida
1613 3929 1664 3987 et
1692 3933 1878 3987 lucida
1922 3929 2048 3988 cum
2074 3931 2269 4004 procul
2306 3939 2421 3984 tum
2469 3929 2776 4004 expeditius
2807 3929 2973 4004 quam
3000 3932 3137 4004 alia
3164 3929 3535 4004 cuiuscunque
3562 3934 3762 3991 coloris

414 4001 836 4077 cernuntur.‘-_—
869 4005 953 4077 15.
991 4003 1192 4077 Tertia,
1226 4001 1356 4074 quia
1409 4004 1585 4077 etiam
1603 4004 1730 4077 alia
1768 4018 1893 4074 quw
1952 4001 2083 4077 luce»
2122 4002 2548 4077 collustrantur.
2607 4001 2876 4077 iri/Tubuli
2928 4002 3226 4077 celeritate,
3257 4001 3473 4077 caloris
3500 4006 3761 4077 paribus,

415 4075 684 4131 incolumi
726 4075 927 4131 visorio
976 4071 1340 4130 instrumento
1383 4080 1434 4129 et
1466 4074 1729 4129 mediocri
1749 4071 2052 4144 intervallo
2101 4078 2372 4143 motuque,
2405 4088 2467 4127 ac
2495 4071 2732 4142 denique
2774 4088 2898 4128 aere
2940 4075 3168 4144 puriore
3205 4077 3257 4130 et
3296 4071 3583 4133 subtiliore
3609 4071 3759 4133 exsié

420 4150 593 4202 stente
620 4146 894 4202 videntur.
913 4175 995 4218 _—
1026 4146 1113 4199 46.
1147 4150 1388 4218 Quarta,
1419 4147 1549 4217 quia
1578 4143 1854 4200 excellens
1884 4145 2125 4218 visibile,
2175 4148 2235 4199 ut
2266 4145 2449 4199 lumen
2477 4144 2884 4218 s01a_re,q_visum
2914 4143 3068 4200 leniit
3098 4163 3126 4218 :_
3140 4147 3303 4218 cujus
3344 4150 3488 4203 ratio
3515 4165 3553 4204 a
3584 4149 3759 4204 lumi-

414 4233 551 4292 num
590 4219 837 4292 istorum
887 4216 1143 4292 duorum,
1171 4215 1412 4292 externi
1428 4215 1490 4272 et
1517 4219 1709 4272 risorii
1735 4220 2073 4292 cognatione,
2106 4216 2377 4286 hujusque
2406 4221 2470 4292 ut
2496 4215 2877 4292 imbecillioris
2904 4233 3035 4292 erga
3078 4215 3228 4292 illud
3253 4222 3533 4288 potentius
3556 4222 3610 4275 et
3637 4220 3758 4292 for-

417 4290 533 4345 tius
561 4289 835 4366 desiderio
864 4290 1123 4366 sumitur.
1160 4319 1228 4328 —
1260 4289 1347 4366 17.
1384 4293 1611 4344 Partem
1638 4286 2167 4366 capitissecundum
2227 4286 2565 4366 aggreditur,
2588 4290 2637 4341 et
2685 4286 2752 4341 de
2786 4302 2981 4366 corona
3014 4289 3210 4366 incipit
3253 4286 3438 4361 agere,
3468 4294 3517 4366 et
3546 4286 3761 4366 πρόπα-

419 4360 683 4435 ρασπευῇς
711 4361 823 4417 loco
847 4375 918 4435 ea
946 4376 1071 4431 quae
1100 4361 1157 4414 in
1186 4361 1318 4416 ccelo
1342 4368 1630 4435 apparent,
1661 4359 1953 4435 dividitqin
1984 4375 2049 4415 ea
2079 4373 2201 4430 quae
2245 4358 2560 4435 secundum-
2583 4367 2799 4435 natura:
2826 4358 3239 4435 subsistentiam
3268 4358 3508 4435 sanant
3540 4358 3760 4435 cometa

418 4429 469 4486 et
494 4432 809 4505 similia,et
832 4432 894 4505 in
922 4429 988 4487 ea
1013 4447 1132 4502 qua
1150 4440 1378 4505 tantum
1404 4429 1734 4505 spectetenus
1762 4429 2250 4505 sunt,iutqco’rona,
2273 4431 2461 4505 iris_et
2504 4430 2675 4505 virga
2703 4429 2787 4505 de
2822 4430 3020 4505 quibus
3074 4433 3273 4499 agetur
3302 4434 3363 4487 in
3391 4433 3759 4505 sequentibus,

420 4516 653 4575 quorum
682 4503 772 4558 hic
800 4504 969 4558 etiam
996 4504 1254 4559 omnium
1279 4502 1476 4575 genera
1487 4502 1597 4559 lem
1623 4518 1844 4558 causam
1872 4502 2282 4575 efﬁcientem,et
2306 4503 2691 4570 refractionem
2722 4502 3280 4572 nimirum,assignat.
3308 4534 3378 4544 --
3410 4502 3565 4561 18.1n
3589 4502 3766 4574 specie

418 4574 586 4646 etiam
643 4588 868 4630 coronae
911 4575 1257 4646 elﬁcientem
1285 4574 1528 4631 causam
1576 4590 1686 4631 esse
1730 4574 1926 4646 statuit
1971 4575 2460 4646 refractionem,et
2486 4575 2713 4627 modum
2759 4588 2864 4643 quo
2892 4578 3188 4641 generetur
3236 4590 3464 4643 corona,
3494 4577 3762 4646 explicat.

423 4674 483 4684 -
519 4644 605 4699 19.
640 4646 705 4700 In
731 4644 972 4718 speculis
1025 4660 1239 4702 corona:
1267 4662 1367 4701 cur
1409 4646 1557 4701 solus
1604 4646 1750 4701 color
1777 4645 1977 4718 stellae,
2002 4660 2109 4700 non
2141 4646 2308 4699 etiam
2352 4645 2539 4718 ﬁgura
2566 4654 2902 4718 appareat;
2932 4646 3063 4718 quia
3091 4646 3301 4718 scilicet
3329 4646 3505 4718 quoad
3524 4644 3762 4715 sensum,

416 4717 667 4785 partium
694 4715 1063 4773 et'divisionis
1091 4720 1212 4789 ipsa
1237 4727 1368 4773 sunt
1396 4719 1668 4787 expertia,
1702 4732 1827 4771 cum
1846 4715 2065 4787 quidem
2108 4717 2286 4789 omnis
2329 4716 2509 4786 ﬁgura
2550 4717 2611 4769 in
2637 4717 2923 4789 partessit
2966 4715 3212 4789 dividua.
3244 4748 3314 4757 —
3338 4715 3499 4774 226
3529 4719 3619 4773 20.
3655 4718 3768 4774 Cur

418 4788 861 4862 circumferentia
903 4786 1124 4862 corona;
1162 4788 1419 4862 adjuncta
1465 4786 1642 4862 magis
1690 4786 1925 4862 nigricet
1972 4805 1991 4841 .'
2049 4788 2318 4862 nimirum
2356 4803 2493 4862 cum
2524 4793 2751 4857 propter
2791 4788 2994 4843 circuli
3033 4786 3371 4852 albedinem.
3403 4794 3767 4862 lumipropter

418 4860 576 4927 nigri
602 4858 636 4914 α
667 4861 819 4914 terra
849 4859 1160 4931 emphasin.
1211 4892 1279 4900 ——
1335 4861 1425 4915 21.
1469 4858 1584 4914 Cur
1610 4860 1827 4931 specula
1860 4873 2079 4915 coro-nte
2108 4859 2345 4913 colorem
2372 4858 2548 4915 stellae
2578 4874 2684 4929 ηομ
2716 4872 3097 4931 semperpare
3126 4869 3177 4914 et
3204 4862 3415 4916 sincere
3445 4858 3767 4927 exhibeant,

417 4932 628 5001 partim
667 4932 877 4986 scilicet
922 4930 1149 5003 propter
1192 4932 1417 5002 specula
1465 4930 1654 4986 minus
1704 4932 1880 4997 clara,
1910 4932 2118 5001 partim
2163 4933 2390 5003 prOpter
2440 4931 2585 4984 visus
2614 4932 2793 4985 nostri
2840 4930 3290 4986 imbecillitatem.
3325 4963 3392 4972 —
3421 4933 3511 4987 22.
3548 4931 3765 4991 Corona

418 5005 470 5056 et
524 5011 685 5058 noctu
713 5006 765 5058 et
816 5001 1079 5067 interdiu,
1139 5019 1202 5059 ac
1222 5001 1375 5058 alias
1406 5005 1636 5073 integro,
1670 5003 1817 5057 alia:
1847 5003 2162 5126 imgerXecto
2194 5001 2403 5055 circulo
2447 5009 2691 5071 apparet,
2750 5005 2909 5072 prout
2939 5004 3210 5057 concretio
3261 5005 3380 5075 ejus
3411 5003 3495 5058 vel
3524 5006 3767 5071 omnino,

418 5073 504 5126 vel
528 5089 598 5126 ea:
626 5077 783 5126 parte
810 5077 1025 5126 tantum
1056 5073 1223 5126 plana
1251 5078 1332 5126 est
1358 5079 1411 5126 et
1434 5075 1748 5126 manabilis.
1782 5105 1849 5112 —-
1879 5074 1913 5125 2
1957 5114 1969 5126 .
2039 5087 2211 5126 orona
2240 5071 2372 5126 quid
2422 5073 2710 5126 signiﬁcet.
2745 5074 2797 5126 si
2826 5072 2906 5126 vel
2937 5073 3288 5126 distrahitur.
3314 5075 3398 5126 vel
3426 5077 3767 5126 consumitur

418 5073 504 5127 vel
528 5089 598 5129 ea:
624 5077 783 5143 parte
810 5077 1025 5129 tantum
1055 5073 1223 5143 plana
1251 5078 1332 5129 est
1358 5079 1411 5129 et
1434 5071 1748 5145 aequabilis.
1782 5105 1849 5145 -έ
1879 5071 1969 5127 23.
2000 5071 2211 5127 Corona
2240 5071 2372 5143 quid
2422 5073 2711 5142 signiﬁcet,
2745 5071 2797 5127 si
2826 5072 2906 5127 vel
2937 5071 3292 5145 distralzitur,
3314 5075 3398 5129 vel
3426 5077 3773 5131 consumitur

417 5139 715 5220 paulatim,
767 5146 851 5201 vel
895 5139 1141 5220 amplius
1180 5139 1511 5220 concrescit:
1547 5175 1617 5185 —-—
1661 5145 1751 5199 214.
1810 5143 2020 5220 Corona
2065 5139 2535 5220 solisqtautum'et
2571 5139 2746 5199 lunae
2776 5147 2866 5220 ita
2903 5139 3221 5220 σημειῴδῃς
3271 5155 3370 5209 est,
3423 5147 3772 5220 reliquarum

415 5211 945 5343 stellarumlcoronae
972 5211 1083 5272 non
1111 5219 1192 5273 ita
1221 5211 1571 5288 σημειώδεις,
1604 5231 1730 5288 quae
1758 5218 1925 5272 etiam
1970 5217 2367 5288 frequentiores
2394 5219 2544 5279 sunt,
2576 5231 2742 5285 quam
2801 5216 2920 5272 illa?
2941 5233 2961 5269 :
2983 5211 3281 5273 rarissima
3306 5221 3492 5274 tamen
3523 5211 3768 5275 omnium

419 5303 621 5343 corona
648 5304 706 5343 so
734 5304 799 5343 is.

419 5303 621 5345 corona
648 5303 799 5345 εοιιδ.

2033 5504 2075 5569 C
2731 5501 2962 5559 CAPUT
3010 5503 3148 5560 XXI.

2463 5591 2536 5648 De
2563 5607 2716 5658 arca,
2747 5597 2798 5648 et
2827 5594 3068 5663 primum
3097 5594 3164 5650 de
3192 5596 3420 5653 visione.

2189 5682 2239 5735 1.
2273 5681 2397 5736 Non
2421 5685 2657 5737 tantum
2681 5697 2783 5753 per
2800 5682 3051 5738 densum
3076 5688 3131 5740 et
3157 5682 3545 5758 caliginosum
3573 5700 3767 5744 aerem

2114 5766 2316 5830 lumen
2373 5769 2841 5839 subteremioans
2905 5771 3160 5847 speciem
3217 5772 3481 5837 colorum
3535 5774 3771 5849 exhith

959 5504 1215 5559 ΚΕΦΑΛ.
1259 5499 1381 5557 ΚΑ’.

627 5589 758 5667 Περὶ
786 5587 905 5646 ἅλω
932 5589 1023 5645 καὶ
1054 5592 1273 5665 πρῶτον
1304 5588 1428 5661 περὶ
1460 5589 1718 5663 ὁράσεως.

418 5678 484 5732 α’.
518 5678 591 5734 Οὔ
655 5677 820 5753 μόνον
880 5677 968 5734 διὰ
1025 5683 1233 5733 πυκνοῦ
1288 5678 1379 5734 καὶ
1462 5675 1790 5755 ἀχλυώδους
1847 5676 2004 5754 ἀέρος

350 5763 783 5854 ὁποφαινόμινον
842 5772 955 5853 φῶς
1012 5767 1304 5856 φαντασίαν
1381 5768 1612 5849 παρέχει
1692 5765 2006 5850 χρωμάτων
