4114 6456
393 452 542 511 1191

1648 443 2069 503 NIGEPHORI
2113 442 2553 506 BLEMMIDAZ

3650 457 3826 518 1192

389 582 580 649 nobis,
602 586 668 638 ut
687 580 947 637 densitas
967 584 1023 636 et
1043 579 1230 651 caligo
1251 578 1403 635 aeris
1423 577 1776 633 obumbrent
1796 576 1993 631 lumen
2017 592 2020 628 :

2144 576 2431 648 ἡμῖν,τῆς
2490 581 2586 631 τοῦ
2644 577 2801 654 ἀέρος
2857 577 3196 650 πυκνότητός
3253 603 3311 636 τε
3357 583 3446 638 καὶ
3507 587 3818 664 ζοφερότη-

389 689 494 728 nec
547 672 602 727 id
655 688 870 744 purum
921 675 979 725 et
1028 669 1346 739 sincerum,
1379 669 1478 724 sed
1531 667 1945 721 conturbatum
1985 669 2043 720 et

393 762 707 816 confusum
759 777 828 815 ex
871 759 1162 829 ejusmodi
1206 775 1307 828 per
1346 756 1850 811 obumbrationem
1885 770 2040 808 com-

393 850 669 907 mistione
699 849 856 905 cerni
889 847 1090 904 sinant
1122 864 1135 902 :
1176 863 1375 902 verum
1409 845 1582 900 etiam
1615 861 1714 899 aer
1745 843 2039 897 rel’ractio-

393 957 498 997 nes
529 939 842 1011 accipiens,
874 937 1134 994 colorum
1173 941 1230 990 et
1268 935 1590 1007 ﬁgurarum
1623 932 1832 1004 speciei
1865 948 2043 987 causa

391 1029 641 1086 exsistit.

463 1209 519 1261 2.
553 1207 633 1263 Ex
666 1203 1212 1261 mathematicorum
1255 1202 1492 1274 quidem
1541 1198 1830 1255 sententia
1861 1199 1922 1269 ³ο,
1975 1201 2041 1254 ut

389 1298 550 1352 visus
577 1295 931 1366 refringatur
960 1295 1032 1349 ab
1065 1309 1196 1348 aere
1218 1291 1500 1347 crassiore
1531 1295 1584 1345 et
1609 1288 2037 1344 concretionem

389 1385 762 1441 habente’ad
810 1383 1031 1455 aliquid
1073 1397 1273 1437 eorum
1317 1397 1443 1452 qua:
1477 1380 1624 1436 221
1662 1377 2036 1432 illuminandi

387 1472 724 1529 facultatem
757 1471 1082 1527 naturalem
1111 1470 1348 1533 habent,
1376 1474 1434 1523 et
1464 1467 1787 1522 secundum
1817 1472 2034 1521 certam

386 1564 473 1618 vel
505 1561 930 1618 concretionem
952 1559 1038 1615 vel
1071 1558 1474 1614 habitudinem
1499 1557 1649 1612 aeris
1679 1564 1737 1611 et
1769 1555 2034 1619 luminis,

386 1651 527 1722 quin
559 1655 616 1706 et
646 1650 968 1706 secundum
999 1647 1187 1720 ipsius
1228 1646 1519 1702 cernentis
1563 1646 1722 1700 visus
1772 1645 1844 1699 ad
1895 1661 2036 1699 con-

386 1744 610 1795 cretum
641 1754 833 1794 aerem
864 1743 921 1793 et
951 1738 1022 1792 ad
1063 1735 1263 1791 lumen
1295 1735 1723 1803 habitudinem,
1756 1750 1888 1788 cum
1936 1749 2031 1788 co-

385 1829 574 1884 lorum
596 1832 722 1883 tum
751 1828 1075 1900 figurarum
1097 1825 1321 1897 species
1349 1824 1720 1897 perficiatur;
1753 1840 1818 1878 ex
1841 1822 2032 1896 physi-

2149 684 2243 726 τος
2302 663 2737 742 ἐπιπροσθούσης
2790 670 2852 724 τὸ
2909 674 3023 746 φῶς
3077 671 3167 725 καὶ
3229 672 3304 744 μή
3365 671 3544 744 ἐώσης
3577 663 3816 748 ὁρᾶσθαι

2150 753 2380 829 καθαρὸν
2433 756 2521 809 καὶ
2591 755 2902 833 εἰλικρινές,
2960 757 3107 814 ἀλλὰ
3161 759 3634 836 συντεθολωμένον
3713 768 3814 821 καὶ

2151 843 2554 918 συγκεχυμένον
2615 845 2675 901 ἐκ
2739 854 2840 917 τῆς
2916 849 3175 919 τοιαύτης
3229 852 3346 905 κατ’
3404 850 3810 927 ἐπιπρόσθησιν

2152 929 2447 1021 ἐπιμιξίας’
2508 933 2654 990 ἀλλά
2725 937 2814 990 καὶ
2873 936 3193 1002 ἀνακλάσεις
3253 939 3556 1016 δεχόμενος
3615 945 3644 999 ὁ
3699 944 3811 1021 ἂήρ

2152 1018 2322 1083 αἷίιιος
2393 1023 2682 1100 φαντασίας
2739 1027 3054 1101 χρωμάτων
3129 1025 3238 1098 ἤδη
3323 1030 3413 1084 καὶ
3499 1018 3811 1108 σχημάτων

2148 1109 2480 1169 καθίσταται.

2225 1200 2289 1274 β’.
2325 1201 2468 1284 Κατά
2540 1203 2634 1274 μὲν
2704 1202 2832 1265 τοὺς
2894 1203 2953 1259 ἐκ
3013 1206 3347 1278 μαθημάτων
3404 1207 3809 1284 ἀνακλωμένης

2147 1294 2246 1357 τῆς
2307 1283 2482 1362 ὅψεως
2542 1291 2646 1345 ἀπὸ
2693 1297 2790 1346 τοῦ
2838 1292 3151 1370 παχυτέρου
3180 1294 3338 1368 ἀέρος
3396 1298 3488 1352 καὶ
3551 1283 3804 1356 σύστασιν

2147 1372 2377 1451 ἔχοντος
2437 1378 2524 1433 ἐπί
2575 1401 2626 1434 τι
2684 1385 2790 1435 τῶν
2850 1383 3100 1459 φωτίζειν
3157 1384 3500 1462 πεφυκότων,
3530 1387 3619 1442 καὶ
3664 1391 3800 1444 κατά

2145 1466 2242 1534 τὴν
2303 1468 2525 1537 ποιάνῆ
2569 1468 2816 1524 σύστασιν
2862 1471 2895 1539 ἧ
2949 1473 3135 1548 σχέσιν
3193 1478 3290 1528 τοῦ
3349 1475 3506 1549 ἀέρος
3553 1476 3635 1531 καὶ
3687 1483 3786 1532 τοῦ

2146 1556 2346 1631 φωτὸς,
2402 1555 2510 1627 ἤδη
2573 1555 2630 1613 δέ
2683 1559 2773 1613 καὶ
2831 1560 2996 1628 αὐτῆς
3052 1565 3150 1630 τῆς
3209 1563 3428 1636 ὁρώσης
3467 1560 3642 1640 ὅψεως
3686 1568 3783 1635 τὴν

2143 1642 2282 1718 πρός
2337 1665 2396 1698 τε
2450 1647 2540 1700 τὸν
2602 1644 2964 1717 συνεστηκότα
3024 1649 3155 1726 ἀέρα
3212 1651 3301 1706 καὶ
3378 1654 3516 1728 πρὸς
3571 1655 3634 1709 τὸ
3679 1660 3788 1733 φῶς

2143 1732 2350 1807 σχέσιν,
2384 1741 2484 1804 τῆς
2538 1739 2643 1790 τῶν
2699 1740 3013 1813 χρωμάτων
3070 1759 3131 1794 τε
3167 1741 3258 1794 καὶ
3320 1743 3626 1818 σχημάτων
3659 1732 3787 1822 φαν-

2138 1821 2324 1883 τασίας
2378 1822 2790 1898 ἐκτελουμένης·
2853 1827 2988 1881 κατᾶ
3041 1826 3099 1883 δὲ
3152 1828 3279 1893 τοὺς
3332 1832 3594 1910 φυσικοὺς
3649 1821 3793 1910 γινο-

383 1935 585 1974 corum
635 1921 832 1972 autem
883 1915 1167 1985 doctrina,
1219 1917 1284 1969 ut
1331 1913 1578 1969 luminis
1627 1913 1896 1968 refractio
1955 1911 2020 1967 ad

2144 1909 2310 1982 μένης
2342 1916 2438 1966 τοῦ
2470 1914 2649 1990 φωτὸς
2679 1912 3022 1979 ἀνακλάσεως
3075 1917 3212 1994 πρὸς
3241 1909 3351 1988 τὴν
3385 1915 3532 1995 ὄψιν,
3566 1921 3629 1978 ού
3682 1924 3788 1998 μὴν

2178 2006 2203 2013 -
2270 1995 2322 2013 ν.
2556 2003 2566 2013 .
2676 2004 2687 2013 .
2776 2008 2802 2013 _

379 2008 594 2077 visum,
625 2022 742 2060 non
774 2005 961 2076 ipsius
991 2003 1154 2059 visus
1192 2003 1262 2057 ad
1306 2001 1506 2057 lumen
1547 2003 1670 2057 fiat.

447 2098 501 2151 3.
545 2094 944 2150 Mathematici
993 2094 1149 2148 enim
1207 2092 1401 2148 radios
1454 2091 1741 2163 quosdam
1803 2090 1902 2162 qui
1961 2105 2028 2146 ex

376 2183 564 2239 oculis
593 2183 994 2249 effunduntur,
1031 2183 1206 2251 inque
1255 2196 1376 2235 rem
1423 2179 1835 2252 aspectabilem
1881 2179 2026 2233 inci-

377 2274 550 2339 dunt,
579 2272 814 2326 videndi
846 2287 1056 2326 causas
1088 2269 1255 2324 nobis
1287 2285 1415 2324 esse
1460 2269 1699 2323 dicunt:
1735 2268 1843 2323 hos
1877 2268 2028 2322 scili-

375 2367 467 2418 cet
495 2361 658 2433 ipsos
686 2360 827 2415 dum
868 2377 902 2415 a
939 2357 1193 2432 speculis
1223 2364 1281 2413 et
1309 2357 1441 2413 aliis
1473 2357 1767 2413 similibus
1797 2357 1869 2412 ad
1901 2373 2022 2412 rem

376 2449 791 2522 aspectabilem
850 2449 922 2503 ad
991 2448 1240 2519 angulos
1295 2447 1548 2519 aequales
1607 2446 2022 2518 refringantur,

375 2556 614 2595 causam
646 2538 816 2594 nobis
847 2537 1099 2610 prmbere
1139 2544 1203 2592 ut
1245 2536 1326 2592 ita
1357 2537 1509 2608 quod
1547 2536 1794 2604 videtur,
1830 2535 2020 2591 videa-

372 2644 544 2696 mus;
597 2632 656 2683 at
699 2627 959 2700 physicis
991 2643 1105 2682 non
1148 2642 1250 2697 per
1291 2625 1590 2680 radiorum
1621 2624 2020 2692 emissionem,

371 2717 472 2774 sed
503 2733 607 2789 per
632 2716 934 2789 qualitatis
957 2732 1158 2772 eorum
1183 2731 1310 2787 quas
1336 2714 1606 2769 videntur
1627 2714 2018 2785 receptionem

367 2804 514 2860 visio
536 2805 734 2878 perfici
756 2805 1006 2860 videtur.
1033 2804 1114 2859 Ea
1133 2804 1290 2858 enim
1318 2821 1444 2875 quae
1467 2803 1537 2858 ad
1563 2807 1780 2858 rectam
1804 2801 2018 2857 lineam

368 2894 660 2964 videntur,
680 2895 837 2950 cerni
862 2895 1097 2961 dicunt;
1123 2893 1262 2964 quia
1288 2894 1659 2964 perspicuum
1687 2892 1842 2963 quod
1871 2891 2023 2946 inter

373 3001 496 3039 rem
527 2983 944 3056 aSpectabilem
974 2988 1031 3039 et
1069 2988 1370 3054 aspectum
1403 2981 1707 3036 intervenit
1755 2998 1790 3034 a
1831 2981 2020 3036 colore

373 3073 474 3145 qui
506 3079 820 3144 spectatur,
853 3073 1164 3139 afficiatur,
1197 3080 1252 3127 et
1284 3071 1616 3143 passionem
1649 3069 1799 3125 visui
1832 3073 1931 3141 qui
1962 3074 2020 3125 et

367 3161 495 3234 ipse
523 3169 614 3218 est
644 3164 1011 3234 perspicuus,
1044 3162 1457 3216 communicet.
1493 3164 1630 3226 Quae
1675 3164 1869 3214 autem
1917 3177 2019 3229 per

368 3252 775 3306 ret'ractionem
809 3255 1153 3316 cernuntur,
1187 3252 1266 3306 ita
1296 3250 1450 3305 cerni
1484 3267 1496 3317 ;
1531 3255 1596 3304 ut
1635 3250 1715 3304 rei
1747 3255 2012 3321 aspecta-

2137 2006 2236 2069 τῆς
2267 1995 2442 2074 ὅψεως
2471 2003 2609 2078 πρὸς
2637 2004 2699 2057 τὸ
2731 2008 2864 2081 φῶς.

2209 2091 2274 2162 γ’.
2311 2091 2374 2143 Οἱ
2410 2091 2504 2163 μὶν
2532 2092 2636 2167 γὰρ
2692 2096 2798 2146 τῶν
2858 2094 3191 2167 μαθημάτων
3251 2095 3470 2160 ἀκτῖνάς
3529 2099 3658 2177 φασί
3710 2121 3790 2154 τι-

2135 2198 2222 2238 νας
2281 2177 2610 2254 ἐκχεομένας
2665 2185 2772 2234 τῶν
2835 2181 3132 2260 ὀφθαλμῶν
3189 2185 3280 2240 καὶ
3337 2188 3785 2260 προσπιπτούσας

2135 2270 2213 2337 τῷ
2241 2268 2439 2342 ὁρατῷ,
2471 2273 2567 2323 τοῦ
2599 2270 2726 2345 ὁρᾷν
2757 2270 2929 2332 αἰτίας
2960 2273 3094 2327 εἶναι
3126 2274 3260 2346 ἡμῖν
3310 2273 3472 2338 αὐτὰς
3533 2274 3600 2346 δὴ
3656 2278 3785 2332 ταύ-

2133 2375 2227 2410 τας
2261 2356 2365 2410 ἀπὸ
2422 2362 2528 2411 τῶν
2590 2359 2906 2436 κατόπτρων
2957 2361 3046 2414 καὶ
3103 2363 3315 2416 πάντων
3370 2368 3480 2418 τῶν
3516 2365 3784 2422 τοιούτων

2133 2442 2518 2519 ἀνακλωμένας
2576 2445 2663 2501 ἐπὶ
2721 2449 2782 2502 τὸ
2839 2449 3030 2523 ὁρατὸν
3084 2451 3218 2526 πρὸς
3280 2451 3397 2513 ἷσας
3429 2453 3630 2527 γωνίας
3684 2456 3784 2524 τήν

2134 2532 2306 2586 αἰτίαν
2337 2529 2500 2586 πάλιν
2531 2536 2664 2608 ἡμῖν
2697 2537 2956 2612 παρέχειν
2987 2541 3087 2591 τοῦ
3137 2532 3308 2601 ὄντως
3357 2539 3486 2616 ὁρᾷν
3538 2541 3601 2596 τὸ
3651 2542 3790 2618 ὁρώ-

2135 2641 2315 2694 μενον·
2373 2628 2491 2683 τοῖς
2569 2620 2627 2677 δὲ
2678 2630 2925 2701 φυσικοῖς
2980 2624 3042 2679 ού
3092 2622 3243 2681 δοκεῖ
3299 2624 3366 2682 δι’
3422 2628 3647 2684 ἀκτίνων
3697 2630 3784 2685 ἐκ-

2131 2718 2360 2783 πομπῆς
2390 2711 2660 2776 τελεῖσθαι
2689 2714 2788 2782 τὴν
2823 2713 3029 2789 ὅρασιν,
3065 2713 3211 2770 ἀλλὰ
3258 2720 3328 2791 τῇ
3390 2715 3620 2794 εἷ’σδοχῇ
3680 2727 3784 2790 τῆς

2126 2803 2234 2854 τῶν
2287 2801 2580 2876 ὁρωμένων
2640 2802 2956 2873 ποιότητος.
3008 2804 3257 2879 Ὁρᾶσθαι
3337 2805 3439 2880 γάρ
3522 2828 3650 2885 φασι
3720 2809 3788 2863 τὰ

2133 2888 2226 2962 μὲν
2264 2888 2466 2953 εὐθείας
2499 2891 2772 2967 ὁρώμενα,
2803 2897 2882 2964 τῷ
2909 2893 3140 2968 πάσχειν
3185 2893 3288 2948 ὑπὸ
3342 2899 3441 2950 τοῦ
3498 2897 3785 2971 ὁρωμένου

2128 2979 2428 3053 χρώματος
2455 2978 2518 3034 τὸ
2571 2979 2764 3052 μεταξὺ
2804 2984 2901 3035 τοῦ
2950 2981 3234 3058 ὁρωμένου
3287 2983 3377 3038 καὶ
3443 2985 3542 3054 τῆς
3601 2982 3784 3060 ὅψεως

2128 3064 2401 3146 διαφανὲς,
2427 3068 2517 3122 καὶ
2553 3065 2994 3144 μεταδιδόναιτῇ
3054 3065 3175 3144 ὄψει
3230 3075 3329 3126 τοῦ
3386 3074 3587 3136 πάθους
3644 3075 3783 3150 οῦσῃ

2124 3155 2214 3210 καὶ
2265 3155 2432 3230 ταύτῃ
2491 3154 2750 3232 διαφανεῖ.
2783 3158 2858 3212 Τά
2916 3155 2973 3213 δὲ
3028 3160 3143 3213 κατ’
3201 3159 3495 3216 ἀνάκλασιν
3551 3164 3781 3238 ὁρᾶσθαι

2125 3242 2394 3321 λεγόμενα
2449 3245 2622 3309 οὕτως
2679 3248 2936 3323 ὁρᾶσθαι,,
2973 3251 3052 3320 τῷ
3105 3247 3342 3324 γίνεσθαι
3400 3255 3614 3327 πρῶτον
3675 3254 3779 3322 τὴν

363 3340 501 3396 bilis
519 3340 900 3396 simulacrum
921 3340 1178 3411 primum
1198 3340 1296 3394 fiat
1313 3339 1369 3393 in
1391 3337 1645 3409 speculis
1663 3344 1717 3394 et
1733 3320 2010 3394 omnibus

2133 3339 2217 3389 τοῦ
2274 3335 2557 3411 ὁρωμένου
2614 3333 2841 3414 ἔμφασιν
2894 3336 2944 3391 ἐν
2975 3343 3094 3400 τοῖς
3152 3337 3430 3414 ἐνόπτροις
3479 3341 3567 3395 καὶ
3616 3348 3779 3398 πᾶσιν

363 3429 587 3502 speculi
647 3445 807 3485 more
865 3429 1018 3485 228
1085 3428 1440 3500 perspicuis,
1502 3432 1736 3498 propter
1794 3434 2012 3483 certam

366 3519 623 3590 aliquam
649 3519 728 3574 rei
751 3517 1124 3590 aspectabilis
1145 3517 1552 3572 habitudinem
1577 3517 1648 3572 ad
1671 3516 1972 3588 speculum
1997 3535 2011 3573 :

368 3607 494 3663 fieri
516 3611 711 3662 autem
732 3607 1048 3678 imaginem
1072 3607 1151 3662 rei
1176 3606 1549 3678 aspectabilis
1573 3606 1630 3660 in
1652 3605 1890 3678 speculo
1915 3624 2016 3678 per

366 3696 764 3769 perspicuum,
798 3697 952 3768 quod
986 3696 1137 3750 inter
1167 3695 1468 3768 speculum
1504 3699 1561 3750 et
1590 3701 1891 3766 aspectum
1925 3696 2012 3750 in-

365 3785 650 3854 tervenit;
683 3790 749 3840 ut
777 3785 1133 3856 ejuscemodi
1168 3785 1542 3858 perspicuum
1575 3802 1608 3840 a
1638 3785 1717 3839 rei
1750 3790 2011 3857 aspecta-

363 3875 501 3932 bilis
521 3874 711 3931 colore
734 3876 1043 3942 afﬁciatur,
1066 3879 1124 3930 et
1152 3874 1515 3930 affectionem
1540 3873 1776 3946 speculo
1802 3873 1878 3928 im
1889 3891 2014 3945 per-

363 3963 490 4030 tiat,
519 3964 672 4036 quod
704 3969 762 4020 et
791 3966 985 4036 ipsum
1019 3969 1108 4020 est
1135 3963 1509 4036 perspicuum
1538 3981 1550 4031 ;
1588 3963 1798 4018 deinde
1828 3963 1912 4018 sic
1943 3980 2012 4018 ex

361 4053 601 4125 speculo
633 4055 702 4108 ad
747 4058 1049 4125 aspectum
1085 4053 1280 4109 venire
1310 4053 1524 4108 dictam
1557 4053 1876 4124 imaginem
1910 4069 2012 4124 per

358 4142 516 4198 idem
569 4142 713 4198 illud
765 4143 1136 4215 perspicuum
1187 4143 1342 4213 quod
1401 4142 1553 4196 inter
1600 4140 1902 4212 speculum
1954 4146 2011 4196 et

361 4237 664 4303 aspectum
685 4232 933 4288 exsistit.
958 4233 1133 4287 Posse
1153 4231 1308 4287 enim
1334 4231 1639 4302 speculum
1664 4229 1932 4285 laavitatis
1953 4235 2010 4285 et

357 4319 602 4392 fulgoris
628 4337 807 4376 causa
833 4323 912 4377 rei
941 4320 1313 4393 aspectabilis
1338 4320 1589 4376 colorem
1613 4319 2009 4375 communica-

356 4413 507 4481 tum,
540 4428 656 4466 non
689 4416 918 4466 tantum
951 4416 1220 4482 prompte
1250 4410 1531 4481 accipere,
1565 4409 1666 4464 sed
1711 4409 2005 4464 custodire

353 4500 552 4566 etiam,
585 4505 642 4555 et
686 4499 995 4572 perspicuo
1026 4500 1179 4571 quod
1210 4499 1406 4571 ipsum
1436 4501 1626 4570 primo
1655 4497 2004 4566 transmisit,

350 4587 614 4644 vicissim
649 4590 970 4646 remittere.

424 4679 478 4733 4.
511 4678 675 4742 Quod
710 4679 890 4751 igitur
917 4678 1150 4734 lucidus
1183 4682 1239 4733 et
1267 4676 1462 4733 clarus
1493 4674 1797 4733 oculorum
1829 4675 2004 4748 spiri-
2035 4692 2082 4756 D

353 4771 452 4824 tus
481 4775 840 4839 secernatur,
872 4774 1105 4824 tantum
1151 4784 1266 4823 non
1313 4766 1527 4822 diserte
1579 4765 1856 4832 clamant,
1886 4765 2002 4838 ipsi

353 4857 529 4912 etiam
565 4857 723 4913 nervi
753 4857 855 4930 qui
885 4857 1059 4913 talem
1101 4857 1376 4928 spiritum
1422 4872 1492 4912 ex
1533 4857 1769 4911 cerebro
1814 4855 1999 4910 conti-

353 4952 560 5002 nenter
590 4947 926 5003 afﬂuentem
958 4946 1275 5001 demittunt
1305 4945 1377 5000 ad
1408 4944 1606 5000 oculos
1635 4963 1648 5012 ;
1683 4943 1793 4999 soli
1842 4944 1998 4999 enim

353 5035 414 5090 hi
447 5053 516 5092 ex
545 5036 821 5092 omnibus
861 5037 959 5108 qui
1006 5041 1147 5091 sunt
1196 5036 1255 5090 in
1309 5051 1548 5105 corpore
1580 5034 1759 5096 nervi,
1792 5033 1914 5088 cavi
1944 5037 2002 5088 et

353 5125 724 5182 eanaliculati
757 5132 916 5181 sunt.
941 5127 1303 5197 Quapropter
1323 5142 1422 5180 eos
1444 5125 1619 5180 etiam
1649 5123 1998 5194 Herophilus

351 5232 546 5286 poros,
578 5215 636 5270 id
667 5220 757 5271 est
789 5221 1036 5282 meatus,
1070 5232 1170 5270 seu
1202 5214 1457 5283 canales,
1492 5213 1833 5269 nominavit.

419 5394 532 5448 5ς8.
551 5394 713 5458 Quod
733 5399 928 5450 autem
946 5392 1146 5449 lumen
1164 5393 1324 5448 visus
1343 5409 1456 5448 non
1474 5391 1662 5464 possit
1679 5390 1877 5462 ipsum
1897 5407 1999 5462 per

350 5499 412 5538 se
443 5482 637 5539 solum
665 5483 978 5555 prisvenire
1007 5489 1063 5538 et
1091 5481 1586 5554 comprehendere
1605 5480 1806 5536 omnia
1835 5495 2002 5552 aspe-

349 5571 588 5631 ctabilis.
617 5572 730 5630 nisi
767 5575 839 5630 ab
871 5577 1108 5630 externo
1140 5572 1295 5630 229
1324 5571 1550 5628 lumine
1581 5569 1908 5644 adjuvetur,
1941 5573 1998 5626 et

422 5791 468 5836 ιο
504 5807 569 5851 ιιι
611 5789 846 5853 Meteon
897 5805 947 5850 ο.
998 5791 1056 5853 2.

2125 3423 2462 3500 ἐνοπτρικοῖς
2520 3421 2609 3479 διὰ
2662 3427 2762 3494 τὴν
2816 3427 2976 3480 ποιάν
3028 3425 3212 3502 σχέσιν
3251 3432 3348 3482 τοῦ
3381 3429 3579 3504 ὁρατοῦ
3637 3433 3778 3506 πρὸς

2121 3513 2184 3568 τὸ
2243 3510 2519 3591 ἔνοπτρον’
2576 3514 2814 3589 γίνεσθαι
2875 3513 2932 3570 δὲ
2984 3515 3082 3584 τήν
3130 3519 3226 3570 τοῦ
3287 3518 3486 3593 ὁρατοῦ
3544 3517 3777 3598 ἔμφασιν

2125 3603 2174 3657 ἐν
2205 3608 2286 3674 τῷ
2318 3603 2561 3680 ἐνόπτρῳ
2592 3601 2681 3659 διὰ
2721 3609 2818 3659 τοῦ
2872 3603 3181 3682 διαφανοῦς,
3215 3604 3347 3682 ὅπερ
3406 3605 3518 3662 ἐστὶ
3577 3609 3777 3683 μεταξὺ

2119 3697 2217 3746 τοῦ
2249 3692 2507 3768 ἐνόπτρου
2534 3714 2593 3747 τε
2620 3693 2710 3747 καὶ
2756 3700 2855 3762 τῆς
2904 3689 3082 3768 ὄψεως
3134 3695 3444 3770 πάσχοντος
3500 3700 3598 3750 τοῦ
3652 3719 3779 3754 τοι-

2122 3780 2282 3835 ούτου
2342 3779 2630 3860 διαφανοῦς
2691 3782 2792 3836 ὑπὸ
2845 3789 2948 3852 τῆς
2982 3787 3080 3837 τοῦ
3111 3784 3394 3859 ὁρωμένου
3425 3792 3624 3860 χροιᾶς
3683 3787 3777 3842 καὶ

2120 3873 2216 3924 τοῦ
2281 3871 2484 3933 πάθους
2547 3868 2930 3944 μεταδιδόντος
2986 3875 3065 3943 τῷ
3109 3871 3356 3944 ἐνόπτρῳ
3407 3870 3655 3951 διαφανεῖ
3684 3875 3780 3931 κά-

2119 3959 2280 4033 κείνῳ
2309 3960 2652 4036 τυγχάνοντι’
2688 3959 2782 4024 εἶθ’
2821 3959 2993 4022 οὕτως
3048 3959 3108 4014 ἐκ
3159 3965 3261 4015 τοῦ
3319 3961 3578 4038 ἐνόπτρου
3637 3965 3780 4041 πρὸς

2117 4049 2216 4116 τήν
2270 4043 2392 4122 ὄψιν
2469 4047 2620 4118 ἥκειν
2675 4050 2774 4118 τὴν
2835 4044 3131 4125 εἰρημένην
3189 4042 3419 4128 ἔμφασιν
3481 4048 3551 4105 δι’
3608 4051 3779 4109 αὐτοῦ

2117 4136 2280 4192 πάλιν
2338 4143 2435 4192 τοῦ
2496 4138 2688 4211 μεταξὺ
2735 4143 2832 4192 τοῦ
2874 4137 3134 4211 ἐνόπτρου
3185 4139 3274 4193 καὶ
3319 4147 3422 4209 τῆς
3452 4135 3629 4214 ὅψεως
3661 4139 3780 4198 δια-

2117 4231 2336 4305 φανοῦς.
2370 4227 2626 4282 Δύνασθαι
2683 4227 2786 4303 γὰρ
2841 4229 2903 4282 τὸ
2961 4225 3214 4304 ἕνοπτρον
3245 4225 3334 4282 διὰ
3366 4227 3625 4301 λειότητα
3681 4233 3777 4288 καὶ

2116 4315 2502 4388 στιλπνότητά,
2542 4317 2615 4389 μή
2650 4316 2814 4388 μόνον
2844 4315 3082 4389 ἑτοίμως
3131 4313 3380 4393 δέχεσθαι
3438 4319 3501 4373 τὸ
3551 4319 3774 4393 μεταδι-

2115 4403 2341 4478 δόμενον
2397 4404 2546 4477 αύτῷ
2603 4409 2808 4481 χρῶμα
2860 4410 2958 4459 τοῦ
3017 4406 3235 4478 ὁρατοῦ,
3270 4404 3416 4462 ἀλλὰ
3444 4408 3534 4462 καὶ
3567 4407 3777 4485 φυλάσ-

2114 4515 2222 4549 σειν
2249 4493 2339 4549 καὶ
2369 4491 2838 4568 ἀντιμεταδιδόναι
2871 4497 2951 4567 τῷ
3013 4491 3300 4567 μεταδόντι
3353 4496 3590 4570 πρώτως
3649 4494 3772 4554 δια-

2115 4605 2284 4662 φανει.

2185 4670 2248 4730 δ’.
2279 4676 2398 4728 Ὅτι
2449 4673 2544 4747 μὲν
2596 4670 2686 4728 οῦν
2740 4670 3015 4749 αὐγοειδὲς
3062 4674 3152 4728 καὶ
3211 4671 3505 4753 φωτοειδὲς
3553 4679 3772 4750 πνεῦμα

2109 4767 2214 4818 τῶν
2276 4762 2577 4841 ὀφθαλμῶν
2635 4761 3006 4840 ἀποκρίνεται,
3044 4763 3343 4840 μονονουχὶ
3407 4765 3507 4839 βοᾷ
3554 4771 3769 4842 τρανῶς

2109 4851 2198 4908 καὶ
2230 4852 2364 4908 αὐτὰ
2389 4853 2457 4907 τὰ
2485 4857 2646 4930 νεῦρα
2668 4854 2736 4908 τὰ
2778 4850 3155 4925 διαπέμποντα
3198 4854 3335 4930 πρὸς
3383 4853 3512 4918 τοὺς
3569 4854 3769 4934 ὀφθαλ-

2114 4941 2248 5015 μοὺς
2277 4943 2340 4996 τὸ
2371 4947 2616 4997 τοιοῦτον
2649 4947 2862 5015 πνεῦμα
2909 4941 3156 5018 ἐπιρρέον
3205 4942 3266 4998 ἐκ
3311 4947 3409 4998 τοῦ
3460 4942 3766 5023 ἐγκεφάλου

2109 5031 2243 5085 κατὰ
2294 5033 2591 5107 συνέχειαν·
2653 5030 2743 5085 καὶ
2823 5032 2926 5107 γάρ
3005 5029 3330 5104 συμπάντων
3411 5037 3519 5088 τῶν
3576 5032 3628 5088 ἐν
3688 5037 3765 5106 τῷ

2108 5121 2322 5192 σώματι
2383 5119 2585 5194 νεύρων
2660 5125 2828 5175 ταῦτα
2909 5120 3042 5194 μόνα
3111 5119 3275 5176 κοῖλα
3342 5123 3598 5198 τυγχάνει
3675 5121 3763 5177 καὶ

2110 5207 2476 5280 σωληνοειδῆ.
2511 5210 2608 5264 Διά
2646 5215 2807 5264 τοῦτο
2836 5211 2926 5264 καὶ
2957 5209 3164 5286 πόρους
3221 5209 3498 5284 ὠνόμασεν
3551 5211 3688 5267 αὐτὰ
3735 5212 3762 5266 ὁ

2107 5297 2425 5376 Ἡρόφιλος.

2179 5389 2317 5458 ε’-η’.
2367 5390 2484 5443 Ὅτι
2544 5385 2591 5443 δ’
2638 5388 2736 5442 οὐκ
2784 5387 2843 5442 ἂν
2889 5389 2953 5442 τὸ
2998 5389 3098 5457 τῆς
3149 5383 3326 5463 ὅψεως
3373 5387 3592 5444 δύναιτο
3644 5394 3757 5468 φῶς

2105 5476 2235 5532 αὐτὸ
2291 5480 2405 5532 καθ’
2459 5476 2588 5532 αὐτὸ
2668 5477 2830 5551 μόνον
2912 5477 3126 5555 φθάνειν
3181 5479 3271 5533 καὶ
3328 5473 3753 5555 περιλαμϐάνειν

2107 5567 2314 5624 ἅπαντα
2356 5567 2424 5624 τὰ
2471 5567 2724 5648 ὁρώμενα
2776 5568 2852 5644 μὴ
2889 5566 3262 5647 βοηθούμενον
3294 5567 3384 5624 καὶ
3438 5567 3600 5625 οἱονεὶ
3632 5587 3751 5647 χει-
