4114 6434
292 379 448 439 1193

1608 374 1957 438 ΕΡΙΤΟΜΕ
2003 373 2359 436 PHYSICA.

3559 377 3718 435 1194

290 510 720 586 ραγωγούμενον
791 508 894 564 ὑπὸ
937 511 1034 562 τοῦ
1085 504 1186 578 ἔξω
1244 507 1445 586 φωτὸς,
1506 506 1673 577 δῆλον
1735 507 1795 562 ἐκ
1857 510 1955 561 τοῦ

2081 507 2236 579 quasi
2269 525 2446 564 manu
2480 509 2764 575 ducatur;
2799 524 2868 562 ex
2895 524 2963 563 eo
3003 509 3380 563 manifestum
3412 513 3519 575 est,
3561 509 3718 580 quod

297 597 440 671 μηδὲ
487 597 707 674 βλέπειν
770 592 1186 670 ἀνεμποδίστως
1231 597 1404 668 ἡμᾶς,
1449 593 1540 650 ὅτε
1589 595 1653 650 τὸ
1700 599 1947 650 τοιοῦτον

292 686 482 744 ἄπεστι
531 693 668 767 φῶς.
718 685 783 742 Εἰ
831 685 932 764 γὰρ
978 683 1091 740 οἷόν
1135 705 1194 740 τε
1243 684 1309 754 ἦν
1360 684 1421 738 τὸ
1490 684 1712 740 ὀπτικὸν
1780 681 1950 738 ἀπαύ-

289 798 475 854 γασμα
539 777 634 832 τὸν
703 776 834 853 ἀέρα
903 772 1229 848 διατέμνειν,
1295 770 1448 830 οὐδὲν
1515 772 1576 828 ἂν
1634 776 1796 843 ἧττον
1861 773 1950 826 καὶ

291 866 518 930 σκότους
554 864 743 943 βαθέος
784 859 1110 938 έϐλέπομεν’
1165 861 1347 940 ὥσπερ
1391 863 1437 918 εἰ
1478 863 1542 918 τὸ
1591 861 1779 935 ἔξωθεν
1831 867 1946 942 φῶς

294 953 384 1011 διὰ
430 959 534 1012 τοῦτ
581 953 739 1031 ἀέρος
795 955 895 1022 τὴν
933 957 1032 1008 τοῦ
1067 952 1298 1029 ’ὁρατοῦ
1364 951 1632 1023 ποιότητα
1678 950 1815 1028 πρὸς
1861 952 1952 1006 τὸν

295 1043 582 1124 ὀφθαλμὸν
633 1037 928 1112 διεϐίϐαζε⁸
970 1042 1196 1118 περιττή
1245 1046 1324 1114 τῷ
1372 1039 1642 1120 ὀφθαλμῷ
1683 1039 1952 1112 δήπουθεν

295 1135 364 1204 ἦν
413 1136 448 1204 ἡ
497 1136 597 1188 τοῦ
655 1126 1059 1202 σωληνοειδοῦς
1125 1130 1315 1207 νεύρου
1378 1131 1706 1200 κατασκευὴ,
1759 1126 1951 1204 μηδενὶ

290 1227 398 1278 τῶν
458 1219 646 1278 ἄλλων
697 1219 1068 1296 αἰσθητηρίων
1121 1218 1374 1274 τοιούτου
1405 1218 1598 1294 νεύρου
1627 1218 1947 1295 προσόντος·

292 1307 552 1387 ἑωρῶμέν
600 1330 662 1364 τε
717 1309 792 1382 μή
843 1309 959 1364 καθ’
991 1306 1115 1363 εύθῦ
1161 1307 1344 1382 μόνον,
1377 1305 1506 1363 ἀλλ’
1535 1305 1643 1380 ἤδη
1694 1308 1800 1363 κάκ
1843 1311 1948 1362 τῶν

289 1396 542 1475 πλαγίων
587 1419 650 1454 τε
695 1395 785 1454 καὶ
830 1401 939 1452 τῶν
989 1392 1235 1466 ὄπισθεν,
1280 1400 1390 1452 τῶν
1443 1393 1555 1451 ἄνω
1608 1418 1668 1452 τε
1713 1397 1802 1452 καὶ
1839 1401 1948 1451 τῶν

290 1487 440 1544 κάτω
517 1481 976 1561 διαϐιϐαζομένου
1036 1483 1374 1562 πανταχόθεν
1423 1489 1522 1540 τοῦ
1572 1487 1770 1561 ὁρατοῦ
1813 1485 1949 1561 πρὸς

290 1579 353 1633 τὸ
405 1577 698 1654 ὁρατήριον
743 1573 832 1630 δια
877 1575 976 1644 τὴν
1025 1579 1123 1630 τοῦ
1191 1575 1346 1647 ἀέρος
1413 1574 1716 1650 συνέχειαν·
1769 1571 1950 1648 ὥσπερ

293 1666 358 1721 αὖ
381 1667 446 1721 τὸ
477 1666 734 1721 ἀκουστὸν
766 1665 904 1741 πρὸς
950 1663 1014 1719 τὸ
1065 1664 1447 1740 ἀκουστήριον,
1477 1664 1566 1718 καὶ
1613 1663 1676 1719 τὸ
1723 1663 1952 1742 ὀσφραν-

291 1755 384 1811 τὸν
417 1755 556 1830 πρὸς
581 1755 646 1810 τὸ
677 1753 1073 1834 ὀσφραντήριον
1108 1745 1500 1822 διαϐιϐάζεται.

2061 597 2326 667 expedite
2381 614 2496 652 non
2528 597 2819 661 videmus,
2849 597 3085 668 quando
3128 596 3324 652 lumen
3359 597 3525 653 abest
3555 597 3719 666 ejus-

2063 686 2241 740 modi.
2275 686 2325 740 Si
2360 685 2514 741 enim
2551 685 2673 741 fieri
2707 689 2996 757 posset,ut
3025 684 3219 758 fulgor
3248 684 3498 740 visorius
3529 686 3717 742 disse-

2061 779 2219 830 caret
2265 791 2480 842 aerem,
2515 773 2662 828 nihil
2714 775 2913 829 minus
2953 774 3128 829 etiam
3179 775 3240 829 in
3271 773 3580 846 profundis
3631 779 3715 830 te-

2063 864 2262 920 nebris
2318 863 2670 920 videremus.
2737 864 3246 944 Quemadmodum
3305 864 3352 919 si
3409 868 3714 918 externum

2060 952 2260 1007 lumen
2339 969 2441 1024 per
2499 969 2692 1008 aerem
2771 954 2842 1008 ad
2902 951 3136 1008 oculum
3215 951 3556 1024 qualitatem
3632 953 3714 1007 rei

2062 1041 2438 1114 aspectabilis
2494 1043 2837 1114 perduceret
2886 1059 2899 1110 ;
2959 1058 3391 1114 supervacanea
3457 1041 3716 1114 profecto

2063 1130 2210 1186 foret
2239 1130 2406 1186 oculo
2436 1130 2687 1186 ﬁstulosi
2717 1131 2879 1186 nervi
2907 1131 3288 1203 constructio,
3317 1147 3452 1187 cum
3483 1129 3716 1186 nullum

2062 1224 2403 1276 ceterorum
2453 1237 2733 1276 sensuum
2764 1219 3228 1276 instrumentum
3278 1219 3382 1276 tali
3433 1237 3607 1276 nervo
3640 1219 3721 1276 sit

2063 1308 2394 1381 praeditum.
2424 1307 2774 1366 Videremus
2822 1310 2998 1364 etiam
3033 1326 3150 1364 non
3199 1314 3431 1364 tantum
3484 1309 3543 1364 in
3594 1324 3719 1364 rec-

2059 1403 2210 1467 tum,
2243 1398 2344 1452 sed
2388 1398 2514 1468 jam
2545 1397 2722 1452 etiam
2773 1413 2842 1453 ex
2871 1397 3148 1469 obliquis,
3181 1401 3238 1453 et
3276 1414 3404 1470 quae
3459 1413 3634 1470 pone,
3663 1401 3720 1453 et

2061 1504 2190 1559 quae
2223 1491 2483 1559 supra,et
2511 1503 2638 1558 qua
2669 1487 2824 1542 infra
2854 1491 2994 1542 sunt
3017 1505 3030 1555 ;
3052 1489 3194 1542 dum
3224 1503 3316 1543 res
3343 1485 3720 1559 aspectabilis

2061 1575 2338 1632 omnibus
2367 1592 2436 1631 ex
2485 1576 2750 1647 partibus
2780 1580 3018 1648 propter
3066 1575 3218 1632 aeris
3266 1576 3716 1632 continuitatem

2062 1665 2132 1719 ad
2162 1664 2447 1721 visorium
2479 1664 2944 1721 instrumentum
2971 1665 3720 1737 deferretur;quemadmo-

2060 1755 2204 1810 dum
2242 1753 2421 1810 etiam
2471 1755 2630 1826 quod
2663 1754 2778 1810 sub
2822 1754 3090 1810 auditum
3123 1753 3298 1824 cadit,
3331 1755 3404 1810 ad
3453 1753 3716 1822 auditus,

1980 1879 2029 1944 Β
2060 1843 2335 1944 quodque
2379 1843 2500 1944 sub
2547 1841 2826 1899 olfactum
2878 1843 3053 1916 cadit,
3095 1844 3167 1900 ad
3199 1843 3446 1900 olfactus
3496 1843 3715 1899 instru-

367 2040 554 2097 θ’.-ια’.
598 2035 758 2093 Ἀλλ’
803 2034 929 2091 οὐδὲ
975 2040 1073 2092 τοῦ
1113 2036 1312 2112 ὁρατοῦ
1360 2035 1425 2091 τὸ
1476 2036 1703 2111 μέγεθος
1755 2033 1955 2110 ἐγινώ-

297 2148 514 2202 σκομεν.
550 2129 676 2188 Πῶς
723 2127 825 2202 γὰρ
877 2122 1039 2200 ὅρους
1094 2123 1354 2200 μεγίστου
1407 2125 1575 2200 τυχὸν
1627 2127 1662 2194 ἡ
1712 2123 1847 2179 κατὰ
1889 2122 1953 2178 τὸ

296 2215 536 2288 πηλίκον
628 2215 886 2293 έμφέρεια
945 2212 1052 2276 ἕως
1137 2213 1301 2270 αὐτοῦ
1386 2207 1794 2269 διαϐιϐασθεῖσα
1857 2215 1955 2267 τοῦ

301 2304 589 2383 ὀφθαλμοῦ
647 2309 903 2359 τοσοῦτον
969 2303 1194 2379 μέγεθος
1253 2299 1396 2357 εἷάσε
1425 2300 1731 2378 οδιαγνῶναι
1780 2303 1950 2374 ἡμᾶς·

297 2395 387 2450 καὶ
420 2393 520 2450 οὐκ
549 2393 608 2449 ἂν
643 2391 1022 2466 ἐπικαλύψασα
1057 2391 1121 2446 τὸ
1175 2386 1331 2466 ὄμμα
1373 2398 1473 2462 τῆς
1514 2390 1773 2462 τοιαύτης
1823 2391 1953 2445 ἀπε-

300 2484 526 2562 στέρησε
574 2481 942 2558 διαγνώσεως,
996 2483 1071 2554 μὴ
1125 2478 1438 2552 δυνηθέντος
1489 2479 1654 2537 αὐτοῦ
1717 2485 1798 2553 τῷ
1861 2501 1953 2534 το-

301 2573 481 2647 σούτῳ
546 2573 1031 2647 συμπαραταθῆναι
1101 2570 1350 2645 μεγέθει;
1420 2575 1546 2633 Πῶς
1609 2567 1666 2624 δὲ
1729 2570 1819 2624 καὶ
1892 2569 1955 2624 τὸ

300 2663 517 2733 πλῆθος
608 2659 991 2738 διεγινώσκετο
1056 2663 1163 2714 τῶν
1248 2655 1467 2736 ἔγγιστα
1543 2661 1958 2736 παρακειμένων

305 2750 582 2824 ἀλλήλοις
614 2753 847 2827 ὁρατῶν,
879 2749 970 2805 καὶ
1001 2748 1100 2803 οὐκ
1147 2747 1206 2804 ἂν
1259 2747 1626 2818 ἐπηκολούθει
1669 2752 1738 2822 τῇ
1787 2768 1958 2824 παρα-

303 2841 442 2906 θέσει
494 2839 754 2917 σύγχυσις
817 2843 925 2894 τῶν
998 2836 1288 2914 ὁρωμένων
1373 2838 1688 2913 χρωμάτων
1753 2858 1813 2892 τε
1867 2836 1958 2891 καὶ

304 2927 634 3006 σχημάτων,
683 2929 760 2990 ὡς
804 2925 949 2983 ὅλων
1002 2925 1193 2982 διόλου
1255 2923 1690 3000 μεταδιδομένων
1737 2929 1818 2998 τῷ
1861 2946 1957 2980 πε-

306 3018 548 3094 ριέχοντι
578 3037 591 3086 ;
623 3017 862 3094 ’Άλογον
913 3018 1016 3094 γὰρ
1064 3015 1128 3070 τὸ
1173 3015 1310 3071 κατὰ
1359 3022 1534 3088 μῆκος
1587 3015 1681 3089 μὲν
1727 3013 1957 3090 πάσχειν

303 3108 368 3162 τὸ
420 3105 616 3181 μεταξὺ
661 3109 760 3161 τοῦ
811 3107 1009 3182 ὁρατοῦ
1054 3103 1144 3160 καὶ
1172 3111 1273 3175 τῆς
1307 3099 1485 3179 ὅψεως
1516 3101 1788 3182 διαφανὲς,
1821 3102 1959 3158 ἀπα-

309 3203 396 3257 θες
449 3190 507 3249 δὲ
555 3193 730 3268 μένειν
783 3193 914 3248 αὐτὸ
957 3193 1093 3248 κατᾶ
1139 3189 1366 3265 πλάτος,
1409 3193 1484 3255 ὡς
1533 3193 1611 3266 μή
1650 3194 1750 3262 τῆς
1792 3191 1960 3262 αὐτῆς

312 3281 442 3338 ὅλον
504 3281 711 3360 φύςεως
783 3277 862 3340 ὅν.
915 3286 1038 3345 Πῶς
1088 3279 1146 3337 δὲ
1189 3281 1354 3337 πάλιν
1403 3283 1504 3352 τὴν
1553 3281 1604 3352 ἐξ
1651 3284 1811 3354 ἡμῶν
1867 3284 1967 3336 τοῦ

310 3368 597 3447 ὁρωμένου
630 3369 936 3426 ἀπόστασιν
987 3367 1325 3448 διεκρίνομεν
1374 3375 1578 3440 ποσῶς,
1628 3371 1719 3426 καὶ
1767 3369 1867 3425 οὐκ
1903 3368 1963 3424 ἂν

311 3456 532 3515 ἐδόκουν
618 3456 833 3537 ἔγγιστα
897 3460 1188 3536 τυγχάνειν
1247 3463 1410 3534 ἡμῶν
1463 3460 1636 3516 πάντα
1687 3459 1756 3514 τὰ
1801 3460 1969 3534 ὁρατά

309 3555 411 3619 τῆς
492 3547 668 3604 αὐτῶν
757 3548 1046 3627 ἐμφερείας
1130 3547 1480 3624 ἐπικειμένης
1562 3554 1642 3622 τῷ
1717 3543 1966 3623 ὅμματι;

389 3833 480 3909 ιβ’.
514 3833 640 3888 Καθ’
687 3831 853 3904 αὐτὴν
905 3832 999 3907 μὲν
1052 3830 1143 3889 οὖν
1187 3836 1223 3904 ἡ
1255 3829 1379 3908 ὄψις
1427 3833 1527 3889 οὐκ
1573 3832 1752 3910 ἰσχύει
1807 3832 1971 3909 μέχρι

316 3919 536 3977 πολλοῦ
581 3919 811 3993 διήκειν·
865 3920 1210 3997 ἐμπίπτουσα
1259 3920 1316 3978 δὲ
1377 3927 1458 3995 τῷ
1503 3923 1814 4000 περιέχοντι
1862 3921 1975 3978 δια-

317 4015 476 4089 φανεῖ
517 4010 609 4067 καὶ
644 4014 714 4086 τῇ
765 4012 957 4086 πρώτῃ
999 4006 1290 4088 προσϐολῇ
1335 4013 1437 4083 τήν
1469 4010 1770 4068 ἀλλοίωσιν
1817 4011 1973 4089 ἐργα-

323 4099 520 4174 ζομένη
575 4096 889 4155 διαδίδωσιν
935 4096 1070 4176 ἄχρι
1118 4099 1377 4156 πλείστου
1442 4106 1704 4176 συνεχοῦς
1763 4102 1978 4173 ἑαυτὴν,

328 4187 526 4265 μέχρις
575 4189 636 4244 ἂν
682 4183 983 4244 καταλάϐοι
1029 4189 1092 4244 τὸ
1145 4190 1359 4263 ὁρατὸν,
1409 4189 1854 4264 συνεκτεινομένη
1902 4194 1982 4262 τῷ

322 4277 448 4354 περὶ
504 4279 596 4334 τὸν
666 4276 865 4352 ’μεταξὺ
935 4277 1064 4352 ἀέρα
1131 4278 1293 4357 φωτὶ,
1342 4281 1482 4344 καθὰ
1545 4284 1809 4355 σογγενεῖ.
1859 4281 1985 4333 ’Ὀτε

324 4366 429 4443 γὰρ
491 4366 600 4442 ἀήρ
651 4365 969 4444 εὐδιάχυτός
1019 4388 1078 4422 τε
1142 4367 1231 4423 καὶ
1279 4365 1650 4431 εὐαλλοίωτος
1697 4369 1772 4430 ὡς
1828 4364 1980 4424 οὐδὲν

322 4451 532 4531 ἕτερον,
581 4454 672 4510 καὶ
717 4457 752 4525 ἡ
822 4451 948 4530 ὄψις
1015 4461 1268 4533 καθαρῶς
1343 4457 1577 4533 ὑπάρχει
1655 4453 1982 4536 φωτοειδής.

333 4543 432 4598 Καὶ
489 4543 622 4620 ὅπερ
650 4544 714 4599 τὸ
758 4548 858 4599 τοῦ
915 4542 1128 4620 λύχνου
1177 4550 1293 4626 φῶς
1323 4545 1375 4601 έν
1408 4543 1546 4618 οἷ’κῳ
1577 4543 1679 4620 δρᾷ
1727 4549 1987 4617 σκοτεινῷ

2067 1936 2329 1989 mentum
2363 1932 2641 1989 defertur.

2134 2041 2289 2094 9-11.
2323 2039 2430 2094 Sed
2479 2055 2670 2110 neque
2701 2039 2784 2096 rei
2824 2039 3200 2112 aspectabilis
3248 2038 3718 2111 magnitudinem

2067 2143 2576 2199 cognosceremus.
2629 2129 2930 2193 Quomodo
2981 2131 3134 2184 enim
3188 2130 3424 2196 montis,
3472 2128 3719 2200 exempli

2066 2219 2274 2288 gratia,
2309 2218 2546 2272 maximi
2599 2219 2792 2290 quoad
2844 2219 3234 2289 quantitatem
3286 2217 3612 2274 similitudo
3648 2219 3721 2273 ad

2065 2305 2261 2378 ipsum
2321 2305 2558 2361 oculum
2628 2307 2897 2362 traducta
2950 2312 3174 2362 tantam
3252 2305 3718 2379 magnitudinem

2065 2395 2435 2468 permisisset
2463 2395 2888 2467 dignoscere,et
2913 2412 3027 2451 non
3049 2394 3462 2452 obnubilatum
3483 2394 3720 2451 oculum

2063 2483 2168 2539 tali
2219 2484 2427 2540 notitia
2473 2483 2780 2556 privasset,
2816 2490 2881 2540 ut
2940 2485 3038 2558 qui
3091 2489 3265 2540 tantae
3320 2485 3719 2556 magnitudini

2067 2573 2224 2629 230
2255 2574 2554 2629 coextendi
2588 2575 2887 2646 nequeat?
2909 2574 3020 2629 Sed
3046 2575 3339 2646 quomodo
3368 2573 3548 2629 etiam
3573 2572 3721 2628 mul-

2065 2662 2256 2718 titudo
2309 2662 2751 2735 dignosceretur
2781 2679 2976 2719 rerum
3017 2663 3127 2718 sibi
3173 2663 3423 2719 invicem
3454 2662 3719 2735 proxime

2067 2751 2489 2821 adiacentium,
2525 2768 2630 2806 nec
2676 2752 3104 2824 oppositionem
3137 2757 3482 2823 sequeretur
3510 2751 3714 2807 confu-

2068 2839 2154 2895 sio
2184 2857 2387 2896 eorum
2439 2839 2538 2912 qui
2570 2840 2861 2908 videntur,
2893 2839 3157 2898 colorum
3204 2845 3261 2897 et
3289 2841 3612 2913 figurarum
3652 2842 3721 2895 ut

2069 2945 2196 3001 quae
2221 2932 2352 2984 totae
2384 2929 2442 2983 in
2464 2929 2999 2996 totum_continenti
3020 2929 3462 3001 impertirentur
3479 2928 3719 3000 ?Neque

2069 3016 2226 3072 enim
2260 3016 2469 3072 rationi
2501 3021 2591 3074 est
2621 3021 3101 3087 consentaneum,
3136 3023 3202 3074 ut
3233 3018 3426 3089 quoad
3457 3016 3720 3089 longitu-

2073 3106 2269 3162 dinem
2301 3105 2540 3177 quidem
2564 3107 2820 3178 patiatur
2840 3107 3215 3179 perspicuum
3249 3107 3405 3178 quod
3425 3106 3578 3161 inter
3599 3121 3724 3162 rem

2078 3194 2494 3267 aspectabilem
2527 3199 2584 3250 et
2613 3196 2800 3251 visum
2833 3195 3274 3264 intervenit,sed
3305 3195 3495 3266 quoad
3527 3195 3728 3250 latitu-

2079 3285 2277 3340 dinem
2309 3285 2580 3356 passione
2628 3289 2862 3353 careat;
2895 3287 3064 3357 quasi
3095 3303 3212 3340 non
3243 3285 3508 3356 ejusdem
3540 3288 3730 3340 totum

2075 3377 2300 3429 naturas
2350 3373 2446 3429 sit.
2480 3373 2586 3439 Qui
2639 3378 2837 3430 autem
2870 3391 3079 3430 rursus
3130 3374 3259 3446 ejus
3289 3373 3446 3444 quod
3499 3372 3734 3428 videtur

2077 3461 2420 3517 distantiam
2469 3479 2503 3518 a
2551 3462 2720 3518 nobis
2789 3463 3258 3519 discerneremus
3332 3461 3728 3534 aliquatenus,

2079 3566 2269 3622 neque
2324 3549 2587 3623 proxime
2643 3568 2750 3606 nos
2803 3553 3139 3608 viderentur
3193 3568 3322 3608 esse
3380 3567 3473 3606 res
3530 3565 3734 3606 omnes

2079 3638 2547 3711 aspectabiles,si
2577 3640 2905 3697 similitudo
2935 3641 3279 3697 earumdem
3310 3639 3478 3697 oculo
3511 3640 3737 3696 incum-

2082 3728 2245 3784 beret
2263 3728 2292 3782 ?

2159 3833 2245 3888 12.
2278 3839 2390 3890 Per
2419 3852 2481 3892 se
2511 3835 2695 3907 igitur
2722 3837 2886 3892 visus
2909 3854 3026 3893 non
3056 3841 3250 3908 potest
3280 3836 3451 3909 longe
3471 3835 3746 3908 progredi

2083 3927 2142 3979 et
2170 3928 2497 3996 penetrare.
2526 3926 2633 3980 Sed
2665 3926 2902 3997 quando
2933 3925 2993 3981 in
3025 3926 3336 3981 continens
3365 3924 3744 3996 perspicuum

2087 4012 2313 4080 incidit,
2357 4016 2446 4068 vel
2496 4013 2686 4085 prima
2732 4015 3122 4086 applicatione
3170 4013 3574 4070 alterationem
3622 4012 3748 4069 effi-

2089 4103 2250 4158 ciens
2299 4102 2560 4174 seipsum
2593 4103 2667 4158 ad
2700 4104 3027 4159 maximum
3059 4101 3324 4159 continui
3373 4101 3748 4159 intervallum

2091 4189 2428 4262 exporrigit,
2461 4191 2647 4246 donec
2698 4207 2823 4247 rem
2855 4193 3276 4264 aspectabilem
3325 4191 3747 4262 apprehendat,

2093 4282 2160 4334 ut
2189 4279 2291 4350 qui
2314 4295 2450 4334 cum
2483 4279 2704 4336 lumine
2727 4281 2879 4336 aeris
2911 4280 3445 4352 intermedii,quasi
3479 4284 3747 4352 cognato,

2094 4368 2689 4425 coextendatur.Nam
2722 4375 2780 4425 et
2806 4386 2907 4425 aer
2939 4369 3107 4426 facile
3128 4368 3378 4425 diffundi
3401 4368 3754 4440 alterarique

2096 4461 2308 4529 potest,
2333 4457 2523 4530 magis
2555 4474 2732 4530 quam
2765 4459 3082 4530 quicquam
3112 4458 3271 4514 aliud
3299 4476 3313 4527 ;
3339 4463 3398 4514 et
3424 4459 3588 4514 visus
3609 4472 3756 4528 pure

2100 4545 2300 4606 clarus
2326 4546 2576 4603 exsistit.
2598 4550 2780 4619 Atque
2809 4549 2964 4620 quod
2997 4547 3249 4605 lucernas
3279 4547 3479 4604 lumen
3511 4547 3569 4602 in
3601 4547 3751 4603 28!

328 4633 422 4706 (τῇ
471 4632 664 4707 πρώτῃ
710 4633 815 4710 γὰρ
854 4631 1060 4708 ,εἰσόδῳ
1123 4623 1215 4690 τὸν
1265 4634 1316 4690 έν
1363 4634 1511 4708 αὐτῷ
1571 4634 1702 4709 ἀέρα
1764 4635 1966 4714 φωτίζε

2101 4636 2276 4692 domo
2335 4636 2702 4693 tenebricosa
2757 4637 2936 4693 efﬁcit
2992 4638 3206 4710 (primo
3262 4638 3420 4694 enim
3486 4636 3760 4708 ingressu

335 4721 522 4794 ὁμοῦ),
552 4719 814 4792 τοῦτοδή
843 4723 935 4779 καὶ
983 4725 1082 4794 τὴν
1137 4719 1261 4800 ὅψιν
1311 4723 1536 4796 νοητέον
1595 4730 1770 4780 ποιεῖν
1815 4724 1867 4780 ἐν
1919 4728 1966 4778 τὶ

2106 4741 2301 4781 aerem
2350 4725 2540 4797 ipsius
2592 4725 2770 4782 simul
2818 4725 3122 4798 illustrat),
3171 4727 3328 4782 idem
3375 4742 3518 4782 sane
3583 4724 3762 4780 etiam

323 4807 534 4881 pateﬁt)
609 4809 814 4881 ταύτης
880 4833 941 4868 τε
1005 4813 1096 4868 καὶ
1162 4818 1260 4869 τοῦ
1335 4814 1534 4890 ὁρατοῦ
1599 4814 1966 4889 πεφωτισμὲνι

2105 4815 2301 4870 visum
2336 4815 2524 4870 facere
2555 4815 2612 4869 in
2645 4832 2778 4871 aere
2808 4815 3162 4886 illuminato,
3178 4816 3276 4888 qui
3306 4815 3461 4872 inter
3488 4815 3686 4887 ipsum
3707 4817 3766 4868 et

248 4906 253 4913 '
329 4895 471 4970 ἀέρι.
534 4899 618 4973 Τῇ
677 4901 871 4976 πρώτῃ
926 4901 1028 4980 γὰρ
1117 4898 1408 4980 προσϐολῇ
1481 4907 1672 4958 τοῦτον
1731 4900 1998 4958 ἀλλοιοῦν

278 4995 287 5004 ’
338 4981 537 5060 ἷσχύει,
598 4985 984 5064 δυναμουμένη
1037 4995 1116 5063 τῷ
1157 4990 1312 5054 ἐκτὸς
1353 4992 1495 5070 φωτὶ
1524 4993 1613 5047 καὶ
1671 4996 2003 5067 συνεργοῦσα

336 5070 518 5144 τούτῳ
549 5072 638 5132 διὰ
664 5078 765 5146 τήν
799 5078 1095 5139 οἰκείωσιν.
1129 5078 1356 5150 Πολλὴν
1388 5083 1489 5158 γὰρ
1534 5081 1616 5136 ὅτι
1664 5082 1728 5136 τὸ
1779 5081 2001 5136 ὀπτικὸν

333 5165 458 5238 ,φῶς
487 5163 586 5233 τήν
632 5165 901 5224 οἷκείωσιν
933 5166 1052 5246 ἔχει
1098 5170 1238 5246 πρὸς
1284 5171 1348 5225 τὸ
1389 5168 1564 5242 ἐκτὸς,
1598 5169 1815 5226 κάκεῖνο
1866 5170 2004 5246 πρὸς

337 5251 401 5304 τὸ
429 5249 764 5326 timidam.
814 5258 891 5320 ὡς
925 5257 1152 5336 ὶκάτερα
1195 5259 1265 5314 τὰ
1311 5263 1464 5337 φῶτα
1518 5265 1696 5330 ζητεῖν
1758 5257 2005 5329 ἄλληλα,

338 5338 429 5425 καὶ
463 5340 565 5397 ὑπὸ
611 5349 710 5400 τοῦ
759 5345 1120 5425 ἰσχυροτέρου
1170 5349 1390 5424 θάτερον
1430 5345 1680 5413 ἕλκεσθαι
1729 5350 1805 5423 μή
1861 5348 2006 5403 ἀντι-

343 5420 530 5484 ϐαῖνον
559 5425 737 5502 ὅλως,
769 5420 918 5492 ἀλλᾶ
950 5420 1166 5510 μᾶλλον
1195 5420 1333 5513 πρὸς
1359 5439 1460 5506 την
1502 5436 1674 5508 ὁλκήν
1725 5420 2012 5513 έπειγόμε-

342 5537 432 5573 νον
514 5517 608 5576 καὶ
677 5523 813 5597 πρὸς
886 5525 950 5580 τὸ
1026 5527 1280 5603 συγγενὲς
1352 5526 1776 5602 ἆτιοτεινόμενον
1855 5549 2009 5606 φυσι-

355 5611 490 5670 κῶς.

632 5825 902 5893 Ρλτειοι..
951 5830 1064 5898 Gn.
1110 5833 1338 5902 CXLII.

2111 4921 2234 4959 rem
2285 4903 2704 4975 aspectabilem
2764 4905 3102 4972 intervenit,
3153 4904 3606 4977 intelligendum
3654 4906 3763 4958 est.

2111 4994 2257 5049 Nam
2305 4993 2496 5064 primo
2544 4993 2810 5049 incubitu
2861 4994 3018 5050 hunc
3077 4993 3324 5050 alterare
3355 4993 3509 5066 potis
3552 4996 3662 5060 est,
3694 4991 3766 5046 ab

2113 5086 2352 5138 externo
2382 5080 2607 5137 lumine
2635 5082 2788 5138 vires
2818 5083 3308 5156 accipiens,eique
3340 5087 3576 5155 propter
3598 5080 3768 5136 fami-

2112 5170 2430 5226 liaritatem
2479 5187 2822 5243 cooperans.
2851 5173 3104 5228 Multum
3154 5175 3312 5228 enim
3355 5169 3771 5228 familiaritatis

2118 5260 2297 5316 habet
2344 5260 2544 5316 lumen
2575 5261 2861 5317 visorium
2911 5278 3044 5318 cum
3087 5266 3323 5317 externo
3373 5261 3633 5327 lumine;
3670 5275 3775 5314 nec

2123 5351 2323 5404 minus
2352 5349 2462 5404 hoc
2493 5365 2627 5405 cum
2649 5349 2876 5405 lumine
2905 5350 3067 5406 visus
3092 5351 3263 5418 ;adeo
3297 5356 3362 5405 ut
3384 5354 3633 5421 utraque
3665 5349 3780 5404 ista

2120 5439 2352 5494 lumina
2402 5456 2463 5494 se
2498 5444 2764 5510 quaerant
2792 5439 3065 5506 invicem,
3097 5445 3153 5494 et
3180 5457 3213 5494 a
3255 5438 3570 5495 valentiore
3601 5441 3782 5493 attra-

2123 5528 2303 5585 hatur
2353 5527 2607 5583 alterum
2640 5527 2788 5583 nihil
2843 5546 3084 5600 prorsus
3124 5528 3405 5594 renitens,
3437 5529 3538 5584 sed
3589 5526 3785 5598 potius

2015 5642 2020 5646 ι
2127 5619 2199 5674 ad
2232 5617 2639 5674 attractionem
2659 5619 3074 5688 accelerans,et
3102 5618 3174 5676 ad
3197 5623 3511 5692 cognatum
3529 5613 3782 5674 naturali

2125 5708 2354 5784 impetu
2385 5707 2768 5769 contendens.

3417 5837 3498 5906 38
