4114 6460
400 425 558 484 1195

397 644 638 701 incensa
690 661 724 699 a
771 644 941 698 nobis
991 641 1271 708 cernitur,
1322 640 1559 696 tametsi
1625 639 1824 713 procul
1874 638 2050 705 absit,

399 733 721 789 dummodo
742 748 859 787 non
893 731 1243 786 obtendatur
1267 729 1430 785 visus
1461 729 1533 784 ab
1556 728 1755 800 aliquo
1779 728 2054 784 solidiore

402 838 642 894 corpore
692 821 1050 893 obsepiente,
1083 823 1184 874 aut
1236 817 1595 890 globiterrm
1624 823 1886 874 tumores
1937 817 2053 871 im-

405 912 680 985 pediant;
715 910 829 966 nisi
860 909 944 966 eis
977 908 1119 965 facis
1149 908 1528 980 conﬂagratio
1559 907 2014 979 superemineat.

480 1091 567 1146 14.
611 1089 920 1162 Propterea
966 1087 1143 1143 etiam
1192 1102 1365 1142 omne
1414 1085 1675 1141 lucidum
1725 1090 1784 1140 et
1831 1084 2054 1140 clarum

409 1196 544 1234 cum
594 1179 849 1245 eminus,
882 1183 1008 1232 tum
1040 1176 1269 1232 facilius
1302 1192 1479 1247 quam
1511 1175 1668 1230 aliud
1717 1173 1940 1246 aliquid
1969 1173 2052 1228 vi-

410 1270 542 1325 dere
571 1267 836 1324 valemus
863 1292 878 1335 ;
908 1265 1008 1322 illo
1041 1266 1276 1338 quidem
1309 1265 1379 1320 ad
1411 1281 1473 1320 se
1503 1265 1694 1320 visum
1741 1267 2052 1330 evocante;

408 1357 518 1414 hoc
548 1373 680 1413 vero
710 1357 784 1412 ad
815 1355 874 1410 id
921 1359 1286 1427 properante,
1320 1359 1386 1409 ut
1416 1353 1516 1424 qui
1547 1370 1682 1409 cum
1713 1352 1812 1408 illo
1842 1367 1970 1408 esse
2001 1355 2058 1406 et

409 1446 564 1503 coire
594 1449 853 1519 appetat.

481 1537 568 1591 15.
601 1535 839 1606 Propter
885 1531 1244 1604 ejuscemodi
1273 1548 1407 1602 ergo
1448 1530 1850 1604 cognationem
1901 1531 2054 1587 282

409 1623 729 1692 luminum,
758 1621 957 1679 visorii
987 1621 1269 1677 nimirum
1299 1626 1357 1677 et
1385 1621 2058 1690 externi,sumrnamque

407 1731 610 1770 eorum
641 1711 1094 1768 familiaritatem
1125 1714 1182 1766 et
1209 1716 1656 1782 exsuperantem
1683 1709 1873 1764 mutui
1905 1725 2060 1764 com-

408 1801 614 1875 plexus
642 1801 993 1873 appetitum,
1024 1799 1224 1855 omnia
1247 1799 1423 1854 etiam
1459 1798 1680 1854 lumine
1719 1797 2060 1854 collustrata

408 1889 687 1947 ineffabili
719 1905 977 1962 quanam
1027 1887 1319 1944 celeritate
1349 1892 1692 1955 cernuntur,
1724 1886 1938 1942 visorio
1968 1886 2056 1941 in-

408 1983 735 2036 strumento
785 1977 1089 2048 incolumi,
1121 1981 1178 2032 et
1205 1975 1506 2032 intervallo
1558 1976 1857 2042 mediocri,
1891 1975 2056 2031 simi-

407 2070 659 2141 literque
689 2072 850 2124 motu
885 2067 934 2122 si
977 2068 1112 2138 quis
1143 2072 1232 2123 est
1264 2066 1541 2122 mediocri
1571 2081 1636 2120 ac
1669 2082 1798 2121 aere
1829 2066 2060 2136 puriore

408 2163 466 2216 et
496 2158 760 2214 tenuiore
788 2156 1124 2213 exsistente.
1157 2155 1304 2210 Nam
1334 2161 1392 2210 et
1420 2155 1516 2211 his
1546 2155 1616 2210 ad
1660 2155 2058 2222 sinceriorem,

410 2246 786 2320 integriorem
817 2249 876 2301 et
901 2244 1318 2316 expeditiorem
1347 2244 1511 2300 visus
1541 2248 1739 2300 actum
1771 2260 1920 2315 opus
1948 2246 2057 2298 est.

482 2427 570 2482 16.
603 2425 714 2482 Sed
763 2428 820 2480 et
865 2424 967 2496 qui
1014 2422 1170 2478 circa
1218 2421 1418 2477 lumen
1470 2420 1676 2489 solare,
1715 2427 1774 2477 et
1823 2420 2060 2494 aliquod

412 2515 570 2572 aliud
602 2514 907 2572 continens
955 2511 1351 2585 splendidum,
1385 2517 1441 2566 et
1469 2516 1665 2568 exacte
1695 2511 1896 2566 album
1930 2511 2059 2566 diu-

410 2605 530 2661 tius
562 2608 664 2660 aut
693 2603 884 2675 magis
913 2601 1178 2673 occupati
1209 2600 1443 2667 fuerint,
1476 2617 1654 2671 quam
1681 2605 1926 2672 oportet,
1961 2601 2060 2656 de-

407 2695 756 2750 trimentum
808 2691 1106 2763 accipiunt
1133 2690 1316 2761 visus,
1348 2691 1502 2761 quod
1533 2690 1732 2745 lumen
1777 2689 2059 2745 visorium

411 2800 447 2839 a
471 2781 788 2838 valentiore
817 2781 1546 2852 disgregetur,majusque,
1580 2779 1662 2834 uti
1697 2779 1918 2835 dictum
1949 2785 2059 2848 est,

411 2872 610 2929 minus
639 2876 697 2926 et
723 2868 1076 2926 imbecillius
1107 2868 1359 2923 attrahat
1386 2885 1399 2934 ;
1425 2868 1581 2940 quod
1613 2867 1833 2923 scilicet
1864 2868 2059 2940 ipsum

411 2962 592 3020 etiam
620 2977 790 3017 suam
818 2957 995 3015 veluti
1026 2957 1420 3030 integritatem
1442 2961 1500 3011 et
1520 2957 1932 3028 perfectionem
1965 2974 2062 3030 ap-

411 3051 578 3124 petit,
611 3050 683 3106 ad
713 3064 962 3119 eamque
991 3046 1335 3102 festinanter
1365 3045 1684 3101 contendit.

485 3140 573 3196 17.
607 3139 700 3196 Sic
746 3137 928 3210 igitur
958 3139 1002 3174 ¹¹
1035 3153 1139 3208 per
1190 3135 1680 3190 corradiationem
1731 3151 1835 3191 seu
1879 3133 2060 3192 collu-

411 3229 764 3287 oescentiam
811 3229 1087 3299 operante
1116 3225 1269 3292 visu,
1302 3224 1607 3280 sciendum
1641 3228 1754 3289 est,
1789 3241 1923 3280 cun:
1963 3241 2064 3290 eo-_

1656 417 2079 478 NICEPHORI
2124 416 2567 479 BLEMMlD/E

471 556 557 611 13.
590 554 982 621 Quamobrem
1033 551 1237 624 utique
1267 550 1444 607 etiam
1473 552 1725 606 obseura
1754 556 1924 606 nocte
1955 550 2050 604 fax
2076 561 2130 625 Α

2088 1934 2136 1998 Β

3663 423 3854 488 1196

2238 556 2323 624 ιγ’.
2377 548 2474 604 Διά
2521 571 2607 606 τοι
2657 556 2821 608 τοῦτο
2886 552 2976 607 καὶ
3045 555 3240 616 νυκτὸς
3307 554 3582 633 ἀφεγγοῦς
3635 557 3850 633 ὁρᾶται

2160 639 2294 709 ἡμῖν
2330 639 2358 692 ὁ
2406 640 2626 714 πυρσὸς,
2684 640 2780 696 κᾶν
2839 641 2922 696 δτι
2985 641 3177 719 πόῤῥω
3235 641 3345 712 εἴη·
3411 644 3574 716 μόνον
3637 646 3683 700 εἷ
3748 649 3844 721 μὴ

2163 725 2550 804 ἐπιπροσθοῖτο
2581 731 2615 799 ἡ
2667 723 2791 803 ὄψις
2848 729 2952 785 ὑπό
3005 752 3153 794 τινος
3211 733 3576 810 περεωτέρου
3636 736 3844 809 σώμα-

2159 835 2252 878 τος
2292 817 2826 895 ἀντιφράττοντος,ἢ
2873 821 2941 875 τά
2989 825 3086 875 τοῦ
3131 827 3232 891 τῆς
3281 828 3389 896 γῆς
3435 824 3843 901 σφαιρώματος

2163 901 2457 977 ἐμποδίζοι
2504 907 2854 983 κυρτώματα·
2907 907 3032 965 ὅταν
3081 908 3188 986 οὐχ
3236 905 3532 986 ὑπερϐαίνῃ
3583 916 3755 969 ταῦτα
3798 917 3839 984 ἠ

2165 988 2348 1066 ἔξαψις
2375 999 2473 1049 τοῦ
2502 1000 2734 1072 πυρσοῦ.

2239 1079 2324 1138 ιδ’.
2359 1084 2456 1138 Διὰ
2513 1089 2672 1140 τοῦτο
2733 1085 2822 1141 καὶ
2877 1093 2981 1141 πᾶν
3043 1085 3298 1164 λαμπρὸν
3369 1087 3458 1143 καὶ
3533 1089 3839 1168 φωτοειδὲς

2165 1170 2447 1246 πόρῥωθέν
2507 1194 2566 1227 τε
2623 1175 2751 1249 ὁρᾷν
2815 1174 3102 1250 ίσχύομεν,
3134 1177 3224 1231 καὶ
3282 1177 3633 1251 ἑτοιμότερον
3690 1177 3730 1250 ἤ
3783 1203 3840 1236 τι

2163 1256 2369 1334 ἕτερον’
2419 1261 2495 1324 ὡς
2568 1267 2666 1317 τοῦ
2728 1263 2822 1337 μὶν
2883 1262 3294 1338 ἐκκαλούμένου
3348 1267 3452 1335 τὴν
3507 1263 3632 1342 ὄψιν
3689 1271 3840 1346 πρὸς

2167 1348 2343 1419 ἑαυτὸ,
2375 1357 2476 1420 τῆς
2528 1347 2586 1406 δὲ
2633 1352 2773 1429 πρὸς
2819 1357 2981 1409 τοῦτο
3023 1351 3383 1428 σπευδούσης,
3416 1355 3493 1418 ὡς
3541 1355 3834 1435 ἐφιεμένης

2166 1442 2263 1492 τοῦ
2293 1444 2529 1494 συνεῖναι
2559 1440 2726 1513 αὐτῷ.

2241 1529 2318 1582 ιε’.
2355 1527 2452 1583 Διά
2491 1531 2591 1598 τὴν
2642 1531 2900 1602 τοιαύτην
2952 1530 3044 1588 οῦν
3085 1537 3194 1588 τῶν
3245 1536 3442 1612 φώτων
3496 1535 3817 1612 συγγένειαν,

2165 1621 2262 1672 τοῦ
2294 1617 2522 1674 ὁπτικοῦ
2567 1616 2829 1690 δηλονότι
2872 1621 2962 1676 καὶ
3010 1627 3109 1678 τοῦ
3159 1622 3334 1697 ἐκτὸς,
3366 1624 3458 1679 καὶ
3509 1626 3609 1694 τήν
3658 1625 3821 1699 ἄκραν

2167 1705 2339 1761 αὐτῶν
2391 1707 2661 1763 οἰκείωσιν
2707 1711 2796 1764 καὶ
2837 1717 2937 1780 τῆς
2997 1709 3388 1789 ἀλληλουχίας
3433 1708 3826 1790 ὑπερϐάλλου-

2168 1817 2261 1850 σαν
2318 1794 2518 1874 ἔφεσιν,
2568 1800 2660 1853 xui
2726 1800 2902 1854 πάντα
2944 1800 3012 1855 τά
3058 1802 3442 1880 πεφωτισμένα
3506 1804 3626 1858 κατ’
3665 1800 3840 1880 ἄρρη-

2165 1905 2256 1939 τον
2317 1886 2502 1961 ὁρᾶται
2569 1889 2667 1956 τήν
2726 1895 3028 1965 ταχυτῆτα,
3088 1895 3187 1945 τοῦ
3268 1889 3497 1946 ὀπτικοῦ
3593 1891 3837 1968 ὀργάνου

2166 1973 2530 2049 τυγχάνοντος
2593 1970 2891 2050 ἀϐλαϐοῦς,
2949 1977 3041 2032 καὶ
3100 1983 3199 2033 τοῦ
3258 1976 3634 2053 διαστήματος
3696 2001 3840 2054 συμ-

2172 2063 2392 2138 μέτρου⁹
2426 2063 2636 2136 ὁμοίως
2677 2064 2992 2142 συμμέτρου
3041 2067 3131 2122 καὶ
3177 2071 3278 2121 τοῦ
3325 2069 3631 2142 κινήματος
3683 2066 3840 2145 εἷ’περ

2169 2147 2280 2205 ἔστι
2322 2153 2470 2206 τοῦτ’
2518 2151 2678 2228 ἀέρος
2732 2155 3111 2230 καθαρωτέρου
3176 2156 3267 2210 xui
3333 2154 3689 2234 λεπτοτέρου.
3742 2163 3840 2214 Δεῖ

2169 2240 2272 2315 γάρ
2331 2239 2416 2294 ὅτι
2473 2239 2563 2295 xui
2603 2243 2810 2298 τούτων
2841 2244 2981 2319 πρὸς
3007 2245 3108 2313 τὴν
3154 2252 3257 2316 τῆς
3313 2241 3492 2320 ὄψεως
3544 2246 3830 2326 ἀκραιφνε-

2171 2329 2358 2404 στέραν
2393 2328 2679 2407 ἐνέργειαν.

2243 2425 2327 2481 ις’.
2362 2417 2539 2474 Ἀλλὰ
2585 2421 2675 2475 καὶ
2724 2422 2775 2476 oi
2823 2423 2960 2498 πρὸς
3013 2423 3076 2478 τὸ
3119 2423 3350 2493 ἡλιακὸν
3399 2430 3536 2504 φῶς,
3569 2425 3660 2480 xui
3701 2424 3761 2481 ei’
3780 2447 3836 2482 τι

2168 2508 2428 2584 περιέχον
2485 2507 2737 2585 λαμπρὸν
2802 2510 2894 2566 καὶ
2961 2507 3217 2568 ἔκλευκον
3279 2511 3658 2592 διατρίψαντες
3717 2514 3838 2570 ἐπι-

2168 2594 2334 2651 πλέον
2365 2598 2401 2666 ἢ
2434 2597 2557 2652 ὅσον
2605 2597 2708 2671 δεῖ,
2741 2599 2829 2654 καὶ
2889 2599 3104 2674 μᾶλλον
3150 2603 3185 2672 ἢ
3236 2603 3312 2665 ὡς
3361 2601 3464 2675 δεῖ,
3495 2605 3597 2673 τήν
3645 2603 3836 2680 ὅρασιν

2173 2684 2526 2761 βλάπτοντας
2581 2685 2993 2763 διακρινομένου
3038 2696 3137 2747 τοῦ
3187 2693 3444 2768 ὁρατικοῦ
3501 2693 3671 2770 φάους
3726 2694 3834 2750 ὑπὸ

2168 2780 2264 2831 τοῦ
2307 2775 2664 2852 ἰσχυροτέρου
2712 2779 2802 2833 καὶ
2865 2779 3136 2852 μείζονος,
3167 2778 3450 2851 ἕλκοντος,
3483 2782 3561 2844 ὡς
3593 2779 3832 2856 εἴρηται,

2167 2865 2231 2920 τὸ
2277 2867 2438 2933 ⁹ἧττον
2489 2867 2578 2920 καὶ
2643 2867 3040 2945 ἀσθενέστερονο
3087 2869 3367 2944 ἐφιέμενον
3429 2867 3496 2939 δὴ
3545 2870 3636 2925 καὶ
3700 2871 3834 2926 αὐτὸ

2167 2960 2268 3023 τῆς
2301 2954 2414 3009 οἷον
2447 2952 2586 3016 ῗδίας
2617 2954 2907 3030 ὁλότητος,
2940 2958 3030 3012 καὶ
3078 2959 3217 3034 πρὸς
3264 2958 3432 3028 αὐτὴν
3481 2959 3834 3036 ἠπειγμένως

2169 3041 2523 3117 ἀποτεινόμεν
2532 3064 2588 3099 ον
2599 3087 2611 3101 .

2244 3134 2327 3202 ιζ’.
2387 3131 2542 3188 Οὕτω
2625 3133 2805 3189 τοίνυν
2891 3135 3027 3190 κατά
3109 3137 3424 3212 συναύγειαν
3506 3136 3834 3214 ἐνεργούσης

2171 3230 2272 3292 τῆς
2303 3218 2498 3296 ὅψεως,
2533 3222 2704 3279 ἰστέον
2763 3223 2870 3293 ὅτι,
2927 3229 3033 3280 τῶν
3087 3225 3384 3300 ὁρωμένων
3420 3231 3530 3283 τῶν
3566 3227 3660 3300 μὲν
3714 3228 3838 3282 καθ’

413 3335 545 3374 rum
577 3334 702 3391 quae
735 3319 1076 3384 cernuntur,
1105 3314 1220 3368 alia
1249 3329 1352 3384 per
1385 3313 1698 3386 hypotasin
1729 3330 1833 3369 seu
1867 3313 2060 3370 subsi-

2178 3311 2465 3367 ὑπόστασιν
2520 3308 2709 3383 ὄντων,
2743 3318 2848 3368 τῶν
2911 3311 2968 3368 δέ
3016 3315 3133 3369 κατ’
3189 3311 3446 3394 ἔμφασιν,
3504 3317 3597 3372 xui
3649 3314 3718 3370 τά
3775 3314 3827 3370 ἐν

413 3407 711 3475 stentiam,
745 3404 860 3460 alia
912 3403 1283 3475 specietenus
1313 3401 1452 3472 sint,
1483 3417 1550 3458 ea
1581 3418 1816 3474 quoque
1846 3419 1974 3474 quae
2005 3402 2066 3457 in

2177 3400 2390 3475 οὐρανῷ
2464 3400 2763 3479 φαινόμενα
2833 3407 3025 3458 τοῦτον
3102 3401 3218 3479 ἔχει
3275 3405 3368 3460 τὸν
3417 3404 3645 3481 τρόπον.
3705 3405 3836 3459 Καθ’

414 3495 556 3553 οωιο
583 3498 886 3568 apparent,
917 3492 1190 3549 eumdem
1241 3491 1301 3545 in
1335 3491 1574 3546 modum
1603 3507 1665 3546 se
1695 3491 1927 3547 habere.
1961 3493 2060 3547 Per

2178 3490 2464 3545 ὑπόστασιν
2531 3491 2626 3564 μὲν
2685 3493 2787 3568 γάρ
2845 3491 2978 3546 εἶσιν
3041 3490 3100 3547 οἷ’
3147 3514 3208 3548 τε
3263 3491 3571 3565 διᾴττοντες
3630 3493 3721 3550 καὶ
3781 3495 3835 3549 οἱ

415 3583 859 3643 subsistentiam
907 3588 1066 3649 sunt,
1101 3586 1158 3636 et
1210 3583 1553 3652 proruentes
1605 3579 1832 3652 [stellas]
1865 3586 1924 3636 et
1971 3597 2066 3637 co-

417 3679 671 3742 mete,et
689 3670 903 3727 diversi
929 3669 1186 3741 fulgores
1209 3670 1362 3726 233
1386 3674 1444 3724 et
1472 3667 1640 3741 ignes
1664 3686 1676 3724 :
1701 3672 2066 3741 specietenus

419 3770 636 3830 autem,
671 3777 886 3817 corona
931 3765 988 3815 et
1015 3759 1140 3831 iris,
1169 3763 1226 3814 et
1254 3758 1426 3830 virga:
1459 3757 1698 3829 [bacilli]
1729 3763 1785 3813 et
1826 3758 2063 3814 similia.

418 3854 566 3909 Nam
597 3851 858 3908 colorum
889 3853 947 3904 et
967 3848 1291 3921 ﬁgurarum
1323 3847 1516 3902 omnis
1547 3847 1778 3919 generis
1808 3848 2064 3919 speciem

418 3944 588 4000 nobis
636 3957 736 3998 aer
783 3939 1035 4006 exhibet,
1083 3937 1330 3993 luminis
1377 3942 1432 3992 et
1479 3937 1639 3992 visus
1689 3937 2066 3994 refractiones

417 4032 710 4106 accipiens
741 4047 754 4086 :
791 4027 1268 4101 quandoquidem
1307 4027 1470 4082 visus
1504 4027 1736 4098 quando
1769 4032 2063 4098 Operatur,

415 4140 552 4180 cum
596 4121 820 4177 lumine
849 4123 907 4175 et
936 4118 997 4174 in
1027 4117 1248 4172 lumine
1295 4120 1404 4183 est,
1436 4132 1571 4171 cum
1603 4120 1660 4172 et
1690 4116 1816 4188 ipse
1863 4115 2064 4172 lumen

415 4213 514 4280 sit,
547 4208 1049 4284 quemadmodum
1079 4205 1440 4262 declaratum
1471 4210 1579 4261 est.

491 4301 673 4358 18-21.
706 4299 1069 4370 Quapropter
1113 4299 1172 4351 et
1199 4309 1426 4350 coronae
1454 4310 1634 4350 causa
1662 4294 1879 4349 dicitur
1907 4295 2064 4366 ejus-

420 4392 646 4448 cemodi
678 4385 966 4444 refractio.
1019 4383 1381 4456 Refringitur
1422 4383 1575 4438 enim
1607 4383 1769 4438 visus
1803 4400 1937 4439 cum
1969 4384 2064 4439 lu-

416 4481 596 4546 mine,
626 4483 685 4535 et
715 4477 787 4534 ab
817 4492 990 4548 aqua,
1025 4478 1083 4528 et
1111 4473 1182 4528 ab
1215 4487 1346 4528 aere
1376 4473 1577 4542 denso,
1601 4476 1658 4526 et
1687 4472 1760 4528 ab
1787 4473 2065 4530 omnibus

416 4574 616 4626 levem
647 4565 1012 4638 superﬁciem
1047 4561 1424 4617 habentibus.
1443 4561 1684 4624 Quando
1715 4559 1895 4633 igitur
1924 4563 2063 4618 sub-

415 4659 535 4714 lato
579 4671 811 4727 vapore,
844 4657 901 4709 et
939 4653 997 4706 in
1028 4650 1244 4706 nubem
1296 4654 1723 4716 concrescente,
1757 4650 2063 4721 aequabilis
2092 4675 2140 4739 D

414 4745 588 4803 fuerit
635 4742 925 4800 concretio
956 4745 1013 4795 et
1057 4737 1422 4812 μικρομερὴς,
1456 4738 1566 4794 hoc
1614 4745 1727 4804 est,
1757 4755 1827 4794 ex
1873 4741 2061 4811 parti-

417 4835 567 4892 culis
592 4832 818 4905 exiguis
848 4830 1120 4894 conﬂata,
1143 4828 1448 4883 invehatur
1477 4831 1671 4882 autem
1705 4844 1884 4900 super
1910 4831 2064 4901 ejus-

414 4923 572 4979 modi
620 4920 1047 4977 concretionem
1078 4917 1186 4986 sol,
1220 4921 1324 4972 aut
1371 4915 1534 4987 luna,
1568 4922 1670 4971 aut
1697 4917 1811 4972 alia
1863 4919 2063 4990 aliqua

412 5011 580 5070 stella
618 5010 927 5084 splendida
958 5026 970 5063 :
1005 5025 1069 5063 ea
1099 5006 1336 5078 quidem
1369 5022 1504 5078 pars
1535 5022 1662 5076 quas
1694 5006 1959 5077 subjacet
1987 5009 2059 5063 ad

411 5098 897 5175 perpendiculum
945 5095 1193 5168 corpori,
1242 5096 1398 5167 quod
1449 5095 1939 5165 superinvehitur,
1969 5114 2060 5152 ra-

409 5191 528 5248 rior
573 5195 631 5245 et
671 5189 904 5244 tenuior
949 5186 1202 5241 efﬁcitur
1251 5184 1579 5240 necessario
1625 5184 1768 5238 dum
1799 5202 1833 5238 ιι
1878 5185 2060 5241 stellas

411 5285 575 5337 motu
623 5278 993 5349 disgregatur
1023 5299 1036 5341 ;
1069 5275 1169 5329 sed
1201 5273 1357 5344 quod
1389 5273 1460 5328 ab
1514 5271 1650 5326 hinc
1682 5272 1880 5342 distat,
1913 5273 2061 5328 nihil

409 5367 524 5425 tale
575 5367 813 5440 patitur.
845 5371 988 5420 Cum
1037 5367 1233 5419 autem
1267 5363 1311 5398 ¹²
1343 5365 1556 5432 pariter
1583 5377 1653 5416 ex
1703 5363 1865 5416 omni
1896 5367 2060 5434 parte

411 5459 566 5513 circa
612 5453 1098 5527 perpendiculum
1131 5452 1231 5507 ﬁat
1260 5451 1614 5522 disgregatio
1656 5456 1892 5522 propter
1921 5467 2057 5506 con-

409 5542 686 5601 cretionis
715 5541 1169 5616 aequabilitatem
1201 5558 1216 5596 :
1250 5555 1486 5598 necesse
1514 5543 1604 5595 est
1631 5539 2057 5596 extremitatem

481 5758 524 5800 ιι
559 5755 639 5814 De
670 5755 910 5826 mundo,
944 5771 1069 5827 cap.
1103 5757 1154 5812 4.
1236 5757 1280 5793 ¹²
1313 5771 1377 5812 ιιι
1407 5754 1643 5811 Meteor.
1676 5769 1726 5810 c.
1761 5755 1814 5810 2.

2173 3585 2413 3651 κομῆται
2472 3579 2562 3634 καὶ
2617 3579 2686 3635 τά
2739 3577 2972 3658 διάφορα
3029 3581 3180 3638 σέλα·
3234 3583 3353 3637 κατ’
3443 3581 3674 3660 ἔμφασιν
3753 3579 3836 3655 δὶ,

2177 3667 2326 3730 ἅλως
2381 3689 2441 3723 τε
2499 3669 2589 3723 καὶ
2647 3666 2755 3744 ἷ¹ρις
2812 3670 2902 3724 καὶ
2965 3665 3158 3746 ῥάϐδοι
3206 3671 3402 3726 καὶτά
3449 3669 3836 3746 παραπλήσια.

2177 3757 2274 3810 Καὶ
2333 3757 2436 3833 γὰρ
2495 3758 2786 3836 φαντασίαν
2847 3758 3164 3835 χρωμάτων
3220 3781 3281 3815 τε
3353 3760 3445 3816 καὶ
3524 3763 3837 3836 σχημάτων

2174 3843 2480 3901 πολυειδῶν
2515 3844 2736 3902 δίδωσιν
2769 3850 2906 3921 ἡμῖν
2937 3848 2966 3902 ὁ
2997 3849 3103 3924 ἀὴρ
3152 3846 3452 3926 δεχόμενος
3510 3849 3839 3914 ἀνακλάσεις

2172 3939 2270 3989 τοῦ
2319 3956 2380 3990 τε
2437 3937 2617 4013 φωτὸς
2673 3938 2764 3991 καὶ
2818 3944 2920 4006 τῆς
2969 3932 3166 4012 ὅψεως·
3202 3939 3421 4015 ἐπείπερ
3451 3941 3486 4010 ἡ
3521 3935 3647 4014 ὄψις
3705 3940 3841 3996 ὅταν

2174 4024 2386 4100 ἐνεργῇ,
2425 4027 2559 4099 μετὰ
2583 4031 2680 4080 τοῦ
2719 4025 2899 4104 φωτός
2932 4025 3041 4082 ἐστι
3090 4028 3180 4082 καὶ
3234 4027 3327 4084 σὺν
3376 4033 3458 4102 τῷ
3517 4029 3656 4107 φωτὶ
3717 4033 3842 4108 φῶς

2175 4111 2308 4167 οὖσα
2335 4113 2424 4168 καὶ
2455 4113 2620 4184 αὕτη,
2639 4115 2819 4177 καθὼς
2851 4112 3180 4186 δεδήλωται.

2247 4298 2442 4362 ιη·-κα’.
2472 4293 2572 4346 Καὶ
2630 4300 2729 4362 τῆς
2781 4291 2900 4348 ἅλω
2939 4294 3117 4351 τοίνυν
3150 4292 3322 4351 αἷίτιον
3354 4299 3391 4367 ἡ
3423 4296 3649 4368 τοιαύτη
3705 4297 3843 4353 ἀνά·-

2173 4381 2365 4443 κλασις
2422 4378 2662 4456 λέγεται.
2721 4382 3048 4439 ’Δνακλᾶται
3099 4385 3203 4460 γὰρ
3258 4387 3295 4456 ἡ
3355 4381 3479 4460 ὄψις
3540 4386 3675 4460 μετᾶ
3733 4390 3839 4442 τοῦ

2174 4471 2354 4548 φωτὸς
2383 4469 2488 4524 ἀπό
2518 4490 2577 4525 τε
2606 4467 2801 4534 ὕδατος
2849 4472 2941 4526 καὶ
2990 4471 3150 4547 ἀέρος
3207 4478 3413 4529 πυκνοῦ
3472 4474 3564 4529 xui
3615 4476 3840 4530 πάντων

2171 4564 2278 4614 τῶν
2340 4559 2581 4634 ἐχόντων
2642 4558 2791 4616 λείαν
2849 4562 2948 4630 τὴν
3018 4560 3352 4640 ἐπιφάνειαν.
3423 4562 3652 4618 Ὁπόταν
3716 4561 3836 4634 οὗν,

2173 4645 2402 4722 ἀτμίδος
2462 4648 2842 4724 ἀνενεχθείσης
2915 4649 3004 4704 καὶ
3063 4653 3454 4724 συνισταμένης
3510 4653 3590 4714 εἰς
3645 4652 3835 4730 νέφος,

2171 4735 2391 4810 ὁμαλής
2436 4739 2470 4807 ἡ
2524 4736 2775 4800 σύστασις
2835 4739 3059 4814 γένηται
3116 4741 3207 4794 xui
3271 4743 3639 4816 μικρομερὴς,
3669 4761 3834 4796 τουτ-

2171 4829 2313 4881 ἐστιν
2389 4827 2450 4880 ἐκ
2519 4827 2725 4904 μορίων
2802 4835 3157 4898 συνεστηκυῖα
3218 4834 3450 4906 μικρῶν·
3518 4830 3838 4908 ὑπερφέρη-

2169 4937 2256 4970 ται
2307 4912 2364 4970 δὲ
2411 4922 2513 4984 τῆς
2553 4915 2812 4985 τοιαύτης
2845 4916 3148 4980 συστάσεως
3181 4919 3210 4972 ὁ
3241 4917 3427 4992 ἥλιος,
3457 4918 3494 4988 ἢ
3528 4916 3760 4990 σελήνη,
3793 4917 3831 4982 ἢ

2172 5003 2343 5066 ἄλλος
2397 5026 2481 5067 τις
2541 5005 2711 5078 ἀστὴρ
2766 5009 2874 5059 τῶν
2935 5003 3223 5083 λαμπρῶν·
3281 5007 3346 5062 τὸ
3405 5008 3507 5082 μὰν
3540 5009 3676 5063 κατὰ
3728 5003 3830 5071 τὴν

2170 5096 2399 5158 κάοατον
2456 5099 2554 5148 τοῦ
2615 5095 3052 5171 ὑπερφερομένου
3125 5097 3380 5170 σώματος
3451 5096 3647 5173 γίνεται
3722 5112 3827 5164 μα-

2169 5185 2398 5258 νώτερον
2454 5183 2542 5238 xui
2606 5182 2931 5260 λεπτότερον
2985 5184 3295 5260 ἀναγκαίως
3357 5185 3460 5242 ὑπὸ
3517 5190 3619 5253 τῆς
3676 5184 3834 5252 κινή-

2170 5294 2306 5336 σεως
2361 5277 2458 5327 τοῦ
2539 5271 2760 5347 ἀστέρος
2848 5269 3283 5347 διακρινόμενον-
3332 5276 3396 5329 τὸ
3484 5271 3530 5328 δ’
3589 5271 3826 5326 ἐντεῦθεν

2169 5359 2322 5417 οὐδέν
2373 5383 2428 5416 τι
2476 5362 2677 5436 πάσχει
2734 5366 3006 5416 τοιοῦτον.
3055 5364 3142 5434 Ἐξ
3189 5361 3306 5418 ἴσου
3367 5361 3425 5418 δὲ
3477 5361 3649 5429 πάντη
3700 5359 3828 5435 περί

2167 5453 2266 5521 τήν
2298 5453 2517 5506 κάθετον
2561 5451 2861 5525 γινομένης
2901 5459 3000 5521 τῆς
3051 5449 3375 5530 διακρίσεως
3417 5450 3505 5507 διὰ
3541 5449 3643 5518 τήν
3691 5448 3830 5522 ὁμα-

2169 5539 2377 5613 λότητα
2404 5542 2503 5610 τῆς
2533 5539 2858 5611 συστάσεως,
2892 5539 3099 5617 ἀνάγκη
3159 5542 3222 5596 τὸ
3279 5543 3446 5616 πέρας
3503 5543 3605 5608 τῆς
3657 5535 3829 5592 ἐπιει-

3580 6425 3650 6432 »-——
3698 6423 3774 6433 -ἠ
3815 6409 3904 6435 "ﬁt
3923 6427 3992 6440 η*
