4114 6422
308 411 462 474 1197

1631 406 1978 471 EPITOME
2023 409 2124 468 PH
2136 409 2385 471 YSICA.

3565 413 3718 473 1198

304 548 414 605 κῶς
465 539 881 616 διακεκριμένης
931 537 1156 613 ἀτμίδος
1215 539 1418 614 γίνεται
1476 538 1700 612 κύκλον,
1761 540 1849 617 ἀφ’
1899 536 1960 594 οὗ

2078 541 2308 613 vaporis
2364 559 2433 598 ex
2491 558 2656 614 aequo
2699 541 2952 598 discussi
3001 543 3286 599 circulum
3334 545 3479 613 ﬁeri,
3513 562 3546 600 a
3602 561 3719 617 quo

302 633 366 688 τὸ
425 631 670 687 ἐπέκεινα
742 635 846 685 πᾶν
925 627 1093 703 μέλαν
1179 631 1272 702 μὲν
1333 628 1442 684 ἔστι
1505 627 1592 684 διὰ
1639 628 1909 684 πύκνωσιν
1945 648 1957 661 ·

306 721 514 794 ὁμαλὲς
575 717 620 775 δ’
678 719 735 775 ὃν
793 719 886 774 καὶ
949 719 1297 794 μικρομερὲς,
1352 715 1494 794 ἴσχει
1534 718 1670 773 κατά
1695 719 1793 787 τήν
1825 719 1963 792 (τοῦ)

303 809 513 866 κύκλου
569 807 912 888 περιφέρειαν
988 809 1265 882 κάτοπτρα
1301 826 1312 838 ⁸
1381 809 1549 882 μικρὰ
1619 807 1777 862 τόσον
1813 854 1828 881 ,
1887 807 1962 868 ὡς

309 899 442 954 εἶναι
501 899 618 954 κατ’
675 895 921 968 αἶ’σθησιν
981 898 1154 972 ἀμερῆ
1191 915 1204 929 '
1262 896 1354 951 καὶ
1411 895 1586 951 πυκνὰ
1637 891 1830 968 τόσον,
1891 895 1964 957 ὡς

310 985 530 1065 ἔχεσθαι
579 985 878 1060 ἀλλήλων,
921 985 1010 1041 καὶ
1054 986 1118 1041 τὸ
1169 984 1219 1056 ἐξ
1270 985 1516 1040 ἁπάντων
1566 984 1738 1041 αὐτῶν
1791 983 1965 1040 δοκεῖν

308 1077 363 1132 ’ἐν
417 1077 661 1153 συνεχὲς.
711 1077 854 1153 Πρὸς
901 1080 1070 1130 ταῦτα
1116 1079 1242 1151 γοῦν
1286 1075 1354 1130 τὰ
1399 1076 1676 1150 κάτοπτρα
1724 1095 1962 1150 προσπε-

311 1171 474 1221 σοῦσα
536 1167 671 1239 μετά
726 1169 824 1220 τοῦ
879 1165 1058 1242 φωτὸς
1115 1166 1150 1232 ἡ
1210 1158 1366 1238 ὄψις,
1424 1163 1515 1219 καὶ
1572 1163 1966 1228 ἀνακλασθεῖσα

308 1256 447 1332 πρὸς
484 1257 576 1310 τὸν
632 1252 1018 1329 ὑπερκείμενον
1071 1253 1284 1329 ἀστέρα,
1345 1254 1443 1321 τὴν
1505 1260 1605 1322 τῆς
1663 1251 1781 1307 ἅλω
1839 1273 1965 1329 φαν-

304 1342 490 1398 τασίαν
540 1348 693 1399 ποιεῖ
725 1387 738 1400 ,
800 1344 884 1398 Ἐν
961 1342 1066 1418 γὰρ
1122 1347 1240 1404 τοῖς
1312 1342 1624 1417 εἰρημένοις
1684 1340 1964 1417 ἐνόπτροις

309 1432 480 1504 μόνου
527 1436 626 1487 τοῦ
667 1432 995 1508 χρώματος,
1043 1429 1170 1486 ἀλλ’
1216 1430 1346 1506 οὐχὶ
1389 1430 1479 1485 καὶ
1524 1435 1621 1484 τοῦ
1675 1432 1963 1504 σχήματος

306 1517 540 1598 ἔμφασις
571 1519 798 1594 γίνεται.
854 1526 959 1574 Πᾶν
1018 1520 1112 1592 μὲν
1162 1520 1262 1594 γὰρ
1312 1525 1505 1594 σχῆμα
1549 1514 1848 1593 διαιρετόν·
1898 1520 1966 1572 τὰ

305 1613 529 1664 τοιαῦτα
579 1607 625 1663 δ’
677 1604 908 1683 ἔνοπτρα
960 1609 1098 1683 πρὸς
1150 1605 1397 1676 αἶ’σοησιν
1448 1606 1745 1680 ἀδιαίρετα.
1799 1617 1964 1663 Δυνα-

302 1698 393 1752 τὸν
429 1695 601 1753 δὀὐκ
630 1696 769 1752 ἔστιν
826 1698 877 1751 ἐν
930 1695 1257 1772 ἀδιαιρέτοις
1308 1695 1657 1774 ἐμφαίνεσθαι
1710 1698 1772 1751 τὸ
1826 1694 1964 1752 διαι-

308 1786 480 1862 ρετόν.
514 1788 666 1852 Ὂθεν
718 1787 780 1841 τὸ
832 1787 926 1859 μὲν
977 1785 1373 1864 ἐμφαινόμενον
1422 1791 1502 1857 τῷ
1549 1783 1739 1858 κύκλῳ
1771 1785 1962 1842 λευκὸν

307 1875 360 1930 ἐν
393 1878 460 1949 τῇ
506 1873 626 1948 ἅλῳ
675 1876 702 1930 6
751 1875 920 1955 ἀστήρ
974 1875 1106 1944 ἐστι,
1156 1875 1274 1929 καθ’
1323 1870 1541 1929 ἕκαστον
1594 1874 1802 1947 ὁμοίως
1854 1879 1962 1929 τῶν
1997 1913 2043 1978 Β

305 1962 582 2034 ἀλλήλοις
629 1964 990 2040 συγκειμένων
1049 1962 1320 2040 ἐνόπτρων
1370 1963 1548 2039 χωρὶς
1594 1968 1692 2018 τοῦ
1739 1965 1962 2039 σχήμα-

303 2073 402 2114 τος
453 2050 872 2130 ἐμφαινόμενοςο
929 2051 1054 2128 περὶ
1112 2050 1169 2106 δὲ
1227 2056 1419 2107 τοῦτον
1475 2052 1564 2107 τὸν
1615 2051 1817 2107 κύκλον
1871 2053 1962 2106 τὸν

305 2141 630 2218 φαινόμενον
690 2141 881 2196 λευκὸν
927 2144 960 2210 ἡ
1015 2140 1254 2216 ἐχομένη
1306 2142 1621 2218 περιφέρεια
1668 2140 1966 2216 μελαντέρα

305 2230 542 2308 φαίνεται
585 2227 673 2284 διὰ
718 2231 814 2299 τὴν
875 2230 1081 2284 ἐκείνου
1135 2228 1473 2300 λευκότητα.
1538 2232 1697 2292 Ἴσως
1758 2227 1816 2284 δὲ
1873 2230 1964 2286 καὶ

306 2316 395 2374 διὰ
421 2320 484 2374 τὸ
515 2315 662 2395 ἔχειν
697 2317 927 2397 ἔμφασιν
959 2321 1049 2374 καὶ
1103 2317 1337 2392 μέλανός
1389 2341 1536 2382 τινος
1589 2320 1693 2374 ἀπὸ
1731 2327 1831 2389 τῆς
1861 2323 1964 2396 γῆς

301 2409 400 2476 τήν
455 2407 712 2479 τοιαύτην
774 2408 1047 2462 σύστασιν
1097 2408 1212 2463 ἐπεὶ
1261 2409 1350 2463 καὶ
1399 2409 1534 2485 πρὸς
1583 2413 1651 2483 τῇ
1700 2412 1774 2483 γῇ
1819 2407 1961 2482 μᾶλ-

304 2494 402 2551 λον
459 2496 661 2573 γίνεται
715 2495 872 2566 αὕτη·
931 2495 1068 2552 διότι
1119 2518 1178 2551 τε
1223 2499 1596 2571 νηνεμώτερος
1646 2498 1674 2551 ὁ
1720 2497 1888 2560 τόπος
1933 2499 1961 2552 6

303 2586 744 2661 προσγειότερος,
796 2587 886 2640 καὶ
934 2586 998 2640 τὸ
1047 2591 1262 2659 πνεῦμα
1307 2585 1539 2641 κωλύειν
1593 2583 1812 2641 δύναται
1857 2587 1956 2656 τὴν

300 2681 401 2744 τῆς
460 2675 867 2749 ἀναθυμιάσεως
920 2674 1190 2744 σύστασιν,
1250 2674 1300 2730 ἐν
1351 2674 1389 2749 ᾖ
1445 2675 1513 2730 τὰ
1566 2677 1844 2752 κάτοπτρα
1892 2675 1960 2730 τὰ

299 2764 364 2818 τὸ
417 2767 627 2840 χρῶμα
677 2767 776 2819 τοῦ
833 2763 1056 2839 ἀστέρος
1101 2763 1466 2843 ἐμφαίνοντα·
1518 2763 1614 2819 κᾶν
1671 2766 1746 2837 μὴ
1796 2765 1961 2820 καθα-

305 2857 413 2927 ρῶς
472 2851 799 2930 ἐμφαίνωσιν
859 2853 1010 2924 αὑτὸ,
1073 2851 1204 2926 μηδ’
1257 2850 1587 2928 εἰλικρινῶς,
1639 2849 1791 2907 οὐδὲν
1834 2855 1960 2907 θαυ-

307 2940 528 3014 μαστόν·
587 2941 808 3018 ἐπείπερ
860 2941 922 2996 οὐ
972 2940 1200 2996 πάντοτε
1245 2941 1432 2996 ὁποῖόν
1483 2941 1592 2996 ἐστι
1643 2943 1705 2997 τὸ
1754 2947 1961 3018 χρῶμα

300 3034 398 3085 τοῦ
430 3031 530 3106 ὁρα
560 3035 644 3098 οῦ,
691 3035 939 3086 τοιοῦτον
989 3030 1084 3086 κάν
1123 3036 1247 3093 τοῖς
1297 3030 1579 3103 ἐνόπτροις
1621 3029 1955 3110 ἐμφαίνεται.

304 3119 533 3174 Δυνατὸν
591 3121 694 3196 γὰρ
746 3117 1006 3193 λαμπροῦ
1062 3124 1164 3174 τοῦ
1231 3120 1513 3193 ὁρωμένου
1570 3122 1957 3196 τυγχάνοντος,

308 3204 542 3262 ἀλλοίου
598 3208 841 3282 γενέσθαι
894 3207 1191 3284 χρώματος
1247 3206 1496 3286 ἔμφασιν·
1544 3208 1580 3278 ἢ
1631 3206 1719 3263 διὰ
1762 3211 1826 3264 τὸ
1877 3209 1953 3282 μὴ

307 3293 559 3370 λαμπρὰν
611 3295 746 3350 εἶναι
795 3297 855 3351 τὸ
904 3294 1201 3372 ἔνοπτρον,
1251 3297 1528 3352 κάντεῦθεν
1581 3295 1670 3352 διὰ
1709 3304 1810 3366 τῆς
1864 3297 1954 3370 μί-
1988 3279 2030 3346 C-

303 3385 434 3453 ξεως
460 3389 556 3440 τοῦ
587 3385 792 3440 οἰκείου
841 3387 1142 3461 χρώματος
1187 3385 1482 3442 συνθολοῦν
1531 3386 1595 3441 τὸ
1635 3391 1839 3462 χρῶμα
1864 3391 1960 3440 τοῦ

302 3473 530 3549 ὁρατοῦο
590 3474 625 3542 ἢ
685 3473 774 3528 καὶ
834 3473 923 3528 διὰ
971 3475 1071 3544 τὴν
1123 3481 1222 3544 τῆς
1282 3475 1500 3549 ὁρώσης
1572 3469 1747 3549 ὅψεως
1807 3475 1959 3530 ἀσθέ-

299 3582 465 3621 νειαν.

373 3741 459 3816 κβ¹
493 3782 506 3794 .
569 3741 824 3797 Φαίνεται
887 3739 934 3796 δ’
988 3744 1024 3812 ἡ
1086 3741 1235 3804 ἅλως
1293 3741 1382 3797 καὶ
1440 3741 1650 3816 νύκτωρ
1701 3743 1791 3796 καὶ
1848 3743 1964 3814 μεθ’

304 3828 536 3906 ἡμέραν·
596 3831 730 3885 ποτὲ
789 3831 884 3904 μὲν
937 3830 1141 3893 κύκλος
1203 3829 1537 3908 ὁλόκληρος,
1598 3830 1721 3886 ὅταν
1780 3831 1869 3886 καὶ
1925 3833 1960 3899 ἡ

308 3915 559 3980 σύστασις
614 3918 759 3994 τύχῃ
815 3917 1098 3981 παντελῶς
1155 3919 1406 3992 ὁμαλήςο
1466 3921 1598 3974 ποτὲ
1655 3917 1711 3974 δὲ
1766 3926 1964 3992 τμῆμα

304 4005 536 4078 κύκλου,
587 4006 713 4062 ὅταν
767 4005 1029 4079 δηλονότι
1081 4005 1222 4080 μηδὲ
1267 4009 1404 4064 κατὰ
1443 4014 1546 4063 πᾶν
1583 4008 1748 4083 μέρος
1778 4010 1812 4078 ἡ
1845 4029 1963 4062 τοι-

307 4093 442 4166 αύτη
474 4095 726 4160 σύστασις
758 4096 1000 4170 ὁμαλής.

377 4276 474 4351 κγ’.
510 4275 715 4332 Ἐνίοτε
768 4275 862 4349 μὲν
919 4273 1010 4330 οῦν
1056 4277 1092 4345 ἠ
1144 4273 1294 4337 ἄλως
1347 4273 1654 4331 διασπᾶταιο
1707 4276 1878 4333 ἐνίοτε
1907 4274 1966 4332 δὲ

311 4361 648 4437 μαραίνεταιο
697 4362 788 4417 ὁτὲ
846 4359 904 4418 δὲ
963 4359 1177 4435 μᾶλλον
1236 4362 1559 4422 συνίσταται.
1617 4365 1717 4419 Καὶ
1773 4367 1809 4435 ἡ
1868 4365 1962 4438 μὲν

311 4447 572 4505 ἐπιπλέον
604 4459 705 4520 τῆς
737 4450 855 4506 ἅλω
902 4451 1152 4514 σύστασις
1202 4448 1398 4514 ὕδατος
1448 4452 1708 4530 τυγχάνει
1739 4459 1967 4528 σημεῖον

309 4535 504 4612 (δῆλον
564 4539 670 4617 γὰρ
729 4537 814 4595 δτι
861 4544 1152 4596 πυκνοῦται
1217 4539 1431 4614 μᾶλλον
1479 4541 1542 4597 τὸ
1588 4540 1790 4620 νέφος)’
1841 4545 1876 4613 ἠ
1910 4539 1968 4597 δὲ

2074 630 2354 702 quicquid
2398 631 2552 686 ultra
2594 636 2702 696 est,
2738 633 2893 688 284
2922 637 3157 704 propter
3202 634 3721 690 condensationem

2074 720 2312 789 quidem
2349 721 2581 792 nigrum
2614 726 2704 776 est
2737 737 2748 775 :
2785 721 2884 775 sed
2916 737 3052 776 cum
3086 721 3408 792 ipsummet
3438 721 3722 794 aequabile

2074 809 2172 875 sit,
2206 813 2262 862 et
2286 808 2627 881 exiguarum
2660 809 2938 881 partium,
2965 812 3138 881 juxta
3168 810 3371 866 circuli
3414 811 3722 867 circumfe-

2074 897 2320 952 rentiam
2353 900 2590 968 specula
2631 897 3056 969 complectitur,
3092 898 3306 970 partim
3356 903 3479 955 tam
3523 915 3720 970 parva,

2075 988 2138 1039 ut
2186 986 2378 1056 quoad
2432 1002 2673 1042 sensum
2722 987 2840 1042 sint
2888 986 3144 1058 partium
3176 988 3472 1058 expertia;
3509 987 3723 1060 partim

2072 1077 2193 1128 tam
2248 1074 2450 1139 densa,
2500 1079 2565 1129 ut
2617 1074 2862 1130 invicem
2921 1074 3269 1144 cohaereant,
3328 1081 3384 1132 et
3443 1077 3596 1148 quod
3657 1093 3726 1131 ex

2072 1160 2218 1233 ipsis
2242 1163 2518 1219 omnibus
2541 1164 3050 1232 conflatur,unum
3073 1165 3418 1222 continuum
3435 1166 3722 1222 videatur.

2076 1251 2137 1306 In
2165 1250 2286 1307 haac
2319 1252 2494 1323 igitur
2523 1252 2761 1325 specula
2789 1253 2950 1310 visus
2980 1253 3229 1326 illapsus
3259 1270 3394 1309 cum
3425 1253 3649 1311 lumine
3669 1257 3726 1310 et

2075 1341 2145 1395 ad
2201 1341 2789 1413 superimminentem
2849 1341 3080 1398 stellam
3141 1343 3446 1410 refractus,
3497 1359 3726 1400 coronae

2075 1429 2323 1500 speciem
2355 1431 2550 1487 efﬁcit.
2588 1433 2649 1487 In
2683 1431 2856 1487 dictis
2896 1431 3051 1487 enim
3102 1432 3356 1504 speculis
3408 1431 3592 1489 solius
3623 1449 3722 1489 co-

2073 1518 2234 1584 loris,
2287 1536 2400 1574 non
2450 1521 2646 1592 ﬁgurae
2691 1520 2976 1592 apparitio
3027 1521 3231 1577 oritur.
3267 1521 3493 1592 Quippe
3531 1522 3724 1577 omnis

2074 1606 2265 1676 ﬁgura
2294 1614 2382 1663 est
2412 1609 2666 1664 dividua.
2693 1613 2767 1662 At
2797 1609 3088 1680 ejusmodi
3119 1609 3354 1681 specula
3375 1611 3566 1681 quoad
3592 1627 3723 1667 sen-

2075 1713 2207 1752 sum
2247 1696 2529 1753 divisione
2578 1703 2794 1754 carent.
2830 1698 2976 1754 Fieri
3009 1703 3205 1754 autem
3251 1716 3366 1754 non
3416 1703 3630 1771 potest,
3661 1704 3728 1756 ut

2077 1786 2135 1840 in
2169 1785 2238 1840 iis
2270 1803 2395 1857 quae
2431 1786 2733 1842 divisionis
2765 1791 2904 1843 sunt
2951 1787 3228 1858 expertia,
3262 1787 3566 1843 dividuum
3617 1805 3724 1860 ap-

2075 1879 2292 1946 pareat.
2321 1875 2482 1931 Unde
2504 1875 2700 1946 ipsum
2732 1875 2931 1931 album
2964 1875 3200 1946 quidem
3233 1877 3383 1948 quod
3421 1877 3478 1931 in
3513 1893 3728 1932 corona

2076 1969 2339 2036 apparet,
2371 1964 2536 2020 stella
2590 1971 2713 2032 est;
2766 1982 2893 2036 quae
2942 1965 3212 2021 similiter
3261 1966 3321 2020 in
3370 1982 3727 2039 unoquoque

2077 2053 2186 2108 sibi
2219 2053 2464 2110 invicem
2497 2059 3038 2127 coagmentatorum
3071 2053 3442 2126 speculorum
3493 2056 3620 2111 sine
3658 2055 3728 2110 ﬁ-

2076 2159 2223 2215 gura
2251 2148 2508 2215 apparet.
2545 2143 2678 2206 Quae
2707 2160 2842 2199 vero
2875 2143 2955 2198 illi
2988 2145 3288 2216 apparenti
3338 2143 3469 2199 albo
3509 2143 3727 2201 circulo

2074 2232 2390 2304 conjuncta
2422 2238 2511 2289 est
2539 2233 3032 2304 circumferentia,
3065 2238 3303 2305 propter
3347 2233 3537 2306 ipsius
3588 2234 3725 2304 [cir-

2073 2320 2190 2376 culi
2230 2321 2393 2393 puta]
2453 2319 2783 2377 albedinem
2842 2321 3063 2393 nigrior
3118 2324 3379 2393 apparet.
3434 2321 3721 2378 Fortassis

2073 2413 2269 2466 autem
2301 2410 2476 2466 etiam
2521 2411 2673 2480 quod
2721 2408 2871 2481 nigri
2921 2408 3171 2480 alicujus
3211 2426 3245 2464 a
3281 2413 3436 2464 terra
3463 2409 3720 2482 effigiem

2071 2498 2364 2568 ejusmodi
2411 2498 2702 2554 concretio
2745 2497 2998 2568 habeat;
3035 2497 3514 2570 quandoquidem
3545 2499 3720 2554 etiam

2070 2587 2314 2660 propius
2345 2591 2559 2643 terram
2593 2587 2658 2643 ﬁt
2685 2586 2834 2660 ipsa.
2867 2587 3014 2651 Quia
3043 2586 3184 2642 item
3228 2586 3392 2643 locus
3441 2591 3607 2642 terra;
3633 2588 3721 2642 vi-

2071 2677 2258 2732 cinior
2311 2678 2460 2734 235
2524 2682 2614 2732 est
2661 2694 2694 2733 a
2740 2677 2929 2732 ventis
2985 2675 3380 2748 tranquillior,
3434 2675 3726 2750 ﬂatusque

2070 2765 2354 2837 impedire
2382 2769 2574 2838 potest
2604 2765 3013 2836 hujuscemodi
3067 2765 3452 2822 exhalationis
3491 2783 3728 2822 concre-

2070 2854 2288 2910 tionem
2339 2855 2398 2909 in
2445 2871 2563 2925 qua
2612 2859 2753 2910 sunt
2801 2853 3038 2926 specula
3069 2853 3322 2910 colorem
3366 2853 3547 2910 stellis
3579 2854 3726 2910 refe-

2071 2943 2278 3007 rentia,
2301 2944 2537 2999 tametsi
2568 2959 2704 2999 eum
2737 2960 2852 2998 non
2885 2960 3030 3014 pure
3060 2949 3116 2999 et
3145 2943 3368 2999 sincere
3391 2943 3725 3014 exhibeant,

2071 3050 2185 3088 non
2219 3037 2308 3088 est
2352 3032 2726 3101 mirandum;
2781 3031 3262 3104 quandoquidem
3325 3049 3440 3088 non
3498 3048 3729 3104 semper

2067 3121 2263 3193 qualis
2310 3126 2400 3177 est
2448 3121 2607 3177 color
2654 3122 2734 3176 rei
2787 3121 2897 3176 sub
2929 3125 3233 3193 aspectum
3275 3121 3558 3189 cadentis,
3589 3120 3724 3177 talis

2067 3211 2244 3268 etiam
2274 3209 2335 3265 in
2384 3209 2638 3282 speculis
2678 3209 3003 3266 exhibetur.
3037 3209 3186 3266 Fieri
3229 3209 3384 3265 enim
3419 3213 3626 3281 potest,
3659 3214 3726 3266 ut

2071 3316 2205 3356 cum
2238 3300 2294 3355 id
2326 3299 2482 3370 quod
2513 3299 2775 3354 cernitur
2814 3297 3190 3369 splendidum
3235 3298 3332 3367 sit,
3365 3299 3576 3355 diversi
3625 3316 3722 3354 co-

2073 3388 2212 3444 loris
2246 3387 2671 3460 apparitionem
2711 3387 3026 3443 exhibeat:
3074 3385 3161 3444 vel
3209 3388 3364 3459 quod
3415 3387 3721 3460 speculum

2072 3494 2188 3534 non
2233 3477 2310 3533 sit
2357 3475 2756 3548 splendidum,
2788 3480 2844 3532 et
2890 3480 3195 3550 propterea
3241 3476 3461 3548 proprii
3512 3475 3723 3532 coloris

2072 3566 2348 3622 mistione
2387 3564 2640 3622 colorem
2689 3565 2771 3622 rei
2818 3565 3191 3638 aspectabilis
3238 3565 3589 3634 conturbet;
3633 3564 3723 3622 vel

2071 3654 2248 3711 etiam
2283 3655 2438 3727 quod
2472 3653 2763 3726 aspiciens
2792 3653 2954 3710 visus
2986 3654 3062 3711 sit
3086 3653 3454 3710 imbecillior.

2141 3746 2230 3798 22.
2265 3747 2442 3798 Porro
2491 3759 2705 3798 corona
2748 3748 2805 3798 et
2835 3748 3011 3799 noctu
3044 3746 3287 3815 apparet
3323 3747 3380 3798 et
3418 3741 3676 3798 interdiu
3707 3757 3722 3796 :

2074 3833 2219 3889 alias
2251 3832 2489 3903 quidem
2537 3830 2768 3904 integro
2812 3837 2870 3886 et
2915 3833 3170 3903 perfecto
3219 3830 3459 3897 circulo,
3491 3831 3726 3903 quando

2075 3921 2248 3977 etiam
2283 3921 2576 3977 concretio
2611 3937 2711 3992 per
2741 3920 2939 3975 omnia
2971 3921 3144 3976 fuerit
3181 3919 3485 3991 mqualibis
3518 3939 3530 3989 ;
3582 3919 3728 3976 alias

2072 4027 2205 4067 vero
2236 4027 2338 4081 per
2367 4014 2740 4082 segmentum
2772 4009 2995 4079 circuli,
3030 4009 3265 4081 quando
3317 4009 3584 4066 videlicet
3631 4026 3726 4065 se-

2073 4099 2332 4155 cundum
2361 4113 2597 4155 omnem
2628 4100 2854 4169 partem
2883 4096 3188 4168 aequalibis
3219 4113 3335 4152 non
3367 4097 3542 4153 fuerit
3570 4098 3726 4169 ejus-

2075 4187 2306 4245 cemodi
2336 4186 2647 4242 concretio.

2143 4278 2237 4333 23.
2288 4276 2724 4348 Nonnunquam
2772 4292 2905 4332 vero
2955 4292 3089 4332 area
3144 4274 3517 4346 distrahitur,
3577 4292 3726 4330 non-

2079 4382 2386 4437 nunquam
2433 4364 2716 4437 paulatim
2774 4364 3086 4431 evanescit,
3150 4381 3533 4436 nonunquam
3588 4381 3728 4419 con-

2078 4455 2290 4511 crescit
2319 4453 2592 4526 amplius.
2622 4455 2692 4510 Et
2721 4455 2960 4527 quidem
2995 4470 3129 4508 cum
3168 4469 3382 4509 corona
3411 4453 3733 4509 concrescit

2079 4544 2360 4616 amplius,
2387 4543 2449 4598 id
2499 4561 2662 4614 aqua:
2715 4542 2950 4616 signum
2999 4542 3228 4598 exsistit
3274 4542 3522 4613 (certum
3573 4540 3730 4598 enim

313 4625 576 4702 μάρανσις
654 4625 834 4690 εὐδίας
909 4630 1208 4703 τεκμήριον
1289 4628 1680 4706 (ἐπικρατεῖται
1754 4629 1857 4707 γὰρ
1932 4632 1963 4700 ἡ

2079 4638 2191 4700 est,
2243 4633 2461 4688 nubem
2510 4633 2743 4689 densari
2792 4630 3091 4704 amplius).
3143 4633 3216 4686 At
3262 4647 3393 4686 cum
3447 4630 3730 4703 paulatim

309 4713 561 4778 σύστασις
640 4717 743 4771 ὑπὸ
799 4721 896 4772 τοῦ
953 4717 1006 4772 ἐν
1062 4717 1199 4793 αὐτῇ
1232 4723 1435 4795 θερμοῦ
1466 4718 1556 4773 καὶ
1616 4720 1820 4796 ξηροῦ,
1879 4720 1970 4775 καὶ

309 4802 454 4859 οὕτω
488 4804 848 4881 μαραίνεται).
882 4808 943 4862 Ἡ
995 4804 1053 4861 δὲ
1101 4804 1385 4870 διάσπασις
1435 4806 1741 4881 πνεύματος
1782 4805 1968 4880 δήλω-

308 4911 418 4954 σις’
464 4890 574 4965 ἤδη
623 4896 727 4970 γὰρ
775 4894 826 4950 ἐν
879 4895 1069 4970 ἐκείνῳ
1114 4900 1194 4968 τῷ
1240 4897 1397 4969 τόπῳ
1441 4901 1656 4971 πνεῦμα
1701 4897 1763 4952 τὸ
1808 4905 1970 4968 ποιῆ-

310 5001 401 5034 σαν
431 4983 533 5051 τήν
581 4990 682 5054 τῆς
733 4983 1033 5047 συστάσεως
1083 4975 1388 5040 διάσπασινο
1441 4985 1536 5041 κᾶν
1586 4985 1730 5041 οὕτω
1778 4982 1970 5064 ἔφθασε

307 5070 444 5143 πρὸς
473 5070 572 5140 τὴν
605 5078 732 5146 γῆν.
768 5074 861 5129 Διὸ
886 5074 1167 5130 κάντεῦθεν
1199 5075 1289 5129 καὶ
1322 5077 1349 5130 ὁ
1374 5073 1591 5148 ἄνεμος,
1615 5075 1734 5131 ὅθεν
1767 5073 1968 5151 ἤρξατο

310 5157 634 5216 διασπᾶσθαι
665 5163 700 5231 ἡ
733 5162 1007 5226 σύστασις.

2081 4722 2397 4788 evanescit,
2443 4721 2774 4778 serenitatis
2821 4721 2880 4776 id
2929 4725 3017 4776 est
3073 4721 3227 4777 236
3277 4719 3558 4775 indicium
3608 4719 3730 4790 (su-

2080 4816 2319 4884 peratur
2348 4811 2560 4883 quippe
2593 4815 2650 4866 et
2680 4809 2931 4866 vincitur
2955 4810 3245 4866 concretio
3278 4827 3312 4866 a
3349 4808 3644 4865 caliditate
3674 4811 3732 4862 et

2081 4900 2362 4971 siccitate,
2394 4916 2573 4971 quam
2603 4901 2662 4954 in
2698 4916 2760 4954 se
2790 4899 3015 4964 habuit,
3048 4903 3104 4954 et
3150 4899 3232 4954 ita
3279 4897 3559 4971 paulatim
3593 4913 3731 4953 con-

2081 4989 2380 5057 sumitur).
2406 4988 2552 5044 Cum
2584 4989 2836 5060 denique
2857 4991 2901 5024 1³
2925 4987 3272 5043 distrahitur
3300 4991 3358 5043 et
3383 4986 3727 5058 dissipatur,

2080 5076 2237 5134 venti
2265 5077 2325 5132 id
2357 5081 2442 5133 est
2473 5076 2842 5150 signiﬁcatio.
2877 5076 3132 5147 Jamjam
3165 5076 3323 5131 enim
3354 5075 3468 5132 isto
3513 5074 3573 5129 in
3603 5075 3729 5130 loco

2081 5167 2255 5222 flatus
2285 5171 2394 5234 est,
2428 5166 2527 5238 qui
2571 5158 2969 5221 'concretionis
3019 5165 3466 5236 dissipationem
3511 5163 3728 5232 efﬁcit;

303 5250 538 5306 tametsi
568 5251 619 5307 is
649 5253 721 5308 ad
754 5258 972 5309 terram
1003 5256 1268 5311 nondum
1298 5255 1644 5327 pervenerit.
1688 5257 2054 5328 Quapropter
2095 5254 2274 5312 etiam
2307 5270 2375 5310 ex
2424 5255 2528 5310 hac
2580 5254 2709 5326 ipsa
2757 5258 2918 5324 parte
2963 5258 3174 5309 ventus
3221 5252 3466 5326 ingruit,
3497 5269 3566 5308 ex
3613 5268 3732 5324 qua

309 5339 598 5394 concretio
629 5340 1036 5414 dissipationis
1059 5344 1319 5415 sumpsit
1343 5343 1672 5399 exordium.

379 5420 480 5480 κδ’.
515 5425 668 5482 Ἀλλ’
697 5420 842 5483 οὕτω
897 5430 992 5502 μὲν
1039 5427 1362 5504 σημειώδης
1413 5433 1448 5501 ἡ
1500 5429 1648 5493 ἅλως
1695 5430 1820 5486 ὅταν
1850 5431 1974 5508 περὶ

244 5560 246 5562 τ
306 5512 400 5568 τὸν
432 5511 594 5583 ἥλιον
626 5514 662 5584 ἢ
693 5518 790 5584 τὴν
823 5517 1064 5588 σελήνην
1097 5522 1288 5594 συστῇ”
1339 5519 1464 5598 περὶ
1504 5517 1562 5576 δὲ
1606 5519 1734 5583 τοὺς
1767 5517 1974 5584 ἄλλους

383 5731 430 5767 ⁸³
461 5709 526 5787 in
550 5733 786 5790 Meteor.
820 5749 870 5791 c.
898 5733 952 5794 3.

2155 5433 2245 5487 24.
2279 5431 2390 5487 Sed
2417 5431 2556 5487 talia
2604 5429 2842 5503 quidem
2892 5447 3105 5486 corona
3152 5429 3465 5504 signiﬁcat,
3496 5429 3732 5502 quando

2086 5521 2240 5578 circa
2268 5518 2452 5578 solem
2485 5525 2586 5576 aut
2613 5519 2815 5576 lunam
2858 5519 3209 5576 constiterit.
3243 5522 3386 5576 Cum
3417 5535 3551 5575 vero
3581 5519 3737 5577 circa
