4114 6422
411 392 565 450 1199
1647 384 2071 445 NICEPHOBI
2118 385 2557 446 BLEMMIDE
3669 391 3847 451 1200

411 522 556 579 alias
586 520 788 578 stellas
818 517 1106 582 consistit,
1141 515 1286 571 nihil
1339 505 1659 572 admodum
1710 517 2006 589 signiﬁcat

2214 516 2395 591 πέρας
2454 537 2815 590 συνισταμενη
2876 515 3196 591 σημειώδης
3257 518 3356 573 ούκ
3411 517 3583 574 ἔστιν’
3637 520 3839 592 ἐπειδή

413 611 891 688 quandoquidem
924 608 1076 665 circa
1103 607 1234 662 illas
1263 608 1353 663 vel
1383 623 1417 662 a
1445 606 1722 662 tenuibus
1747 607 2036 663 concretio

2216 605 2293 680 ερὶ
2341 603 2535 667 αὐτοὺς
2594 605 2684 660 καὶ
2740 605 2847 661 ἀπὸ
2908 605 3120 661 λεπτῶν
3182 608 3484 662 συστάσεων
3536 607 3625 663 καὶ
3674 606 3841 666 οὔπω

412 703 612 768 nibus,
645 705 702 757 et
733 699 995 756 nondum
1026 697 1400 753 condensatis
1431 713 1644 752 corona
1673 695 1796 751 ﬁeri
1845 700 2037 768 potest

2218 693 2605 766 επυκνωμένων
2665 697 2700 764 ἡ
2765 692 2913 757 ἀλως
2974 693 3188 750 δύναται
3249 695 3529 771 γίνεσθαι.
3590 699 3722 774 Περὶ
3777 698 3843 756 δὲ

408 793 482 848 At
507 807 640 847 vero
685 789 841 845 circa
878 787 1061 844 solem
1110 790 1212 842 aut
1256 785 1458 842 lunam
1507 802 1812 858 nunquam
1837 785 2033 856 ejusce

2212 781 2259 836 ὃν
2289 781 2452 851 ἥλιον
2497 785 2530 853 ἣ
2571 785 2670 853 τήν
2711 783 2949 856 σελήνην
2995 785 3094 840 οὐκ
3143 785 3201 840 ἂν
3245 784 3419 856 λεπτή
3471 787 3699 858 τοιαύτη
3738 791 3837 864 γέε

409 881 570 936 modi
598 879 794 935 tenuis
826 876 952 934 ﬁeri
981 879 1175 949 potest
1205 874 1514 931 concretio.
1549 874 1695 929 Nam
1746 873 1930 930 multo
1980 875 2032 930 ci

2210 871 2316 926 and
2346 893 2477 928 ποτε
2509 871 2779 936 σύστασις.
2833 875 3028 939 Φθάνει
3077 877 3179 951 γὰρ
3231 872 3557 946 διαλυθῆναι
3609 876 3701 935 διὰ
3728 882 3835 950 τὴν

408 969 530 1026 tius
559 967 944 1024 luminarium
975 964 1165 1022 calore
1193 963 1686 1030 dissolvitur.Qua
1715 980 1856 1019 sane
1884 964 2033 1020 etian

2210 965 2273 1014 ὦν
2326 965 2630 1039 φωστήρων
2678 963 3008 1039 θερμότητα·
3070 962 3159 1018 διά
3213 985 3298 1018 τοι
3354 970 3518 1022 τοῦτο
3567 967 3660 1022 καὶ
3704 969 3835 1044 περὶ

410 1059 482 1115 de
539 1075 718 1114 causa
765 1056 918 1112 circa
963 1054 1148 1112 solem
1203 1056 1396 1110 rarius
1448 1069 1663 1109 corona
1717 1053 2035 1110 concrescit

2207 1051 2257 1104 ὸν
2315 1049 2480 1119 ἥλιον
2541 1051 2885 1114 έλαττονάκις
2935 1056 2970 1122 ἡ
3029 1050 3177 1115 ἅλως
3232 1054 3562 1114 συνίσταται.
3623 1063 3832 1113 Θᾶττον

409 1147 636 1219 Quippe
663 1146 751 1203 sol
800 1160 935 1200 cum
983 1142 1061 1200 sit
1110 1141 1527 1213 calidissimus,
1574 1140 1974 1196 concretiones
2004 1157 2034 1196 e

2209 1141 2268 1214 Ξιρ
2302 1140 2329 1194 ὑ
2358 1137 2521 1208 ἥλιος
2555 1137 2775 1196 δύναται
2803 1138 3047 1196 διαλύειν
3075 1143 3168 1204 τὰς
3196 1146 3294 1197 toi}
3344 1141 3503 1220 ἀέρος
3546 1145 3834 1211 συστάσεις

407 1235 900 1293 condensationes
931 1232 1084 1290 aeris
1113 1230 1361 1288 celerius
1390 1233 1583 1303 potest
1611 1229 1948 1287 dissolvere.

1570 1233 1583 1285 ί
1611 1229 1948 1287 dissolvere.
2167 1249 2226 1283 τε
2255 1228 2346 1283 καὶ
2375 1230 2703 1303 πυκνώσεις,
2734 1229 3067 1307 θερμότατος
3101 1225 3195 1286 ὥν.

1673 1462 2020 1519 SYNOPSIS
2059 1461 2337 1519 CAPITIS
2375 1461 2546 1532 XXII,

1504 1577 1658 1624 QUOD
1697 1578 1797 1617 EST
1834 1578 1906 1616 DE
1944 1578 2100 1616 IRIDE
2139 1576 2246 1618 SEU
2285 1578 2437 1619 ARCU
2476 1579 2748 1619 COELESTI.

413 1693 464 1746 1.
499 1691 726 1747 Carm
753 1691 868 1746 sive
898 1703 1066 1754 arcae,
1095 1695 1148 1743 et
1177 1686 1350 1743 Iridis
1375 1689 1486 1742 sive
1537 1703 1697 1740 arcus
1728 1686 1960 1758 caelestis
2009 1686 2162 1742 287
2211 1703 2379 1742 causa
2423 1687 2731 1742 communis
2782 1693 2860 1742 est
2901 1688 3182 1758 refractio,
3225 1687 3322 1743 sed
3363 1696 3549 1744 tamen
3588 1689 3822 1745 diversi-

478 1763 652 1819 mode.
687 1794 751 1803 —
783 1765 837 1816 2.
867 1761 1041 1817 Iridis
1073 1760 1354 1831 generatio
1415 1758 1740 1831 describitur
1786 1766 1838 1831 et
1885 1757 2126 1823 docetur,
2160 1773 2259 1812 cur
2289 1760 2504 1813 tantum
2545 1757 2812 1830 colorem,
2842 1757 2971 1814 non
3002 1760 3173 1814 etiam
3218 1760 3460 1830 ﬁguram
3495 1759 3635 1817 solis
3660 1762 3828 1818 euhi-

487 1835 648 1896 beat;
677 1832 944 1906 quomodo
972 1829 1108 1886 item
1157 1832 1457 1886 constituta.
1497 1830 1660 1899 nube,
1713 1829 1832 1884 sole
1859 1833 1909 1883 et
1939 1831 2060 1884 visu
2075 1831 2196 1956 έιὶαε
2245 1834 2294 1885 et
2341 1835 2604 1885 cernatur
2649 1829 2801 1885 Iris.
2827 1861 2896 1870 —-
2923 1831 2978 1885 3.
3011 1831 3174 1886 Iridis
3203 1829 3313 1887 tres
3341 1833 3830 1903 circumferentia

487 1907 678 1956 quibus
704 1904 976 1956 coloribus
1000 1910 1341 1956 occurrentes
1371 1903 1518 1956 visus
1549 1904 1853 1956 intueatur.
1885 1931 1956 1942 —
1987 1902 2038 1954 4.
2114 1915 2268 1956 ausa
2295 1903 2591 1956 varietatis
2619 1902 2868 1956 colorum
2915 1918 2975 1956 in
3005 1902 3150 1956 iride
3188 1903 3412 1956 uberius
3441 1903 3825 1956 explicantur.

479 1902 976 1978 quibus—coloribus
1000 1910 1341 1978 occurrentes
1371 1903 1518 1978 visus
1549 1904 1853 1978 intueatur.
1885 1931 1956 1978 Τ
1987 1902 2038 1954 4.
2075 1902 2268 1978 Causa
2295 1903 2591 1978 varietatis
2619 1902 2868 1978 colorum
2914 1918 2975 1978 ιη
3005 1902 3150 1958 iride
3188 1903 3412 1978 uberius
3441 1902 3825 1973 explicantur.

479 1972 548 2018 '—
591 1977 646 2032 5.
697 1977 872 2031 Causa
903 1991 1074 2045 quare
1105 1975 1267 2047 tertia
1309 1972 1478 2047 iridis
1524 1972 1978 2047 circumferentia
2002 1974 2390 2047 _purpurissea
2434 1973 2519 2047 vel
2565 1972 2824 2047 caerulea,
2855 1973 3096 2047 adeoque
3137 1975 3356 2047 nigrior
3399 1972 3694 2047 appareat,
3751 1993 3829 2032 ea:

479 2049 780 2120 principiis
808 2043 1001 2118 opticis
1029 2053 1082 2100 et
1107 2043 1240 2099 aliis
1267 2045 1543 2120 similibus
1572 2043 1836 2115 exemplis
1877 2044 2254 2120 conﬁrmatur.
2305 2075 2375 2120 _—
2425 2045 2479 2098 6.
2525 2043 2845 2120 Explicatio
2874 2045 2942 2120 de
2978 2043 3157 2100 tribus
3187 2045 3354 2120 Iridis
3393 2043 3828 2104 coloribuscon-

477 2115 746 2190 cluditur,
777 2115 1084 2189 etquartus
1110 2132 1303 2187 nempe
1331 2119 1505 2186 ﬂavus
1548 2133 1662 2190 non
1672 2189 1675 2190 ν
1706 2132 1800 2190 ea;
1827 2117 2177 2190 retractione,
2210 2115 2420 2190 sedes:
2465 2131 2531 2190 eo
2553 2117 2818 2190 generari
2853 2115 3093 2190 docetur,
3143 2117 3284 2188 quod
3308 2120 3578 2190 puniceas
3605 2124 3658 2176 et
3685 2121 3830 2174 viri-

479 2192 567 2246 dis
587 2185 760 2262 juxta
805 2185 1202 2262 se'spectantur
1236 2185 1501 2262 invicem.
1525 2217 1596 2229 —
1640 2189 1694 2241 7.
1728 2185 1908 2262 Minus
1955 2188 2122 2262 nigra
2166 2187 2218 2241 si
2242 2186 2333 2262 _ad
2377 2185 2568 2255 magis
2586 2188 2754 2256 nigra
2794 2185 3500 2262 spectentuhfcandidiora
3553 2191 3731 2246 videri
3759 2190 3830 2246 ab

478 2259 624 2318 Iride
665 2263 862 2316 lunari
903 2259 1119 2332 probat,
1167 2274 1293 2331 quw
1333 2261 1479 2315 albae
1525 2268 1621 2327 est,
1664 2261 1799 2330 quia
1843 2260 1904 2332 in
1948 2260 2112 2327 nigra
2150 2259 2298 2332 _nube
2346 2262 2397 2312 et
2441 2263 2607 2332 noctu
2637 2262 2852 2332 tantum
2893 2260 3249 2330 conspicitur.
3281 2291 3350 2301 -
3377 2262 3432 2316 8.
3466 2263 3574 2317 Iris
3602 2279 3638 2316 a
3690 2262 3834 2317 luna

479 2335 786 2388 rariuscule
826 2329 1146 2402 ﬁt'duabus
1174 2329 1256 2386 _de
1298 2332 1495 2386 causis.
1519 2362 1589 2371 —
1635 2329 1688 2385 9.
1723 2333 1759 2384 A
1793 2331 1905 2384 sole
1943 2346 2085 2400 saepe
2129 2329 2412 2402 duaeisunt
2458 2329 2656 2400 lrzdes,
2703 2330 2799 2384 sed
2845 2346 2965 2401 qua
3012 2329 3362 2387 contrarium
3391 2341 3446 2388 et
3499 2335 3833 2389 universum

478 2406 681 2461 habent
728 2400 972 2460 colorum
999 2406 1167 2458 situm
1217 2407 1272 2457 et
1301 2403 1567 2457 ordinem.
1598 2433 1668 2442 -—
1695 2403 1780 2456 10.
1814 2402 1886 2457 De
1914 2402 2205 2472 posteriori
2250 2400 2397 2456 Iride
2427 2402 2671 2457 aliorum
2698 2400 2992 2458 sententia.
3025 2432 3096 2445 —
3127 2405 3213 2458 11.
3244 2403 3554 2460 Aristotelis
3606 2408 3830 2460 senten-

483 2479 565 2532 tia
591 2485 644 2532 et
670 2475 911 2548 ejusdem
939 2475 1319 2536 conﬁrmatio;
1350 2491 1489 2548 cum,
1515 2491 1690 2548 quare
1731 2474 1948 2548 colores
1988 2474 2309 2548 posterioris
2337 2473 2525 2548 Iridis_
2551 2475 2663 2528 sint
2693 2473 3086 2548 languidiores,
3120 2483 3237 2548 tum
3272 2491 3454 2548 quare
3480 2478 3830 2532 contrarium

479 2551 649 2604 situm
677 2544 916 2603 habeant
965 2555 1016 2602 et
1059 2547 1335 2618 ordinem.
1367 2547 1558 2618 —_12.
1593 2546 1702 2618 Cur
1747 2544 2192 2618 secundseiridis
2221 2546 2473 2611 interior,
2505 2545 2604 2600 hoc
2633 2553 2727 2612 est,
2779 2544 2956 2617 quoad
2982 2561 3079 2601 nos
3105 2544 3343 2618 inferior
3369 2549 3834 2618 circumferentia

481 2622 557 2674 sit
584 2622 836 2691 punicea.
887 2649 956 2691 έ-
988 2618 1074 2673 13.
1128 2617 1240 2672 Cur
1265 2616 1522 2691 secunda,
1552 2616 1794 2691 adeoque
1823 2633 1856 2670 a
1885 2615 2042 2671 nobis
2070 2618 2333 2691 remotior
2370 2615 2823 2691 circumferentia
2867 2619 2938 2691 sit
2964 2615 3180 2691 viridis.
3213 2649 3282 2658 —
3311 2619 3400 2673 14.
3436 2618 3546 2674 Cur
3575 2615 3834 2676 extrema

483 2687 637 2746 288
668 2693 718 2746 el
746 2709 780 2747 a
822 2690 978 2745 nobis
1016 2690 1388 2745 remotissima
1415 2691 1491 2743 sit
1523 2690 1901 2762 _purpurissea
1949 2704 2054 2762 seu
2091 2687 2353 2762 caerulea:
2385 2719 2454 2762 —_
2486 2688 2572 2744 15.
2614 2687 2928 2760 Occupatio.
2973 2720 3043 2730 —
3074 2689 3161 2762 16.
3194 2691 3471 2761 Porisma,
3520 2706 3626 2762 quo
3655 2707 3830 2746 causa

479 2764 742 2832 refertur,
798 2777 970 2833 quare
995 2777 1197 2816 corona
1245 2776 1359 2816 non
1413 2776 1499 2815 var
1512 2759 1585 2814 iet
1613 2759 2001 2833 coloribus,‘ut
2030 2761 2156 2833 Iris.
2187 2789 2258 2798 —
2288 2759 2376 2812 17.
2409 2759 2520 2814 Cur
2546 2774 2748 2815 corona
2776 2775 2932 2833 saepe
2953 2761 3194 2833 perfecto
3239 2759 3471 2830 circulo,
3528 2759 3639 2818 Iris
3668 2780 3827 2818 nun-

515 2830 653 2914 uam
695 2830 1044 2914 semicirculo
1090 2834 1272 2914 major
1319 2838 1596 2914 appareat.
1647 2861 1728 2914 —“
1761 2832 1847 2885 18.
1891 2830 2211 2914 ,Οσσιιρᾳ-ιὶρ.
2259 2847 2370 2900 qua
2403 2833 2796 2914 .etiamncausa
2837 2830 3106 2914 redditurP
3139 2847 3310 2904 quare
3322 2833 3487 2914 _circa
3512 2834 3834 2914 solemnon

515 2852 648 2890 nam
695 2852 1042 2889 semwircuw
1090 2852 1272 2914 major
1319 2852 1596 2914 appareat.
1647 2861 1728 2913 —.
1761 2852 1847 2885 ιο.
1899 2852 2211 2902 υσσῑιραιιο,
2259 2852 2370 2900 qua
2403 2852 2585 2913 etiam
2629 2852 2796 2887 causa
2837 2852 3106 2914 redauan
3139 2852 3310 2904 quare
3337 2852 3487 2888 circa
3512 2852 3684 2890 δοιεηι
3711 2852 3832 2890 non

477 2852 576 2975 ﬁat
603 2904 874 2977 ejusmodi
903 2904 1250 2977 pra/tumida
1279 2905 1462 2968 nubis,
1493 2905 1780 2972 concretio,
1810 2902 2118 2977 cujusmodi
2147 2902 2208 2971 ﬁt
2235 2917 2265 2957 e
2293 2919 2514 2977 regione
2560 2903 2738 2977 illius.
2771 2934 2838 2944 —
2870 2903 2956 2958 19.
3001 2904 3118 2977 iris
3149 2903 3528 2977 quando_toto_
3568 2908 3832 2977 semicir-

480 2974 703 3046 circulo,
743 2985 800 3053 et_
819 2974 1042 3053 quando
1057 2977 1231 3053 etiam
1252 2977 1438 3030 minor
1464 2981 1763 3053 appareat;
1795 2974 2273 3053 quodquehaestate
2320 2975 2469 3028 circa
2514 2974 3243 3053 meridiemneminimum
3255 2975 3477 3046 quidem
3504 2975 3671 3033 Iridis
3698 2994 3842 3053 seg-

477 3045 748 3119 mentum,
781 3045 957 3104 hieme
985 3046 1207 3118 aliquod
1235 3045 1578 3116 segmentum
1607 3061 1876 3117 apparere
1904 3047 2095 3118 possit,
2125 3053 2176 3101 et
2202 3045 2398 3101 horum
2426 3047 2678 3102 omnium
2699 3047 2950 3119 probatio
2977 3045 3326 3118 geometrica.

1003 3276 1243 3334 CAPUT
1287 3276 1466 3333 χχιι.
2093 3289 2142 3354 Β

2093 3289 2142 3354 Β
2798 3281 3057 3335 ΚΕΦΔΛ.
3090 3278 3210 3334 ΚΒ’.

1100 3371 1185 3422 De
1210 3366 1372 3422 iride.

2816 3365 2949 3443 Περὶ
2988 3363 3187 3442 ἴριδος.

485 3459 602 3514 1-3.
635 3456 1145 3523 Quemadmodum
1180 3457 1226 3491 ¹⁴
1262 3472 1488 3512 coronae
1530 3471 1711 3512 causa
1759 3454 2063 3511 dicebatur

2242 3456 2387 3529 αι’-γ’.
2419 3457 2623 3530 ’Ὠσπερ
2669 3457 2771 3524 τῆς
2815 3452 2935 3509 ἅλω
2986 3452 3156 3510 αἴτιον
3191 3451 3412 3530 ἐλέγετο
3443 3458 3479 3524 ἡ
3514 3453 3846 3530 ἀνάκλασις,

415 3563 546 3602 esse
591 3546 888 3615 refractio,
923 3545 1007 3600 sic
1049 3560 1190 3600 sane
1237 3545 1412 3600 etiam
1486 3545 1654 3600 iridis
1703 3544 1825 3600 hac
1855 3545 2040 3601 eaden

2218 3539 2315 3598 ίτω
2365 3541 2432 3612 δὴ
2484 3544 2574 3598 καὶ
2622 3550 2723 3613 τῆς
2773 3541 2948 3620 ἴριδος
2994 3544 3058 3599 τὸ
3105 3543 3236 3599 αὐτὸ
3281 3549 3444 3599 τοῦτο
3493 3542 3668 3600 αἷεειον
3699 3545 3843 3601 εἶναι

414 3653 594 3692 causa
623 3651 753 3692 esse
782 3635 1016 3690 dicitur.
1049 3636 1128 3689 Ac
1169 3633 1290 3688 illic
1342 3635 1577 3705 quidem
1627 3634 1699 3689 ab
1744 3649 1876 3688 aere
1923 3649 2039 3689 con

2219 3631 2407 3706 έγεται.
2470 3632 2634 3687 Κάκεῖ
2683 3633 2776 3706 μὲν
2839 3634 2944 3688 ἀπὸ
3000 3635 3422 3706 πεπυκνωμένου
3481 3633 3642 3710 ἀέρος
3690 3631 3844 3710 γίνε-

415 3727 658 3782 densato
690 3724 816 3780 ﬁeri
845 3723 1014 3779 aiunt
1041 3722 1482 3790 refractionem;
1514 3722 1610 3777 hic
1632 3726 1827 3778 autem
1851 3739 1886 3778 θ.
1905 3723 2040 3778 ηυδε

2220 3719 2290 3775 δαί
2348 3743 2474 3799 φασι
2530 3723 2629 3791 τήν
2689 3719 3018 3777 ἀνάκλασιν·
3084 3721 3311 3787 ἐνταῦθα
3362 3720 3410 3778 δ’
3467 3722 3578 3778 ἀπὸ
3635 3724 3845 3801 νέφους

413 3832 542 3887 quas
573 3831 727 3886 aqua
757 3813 882 3868 ﬁeri
911 3813 1136 3884 incipit,
1168 3813 1371 3883 etjam
1400 3811 1647 3866 humida
1675 3815 1801 3879 est;
1846 3815 1902 3867 et
1933 3829 2038 3866 ruri

2222 3811 2484 3885 >χομένου
2537 3810 2774 3886 γίνεσθαι
2827 3808 3046 3880 ὕδατος,
3103 3811 3193 3867 καὶ
3250 3809 3362 3882 ἤδη
3431 3811 3847 3882 καθεστηκότος

412 3921 516 3960 sus
546 3903 664 3959 illic
695 3902 933 3974 quidem
965 3901 1118 3957 circa
1147 3901 1332 3958 solem
1363 3905 1467 3956 aut
1495 3899 1721 3964 lunam,
1755 3905 1857 3956 aut
1887 3900 2037 3956 alian

2225 3903 2354 3974 τροῦ.
2407 3899 2572 3954 Κάκεῖ
2622 3899 2718 3972 μὲν
2766 3897 2932 3954 πάλιν
2978 3899 3102 3976 περὶ
3131 3900 3224 3955 τὸν
3275 3898 3437 3970 ἥλιον
3472 3902 3634 3970 ἣτήν
3669 3901 3850 3973 σελή-

412 3990 674 4064 aliquam
705 3989 934 4046 stellam
954 3988 1327 4062 splendidam
1347 3989 1608 4044 efﬁciens
1629 4005 1904 4044 coronam
1928 4005 2034 4044 con

2229 4009 2264 4054 ,ν
2293 3989 2328 4056 ἢ
2363 3985 2534 4043 ἄλλον
2587 3989 2711 4043 τινὰ
2754 3992 2864 4042 τῶν
2919 3985 3193 4063 λαμπρῶν
3244 3989 3483 4066 ἀστέρων
3533 3992 3569 4059 ἡ
3603 3993 3854 4046 ποιοῦσα

414 4082 592 4136 cretio
623 4079 928 4147 consistit;
977 4083 1038 4134 at
1084 4078 1180 4134 hic
1229 4078 1436 4146 nubes,
1469 4095 1596 4150 quae
1644 4079 1854 4134 iridem
1898 4077 2038 4134 facit

2225 4082 2266 4144 iv
2299 4076 2418 4132 ἅλω
2470 4077 2742 4140 σύστασις·
2792 4077 3016 4133 ἐνταῦθα
3055 4075 3113 4133 δὲ
3157 4078 3222 4133 τὸ
3269 4077 3428 4157 νέφος
3478 4083 3674 4134 ποιοῦν
3737 4081 3850 4150 τήν

412 4168 595 4224 solem
625 4184 694 4224 ex
741 4168 984 4223 adversa
1029 4171 1192 4239 parte
1234 4166 1429 4222 habet.
1460 4167 1606 4222 Cum
1655 4166 1838 4240 igitur
1867 4167 1911 4202 ¹⁶
1932 4167 2037 4237 jan

2220 4187 2276 4219 ιιν
2306 4165 2356 4238 ἐξ
2390 4165 2633 4228 ἐναντίας
2663 4161 2781 4242 ἔχει
2822 4167 2886 4222 τὸ
2915 4165 3100 4237 ἥλιον.
3157 4171 3319 4224 ’Ὀταν
3363 4167 3547 4223 τοίνυν
3590 4165 3704 4238 ἤδη
3740 4169 3845 4242 μὲν

408 4258 472 4313 in
497 4262 697 4330 guttas
728 4256 1024 4312 molliores
1054 4257 1120 4311 ﬁt
1157 4255 1406 4311 mutatio
1436 4255 1633 4326 nubis,
1666 4257 1928 4311 nondum
1971 4261 2033 4311 ta

2225 4276 2249 4317 ς
2281 4253 2518 4329 ψεκάδας
2565 4255 2782 4330 γίνηται
2829 4261 2928 4311 τοῦ
2977 4255 3172 4334 νέφοκς
3223 4251 3528 4330 μεταϐολή,
3577 4260 3750 4331 μήπω
3785 4255 3850 4314 δὲ

413 4363 547 4402 men
578 4345 748 4418 pluit,
781 4345 831 4402 si
860 4362 930 4402 ex
958 4345 1200 4401 adversa
1229 4344 1410 4415 hujus
1440 4345 1616 4401 nubis
1648 4349 1813 4417 parte
1852 4344 1939 4400 sol
1970 4344 2038 4399 in

2225 4365 2256 4409 λ.
2313 4343 2399 4398 ἐὰν
2452 4343 2504 4414 ἐξ
2554 4342 2795 4406 ἐναντίας
2837 4341 2998 4400 τοῦδε
3041 4349 3141 4400 τού
3197 4345 3391 4424 νέφους
3436 4345 3465 4399 ὁ
3524 4343 3692 4414 ἥλιος
3753 4346 3850 4400 εὑ-

409 4439 620 4492 ventus
650 4434 847 4501 fuerit,
879 4438 1008 4489 tum
1038 4433 1256 4505 exiguae
1288 4437 1346 4488 et
1377 4434 1568 4504 quoad
1613 4450 1854 4489 sensum
1906 4434 2034 4490 23$

2226 4436 2325 4506 ιθῇ,
2383 4434 2450 4487 τὰ
2511 4434 2680 4510 μικρὰ
2733 4433 2824 4488 καὶ
2873 4431 3013 4510 πρὸς
3061 4431 3309 4505 αἶ’σθησιν
3357 4432 3638 4509 ἀδιαίρετα
3671 4433 3851 4510 μόρια

409 4523 800 4580 indivisibiles
848 4523 1024 4578 nubis
1068 4522 1388 4593 particula,
1421 4539 1490 4578 ex
1547 4523 1765 4592 quibus
1819 4539 2034 4579 concre

2220 4526 2264 4575 ὤ
2321 4522 2534 4599 νέφους,
2593 4521 2644 4592 ἐξ
2703 4521 2778 4576 ὥν
2834 4522 3234 4596 συνισταμένων
3293 4521 3500 4599 γίνεται
3558 4526 3595 4593 ἡ
3642 4524 3845 4596 ψεκὰς,

411 4612 711 4670 scentibus
761 4627 963 4682 psecas
1009 4627 1113 4668 sen
1165 4611 1380 4666 roratio
1437 4615 1768 4683 generatur,
1821 4611 2036 4683 speculi

2230 4630 2404 4686 οπτρα
2451 4611 2692 4686 γίνονται
2748 4615 2816 4685 τῇ
2884 4607 3006 4686 ὄψει
3054 4658 3070 4682 ,
3126 4612 3191 4667 τὸ
3247 4616 3346 4666 τοῦ
3404 4609 3573 4681 ἡλίου
3629 4616 3848 4688 χρῶμα

407 4701 561 4759 visui
593 4702 939 4769 redduntur,
974 4700 1115 4756 solis
1145 4699 1397 4756 colorem
1420 4700 1472 4756 ei
1493 4701 2032 4758 monstrantia.Nan

2217 4665 2347 4774 ιιύτῃΙ
2383 4665 2682 4756 δεικνύντα.
2733 4701 2822 4757 Ἐν
2866 4665 2968 4777 γδίρ
3011 4706 3129 4763 τοῖς
3177 4699 3455 4764 τοιούτοις
3507 4665 3800 4776 ἐνόπτροίς
3827 4747 3842 4772 ,

407 4793 469 4847 in
500 4790 792 4863 ejusmodi
822 4788 1097 4861 speculis,
1131 4790 1630 4863 quemadmodum
1669 4789 1846 4845 etiam
1895 4789 2025 4862 priu

2224 4808 2351 4865 σπερ
2397 4789 2489 4843 καὶ
2534 4788 2798 4865 πρότερον
2847 4786 3086 4864 εἷ’ρηται,
3133 4791 3195 4845 τὸ
3228 4793 3435 4865 χρῶμα
3486 4789 3674 4863 μόνον,
3707 4786 3849 4843 ἀλλ’

406 4880 631 4937 dictum
662 4883 770 4952 est,
805 4879 963 4936 color
993 4879 1298 4945 duntaxat,
1332 4895 1450 4934 non
1497 4879 1678 4935 etiam
1725 4880 1854 4950 ejus
1901 4896 2031 4950 quo:

2217 4877 2298 4953 Βχὶ
2344 4877 2434 4932 καὶ
2463 4878 2526 4933 τὸ
2575 4885 2771 4953 σχῆμα
2808 4882 2908 4933 τοῦ
2951 4879 3235 4955 ὁρωμένου
3285 4877 3631 4957 ἐμφαίνεται.
3685 4877 3842 4933 Διότι

404 4969 640 5025 videtur
668 4969 861 5041 ﬁgura
899 4973 1160 5039 apparet,
1194 4971 1501 5040 propterea
1546 4969 1701 5038 quod
1747 4968 1940 5024 omnis
1987 4967 2024 5022 ﬁ

2224 4974 2270 5021 ῑιν
2331 4967 2425 5040 μὲν
2496 4973 2691 5042 σχῆμα
2753 4965 2967 5043 μέρεσιν
3030 4967 3266 5044 ὑπάρχει
3328 4965 3660 5038 διαληπτόνο
3720 4962 3849 5020 ἕκα-

406 5075 555 5130 gura
583 5058 850 5130 partibus
880 5058 1200 5129 intercepta
1219 5061 1343 5124 est;
1377 5073 1512 5113 cum
1535 5056 1772 5129 singula
1793 5057 1909 5113 ista
1928 5073 2030 5130 spe

2220 5077 2291 5110 τον
2355 5053 2413 5110 δὲ
2465 5060 2572 5110 τῶν
2629 5055 2894 5110 τοιούτων
2967 5051 3245 5132 ἐνόπτρων
3300 5057 3505 5131 ἀμερὲς
3563 5057 3639 5118 ὡς
3695 5052 3845 5130 πρὸς

404 5148 536 5203 cula
567 5147 759 5219 quoad
791 5162 1033 5202 sensum
1065 5146 1331 5218 partibus
1367 5149 1426 5201 et
1474 5145 1756 5202 divisione
1800 5149 2029 5202 careant

2216 5141 2435 5215 ζ’σθησιν.
2499 5145 2645 5200 Ἐπεθ
2700 5149 2831 5220 γοῦν
2887 5145 3178 5222 ἀναγκαῖον
3225 5141 3457 5224 ἔμφασίν
3510 5165 3631 5201 τινα
3687 5142 3841 5219 γίνε-

405 5235 890 5306 Quandoquidem
931 5234 1112 5307 igitur
1163 5234 1560 5290 necessarium
1607 5239 1696 5290 est
1741 5235 2028 5308 apparitio

2216 5245 2288 5298 )αι
2322 5233 2374 5289 έν
2430 5233 2574 5306 αὐτῷ
2624 5233 2870 5309 ἐνόπτρῳ
2917 5257 2981 5310 γε
3033 5230 3168 5290 ὅντιο
3221 5232 3446 5290 δυνατὸν
3502 5231 3550 5289 δ’
3589 5232 3690 5288 οὐκ
3720 5229 3841 5287 ἔστι

405 5341 540 5380 nem
573 5324 830 5396 aliquam
863 5325 923 5378 in
954 5324 1083 5395 ipso
1117 5323 1264 5391 ﬁeri,
1298 5323 1439 5396 quia
1482 5322 1705 5379 scilicet
1751 5323 2030 5395 speculun

2218 5327 2262 5377 ὦ
2311 5325 2598 5398 σχήματος
2649 5320 2877 5402 ἔμφασιν
2920 5324 3180 5399 γίνεσθαι’
3226 5321 3470 5380 λείπεται
3513 5324 3577 5378 τὸ
3625 5324 3843 5397 ’χρῶμα

406 5418 529 5479 est;
564 5414 690 5468 ﬁeri
720 5417 916 5468 autem
947 5430 1064 5469 non
1095 5417 1304 5486 potest,
1337 5417 1404 5468 ut
1435 5413 1633 5485 ﬁgura:
1679 5414 1779 5468 ﬁat
1822 5413 2024 5485 appari

2216 5411 2334 5466 όνον
2394 5411 2769 5491 ἐμφαίνεσθαι.
2802 5412 3063 5468 Ἐκάστου
3119 5411 3176 5468 δὲ
3230 5418 3340 5468 τῶν
3394 5411 3658 5468 τοιούτων
3715 5409 3841 5464 ἐνό-

430 5501 520 5570 io;
553 5501 924 5572 relinquitur,
958 5507 1025 5557 ut
1053 5501 1216 5557 solus
1266 5501 1425 5557 color
1470 5502 1530 5557 in
1581 5502 1708 5574 ipso
1756 5507 2053 5573 appareat.

2221 5522 2349 5577 ερων
2405 5504 2522 5557 καθ’
2578 5502 2710 5556 αὑτὸ
2757 5503 3125 5579 τυγχάνοντος
3185 5503 3420 5580 ἀοράτου
3463 5497 3556 5555 διὰ
3603 5494 3846 5576 σμικρό-

407 5590 556 5657 Quia
599 5594 798 5645 autem
856 5590 1158 5662 quodlibet
1212 5590 1622 5662 hujuscemodi
1681 5591 2032 5664 speculorun

2223 5611 2321 5662 ιτα·
2354 5591 2569 5648 πάντων
2619 5588 2678 5647 δέ
2722 5591 2935 5648 τούτων
2985 5589 3539 5669 ἀλληλουχουμένων
3569 5588 3663 5645 καὶ
3717 5610 3848 5644 συν-

483 5715 526 5751 ¹⁴
556 5716 588 5772 3
615 5714 850 5770 Meteor.
885 5730 933 5771 c.
966 5715 1038 5786 4;
1072 5713 1217 5771 Scal.
1251 5717 1449 5772 Exerc.
1483 5717 1572 5772 80.
1676 5715 1719 5753 ¹⁶
1749 5716 1784 5772 3
1813 5715 2050 5776 Meteor.
2085 5733 2135 5776 c.
2169 5718 2223 5774 4.
