4114 6442
331 461 482 523 1201

1665 467 2012 528 ΕΡΙΤΟΜΕ
2057 468 2423 528 PHYSICA.

3596 468 3623 523 1
3635 466 3752 526 202

329 592 645 670 εσχομένων
708 594 850 668 ὁμοῦ
911 594 1049 671 πρὸς
1115 593 1233 658 ἒνὸς
1281 601 1539 672 συνεχοῦς
1599 595 1958 672 ἀποτελεσμὸη

2091 617 2193 673 per
2213 616 2274 656 se
2303 604 2539 672 propter
2559 598 2937 672 exiguitatem
2961 601 3051 654 est
3079 597 3372 654 invisibile
3397 597 3624 667 ;omnia
3648 614 3749 652 au-

329 680 419 738 διὰ
474 683 787 754 πυκνότητα
846 683 1216 760 παραθέσεως,
1267 685 1546 742 κάντεῦθεν
1621 688 1817 760 ὁρατοῦ
1893 711 1984 744 πε-

330 772 566 850 φηνότος
600 778 698 827 τοῦ
746 771 797 843 ἐξ
843 773 1019 828 αὐτῶν
1070 772 1514 849 ἀποτελουμὲνου
1561 778 1649 831 οἷα
1700 777 1979 852 μεγέθους,

328 862 533 939 ἀνάγκη
592 855 683 917 καὶ
730 867 827 916 τοῦ
876 860 948 917 δι’
994 862 1168 918 αὐτῶν
1218 862 1627 942 ἐμφαινομένων
1680 868 1980 943 χρώματος

331 951 559 1026 μέγεθος
618 950 913 1029 φαίνεσθαι.
973 954 1238 1007 Ἕκαστον
1287 955 1388 1030 γὰρ
1434 960 1541 1010 τῶν
1599 960 1805 1032 μικρῶν
1858 957 1982 1011 τού-

324 1061 432 1095 των
476 1040 749 1114 ἐνόπτρων
793 1039 974 1117 ὥσπερ
1030 1040 1108 1104 εἷς
1153 1043 1252 1112 τὴν
1295 1041 1646 1116 πηλικότητα
1675 1049 1772 1099 τοῦ
1819 1045 1980 1122 μεγέ-

327 1131 454 1191 Θους
512 1134 590 1202 τῷ
644 1128 762 1203 ὅλῳ
805 1130 1052 1186 συντελεῖ
1081 1138 1298 1208 συνεχεῖ
1326 1133 1378 1187 ἐν
1411 1132 1456 1206 ᾧ
1487 1136 1521 1204 ἡ
1555 1132 1785 1213 ἔμφασις
1844 1136 1980 1211 γίνε-

321 1237 408 1271 ται
456 1219 730 1290 σύμπασα’
793 1219 1237 1297 τοιουτοτρόπως
1283 1223 1373 1277 καὶ
1425 1222 1501 1285 εἰς
1551 1225 1649 1293 τὴν
1694 1229 1793 1279 τοῦ
1842 1225 1977 1282 δ’λου

322 1307 624 1392 χρώματος
689 1309 979 1385 φαντασίαν
1049 1310 1377 1388 συνεισφέρει
1446 1312 1508 1367 τὸ
1575 1313 1974 1392 ἐμφαινόμενον

322 1390 392 1447 δι’
437 1395 622 1452 αὐτοῦ.
673 1396 900 1452 Ὁπόταν
945 1395 1034 1453 οὖν
1083 1398 1160 1462 εἷς
1208 1397 1355 1476 ὕδωρ
1405 1390 1750 1474 μεταϐάλλον
1777 1404 1840 1458 τὸ
1897 1405 1978 1460 νέ-

321 1504 422 1560 φος
481 1484 533 1555 ἐξ
593 1484 830 1548 ἐναντίας
877 1485 979 1564 ἔχῃ
1036 1489 1126 1544 τὸν
1185 1487 1370 1561 ἥλιον,
1417 1493 1452 1560 ἡ
1515 1489 1562 1546 δ’
1614 1493 1795 1568 ὁρῶσα
1849 1489 1974 1566 ὄψις

317 1572 562 1648 τυγχάνῃ
623 1574 818 1648 μεταξὺ
863 1581 962 1631 τοῦ
1006 1575 1172 1647 ἡλίου
1218 1599 1277 1633 τε
1323 1580 1414 1634 καὶ
1443 1584 1540 1634 τοῦ
1568 1581 1783 1658 νέφους,
1818 1577 1974 1645 ὄντος

320 1657 386 1747 δὴ
436 1667 535 1716 τοῦ
588 1663 782 1742 νέφους
840 1664 1034 1721 κοίλου
1088 1687 1149 1722 τε
1202 1667 1292 1722 καὶ
1340 1657 1704 1747 οπεριφεροῦς·
1757 1669 1881 1726 τότε
1935 1675 1970 1742 ἡ

320 1745 445 1824 ὄψις
500 1749 860 1826 ἀνακλωμένη
925 1756 1062 1828 μετὰ
1114 1761 1214 1812 τοῦ
1271 1758 1451 1836 φωτὸς
1500 1745 1618 1813 ἀπὸ
1672 1763 1781 1814 τῶν
1810 1761 1862 1816 ἐν
1896 1765 1973 1834 τῷ

314 1841 457 1918 νέφει
514 1841 814 1917 γινομένων
859 1841 968 1915 ἤδη
1020 1843 1268 1919 ψεκάδων
1319 1847 1407 1902 ἐπὶ
1436 1847 1528 1902 τὸν
1561 1847 1746 1921 ἥλιον,
1778 1850 1868 1905 καὶ
1901 1848 1970 1905 δι’

313 1927 490 1984 αὐτῶν
541 1929 609 2000 δὴ
665 1931 874 1987 τούτων
944 1932 1126 2011 ὥσπερ
1204 1934 1496 2010 ἐνόπτρων,
1555 1939 1654 2007 τήν
1731 1936 1970 2009 ἡλιακὴν
2001 1975 2049 2041 Β

320 2017 336 2041 ς
358 2023 415 2041 -t"
443 2040 454 2041 κ
489 2040 492 2041 ,
695 2021 709 2041 \
873 2023 885 2038 \
1015 2022 1037 2041 ’ἡ
1321 2024 1372 2041 1..
1641 2027 1655 2041 ι
1759 2029 1772 2041 ι
1915 2030 1929 2041 ι

313 2017 496 2095 ὁρῶσα
550 2021 768 2097 χροιὰν,
828 2023 926 2092 τήν
1014 2022 1116 2100 ἶριν
1172 2024 1507 2104 φαντάζεται·
1568 2027 1657 2081 καὶ
1713 2029 1812 2098 τὴν
1875 2030 1968 2102 μὲν

310 2108 537 2183 πρώτην
604 2111 696 2165 καὶ
774 2108 1030 2188 ἀνωτέρω
1114 2113 1456 2193 περιφέρειαν
1515 2113 1684 2187 αὒτῆς
1739 2115 1805 2187 δή
1863 2126 1965 2188 τῆς

312 2194 488 2272 ἴριδος
563 2200 666 2275 ὁρᾷ
730 2204 1000 2278 φοινικῆν.
1061 2209 1351 2260 Φοινικοῦν
1414 2204 1519 2282 γὰρ
1596 2206 1832 2284 φαίνεται
1903 2210 1965 2263 τὸ

312 2284 564 2365 λαμπρὸν
649 2289 740 2344 καὶ
819 2289 1011 2346 λευκὸν
1080 2291 1170 2347 διὰ
1221 2298 1322 2348 τοῦ
1381 2291 1617 2366 μέλανος
1683 2297 1962 2371 ὁρώμενον

307 2376 344 2445 ἢ
373 2374 425 2464 έν
455 2381 536 2449 τῷ
569 2375 783 2452 μέλανι.
819 2379 1007 2438 Μέλαν
1068 2380 1159 2436 οὗν
1216 2385 1490 2460 τυγχάνον
1538 2385 1602 2439 τὸ
1645 2384 1802 2464 νέφος
1834 2386 1886 2440 ἐν
1919 2388 1964 2441 ὧ

306 2467 342 2534 ἡ
375 2463 484 2541 ἰ¹ρις
515 2464 646 2540 (ἤδη
679 2468 784 2546 γὰρ
816 2469 893 2533 εἷς
924 2468 1071 2546 ὕδωρ
1129 2467 1475 2544 μεταϐάλλον
1516 2473 1689 2548 icti),
1727 2472 1960 2531 δείκνυσι

307 2550 399 2610 διὰ
425 2559 535 2611 τῶν
563 2558 941 2635 σμικροτάτων
973 2560 1138 2616 αὐτοῦ
1181 2562 1388 2634 μορίων
1439 2563 1513 2625 ὡς
1569 2563 1634 2634 δὴ
1687 2563 1959 2642 ἐνόπτρων

308 2643 559 2717 μελάνων
611 2653 889 2725 φοινικοῦν
945 2647 1010 2704 τὸ
1064 2654 1272 2726 χρῶμα
1313 2652 1377 2706 τὸ
1415 2638 1671 2724 ἡλιακὸν,
1704 2638 1958 2730 λαμπρὸν

307 2733 403 2806 μὲν
459 2734 516 2788 ὃν
575 2736 665 2790 καὶ
711 2735 924 2809 λευκὸν,
964 2741 1033 2813 τῇ
1089 2737 1146 2793 δὲ
1202 2739 1450 2814 ἐπιμιξίᾳ
1503 2745 1601 2796 τοῦ
1658 2745 1958 2819 χρώματος

300 2825 408 2876 τῶν
471 2821 746 2901 ἐνόπτρων
809 2825 1244 2901 συνθολούμενόν
1298 2849 1356 2884 τε
1411 2830 1500 2884 καὶ
1575 2831 1953 2905 νοθευόμενον.

299 2911 408 2980 Τήν
462 2910 716 2990 δευτέραν
775 2912 834 2970 δὲ
881 2919 982 2986 τῆς
1030 2915 1206 2993 ἴριδος
1233 2920 1574 2998 περιφέρειαν
1605 2923 1640 2990 ἡ
1674 2916 1798 2994 ὄψις
1858 2923 1959 2999 ὁρᾷ

299 3003 590 3075 πρασίνην,
623 3003 685 3058 οὗ
747 3001 836 3058 διὰ
887 3005 953 3060 τὸ
981 2999 1260 3083 ἕνοπτρον,
1288 3006 1436 3064 ἀλλὰ
1465 3005 1535 3062 δι’
1563 3009 1776 3064 ἀτονίαν
1829 3012 1955 3066 ἑαυ-

298 3093 422 3157 τῆς.
480 3090 544 3146 Ἡ
598 3091 701 3167 γὰρ
759 3092 1024 3149 ἀτονοῦσα
1099 3091 1226 3170 ὄψις
1288 3095 1590 3173 μελάντερα
1646 3097 1953 3155 ὁπταίνεται

297 3176 367 3230 τὰ
423 3174 607 3234 λευκά·
670 3178 997 3257 μελάντερον
1047 3181 1105 3238 δὲ
1159 3184 1250 3240 καὶ
1297 3186 1358 3240 τὸ
1407 3185 1665 3262 πράσινον
1719 3189 1951 3266 ὑπάρχει

297 3269 396 3356 τοῦ
440 3273 708 3356 φοινικοῦ.
743 3271 859 3340 Τὴν
905 3271 1097 3348 τρίτην
1151 3271 1209 3329 δὲ
1255 3281 1360 3344 τῆς
1399 3272 1950 3356 ἷ’ριδος,περιφέρειαν

2096 698 2209 745 lem
2240 689 2362 746 haec
2383 690 2722 761 junguntur
2751 693 2809 744 et
2837 688 3130 744 cohaerent
3149 692 3438 754 mutuo,et
3457 688 3528 743 ob
3562 687 3760 744 densi-

2092 782 2272 834 tatem
2304 778 2700 850 adjunctionis
2744 778 2817 833 ad
2844 777 3021 832 unius
3052 777 3315 832 continui
3336 777 3750 849 perfectionem

2092 867 2271 924 simul
2297 869 2731 935 conveniunt,et
2750 866 2886 922 hinc
2918 883 3044 938 qua:
3074 883 3142 922 ex
3163 867 3308 938 ipsis
3333 866 3750 932 absolvitur,ut

2090 959 2176 1014 ita
2202 957 2787 1029 dicam,magnitudo,
2803 955 3053 1013 visibilis
3073 960 3613 1028 appareat;necesse
3634 961 3743 1024 est,

2090 1051 2156 1102 ut
2184 1047 2360 1102 etiam
2392 1045 2741 1118 coloris,qui
2771 1063 2875 1118 per
2904 1045 3035 1118 ipsa
3063 1044 3743 1117 exbibetur,magnitudo

2089 1135 2704 1208 appareat.Quodlibet
2720 1135 2876 1190 enim
2892 1134 3238 1207 exiguorum
3254 1135 3465 1190 horum
3477 1133 3744 1207 speculo-

2088 1225 2757 1297 rum,quemadmodum
2788 1224 2862 1280 ad
2897 1223 3322 1296 magnitudinis
3353 1225 3741 1294 quantitatem

2088 1315 2442 1383 confert,toti
2474 1313 2751 1370 continuo
2780 1313 2840 1368 in
2870 1329 2986 1384 quo
3017 1312 3291 1368 universa
3318 1313 3384 1368 ﬁt
3414 1313 3698 1386 apparitio
3723 1328 3738 1368 :

2087 1405 2242 1461 240
2272 1403 2526 1460 similem
2573 1403 2633 1458 in
2687 1403 2930 1458 modum
2984 1401 3163 1458 etiam
3193 1402 3266 1457 ad
3297 1402 3478 1458 totius
3526 1401 3740 1459 coloris

2085 1494 2341 1566 speciem
2391 1491 2687 1559 conducit,
2720 1492 2823 1564 qui
2873 1495 3326 1563 repraesentatur
3367 1508 3470 1563 per
3514 1491 3736 1563 ipsum.

2083 1582 2324 1645 Quando
2347 1582 2526 1655 igitur
2546 1581 2731 1636 nubes
2754 1579 3144 1636 mutationem
3173 1580 3234 1634 in
3256 1596 3474 1652 aquam
3497 1580 3738 1636 subiens

2083 1687 2153 1728 ex
2181 1673 2423 1728 adverso
2469 1671 2652 1727 solem
2685 1670 2880 1737 habet,
2919 1669 3021 1724 sed
3071 1669 3364 1741 aspiciens
3392 1669 3554 1724 visus
3583 1668 3739 1725 inter

2082 1761 2264 1818 solem
2315 1767 2373 1817 et
2420 1761 2638 1816 nubem
2698 1759 2930 1815 medius
2974 1757 3306 1828 intervenit,
3337 1757 3468 1829 ipsa
3512 1757 3738 1814 scilicet

2081 1855 2238 1908 nube
2266 1867 2406 1907 cava
2432 1853 2490 1906 et
2537 1847 2852 1905 orbiculari
2882 1847 3223 1913 exsistente,
3253 1850 3382 1901 tum
3411 1845 3576 1902 visus
3615 1863 3736 1903 una

2080 1957 2213 1998 cum
2262 1939 2486 1996 lumine
2515 1956 2550 1995 a
2577 1938 2828 2011 guttulis
2859 1954 2985 2008 quae
3017 1937 3143 2008 jam
3175 1937 3236 1991 in
3268 1935 3423 1991 nube
3453 1935 3624 2004 ﬁunt,
3656 1937 3730 1992 ad

2082 2029 2266 2086 solem
2298 2029 2581 2086 refractus
2613 2031 2670 2082 et
2699 2043 2802 2098 per
2843 2026 2952 2082 has
2982 2024 3206 2082 scilicet
3235 2024 3395 2096 ipsas
3426 2024 3596 2096 quasi
3628 2040 3734 2096 per

2075 2119 2320 2192 specula
2341 2117 2593 2175 solarem
2625 2115 2880 2172 colorem
2910 2113 3225 2187 aspiciens,
3255 2113 3465 2170 iridem
3498 2117 3732 2170 contue-

2073 2213 2189 2264 tur.
2225 2212 2304 2264 Ac
2353 2206 2605 2280 primam
2655 2205 2895 2276 quidem
2925 2205 2968 2240 ιδ
3019 2208 3076 2259 et
3106 2203 3470 2276 superiorem
3515 2203 3730 2275 ipsius,

2075 2297 2299 2354 scilicet
2326 2293 3052 2364 iridis,circumferentiam
3086 2293 3375 2365 conspicit
3397 2292 3724 2364 puniceam.

2073 2387 2298 2459 Quippe
2328 2384 2705 2458 splendidum
2732 2387 2790 2440 et
2818 2382 3018 2438 album
3050 2399 3186 2438 cum
3217 2399 3321 2454 per
3359 2381 3592 2452 nigrum
3625 2385 3731 2436 aut

2070 2477 2130 2532 in
2181 2475 2346 2549 nigro
2378 2475 2626 2545 videtur,
2676 2472 2992 2546 puniceum
3043 2475 3305 2544 apparet.
3351 2473 3498 2528 Cum
3546 2471 3729 2544 igitur

2071 2567 2259 2622 nubes
2288 2566 2348 2621 in
2381 2581 2499 2636 qua
2527 2568 2618 2620 est
2648 2562 2950 2634 iris,nigra
2978 2560 3208 2633 sit(jam
3241 2561 3398 2616 enim
3429 2561 3488 2615 in
3511 2577 3725 2632 aquam

2071 2655 2492 2726 mutatur),per
2520 2650 2956 2708 minutissimas
2981 2649 3072 2706 sui
3091 2649 3413 2722 particulas
3430 2651 3600 2720 quasi
3623 2665 3726 2722 per

2070 2745 2240 2816 nigra
2269 2743 2551 2798 nimirum
2574 2740 2815 2814 specula
2844 2739 3094 2796 solarem
3126 2737 3723 2810 colorem,puniceum

2069 2837 2446 2905 repraisentat
2469 2850 2483 2900 ;
2509 2831 2606 2903 qui
2639 2830 2877 2902 quidem
2910 2827 3055 2885 alias
3087 2827 3434 2900 splendidus
3463 2833 3521 2884 et
3550 2828 3720 2884 albus

2067 2923 2283 2993 est,sed
2313 2921 2526 2977 coloris
2557 2919 2931 2992 speculorum
2959 2917 3317 2974 admissione
3339 2918 3722 2974 conturbatur

2065 3017 2122 3068 et
2150 3012 2530 3067 adulteratur.
2583 3010 2912 3065 Secundam
2945 3012 3142 3064 autem
3190 3007 3360 3062 iridis
3407 3007 3718 3062 circumfe-

2065 3101 2316 3157 rentiam
2349 3102 2620 3172 aspectus
2651 3097 2839 3154 cernit
2866 3096 3139 3164 viridem,
3170 3112 3287 3151 non
3320 3099 3558 3168 propter
3587 3111 3717 3167 spe-

2063 3190 2264 3247 culum
2297 3189 2593 3262 equidem,
2628 3187 2730 3244 sed
2775 3189 3014 3260 propter
3043 3183 3510 3242 imbecillitatem
3541 3188 3600 3240 et
3628 3201 3718 3241 res

2063 3279 2407 3336 missionem
2439 3294 2630 3334 suam.
2662 3276 2920 3332 Debilior
2947 3274 3106 3331 enim
3137 3278 3196 3330 et
3226 3273 3532 3330 remittens
3561 3275 3711 3331 241

294 3353 630 3432 ἁλουργὸνὴ
662 3353 787 3432 ὄψις
843 3359 962 3435 ὁρᾷ,
1012 3358 1083 3415 δι’
1141 3362 1355 3419 ἀτονίαν
1409 3349 1640 3420 πλείονα
1679 3349 1949 3439 μελάντε-

2071 3370 2226 3426 visus
2255 3385 2324 3424 ea
2368 3385 2494 3440 quae
2523 3366 2657 3423 alba
2684 3358 2846 3433 sunt,
2878 3364 3138 3438 nigriora
3183 3363 3579 3436 conspicatur.
3612 3367 3715 3418 At-

292 3464 386 3520 ρον
441 3442 520 3500 ἔτι
578 3446 856 3523 βλέπουσα
903 3450 966 3505 τὸ
1011 3449 1225 3508 λευκόν·
1262 3453 1378 3508 ἐπεὶ
1429 3453 1519 3509 καὶ
1567 3455 1631 3510 τὸ
1682 3455 1951 3533 ἁλουργὸν

288 3537 388 3590 τοῦ
419 3535 682 3612 πρασίνου
717 3535 1070 3616 μελάντερον.

2064 3458 2167 3531 qui
2197 3457 2375 3514 etiam
2405 3456 2592 3512 viride
2613 3455 2862 3528 puniceo
2892 3459 2985 3510 est
3013 3451 3525 3525 nigrius.Tertiam
3557 3453 3719 3509 deni-

2065 3564 2180 3620 que
2226 3547 2394 3602 iridis
2463 3542 2994 3601 circumferentiam
3051 3542 3216 3597 visus
3271 3541 3715 3614 purpurisseam

291 3625 595 3698 conspicit,
635 3627 708 3684 ob
757 3629 1122 3688 debilitatem
1167 3637 1226 3689 et
1254 3634 1666 3692 remissionem
1721 3638 2007 3709 majorem
2039 3637 2233 3693 adhuc
2280 3635 2508 3708 nigrius
2561 3634 2764 3689 videns
2815 3633 2971 3705 quod
3021 3630 3223 3687 album
3275 3633 3382 3702 est,
3431 3630 3713 3702 quoniam

292 3713 472 3771 etiam
501 3717 950 3790 purpurisseum
981 3737 1160 3794 quam
1190 3722 1376 3780 viride
1405 3729 1496 3781 est
1521 3724 1770 3798 nigrius.

365 3798 430 3890 δ’.
463 3803 602 3858 Ἀπὸ
683 3806 776 3879 μὲν
852 3805 943 3890 οὖν
1001 3815 1102 3878 τῆς
1159 3811 1386 3886 πρώτης
1442 3813 1788 3890 περιφερείας
1844 3821 1948 3885 τῆς

295 3885 470 3976 ἴριδος
504 3891 746 3970 ἰσχυρῶς
777 3897 812 3965 ἡ
840 3889 986 3970 ὄψις,
1021 3894 1112 3952 διὰ
1137 3885 1238 3968 τῆς
1290 3885 1650 3963 ἀνακλάσεως.
1677 3907 1756 3973 τῷ
1797 3900 1948 3976 ἡλίῳ

291 3974 738 4066 προσϐάλλουσα,
793 3990 1070 4062 φοινικοῦν
1134 3987 1238 4062 ὁρᾷ
1299 3987 1390 4043 τὸν
1448 3988 1646 4044 τούτου
1712 3974 1946 4066 χρωμαλ-

288 4066 484 4139 τισμὸν
532 4065 624 4124 διὰ
669 4070 732 4125 τὸ
781 4069 1065 4148 ἔνοπτρον.
1095 4075 1165 4130 ’Ή
1212 4095 1274 4130 τε
1317 4077 1420 4150 γὰρ
1469 4077 1662 4152 πρώτη
1723 4079 1946 4157 περιφέ-

291 4173 437 4244 ρειιιΔ
470 4157 696 4233 μεγίστη
757 4160 848 4214 καὶ
909 4161 1015 4216 ἀπὸ
1059 4169 1162 4232 τῆς
1197 4164 1460 4239 μεγίστης
1517 4167 1860 4244 περιφερείας
1908 4170 1944 4236 ἡ

288 4241 583 4309 ἀνάκλασις
630 4246 862 4319 πλείστη
907 4249 998 4304 καὶ
1031 4248 1121 4305 διὰ
1173 4257 1336 4308 τοῦτο
1397 4241 1748 4331 ἐντονωτέ-ρα,
1782 4253 1843 4309 τό
1889 4277 1948 4310 τε

287 4339 566 4410 φοινικοῦν
633 4341 840 4413 χρῶμα
904 4341 1252 4416 προσεγγίζει
1322 4339 1560 4415 μάλιστα
1629 4349 1710 4416 τῷ
1770 4343 1948 4418 λευκῷ

285 4423 376 4477 καὶ
424 4421 587 4492 ἧττόν
633 4425 743 4481 ἐστι
798 4427 991 4501 μέλαν.
1048 4431 1182 4488 Ἀπὸ
1231 4429 1289 4486 δὲ
1333 4439 1437 4502 τῆς
1485 4430 1734 4511 δευτέρας
1791 4455 1944 4510 περι-

285 4511 500 4588 φερείας
558 4513 844 4579 ἐλάττονος
899 4515 1068 4590 οὔσης
1125 4519 1386 4584 ἐλάττους
1435 4523 1671 4597 γίνονται
1716 4523 1946 4580 ἀνακλά-

284 4619 418 4689 σεις.
472 4602 572 4658 Καὶ
656 4603 748 4660 διὰ
822 4611 992 4662 ταῦτα
1075 4611 1163 4665 καί
1221 4613 1256 4680 ἡ
1318 4609 1502 4687 ὅρασις
1569 4612 1941 4689 ἀσθενέστερον

2130 3817 2181 3870 li.
2213 3817 2260 3870 A
2290 3815 2481 3887 prima
2528 3813 2711 3886 igitur
2738 3812 2906 3867 iridis
2937 3809 3410 3866 circumferentia
3450 3826 3586 3866 cum
3617 3811 3709 3866 vi-

2057 3922 2161 3960 sus
2193 3921 2295 3976 per
2324 3902 2735 3958 refractionem
2788 3901 2847 3955 in
2881 3900 3066 3955 solem
3095 3898 3324 3955 fortiter
3354 3897 3581 3966 incidit,
3613 3915 3708 3955 co-

2054 3992 2403 4048 lorationem
2435 3991 2564 4062 ejus
2594 3993 2830 4062 propter
2858 3987 3164 4060 speculum
3186 3986 3343 4042 videt
3372 3987 3703 4058 puniceam.

2056 4081 2203 4136 Nam
2251 4084 2308 4136 et
2353 4079 2546 4152 prima
2601 4076 3075 4134 circumferentia
3123 4079 3214 4131 est
3262 4075 3541 4143 maxima,
3569 4081 3628 4132 et
3677 4093 3712 4133 ι

2057 4171 2315 4226 maxima
2342 4167 2818 4224 circumferentia
2847 4164 3115 4221 refractio
3145 4168 3236 4219 est
3263 4163 3520 4236 plurima
3549 4169 3608 4221 et
3637 4166 3710 4222 ob

2055 4259 2112 4314 id
2161 4257 2446 4326 validior;
2480 4262 2537 4314 et
2582 4257 2741 4312 color
2792 4255 3078 4327 puniceus
3117 4254 3190 4308 ad
3239 4253 3440 4309 album
3491 4254 3713 4310 accedit

2055 4347 2337 4421 proxime,
2370 4346 2732 4416 minimeque
2780 4343 2948 4416 niger
2989 4345 3097 4398 est.
3129 4343 3178 4396 A
3204 4342 3466 4397 secunda
3513 4347 3710 4399 autem

2055 4435 2530 4493 circumferentia
2559 4451 2688 4506 qum
2737 4432 2932 4487 minor
2958 4434 3068 4498 est,
3101 4429 3358 4486 minores
3405 4430 3710 4488 refractio-

2055 4543 2160 4582 nes
2191 4527 2342 4580 ﬁunt
2371 4550 2384 4578 :
2414 4539 2596 4596 eaque
2627 4523 2699 4578 de
2745 4537 2924 4576 causa
2952 4519 3130 4575 etiam
3158 4518 3322 4574 visus
3353 4518 3706 4576 imbecillius

2055 4618 2417 4688 operatur,et
2447 4611 2588 4669 solis
2617 4610 2868 4668 colorem
2891 4609 2994 4681 qui
3027 4607 3371 4680 splendidus
3390 4613 3481 4664 est
3499 4613 3557 4664 et
3577 4625 3708 4665 can-

282 4685 524 4778 ἀνεργεῖ,
551 4691 642 4746 xvi
670 4693 734 4748 τὸ
790 4699 888 4749 τοῦ
936 4696 1104 4766 ἡλίου
1162 4679 1368 4775 χρῶμά
1421 4701 1484 4755 τὸ
1542 4699 1796 4778 λαμπρὰν
1851 4679 1940 4757 καὶ

2071 4679 2251 4768 lidus,
2283 4721 2418 4758 cum
2465 4701 2701 4757 deberet
2750 4700 3067 4771 puniceum
3095 4713 3198 4769 per
3227 4695 3463 4768 nigrum
3496 4713 3704 4768 specu-

283 4773 504 4869 λευκὸν,
565 4778 685 4836 δέον
748 4780 839 4839 διὰ
892 4789 990 4840 τοῦ
1049 4773 1286 4860 μέλανος
1340 4773 1629 4865 ἐνόπτρου.
1659 4773 1938 4869 φοινικοῦν

283 4862 440 4954 ἰδεῖν,
476 4867 806 4950 μελάντερον
856 4872 1051 4949 ὁρᾷδιὰ
1096 4879 1197 4947 τήν
1253 4877 1460 4934 οῗκείαν
1507 4862 1814 4954 ἀσθένειαν,
1849 4881 1967 4937 καὶ.

279 4953 538 5031 πράσινον
626 4964 787 5016 τοῦτο
879 4963 1221 5041 φαντάζεται·
1273 4969 1378 5022 ἀπὸ
1437 4965 1496 5023 δὲ
1569 4972 1668 5038 τῆς
1749 4953 1938 5045 τρίτης

278 5046 623 5124 περιφερείας
701 5049 1001 5129 ἐλαχίστης
1085 5052 1274 5127 οῦσης,
1324 5057 1414 5112 καὶ
1489 5058 1544 5112 αἱ
1621 5058 1938 5122 ἀνακλάσεις

278 5130 566 5208 ἐλάχισται
621 5137 882 5214 γίνονται·
943 5143 1034 5198 καὶ
1091 5141 1168 5200 ἔτι
1224 5145 1598 5222 ἀσθενέστερον
1653 5147 1942 5223 ἐνεργοῦσα

274 5223 312 5291 ἡ
373 5221 586 5299 ὅρασις,
638 5225 716 5283 ἔτι
775 5231 866 5284 καὶ
927 5230 1257 5310 μελάντερον
1311 5236 1376 5290 τὸ
1426 5233 1656 5304 ἡλιακὸν
1734 5221 1942 5313 χρῶμα

275 5313 617 5404 φαντάζεται.
674 5318 746 5374 Τὸ
793 5319 896 5397 γὰρ
959 5321 1127 5394 μέλαν
1183 5325 1298 5379 οἷον
1359 5324 1627 5404 ἀπόφασις
1685 5326 1775 5380 καὶ
1827 5326 1940 5382 στέ-

276 5400 438 5477 ρησίς
472 5403 583 5460 ἐστι
613 5411 712 5462 τοῦ
743 5408 898 5484 ὁρᾷν.

343 5496 402 5546 ε’.
433 5493 588 5548 Ὅθεν
632 5496 723 5550 καὶ
774 5497 911 5574 ἅπερ
964 5497 1064 5553 οὐκ
1113 5498 1291 5576 ἰσχύει
1347 5497 1568 5577 βλέπειν
1606 5505 1642 5572 ἡ
1676 5497 1802 5577 ὄψις
1850 5503 1940 5559 διὰ

271 5578 334 5634 τὸ
390 5579 705 5656 ἀπόστημα,
764 5590 933 5642 ταῦτα
988 5587 1306 5664 φαντάζεται
1373 5589 1600 5664 μέλανα.
1681 5592 1778 5646 Διά
1853 5614 1935 5647 τοι

345 5779 388 5815 ¹⁶
417 5780 452 5835 3
482 5779 724 5842 Meteor.
759 5799 809 5842 c.
844 5786 903 5845 4.

2050 4792 2176 4848 lum
2207 4791 2789 4862 cernere,nigriorem
2811 4802 2991 4844 causa
3015 4785 3263 4857 propriae
3286 4783 3705 4841 imbecillitatis

2051 4886 2297 4955 spectat,
2325 4885 2383 4936 et
2429 4881 2587 4934 hunc
2616 4878 2862 4934 viridem
2911 4875 3290 4948 imaginatur.
3322 4875 3369 4929 A
3398 4873 3574 4930 tertia
3614 4875 3710 4930 de-

2050 4971 2232 5043 nique
2279 4966 2775 5032 circumferentia,
2809 4982 2936 5036 qua:
2987 4968 3079 5020 est
3129 4962 3397 5028 minima,
3446 4961 3706 5018 minima

2051 5061 2228 5117 etiam
2259 5059 2636 5116 refractiones
2667 5057 2838 5122 ﬁunt,
2870 5055 3130 5124 dumque
3159 5052 3323 5107 visus
3347 5051 3539 5108 adhuc
3585 5051 3708 5124 agit

2051 5147 2430 5214 imbecillius,
2462 5147 2654 5202 adhuc
2701 5144 2878 5199 etiam
2911 5141 3226 5214 nigriorem
3257 5140 3510 5197 solarem
3543 5140 3704 5197 colo-

2051 5256 2174 5294 rem
2206 5252 2442 5292 cernere
2472 5235 2585 5290 sibi
2615 5232 2870 5288 videtur.
2901 5231 3148 5303 Nigrum
3171 5231 3326 5287 242
3349 5229 3506 5286 enim
3533 5230 3705 5302 quasi

2050 5327 2281 5401 negatio
2313 5331 2370 5381 et
2400 5323 2647 5397 privatio
2679 5320 2957 5378 cernendi
2986 5325 3093 5377 est.

2118 5507 2172 5560 5.
2207 5505 2370 5560 Unde
2400 5502 2578 5558 etiam
2609 5501 2772 5554 visus
2801 5516 2869 5555 ea
2899 5516 3026 5571 qua:
3058 5501 3295 5570 propter
3333 5497 3583 5553 nimiam
3614 5497 3703 5552 di-

2049 5595 2332 5651 stantiam
2383 5593 2580 5647 videre
2611 5606 2724 5645 non
2747 5587 2920 5655 valet,
2953 5588 3122 5659 nigra
3168 5587 3546 5659 imaginatur.
3579 5589 3706 5653 Qua
