4114 6440
379 431 533 492 12Ο3

1627 436 2050 500 NICEPHORI
2099 433 2536 495 BLEMMIDzE

3633 437 3829 502 1204

371 581 513 619 sane
545 564 615 620 de
661 581 841 621 causa
867 567 1045 624 etiam
1096 584 1223 640 qua
1271 568 1504 625 eminus
1553 577 1898 636 cernuntur,
1931 573 2020 625 ni-

2157 570 2292 620 τοῦτο
2342 566 2430 620 καὶ
2482 565 2550 620 τὰ
2595 564 2875 642 πόρῥωθεν
2922 565 3178 642 ὁρώμενα
3242 568 3547 647 μελάντερα
3607 571 3821 651 φαίνε-

374 653 571 723 griora
618 659 922 726 apparent,
955 660 1011 710 et
1041 673 1168 727 quae
1211 657 1268 712 iu
1302 659 1556 730 speculis
1604 665 2023 732 repraesentan-

375 747 494 808 tur,
524 743 783 814 nigriora
831 761 1008 816 quam
1039 751 1197 813 sunt,
1230 755 1550 820 apparent;
1583 755 1640 804 et
1684 750 1867 805 nubes
1897 767 2024 821 quae

379 830 439 885 in
472 832 644 902 aquis
676 833 966 904 videntur,
999 834 1282 907 nigriores
1312 843 1612 910 apparent,
1643 856 1818 911 quam
1861 839 1909 894 si
1941 839 2026 894 di-

379 923 533 974 recto
566 918 1172 995 inspiciantur.Atque
1204 925 1414 981 horum
1437 927 1701 983 omnium
1734 945 1911 984 causa
1939 935 2030 985 est

379 1007 542 1064 visus
589 1010 869 1065 extensio.
903 1013 1131 1076 Quanto
1181 1015 1335 1070 cnim
1389 1015 1623 1089 longius
1674 1019 2026 1087 extenditur,

382 1101 544 1152 tanto
593 1097 767 1153 etiam
827 1100 893 1154 ﬁt
944 1102 1264 1170 remissior,
1317 1109 1374 1159 et
1423 1111 1642 1176 quanto
1707 1107 2029 1174 remissior,

382 1189 548 1241 tanto
579 1187 754 1242 etiam
805 1188 1063 1262 nigriora
1093 1191 1454 1265 imaginatur
1481 1211 1548 1250 ea
1579 1212 1705 1267 quae
1737 1197 2030 1264 videntur,

387 1275 460 1330 ab
491 1276 720 1332 actione
751 1281 1174 1349 propemodum
1208 1283 1447 1339 omnino
1478 1301 1736 1341 cessans.
1768 1290 1846 1342 Ac
1876 1287 2032 1342 idem

387 1370 497 1433 est,
529 1371 585 1421 et
613 1367 670 1420 id
722 1370 875 1438 quod
906 1370 1158 1438 videtur,
1200 1371 1370 1444 longe
1400 1391 1433 1429 a
1459 1375 1587 1430 visu
1636 1382 1924 1433 remotum
1952 1379 2032 1433 vi-

387 1454 562 1522 dere;
595 1460 652 1510 et
683 1461 745 1511 ut
774 1457 933 1513 visus
966 1460 1089 1530 ipse
1121 1478 1222 1532 per
1253 1479 1534 1534 magnum
1559 1465 1929 1521 intervallum
1961 1467 2037 1521 vi-

387 1543 543 1610 deat,
599 1547 805 1602 tacere.
841 1547 949 1601 Par
994 1554 1082 1604 est
1130 1550 1285 1605 enim
1335 1551 1496 1607 visus
1543 1556 1822 1610 extensio.
1874 1556 2037 1613 Unde

389 1631 564 1688 etiam
596 1633 756 1690 visus
787 1652 920 1691 cum
955 1654 1057 1708 per
1084 1637 1320 1711 longius
1348 1641 1540 1696 videat
1570 1643 1940 1700 intervallum
1971 1663 2039 1702 ea

394 1739 523 1793 quae
555 1740 656 1794 per
703 1725 1109 1782 refractionem
1139 1728 1431 1796 videntur,
1466 1748 1642 1802 quam
1692 1733 1742 1788 si
1775 1734 1834 1788 in
1887 1741 2042 1791 recta

391 1811 545 1867 linea
576 1813 795 1869 videret
842 1816 1064 1886 eadem,
1094 1818 1298 1874 merito
1329 1820 1504 1875 etiam
1545 1821 1801 1895 nigriora
1832 1824 2040 1897 imagi-

398 1907 576 1957 natur
607 1902 928 1976 [concipit].

472 1993 525 2044 6.
561 1991 642 2047 De
669 1992 859 2048 tribus
892 1993 1093 2065 itaque
1121 1995 1414 2053 coloribus
1446 1998 1633 2070 iridis,
1665 2001 1736 2056 de
1781 2003 2046 2073 puniceo,

404 2081 596 2148 viridi,
632 2082 1220 2155 purpurisseo,priori
1253 2086 1661 2145 dissertatione
1691 2091 1913 2146 dictum
1936 2098 2046 2148 est.

401 2170 564 2236 Quod
609 2175 805 2225 autem
840 2171 881 2206 ¹⁷
915 2171 1066 2226 inter
1112 2176 1426 2244 puniceum
1467 2183 1524 2231 et
1570 2178 1816 2235 viridem
1871 2181 2048 2247 [colo-

400 2259 546 2330 rem]
580 2260 764 2314 ﬂavus
796 2259 1007 2331 aliquis
1038 2262 1487 2328 subelucet,non
1518 2266 1568 2322 is
1600 2275 1834 2340 propter
1864 2271 2045 2326 refra-

397 2347 650 2403 ctionem
698 2365 978 2420 apparere
1023 2351 1288 2419 videtur;
1324 2355 1476 2409 243
1511 2357 1610 2410 sed
1661 2374 1728 2412 ex
1771 2375 1838 2413 eo
1892 2361 2045 2430 quod

396 2436 680 2508 puniceus
728 2443 786 2492 et
815 2437 1019 2494 viridis
1059 2441 1229 2511 juxta
1275 2459 1336 2497 se
1387 2444 1632 2499 invicem
1685 2453 2048 2519 spectantur,

395 2526 580 2580 ﬂavus
613 2528 983 2596 progenerari
1016 2533 1075 2582 et
1115 2545 1411 2600 emergere
1442 2533 1691 2589 videtur.
1732 2536 2042 2592 Puniceum

395 2615 553 2669 enim
599 2614 843 2670 remisse
869 2615 1068 2671 album
1098 2622 1222 2683 est;
1261 2637 1395 2675 cum
1430 2627 1625 2677 autem
1667 2627 1838 2694 juxta
1869 2626 2049 2682 viride

393 2702 643 2768 videtur,
677 2703 890 2771 albius,
924 2704 1032 2760 hoc
1061 2712 1150 2762 est
1182 2707 1396 2764 ﬂavum
1429 2715 1860 2782 apparet.Quod
1893 2715 2049 2770 enim

397 2792 643 2848 remisse
689 2793 888 2848 album
919 2799 1028 2861 est,
1061 2796 1109 2850 si
1142 2797 1321 2856 situm
1355 2799 1431 2854 sit
1469 2800 1642 2870 juxta
1670 2801 1729 2856 id
1763 2806 1913 2875 quod
1955 2805 2048 2859 ni-

397 2881 561 2954 grius
593 2887 699 2947 est,
735 2883 924 2955 magis
955 2882 1154 2940 album
1187 2903 1364 2957 quam
1397 2890 1761 2954 est,videtur.
1789 2895 2050 2966 Quapro-

399 2974 528 3042 pter
573 2971 748 3026 etiam
800 2989 933 3027 cum
985 2974 1170 3029 nubes
1216 2976 1590 3033 vehementer
1633 2980 1799 3050 nigra
1855 2982 2047 3048 fuerit,

397 3059 646 3131 punicea
676 3059 943 3116 universa
975 3062 1464 3134 circumferentia,
1500 3068 1647 3124 ﬂava
1677 3077 1937 3142 apparet.

468 3148 525 3202 7.
558 3149 722 3212 Quod
773 3154 967 3205 autem
1000 3153 1199 3207 minus
1231 3154 1660 3225 nigra,albiora
1705 3167 2046 3230 appareant,

401 3236 449 3291 si
472 3237 646 3307 juxta
674 3237 733 3293 id
765 3238 1089 3307 videantur,
1123 3243 1276 3312 quod
1310 3245 1497 3315 magis
1530 3246 1763 3317 nigrum
1804 3254 1912 3319 est,
1944 3251 2046 3306 de-

2132 677 2240 709 ται·
2296 656 2386 709 καὶ
2430 657 2497 709 τὰ
2550 661 2665 717 τοῖς
2722 654 3001 732 ένόπτροις
3059 656 3433 735 ἐμφαινόμενα
3494 660 3824 738 μελάντερα

2135 746 2169 813 ἢ
2216 741 2326 799 ἔστι
2394 745 2654 820 φαίνεται·
2709 745 2800 799 καὶ
2850 745 2918 799 τὰ
2964 744 3097 823 νέφη
3175 752 3252 820 τῷ
3317 746 3470 804 ὕδατι
3531 749 3820 828 ἐμφαινό-

2142 854 2269 906 μενα
2337 832 2639 910 μελάντερα
2705 832 2942 912 φαίνεται
2989 837 3024 904 ἢ
3101 837 3216 890 κατ’
3287 838 3585 916 εὐθυωρίαν
3657 841 3820 915 ὁρώ-

2143 942 2292 994 μενα.
2355 922 2453 976 Καὶ
2534 924 2746 978 πάντων
2829 922 3036 977 τούτων
3107 921 3279 979 αἴτιον
3352 929 3387 996 ἡ
3445 934 3548 999 τῆς
3623 925 3822 1002 ὅψεως

2138 1011 2418 1073 ἀπότασις.
2470 1014 2630 1066 Ὅσον
2699 1013 2803 1088 γὰρ
2870 1011 3202 1068 ἀποτείνεται
3271 1015 3485 1093 πόρῥω,
3535 1023 3818 1074 τοσοῦτον

2139 1100 2229 1154 καὶ
2294 1099 2600 1176 ἀτονωτέρα
2657 1099 2881 1176 γίνεται·
2950 1101 3041 1156 καὶ
3107 1100 3233 1158 ὅσον
3304 1105 3639 1183 ἀτονωτέρα,
3711 1129 3820 1164 το-

2141 1193 2334 1244 σοῦτον
2380 1189 2468 1244 καὶ
2519 1188 2822 1266 μελάντερα
2870 1195 3188 1268 φαντάζεται
3234 1195 3304 1248 τά
3342 1195 3619 1269 ὁρώμενα,
3652 1196 3815 1268 πλη-

2142 1279 2399 1348 σιάζουσα
2462 1283 2542 1350 τῷ
2609 1281 2686 1351 μὴ
2753 1277 3009 1356 ἐνεργεῖν.
3077 1281 3248 1336 Ταυτό
3309 1279 3367 1338 δέ
3436 1281 3548 1338 ἐστι
3606 1286 3670 1340 τό
3744 1308 3813 1341 τε

2145 1367 2420 1442 ὁρώμενον
2463 1365 2609 1422 πολὺ
2668 1375 2769 1438 τῆς
2809 1364 2986 1444 ὄψεως
3049 1370 3458 1442 ἀποστήσαντας
3533 1376 3654 1450 ὁρᾷν
3704 1376 3805 1430 καὶ

2141 1457 2241 1524 τὴν
2273 1451 2394 1530 ὄψιν
2429 1456 2595 1525 αὐτὴν
2629 1458 2838 1533 ὁρῶσαν
2887 1465 3113 1528 ποιῆσαι
3164 1457 3254 1516 διὰ
3301 1459 3519 1517 πολλοῦ
3569 1461 3794 1533 Sua-nf-

2150 1566 2336 1619 ματος.
2405 1545 2600 1619 Ὁμοία
2663 1547 2764 1622 γὰρ
2824 1553 2926 1616 τῆς
2993 1544 3171 1622 ὅψεως
3220 1551 3254 1619 ἡ
3305 1549 3586 1613 ἀπότασις.
3641 1553 3800 1607 Ὅθεν

2147 1635 2237 1689 καὶ
2265 1635 2330 1688 τὰ
2361 1631 2431 1688 δι’
2457 1633 2801 1698 ἀνακλάσεως
2834 1636 3088 1710 ὁρώμενα
3121 1635 3210 1692 διὰ
3260 1637 3519 1702 πλείονος
3574 1637 3807 1711 διαστή-

2153 1744 2320 1796 ματος
2349 1726 2384 1793 ἡ
2412 1718 2537 1797 ὄψις
2568 1725 2771 1800 ὁρῶσα,
2795 1726 2830 1794 ἢ
2865 1723 3013 1800 εἷ’περ
3055 1726 3138 1781 ἐπ’
3171 1727 3374 1790 εὐθείας
3424 1729 3570 1805 ἑώρα
3612 1735 3808 1801 ταῦτα,

2152 1811 2375 1874 εἰκότως
2404 1812 2719 1889 φαντάζεται
2752 1813 2841 1868 καὶ
2877 1811 3195 1891 μελάντερα.

2231 1992 2293 2054 ς’.
2329 1990 2459 2067 Περὶ
2495 1992 2588 2064 μὲν
2623 1992 2715 2046 οῦν
2745 1996 2854 2046 τῶν
2899 1998 3062 2068 τριῶν
3096 1997 3410 2070 χρωμάσων
3461 2003 3563 2066 τῆς
3612 1995 3820 2073 ἴριδος,

2156 2084 2253 2134 τοῦ
2304 2085 2572 2156 φοινικοῦ,
2622 2085 2719 2135 τοῦ
2772 2081 3056 2157 πρασίνου,
3103 2088 3199 2138 τοῦ
3263 2083 3557 2160 ἁλουργοῦ,
3610 2087 3821 2164 φθάσας

2159 2171 2186 2223 ὁ
2237 2167 2402 2243 λόγος
2457 2165 2726 2226 διέλαϐεν·
2780 2170 2862 2225 ὅτι
2912 2168 2970 2225 δέ
3029 2171 3224 2245 μεταξὺ
3271 2178 3369 2228 τοῦ
3428 2181 3677 2252 φοινικοῦ
3724 2178 3823 2232 καὶ

2156 2263 2254 2312 τοῦ
2307 2259 2565 2334 πρασίνου
2623 2259 2808 2330 ξανθὸν
2861 2260 3209 2338 ὑποφαίνεταί
3272 2284 3324 2318 τι
3394 2262 3446 2318 ἐν
3514 2268 3585 2338 τῇ
3653 2263 3820 2342 ἴριδι,

2156 2352 2318 2402 τοῦτο
2361 2345 2511 2403 δοκεῖ
2561 2350 2634 2421 μή
2687 2350 2963 2427 φαίνεσθαι
3011 2347 3100 2404 διὰ
3153 2352 3252 2420 τήν
3321 2350 3637 2408 ἀνάκλασιν·
3685 2353 3823 2411 ἀλλ’

2161 2435 2220 2491 ἐκ
2265 2444 2365 2506 τῆς
2409 2441 2506 2491 τοῦ
2552 2443 2799 2515 φοινικοῦ
2847 2439 2936 2493 καὶ
2983 2443 3082 2494 τοῦ
3130 2439 3393 2517 πρασίνου
3441 2441 3823 2518 παραλλήλου

2160 2525 2452 2601 φαντασίας
2539 2526 2930 2600 ἀπογεννᾶσθαι
3011 2530 3110 2597 τὴν
3167 2534 3263 2584 τοῦ
3329 2530 3541 2600 ξανθοῦ.
3612 2533 3824 2588 Λευκὸν

2165 2614 2258 2687 μὲν
2318 2615 2422 2688 γὰρ
2473 2613 2653 2689 ἠρέμα
2698 2617 2760 2670 τὸ
2809 2621 3108 2694 φοινικοῦν*
3157 2619 3437 2694 ὁρώμενον
3489 2617 3548 2674 δὲ
3579 2623 3731 2698 παρὰ
3760 2624 3825 2677 τὸ

2159 2702 2440 2780 πράσινον,
2521 2702 2841 2778 λευκότερον
2927 2706 3192 2783 φαίνεται,
3278 2709 3526 2763 τουτέστι
3609 2709 3821 2781 ξανθόν.

2158 2792 2228 2846 Τὸ
2259 2793 2362 2867 γὰρ
2412 2793 2595 2868 ἡρέμα
2645 2792 2835 2848 λευκὸν
2882 2795 3028 2871 παρὰ
3069 2797 3131 2850 τὸ
3183 2794 3511 2873 μελάντερον
3563 2798 3823 2871 κείμενον

2159 2879 2325 2936 πλέον
2378 2881 2567 2936 λευκὸν
2617 2883 2652 2950 ἢ
2705 2878 2816 2938 ἔστι
2876 2881 3043 2942 δοκεῖ.
3089 2885 3183 2939 Διὸ
3231 2885 3321 2940 καὶ
3370 2885 3496 2941 ὅταν
3525 2887 3562 2962 ᾗ
3609 2886 3828 2966 σφόδρα

2164 2978 2332 3052 μέλαν
2365 2980 2428 3035 τὸ
2458 2979 2640 3059 νέφος,
2672 2983 2706 3050 ἡ
2740 2989 2957 3059 φοινικῆ
2991 2981 3249 3056 σύμπασα
3294 2985 3610 3063 περιφέρεια
3652 2989 3824 3058 ξανθή

2161 3066 2424 3145 φαίνεται,

2233 3159 2292 3226 ζ’.
2324 3159 2422 3212 Τὸ·
2453 3155 2510 3212 δέ
2579 3157 2870 3235 λευκότερα
2942 3159 3218 3237 φαίνεσθαι
3266 3164 3332 3216 τὰ
3379 3167 3541 3232 ἦττον
3602 3161 3830 3236 μέλανα

2160 3248 2307 3322 παρά
2351 3247 2414 3302 τὸ
2467 3244 2677 3321 μᾶλλον
2735 3247 2901 3320 μέλαν
2950 3250 3223 3325 ὁρώμενα,
3255 3253 3344 3306 καὶ
3394 3255 3428 3322 ἡ
3471 3252 3530 3308 ἐκ
3574 3259 3676 3322 τῆς
3730 3277 3826 3310 σε-

398 3325 581 3380 clarat
610 3327 783 3381 etiam
821 3327 923 3382 iris
955 3345 1081 3399 quae
1112 3345 1180 3384 ex
1210 3330 1349 3385 luna
1380 3316 1861 3408 [oboritur].Alba
1889 3316 2039 3396 enim

2164 3316 2342 3405 λήνης
2371 3316 2478 3412 ἷ¹ρις
2509 3333 2693 3407 δηλοῖ·
2731 3316 2896 3406 λευκή
2929 3316 3030 3415 γάρ
3065 3316 3216 3393 έστιί
3251 3337 3390 3395 διότι
3418 3316 3535 3396 ’κάν
3584 3316 3667 3414 reip
3721 3365 3826 3415 με-

396 3419 504 3482 est,
537 3430 672 3469 cum
710 3416 849 3487 quia
879 3418 938 3470 in
971 3419 1125 3474 nube
1176 3420 1514 3492 nigerrima,
1549 3430 1673 3479 tum
1707 3428 1844 3497 quia
1876 3434 2049 3485 noctu

394 3501 461 3555 fit
491 3504 798 3573 apparitio.
835 3510 979 3560 Dum
1017 3525 1152 3580 ergo
1186 3511 1419 3581 nigrum
1454 3514 1609 3568 circa
1639 3515 1786 3572 hanc
1819 3521 2048 3589 appari-

396 3589 614 3645 tionem
645 3593 1063 3664 duplicatur,et
1087 3599 1403 3668 puniceum
1437 3601 1608 3657 istius
1629 3604 1793 3660 iridis
1825 3606 2046 3676 album,

395 3682 453 3734 et
501 3681 690 3734 caeteri
742 3681 966 3738 colores
1019 3691 1176 3741 certa
1223 3689 1478 3759 quadam
1529 3693 1753 3749 ratione
1801 3695 2051 3753 albiores

395 3767 687 3837 videntur,
723 3788 789 3826 ac
843 3772 972 3828 ideo
1003 3775 1178 3830 etiam
1211 3793 1416 3834 omnes
1449 3780 1520 3834 ad
1566 3780 1764 3838 album
1799 3786 2049 3842 confun-

397 3857 641 3912 duntur.

466 3948 519 4000 8.
572 3952 761 4020 Atque
812 3949 917 4006 iris
967 3970 1001 4006 a
1049 3953 1190 4009 luna
1237 3957 1558 4013 rariuscule
1606 3961 1690 4029 ﬁt,
1743 3967 2048 4035 propterea

395 4036 551 4104 quod
585 4040 819 4108 quando
852 4040 936 4103 ﬁt,
963 4042 1015 4095 in
1052 4042 1174 4098 solo
1206 4044 1526 4115 plenilunio
1559 4048 1680 4103 ﬁeri
1713 4052 2039 4121 consuevit;

391 4131 450 4178 et
479 4129 604 4180 tum
637 4129 810 4182 etiam
846 4130 932 4185 vel
967 4130 1189 4187 oriente
1218 4134 1305 4188 vel
1339 4136 1636 4192 occidente
1667 4138 1826 4194 luna.

458 4303 513 4356 9.
546 4304 591 4356 A
623 4304 744 4360 sole
792 4312 986 4362 autem
1034 4309 1181 4364 bina:
1232 4312 1408 4367 etiam
1442 4330 1591 4385 saepe
1637 4316 1814 4373 irides
1859 4338 2040 4391 appa-

388 4395 519 4445 rent
551 4392 592 4425 ¹⁸
620 4436 632 4460 ,
667 4411 784 4449 una
815 4396 1050 4467 quidem
1085 4400 1343 4466 interior,
1381 4401 1565 4458 altera
1597 4422 1727 4460 vero
1769 4410 2038 4479 exterior,

386 4482 444 4532 et
471 4479 711 4536 alteram
745 4485 1267 4556 comprehendens,
1297 4492 1656 4564 majorisque
1685 4495 1885 4551 circuli
1919 4515 2043 4571 seg-

387 4575 654 4624 mentum
705 4572 1032 4642 exsistens;
1084 4593 1212 4647 quae
1263 4583 1418 4635 certe
1466 4581 1621 4637 244
1670 4584 2040 4644 obscuriores

2163 3422 2412 3496 λαντάτῳ
2461 3423 2604 3502 νέφει
2652 3428 2686 3495 ἡ
2739 3424 2988 3504 ἔμφασις,
3040 3425 3180 3482 διότι
3235 3429 3331 3483 κάν
3383 3430 3553 3486 νυκτί.
3609 3429 3824 3487 Διπλα-

2161 3515 2484 3586 σιαζομένου
2567 3515 2746 3569 τοίνυν
2795 3520 2892 3570 τοῦ
2950 3515 3074 3592 περὶ
3129 3518 3228 3585 τὴν
3290 3515 3520 3596 ἔμφασιν
3580 3519 3826 3592 μέλανος

2158 3602 2221 3656 τό
2263 3624 2321 3657 τε
2369 3607 2647 3681 φοινικοῦν
2695 3610 2794 3673 τῆς
2840 3601 3014 3680 ἴριδος
3061 3605 3266 3676 ταύτης
3313 3605 3506 3662 λευκὸν
3551 3608 3824 3686 φαίνεται,

2157 3692 2247 3745 καὶ
2303 3689 2484 3747 τᾶλλα
2558 3693 2832 3767 χρώματα
2899 3694 3036 3769 πρὸς
3113 3692 3278 3770 λόγον
3369 3695 3682 3773 λευκότερα·
3735 3695 3830 3754 διὸ

2157 3780 2245 3834 καὶ
2280 3781 2599 3857 συγχέονται
2630 3782 2802 3836 πάντα
2828 3781 2965 3858 πρὸς
2991 3783 3054 3838 τὸ
3087 3781 3300 3840 λευκόν.

2229 3960 2300 4028 η’.
2330 3964 2391 4014 Ἠ
2425 3959 2518 4027 μὲν
2553 3957 2644 4013 οῦν
2678 3959 2784 4014 ἀπὸ
2813 3965 2914 4029 τῆς
2955 3958 3198 4031 σελήνης
3247 3958 3354 4035 ἷ¹ρις
3399 3962 3537 4017 κατὰ
3575 3964 3640 4019 τὸ
3684 3965 3828 4020 σπά-

2153 4069 2267 4101 νιον
2299 4048 2520 4124 γίνεται·
2559 4046 2696 4103 διότι
2732 4048 2821 4104 ὅτε
2868 4051 2959 4104 καὶ
3008 4049 3233 4125 γίνεται.
3284 4049 3336 4105 ἐν
3386 4051 3524 4126 μόνῃ
3567 4073 3626 4108 τε
3682 4075 3824 4110 παν-

2155 4135 2373 4209 σελήνῳ
2425 4136 2629 4216 πέφυκε
2672 4138 2934 4213 γίνεσθαι,
2983 4139 3073 4193 καὶ
3136 4139 3259 4195 τότε
3311 4142 3345 4208 ἢ
3407 4139 3824 4212 ἀνατελλούσης

2153 4227 2186 4294 ἢ
2224 4224 2461 4296 δυούσης
2490 4229 2587 4294 τῆς
2620 4226 2880 4298 σελήνης.

2223 4317 2284 4372 θ’.
2321 4316 2456 4370 Ἀπὸ
2507 4313 2564 4370 δὲ
2606 4320 2702 4370 τοῦ
2748 4314 2914 4385 ⁴ἡλίου
2963 4318 3052 4372 καὶ
3103 4314 3198 4372 δύο
3266 4316 3539 4380 πολλάκις
3591 4319 3821 4396 φαίνον-

2149 4425 2236 4458 ται
2288 4402 2480 4479 ἴριδες,
2532 4407 2567 4474 ἡ
2619 4405 2712 4476 μέν
2763 4399 3046 4481 ἐνδοτέρω,
3096 4408 3130 4475 ἡ
3182 4403 3230 4461 δ’
3272 4405 3538 4484 ἐξωτέρω,
3578 4408 3670 4463 καὶ
3718 4431 3817 4464 πε-

2153 4493 2416 4568 ριέχουσα
2461 4494 2562 4562 τήν
2628 4494 2810 4568 ἑτέραν
2865 4495 2954 4549 καὶ
3015 4502 3216 4568 τμῆμα
3287 4495 3538 4568 μείζονος
3603 4496 3817 4554 κύκλου

2148 4584 2512 4658 τυγχάνουσα⁸
2573 4583 2610 4651 ἢ
2676 4581 2743 4653 δὴ
2800 4583 2891 4638 καὶ
2969 4583 3316 4661 ἀμαυρότερα
3395 4585 3464 4640 τὰ
3539 4587 3818 4661 χρώματα

387 4656 610 4712 colores
658 4669 1032 4733 repraesentat
1063 4666 1180 4720 situ
1231 4668 1403 4722 etiam
1438 4669 1640 4741 prima
1685 4689 1753 4728 ex
1801 4676 2039 4732 adversa

2157 4656 2382 4726 δείκνυσι
2442 4671 2530 4726 καὶ
2584 4673 2719 4726 κατὰ
2775 4673 2874 4740 τήν
2920 4671 3062 4727 θέσιν
3121 4672 3172 4744 ἐξ
3233 4673 3468 4736 ἐναντίας
3522 4679 3591 4749 τῇ
3621 4677 3816 4752 πρώτῃ

387 4752 446 4802 et
475 4747 704 4805 inverso
733 4757 896 4821 parte
919 4754 1309 4823 positos.Cum
1338 4759 1494 4812 enim
1518 4759 1758 4816 interior
1775 4769 1831 4818 et
1853 4766 2042 4827 prima

386 4836 490 4892 iris
524 4839 773 4908 primam
801 4844 858 4895 et
889 4843 1251 4914 superiorem
1275 4846 1807 4906 circumferentiam
1830 4852 2041 4910 habeat

383 4927 692 4998 puniceam
720 4946 733 4996 ;
758 4932 1353 4997 secundamyiridem
1381 4954 1392 5002 ;
1418 4939 1650 4994 tertiam
1686 4942 1989 4998 caaruleam
2023 4963 2036 5000 :

382 5017 630 5071 exterior
683 5023 740 5072 et
778 5021 1038 5075 secunda
1088 5021 1189 5078 iris
1240 5027 1577 5081 exteriorem
1631 5031 1871 5100 quidem
1921 5034 2037 5088 cir-

378 5106 824 5161 cuniferentiam
876 5108 1050 5163 habet
1097 5113 1445 5181 caaruleam;
1503 5119 1843 5185 secundam,
1900 5121 2034 5175 viri-

376 5192 508 5247 dem
535 5194 832 5261 ;intimam
868 5199 1177 5268 puniceam
1205 5219 1216 5266 ;
1241 5203 1383 5257 adeo
1416 5209 1482 5258 ut
1512 5207 1822 5278 utriusque
1853 5209 2032 5266 etiam

375 5280 542 5336 iridis
575 5285 807 5354 punicei
855 5286 1079 5342 colores
1113 5291 1374 5360 proxime
1406 5294 1475 5348 ad
1509 5311 1571 5349 se
1607 5295 1856 5352 invicem
1892 5315 2028 5354 con-

375 5369 716 5427 stituantur.

449 5460 533 5513 10.
574 5459 780 5515 Dicunt
826 5464 1006 5536 igitur
1037 5465 1217 5536 aliqui
1268 5471 1586 5526 secundam
1621 5471 1773 5528 hanc
1821 5475 2029 5531 iridem

375 5546 519 5616 fieri,
552 5548 694 5602 dum
725 5549 885 5607 visus
916 5554 989 5607 ab
1021 5555 1299 5611 exteriore
1349 5559 1505 5614 nube
1536 5561 1607 5616 ad
1641 5562 1893 5633 primam
1926 5565 2026 5618 iri-

447 5748 488 5783 ¹⁷
517 5747 552 5802 3
583 5745 820 5803 Meteor.
855 5766 905 5805 c.
938 5752 992 5806 4.
1076 5752 1114 5787 ¹⁸
1144 5753 1178 5806 3
1208 5753 1446 5812 Meteor.
1479 5774 1530 5812 c.
1562 5759 1616 5813 4.

2150 4761 2239 4814 καὶ
2291 4759 2553 4815 ἀνάπαλιν
2601 4761 2842 4833 κείμενα.
2890 4766 3000 4831 Τῆς
3047 4764 3148 4838 γὰρ
3211 4759 3477 4838 ἐνδοτέρω
3519 4764 3608 4818 καὶ
3654 4767 3811 4840 πρώ-

2148 4871 2251 4920 της
2287 4845 2459 4922 ἷίριδος
2487 4849 2587 4916 τὴν
2639 4849 2863 4925 πρώτην
2919 4849 3156 4925 ἐχούσης
3191 4851 3281 4906 καὶ
3341 4851 3597 4928 ἀνωτέρω
3654 4873 3810 4928 περι-

2150 4939 2363 5015 φέρειαν
2427 4945 2700 5012 φοινικῆν,
2759 4939 2858 5005 τήν
2936 4936 3183 5013 δευτέραν
3242 4941 3528 5015 πρασίνην,
3590 4943 3690 5010 τήν
3751 4940 3808 4998 δὲ

2146 5027 2335 5107 τρίτην
2383 5026 2678 5103 ἀλουργόψ
2727 5030 2760 5096 ἡ
2805 5027 3057 5098 ἐξωτάτω
3106 5029 3194 5084 καὶ
3260 5027 3482 5107 δευτέρα
3545 5027 3655 5106 ἲ¹ρις
3705 5033 3806 5100 τήν

2152 5117 2245 5190 μὲν
2303 5116 2546 5190 ἐξωτέρω
2593 5118 2936 5194 περιφέρειαν
2989 5113 3108 5193 ἔχει
3159 5116 3452 5195 ἁλουργὸν,
3483 5119 3581 5188 τήν
3629 5117 3812 5175 δευτέέ

2147 5226 2240 5282 ραν
2281 5206 2570 5281 πρασίνην,
2619 5205 2718 5273 τήν
2771 5203 3040 5260 ἐνδοτάτω
3093 5203 3150 5261 δὲ
3191 5210 3461 5286 φοινικῆν·
3512 5209 3589 5271 ὡς
3664 5207 3810 5280 πλη-

2144 5294 2260 5350 σίον
2293 5293 2559 5366 ἀλλήλων
2590 5296 2798 5349 νεῖσθαι
2840 5295 2929 5350 καὶ
2981 5295 3304 5374 ἀμφοτέρων
3348 5302 3454 5352 τῶν
3509 5294 3697 5373 ἷρίδων
3742 5299 3812 5354 τὰ

2143 5391 2380 5440 φοινικᾶ.

2156 5447 2164 5462 ⁸
2215 5481 2260 5531 ι’.
2310 5474 2458 5535 Τινὲς
2511 5473 2604 5546 μέν
2666 5470 2756 5527 οὗν
2804 5494 2930 5552 φασι
2979 5475 3079 5543 τήν
3132 5473 3242 5546 ἶριν
3296 5474 3498 5544 ταύτην
3555 5472 3806 5550 γίνεσθαι

2136 5564 2237 5632 τὴν
2272 5560 2542 5639 δευτέραν,
2574 5559 2972 5635 ἀνακλωμένης
3002 5565 3100 5632 τῆς
3132 5560 3309 5637 ὅψεως
3351 5563 3410 5618 ἐκ
3453 5566 3551 5617 τοῦ
3602 5561 3800 5634 ἐξωτέο

3654 6421 3698 6428 μη
3773 6421 3802 6428 -κ
3844 6419 3894 6430 »Α-ι-
3926 6423 3974 6432 >-.ι
