4114 6432
327 408 483 469 1205

1666 406 2012 470 EPITOME
2060 409 2420 470 PHYSICA.

3589 416 3610 473 1
3627 415 3746 476 206

325 561 423 595 σου
477 539 671 618 νέφους
729 539 864 616 πρὸς
917 539 1017 608 τήν
1076 538 1300 615 πρώτην
1364 536 1491 616 ἴριν,
1543 539 1654 612 (ού)
1701 540 1837 615 πρὸς
1885 539 1978 594 τὸν

2113 543 2250 610 lem,
2284 561 2398 600 non
2430 545 2501 600 ad
2533 544 2738 613 solem,
2787 545 3145 619 refringitur,
3197 549 3255 602 et
3285 552 3592 620 propterea
3631 547 3745 604 uti-

326 629 516 699 ¹ἥλιον·
574 626 663 684 διά
716 650 803 684 τοι
854 633 1016 684 τοῦτο
1063 628 1154 683 καὶ
1213 628 1557 705 ἀμαυρότερα
1608 630 1674 684 τὰ
1713 629 1986 705 χρώματα

328 718 530 798 φέρειν,
563 719 655 774 ἅτε
683 719 789 772 ἀπὸ
821 715 1071 792 δευτέρας
1092 716 1352 794 γινόμενα
1379 717 1748 780 ἀνακλάσεως.

403 824 550 882 ια’-ιδ
585 869 599 883 .
659 823 1047 902 Ἀριστοτέλης
1107 823 1165 880 δὲ
1221 846 1352 903 φησι
1407 825 1498 880 καὶ
1553 827 1652 895 τὴν
1736 823 1985 901 δευτέραν

329 912 438 992 ’ἰ’ριν
467 915 527 970 ἐκ
551 922 653 985 τῆς
695 915 832 992 πρὸς
883 917 974 970 τὸν
1026 913 1186 984 ἥλιον
1233 913 1580 977 ἀνακλάσεως
1631 914 1891 990 γίνεσθαι·
1922 914 1989 968 τὰ

330 1005 611 1081 χρώμπτα
669 1003 726 1060 δὲ
772 1003 974 1074 ταύτης
1023 1003 1369 1081 ἀμαυρότερα
1418 1003 1695 1082 φαίνεσθαι
1749 1002 1838 1058 διὰ
1887 1005 1986 1072 τήν

332 1093 544 1149 ἀτονίαν
587 1101 688 1164 τῆς
738 1093 940 1168 ύψεως,
980 1095 1086 1163 Τὴν
1134 1095 1239 1170 γὰρ
1305 1093 1411 1148 ἀπὸ
1457 1099 1554 1148 τοῦ
1601 1093 1862 1167 έξωτέρου
1909 1091 1991 1147 νέ-

332 1204 465 1260 φους
496 1181 786 1238 ἀνάκλασιν
819 1184 955 1258 πρὸς
1001 1183 1092 1237 τὸν
1142 1181 1304 1252 ἥλιον
1359 1182 1642 1259 πόρρωθεν
1694 1183 1987 1259 γινομένην

266 1343 268 1345 φ
327 1269 686 1347 (πορρωτέρω
736 1273 841 1348 γὰρ
889 1273 953 1327 τὸ
1004 1272 1164 1350 νέφος
1211 1276 1382 1327 τοῦτο
1424 1279 1525 1342 τῆς
1573 1267 1750 1346 ὄψεως
1809 1275 1990 1346 ἡμῶν)

329 1359 674 1437 ἀμαυρότερα
744 1366 921 1416 ποιεῖν
998 1360 1064 1416 τὰ
1113 1362 1390 1438 χρώματα
1465 1359 1552 1415 διὰ
1609 1361 1708 1430 τὴν
1785 1360 1988 1435 μακράν

329 1449 586 1504 ἀπότασιν
621 1490 634 1503 .
698 1447 950 1526 Καθάπερ
1024 1451 1126 1526 γὰρ
1201 1450 1269 1505 τὰ
1327 1449 1408 1504 ἐπ’
1469 1449 1678 1514 εὐθείας
1739 1449 1993 1525 ὁρώμενα

328 1537 608 1614 πόρρωθεν
670 1538 732 1593 ού
805 1543 1018 1615 τρανῶς
1071 1542 1106 1609 ἡ
1169 1535 1293 1612 ὄψις
1376 1539 1477 1613 ὁρᾷ
1539 1536 1609 1593 δι’
1667 1537 1936 1592 ἀσθένειαν
1976 1581 1988 1593 .

330 1625 474 1681 οὕτω
524 1624 590 1696 δὴ
640 1628 730 1682 καὶ
774 1628 844 1682 τὰ
895 1625 985 1682 διὰ
1037 1632 1248 1704 μακρᾶς
1303 1627 1648 1690 ἀνακλάσεως
1689 1621 1989 1702 ἀμυδρότε-

331 1735 424 1790 ρον
478 1715 680 1787 ταύτην
742 1715 1083 1772 όπτάνεσθαι’
1137 1717 1228 1771 καὶ
1283 1721 1474 1772 τοῦτον
1541 1717 1633 1790 μὲν
1687 1716 1778 1771 τὸν
1829 1715 1992 1792 λόγον

333 1804 675 1882 ἁμουρότερα
740 1812 840 1874 τῆς
915 1803 1163 1882 δευτέρας
1221 1802 1398 1881 ἷίριδος
1457 1806 1730 1880 χρώματα
1787 1805 1989 1882 φαίνε-

2095 649 2208 703 que
2237 633 2636 707 languidiores
2667 635 2888 691 colores
2920 639 3243 707 gestare,ut
3271 636 3373 708 qui
3403 653 3437 692 a
3466 638 3750 694 secunda-

2095 722 2180 777 ria
2212 724 2556 780 refractione
2587 726 2750 779 ﬁant.

2171 830 2355 886 11-14.
2388 830 2729 887 Aristoteles
2761 836 2952 887 autem
2986 831 3202 904 inquit,
3218 833 3394 889 etiam
3426 835 3745 891 secundam

2095 918 2304 975 iridem
2338 937 2406 976 ex
2438 921 2784 976 refractione
2814 922 2884 976 ad
2915 921 3100 978 solem
3131 923 3347 979 oboriri
3376 940 3388 978 :
3432 924 3612 995 hujus
3643 942 3749 980 au-

2097 1012 2215 1063 tem
2237 1009 2457 1065 colores
2478 1014 2716 1081 propter
2734 1011 2898 1066 visus
2919 1011 3380 1068 imbecillitatem
3424 1011 3751 1086 languidio-

2099 1114 2192 1153 res
2226 1115 2520 1171 apparere.
2556 1100 2978 1156 Refractionem
3009 1101 3166 1156 enim
3208 1118 3334 1174 quas
3366 1101 3437 1158 ab
3467 1104 3750 1159 exteriore

2101 1189 2256 1244 nube
2305 1189 2376 1244 ad
2438 1189 2621 1246 solem
2654 1190 2718 1244 ﬁt
2760 1190 2995 1246 eminus
3041 1191 3284 1264 (quippe
3330 1192 3518 1247 nubes
3565 1192 3686 1248 haec
3718 1209 3752 1249 a

2098 1277 2228 1334 visu
2275 1282 2474 1334 nostro
2522 1278 2756 1351 longius
2805 1279 3026 1349 distat),
3074 1281 3146 1336 ob
3179 1279 3412 1353 longam
3463 1281 3750 1338 extensio-

2102 1382 2236 1422 nem
2291 1367 2498 1434 facere,
2550 1372 2615 1422 ut
2662 1367 2885 1424 colores
2953 1367 3349 1442 languidiores
3407 1375 3748 1442 appareant.

2101 1457 2608 1522 Quemadmodum
2652 1457 2808 1512 enim
2856 1459 3018 1514 visus
3066 1475 3134 1514 ea
3167 1476 3282 1530 qua
3325 1459 3385 1514 in
3415 1464 3573 1516 recta
3599 1460 3754 1517 linea

2101 1545 2332 1600 eminus
2363 1546 2654 1614 videntur,
2687 1550 2924 1619 propter
2954 1546 3417 1604 imbecillitatem
3449 1565 3566 1604 non
3597 1549 3756 1605 videt

2102 1634 2254 1690 clare
2287 1652 2300 1690 :
2333 1635 2417 1692 sic
2447 1637 2597 1693 245
2650 1641 2803 1692 certe
2849 1636 3046 1704 etiam,
3103 1654 3230 1709 quas
3282 1655 3385 1709 per
3431 1637 3667 1711 longam
3697 1642 3756 1694 et

2101 1727 2391 1781 remotam
2448 1724 2851 1780 refractionem
2889 1725 3180 1794 videntur,
3215 1725 3525 1781 obscurius
3555 1725 3752 1797 ipsum

2102 1817 2416 1886 spectare;
2467 1818 2524 1868 et
2569 1813 2678 1868 hac
2721 1814 2959 1885 quidem
3009 1813 3235 1870 ratione
3285 1815 3554 1870 secundas
3588 1814 3755 1871 iridis

332 1905 474 1958 σθαι·
520 1895 620 1963 τήν
665 1892 724 1950 δὲ
771 1895 916 1966 τάξιν
969 1893 1354 1972 ένηλλαγμένα
1399 1901 1499 1964 τῆς
1531 1894 1730 1958 θέσεως
1763 1892 1854 1949 διὰ
1880 1896 1980 1963 τὴν

2113 1901 2320 1959 solores
2351 1919 2631 1975 apparere
2651 1902 3048 1974 languidiores
3074 1920 3087 1971 ;
3122 1906 3348 1959 mutato
3379 1907 3575 1960 autem
3604 1905 3755 1961 situs

330 1985 595 2060 προτέραν
646 1984 844 2042 αἰτίαν.
902 1986 991 2047 Ὦς
1047 1984 1153 2061 γὰρ
1215 1983 1303 2040 ἐπὶ
1362 1991 1466 2054 τῆς
1516 1985 1743 2061 πρώτης
1792 1980 1985 2060 ἴριδος,

336 2075 425 2150 ἀφ’
453 2077 521 2142 ἧς
551 2074 895 2150 περιφερείας
939 2077 976 2143 ἡ
1027 2069 1153 2147 ὄψις
1206 2073 1450 2150 ἰσχυρῶς
1497 2077 1576 2145 τῷ
1621 2072 1772 2146 ἡλίῳ
1823 2093 1992 2148 προσ-

335 2157 557 2236 έϐαλλε,
587 2163 789 2234 ταύτης
816 2164 880 2219 τὸ
910 2167 1116 2240 χρῶμα
1165 2168 1442 2242 φοινικοῦν
1492 2161 1701 2240 έωρᾶτο
1737 2183 1749 2196 ·
1785 2162 1874 2240 ἀφ’
1926 2165 1995 2232 ἧς

336 2249 382 2306 δ’
423 2252 838 2330 ἀσθενεστέρως,
892 2252 1179 2328 πράσινον⁸
1231 2254 1322 2330 ἀφ’
1369 2255 1436 2321 ἧς
1498 2249 1545 2306 δ’
1602 2251 1678 2306 ἔτι
1738 2254 1993 2324 ἀσθενῶς,

336 2340 627 2418 ἁλουργόν·
683 2342 828 2397 οὕτω
887 2341 952 2412 δὴ
984 2341 1117 2398 κάπὶ
1176 2349 1280 2412 τῆς
1329 2338 1580 2417 δευτέρας
1633 2339 1804 2418 ἷίριδος
1855 2339 1991 2418 ἔχει.

335 2429 546 2487 Πλείων
585 2433 681 2505 μὶν
711 2433 812 2508 γὰρ
859 2431 962 2487 ἀπὸ
1013 2439 1116 2502 τῆς
1167 2430 1316 2494 έντὸς
1363 2430 1706 2510 περιφερείας
1757 2431 1994 2487 ἀνάκλα-

335 2541 416 2582 σις
470 2521 560 2575 καὶ
621 2521 951 2598 ἰσχυροτέρα
1005 2521 1254 2596 γίνεται·
1315 2525 1395 2593 τῷ
1452 2520 1583 2576 εἶναι
1637 2518 1838 2591 ταύτην
1895 2522 1995 2589 τήν

336 2608 677 2688 περιφέρειαν
739 2609 1016 2686 ἐγγυτέρω
1064 2616 1167 2679 τῆς
1219 2605 1418 2684 ὅψεωςο
1477 2609 1595 2664 ὅσαι
1655 2607 1702 2663 δ’
1751 2608 2000 2665 ἀνακλά-

337 2719 446 2762 σεις
505 2698 611 2754 ἀπὸ
664 2703 772 2754 τῶν
835 2699 1108 2776 ἐγγυτέρω
1155 2703 1223 2773 τῇ
1273 2694 1393 2773 ὄψει
1449 2703 1650 2775 μερῶν,
1713 2698 1998 2776 ἰσχυρότε-

341 2806 448 2864 ραι’
484 2784 661 2843 διὰτὸ
695 2789 772 2860 μὴ
823 2787 962 2843 πάνυ
1014 2789 1115 2858 τήν
1166 2783 1290 2862 ὄψιν
1337 2786 1762 2861 ἀποτεινομένην
1793 2787 1999 2858 ἐξασθε-

337 2882 466 2949 νεῖν,
497 2876 589 2932 καὶ
621 2876 765 2932 οὕτω
812 2879 1083 2934 ποιεῖσθαι
1124 2878 1215 2932 καὶ
1243 2877 1346 2945 τήν
1379 2874 1675 2946 ἀνάκλησιν
1715 2875 1910 2952 ὀλίγην
1941 2897 2000 2931 τε

339 2965 431 3020 καὶ
463 2967 775 3043 ἀνὶσχυρον·
811 2965 926 3021 ἐπεὶ
957 2967 1048 3021 καὶ
1080 2966 1186 3021 άπὸ
1215 2970 1322 3021 τῶν
1361 2965 1621 3038 μειζόνων
1645 2970 2002 3044 περιφερειῶν

339 3053 464 3109 τότε
490 3055 728 3130 γίνονται
777 3053 1002 3117 πλείους
1047 3053 1390 3126 ἀνακλάσεις,
1434 3053 1525 3110 ὅτε
1575 3051 1664 3108 διὰ
1690 3055 1754 3108 τὸ
1797 3056 1872 3128 μή
1902 3054 2001 3117 τὰς

341 3142 684 3220 περιφερείας
767 3143 974 3221 μακρὰν
1035 3143 1319 3222 ἀφεστάναι
1373 3147 1472 3198 τοῦ
1529 3137 1780 3217 ὄμματος
1821 3190 1836 3208 ,
1896 3149 2000 3198 πᾶ-

344 3251 430 3284 σαι
461 3232 518 3285 αἱ
549 3230 700 3305 δψεις
757 3232 1057 3305 σωζόμεναι
1104 3232 1194 3286 καὶ
1247 3233 1324 3306 μή
1376 3229 1759 3305 σκιδνάμεναι,
1810 3229 1998 3287 δύναν-

340 3339 428 3374 ται
487 3319 578 3374 ἀπ’
634 3319 810 3376 αὐτῶν
867 3319 1236 3377 ἀνακλᾶσθαι.
1299 3323 1362 3378 Ἡ
1410 3322 1503 3395 μὶν
1566 3319 1657 3376 οὖν
1734 3319 1998 3396 ἐνδοτέρω

339 3415 440 3478 τῆς
505 3407 756 3486 δευτέρας
813 3407 989 3486 ἴριδος
1041 3409 1357 3489 περιφέρεια
1413 3408 1503 3466 διὰ
1542 3415 1705 3466 τοῦτο
1746 3418 1997 3489 φοινικῆν

341 3494 576 3554 δείκνυσι
621 3499 838 3575 χροιάν.
870 3501 934 3554 Ἣ
981 3497 1039 3555 δὲ
1079 3497 1302 3575 δευτέρα
1349 3498 1664 3578 περιφέρεια
1710 3501 1998 3578 πρασίνην,

341 3584 530 3656 ἐπειδὴ
556 3594 656 3658 τῆς
685 3583 865 3663 ὅψεως
894 3587 1063 3644 πλέον
1105 3589 1440 3668 ἀφίστανται,
1469 3589 1560 3645 καὶ
1591 3591 1647 3645 αἱ
1679 3589 2000 3652 ἀνακλάσεις

342 3675 434 3730 ἀπ’
462 3675 631 3746 αύτής
674 3675 1073 3755 ἀδρανέστεραι.
1121 3682 1240 3734 Ἔτι
1271 3675 1329 3734 δὲ
1378 3678 1591 3752 μᾶλλον
1626 3678 1874 3752 ἐξωτάτω
1903 3701 1998 3734 πε-

343 3765 608 3844 ριφέρεια,
655 3767 1004 3844 πορῥώτερον
1051 3768 1384 3847 ἀφεστηκυῖα
1428 3774 1528 3838 τῆς
1561 3768 1764 3842 ύψεως,
1796 3767 2002 3842 ἀλουρ-

344 3854 441 3929 γὸν
501 3855 768 3934 ἐπιφαίνει
826 3857 888 3912 τὸ
944 3861 1153 3934 χρῶμα
1207 3855 1298 3912 διὰ
1350 3856 1415 3912 τὸ
1473 3862 1580 3912 τῶν
1655 3855 2000 3914 ἀνακλάσεων

347 3943 750 4003 ἀσθενέστατον.

421 4129 495 4182 ιε’.
529 4122 699 4202 Ἀλγα
744 4125 797 4180 τί
848 4122 1053 4195 δήποτε
1102 4125 1166 4180 τὸ
1218 4123 1413 4198 μεταξὺ
1459 4127 1567 4178 τῶν
1601 4121 1698 4179 δύο
1743 4129 2000 4202 φοινικῶν

344 4218 698 4291 περιφερειῶν
751 4213 852 4269 ούκ
900 4212 1012 4268 ἔστι
1060 4215 1151 4268 καὶ
1193 4213 1324 4268 αὐτὸ
1372 4217 1700 4292 φοινικοῦν;
1744 4213 1860 4267 ἐπεὶ
1908 4211 2000 4268 δυ-

343 4303 500 4358 νατὸν
559 4303 841 4359 κάντεῦθεν
893 4301 1112 4371 πολλὴν
1177 4302 1266 4357 καὶ
1321 4303 1547 4379 ἰσχυρὰν
1607 4302 1845 4378 γίνεσθαι
1899 4304 2000 4372 τήν

343 4389 636 4448 ἀνάκλασιν
689 4392 829 4468 πρὸς
884 4393 976 4447 τὸν
1026 4391 1212 4465 ἥλιον,
1274 4388 1364 4446 διὰ
1418 4392 1482 4446 τὸ
1543 4393 1620 4465 μὴ
1670 4390 1860 4468 πόρῥω
1903 4397 2002 4461 τῆς

344 4475 525 4554 ὅψεως
583 4480 714 4537 εἶναι
766 4486 927 4537 τοῦτο
984 4482 1048 4536 τὸ
1082 4481 1270 4557 μέρος,
1321 4482 1358 4550 ἢ
1405 4481 1622 4543 πάντως
1677 4478 1825 4556 εἷ’περ
1857 4476 2013 4542 ὅλως

346 4567 551 4642 ἐγίνετο
605 4567 899 4632 ἀνάκλασις
964 4569 1018 4641 ἐξ
1073 4570 1238 4626 αὐτοῦ
1263 4615 1278 4642 ,
1337 4575 1614 4648 φοινικοῦν
1670 4569 1729 4624 ἃν
1787 4572 1852 4637 ἤν
1911 4569 2001 4623 καὶ

2104 1992 2308 2048 ordine
2339 1993 2411 2047 ob
2442 1991 2694 2063 priorem
2725 2008 2985 2048 causam.
3038 1991 3543 2056 Quemadmodum
3593 1992 3751 2048 enim

2105 2081 2164 2135 in
2196 2081 2388 2154 prima
2417 2080 2584 2147 iride,
2619 2099 2652 2136 a
2680 2098 2798 2153 qua
2853 2081 3328 2137 circumferentia
3370 2081 3534 2138 visus
3572 2081 3632 2136 in
3665 2099 3758 2138 so-

2104 2169 2219 2225 lem
2250 2169 2632 2225 incumbebat
2660 2170 2870 2234 valide,
2921 2171 3101 2243 hujus
3133 2170 3292 2226 color
3322 2170 3607 2243 puniceus
3635 2187 3761 2226 cer-

2108 2259 2392 2326 nebatur;
2425 2276 2460 2314 a
2490 2275 2607 2330 qua
2648 2259 3000 2330 imbecillus,
3051 2259 3294 2327 viridis;
3331 2276 3364 2315 a
3408 2276 3523 2332 qua
3570 2260 3762 2316 adhuc

2105 2347 2482 2416 imbecillius,
2521 2348 2943 2421 purpurisseus
2977 2366 2990 2403 :
3025 2349 3110 2404 sic
3141 2348 3317 2404 etiam
3344 2365 3478 2404 cum
3506 2350 3766 2405 secunda

2107 2437 2253 2492 iride
2282 2441 2690 2508 comparatum
2723 2441 2833 2492 est.
2868 2437 3055 2508 Major
3084 2436 3241 2491 enim
3281 2436 3645 2509 validiorque
3674 2455 3768 2494 re-

2109 2525 2314 2581 fractio
2346 2527 2420 2581 ab
2458 2525 2734 2581 interiore
2781 2525 3254 2581 circumferentia
3301 2525 3592 2594 efficitur;
3627 2543 3767 2598 pro-

2109 2620 2309 2687 pterea
2338 2615 2494 2686 quod
2527 2620 2650 2670 haec
2688 2614 3156 2670 circumferentia
3204 2614 3358 2669 visui
3415 2613 3491 2669 sit
3520 2614 3767 2686 propin-

2109 2704 2302 2776 quior.
2334 2706 2470 2772 Quae
2501 2708 2695 2760 autem
2725 2703 3104 2759 refractiones
3135 2708 3277 2758 sunt
3322 2719 3357 2758 a
3384 2703 3650 2775 partibus
3679 2703 3765 2758 vi-

2111 2793 2203 2850 sui
2261 2792 2802 2865 propinquioribus,
2870 2791 3182 2848 validiores
3239 2796 3398 2860 sunt,
3460 2795 3769 2864 propterea

2111 2883 2266 2954 quod
2299 2899 2414 2938 non
2445 2883 2588 2938 adeo
2619 2886 2887 2939 extentus
2945 2881 3108 2937 visus
3157 2880 3408 2952 deficiat,
3469 2885 3645 2952 atque
3685 2881 3769 2937 ita

2112 2971 2519 3026 refractionem
2551 2970 2726 3026 etiam
2757 2970 3028 3042 exiguam
3061 2973 3120 3025 et
3147 2969 3462 3026 invalidam
3498 2970 3718 3026 efﬁciat
3751 2989 3766 3038 ;

2115 3059 2392 3132 quoniam
2427 3059 2604 3114 etiam
2630 3077 2664 3114 a
2693 3059 3019 3130 majoribus
3048 3057 3768 3130 circumferentiis,plures

2111 3154 2252 3204 tunc
2307 3149 2691 3204 refractiones
2747 3149 2918 3217 ﬁunt,
2971 3149 3206 3218 quando
3250 3151 3557 3220 propterea
3609 3147 3766 3219 quod

2113 3237 2594 3293 circumferentia;
2624 3254 2740 3292 non
2770 3236 2943 3309 longe
2982 3235 3206 3291 distant
3234 3237 3308 3291 ab
3341 3234 3528 3307 oculo,
3562 3252 3767 3292 omnes

2112 3332 2384 3400 aspectus
2441 3327 2584 3380 dum
2639 3329 3059 3382 conservantur
3089 3331 3148 3380 et
3177 3341 3294 3381 non
3327 3325 3766 3396 disperguntur,

2109 3419 2182 3472 ab
2241 3417 2387 3489 ipsis
2443 3415 2684 3486 refringi
2740 3419 3008 3488 possunt.
3036 3414 3280 3471 Interior
3328 3429 3466 3486 ergo
3497 3414 3768 3470 secundae

2111 3505 2277 3560 iridis
2305 3505 2794 3575 circumferentia,
2823 3503 3142 3574 puniceum
3173 3502 3428 3559 colorem
3461 3507 3772 3575 eapropter

2112 3596 2508 3664 repraesentat.
2545 3593 2815 3648 Secunda
2868 3593 3022 3648 246
3068 3595 3264 3647 autem
3298 3590 3771 3647 circumferentia

2109 3682 2393 3749 viridem;
2427 3681 2901 3754 quandoquidem
2935 3699 2969 3737 a
3005 3681 3138 3736 visu
3167 3680 3549 3736 distantiores
3578 3684 3638 3735 et
3668 3681 3768 3735 de-

2111 3771 2348 3827 biliores
2381 3775 2521 3826 sunt
2549 3771 2928 3826 refractiones
2986 3769 3168 3825 illius.
3217 3769 3325 3824 Sed
3357 3769 3549 3824 adhuc
3582 3767 3769 3841 magis

2111 3864 2371 3917 extrema
2427 3858 2922 3924 circumferentia,
2948 3875 3075 3930 qua
3107 3857 3342 3930 longius
3373 3874 3408 3912 a
3432 3856 3562 3912 visu
3591 3855 3772 3913 distat

2112 3949 2186 4006 ob
2217 3964 2514 4004 summam
2561 3947 2976 4003 refractionum
3008 3945 3397 4014 debilitatem,
3429 3943 3765 4014 caeruleum,

2111 4053 2216 4094 seu
2249 4036 2697 4110 purpurisseum
2728 4035 2981 4092 colorem
3011 4035 3264 4090 exhibet.

2185 4127 2270 4181 15.
2305 4126 2589 4181 Caterum
2648 4142 2766 4196 qua
2794 4125 2866 4180 de
2895 4141 3092 4191 causa,
3153 4123 3212 4179 id
3244 4124 3401 4196 quod
3443 4123 3595 4180 inter
3619 4124 3768 4179 duas

2112 4214 2391 4287 puniceas
2408 4213 2913 4270 circumferentias
2931 4212 3190 4268 medium
3213 4212 3544 4279 intervenit,
3568 4211 3768 4285 ipsum

2112 4305 2292 4359 etiam
2325 4303 2640 4375 puniceum
2675 4319 2790 4356 non
2823 4310 2912 4357 est
2933 4302 2961 4356 ?
2992 4302 3270 4373 quoniam
3324 4306 3384 4357 et
3412 4301 3551 4357 hinc
3582 4301 3770 4356 multa

2111 4391 2420 4463 validaque
2449 4392 2521 4446 ad
2556 4389 2739 4446 solem
2770 4389 3037 4446 refractio
3083 4389 3206 4445 fieri
3237 4393 3427 4461 potest
3457 4393 3769 4462 propterea

2113 4481 2264 4552 quod
2301 4497 2416 4536 non
2446 4480 2617 4553 longe
2649 4497 2683 4535 a
2711 4481 2840 4535 visu
2870 4479 3026 4536 absit
3055 4496 3192 4551 pars
3234 4477 3570 4534 illa?Anne
3606 4478 3767 4535 vide-

2111 4569 2246 4626 licet
2277 4570 2570 4641 siquidem
2601 4569 2841 4624 omnino
2864 4585 2933 4624 ex
2958 4585 3025 4625 eo
3057 4569 3222 4624 fleret
3249 4567 3769 4640 refractio,ipsum-

347 4657 478 4712 αὐτό
510 4677 526 4728 ;
558 4663 664 4715 Νῦν
724 4657 771 4715 δ’
829 4659 1121 4722 ἀνάκλασις
1189 4659 1252 4715 ού
1311 4659 1516 4734 γίνεται
1571 4658 1621 4732 ἐξ
1677 4658 1862 4714 αὐτοῦ·
1915 4656 1996 4713 διὰ

2117 4664 2237 4715 met
2266 4659 2439 4715 etiam
2463 4658 2776 4731 puniceum
2809 4658 2993 4714 foret?
3022 4658 3052 4714 J
3061 4674 3154 4712 am
3179 4661 3374 4712 autem
3392 4673 3460 4712 ex
3487 4655 3617 4729 ipso
3649 4673 3767 4712 non

345 4748 410 4802 τὸ
444 4744 574 4821 μηδ’
601 4748 710 4804 ἀπὸ
735 4749 937 4812 παντὸς
987 4748 1186 4826 μέρους
1235 4748 1425 4810 ἁπλῶς
1471 4749 1607 4824 πρὸς
1658 4750 1794 4803 ἅπαν
1848 4751 2008 4820 σῶμα

349 4840 467 4914 φῶς
546 4833 676 4910 ἕχον
747 4836 1042 4894 ἀνάκλασιν
1119 4837 1407 4912 γίνεσθαι,
1471 4835 1598 4892 ἀλλ’
1667 4835 2006 4911 ὡρισμένους

349 4925 486 4981 εἶναι
532 4925 662 4989 τοὺς
708 4926 915 4989 τόπους
961 4931 1070 4982 τῶν
1125 4925 1471 4982 ἀνακλάσεων
1523 4925 1824 5001 γινομένων
1871 4923 2008 4979 κατὰ

347 5014 448 5083 τὴν
474 5015 613 5090 πρὸς
641 5015 708 5070 τὰ
734 5013 1012 5092 κάτοπτρα
1057 5016 1218 5072 ποιὰν
1267 5015 1453 5092 σχέσιν
1483 5019 1580 5069 τοῦ
1607 5035 1668 5069 τε
1705 5012 2007 5092 πεφυκότος

348 5104 600 5183 φωτίζειν
632 5104 889 5178 σώματος
917 5105 1009 5160 καὶ
1036 5111 1136 5174 τῆς
1161 5099 1341 5178 ὅψεως
1375 5122 1389 5173 ;
1919 5116 1926 5121 ’

421 5308 506 5365 ις’.
540 5298 720 5372 Δῆλον
767 5297 814 5355 δ’
867 5299 928 5356 ἐκ
971 5304 1082 5356 τῶν
1130 5298 1395 5376 πρότερον
1446 5299 1750 5373 εἰρημένων
1800 5299 1890 5352 καὶ
1922 5295 2012 5352 δια

344 5389 398 5446 τί
431 5389 532 5446 ούκ
560 5389 675 5445 ἔστι
716 5390 956 5465 καθάπερ
987 5391 1023 5461 ὴ
1055 5385 1183 5466 ἷ¹ρις,
1234 5387 1379 5442 οὕτω
1421 5385 1486 5457 δή
1519 5387 1610 5442 καὶ
1636 5390 1672 5457 ἡ
1705 5386 1852 5450 ἅλως
1883 5407 2008 5441 ποι-

347 5477 478 5552 κίλη
536 5484 652 5541 τοῖς
709 5479 991 5556 χρώμασι,
1044 5479 1268 5539 Πάντως
1313 5477 1418 5552 γὰρ
1469 5478 1532 5532 τὸ
1586 5477 1680 5550 μὲν
1730 5481 2008 5554 φοινικοῦν

349 5574 556 5646 χρῶμα
601 5573 882 5646 προσεῖναι
931 5571 999 5642 τῇ
1051 5564 1184 5640 ἴριδι
1239 5563 1523 5638 λέλεκται,
1564 5563 1654 5621 διὰ
1679 5567 1779 5634 τὴν
1829 5564 1888 5619 έκ
1913 5569 2011 5620 τοῦ

351 5659 627 5736 καθύγρου
683 5659 874 5736 νέφους
932 5657 1023 5712 καὶ
1079 5654 1190 5728 ἤδη
1259 5651 1411 5718 ὄντος
1466 5653 1660 5718 ὕδατος
1718 5652 2008 5710 ἀνάκλασιν

351 5755 451 5818 τῆς
481 5743 659 5823 ὅψεως
687 5748 825 5821 πρὸς
852 5746 946 5802 τὸν
978 5745 1164 5818 ἥλιον*
1212 5746 1279 5801 τά
1330 5743 1386 5801 δέ
1435 5745 1605 5801 λοιπὰ
1639 5749 1744 5800 τῶν
1778 5744 2010 5821 χρωμά-

2115 4749 2184 4803 ﬁt
2239 4747 2532 4813 refractio,
2587 4751 2895 4820 propterea
2925 4746 3080 4818 quod
3141 4761 3254 4801 non
3307 4746 3379 4800 ab
3411 4744 3572 4800 omni
3603 4749 3767 4816 parte

2115 4838 2464 4908 simpliciter
2493 4837 2565 4892 ad
2597 4853 2770 4892 omne
2801 4852 3015 4907 corpus
3046 4835 3244 4890 lumen
3274 4834 3498 4890 habens
3543 4834 3646 4889 ﬁat
3675 4850 3764 4890 ro-

2118 4926 2359 4994 fractio;
2411 4925 2512 4980 sed
2563 4925 2981 4980 refractionum
3025 4923 3340 4978 orientium
3370 4921 3498 4978 loca
3527 4920 3770 4978 deﬁnito.

2119 5015 2239 5071 sint
2259 5015 2586 5069 secundum
2610 5017 2831 5068 certam
2854 5012 3152 5084 quandam
3174 5027 3308 5066 cum
3330 5011 3590 5083 corporis
3611 5011 3768 5082 quod

2117 5103 2494 5160 illuminandi
2545 5101 2822 5158 facultate
2852 5101 3107 5157 naturali
3159 5100 3470 5174 praeditum
3494 5103 3610 5169 est,
3642 5104 3771 5156 tum

2115 5193 2278 5248 visus
2309 5193 2380 5246 ad
2414 5189 2652 5264 specula
2680 5190 3090 5246 habitudinem
3113 5193 3138 5244 .9

2192 5301 2276 5354 16.
2314 5298 2521 5369 Liquet
2549 5301 2747 5353 autem
2797 5297 2974 5352 etiam
3007 5314 3077 5352 ex
3108 5295 3223 5352 illis
3256 5312 3385 5368 qua:
3417 5299 3588 5353 antea
3615 5296 3776 5353 dicta

2119 5393 2278 5456 sunt,
2312 5404 2430 5459 qua
2460 5403 2530 5442 ex
2557 5402 2736 5442 causa
2765 5387 2920 5442 sicut
2951 5385 3075 5451 iris,
3106 5401 3225 5441 non
3257 5385 3340 5440 ita
3367 5385 3549 5440 etiam
3580 5383 3770 5455 halos,

2119 5477 2230 5532 hoc
2258 5481 2366 5546 est,
2403 5493 2618 5532 corona
2648 5474 2944 5530 coloribus
3004 5475 3080 5530 sit
3108 5473 3286 5530 varia.
3331 5474 3584 5530 Omnino
3615 5475 3773 5532 enim

2121 5565 2434 5638 puniceum
2467 5563 2716 5619 colorem
2749 5563 2883 5618 iridi
2911 5564 3104 5619 inesse
3134 5563 3356 5620 dictum
3389 5571 3494 5628 est,
3527 5564 3682 5634 quod
3705 5581 3774 5620 ex

2120 5656 2276 5711 nube
2306 5655 2552 5709 humida
2581 5658 2637 5708 et
2666 5669 2780 5724 que
2801 5653 2927 5722 jam
2956 5654 3104 5709 247
3158 5668 3314 5722 aqua
3339 5656 3450 5722 est,
3500 5653 3770 5709 refractio

2119 5745 2280 5802 visus
2305 5745 2376 5800 ad
2401 5743 2585 5800 solem
2617 5743 2716 5798 ﬁat
2741 5760 2751 5796 :
2781 5746 3017 5799 caeteros
3044 5747 3238 5798 autem
3269 5740 3769 5814 colores[inesse],
