4114 6432
381 425 407 485 1
418 425 534 486 207

1633 435 2060 498 NICEPHORI
2102 435 2540 500 BLEMMIDJE

3645 448 3840 513 {208

380 557 534 628 quod
564 558 979 617 refractionum
1011 562 1426 635 impressiones
1456 567 1702 625 inﬁrmae
1734 570 2026 643 sint,quia

2147 588 2255 622 των
2317 566 2405 623 δια
2459 571 2559 639 τήν
2614 571 2805 642 ἀσθενῆ
2863 575 2972 629 τῶν
3026 572 3370 632 ἀνακλάσεων
3428 572 3761 655 προσϐολήν
3812 628 3834 654 ,

380 645 662 703 nimirum
694 654 929 705 remotae
959 656 1017 706 et
1046 655 1287 725 exiguae.
1320 654 1390 710 Et
1421 657 1480 711 in
1513 675 1727 715 corona
1757 661 2026 716 refractio

381 735 447 788 fit
475 736 548 790 ab
578 752 728 803 aere,
763 739 864 810 qui
921 742 1246 797 secundum
1288 749 1558 802 naturam
1611 749 1911 804 candidior
1940 754 2030 806 est

382 838 563 892 quam
594 841 783 896 aqua;
817 830 874 882 et
903 829 1042 898 quia
1087 847 1265 903 prope
1296 833 1378 901 ﬁt,
1414 835 1861 907 impressionem
1892 840 2030 894 facit

384 911 722 970 fortissime.
752 917 912 981 Quod
936 920 1091 974 enim
1116 929 1356 993 apparet
1385 925 1444 979 in
1478 926 1806 990 illa,subter
1829 929 2026 1001 ipsum

382 1004 441 1056 et
469 1001 623 1058 circa
650 1004 846 1074 ipsum
904 1009 1141 1078 specula
1172 1016 1383 1083 gestat,
1417 1031 1530 1070 non
1561 1033 1630 1071 ex
1659 1018 1902 1074 adversa
1932 1036 2028 1075 re-

382 1090 554 1162 gione
582 1092 789 1164 ipsius.

456 1181 542 1234 17.
576 1183 939 1256 Quapropter
970 1204 1184 1244 corona
1240 1191 1475 1261 quidem
1508 1210 1658 1265 saepe
1689 1196 1866 1252 etiam
1899 1215 2028 1269 per-

382 1267 568 1324 fectus
627 1272 876 1328 circulus
933 1283 1212 1348 apparet;
1247 1282 1306 1333 at
1337 1279 1438 1335 iris
1498 1299 1801 1354 nunquam
1843 1289 2030 1357 major

379 1358 770 1430 semicirculo,
806 1369 1108 1436 propterea
1164 1370 1317 1439 quod
1371 1388 1560 1442 neque
1591 1374 1746 1430 circa
1775 1374 1833 1429 id
1867 1378 2027 1447 quod

381 1454 622 1519 apparet
651 1450 710 1506 in
741 1452 888 1523 ipsa,
922 1455 1227 1527 consistat,
1261 1464 1324 1513 ut
1354 1476 1566 1516 corona
1590 1480 1825 1535 ;‘neque
1852 1483 2030 1538 supra

382 1536 741 1594 horizontem
773 1558 873 1596 seu
909 1544 1198 1601 finitorem
1231 1547 1518 1605 circulum
1569 1551 1701 1621 plus
1733 1555 1812 1609 sit
1843 1554 2027 1610 hemi-

381 1625 771 1696 sphaerio,sub
802 1632 958 1702 quod
991 1633 1469 1708 hemispbaerium
1493 1640 1678 1697 nubes
1710 1643 2030 1702 constituta

385 1718 493 1783 est,
527 1715 584 1769 in
618 1732 736 1788 qua
763 1719 924 1776 visus
955 1721 1163 1779 iridem
1196 1730 1524 1782 contuetur.

460 1803 645 1859 18-19.
698 1809 858 1870 Quod
912 1815 1108 1867 autem
1167 1831 1280 1869 non
1316 1816 1417 1870 fiat
1445 1818 1622 1873 etiam
1665 1820 1818 1876 circa
1848 1821 2029 1876 solem

385 1892 675 1948 concretio
713 1897 1072 1966 ejuscemodi
1105 1903 1489 1977 prahumida,
1521 1907 1712 1977 qualis
1738 1909 1913 1965 etiam
1945 1916 2033 1967 est
2060 1939 2108 2004 Β

386 1994 415 2004 Α
445 1981 673 2004 _-_!-__
701 1984 817 2004 ιιιεη
1001 1988 1037 2004 1·
1175 1991 1186 2004 1
1663 1997 1709 2004 --
1972 2001 1983 2004 -

384 1994 416 2034 e
445 1981 679 2052 regione
701 1984 859 2041 illius
885 2012 898 2052 ;
931 1988 1074 2045 solis
1104 1991 1262 2047 calor
1290 2010 1468 2050 causa
1494 2005 1601 2051 est.
1663 1997 1808 2054 Nam
1843 2005 1944 2055 aut
1971 2001 2030 2055 in

385 2085 599 2141 aquam
630 2071 784 2129 illico
835 2079 1089 2133 transire
1119 2081 1256 2135 facit
1286 2085 1501 2140 nubem
1550 2090 1652 2142 aut
1680 2088 1948 2144 dissolvit
1977 2095 2033 2146 et

383 2163 647 2217 attenuat
674 2167 732 2218 et
760 2165 1058 2238 disgregat
1078 2170 1651 2242 concretionem,nisi
1681 2179 2029 2235 crassiorem

383 2263 512 2304 esse
543 2253 914 2324 contingerit.
947 2259 1090 2312 Cum
1158 2263 1353 2315 autem
1403 2263 1487 2318 sol
1560 2281 1629 2320 ex
1684 2268 1927 2324 adverso
1975 2274 2033 2324 et

380 2339 583 2409 procul
615 2357 648 2395 a
675 2344 1045 2400 concretione
1094 2347 1267 2403 nubis
1299 2351 1510 2408 existat
1538 2371 1551 2422 ;
1621 2355 1854 2412 interim
1886 2357 2028 2413 dum

381 2443 536 2497 aqua
564 2429 687 2496 fiat,
723 2447 887 2488 mora
911 2435 1088 2490 etiam
1122 2439 1390 2508 quaedam
1421 2446 1479 2496 et
1517 2447 1752 2517 tempus
1781 2445 2032 2502 interve-

381 2516 502 2582 nit;
537 2522 600 2572 ut
629 2519 750 2575 sint
798 2521 1006 2594 aliquae
1059 2526 1233 2582 nubis
1282 2529 1435 2586 248
1485 2516 1785 2602 particulae
1809 2537 1934 2606 jam
1968 2536 2027 2590 in

382 2621 596 2675 aquam
629 2613 865 2665 mutata
895 2628 1159 2683 prorsus,
1191 2632 1319 2687 quae
1347 2623 1542 2675 tamen
1570 2623 1831 2679 nondum
1863 2623 2030 2680 stillae

383 2693 542 2763 sint;
571 2696 632 2750 in
663 2697 881 2769 quibus
935 2703 1137 2774 aqueis
1168 2706 1343 2762 nubis
1403 2710 1732 2780 particulis,
1767 2715 1937 2785 quasi
1968 2715 2028 2769 in

383 2785 660 2855 speculis,
693 2787 796 2844 iris
822 2791 1120 2860 cernitur;
1155 2794 1298 2851 alias
1329 2797 1566 2868 quidem
1600 2801 2028 2870 semicirculus,

383 2872 528 2930 alias
563 2876 756 2932 minor
785 2881 1494 2958 semicirculo,nunquam
1527 2892 1730 2962 major.
1767 2893 1833 2948 Et
1863 2893 2032 2949 semi-

383 2963 639 3021 circulus
663 2968 902 3038 quidem
925 2987 1058 3026 cum
1083 2973 1167 3028 sol
1189 2974 1250 3029 in
1280 2975 1578 3034 horizonte
1599 2980 1811 3047 fuerit;
1840 2985 2034 3041 minor

379 3057 574 3108 autem
607 3057 994 3126 semicirculo,
1053 3063 1290 3132 quando
1341 3065 1427 3120 sol
1457 3083 1638 3139 supra
1665 3069 2029 3129 horizontem

377 3140 556 3197 fuerit
584 3144 647 3197 η.
681 3145 827 3200 Nam
855 3152 1118 3204 centrum
1153 3151 1359 3208 solaris
1391 3155 1734 3228 corporis,et
1762 3165 2028 3218 centrum

375 3229 694 3288 horizontis
726 3234 784 3289 in
817 3251 932 3306 quo
961 3238 1128 3295 visus
1157 3245 1265 3307 est,
1305 3249 1363 3297 et
1391 3251 1658 3302 centrum
1692 3249 1892 3305 circuli
1924 3250 2024 3306 iri-

375 3319 490 3386 dis,
547 3319 845 3394 hujusque
895 3325 1064 3397 polus
1121 3329 1182 3384 in
1241 3347 1360 3387 una
1391 3338 1550 3388 recta
1593 3340 1778 3392 sunt:
1818 3344 2023 3412 estque
2054 3308 2097 3375 C

373 3412 550 3475 recta,
606 3410 893 3468 diameter
945 3415 1194 3473 caelestis
1263 3421 1528 3492 sphaerae,
1586 3425 1867 3496 quoniam
1926 3410 2028 3501 per

369 3499 636 3552 centrum
666 3498 986 3558 horizontis
1006 3503 1263 3578 [transit]
1286 3509 1387 3580 qui
1411 3511 1704 3568 maximus
1726 3519 1817 3569 est
1838 3498 2024 3572 circu-

371 3583 486 3639 lus.
522 3587 816 3651 Quantum
849 3589 1027 3660 igitur
1053 3593 1140 3650 sol
1173 3613 1354 3668 supra
1383 3598 1744 3658 horizontem
1779 3609 2023 3673 est,tan-

368 3675 497 3727 tum
530 3673 700 3746 polus
733 3677 932 3733 circuli
963 3680 1130 3738 iridis
1185 3684 1336 3740 infra
1365 3685 1748 3745 horizontem.
1785 3692 1853 3748 Et
1884 3711 2027 3766 quo-

369 3761 528 3817 niam
561 3763 785 3820 oriente
814 3771 918 3822 aut
947 3769 1243 3828 occidente
1298 3774 1420 3829 sole
1476 3777 1788 3836 dimidium
1823 3782 2026 3840 circuli

369 3848 537 3906 iridis
567 3869 748 3924 supra
778 3854 1140 3915 horizontem
1181 3869 1442 3934 apparet,
1503 3866 1797 3938 reliquum
1827 3877 2026 3928 autem

371 3943 461 3993 est
486 3939 955 4015 inconspicuum,
991 3953 1055 4002 ut
1085 3951 1240 4020 quod
1300 3953 1449 4008 infra
1480 3959 1694 4011 terram
1735 3959 2026 4033 intelliga-

371 4030 469 4081 tur
500 4045 513 4083 :
549 4028 738 4101 liquet
769 4035 922 4104 quod
957 4036 1079 4091 sole
1135 4055 1316 4110 supra
1347 4041 1708 4101 horizontem
1743 4028 2026 4108 existente

373 4124 743 4189 segmentum
777 4122 978 4178 circuli
1013 4126 1178 4183 iridis
1210 4146 1499 4201 apparens
1530 4135 1608 4188 sit
1639 4136 1838 4192 minus
1867 4140 2024 4196 futu-

372 4222 526 4277 rum,
560 4210 756 4280 majus
787 4216 983 4268 autem
1026 4218 1180 4286 quod
1212 4235 1327 4273 non
1362 4228 1626 4292 apparet.
1683 4227 1872 4298 Atque
1903 4229 2026 4286 haec

369 4295 452 4349 ita
481 4312 713 4369 semper
737 4298 1040 4358 habebunt
1069 4322 1173 4376 pro
1192 4309 1416 4364 ratione
1447 4311 1592 4367 solis
1623 4313 1695 4368 ab
1727 4295 2025 4375 horizonte

370 4383 685 4441 distantias.
719 4391 860 4444 Cum
895 4396 1089 4448 autem
1152 4395 1305 4451 circa
1335 4413 1564 4454 merum
1598 4404 1903 4460 meridiem
1938 4409 2023 4464 sol

368 4472 565 4541 fuerit,
597 4481 795 4533 aestate
825 4480 1061 4550 quidem
1095 4501 1165 4538 ne
1215 4487 1526 4542 nimimum
1585 4492 1823 4561 quidem
1856 4495 2023 4553 iridis

368 4569 741 4634 segmentum
784 4569 936 4624 249
995 4583 1273 4642 apparet;
1309 4581 1366 4628 at
1395 4576 1602 4633 diebus
1633 4580 2019 4654 brevioribus,

2137 654 2218 711 ὅτι
2279 657 2560 734 πόρρωθεν
2611 661 2702 715 καὶ
2762 662 2845 716 ὅτι
2904 661 3109 738 ὀλίγαι.
3173 664 3296 720 Ἐπὶ
3355 663 3414 721 δὲ
3459 654 3562 737 τῆς
3613 669 3741 725 ἅλω
3778 672 3826 740 ἡ

2135 745 2430 809 ἀνάκλασις
2488 749 2594 804 ἀπὸ
2646 751 2803 826 ἀέρος
2860 773 2920 807 τε
2974 751 3199 828 γίνεται,
3255 752 3316 817 ὅς
3373 753 3483 810 έστι
3531 763 3629 813 τοῦ
3671 756 3827 814 ὕδα-

2133 853 2230 896 τος
2283 837 2420 891 κατά
2477 838 2632 915 φύσιν
2695 836 3038 917 λευκότερος,
3088 841 3180 897 καί
3240 843 3461 919 ἐγγύθεν
3530 847 3819 922 γινομένη

2136 919 2474 999 προσϐάλλει
2507 925 2966 1003 ἐρρωμενέστατα.
3003 929 3103 985 Καὶ
3131 932 3233 1008 γὰρ
3265 933 3326 988 τὸ
3376 919 3818 1013 ἐμφαινόμενον,

2139 1012 2225 1087 ὑφ’
2257 1012 2412 1068 ἑαυτὸ
2444 1013 2590 1091 φέρει
2621 1018 2688 1071 τὰ
2712 1022 2990 1095 κάτοπτρα
3040 1021 3132 1074 καὶ
3157 1019 3280 1094 περὶ
3312 1012 3469 1092 αὐτὸ,
3508 1023 3572 1079 οὗ
3607 1028 3721 1098 μὴν
3755 1026 3818 1098 ἐξ

2138 1099 2378 1164 ἐναντίας
2408 1103 2594 1158 αὐτοῦ.
3405 1179 3409 1183 Δ

2213 1196 2292 1259 ιζ’.
2353 1193 2445 1246 Διὸ
2495 1195 2530 1263 ἡ
2594 1195 2688 1267 μὲν
2746 1193 2897 1258 ἅλως
2953 1195 3195 1275 φαίνεται
3246 1198 3522 1264 πολλάκις
3570 1205 3662 1258 καὶ
3701 1205 3807 1260 κύ-

2135 1276 2271 1341 κλος
2321 1280 2652 1358 ὀλόκληρος’
2703 1287 2738 1354 ἡ
2785 1282 2830 1339 8’
2874 1282 2984 1362 ἵρις
3032 1283 3157 1366 οὐδὲ
3207 1288 3406 1360 μείζων
3458 1291 3802 1364 ἡμικυκλίου
3866 1329 3878 1334 -

2137 1369 2288 1440 ποτὲ,
2353 1367 2442 1425 διὰ
2496 1372 2558 1426 τὸ
2617 1375 2754 1446 μήνε
2811 1375 2966 1451 πέριξ
3030 1381 3128 1431 τοῦ
3189 1377 3590 1452 ἐμφαινομένου
3643 1384 3793 1437 συνί-

2139 1460 2357 1512 στασθαι
2407 1461 2644 1537 καθάπερ
2701 1465 2736 1533 ἡ
2789 1462 2938 1528 ἅλως
2972 1512 2987 1536 ,
3049 1466 3179 1538 μήτ’
3235 1467 3300 1521 αὗ
3351 1468 3487 1544 ὑπὲρ
3530 1470 3615 1524 τὸν
3671 1471 3786 1546 ὁρί-

2143 1551 2300 1615 ζοντα
2357 1548 2525 1604 πλέον
2596 1551 2727 1606 εἶναι
2799 1558 2897 1608 τοῦ
2954 1555 3367 1633 ἡμισφαιρίου,
3431 1556 3522 1636 ὑφ’
3572 1559 3600 1613 ’ὁ
3651 1562 3786 1632 ἡμι-

2140 1635 2385 1712 σφαίριον
2439 1638 2791 1696 ὑποτέτακται
2837 1639 2900 1697 τὸ
2947 1642 3126 1720 νέφος,
3159 1643 3211 1699 έν
3244 1645 3291 1717 ᾧ
3320 1647 3357 1715 ἡ
3389 1635 3516 1720 ὄψις
3559 1648 3654 1716 τὴν
3685 1645 3792 1724 ἶριν

2141 1726 2482 1802 φαντάζεται.

2216 1816 2390 1883 ιη’-ιϐ’
2425 1862 2439 1874 .
2518 1822 2624 1873 Τοῦ
2711 1816 2768 1874 δὲ
2855 1821 2932 1893 μὴ
3015 1822 3251 1898 γίνεσθαι
3327 1825 3418 1878 καὶ
3503 1824 3632 1902 περὶ
3710 1825 3807 1880 τὸν

2139 1900 2300 1972 ἥλιον
2344 1906 2599 1978 τοιαύτην
2650 1907 2922 1985 κάθυγρον
2973 1910 3222 1966 σύστασιν
3273 1912 3468 1968 ὁποίαν
3516 1913 3610 1968 καὶ
3642 1913 3805 1969 ἀπεν-

2141 1993 2320 2056 αντίας
2375 1995 2559 2069 αὐτοῦ,
2618 1995 2788 2052 α⁴ίτιον
2843 2001 2878 2068 ἡ
2931 2004 3029 2054 τοῦ
3059 2000 3228 2071 ἡλίου
3258 2002 3556 2078 θερμότης.
3590 2005 3661 2059 Ἣ
3700 2004 3806 2080 γὰρ

2139 2083 2354 2158 ταχέως
2405 2083 2481 2148 εἷς
2531 2082 2678 2161 ὕδωρ
2731 2083 3093 2160 μεταϐάλλειν
3126 2096 3274 2146 ποιεῖ
3309 2092 3372 2147 τὸ
3401 2091 3580 2170 νέφος,
3609 2093 3648 2162 ἢ
3683 2091 3812 2149 δια-

2141 2169 2260 2227 λύει
2318 2173 2409 2228 καὶ
2463 2172 2714 2231 λεπτύνει
2773 2177 2864 2232 καὶ
2923 2175 3184 2254 διακρίνει
3232 2179 3333 2250 τήν
3395 2181 3647 2238 σύστασιν
3680 2228 3696 2252 ,
3757 2184 3810 2238 εί

2144 2261 2220 2334 μή
2275 2264 2559 2341 παχυτέρα
2613 2260 2803 2342 ἔτυχεν
2864 2265 2999 2323 οὖσα
3029 2313 3042 2325 .
3108 2270 3192 2342 Ἐξ
3254 2268 3496 2334 ἐναντίας
3577 2267 3636 2327 δέ
3715 2274 3813 2328 καὶ

2139 2350 2330 2428 πόρρω
2358 2360 2459 2422 τῆς
2507 2359 2602 2409 τοῦ
2647 2353 2844 2433 νέφους
2892 2357 3192 2421 συστάσεως
3239 2363 3338 2414 τοῦ
3386 2359 3554 2430 ἡλίου
3593 2362 3809 2438 τυγχά-

2139 2463 2344 2512 νοντος,
2403 2441 2454 2497 έν
2516 2441 2630 2516 ὅσῳ
2681 2442 2884 2521 γίνεται
2955 2447 3019 2501 τὸ
3078 2445 3247 2524 ὕδωρ,
3306 2447 3510 2525 γίνεται
3571 2450 3660 2505 καὶ
3719 2472 3812 2513 τις

2140 2525 2392 2608 διατριϐὴ
2441 2531 2477 2600 ἢ
2521 2533 2743 2609 χρόνος,
2788 2535 2863 2596 ὡς
2912 2534 3046 2590 εἶναί
3087 2557 3209 2591 τινα
3260 2536 3426 2614 μόρια
3451 2543 3550 2594 τοῦ
3580 2539 3806 2617 νέφους,

2139 2617 2248 2690 ἤδη
2303 2620 2396 2691 μὲν
2448 2621 2524 2682 εἰς
2569 2619 2716 2698 ὕδωρ
2768 2619 3218 2695 μεταϐεϐληκότα
3262 2624 3435 2698 ὅλως,
3483 2627 3546 2682 ού
3599 2627 3710 2701 μὴν
3745 2623 3809 2684 δὶ

2138 2708 2228 2763 καὶ
2281 2706 2518 2782 ψεκάὃας
2570 2705 2699 2765 ὄντα
2758 2729 2771 2742 ’
2833 2711 2916 2791 ἐφ’
2973 2714 3048 2768 ὧν
3101 2710 3388 2792 ὑδατηρῶν
3444 2720 3546 2772 τοῦ
3602 2719 3805 2792 νέφους

2144 2796 2348 2874 μορίων
2407 2793 2589 2874 ὥσπερ
2642 2797 2730 2854 ἐπὶ
2787 2800 3104 2878 κατόπτρων
3164 2804 3200 2873 ἡ
3256 2800 3363 2880 ἶ⁷ρις
3401 2803 3616 2881 ὁρᾶται,
3667 2808 3808 2862 ποτὶ

2145 2887 2238 2960 μὲν
2286 2885 2618 2960 ἡμίκυκλος,
2667 2889 2800 2944 ποτὲ
2847 2886 2895 2946 δ’
2925 2888 3162 2947 ἐλάττων
3213 2893 3552 2966 ἡμικύκλου,
3597 2893 3800 2968 μείζων

2141 2972 2186 3030 δ’
2216 2972 2491 3031 οὐδέποτε.
2527 2977 2626 3032 Καὶ
2683 2976 2994 3052 ἡμίκυκλος
3053 2980 3150 3053 μὲν
3206 2979 3331 3037 ὅταν
3391 2982 3480 3038 ἐπὶ
3532 2985 3630 3039 τοῦ
3679 2984 3802 3059 ὁρί-

2144 3069 2330 3134 ζοντος
2391 3065 2419 3119 8
2477 3065 2645 3135 ἥλιος
2703 3068 2809 3137 εἷή·
2869 3066 3106 3124 ἐλάττων
3167 3067 3214 3126 8’
3274 3072 3617 3144 ἡμικύκλου,
3669 3073 3804 3128 ὅταν

2139 3153 2228 3208 καὶ
2261 3155 2290 3209 8
2319 3153 2484 3223 ἥλιος
2530 3155 2664 3232 ὑπὲρ
2710 3156 2804 3211 τὸν
2847 3155 3114 3233 ὁρίζοντα.
3168 3159 3240 3214 Τὸ
3285 3159 3386 3237 λὰρ
3435 3160 3650 3236 κέντρον
3696 3168 3803 3218 τοῦ

2139 3242 2376 3312 ἡλιακοῦ
2425 3245 2678 3317 σώματος
2728 3247 2820 3301 καὶ
2868 3248 2931 3302 τὸ
2985 3253 3083 3302 τοῦ
3134 3248 3415 3325 ὁρίζοντος
3459 3251 3674 3328 κέντρον
3722 3251 3805 3332 ἐφ’

2139 3331 2200 3386 οὗ
2257 3333 2292 3402 ἡ
2354 3327 2498 3406 ὄψις,
2557 3333 2647 3388 καὶ
2692 3335 2756 3389 τὸ
2805 3334 3024 3412 κέντρον
3071 3341 3170 3392 τοῦ
3219 3345 3321 3408 τῆς
3365 3335 3541 3415 ἴριδος
3569 3339 3801 3411 κύκλου,

2135 3420 2225 3476 καὶ
2279 3422 2308 3476 8
2345 3419 2543 3476 τούτου
2593 3421 2767 3484 πόλος
2817 3422 2906 3478 ἐπὶ
2961 3427 3088 3497 μιᾶς
3133 3424 3266 3480 εἰσιν
3317 3425 3523 3489 εὐθείας
3555 3445 3571 3462 ·
3621 3426 3712 3483 καὶ
3761 3429 3798 3498 ἠ

2136 3508 2315 3573 εὐθεῖα
2373 3507 2666 3586 διάμετρος
2722 3519 2825 3581 τῆς
2883 3511 3142 3589 οὐρανίου
3201 3515 3478 3594 σφαίρας,
3540 3515 3658 3572 ἐπεὶ
3709 3515 3805 3572 διὰ

2133 3602 2232 3653 τοῦ
2264 3598 2484 3674 κέντρου
2533 3604 2639 3688 τοῦ,
2673 3600 2974 3677 ὁρίζοντος,
3029 3602 3087 3665 ὅς
3133 3602 3244 3659 ἐστι
3289 3603 3545 3681 μέγιστος
3573 3603 3800 3688 κύκλος.

2136 3688 2297 3740 Ὅσον
2358 3685 2450 3742 οὗν
2509 3688 2538 3742 8
2589 3687 2749 3758 ἠλιος
2792 3687 2927 3763 ὑπὲρ
2977 3689 3070 3745 τὸν
3129 3689 3397 3765 ὁρίζοντα,
3445 3696 3708 3749 τοσοῦτον
3744 3685 3804 3750 Ὓό

2137 3775 2314 3839 πόλος
2344 3780 2442 3831 τοῦ
2490 3776 2699 3833 κύκλου
2739 3784 2839 3848 τῆς
2888 3775 3065 3854 ⁵ίίριδος
3115 3779 3219 3834 ὑπὸ
3261 3780 3354 3836 τὸν
3388 3781 3662 3858 ὁρίζοντα.
3696 3785 3802 3839 Καὶ

2139 3863 2288 3941 εἴπερ
2336 3864 2732 3929 ἀνατέλλοντος
2791 3868 2827 3937 ἢ
2879 3865 3143 3941 δυομένου
3189 3871 3288 3924 τοῦ
3335 3867 3533 3944 ἡλίου,
3581 3873 3645 3928 τὸ
3700 3872 3802 3946 μὶν

2137 3953 2309 4026 ἥμισυ
2339 3959 2436 4009 τοῖ’)
2481 3963 2584 4024 τῆς
2637 3953 2811 4032 ἴριδος
2857 3957 3065 4012 κύκλου
3114 3957 3356 4036 φαίνεται
3390 3958 3523 4035 ὑπὲρ
3578 3961 3705 4036 γῆν,
3735 3965 3809 4019 τὸ

2137 4042 2332 4098 λοιπὸν
2389 4040 2437 4097 8’
2488 4043 2628 4099 ἐστὶν
2684 4045 2878 4122 ἀφανὲς
2936 4045 3229 4119 νοούμενον
3283 4048 3384 4102 ὑπὸ
3432 4056 3573 4124 γῆν
3628 4047 3808 4120 δῆλον

2135 4133 2209 4194 ὡς
2244 4133 2375 4207 ὑπὲρ
2408 4133 2498 4188 τὸν
2549 4133 2799 4207 ὁρίζοντα
2845 4140 2943 4189 τοῦ
2993 4133 3159 4204 ἡλίου
3211 4134 3610 4212 τεγχάνοντος,
3644 4135 3809 4195 ἔλατ-

2131 4241 2224 4275 τον
2290 4222 2385 4294 μὲν
2435 4228 2633 4295 τμῆμα
2689 4221 2894 4278 κύκλου
2967 4225 3031 4279 τὸ
3089 4225 3415 4302 φαινόμενον
3491 4225 3638 4282 ἔσται
3697 4231 3806 4298 τῆς

2133 4307 2330 4383 ἴριδος,
2386 4310 2582 4366 πλεῖον
2641 4309 2699 4366 δὲ
2753 4313 2816 4367 τὸ
2873 4312 3088 4391 ἀφανές.
3147 4314 3247 4368 Καὶ
3304 4316 3455 4370 ταῦτ’
3501 4315 3584 4371 ἀεὶ
3623 4315 3808 4380 οὕτως

2134 4397 2262 4476 ἔχον
2297 4396 2378 4470 εἷῆ
2437 4400 2496 4454 ἃν
2543 4401 2681 4476 πρὸς
2734 4399 2901 4476 λόγον
2950 4407 3050 4471 τῆς
3100 4407 3199 4457 τοῦ
3248 4401 3414 4474 ἡλίου
3463 4403 3648 4461 ἐκτοῦ
3678 4405 3803 4482 δρί-

2136 4494 2324 4557 ζοντος
2371 4489 2766 4551 ἀποστάσεως..
2817 4493 2980 4546 ’Ὀταν
3025 4488 3084 4545 δὲ
3134 4491 3260 4566 περὶ
3308 4492 3508 4567 ἀτρεκῆ
3563 4513 3805 4567 μεσημ-

2135 4573 2288 4653 ϐρίαν
2342 4579 2370 4632 ὁ
2400 4576 2565 4647 ἥλιος
2611 4579 2870 4655 γένηται,
2917 4580 3108 4654 θέρους
3161 4581 3256 4654 μὲν
3312 4579 3438 4637 οὐδὲ
3486 4581 3806 4639 πολλοστὸν

369 4650 491 4706 sive
522 4652 731 4725 hyeme
762 4657 886 4711 ﬁeri
918 4663 1123 4729 potest,
1159 4667 1223 4715 ut
1283 4663 1404 4719 sole
1435 4666 1613 4722 etiam
1654 4669 1809 4725 circa
1841 4675 2018 4728 meri-

2140 4650 2374 4744 ιραίνεται
2421 4650 2634 4740 τμῆμα·
2664 4676 2765 4739 τῆς
2815 4650 2992 4744 ἴριδος
3024 4691 3036 4703 θ
3085 4650 3232 4725 έντδὲ
3259 4675 3378 4733 ταῖς
3433 4672 3806 4749 βραχυτέραις

368 4740 524 4796 diem
540 4743 1255 4820 exsistente,segmentum
1281 4753 1515 4824 aliquod
1538 4756 1703 4812 iridis
1728 4768 2026 4833 appareat.

367 4831 656 4896 Quoniam
687 4834 843 4889 enim
877 4841 1144 4893 centrum
1176 4847 1233 4894 et
1261 4842 1430 4912 polus
1475 4844 1640 4902 iridis
1671 4847 1730 4902 in
1763 4831 2028 4907 horizon-

370 4919 449 4974 tis
481 4926 621 4975 sunt
649 4922 956 4992 diametro,
1010 4943 1143 4981 cum
1176 4930 1407 4986 aestivos
1438 4939 1603 4990 ortus
1659 4936 1746 4991 sol
1803 4939 2024 5013 fecerit,

371 5010 848 5079 septentrionalis
878 5015 1134 5072 maxime
1164 5019 1473 5086 exsistens;
1507 5027 1633 5078 tum
1664 5024 1769 5081 iris
1800 5027 1859 5082 in
1893 5010 2025 5100 par;

370 5097 531 5154 tibus
563 5101 922 5157 australibus
951 5103 1114 5159 velut
1143 5107 1214 5160 ad
1247 5123 1489 5164 occasus
1523 5111 1802 5170 hibernos
1833 5097 2024 5173 consi-

370 5191 486 5242 stet
520 5205 532 5241 :
570 5194 629 5244 at
657 5190 814 5245 velut
844 5193 916 5246 ad
958 5197 1123 5249 ortus
1153 5194 1431 5252 hibernos
1462 5199 1588 5270 [iris
1618 5203 1912 5274 erit],cum
1937 5207 2023 5262 sol

367 5292 614 5333 occasus
643 5280 872 5335 aestivos
903 5283 1082 5337 subit.
1111 5283 1255 5339 Cum
1288 5291 1484 5342 autem
1516 5307 1618 5361 per
1645 5297 1810 5349 ortus
1839 5293 2027 5352 hiber-

368 5381 476 5420 nos
527 5365 612 5421 sol
643 5369 828 5423 oritur
856 5370 1327 5430 australissimus
1359 5377 1686 5448 exsistens;
1743 5387 1884 5438 tunc
1919 5385 2023 5440 iris

363 5451 426 5507 in
459 5455 724 5525 partibus
771 5460 1421 5529 septentrionalioribus
1463 5471 1820 5539 apparuerit,
1852 5477 1920 5528 ut
1948 5475 2020 5529 ad

363 5557 609 5597 occasus
640 5547 886 5614 mstivos,
949 5553 1012 5603 ut
1069 5551 1140 5605 ad
1172 5556 1336 5607 ortus
1393 5561 1589 5612 autem
1623 5559 1853 5616 aestivos
1884 5579 2019 5619 cum

364 5629 450 5685 sol
483 5649 728 5687 occasus
760 5634 1037 5693 hibernos
1069 5640 1286 5695 fecerit.
1309 5644 1442 5707 Quae
1476 5662 1610 5701 cum
1644 5648 1725 5704 ita
1755 5667 1881 5708 sese
1911 5650 2017 5708 ha-

438 5758 483 5792 "
511 5758 796 5829 3Meteor,
829 5777 878 5817 c.
913 5763 966 5833 4,
994 5763 1145 5820 Scal.
1179 5765 1374 5823 Exerc.
1407 5770 1495 5825 80.
1531 5789 1569 5840 1,
1604 5773 1691 5828 10.

2138 4755 2371 4832 ἡμέραις
2422 4753 2595 4811 siiton
2645 4761 2922 4833 χειμῶνος
2973 4754 3196 4813 δυνατὸν
3248 4759 3338 4814 καὶ
3390 4759 3517 4833 περὶ
3571 4781 3804 4835 μεσημ-

2138 4839 2294 4917 ϐρίαν
2353 4839 2508 4907 ὄντος
2565 4848 2662 4900 τοῦ
2720 4843 2886 4916 ἡλίου
2935 4847 3170 4924 φανῆναί
3214 4867 3264 4902 τι
3311 4850 3512 4922 τμῆμα
3555 4856 3656 4919 τῆς
3688 4848 3802 4927 ἴρι-

2138 4929 2252 4994 δος.
2312 4934 2462 4987 Ἐπεὶ
2513 4934 2614 5010 γὰρ
2673 4935 2733 4988 τὸ
2789 4933 3005 5011 κέντρον
3052 4935 3146 4990 καὶ
3196 4937 3226 4990 ὁ
3273 4934 3450 5000 πόλος
3485 4941 3586 5008 τῆς
3621 4935 3802 5014 ἴριδος

2137 5020 2224 5076 ἐπὶ
2272 5029 2374 5092 τῆς
2424 5026 2522 5076 τοῦ
2581 5023 2860 5099 ὁρίζοντος
2921 5021 3216 5100 διαμέτρου
3275 5024 3448 5096 εἰσὶν,
3508 5025 3638 5081 ὅταν
3698 5029 3798 5102 μὲν

2137 5112 2345 5187 θερινὰς
2377 5110 2633 5174 ἐπιτολὰς
2691 5113 2720 5166 ὁ
2778 5110 2941 5182 ἥλιος
2998 5117 3225 5184 ποιῆται
3282 5113 3635 5191 ’βορειότατος
3693 5114 3800 5190 ὢν,

2133 5199 2257 5254 τότε
2313 5202 2348 5269 ἡ
2401 5198 2514 5276 ’ίρις
2573 5199 2625 5254 ἐν
2672 5206 2787 5263 τοῖς
2844 5203 3195 5276 νοτιωτέροις
3254 5203 3468 5280 μέρεσιν
3527 5205 3600 5267 ὡς
3655 5207 3799 5282 πρὸς

2135 5285 2341 5361 δυσμὰς
2383 5290 2696 5365 χειμερινὰς
2732 5289 3024 5345 συνίσταιτ⁹
3081 5289 3168 5346 ἄν·
3216 5291 3292 5354 ὡς
3338 5291 3478 5369 πρὸς
3520 5293 3798 5360 ἀνατολὰς

2134 5375 2192 5432 δὲ
2242 5378 2575 5454 χειμερινὰς,
2634 5377 2759 5433 ὅταν
2805 5377 3123 5444 καταδύσεις
3168 5381 3197 5436 8
3247 5380 3415 5450 ἥλιος
3450 5380 3795 5454 ’καταδύηται

2133 5468 2344 5544 θερινάς
2378 5489 2390 5501 ·
2453 5465 2578 5522 ὅταν
2641 5465 2686 5523 δ’
2743 5465 3007 5542 έπιτέλλῃ
3067 5471 3388 5548 χειμερινὰς
3443 5468 3704 5535 ἐπιτολὰς
3763 5475 3794 5529 ὁ

2129 5556 2290 5626 ἥλιος
2317 5557 2648 5619 νοτιώτατος
2694 5554 2792 5625 ὢν,
2841 5557 2968 5613 τότε
3017 5559 3052 5628 ἡ
3102 5556 3210 5635 ἴρις
3259 5559 3312 5614 έν
3362 5565 3482 5623 τοῖς
3517 5561 3794 5637 βορειοτέ-

2130 5667 2246 5720 ροις
2296 5644 2528 5723 φαίνοιτ’
2576 5645 2637 5700 ἂν
2688 5645 2901 5723 μέρεσιν
2952 5647 3029 5710 ὡς
3082 5649 3218 5726 πρὸς
3269 5646 3477 5723 δυσμὰς
3521 5650 3736 5725 Θερινάς
3774 5670 3790 5684 -
