4114 6440
385 457 544 521 1209

1693 457 2045 521 EPI'I‘OME
2087 458 2454 522 PHYSICA.

3642 452 3800 517 1210

383 590 460 654 ὡς
489 588 628 666 πρὸς
659 585 926 650 ἀνατολὰς
973 583 1032 643 δὲ
1075 587 1310 663 θερινὰς,
1359 587 1485 644 ὅταν
1534 591 1564 644 ὁ
1611 589 1776 660 ἥλιος
1813 597 2039 660 ποιῆται

2157 592 2354 660 beant,
2388 607 2521 647 cum
2554 594 2750 662 partes
2795 587 3372 664 septentrionaliores
3417 592 3654 661 propter
3680 587 3799 662 poli

382 676 701 757 κρταδύσεις
729 678 1066 756 χειμερινάς,
1108 676 1323 732 Τούτων
1377 677 1551 742 οὕτως
1595 676 1835 756 ἐχόντων
1859 726 1874 753 ,
1927 679 2040 736 ἐπεὶ

380 769 452 826 τὰ
512 767 828 846 βορειότερα
884 765 974 822 διὰ
1027 767 1126 836 τήν
1203 765 1412 844 ἔξαρσιν
1467 774 1566 824 τοῦ
1635 767 1813 824 πόλου
1872 769 2041 844 μείζω

381 860 650 932 τμήματα
720 856 937 914 κύκλων
1015 855 1132 933 ἔχει
1185 859 1254 913 τὰ
1313 858 1442 930 ὑπὲρ
1495 865 1596 935 γῆν
1632 905 1646 931 ,
1703 860 1821 923 καθ’
1879 860 1952 913 ὧν
2013 859 2041 913 ὁ

385 946 550 1017 ἥλιος
608 947 796 1024 θέρους
852 945 1148 1025 φερόμενος
1204 947 1299 1010 τὰς
1362 948 1557 1022 μικρὰς
1614 949 1826 1024 ἡμέρας
1887 949 2040 1002 ἀπο-

383 1035 580 1093 τελεῖ·
639 1037 708 1092 τὰ
763 1034 822 1091 δὲ
899 1036 1202 1090 νοτιώτατα
1260 1035 1398 1112 μέρη
1454 1036 1719 1094 ἀνάπαλιν
1779 1036 2042 1112 ἐλάχιστα

384 1128 652 1200 τμήματα
705 1123 924 1180 κύκλων
954 1158 956 1160 τ
985 1123 1102 1201 ἔχει
1162 1125 1229 1179 τὸ.
1286 1125 1419 1202 ὑπὲρ
1475 1134 1627 1200 γῆν,
1685 1128 1802 1182 καθ’
1860 1128 1933 1181 ὧν
2012 1129 2041 1182 ὁ

384 1213 548 1284 ἥλιος
621 1218 898 1291 χειμῶνος
968 1213 1270 1292 φερόμενος
1340 1217 1435 1278 τὰς
1511 1216 1771 1292 βραχείας
1829 1215 2040 1293 ἡμέρας

385 1309 552 1360 ποιεῖ’
601 1301 690 1359 διὰ
734 1309 903 1360 ταῦτα
949 1305 984 1373 ἡ
1037 1300 1142 1375 ἴρις
1190 1309 1464 1379 χειμῶνος
1517 1305 1612 1378 μὲν
1663 1303 1877 1360 δύναται
1926 1305 2044 1384 φαί-

383 1403 563 1458 νεσθαι
620 1393 709 1448 καὶ
763 1398 879 1448 κατ’
935 1391 1068 1447 αὐτὸ
1135 1392 1198 1446 τὸ
1253 1399 1353 1461 τῆς
1405 1391 1614 1466 ἡμέρας
1674 1393 1990 1466 μεσαίτατον
2023 1439 2036 1452 .

386 1479 540 1538 Πολύ
585 1482 688 1558 γὰρ
718 1484 752 1552 ἡ
795 1483 978 1556 θερινή
1033 1479 1214 1554 δυσμὴ
1262 1481 1354 1536 καὶ
1392 1480 1632 1551 ἀνατολὴ
1682 1490 1785 1552 τῆς
1842 1503 2041 1559 χειμε-

386 1574 538 1646 ρινῆς
599 1566 943 1646 μεσημϐρίας
999 1569 1362 1648 ἀφίστανται.
1425 1571 1524 1625 Καὶ
1583 1568 1673 1625 διὰ
1726 1576 1888 1626 τοῦτο
1943 1572 2039 1626 κάν

383 1665 464 1733 τῷ
497 1658 646 1733 μέσῳ
691 1667 796 1731 τῆς
842 1666 1167 1737 χειμερινῆς
1215 1658 1424 1736 ἡμέρας
1467 1657 1584 1736 ἔχει
1631 1660 1797 1716 τόπον
1848 1663 1883 1731 ἡ
1939 1657 2042 1737 ἷ¹ρις

386 1747 521 1825 ὑπὲρ
571 1755 678 1824 γῆν
724 1749 776 1805 έν
821 1750 868 1822 ᾧ
918 1748 1142 1820 συσταίη
1195 1749 1278 1804 ἂν.
1329 1748 1528 1824 Θέρους
1575 1747 1634 1804 δὲ
1679 1757 1781 1820 τῆς
1830 1752 2041 1828 ἡμέρας

389 1838 659 1912 μεσούσης
691 1839 754 1894 οὐ
804 1836 1025 1894 δύναται
1077 1844 1308 1917 φανῆναι
1358 1835 1448 1893 διὰ
1495 1839 1558 1894 τὸ
1609 1840 1685 1912 μή
1727 1835 1873 1915 ἔχειν
1908 1840 2039 1914 ὑπὲρ

383 1933 488 2002 γῆν
545 1925 713 1983 τόπον
768 1928 1093 1989 συστάσεως.
1148 1927 1250 1981 Καὶ
1290 1926 1392 2003 γὰρ
1449 1929 1484 1996 ἡ
1536 1929 1822 2004 χειμερινή
1858 1926 2037 2003 δυσμὴ

2152 680 2530 737 elevationem
2562 681 2788 752 majora
2815 679 3168 736 circulorum
3199 682 3503 751 segmenta
3522 678 3796 748 habeant,

2152 786 2256 844 per
2284 787 2410 842 quae
2440 770 2582 825 dum
2613 769 2699 825 sol
2729 773 2929 825 aestate
2958 772 3245 837 movetur,
3279 767 3404 822 dies
3433 765 3640 839 longos
3671 766 3798 822 effi-

2151 860 2266 926 cit;
2299 858 2742 915 australissimae
2787 863 2983 914 autem
3015 862 3211 929 partes
3261 854 3520 911 vicissim
3552 855 3802 910 minima

2151 953 2454 1021 segmenta
2495 947 2844 1004 circulorum
2895 965 3076 1020 supra
3120 952 3336 1002 terram
3391 945 3665 1011 habeant,
3697 960 3802 1016 per

2151 1055 2279 1111 quae
2313 1040 2452 1093 dum
2485 1037 2571 1093 sol
2601 1037 2795 1093 hieme
2844 1041 3130 1104 movetur,
3163 1036 3288 1091 dies
3339 1034 3541 1090 breves
3569 1032 3750 1088 efﬁcit
3782 1049 3795 1088 ε

2150 1131 2460 1200 eapropter
2487 1126 2680 1182 hieme
2705 1126 2943 1197 quidem
2974 1126 3078 1180 iris
3109 1125 3167 1179 in
3200 1139 3434 1180 summo
3464 1122 3642 1178 etiam
3672 1138 3801 1177 me-

2151 1215 2296 1271 ridie
2317 1231 2597 1288 apparere
2617 1219 2825 1286 potest.
2847 1213 3096 1270 Multum
3114 1213 3269 1268 enim
3293 1211 3530 1268 aestivus
3557 1226 3800 1266 occasus

2150 1309 2207 1360 et
2235 1309 2398 1360 ortus
2429 1305 2500 1359 ab
2532 1304 2777 1359 hiberno
2822 1305 3040 1359 absunt
3088 1301 3351 1357 meridie.
3383 1304 3464 1355 Ac
3493 1303 3802 1371 eapropter

2150 1394 2326 1449 etiam
2357 1393 2417 1448 in
2453 1394 2642 1448 medio
2664 1393 2776 1448 diei
2810 1392 3038 1448 hiberni
3059 1392 3213 1449 250
3244 1407 3427 1462 supra
3455 1393 3674 1445 terram
3695 1387 3799 1444 iris

2149 1482 2341 1538 locum
2373 1483 2568 1549 habet,
2600 1484 2658 1538 in
2691 1499 2807 1553 quo
2829 1481 3110 1537 consistat
3142 1499 3155 1535 :
3189 1484 3388 1536 aestate
3417 1483 3616 1534 autem
3647 1476 3800 1534 circa

2151 1572 2410 1628 medium
2465 1573 2620 1626 diem
2665 1587 2944 1643 apparere
2994 1587 3110 1626 non
3160 1573 3368 1641 potest,
3401 1567 3558 1640 quod
3603 1566 3798 1623 locum

2151 1661 2508 1718 consistendi
2568 1677 2748 1732 supra
2801 1664 3019 1716 terram
3069 1675 3185 1714 non
3230 1657 3462 1713 habeat.
3504 1655 3798 1712 Hibernus

2149 1751 2304 1808 enim
2338 1767 2583 1806 occasus
2630 1755 2688 1805 et
2727 1753 2891 1805 ortus
2921 1750 2993 1804 ab
3040 1747 3243 1804 aestivo
3293 1745 3536 1802 meridie
3585 1761 3797 1818 parum

2151 1839 2384 1897 absunt.
2432 1840 2592 1896 Unde
2652 1839 2827 1895 etiam
2875 1838 3030 1893 infra
3076 1837 3438 1892 horizontem
3487 1834 3799 1890 universus

2150 1929 2319 1986 iridis
2347 1928 2604 1985 circulus
2636 1926 3004 2001 intelligitur.

381 2015 473 2071 καὶ
505 2014 744 2086 ἀνατολὴ
769 2023 870 2087 τῆς
899 2023 1116 2094 θερινῆς
1149 2011 1494 2094 μεσημϐρίας
1529 2015 1712 2094 ὀλίγον
1747 2017 2082 2097 ἀφίστανται,
2115 2016 2232 2074 ὅθεν
2265 2017 2355 2073 καὶ
2389 2015 2492 2073 ὑπὸ
2520 2018 2612 2073 τὸν
2646 2017 2899 2093 ὁρίζοντα
2925 2020 3126 2070 νοεῖται
3147 2013 3273 2070 τότε
3301 2032 3516 2087 συμπας
3547 2012 3575 2068 ὁ
3597 2010 3798 2074 κύκλος

383 2112 485 2176 τῆς
517 2103 716 2182 ἴριδος.

1680 2307 2020 2364 SYNOPSIS
2059 2306 2341 2363 CAPITIS
2378 2306 2574 2376 XXIII,

381 2417 536 2467 QUOD
591 2419 694 2460 EST
729 2419 804 2459 DE
854 2420 1048 2460 VIBGIS
1099 2420 1205 2460 SEU
1265 2419 1535 2473 BACILLIS,
1594 2421 1918 2472 PARHELIIS,
1959 2422 2069 2462 HOC
2107 2423 2207 2461 EST
2245 2421 2544 2462 GEMINATIS
2588 2422 2689 2462 VEL
2725 2419 3105 2460 ADULTERINIS
3138 2419 3367 2459 SOLIBUS
3422 2417 3493 2458 AC
3555 2415 3801 2456 INSUPEB

1339 2492 1509 2532 ETIAM
1545 2493 1618 2533 DE
1658 2491 1994 2534 ME'I‘ALLICIS
2034 2495 2093 2534 IN
2129 2495 2338 2544 TERRA,
2377 2494 2444 2532 ET
2481 2493 2835 2532 FOSSILIBUS.

387 2590 438 2645 1.
473 2589 743 2664 Quomodo
786 2592 973 2664 virgae
1024 2598 1372 2664 generentur,
1434 2597 1488 2648 et
1539 2609 1642 2648 cur
1691 2595 1775 2649 ita
1821 2598 2102 2649 vocentur.
2135 2625 2204 2634 —
2260 2593 2316 2647 2.
2376 2591 2654 2660 Quomodo
2707 2591 2968 2664 parhelii,
3002 2591 3114 2664 hoe_
3154 2595 3258 2664 est,
3287 2589 3577 2664 gminati,
3605 2587 3690 2644 vel
3716 2587 3800 2658 (ut

456 2661 802 2734 aliiqvoeant)
829 2661 1135 2734 adulteﬁni
1159 2664 1299 2718 soles

1336 2664 1491 2733 ﬁant.
1524 2693 1594 2704 —-
1617 2664 1670 2737 3.
1702 2665 1767 2737 Et
1795 2667 1962 2737 virga
2007 2674 2058 2720 et
2083 2665 2333 2737 par/aelii
2362 2681 2432 2721 ea:
2477 2660 2893 2737 obliquitalzbas
2919 2679 3026 2737 seu,
3045 2662 3116 2717 ad
3146 2660 3322 2737 latera
3347 2660 3485 2737 solis
3515 2661 3676 2737 ﬁant,
3737 2675 3801 2714 in

455 2732 724 2807 mediocri
751 2732 937 2789 tamen
989 2733 1282 2807 distantia.
1315 2732 1385 2775 4-—
1431 2737 1482 2791 4.
1515 2736 1767 2791 Parhetii
1795 2740 1846 2791 et
1884 2732 2098 2807 'virgae'
2129 2737 2270 2806 ﬁunt
2317 2743 2379 2791 ut
2435 2732 2741 2806 pluriinum
2770 2736 2881 2790 sole
2937 2735 3149 2790 oriente
3197 2733 3300 2807 vel,
3336 2732 3628 2807 occidente,
3663 2746 3796 2807 rara

455 2805 822 2879 animinon“.
875 2835 946 2846 -—
991 2806 1046 2860 5.
1081 2806 1332 2879 Parhelii
1376 2809 1429 2861 et
1482 2808 1657 2878 virgae
1685 2816 1814 2863 sunt
1867 2802 2030 2879 aqua?
2055 2802 2152 2864 sea
2172 2802 2492 2879 pluviarum
2517 2809 2697 2878 signa,
2749 2808 2928 2877 magis
2951 2805 3438 2879 ftamenparhelii.
3473 2835 3540 2846 —
3568 2805 3623 2858 6.
3658 2802 3796 2879 ροη-

455 2876 629 2950 cladit
686 2876 1112 2950 disputationem
1145 2878 1236 2950 ide
1262 2879 1515 2934 meteoris
1563 2874 1598 2934 ὰ
1655 2881 1836 2935 causis
1865 2874 2048 2935 eorum
2106 2874 2351 2946 repetitis
2374 2897 2396 2941 ;
2444 2874 3013 2950 quorum'mate'rialis
3043 2874 3267 2950 quidem
3293 2892 3462 2932 causa
3487 2883 3567 2950 est
3593 2874 3678 2930 vel
3702 2891 3796 2929 oa-

455 2946 588 3019 pida
619 2947 702 3002 vel

730 2947 956 3022 [timida
983 2947 1274 3022 exhalatio
1301 2951 1364 3004 in
1393 2965 1575 3005 aerem
1604 2954 1785 3006 evecta
1813 2968 1833 3013 ;
1880 2957 2046 3021 atque
2075 2953 2159 3006 ita
2187 2952 2257 3007 ad
2284 2947 2577 3006 secundam
2603 2958 2820 3022 partem
2847 2947 3186 3022 capitis'sibi
3211 2948 3360 3022 viam
3385 2947 3587 3002 sternit
3616 2949 3800 3022 trans:

457 3017 629 3089 itque.
693 3017 745 3058 —'
794 3020 1112 3095 Exhaltatio
1177 3021 1330 3076 enim
1380 3022 1580 3095 vapida
1620 3030 1674 3077 et
1719 3017 1964 3095 futmz‘da
1987 3025 2175 3095 Arzntra
2240 3024 2389 3080 251
2443 3017 2648 3077 terrain
2714 3017 2998 3095 conclusa,
3034 3036 3170 3095 _nee_
3195 3019 3376 3095 adnue
3419 3024 3662 3095 secreta,
3707 3017 3802 3095 sed

457 3105 802 3146 eonereseens
845 3095 897 3145 et
944 3091 1285 3160 denseseens,
1329 3091 1727 3149 metalieorum’
1760 3102 1814 3149 et

1860 3093 2141 3164 fossilium
2182 3103 2261 3150 est
2303 3111 2471 3149 causa
2519 3093 2855 3149 materialis.
2906 3124 2976 3132 —
3023 3093 3076 3147 8.
3127 3092 3429 3164 ΕὀιςείιίιιηιΔ
3457 3090 3697 3164 materia
3723 3092 3804 3143 est

461 3161 689 3244 [timida-
704 3162 994 3244 evagatio
1021 3179 1259 3244 quorum
1282 3165 1451 3244 etiam
1497 3166 1747 3244 exempla
1775 3161 2017 3236 subjicit.
2050 3197 2118 3244 —_
2163 3166 2218 3220 9.
2263 3167 2656 3244 Mewllieorum
2694 3166 2931 3244 materia
2975 3162 3294 3244 estvapida
3334 3161 3619 3244 exhalatio
3676 3174 3802 3244 ᾳιιεκ

455 3233 623 3315 etiam
651 3232 852 3315 dividit
881 3233 944 3287 in
971 3232 1188 3315 eaquae
1232 3235 1568 3315 tunduntur,
1619 3232 1670 3315 et
1717 3238 1779 3292 in
1802 3232 1884 3292 ea'
1908 3251 2039 3315 quae
2083 3237 2362 3315 ducantur
2379 3255 2400 3300 ,·
2432 3237 2737 3309 horumque
2763 3238 2882 3292 alia
2908 3236 3007 3291 uri
3026 3243 3079 3291 et
3109 3232 3514 3306 rnbiginescere
3535 3234 3642 3301 ait,
3675 3233 3794 3288 alia

454 3305 711 3372 minime,
737 3313 800 3360 ut
826 3321 1048 3374 aurum,
1069 3305 1141 3361 ’de
1166 3305 1324 3377 cuius
1347 3313 1557 3363 natura
1585 3308 1872 3380 aliquanto
1895 3305 2066 3381 plura
2091 3309 2332 3382 subjicit.

1003 3540 1262 3592 ΚΕΦΑΛ.
1303 3538 1429 3594 KI".

416 3619 549 3697 Περὶ
581 3616 794 3699 ῥάϐδων
825 3624 918 3678 καὶ
939 3623 1260 3704 παρηλίων,
1291 3623 1371 3704 ἔτι
1403 3623 1462 3682 δὲ
1488 3626 1580 3682 καὶ
1608 3631 1717 3684 τῶν
1751 3626 1804 3684 έν
1831 3632 1900 3703 τῇ
1931 3631 2006 3704 γῆ

801 3694 1183 3768 μεὐαλλευτῶν
1214 3694 1310 3753 καὶ
1341 3697 1612 3774 ὀρυκτῶν.
1701 3727 1704 3730 ’

453 3802 519 3859 α’.
571 3801 729 3856 Ὅταν
793 3800 854 3857 ἐκ
911 3800 1166 3878 πλαγίων
1224 3808 1325 3859 τοῦ
1382 3802 1550 3874 ἡλίου
1592 3807 1819 3882 γένηταί
1859 3827 1912 3863 τι
1956 3806 2041 3863 νέ-

381 3910 505 3965 φος,
559 3891 658 3959 τὴν
719 3889 968 3946 σύστασιν
1024 3890 1155 3967 ἔχον
1215 3891 1534 3966 ἀνώμαλον,
1594 3895 1668 3958 ὡς
1726 3896 1858 3951 εἶναι
1909 3898 2046 3951 κατά

354 3979 480 4068 ,μέν
530 4001 584 4034 τι
648 3981 812 4056 μέρος
859 3979 1084 4048 πυκνόν,
1133 3983 1272 4038 κατὰ
1318 3980 1378 4038 δέ
1424 4005 1477 4039 τι
1531 3985 1720 4056 μανὸν,
1771 3985 1861 4040 καὶ
1907 3986 2044 4040 κατά

380 4081 434 4124 τι
495 4070 590 4142 μὶν
637 4066 1098 4144 ὑδατωδέστερον,
1156 4073 1295 4126 κατά
1339 4091 1395 4125 τι
1441 4070 1862 4150 ἀερωδέστερον*
1918 4075 2043 4130 τότε

381 4159 519 4234 πρὸς
569 4159 663 4214 τὸν
721 4156 884 4228 ἣλιον
943 4158 1006 4214 ἐκ
1057 4164 1155 4214 τοῦ
1209 4159 1464 4216 τοιούτου
1511 4161 1705 4240 νέφους
1751 4164 2043 4240 γινομένης

380 4254 479 4318 τῆς
530 4245 902 4318 ἀνακλάσεως,
957 4245 1049 4302 διὰ
1102 4249 1198 4320 μὶν
1245 4250 1344 4318 τὴν
1393 4250 1736 4326 σμικρότητα
1778 4257 1886 4307 τῶν
1916 4273 2043 4308 κατ-

379 4337 597 4414 όπτρων
655 4335 763 4412 οὐχ
803 4337 994 4410 ὁρᾶται
1051 4336 1115 4392 τὸ
1171 4345 1370 4414 σχῆμα
1421 4340 1485 4394 τὸ
1542 4339 1804 4409 ἡλιακόν·
1863 4341 1926 4396 τὸ
1983 4339 2043 4397 δὲ

377 4431 477 4482 τοῦ
526 4423 696 4496 ἡλίου
771 4429 982 4503 χρῶμα
1029 4425 1352 4506 ἐμφαίνεται
1418 4430 1556 4484 κατά
1608 4451 1662 4484 τι
1723 4429 1816 4504 μὲν
1875 4429 2039 4507 μέρος

376 4519 476 4570 τοῦ
523 4512 720 4592 νέφους
773 4517 1077 4591 φοινικοῦν,
1129 4515 1270 4569 κατά
1313 4535 1367 4569 τι
1409 4511 1470 4570 δὲ
1495 4513 1754 4591 πράσινον
1785 4517 1822 4585 ἢ
1854 4515 2037 4587 ξανθὸν

380 4599 473 4658 διὰ
500 4603 602 4671 τὴν
637 4601 961 4675 ἀνωμαλίαν
991 4607 1091 4658 τοῦ
1119 4604 1315 4683 νέφους
1343 4603 1434 4659 καὶ
1463 4606 1561 4674 τήν
1583 4609 1693 4660 τῶν
1725 4604 2042 4678 κατόπτρων

371 4686 774 4763 ἀνομοιότητα.

455 4779 522 4856 β’.
585 4777 826 4835 Καλοῦσι
887 4776 948 4835 δὲ
1006 4774 1243 4856 ῥάϐδους
1297 4780 1394 4844 τὰς
1449 4780 1703 4844 τοιαύτας
1754 4778 2036 4859 ἐμφάσεις,

2074 3542 2124 3609 Β

2738 3539 2970 3596 CAPUT
3006 3537 3201 3595 XXIII.

2150 3631 2228 3687 De
2252 3631 2432 3700 virgis
2459 3634 2512 3686 et
2537 3629 2826 3702 parheliis,
2859 3630 3087 3702 insuper
3134 3628 3200 3684 de
3229 3627 3530 3684 metallicis
3553 3624 3614 3680 in
3641 3629 3804 3681 terra

2775 3709 2828 3757 et
2854 3701 3167 3772 fossilibus.

2225 3808 2276 3862 1.
2309 3813 2453 3863 Cum
2501 3823 2571 3863 ex
2617 3806 3063 3876 obliquitatibus
3111 3804 3252 3861 solis
3295 3802 3470 3858 fuerit
3517 3801 3716 3875 aliqua
3757 3802 3805 3837 3°

2155 3896 2362 3966 nubes,
2409 3895 2838 3951 concretionem
2890 3894 3114 3950 habens
3163 3889 3598 3964 inaequabilem,
3631 3895 3696 3945 ut
3725 3889 3803 3945 sit

2153 3983 2349 4055 aliqua
2398 3984 2636 4056 quidem
2686 4001 2756 4040 ex
2793 3987 2958 4055 parte
3005 3983 3209 4048 densa,
3241 3996 3311 4036 ex
3359 3978 3558 4050 aliqua
3604 3983 3800 4034 autem

2153 4089 2307 4140 rara,
2338 4077 2396 4128 et
2427 4071 2626 4143 aliqua
2652 4089 2721 4128 ex
2751 4075 2914 4143 parte
2943 4070 3242 4143 aquosior,
3273 4085 3343 4125 ex
3371 4067 3569 4139 aliqua
3599 4069 3798 4122 autem

2154 4161 2344 4234 magis
2376 4177 2563 4229 aerea,
2597 4167 2736 4217 tunc
2765 4161 3000 4233 quando
3030 4177 3099 4215 ex
3145 4156 3506 4230 ejuscemodi
3539 4156 3695 4211 nube
3725 4156 3797 4211 ad

2152 4250 2336 4306 solem
2370 4250 2436 4305 ﬁt
2463 4249 2750 4318 refractio,
2785 4250 2857 4306 ob
2907 4248 3284 4322 exiguitatem
3315 4247 3551 4318 quidem
3591 4261 3797 4317 specu-

2151 4337 2344 4395 lorum
2376 4355 2490 4394 non
2524 4339 2783 4395 cernitur
2827 4338 3017 4411 ﬁgura
3058 4336 3288 4403 solaris,
3317 4337 3420 4391 sed
3467 4335 3628 4390 color
3655 4332 3799 4390 solis

2150 4427 2296 4484 inibi
2346 4428 2405 4484 in
2455 4427 2654 4499 aliqua
2700 4427 2940 4499 quidem
2998 4431 3182 4499 parte,
3251 4424 3426 4481 nubis
3483 4423 3795 4496 puniceus,

2147 4516 2210 4572 in
2279 4516 2476 4589 aliqua
2543 4521 2740 4573 autem
2823 4516 3028 4572 viridis
3106 4514 3195 4571 vel
3276 4514 3496 4580 ﬂavus,
3565 4515 3802 4585 propter

2151 4605 2328 4662 nubis
2359 4605 2880 4678 inaequabilitatem
2914 4609 2974 4660 et
3019 4603 3394 4677 speculorum
3421 4600 3798 4658 dissimilitu-

2149 4695 2349 4752 dinem
2379 4699 2641 4768 apparet.

2219 4786 2276 4842 2.
2305 4785 2589 4840 Gaaterum
2621 4782 2980 4854 ejuscemodi
3023 4781 3444 4855 apparitiones,
3473 4780 3670 4853 virgas
3697 4795 3803 4835 vo-

375 4865 464 4922 ηὲτι
519 4868 637 4924 κατ’
685 4866 896 4932 εὐθείας
931 4868 1174 4943 ὁρῶνται
1221 4891 1377 4932 τινας
1410 4910 1422 4924 .
1475 4871 1634 4925 Ὅταν
1695 4867 1755 4924 δὲ
1803 4874 1904 4926 τοῦ
1956 4870 2038 4926 νέ-

2154 4878 2308 4944 cant,
2328 4873 2483 4946 quod
2503 4871 2828 4929 secundum
2858 4877 3049 4927 rectas
3079 4871 3307 4943 aliquas
3329 4869 3516 4925 lineas
3535 4872 3802 4941 specten-

375 4970 518 5036 (ρους
563 4957 600 5027 ἦ
646 4956 898 5021 σύστασις
949 4956 1162 5031 ὁμοίως
1210 4959 1435 5035 ὑπάρχῃ
1480 4961 1653 5030 πυκκῆ
1698 4958 1788 5014 καὶ
1839 4959 1916 5022 ὡς
1951 4959 2038 5015 ὅτι

2154 4967 2265 5018 tur.
2295 4963 2442 5018 Cum
2465 4967 2659 5017 autem
2701 4961 2878 5016 nubis
2911 4961 3201 5016 concretio
3231 4957 3504 5015 similiter
3531 4957 3716 5013 densa
3743 4960 3804 5012 et

373 5043 622 5120 μάλιστα
653 5043 901 5120 ὁμαλής,
931 5041 1058 5102 τότε
1105 5043 1195 5103 διὰ
1221 5048 1322 5118 τήν
1355 5047 1659 5122 ὁμοιότητα
1696 5053 1806 5104 τῶν
1837 5048 2040 5104 κατόπ-

371 5151 521 5211 τρων
578 5133 671 5190 καὶ
717 5135 822 5205 ’τὴν
881 5135 1211 5210 ὁμαλότητα
1265 5144 1371 5207 τῆς
1429 5139 1734 5199 συστάσεως
1781 5138 2043 5216 φαντασία

372 5223 577 5301 γίνεται
621 5229 924 5301 χρώματος
967 5225 1094 5288 εὲνός
1136 5230 1429 5303 συνεχοῦς,
1485 5224 1631 5282 ἀλλὰ
1662 5223 1730 5296 δὴ
1761 5227 1850 5281 καὶ
1894 5224 2038 5300 λαμ-

371 5317 519 5393 προῦ
559 5314 657 5371 καὶ
699 5312 923 5372 ιλειηιοῦ.
976 5314 1076 5370 Διά
1123 5315 1230 5393 γὰρ
1273 5318 1375 5386 τήν
1424 5315 1743 5387 πυκνότητα
1777 5315 1868 5370 καὶ
1899 5317 2037 5390 ὁμα-

373 5402 585 5476 λότητα
637 5410 739 5475 τῆς
798 5404 1104 5467 συστάσεως
1133 5449 1154 5478 ,
1213 5406 1329 5480 ἅμα
1383 5426 1445 5462 τε
1517 5406 1656 5483 πρὸς
1708 5404 1877 5474 αὐτὴν
1928 5409 2036 5461 τῶν

364 5487 556 5568 ’ὄψεων
614 5496 960 5565 πιπτουσῶν,
1019 5493 1111 5548 καὶ
1170 5490 1286 5568 ἅμα
1340 5495 1478 5572 πρὸς
1529 5496 1650 5551 τὸν
1691 5492 1854 5563 ἥλιον
1908 5494 2036 5550 ἀνα-

369 5581 702 5658 κλωμένων,
756 5581 822 5638 τὸ
880 5585 979 5636 τοῦ
1035 5579 1202 5652 ἡλίου
1257 5588 1465 5661 χρῶμα
1513 5581 1831 5663 ἐμφαίνεται
1872 5585 2036 5639 καθα-

376 5671 489 5750 ρόν·
523 5669 704 5749 ὥσπερ
733 5670 825 5726 καὶ
872 5669 981 5726 ἀπὸ
1028 5669 1244 5747 χαλκοῦ
1285 5672 1438 5729 λείου
1484 5681 1586 5744 τῆς
1634 5668 1812 5748 ὅψεως
1840 5671 2033 5748 ἀθρόον

449 5799 496 5836 ³ο
523 5798 559 5855 3
584 5798 823 5858 Msteor.
856 5815 908 5857 c.
941 5800 999 5858 6.

2150 5069 2331 5124 quam
2363 5052 2617 5107 maxime
2645 5049 2951 5122 aequabilis
2979 5050 3318 5121 fuerit,tum
3350 5051 3587 5120 propter
3602 5061 3806 5118 specu-

2147 5140 2338 5197 lorum
2361 5139 2812 5196 similitudinem
2841 5143 2900 5194 et
2914 5138 3300 5194 concretionis
3318 5133 3800 5208 aequabilitatem,

2150 5231 2304 5289 252
2341 5230 2516 5286 unius
2567 5228 2816 5300 alicujus
2847 5227 3109 5284 continui
3156 5226 3370 5283 coloris
3417 5223 3642 5297 species
3672 5222 3803 5278 efﬁ-
3891 5243 3893 5250 ·

2149 5320 2323 5388 citur,
2355 5325 2414 5374 et
2442 5317 2734 5391 splendidi
2785 5316 3027 5388 quidem
3076 5315 3332 5388 albique.
3365 5313 3514 5369 Nam
3561 5315 3803 5385 propter

2148 5407 2534 5465 concretionis
2591 5404 2946 5462 densitatem
3003 5409 3061 5461 et
3111 5403 3596 5476 mquabilitatem,
3655 5399 3802 5454 dum

2147 5496 2328 5555 simul
2375 5500 2434 5552 et
2478 5499 2751 5567 aspectus
2799 5493 2859 5548 in
2889 5509 3019 5549 eam
3069 5494 3360 5563 incidunt,
3392 5497 3452 5548 et
3497 5487 3678 5546 simul
3724 5487 3800 5544 ad

2147 5587 2330 5644 solem
2376 5585 2801 5657 refringuntur,
2827 5582 2984 5638 color
3031 5583 3173 5639 solis
3221 5599 3406 5656 purus
3431 5580 3491 5636 in
3522 5595 3592 5636 ea
3619 5593 3802 5650 appa-

2151 5680 2280 5746 ret;
2333 5671 2833 5748 quemadmodum
2881 5670 3057 5727 etiam
3107 5688 3241 5728 cum
3275 5672 3346 5728 ab
3394 5685 3503 5727 aere
3538 5665 3803 5740 laevigato
