4114 6422
331 405 483 468 1211

1586 419 2010 482 ΝΙΟΕΡΗΟΒΙ
2054 421 2493 485 ΒΒΕΜΜΙΒΑΞ

3595 428 3773 492 1212

331 543 496 598 visus
526 543 831 600 confertim
863 545 1224 620 refringitur,
1254 567 1426 608 verus
1456 554 1584 637 ejus
1615 555 1770 626 quod
1793 556 1982 611 cerni-

2110 553 2492 628 ὶνακλωμένης
2529 598 2543 623 ,
2602 555 2665 612 τὸ
2727 554 2988 625 ἀληθινὸν
3054 559 3151 611 τοῦ
3209 557 3493 634 ὁρωμένου
3549 565 3784 637 χρῶμα

333 636 432 688 tur
459 631 617 687 color
646 638 884 705 propter
912 637 1232 694 confertam
1263 628 1670 698 refractionem
1698 651 1938 715 apparet
1961 670 1976 712 ;

338 737 464 794 qua
496 723 562 777 fit
590 722 649 777 in
699 739 829 779 aere
858 730 1096 798 propter
1141 731 1581 801 compositionis
1630 732 1979 790 densitatem

333 815 390 867 et
420 813 896 884 equabilitatem.

403 903 462 958 3.
501 903 580 957 Ex
623 902 1069 975 obliquitatibus
1119 911 1312 964 autem
1345 909 1486 966 solis
1529 915 1586 965 et
1630 911 1805 984 virgae
1835 913 1984 966 ﬁunt

329 994 387 1046 et
416 990 682 1063 parhelii,
705 994 776 1047 ad
805 997 999 1064 partes
1027 995 1293 1053 videlicet
1314 999 1456 1054 solis
1487 1001 1985 1072 septentrionalio—

331 1095 426 1135 res
455 1083 513 1135 et
563 1081 960 1139 australiores.
995 1085 1270 1141 Mediocri
1320 1088 1476 1144 enim
1525 1088 1805 1145 distantia
1835 1107 1984 1163 opus

333 1172 441 1235 est,
475 1185 594 1240 qua
643 1171 934 1242 ejusmodi
985 1177 1382 1232 concretiones
1413 1195 1447 1232 a
1477 1177 1598 1234 sole
1647 1179 1887 1244 distent.
1924 1181 1980 1236 Si

335 1257 493 1312 enim
521 1258 838 1315 admodum
863 1262 1122 1331 proxime
1140 1264 1322 1320 solem
1351 1267 1988 1336 fuerint,dissolventur

339 1345 412 1401 ab
445 1363 547 1413 eo;
578 1347 669 1402 sin
702 1354 896 1405 autem
944 1350 1287 1423 longissime
1335 1356 1646 1423 abfuerint,
1691 1357 1987 1412 refractio—

341 1450 474 1490 nem
508 1453 622 1491 non
667 1439 1000 1494 servabunt.
1032 1441 1176 1496 Cum
1206 1443 1361 1498 enim
1409 1445 1480 1500 ab
1511 1445 1718 1516 exigua
1747 1462 1986 1502 concre-

341 1525 497 1580 tione
526 1530 587 1579 ut
630 1543 663 1580 a
693 1543 866 1598 parvo
914 1530 1150 1600 speculo
1199 1532 1467 1588 refractio
1499 1535 1659 1589 visus
1692 1534 1862 1606 longe
1892 1552 1987 1591 ex-

339 1614 615 1681 tenditur,
650 1620 790 1671 tunc
819 1618 1022 1689 utique
1053 1620 1268 1676 deficit.
1312 1622 1660 1678 Mediocrem
1692 1624 1872 1695 igitur
1900 1625 1986 1680 di-

340 1704 617 1758 stantiam
652 1706 722 1761 de
753 1723 870 1767 qua
890 1708 1110 1764 dictum
1143 1716 1251 1775 est,
1276 1712 1335 1766 in
1369 1711 1511 1767 solis
1542 1711 1988 1784 obliquitatibus

339 1793 607 1848 eamdem
653 1811 883 1867 semper
927 1803 1256 1854 manentem
1310 1800 1569 1857 invenire
1615 1801 1796 1858 licet:
1830 1804 1986 1875 quod

2088 643 2402 722 ἐμφαίνεται
2458 642 2548 700 διὰ
2601 646 2702 714 τήν
2761 644 2959 721 ἀθρόαν
3021 643 3338 717 ἀνάκλασιν,
3387 647 3518 717 ἥτισ
3547 650 3773 725 γίνεται

2088 735 2183 788 κάν
2215 738 2295 806 τῷ
2324 732 2522 811 χαλκῷ
2574 732 2665 790 διὰ
2709 736 2810 805 τήν
2838 734 3152 806 πυκνότητα
3178 737 3268 791 xui
3301 735 3630 810 ὁμαλότητα
3659 747 3781 811 τῆς

2092 825 2416 886 συστάσεως.

2161 912 2230 984 γ’.
2261 917 2354 966 ’Ex
2407 910 2652 987 πλαγίων
2710 909 2769 966 δὲ
2822 916 2920 966 τοῦ
2973 909 3140 982 ἡλίου
3198 911 3287 968 καὶ
3345 914 3403 968 αἱ
3463 909 3664 990 ῥάϐδοι
3711 918 3778 971 οἱ

2090 998 2358 1073 παρήλιοι
2417 1000 2709 1076 γίνονται,
2768 1001 2908 1075 πρὸς
2971 1002 3039 1056 τὰ
3119 1001 3434 1079 βορειότερα
3494 1001 3776 1073 δηλονότι

2097 1088 2232 1165 μέρη
2284 1093 2381 1144 τοῦ
2432 1087 2596 1159 ἡλίου
2644 1089 2735 1144 καὶ
2793 1091 2862 1144 τὰ
2910 1091 3226 1165 νοτιώτερα.
3259 1097 3352 1146 Δεῖ
3389 1092 3495 1168 γὰρ
3553 1094 3776 1168 συμμέ-

2091 1197 2227 1253 τρου
2275 1177 2420 1240 τινὸς
2473 1175 2799 1241 διαστάσεως
2842 1177 2880 1253 ᾗ
2914 1177 2973 1234 ἃν
3022 1180 3354 1236 αἱτοιαῦται
3385 1183 3667 1244 συστάσεις
3710 1183 3775 1238 ἐκ

2092 1270 2189 1321 τοῦ
2237 1267 2405 1336 ἡλίου
2437 1265 2753 1322 διίσταιντο.
2813 1265 3046 1325 Μᾶλλον
3103 1269 3196 1341 μὲν
3245 1269 3349 1347 γὰρ
3395 1267 3620 1346 ἔγγιστα
3664 1277 3767 1328 τοῦ

2093 1355 2259 1425 ἡλίου
2289 1353 2711 1426 διαλυθήσονται
2760 1358 2847 1411 ὑπ’
2881 1355 3066 1412 αύτοῦο
3120 1357 3451 1434 πορῥώτατα
3506 1357 3562 1415 δὲ
3590 1360 3760 1414 πάλιν

2097 1445 2157 1500 οὐ
2208 1446 2443 1500 σώσουσι
2489 1447 2587 1515 τήν
2638 1444 2956 1500 ἀνάκλασιν.
2990 1447 3126 1501 Ἀπὸ
3169 1448 3272 1524 γάρ
3329 1445 3534 1523 ὀλίγης
3559 1448 3746 1504 συστά-

2097 1555 2231 1596 σεως
2282 1535 2358 1596 ὡς
2403 1535 2494 1589 ἀπ’
2543 1531 2803 1612 ἐνόπτρου
2870 1539 3067 1611 μικροῦ
3121 1535 3314 1613 πόρῥω
3372 1538 3407 1606 ἠ
3471 1537 3753 1600 ἀνάκλασις

2095 1630 2196 1693 τῆς
2255 1618 2431 1697 ὅψεως
2492 1624 2886 1697 ἀποτεινομένη
2948 1623 3240 1695 ἐξασθενεῖ.
3295 1627 3405 1695 Τὴν
3452 1624 3546 1680 οὖν
3604 1627 3762 1702 εἰρη-

2101 1713 2264 1785 μένην
2327 1710 2636 1787 σύμμετρον
2693 1709 2965 1767 διάστασιν
3028 1713 3078 1768 έν
3109 1718 3228 1776 τοῖς
3283 1718 3381 1769 τοῦ
3407 1713 3572 1784 ἡλίου
3614 1715 3762 1770 πλα-

2096 1801 2240 1876 γίοις
2299 1798 2439 1855 ἔστιν
2500 1801 2670 1876 εύρεῖν
2731 1801 2990 1875 μένουσαν
3045 1802 3127 1858 ἀεὶ
3183 1804 3279 1872 τὴν
3321 1803 3514 1875 αὐτὴν,
3565 1801 3661 1858 διὰ
3701 1805 3776 1860 τὸ

338 1894 527 1950 neque
557 1879 643 1936 sol
675 1898 778 1953 per
826 1888 1051 1939 motum
1084 1886 1493 1956 quotidianum
1548 1890 1619 1944 ad
1652 1889 1757 1946 bas
1790 1895 1984 1962 partes

2110 1892 2241 1962 ιιήτε
2293 1891 2570 1966 προσιέναι
2622 1891 2713 1945 τὸν
2777 1891 2938 1960 ἥλιον
2998 1891 3212 1954 τούτοις
3251 1898 3369 1955 τοῖς
3431 1894 3618 1969 μέρεσι
3674 1891 3775 1949 διά

341 1969 598 2034 accedat,
634 1986 823 2042 neque
851 1973 1113 2030 vicissim
1148 1977 1380 2032 recedat
1409 1979 1481 2034 ab
1512 1978 1664 2035 aliis.

412 2149 464 2202 4.
494 2149 774 2207 Praeterea
799 2153 1002 2208 eodem
1034 2153 1155 2210 sole
1186 2155 1257 2210 ad
1290 2159 1454 2212 ortus
1498 2162 1602 2213 aut
1644 2159 1797 2216 258
1825 2175 1990 2215 occa-

339 2254 442 2292 sus
473 2238 754 2294 existente
779 2241 1067 2313 contingit
1099 2244 1354 2300 maxime
1385 2250 1440 2300 et
1474 2246 1766 2318 parhelios
1797 2253 1854 2303 et
1881 2248 1991 2304 vir-

338 2341 443 2398 gas
491 2326 632 2382 fieri.
674 2327 821 2384 Nam
873 2334 937 2385 ut
984 2330 1302 2402 plurimum
1354 2350 1488 2389 cum
1544 2334 1604 2389 in
1641 2336 1830 2391 medio
1879 2353 1990 2392 cm-

337 2413 393 2471 lo
425 2415 782 2472 constitutus
819 2423 928 2482 est.
961 2421 1357 2478 concretiones
1390 2425 1751 2493 ejuscemodi
1782 2426 1992 2482 dissol-

338 2503 421 2558 vit
449 2509 504 2559 et
535 2503 831 2562 discernit.

411 2594 466 2647 5.
501 2597 670 2650 Porro
719 2613 882 2667 aqua:
931 2598 1100 2670 signa
1153 2599 1420 2672 [indices]
1475 2606 1615 2657 sunt
1644 2607 1701 2659 et
1748 2603 1992 2676 parhelii

344 2686 402 2738 et
435 2683 630 2756 virgae,
663 2688 719 2739 et
771 2686 960 2760 magis
1009 2689 1244 2760 quidem
1295 2690 1536 2761 parhelii
1589 2709 1765 2762 quam
1796 2693 1991 2766 virgae.

343 2772 646 2829 Concretio
677 2774 833 2830 enim
879 2793 1006 2847 quae
1052 2779 1358 2849 aequabilis
1403 2786 1457 2834 et
1489 2781 1764 2838 similiter
1812 2783 1996 2839 densa

344 2865 454 2928 est,
489 2863 706 2918 certius
738 2863 979 2930 indicat,
1014 2868 1171 2938 quod
1204 2885 1301 2923 aer
1332 2870 1404 2924 ad
1437 2871 1993 2928 transmutationem

341 2954 399 3005 et
427 2967 590 3022 aquae
619 2954 1052 3023 generationem
1084 2961 1216 3028 apte
1246 2962 1304 3014 et
1327 2961 1766 3017 accommodate
1797 2978 1858 3017 se
1890 2961 1995 3018 ha-

348 3039 499 3094 beat.

414 3129 469 3182 6.
503 3127 722 3184 Horum
754 3136 954 3188 autem
985 3135 1250 3190 omnium
1287 3136 1397 3193 hoc
1427 3143 1539 3202 est.
1572 3138 1994 3211 parheliorum,

342 3215 662 3288 virgarum,
695 3218 888 3287 Iridis,
919 3221 1149 3279 halonis
1199 3228 1466 3298 [coronae]
1498 3232 1556 3283 et
1586 3226 1834 3284 aliorum
1865 3231 1995 3300 ejus

345 3305 594 3378 generis,
623 3307 884 3364 efficiens
914 3327 1092 3368 causa
1121 3313 1389 3371 refractio
1420 3316 1652 3372 dicitur.
1685 3318 1755 3373 Et
1785 3299 1994 3374 rursus
2026 3299 2069 3366 C

346 3393 557 3450 horum
605 3395 865 3467 ipsorum
919 3400 1067 3455 roris
1115 3407 1173 3457 et
1223 3403 1464 3476 pruinae,
1499 3404 1706 3477 pluviae
1755 3407 1894 3462 item
1941 3411 1999 3463 et

344 3481 496 3538 nivis
543 3487 600 3538 et
645 3485 970 3556 grandinis,
1015 3493 1072 3544 et
1121 3489 1427 3558 similium,
1461 3509 1634 3549 causa
1677 3495 1998 3551 materialis

342 3575 432 3627 est
457 3571 668 3644 vapida
695 3573 982 3633 exhalatio
1008 3595 1022 3645 ;
1055 3579 1210 3634 sicut
1238 3580 1499 3637 vicissim
1532 3583 1779 3638 aliorum
1812 3585 1996 3640 fumi-

342 3659 437 3717 da.
496 3660 700 3725 Qualia
753 3663 936 3736 igitur
981 3667 1234 3740 duplicis
1281 3669 1669 3728 exbalationis
1715 3674 1843 3743 jam
1894 3692 1992 3730 su-

343 3749 516 3806 blatae
583 3751 702 3808 sint
767 3769 974 3825 opera,
1041 3757 1098 3812 in
1167 3760 1570 3831 superioribus
1637 3762 1997 3820 declaratum

345 3841 454 3895 est.

417 3929 508 3984 79.
549 3930 625 3984 At
672 3931 934 3988 nondum
992 3933 1224 3991 elevatae
1273 3938 1634 4009 ejuscemodi
1679 3940 1998 3998 exhalatio-

349 4019 461 4086 nis,
495 4036 686 4092 neque
717 4025 949 4077 secretae
975 4040 1008 4079 a
1039 4032 1210 4092 terra,
1245 4027 1346 4082 sed
1377 4027 1533 4083 infra
1559 4033 1777 4085 terram
1809 4031 1998 4087 inclu-

345 4125 444 4175 sae,
473 4112 532 4163 et
561 4112 725 4165 terrae
759 4112 1027 4182 partibus
1059 4114 1372 4185 permistis,
1407 4121 1464 4171 et
1514 4117 1594 4172 ita
1626 4135 1998 4176 concrescen-

345 4196 422 4252 tis
475 4196 1026 4273 spissescentisque,
1059 4204 1190 4260 duae
1238 4221 1548 4278 corporum
1605 4209 1827 4279 species
1867 4209 1998 4266 efﬁ-

347 4286 602 4355 ciuntur,
636 4304 886 4360 quorum
919 4291 1034 4347 alia
1079 4293 1387 4362 metallica,
1423 4295 1538 4351 alia
1583 4297 1809 4353 fossilia
1839 4302 1998 4355 sunt.

343 4375 411 4430 Et
460 4392 585 4447 quae
633 4377 870 4449 quidem
919 4381 962 4415 ²¹
1014 4382 1241 4438 fossilis.
1290 4388 1450 4450 sunt,
1483 4385 1721 4442 fumidaa
1767 4387 2000 4443 exhala-

342 4465 521 4521 tionis
551 4465 754 4522 eﬂ‘ecta
782 4473 961 4537 sunt;
1013 4475 1078 4526 ut
1110 4473 1266 4529 254
1315 4473 1577 4544 lapidum
1609 4491 1842 4547 genera,
1875 4494 2000 4549 quae

344 4570 587 4626 prorsus
617 4572 735 4611 non
767 4556 1106 4630 .liquantur,
1137 4565 1194 4616 et
1239 4561 1513 4634 sulphur,
1545 4567 1601 4620 et
1641 4567 1998 4636 arsenicum,

2097 1983 2198 2049 τῆς
2254 1981 2370 2044 καθ’
2424 1981 2633 2056 ἡμέραν
2688 1982 2978 2052 κινήσεως,
3044 1983 3171 2055 μήτ’
3225 1980 3290 2038 αὖ
3336 1982 3660 2059 ἀποχωρεῖν
3714 1983 3774 2054 ἐξ

2099 2068 2294 2124 αὐτῶν.

2173 2155 2233 2212 δ’.
2267 2163 2387 2212 ’Έτι
2443 2155 2502 2212 δὲ
2555 2158 2691 2232 πρὸς
2753 2157 3044 2222 ἀνατολαῖς
3104 2160 3140 2228 ἢ
3196 2157 3428 2233 δυσμαῖς
3472 2155 3634 2223 ὄντος
3669 2167 3779 2217 τοῦ

2100 2245 2265 2317 ἡλίου
2325 2241 2609 2320 συμϐαίνει
2673 2247 2915 2320 μάλιστα
2982 2247 3217 2323 γίνεσθαι
3272 2247 3399 2310 τοὺς
3450 2249 3782 2325 παρηλίους

2099 2358 2158 2391 τε
2212 2336 2302 2390 καὶ
2357 2337 2452 2398 τὰς
2506 2331 2755 2411 ῥάϐδους
2819 2336 2892 2398 ὡς
2951 2336 3038 2391 ἐπὶ
3096 2337 3159 2392 τὸ
3196 2336 3453 2392 πλεῖστον
3485 2339 3590 2413 γὰρ
3654 2337 3782 2394 δια-

2102 2423 2221 2480 λύει
2258 2447 2269 2459 ’
2333 2421 2591 2500 διακρίνει
2648 2425 2743 2486 τὰς
2813 2424 3066 2488 τοιαύτας
3126 2428 3404 2489 συστάσεις
3473 2448 3712 2502 μεσουρα
3748 2461 3776 2471 -

2103 2517 2233 2571 νῶν.

2175 2623 2228 2658 ε.
2290 2599 2518 2664 Ὕδατος
2569 2601 2627 2657 δὲ
2680 2607 2883 2676 σημεῖα
2937 2603 3028 2657 καὶ
3080 2603 3132 2658 oi
3161 2602 3429 2682 παρήλιοι
3458 2604 3550 2660 καὶ
3580 2605 3636 2659 αἱ
3669 2604 3773 2681 ῥά-

2104 2685 2226 2746 ϐδοι
2275 2691 2626 2768 τυγχάνουσι,
2676 2691 2766 2746 xui
2814 2695 2922 2746 τῶν
2975 2687 3188 2769 ῥάϐδων
3223 2691 3461 2766 μάλιστα
3503 2695 3556 2748 oi
3585 2695 3773 2771 παρή-

2106 2780 2240 2838 λιοι.
2301 2779 2527 2837 Μᾶλλον
2576 2780 2678 2856 γάρ
2726 2783 2761 2850 ἡ
2796 2778 3015 2854 ὁμαλής
3044 2779 3137 2836 xui
3167 2781 3380 2857 ὁμοίως
3409 2781 3543 2838 οὖσα
3589 2784 3770 2852 πυκνή

2105 2870 2355 2932 σύστασις
2407 2867 2732 2940 ἐπιτηδείως
2781 2866 2927 2945 ἔχειν
2981 2871 3075 2926 τὸν
3122 2870 3254 2948 ἀέρα
3303 2869 3472 2944 δηλοῖ
3497 2873 3631 2948 πρὸς
3669 2893 3771 2947 με-

2103 2954 2347 3030 ταϐολήν
2380 2979 2439 3015 τε
2468 2960 2558 3014 καὶ
2591 2959 2794 3036 γένεσιν
2818 2957 3034 3023 ὕδατος.

2178 3139 2241 3202 ς’.
2303 3143 2526 3193 Παντων
2584 3158 2642 3192 σε
2693 3158 2802 3192 των
2854 3136 3140 3211 τοιούτων,
3199 3135 3370 3216 ἤγουν
3431 3135 3714 3214 παρηλίων
3751 3185 3768 3210 ,

2109 3222 2339 3303 ῥέϐδων,
2402 3223 2599 3302 ἴριδος,
2661 3223 2802 3300 ἅλω,
2861 3226 2951 3282 καὶ
2997 3230 3106 3282 τῶν
3161 3226 3562 3302 παραπλησίων
3596 3224 3771 3282 οἳτιον

2109 3315 2392 3386 ποιητικὸν
2451 3317 2488 3384 ἡ
2540 3313 2833 3378 ἀνάκλασις
2888 3315 3138 3392 λέγεται,
3197 3316 3289 3371 καὶ
3345 3315 3554 3371 τούτων
3594 3315 3772 3371 αὐτῶν

2107 3401 2272 3459 πάλιν
2335 3400 2507 3458 αἴτιον
2567 3403 2754 3460 ὑλικὸν
2819 3401 3014 3481 δρόσου
3059 3405 3149 3460 καὶ
3197 3407 3438 3482 πάχνης,
3471 3400 3685 3479 ὄμϐρου
3713 3425 3774 3460 τε

2107 3493 2197 3548 καὶ
2231 3491 2416 3568 χιόνος
2444 3493 2532 3548 καὶ
2583 3491 2834 3567 χαλάζης
2886 3493 2977 3548 καὶ
3005 3497 3114 3549 τῶν
3148 3493 3357 3568 ὁμοίων
3389 3496 3425 3564 ἡ
3453 3491 3776 3568 άτμιδώδης

2111 3580 2489 3655 ἀναθυμίασις,
2543 3581 2726 3658 ὥσπερ
2773 3580 2842 3636 αὖ
2894 3581 3089 3660 ἐτέρων
3137 3585 3173 3653 ἡ
3219 3581 3538 3653 καπνώδης.
3583 3585 3776 3637 Ὀποῖα

2114 3672 2208 3744 μὲν
2241 3668 2330 3725 οὖν
2364 3670 2432 3725 τὰ
2469 3669 2598 3746 ἔργα
2645 3677 2749 3740 τῆς
2798 3667 2988 3742 διττῆς
3036 3671 3446 3745 ἀναθυμιάσεως
3488 3669 3599 3743 ἤδη
3651 3671 3774 3726 ἀνε-

2108 3758 2416 3836 νεχθείσης,
2451 3759 2479 3814 ὁ
2511 3757 2676 3836 λόγος
2708 3758 2910 3838 φθάσας
2942 3756 3212 3831 ἐδήλωσε.

2185 3938 2322 4007 ζ’·θ’-
2381 3939 2564 4008 Μήπω
2619 3935 2664 3992 δ’
2720 3936 3104 4013 ἀνενεχθείσης
3164 3943 3264 4007 τῆς
3317 3937 3580 4009 τοιαύτης
3625 3938 3780 3994 ἀνα-

2108 4027 2414 4101 θυμιάσεως
2477 4024 2620 4100 μηδὲ
2675 4024 3046 4103 διακριθείσης
3121 4027 3227 4082 άπὸ
3284 4033 3386 4098 τῆς
3442 4033 3570 4104 γῆς,
3643 4025 3787 4084 ἀλλ’

2111 4117 2214 4172 ὑπὸ
2288 4123 2390 4191 γῆν
2465 4115 3056 4192 ἐγκατακεκλεισμένης
3131 4115 3222 4171 καὶ
3300 4117 3776 4196 συμπεφυρμένης

2107 4210 2224 4267 τοῖς
2285 4204 2498 4282 μορίοις
2552 4212 2654 4275 τῆς
2705 4212 2827 4281 γῆς,
2886 4205 2978 4260 xui
3034 4204 3178 4260 οὕτω
3237 4208 3631 4281 συνισταμένης
3680 4207 3786 4263 καὶ

2109 4296 2485 4370 πηγνυμένης,
2545 4293 2641 4350 δύο
2699 4291 2816 4364 εἷ’δη
2886 4295 3154 4368 σωμάτων
3213 4295 3641 4351 ἀποτελοῦνταιο
3695 4297 3778 4352 ὧν

2108 4385 2176 4440 τὰ
2235 4385 2328 4458 μὲν
2395 4382 2736 4458 μεταλλευτὰ
2767 4431 2782 4456 ,
2841 4384 2909 4438 τὰ
2967 4380 3015 4438 δ’
3077 4383 3300 4460 ὀρυκτά.
3358 4383 3458 4440 Καὶ
3515 4383 3616 4440 ὅσα
3675 4385 3779 4459 μὶν

2111 4473 2331 4550 ὀρυκτὰ,
2389 4481 2490 4544 τῆς
2537 4470 2858 4535 καπνώδους
2917 4471 3326 4547 ἀναθυμιάσεως
3380 4471 3776 4547 ἐκτελέσματτν

2109 4564 2224 4618 οἷον
2259 4561 2427 4627 λίθων
2460 4563 2592 4637 γένη
2623 4564 2691 4617 τά
2741 4559 3006 4634 μηδόλως
3050 4561 3348 4636 τηκόμενα,
3377 4563 3467 4617 καὶ
3496 4563 3560 4618 τὸ
3604 4565 3780 4638 θεῖον,

346 4647 406 4698 et
453 4643 653 4717 siquid
704 4644 918 4702 simile.
953 4647 1088 4712 Quae
1137 4654 1334 4706 autem
1385 4656 1524 4708 sunt
1572 4653 1880 4725 metallica,
1933 4672 1992 4711 ea

2110 4651 2196 4706 xui
2251 4653 2315 4707 τὸ
2373 4651 2681 4728 ἀρῥενικὸν.
2741 4651 2832 4706 καὶ
2890 4647 2948 4705 εἷ’
2989 4671 3042 4705 τι
3089 4655 3362 4706 τοιοῦτον.
3414 4653 3552 4706 Ὅσα
3583 4649 3640 4707 δὲ
3673 4674 3778 4726 με·

341 4749 522 4805 vapor
565 4733 831 4790 absolvit.
884 4739 1016 4792 Haac
1063 4743 1261 4794 autem
1311 4745 1451 4796 sunt
1496 4745 1598 4796 aut
1645 4742 1863 4811 fusilia,
1898 4747 2000 4799 aut

345 4821 608 4894 ductilia,
641 4827 708 4878 ut
737 4823 977 4893 ferrum,
1005 4843 1106 4894 es,
1131 4844 1341 4883 aurum
1371 4834 1430 4884 et
1458 4829 1712 4899 similia;
1747 4848 2000 4904 quorum

343 4910 460 4966 alia
488 4915 742 4967 uruntur
772 4917 829 4968 et
875 4915 1204 4987 rubiginem
1255 4918 1631 4989 contrahunt,
1667 4924 1733 4975 ut
1781 4922 1997 4978 ferrum

343 5004 402 5056 et
423 5018 520 5072 aes,
551 5007 861 5074 propterea
883 5005 1036 5074 quod
1061 5005 1237 5061 etiam
1260 5006 1548 5064 fumidam
1571 5009 1999 5067 exhalationem

343 5090 712 5162 participent,
755 5095 812 5147 et
855 5094 1173 5150 essentiam
1206 5096 1394 5168 magis
1425 5102 1762 5154 terrestrem
1794 5102 2001 5157 sortita

345 5179 483 5236 sint.
507 5181 732 5235 Aurum
765 5188 962 5238 autem
997 5200 1182 5255 neque
1213 5185 1326 5255 uri,
1357 5201 1545 5258 neque
1567 5187 1999 5260 rubiginescere

343 5268 530 5336 aiunt,
565 5274 630 5325 ut
669 5271 826 5342 quod
858 5287 926 5326 ex
973 5289 1184 5345 vapore
1230 5291 1376 5345 puro
1406 5275 1465 5330 in
1498 5293 1684 5331 unum
1715 5283 1912 5334 coacto
1941 5283 2000 5334 et

345 5373 681 5429 compresso
731 5365 979 5428 constet,
1038 5366 1096 5417 et
1143 5363 1460 5419 essentiam
1509 5365 1701 5438 magis
1747 5384 1996 5440 aqueam

345 5446 669 5517 acceperit;
700 5452 757 5503 et
787 5455 1091 5522 eapropter
1118 5451 1343 5508 scilicet
1373 5455 1548 5510 etiam
1581 5455 1997 5527 gravissimum

343 5547 490 5590 esse.
507 5534 775 5593 Gravitas
791 5538 946 5594 enim
967 5544 1068 5596 aut
1084 5545 1318 5613 propter
1334 5545 1607 5611 terream,
1628 5547 1728 5599 aut
1745 5561 1994 5616 aqueam

415 5732 461 5769 ²¹
493 5734 527 5789 3
557 5734 794 5792 Meteor.
827 5752 878 5792 c.
910 5739 983 5806 6;
1015 5737 1165 5794 Scal.
1199 5741 1396 5795 Exerc.
1435 5739 1553 5795 102.

2109 4739 2401 4810 ταλλευτά,
2462 4743 2498 4810 ἡ
2554 4740 2717 4813 ἀτμὶς
2770 4735 3159 4817 τελεσιουργεῖ.
3217 4743 3397 4795 Ταῦτα
3442 4737 3500 4796 δὲ
3544 4742 3580 4812 ἣ
3630 4741 3785 4818 χυτά

2110 4829 2276 4903 ἐστιν,
2308 4831 2343 4900 ἢ
2379 4829 2564 4902 έλατά,
2599 4831 2711 4884 οἷον
2745 4829 2994 4906 σίδηρος,
3049 4827 3285 4905 χαλκὸς,
3337 4829 3544 4906 χρυσὸς
3588 4831 3680 4886 καὶ
3711 4833 3783 4887 τὰ

2109 4919 2296 4994 ὅμοιασ
2357 4921 2431 4974 ὧν
2484 4919 2554 4975 τὰ
2613 4920 2706 4993 μὲν
2772 4918 2982 4974 καίεται
3038 4919 3131 4974 καὶ
3189 4917 3387 4990 ἱοῦται,
3447 4919 3691 4995 καθάπερ
3747 4923 3778 4977 ὁ

2110 5007 2334 5085 σίδηρος
2392 5010 2484 5064 καὶ
2540 5006 2776 5084 χαλκὸς,
2836 5005 2926 5063 διὰ
2971 5008 3036 5063 τὸ
3082 5009 3175 5063 καὶ
3225 5005 3543 5071 καπνώδους
3581 5011 3780 5066 ἀναθυ-

2112 5099 2349 5172 μιάσεως
2411 5103 2702 5174 μετασχεῖν
2738 5141 2752 5167 ,
2812 5097 2903 5152 καὶ
2975 5097 3075 5167 τὴν
3149 5096 3335 5152 ούσίαν
3406 5093 3777 5174 γεωδεστέραν

2110 5186 2324 5264 λαχεῖν’
2369 5186 2460 5242 τὸν
2523 5184 2582 5242 δὲ
2636 5186 2838 5264 χρυσὸν
2893 5186 3033 5260 μήτε
3076 5185 3319 5242 καίεσθαι
3371 5188 3513 5261 μήτε
3562 5186 3782 5251 ἷοῦσθαί

2108 5297 2288 5355 φασιν,
2347 5277 2422 5340 ὡς
2480 5275 2534 5348 ἐξ
2591 5273 2822 5350 ἀτμίδος
2882 5276 3120 5352 καθαρᾶς
3177 5274 3256 5339 εἷς
3311 5273 3369 5331 ἓν
3416 5275 3779 5352 συναχθείσης

2105 5366 2195 5420 καὶ
2244 5365 2579 5436 πιληθείσης
2628 5365 2916 5442 γενόμενον
2966 5365 3059 5420 καὶ
3112 5365 3214 5434 τήν
3265 5363 3450 5421 ούσίαν
3503 5362 3779 5421 ὑδατωδε-

2105 5453 2292 5531 στέραν
2342 5454 2705 5528 κτησάμενον*
2757 5451 2849 5509 διὰ
2893 5454 3063 5510 ταῦτά
3102 5473 3189 5508 τοι
3221 5453 3312 5509 xui
3367 5453 3667 5530 βαρύτατον
3698 5453 3778 5510 εἷ-

2104 5565 2212 5600 ναι.
2244 5544 2315 5599 Τὸ
2355 5545 2460 5621 γὰρ
2516 5545 2683 5622 βάρος
2731 5546 2765 5614 ἢ
2814 5541 2905 5599 διὰ
2947 5543 3010 5599 τὸ
3058 5539 3259 5619 γεῶδες
3305 5543 3341 5612 ἢ
3394 5539 3484 5599 διὰ
3524 5545 3588 5599 τὸ
3637 5541 3772 5599 ὑδα-
