4114 6438
371 445 528 509 1313

1692 444 2044 507 EPITOME
2088 443 2454 506 PHYSICA.

3629 444 3788 503 1214

366 576 536 642 τῶδες
581 582 698 641 τοῖς
747 577 964 651 σώμασι
1011 574 1286 652 πρόσεστι·
1340 575 1522 653 ὥσπερ
1573 574 1638 631 αὖ
1680 580 1715 647 ἡ
1747 575 2020 654 κουφότης

2144 583 2410 633 naturam
2439 577 2595 633 inest
2622 577 2964 649 corporibus
2991 594 3005 632 :
3039 577 3537 649 quemadmodum
3583 580 3788 632 contra

368 666 524 739 ἣδιὰ
577 669 640 723 τὸ
687 663 958 741 πυρῶδες,
1019 666 1055 734 ἢ
1115 662 1205 720 διὰ
1259 665 1320 720 τὸ
1368 663 1622 742 αέρῶδες,
1678 665 1740 721 Εἰ
1788 663 1964 720 τοίνυν
1997 665 2024 719 ὁ

370 758 574 834 χρυσὸς
628 753 1056 831 ὑδατωδεστέραν
1108 751 1310 829 ἔσχηκε
1354 755 1452 823 τὴν
1509 754 1728 828 οὐσίαν,
1778 753 1867 809 καὶ
1923 760 2022 822 τῆς

370 843 712 913 καπνώδους,
747 839 920 898 εἶτουν
950 839 1239 915 πυρώδους
1273 842 1677 916 ἀναθυμιάσεως
1716 842 2022 920 ἀνεφίκτον,

375 933 600 997 εῗκότως
630 931 741 990 ἐστί
770 931 859 987 καὶ
894 930 1212 1008 βαρύτατος.

2133 667 2340 723 levitas
2397 671 2498 722 aut
2553 670 2791 739 propter
2842 667 3098 737 igneam,
3130 669 3235 721 aut
3284 670 3516 737 propter
3555 682 3785 722 aeream

2135 761 2414 812 nuturam
2448 756 2600 812 inest
2643 756 3005 828 corporibus.
3041 755 3204 820 Quod
3252 757 3300 810 si
3353 754 3531 828 igitur
3577 771 3788 810 aurum

2136 844 2324 917 magis
2379 861 2627 916 aquaam
2686 844 2862 900 habet
2907 845 3247 910 essentiam,
3278 847 3335 899 et
3386 860 3520 899 cum
3561 843 3789 898 fumida

2137 933 2254 989 sive
2307 933 2480 1006 ignea
2533 933 2897 988 exhalatione
2956 932 3411 1005 impermistam,
3466 937 3556 988 est
3611 932 3788 988 etiam

2137 1023 2343 1079 merito
2375 1022 2812 1095 gravissimum.

1643 1255 1986 1312 SYNOPSIS
2026 1255 2307 1312 CAPITIS
2347 1255 2536 1310 XXIV.

1385 1361 1454 1400 DE
1493 1361 1683 1413 COELO,
1723 1361 1875 1408 QUOD
1915 1361 2160 1401 MUNDUS
2201 1361 2315 1400 NON
2356 1361 2443 1400 SIT
2479 1361 2774 1400 ETERNUS.

377 1462 529 1536 255
567 1464 617 1516 1.
652 1461 1126 1536 Etymologiajroﬁ
1165 1459 1414 1536 οὐρανοῦ,
1468 1460 1526 1515 id
1553 1463 1651 1527 est,
1700 1461 1843 1529 cali,
1889 1460 2240 1532 ejusdemque
2276 1461 2630 1536 etymologia.
2643 1460 2940 1536 descriptio
2977 1464 3325 1536 proponitur.
3371 1491 3437 1501 —
3462 1461 3517 1514 2.
3559 1460 3795 1536 PrOprie

445 1534 653 1590 dictum
679 1533 896 1606 calum,
910 1531 1175 1606 primum
1203 1531 1478 1606 nimirum
1504 1540 1554 1587 et
1582 1536 1750 1588 astris
1783 1549 1990 1606 carens,
2023 1531 2303 1606 creaturas
2333 1531 2456 1606 cum
2484 1532 2777 1606 sensibiles
2808 1531 2923 1588 tum
2964 1531 3338 1606 intelligibiles
3385 1531 3795 1606 comprehendit

442 1609 666 1676 excepto
695 1605 820 1669 Deo,
854 1603 1050 1676 de'quo
1079 1607 1167 1676 pie
1196 1605 1643 1676 philosophatur.
1692 1635 1761 1644 —
1809 1605 1861 1658 3.
1895 1605 2000 1659 Hoc
2045 1605 2244 1676 calum
2289 1605 2454 1675 pauci
2498 1605 2809 1674 philosophi
2853 1603 3153 1674 propterea
3191 1604 3334 1676 quod
3382 1603 3662 1658 invisibile
3689 1606 3790 1676 est,

445 1673 832 1745 cognoverunt,
865 1673 970 1730 sed
985 1673 1540 1746 ﬁrrhamentumpro
1577 1676 1755 1744 primo
1797 1676 1929 1730 caelo
1977 1673 2304 1744 habuerunt,
2336 1685 2386 1730 et
2434 1676 2621 1730 itidem
2672 1673 2912 1745 reliquas
2951 1673 3310 1746 planetarum
3355 1676 3607 1746 sphaeras
3635 1673 3794 1729 caelos

447 1748 833 1814 nominarunt,
864 1755 917 1802 et
941 1745 1177 1819 denique
1201 1745 1521 1804 universum
1549 1763 1743 1819 corpus
1769 1747 2065 1819 aethereum
2097 1764 2131 1801 a
2158 1748 2505 1819 firmamento
2535 1747 2609 1800 ad
2653 1747 2844 1801 lunam
2874 1745 3042 1819 usque
3077 1752 3310 1818 propter
3335 1745 3581 1801 eamdem
3625 1755 3791 1801 natu-

443 1836 567 1874 ram
594 1819 795 1874 caelum
821 1835 995 1873 unum
1041 1817 1516 1890 nuncupaverunt.
1567 1817 1651 1858 -’
1685 1820 1738 1872 4.
1795 1817 1942 1874 Idem
1988 1819 2089 1874 hoc
2134 1834 2328 1888 corpus
2376 1818 2674 1874 aetherium
2717 1817 3049 1874 Aristotelia
3087 1827 3138 1874 et
3185 1817 3440 1890 quintum
3466 1833 3660 1887 corpus
3686 1819 3799 1872 sive

439 1892 696 1963 quintam
717 1891 1020 1963 essentiam
1077 1891 1458 1962 appellarunt,
1517 1899 1569 1944 et
1616 1891 1879 1963 diversa
1908 1897 2132 1963 natura?
2160 1907 2194 1944 a
2223 1892 2459 1961 quatuor
2486 1890 2766 1945 elementis
2819 1898 3148 1945 statuerunt.
3209 1890 3490 1945 Platonici
3515 1893 3700 1944 autem
3727 1903 3797 1943 ea:

437 1962 832 2017 sinterissimis
877 1965 930 2018 et
999 1964 1318 2033 purissimis
1359 1963 1666 2028 elementis,
1717 1962 2167 2032 praedominante
2211 1964 2393 2016 tamen
2422 1963 2570 2029 igne,
2604 1963 2786 2033 ipsum
2807 1977 3018 2032 quoque
3047 1968 3291 2017 constare
3339 1966 3690 2016 censuerunt.
3729 1990 3796 1999 —

441 2035 496 2089 5.
522 2033 873 2102 Stellaterum
897 2032 1109 2102 caelum,
1140 2035 1239 2089 hoc
1265 2038 1363 2097 est,
1395 2033 1822 2102 ﬁrmamentum,
1856 2034 1992 2104 quia
2019 2036 2169 2088 motu
2211 2033 2438 2103 proprio
2492 2032 2809 2087 tardissime
2863 2041 3111 2087 movetur
3166 2033 3252 2103 (de
3305 2047 3411 2104 quo
3463 2041 3642 2104 tamen
3672 2033 3794 2104 ipso

441 2121 555 2162 non
581 2110 951 2160 convenerunt
979 2121 1161 2160 omnes
1207 2121 1279 2161 ea:
1325 2106 1598 2160 veteribus
1635 2121 1734 2175 per
1779 2102 1986 2169 omnia,
2016 2104 2181 2158 multi
2212 2102 2542 2174 philosophi
2566 2120 2665 2174 pro
2694 2106 2977 2159 inerrante
3005 2120 3102 2159 seu
3130 2102 3405 2159 immobili
3431 2103 3652 2173 sphaera
3682 2102 3792 2158 ha-

444 2177 698 2232 buerunt.
729 2205 802 2218 —-
828 2177 883 2231 6.
916 2175 1255 2232 Sententiam
1282 2177 1529 2232 Platonis
1556 2177 1796 2232 membro
1840 2180 2034 2245 quarto
2063 2177 2373 2246 expositam
2419 2177 2732 2246 conﬁrmat,
2786 2179 2836 2230 et
2886 2175 3082 2230 caelum
3130 2191 3198 2230 ex
3253 2180 3490 2246 quatuor
3517 2175 3799 2230 elementis

442 2250 690 2303 constare
733 2250 948 2320 probat,
999 2265 1070 2304 ea:
1118 2264 1178 2304 eo
1227 2249 1371 2320 quod
1414 2249 1589 2302 videri
1635 2257 1686 2302 et
1717 2250 1876 2315 tangi
1905 2248 2095 2319 possit.
2137 2276 2205 2285 -—
2253 2248 2306 2301 7.
2356 2248 2668 2318 Occupatio,
2719 2263 2828 2317 qua
2883 2247 3030 2301 docet
3078 2263 3271 2318 corpus
3313 2248 3545 2320 caeleste_
3570 2247 3796 2320 etsi‘est

445 2316 822 2390 compositum,
873 2321 1112 2390 simplex
1157 2316 1336 2374 tamen
1386 2335 1518 2386 esse,
1566 2321 1616 2374 si
1645 2336 1770 2374 cum
1816 2316 2066 2390 iis—quae
2110 2320 2300 2390 magis
2355 2316 2824 2387 sunt’composita
2871 2316 3207 2384 comferutu'r
3252 2337 3266 2374 ε
3315 2316 3578 2388 quomodo
3623 2318 3792 2372 etiam

446 2389 715 2447 elenienta
745 2390 865 2447 haec
889 2389 1162 2446 nostratia
1186 2391 1448 2446 dicuntur
1483 2407 1721 2462 corpora
1753 2391 1908 2447 256
1950 2389 2255 2462 simplicia,
2305 2391 2355 2444 si
2394 2400 2782 2460 comparentur
2827 2390 2944 2462 illis
2998 2404 3125 2460 quae
3172 2406 3242 2445 ea:
3294 2391 3430 2460 ipsis
3476 2392 3604 2444 sunt
3646 2404 3792 2462 come

450 2464 659 2534 posita.
693 2492 761 2502 -—-
804 2463 855 2516 8.
890 2463 1096 2518 Probat
1127 2463 1296 2517 etiam
1341 2459 1823 2534 primumcazlum
1861 2461 2008 2533 quod
2061 2461 2349 2534 stellarum
2380 2466 2471 2534 est
2512 2459 2709 2534 expers
2761 2459 3044 2534 (intelligit
3075 2470 3259 2534 autem
3281 2459 3534 2532 primum
3562 2459 3788 2530 mobile)

451 2532 568 2606 esse
595 2542 972 2605 compositum,
1004 2550 1069 2588 ac
1098 2535 1234 2589 inde
1284 2537 1455 2606 infert
1500 2533 1672 2589 multo
1717 2532 1897 2604 magis
1946 2532 2245 2606 secundum
2292 2533 2509 2606 caelum,
2561 2532 2971 2603 ﬁrmamentum
3017 2533 3230 2587 scilicet
3276 2549 3394 2587 esse
3427 2533 3799 2606 compositum

452 2605 550 2660 ubi
597 2603 773 2660 etiam
819 2605 1030 2660 indicat
1073 2621 1132 2660 se
1176 2607 1246 2660 de
1291 2603 1683 2677 compositione
1732 2606 1959 2660 meliore
2005 2605 2172 2677 loqui.
2226 2635 2294 2643 —
2352 2604 2407 2660 9.
2449 2605 2786 2677 Occupatio,
2837 2621 2946 2674 qua
2993 2608 3278 2672 monstrat,
3327 2605 3436 2659 etsi
3479 2603 3678 2677 caelum
3722 2611 3802 2657 est

453 2685 798 2748 compsztum,
848 2681 998 2732 motu
1044 2679 1228 2731 tamen
1273 2674 1482 2733 moveri
1523 2678 1789 2747 simplici,
1838 2679 1986 2745 ignis
2013 2674 2286 2730 nimirum
2330 2677 2387 2729 in
2434 2676 2547 2747 ipso
2589 2674 3063 2747 prwdominantis,
3097 2677 3252 2746 cujus
3280 2680 3486 2748 motum
3514 2674 3805 2748 conﬁrmat

455 2747 786 2804 circularem
821 2763 954 2803 esse.
1009 2778 1075 2788 —
1121 2749 1207 2802 10.
1257 2749 1385 2804 Alia
1425 2750 1704 2819 occupatio
1735 2765 1842 2818 qua
1871 2747 2115 2802 ostendit
2157 2749 2216 2800 in
2244 2761 2466 2815 genere,
2520 2757 2730 2802 motum
2763 2748 3114 2802 rectilineum
3157 2752 3278 2802 tum
3327 2747 3480 2802 modo
3516 2747 3804 2802 elementis

2402 2834 2430 2873 e
2476 2834 2617 2888 qua,
2668 2835 2790 2873 cum
2821 2820 2882 2872 in
2928 2820 3046 2872 suis
3076 2819 3208 2873 locis
3255 2821 3405 2884 sunt,
3449 2822 3544 2872 aut
3575 2820 3802 2872 immota

3543 2903 3668 2960 quae
3693 2903 3804 2960 mo-

455 2830 757 2890 competere
800 2835 926 2874 cum
965 2837 1003 2892 g

452 2893 772 2957 consistant,
823 2898 920 2945 aut
969 2891 1323 2946 circulariter
1367 2895 1713 2947 moveantur.
1769 2922 1834 2931 —
1892 2892 1979 2944 11.
2026 2891 2278 2945 Recenset
2325 2905 2354 2944 e

454 2967 646 3017 ventur
671 2962 1036 3035 circulariter.
1067 2989 1137 3002 --
1168 2964 1255 3017 12.
1311 2965 1370 3018 In
1404 2964 1584 3030 specie
1626 2961 1815 3035 probat
1863 2961 1926 3017 de
1957 2970 2132 3028 terra,
2166 2960 2307 3032 quod
2333 2959 2935 3016 secundum—naturam
2971 2969 3023 3016 et
3065 2962 3123 3014 in
3156 2962 3351 3030 medio,
3383 2964 3466 3035 sit
3486 2959 3565 3035 eti
3595 2959 3800 3016 ibidem

452 3035 682 3089 immota
724 3033 1000 3088 subsistat.
1050 3063 1120 3075 —
1176 3035 1262 3088 13.
1309 3035 1522 3106 Aquam
1570 3031 1636 3089 et
1671 3049 1856 3088 aerem
1901 3036 2249 3102 stagnantem
2293 3037 2518 3106 propter
2565 3035 2947 3106 cognationem
3012 3049 3143 3087 cum
3189 3037 3337 3106 terra
3397 3031 3592 3106 itidem
3647 3039 3799 3106 motu

448 3120 645 3178 vacare
706 3107 1058 3176 pronuntiat.
1082 3135 1160 3178 _-
1192 3106 1277 3160 14.
1311 3103 1492 3178 Ignem
1522 3106 1878 3160 circulariter
1902 3105 2114 3178 moveri
2169 3105 2431 3178 ostendit,
2467 3105 2620 3178 quia
2674 3112 2880 3178 natura
2910 3111 3152 3178 movetur
3182 3103 3260 3178 uad
3290 3104 3801 3178 circumferentiam

449 3175 864 3248 sphwrw,quaz
893 3176 1125 3232 rotunda
1153 3181 1250 3232 est.
1283 3175 1353 3218 —l
1409 3178 1494 3231 15.
1538 3178 1728 3232 Aerem
1774 3177 2057 3248 puriorem
2086 3191 2212 3230 cum
2260 3176 2385 3246 igne
2427 3175 2778 3248 circulariter
2824 3175 3340 3248 moveri_declarat.
3374 3205 3455 3248 7——
3513 3175 3598 3229 16.
3656 3176 3806 3248 Gong-

449 3243 764 3302 clusioneni
801 3247 1091 3317 specialem
1148 3249 1416 3314 instituit,
1464 3249 1749 3319 superiora
1774 3243 1993 3318 'partim
2024 3243 2295 3319 repetens,
2317 3248 2533 3319 partim
2581 3246 2710 3302 inde
2755 3262 2897 3302 nova
2933 3243 3245 3319 πορίσματα
3289 3247 3550 3314 inferens.
3593 3275 3663 3285 ——
3711 3246 3798 3299 17.

454 3319 663 3388 acetum
690 3326 742 3374 et
767 3291 972 3374 terr-Iram
1001 3320 1150 3373 inter
1175 3336 1234 3376 se
1260 3291 1560 3376 conte’nditr
1591 3291 1852 3385 invicem,
1905 3327 1960 3374 et
2016 3291 2362 3374 iniermediis
2411 3317 2598 3372 eadem
2641 3320 2911 3374 creaturis
2966 3291 3255 3387 diviriciri,
3315 3291 3594 3388 tbtumque
3634 3333 3799 3371 mun-

449 3387 585 3460 dum
613 3390 693 3445 ita
720 3391 1040 3447 continuari
1086 3391 1320 3448 invicem
1365 3391 1616 3448 ostendit.
1665 3421 1734 3431 -—
1779 3391 1866 3445 18.
1919 3389 2069 3446 257
2121 3389 2420 3459 Conﬁrmat
2476 3390 2686 3458 aliquot
2740 3390 3049 3444 rationibus
3095 3389 3298 3444 caelum
3345 3387 3584 3460 adeoque
3623 3391 3801 3444 totum

449 3459 550 3534 hoc
595 3462 912 3534 universum
960 3463 1199 3518 rotunda
1242 3463 1425 3532 ﬁgura
1469 3480 1582 3519 esse
1629 3462 1943 3534 praeditum.
1997 3491 2083 3534 —-_-7
2114 3461 2202 3515 19.
2258 3460 2489 3534 Septem
2512 3459 2827 3534 affectiones
2870 3461 3130 3534 cujusque
3176 3463 3417 3534 corporis
3461 3459 3586 3532 quae
3640 3463 3795 3534 sunt,

449 3531 622 3606 infra,
657 3549 842 3604 supra,
867 3533 1146 3605 dextrum,
1195 3531 1503 3599 sinistrum,
1551 3531 1703 3602 ante,
1751 3542 1887 3606 post,
1937 3532 2202 3606 medium,
2231 3531 2524 3606 quomodo
2572 3534 2631 3606 in
2679 3532 2808 3587 con
2858 3531 3221 3598 se'habeant,
3271 3533 3642 3606 explicatuf
3700 3532 3791 3606 20_.

446 3602 945 3677 Peripateticorum
989 3622 1097 3676 pro
1130 3602 1269 3661 caeli
1310 3606 1547 3677 adeoque
1593 3602 1760 3662 totius
1801 3605 2004 3659 mundi
2043 3602 2348 3659 aeternitate
2397 3605 2892 3677 ratiocinationem
2938 3607 3216 3677 proponit.
3276 3602 3350 3677 ί-ἑ
3398 3605 3486 3658 21.
3549 3602 3800 3658 Platonis

445 3676 782 3731 sententiam
811 3680 863 3732 et
890 3674 1298 3747 responsionem
1326 3678 1395 3732 ad
1423 3674 1954 3747 argumentationem
2000 3677 2500 3747 Peripateticorum
2543 3675 2786 3747 subjicit,
2834 3675 2931 3730 ubi
2972 3674 3046 3730 de
3079 3676 3397 3732 aeternitate
3441 3683 3492 3730 et
3548 3677 3803 3747 tempore

445 3753 498 3801 et
526 3748 812 3820 utriusque
854 3744 1106 3820 partibus
1166 3749 1403 3820 pulchre
1449 3744 1764 3805 disserit—
1782 3749 1872 3804 22.
1927 3746 2092 3802 Aliud
2118 3744 2652 3820 Peripateticorum
2688 3749 3068 3817 argumentum
3117 3763 3213 3820 pro
3249 3747 3579 3820 aeternitate
3605 3744 3802 3800 mundi

439 3817 733 3892 proponit;
769 3827 822 3874 et
846 3817 934 3892 r'ad
977 3821 1039 3875 id
1069 3817 1371 3892 respondet,
1402 3821 1503 3876 ubi
1529 3821 1594 3876 de
1638 3821 1914 3875 creatione
1958 3817 2157 3892 mundi
2196 3817 2685 3892 etf’destructionis
2739 3820 2896 3873 modo
2939 3818 3376 3873 memorabz’liter
3418 3818 3692 3892 loquitur.
3730 3847 3801 3858 —-

445 3889 534 3964 23.
567 3890 966 3964 PhilosOphica
995 3889 1470 3964 argumentatione
1515 3892 1821 3962 conﬁrmat,
1854 3890 2125 3946 mundum
2163 3891 2347 3964 etiam
2402 3889 2651 3964 naturali
2677 3891 2900 3964 ratione
2927 3905 3045 3964 esse
3072 3891 3423 3964 corruptioni
3476 3889 3801 3964 obnoxium,

444 3963 521 4033 eth
550 3962 792 4033 proinde
846 3963 1017 4017 etiam
1064 3961 1254 4018 crtum
1299 3979 1432 4033 esse,
1484 3961 1674 4018 contra
1729 3963 1926 4018 mundi
1972 3962 2338 4018 aeternitatem
2378 3962 2449 4016 ab
2496 3961 2784 4016 Aristotele
2840 3963 3123 4033 traditam,
3181 3964 3232 4033 et
3291 3961 3412 4030 ejus
3441 3961 3804 4033 sectatoribus

442 4030 722 4106 aliquibus
751 4032 1051 4106 defensam.
1094 4064 1173 4106 _—
1217 4035 1308 4090 24.
1344 4030 1576 4090 Tertiam
1626 4035 1984 4106 objectionem
2029 4034 2523 4106 Peripateticorum
2568 4033 2850 4106 proponit_
2875 4033 2946 4088 ab
2993 4032 3251 4106 absurdo,
3302 4035 3353 4086 et
3397 4030 3806 4106 responsionem

442 4102 515 4157 ad
541 4102 664 4159 eam
705 4105 918 4177 svbjicit
965 4103 1241 4175 duplicem
1270 4123 1291 4167 ;
1321 4122 1492 4160 unam
1535 4121 1635 4177 per
1688 4102 2354 4177 instantiamiinferendo
2401 4103 2699 4177 absurdum
2749 4103 2937 4177 eadem
2984 4105 3205 4177 ratione
3255 4102 3683 4177 _con.§equentiae,
3718 4103 3801 4177 al-

441 4177 617 4230 teram
671 4173 1218 4247 per'distinctionem
1243 4179 1502 4248 potentiae
1535 4173 1662 4249 quae
1689 4194 1878 4248 supra,
1929 4191 1988 4244 p.
2023 4173 2418 4249 46,'copiosius
2471 4175 2747 4245 explicata
2805 4176 2932 4244 fuit.
2985 4205 3052 4215 —
3098 4175 3190 4230 25.
3241 4174 3496 4246 Explicat
3532 4173 3800 4244 quomodo

1009 2824 1309 2874 enerantur
1349 2829 1400 2875 et
1448 2823 1607 2874 extra
1634 2835 1795 2874 suum
1842 2820 2022 2874 locum
2050 2823 2198 2882 sunt,
2230 2820 2396 2943 quipp

1009 2891 1323 2943 irculariter
1367 2895 1713 2943 moveantur.
1769 2922 1834 2931 -—
1892 2892 1979 2943 11.
2026 2891 2278 2943 Recenset
2325 2905 2396 2943 ee

2379 2893 2589 2944 ementa
2637 2905 2763 2961 quae
2810 2890 3042 2945 immota
3070 2891 3394 2959 consistunt,
3443 2897 3495 2945 et

338 4275 346 4284 -
443 4255 656 4302 creator
684 4254 734 4328 et
760 4254 1038 4331 creatura.
1055 4249 1224 4331 simul
1245 4247 1388 4331 sint.
1416 4247 1706 4331 .quo'modo
1734 4247 1873 4331 non.
1900 4249 2013 4304 sint
2042 4247 2231 4331 simul,
2253 4255 2359 4329 net.
2387 4262 2558 4331 quare
2603 4249 2840 4301 creatori
2868 4255 3135 4331 creatura:
3194 4253 3317 4300 actu
3368 4254 3655 4331 master-uae
3684 4260 3803 4331 esse

439 4319 807 4390 nonpossint,
840 4319 938 4374 ubi
959 4321 1126 4375 etiam
1157 4321 1225 4375 de
1254 4318 1575 4376 discrimine
1603 4322 1898 4376 creationis
1927 4327 1977 4375 et
2009 4318 2405 4387 generationis,
2459 4322 2702 4389 itemque
2756 4327 3023 4373 creaturae
3052 4320 3126 4390 Aet
3181 4319 3486 4390 genzminis
3542 4319 3650 4390 Dei
3701 4319 3799 4390 ad-

439 4388 690 4463 modum‘
725 4390 879 4447 258
935 4390 1243 4463 theologice
1297 4391 1547 4447 disserit.
1607 4423 1675 4432 --
1734 4393 1823 4445 26.
1887 4391 1996 4445 Sub
2037 4391 2211 4460 finem
2265 4391 2468 4463 capitis
2529 4388 2744 4460 inquo
2803 4391 2974 4444 etiam
3028 4388 3115 4463 de
3154 4389 3284 4444 caelo
3332 4391 3466 4459 egit,
3524 4389 3589 4463 de
3643 4389 3804 4463 aquis

436 4475 605 4535 supra
657 4461 1091 4532 ﬁrmamentum,
1127 4460 1260 4535 'qua
1332 4465 1389 4518 vi
1444 4464 1830 4520 contineantur
1882 4463 1982 4530 ibi,
2035 4465 2091 4517 et
2148 4461 2312 4533 quale
2338 4462 2470 4526 sint,
2529 4469 2581 4516 et
2636 4476 2766 4531 quos
2837 4477 2966 4516 usus
3023 4460 3284 4528 habeant,
3340 4477 3451 4516 non
3495 4460 3806 4528 uulgariter

439 4529 696 4603 disputat.

988 4741 1248 4794 ΚΕΦΔΛ.
1284 4737 1409 4793 ΚΔ’.

457 4823 589 4898 Περὶ
616 4822 868 4898 οὐρανοῦ,
899 4824 990 4880 καὶ
1022 4823 1106 4880 ὅτι
1140 4825 1240 4880 οὐκ
1267 4821 1408 4882 ἔστιν
1440 4827 1469 4880 ὁ
1498 4825 1705 4899 κόσμος
1740 4823 1937 4887 ἀΐδιος.

437 4913 503 4967 α’.
553 4913 656 4967 Τὸν
701 4912 927 4990 οὐρανὸν
978 4914 1105 4991 ὅρον
1160 4915 1270 4970 ἄνω
1331 4915 1464 4970 εἶναι
1523 4914 1612 4969 καὶ
1661 4917 1696 4984 ἡ
1747 4913 2033 4986 ἀνάπτυξις

365 4996 536 5071 δηλοῖ
582 5005 684 5057 τοῦ
737 5001 1029 5077 ὀνόματος.
1083 5005 1452 5081 Περιορισμὸς
1503 5005 1604 5081 γὰρ
1656 5003 1798 5059 ἐστιν
1847 5005 1919 5065 εἱς
1970 5005 2031 5058 τὸ

363 5087 475 5144 ἄνω
524 5089 614 5145 καὶ
668 5091 806 5146 κατᾶ
850 5092 914 5146 τὸ
964 5090 1097 5166 ἄνω,
1141 5093 1280 5148 κατᾶ
1327 5099 1430 5148 πᾶν
1483 5091 1647 5170 μέρος
1699 5097 1796 5146 τοῦ
1836 5094 2032 5153 παντὸς

359 5176 572 5252 κόσμου
627 5176 771 5256 ἔχων
797 5181 862 5237 τὸ
902 5179 1182 5240 ἀνωτάτω.
1233 5182 1333 5238 Καὶ
1383 5181 1513 5238 αὐτὸ
1560 5183 1666 5259 γὰρ
1718 5181 1782 5237 τὸ
1835 5180 2028 5237 δοκοῦν

357 5272 475 5330 τοῖς
550 5266 789 5332 πολλοῖς
861 5269 1119 5326 ὑποκάτω
1191 5271 1281 5326 καὶ
1342 5271 1446 5326 ὑπὸ
1502 5274 1602 5347 γῆν
1669 5272 2026 5350 ἡμισφαίριον

362 5356 610 5434 ὑπεράνω
657 5360 778 5414 κατ’
832 5357 1094 5430 ἀλήθειαν
1140 5362 1406 5436 τυγχάνει
1451 5359 1543 5416 καὶ
1595 5361 1727 5437 ὑπὲρ
1777 5367 1904 5436 γῆν.
1958 5362 2028 5416 Τὸ

358 5445 463 5523 γὰρ
514 5445 669 5511 ἐκνὸς
714 5454 816 5518 τῆς
865 5454 972 5523 γῆς
1025 5449 1276 5505 ὁπωσοῦν
1323 5448 1434 5504 ἄνω
1494 5449 1658 5505 ἐστίν·
1717 5449 1936 5527 ἐπείπερ
1989 5453 2025 5520 ἡ

358 5537 431 5611 γῆ
460 5534 550 5590 καὶ
579 5537 649 5590 τὰ
678 5533 731 5590 ἐν
779 5534 917 5610 αὐτῇ
968 5537 1198 5609 σώματα
1245 5536 1334 5592 καὶ
1364 5537 1488 5614 περὶ
1540 5537 1708 5606 αὐτὴν
1756 5535 1846 5593 τὸν
1881 5539 2028 5594 κάτω

360 5627 548 5701 χῶρον
580 5621 755 5680 εἷίτουν
786 5627 880 5681 τὸν
917 5624 1080 5699 μέσον
1111 5625 1512 5703 κεκλήρωνται.

434 5768 482 5804 ²²
513 5770 565 5842 1,
590 5769 673 5828 De
699 5768 867 5828 caelo.
973 5771 1019 5808 ³³
1049 5775 1283 5831 Damus.
1319 5773 1363 5831 Ι.
1393 5771 1451 5844 2,
1485 5788 1537 5828 ο.
1567 5773 1622 5828 6.

2062 4737 2111 4802 Β

2737 4733 2973 4792 CAPUT
3011 4734 3210 4792 XXIV.

2315 4825 2388 4878 De
2416 4824 2546 4879 ccelo
2574 4828 2625 4880 et
2656 4823 2802 4896 quod
2838 4825 3091 4880 mundus
3123 4841 3239 4881 non
3268 4826 3345 4880 sit
3374 4829 3630 4881 internus.

2217 4912 2266 4965 1.
2301 4909 2537 4984 Οὐρανὸν
2585 4915 2783 4984 (quem
2818 4911 3005 4967 Latini
3037 4911 3250 4968 ccelum
3306 4930 3340 4968 a
3385 4911 3678 4983 caelatura,
3711 4912 3802 4969 vel

2141 5000 2355 5057 caelum
2415 5019 2448 5056 ε.
2505 5001 2751 5057 cavitate
2797 5002 3050 5070 vocant),
3101 5017 3230 5057 esse
3269 4995 3395 5075 ὅρον
3437 4997 3569 5069 ἅνω,
3597 5001 3654 5056 id
3687 5005 3799 5068 est,

2142 5099 2466 5154 terminum
2500 5117 2682 5172 supra
2712 5100 2778 5166 9’,
2813 5100 2988 5154 etiam
3043 5099 3303 5154 nominis
3351 5098 3655 5171 explicatio
3708 5100 3804 5155 de-

2142 5187 2344 5244 clarat.
2404 5189 2508 5244 Est
2565 5188 2721 5244 enim
2772 5189 2816 5223 ²³
2876 5189 3098 5244 circum
3169 5189 3324 5244 circa
3396 5187 3803 5244 determinatio

2141 5278 2459 5349 [quendam]
2491 5278 2562 5333 ad
2595 5279 2654 5333 id
2689 5278 2845 5349 quod
2882 5295 3082 5350 supra,
3115 5284 3174 5334 et
3205 5277 3530 5334 secundum
3563 5277 3617 5332 id
3646 5278 3801 5350 quod

2141 5382 2321 5438 supra
2352 5370 2460 5432 est,
2494 5381 2561 5421 ex
2588 5365 2750 5421 omni
2782 5371 2948 5438 parte
2979 5366 3162 5422 totius
3195 5367 3402 5422 mundi
3453 5382 3801 5439 supremum

2140 5453 2431 5511 obtinens.
2467 5455 2613 5510 Nam
2645 5460 2703 5511 et
2731 5454 2874 5510 illud
2909 5455 3390 5527 hemisphaerium
3438 5457 3594 5528 quod
3625 5455 3800 5530 vulgo

2138 5544 2413 5620 deorsum
2445 5545 2674 5600 videtur
2719 5550 2776 5600 et
2817 5543 2970 5601 infra
3001 5550 3218 5600 terram
3271 5549 3380 5618 est,
3413 5562 3616 5602 revera
3667 5562 3798 5602 sur-

2138 5649 2272 5690 sum
2301 5632 2529 5694 exsistit
2557 5637 2616 5691 et
2642 5650 2824 5706 supra
2855 5638 3092 5692 terram.
3127 5635 3292 5700 Quod
3324 5635 3484 5692 enim
3531 5651 3797 5708 quoquo-
