4114 6418
326 422 482 489 1215
1579 426 1951 490 NICEPHOF

2134 429 2486 492 .EMMIDE
3586 430 3759 491 1316

325 560 499 616 modo
525 561 689 616 extra
717 563 932 616 terram
963 564 1072 628 est,
1101 577 1338 618 sursum
1371 567 1460 620 est
1494 579 1506 617 :
1542 562 2019 636 quandoquidem
2066 566 2221 619 terra
2269 568 2326 619 et
2373 580 2618 638 corpora
2665 580 2791 637 quae
2840 562 2902 620 in
2930 563 3062 636 ipsa
3089 567 3147 620 et
3174 562 3330 620 circa
3357 562 3550 636 ipsam
3581 569 3756 632 sunt,

324 648 600 716 inferum,
633 649 743 704 hoc
771 653 879 718 est,
913 651 1176 706 medium
1208 651 1399 707 locum
1427 652 1634 708 sortita
1655 657 1815 708 sunt.

394 741 448 792 2.
482 737 846 810 Quapropter
891 740 1125 811 proprie
1145 741 1369 796 dictum
1428 741 1660 807 cmlum,
1713 741 2019 812 primum;

2157 741 2222 796 κ’.
2271 739 2458 795 Τοίνυν
2509 743 2538 796 ὁ
2586 741 2790 816 κυρίως
2853 739 3080 816 οὐρανὸς
3139 741 3168 795 ὁ
3219 744 3436 816 πρῶτος
3481 741 3572 795 καὶ
3616 737 3754 794 ἄνα-

326 831 384 882 et
415 825 602 882 stellis
630 843 856 898 carens,
881 829 1145 884 omnium
1169 835 1594 897 creaturarum,
1617 835 1743 884 tum
1771 847 1951 884 earum

2135 849 2240 904 προς
2300 832 2536 906 περιοχή
2597 829 2737 885 ἐστιν
2798 829 3010 900 ἁπάσης
3075 827 3302 891 κτίσεως
3362 829 3630 899 αἰσθητῆς
3691 851 3760 886 τε

327 931 456 988 quis
487 933 688 984 sensu,
718 920 844 972 tum
878 934 1005 988 quae
1037 917 1333 974 intellectu
1367 919 1786 990 percipiuntur,
1821 937 1948 974 com

2128 918 2170 972 1i
2219 926 2444 989 νοητῆς.
2492 924 2601 973 Πᾶν
2636 919 2741 994 γὰρ
2783 915 3146 988 ὁπωσδήποτε
3185 921 3346 990 σῶμα
3399 916 3547 979 ἐντὸς
3579 918 3753 973 αὐτοῦ

328 1005 640 1076 prehensio
671 1011 776 1062 est.
812 1007 994 1062 Omne
1038 1009 1195 1063 enim
1239 1010 1393 1080 quod
1443 1010 1953 1080 quomodocunqul

2126 1004 2468 1082 ερικλείεται.
2528 1006 2626 1062 Καὶ
2688 1006 2840 1061 αὐτοὶ
2900 1005 2947 1061 δ’
3005 1007 3057 1060 oi
3113 1005 3230 1068 νόες
3274 1005 3583 1080 ένσώματοί
3626 1028 3751 1070 πως

329 1111 541 1166 corpus
574 1100 683 1163 est,
716 1097 870 1152 intra
903 1097 1094 1169 ipsum
1146 1098 1485 1153 includitur.
1523 1100 1591 1153 Et
1621 1100 1760 1170 ipsa:
1812 1116 1954 1154 men

2127 1096 2172 1150 αἱ
2227 1092 2434 1163 ἔνυλοι,
2481 1096 2576 1150 κᾶν
2637 1096 2921 1168 ἀσώματοι
2980 1096 3070 1150 καὶ
3100 1093 3260 1151 ἅῦλοι
3309 1093 3576 1171 λέγωνται
3607 1097 3752 1172 πρὸς

328 1188 436 1251 tes,
488 1191 802 1257 corporatze
857 1187 1286 1250 quodammodo
1334 1193 1389 1241 et
1438 1189 1753 1243 materiatae
1811 1193 1949 1242 sunt

2122 1185 2408 1256 Ξιαίσθητὰ
2449 1187 2676 1258 σώματα
2727 1185 2816 1240 καὶ
2866 1186 2964 1254 τὴν
3011 1185 3362 1260 στοιχειακῆν
3396 1183 3538 1255 ὕλην
3569 1206 3747 1262 παρα-

329 1274 563 1328 tametsi
595 1276 851 1346 corporis
883 1281 939 1330 et
968 1278 1120 1333 259
1163 1277 1421 1332 materiae
1462 1282 1724 1348 expertes
1769 1278 1954 1331 dicun‘

2123 1275 2440 1350 αλλόμενοι.
2501 1276 2594 1330 Διὸ
2645 1275 2734 1329 καὶ
2785 1273 2933 1330 οὗτοι
2983 1279 3063 1346 τῷ
3111 1273 3324 1350 οὐρανῷ
3367 1275 3741 1350 περιέχονται·

329 1367 444 1430 tur,
477 1362 525 1417 si
557 1379 690 1418 cum
718 1365 1096 1421 sensibilibus
1139 1367 1480 1438 corporibus
1501 1372 1557 1421 et
1603 1367 1847 1422 materia
1868 1367 1953 1422 ele

2108 1365 2250 1419 ιόνον
2299 1363 2356 1419 δὲ
2401 1365 2461 1417 τὸ
2513 1370 2667 1419 Θεῖον
2721 1364 3118 1440 άπεριόριστον,
3151 1362 3233 1417 ὅτι
3266 1362 3357 1418 καὶ
3406 1363 3620 1439 ἀμερὲς,
3653 1363 3733 1417 ὅτι

333 1453 581 1508 mentari
615 1454 1006 1509 conferantur.
1051 1457 1414 1527 QuaprOpter
1438 1461 1494 1509 et
1525 1455 1610 1509 haa
1646 1456 1784 1510 caelo
1814 1472 1958 1510 com-

2107 1453 2170 1506 Lui
2222 1452 2586 1522 αὐτοτέλειον,
2637 1452 2718 1508 ὅτι
2771 1454 2860 1507 xui
2913 1451 3158 1527 ἄπειρον.
3216 1451 3308 1506 Διὸ
3359 1451 3452 1506 καὶ
3501 1449 3732 1524 οὐδαμοῦ

331 1540 794 1612 prehenduntur.
827 1542 1024 1598 Solum
1057 1549 1251 1599 autem
1284 1544 1544 1598 divinum
1571 1561 1787 1599 numen
1844 1544 1956 1599 nuli

2102 1564 2190 1596 LO'TL
2242 1543 2330 1596 xui
2378 1548 2660 1617 πανταχοῦ
2709 1541 2819 1598 ἐστι
2875 1543 2963 1597 καὶ
3016 1542 3147 1616 ὑπὲρ
3183 1542 3247 1595 τὸ
3294 1547 3398 1595 πᾶν
3453 1539 3603 1595 ἐστιν·
3655 1541 3727 1602 ὡς

329 1629 562 1685 latenus
611 1632 1065 1687 determinatum
1127 1639 1234 1700 est,
1285 1634 1425 1704 quia
1484 1634 1659 1688 etiam
1719 1634 1954 1704 partium

2113 1632 2180 1686 ιὶν
2237 1617 2339 1707 γάρ
2398 1632 2618 1704 ἀμερὲς,
2677 1631 2766 1686 καὶ
2817 1630 3022 1702 πάντην
3081 1631 3282 1692 παντὸς
3343 1630 3597 1702 σώματος
3647 1629 3738 1684 xui

326 1734 551 1790 expers,
579 1720 715 1790 quia
774 1721 951 1776 etiam
1012 1739 1046 1777 a
1097 1740 1158 1777 se
1214 1723 1554 1792 perfectum,
1603 1721 1742 1792 quia
1798 1722 1951 1777 etiam

2118 1718 2260 1789 ςάσης
2309 1717 2448 1789 ὕλης
2505 1719 2992 1795 ὑπερεξῃρημένον,
3047 1717 3292 1792 οὐδαμοῦ
3350 1717 3516 1773 ἐστιν·
3574 1719 3650 1780 ὡς
3699 1714 3743 1772 δ’

326 1807 622 1863 inﬁnitum
671 1813 778 1864 est.
813 1811 1175 1882 Quapropter
1222 1812 1398 1866 etiam
1452 1827 1748 1883 nusquam
1779 1815 1886 1880 est,
1918 1828 1948 1866 e

2125 1807 2213 1862 ὖτὸ
2270 1809 2389 1872 καθ’
2443 1807 2571 1862 αὐτὸ
2625 1807 2836 1863 τέλειον
2884 1808 2973 1863 xui
3023 1806 3426 1885 πληρέστατον,
3459 1811 3750 1883 πανταχοῦ

327 1897 545 1969 ubique
569 1903 678 1968 est,
712 1902 768 1954 et
796 1916 977 1971 supra
1008 1900 1348 1956 universum
1378 1904 1484 1956 est.
1509 1901 1710 1966 Quoad
1740 1900 1896 1956 enim
1930 1902 1950 1934 ²

2126 1919 2218 1966 ττι,
2264 1898 2331 1952 τὰ
2385 1898 2556 1953 πάντα
2612 1895 2883 1974 πληροῦνο
2945 1897 3020 1960 ὡς
3079 1894 3137 1953 δὲ
3182 1897 3272 1952 καὶ
3321 1895 3566 1973 ἄπειρον.
3614 1895 3751 1972 ὖπέρ

325 1986 582 2058 partium
613 2003 817 2060 expers
847 1993 904 2044 et
933 1989 1174 2045 omnino
1191 1990 1263 2046 ab
1285 1990 1445 2044 omni
1468 2006 1708 2062 corpore
1727 1995 1785 2045 et
1813 2007 1949 2045 omn

2126 1988 2145 2042 5
2187 1992 2287 2041 πᾶν
2340 1986 2471 2058 ἐστι,
2516 1987 2604 2042 καὶ
2652 1986 2824 2042 πάντα
2869 1987 3136 2062 περιέχει,
3187 1986 3278 2042 καὶ
3326 1983 3502 2040 πάντα
3553 2005 3751 2057 περιο-

325 2075 570 2131 materia
589 2081 923 2150 exemptum
955 2082 1064 2144 est,
1087 2095 1382 2150 nusquam
1414 2083 1521 2134 est.
1547 2080 1746 2144 Quoad
1779 2083 1950 2134 auten

2128 2076 2241 2148 ίζει,
2283 2076 2374 2131 xui
2413 2073 2568 2131 οὐδὲν
2614 2080 2722 2131 τῶν
2774 2073 3024 2131 ἁπάντων
3071 2075 3224 2138 ἐκτός
3274 2074 3386 2130 ἐστι
3429 2077 3530 2143 τῆς
3582 2074 3753 2130 αὐτοῦ

323 2164 519 2236 ipsum
551 2181 654 2237 per
685 2166 946 2238 seipsum
979 2168 1301 2239 perfectum
1333 2173 1392 2223 et
1421 2167 1832 2240 plenissimum
1865 2172 1974 2233 est,
2006 2163 2054 2182 υ
2087 2163 2390 2239 δυνάμεως.

324 2253 543 2323 ubique
570 2259 660 2311 est
688 2256 919 2329 replens
949 2257 1166 2313 omnia.
1200 2258 1400 2324 Quoad
1436 2261 1628 2313 autem
1659 2258 1958 2313 inﬁnitum
1989 2260 2100 2329 est,
2133 2273 2314 2328 supra
2341 2255 2686 2312 universum
2715 2259 2824 2323 est,
2857 2259 2916 2311 et
2961 2254 3162 2311 omnia
3190 2253 3658 2328 comprehendit,
3695 2258 3761 2310 et

324 2343 522 2399 omnia
550 2345 1011 2419 circumquaque
1039 2348 1336 2414 terminat,
1371 2365 1475 2404 nec
1507 2349 1830 2420 quidquam
1864 2347 2130 2403 omnium
2160 2351 2322 2401 extra
2350 2345 2541 2418 ipsius
2571 2349 2917 2417 potestatem
2948 2348 3057 2400 est.

396 2435 451 2488 3.
485 2433 746 2491 Primum
778 2436 958 2508 igitur
988 2444 1045 2492 et
1074 2437 1305 2510 proprie
1335 2438 1557 2493 dictum
1591 2437 1824 2507 caelum,
1858 2437 1978 2492 sive

2159 2435 2228 2509 γ’.
2260 2433 2360 2488 Τὸν
2397 2433 2492 2506 μὲν
2544 2430 2634 2488 οῦν
2685 2437 2901 2506 πρῶτον
2946 2431 3037 2486 xui
3083 2429 3286 2507 κυρίως
3334 2429 3585 2507 οὐρανὸν,
3619 2427 3757 2499 ἤτοι

325 2522 616 2595 sphzeram
648 2525 834 2582 stellis
871 2531 1167 2582 carentem
1225 2531 1281 2582 et
1341 2543 1539 2582 revera
1594 2527 1950 2582 inerrantem

2130 2524 2185 2591 ἦν
2246 2523 2510 2598 ἄναστρον
2570 2527 2798 2600 σφαῖραν
2855 2521 2944 2576 καὶ
3001 2519 3218 2589 ἀπλανῆ
3273 2520 3389 2574 κατ’
3447 2517 3755 2592 ἀληθειαν,

325 2612 495 2685 pauci
547 2613 792 2685 quidam
841 2631 909 2670 ex
952 2615 1501 2688 pbilosophantibus
1533 2621 1927 2689 cognoverunt

2134 2612 2269 2689 λίγοι
2300 2613 2445 2674 τινὲς
2473 2616 2582 2666 τῶν
2631 2608 3120 2690 φιλοσοφησάντων
3172 2607 3492 2686 ἐγνώρισαν,
3543 2606 3634 2664 διὰ
3686 2610 3759 2664 τὸ

326 2707 634 2774 propterea
663 2703 817 2776 quod
842 2703 1038 2776 ipsum
1060 2706 1137 2761 sit
1157 2705 1466 2762 invisibile.
1493 2705 1693 2761 Plures
1715 2706 1951 2778 primum

2136 2701 2312 2778 Sputov
2387 2701 2651 2776 ὑπάρχειν
2711 2698 2870 2754 αὐτόν
2907 2717 2919 2730 ·
2982 2699 3033 2752 οἱ
3092 2696 3316 2759 πλείους
3393 2694 3452 2752 δὲ
3527 2702 3761 2774 πρῶτον

325 2790 534 2847 celum
567 2798 930 2863 agnoverunt
958 2795 1396 2850 ﬁrmamentum
1435 2811 1447 2850 :
1499 2796 1571 2850 ab
1603 2795 1729 2866 ipso
1779 2799 1950 2850 auten

2130 2789 2308 2866 ipuvov
2361 2787 2536 2844 οἴδασι
2587 2789 2650 2844 τὸ
2699 2789 3002 2862 στερέωμαο
3058 2788 3172 2861 μετ’
3216 2786 3347 2842 αὐτὸ
3397 2783 3457 2842 δὲ
3502 2787 3598 2848 τὰς
3634 2791 3755 2841 τῶν

328 2879 695 2952 planetarum
741 2881 1023 2954 sphaerae,
1055 2883 1227 2940 cmlos
1277 2884 1603 2940 nominant.
1635 2885 1696 2940 In
1741 2884 1953 2939 univer'

2136 2880 2377 2949 λανήτων
2454 2878 2682 2955 σφαίρας
2744 2876 3003 2952 οὒρανούς
3061 2875 3421 2948 ὀνομάζουσιν
3458 2915 3470 2928 .
3529 2872 3761 2930 Ὁλοτε-

325 2986 459 3025 sum
485 2987 619 3026 vero
649 2986 824 3026 omne
848 2971 1150 3027 aetherium
1175 2990 1384 3045 corpus
1408 2974 1561 3045 quod
1592 2974 1663 3029 ab
1694 2973 1950 3029 exteriore

2129 2973 2197 3031 ὣς
2229 2965 2286 3022 δέ
2310 2969 2373 3022 τὸ
2406 2967 2640 3043 αἰθέριον
2693 2968 2831 3022 ἅπαν
2865 2970 3027 3039 σῶμα
3054 2965 3118 3020 τὸ
3150 2961 3340 3034 διῆκον
3375 2964 3480 3019 ἀπὸ
3507 2971 3609 3033 τῆς
3640 2960 3754 3033 ἔξω

325 3064 383 3116 et
411 3076 664 3115 convexa
693 3061 1048 3116 ﬁrmamenti
1089 3063 1398 3134 superﬁcie
1431 3079 1616 3135 usque
1660 3063 1727 3117 ad
1764 3064 1950 3118 cavita

2127 3057 2170 3111 1i
2217 3060 2420 3132 κυρτῆς
2469 3056 2780 3134 ἐπιφανείας
2837 3060 2935 3110 τοῦ
2991 3055 3366 3131 στερεώματος
3423 3052 3584 3129 μέχρι
3639 3057 3752 3106 τοῦ

325 3153 444 3205 tem
477 3150 632 3205 200
660 3152 717 3204 et
756 3151 1182 3206 extremitatem
1233 3152 1471 3223 sphaera:
1510 3151 1734 3207 lunaris
1792 3168 1950 3223 pene-

2125 3145 2276 3202 οίλου
2305 3146 2395 3200 καὶ
2424 3144 2740 3201 τελευταίου
2767 3151 2870 3215 τῆς
2902 3141 3233 3215 σεληνιακῆς
3257 3141 3487 3222 σφαίρας
3520 3140 3750 3218 οὐρανὸς

323 3241 462 3306 trat,
495 3255 680 3293 unum
730 3239 942 3294 ccslum
1002 3241 1341 3311 [statuunt],
1386 3246 1451 3296 ut
1507 3241 1663 3313 quod
1703 3241 1948 3312 ejusdem

1763 3241 1968 3296 usdem
2081 3236 2215 3291 εἶναι
2251 3235 2583 3312 λογίζονται,
2615 3235 2690 3297 ὡς
2719 3241 2823 3304 τῆς
2852 3232 3022 3302 αὐτῆς
3053 3232 3266 3314 φύσεως
3299 3228 3380 3288 ὅν.

321 3329 544 3384 naturae
577 3327 674 3383 sit.

392 3417 444 3471 4.
494 3420 614 3473 Hoc
673 3433 813 3474 sanc
841 3418 887 3453 ’5
936 3418 1114 3475 etiam
1170 3419 1447 3492 quintum
1505 3435 1715 3492 corpus
1767 3420 1972 3476 dicunt

2150 3413 2212 3472 δ’.
2245 3419 2415 3471 Τοῦτο
2456 3412 2522 3484 δὴ
2574 3415 2664 3470 καὶ
2712 3415 2962 3488 πέμπτον
3005 3411 3166 3486 σῶμά
3212 3432 3370 3490 φασιν
3403 3412 3458 3468 οἱ
3493 3417 3752 3488 Ἀριστο-

319 3503 694 3572 Aristotelici,
755 3503 1048 3561 diversum
1127 3505 1394 3563 videlicet
1449 3525 1484 3563 a
1548 3513 1758 3579 quator
1828 3507 1944 3565 illis

2127 3505 2311 3578 ιλικοὶ,
2343 3502 2524 3581 ἓτερον
2582 3502 2842 3576 δηλονότι
2892 3505 3041 3580 παρὰ
3087 3503 3157 3558 τὰ
3198 3503 3470 3580 τέσσαρα·
3501 3502 3565 3557 τὸ
3610 3506 3752 3578 πῦρ,

320 3591 466 3666 igni,
528 3609 677 3660 aere,
730 3610 902 3665 aqua,
960 3599 1134 3652 terra.
1195 3595 1476 3652 Platonici
1536 3601 1733 3652 autem
1791 3596 1945 3652 etiam

2133 3617 2170 3649 ιν
2221 3595 2371 3672 ἀέρα,
2421 3595 2484 3649 τὸ
2531 3591 2704 3671 ῧδωρ,
2748 3596 2848 3665 τήν
2899 3596 3024 3670 γῆν.
3076 3593 3140 3647 Oi
3199 3589 3256 3647 δὲ
3303 3591 3430 3668 περὶ
3477 3589 3758 3648 Πλάτωνα

317 3681 517 3754 ipsum
539 3682 999 3755 ﬁrmamentum,
1023 3685 1132 3742 hoc
1153 3690 1261 3752 est,
1279 3685 1440 3742 illam
1464 3687 1653 3758 ipsam
1677 3687 1942 3758 sphaeram

2129 3685 2170 3739 xi
2217 3683 2348 3739 αὐτὸ
2394 3684 2459 3739 τὸ
2516 3683 2820 3759 στερέωμα,
2871 3681 3120 3738 τουτέστι
3177 3683 3276 3752 τὴν
3322 3682 3386 3737 τὸ
3434 3685 3592 3757 χῦμα
3636 3685 3754 3736 τῶν

319 3787 448 3843 quae
507 3771 946 3828 multitudinem
1004 3774 1308 3831 stellarum
1379 3776 1842 3847 comprehendit,
1900 3794 1944 3832 e:

2126 3773 2314 3848 ττέρων
2383 3771 2745 3848 περιέχουσαν
2802 3777 3029 3849 σφαῖραν
3065 3817 3081 3843 ,
3142 3770 3204 3825 ἐκ
3255 3773 3362 3825 τῶν
3423 3768 3751 3847 ἀκροτήτων

318 3860 775 3918 elementaribus
824 3864 1290 3921 extremitatibus
1318 3870 1585 3921 constare
1614 3865 1800 3933 aiunt,
1835 3882 1937 3936 pro

2124 3861 2389 3938 ›γκεῖσθαί
2439 3883 2566 3940 φασι
2612 3864 2720 3916 τῶν
2771 3865 3171 3936 στοιχειακῶν·
3228 3857 3318 3914 διὰ
3375 3859 3438 3914 τὸ
3492 3860 3749 3934 μετέχειν

319 3954 518 4022 pterea
547 3951 702 4022 quod
737 3951 915 4008 videri
947 3957 1004 4008 et
1031 3954 1194 4025 tangi
1229 3957 1430 4026 possit.
1460 3955 1529 4009 Et
1549 3955 1786 4026 quidem
1810 3971 1944 4026 qum

2125 3955 2174 4005 ›ῦ
2204 3952 2402 4027 ὁρατοῦ
2430 3951 2521 4005 καὶ
2571 3951 2764 4005 ἁπτοῦο
2813 3949 2902 4004 καὶ
2954 3950 3019 4004 τὸ
3069 3949 3164 4022 μὶν
3213 3946 3407 4025 ὁρατόν
3458 3947 3594 4002 εἶναι
3634 3947 3750 4003 ἀπὸ

319 4038 502 4094 videri
535 4040 742 4111 possit,
775 4042 848 4096 ab
878 4042 1050 4113 igne;
1086 4044 1240 4114 quod
1293 4043 1453 4115 tangi
1503 4050 1702 4115 queat,
1736 4062 1769 4098 a
1814 4049 1944 4099 terra

2126 4044 2174 4094 ›ῦ
2204 4040 2399 4113 πυρὸς,
2447 4039 2509 4094 τὸ
2564 4036 2611 4094 δ’
2657 4039 2826 4093 άπτὸν
2885 4037 2946 4093 ἐκ
2990 4044 3093 4108 τῆς
3145 4040 3270 4112 γῆς.
3320 4036 3385 4092 Εἰ
3417 4033 3476 4091 δέ
3523 4035 3751 4113 μετέχει

320 4144 469 4184 esse.
502 4129 664 4194 Quod
696 4129 744 4185 si
779 4137 972 4186 autem
1006 4133 1444 4187 ﬁrmamentum
1477 4133 1786 4204 participat
1823 4149 1940 4204 quo

2129 4151 2197 4192 ως
2227 4129 2291 4184 τὸ
2324 4127 2607 4205 στερέωμα
2654 4127 2824 4203 πυρός
2868 4149 2928 4183 τε
2975 4126 3065 4182 καί
3116 4133 3245 4202 γῆς,
3291 4125 3514 4202 μετέχοι
3560 4125 3620 4180 ἃν
3657 4124 3754 4180 xui

321 4218 635 4273 dummodo
665 4217 862 4292 ignem
893 4223 950 4276 et
977 4224 1216 4287 terram,
1251 4221 1562 4292 participat
1593 4238 1827 4294 quoque
1877 4239 1942 4277 ae

2126 4220 2237 4294 έρος
2289 4217 2379 4272 καὶ
2423 4215 2640 4285 ὕδατος,
2687 4222 2794 4272 τῶν
2847 4215 3138 4292 στοιχείων
3185 4213 3394 4271 τούτων
3438 4215 3516 4277 ὡς
3566 4216 3751 4288 μέσων

320 4321 445 4361 rem
477 4311 533 4362 et
564 4323 799 4378 aquam,
833 4313 898 4363 ut
940 4308 1062 4364 haec
1109 4309 1397 4365 elementa
1442 4310 1621 4365 veluti
1670 4311 1864 4366 media
1910 4310 1945 4365 i1

2120 4309 2156 4369 ἱς
2217 4306 2536 4382 ἐναρμόνιον
2593 4304 2836 4378 σύνδεσιν
2892 4309 3002 4360 τῶν
3071 4303 3252 4382 ἄκρων
3311 4303 3693 4382 γεγενημένων
3733 4346 3745 4359 .

321 4411 534 4451 nexum
593 4397 947 4453 concinnum
1006 4398 1439 4454 intervenerint.
1490 4391 1593 4454 'Sic
1666 4400 1848 4473 igitur
1904 4417 1946 4456 e:

2125 4395 2267 4458 ὕτως
2300 4397 2392 4450 οὗν
2429 4394 2488 4450 έκ
2529 4402 2631 4465 τῆς
2682 4392 2997 4471 συνδρομῆς
3047 4398 3156 4448 τῶν
3188 4391 3656 4471 ἀκραιφνεστάτων
3695 4392 3747 4449 έν

321 4499 612 4541 concursu
688 4486 1222 4542 sincerissimorum
1281 4493 1338 4543 et
1396 4487 1850 4560 purissimorum
1909 4489 1946 4544 il

2125 4483 2381 4559 τοιχείοις
2431 4480 2598 4539 ὄντων
2643 4483 2732 4538 καὶ
2763 4483 3184 4560 καθαρωτάτων,
3217 4483 3294 4544 ὡς
3339 4480 3400 4537 ἐκ
3428 4481 3750 4558 πρωτίστης

322 4572 651 4644 elementis,
683 4579 749 4630 ut
776 4591 844 4631 ex
875 4575 1081 4647 primis
1110 4575 1287 4632 veluti
1317 4576 1769 4633 elementaribus
1789 4577 1947 4633 initii:

2126 4573 2249 4627 Lovsi
2296 4576 2648 4648 στοιχειακῆς
2700 4573 2959 4648 ἆπαρχῆς
3009 4570 3102 4626 καὶ
3154 4570 3531 4646 ὑπερεχόντων
3584 4571 3751 4649 ἀφαι-

323 4667 382 4719 et
411 4663 916 4720 excellentioribus
936 4665 1356 4722 secretionibus
1378 4666 1589 4721 ccelum
1621 4667 1948 4723 stelliferum

2128 4663 2331 4735 εμάτων
2439 4661 2843 4734 συντεθειμένον
2941 4660 3034 4718 τὸν
3121 4656 3375 4736 ἓναστρον
3465 4659 3702 4732 οὐρανὸν
3738 4706 3753 4732 ,

324 4753 740 4826 compositum,
772 4754 969 4827 ignem
1001 4756 1061 4809 in
1093 4755 1286 4826 seipso
1309 4755 1730 4828 praacellentem
1756 4757 1949 4812 haberi

2128 4755 2403 4828 τικρατοῦν
2465 4751 2516 4805 ἐν
2573 4751 2746 4822 έαυτῷ
2802 4747 2948 4824 ἔχειν
3006 4750 3069 4804 τὸ
3136 4753 3244 4827 πῦρ
3305 4748 3702 4828 ἀποφαίνονται
3738 4793 3753 4808 .

322 4843 711 4915 pronuntiant
744 4861 757 4898 :
799 4848 972 4915 atque
999 4843 1081 4899 ita
1109 4844 1378 4900 similiter
1399 4843 1737 4900 universum
1760 4862 1947 4918 corpu:

2128 4841 2318 4914 δμοίως
2365 4840 2456 4894 xui
2501 4839 2565 4895 τὸ
2615 4838 2878 4916 ἐχόμενον
2922 4837 3088 4894 αὐτοῦ
3136 4843 3296 4913 σῶμα
3343 4844 3447 4894 πᾶν
3497 4839 3560 4894 τὸ
3602 4839 3753 4894 αἰθέ-

320 4932 624 4988 aetherium
647 4933 803 5004 quod
830 4933 942 5005 ipsi
965 4937 1054 4989 est
1073 4949 1457 5004 consequens.
1480 4934 1573 4990 Sic
1604 4934 1759 4990 enim
1793 4935 1945 4991 etian

2126 4951 2200 4984 ιον
2237 4950 2251 4964 ο
2312 4929 2456 4984 οὕτω
2531 4929 2634 5004 γὰρ
2693 4929 2784 4984 καὶ
2839 4932 2950 4984 τῶν
3007 4927 3111 4983 ὑπὸ
3166 4926 3404 4999 σελήνην
3471 4926 3751 5003 τεσσάρων

321 5026 577 5094 quatuor
605 5022 1009 5093 istorum,qua
1037 5023 1190 5078 infra
1219 5022 1419 5078 lunam
1441 5021 1732 5079 elementa
1759 5041 1936 5080 vocan

2131 5017 2436 5093 πιλουμένων
2509 4991 2799 5095 στοιχείων
2874 5014 3098 5072 ἕκαστον
3175 4991 3466 5089 συνέστηκε
3535 4991 3646 5092 μέν.
3690 5017 3756 5073 ἐκ

319 5116 436 5180 tur,
466 5113 930 5183 unumquodque
959 5129 1028 5166 ex
1057 5117 1310 5183 quatuor
1339 5112 1709 5184 simplicibus
1739 5119 1798 5169 et
1841 5131 1942 5170 ver

2130 5113 2190 5163 ὒν
2248 5112 2518 5183 τεσσάρων
2575 5112 2682 5162 τῶν
2743 5105 2932 5162 ἁπλῶν
2994 5107 3084 5161 xui
3139 5104 3365 5177 ἀληθῶς
3418 5105 3708 5182 στοιχείων
3739 5124 3755 5142 ·

321 5199 628 5257 elementis
659 5206 926 5268 constat;
961 5202 1108 5257 261
1145 5201 1462 5256 essentiam
1495 5206 1691 5257 autem
1735 5203 1946 5274 accipit

2128 5197 2354 5252 Βσιοῦται
2408 5195 2466 5252 δὲ
2512 5196 2602 5252 xui
2657 5195 3118 5275 χαρακτηρίζεται
3177 5195 3268 5252 καὶ
3315 5193 3565 5251 καλεῖται
3611 5195 3753 5251 κατᾶ

318 5294 376 5344 et
404 5289 799 5345 characterem
834 5289 1076 5358 obtinet,
1111 5293 1168 5345 et
1213 5290 1630 5346 denominatur
1673 5292 1747 5346 ab
1796 5292 1938 5347 uniu

1226 5290 1630 5346 ienominatur
1673 5292 1747 5346 ab
1796 5292 1972 5347 unius
2077 5287 2178 5356 τὴν
2205 5291 2304 5341 τοῦ
2337 5285 2454 5350 ἐνὸς
2486 5286 2851 5362 ἐπικράτειαν.

319 5377 733 5450 praecellentia.

385 5466 441 5521 5.
476 5469 595 5520 Hoc
627 5466 850 5522 scilicet
880 5467 1091 5523 coelum
1125 5467 1469 5524 stelliferum
1505 5468 1675 5524 multi
1709 5469 1968 5540 philoso-

2152 5469 2209 5524 ε’.
2251 5471 2450 5522 Τοῦτον
2508 5465 2574 5537 δὴ
2635 5465 2730 5522 τὸν
2787 5462 3038 5544 ἕναστρον
3097 5463 3322 5542 οὐρανὸν
3376 5462 3467 5519 καὶ
3524 5461 3743 5534 ἀπλανῆ

321 5551 575 5624 phorum
599 5553 941 5623 judicarunt
978 5561 1035 5610 et
1065 5555 1435 5628 appellarunt
1464 5557 1638 5611 etiam
1678 5558 1946 5629 sphaeram

2119 5563 2305 5635 φαῖραν
2362 5559 2416 5611 οἱ
2471 5555 2678 5612 πολλοὶ
2733 5561 2839 5611 τῶν
2918 5553 3235 5635 φιλοσόφων
3317 5548 3590 5610 ὑπέλαϐον
3652 5553 3744 5608 καὶ

320 5641 698 5696 inerrantem.
735 5643 881 5699 Nam
915 5650 1139 5700 motum
1171 5644 1330 5700 illius
1362 5645 1714 5717 peculiarem
1761 5648 1862 5719 qui
1895 5649 1945 5703 al

2114 5647 2390 5720 ινόμασαν.
2426 5645 2651 5710 Διέλαθε
2701 5646 2806 5724 γὰρ
2865 5644 3057 5716 αὖτοὺξ
3105 5647 3140 5714 ἡ
3194 5643 3330 5700 κατᾶ
3377 5642 3534 5724 φύσιν
3573 5641 3739 5698 αὐτοῦ

389 5749 436 5785 ³⁵
462 5747 734 5808 Damasc.
767 5750 804 5805 Ι.
839 5768 880 5821 ι,
912 5767 962 5806 c.
997 5752 1040 5821 Ι,
1075 5753 1160 5807 14.
1239 5753 1284 5786 ³⁵
1316 5771 1332 5807 ι
1365 5752 1447 5809 De
1476 5753 1617 5811 coelo
1649 5771 1701 5809 c.
1735 5755 1788 5810 3.
