  <div class='ocr_page' id='page_1' title='image "/cluster/home/n/w/nwhite01/storage/ocr_20150623/142/coo.31924054870476/616.png"; bbox 0 0 4114 6428; ppageno 0'>
   <div class='ocr_carea' id='block_1_1' title="bbox 375 391 530 461">
    <p class='ocr_par' dir='ltr' id='par_1_1' title="bbox 375 391 530 461">
     <span class='ocr_line' id='line_1_1' title="bbox 375 391 530 461; baseline -0.013 -5"><span class='ocrx_word' id='word_1_1' title='bbox 375 391 530 461; x_wconf 65' lang='lat' dir='ltr'>ﬁt?</span> 
     </span>
    </p>
   </div>
   <div class='ocr_carea' id='block_1_2' title="bbox 1703 387 2454 451">
    <p class='ocr_par' dir='ltr' id='par_1_2' title="bbox 1703 387 2454 451">
     <span class='ocr_line' id='line_1_2' title="bbox 1703 387 2454 451; baseline -0.003 -1"><span class='ocrx_word' id='word_1_2' title='bbox 1703 388 2051 451; x_wconf 86' lang='lat' dir='ltr'>EPITOME</span> <span class='ocrx_word' id='word_1_3' title='bbox 2096 387 2454 450; x_wconf 87' lang='lat' dir='ltr'>PHYSlCA.</span> 
     </span>
    </p>
   </div>
   <div class='ocr_carea' id='block_1_3' title="bbox 3634 395 3790 462">
    <p class='ocr_par' dir='ltr' id='par_1_3' title="bbox 3634 395 3790 462">
     <span class='ocr_line' id='line_1_3' title="bbox 3634 395 3790 462; baseline 0.006 -1"><span class='ocrx_word' id='word_1_4' title='bbox 3634 395 3790 462; x_wconf 73' lang='grc'>1218</span> 
     </span>
    </p>
   </div>
   <div class='ocr_carea' id='block_1_4' title="bbox 378 517 2045 603">
    <p class='ocr_par' dir='ltr' id='par_1_4' title="bbox 378 517 2035 603">
     <span class='ocr_line' id='line_1_4' title="bbox 378 517 2035 603; baseline -0.005 -21"><span class='ocrx_word' id='word_1_5' title='bbox 378 525 693 603; x_wconf 84' lang='grc' dir='ltr'>ἰδιότροπος</span> <span class='ocrx_word' id='word_1_6' title='bbox 749 523 962 594; x_wconf 80' lang='grc' dir='ltr'>κίνησις</span> <span class='ocrx_word' id='word_1_7' title='bbox 1023 524 1060 591; x_wconf 83' lang='grc' dir='ltr'><strong>ἡ</strong></span> <span class='ocrx_word' id='word_1_8' title='bbox 1119 519 1180 577; x_wconf 81' lang='grc' dir='ltr'>ἐκ</span> <span class='ocrx_word' id='word_1_9' title='bbox 1239 518 1458 595; x_wconf 79' lang='grc' dir='ltr'>δυσμῶν</span> <span class='ocrx_word' id='word_1_10' title='bbox 1492 518 1568 583; x_wconf 74' lang='grc' dir='ltr'>εἷς</span> <span class='ocrx_word' id='word_1_11' title='bbox 1611 519 1878 583; x_wconf 81' lang='grc' dir='ltr'>ἀνατολὰς</span> <span class='ocrx_word' id='word_1_12' title='bbox 1945 517 2035 574; x_wconf 76' lang='grc' dir='ltr'>διὰ</span> 
     </span>
    </p>
   </div>
   <div class='ocr_carea' id='block_1_5' title="bbox 2159 517 3790 603">
    <p class='ocr_par' dir='ltr' id='par_1_5' title="bbox 2159 524 3790 600">
     <span class='ocr_line' id='line_1_5' title="bbox 2159 524 3790 600; baseline 0.009 -23"><span class='ocrx_word' id='word_1_13' title='bbox 2159 538 2352 578; x_wconf 79' lang='lat' dir='ltr'>)coasu</span> <span class='ocrx_word' id='word_1_14' title='bbox 2393 524 2453 578; x_wconf 91' lang='lat' dir='ltr'>in</span> <span class='ocrx_word' id='word_1_15' title='bbox 2499 529 2692 581; x_wconf 91' lang='lat' dir='ltr'>ortum</span> <span class='ocrx_word' id='word_1_16' title='bbox 2732 531 2842 595; x_wconf 88' lang='lat' dir='ltr'>est,</span> <span class='ocrx_word' id='word_1_17' title='bbox 2876 533 3110 600; x_wconf 82' lang='lat' dir='ltr'>propter</span> <span class='ocrx_word' id='word_1_18' title='bbox 3139 545 3435 588; x_wconf 79' lang='lat' dir='ltr'>summam</span> <span class='ocrx_word' id='word_1_19' title='bbox 3468 550 3638 590; x_wconf 91' lang='lat' dir='ltr'>suam</span> <span class='ocrx_word' id='word_1_20' title='bbox 3672 541 3790 592; x_wconf 75' lang='lat' dir='ltr'>tar~</span> 
     </span>
    </p>
   </div>
   <div class='ocr_carea' id='block_1_6' title="bbox 373 609 2033 692">
    <p class='ocr_par' dir='ltr' id='par_1_6' title="bbox 373 609 2033 692">
     <span class='ocr_line' id='line_1_6' title="bbox 373 609 2033 692; baseline -0.005 -20"><span class='ocrx_word' id='word_1_21' title='bbox 373 614 438 672; x_wconf 76' lang='grc' dir='ltr'>τὰ</span> <span class='ocrx_word' id='word_1_22' title='bbox 519 612 851 692; x_wconf 87' lang='grc' dir='ltr'>βραδύτατον</span> <span class='ocrx_word' id='word_1_23' title='bbox 939 612 1158 680; x_wconf 66' lang='grc' dir='ltr'>ἑαυτῆς.</span> <span class='ocrx_word' id='word_1_24' title='bbox 1244 610 1380 665; x_wconf 87' lang='grc' dir='ltr'>Μίαν</span> <span class='ocrx_word' id='word_1_25' title='bbox 1464 610 1567 685; x_wconf 69' lang='grc' dir='ltr'>γάρ</span> <span class='ocrx_word' id='word_1_26' title='bbox 1653 615 1846 685; x_wconf 85' lang='grc' dir='ltr'>μοῖραν</span> <span class='ocrx_word' id='word_1_27' title='bbox 1914 609 2033 672; x_wconf 86' lang='grc' dir='ltr'>καθ’</span> 
     </span>
    </p>
   </div>
   <div class='ocr_carea' id='block_1_7' title="bbox 374 694 2031 776">
    <p class='ocr_par' dir='ltr' id='par_1_7' title="bbox 374 694 2031 776">
     <span class='ocr_line' id='line_1_7' title="bbox 374 694 2031 776; baseline -0.006 -15"><span class='ocrx_word' id='word_1_28' title='bbox 374 702 602 761; x_wconf 68' lang='grc' dir='ltr'>ἕκαστον</span> <span class='ocrx_word' id='word_1_29' title='bbox 653 700 776 766; x_wconf 75' lang='grc' dir='ltr'>ἓτος</span> <span class='ocrx_word' id='word_1_30' title='bbox 832 701 994 756; x_wconf 83' lang='grc' dir='ltr'>αὐτὸν</span> <span class='ocrx_word' id='word_1_31' title='bbox 1048 704 1314 764; x_wconf 88' lang='grc' dir='ltr'>κινεῖσθαι</span> <span class='ocrx_word' id='word_1_32' title='bbox 1367 699 1504 776; x_wconf 86' lang='grc' dir='ltr'>πρός</span> <span class='ocrx_word' id='word_1_33' title='bbox 1579 720 1738 754; x_wconf 90' lang='grc' dir='ltr'>τινων</span> <span class='ocrx_word' id='word_1_34' title='bbox 1800 694 2031 774; x_wconf 78' lang='grc' dir='ltr'>εἷ’ρηται,</span> 
     </span>
    </p>
   </div>
   <div class='ocr_carea' id='block_1_8' title="bbox 377 787 2033 865">
    <p class='ocr_par' dir='ltr' id='par_1_8' title="bbox 377 787 2033 865">
     <span class='ocr_line' id='line_1_8' title="bbox 377 787 2033 865; baseline -0.005 -15"><span class='ocrx_word' id='word_1_35' title='bbox 377 795 454 857; x_wconf 82' lang='grc' dir='ltr'>ὡς</span> <span class='ocrx_word' id='word_1_36' title='bbox 515 791 585 848; x_wconf 90' lang='grc' dir='ltr'>δι’</span> <span class='ocrx_word' id='word_1_37' title='bbox 643 792 777 848; x_wconf 81' lang='grc' dir='ltr'>ἐτῶν</span> <span class='ocrx_word' id='word_1_38' title='bbox 838 790 1100 862; x_wconf 73' lang='grc' dir='ltr'>ἑξήκοντα</span> <span class='ocrx_word' id='word_1_39' title='bbox 1149 789 1288 865; x_wconf 83' lang='grc' dir='ltr'>πρὸς</span> <span class='ocrx_word' id='word_1_40' title='bbox 1335 794 1454 850; x_wconf 86' lang='grc' dir='ltr'>τοῖς</span> <span class='ocrx_word' id='word_1_41' title='bbox 1527 787 1862 865; x_wconf 82' lang='grc' dir='ltr'>τριακοσίοις</span> <span class='ocrx_word' id='word_1_42' title='bbox 1933 788 2033 856; x_wconf 80' lang='grc' dir='ltr'>τὴν</span> 
     </span>
    </p>
   </div>
   <div class='ocr_carea' id='block_1_9' title="bbox 381 875 2033 957">
    <p class='ocr_par' dir='ltr' id='par_1_9' title="bbox 381 875 2033 957">
     <span class='ocr_line' id='line_1_9' title="bbox 381 875 2033 957; baseline -0.005 -19"><span class='ocrx_word' id='word_1_43' title='bbox 381 881 520 938; x_wconf 96' lang='grc' dir='ltr'>ἰδίαν</span> <span class='ocrx_word' id='word_1_44' title='bbox 591 880 904 957; x_wconf 84' lang='grc' dir='ltr'>ἀπαρτίζειν</span> <span class='ocrx_word' id='word_1_45' title='bbox 980 878 1303 956; x_wconf 77' lang='grc' dir='ltr'>περιφοράν.</span> <span class='ocrx_word' id='word_1_46' title='bbox 1361 879 1511 940; x_wconf 75' lang='grc' dir='ltr'>Τινὲς</span> <span class='ocrx_word' id='word_1_47' title='bbox 1582 875 1640 933; x_wconf 77' lang='grc' dir='ltr'>δὲ</span> <span class='ocrx_word' id='word_1_48' title='bbox 1721 876 1911 952; x_wconf 87' lang='grc' dir='ltr'>μόριόν</span> <span class='ocrx_word' id='word_1_49' title='bbox 1979 897 2033 930; x_wconf 90' lang='grc' dir='ltr'>τι</span> 
     </span>
    </p>
   </div>
   <div class='ocr_carea' id='block_1_10' title="bbox 383 961 2034 1047">
    <p class='ocr_par' dir='ltr' id='par_1_10' title="bbox 383 961 2034 1047">
     <span class='ocr_line' id='line_1_10' title="bbox 383 961 2034 1047; baseline -0.005 -20"><span class='ocrx_word' id='word_1_50' title='bbox 383 971 574 1047; x_wconf 82' lang='grc' dir='ltr'>μοίρας</span> <span class='ocrx_word' id='word_1_51' title='bbox 610 971 726 1026; x_wconf 83' lang='grc' dir='ltr'>κατ’</span> <span class='ocrx_word' id='word_1_52' title='bbox 763 967 880 1030; x_wconf 81' lang='grc' dir='ltr'>ἔτος</span> <span class='ocrx_word' id='word_1_53' title='bbox 931 966 1085 1040; x_wconf 75' lang='grc' dir='ltr'>ὅλον,</span> <span class='ocrx_word' id='word_1_54' title='bbox 1117 964 1245 1023; x_wconf 90' lang='grc' dir='ltr'>ἀλλ’</span> <span class='ocrx_word' id='word_1_55' title='bbox 1293 966 1402 1042; x_wconf 82' lang='grc' dir='ltr'>οὐχ</span> <span class='ocrx_word' id='word_1_56' title='bbox 1449 965 1586 1037; x_wconf 80' lang='grc' dir='ltr'>ὅλην</span> <span class='ocrx_word' id='word_1_57' title='bbox 1641 971 1835 1043; x_wconf 84' lang='grc' dir='ltr'>μοῖραν</span> <span class='ocrx_word' id='word_1_58' title='bbox 1881 961 2034 1026; x_wconf 81' lang='grc' dir='ltr'>ἰδίως</span> 
     </span>
    </p>
   </div>
   <div class='ocr_carea' id='block_1_11' title="bbox 379 1056 1128 1138">
    <p class='ocr_par' dir='ltr' id='par_1_11' title="bbox 379 1056 1128 1138">
     <span class='ocr_line' id='line_1_11' title="bbox 379 1056 1128 1138; baseline -0.004 -22"><span class='ocrx_word' id='word_1_59' title='bbox 379 1060 537 1116; x_wconf 77' lang='grc' dir='ltr'>αὐτὸν</span> <span class='ocrx_word' id='word_1_60' title='bbox 571 1059 822 1138; x_wconf 73' lang='grc' dir='ltr'>φέρεσθαι</span> <span class='ocrx_word' id='word_1_61' title='bbox 854 1056 1128 1134; x_wconf 90' lang='grc' dir='ltr'>λέγουσιν.</span> 
     </span>
    </p>
   </div>
   <div class='ocr_carea' id='block_1_12' title="bbox 453 1231 2036 1311">
    <p class='ocr_par' dir='ltr' id='par_1_12' title="bbox 453 1231 2036 1311">
     <span class='ocr_line' id='line_1_12' title="bbox 453 1231 2036 1311; baseline -0.005 -16"><span class='ocrx_word' id='word_1_62' title='bbox 453 1239 518 1303; x_wconf 86' lang='grc' dir='ltr'>ς’.</span> <span class='ocrx_word' id='word_1_63' title='bbox 544 1241 663 1294; x_wconf 81' lang='grc' dir='ltr'>’Ότι</span> <span class='ocrx_word' id='word_1_64' title='bbox 719 1237 814 1311; x_wconf 78' lang='grc' dir='ltr'>μὶν</span> <span class='ocrx_word' id='word_1_65' title='bbox 857 1258 949 1291; x_wconf 90' lang='grc' dir='ltr'>ουν</span> <span class='ocrx_word' id='word_1_66' title='bbox 979 1236 1008 1290; x_wconf 99' lang='lat'>6</span> <span class='ocrx_word' id='word_1_67' title='bbox 1039 1233 1175 1311; x_wconf 74' lang='grc' dir='ltr'>πρὸς</span> <span class='ocrx_word' id='word_1_68' title='bbox 1222 1231 1467 1306; x_wconf 65' lang='grc' dir='ltr'>αἴσθησιν</span> <span class='ocrx_word' id='word_1_69' title='bbox 1511 1233 1760 1302; x_wconf 73' lang='grc' dir='ltr'>ἀπλανὴς</span> <span class='ocrx_word' id='word_1_70' title='bbox 1811 1232 2036 1308; x_wconf 80' lang='grc' dir='ltr'>οὐρανὸς</span> 
     </span>
    </p>
   </div>
   <div class='ocr_carea' id='block_1_13' title="bbox 384 1321 2038 1404">
    <p class='ocr_par' dir='ltr' id='par_1_13' title="bbox 384 1321 2038 1404">
     <span class='ocr_line' id='line_1_13' title="bbox 384 1321 2038 1404; baseline -0.002 -22"><span class='ocrx_word' id='word_1_71' title='bbox 384 1326 602 1404; x_wconf 86' lang='grc' dir='ltr'>μετέχει</span> <span class='ocrx_word' id='word_1_72' title='bbox 649 1331 748 1382; x_wconf 89' lang='lat'>106</span> <span class='ocrx_word' id='word_1_73' title='bbox 797 1327 1016 1403; x_wconf 77' lang='grc' dir='ltr'>ὁρατοῦ,</span> <span class='ocrx_word' id='word_1_74' title='bbox 1049 1325 1140 1380; x_wconf 85' lang='grc' dir='ltr'>καὶ</span> <span class='ocrx_word' id='word_1_75' title='bbox 1199 1322 1282 1379; x_wconf 75' lang='grc' dir='ltr'>ὅτι</span> <span class='ocrx_word' id='word_1_76' title='bbox 1335 1321 1599 1395; x_wconf 78' lang='grc' dir='ltr'>ἀλλήλων</span> <span class='ocrx_word' id='word_1_77' title='bbox 1658 1325 1916 1378; x_wconf 82' lang='grc' dir='ltr'>ἅπτονται</span> <span class='ocrx_word' id='word_1_78' title='bbox 1971 1323 2038 1378; x_wconf 80' lang='grc' dir='ltr'>τὰ</span> 
     </span>
    </p>
   </div>
   <div class='ocr_carea' id='block_1_14' title="bbox 381 1409 2039 1493">
    <p class='ocr_par' dir='ltr' id='par_1_14' title="bbox 381 1409 2039 1493">
     <span class='ocr_line' id='line_1_14' title="bbox 381 1409 2039 1493; baseline -0.004 -21"><span class='ocrx_word' id='word_1_79' title='bbox 381 1416 606 1493; x_wconf 79' lang='grc' dir='ltr'>οὐράνια</span> <span class='ocrx_word' id='word_1_80' title='bbox 664 1416 915 1489; x_wconf 87' lang='grc' dir='ltr'>σώματα,</span> <span class='ocrx_word' id='word_1_81' title='bbox 964 1414 1054 1469; x_wconf 84' lang='grc' dir='ltr'>καὶ</span> <span class='ocrx_word' id='word_1_82' title='bbox 1104 1417 1140 1484; x_wconf 81' lang='grc' dir='ltr'><strong>ἡ</strong></span> <span class='ocrx_word' id='word_1_83' title='bbox 1189 1411 1439 1482; x_wconf 68' lang='grc' dir='ltr'>αἴσθησις</span> <span class='ocrx_word' id='word_1_84' title='bbox 1497 1417 1778 1489; x_wconf 86' lang='grc' dir='ltr'>μαρτυρεῖ·</span> <span class='ocrx_word' id='word_1_85' title='bbox 1839 1409 1922 1466; x_wconf 79' lang='grc' dir='ltr'>ὅτι</span> <span class='ocrx_word' id='word_1_86' title='bbox 1978 1431 2039 1465; x_wconf 93' lang='grc' dir='ltr'>τε</span> 
     </span>
    </p>
   </div>
   <div class='ocr_carea' id='block_1_15' title="bbox 378 1498 2036 1580">
    <p class='ocr_par' dir='ltr' id='par_1_15' title="bbox 378 1498 2036 1580">
     <span class='ocr_line' id='line_1_15' title="bbox 378 1498 2036 1580; baseline -0.004 -19"><span class='ocrx_word' id='word_1_87' title='bbox 378 1507 443 1561; x_wconf 82' lang='grc' dir='ltr'>τὸ</span> <span class='ocrx_word' id='word_1_88' title='bbox 503 1506 598 1579; x_wconf 75' lang='grc' dir='ltr'>μὶν</span> <span class='ocrx_word' id='word_1_89' title='bbox 656 1504 849 1580; x_wconf 83' lang='grc' dir='ltr'>ὁρατὸν</span> <span class='ocrx_word' id='word_1_90' title='bbox 910 1502 1145 1580; x_wconf 85' lang='grc' dir='ltr'>ὑπάρχει</span> <span class='ocrx_word' id='word_1_91' title='bbox 1198 1498 1287 1556; x_wconf 80' lang='grc' dir='ltr'>διὰ</span> <span class='ocrx_word' id='word_1_92' title='bbox 1326 1502 1396 1556; x_wconf 84' lang='grc' dir='ltr'>τὰ</span> <span class='ocrx_word' id='word_1_93' title='bbox 1423 1501 1717 1578; x_wconf 84' lang='grc' dir='ltr'>χρώματα,</span> <span class='ocrx_word' id='word_1_94' title='bbox 1773 1504 2036 1578; x_wconf 75' lang='grc' dir='ltr'>φωτεινοῦ</span> 
     </span>
    </p>
   </div>
   <div class='ocr_carea' id='block_1_16' title="bbox 379 1587 2039 1672">
    <p class='ocr_par' dir='ltr' id='par_1_16' title="bbox 379 1587 2039 1672">
     <span class='ocr_line' id='line_1_16' title="bbox 379 1587 2039 1672; baseline -0.004 -22"><span class='ocrx_word' id='word_1_95' title='bbox 379 1594 723 1672; x_wconf 81' lang='grc' dir='ltr'>τυγχάνοντα</span> <span class='ocrx_word' id='word_1_96' title='bbox 777 1593 949 1670; x_wconf 88' lang='grc' dir='ltr'>πυρὸς</span> <span class='ocrx_word' id='word_1_97' title='bbox 1021 1591 1442 1668; x_wconf 86' lang='grc' dir='ltr'>ἀπαυγάσματα·</span> <span class='ocrx_word' id='word_1_98' title='bbox 1499 1589 1562 1645; x_wconf 75' lang='grc' dir='ltr'>τὰ</span> <span class='ocrx_word' id='word_1_99' title='bbox 1622 1587 1668 1644; x_wconf 86' lang='grc' dir='ltr'>δ’</span> <span class='ocrx_word' id='word_1_100' title='bbox 1723 1589 1889 1645; x_wconf 89' lang='grc' dir='ltr'>ἁπτὸν</span> <span class='ocrx_word' id='word_1_101' title='bbox 1949 1587 2039 1644; x_wconf 81' lang='grc' dir='ltr'>διὰ</span> 
     </span>
    </p>
   </div>
   <div class='ocr_carea' id='block_1_17' title="bbox 379 1676 2036 1757">
    <p class='ocr_par' dir='ltr' id='par_1_17' title="bbox 379 1676 2036 1757">
     <span class='ocr_line' id='line_1_17' title="bbox 379 1676 2036 1757; baseline -0.005 -17"><span class='ocrx_word' id='word_1_102' title='bbox 379 1685 480 1753; x_wconf 75' lang='grc' dir='ltr'>τὴν</span> <span class='ocrx_word' id='word_1_103' title='bbox 508 1683 820 1739; x_wconf 81' lang='grc' dir='ltr'>ἀντιτυπίαν</span> <span class='ocrx_word' id='word_1_104' title='bbox 850 1682 974 1752; x_wconf 76' lang='grc' dir='ltr'>ἥτις</span> <span class='ocrx_word' id='word_1_105' title='bbox 1015 1680 1126 1737; x_wconf 81' lang='grc' dir='ltr'>ἐστὶ</span> <span class='ocrx_word' id='word_1_106' title='bbox 1175 1688 1276 1750; x_wconf 81' lang='grc' dir='ltr'>τῆς</span> <span class='ocrx_word' id='word_1_107' title='bbox 1324 1688 1452 1757; x_wconf 84' lang='grc' dir='ltr'>γῆς,</span> <span class='ocrx_word' id='word_1_108' title='bbox 1483 1677 1609 1735; x_wconf 71' lang='grc' dir='ltr'>οὐδὲ</span> <span class='ocrx_word' id='word_1_109' title='bbox 1654 1683 1815 1735; x_wconf 79' lang='grc' dir='ltr'>τοῦτο</span> <span class='ocrx_word' id='word_1_110' title='bbox 1866 1676 2036 1733; x_wconf 85' lang='grc' dir='ltr'>δεῖται</span> 
     </span>
    </p>
   </div>
   <div class='ocr_carea' id='block_1_18' title="bbox 382 1767 2036 1848">
    <p class='ocr_par' dir='ltr' id='par_1_18' title="bbox 382 1767 2036 1848">
     <span class='ocr_line' id='line_1_18' title="bbox 382 1767 2036 1848; baseline -0.004 -20"><span class='ocrx_word' id='word_1_111' title='bbox 382 1780 738 1845; x_wconf 82' lang='grc' dir='ltr'>κατασκευῆς,</span> <span class='ocrx_word' id='word_1_112' title='bbox 827 1774 902 1836; x_wconf 83' lang='grc' dir='ltr'>ὡς</span> <span class='ocrx_word' id='word_1_113' title='bbox 988 1771 1464 1848; x_wconf 86' lang='grc' dir='ltr'>ὁμολογούμενον.</span> <span class='ocrx_word' id='word_1_114' title='bbox 1548 1769 1765 1825; x_wconf 77' lang='grc' dir='ltr'>Τούτων</span> <span class='ocrx_word' id='word_1_115' title='bbox 1864 1767 2036 1830; x_wconf 79' lang='grc' dir='ltr'>οὕτως</span> 
     </span>
    </p>
   </div>
   <div class='ocr_carea' id='block_1_19' title="bbox 384 1857 2116 1964">
    <p class='ocr_par' dir='ltr' id='par_1_19' title="bbox 384 1857 2116 1964">
     <span class='ocr_line' id='line_1_19' title="bbox 384 1857 2116 1964; baseline -0.005 -45"><span class='ocrx_word' id='word_1_116' title='bbox 384 1863 626 1939; x_wconf 82' lang='grc' dir='ltr'>ἐχόντων</span> <span class='ocrx_word' id='word_1_117' title='bbox 673 1860 976 1939; x_wconf 77' lang='grc' dir='ltr'>προδήλως</span> <span class='ocrx_word' id='word_1_118' title='bbox 1025 1861 1167 1964; x_wconf 59' lang='grc' dir='ltr'>ἐστὶν</span> <span class='ocrx_word' id='word_1_119' title='bbox 1220 1860 1272 1916; x_wconf 83' lang='grc' dir='ltr'>ἐν</span> <span class='ocrx_word' id='word_1_120' title='bbox 1322 1864 1401 1964; x_wconf 62' lang='grc' dir='ltr'>τῶ</span> <span class='ocrx_word' id='word_1_121' title='bbox 1426 1859 1640 1964; x_wconf 68' lang='grc' dir='ltr'>ούρανῷ</span> <span class='ocrx_word' id='word_1_122' title='bbox 1665 1859 1892 1964; x_wconf 55' lang='grc' dir='ltr'>τὸνπῦρ</span> <span class='ocrx_word' id='word_1_123' title='bbox 1948 1857 2040 1964; x_wconf 57' lang='grc' dir='ltr'>καί</span> <span class='ocrx_word' id='word_1_124' title='bbox 2067 1898 2116 1964; x_wconf 84' lang='grc' dir='ltr'>Β</span> 
     </span>
    </p>
   </div>
   <div class='ocr_carea' id='block_1_20' title="bbox 383 1943 2040 2029">
    <p class='ocr_par' dir='ltr' id='par_1_20' title="bbox 383 1943 2040 2029">
     <span class='ocr_line' id='line_1_20' title="bbox 383 1943 2040 2029; baseline -0.005 -21"><span class='ocrx_word' id='word_1_125' title='bbox 383 1955 420 2022; x_wconf 78' lang='grc' dir='ltr'>ἡ</span> <span class='ocrx_word' id='word_1_126' title='bbox 605 1957 722 2007; x_wconf 88' lang='grc' dir='ltr'>Τῶν</span> <span class='ocrx_word' id='word_1_127' title='bbox 759 1951 1025 2008; x_wconf 84' lang='grc' dir='ltr'>τοιούτων</span> <span class='ocrx_word' id='word_1_128' title='bbox 1071 1948 1130 2006; x_wconf 73' lang='grc' dir='ltr'>δὲ</span> <span class='ocrx_word' id='word_1_129' title='bbox 1173 1948 1464 2024; x_wconf 85' lang='grc' dir='ltr'>στοιχείων</span> <span class='ocrx_word' id='word_1_130' title='bbox 1512 1947 1689 2024; x_wconf 82' lang='grc' dir='ltr'>ἄκρων</span> <span class='ocrx_word' id='word_1_131' title='bbox 1735 1943 1905 2001; x_wconf 74' lang='grc' dir='ltr'>ὄντων</span> <span class='ocrx_word' id='word_1_132' title='bbox 1949 1945 2040 2002; x_wconf 73' lang='grc' dir='ltr'>καί</span> 
     </span>
    </p>
   </div>
   <div class='ocr_carea' id='block_1_21' title="bbox 385 2036 2038 2115">
    <p class='ocr_par' dir='ltr' id='par_1_21' title="bbox 385 2036 2038 2115">
     <span class='ocr_line' id='line_1_21' title="bbox 385 2036 2038 2115; baseline -0.004 -19"><span class='ocrx_word' id='word_1_133' title='bbox 385 2039 659 2114; x_wconf 74' lang='grc' dir='ltr'>δεομένων</span> <span class='ocrx_word' id='word_1_134' title='bbox 690 2039 779 2097; x_wconf 79' lang='grc' dir='ltr'>διὰ</span> <span class='ocrx_word' id='word_1_135' title='bbox 804 2046 966 2096; x_wconf 75' lang='grc' dir='ltr'>τοῦτο</span> <span class='ocrx_word' id='word_1_136' title='bbox 1002 2039 1302 2115; x_wconf 87' lang='grc' dir='ltr'>μεσότητός</span> <span class='ocrx_word' id='word_1_137' title='bbox 1345 2037 1456 2094; x_wconf 79' lang='grc' dir='ltr'>ἐστι</span> <span class='ocrx_word' id='word_1_138' title='bbox 1505 2037 1596 2092; x_wconf 84' lang='grc' dir='ltr'>καὶ</span> <span class='ocrx_word' id='word_1_139' title='bbox 1627 2039 1656 2092; x_wconf 90' lang='lat'>6</span> <span class='ocrx_word' id='word_1_140' title='bbox 1688 2037 1794 2113; x_wconf 82' lang='grc' dir='ltr'>ἀὴρ</span> <span class='ocrx_word' id='word_1_141' title='bbox 1841 2036 1929 2090; x_wconf 86' lang='grc' dir='ltr'>καὶ</span> <span class='ocrx_word' id='word_1_142' title='bbox 1976 2036 2038 2091; x_wconf 88' lang='grc' dir='ltr'>τὸ</span> 
     </span>
    </p>
   </div>
   <div class='ocr_carea' id='block_1_22' title="bbox 385 2125 2037 2208">
    <p class='ocr_par' dir='ltr' id='par_1_22' title="bbox 385 2125 2037 2208">
     <span class='ocr_line' id='line_1_22' title="bbox 385 2125 2037 2208; baseline -0.004 -22"><span class='ocrx_word' id='word_1_143' title='bbox 385 2127 649 2208; x_wconf 74' lang='grc' dir='ltr'>ὕδωρ,τὰ</span> <span class='ocrx_word' id='word_1_144' title='bbox 699 2130 834 2204; x_wconf 85' lang='grc' dir='ltr'>μέσα</span> <span class='ocrx_word' id='word_1_145' title='bbox 876 2134 986 2186; x_wconf 87' lang='grc' dir='ltr'>τῶν</span> <span class='ocrx_word' id='word_1_146' title='bbox 1032 2129 1322 2206; x_wconf 85' lang='grc' dir='ltr'>στοιχείων</span> <span class='ocrx_word' id='word_1_147' title='bbox 1385 2128 1476 2183; x_wconf 87' lang='grc' dir='ltr'>καὶ</span> <span class='ocrx_word' id='word_1_148' title='bbox 1521 2131 1630 2182; x_wconf 89' lang='grc' dir='ltr'>τῶν</span> <span class='ocrx_word' id='word_1_149' title='bbox 1682 2125 1859 2202; x_wconf 80' lang='grc' dir='ltr'>ἄκρων</span> <span class='ocrx_word' id='word_1_150' title='bbox 1915 2146 2037 2180; x_wconf 87' lang='grc' dir='ltr'>συν-</span> 
     </span>
    </p>
   </div>
   <div class='ocr_carea' id='block_1_23' title="bbox 387 2217 593 2275">
    <p class='ocr_par' dir='ltr' id='par_1_23' title="bbox 387 2217 593 2275">
     <span class='ocr_line' id='line_1_23' title="bbox 387 2217 593 2275; baseline 0 -1"><span class='ocrx_word' id='word_1_151' title='bbox 387 2217 593 2275; x_wconf 86' lang='grc' dir='ltr'>δετικά.</span> 
     </span>
    </p>
   </div>
   <div class='ocr_carea' id='block_1_24' title="bbox 460 2323 2038 2401">
    <p class='ocr_par' dir='ltr' id='par_1_24' title="bbox 460 2323 2038 2401">
     <span class='ocr_line' id='line_1_24' title="bbox 460 2323 2038 2401; baseline -0.006 -16"><span class='ocrx_word' id='word_1_152' title='bbox 460 2329 520 2396; x_wconf 85' lang='grc' dir='ltr'>ζ’.</span> <span class='ocrx_word' id='word_1_153' title='bbox 579 2325 817 2384; x_wconf 72' lang='grc' dir='ltr'>⁴Απλοῦν</span> <span class='ocrx_word' id='word_1_154' title='bbox 879 2323 936 2380; x_wconf 74' lang='grc' dir='ltr'>δὲ</span> <span class='ocrx_word' id='word_1_155' title='bbox 985 2326 1048 2380; x_wconf 90' lang='grc' dir='ltr'>τὸ</span> <span class='ocrx_word' id='word_1_156' title='bbox 1107 2323 1356 2401; x_wconf 79' lang='grc' dir='ltr'>οὐράνιον</span> <span class='ocrx_word' id='word_1_157' title='bbox 1431 2324 1645 2400; x_wconf 82' lang='grc' dir='ltr'>λέγεται</span> <span class='ocrx_word' id='word_1_158' title='bbox 1715 2328 1895 2396; x_wconf 86' lang='grc' dir='ltr'>σῶμα,</span> <span class='ocrx_word' id='word_1_159' title='bbox 1948 2323 2038 2378; x_wconf 85' lang='grc' dir='ltr'>καὶ</span> 
     </span>
    </p>
   </div>
   <div class='ocr_carea' id='block_1_25' title="bbox 384 2408 2037 2489">
    <p class='ocr_par' dir='ltr' id='par_1_25' title="bbox 384 2408 2037 2489">
     <span class='ocr_line' id='line_1_25' title="bbox 384 2408 2037 2489; baseline -0.003 -17"><span class='ocrx_word' id='word_1_160' title='bbox 384 2421 552 2472; x_wconf 77' lang='grc' dir='ltr'>ταῦτα</span> <span class='ocrx_word' id='word_1_161' title='bbox 599 2415 848 2480; x_wconf 89' lang='grc' dir='ltr'>σύνθετον</span> <span class='ocrx_word' id='word_1_162' title='bbox 903 2413 984 2487; x_wconf 78' lang='grc' dir='ltr'>ὃν,</span> <span class='ocrx_word' id='word_1_163' title='bbox 1035 2419 1152 2476; x_wconf 84' lang='grc' dir='ltr'>τοῖς</span> <span class='ocrx_word' id='word_1_164' title='bbox 1209 2414 1625 2489; x_wconf 86' lang='grc' dir='ltr'>συνθετωτέροις</span> <span class='ocrx_word' id='word_1_165' title='bbox 1681 2408 2037 2487; x_wconf 82' lang='grc' dir='ltr'>παραϐαλλό-</span> 
     </span>
    </p>
   </div>
   <div class='ocr_carea' id='block_1_26' title="bbox 391 2501 2042 2579">
    <p class='ocr_par' dir='ltr' id='par_1_26' title="bbox 391 2501 2042 2579">
     <span class='ocr_line' id='line_1_26' title="bbox 391 2501 2042 2579; baseline -0.004 -18"><span class='ocrx_word' id='word_1_166' title='bbox 391 2523 549 2578; x_wconf 85' lang='grc' dir='ltr'>μενον</span> <span class='ocrx_word' id='word_1_167' title='bbox 606 2506 872 2579; x_wconf 87' lang='grc' dir='ltr'>σώμασιν.</span> <span class='ocrx_word' id='word_1_168' title='bbox 908 2503 1061 2559; x_wconf 78' lang='grc' dir='ltr'>Οὕτω</span> <span class='ocrx_word' id='word_1_169' title='bbox 1118 2503 1222 2578; x_wconf 80' lang='grc' dir='ltr'>γὰρ</span> <span class='ocrx_word' id='word_1_170' title='bbox 1279 2503 1370 2558; x_wconf 83' lang='grc' dir='ltr'>καὶ</span> <span class='ocrx_word' id='word_1_171' title='bbox 1417 2503 1482 2556; x_wconf 80' lang='grc' dir='ltr'>τὰ</span> <span class='ocrx_word' id='word_1_172' title='bbox 1526 2501 1757 2577; x_wconf 81' lang='grc' dir='ltr'>τέσσαρα</span> <span class='ocrx_word' id='word_1_173' title='bbox 1813 2503 2042 2574; x_wconf 87' lang='grc' dir='ltr'>σώματα</span> 
     </span>
    </p>
   </div>
   <div class='ocr_carea' id='block_1_27' title="bbox 387 2588 2039 2668">
    <p class='ocr_par' dir='ltr' id='par_1_27' title="bbox 387 2588 2039 2668">
     <span class='ocr_line' id='line_1_27' title="bbox 387 2588 2039 2668; baseline -0.002 -20"><span class='ocrx_word' id='word_1_174' title='bbox 387 2593 610 2649; x_wconf 82' lang='grc' dir='ltr'>σύνθετα</span> <span class='ocrx_word' id='word_1_175' title='bbox 669 2595 764 2668; x_wconf 74' lang='grc' dir='ltr'>μὲν</span> <span class='ocrx_word' id='word_1_176' title='bbox 797 2592 850 2664; x_wconf 80' lang='grc' dir='ltr'><strong>ἐξ</strong></span> <span class='ocrx_word' id='word_1_177' title='bbox 905 2590 1172 2663; x_wconf 79' lang='grc' dir='ltr'>ἀλλήλων</span> <span class='ocrx_word' id='word_1_178' title='bbox 1231 2590 1394 2648; x_wconf 81' lang='grc' dir='ltr'>ἐστίν·</span> <span class='ocrx_word' id='word_1_179' title='bbox 1433 2590 1581 2646; x_wconf 85' lang='grc' dir='ltr'>ἁπλᾶ</span> <span class='ocrx_word' id='word_1_180' title='bbox 1637 2588 1695 2645; x_wconf 73' lang='grc' dir='ltr'>δὲ</span> <span class='ocrx_word' id='word_1_181' title='bbox 1747 2590 2039 2646; x_wconf 76' lang='grc' dir='ltr'>καλοῦνται</span> 
     </span>
    </p>
   </div>
   <div class='ocr_carea' id='block_1_28' title="bbox 385 2678 2064 2761">
    <p class='ocr_par' dir='ltr' id='par_1_28' title="bbox 385 2678 2064 2761">
     <span class='ocr_line' id='line_1_28' title="bbox 385 2678 2064 2761; baseline -0.002 -23"><span class='ocrx_word' id='word_1_182' title='bbox 385 2684 524 2761; x_wconf 89' lang='grc' dir='ltr'>πρὸς</span> <span class='ocrx_word' id='word_1_183' title='bbox 560 2684 627 2739; x_wconf 84' lang='grc' dir='ltr'>τὰ</span> <span class='ocrx_word' id='word_1_184' title='bbox 665 2682 716 2757; x_wconf 78' lang='grc' dir='ltr'>ἐξ</span> <span class='ocrx_word' id='word_1_185' title='bbox 765 2682 942 2738; x_wconf 79' lang='grc' dir='ltr'>αὐτῶν</span> <span class='ocrx_word' id='word_1_186' title='bbox 986 2682 1122 2738; x_wconf 86' lang='grc' dir='ltr'>κατά</span> <span class='ocrx_word' id='word_1_187' title='bbox 1171 2678 1418 2756; x_wconf 73' lang='grc' dir='ltr'>δευτέραν</span> <span class='ocrx_word' id='word_1_188' title='bbox 1465 2678 1878 2754; x_wconf 83' lang='grc' dir='ltr'>ἀποτελούμενοι</span> <span class='ocrx_word' id='word_1_189' title='bbox 1920 2679 2064 2734; x_wconf 68' lang='grc' dir='ltr'>σύν-“</span> 
     </span>
    </p>
   </div>
   <div class='ocr_carea' id='block_1_29' title="bbox 387 2768 2042 2848">
    <p class='ocr_par' dir='ltr' id='par_1_29' title="bbox 387 2768 2042 2848">
     <span class='ocr_line' id='line_1_29' title="bbox 387 2768 2042 2848; baseline -0.001 -22"><span class='ocrx_word' id='word_1_190' title='bbox 387 2774 552 2827; x_wconf 85' lang='grc' dir='ltr'>θεσιν.</span> <span class='ocrx_word' id='word_1_191' title='bbox 602 2772 678 2826; x_wconf 83' lang='grc' dir='ltr'>Τὰ</span> <span class='ocrx_word' id='word_1_192' title='bbox 749 2771 850 2848; x_wconf 80' lang='grc' dir='ltr'>γὰρ</span> <span class='ocrx_word' id='word_1_193' title='bbox 900 2771 1106 2847; x_wconf 85' lang='grc' dir='ltr'>κυρίως</span> <span class='ocrx_word' id='word_1_194' title='bbox 1164 2768 1314 2825; x_wconf 88' lang='grc' dir='ltr'>ἁπλᾶ</span> <span class='ocrx_word' id='word_1_195' title='bbox 1369 2770 1597 2843; x_wconf 87' lang='grc' dir='ltr'>σώματα</span> <span class='ocrx_word' id='word_1_196' title='bbox 1652 2768 1741 2824; x_wconf 79' lang='grc' dir='ltr'>καὶ</span> <span class='ocrx_word' id='word_1_197' title='bbox 1795 2775 2042 2844; x_wconf 85' lang='grc' dir='ltr'>στοιχεῖα</span> 
     </span>
    </p>
   </div>
   <div class='ocr_carea' id='block_1_30' title="bbox 387 2858 2041 2939">
    <p class='ocr_par' dir='ltr' id='par_1_30' title="bbox 387 2858 2041 2939">
     <span class='ocr_line' id='line_1_30' title="bbox 387 2858 2041 2939; baseline -0.003 -23"><span class='ocrx_word' id='word_1_198' title='bbox 387 2861 597 2939; x_wconf 87' lang='grc' dir='ltr'>καθαρὰ</span> <span class='ocrx_word' id='word_1_199' title='bbox 643 2859 734 2916; x_wconf 87' lang='grc' dir='ltr'>καὶ</span> <span class='ocrx_word' id='word_1_200' title='bbox 782 2859 1054 2937; x_wconf 74' lang='grc' dir='ltr'>εἰλικρινῆ</span> <span class='ocrx_word' id='word_1_201' title='bbox 1105 2858 1298 2936; x_wconf 78' lang='grc' dir='ltr'>πόρῥω</span> <span class='ocrx_word' id='word_1_202' title='bbox 1345 2858 1640 2930; x_wconf 79' lang='grc' dir='ltr'>καθέστηκε</span> <span class='ocrx_word' id='word_1_203' title='bbox 1689 2865 1789 2928; x_wconf 91' lang='grc' dir='ltr'>τῆς</span> <span class='ocrx_word' id='word_1_204' title='bbox 1848 2858 2041 2929; x_wconf 78' lang='grc' dir='ltr'>αἰσθή-</span> 
     </span>
    </p>
   </div>
   <div class='ocr_carea' id='block_1_31' title="bbox 391 2946 1274 3027">
    <p class='ocr_par' dir='ltr' id='par_1_31' title="bbox 391 2946 1274 3027">
     <span class='ocr_line' id='line_1_31' title="bbox 391 2946 1274 3027; baseline -0.001 -21"><span class='ocrx_word' id='word_1_205' title='bbox 391 2971 550 3024; x_wconf 80' lang='grc' dir='ltr'>σεως,</span> <span class='ocrx_word' id='word_1_206' title='bbox 581 2954 660 3022; x_wconf 79' lang='grc' dir='ltr'>νῷ</span> <span class='ocrx_word' id='word_1_207' title='bbox 687 2948 840 3024; x_wconf 83' lang='grc' dir='ltr'>μόνῳ</span> <span class='ocrx_word' id='word_1_208' title='bbox 870 2946 1274 3027; x_wconf 83' lang='grc' dir='ltr'>διακρινόμενα.</span> 
     </span>
    </p>
   </div>
   <div class='ocr_carea' id='block_1_32' title="bbox 460 3125 2042 3204">
    <p class='ocr_par' dir='ltr' id='par_1_32' title="bbox 460 3125 2042 3204">
     <span class='ocr_line' id='line_1_32' title="bbox 460 3125 2042 3204; baseline -0.003 -19"><span class='ocrx_word' id='word_1_209' title='bbox 460 3135 532 3200; x_wconf 86' lang='grc' dir='ltr'>η’.</span> <span class='ocrx_word' id='word_1_210' title='bbox 583 3127 682 3182; x_wconf 83' lang='grc' dir='ltr'>Καὶ</span> <span class='ocrx_word' id='word_1_211' title='bbox 737 3131 953 3204; x_wconf 88' lang='grc' dir='ltr'>πρῶτος</span> <span class='ocrx_word' id='word_1_212' title='bbox 1018 3125 1064 3182; x_wconf 86' lang='grc' dir='ltr'>δ’</span> <span class='ocrx_word' id='word_1_213' title='bbox 1111 3126 1339 3202; x_wconf 80' lang='grc' dir='ltr'>οὐρανὸς</span> <span class='ocrx_word' id='word_1_214' title='bbox 1397 3127 1426 3181; x_wconf 93' lang='lat'>6</span> <span class='ocrx_word' id='word_1_215' title='bbox 1485 3127 1769 3203; x_wconf 81' lang='grc' dir='ltr'>ἄναστρος,</span> <span class='ocrx_word' id='word_1_216' title='bbox 1825 3125 2042 3204; x_wconf 77' lang='grc' dir='ltr'>ἐπείπερ</span> 
     </span>
    </p>
   </div>
   <div class='ocr_carea' id='block_1_33' title="bbox 393 3214 2039 3291">
    <p class='ocr_par' dir='ltr' id='par_1_33' title="bbox 393 3214 2039 3291">
     <span class='ocr_line' id='line_1_33' title="bbox 393 3214 2039 3291; baseline -0.001 -19"><span class='ocrx_word' id='word_1_217' title='bbox 393 3216 667 3288; x_wconf 72' lang='grc' dir='ltr'>αἰσθητῶς</span> <span class='ocrx_word' id='word_1_218' title='bbox 725 3220 952 3272; x_wconf 85' lang='grc' dir='ltr'>κινεῖται</span> <span class='ocrx_word' id='word_1_219' title='bbox 981 3216 1081 3286; x_wconf 80' lang='grc' dir='ltr'>τὴν</span> <span class='ocrx_word' id='word_1_220' title='bbox 1128 3214 1348 3286; x_wconf 83' lang='grc' dir='ltr'>ἀπλανῆ</span> <span class='ocrx_word' id='word_1_221' title='bbox 1394 3216 1627 3287; x_wconf 88' lang='grc' dir='ltr'>κίνησιν,</span> <span class='ocrx_word' id='word_1_222' title='bbox 1659 3215 1767 3291; x_wconf 79' lang='grc' dir='ltr'>οὐχ</span> <span class='ocrx_word' id='word_1_223' title='bbox 1809 3214 2039 3278; x_wconf 82' lang='grc' dir='ltr'>ἀπλοῦς.</span> 
     </span>
    </p>
   </div>
   <div class='ocr_carea' id='block_1_34' title="bbox 396 3303 2042 3382">
    <p class='ocr_par' dir='ltr' id='par_1_34' title="bbox 396 3303 2042 3382">
     <span class='ocr_line' id='line_1_34' title="bbox 396 3303 2042 3382; baseline -0.001 -21"><span class='ocrx_word' id='word_1_224' title='bbox 396 3305 678 3376; x_wconf 83' lang='grc' dir='ltr'>Δίσθητῶς</span> <span class='ocrx_word' id='word_1_225' title='bbox 735 3305 840 3382; x_wconf 79' lang='grc' dir='ltr'>γὰρ</span> <span class='ocrx_word' id='word_1_226' title='bbox 911 3305 1228 3380; x_wconf 86' lang='grc' dir='ltr'>κινούμενος</span> <span class='ocrx_word' id='word_1_227' title='bbox 1299 3307 1400 3376; x_wconf 78' lang='grc' dir='ltr'>τὴν</span> <span class='ocrx_word' id='word_1_228' title='bbox 1481 3305 1534 3375; x_wconf 80' lang='grc' dir='ltr'><strong>ἐξ</strong></span> <span class='ocrx_word' id='word_1_229' title='bbox 1609 3303 1887 3361; x_wconf 88' lang='grc' dir='ltr'>ἀνατολῶν</span> <span class='ocrx_word' id='word_1_230' title='bbox 1965 3305 2042 3368; x_wconf 82' lang='grc' dir='ltr'>εἷς</span> 
     </span>
    </p>
   </div>
   <div class='ocr_carea' id='block_1_35' title="bbox 394 3393 2046 3474">
    <p class='ocr_par' dir='ltr' id='par_1_35' title="bbox 394 3393 2046 3474">
     <span class='ocr_line' id='line_1_35' title="bbox 394 3393 2046 3474; baseline 0 -24"><span class='ocrx_word' id='word_1_231' title='bbox 394 3393 605 3469; x_wconf 81' lang='grc' dir='ltr'>δυσμὰς</span> <span class='ocrx_word' id='word_1_232' title='bbox 642 3396 742 3465; x_wconf 76' lang='grc' dir='ltr'>τήν</span> <span class='ocrx_word' id='word_1_233' title='bbox 793 3394 1054 3467; x_wconf 80' lang='grc' dir='ltr'>ὀξυτάτην</span> <span class='ocrx_word' id='word_1_234' title='bbox 1086 3395 1177 3450; x_wconf 81' lang='grc' dir='ltr'>καὶ</span> <span class='ocrx_word' id='word_1_235' title='bbox 1231 3393 1627 3474; x_wconf 75' lang='grc' dir='ltr'>σφοδροτάτην,</span> <span class='ocrx_word' id='word_1_236' title='bbox 1658 3396 1748 3450; x_wconf 85' lang='grc' dir='ltr'>καὶ</span> <span class='ocrx_word' id='word_1_237' title='bbox 1797 3400 1876 3468; x_wconf 81' lang='grc' dir='ltr'>τῷ</span> <span class='ocrx_word' id='word_1_238' title='bbox 1925 3393 2046 3450; x_wconf 88' lang='grc' dir='ltr'>λίαν</span> 
     </span>
    </p>
   </div>
   <div class='ocr_carea' id='block_1_36' title="bbox 393 3481 2048 3564">
    <p class='ocr_par' dir='ltr' id='par_1_36' title="bbox 393 3481 2048 3564">
     <span class='ocr_line' id='line_1_36' title="bbox 393 3481 2048 3564; baseline 0 -25"><span class='ocrx_word' id='word_1_239' title='bbox 393 3483 610 3558; x_wconf 82' lang='grc' dir='ltr'>ἀκμαίῳ</span> <span class='ocrx_word' id='word_1_240' title='bbox 653 3481 812 3560; x_wconf 79' lang='grc' dir='ltr'>τάχει</span> <span class='ocrx_word' id='word_1_241' title='bbox 882 3487 1299 3564; x_wconf 78' lang='grc' dir='ltr'>συμπεριφέρων</span> <span class='ocrx_word' id='word_1_242' title='bbox 1339 3485 1403 3541; x_wconf 87' lang='grc' dir='ltr'>τὸ</span> <span class='ocrx_word' id='word_1_243' title='bbox 1450 3486 1752 3561; x_wconf 87' lang='grc' dir='ltr'>στερέωμα,</span> <span class='ocrx_word' id='word_1_244' title='bbox 1792 3485 1884 3540; x_wconf 89' lang='grc' dir='ltr'>τὸν</span> <span class='ocrx_word' id='word_1_245' title='bbox 1933 3482 2048 3540; x_wconf 81' lang='grc' dir='ltr'>δεύ-</span> 
     </span>
    </p>
   </div>
   <div class='ocr_carea' id='block_1_37' title="bbox 391 3573 2045 3650">
    <p class='ocr_par' dir='ltr' id='par_1_37' title="bbox 391 3573 2045 3650">
     <span class='ocr_line' id='line_1_37' title="bbox 391 3573 2045 3650; baseline 0 -21"><span class='ocrx_word' id='word_1_246' title='bbox 391 3594 544 3649; x_wconf 87' lang='grc' dir='ltr'>τερον</span> <span class='ocrx_word' id='word_1_247' title='bbox 600 3573 824 3648; x_wconf 81' lang='grc' dir='ltr'>οὐρανὸν</span> <span class='ocrx_word' id='word_1_248' title='bbox 882 3573 974 3630; x_wconf 84' lang='grc' dir='ltr'>καὶ</span> <span class='ocrx_word' id='word_1_249' title='bbox 1032 3575 1125 3629; x_wconf 88' lang='grc' dir='ltr'>τὸν</span> <span class='ocrx_word' id='word_1_250' title='bbox 1183 3573 1450 3650; x_wconf 79' lang='grc' dir='ltr'>ἐχόμενον</span> <span class='ocrx_word' id='word_1_251' title='bbox 1500 3574 1685 3650; x_wconf 75' lang='grc' dir='ltr'>αἰθέρα</span> <span class='ocrx_word' id='word_1_252' title='bbox 1739 3573 2045 3647; x_wconf 83' lang='grc' dir='ltr'>σύμπαντα,</span> 
     </span>
    </p>
   </div>
   <div class='ocr_carea' id='block_1_38' title="bbox 391 3662 2048 3741">
    <p class='ocr_par' dir='ltr' id='par_1_38' title="bbox 391 3662 2048 3741">
     <span class='ocr_line' id='line_1_38' title="bbox 391 3662 2048 3741; baseline 0 -23"><span class='ocrx_word' id='word_1_253' title='bbox 391 3663 482 3718; x_wconf 86' lang='grc' dir='ltr'>καὶ</span> <span class='ocrx_word' id='word_1_254' title='bbox 538 3663 602 3719; x_wconf 85' lang='grc' dir='ltr'>τὸ</span> <span class='ocrx_word' id='word_1_255' title='bbox 642 3662 980 3736; x_wconf 76' lang='grc' dir='ltr'>ὑπέκκαυμα,</span> <span class='ocrx_word' id='word_1_256' title='bbox 1013 3663 1105 3718; x_wconf 89' lang='grc' dir='ltr'>καὶ</span> <span class='ocrx_word' id='word_1_257' title='bbox 1161 3663 1253 3718; x_wconf 84' lang='grc' dir='ltr'>τὸν</span> <span class='ocrx_word' id='word_1_258' title='bbox 1314 3664 1468 3741; x_wconf 85' lang='grc' dir='ltr'>ἀέρα,</span> <span class='ocrx_word' id='word_1_259' title='bbox 1496 3662 1642 3732; x_wconf 76' lang='grc' dir='ltr'>πλὴν</span> <span class='ocrx_word' id='word_1_260' title='bbox 1699 3662 1894 3739; x_wconf 87' lang='grc' dir='ltr'>ὀλίγου</span> <span class='ocrx_word' id='word_1_261' title='bbox 1950 3668 2048 3718; x_wconf 90' lang='lat'>106</span> 
     </span>
    </p>
   </div>
   <div class='ocr_carea' id='block_1_39' title="bbox 392 3749 2048 3830">
    <p class='ocr_par' dir='ltr' id='par_1_39' title="bbox 392 3749 2048 3830">
     <span class='ocr_line' id='line_1_39' title="bbox 392 3749 2048 3830; baseline 0.001 -24"><span class='ocrx_word' id='word_1_262' title='bbox 392 3757 513 3814; x_wconf 83' lang='grc' dir='ltr'>ταῖς</span> <span class='ocrx_word' id='word_1_263' title='bbox 560 3749 846 3823; x_wconf 86' lang='grc' dir='ltr'>κοιλότησι</span> <span class='ocrx_word' id='word_1_264' title='bbox 877 3759 978 3822; x_wconf 89' lang='grc' dir='ltr'>τῆς</span> <span class='ocrx_word' id='word_1_265' title='bbox 1007 3750 1060 3806; x_wconf 82' lang='grc' dir='ltr'>ἐν</span> <span class='ocrx_word' id='word_1_266' title='bbox 1093 3757 1167 3828; x_wconf 83' lang='grc' dir='ltr'>γῇ</span> <span class='ocrx_word' id='word_1_267' title='bbox 1214 3751 1524 3830; x_wconf 78' lang='grc' dir='ltr'>ἐπιφανείας</span> <span class='ocrx_word' id='word_1_268' title='bbox 1574 3751 2048 3826; x_wconf 86' lang='grc' dir='ltr'>έναπειλημμένου</span> 
     </span>
    </p>
   </div>
   <div class='ocr_carea' id='block_1_40' title="bbox 395 3839 2046 3915">
    <p class='ocr_par' dir='ltr' id='par_1_40' title="bbox 395 3839 2046 3915">
     <span class='ocr_line' id='line_1_40' title="bbox 395 3839 2046 3915; baseline 0.001 -21"><span class='ocrx_word' id='word_1_269' title='bbox 395 3839 484 3894; x_wconf 79' lang='grc' dir='ltr'>καί</span> <span class='ocrx_word' id='word_1_270' title='bbox 527 3839 980 3915; x_wconf 82' lang='grc' dir='ltr'>ἐλλιμνάζοντος,</span> <span class='ocrx_word' id='word_1_271' title='bbox 1011 3846 1130 3903; x_wconf 88' lang='grc' dir='ltr'>πῶς</span> <span class='ocrx_word' id='word_1_272' title='bbox 1179 3841 1240 3896; x_wconf 77' lang='grc' dir='ltr'>ἂν</span> <span class='ocrx_word' id='word_1_273' title='bbox 1289 3841 1374 3911; x_wconf 40' lang='lat' dir='ltr'>sic!)</span> <span class='ocrx_word' id='word_1_274' title='bbox 1429 3843 1456 3896; x_wconf 83' lang='lat'>6</span> <span class='ocrx_word' id='word_1_275' title='bbox 1504 3845 1756 3904; x_wconf 77' lang='grc' dir='ltr'>τοιοῦτος</span> <span class='ocrx_word' id='word_1_276' title='bbox 1805 3841 2046 3910; x_wconf 82' lang='grc' dir='ltr'>άπλοῦς;</span> 
     </span>
    </p>
   </div>
   <div class='ocr_carea' id='block_1_41' title="bbox 396 3929 2048 4007">
    <p class='ocr_par' dir='ltr' id='par_1_41' title="bbox 396 3929 2048 4007">
     <span class='ocr_line' id='line_1_41' title="bbox 396 3929 2048 4007; baseline 0.002 -24"><span class='ocrx_word' id='word_1_277' title='bbox 396 3932 569 3984; x_wconf 86' lang='grc' dir='ltr'>Ὅπου</span> <span class='ocrx_word' id='word_1_278' title='bbox 596 3931 698 4006; x_wconf 77' lang='grc' dir='ltr'>γὰρ</span> <span class='ocrx_word' id='word_1_279' title='bbox 730 3930 966 3999; x_wconf 82' lang='grc' dir='ltr'>αἰσθητὴ</span> <span class='ocrx_word' id='word_1_280' title='bbox 1015 3930 1256 4000; x_wconf 87' lang='grc' dir='ltr'>κίνησις,</span> <span class='ocrx_word' id='word_1_281' title='bbox 1288 3929 1542 4001; x_wconf 84' lang='grc' dir='ltr'>αἰσθητὸν</span> <span class='ocrx_word' id='word_1_282' title='bbox 1576 3930 1811 4007; x_wconf 82' lang='grc' dir='ltr'>ὑπάρχει</span> <span class='ocrx_word' id='word_1_283' title='bbox 1858 3931 1948 3985; x_wconf 88' lang='grc' dir='ltr'>καὶ</span> <span class='ocrx_word' id='word_1_284' title='bbox 1985 3931 2048 3986; x_wconf 87' lang='grc' dir='ltr'>τὸ</span> 
     </span>
    </p>
   </div>
   <div class='ocr_carea' id='block_1_42' title="bbox 395 4016 2046 4092">
    <p class='ocr_par' dir='ltr' id='par_1_42' title="bbox 395 4016 2046 4092">
     <span class='ocr_line' id='line_1_42' title="bbox 395 4016 2046 4092; baseline -0.001 -18"><span class='ocrx_word' id='word_1_285' title='bbox 395 4019 730 4092; x_wconf 88' lang='grc' dir='ltr'>κινούμενον.</span> <span class='ocrx_word' id='word_1_286' title='bbox 763 4021 826 4073; x_wconf 89' lang='grc' dir='ltr'>Ὃ</span> <span class='ocrx_word' id='word_1_287' title='bbox 884 4016 931 4073; x_wconf 89' lang='grc' dir='ltr'>δ’</span> <span class='ocrx_word' id='word_1_288' title='bbox 988 4017 1128 4074; x_wconf 75' lang='grc' dir='ltr'>οἶδεν</span> <span class='ocrx_word' id='word_1_289' title='bbox 1185 4021 1220 4088; x_wconf 79' lang='grc' dir='ltr'>ἡ</span> <span class='ocrx_word' id='word_1_290' title='bbox 1269 4016 1539 4089; x_wconf 64' lang='grc' dir='ltr'>αἴσθησις,</span> <span class='ocrx_word' id='word_1_291' title='bbox 1580 4024 1740 4074; x_wconf 76' lang='grc' dir='ltr'>τοῦτο</span> <span class='ocrx_word' id='word_1_292' title='bbox 1799 4019 2046 4084; x_wconf 89' lang='grc' dir='ltr'>σύνθετον</span> 
     </span>
    </p>
   </div>
   <div class='ocr_carea' id='block_1_43' title="bbox 393 4107 2048 4187">
    <p class='ocr_par' dir='ltr' id='par_1_43' title="bbox 393 4107 2048 4187">
     <span class='ocr_line' id='line_1_43' title="bbox 393 4107 2048 4187; baseline 0.001 -25"><span class='ocrx_word' id='word_1_293' title='bbox 393 4107 777 4185; x_wconf 78' lang='grc' dir='ltr'>ὡμολόγηται.</span> <span class='ocrx_word' id='word_1_294' title='bbox 833 4112 1008 4181; x_wconf 90' lang='grc' dir='ltr'>Σῶμα</span> <span class='ocrx_word' id='word_1_295' title='bbox 1061 4109 1164 4184; x_wconf 80' lang='grc' dir='ltr'>γὰρ</span> <span class='ocrx_word' id='word_1_296' title='bbox 1218 4107 1424 4163; x_wconf 78' lang='grc' dir='ltr'>ἁπλοῦν</span> <span class='ocrx_word' id='word_1_297' title='bbox 1482 4108 1545 4162; x_wconf 87' lang='grc' dir='ltr'>ού</span> <span class='ocrx_word' id='word_1_298' title='bbox 1619 4108 1851 4187; x_wconf 82' lang='grc' dir='ltr'>πέφυκεν</span> <span class='ocrx_word' id='word_1_299' title='bbox 1925 4109 2048 4186; x_wconf 85' lang='grc' dir='ltr'>ὑφε-</span> 
     </span>
    </p>
   </div>
   <div class='ocr_carea' id='block_1_44' title="bbox 390 4195 2048 4274">
    <p class='ocr_par' dir='ltr' id='par_1_44' title="bbox 390 4195 2048 4274">
     <span class='ocr_line' id='line_1_44' title="bbox 390 4195 2048 4274; baseline 0.001 -23"><span class='ocrx_word' id='word_1_300' title='bbox 390 4198 577 4252; x_wconf 88' lang='grc' dir='ltr'>στάναι</span> <span class='ocrx_word' id='word_1_301' title='bbox 625 4197 743 4252; x_wconf 90' lang='grc' dir='ltr'>καθ’</span> <span class='ocrx_word' id='word_1_302' title='bbox 786 4195 936 4253; x_wconf 80' lang='grc' dir='ltr'>αὐτό.</span> <span class='ocrx_word' id='word_1_303' title='bbox 991 4195 1086 4251; x_wconf 87' lang='grc' dir='ltr'>Διὸ</span> <span class='ocrx_word' id='word_1_304' title='bbox 1153 4201 1313 4270; x_wconf 87' lang='grc' dir='ltr'>σῶμα</span> <span class='ocrx_word' id='word_1_305' title='bbox 1377 4197 1668 4272; x_wconf 86' lang='grc' dir='ltr'>τυγχάνων</span> <span class='ocrx_word' id='word_1_306' title='bbox 1740 4199 2048 4274; x_wconf 83' lang='grc' dir='ltr'>ὁμολογου-</span> 
     </span>
    </p>
   </div>
   <div class='ocr_carea' id='block_1_45' title="bbox 395 4284 2049 4365">
    <p class='ocr_par' dir='ltr' id='par_1_45' title="bbox 395 4284 2049 4365">
     <span class='ocr_line' id='line_1_45' title="bbox 395 4284 2049 4365; baseline 0.001 -25"><span class='ocrx_word' id='word_1_307' title='bbox 395 4285 569 4360; x_wconf 87' lang='grc' dir='ltr'>μένως</span> <span class='ocrx_word' id='word_1_308' title='bbox 617 4287 646 4340; x_wconf 90' lang='lat'>6</span> <span class='ocrx_word' id='word_1_309' title='bbox 707 4285 1013 4360; x_wconf 84' lang='grc' dir='ltr'>πρώτιστος</span> <span class='ocrx_word' id='word_1_310' title='bbox 1069 4285 1296 4362; x_wconf 80' lang='grc' dir='ltr'>οὐρανὸς</span> <span class='ocrx_word' id='word_1_311' title='bbox 1366 4284 1458 4341; x_wconf 69' lang='grc' dir='ltr'>καὶ</span> <span class='ocrx_word' id='word_1_312' title='bbox 1534 4287 1651 4341; x_wconf 89' lang='grc' dir='ltr'>καθ’</span> <span class='ocrx_word' id='word_1_313' title='bbox 1707 4286 1866 4342; x_wconf 83' lang='grc' dir='ltr'>αὐτὸν</span> <span class='ocrx_word' id='word_1_314' title='bbox 1923 4287 2049 4365; x_wconf 81' lang='grc' dir='ltr'>ὑφε-</span> 
     </span>
    </p>
   </div>
   <div class='ocr_carea' id='block_1_46' title="bbox 393 4371 2050 4450">
    <p class='ocr_par' dir='ltr' id='par_1_46' title="bbox 393 4371 2050 4450">
     <span class='ocr_line' id='line_1_46' title="bbox 393 4371 2050 4450; baseline 0 -20"><span class='ocrx_word' id='word_1_315' title='bbox 393 4375 553 4448; x_wconf 87' lang='grc' dir='ltr'>στὼς,</span> <span class='ocrx_word' id='word_1_316' title='bbox 587 4374 796 4438; x_wconf 83' lang='grc' dir='ltr'>ἁπλοῦς</span> <span class='ocrx_word' id='word_1_317' title='bbox 826 4373 928 4430; x_wconf 79' lang='grc' dir='ltr'>οὐκ</span> <span class='ocrx_word' id='word_1_318' title='bbox 956 4371 1282 4446; x_wconf 81' lang='grc' dir='ltr'>ἔστιν,ἀλλὰ</span> <span class='ocrx_word' id='word_1_319' title='bbox 1313 4375 1667 4448; x_wconf 74' lang='grc' dir='ltr'>συντέθειται,</span> <span class='ocrx_word' id='word_1_320' title='bbox 1696 4376 1796 4445; x_wconf 86' lang='grc' dir='ltr'>τήν</span> <span class='ocrx_word' id='word_1_321' title='bbox 1822 4375 2050 4450; x_wconf 86' lang='grc' dir='ltr'>κρείττω</span> 
     </span>
    </p>
   </div>
   <div class='ocr_carea' id='block_1_47' title="bbox 395 4458 2051 4540">
    <p class='ocr_par' dir='ltr' id='par_1_47' title="bbox 395 4458 2051 4540">
     <span class='ocr_line' id='line_1_47' title="bbox 395 4458 2051 4540; baseline 0 -21"><span class='ocrx_word' id='word_1_322' title='bbox 395 4461 544 4540; x_wconf 89' lang='grc' dir='ltr'>λέγω</span> <span class='ocrx_word' id='word_1_323' title='bbox 576 4460 634 4519; x_wconf 71' lang='grc' dir='ltr'>δὲ</span> <span class='ocrx_word' id='word_1_324' title='bbox 665 4463 927 4528; x_wconf 88' lang='grc' dir='ltr'>σύνθεσιν.</span> <span class='ocrx_word' id='word_1_325' title='bbox 961 4464 1227 4519; x_wconf 85' lang='grc' dir='ltr'>Συνθέτου</span> <span class='ocrx_word' id='word_1_326' title='bbox 1259 4460 1307 4518; x_wconf 83' lang='grc' dir='ltr'>δ’</span> <span class='ocrx_word' id='word_1_327' title='bbox 1349 4458 1507 4527; x_wconf 72' lang='grc' dir='ltr'>ὄντος</span> <span class='ocrx_word' id='word_1_328' title='bbox 1537 4463 1725 4536; x_wconf 80' lang='grc' dir='ltr'>αὐτοῦ,</span> <span class='ocrx_word' id='word_1_329' title='bbox 1757 4463 1956 4536; x_wconf 86' lang='grc' dir='ltr'>πολλῷ</span> <span class='ocrx_word' id='word_1_330' title='bbox 1986 4485 2051 4540; x_wconf 87' lang='grc' dir='ltr'>γε</span> 
     </span>
    </p>
   </div>
   <div class='ocr_carea' id='block_1_48' title="bbox 399 4549 2049 4631">
    <p class='ocr_par' dir='ltr' id='par_1_48' title="bbox 399 4549 2049 4631">
     <span class='ocr_line' id='line_1_48' title="bbox 399 4549 2049 4631; baseline 0.002 -25"><span class='ocrx_word' id='word_1_331' title='bbox 399 4549 612 4624; x_wconf 83' lang='grc' dir='ltr'>μᾶλλον</span> <span class='ocrx_word' id='word_1_332' title='bbox 645 4553 673 4606; x_wconf 91' lang='lat'>6</span> <span class='ocrx_word' id='word_1_333' title='bbox 705 4550 953 4629; x_wconf 85' lang='grc' dir='ltr'>δεύτερος</span> <span class='ocrx_word' id='word_1_334' title='bbox 997 4553 1087 4608; x_wconf 83' lang='grc' dir='ltr'>καὶ</span> <span class='ocrx_word' id='word_1_335' title='bbox 1139 4551 1464 4631; x_wconf 79' lang='grc' dir='ltr'>φαινόμενος</span> <span class='ocrx_word' id='word_1_336' title='bbox 1516 4553 1744 4630; x_wconf 78' lang='grc' dir='ltr'>οὐρανὸς</span> <span class='ocrx_word' id='word_1_337' title='bbox 1801 4553 2049 4616; x_wconf 88' lang='grc' dir='ltr'>σύνθετος</span> 
     </span>
    </p>
   </div>
   <div class='ocr_carea' id='block_1_49' title="bbox 403 4637 1104 4717">
    <p class='ocr_par' dir='ltr' id='par_1_49' title="bbox 403 4637 1104 4717">
     <span class='ocr_line' id='line_1_49' title="bbox 403 4637 1104 4717; baseline 0.007 -23"><span class='ocrx_word' id='word_1_338' title='bbox 403 4639 462 4694; x_wconf 72' lang='grc' dir='ltr'>ἂν</span> <span class='ocrx_word' id='word_1_339' title='bbox 495 4637 580 4710; x_wconf 73' lang='grc' dir='ltr'>εἴη</span> <span class='ocrx_word' id='word_1_340' title='bbox 610 4641 700 4696; x_wconf 83' lang='grc' dir='ltr'>καὶ</span> <span class='ocrx_word' id='word_1_341' title='bbox 733 4641 843 4717; x_wconf 74' lang='grc' dir='ltr'>οὐχ</span> <span class='ocrx_word' id='word_1_342' title='bbox 872 4639 1104 4705; x_wconf 76' lang='grc' dir='ltr'>ἁπλοῦς.</span> 
     </span>
    </p>
   </div>
   <div class='ocr_carea' id='block_1_50' title="bbox 471 4837 2059 4916">
    <p class='ocr_par' dir='ltr' id='par_1_50' title="bbox 471 4837 2059 4916">
     <span class='ocr_line' id='line_1_50' title="bbox 471 4837 2059 4916; baseline 0.003 -26"><span class='ocrx_word' id='word_1_343' title='bbox 471 4838 594 4892; x_wconf 86' lang='grc' dir='ltr'>θ’-ι’.</span> <span class='ocrx_word' id='word_1_344' title='bbox 627 4840 784 4902; x_wconf 84' lang='grc' dir='ltr'>Ὅθεν</span> <span class='ocrx_word' id='word_1_345' title='bbox 837 4837 1076 4916; x_wconf 80' lang='grc' dir='ltr'>καθάπερ</span> <span class='ocrx_word' id='word_1_346' title='bbox 1125 4839 1193 4894; x_wconf 81' lang='grc' dir='ltr'>τὰ</span> <span class='ocrx_word' id='word_1_347' title='bbox 1244 4839 1479 4911; x_wconf 80' lang='grc' dir='ltr'>αἰσθητὰ</span> <span class='ocrx_word' id='word_1_348' title='bbox 1534 4844 1783 4915; x_wconf 84' lang='grc' dir='ltr'>στοιχεῖα</span> <span class='ocrx_word' id='word_1_349' title='bbox 1838 4838 2059 4903; x_wconf 83' lang='grc' dir='ltr'>σύνθετα</span> 
     </span>
    </p>
   </div>
   <div class='ocr_carea' id='block_1_51' title="bbox 399 4919 2053 4999">
    <p class='ocr_par' dir='ltr' id='par_1_51' title="bbox 399 4919 2053 4999">
     <span class='ocr_line' id='line_1_51' title="bbox 399 4919 2053 4999; baseline 0.002 -20"><span class='ocrx_word' id='word_1_350' title='bbox 399 4919 550 4999; x_wconf 69' lang='grc' dir='ltr'>ὄντα,</span> <span class='ocrx_word' id='word_1_351' title='bbox 607 4927 818 4997; x_wconf 88' lang='grc' dir='ltr'>κίνησιν</span> <span class='ocrx_word' id='word_1_352' title='bbox 907 4926 1088 4998; x_wconf 82' lang='grc' dir='ltr'>ἁπλῆν</span> <span class='ocrx_word' id='word_1_353' title='bbox 1164 4934 1389 4983; x_wconf 88' lang='grc' dir='ltr'>κινεῖται</span> <span class='ocrx_word' id='word_1_354' title='bbox 1473 4929 1571 4998; x_wconf 79' lang='grc' dir='ltr'>τὴν</span> <span class='ocrx_word' id='word_1_355' title='bbox 1655 4928 1740 4982; x_wconf 82' lang='grc' dir='ltr'>ἐπ’</span> <span class='ocrx_word' id='word_1_356' title='bbox 1825 4927 2053 4992; x_wconf 76' lang='grc' dir='ltr'>εὐθείας·</span> 
     </span>
    </p>
   </div>
   <div class='ocr_carea' id='block_1_52' title="bbox 401 5012 2055 5093">
    <p class='ocr_par' dir='ltr' id='par_1_52' title="bbox 401 5012 2055 5093">
     <span class='ocr_line' id='line_1_52' title="bbox 401 5012 2055 5093; baseline 0.002 -25"><span class='ocrx_word' id='word_1_357' title='bbox 401 5013 546 5069; x_wconf 75' lang='grc' dir='ltr'>οὕτω</span> <span class='ocrx_word' id='word_1_358' title='bbox 608 5012 670 5085; x_wconf 73' lang='grc' dir='ltr'>δὴ</span> <span class='ocrx_word' id='word_1_359' title='bbox 731 5015 822 5069; x_wconf 84' lang='grc' dir='ltr'>καὶ</span> <span class='ocrx_word' id='word_1_360' title='bbox 879 5016 907 5070; x_wconf 89' lang='lat'>6</span> <span class='ocrx_word' id='word_1_361' title='bbox 963 5016 1214 5093; x_wconf 80' lang='grc' dir='ltr'>οὐρανὸς,</span> <span class='ocrx_word' id='word_1_362' title='bbox 1279 5019 1354 5092; x_wconf 81' lang='grc' dir='ltr'>μή</span> <span class='ocrx_word' id='word_1_363' title='bbox 1417 5015 1489 5072; x_wconf 81' lang='grc' dir='ltr'>ὣν</span> <span class='ocrx_word' id='word_1_364' title='bbox 1559 5015 1790 5089; x_wconf 75' lang='grc' dir='ltr'>ἁπλοῦς,</span> <span class='ocrx_word' id='word_1_365' title='bbox 1847 5016 2055 5088; x_wconf 87' lang='grc' dir='ltr'>κίνησιν</span> 
     </span>
    </p>
   </div>
   <div class='ocr_carea' id='block_1_53' title="bbox 405 5100 2055 5182">
    <p class='ocr_par' dir='ltr' id='par_1_53' title="bbox 405 5100 2055 5182">
     <span class='ocr_line' id='line_1_53' title="bbox 405 5100 2055 5182; baseline 0.002 -24"><span class='ocrx_word' id='word_1_366' title='bbox 405 5100 587 5173; x_wconf 84' lang='grc' dir='ltr'>ἁπλῆν</span> <span class='ocrx_word' id='word_1_367' title='bbox 673 5108 898 5160; x_wconf 82' lang='grc' dir='ltr'>κινεῖται</span> <span class='ocrx_word' id='word_1_368' title='bbox 947 5106 1048 5174; x_wconf 73' lang='grc' dir='ltr'>τὴν</span> <span class='ocrx_word' id='word_1_369' title='bbox 1133 5103 1423 5177; x_wconf 80' lang='grc' dir='ltr'>κυκλικήν.</span> <span class='ocrx_word' id='word_1_370' title='bbox 1484 5111 1753 5170; x_wconf 85' lang='grc' dir='ltr'>Κινεῖσθαι</span> <span class='ocrx_word' id='word_1_371' title='bbox 1811 5107 1911 5182; x_wconf 86' lang='grc' dir='ltr'>γὰρ</span> <span class='ocrx_word' id='word_1_372' title='bbox 1964 5104 2055 5161; x_wconf 90' lang='grc' dir='ltr'>δύ-</span> 
     </span>
    </p>
   </div>
   <div class='ocr_carea' id='block_1_54' title="bbox 400 5190 2056 5272">
    <p class='ocr_par' dir='ltr' id='par_1_54' title="bbox 400 5190 2056 5272">
     <span class='ocr_line' id='line_1_54' title="bbox 400 5190 2056 5272; baseline 0.002 -25"><span class='ocrx_word' id='word_1_373' title='bbox 400 5213 554 5248; x_wconf 91' lang='grc' dir='ltr'>ναται</span> <span class='ocrx_word' id='word_1_374' title='bbox 609 5190 821 5264; x_wconf 88' lang='grc' dir='ltr'>κίνησιν</span> <span class='ocrx_word' id='word_1_375' title='bbox 879 5192 1060 5264; x_wconf 88' lang='grc' dir='ltr'>ἁπλῆν</span> <span class='ocrx_word' id='word_1_376' title='bbox 1114 5195 1204 5250; x_wconf 82' lang='grc' dir='ltr'>καὶ</span> <span class='ocrx_word' id='word_1_377' title='bbox 1259 5196 1324 5250; x_wconf 88' lang='grc' dir='ltr'>τὸ</span> <span class='ocrx_word' id='word_1_378' title='bbox 1380 5195 1647 5252; x_wconf 87' lang='grc' dir='ltr'>σύνθετον.</span> <span class='ocrx_word' id='word_1_379' title='bbox 1700 5197 1828 5259; x_wconf 85' lang='grc' dir='ltr'>Καθ’</span> <span class='ocrx_word' id='word_1_380' title='bbox 1866 5197 1896 5250; x_wconf 80' lang='grc' dir='ltr'>’ὁ</span> <span class='ocrx_word' id='word_1_381' title='bbox 1952 5197 2056 5272; x_wconf 74' lang='grc' dir='ltr'>γὰρ</span> 
     </span>
    </p>
   </div>
   <div class='ocr_carea' id='block_1_55' title="bbox 398 5280 2062 5362">
    <p class='ocr_par' dir='ltr' id='par_1_55' title="bbox 398 5280 2062 5362">
     <span class='ocr_line' id='line_1_55' title="bbox 398 5280 2062 5362; baseline 0.002 -26"><span class='ocrx_word' id='word_1_382' title='bbox 398 5285 509 5337; x_wconf 85' lang='grc' dir='ltr'>τῶν</span> <span class='ocrx_word' id='word_1_383' title='bbox 579 5280 632 5336; x_wconf 84' lang='grc' dir='ltr'>έν</span> <span class='ocrx_word' id='word_1_384' title='bbox 688 5280 837 5356; x_wconf 82' lang='grc' dir='ltr'>αὐτῷ</span> <span class='ocrx_word' id='word_1_385' title='bbox 896 5282 1086 5340; x_wconf 86' lang='grc' dir='ltr'>ἁπλῶν</span> <span class='ocrx_word' id='word_1_386' title='bbox 1145 5283 1424 5362; x_wconf 81' lang='grc' dir='ltr'>ἐπικρατεῖ</span> <span class='ocrx_word' id='word_1_387' title='bbox 1472 5289 1580 5339; x_wconf 90' lang='grc' dir='ltr'>τῶν</span> <span class='ocrx_word' id='word_1_388' title='bbox 1640 5283 1874 5357; x_wconf 89' lang='grc' dir='ltr'>λοιπῶν,</span> <span class='ocrx_word' id='word_1_389' title='bbox 1924 5285 2062 5340; x_wconf 88' lang='grc' dir='ltr'>κατὰ</span> 
     </span>
    </p>
   </div>
   <div class='ocr_carea' id='block_1_56' title="bbox 399 5371 2060 5450">
    <p class='ocr_par' dir='ltr' id='par_1_56' title="bbox 399 5371 2060 5450">
     <span class='ocr_line' id='line_1_56' title="bbox 399 5371 2060 5450; baseline 0.001 -24"><span class='ocrx_word' id='word_1_390' title='bbox 399 5375 565 5426; x_wconf 79' lang='grc' dir='ltr'>τοῦτο</span> <span class='ocrx_word' id='word_1_391' title='bbox 597 5371 686 5426; x_wconf 75' lang='grc' dir='ltr'>καὶ</span> <span class='ocrx_word' id='word_1_392' title='bbox 714 5377 940 5427; x_wconf 81' lang='grc' dir='ltr'>κινεῖται</span> <span class='ocrx_word' id='word_1_393' title='bbox 974 5375 1074 5443; x_wconf 79' lang='grc' dir='ltr'>τὴν</span> <span class='ocrx_word' id='word_1_394' title='bbox 1125 5379 1222 5428; x_wconf 83' lang='grc' dir='ltr'>τοῦ</span> <span class='ocrx_word' id='word_1_395' title='bbox 1282 5373 1702 5450; x_wconf 78' lang='grc' dir='ltr'>ἐπικρατοῦντος</span> <span class='ocrx_word' id='word_1_396' title='bbox 1729 5374 2060 5447; x_wconf 85' lang='grc' dir='ltr'>ποιούμενος</span> 
     </span>
    </p>
   </div>
   <div class='ocr_carea' id='block_1_57' title="bbox 403 5460 2059 5539">
    <p class='ocr_par' dir='ltr' id='par_1_57' title="bbox 403 5460 2059 5539">
     <span class='ocr_line' id='line_1_57' title="bbox 403 5460 2059 5539; baseline 0.002 -25"><span class='ocrx_word' id='word_1_397' title='bbox 403 5460 642 5532; x_wconf 85' lang='grc' dir='ltr'>κίνησιν,</span> <span class='ocrx_word' id='word_1_398' title='bbox 706 5460 846 5516; x_wconf 83' lang='grc' dir='ltr'>ὥστε</span> <span class='ocrx_word' id='word_1_399' title='bbox 898 5461 990 5517; x_wconf 86' lang='grc' dir='ltr'>καὶ</span> <span class='ocrx_word' id='word_1_400' title='bbox 1038 5463 1067 5517; x_wconf 91' lang='lat'>6</span> <span class='ocrx_word' id='word_1_401' title='bbox 1107 5461 1334 5539; x_wconf 84' lang='grc' dir='ltr'>ούρανὸς</span> <span class='ocrx_word' id='word_1_402' title='bbox 1394 5462 1644 5536; x_wconf 88' lang='grc' dir='ltr'>σύνθετος</span> <span class='ocrx_word' id='word_1_403' title='bbox 1703 5461 1776 5517; x_wconf 85' lang='grc' dir='ltr'>ὢν</span> <span class='ocrx_word' id='word_1_404' title='bbox 1835 5469 2059 5518; x_wconf 84' lang='grc' dir='ltr'>κινεῖται</span> 
     </span>
    </p>
   </div>
   <div class='ocr_carea' id='block_1_58' title="bbox 404 5549 2063 5629">
    <p class='ocr_par' dir='ltr' id='par_1_58' title="bbox 404 5549 2063 5629">
     <span class='ocr_line' id='line_1_58' title="bbox 404 5549 2063 5629; baseline 0.001 -25"><span class='ocrx_word' id='word_1_405' title='bbox 404 5551 540 5605; x_wconf 87' lang='grc' dir='ltr'>κατὰ</span> <span class='ocrx_word' id='word_1_406' title='bbox 593 5551 694 5620; x_wconf 82' lang='grc' dir='ltr'>τὴν</span> <span class='ocrx_word' id='word_1_407' title='bbox 755 5549 968 5621; x_wconf 87' lang='grc' dir='ltr'>κίνησιν</span> <span class='ocrx_word' id='word_1_408' title='bbox 1029 5555 1127 5606; x_wconf 87' lang='lat'>106</span> <span class='ocrx_word' id='word_1_409' title='bbox 1206 5552 1382 5623; x_wconf 71' lang='grc' dir='ltr'>ἑαυτῷ</span> <span class='ocrx_word' id='word_1_410' title='bbox 1450 5551 1870 5629; x_wconf 80' lang='grc' dir='ltr'>ἐπικρατοῦντος</span> <span class='ocrx_word' id='word_1_411' title='bbox 1929 5550 2063 5608; x_wconf 90' lang='grc' dir='ltr'>εἰλι-</span> 
     </span>
    </p>
   </div>
   <div class='ocr_carea' id='block_1_59' title="bbox 405 5638 2060 5716">
    <p class='ocr_par' dir='ltr' id='par_1_59' title="bbox 405 5638 2060 5716">
     <span class='ocr_line' id='line_1_59' title="bbox 405 5638 2060 5716; baseline 0.001 -22"><span class='ocrx_word' id='word_1_412' title='bbox 405 5641 753 5714; x_wconf 82' lang='grc' dir='ltr'>κρινεστάτου</span> <span class='ocrx_word' id='word_1_413' title='bbox 831 5638 1022 5716; x_wconf 85' lang='grc' dir='ltr'>πυρός.</span> <span class='ocrx_word' id='word_1_414' title='bbox 1083 5641 1148 5698; x_wconf 87' lang='grc' dir='ltr'><em>Ἣ</em></span> <span class='ocrx_word' id='word_1_415' title='bbox 1229 5641 1444 5712; x_wconf 88' lang='grc' dir='ltr'>κίνησις</span> <span class='ocrx_word' id='word_1_416' title='bbox 1525 5639 1589 5696; x_wconf 74' lang='grc' dir='ltr'>δὲ</span> <span class='ocrx_word' id='word_1_417' title='bbox 1671 5647 1769 5698; x_wconf 87' lang='lat'>106</span> <span class='ocrx_word' id='word_1_418' title='bbox 1849 5639 2060 5698; x_wconf 90' lang='grc' dir='ltr'>τέλειον</span> 
     </span>
    </p>
   </div>
   <div class='ocr_carea' id='block_1_60' title="bbox 408 5725 2064 5809">
    <p class='ocr_par' dir='ltr' id='par_1_60' title="bbox 408 5725 2064 5809">
     <span class='ocr_line' id='line_1_60' title="bbox 408 5725 2064 5809; baseline 0.001 -23"><span class='ocrx_word' id='word_1_419' title='bbox 408 5725 908 5804; x_wconf 77' lang='grc' dir='ltr'>εἰδυπεποιημένου</span> <span class='ocrx_word' id='word_1_420' title='bbox 954 5730 1046 5787; x_wconf 83' lang='grc' dir='ltr'>καὶ</span> <span class='ocrx_word' id='word_1_421' title='bbox 1101 5732 1219 5787; x_wconf 87' lang='grc' dir='ltr'>καθ’</span> <span class='ocrx_word' id='word_1_422' title='bbox 1267 5731 1606 5807; x_wconf 83' lang='grc' dir='ltr'>ὁλοκΛηρίαν</span> <span class='ocrx_word' id='word_1_423' title='bbox 1657 5730 2064 5809; x_wconf 84' lang='grc' dir='ltr'>ἀπηρτισμένου</span> 
     </span>
    </p>
   </div>
   <div class='ocr_carea' id='block_1_61' title="bbox 2143 611 3790 696">
    <p class='ocr_par' dir='ltr' id='par_1_61' title="bbox 2143 611 3790 696">
     <span class='ocr_line' id='line_1_61' title="bbox 2143 611 3790 696; baseline 0.011 -32"><span class='ocrx_word' id='word_1_424' title='bbox 2143 611 2407 680; x_wconf 84' lang='lat' dir='ltr'>ditatem,</span> <span class='ocrx_word' id='word_1_425' title='bbox 2469 612 2835 685; x_wconf 80' lang='lat' dir='ltr'>ignorarunt.</span> <span class='ocrx_word' id='word_1_426' title='bbox 2879 621 3076 688; x_wconf 88' lang='lat' dir='ltr'>Ipsum</span> <span class='ocrx_word' id='word_1_427' title='bbox 3128 618 3283 674; x_wconf 90' lang='lat' dir='ltr'>enim</span> <span class='ocrx_word' id='word_1_428' title='bbox 3336 637 3514 678; x_wconf 86' lang='lat' dir='ltr'>unam</span> <span class='ocrx_word' id='word_1_429' title='bbox 3564 630 3790 696; x_wconf 85' lang='lat' dir='ltr'>partem</span> 
     </span>
    </p>
   </div>
   <div class='ocr_carea' id='block_1_62' title="bbox 2143 699 3791 776">
    <p class='ocr_par' dir='ltr' id='par_1_62' title="bbox 2143 699 3791 776">
     <span class='ocr_line' id='line_1_62' title="bbox 2143 699 3791 776; baseline 0.01 -22"><span class='ocrx_word' id='word_1_430' title='bbox 2143 699 2269 770; x_wconf 93' lang='lat' dir='ltr'>[seu</span> <span class='ocrx_word' id='word_1_431' title='bbox 2303 717 2486 756; x_wconf 89' lang='lat' dir='ltr'>unum</span> <span class='ocrx_word' id='word_1_432' title='bbox 2517 703 2787 774; x_wconf 90' lang='lat' dir='ltr'>gradum]</span> <span class='ocrx_word' id='word_1_433' title='bbox 2820 705 3072 776; x_wconf 80' lang='lat' dir='ltr'>singulis</span> <span class='ocrx_word' id='word_1_434' title='bbox 3103 708 3275 763; x_wconf 89' lang='lat' dir='ltr'>annis</span> <span class='ocrx_word' id='word_1_435' title='bbox 3307 711 3522 766; x_wconf 81' lang='lat' dir='ltr'>moveri</span> <span class='ocrx_word' id='word_1_436' title='bbox 3562 713 3634 768; x_wconf 92' lang='lat' dir='ltr'>ab</span> <span class='ocrx_word' id='word_1_437' title='bbox 3680 713 3791 770; x_wconf 85' lang='lat' dir='ltr'>ali-</span> 
     </span>
    </p>
   </div>
   <div class='ocr_carea' id='block_1_63' title="bbox 2143 789 3790 872">
    <p class='ocr_par' dir='ltr' id='par_1_63' title="bbox 2143 789 3790 872">
     <span class='ocr_line' id='line_1_63' title="bbox 2143 789 3790 872; baseline 0.009 -29"><span class='ocrx_word' id='word_1_438' title='bbox 2143 789 2360 859; x_wconf 84' lang='lat' dir='ltr'>quibus</span> <span class='ocrx_word' id='word_1_439' title='bbox 2392 789 2612 846; x_wconf 91' lang='lat' dir='ltr'>dictum</span> <span class='ocrx_word' id='word_1_440' title='bbox 2645 798 2752 864; x_wconf 90' lang='lat' dir='ltr'>est,</span> <span class='ocrx_word' id='word_1_441' title='bbox 2786 799 2852 848; x_wconf 92' lang='lat' dir='ltr'>ut</span> <span class='ocrx_word' id='word_1_442' title='bbox 2900 794 3068 850; x_wconf 87' lang='lat' dir='ltr'>annis</span> <span class='ocrx_word' id='word_1_443' title='bbox 3121 797 3423 868; x_wconf 77' lang='lat' dir='ltr'>sexaginta</span> <span class='ocrx_word' id='word_1_444' title='bbox 3463 816 3644 872; x_wconf 82' lang='lat' dir='ltr'>supra</span> <span class='ocrx_word' id='word_1_445' title='bbox 3671 806 3790 858; x_wconf 90' lang='lat' dir='ltr'>tre-</span> 
     </span>
    </p>
   </div>
   <div class='ocr_carea' id='block_1_64' title="bbox 2143 879 3792 962">
    <p class='ocr_par' dir='ltr' id='par_1_64' title="bbox 2143 879 3792 962">
     <span class='ocr_line' id='line_1_64' title="bbox 2143 879 3792 962; baseline 0.008 -31"><span class='ocrx_word' id='word_1_446' title='bbox 2143 883 2341 933; x_wconf 83' lang='lat' dir='ltr'>centos</span> <span class='ocrx_word' id='word_1_447' title='bbox 2391 879 2686 951; x_wconf 82' lang='lat' dir='ltr'>propriam</span> <span class='ocrx_word' id='word_1_448' title='bbox 2737 885 3172 940; x_wconf 85' lang='lat' dir='ltr'>conversionem</span> <span class='ocrx_word' id='word_1_449' title='bbox 3221 886 3564 943; x_wconf 83' lang='lat' dir='ltr'>absolveret.</span> <span class='ocrx_word' id='word_1_450' title='bbox 3596 889 3792 962; x_wconf 83' lang='lat' dir='ltr'>Aliqui</span> 
     </span>
    </p>
   </div>
   <div class='ocr_carea' id='block_1_65' title="bbox 2143 969 3790 1049">
    <p class='ocr_par' dir='ltr' id='par_1_65' title="bbox 2143 969 3790 1049">
     <span class='ocr_line' id='line_1_65' title="bbox 2143 969 3790 1049; baseline 0.008 -28"><span class='ocrx_word' id='word_1_451' title='bbox 2143 972 2339 1022; x_wconf 90' lang='lat' dir='ltr'>autem</span> <span class='ocrx_word' id='word_1_452' title='bbox 2373 969 2720 1040; x_wconf 83' lang='lat' dir='ltr'>particulam</span> <span class='ocrx_word' id='word_1_453' title='bbox 2752 971 3014 1043; x_wconf 88' lang='lat' dir='ltr'>aliquam</span> <span class='ocrx_word' id='word_1_454' title='bbox 3046 973 3229 1044; x_wconf 90' lang='lat' dir='ltr'>partis</span> <span class='ocrx_word' id='word_1_455' title='bbox 3270 977 3395 1042; x_wconf 89' lang='lat' dir='ltr'>[seu</span> <span class='ocrx_word' id='word_1_456' title='bbox 3426 977 3669 1049; x_wconf 90' lang='lat' dir='ltr'>gradus]</span> <span class='ocrx_word' id='word_1_457' title='bbox 3701 977 3790 1034; x_wconf 89' lang='lat' dir='ltr'>in-</span> 
     </span>
    </p>
   </div>
   <div class='ocr_carea' id='block_1_66' title="bbox 2142 1059 3789 1136">
    <p class='ocr_par' dir='ltr' id='par_1_66' title="bbox 2142 1059 3789 1136">
     <span class='ocr_line' id='line_1_66' title="bbox 2142 1059 3789 1136; baseline 0.009 -26"><span class='ocrx_word' id='word_1_458' title='bbox 2142 1060 2304 1128; x_wconf 90' lang='lat' dir='ltr'>tegro</span> <span class='ocrx_word' id='word_1_459' title='bbox 2348 1074 2522 1127; x_wconf 87' lang='lat' dir='ltr'>anno,</span> <span class='ocrx_word' id='word_1_460' title='bbox 2570 1076 2681 1114; x_wconf 91' lang='lat' dir='ltr'>non</span> <span class='ocrx_word' id='word_1_461' title='bbox 2729 1059 3017 1132; x_wconf 84' lang='lat' dir='ltr'><strong>integram</strong></span> <span class='ocrx_word' id='word_1_462' title='bbox 3066 1068 3292 1134; x_wconf 90' lang='lat' dir='ltr'>partem</span> <span class='ocrx_word' id='word_1_463' title='bbox 3344 1064 3578 1136; x_wconf 90' lang='lat' dir='ltr'>proprio</span> <span class='ocrx_word' id='word_1_464' title='bbox 3626 1072 3789 1124; x_wconf 92' lang='lat' dir='ltr'>motu</span> 
     </span>
    </p>
   </div>
   <div class='ocr_carea' id='block_1_67' title="bbox 2144 1145 2865 1217">
    <p class='ocr_par' dir='ltr' id='par_1_67' title="bbox 2144 1145 2865 1217">
     <span class='ocr_line' id='line_1_67' title="bbox 2144 1145 2865 1217; baseline 0.006 -17"><span class='ocrx_word' id='word_1_465' title='bbox 2144 1145 2340 1217; x_wconf 92' lang='lat' dir='ltr'>ipsum</span> <span class='ocrx_word' id='word_1_466' title='bbox 2387 1148 2602 1203; x_wconf 88' lang='lat' dir='ltr'><strong>moveri</strong></span> <span class='ocrx_word' id='word_1_467' title='bbox 2643 1148 2865 1204; x_wconf 90' lang='lat' dir='ltr'>dicunt.</span> 
     </span>
    </p>
   </div>
   <div class='ocr_carea' id='block_1_68' title="bbox 2213 1236 3794 1313">
    <p class='ocr_par' dir='ltr' id='par_1_68' title="bbox 2213 1236 3794 1313">
     <span class='ocr_line' id='line_1_68' title="bbox 2213 1236 3794 1313; baseline 0.008 -24"><span class='ocrx_word' id='word_1_468' title='bbox 2213 1236 2268 1290; x_wconf 88' lang='lat'><strong>6.</strong></span> <span class='ocrx_word' id='word_1_469' title='bbox 2303 1237 2499 1308; x_wconf 86' lang='lat' dir='ltr'>Ipsum</span> <span class='ocrx_word' id='word_1_470' title='bbox 2531 1237 2712 1308; x_wconf 87' lang='lat' dir='ltr'>igitur</span> <span class='ocrx_word' id='word_1_471' title='bbox 2731 1238 2963 1310; x_wconf 69' lang='lat' dir='ltr'>caelum,</span> <span class='ocrx_word' id='word_1_472' title='bbox 2988 1241 3140 1313; x_wconf 88' lang='lat' dir='ltr'>quod</span> <span class='ocrx_word' id='word_1_473' title='bbox 3167 1242 3342 1312; x_wconf 82' lang='lat' dir='ltr'><strong>juxta</strong></span> <span class='ocrx_word' id='word_1_474' title='bbox 3370 1261 3611 1301; x_wconf 84' lang='lat' dir='ltr'>sensum</span> <span class='ocrx_word' id='word_1_475' title='bbox 3641 1245 3794 1302; x_wconf 89' lang='lat' dir='ltr'>vide-</span> 
     </span>
    </p>
   </div>
   <div class='ocr_carea' id='block_1_69' title="bbox 2144 1324 3794 1407">
    <p class='ocr_par' dir='ltr' id='par_1_69' title="bbox 2144 1324 3794 1407">
     <span class='ocr_line' id='line_1_69' title="bbox 2144 1324 3794 1407; baseline 0.008 -30"><span class='ocrx_word' id='word_1_476' title='bbox 2144 1328 2242 1379; x_wconf 92' lang='lat' dir='ltr'>tur</span> <span class='ocrx_word' id='word_1_477' title='bbox 2297 1324 2583 1393; x_wconf 88' lang='lat' dir='ltr'>inerrans,</span> <span class='ocrx_word' id='word_1_478' title='bbox 2615 1327 2772 1382; x_wconf 91' lang='lat' dir='ltr'>cerni</span> <span class='ocrx_word' id='word_1_479' title='bbox 2802 1345 2992 1400; x_wconf 90' lang='lat' dir='ltr'>posse,</span> <span class='ocrx_word' id='word_1_480' title='bbox 3025 1335 3081 1384; x_wconf 87' lang='lat' dir='ltr'>et</span> <span class='ocrx_word' id='word_1_481' title='bbox 3128 1330 3382 1388; x_wconf 75' lang='lat' dir='ltr'>coelestia</span> <span class='ocrx_word' id='word_1_482' title='bbox 3419 1350 3664 1407; x_wconf 87' lang='lat' dir='ltr'>corpora</span> <span class='ocrx_word' id='word_1_483' title='bbox 3703 1335 3794 1391; x_wconf 84' lang='lat' dir='ltr'>in-</span> 
     </span>
    </p>
   </div>
   <div class='ocr_carea' id='block_1_70' title="bbox 2144 1413 3789 1490">
    <p class='ocr_par' dir='ltr' id='par_1_70' title="bbox 2144 1413 3789 1490">
     <span class='ocr_line' id='line_1_70' title="bbox 2144 1413 3789 1490; baseline 0.007 -23"><span class='ocrx_word' id='word_1_484' title='bbox 2144 1413 2330 1468; x_wconf 88' lang='lat' dir='ltr'>vicem</span> <span class='ocrx_word' id='word_1_485' title='bbox 2361 1430 2423 1469; x_wconf 92' lang='lat' dir='ltr'>se</span> <span class='ocrx_word' id='word_1_486' title='bbox 2451 1418 2689 1486; x_wconf 85' lang='lat' dir='ltr'>tangere</span> <span class='ocrx_word' id='word_1_487' title='bbox 2713 1433 2884 1487; x_wconf 88' lang='lat' dir='ltr'>posse</span> <span class='ocrx_word' id='word_1_488' title='bbox 2923 1417 3047 1490; x_wconf 90' lang='lat' dir='ltr'>ipse</span> <span class='ocrx_word' id='word_1_489' title='bbox 3074 1418 3249 1474; x_wconf 87' lang='lat' dir='ltr'>etiam</span> <span class='ocrx_word' id='word_1_490' title='bbox 3277 1436 3490 1477; x_wconf 90' lang='lat' dir='ltr'>census</span> <span class='ocrx_word' id='word_1_491' title='bbox 3522 1427 3789 1479; x_wconf 80' lang='lat' dir='ltr'><strong>testatur.</strong></span> 
     </span>
    </p>
   </div>
   <div class='ocr_carea' id='block_1_71' title="bbox 2145 1504 3792 1586">
    <p class='ocr_par' dir='ltr' id='par_1_71' title="bbox 2145 1504 3792 1586">
     <span class='ocr_line' id='line_1_71' title="bbox 2145 1504 3792 1586; baseline 0.008 -30"><span class='ocrx_word' id='word_1_492' title='bbox 2145 1506 2338 1574; x_wconf 85' lang='lat' dir='ltr'>Atque</span> <span class='ocrx_word' id='word_1_493' title='bbox 2385 1504 2542 1558; x_wconf 90' lang='lat' dir='ltr'>cerni</span> <span class='ocrx_word' id='word_1_494' title='bbox 2600 1505 2837 1575; x_wconf 90' lang='lat' dir='ltr'>quidem</span> <span class='ocrx_word' id='word_1_495' title='bbox 2888 1523 3058 1578; x_wconf 90' lang='lat' dir='ltr'>posse</span> <span class='ocrx_word' id='word_1_496' title='bbox 3108 1514 3344 1582; x_wconf 86' lang='lat' dir='ltr'>prepter</span> <span class='ocrx_word' id='word_1_497' title='bbox 3391 1511 3634 1584; x_wconf 87' lang='lat' dir='ltr'>colores,</span> <span class='ocrx_word' id='word_1_498' title='bbox 3689 1513 3792 1586; x_wconf 88' lang='lat' dir='ltr'>qui</span> 
     </span>
    </p>
   </div>
   <div class='ocr_carea' id='block_1_72' title="bbox 2147 1591 3792 1676">
    <p class='ocr_par' dir='ltr' id='par_1_72' title="bbox 2147 1591 3792 1676">
     <span class='ocr_line' id='line_1_72' title="bbox 2147 1591 3792 1676; baseline 0.009 -31"><span class='ocrx_word' id='word_1_499' title='bbox 2147 1596 2284 1646; x_wconf 92' lang='lat' dir='ltr'>sunt</span> <span class='ocrx_word' id='word_1_500' title='bbox 2314 1591 2493 1647; x_wconf 90' lang='lat' dir='ltr'>lucidi</span> <span class='ocrx_word' id='word_1_501' title='bbox 2524 1593 2677 1664; x_wconf 90' lang='lat' dir='ltr'>ignis</span> <span class='ocrx_word' id='word_1_502' title='bbox 2718 1594 3013 1667; x_wconf 87' lang='lat' dir='ltr'>fulgores;</span> <span class='ocrx_word' id='word_1_503' title='bbox 3064 1599 3225 1670; x_wconf 87' lang='lat' dir='ltr'>tangi</span> <span class='ocrx_word' id='word_1_504' title='bbox 3254 1615 3387 1655; x_wconf 90' lang='lat' dir='ltr'>vero</span> <span class='ocrx_word' id='word_1_505' title='bbox 3415 1618 3587 1673; x_wconf 87' lang='lat' dir='ltr'>posse</span> <span class='ocrx_word' id='word_1_506' title='bbox 3617 1619 3792 1676; x_wconf 84' lang='lat' dir='ltr'><strong>prop-</strong></span> 
     </span>
    </p>
   </div>
   <div class='ocr_carea' id='block_1_73' title="bbox 2146 1682 3792 1756">
    <p class='ocr_par' dir='ltr' id='par_1_73' title="bbox 2146 1682 3792 1756">
     <span class='ocr_line' id='line_1_73' title="bbox 2146 1682 3792 1756; baseline 0.008 -21"><span class='ocrx_word' id='word_1_507' title='bbox 2146 1685 2234 1736; x_wconf 91' lang='lat' dir='ltr'>ter</span> <span class='ocrx_word' id='word_1_508' title='bbox 2263 1682 2762 1753; x_wconf 81' lang='lat' dir='ltr'>repercussioncm</span> <span class='ocrx_word' id='word_1_509' title='bbox 2795 1701 2920 1755; x_wconf 72' lang='lat' dir='ltr'>quae</span> <span class='ocrx_word' id='word_1_510' title='bbox 2950 1690 3116 1741; x_wconf 61' lang='lat' dir='ltr'>terra</span> <span class='ocrx_word' id='word_1_511' title='bbox 3147 1692 3272 1756; x_wconf 90' lang='lat' dir='ltr'>est;</span> <span class='ocrx_word' id='word_1_512' title='bbox 3307 1705 3412 1744; x_wconf 93' lang='lat' dir='ltr'>nec</span> <span class='ocrx_word' id='word_1_513' title='bbox 3441 1689 3551 1746; x_wconf 89' lang='lat' dir='ltr'>hoc</span> <span class='ocrx_word' id='word_1_514' title='bbox 3581 1692 3792 1747; x_wconf 88' lang='lat' dir='ltr'>confir-</span> 
     </span>
    </p>
   </div>
   <div class='ocr_carea' id='block_1_74' title="bbox 2148 1769 3792 1847">
    <p class='ocr_par' dir='ltr' id='par_1_74' title="bbox 2148 1769 3792 1847">
     <span class='ocr_line' id='line_1_74' title="bbox 2148 1769 3792 1847; baseline 0.008 -23"><span class='ocrx_word' id='word_1_515' title='bbox 2148 1769 2403 1826; x_wconf 90' lang='lat' dir='ltr'>matione</span> <span class='ocrx_word' id='word_1_516' title='bbox 2448 1771 2691 1842; x_wconf 88' lang='lat' dir='ltr'>indiget,</span> <span class='ocrx_word' id='word_1_517' title='bbox 2737 1777 2802 1828; x_wconf 84' lang='lat' dir='ltr'>ut</span> <span class='ocrx_word' id='word_1_518' title='bbox 2847 1775 3002 1845; x_wconf 90' lang='lat' dir='ltr'>quod</span> <span class='ocrx_word' id='word_1_519' title='bbox 3054 1792 3260 1832; x_wconf 91' lang='lat' dir='ltr'>omnes</span> <span class='ocrx_word' id='word_1_520' title='bbox 3312 1777 3623 1836; x_wconf 87' lang='lat' dir='ltr'>fateantur.</span> <span class='ocrx_word' id='word_1_521' title='bbox 3656 1783 3792 1847; x_wconf 63' lang='lat' dir='ltr'>Quae</span> 
     </span>
    </p>
   </div>
   <div class='ocr_carea' id='block_1_75' title="bbox 2148 1857 3796 1941">
    <p class='ocr_par' dir='ltr' id='par_1_75' title="bbox 2148 1857 3796 1941">
     <span class='ocr_line' id='line_1_75' title="bbox 2148 1857 3796 1941; baseline 0.007 -28"><span class='ocrx_word' id='word_1_522' title='bbox 2148 1875 2280 1913; x_wconf 93' lang='lat' dir='ltr'>cum</span> <span class='ocrx_word' id='word_1_523' title='bbox 2307 1857 2387 1914; x_wconf 91' lang='lat' dir='ltr'>ita</span> <span class='ocrx_word' id='word_1_524' title='bbox 2417 1874 2478 1915; x_wconf 88' lang='lat' dir='ltr'>se</span> <span class='ocrx_word' id='word_1_525' title='bbox 2501 1859 2775 1926; x_wconf 86' lang='lat' dir='ltr'>habeant,</span> <span class='ocrx_word' id='word_1_526' title='bbox 2801 1863 3110 1920; x_wconf 83' lang='lat' dir='ltr'>manifesto</span> <span class='ocrx_word' id='word_1_527' title='bbox 3131 1869 3272 1920; x_wconf 88' lang='lat' dir='ltr'>sunt</span> <span class='ocrx_word' id='word_1_528' title='bbox 3299 1865 3358 1922; x_wconf 91' lang='lat' dir='ltr'>in</span> <span class='ocrx_word' id='word_1_529' title='bbox 3389 1866 3533 1923; x_wconf 75' lang='lat' dir='ltr'>cmlo</span> <span class='ocrx_word' id='word_1_530' title='bbox 3556 1868 3713 1941; x_wconf 88' lang='lat' dir='ltr'>ignis</span> <span class='ocrx_word' id='word_1_531' title='bbox 3736 1875 3796 1925; x_wconf 88' lang='lat' dir='ltr'>et</span> 
     </span>
    </p>
   </div>
   <div class='ocr_carea' id='block_1_76' title="bbox 2147 1951 3793 2028">
    <p class='ocr_par' dir='ltr' id='par_1_76' title="bbox 2147 1951 3793 2028">
     <span class='ocr_line' id='line_1_76' title="bbox 2147 1951 3793 2028; baseline 0.007 -26"><span class='ocrx_word' id='word_1_532' title='bbox 2147 1952 2321 2004; x_wconf 90' lang='lat' dir='ltr'>terra.</span> <span class='ocrx_word' id='word_1_533' title='bbox 2350 1951 2492 2004; x_wconf 91' lang='lat' dir='ltr'>Cum</span> <span class='ocrx_word' id='word_1_534' title='bbox 2516 1954 2713 2004; x_wconf 90' lang='lat' dir='ltr'>autem</span> <span class='ocrx_word' id='word_1_535' title='bbox 2739 1951 3030 2021; x_wconf 89' lang='lat' dir='ltr'>ejusmodi</span> <span class='ocrx_word' id='word_1_536' title='bbox 3057 1953 3346 2010; x_wconf 87' lang='lat' dir='ltr'>elementa</span> <span class='ocrx_word' id='word_1_537' title='bbox 3373 1955 3489 2011; x_wconf 91' lang='lat' dir='ltr'>sint</span> <span class='ocrx_word' id='word_1_538' title='bbox 3512 1963 3793 2028; x_wconf 82' lang='lat' dir='ltr'>extrema,</span> 
     </span>
    </p>
   </div>
   <div class='ocr_carea' id='block_1_77' title="bbox 2147 2038 3793 2112">
    <p class='ocr_par' dir='ltr' id='par_1_77' title="bbox 2147 2038 3793 2112">
     <span class='ocr_line' id='line_1_77' title="bbox 2147 2038 3793 2112; baseline 0.006 -19"><span class='ocrx_word' id='word_1_539' title='bbox 2147 2041 2204 2093; x_wconf 89' lang='lat' dir='ltr'>et</span> <span class='ocrx_word' id='word_1_540' title='bbox 2232 2041 2537 2109; x_wconf 89' lang='lat' dir='ltr'>propterea</span> <span class='ocrx_word' id='word_1_541' title='bbox 2565 2038 2876 2095; x_wconf 89' lang='lat' dir='ltr'>medietate</span> <span class='ocrx_word' id='word_1_542' title='bbox 2905 2057 3053 2112; x_wconf 91' lang='lat' dir='ltr'>opus</span> <span class='ocrx_word' id='word_1_543' title='bbox 3093 2041 3385 2112; x_wconf 88' lang='lat' dir='ltr'>habeant;</span> <span class='ocrx_word' id='word_1_544' title='bbox 3438 2050 3577 2100; x_wconf 91' lang='lat' dir='ltr'>sunt</span> <span class='ocrx_word' id='word_1_545' title='bbox 3617 2047 3793 2103; x_wconf 90' lang='lat' dir='ltr'>etiam</span> 
     </span>
    </p>
   </div>
   <div class='ocr_carea' id='block_1_78' title="bbox 2148 2125 3798 2200">
    <p class='ocr_par' dir='ltr' id='par_1_78' title="bbox 2148 2125 3798 2200">
     <span class='ocr_line' id='line_1_78' title="bbox 2148 2125 3798 2200; baseline 0.007 -21"><span class='ocrx_word' id='word_1_546' title='bbox 2148 2125 2208 2180; x_wconf 92' lang='lat' dir='ltr'>in</span> <span class='ocrx_word' id='word_1_547' title='bbox 2241 2126 2367 2198; x_wconf 93' lang='lat' dir='ltr'>ipso</span> <span class='ocrx_word' id='word_1_548' title='bbox 2399 2143 2497 2182; x_wconf 91' lang='lat' dir='ltr'>aer</span> <span class='ocrx_word' id='word_1_549' title='bbox 2525 2131 2582 2182; x_wconf 84' lang='lat' dir='ltr'>et</span> <span class='ocrx_word' id='word_1_550' title='bbox 2611 2144 2764 2200; x_wconf 90' lang='lat' dir='ltr'>aqua</span> <span class='ocrx_word' id='word_1_551' title='bbox 2795 2145 2920 2200; x_wconf 67' lang='lat' dir='ltr'>quis</span> <span class='ocrx_word' id='word_1_552' title='bbox 2951 2128 3239 2186; x_wconf 90' lang='lat' dir='ltr'>elementa</span> <span class='ocrx_word' id='word_1_553' title='bbox 3270 2132 3423 2190; x_wconf 74' lang='lat'>262</span> <span class='ocrx_word' id='word_1_554' title='bbox 3456 2139 3596 2190; x_wconf 90' lang='lat' dir='ltr'>sunt</span> <span class='ocrx_word' id='word_1_555' title='bbox 3623 2135 3798 2192; x_wconf 86' lang='lat' dir='ltr'>inter-</span> 
     </span>
    </p>
   </div>
   <div class='ocr_carea' id='block_1_79' title="bbox 2151 2215 3291 2287">
    <p class='ocr_par' dir='ltr' id='par_1_79' title="bbox 2151 2215 3291 2287">
     <span class='ocr_line' id='line_1_79' title="bbox 2151 2215 3291 2287; baseline 0.004 -17"><span class='ocrx_word' id='word_1_556' title='bbox 2151 2215 2362 2282; x_wconf 90' lang='lat' dir='ltr'>media,</span> <span class='ocrx_word' id='word_1_557' title='bbox 2396 2220 2453 2270; x_wconf 91' lang='lat' dir='ltr'>et</span> <span class='ocrx_word' id='word_1_558' title='bbox 2489 2215 2619 2287; x_wconf 89' lang='lat' dir='ltr'>ipsa</span> <span class='ocrx_word' id='word_1_559' title='bbox 2646 2222 2904 2273; x_wconf 85' lang='lat' dir='ltr'>extrema</span> <span class='ocrx_word' id='word_1_560' title='bbox 2933 2219 3291 2275; x_wconf 90' lang='lat' dir='ltr'>devinciunt.</span> 
     </span>
    </p>
   </div>
   <div class='ocr_carea' id='block_1_80' title="bbox 2219 2322 3798 2402">
    <p class='ocr_par' dir='ltr' id='par_1_80' title="bbox 2219 2322 3798 2402">
     <span class='ocr_line' id='line_1_80' title="bbox 2219 2322 3798 2402; baseline 0.009 -28"><span class='ocrx_word' id='word_1_561' title='bbox 2219 2324 2274 2378; x_wconf 90' lang='lat'>7.</span> <span class='ocrx_word' id='word_1_562' title='bbox 2310 2322 2568 2394; x_wconf 82' lang='lat' dir='ltr'>Simplex</span> <span class='ocrx_word' id='word_1_563' title='bbox 2590 2329 2783 2379; x_wconf 87' lang='lat' dir='ltr'>autem</span> <span class='ocrx_word' id='word_1_564' title='bbox 2807 2325 3024 2380; x_wconf 90' lang='lat' dir='ltr'>dicitur</span> <span class='ocrx_word' id='word_1_565' title='bbox 3045 2326 3276 2383; x_wconf 67' lang='lat' dir='ltr'>caeleste</span> <span class='ocrx_word' id='word_1_566' title='bbox 3300 2344 3536 2402; x_wconf 90' lang='lat' dir='ltr'>corpus,</span> <span class='ocrx_word' id='word_1_567' title='bbox 3560 2333 3798 2388; x_wconf 85' lang='lat' dir='ltr'>tametsi</span> 
     </span>
    </p>
   </div>
   <div class='ocr_carea' id='block_1_81' title="bbox 2150 2412 3795 2492">
    <p class='ocr_par' dir='ltr' id='par_1_81' title="bbox 2150 2412 3795 2492">
     <span class='ocr_line' id='line_1_81' title="bbox 2150 2412 3795 2492; baseline 0.005 -25"><span class='ocrx_word' id='word_1_568' title='bbox 2150 2428 2219 2467; x_wconf 85' lang='lat' dir='ltr'><strong>ex</strong></span> <span class='ocrx_word' id='word_1_569' title='bbox 2275 2412 2368 2468; x_wconf 89' lang='lat' dir='ltr'>his</span> <span class='ocrx_word' id='word_1_570' title='bbox 2415 2413 2804 2484; x_wconf 90' lang='lat' dir='ltr'>compositum</span> <span class='ocrx_word' id='word_1_571' title='bbox 2854 2418 2952 2482; x_wconf 88' lang='lat' dir='ltr'>sit,</span> <span class='ocrx_word' id='word_1_572' title='bbox 2993 2414 3042 2469; x_wconf 90' lang='lat' dir='ltr'>si</span> <span class='ocrx_word' id='word_1_573' title='bbox 3091 2432 3224 2472; x_wconf 93' lang='lat' dir='ltr'>cum</span> <span class='ocrx_word' id='word_1_574' title='bbox 3272 2419 3634 2490; x_wconf 91' lang='lat' dir='ltr'>corporibus,</span> <span class='ocrx_word' id='word_1_575' title='bbox 3667 2437 3795 2492; x_wconf 66' lang='lat' dir='ltr'>quae</span> 
     </span>
    </p>
   </div>
   <div class='ocr_carea' id='block_1_82' title="bbox 2149 2501 3795 2574">
    <p class='ocr_par' dir='ltr' id='par_1_82' title="bbox 2149 2501 3795 2574">
     <span class='ocr_line' id='line_1_82' title="bbox 2149 2501 3795 2574; baseline 0.006 -18"><span class='ocrx_word' id='word_1_576' title='bbox 2149 2501 2336 2570; x_wconf 80' lang='lat' dir='ltr'>magis</span> <span class='ocrx_word' id='word_1_577' title='bbox 2368 2507 2507 2557; x_wconf 90' lang='lat' dir='ltr'>sunt</span> <span class='ocrx_word' id='word_1_578' title='bbox 2536 2502 2882 2574; x_wconf 89' lang='lat' dir='ltr'>composita,</span> <span class='ocrx_word' id='word_1_579' title='bbox 2915 2505 3265 2561; x_wconf 85' lang='lat' dir='ltr'>conferatur.</span> <span class='ocrx_word' id='word_1_580' title='bbox 3297 2507 3391 2563; x_wconf 87' lang='lat' dir='ltr'>Sic</span> <span class='ocrx_word' id='word_1_581' title='bbox 3431 2511 3588 2564; x_wconf 90' lang='lat' dir='ltr'>enim</span> <span class='ocrx_word' id='word_1_582' title='bbox 3618 2509 3795 2566; x_wconf 89' lang='lat' dir='ltr'>etiam</span> 
     </span>
    </p>
   </div>
   <div class='ocr_carea' id='block_1_83' title="bbox 2150 2593 3799 2665">
    <p class='ocr_par' dir='ltr' id='par_1_83' title="bbox 2150 2593 3799 2665">
     <span class='ocr_line' id='line_1_83' title="bbox 2150 2593 3799 2665; baseline 0.007 -21"><span class='ocrx_word' id='word_1_583' title='bbox 2150 2597 2402 2662; x_wconf 89' lang='lat' dir='ltr'>quatuor</span> <span class='ocrx_word' id='word_1_584' title='bbox 2423 2607 2664 2664; x_wconf 89' lang='lat' dir='ltr'>corpora</span> <span class='ocrx_word' id='word_1_585' title='bbox 2691 2593 3159 2665; x_wconf 89' lang='lat' dir='ltr'>[elementorum]</span> <span class='ocrx_word' id='word_1_586' title='bbox 3191 2612 3259 2650; x_wconf 83' lang='lat' dir='ltr'>ex</span> <span class='ocrx_word' id='word_1_587' title='bbox 3291 2613 3352 2652; x_wconf 91' lang='lat' dir='ltr'>se</span> <span class='ocrx_word' id='word_1_588' title='bbox 3384 2598 3628 2654; x_wconf 91' lang='lat' dir='ltr'>invicem</span> <span class='ocrx_word' id='word_1_589' title='bbox 3657 2605 3799 2655; x_wconf 89' lang='lat' dir='ltr'>sunt</span> 
     </span>
    </p>
   </div>
   <div class='ocr_carea' id='block_1_84' title="bbox 2150 2679 3795 2760">
    <p class='ocr_par' dir='ltr' id='par_1_84' title="bbox 2150 2679 3795 2760">
     <span class='ocr_line' id='line_1_84' title="bbox 2150 2679 3795 2760; baseline 0.007 -26"><span class='ocrx_word' id='word_1_590' title='bbox 2150 2679 2514 2751; x_wconf 87' lang='lat' dir='ltr'>composita;</span> <span class='ocrx_word' id='word_1_591' title='bbox 2575 2679 2863 2751; x_wconf 87' lang='lat' dir='ltr'>simplicia</span> <span class='ocrx_word' id='word_1_592' title='bbox 2923 2687 3117 2737; x_wconf 90' lang='lat' dir='ltr'>autem</span> <span class='ocrx_word' id='word_1_593' title='bbox 3175 2691 3473 2754; x_wconf 89' lang='lat' dir='ltr'>vocantur,</span> <span class='ocrx_word' id='word_1_594' title='bbox 3529 2693 3795 2760; x_wconf 83' lang='lat' dir='ltr'>respectu</span> 
     </span>
    </p>
   </div>
   <div class='ocr_carea' id='block_1_85' title="bbox 2149 2770 3794 2846">
    <p class='ocr_par' dir='ltr' id='par_1_85' title="bbox 2149 2770 3794 2846">
     <span class='ocr_line' id='line_1_85' title="bbox 2149 2770 3794 2846; baseline 0.004 -21"><span class='ocrx_word' id='word_1_595' title='bbox 2149 2786 2352 2825; x_wconf 91' lang='lat' dir='ltr'>eorum</span> <span class='ocrx_word' id='word_1_596' title='bbox 2384 2786 2510 2840; x_wconf 64' lang='lat' dir='ltr'>quae</span> <span class='ocrx_word' id='word_1_597' title='bbox 2551 2786 2620 2824; x_wconf 83' lang='lat' dir='ltr'>ex</span> <span class='ocrx_word' id='word_1_598' title='bbox 2663 2770 2807 2841; x_wconf 90' lang='lat' dir='ltr'>ipsis</span> <span class='ocrx_word' id='word_1_599' title='bbox 2837 2773 3187 2828; x_wconf 89' lang='lat' dir='ltr'>secundaria</span> <span class='ocrx_word' id='word_1_600' title='bbox 3216 2776 3638 2846; x_wconf 90' lang='lat' dir='ltr'>compositione</span> <span class='ocrx_word' id='word_1_601' title='bbox 3669 2778 3794 2834; x_wconf 82' lang='lat' dir='ltr'>effi-</span> 
     </span>
    </p>
   </div>
   <div class='ocr_carea' id='block_1_86' title="bbox 2150 2858 3798 2938">
    <p class='ocr_par' dir='ltr' id='par_1_86' title="bbox 2150 2858 3798 2938">
     <span class='ocr_line' id='line_1_86' title="bbox 2150 2858 3798 2938; baseline 0.005 -24"><span class='ocrx_word' id='word_1_602' title='bbox 2150 2858 2402 2914; x_wconf 90' lang='lat' dir='ltr'>ciuntur.</span> <span class='ocrx_word' id='word_1_603' title='bbox 2437 2858 2582 2914; x_wconf 89' lang='lat' dir='ltr'>Nam</span> <span class='ocrx_word' id='word_1_604' title='bbox 2629 2860 2860 2931; x_wconf 91' lang='lat' dir='ltr'>proprie</span> <span class='ocrx_word' id='word_1_605' title='bbox 2903 2861 3060 2916; x_wconf 89' lang='lat' dir='ltr'>dicta</span> <span class='ocrx_word' id='word_1_606' title='bbox 3109 2863 3401 2935; x_wconf 87' lang='lat' dir='ltr'>simplicia</span> <span class='ocrx_word' id='word_1_607' title='bbox 3446 2882 3689 2938; x_wconf 91' lang='lat' dir='ltr'>corpora</span> <span class='ocrx_word' id='word_1_608' title='bbox 3740 2870 3798 2923; x_wconf 89' lang='lat' dir='ltr'>et</span> 
     </span>
    </p>
   </div>
   <div class='ocr_carea' id='block_1_87' title="bbox 2150 2947 3795 3024">
    <p class='ocr_par' dir='ltr' id='par_1_87' title="bbox 2150 2947 3795 3024">
     <span class='ocr_line' id='line_1_87' title="bbox 2150 2947 3795 3024; baseline 0.006 -21"><span class='ocrx_word' id='word_1_609' title='bbox 2150 2947 2439 3004; x_wconf 90' lang='lat' dir='ltr'>elementa</span> <span class='ocrx_word' id='word_1_610' title='bbox 2467 2965 2615 3019; x_wconf 92' lang='lat' dir='ltr'>pura</span> <span class='ocrx_word' id='word_1_611' title='bbox 2653 2948 2995 3021; x_wconf 88' lang='lat' dir='ltr'>sinceraque</span> <span class='ocrx_word' id='word_1_612' title='bbox 3033 2950 3205 3023; x_wconf 83' lang='lat' dir='ltr'>longe</span> <span class='ocrx_word' id='word_1_613' title='bbox 3253 2969 3288 3008; x_wconf 90' lang='lat' dir='ltr'>a</span> <span class='ocrx_word' id='word_1_614' title='bbox 3333 2969 3510 3011; x_wconf 87' lang='lat' dir='ltr'>sensu</span> <span class='ocrx_word' id='word_1_615' title='bbox 3559 2955 3795 3024; x_wconf 86' lang='lat' dir='ltr'>absunt,</span> 
     </span>
    </p>
   </div>
   <div class='ocr_carea' id='block_1_88' title="bbox 2152 3036 3766 3108">
    <p class='ocr_par' dir='ltr' id='par_1_88' title="bbox 2152 3036 3766 3108">
     <span class='ocr_line' id='line_1_88' title="bbox 2152 3036 3766 3108; baseline 0.002 -16"><span class='ocrx_word' id='word_1_616' title='bbox 2152 3036 2392 3108; x_wconf 87' lang='lat' dir='ltr'>solaque</span> <span class='ocrx_word' id='word_1_617' title='bbox 2423 3041 2617 3092; x_wconf 90' lang='lat' dir='ltr'>mente</span> <span class='ocrx_word' id='word_1_618' title='bbox 2648 3037 3082 3095; x_wconf 87' lang='lat' dir='ltr'>discernuntur.</span> <span class='ocrx_word' id='word_1_619' title='bbox 3731 3067 3766 3102; x_wconf 70' lang='grc' dir='ltr'>ο.</span> 
     </span>
    </p>
   </div>
   <div class='ocr_carea' id='block_1_89' title="bbox 2221 3127 3798 3206">
    <p class='ocr_par' dir='ltr' id='par_1_89' title="bbox 2221 3127 3798 3206">
     <span class='ocr_line' id='line_1_89' title="bbox 2221 3127 3798 3206; baseline 0.008 -26"><span class='ocrx_word' id='word_1_620' title='bbox 2221 3129 2276 3181; x_wconf 91' lang='grc'>8.</span> <span class='ocrx_word' id='word_1_621' title='bbox 2310 3127 2381 3182; x_wconf 84' lang='grc' dir='ltr'>Ει</span> <span class='ocrx_word' id='word_1_622' title='bbox 2406 3142 2539 3182; x_wconf 93' lang='lat' dir='ltr'>vero</span> <span class='ocrx_word' id='word_1_623' title='bbox 2567 3127 2824 3198; x_wconf 91' lang='lat' dir='ltr'>primum</span> <span class='ocrx_word' id='word_1_624' title='bbox 2856 3127 3066 3184; x_wconf 66' lang='lat' dir='ltr'>caelum</span> <span class='ocrx_word' id='word_1_625' title='bbox 3097 3129 3282 3187; x_wconf 84' lang='lat' dir='ltr'>stellis</span> <span class='ocrx_word' id='word_1_626' title='bbox 3311 3148 3518 3189; x_wconf 87' lang='lat' dir='ltr'>carens</span> <span class='ocrx_word' id='word_1_627' title='bbox 3543 3136 3798 3206; x_wconf 88' lang='lat' dir='ltr'>quando-</span> 
     </span>
    </p>
   </div>
   <div class='ocr_carea' id='block_1_90' title="bbox 2155 3215 3802 3292">
    <p class='ocr_par' dir='ltr' id='par_1_90' title="bbox 2155 3215 3802 3292">
     <span class='ocr_line' id='line_1_90' title="bbox 2155 3215 3802 3292; baseline 0.005 -21"><span class='ocrx_word' id='word_1_628' title='bbox 2155 3216 2394 3288; x_wconf 88' lang='lat' dir='ltr'>quidem</span> <span class='ocrx_word' id='word_1_629' title='bbox 2426 3215 2783 3272; x_wconf 88' lang='lat' dir='ltr'>sensibiliter</span> <span class='ocrx_word' id='word_1_630' title='bbox 2813 3223 3077 3273; x_wconf 90' lang='lat' dir='ltr'>movetur</span> <span class='ocrx_word' id='word_1_631' title='bbox 3106 3224 3269 3275; x_wconf 86' lang='lat' dir='ltr'>motu</span> <span class='ocrx_word' id='word_1_632' title='bbox 3309 3221 3621 3292; x_wconf 88' lang='lat' dir='ltr'>inerrante,</span> <span class='ocrx_word' id='word_1_633' title='bbox 3655 3224 3802 3280; x_wconf 87' lang='lat' dir='ltr'>sim-</span> 
     </span>
    </p>
   </div>
   <div class='ocr_carea' id='block_1_91' title="bbox 2156 3305 3801 3379">
    <p class='ocr_par' dir='ltr' id='par_1_91' title="bbox 2156 3305 3801 3379">
     <span class='ocr_line' id='line_1_91' title="bbox 2156 3305 3801 3379; baseline 0.006 -19"><span class='ocrx_word' id='word_1_634' title='bbox 2156 3307 2287 3379; x_wconf 87' lang='lat' dir='ltr'>plex</span> <span class='ocrx_word' id='word_1_635' title='bbox 2317 3321 2432 3361; x_wconf 91' lang='lat' dir='ltr'>non</span> <span class='ocrx_word' id='word_1_636' title='bbox 2463 3309 2571 3360; x_wconf 91' lang='lat' dir='ltr'>est.</span> <span class='ocrx_word' id='word_1_637' title='bbox 2604 3305 2749 3360; x_wconf 89' lang='lat' dir='ltr'>Cum</span> <span class='ocrx_word' id='word_1_638' title='bbox 2779 3305 2936 3361; x_wconf 92' lang='lat' dir='ltr'>enim</span> <span class='ocrx_word' id='word_1_639' title='bbox 2967 3307 3326 3365; x_wconf 90' lang='lat' dir='ltr'>sensibiliter</span> <span class='ocrx_word' id='word_1_640' title='bbox 3353 3311 3424 3366; x_wconf 87' lang='lat' dir='ltr'>ab</span> <span class='ocrx_word' id='word_1_641' title='bbox 3469 3312 3696 3369; x_wconf 88' lang='lat' dir='ltr'>ortibus</span> <span class='ocrx_word' id='word_1_642' title='bbox 3727 3313 3801 3370; x_wconf 91' lang='lat' dir='ltr'>ad</span> 
     </span>
    </p>
   </div>
   <div class='ocr_carea' id='block_1_92' title="bbox 2155 3396 3801 3459">
    <p class='ocr_par' dir='ltr' id='par_1_92' title="bbox 2155 3396 3801 3459">
     <span class='ocr_line' id='line_1_92' title="bbox 2155 3396 3801 3459; baseline 0.005 -9"><span class='ocrx_word' id='word_1_643' title='bbox 2155 3411 2400 3450; x_wconf 90' lang='lat' dir='ltr'>occasus</span> <span class='ocrx_word' id='word_1_644' title='bbox 2431 3399 2730 3450; x_wconf 85' lang='lat' dir='ltr'>moveatur</span> <span class='ocrx_word' id='word_1_645' title='bbox 2759 3400 2923 3450; x_wconf 92' lang='lat' dir='ltr'>motu</span> <span class='ocrx_word' id='word_1_646' title='bbox 2962 3396 3264 3453; x_wconf 90' lang='lat' dir='ltr'>celerrimo</span> <span class='ocrx_word' id='word_1_647' title='bbox 3305 3403 3365 3454; x_wconf 89' lang='lat' dir='ltr'>et</span> <span class='ocrx_word' id='word_1_648' title='bbox 3409 3399 3801 3459; x_wconf 85' lang='lat' dir='ltr'>vehementis-</span> 
     </span>
    </p>
   </div>
   <div class='ocr_carea' id='block_1_93' title="bbox 2157 3485 3801 3557">
    <p class='ocr_par' dir='ltr' id='par_1_93' title="bbox 2157 3485 3801 3557">
     <span class='ocr_line' id='line_1_93' title="bbox 2157 3485 3801 3557; baseline 0.005 -18"><span class='ocrx_word' id='word_1_649' title='bbox 2157 3485 2307 3540; x_wconf 92' lang='lat' dir='ltr'>simo</span> <span class='ocrx_word' id='word_1_650' title='bbox 2332 3501 2344 3538; x_wconf 89' lang='lat'><strong>:</strong></span> <span class='ocrx_word' id='word_1_651' title='bbox 2377 3488 2435 3540; x_wconf 85' lang='lat' dir='ltr'>et</span> <span class='ocrx_word' id='word_1_652' title='bbox 2462 3488 2584 3539; x_wconf 88' lang='lat' dir='ltr'>tam</span> <span class='ocrx_word' id='word_1_653' title='bbox 2614 3489 2817 3556; x_wconf 89' lang='lat' dir='ltr'>vegeta</span> <span class='ocrx_word' id='word_1_654' title='bbox 2847 3485 3190 3557; x_wconf 84' lang='lat' dir='ltr'>pernicitate</span> <span class='ocrx_word' id='word_1_655' title='bbox 3220 3487 3682 3557; x_wconf 84' lang='lat' dir='ltr'>ﬁrmamentum,</span> <span class='ocrx_word' id='word_1_656' title='bbox 3711 3508 3801 3547; x_wconf 88' lang='lat' dir='ltr'>se-</span> 
     </span>
    </p>
   </div>
   <div class='ocr_carea' id='block_1_94' title="bbox 2157 3571 3805 3646">
    <p class='ocr_par' dir='ltr' id='par_1_94' title="bbox 2157 3571 3805 3646">
     <span class='ocr_line' id='line_1_94' title="bbox 2157 3571 3805 3646; baseline 0.005 -18"><span class='ocrx_word' id='word_1_657' title='bbox 2157 3573 2415 3628; x_wconf 91' lang='lat' dir='ltr'>cundum</span> <span class='ocrx_word' id='word_1_658' title='bbox 2447 3571 2658 3628; x_wconf 75' lang='lat' dir='ltr'>coelum</span> <span class='ocrx_word' id='word_1_659' title='bbox 2689 3577 2748 3629; x_wconf 91' lang='lat' dir='ltr'>et</span> <span class='ocrx_word' id='word_1_660' title='bbox 2776 3579 3229 3646; x_wconf 90' lang='lat' dir='ltr'>consequentem</span> <span class='ocrx_word' id='word_1_661' title='bbox 3262 3578 3600 3634; x_wconf 89' lang='lat' dir='ltr'>universum</span> <span class='ocrx_word' id='word_1_662' title='bbox 3631 3579 3805 3636; x_wconf 69' lang='lat' dir='ltr'>aethe-</span> 
     </span>
    </p>
   </div>
   <div class='ocr_carea' id='block_1_95' title="bbox 2156 3663 3807 3731">
    <p class='ocr_par' dir='ltr' id='par_1_95' title="bbox 2156 3663 3807 3731">
     <span class='ocr_line' id='line_1_95' title="bbox 2156 3663 3807 3731; baseline 0.004 -14"><span class='ocrx_word' id='word_1_663' title='bbox 2156 3679 2301 3730; x_wconf 91' lang='lat' dir='ltr'>rem,</span> <span class='ocrx_word' id='word_1_664' title='bbox 2325 3667 2382 3718; x_wconf 91' lang='lat' dir='ltr'>et</span> <span class='ocrx_word' id='word_1_665' title='bbox 2411 3663 2875 3731; x_wconf 83' lang='lat' dir='ltr'>succensionem,</span> <span class='ocrx_word' id='word_1_666' title='bbox 2899 3667 2958 3718; x_wconf 93' lang='lat' dir='ltr'>et</span> <span class='ocrx_word' id='word_1_667' title='bbox 2987 3680 3178 3720; x_wconf 90' lang='lat' dir='ltr'>aerem</span> <span class='ocrx_word' id='word_1_668' title='bbox 3210 3682 3330 3721; x_wconf 90' lang='lat' dir='ltr'>una</span> <span class='ocrx_word' id='word_1_669' title='bbox 3349 3683 3548 3723; x_wconf 91' lang='lat' dir='ltr'>secum</span> <span class='ocrx_word' id='word_1_670' title='bbox 3571 3663 3807 3725; x_wconf 87' lang='lat' dir='ltr'>conver-</span> 
     </span>
    </p>
   </div>
   <div class='ocr_carea' id='block_1_96' title="bbox 2156 3751 3804 3829">
    <p class='ocr_par' dir='ltr' id='par_1_96' title="bbox 2156 3751 3804 3829">
     <span class='ocr_line' id='line_1_96' title="bbox 2156 3751 3804 3829; baseline 0.005 -23"><span class='ocrx_word' id='word_1_671' title='bbox 2156 3756 2264 3820; x_wconf 91' lang='lat' dir='ltr'>tat,</span> <span class='ocrx_word' id='word_1_672' title='bbox 2287 3756 2524 3822; x_wconf 85' lang='lat' dir='ltr'>excepto</span> <span class='ocrx_word' id='word_1_673' title='bbox 2547 3767 2731 3822; x_wconf 87' lang='lat' dir='ltr'>pauco</span> <span class='ocrx_word' id='word_1_674' title='bbox 2757 3751 2856 3806; x_wconf 90' lang='lat' dir='ltr'>illo</span> <span class='ocrx_word' id='word_1_675' title='bbox 2883 3753 2984 3824; x_wconf 88' lang='lat' dir='ltr'>qui</span> <span class='ocrx_word' id='word_1_676' title='bbox 3011 3753 3068 3807; x_wconf 90' lang='lat' dir='ltr'>in</span> <span class='ocrx_word' id='word_1_677' title='bbox 3097 3753 3446 3811; x_wconf 87' lang='lat' dir='ltr'>cavitatibus</span> <span class='ocrx_word' id='word_1_678' title='bbox 3473 3757 3804 3829; x_wconf 83' lang='lat' dir='ltr'>superﬁciei</span> 
     </span>
    </p>
   </div>
   <div class='ocr_carea' id='block_1_97' title="bbox 2156 3840 3807 3916">
    <p class='ocr_par' dir='ltr' id='par_1_97' title="bbox 2156 3840 3807 3916">
     <span class='ocr_line' id='line_1_97' title="bbox 2156 3840 3807 3916; baseline 0.003 -19"><span class='ocrx_word' id='word_1_679' title='bbox 2156 3846 2321 3897; x_wconf 70' lang='lat' dir='ltr'>terrae</span> <span class='ocrx_word' id='word_1_680' title='bbox 2350 3840 2588 3896; x_wconf 78' lang='lat' dir='ltr'>relictus</span> <span class='ocrx_word' id='word_1_681' title='bbox 2619 3845 2708 3895; x_wconf 86' lang='lat' dir='ltr'>est</span> <span class='ocrx_word' id='word_1_682' title='bbox 2749 3845 2805 3896; x_wconf 90' lang='lat' dir='ltr'>et</span> <span class='ocrx_word' id='word_1_683' title='bbox 2848 3846 3078 3914; x_wconf 87' lang='lat' dir='ltr'>stagnat</span> <span class='ocrx_word' id='word_1_684' title='bbox 3111 3859 3123 3897; x_wconf 90' lang='lat'>:</span> <span class='ocrx_word' id='word_1_685' title='bbox 3174 3845 3468 3914; x_wconf 92' lang='lat' dir='ltr'>quomodo</span> <span class='ocrx_word' id='word_1_686' title='bbox 3498 3847 3653 3916; x_wconf 91' lang='lat' dir='ltr'>quod</span> <span class='ocrx_word' id='word_1_687' title='bbox 3691 3846 3807 3902; x_wconf 88' lang='lat' dir='ltr'>bu-</span> 
     </span>
    </p>
   </div>
   <div class='ocr_carea' id='block_1_98' title="bbox 2150 3929 3808 4002">
    <p class='ocr_par' dir='ltr' id='par_1_98' title="bbox 2150 3929 3808 4002">
     <span class='ocr_line' id='line_1_98' title="bbox 2150 3929 3808 4002; baseline 0.002 -16"><span class='ocrx_word' id='word_1_688' title='bbox 2150 3929 2484 4002; x_wconf 89' lang='lat' dir='ltr'>juscemodi</span> <span class='ocrx_word' id='word_1_689' title='bbox 2532 3934 2642 3994; x_wconf 88' lang='lat' dir='ltr'>est,</span> <span class='ocrx_word' id='word_1_690' title='bbox 2674 3929 2923 4001; x_wconf 86' lang='lat' dir='ltr'>simplex</span> <span class='ocrx_word' id='word_1_691' title='bbox 2970 3930 3091 3985; x_wconf 85' lang='lat' dir='ltr'>sit?</span> <span class='ocrx_word' id='word_1_692' title='bbox 3141 3932 3246 3988; x_wconf 91' lang='lat' dir='ltr'>Ubi</span> <span class='ocrx_word' id='word_1_693' title='bbox 3293 3933 3450 3988; x_wconf 90' lang='lat' dir='ltr'>enim</span> <span class='ocrx_word' id='word_1_694' title='bbox 3477 3935 3686 3990; x_wconf 72' lang='lat' dir='ltr'>&#39;motus</span> <span class='ocrx_word' id='word_1_695' title='bbox 3717 3940 3808 3992; x_wconf 91' lang='lat' dir='ltr'>est</span> 
     </span>
    </p>
   </div>
   <div class='ocr_carea' id='block_1_99' title="bbox 2158 4017 3806 4090">
    <p class='ocr_par' dir='ltr' id='par_1_99' title="bbox 2158 4017 3806 4090">
     <span class='ocr_line' id='line_1_99' title="bbox 2158 4017 3806 4090; baseline 0.002 -15"><span class='ocrx_word' id='word_1_696' title='bbox 2158 4017 2476 4085; x_wconf 90' lang='lat' dir='ltr'>sensibilis,</span> <span class='ocrx_word' id='word_1_697' title='bbox 2518 4017 2575 4072; x_wconf 92' lang='lat' dir='ltr'>id</span> <span class='ocrx_word' id='word_1_698' title='bbox 2626 4019 2802 4073; x_wconf 88' lang='lat' dir='ltr'>etiam</span> <span class='ocrx_word' id='word_1_699' title='bbox 2855 4020 3008 4090; x_wconf 91' lang='lat' dir='ltr'>quod</span> <span class='ocrx_word' id='word_1_700' title='bbox 3062 4025 3343 4089; x_wconf 90' lang='lat' dir='ltr'>movetur,</span> <span class='ocrx_word' id='word_1_701' title='bbox 3375 4027 3464 4077; x_wconf 91' lang='lat' dir='ltr'>est</span> <span class='ocrx_word' id='word_1_702' title='bbox 3507 4023 3806 4079; x_wconf 87' lang='lat' dir='ltr'>sensibile.</span> 
     </span>
    </p>
   </div>
   <div class='ocr_carea' id='block_1_100' title="bbox 2157 4108 3808 4182">
    <p class='ocr_par' dir='ltr' id='par_1_100' title="bbox 2157 4108 3808 4182">
     <span class='ocr_line' id='line_1_100' title="bbox 2157 4108 3808 4182; baseline 0.003 -19"><span class='ocrx_word' id='word_1_703' title='bbox 2157 4109 2321 4174; x_wconf 90' lang='lat' dir='ltr'>Quod</span> <span class='ocrx_word' id='word_1_704' title='bbox 2353 4111 2546 4162; x_wconf 90' lang='lat' dir='ltr'>autem</span> <span class='ocrx_word' id='word_1_705' title='bbox 2578 4123 2788 4162; x_wconf 90' lang='lat' dir='ltr'>sensus</span> <span class='ocrx_word' id='word_1_706' title='bbox 2820 4108 3138 4179; x_wconf 90' lang='lat' dir='ltr'>cognoscit,</span> <span class='ocrx_word' id='word_1_707' title='bbox 3161 4108 3221 4164; x_wconf 92' lang='lat' dir='ltr'>id</span> <span class='ocrx_word' id='word_1_708' title='bbox 3253 4111 3644 4182; x_wconf 90' lang='lat' dir='ltr'>compositum</span> <span class='ocrx_word' id='word_1_709' title='bbox 3675 4127 3808 4168; x_wconf 88' lang='lat' dir='ltr'>esse</span> 
     </span>
    </p>
   </div>
   <div class='ocr_carea' id='block_1_101' title="bbox 2159 4196 3811 4273">
    <p class='ocr_par' dir='ltr' id='par_1_101' title="bbox 2159 4196 3811 4273">
     <span class='ocr_line' id='line_1_101' title="bbox 2159 4196 3811 4273; baseline 0.002 -19"><span class='ocrx_word' id='word_1_710' title='bbox 2159 4214 2364 4254; x_wconf 91' lang='lat' dir='ltr'>omnes</span> <span class='ocrx_word' id='word_1_711' title='bbox 2389 4197 2764 4251; x_wconf 83' lang='lat' dir='ltr'>conﬁtentur.</span> <span class='ocrx_word' id='word_1_712' title='bbox 2787 4196 2932 4251; x_wconf 88' lang='lat' dir='ltr'>Nam</span> <span class='ocrx_word' id='word_1_713' title='bbox 2963 4213 3175 4268; x_wconf 88' lang='lat' dir='ltr'>corpus</span> <span class='ocrx_word' id='word_1_714' title='bbox 3200 4199 3448 4271; x_wconf 85' lang='lat' dir='ltr'>simplex</span> <span class='ocrx_word' id='word_1_715' title='bbox 3472 4217 3588 4255; x_wconf 92' lang='lat' dir='ltr'>non</span> <span class='ocrx_word' id='word_1_716' title='bbox 3618 4205 3811 4273; x_wconf 88' lang='lat' dir='ltr'>potest</span> 
     </span>
    </p>
   </div>
   <div class='ocr_carea' id='block_1_102' title="bbox 2159 4285 3810 4361">
    <p class='ocr_par' dir='ltr' id='par_1_102' title="bbox 2159 4285 3810 4361">
     <span class='ocr_line' id='line_1_102' title="bbox 2159 4285 3810 4361; baseline 0.002 -19"><span class='ocrx_word' id='word_1_717' title='bbox 2159 4303 2263 4359; x_wconf 90' lang='lat' dir='ltr'>per</span> <span class='ocrx_word' id='word_1_718' title='bbox 2279 4303 2339 4342; x_wconf 92' lang='lat' dir='ltr'>se</span> <span class='ocrx_word' id='word_1_719' title='bbox 2362 4285 2700 4340; x_wconf 88' lang='lat' dir='ltr'>subsistere.</span> <span class='ocrx_word' id='word_1_720' title='bbox 2719 4285 2871 4341; x_wconf 75' lang='lat'>263</span> <span class='ocrx_word' id='word_1_721' title='bbox 2887 4285 3250 4358; x_wconf 89' lang='lat' dir='ltr'>Quapropter</span> <span class='ocrx_word' id='word_1_722' title='bbox 3265 4304 3397 4343; x_wconf 91' lang='lat' dir='ltr'>cum</span> <span class='ocrx_word' id='word_1_723' title='bbox 3422 4289 3681 4361; x_wconf 90' lang='lat' dir='ltr'>primum</span> <span class='ocrx_word' id='word_1_724' title='bbox 3700 4307 3810 4346; x_wconf 73' lang='lat' dir='ltr'>caa-</span> 
     </span>
    </p>
   </div>
   <div class='ocr_carea' id='block_1_103' title="bbox 2159 4375 3807 4450">
    <p class='ocr_par' dir='ltr' id='par_1_103' title="bbox 2159 4375 3807 4450">
     <span class='ocr_line' id='line_1_103' title="bbox 2159 4375 3807 4450; baseline 0.004 -20"><span class='ocrx_word' id='word_1_725' title='bbox 2159 4375 2284 4431; x_wconf 92' lang='lat' dir='ltr'>lum</span> <span class='ocrx_word' id='word_1_726' title='bbox 2315 4375 2580 4431; x_wconf 92' lang='lat' dir='ltr'>omnium</span> <span class='ocrx_word' id='word_1_727' title='bbox 2611 4375 2975 4430; x_wconf 83' lang='lat' dir='ltr'>confessione</span> <span class='ocrx_word' id='word_1_728' title='bbox 3005 4391 3217 4448; x_wconf 87' lang='lat' dir='ltr'>corpus</span> <span class='ocrx_word' id='word_1_729' title='bbox 3246 4377 3324 4432; x_wconf 91' lang='lat' dir='ltr'>sit</span> <span class='ocrx_word' id='word_1_730' title='bbox 3353 4382 3410 4433; x_wconf 93' lang='lat' dir='ltr'>et</span> <span class='ocrx_word' id='word_1_731' title='bbox 3440 4395 3543 4450; x_wconf 90' lang='lat' dir='ltr'>per</span> <span class='ocrx_word' id='word_1_732' title='bbox 3571 4395 3635 4436; x_wconf 88' lang='lat' dir='ltr'>se</span> <span class='ocrx_word' id='word_1_733' title='bbox 3665 4381 3807 4436; x_wconf 91' lang='lat' dir='ltr'>sub-</span> 
     </span>
    </p>
   </div>
   <div class='ocr_carea' id='block_1_104' title="bbox 2161 4463 3812 4538">
    <p class='ocr_par' dir='ltr' id='par_1_104' title="bbox 2161 4463 3812 4538">
     <span class='ocr_line' id='line_1_104' title="bbox 2161 4463 3812 4538; baseline 0.002 -18"><span class='ocrx_word' id='word_1_734' title='bbox 2161 4466 2331 4521; x_wconf 86' lang='lat' dir='ltr'>sistat</span> <span class='ocrx_word' id='word_1_735' title='bbox 2363 4481 2376 4520; x_wconf 89' lang='lat'><strong>:</strong></span> <span class='ocrx_word' id='word_1_736' title='bbox 2426 4481 2543 4520; x_wconf 90' lang='lat' dir='ltr'>non</span> <span class='ocrx_word' id='word_1_737' title='bbox 2587 4469 2677 4520; x_wconf 88' lang='lat' dir='ltr'>est</span> <span class='ocrx_word' id='word_1_738' title='bbox 2706 4463 2973 4535; x_wconf 88' lang='lat' dir='ltr'>simplex,</span> <span class='ocrx_word' id='word_1_739' title='bbox 3006 4465 3107 4520; x_wconf 88' lang='lat' dir='ltr'>sed</span> <span class='ocrx_word' id='word_1_740' title='bbox 3156 4468 3246 4520; x_wconf 91' lang='lat' dir='ltr'>est</span> <span class='ocrx_word' id='word_1_741' title='bbox 3274 4467 3668 4538; x_wconf 89' lang='lat' dir='ltr'>compositum</span> <span class='ocrx_word' id='word_1_742' title='bbox 3695 4494 3710 4536; x_wconf 87' lang='lat'><strong>;</strong></span> <span class='ocrx_word' id='word_1_743' title='bbox 3739 4468 3812 4524; x_wconf 88' lang='lat' dir='ltr'>de</span> 
     </span>
    </p>
   </div>
   <div class='ocr_carea' id='block_1_105' title="bbox 2160 4552 3810 4630">
    <p class='ocr_par' dir='ltr' id='par_1_105' title="bbox 2160 4552 3810 4630">
     <span class='ocr_line' id='line_1_105' title="bbox 2160 4552 3810 4630; baseline 0.003 -21"><span class='ocrx_word' id='word_1_744' title='bbox 2160 4552 2580 4626; x_wconf 88' lang='lat' dir='ltr'>compositione</span> <span class='ocrx_word' id='word_1_745' title='bbox 2605 4557 2799 4608; x_wconf 91' lang='lat' dir='ltr'>autem</span> <span class='ocrx_word' id='word_1_746' title='bbox 2829 4552 3068 4609; x_wconf 90' lang='lat' dir='ltr'>meliore</span> <span class='ocrx_word' id='word_1_747' title='bbox 3087 4553 3316 4626; x_wconf 90' lang='lat' dir='ltr'>loquor.</span> <span class='ocrx_word' id='word_1_748' title='bbox 3340 4557 3502 4620; x_wconf 87' lang='lat' dir='ltr'>Quod</span> <span class='ocrx_word' id='word_1_749' title='bbox 3530 4557 3581 4612; x_wconf 91' lang='lat' dir='ltr'>si</span> <span class='ocrx_word' id='word_1_750' title='bbox 3612 4558 3810 4630; x_wconf 88' lang='lat' dir='ltr'>ipsum</span> 
     </span>
    </p>
   </div>
   <div class='ocr_carea' id='block_1_106' title="bbox 2081 4626 3816 4716">
    <p class='ocr_par' dir='ltr' id='par_1_106' title="bbox 2081 4626 3816 4716">
     <span class='ocr_line' id='line_1_106' title="bbox 2081 4626 3816 4716; baseline 0.003 -18"><span class='ocrx_word' id='word_1_751' title='bbox 2081 4626 2130 4690; x_wconf 83' lang='lat' dir='ltr'><strong>D</strong></span> <span class='ocrx_word' id='word_1_752' title='bbox 2161 4647 2252 4699; x_wconf 88' lang='lat' dir='ltr'>est</span> <span class='ocrx_word' id='word_1_753' title='bbox 2283 4643 2696 4714; x_wconf 90' lang='lat' dir='ltr'>compositum,</span> <span class='ocrx_word' id='word_1_754' title='bbox 2729 4641 2913 4698; x_wconf 90' lang='lat' dir='ltr'>multo</span> <span class='ocrx_word' id='word_1_755' title='bbox 2947 4643 3140 4716; x_wconf 89' lang='lat' dir='ltr'>magis</span> <span class='ocrx_word' id='word_1_756' title='bbox 3171 4643 3372 4716; x_wconf 90' lang='lat' dir='ltr'>utique</span> <span class='ocrx_word' id='word_1_757' title='bbox 3403 4626 3728 4702; x_wconf 82' lang='lat' dir='ltr'>secundum</span> <span class='ocrx_word' id='word_1_758' title='bbox 3755 4651 3816 4703; x_wconf 92' lang='lat' dir='ltr'>et</span> 
     </span>
    </p>
   </div>
   <div class='ocr_carea' id='block_1_107' title="bbox 2165 4730 3735 4807">
    <p class='ocr_par' dir='ltr' id='par_1_107' title="bbox 2165 4730 3735 4807">
     <span class='ocr_line' id='line_1_107' title="bbox 2165 4730 3735 4807; baseline 0.001 -19"><span class='ocrx_word' id='word_1_759' title='bbox 2165 4748 2455 4804; x_wconf 89' lang='lat' dir='ltr'>apparens</span> <span class='ocrx_word' id='word_1_760' title='bbox 2484 4730 2695 4787; x_wconf 71' lang='lat' dir='ltr'>cmlum</span> <span class='ocrx_word' id='word_1_761' title='bbox 2725 4731 2837 4787; x_wconf 88' lang='lat' dir='ltr'>erit</span> <span class='ocrx_word' id='word_1_762' title='bbox 2861 4731 3275 4805; x_wconf 87' lang='lat' dir='ltr'>compositum,</span> <span class='ocrx_word' id='word_1_763' title='bbox 3308 4751 3423 4790; x_wconf 91' lang='lat' dir='ltr'>non</span> <span class='ocrx_word' id='word_1_764' title='bbox 3469 4734 3735 4807; x_wconf 83' lang='lat' dir='ltr'>simplex.</span> 
     </span>
    </p>
   </div>
   <div class='ocr_carea' id='block_1_108' title="bbox 2234 4838 3817 4910">
    <p class='ocr_par' dir='ltr' id='par_1_108' title="bbox 2234 4838 3817 4910">
     <span class='ocr_line' id='line_1_108' title="bbox 2234 4838 3817 4910; baseline 0.005 -18"><span class='ocrx_word' id='word_1_765' title='bbox 2234 4840 2390 4894; x_wconf 76' lang='lat'>9-10.</span> <span class='ocrx_word' id='word_1_766' title='bbox 2425 4838 2588 4894; x_wconf 92' lang='lat' dir='ltr'>Unde</span> <span class='ocrx_word' id='word_1_767' title='bbox 2625 4840 3123 4910; x_wconf 86' lang='lat' dir='ltr'>quemadmodum</span> <span class='ocrx_word' id='word_1_768' title='bbox 3169 4840 3476 4897; x_wconf 89' lang='lat' dir='ltr'>sensibilia</span> <span class='ocrx_word' id='word_1_769' title='bbox 3522 4842 3817 4899; x_wconf 89' lang='lat' dir='ltr'>elementa</span> 
     </span>
    </p>
   </div>
   <div class='ocr_carea' id='block_1_109' title="bbox 2169 4928 3819 5000">
    <p class='ocr_par' dir='ltr' id='par_1_109' title="bbox 2169 4928 3819 5000">
     <span class='ocr_line' id='line_1_109' title="bbox 2169 4928 3819 5000; baseline 0.003 -19"><span class='ocrx_word' id='word_1_770' title='bbox 2169 4944 2293 4999; x_wconf 68' lang='lat' dir='ltr'>qua:</span> <span class='ocrx_word' id='word_1_771' title='bbox 2317 4928 2644 4998; x_wconf 86' lang='lat' dir='ltr'>composita</span> <span class='ocrx_word' id='word_1_772' title='bbox 2664 4932 2821 4994; x_wconf 90' lang='lat' dir='ltr'>sunt,</span> <span class='ocrx_word' id='word_1_773' title='bbox 2844 4933 3005 4984; x_wconf 92' lang='lat' dir='ltr'>motu</span> <span class='ocrx_word' id='word_1_774' title='bbox 3028 4928 3284 5000; x_wconf 91' lang='lat' dir='ltr'>simplici</span> <span class='ocrx_word' id='word_1_775' title='bbox 3307 4935 3635 4998; x_wconf 86' lang='lat' dir='ltr'>moventur,</span> <span class='ocrx_word' id='word_1_776' title='bbox 3651 4931 3819 4986; x_wconf 85' lang='lat' dir='ltr'>recti-</span> 
     </span>
    </p>
   </div>
   <div class='ocr_carea' id='block_1_110' title="bbox 2167 5016 3818 5092">
    <p class='ocr_par' dir='ltr' id='par_1_110' title="bbox 2167 5016 3818 5092">
     <span class='ocr_line' id='line_1_110' title="bbox 2167 5016 3818 5092; baseline 0.004 -22"><span class='ocrx_word' id='word_1_777' title='bbox 2167 5017 2321 5073; x_wconf 91' lang='lat' dir='ltr'>lineo</span> <span class='ocrx_word' id='word_1_778' title='bbox 2345 5016 2628 5072; x_wconf 88' lang='lat' dir='ltr'>nimirum</span> <span class='ocrx_word' id='word_1_779' title='bbox 2659 5033 2671 5070; x_wconf 92' lang='lat'><strong>:</strong></span> <span class='ocrx_word' id='word_1_780' title='bbox 2705 5017 2790 5072; x_wconf 90' lang='lat' dir='ltr'>sic</span> <span class='ocrx_word' id='word_1_781' title='bbox 2825 5017 3030 5088; x_wconf 89' lang='lat' dir='ltr'>utique</span> <span class='ocrx_word' id='word_1_782' title='bbox 3053 5017 3228 5073; x_wconf 89' lang='lat' dir='ltr'>etiam</span> <span class='ocrx_word' id='word_1_783' title='bbox 3251 5018 3460 5074; x_wconf 77' lang='lat' dir='ltr'>coelum</span> <span class='ocrx_word' id='word_1_784' title='bbox 3489 5021 3644 5092; x_wconf 88' lang='lat' dir='ltr'>quod</span> <span class='ocrx_word' id='word_1_785' title='bbox 3669 5021 3818 5076; x_wconf 90' lang='lat' dir='ltr'>sim-</span> 
     </span>
    </p>
   </div>
   <div class='ocr_carea' id='block_1_111' title="bbox 2169 5106 3818 5178">
    <p class='ocr_par' dir='ltr' id='par_1_111' title="bbox 2169 5106 3818 5178">
     <span class='ocr_line' id='line_1_111' title="bbox 2169 5106 3818 5178; baseline 0.002 -16"><span class='ocrx_word' id='word_1_786' title='bbox 2169 5106 2300 5178; x_wconf 83' lang='lat' dir='ltr'>plex</span> <span class='ocrx_word' id='word_1_787' title='bbox 2327 5123 2440 5162; x_wconf 90' lang='lat' dir='ltr'>non</span> <span class='ocrx_word' id='word_1_788' title='bbox 2473 5111 2582 5173; x_wconf 90' lang='lat' dir='ltr'>est,</span> <span class='ocrx_word' id='word_1_789' title='bbox 2613 5111 2773 5162; x_wconf 91' lang='lat' dir='ltr'>motu</span> <span class='ocrx_word' id='word_1_790' title='bbox 2797 5106 3066 5162; x_wconf 84' lang='lat' dir='ltr'>circulari</span> <span class='ocrx_word' id='word_1_791' title='bbox 3089 5107 3340 5178; x_wconf 88' lang='lat' dir='ltr'>simplici</span> <span class='ocrx_word' id='word_1_792' title='bbox 3365 5113 3648 5164; x_wconf 91' lang='lat' dir='ltr'>movetur.</span> <span class='ocrx_word' id='word_1_793' title='bbox 3670 5109 3818 5165; x_wconf 84' lang='lat' dir='ltr'>Nam</span> 
     </span>
    </p>
   </div>
   <div class='ocr_carea' id='block_1_112' title="bbox 2169 5195 3819 5269">
    <p class='ocr_par' dir='ltr' id='par_1_112' title="bbox 2169 5195 3819 5269">
     <span class='ocr_line' id='line_1_112' title="bbox 2169 5195 3819 5269; baseline 0.002 -18"><span class='ocrx_word' id='word_1_794' title='bbox 2169 5201 2228 5251; x_wconf 90' lang='lat' dir='ltr'>et</span> <span class='ocrx_word' id='word_1_795' title='bbox 2253 5196 2311 5250; x_wconf 91' lang='lat' dir='ltr'>id</span> <span class='ocrx_word' id='word_1_796' title='bbox 2344 5197 2497 5266; x_wconf 91' lang='lat' dir='ltr'>quod</span> <span class='ocrx_word' id='word_1_797' title='bbox 2527 5201 2617 5251; x_wconf 86' lang='lat' dir='ltr'>est</span> <span class='ocrx_word' id='word_1_798' title='bbox 2635 5195 3048 5267; x_wconf 83' lang='lat' dir='ltr'>compositum,</span> <span class='ocrx_word' id='word_1_799' title='bbox 3074 5201 3234 5251; x_wconf 88' lang='lat' dir='ltr'>motu</span> <span class='ocrx_word' id='word_1_800' title='bbox 3260 5197 3512 5269; x_wconf 88' lang='lat' dir='ltr'>simplici</span> <span class='ocrx_word' id='word_1_801' title='bbox 3535 5203 3819 5255; x_wconf 90' lang='lat' dir='ltr'>movetur.</span> 
     </span>
    </p>
   </div>
   <div class='ocr_carea' id='block_1_113' title="bbox 2171 5284 3824 5355">
    <p class='ocr_par' dir='ltr' id='par_1_113' title="bbox 2171 5284 3824 5355">
     <span class='ocr_line' id='line_1_113' title="bbox 2171 5284 3824 5355; baseline 0.002 -15"><span class='ocrx_word' id='word_1_802' title='bbox 2171 5285 2334 5349; x_wconf 90' lang='lat' dir='ltr'>Quod</span> <span class='ocrx_word' id='word_1_803' title='bbox 2366 5285 2521 5340; x_wconf 90' lang='lat' dir='ltr'>enim</span> <span class='ocrx_word' id='word_1_804' title='bbox 2555 5302 2624 5340; x_wconf 81' lang='lat' dir='ltr'>ex</span> <span class='ocrx_word' id='word_1_805' title='bbox 2653 5285 3022 5355; x_wconf 89' lang='lat' dir='ltr'>simplicibus</span> <span class='ocrx_word' id='word_1_806' title='bbox 3052 5284 3111 5339; x_wconf 92' lang='lat' dir='ltr'>in</span> <span class='ocrx_word' id='word_1_807' title='bbox 3143 5303 3206 5341; x_wconf 88' lang='lat' dir='ltr'>se</span> <span class='ocrx_word' id='word_1_808' title='bbox 3237 5287 3526 5342; x_wconf 90' lang='lat' dir='ltr'>contentis</span> <span class='ocrx_word' id='word_1_809' title='bbox 3559 5287 3824 5344; x_wconf 88' lang='lat' dir='ltr'>domina-</span> 
     </span>
    </p>
   </div>
   <div class='ocr_carea' id='block_1_114' title="bbox 2171 5373 3824 5448">
    <p class='ocr_par' dir='ltr' id='par_1_114' title="bbox 2171 5373 3824 5448">
     <span class='ocr_line' id='line_1_114' title="bbox 2171 5373 3824 5448; baseline 0.003 -19"><span class='ocrx_word' id='word_1_810' title='bbox 2171 5379 2267 5429; x_wconf 92' lang='lat' dir='ltr'>tur</span> <span class='ocrx_word' id='word_1_811' title='bbox 2293 5373 2557 5445; x_wconf 88' lang='lat' dir='ltr'>reliquis,</span> <span class='ocrx_word' id='word_1_812' title='bbox 2582 5373 2691 5429; x_wconf 93' lang='lat' dir='ltr'>hoc</span> <span class='ocrx_word' id='word_1_813' title='bbox 2714 5380 2979 5430; x_wconf 87' lang='lat' dir='ltr'>movetur</span> <span class='ocrx_word' id='word_1_814' title='bbox 2998 5375 3198 5440; x_wconf 89' lang='lat' dir='ltr'>etiam,</span> <span class='ocrx_word' id='word_1_815' title='bbox 3225 5376 3354 5445; x_wconf 89' lang='lat' dir='ltr'>ejus</span> <span class='ocrx_word' id='word_1_816' title='bbox 3377 5377 3531 5448; x_wconf 88' lang='lat' dir='ltr'>quod</span> <span class='ocrx_word' id='word_1_817' title='bbox 3559 5377 3824 5434; x_wconf 87' lang='lat' dir='ltr'>domina-</span> 
     </span>
    </p>
   </div>
   <div class='ocr_carea' id='block_1_115' title="bbox 2172 5463 3822 5535">
    <p class='ocr_par' dir='ltr' id='par_1_115' title="bbox 2172 5463 3822 5535">
     <span class='ocr_line' id='line_1_115' title="bbox 2172 5463 3822 5535; baseline 0.003 -18"><span class='ocrx_word' id='word_1_818' title='bbox 2172 5468 2270 5517; x_wconf 92' lang='lat' dir='ltr'>tur</span> <span class='ocrx_word' id='word_1_819' title='bbox 2317 5469 2541 5517; x_wconf 89' lang='lat' dir='ltr'>motum</span> <span class='ocrx_word' id='word_1_820' title='bbox 2597 5463 2924 5518; x_wconf 91' lang='lat' dir='ltr'>subeundo.</span> <span class='ocrx_word' id='word_1_821' title='bbox 2972 5465 3336 5535; x_wconf 89' lang='lat' dir='ltr'>Quapropter</span> <span class='ocrx_word' id='word_1_822' title='bbox 3386 5466 3562 5520; x_wconf 90' lang='lat' dir='ltr'>etiam</span> <span class='ocrx_word' id='word_1_823' title='bbox 3611 5466 3822 5522; x_wconf 75' lang='lat' dir='ltr'>cmlum</span> 
     </span>
    </p>
   </div>
   <div class='ocr_carea' id='block_1_116' title="bbox 2173 5551 3822 5627">
    <p class='ocr_par' dir='ltr' id='par_1_116' title="bbox 2173 5551 3822 5627">
     <span class='ocr_line' id='line_1_116' title="bbox 2173 5551 3822 5627; baseline 0.002 -20"><span class='ocrx_word' id='word_1_824' title='bbox 2173 5569 2307 5607; x_wconf 90' lang='lat' dir='ltr'>cum</span> <span class='ocrx_word' id='word_1_825' title='bbox 2338 5551 2415 5606; x_wconf 90' lang='lat' dir='ltr'>sit</span> <span class='ocrx_word' id='word_1_826' title='bbox 2452 5553 2865 5624; x_wconf 89' lang='lat' dir='ltr'>compositum,</span> <span class='ocrx_word' id='word_1_827' title='bbox 2902 5553 3226 5608; x_wconf 89' lang='lat' dir='ltr'>secundum</span> <span class='ocrx_word' id='word_1_828' title='bbox 3261 5558 3484 5610; x_wconf 90' lang='lat' dir='ltr'>motum</span> <span class='ocrx_word' id='word_1_829' title='bbox 3517 5555 3673 5627; x_wconf 89' lang='lat' dir='ltr'>ignis</span> <span class='ocrx_word' id='word_1_830' title='bbox 3702 5555 3822 5610; x_wconf 88' lang='lat' dir='ltr'>sin-</span> 
     </span>
    </p>
   </div>
   <div class='ocr_carea' id='block_1_117' title="bbox 2173 5639 3824 5716">
    <p class='ocr_par' dir='ltr' id='par_1_117' title="bbox 2173 5639 3824 5716">
     <span class='ocr_line' id='line_1_117' title="bbox 2173 5639 3824 5716; baseline 0.002 -20"><span class='ocrx_word' id='word_1_831' title='bbox 2173 5639 2460 5697; x_wconf 86' lang='lat' dir='ltr'>cerissimi</span> <span class='ocrx_word' id='word_1_832' title='bbox 2501 5641 2560 5696; x_wconf 92' lang='lat' dir='ltr'>in</span> <span class='ocrx_word' id='word_1_833' title='bbox 2602 5641 2731 5713; x_wconf 89' lang='lat' dir='ltr'>ipso</span> <span class='ocrx_word' id='word_1_834' title='bbox 2763 5642 3126 5698; x_wconf 89' lang='lat' dir='ltr'>dominantis</span> <span class='ocrx_word' id='word_1_835' title='bbox 3158 5647 3442 5700; x_wconf 90' lang='lat' dir='ltr'>movetur.</span> <span class='ocrx_word' id='word_1_836' title='bbox 3472 5643 3651 5716; x_wconf 86' lang='lat' dir='ltr'>Atqui</span> <span class='ocrx_word' id='word_1_837' title='bbox 3698 5660 3824 5700; x_wconf 86' lang='lat' dir='ltr'>mo-</span> 
     </span>
    </p>
   </div>
   <div class='ocr_carea' id='block_1_118' title="bbox 2171 5731 3824 5808">
    <p class='ocr_par' dir='ltr' id='par_1_118' title="bbox 2171 5731 3824 5808">
     <span class='ocr_line' id='line_1_118' title="bbox 2171 5731 3824 5808; baseline 0.002 -20"><span class='ocrx_word' id='word_1_838' title='bbox 2171 5736 2269 5788; x_wconf 89' lang='lat' dir='ltr'>tus</span> <span class='ocrx_word' id='word_1_839' title='bbox 2301 5731 2553 5802; x_wconf 87' lang='lat' dir='ltr'>perfecte</span> <span class='ocrx_word' id='word_1_840' title='bbox 2589 5731 2889 5788; x_wconf 86' lang='lat' dir='ltr'>informati</span> <span class='ocrx_word' id='word_1_841' title='bbox 2933 5736 2990 5788; x_wconf 89' lang='lat' dir='ltr'>et</span> <span class='ocrx_word' id='word_1_842' title='bbox 3034 5733 3360 5790; x_wconf 87' lang='lat' dir='ltr'>secundum</span> <span class='ocrx_word' id='word_1_843' title='bbox 3395 5748 3600 5790; x_wconf 88' lang='lat' dir='ltr'>omnes</span> <span class='ocrx_word' id='word_1_844' title='bbox 3628 5735 3824 5808; x_wconf 81' lang='lat' dir='ltr'>partes</span> 
     </span>
    </p>
   </div>
  </div>
