2057 3210
203 192 278 222 1219
823 189 1036 221 NICEPHORI
1059 190 1278 221 BLEMMIDAE
1827 190 1904 224 1320

200 257 327 286 absoluti
338 256 426 293 ignis,
437 253 590 285 circularis
604 258 660 285 est.
673 257 746 285 Nam
759 259 855 285 motus
869 256 1013 284 elemento

1081 255 1199 293 πυρὸς-ἦ
1221 255 1315 293 κύκλῳ
1342 256 1423 286 ἐστίν.
1454 257 1485 284 Ἠ
1512 258 1563 295 γὰρ
1597 257 1638 285 ἐπ’
1667 257 1771 289 εὐθείας
1799 258 1902 294 κίνησις

199 311 266 330 rum
275 305 373 330 rectus
381 302 459 329 inest
472 301 546 338 ipsis
559 310 625 329 cum
643 301 739 329 adhuc
753 304 939 338 generantur.
952 303 981 329 et
995 301 1023 328 in

199 347 261 375 loco
278 348 382 383 prater
396 349 533 374 naturam
548 348 635 381 sunt;
652 354 704 374 nec
716 354 782 374 eum
796 346 846 382 qui
862 345 1023 373 secundum

199 394 335 419 naturam
347 393 392 419 est
400 390 496 418 adhuc
505 393 688 425 acceperunt,
696 390 843 426 quomodo
850 389 1024 417 Ptolomaeus

199 438 229 463 et
239 435 371 463 Plotinus
386 441 414 462 et
424 435 594 462 Xenarchus
603 437 631 462 et
646 435 695 462 alii
711 434 824 471 physici
836 435 1022 462 conﬁtentur.

199 479 255 508 Sed
271 482 300 508 et
313 478 484 507 Aristoteles
505 479 534 507 in
558 487 645 507 suum
661 479 756 506 locum
774 478 841 506 ferri
857 479 934 506 284
949 478 1022 505 nihil

197 524 276 552 aliud
288 532 353 552 esse
365 524 446 559 dicit,
456 531 545 559 quam
556 523 592 551 ad
603 532 688 551 suam
702 523 828 559 speciem
842 523 960 550 moveri.
971 523 1023 550 Re-

195 577 262 597 vera
273 569 352 596 enim
364 568 388 596 si
401 568 437 595 ab
449 567 553 596 alienis
565 567 636 595 locis
648 569 677 595 et
688 576 704 595 a
715 567 907 603 dispositione
918 570 1024 603 praeter

195 615 329 641 naturam
341 615 496 641 moventur
505 612 649 640 elementa
665 621 752 640 suum
769 613 865 640 locum
878 621 1021 648 suamque

193 658 392 694 integritatem
407 659 436 685 et
452 657 658 692 perfectionem
675 656 843 692 appetentia
859 665 865 684 :
894 659 1019 691 constat,

194 702 270 737 quod
282 702 444 729 secundum
455 704 590 729 naturam
603 701 728 736 perfecte
740 709 797 728 non
806 701 954 733 habentia,
963 709 1021 729 mo-

192 748 403 774 veantur.Cum
415 746 492 773 enim
503 747 665 773 secundum
678 748 814 773 naturam
826 754 856 772 se
868 745 1020 777 habent,et

193 791 222 818 in
236 790 362 827 propriis
378 790 450 818 locis
466 793 545 822 sunt,
558 792 608 818 aut
621 790 789 818 subsistunt
804 792 855 817 aut
867 793 1019 817 moventur

194 834 383 863 oirculariter.
407 834 548 862 Subsistit
572 834 692 870 quidem
720 836 798 861 terra
824 834 965 868 videlicet,
991 837 1019 862 et

194 888 270 915 aqua
293 881 321 907 et
345 887 413 914 pars
439 879 516 907 aeris
537 881 678 915 stagnans
695 891 702 912 ;
723 878 904 906 circulariter
919 881 1017 906 autem

193 925 327 951 movetur
336 923 413 959 ignis
428 926 456 951 et
471 932 539 959 pars
550 924 626 951 aeris
636 923 787 956 sincerior,
800 931 864 959 quae
877 931 935 950 una
949 931 1015 950 cum

192 968 264 996 coelo
274 970 392 1004 propter
403 976 487 995 suam
499 976 566 995 cum
578 966 628 995 illo
640 967 814 995 afﬁnitatem
824 967 1016 995 circumeunt.

227 1022 320 1048 11-15.
338 1021 481 1053 Quoniam
497 1021 574 1048 enim
597 1028 655 1056 quo
676 1021 770 1047 fertur
784 1020 895 1056 aliquid
912 1029 1017 1048 secun-

192 1066 262 1093 dum
274 1067 421 1098 naturam,
432 1065 472 1092 ibi
484 1067 528 1093 est
538 1065 701 1092 secundum
714 1067 868 1096 naturam;
882 1068 958 1092 terra
969 1074 1017 1092 au-

191 1112 250 1138 tem
260 1110 422 1138 secundum
432 1112 566 1137 naturam
574 1110 609 1137 ad
619 1109 748 1137 medium
760 1109 910 1142 ferntnrjn
921 1110 1016 1137 medio

191 1162 259 1191 ergo
274 1156 320 1182 est
335 1154 496 1182 secundum
514 1157 660 1182 naturam.
678 1154 736 1182 Hoc
756 1154 834 1182 enim
850 1156 933 1181 terra:
950 1162 1015 1190 pro-

191 1200 288 1236 prium
300 1201 355 1233 est,
368 1201 401 1227 ut
418 1199 453 1226 ad
469 1199 599 1226 medium
611 1199 729 1226 feratur.
743 1198 808 1226 Haec
819 1201 915 1226 autem
926 1207 1016 1226 causa

190 1243 288 1279 fuerit,
301 1243 433 1271 utetiam
445 1243 475 1270 in
488 1243 584 1271 medio
594 1245 672 1270 terra
683 1245 800 1271 maneat
814 1246 843 1270 et
853 1243 1014 1279 subsistat:

190 1287 326 1324 cognatio
339 1288 480 1315 nimirum
492 1296 581 1323 quam
598 1287 686 1315 habet
696 1295 764 1315 cum
780 1287 886 1321 medio,
899 1289 1017 1323 propter

190 1340 279 1369 quam
302 1335 436 1360 movetur
461 1332 496 1359 ad
525 1332 632 1367 ipsum.
650 1332 792 1364 Quoniam
810 1334 907 1359 autem
923 1332 1015 1359 medi-

190 1386 240 1405 um
255 1380 299 1405 est
315 1377 465 1404 immobile
480 1377 588 1413 (omnis
608 1376 686 1404 enim
704 1376 823 1412 sphaerae
839 1384 903 1412 qua
919 1376 1015 1412 seipso

189 1424 330 1455 movetur,
340 1424 473 1449 centrum
484 1421 543 1449 sive
555 1421 695 1454 medium,
704 1424 748 1449 est
759 1420 931 1456 immobile),
939 1423 1017 1448 terra

188 1474 305 1502 quoque
315 1468 433 1502 propter
439 1465 515 1494 265
524 1466 696 1493 afﬁnitatem
706 1474 772 1493 cum
781 1468 879 1493 centro
888 1465 1015 1493 universi

188 1514 232 1539 eat
243 1510 414 1538 immobilis.
429 1511 542 1537 Rursus
556 1513 651 1537 autem
665 1519 740 1545 aqua
751 1510 890 1545 quoniam
906 1510 939 1537 ad
957 1514 1013 1537 ter-

187 1564 248 1582 ram
260 1556 350 1582 fertur
360 1558 462 1582 natura
472 1556 624 1590 sua(aquac
632 1555 708 1581 enim
720 1555 869 1590 proprium
880 1557 923 1582 est
933 1558 1012 1581 terrm

186 1599 379 1633 incumbere),
392 1602 420 1627 et
435 1599 499 1634 ipsa
510 1602 627 1634 propter
638 1600 841 1634 cognationem
858 1608 923 1626 cum
937 1601 1013 1626 terra

186 1646 231 1671 est
246 1644 416 1671 immobilis.
430 1632 469 1671 Ea
487 1632 602 1678 propter
614 1632 781 1670 senectiam
798 1646 938 1678 stagnans
952 1651 1011 1676 aer,
1028 1632 1048 1663 (Σ

186 1688 334 1715 terrestris
350 1688 397 1715 ille
414 1690 442 1715 et
463 1696 592 1722 aquosus
608 1691 635 1715 et
650 1688 798 1719 turbidus,
815 1691 860 1714 est
876 1688 1011 1715 immobi-

187 1732 233 1760 lis.
250 1732 313 1759 Jam
329 1741 395 1759 vero
411 1732 487 1767 ignis
504 1733 665 1759 secundum
683 1735 817 1759 naturam
834 1732 869 1758 ad
887 1732 1010 1759 circum-

187 1777 339 1804 ferentiam
355 1776 474 1812 sphaerae
491 1779 632 1804 movetur.
650 1777 793 1803 Fortassis
817 1776 894 1803 enim
922 1777 1009 1804 etiam

186 1829 342 1848 concavam
370 1821 553 1856 superﬁciem
580 1821 757 1848 ﬁrmamenti
783 1821 936 1855 attigisset,
955 1821 1010 1848 nisi

185 1865 268 1893 locus
302 1867 337 1893 ab
373 1866 496 1893 aethereo
530 1874 649 1901 corpore
682 1869 900 1901 praeoccupatus
935 1869 1011 1893 esset

181 1910 266 1946 juxta
280 1910 397 1946 igneam
415 1910 540 1945 speciem
557 1910 724 1942 sinceriore,
737 1913 769 1937 ut
784 1911 861 1945 quod
878 1911 1009 1944 ejusdem

185 1957 295 1982 natura:
321 1956 359 1982 sit
386 1963 452 1982 cum
479 1954 663 1982 ﬁrmamento
684 1955 839 1990 particeps.
866 1955 1009 1986 Quoniam

184 1999 275 2035 igitur
291 1999 367 2035 ignis
383 2000 417 2026 ad
435 2000 555 2035 sphaerae
571 1999 837 2026 circumferentiam
855 2000 945 2026 fertur
959 2009 1009 2027 na-

183 2044 336 2077 turaliter;
362 2044 430 2072 huic
456 2052 526 2071 sane
547 2044 674 2071 affinitas
692 2045 727 2071 ad
744 2044 1008 2072 circumferentiam

183 2091 302 2124 propter
318 2097 406 2124 quam
423 2089 458 2116 ad
473 2088 568 2124 ipsam
587 2090 687 2122 fertur,
704 2089 854 2116 circularis
871 2089 1009 2116 motionis

183 2141 272 2160 causa
288 2133 385 2160 fuerit.
403 2133 475 2160 Nam
494 2136 611 2168 propter
627 2133 797 2160 afﬁnitatem
824 2141 891 2160 cum
920 2141 953 2160 ea
981 2136 1009 2160 et

183 2177 246 2212 ipse
271 2179 402 2204 movetur
426 2178 629 2211 circulariter;
657 2178 906 2213 quemadmodum
932 2180 1009 2205 terra

183 2223 302 2257 propter
318 2222 501 2255 afﬁnitatem,
518 2230 607 2257 quam
624 2231 689 2249 cum
706 2224 803 2249 centro
828 2222 924 2255 habet,
941 2231 1007 2249 con-

183 2265 271 2293 sistit.
289 2266 402 2293 Rursus
419 2269 517 2294 antem
543 2270 574 2293 ut
597 2275 673 2302 aqua
697 2275 752 2294 non
779 2269 919 2301 movetur,
936 2267 1006 2294 dum

1080 302 1133 327 τῶν
1164 300 1307 338 στοιχείων
1337 299 1376 329 ἔτι
1404 302 1555 340 γινομένων
1583 302 1671 329 αὐτῶν
1702 302 1759 330 ἐστι
1788 303 1836 330 κάν
1864 306 1902 340 τῷ

1079 345 1152 383 παρὰ
1187 345 1264 385 φύσιν
1302 343 1384 374 ὅντων
1422 346 1510 383 τόπῳ,
1542 345 1616 374 ἀλλὰ
1646 348 1732 383 μήπω
1761 347 1806 375 τὸν
1836 348 1901 376 κατὰ

1079 389 1157 427 φύσιν
1201 389 1405 429 ἀπειληφότων,
1442 390 1480 422 ὡς
1520 390 1687 429 ὁμολογοῦσι
1731 390 1899 428 Πτολεμαῖος

1078 434 1122 460 καὶ
1152 433 1294 466 Πλωτῖνος
1323 434 1367 462 καὶ
1391 434 1543 472 Ξέναρχος,
1567 435 1612 463 καί
1640 445 1711 467 τινες
1740 434 1823 463 ἄλλοι
1848 439 1898 464 τῶν

1078 480 1209 517 φυσικῶν.
1226 478 1314 507 Ἀλλὰ
1328 478 1361 513 δὴ
1376 479 1422 506 καὶ
1438 479 1632 517 Ἀριστοτέλης
1647 481 1678 508 τὸ
1694 480 1733 511 εἶς
1748 481 1795 508 τὸν
1821 481 1899 509 αὐτοῦ

1076 523 1159 550 τόπον
1185 524 1310 562 φέρεσθαι
1342 522 1426 560 μηδὲν
1456 523 1526 552 ἄλλο
1556 524 1624 552 εἶναί
1654 535 1747 564 φησιν,
1764 525 1782 559 ἢ
1809 525 1846 557 είς
1871 526 1898 554 τὸ

1076 566 1158 595 αὐτοῦ
1182 568 1304 606 φέρεσθαι
1330 567 1412 599 εἶδος.
1436 570 1480 604 Τῷ
1503 566 1560 596 ὄντι
1584 569 1636 607 γὰρ
1666 567 1741 607 είίπερ
1766 569 1821 597 ἀπὸ
1846 571 1894 598 τῶν

1076 611 1230 649 ἀλλοτρίων
1256 612 1347 639 τόπων
1377 612 1422 640 καὶ
1443 616 1493 647 τῆς
1530 613 1604 651 παρὰ
1638 612 1716 652 φύσιν
1757 612 1894 646 διαθέσεως

1074 659 1188 684 κινεῖται
1215 657 1249 685 τὰ
1275 659 1408 695 στοιχεῖα,
1433 659 1487 684 τῶν
1515 657 1622 685 οἴκείων
1652 657 1783 697 ἐφιέμενα
1808 658 1891 686 τόπων

1074 700 1118 727 καὶ
1146 704 1197 735 τῆς
1227 701 1328 733 οἰκείας
1357 701 1502 737 ὁλότητος,
1520 701 1604 737 δῆλόν
1633 702 1704 729 ἐστιν
1723 702 1761 733 ὡς
1775 702 1805 730 οὐ
1830 703 1889 730 κατὰ

1074 745 1151 782 φύσιν
1191 744 1290 783 ἔχοντα
1324 746 1425 777 τελέως
1462 749 1586 773 κινεῖται.
1627 746 1699 774 Κατὰ
1739 747 1812 785 φύσιν
1840 748 1885 785 γὰρ

1074 788 1172 827 ἔχοντα
1187 790 1230 817 καὶ
1249 793 1307 821 τοῖς
1331 790 1444 822 οἰκείοις
1467 790 1637 828 τυγχάνοντα
1659 791 1757 821 τόποις
1779 792 1796 826 ἢ
1826 792 1886 827 μένει

1072 834 1090 868 ἢ
1105 833 1201 871 κύκλῳ
1228 837 1351 862 κινεῖται.
1368 835 1448 863 Μένει
1479 835 1526 872 μὶν
1542 836 1560 870 ἡ
1576 838 1612 872 γῆ
1637 834 1768 871 δηλονότι
1797 836 1840 863 καὶ
1863 836 1889 863 τὸ

1073 876 1146 916 ὕδωρ
1161 879 1268 905 καὶτοῦ
1283 878 1361 917 ἀέρος
1389 879 1421 906 τὸ
1447 879 1589 916 λιμνάζον·
1606 877 1701 916 κύκλῳ
1731 879 1760 907 δὲ
1787 883 1894 907 κινεῖται

1071 922 1102 949 τὸ
1123 925 1177 960 πῦρ
1200 923 1245 950 καὶ
1269 925 1318 950 τοῦ
1341 923 1419 961 ἀέρος
1442 924 1473 951 τὸ
1497 923 1591 962 εὐαγὲς
1604 926 1645 960 τῷ
1661 923 1768 962 οὐρανῷ
1796 935 1893 961 συμπε-

1073 966 1239 1005 ριπολοῦντα
1252 968 1321 995 κατὰ
1331 968 1381 1002 τήν
1397 968 1466 1006 πρὸς
1483 967 1563 996 αὐτὸν
1578 968 1744 1004 οἰκειότητα.

1109 1031 1136 1047 ια
1151 1022 1190 1049 ιε’.
1207 1021 1281 1048 Ἐπεὶ
1297 1022 1349 1059 γὰρ
1374 1020 1443 1049 ὅπου
1463 1021 1572 1061 φέρεταί
1594 1032 1620 1049 τι
1644 1023 1711 1049 κατὰ
1735 1022 1826 1061 φύσιν,
1845 1022 1894 1050 ἐκεῖ

1073 1064 1127 1092 ἐστι
1157 1065 1224 1092 κατά
1252 1066 1339 1104 φύσιν·
1357 1066 1464 1105 φέρεται
1481 1065 1503 1093 δ’
1519 1066 1563 1094 ἐπὶ
1588 1067 1619 1094 τὸ
1646 1068 1726 1103 μέσον
1742 1069 1760 1102 ἡ
1776 1071 1815 1105 γῆ
1833 1068 1894 1095 κατὰ

1071 1109 1158 1148 φ’σιψ
1182 1109 1226 1137 ἐπὶ
1250 1112 1299 1137 τοῦ
1331 1110 1413 1146 μέσου
1448 1110 1498 1148 ἄρα
1521 1112 1590 1138 κατὰ
1614 1111 1690 1151 φύσιν
1708 1111 1790 1140 ἐστίν.
1816 1110 1894 1140 Ἵὸιον

1071 1155 1122 1192 γὰρ
1149 1155 1198 1189 τῆς
1225 1158 1278 1192 γῆς
1306 1154 1337 1182 τὸ
1367 1154 1490 1193 φέρεσθαι
1518 1156 1587 1193 πρὸς
1616 1156 1647 1183 τὸ
1664 1156 1757 1192 μέσον.
1775 1158 1860 1184 Γοῦτο
1873 1154 1897 1184 δ’

1071 1197 1100 1225 ἂν
1118 1197 1159 1234 εἶίη
1176 1197 1261 1226 αἴτιον
1277 1199 1322 1226 καὶ
1337 1201 1386 1226 τοῦ
1404 1199 1490 1235 μένειν
1507 1199 1532 1226 έν
1549 1202 1589 1235 τῷ
1611 1200 1685 1236 μέσῳ
1713 1200 1763 1234 τὴν
1792 1204 1855 1239 γῆν,
1877 1201 1894 1235 ἡ

1070 1243 1139 1281 πρὸς
1165 1243 1197 1270 τὸ
1228 1242 1307 1280 μέσον
1336 1242 1466 1278 δηλονότι
1499 1243 1640 1282 συγγένεια
1669 1242 1704 1271 δι’
1728 1245 1759 1279 ἣν
1790 1245 1895 1284 φέρεται

1070 1287 1139 1325 πρὸς
1162 1287 1238 1316 αὐτό.
1265 1287 1338 1315 Ἐπεί
1363 1286 1392 1315 δὲ
1411 1288 1443 1315 τὸ
1469 1287 1548 1324 μένον
1571 1287 1699 1324 ἀκίνητον
1722 1288 1826 1325 (πάσης
1846 1289 1894 1327 γὰρ

1071 1331 1184 1370 σφαίρας
1215 1331 1378 1368 κινουμένης
1416 1331 1441 1359 ἐν
1476 1332 1557 1369 ἑαυτῇ
1592 1332 1624 1359 τὸ
1650 1333 1730 1369 μέσον
1766 1332 1832 1368 ἤτοι
1867 1333 1896 1360 τὸ

1070 1377 1178 1414 κέντρον
1221 1376 1370 1413 ἀκίνητον),
1398 1377 1444 1404 καὶ
1473 1378 1490 1411 ἡ
1519 1380 1556 1414 γῆ
1597 1375 1642 1404 διὰ
1676 1378 1726 1412 τήν
1766 1378 1837 1416 πρὸς
1866 1377 1895 1405 τὸ

1070 1421 1178 1459 κέντρον
1211 1423 1261 1448 τοῦ
1296 1421 1396 1452 παντὸς
1426 1420 1562 1448 οἶκείωσιν
1602 1421 1730 1457 ἀκίνητός
1766 1422 1834 1450 ἐστι.
1862 1420 1895 1449 To‘

1070 1465 1143 1503 ὕδωρ
1169 1464 1197 1493 δὲ
1226 1464 1309 1493 πάλιν
1340 1465 1397 1493 ἐπεὶ
1422 1465 1529 1504 φέρεται
1557 1466 1626 1503 πρὸς
1659 1466 1710 1500 τὴν
1740 1470 1794 1504 γῆν
1824 1476 1896 1506 φυσι-

1069 1508 1220 1547 κῶς(ἷ’διον
1246 1510 1296 1547 γὰρ
1325 1512 1373 1536 τοῦ
1403 1508 1498 1540 ὕδατος
1527 1510 1557 1537 τὸ
1587 1509 1762 1545 ἐπιπολάζειν

1072 1555 1143 1590 μένει
1175 1554 1218 1581 διὰ
1246 1555 1295 1588 τήν
1336 1555 1402 1591 πρὸς
1438 1555 1487 1589 τήν
1524 1558 1573 1592 γῆν
1614 1554 1771 1592 συγγένειαν
1801 1554 1891 1590 ἀκίνη-

1068 1610 1113 1626 τον
1142 1599 1186 1626 καὶ
1216 1599 1290 1626 αὐτὸ.
1321 1599 1368 1625 Διὰ
1395 1600 1478 1626 ταῦτα
1508 1599 1539 1633 δὴ
1561 1599 1605 1626 καὶ
1631 1600 1644 1626 ὁ
1671 1599 1813 1636 λιμνάζων
1843 1599 1893 1637 ἀὴρ

1069 1644 1205 1678 ἀκίνητος,
1231 1643 1244 1669 ὁ
1270 1644 1369 1680 γεηρὸς
1394 1644 1438 1670 καὶ
1472 1642 1613 1678 ὑδατώδης
1641 1644 1686 1671 καὶ
1712 1643 1837 1682 θολερός.
1859 1644 1894 1671 Τὸ

1068 1686 1095 1714 δὲ
1119 1690 1171 1725 πῦρ
1199 1687 1305 1726 φέρεται
1329 1688 1397 1714 κατὰ
1419 1688 1495 1725 φύσιν
1513 1687 1557 1715 ἐπὶ
1581 1689 1630 1722 τήν
1647 1688 1821 1728 περιφέρειαν
1847 1690 1893 1724 τῆς

1067 1732 1189 1770 σφαίρας.
1220 1732 1296 1769 Τάχα
1328 1732 1379 1770 γὰρ
1416 1732 1444 1759 ἂν
1483 1733 1527 1759 καὶ
1567 1732 1690 1772 ἐφήψατο
1717 1733 1769 1768 τῆς
1799 1733 1894 1768 κοίλης

1067 1776 1220 1815 ἐπιφανείας
1243 1779 1292 1803 τοῦ
1317 1777 1516 1813 στερεώματος,
1531 1776 1556 1804 si’
1577 1788 1609 1814 γε
1632 1778 1669 1814 μὴ
1691 1777 1895 1815 προκατειλημ-

1068 1821 1144 1856 μένος
1173 1821 1205 1855 ἦν
1223 1821 1236 1846 ὁ
1252 1821 1336 1851 τόπος
1367 1821 1417 1848 ὑπὸ
1446 1823 1494 1848 τοῦ
1523 1821 1644 1858 αἰθερίου
1670 1822 1813 1858 σώματος,
1828 1821 1895 1850 εἴλι-

1065 1865 1235 1902 κρινεπτὲρου
1264 1866 1448 1903 τυγχάνοντος
1477 1866 1545 1893 κατὰ
1571 1867 1601 1893 τὸ
1627 1865 1697 1896 εἶδος
1711 1867 1743 1893 τὸ
1768 1867 1894 1906 πύρινον,

1066 1910 1102 1940 ὡς
1132 1913 1181 1944 τῆς
1206 1910 1289 1945 αὐτῆς
1319 1912 1358 1945 τῷ
1393 1911 1560 1947 στερεώματι
1600 1912 1824 1946 κοινωνήσαντος
1851 1909 1896 1949 φύ-

1066 1964 1142 1984 σεως.
1168 1953 1241 1980 Ἐπεῗ
1269 1954 1359 1980 τοίνυν
1389 1955 1419 1980 τὸ
1448 1957 1501 1991 πῦρ
1531 1955 1599 1991 πρὸς
1623 1955 1673 1989 τήν
1703 1956 1752 1990 τῆς
1784 1954 1895 1994 σφαίρας

1065 1998 1233 2036 περιφέρειαν
1268 1999 1373 2036 φέρεται
1404 2001 1534 2037 φυσικῶς,
1564 1998 1651 2026 αἴτιον
1678 1999 1707 2026 ἃν
1733 1998 1778 2035 εἷή
1806 2000 1894 2035 τούτῳ

1064 2042 1108 2069 καὶ
1137 2045 1184 2069 τοῦ
1211 2042 1305 2078 κύκλῳ
1340 2044 1470 2070 κινεῖσθαι
1496 2045 1512 2077 ἡ
1543 2044 1609 2081 πρὸς
1640 2044 1689 2078 τήν
1720 2044 1893 2083 περιφέρειαν

1064 2086 1200 2117 οἰκείωσις
1219 2086 1253 2114 δι’
1278 2088 1311 2121 ἣν
1341 2087 1446 2126 φέρεται
1477 2088 1545 2123 πρὸς
1571 2089 1665 2123 αὐτήν.
1692 2089 1741 2116 Διὰ
1769 2090 1824 2128 γὰρ
1849 2089 1895 2116 τὸν

1063 2132 1132 2168 πρὸς
1156 2131 1256 2166 ταύτην
1288 2132 1422 2159 οἶκείωσιν
1459 2132 1554 2169 κύκλῳ
1590 2134 1697 2171 φέρεται
1735 2134 1783 2161 καὶ
1821 2132 1894 2162 αὐτά

1063 2176 1181 2212 καθάπερ
1198 2177 1215 2210 ἡ
1243 2179 1278 2212 γῆ
1310 2175 1355 2203 διὰ
1379 2177 1428 2210 τὴν
1460 2177 1528 2214 πρὸς
1557 2177 1588 2204 τὸ
1615 2178 1726 2215 κέντρον
1757 2178 1892 2206 οἰκείοισιν

1064 2220 1184 2255 ἔστηκεν.
1202 2221 1245 2251 Ὠς
1262 2219 1290 2247 δὲ
1304 2220 1336 2247 τὸ
1352 2220 1424 2258 ὕδωρ
1445 2220 1526 2248 πάλιν
1552 2221 1583 2249 οὐ
1608 2225 1732 2258 κινεῖται,
1746 2226 1800 2258 τῆς
1830 2231 1891 2260 συγ-

1062 2267 1153 2303 «(ei/03:,
1183 2264 1324 2300 ἑστηκυίας
1354 2268 1407 2302 γῆς
1436 2265 1476 2304 ἐφ’
1506 2267 1535 2300 ἦν
1566 2266 1611 2293 καὶ
1653 2267 1761 2306 φέρεται
1793 2267 1839 2295 καὶ
1861 2267 1893 2301 ἧς

183 2312 260 2337 terra
285 2318 351 2337 cum
379 2319 437 2346 qua
462 2311 664 2346 cognationem
688 2311 785 2346 habet,
807 2311 950 2346 consistit,
973 2311 1009 2338 ad

1070 2310 1104 2336 Ξιεὶ
1135 2309 1294 2348 ἐφάπτεσθαι
1328 2309 1467 2347 βούλεται·
1497 2311 1543 2337 τὸν
1572 2310 1650 2338 αὐτὸν
1680 2311 1783 2349 τρόπον
1809 2310 1855 2338 καὶ
1878 2310 1891 2337 ὃ

183 2363 272 2390 quam
284 2355 373 2382 etiam
385 2355 485 2388 fertur,
495 2364 643 2391 quamque
654 2364 770 2390 semper
779 2354 840 2382 vult
853 2355 1007 2390 attingere;

183 2399 285 2426 eodem
298 2399 383 2426 modo
394 2399 479 2426 etiam
494 2409 584 2435 purus
595 2408 645 2426 aer
654 2408 719 2427 cum
733 2399 791 2435 igni
805 2399 854 2435 qui
868 2402 1009 2432 movetur,

185 2443 273 2470 simul
290 2444 478 2477 convertitur,
496 2445 573 2472 266
590 2447 706 2480 propter
722 2443 924 2479 cognationem
942 2453 1009 2471 cum

1065 2354 1181 2391 καθαρὸς
1198 2354 1250 2391 ἀὴρ
1266 2354 1405 2392 φερομένῳ
1427 2355 1589 2393 συμφέρεται
1614 2358 1653 2391 τῷ
1674 2355 1740 2394 πυρὶ
1769 2354 1816 2383 διὰ
1843 2356 1891 2390 τὴν

1065 2399 1132 2434 πρὸς
1148 2401 1229 2425 τοῦτο
1247 2398 1399 2435 συγγένειαν
1418 2397 1451 2425 δι’
1467 2400 1497 2433 ἦν
1523 2399 1568 2426 καὶ
1586 2401 1652 2438 πρὸς
1681 2400 1747 2427 αὐτὸ
1773 2399 1890 2439 φέρεται,

1064 2443 1108 2470 καὶ
1124 2445 1171 2469 τοῦ
1188 2446 1303 2470 συνεῖναι
1320 2442 1408 2479 τούτῳ
1423 2445 1604 2480 συνημμένως
1620 2444 1732 2484 ἐφίεται.

183 2487 243 2523 illo,
261 2488 296 2515 ob
314 2496 402 2523 quam
418 2488 507 2516 etiam
523 2489 559 2515 ad
576 2489 672 2524 ipsum
689 2489 789 2522 fertur,
806 2490 833 2515 et
849 2497 914 2516 cum
932 2489 995 2524 ipso
1013 2489 1195 2516 continenter
1211 2497 1275 2516 esse
1291 2489 1409 2524 appetit.

220 2542 262 2568 16.
280 2541 319 2568 Ex
336 2541 382 2569 his
398 2542 488 2577 igitur
499 2551 562 2578 qua)
574 2542 651 2569 dicta
666 2544 735 2569 sunt
751 2542 950 2577 manifestum,
963 2545 1008 2570 est

181 2587 210 2612 et
225 2585 348 2620 quodvis
366 2586 442 2621 quod
460 2586 514 2613 sub
532 2595 652 2613 sensum
668 2586 746 2613 cadit
762 2594 796 2613 ex
812 2589 938 2621 quatuor
953 2586 1007 2614 ele-

182 2629 289 2657 mentis
300 2637 363 2657 esse
376 2630 582 2666 compositum,
595 2633 624 2658 et
640 2631 732 2658 solam
744 2630 915 2658 c1rcularem
926 2631 1008 2658 latio-

183 2681 249 2700 nem
265 2674 422 2708 perfectam
450 2678 477 2702 et
502 2676 664 2702 secundum
693 2678 828 2702 naturam
855 2683 918 2702 esse
935 2676 1008 2711 [sola

182 2716 260 2744 enim
276 2716 335 2743 haec
355 2725 456 2744 eorum
481 2720 526 2746 est
551 2727 616 2754 quae
636 2719 798 2746 secundum
815 2721 950 2746 naturam
976 2728 1007 2747 se

182 2760 299 2793 habent,
317 2762 345 2787 et
360 2762 487 2796 perfecta
502 2764 582 2799 sunt]
598 2773 604 2797 ;
632 2765 661 2790 et
682 2765 790 2790 terram
812 2763 939 2791 naturali
962 2773 1006 2791 ra-

181 2804 261 2832 tione
286 2804 468 2834 immobilem
496 2816 570 2842 esse,
596 2808 663 2835 dein
692 2816 810 2843 aquam,
834 2811 900 2843 post
926 2808 1006 2836 illam

182 2848 325 2886 quidquid
345 2849 421 2878 aeris
446 2851 492 2878 his
517 2852 688 2888 corporibus
708 2853 865 2888 cognatum
889 2854 952 2887 est;
978 2855 1006 2880 et

1100 2542 1140 2572 ις’.
1160 2540 1248 2575 Δῆλον
1277 2540 1321 2568 οὖν
1349 2541 1377 2568 ἐκ
1400 2542 1453 2568 τών
1471 2542 1635 2580 εἰρημένων,
1651 2542 1693 2570 ὅτι
1720 2553 1750 2570 τε
1781 2545 1833 2570 πῶ
1859 2541 1889 2569 τὸ

1064 2586 1114 2613 ὑπὸ
1137 2587 1187 2619 τὴν
1213 2583 1337 2620 αἴσθησιν
1362 2585 1391 2612 ἐκ
1416 2588 1468 2613 τῶν
1493 2587 1629 2623 τεσσάρων
1654 2587 1801 2625 στοιχείων
1832 2595 1889 2614 συν·

1061 2630 1186 2665 τέθειται,
1203 2630 1247 2657 καὶ
1278 2629 1319 2656 ὅτι
1346 2630 1415 2666 μόνη
1444 2630 1535 2658 τελεία
1550 2632 1621 2670 φορᾶ
1644 2631 1689 2659 καὶ
1714 2632 1784 2659 κατὰ
1813 2630 1888 2670 φύσιν

1062 2676 1079 2709 ἡ
1095 2673 1211 2708 κυκλική
1229 2674 1310 2710 (μόνη
1328 2675 1378 2712 γὰρ
1395 2674 1462 2710 αὕτη
1483 2678 1537 2702 τῶν
1562 2677 1631 2704 κατὰ
1659 2675 1736 2714 φύσιν
1767 2675 1886 2714 ἐχόντων

1061 2719 1106 2746 καὶ
1133 2718 1245 2746 τελείων
1277 2716 1360 2746 ὅντων
1393 2719 1484 2757 έστίν)·
1507 2719 1548 2747 ὅτι
1573 2722 1590 2756 ἡ
1620 2724 1656 2759 γῆ
1681 2721 1749 2748 κατὰ
1777 2719 1887 2760 φυσικὸν

1063 2764 1145 2801 λόγον
1176 2763 1315 2798 ἀκίνητος,
1332 2763 1389 2791 εἶτα
1414 2764 1445 2791 τὸ
1472 2763 1557 2803 ὕδωρ,
1574 2765 1631 2793 εἶτα
1658 2768 1707 2794 τοῦ
1730 2765 1812 2803 ἀέρος
1826 2763 1886 2792 ὅσον

1061 2808 1168 2839 τούτοις
1195 2810 1253 2839 τοῖς
1284 2808 1391 2844 σώμασι
1421 2809 1558 2847 συγγενές
1588 2810 1633 2838 καὶ
1659 2810 1700 2838 ὅτι
1728 2809 1742 2836 ὁ
1773 2808 1886 2847 οὐρανὸς

1062 2853 1170 2892 σύμπας
1201 2851 1245 2880 διὰ
1274 2853 1323 2888 τὴν
1350 2855 1398 2881 τοῦ
1428 2853 1592 2893 εἰλικρινοῦς
1615 2855 1701 2896 πυρὸς
1719 2853 1887 2892 επικράτειαν

2004 2689 2012 3062 1
