4114 6446
360 404 520 466 1221

1707 403 2054 468 ΕΡΙΤΟΜΕ
2097 401 2456 468 PHYSICA.

3628 431 3656 490 1
3667 432 3788 492 222

355 536 552 611 κύκλῳ
601 538 826 616 φέρεται
881 539 1144 611 φυσικῶςο
1195 537 1308 593 εἶτα
1364 535 1436 593 δι’
1493 537 1650 596 αὑτὸν
1728 538 1793 595 τὰ
1865 537 2003 593 αὑτοὶ

2143 537 2353 595 ccelum
2387 542 2727 600 universum
2758 552 2996 620 propter
3021 551 3176 624 ignis
3206 556 3415 612 sinceri
3476 565 3785 634 praedomi-

359 627 458 705 ἐχό
469 647 603 702 μενα
634 626 713 682 σώ
721 646 882 701 ματα.

431 807 515 876 ιζ’.
549 804 800 883 Καθάπερ
831 802 891 860 δὲ
935 808 1004 879 τῇ
1053 808 1125 882 γῇ
1176 805 1241 861 16
1292 801 1636 884 ὑπερϐάλλον
1693 806 1862 864 ἔνεστι
1911 814 2012 878 τῆς

360 902 558 970 μονῆς,
592 894 738 950 οὕτω
769 893 836 964 δὴ
867 899 948 967 τῷ
974 893 1186 970 οὐρανῷ
1229 902 1330 966 τῆς
1386 902 1556 974 φορᾶς
1611 897 1674 952 τὸ
1733 897 2008 970 ὀξύτατον.

356 983 455 1039 Καὶ
502 984 680 1046 καθὼς
727 985 763 1053 ἡ
812 989 881 1059 γῆ
925 983 1063 1038 κατὰ
1102 983 1270 1039 τόπον
1325 984 1604 1056 ἀκίνητος,
1635 984 1807 1048 οὕτως
1858 987 1886 1040 6
1917 985 2009 1040 ού-

359 1071 520 1149 ρανὸς
550 1070 796 1134 ἄστατος.
830 1067 967 1127 Οὔτε
1003 1072 1108 1147 γὰρ
1137 1074 1172 1142 ἡ
1205 1076 1280 1148 γῆ
1318 1080 1419 1144 τῆς
1473 1072 1613 1137 ἰδίας
1672 1073 2011 1149 μετατίθεται

360 1159 587 1237 βάσεως,
621 1156 736 1215 οὔθ’
768 1161 796 1214 6
839 1159 1065 1238 οὐρανὸς
1108 1159 1351 1218 ἐνδίδωσι
1393 1163 1458 1218 τὸ
1499 1171 1603 1234 τῆς
1654 1164 1834 1240 ῥύμης
1877 1186 2007 1240 σφο-

355 1246 634 1326 δρότατον.
667 1253 773 1304 Τοῦ
796 1249 972 1304 τοίνυν
1022 1250 1252 1326 ούρανοῦ
1281 1251 1372 1307 καὶ
1418 1255 1516 1322 τῆς
1555 1261 1659 1328 γῆς
1709 1253 1769 1308 ἐκ
1817 1252 2007 1327 διαμέ-

349 1359 483 1414 τρου
513 1335 877 1408 διεστηκότων
913 1339 1051 1416 πρὸς
1101 1337 1327 1412 ἄλληλα
1372 1342 1508 1398 κατὰ
1552 1343 1653 1412 τήν
1698 1347 1806 1399 τῶν
1866 1341 2009 1420 ἐνερ-

351 1430 515 1502 γειῶν
601 1425 953 1501 ἐναντίωσιν,
1041 1431 1076 1499 ἡ
1170 1429 1364 1503 μεταξὺ
1442 1431 1639 1504 κτίσις,
1727 1433 1865 1506 μήτε
1944 1434 2010 1487 τὸ

351 1514 665 1586 ὀξυκίνητον
716 1514 938 1593 ἔχουσα,
996 1519 1106 1590 μήτ
1152 1517 1234 1573 ἀὖ
1289 1520 1354 1574 τὸ
1391 1519 1672 1591 ἀκίνητον,
1707 1521 2006 1594 μεσιτεύσει

349 1609 467 1666 τοῖς
525 1600 711 1681 ἄκροις
755 1601 826 1660 δι’
855 1606 1072 1676 ἑαυτῆς.
1107 1606 1207 1662 Καὶ
1265 1604 1418 1664 οῦπω
1469 1608 1685 1683 σύμπας
1718 1611 1746 1665 6
1799 1610 2006 1684 κόσμος

353 1691 794 1770 ἀλληλουχεῖται
825 1697 924 1764 τῆς
963 1696 1058 1770 μὶν
1111 1695 1360 1766 ἐξωτάτω
1406 1704 1704 1777 περιφορᾶς
1764 1699 2007 1755 ἐπιτετα-

359 1783 504 1855 μένῳ
544 1779 702 1859 τάχει
735 1784 1057 1860 χρωμένης,
1091 1785 1364 1863 ὑφειμένῳ
1413 1784 1470 1842 δὲ
1519 1792 1628 1842 τῶν
1678 1787 1830 1852 ἐντὸς
1871 1791 2008 1844 κατὰ

356 1868 522 1946 λόγον
570 1875 668 1926 τοῦ
709 1871 847 1948 πρὸς
895 1873 958 1928 τὸ
1001 1875 1220 1950 κέντρον
1259 1873 1642 1950 πλησιασμοῦ’
1679 1883 1807 1977 μιᾶς
1837 1899 2006 1977 ’γινο-
2037 1911 2084 1977 Β

360 1958 526 2032 μένης
604 1960 746 2034 ὁμοῦ
820 1965 1109 2038 σφαιρικῆς
1182 1968 1558 2041 περιαγωγῆς,
1629 1967 1718 2021 καὶ
1787 1965 2004 2022 κύκλων

352 2046 602 2104 ἁπάντων
649 2053 760 2104 τῶν
811 2049 1084 2128 ἐξωτέρων
1134 2073 1195 2108 τε
1243 2052 1333 2108 καὶ
1381 2053 1664 2128 μειζόνων,
1708 2059 1814 2110 τῶν
1863 2054 2008 2112 ἐνδο-

349 2137 492 2213 τέρω
547 2159 607 2193 τε
669 2139 760 2194 καὶ
832 2139 1136 2197 ἐλαττόνων
1207 2143 1344 2198 κατά
1399 2145 1590 2199 ταυτὸν
1647 2145 2004 2201 ἀποκαθιστα-

356 2225 525 2298 μένων
586 2226 648 2283 ἐκ
702 2232 808 2285 τῶν
858 2229 1033 2286 αὐτῶν
1081 2230 1170 2286 ἐπὶ
1217 2232 1285 2287 τὰ
1328 2232 1464 2288 αὐτὰ
1513 2230 1602 2289 διὰ
1653 2242 1753 2305 τῆς
1811 2235 2008 2298 ἐνιαίας

350 2335 451 2393 περ
465 2318 745 2394 ιστροφῆς.

428 2495 520 2565 ιη’.
564 2501 774 2571 Σχῆμα
821 2494 880 2551 δὲ
924 2495 1178 2567 κέκτηται
1228 2500 1258 2554 6
1307 2498 1530 2577 οὐρανὸς
1580 2505 1878 2582 σφαιρικὸν,
1931 2505 2006 2568 ὡς

355 2580 888 2662 πολυχωρητότερόν
929 2607 989 2641 τε
1015 2591 1123 2642 τῶν
1157 2586 1343 2644 ἄλλων
1396 2580 1699 2667 σχημάτων
1754 2598 1860 2648 τῶν
1908 2595 2006 2664 τήν

357 2669 524 2740 αὑτὴν
596 2671 836 2749 ἐχόντων
914 2675 1263 2754 περίμετρον,
1325 2679 1417 2734 καὶ
1475 2680 1549 2742 ὡς
1621 2682 1760 2758 πρὸς
1806 2683 1905 2752 τήν
1957 2683 2010 2738 ἐν

358 2760 531 2834 ἐαυτῷ
579 2761 789 2834 κίνησιν
836 2766 1038 2828 παντὸς
1086 2764 1496 2844 ἁρμοδιώτερον
1560 2773 1869 2846 σχήματος,
1917 2773 2006 2827 καὶ

359 2848 434 2912 ὡς
510 2854 725 2926 πρῶτον
781 2856 850 2927 τῇ
911 2851 1086 2930 φύσει,
1143 2855 1426 2920 κάντεῦθεν
1469 2861 1538 2932 τῇ
1613 2865 1710 2914 τοῦ
1787 2862 2008 2937 πρώτου

358 2937 614 3010 σώματος
689 2940 847 3013 ούσίᾳ
922 2941 1298 3015 κατάλληλον.
1361 2950 1470 3002 Πᾶν
1541 2948 1642 3024 γὰρ
1722 2953 1914 3027 σχῆμα
1969 2951 2006 3021 ἢ

362 3024 738 3112 εύβύγραμμόν
817 3029 956 3086 ἐστιν
997 3032 1032 3101 ἢ
1089 3033 1612 3111 περιφερόγραμμον
1673 3038 1710 3107 ἢ
1760 3024 2004 3112 Πμικτόν.

359 3111 516 3169 Ἀλλ’
548 3111 676 3170 εἷ’τι
711 3117 803 3190 μὲν
837 3117 1221 3196 εὐθύγραμμον
1253 3123 1289 3191 ἢ
1347 3125 1558 3196 μικτὸν,
1594 3125 1696 3180 ὑπὸ
1737 3111 2004 3184 πλειόνων

357 3208 626 3276 γραμμῶν
731 3209 1045 3283 περιέχεται
1077 3227 1089 3240 ’
1175 3210 1239 3266 τὸ
1325 3209 1383 3268 δὲ
1484 3215 2002 3294 περιφερόγραμμον

364 3288 550 3362 μόνον,
600 3293 738 3382 ’ὑπὸῗ
1005 3307 1268 3374 γραμμῆς
1334 3309 1434 3372 τῆς
1509 3279 1867 3382 περίφίερόιῖς.⁸
1903 3279 2002 3364 ¹Ἑν
2038 3279 2079 3345 C

359 3377 566 3452 ἑκάστῳ
596 3377 654 3434 δὶ
683 3381 826 3456 γένει
873 3383 1135 3462 πρότερον
1181 3391 1250 3462 τῇ
1297 3387 1449 3466 φύσει
1492 3390 1554 3444 τὸ
1581 3377 1661 3446 -ἓν
1708 3377 1813 3446 τῶν
1867 3393 2006 3449 πολ-

359 3464 469 3521 λῶν
535 3469 628 3524 καὶ
682 3471 746 3526 τὸ
804 3471 1010 3529 ἁπλοῦν
1070 3480 1166 3530 τοῦ
1223 3479 1495 3536 συνθέτου.
1546 3485 1768 3556 Πρῶτον
1823 3481 2003 3538 τοίνυν

353 3555 444 3610 καὶ
476 3556 686 3615 ἁπλοῦν
714 3564 822 3616 τῶν
856 3560 1002 3618 ὅλων
1049 3562 1318 3621 ἐπιπέδων
1377 3555 1680 3643 σχημάτων
1712 3571 1741 3624 ὁ
1780 3569 2002 3636 κύκλος.

354 3641 512 3701 Ἀλλ’
562 3645 693 3725 ὅπερ
725 3649 752 3703 ὁ
784 3649 988 3715 κύκλος
1035 3651 1087 3707 ἐν
1137 3641 1449 3728 ἐπιπέδοις,
1477 3641 1625 3712 τοῦτ’
1672 3657 1725 3714 ἐν
1768 3667 2004 3735 στερεοῖς

353 3734 388 3802 ἡ
441 3741 660 3812 σφαῖρα.
703 3739 854 3810 Μόνη
911 3741 1015 3818 γὰρ
1074 3743 1206 3815 αὕτη
1257 3749 1365 3800 τῶν
1415 3744 1560 3802 ὅλων
1616 3734 1867 3825 στερεῶν
1908 3756 2008 3824 μιᾷ

353 3820 636 3901 ἐπιφανείᾳ
709 3829 1114 3903 περιείληπται.
1177 3832 1327 3889 Έπεί
1399 3835 1576 3890 τοίνυν
1650 3820 1718 3893 16
1785 3820 2002 3915 πρῶτον

353 3918 548 3987 σχῆμα
593 3919 673 3987 τῷ
741 3918 945 3991 πρώτῳ
1004 3921 1218 3995 σώματι
1277 3923 1626 4000 οἰκειότατον,
1677 3933 1892 4003 πρῶτον
1947 3927 2006 3986 δὲ

353 4002 512 4072 σῶμα
540 4006 648 4056 τῶν
700 4003 802 4059 ὑπὸ
849 4008 948 4075 τὴν
1001 4009 1268 4086 ἡμετέραν
1319 4009 1564 4084 αἴσθησιν
1608 4016 1672 4070 τὸ
1729 4017 2002 4093 οὐράνιονο

351 4086 574 4152 εἰκότως
605 4091 634 4144 6
674 4091 901 4165 οὐρανὸς
952 4095 1186 4173 ὑπάρχει
1239 4099 1610 4179 σφαιροειδής.
1643 4104 1711 4159 Ei’
1758 4086 1806 4161 3;
1847 4107 2005 4172 οὗτος

351 4176 721 4254 σφαιροειδὴς,
785 4179 956 4252 δῆλον
1017 4183 1098 4240 ὅτι
1153 4189 1244 4242 καὶ
1284 4176 1404 4245 ’πᾶν
1461 4191 1799 4271 σφαιροειδὲς
1868 4196 2001 4275 ὅπερ

348 4263 484 4321 ἐστὶν
517 4266 664 4342 αύτῷ
692 4270 930 4348 συνεχές.
988 4275 1219 4351 Ἀνάγκη
1261 4277 1363 4355 γὰρ
1414 4281 1478 4336 τὸ
1506 4263 1848 4360 ’πανταχόσε
1903 4263 2004 4358 τῆς

343 4354 542 4428 κοίλης
651 4358 958 4440 ἐπιφανείας
1054 4364 1356 4451 άτπόμενον
1450 4374 1548 4426 τοῦ
1626 4354 2004 4451 σφάίροειδοῦς

347 4443 482 4500 εἶναι
513 4446 604 4501 καὶ
634 4447 766 4504 αὑτὸ
797 4449 1158 4528 σφαιροειδές.

423 4534 504 4595 ιϐ’.
541 4535 707 4592 Ἐπτᾶ
737 4534 794 4593 δὲ
824 4538 998 4597 ούσῶν
1029 4547 1137 4597 τῶν
1169 4544 1292 4620 περὶ
1342 4547 1409 4601 τὰ
1456 4549 1684 4622 σώματα
1741 4554 1998 4629 σχέσεων,

2132 626 2295 683 nium
2329 629 2388 684 in
2420 629 2707 690 circulum
2740 639 2957 694 moveri
2995 644 3380 716 naturaliter;
3429 626 3566 707 hinc
3612 671 3783 730 prop-

2132 721 2221 772 ter
2249 717 2446 790 ipsum
2481 721 2656 778 etiam
2685 728 2741 779 et
2772 727 3083 798 conjuncta
3121 748 3383 807 corpora.

2200 808 2290 861 17.
2324 809 2834 874 Quemadmodum
2869 823 3063 875 autem
3095 825 3280 894 terrae,
3314 831 3640 889 mansionis
3680 851 3780 891 ex-

2129 909 2366 964 cessus;
2401 897 2481 953 ita
2511 916 2650 955 sane
2693 904 2865 959 etiam
2901 907 3063 980 omlo,
3120 914 3396 971 motionis
3442 917 3644 977 localis
3690 923 3777 979 in-

2125 987 2217 1038 est
2247 1001 2483 1042 summa
2513 989 2796 1048 celeritas.
2833 994 2906 1050 Et
2935 996 3090 1053 sicut
3119 1004 3270 1056 terra
3314 1009 3638 1067 secundum
3692 1013 3775 1070 lo-

2123 1088 2255 1128 cum
2285 1074 2631 1144 immobilis,
2675 1079 2756 1135 ita
2795 1083 3008 1141 oculum
3052 1091 3303 1148 statione
3346 1103 3524 1152 caret.
3573 1101 3772 1174 Neque

2119 1162 2276 1217 enim
2305 1169 2460 1220 terra
2489 1167 2560 1222 de
2599 1172 2833 1241 proprio
2894 1175 3274 1237 fundamento
3325 1162 3766 1262 transponitur;

2120 1267 2310 1323 neque
2341 1253 2551 1309 ccelum
2598 1257 2668 1312 de
2728 1260 2988 1333 impetus
3033 1269 3398 1330 vehementia
3441 1253 3768 1352 quidquam

2119 1342 2390 1399 remittit.
2423 1345 2567 1400 Cum
2600 1347 2782 1419 igitur
2810 1353 3021 1410 coelum
3066 1362 3123 1412 et
3169 1364 3326 1417 terra
3365 1381 3432 1420 ex
3457 1342 3767 1429 'diametro

2119 1445 2152 1484 a
2183 1446 2244 1484 se
2270 1430 2514 1487 invicem
2549 1439 2874 1495 secundum
2932 1446 3338 1514 operationum
3387 1458 3767 1516 contrarieta-

2117 1522 2235 1573 tem
2261 1519 2620 1590 dissideant;
2654 1524 3000 1586 intermedia
3052 1541 3342 1606 creatura,
3396 1559 3522 1614 quas
3575 1563 3766 1620 neque

2119 1623 2414 1664 summam
2434 1611 2814 1688 celeritatem,
2839 1635 3025 1691 neque
3047 1630 3250 1682 contra
3263 1611 3639 1707 [simplicem]
3656 1611 3764 1694 im—

2119 1697 2502 1788 mobilitatem
2527 1702 2750 1760 obtinet
2771 1723 2874 1778 per
2903 1711 3053 1766 287
3089 1697 3350 1788 seipsum
3387 1697 3540 1779 inter
3577 1697 3764 1786 entre-

2117 1802 2214 1841 ma
2243 1787 2554 1845 intervenit
2581 1809 2593 1847 :
2629 1796 2802 1866 atque
2833 1796 2913 1854 ita
2935 1787 3245 1861 universus
3274 1812 3534 1868 mundus
3557 1815 3612 1870 in
3637 1834 3766 1874 sese

2118 2409 2521 2481 restituantur,
2555 2414 3042 2480 circumversione
3072 2428 3243 2486 unica
3272 2436 3330 2487 et
3350 2433 3655 2509 singulari.

2192 2499 2278 2553 18.
2311 2500 2487 2604 Porro
2517 2504 2566 2604 εξ
2591 2506 2802 2604 coelum
2855 2510 3104 2584 ﬁguram
3154 2519 3379 2579 obtinet
3425 2499 3760 2604 rotundam,

2119 2589 2184 2677 ut
2214 2603 2339 2659 quze
2370 2589 2500 2646 aliis
2530 2591 2735 2664 ﬁguris
2766 2599 3035 2657 eumdem
3071 2605 3358 2664 ambitum
3409 2589 3763 2677 habentibus

2120 2676 2194 2731 sit
2226 2679 2512 2749 capacior,
2546 2687 2603 2736 et
2633 2684 2704 2738 ad
2738 2695 2959 2743 motum
2992 2691 3249 2751 universi
3275 2697 3335 2753 in
3375 2702 3569 2774 seipso
3617 2724 3762 2764 con-

2118 2767 2440 2837 gruentior,
2472 2774 2530 2825 et
2559 2777 2770 2829 natura
2802 2777 2980 2848 prior,
3011 2785 3068 2836 et
3098 2782 3232 2840 hinc
3281 2767 3482 2859 primi-
3502 2799 3760 2867 corporis

2119 2855 2384 2911 essentia
2407 2862 2986 2923 conveniens.0mnis
2999 2871 3154 2927 enim
3172 2855 3359 2947 figura
3371 2885 3473 2935 aut
3487 2889 3576 2938 est
3598 2855 3763 2943 recti-

2119 2944 2292 3012 linea,
2309 2947 2832 3007 autcircumductae
2855 2953 3038 3027 lineae,
3064 2967 3167 3016 aut
3186 2944 3608 3029 mista.Verum
3633 2993 3759 3047 quae

2118 3033 2416 3090 rectilinea
2436 3041 2538 3092 aut
2559 3039 2734 3096 mista
2750 3047 2858 3112 est,
2877 3045 3190 3116 apluribus
3213 3051 3383 3112 lineis
3405 3033 3756 3122 continetur.

2117 3122 2253 3186 Quae
2275 3129 2470 3180 autem
2494 3127 2777 3184 duntaxat
2800 3137 2890 3187 est
2907 3134 3314 3197 circumductae
3338 3144 3526 3215 lineae,
3549 3152 3622 3206 ab
3644 3170 3762 3212 una

2115 3211 2271 3267 linea
2286 3214 2796 3275 circumferentiali
2824 3224 3385 3307 [comprehenditur]
3409 3236 3467 3291 in
3500 3211 3763 3312 quolibet

2115 3305 2312 3355 autem
2339 3318 2549 3374 genere
2573 3323 2755 3363 unum
2771 3310 2975 3368 multis
2996 3317 3314 3392 etsimplex
3327 3305 3650 3398 ccmposito
3665 3349 3764 3388 na-

2114 3393 2248 3445 tura
2275 3392 2437 3461 prius
2468 3398 2574 3449 est.
2605 3395 2802 3452 Prima
2831 3399 3011 3472 igitur
3038 3410 3095 3460 et
3112 3407 3360 3481 simplex
3385 3392 3535 3472 int-er
3555 3435 3761 3479 omnes

2116 3478 2336 3568 ﬁguras
2366 3481 2572 3552 planas
2603 3489 2692 3539 est
2721 3487 2996 3546 circulus.
3032 3495 3144 3551 Sed
3175 3478 3329 3568 quod
3373 3502 3628 3564 circulus
3671 3478 3762 3568 est

2116 3566 2176 3658 in
2216 3567 2428 3640 planis,
2475 3571 2584 3628 hoc
2633 3573 2692 3628 in
2738 3577 2944 3635 solidis
2987 3566 3216 3654 sphaara
3263 3593 3370 3647 est.
3416 3593 3550 3651 Sola
3599 3566 3756 3658 enim

2114 3655 2234 3711 haec
2264 3658 2417 3714 inter
2445 3677 2649 3718 omnes
2682 3665 2900 3738 ﬁguras
2932 3669 3150 3729 solidas
3183 3677 3335 3734 268
3385 3698 3503 3739 una
3549 3703 3762 3760 super-

2114 3745 2243 3801 ficie
2271 3750 2693 3819 comprehensa
2709 3759 2814 3810 est.
2840 3757 3126 3820 Quoniam
3147 3763 3328 3836 igitur
3345 3771 3536 3842 prima
3569 3745 3758 3849 figura

2115 3835 2304 3905 primo
2353 3840 2576 3910 corpori
2623 3835 3195 3921 convenientissima,
3248 3835 3505 3924 primum
3559 3835 3756 3925 autem

2115 3940 2327 3995 corpus
2357 3943 2558 3983 eorum
2591 3947 2718 4000 quae
2748 3934 2858 3987 sub
2909 3942 3170 3995 nostrum
3227 3960 3466 4004 sensum
3515 3955 3754 4029 cadunt,

2113 4013 2346 4070 caeleste
2375 4020 2503 4086 est;
2547 4018 2759 4075 coelum
2818 4026 3024 4081 merito
3066 4030 3456 4094 orbiculatum
3505 4013 3755 4104 exsistit:

2113 4104 2275 4169 Quod
2306 4105 2354 4159 si
2385 4105 2493 4161 hoc
2525 4107 2917 4168 orbiculatum
2949 4119 3056 4184 est,
3087 4125 3315 4177 constat
3345 4127 3522 4184 etiam
3580 4148 3758 4193 omne

2110 4191 2224 4264 ipsi
2273 4195 2618 4252 continuum
2649 4199 3037 4260 orbiculatum
3097 4223 3243 4266 esse.
3277 4211 3340 4268 Id
3388 4218 3543 4274 enim
3597 4191 3754 4294 quod
3843 4260 3868 4268 -

2112 4298 2427 4339 concavam
2484 4289 2850 4358 superficiem
2901 4294 3160 4353 orbicam
3226 4289 3631 4380 undiquaque‘
3672 4317 3762 4370 at-

2111 4371 2307 4445 tingit,
2355 4373 2550 4446 ipsum
2600 4393 2830 4450 quoque
2883 4383 3272 4445 orbiculatum
3324 4371 3454 4451 esse
3510 4371 3762 4460 necesse

2111 4465 2219 4518 est.

2185 4553 2269 4608 19.
2303 4551 2588 4609 Caeterum
2619 4571 2753 4610 cum
2784 4564 3010 4631 septem
3044 4563 3166 4621 sint
3194 4568 3348 4626 circa
3377 4589 3621 4648 corpora
3666 4580 3760 4636 af-

347 4615 464 4695 ἔχει
536 4623 732 4689 ταύτας
809 4627 899 4683 καί
953 4632 982 4686 6
1041 4631 1288 4710 οὐρανὸς,
1347 4633 1566 4714 ἐπείπερ
1639 4640 1802 4715 σῶμά
1870 4643 2001 4700 ἐστι·

347 4714 450 4737 -ῒη,
494 4709 591 4737 “1-
652 4719 708 4737 _~
941 4724 964 4736 -σ
1043 4720 1067 4737 91
1122 4731 1130 4737 .
1205 4720 1229 4737 κ
1373 4723 1384 4737 ι
1613 4735 1636 4737 ,Α
1836 4731 1850 4737 -
1891 4734 1900 4737 -

2853 4615 2867 4631 ι
2932 4615 2937 4616 γ
2978 4615 3010 4617 π
3045 4615 3164 4621 -___-
3197 4615 3348 4626 νην..
3377 4615 3463 4630 νυ.
3519 4615 3621 4634 me.
3666 4615 3754 4636 m-

2120 4643 2412 4710 fectiones,
2443 4643 2551 4698 has
2583 4645 2757 4700 etiam
2791 4649 3002 4706 coelum
3035 4651 3228 4722 habet,
3275 4615 3754 4737 quandgquidem

346 4714 450 4763 πᾶν
493 4709 595 4789 γὰρ
644 4719 804 4790 σῶμα
843 4724 990 4795 τρεῖς
1040 4720 1157 4798 ἔχει
1201 4709 1758 4804 διαστάσειςξμῆκος,
1790 4731 2000 4799 πλάτος

344 4797 435 4852 καὶ
487 4799 672 4875 βάθος.
705 4804 812 4860 Δύο
844 4803 892 4860 δ’
922 4805 1035 4864 ἔστι
1083 4811 1277 4867 πέιατα
1322 4816 1438 4870 καθ’
1487 4815 1714 4889 ἑκάστην
1777 4817 1996 4878 διάστα-

346 4907 450 4940 σιν.
506 4891 669 4946 ’Ὥστε
721 4900 870 4970 τρεῖς
955 4901 1198 4977 συζυγίαι
1269 4899 1518 4982 διάφοροι
1573 4906 1833 4982 γίνονται.
1892 4917 1998 4967 Τοῦ

349 4975 442 5048 μὲν
477 4975 568 5032 οὖν
604 4983 817 5053 μήκους
845 4985 1052 5063 πέρατα
1101 4991 1164 5044 τὸ
1221 4989 1332 5046 ἄνω
1382 4994 1472 5048 καὶ
1518 4997 1582 5050 16
1611 4998 1778 5052 κάτω·
1810 5005 1907 5054 τοῦ
1940 4999 1998 5057 δὲ

341 5063 584 5164 πλάτους
641 5071 706 5125 τὸ
765 5069 934 5144 δεξιὸν
993 5077 1082 5164 καὶ
1112 5079 1176 5134 τὸ
1206 5079 1510 5158 ἀριστερόν.
1544 5089 1649 5139 Τοῦ
1680 5083 1738 5141 δὲ
1799 5088 1994 5164 βάθους

336 5153 400 5208 16
431 5150 732 5233 ἔμπροσθεν
783 5163 873 5217 καὶ
923 5166 984 5220 16
1015 5150 1255 5225 ὄπισθενξ
1289 5171 1351 5224 Ἦ
1396 5150 1643 5244 ’μεσότης
1701 5172 1759 5230 δὲ
1799 5150 1992 5234 ’πασῶν

337 5243 478 5317 ὁμοῦ
525 5250 635 5302 τῶν
700 5246 1028 5310 διαστάσεων
1077 5259 1192 5311 καθ’
1241 5258 1294 5314 ἓν
1347 5267 1575 5333 σημεῖον
1651 5285 1993 5338 συμπιπτου-

337 5336 462 5403 σῶν,
493 5336 556 5390 16
588 5337 749 5409 μέσον
800 5341 1034 5419 ὑπάρχει
1081 5351 1179 5400 τοῦ
1230 5349 1504 5420 σώματος.
1541 5336 1837 5408 Ἀλλ’νέπὶ
1900 5356 1994 5429 μὲν

331 5423 439 5475 τῶν
472 5422 571 5479 οὐκ
618 5425 1045 5505 ἐσφαιρωμένων
1098 5435 1369 5508 σωμάτων
1423 5434 1716 5495 διίστανται
1775 5444 1867 5498 ἀπ’
1893 5445 1990 5502 ἀλ-

338 5507 529 5580 λήλων
562 5513 625 5569 16
653 5517 802 5572 κάτω
850 5519 940 5576 καὶ
969 5522 1033 5577 16
1095 5507 1278 5598 μέσον
1331 5525 1420 5581 ἐπὶ
1451 5523 1510 5581 δὲ
1536 5533 1646 5585 τῶν
1690 5539 1989 5611 σφαιρικῶν

407 5727 454 5764 ³⁵
484 5745 525 5785 n
553 5733 632 5788 De
658 5731 804 5792 ccelo
833 5751 886 5792 ο.
919 5737 974 5795 4.

2111 4749 2323 4804 corpus
2354 4737 2457 4787 est.
2493 4733 2678 4790 Omne
2726 4737 2882 4792 enim
2933 4756 3143 4813 corpus
3192 4751 3309 4804 tres
3355 4733 3756 4814 dimensiones

2111 4821 2302 4892 habet,
2327 4821 2778 4894 longitudinem,
2801 4826 3170 4890 latitudinem
3191 4842 3241 4892 el
3267 4842 3753 4911 profunditatem.

2109 4910 2234 4966 Duo
2267 4916 2461 4967 autem
2520 4914 2808 4987 cujusque
2866 4910 3542 4987 dimensionisitermini
3593 4943 3752 4991 sunt.

2108 4999 2296 5063 Quare
2323 5004 2444 5056 tres
2465 5001 2797 5060 dill‘erentes
2813 5009 3256 5082 conjugationes
3278 5015 3445 5074 ﬂunt.
3477 5022 3756 5096 Longitu-

2108 5089 2264 5143 dinis
2292 5090 2454 5159 proin
2484 5092 2719 5146 termini
2744 5100 2883 5149 sunt
2912 5114 3092 5170 supra
3113 5111 3171 5156 et
3192 5103 3344 5161 infra
3371 5125 3384 5176 ;
3424 5089 3758 5171 latitudinis

2107 5182 2325 5245 autem,
2360 5179 2626 5235 dextrum
2659 5185 2715 5235 et
2746 5182 3074 5256 sinistrum,
3124 5195 3540 5262 profunditatis
3589 5203 3754 5258 deni-

2107 5283 2240 5338 que,
2275 5271 2409 5322 ante
2440 5273 2496 5322 et
2525 5285 2693 5339 ponc.
2728 5270 3007 5331 Medietas
3038 5284 3231 5336 autem
3265 5287 3530 5342 omnium
3571 5289 3750 5348 simul

2105 5356 2540 5411 dimensionum
2573 5357 2630 5411 in
2679 5376 2798 5414 uno
2847 5371 3060 5432 puncto
3105 5370 3586 5443 coincidentium,
3629 5397 3752 5436 me-

2104 5445 2267 5499 dium
2299 5443 2525 5500 exsistit
2557 5448 2837 5517 corporis.
2871 5451 2979 5507 Sed
3014 5454 3071 5510 in
3119 5463 3462 5531 corporibus
3508 5468 3752 5538 quidem

2103 5534 2354 5590 rotunda
2391 5534 2580 5606 ﬁgura
2609 5552 2722 5591 non
2772 5540 3031 5611 praeditis
3081 5546 3356 5614 distanta
3385 5570 3447 5610 se
3493 5534 3747 5616 invicem
