4114 6414
351 369 508 428 1223

1601 355 2024 425 NIGEPHORI
2068 351 2506 423 BLEMMIDIE

3604 356 3769 427 1224

348 515 530 571 supra
557 503 616 554 et
645 497 905 553 medium
931 511 943 551 :
976 496 1038 551 in
1071 495 1340 552 rotundis
1370 499 1567 550 autem
1599 495 1824 550 nullam
1864 510 1990 550 om-

2107 490 2366 565 οὐδεμίαν
2417 489 2674 564 οὐδαμῶς
2727 490 2821 546 ἀπ’
2875 489 3143 561 ἀλλήλων
3191 488 3468 549 διάστασιν
3513 486 3765 568 ἔχουσιν,

348 589 487 644 nino
514 605 548 642 a
576 605 637 644 se
667 586 915 642 invicem
946 584 1166 640 habent
1209 584 1572 640 distantiam.
1615 585 1861 640 Necesse
1906 587 1997 639 est

347 677 504 736 enim
535 681 600 733 ut
625 675 988 747 asuperﬁcie
1020 674 1171 730 269
1204 675 1277 729 ad
1308 690 1483 730 suum
1514 672 1775 729 medium
1805 673 1995 745 sphae-

347 766 468 822 rica
493 764 811 820 inclinent:
845 767 903 820 et
939 764 1079 818 dum
1131 763 1212 818 ita
1258 778 1362 833 per
1418 778 1480 818 se
1527 762 1994 830 considerantur,

348 855 450 911 illa
509 855 761 910 habeant
810 853 1087 908 deorsum
1137 852 1209 906 ad
1261 868 1389 924 quas
1449 850 1879 906 inclinaverint.
1930 851 1994 905 In

349 944 570 1000 mundo
595 942 774 1016 igitur
795 941 1164 998 2"rotundam
1188 940 1437 1013 figuram
1461 940 1732 1005 habente,
1755 955 1994 994 sursum

349 1033 586 1107 quidem
618 1031 847 1087 exsistit
877 1030 1031 1102 quod
1071 1031 1144 1085 ab
1203 1030 1363 1085 omni
1425 1029 1618 1085 medio
1677 1030 1748 1084 ad
1803 1029 1992 1101 ipsam

348 1122 589 1196 sphaera;
616 1123 883 1193 penetrat
915 1119 1323 1191 superficiem:
1358 1119 1634 1174 deorsum
1664 1121 1860 1173 autem
1883 1122 1990 1188 est,

349 1209 631 1278 medium,
664 1210 806 1265 dum
846 1208 1184 1264 affectiones
1235 1208 1362 1263 duae
1402 1207 1462 1262 in
1515 1206 1734 1262 mundo
1778 1205 1992 1262 coinci-

348 1300 516 1367 dunt,
547 1304 605 1355 et
635 1297 897 1354 medium
927 1313 992 1352 ac
1023 1296 1299 1352 deorsum
1324 1313 1507 1351 unum
1533 1296 1808 1367 idemque
1830 1299 1990 1350 sunt.

345 1388 679 1444 Anteriores
713 1389 908 1443 autem
946 1390 1140 1457 partes
1183 1384 1312 1440 οωΙί
1363 1389 1556 1450 erunt,
1605 1401 1733 1456 quae
1783 1385 1852 1438 ad
1903 1401 1994 1439 oc-

350 1494 522 1534 casus
553 1480 711 1532 sunt.
744 1475 969 1531 Etenim
1001 1473 1162 1530 velut
1188 1475 1260 1530 ad
1310 1490 1585 1530 occasum
1638 1473 1842 1529 cietur.
1889 1474 1996 1529 Po-

348 1566 644 1631 steriores,
679 1581 806 1636 quae
837 1564 910 1620 ad
942 1568 1127 1619 ortus.
1159 1563 1305 1618 Hinc
1335 1562 1492 1618 enim
1550 1562 1622 1617 ad
1672 1561 1993 1616 anteriores

347 1655 626 1728 procedit.
687 1653 851 1709 Unde
905 1653 1119 1709 dextras
1167 1651 1406 1724 quidem
1465 1650 1647 1716 illius,
1720 1667 1849 1722 quae
1917 1651 1992 1706 ad

347 1744 823 1816 septentrionem,
877 1741 979 1798 sed
1037 1757 1170 1813 quae
1225 1741 1298 1796 ad
1359 1739 1688 1808 meridiem,
1740 1739 1992 1796 sinistrae

346 1838 504 1889 sunt.

414 1923 506 1978 20.
550 1921 834 1978 Caterum
879 1919 1273 1992 Peripateticae
1319 1922 1488 1975 sectae
1539 1917 1718 1974 dediti
1775 1917 1988 1975 calum

345 2028 481 2068 cum
509 2011 780 2066 universo
808 2009 1029 2064 mundo
1075 2008 1404 2081 ingenitum
1447 2012 1507 2063 et
1549 2008 1990 2080 incorruptibile

345 2104 631 2166 statuunt,
663 2104 722 2156 et
749 2100 963 2170 dogma
1010 2097 1167 2152 hunc
1210 2097 1270 2152 in
1323 2097 1565 2153 modum
1616 2098 1988 2154 conﬁrmant.

345 2189 404 2246 Si
435 2188 643 2245 ccelum
669 2191 864 2244 ortum
885 2191 995 2255 est,
1027 2192 1152 2242 erat
1181 2185 1417 2257 quando
1442 2201 1552 2240 non
1591 2196 1732 2241 erat.
1774 2187 1882 2240 Sed
1917 2203 1990 2242 ne

344 2279 582 2351 quidem
614 2276 866 2350 cogitare
886 2280 1120 2347 tempus
1151 2274 1374 2345 absque
1405 2274 1547 2330 cwlo
1580 2279 1670 2330 est
1691 2275 1984 2345 possibile.

342 2368 490 2424 Nam
523 2373 759 2438 tempus
789 2369 878 2421 est
908 2365 965 2419 id
998 2365 1154 2435 quod
1179 2364 1236 2418 in
1261 2369 1424 2419 motu
1448 2363 1666 2420 cceleati
1691 2366 1986 2420 numerari

342 2461 555 2530 potest.
591 2457 778 2522 Quare
835 2455 879 2488 ³⁸
936 2454 1146 2508 dicere.
1207 2454 1340 2508 Erat
1397 2454 1634 2525 quando
1695 2470 1808 2508 non
1868 2458 1992 2510 erat

343 2546 578 2616 coelum,
610 2545 766 2600 idem
798 2547 889 2598 est
913 2558 982 2597 ac
1015 2541 1346 2597 sidicatur:
1380 2542 1516 2597 Erat
1543 2545 1780 2613 tempus
1803 2559 1990 2614 quan-

343 2636 417 2691 do
449 2651 563 2690 non
594 2639 720 2689 erat
747 2637 1004 2703 tempus.
1046 2631 1192 2686 Nam
1241 2629 1304 2683 τὸ
1352 2635 1479 2686 erat
1522 2629 1804 2702 temporis
1854 2647 1990 2702 pars

343 2729 433 2781 est
472 2723 784 2796 praeterita.
845 2720 902 2776 Si
963 2721 1142 2792 igitur
1196 2736 1499 2791 nunquam
1551 2723 1785 2792 tempus
1841 2724 1986 2792 erat,

345 2814 584 2886 quando
641 2811 854 2868 coelum
905 2810 1060 2866 210
1108 2826 1223 2866 non
1277 2815 1422 2880 erat,
1497 2814 1731 2881 tempus
1792 2814 1989 2864 autem

343 2907 626 2958 aeternum
674 2904 764 2956 est
812 2899 998 2972 (omni
1045 2898 1201 2954 enim
1259 2898 1648 2970 quodcunque
1694 2903 1986 2969 sumatur,

341 2990 404 3045 τὸ
435 2995 560 3047 erat
588 2988 940 3061 antecedit):
973 2987 1186 3043 caelum
1219 3004 1335 3043 non
1366 2991 1563 3042 ortum
1603 3003 1731 3042 esse
1782 2987 1987 3058 liquet.

345 3080 509 3147 Quod
539 3079 590 3136 si
620 3083 710 3134 est
737 3077 1090 3150 ingenitum,
1125 3077 1384 3149 profecto
1412 3076 1590 3132 etiam
1638 3076 1989 3149 incorrupti-

340 3169 494 3225 bile:
530 3173 586 3224 et
642 3167 782 3239 quia
840 3167 912 3222 ad
960 3164 1288 3238 ingenitum
1347 3181 1712 3236 consequens
1760 3170 1850 3221 est
1896 3166 1986 3220 in-

2023 1863 2072 1928 Β

2106 582 2346 656 Ἀνάγκη
2401 581 2504 656 γὰρ
2562 580 2732 635 νεύειν
2795 579 2901 634 ἀπὸ
2945 585 3047 649 τῆς
3080 578 3391 657 ἐπιφανείας
3421 579 3514 636 ἐπὶ
3543 581 3606 636 τὸ
3633 580 3764 638 ἔαυ-

2101 674 2210 725 τῶν
2275 671 2434 743 μέσον
2491 671 2560 724 τὰ
2615 669 2890 748 σφαιρικὰ,
2922 668 3012 724 καὶ
3071 668 3214 725 οὕτω
3259 671 3381 734 καθ’
3429 669 3568 726 αὐτὰ
3623 672 3766 726 θεω-

2107 759 2343 836 ρούμενα
2390 761 2540 815 ταῦτ’
2595 757 2740 836 ἔχειν
2800 760 2948 814 κάτω
3005 759 3142 832 πρὸς
3201 758 3236 813 ἃ
3285 758 3616 815 νενεύκασιν.
3678 765 3768 816 Ἐν

2101 853 2182 920 τῷ
2236 848 2431 922 κόσμῳ
2497 853 2788 924 τοιγαροῦν
2840 848 2905 904 τὸ
2962 855 3158 924 σχῆμα
3219 845 3406 925 ἔχοντι
3476 848 3764 929 σφαιρικόν

2105 936 2215 992 ἄνω
2277 938 2370 1011 μὶν
2428 938 2660 1015 ὑπάρχει
2689 939 2753 993 τὸ
2782 937 2890 994 ἀπὸ
2939 939 3139 1000 παντός
3194 943 3294 995 τοῦ
3349 936 3518 1012 μέσου
3573 936 3764 1008 διῆκον

2105 1024 2184 1080 ἐπ’
2212 1025 2379 1095 αὐτὴν
2410 1030 2509 1096 τῆς
2563 1027 2788 1105 σφαίρας
2841 1027 2940 1096 τήν
3000 1025 3329 1105 ἐπιφάνειαν.
3361 1028 3532 1086 Κάτω
3589 1025 3648 1084 δὲ
3700 1029 3768 1085 τὸ

2107 1115 2290 1188 μέσον,
2322 1120 2432 1172 τῶν
2466 1115 2562 1172 δύο
2595 1116 2831 1192 σχέσεων
2882 1114 2970 1171 ἐπὶ
3011 1119 3110 1170 τοῦ
3155 1115 3368 1189 κόσμου
3413 1136 3764 1190 συμπιπτου-

2103 1208 2234 1275 σῶν,
2266 1206 2355 1260 καὶ
2406 1211 2506 1260 τοῦ
2559 1204 2727 1260 αὐτοῦ
2779 1205 2871 1260 καὶ
2930 1202 3044 1267 ὲνός
3101 1199 3260 1267 ὄντος
3317 1205 3409 1261 καὶ
3467 1206 3616 1264 κάτω
3671 1206 3765 1262 καὶ

2107 1292 2292 1366 μέσου.
2376 1293 2713 1370 Ἐμπρόσθια
2793 1291 2853 1350 δὲ
2941 1293 3079 1369 μέρη
3167 1297 3265 1349 τοῦ
3368 1293 3600 1370 οὐρανοῦ
3690 1295 3762 1350 τὰ

2100 1381 2237 1456 πρὸς
2312 1379 2541 1456 δυσμαῖς
2619 1378 2878 1438 ἔσονται·
2951 1383 3040 1438 καὶ
3113 1384 3215 1460 γὰρ
3289 1383 3366 1446 ὡς
3439 1381 3524 1439 ἐπὶ
3601 1380 3752 1440 δύσιν

2103 1472 2268 1548 ὁρμᾷ·
2331 1471 2552 1537 ὀπίσθια
2605 1469 2664 1528 δὲ
2733 1474 2801 1528 τὰ
2873 1473 3010 1549 πρὸς
3099 1471 3420 1546 ἀνατολαῖς,
3473 1470 3573 1529 Καὶ
3649 1473 3752 1548 γὰρ

2103 1559 2340 1625 ἐντεῦθεν
2396 1561 2640 1638 πρόεισιν
2703 1560 2792 1616 ἐπὶ
2860 1561 2928 1616 τὰ
3002 1555 3326 1637 ἔμπροσθεν.
3380 1563 3534 1617 Ὅθεν
3613 1558 3757 1633 δεξιὰ

2105 1649 2201 1721 μὶν
2260 1647 2424 1704 αὐτοῦ
2479 1651 2547 1704 τὰ
2595 1649 2732 1726 πρὸς
2788 1647 2990 1726 ἄρκτῳ·
3035 1649 3104 1706 τὰ
3129 1647 3189 1706 δὲ
3243 1649 3386 1728 πρὸς
3440 1645 3760 1726 μεσημβρίᾳ

2103 1737 2376 1811 εὐώνυμα.

2171 1917 2238 1973 κ’.
2271 1916 2668 1992 Δογματίζουσι
2699 1914 2758 1972 δὲ
2784 1917 2876 1972 τὸν
2906 1916 3134 1994 οὐρανὸν
3186 1919 3240 1974 οἱ
3294 1925 3396 1988 τῆς
3453 1938 3763 1994 περιπατη-

2097 2012 2255 2075 τικῆς
2315 2007 2574 2082 αἱρέσεως
2629 2006 2916 2082 ἀγέννητόν
2973 2028 3035 2062 τε
3088 2007 3180 2064 καὶ
3207 2004 3478 2087 ἄφθαρτον
3537 2007 3632 2064 σὺν
3684 2013 3767 2081 τῷ

2098 2094 2292 2166 κόσμῳ
2348 2094 2524 2149 παντίο
2585 2096 2674 2150 καὶ
2731 2096 2796 2151 τὸ
2857 2093 3036 2172 δόγμα
3093 2097 3538 2173 τοιουτοτρόπως
3593 2118 3758 2154 κατα-

2098 2185 2463 2252 σκευάζουσιν
2519 2184 2582 2238 Εἰ
2626 2184 2845 2260 γέγονεν
2894 2187 2923 2240 6
2968 2185 3217 2259 οὐρανὸς⁹
3257 2189 3323 2255 iv
3370 2185 3461 2242 ὅτε
3517 2187 3618 2242 οὐκ
3663 2187 3756 2256 iv.

2098 2271 2274 2329 Ἀλλὰ
2315 2273 2513 2349 χρόνον
2565 2271 2678 2328 οὐδ’
2709 2273 2992 2344 ἐπινοῆσαι
3045 2272 3264 2330 δυνατὸν
3325 2273 3449 2331 ἄνευ
3499 2275 3758 2352 οὐρανοῦ.

2097 2363 2196 2417 Καὶ
2226 2362 2330 2438 γὰρ
2362 2364 2389 2416 ὁ
2419 2363 2618 2438 χρόνος
2650 2363 2948 2438 ἀριθμητόν
2995 2363 3105 2419 ἐστι
3135 2371 3236 2434 τῆς
3297 2364 3551 2441 οὐρανίου
3591 2368 3748 2436 κινή-

2098 2473 2255 2514 σεως.
2288 2455 2448 2506 Ὥστε
2497 2453 2558 2506 τὸ
2617 2452 2817 2527 λέγειν,
2851 2455 2947 2508 Ἦν
2999 2453 3091 2508 ὅτε
3147 2452 3248 2509 οὐκ
3292 2454 3360 2523 iv
3408 2455 3440 2510 6
3499 2453 3749 2531 οὐρανὸς.

2095 2539 2288 2596 ταυτόν
2343 2539 2454 2595 ἐστι
2483 2546 2584 2613 τῷ,
2616 2544 2715 2596 Ἦν
2757 2541 2956 2618 χρόνος
3011 2541 3103 2598 ὅτε
3151 2543 3354 2619 χρόνος
3401 2542 3504 2599 οὐκ
3550 2544 3639 2613 iv.
3679 2544 3752 2598 Τὸ

2096 2630 2218 2706 γὰρ,
2250 2631 2348 2684 Ἦν
2399 2624 2614 2705 χρόνος,
2672 2631 2835 2704 μέρος
2877 2630 2990 2686 ἐστὶ
3037 2631 3101 2686 τὸ
3130 2632 3494 2708 παρῳχηκός.
3527 2632 3588 2688 Εἰ
3635 2631 3752 2688 τοί-

2097 2741 2188 2773 νυν
2240 2715 2498 2773 οὖδέποτε
2547 2717 2746 2795 χρόνος
2775 2720 2866 2792 ἦν,
2897 2717 2976 2774 ὅτ’
3005 2719 3106 2774 οὐκ
3147 2721 3216 2789 iv
3263 2721 3292 2774 6
3349 2719 3600 2797 οὗρανός’
3635 2722 3664 2776 ὁ
3693 2719 3756 2778 δὲ

2098 2807 2300 2884 χρόνος
2348 2804 2524 2870 ἀΐδιος
2553 2809 2774 2881 (παντὸς
2823 2809 2928 2884 γὰρ
2976 2813 3074 2863 τοῦ
3134 2804 3558 2884 λαμϐανομένου
3614 2831 3753 2888 προ-

2097 2902 2314 2972 ηγεῖται
2352 2896 2416 2951 τὸ
2464 2897 2572 2969 ἧν)“
2607 2893 2778 2966 δῆλον
2828 2897 2902 2960 ὡς
2953 2897 3220 2972 ἀγένητος
3251 2899 3280 2954 6
3327 2898 3576 2976 οὐρανός.
3611 2898 3673 2955 Εἴ
3705 2896 3754 2954 δ’

2099 2985 2378 3062 ἀγένητος,
2410 2986 2627 3048 πάντως
2677 2986 2767 3041 καὶ
2817 2982 3111 3066 ἄφθαρτος⁹
3157 2985 3242 3042 ὅτι
3302 3009 3363 3044 τε
3417 2987 3750 3044 συνακολου-

2100 3080 2182 3139 θεῖ
2209 3074 2460 3149 ἀγενήτῳ
2488 3074 2551 3129 τὸ
2597 3071 2886 3151 ἄφθαρτον,
2919 3076 3009 3130 καὶ
3057 3075 3140 3130 ὅτι
3189 3077 3376 3141 καθὼς
3425 3081 3749 3154 προηγεῖται

2095 3164 2159 3220 τὸ
2232 3164 2299 3233 iv
2372 3163 2573 3239 χρόνου
2647 3163 2862 3235 παντὸς,
2926 3163 3101 3227 οὕτως
3168 3164 3421 3244 ἐφέπεται
3476 3166 3540 3222 τὸ
3577 3161 3752 3225 ἔσται.

341 3231 754 3330 corruptibile:
789 3259 848 3312 et
876 3231 1557 3327 ᾳυὶονᾳυεωαᾶωοάυιῐί
1571 3252 1634 3306 τὸ
1666 3259 1790 3309 erat
1820 3260 1982 3310 ante-

2102 3251 2304 3327 Χρόνου
2359 3249 2407 3307 δ’
2462 3251 2545 3306 ἀεὶ
2592 3246 2768 3325 ὄντος,
2819 3252 2900 3307 ἀεὶ
2957 3248 3104 3308 ἔσται
3159 3253 3251 3310 καὶ
3299 3255 3330 3309 6
3387 3256 3753 3330 συνυπάρχων

336 3345 495 3402 cedit
525 3345 684 3401 omni
711 3344 986 3416 tempori,
1019 3344 1104 3400 sic
1159 3348 1218 3399 et
1270 3341 1332 3396 τὸ
1388 3345 1498 3399 erit
1555 3344 1986 3399 consectarium

2095 3341 2240 3414 αὐτῷ
2270 3339 2519 3418 οὐρανός.
2552 3345 2727 3396 Ταῦτα
2763 3341 2858 3415 μὲν
2887 3341 3059 3399 οὗτοι.

337 3440 445 3491 est.
491 3435 656 3501 Quod
714 3435 765 3489 si
819 3450 954 3489 vero
1012 3449 1246 3505 semper
1300 3436 1391 3488 est
1435 3436 1692 3504 tempus,
1753 3450 1986 3506 semper
2013 3433 2124 3490 erit
2154 3431 2332 3489 etiam
2381 3431 2594 3488 cmlum
2639 3433 2795 3504 quod
2839 3432 3139 3489 coexsistit
3183 3433 3317 3507 ipsi.
3373 3435 3448 3491 Et
3499 3435 3623 3492 haec
3667 3434 3756 3491 illi

341 3524 576 3597 quidem
589 3565 601 3578 .

405 3613 496 3668 21.
532 3611 692 3668 Plato
723 3615 918 3667 autem
953 3611 1058 3667 hoc
1089 3611 1303 3683 dogma
1340 3609 1699 3682 praeveniens
1751 3611 1984 3684 sapien-

335 3706 425 3758 ter
448 3700 737 3768 dissolvit,
769 3700 1003 3772 quando
1037 3717 1155 3755 una
1201 3715 1335 3754 cum
1385 3697 1530 3754 cwlo
1579 3704 1814 3772 tempus
1856 3717 1987 3756 esse

333 3795 531 3847 ortum
563 3789 968 3863 philosOphice
1001 3788 1420 3862 pronuntiavit.
1453 3789 1642 3852 Quare
1671 3794 1730 3844 et
1775 3789 1986 3845 ccslum

334 3885 526 3936 ortum
557 3883 668 3948 est,
701 3883 759 3935 et
804 3883 1041 3951 tempus
1089 3882 1178 3934 est
1226 3882 1419 3933 ortum
1467 3877 1666 3933 simul.
1716 3879 1786 3934 Et
1834 3879 1989 3934 sicut

335 3973 464 4025 erat
519 3968 757 4040 quando
811 3983 927 4023 non
977 3972 1104 4023 erat
1159 3966 1413 4023 coelum:
1472 3966 1556 4022 sic
1603 3966 1778 4023 etiam
1837 3973 1986 4033 erat,

336 4058 572 4130 quando
604 4061 842 4130 tempus
871 4073 986 4112 non
1019 4061 1160 4112 erat.
1206 4057 1327 4112 Etsi
1375 4060 1570 4111 autem
1617 4055 1680 4108 τὸ
1727 4061 1872 4127 erat,
1930 4063 1988 4112 et

333 4151 446 4214 est,
475 4151 534 4202 et
561 4146 694 4212 erit,
725 4150 920 4218 partes
951 4150 1093 4200 sunt
1124 4143 1441 4216 temporis:
1478 4143 1756 4216 primario
1787 4150 1985 4200 tamen

340 4235 428 4291 hae
459 4234 798 4290 aeternitatis
827 4239 986 4289 sunt.
1034 4234 1134 4289 Est
1169 4238 1366 4289 autem
1414 4233 1710 4290 aeternitas
1759 4250 1986 4290 coacer-

338 4329 476 4380 vata
505 4324 766 4380 extensio
788 4340 919 4395 quae
946 4321 1144 4394 ipsum
1175 4339 1406 4395 semper
1445 4322 1621 4378 habet
1667 4327 1803 4378 ante
1847 4329 1989 4379 tem-

339 4430 452 4485 pus
479 4417 536 4469 et
584 4416 720 4485 post
765 4417 1021 4484 tempus.
1061 4411 1320 4483 Tempus
1365 4427 1502 4482 ergo
1551 4416 1767 4478 ortum,
1828 4413 1984 4483 quod

2165 3610 2266 3665 κοί.
2307 3605 2537 3663 Πλάτων
2599 3605 2657 3662 δὲ
2703 3608 2906 3687 φθάσας
2961 3609 3026 3664 τὸ
3075 3613 3325 3665 τοιοῦτον
3381 3609 3563 3687 δόγμα
3617 3631 3758 3686 πρίο-

2102 3695 2410 3770 διελύσατο,
2443 3695 2761 3775 φιλοσόφως
2811 3696 3256 3775 ἀποφηνάμενος,
3288 3700 3403 3773 ἅμα
3429 3705 3510 3772 τῷ
3539 3699 3759 3777 οὐρανῷ

2094 3786 2367 3863 γεγονέναι
2424 3786 2516 3840 τὸν
2575 3785 2798 3862 χρόνον.
2832 3788 2993 3842 Ὥστε
3041 3788 3132 3843 καὶ
3173 3789 3202 3843 6
3251 3787 3479 3864 οὐρανὸς
3524 3787 3758 3866 ἐγεγόνει

2096 3875 2184 3930 καὶ
2217 3876 2246 3929 6
2276 3874 2478 3950 χρόνος
2532 3874 2770 3951 ἐγεγόνει
2830 3874 2882 3930 ἐν
2933 3880 3135 3948 ταυτῷ.
3172 3876 3270 3932 Καὶ
3321 3875 3504 3954 ὥσπερ
3548 3878 3616 3946 iv
3678 3877 3761 3933 ὅτ’

2097 3963 2196 4020 οὐκ
2223 3965 2290 4033 iv
2319 3965 2346 4019 6
2379 3963 2628 4040 οὐρανὸς,
2661 3961 2806 4018 οὕτω
2836 3961 2926 4019 καί
2970 3966 3038 4034 iv
3099 3963 3189 4019 ὅτε
3245 3965 3448 4041 χρόνος
3504 3965 3606 4021 οὐκ
3661 3967 3760 4036 iv.

2098 4053 2159 4108 Εἰ
2190 4049 2338 4107 δὲτὸ
2366 4053 2432 4120 iv
2463 4052 2554 4106 καὶ
2581 4053 2644 4106 τὸ
2695 4049 2806 4106 ἔστι
2863 4052 2957 4106 καὶ
3011 4053 3075 4107 τὸ
3119 4049 3269 4108 ἔσται
3323 4053 3464 4129 μέρη
3524 4053 3760 4130 χρόνου,

2095 4139 2242 4197 ἀλλὰ
2281 4139 2656 4218 πρωτοτύπως
2702 4144 2874 4196 ταῦτα
2921 4145 3020 4198 τοῦ
3077 4141 3277 4205 αἰῶνός
3325 4142 3480 4198 εἰσιν.
3515 4143 3665 4198 Δίὼν
3696 4140 3763 4199 δέ

2096 4229 2235 4286 ἐστιν
2269 4230 2608 4306 ἠθροισμένη
2640 4231 2940 4306 παράστασις
2970 4229 3034 4287 τὸ
3077 4231 3161 4286 ἀεὶ
3208 4227 3414 4306 ἔχουσα
3455 4233 3564 4308 πρὸ
3613 4232 3760 4309 χρό-

2093 4339 2189 4374 νου
2219 4319 2309 4375 καὶ
2345 4321 2480 4393 μετὰ
2510 4319 2733 4395 χρόνον.
2768 4321 3012 4395 Γεγονὼς
3043 4317 3137 4375 οὖν
3167 4321 3196 4376 6
3225 4319 3426 4397 χρόνος
3472 4325 3572 4377 τοῦ
3613 4321 3759 4376 αἰῶ-

2100 4429 2189 4471 νος
2245 4409 2428 4479 εἰκὼν,
2479 4406 2608 4484 ἔσχε
2664 4408 2755 4463 καὶ
2811 4410 2874 4464 τὸ
2925 4408 3172 4486 λέγεσθαι
3219 4410 3292 4480 iv
3349 4411 3440 4466 καὶ
3497 4407 3610 4466 ἔστι
3665 4410 3760 4466 καὶ

342 4500 684 4558 aeternitatis
707 4502 902 4574 imago
924 4506 1034 4568 est,
1059 4499 1316 4555 obtinuit
1337 4505 1403 4555 ut
1441 4499 1614 4555 etiam
1651 4506 1776 4556 erat
1812 4506 1870 4557 et
1899 4505 1988 4557 est

2102 4495 2264 4568 ἔσται,
2331 4499 2529 4573 μέχρις
2585 4497 2648 4553 ἂν
2701 4495 2784 4569 εἷή
2845 4499 2982 4554 κατᾶ
3035 4499 3136 4568 τὴν
3206 4500 3344 4575 πρὸς
3416 4501 3510 4555 τὸν
3588 4500 3764 4556 αἰῶνα

342 4595 400 4646 et
429 4591 540 4646 erit
561 4589 850 4646 diceretur
869 4591 934 4655 ’9,
964 4588 1229 4661 quandiu
1257 4588 1452 4654 fuerit,
1487 4593 1779 4659 quatenus
1829 4590 1990 4645 nimi-

2107 4585 2364 4658 δηλονότι
2424 4587 2717 4666 ἀναφοράν.
2750 4589 2815 4642 Οἱ
2864 4587 3046 4643 τοίνυν
3103 4587 3375 4665 λέγοντες,
3406 4591 3506 4645 Ἦν
3539 4588 3632 4644 -6'1’
3663 4587 3766 4644 οὐκ

342 4695 476 4735 rum
507 4680 578 4735 ad
600 4678 983 4735 aeternitatem
1015 4678 1284 4734 refertur.
1312 4676 1420 4741 Qui
1449 4693 1586 4749 ergo
1613 4678 1838 4746 dicunt,
1869 4683 1994 4735 erat

347 4769 583 4841 quando
609 4784 724 4824 non
757 4771 900 4838 erat,
933 4783 1049 4823 non
1081 4767 1303 4837 dicunt,
1331 4771 1568 4838 tempus
1597 4771 1720 4822 erat
1758 4769 1993 4839 quando

339 4862 576 4929 tempus
606 4873 724 4912 non
753 4859 911 4912 erat:
948 4856 1096 4911 2'11
1147 4855 1246 4910 sed
1279 4858 1405 4909 erat
1453 4859 1670 4910 aeterna
1723 4857 1992 4927 quaedam

340 4946 601 5003 extensio
623 4946 798 5017 juxta
827 4961 1004 5016 quam
1038 4960 1227 5015 neque
1258 4942 1473 4999 coelum
1523 4961 1713 5016 neque
1758 4951 1994 5018 tempus

340 5034 766 5092 subsistebant.
795 5033 1036 5097 Quando
1068 5037 1266 5089 autem
1294 5039 1550 5105 tempus,
1602 5039 1728 5089 tum
1779 5039 1836 5090 et
1881 5051 1993 5090 cm-

343 5124 467 5179 lum
499 5140 628 5180 esse
658 5123 854 5196 coepit.
913 5127 1040 5179 Non
1093 5122 1274 5194 igitur
1327 5122 1389 5176 in
1446 5126 1731 5196 tempore,
1782 5123 1884 5180 sed
1932 5124 1992 5179 in

344 5213 634 5286 principio
662 5211 947 5285 temporis
977 5211 1190 5267 coelum
1223 5216 1419 5267 ortum
1469 5217 1576 5268 est.
1617 5213 1794 5284 Atqui
1842 5217 1992 5268 tem-

343 5301 502 5375 poris
534 5301 889 5374 principium
923 5318 1039 5356 non
1086 5305 1176 5356 est
1221 5307 1479 5372 tempus.
1532 5301 1792 5356 Partium
1836 5301 1993 5358 enim

344 5391 404 5444 id
437 5395 494 5445 et
521 5390 868 5460 quantitatis
895 5406 1099 5462 expers
1120 5393 1227 5445 est.
1250 5389 1411 5445 Sicut
1446 5389 1627 5462 igitur
1671 5389 1729 5444 in
1777 5391 1993 5462 princi-

344 5477 440 5551 pio
469 5478 751 5550 temporis
780 5482 975 5535 ortum
1005 5483 1119 5546 est,
1146 5480 1231 5534 sic
1265 5479 1324 5534 in
1357 5479 1472 5534 ﬁne
1501 5477 1992 5551 temporisipsum

2101 4678 2167 4747 iv
2201 4677 2451 4754 οὐρανὸς,
2483 4677 2546 4732 οὐ
2574 4676 2852 4752 λέγουσιν,
2881 4679 2982 4733 Ἦν
3016 4677 3220 4754 χρόνος
3265 4676 3356 4734 ὅτε
3403 4677 3603 4754 χρόνος
3659 4677 3764 4734 οὐκ

2101 4767 2192 4836 ἦν.
2225 4764 2379 4823 ἈΛλ’
2429 4767 2497 4836 iv
2542 4765 2840 4841 παράτασίς
2885 4787 2969 4828 τις
3021 4765 3276 4839 αἰωνική,
3308 4768 3427 4831 καθ’
3474 4769 3537 4837 ἣν
3584 4763 3763 4832 οὕθίὁ

2102 4855 2350 4932 οὐρανὸς,
2394 4853 2510 4920 οὔθ’
2562 4857 2591 4911 6
2638 4855 2840 4932 χρόνος
2899 4855 3043 4932 εἶχεν
3100 4855 3410 4913 ὑπόστατιν.
3461 4858 3587 4911 Ὅτε
3637 4854 3685 4911 δ’
3729 4857 3764 4911 6

2102 4945 2323 5022 χρόνος,
2360 4941 2561 5020 ἤρξατο
2611 4949 2710 5000 τοῦ
2767 4944 2925 5016 εἶναι,
2951 4944 3075 5000 τότε
3101 4944 3193 5000 καὶ
3221 4947 3252 5000 6
3281 4943 3532 5022 οὐρανός.
3565 4945 3678 5001 Οὐκ
3707 4944 3759 5000 ἐν

2101 5034 2290 5111 χρόνῳ
2340 5033 2522 5089 τοίνυν
2565 5034 2594 5088 6
2643 5033 2871 5108 οὐρανὸς
2917 5033 3176 5110 ἐγεγόνει,
3205 5033 3334 5090 ἀλλ’
3371 5056 3424 5091 εν
3456 5035 3609 5112 ἀρχῇ
3661 5038 3762 5091 τοῦ

2103 5123 2325 5200 χρόνου.
2354 5129 2415 5178 Ἣ
2465 5120 2513 5178 δ’
2558 5123 2708 5199 ἀρχὴ
2765 5128 2864 5179 τοῦ
2919 5124 3125 5199 χρόνου
3179 5124 3384 5200 χρόνος
3439 5123 3538 5179 οὐκ
3593 5119 3760 5182 ἔστιν.

2103 5212 2347 5288 Ἀμερής
2398 5213 2500 5288 γὰρ
2557 5211 2693 5283 αὕτη
2747 5213 2838 5268 καὶ
2898 5212 3122 5276 ἅποσος·
3155 5214 3345 5276 Καθὼς
3401 5211 3494 5269 οὖν
3528 5212 3762 5290 ἐνάΡχῇ

2100 5305 2198 5356 τοῦ
2246 5301 2452 5377 χρόνου
2493 5300 2756 5376 ἐγεγόνει,
2815 5301 2989 5365 οὕτως
3047 5300 3200 5359 οὐδὲν
3256 5301 3517 5358 ἀδύνατον
3575 5300 3634 5358 ἐν

2101 5387 2250 5444 τέλει
2277 5394 2375 5444 τοῦ
2402 5389 2608 5466 χρόνου
2637 5395 2829 5446 τοῦτον
2859 5394 3248 5470 φθαρήσεσθαι.
3280 5396 3368 5464 Τῷ
3411 5391 3602 5468 χρόνῳ
3652 5391 3766 5447 τοί-

2103 5500 2194 5534 νυν
2245 5479 2604 5551 συνυποστὰς,
2663 5484 2741 5552 τῷ
2805 5480 2992 5558 χρόνῳ
3075 5480 3168 5537 καὶ
3250 5477 3765 5554 συνδιαλυθήπσῦαι

421 5692 465 5735 ³⁷
496 5695 532 5749 2
552 5695 634 5748 De
663 5689 806 5750 coelo
835 5707 886 5753 c.
916 5693 971 5750 2.
1051 5693 1098 5730 ³⁸
1125 5691 1353 5770 8Phys.
1385 5693 1410 5752 4
1436 5711 1449 5766 ;
1483 5693 1642 5753 Boet.
1673 5691 1777 5751 lib.
1809 5694 1864 5752 2.
1897 5692 2032 5753 Diﬁ'.
2063 5695 2182 5772 top.
2261 5695 2308 5732 ²⁹
2334 5692 2498 5753 Plato
2526 5694 2588 5752 in
2618 5694 2857 5757 Timeo.
