4114 6428
308 410 485 471 1225-

1646 400 1994 469 EPITOME
2040 404 2400 469 PHYSICA.

3569 408 3725 473 1226

309 539 533 619 πέφυκε.
568 537 667 595 Καὶ
725 538 826 594 οὐκ
864 538 925 593 ἂν
972 534 1114 593 ε’ίποι
1170 558 1276 609 τις,
1309 535 1383 600 ὡς
1434 536 1579 593 ἔσται
1630 538 1835 615 χρόνος
1886 537 1965 593 ὅτ’

2087 544 2417 612 corruptum
2476 540 2544 596 iri
2578 540 2723 596 nihil
2754 543 2843 596 est
2910 540 3297 614 impossibile.
3358 543 3532 599 Proin
3587 544 3727 613 quia

309 628 410 684 οὐκ
464 627 611 684 ἔσται
664 629 698 683 6
758 626 1007 703 οὐρανός·
1070 624 1197 683 ἀλλ’
1264 624 1410 682 ἔσται
1482 625 1646 681 πάλιν
1723 627 1953 696 αἰωνική

306 730 392 781 τις
465 717 784 795 παράτασις,
866 716 985 770 καθ’
1066 716 1125 779 ἣν
1204 712 1316 770 οὔθ’
1372 716 1401 769 6
1459 714 1684 791 οὐρανὸς
1761 712 1872 769 οὔθ’
1930 714 1959 768 ὁ

307 806 505 884 χρόνος
565 806 699 862 εἶναι
757 802 1043 876 δυνήσεται
1098 804 1235 859 κατά
1291 805 1391 874 τὴν
1452 802 1780 868 ἀκολουθίαν
1859 809 1958 873 τῆς

309 895 545 975 φύσεως.

380 1181 483 1254 κβ’.
519 1178 747 1255 Λέγουσι
805 1177 992 1233 πάλιν·
1025 1175 1193 1253 Εἴπερ
1252 1179 1279 1233 ὁ
1326 1178 1532 1252 κόσμος
1589 1178 1818 1253 γενητὸς
1870 1177 1960 1233 καὶ

309 1268 566 1347 φθαρτὸς,
599 1264 682 1323 δεῖ
710 1272 1068 1344 προηγεῖσθαι
1115 1268 1213 1336 τὴν
1265 1267 1512 1323 σύστασιν
1559 1267 1610 1339 ἐξ
1656 1270 1721 1337 ἦς
1773 1267 1964 1342 γέγονε

307 1357 398 1412 καὶ
451 1356 528 1420 εἰς
579 1358 642 1426 ἣν
696 1354 848 1418 αὗθις
914 1358 1265 1434 φθαρήσεται.
1317 1356 1478 1413 Ἀλλ’
1528 1358 1606 1419 εἴς
1654 1357 1683 1411 6
1731 1355 1957 1429 κόσμος’

309 1446 571 1522 ἀγένητος
626 1446 731 1522 ἄρα
779 1446 869 1500 καὶ
924 1446 1214 1524 ἄφθαρτος.
1262 1445 1327 1501 Εἰ
1394 1446 1486 1519 μὲν
1548 1443 1638 1500 οὖν
1699 1444 1957 1521 ἐλέγομεν

308 1534 401 1590 τὸν
431 1534 635 1608 κόσμον
667 1534 892 1610 γενητὸν
920 1534 1009 1589 καὶ
1050 1535 1282 1611 φθαρτὸν
1330 1534 1404 1597 ὡς
1451 1534 1519 1589 τὰ
1572 1533 1803 1611 τέσσαρα
1856 1535 1962 1588 σώ-

315 1644 457 1699 ματα
483 1623 574 1679 καὶ
602 1624 671 1678 τὰ
700 1622 752 1694 ἐξ
782 1622 975 1693 αὐτῶν,
1009 1622 1065 1679 εὖ
1113 1623 1171 1678 ἂν
1217 1621 1403 1699 ἔλεγον
1456 1624 1509 1677 οἱ
1553 1628 1722 1678 ταῦτα
1771 1623 1962 1700 λέγον-

307 1734 418 1776 τες*
451 1710 568 1768 ἐπεὶ
597 1709 644 1767 δ’
676 1711 737 1768 ἐκ
762 1716 860 1767 τοῦ
895 1709 1122 1786 μηδαμῆ
1160 1709 1431 1786 μηδαμῶς
1473 1707 1646 1784 ὄντος,
1691 1710 1817 1768 ἀλλ’
1866 1712 1967 1767 οὐκ

313 1801 372 1857 έκ
399 1800 874 1877 προϋποκειμένης
923 1804 1024 1870 τῆς
1067 1800 1208 1872 ὕλης
1254 1806 1445 1857 τοῦτον
1492 1800 1731 1877 γίνεσθαί
1790 1822 1962 1880 φαμεν

2070 628 2247 684 simul
2287 646 2418 685 cum
2442 635 2704 702 tempore
2732 630 3018 697 substitit,
3051 647 3185 686 cum
3232 635 3495 704 tempore
3546 634 3723 688 etiam

2070 718 2249 774 simul
2307 718 2547 774 dissolvi
2607 724 2817 791 potest.
2876 719 2992 775 Nec
3043 719 3253 775 dixerit
3299 719 3533 793 aliquis,
3567 720 3725 792 quod

2069 811 2303 879 tempus
2335 808 2409 862 sit
2439 808 2729 876 futurum,
2762 809 2996 880 quando
3027 807 3237 864 omlum
3269 826 3385 865 non
3429 809 3557 865 erit.
3616 809 3725 865 Sed

2072 913 2279 953 rursus
2309 900 2525 952 aeterna
2568 897 2835 968 quaedam
2895 897 3007 952 erit
3059 896 3342 965 extensio,
3401 898 3727 955 secundum

2073 1002 2251 1057 quam
2307 1001 2499 1057 neque
2550 984 2759 1041 caelum
2844 989 3080 1058 tempus
3141 1003 3271 1043 esse
3353 987 3587 1060 poterit,
3624 1004 3729 1061 pro

2071 1078 2293 1131 naturae
2323 1075 2763 1146 consequentia.

2141 1183 2231 1238 22.
2266 1182 2485 1237 Iterum
2518 1180 2721 1236 dicunt
2750 1183 2829 1252 [et
2857 1180 3203 1254 objiciunt):
3234 1181 3294 1238 Si
3326 1182 3589 1238 mundus
3636 1199 3730 1238 or-

2072 1274 2169 1326 tus
2236 1280 2293 1325 et
2365 1269 2628 1325 interitui
2700 1270 3008 1338 obnoxius,
3113 1271 3419 1327 materiam
3504 1275 3733 1343 oportet

2073 1360 2393 1430 praecedere
2433 1375 2501 1414 ex
2558 1376 2677 1430 qua
2730 1358 2807 1414 sit
2857 1364 3039 1427 ortus,
3073 1364 3131 1414 et
3182 1359 3241 1414 in
3296 1376 3473 1432 quam
3525 1377 3733 1416 rursus

2072 1447 2340 1504 intereat.
2372 1449 2547 1519 Atqui
2581 1449 2839 1503 mundus
2870 1453 2960 1504 est
2992 1466 3165 1504 unus.
3199 1448 3316 1504 Nec
3340 1449 3522 1521 igitur
3564 1453 3729 1506 ortus

2073 1543 2182 1607 est,
2216 1554 2324 1593 nec
2374 1537 2735 1609 corruptioni
2793 1537 3098 1594 obnoxius.
3161 1537 3324 1601 Quod
3383 1539 3433 1594 si
3492 1538 3731 1610 quidem

2075 1627 2365 1682 mundum
2393 1631 2587 1680 ortum
2614 1630 2670 1681 et
2707 1626 3142 1699 corruptibilem
3194 1642 3323 1683 esse
3379 1626 3730 1696 diceremus,

2074 1722 2140 1770 ut
2167 1719 2421 1786 quatuor
2450 1730 2693 1786 corpora
2724 1712 3213 1785 [elementorum],
3263 1718 3419 1771 recte
3474 1715 3736 1772 dicerent

2077 1801 2175 1874 qui
2208 1802 2332 1857 hmo
2360 1802 2586 1857 dicunt.
2621 1801 2907 1868 Quoniam
2939 1807 3137 1859 autem
3187 1819 3257 1859 ex
3312 1820 3558 1876 prorsus
3617 1821 3734 1860 non

311 1890 458 1966 παρὰ
482 1893 581 1945 τοῦ
610 1893 766 1957 Θεοῦ,
796 1889 953 1945 ποίαν
1004 1886 1120 1965 ἔχει
1154 1891 1183 1945 6
1212 1887 1381 1964 λόγος
1412 1888 1587 1945 αὐτῶν
1617 1891 1716 1959 τήν
1769 1888 1925 1966 ἰσχύν
1950 1907 1963 1959 ;

2087 1895 2231 1959 ante,
2256 1908 2362 1947 nec
2390 1907 2460 1947 ex
2488 1891 2918 1963 praesupposita
2965 1893 3212 1948 materia
3269 1893 3464 1965 ipsum
3525 1909 3560 1948 a
3615 1892 3732 1949 Deo

312 1979 377 2035 Εἷ
433 1978 612 2034 τοίνυν
669 1978 729 2034 έκ
783 1984 880 2034 τοῦ
933 1980 1009 2053 μὴ
1067 1977 1215 2041 ὅλως
1273 1979 1407 2034 εἶναι
1443 1978 1728 2055 γεγένητο,
1763 1981 1968 2057 πέφυκε

2087 1984 2274 2036 ortum
2323 1996 2451 2036 esse
2509 1980 2663 2036 272
2722 1979 2996 2036 dicimus.
3068 1980 3209 2052 quid
3260 1980 3489 2037 roboris
3547 1980 3734 2038 oratio

312 2066 476 2123 πάλιν
526 2067 603 2131 εἷς
649 2069 713 2123 τὸ
764 2068 841 2141 μὴ
891 2066 1038 2129 ὅλως
1089 2067 1221 2123 εἶναι
1256 2070 1646 2146 φθαρήσεσθαι,
1674 2067 1771 2122 κᾶν
1804 2070 1838 2138 ἡ
1869 2072 1966 2122 τοῦ

316 2153 656 2232 δημιουργοῦ
757 2156 1027 2231 ἀγαθὸτης
1124 2157 1464 2233 ὑπερνικῶσα
1546 2162 1718 2211 πᾶσαν
1806 2156 1963 2234 φύσιν

314 2243 494 2321 ὥσπερ
528 2243 587 2300 ἐκ
613 2250 711 2299 τοῦ
745 2242 1007 2318 μηδόλως
1038 2239 1191 2307 ὄντος
1221 2244 1312 2299 τὸν
1363 2244 1568 2318 κόσμον
1618 2246 1961 2321 παρήγαγεν,

310 2333 458 2389 νοείτω
501 2333 639 2408 πρὸς
688 2334 752 2389 τὸ
799 2339 1042 2408 κρεῖττον
1098 2334 1477 2407 μετασκευάσει
1529 2335 1628 2402 τὴν
1686 2331 1963 2409 δημιουρ-

313 2422 430 2500 γίαν
463 2420 646 2478 αὐτοῦ.

390 2689 491 2764 κγ’.
577 2690 699 2744 Ἕτι
793 2688 1200 2764 πεπερασμένος
1287 2687 1315 2742 6
1399 2686 1662 2763 οὐρανόςσ
1746 2685 1965 2762 ἐπείπερ

315 2775 573 2833 ἀδύνατον
631 2778 919 2848 κινηθῆναι
975 2778 1038 2831 τὸ
1096 2772 1336 2853 ἄπειρον.
1396 2776 1460 2831 Εἰ
1516 2777 1618 2852 γὰρ
1694 2776 1964 2847 κινηθείη,

314 2866 514 2943 χρόνον
542 2866 994 2943 ἄπειρονηᾶωάγκη
1053 2863 1245 2920 διιέναι
1302 2867 1438 2921 κατά
1492 2866 1591 2934 τήν
1649 2865 1883 2936 κίνησιν.
1911 2870 1969 2919 ‘0

442 2938 849 3034 περιστρέφετω
902 2938 1157 3029 ’σύμπας
1213 2954 1265 3009 έν
1324 2952 1571 3010 ἐλάττονι
1628 2955 1814 3030 χρόνῳ
1870 2958 1969 3009 τοῦ

314 3046 720 3120 νυχθημερινοῦ
804 3042 1195 3118 διαστήματος.
1248 3044 1409 3099 Ὥστε
1477 3043 1883 3120 πεπερασμένος
1941 3043 1969 3097 6

317 3133 561 3207 οὐρανός.
597 3133 663 3189 Εἰ
720 3131 765 3188 δ’
795 3133 954 3196 οὗτος
1008 3134 1436 3208 πεπερασμένος,
1482 3132 1572 3188 καὶ
1630 3138 1736 3195 πᾶς
1789 3133 1816 3187 ὁ
1872 3131 1969 3187 κό-

318 3243 458 3296 σμος
518 3222 939 3298 πεπερασμένος.
998 3223 1063 3277 Εἰ
1124 3222 1227 3299 γὰρ
1295 3222 1358 3278 τὸ
1414 3220 1671 3298 περιέχον
1731 3241 1967 3298 πεπερα-

319 3312 535 3386 σμένον,
584 3311 674 3366 καὶ
729 3312 792 3366 τὸ
856 3311 1250 3388 περιεχόμενον
1318 3311 1371 3382 ἐξ
1438 3311 1677 3387 ἀνάγκης
1733 3331 1967 3386 πεπερα-

320 3400 538 3475 σμένον.
588 3398 752 3456 Οὐδὲν
809 3398 868 3456 δὲ
914 3405 1073 3475 σῶμα
1117 3399 1523 3479 πεπερασμένον
1572 3396 1688 3476 ἔχει
1745 3397 1971 3474 δύναμιν

319 3489 563 3566 ἄπειρον.
605 3491 676 3545 Τὸ
734 3490 838 3567 γὰρ
896 3495 992 3546 τοῦ
1048 3491 1460 3568 πεπερασμένου
1520 3489 1682 3565 μέρος
1728 3490 1764 3560 ἢ
1824 3491 1975 3545 ἄπει-

320 3599 412 3656 ρον
444 3575 548 3651 ἕξει
580 3576 806 3653 δύναμιν
837 3579 928 3635 καὶ
959 3578 1088 3635 αὐτὸ
1116 3579 1208 3635 καὶ
1254 3584 1352 3634 τοῦ
1401 3579 1628 3655 ἀπείρου
1689 3578 1872 3653 μεῖζόν
1920 3601 1973 3634 τι

319 3668 659 3745 εὑρεθήσεται
689 3668 914 3743 (μείζων
952 3669 1056 3745 γὰρ
1088 3671 1124 3739 ἡ
1159 3668 1211 3724 έν
1242 3673 1321 3741 τῷ
1353 3666 1471 3741 ὅλῳ
1502 3665 1731 3742 δύναμις
1778 3674 1881 3738 τῆς
1924 3666 1976 3722 έν

314 3760 395 3828 τῷ
447 3755 596 3833 μέρει
647 3754 948 3830 δυνάμεως
1001 3755 1127 3813 ἀλλ’
1158 3754 1311 3812 οὐδὲν
1359 3761 1458 3811 τοῦ
1508 3755 1735 3833 ἀπείρου
1790 3755 1972 3830 μεῖζόν

319 3843 504 3917 έστιν)’
558 3843 593 3915 ἢ
634 3845 1048 3922 πεπερασμένην
1101 3841 1206 3916 ἕξει
1266 3841 1495 3918 δύναμιν
1545 3845 1607 3900 τὸ
1656 3844 1822 3921 μέρος
1878 3848 1976 3899 τοῦ

319 3936 753 4010 πεπερασμένου,
785 3934 876 3989 καὶ
921 3936 983 3989 τὸ
1040 3932 1170 3989 ὅλον
1231 3935 1647 4011 πεπερασμένης
1695 3930 1839 3989 ἔσται
1890 3930 1975 3987 δν-

320 4023 560 4096 νάμεως,
610 4022 683 4077 Τὸ
738 4022 842 4099 γὰρ
893 4020 953 4077 έκ
1020 4022 1442 4098 πεπερασμένων
1511 4023 1778 4085 συνεστὼς
1841 4022 1978 4076 κατὰ

318 4112 420 4180 τὴν
450 4110 693 4183 ὁλότητα
746 4112 1152 4187 πεπερασμένον
1208 4110 1676 4187 ὁμολογουμένως
1728 4110 1838 4166 ἐστὶ
1886 4109 1976 4166 καὶ

321 4199 472 4258 αὐτό.
528 4207 639 4257 Πᾶν
700 4197 803 4276 ἄρα
858 4198 1261 4277 πεπερασμένον
1341 4205 1502 4274 σῶμα
1565 4200 1978 4277 πεπερασμένης

326 4290 548 4367 μετέχει
623 4287 924 4364 δυνάμεως.
983 4290 1135 4344 Ὅθεν
1198 4289 1226 4343 6
1283 4288 1492 4363 κόσμος
1569 4289 1976 4365 πεπερασμένος

324 4376 397 4433 ὢν
476 4379 892 4457 πεπερασμένην
969 4377 1225 4449 κέκτηται
1312 4374 1557 4452 δύναμιν.
1629 4375 1978 4449 ’Δδυνατήσει

320 4466 502 4523 τοίνυν
558 4464 710 4544 λόγῳ
740 4466 950 4546 φύσεως
982 4468 1073 4522 καὶ
1104 4469 1139 4537 ἡ
1172 4466 1416 4543 ἐνέργεια
1473 4466 1638 4522 αὐτοῦ
1695 4467 1976 4540 παύσεται,

321 4562 424 4625 τῆς
482 4553 767 4630 δυνάμεως
827 4556 1199 4630 παυσαμένης.
1233 4559 1389 4620 Ὅθεν
1450 4556 1676 4631 ἄρχεται
1735 4559 1771 4625 ἡ
1832 4555 1977 4630 ἐνέρ-

2078 2069 2342 2141 ipsorum
2376 2068 2595 2123 habet?
2633 2068 2796 2132 Quod
2855 2068 2905 2124 si
2965 2068 3145 2139 igitur
3196 2085 3266 2125 ex
3317 2086 3560 2142 prorsus
3618 2086 3735 2126 non

2078 2174 2209 2213 esse
2260 2159 2448 2213 factus
2502 2162 2592 2213 est
2642 2156 2726 2212 sic
2782 2160 2994 2213 natura
3049 2175 3159 2214 sua
3216 2162 3592 2230 comparatus
3621 2163 3733 2227 est,

2076 2249 2144 2301 ut
2165 2247 2237 2302 ad
2265 2263 2505 2319 prorsus
2536 2262 2652 2301 non
2701 2261 2830 2301 esse
2860 2246 3096 2303 interire
3126 2247 3344 2319 possit:
3396 2263 3737 2319 quanquam

2076 2336 2309 2392 bonitas
2340 2335 2569 2407 Opiﬁcis
2600 2351 2728 2406 quae
2760 2350 2997 2390 omnem
3038 2339 3312 2391 naturam
3341 2334 3515 2409 longe
3567 2350 3738 2408 supe-

2078 2428 2185 2495 rat,
2217 2426 2367 2480 sicul
2396 2440 2465 2480 ex
2512 2440 2752 2496 prorsus
2798 2440 2912 2479 non
2967 2428 3099 2480 ente
3158 2424 3448 2480 mundum
3520 2424 3737 2497 produ-

2076 2515 2180 2580 xit,
2211 2513 2295 2568 ita
2320 2514 2377 2568 in
2406 2513 2707 2569 meliorem
2748 2516 2971 2569 statum
3023 2513 3282 2569 mutabit
3330 2530 3510 2570 suum
3568 2513 3736 2586 opiﬁ-

2079 2620 2258 2658 c1um.

2147 2692 2238 2746 23.
2271 2695 2554 2748 Praeterea
2584 2692 2817 2748 ﬁnitum
2849 2694 2939 2747 est
2968 2690 3181 2746 omium
3208 2709 3221 2748 :
3257 2690 3739 2765 quandoquidem

2079 2786 2144 2838 ut
2199 2780 2497 2836 inﬁnitum
2557 2787 2880 2849 moveatur,
2915 2780 3037 2836 ﬁeri
3073 2797 3188 2836 non
3245 2784 3458 2853 potest.
3489 2780 3547 2837 Si
3579 2780 3739 2837 enim

2079 2875 2429 2939 moveretur,
2463 2886 2700 2926 necesse
2730 2871 2896 2940 foret,
2932 2874 2997 2925 ut
3047 2868 3277 2925 inﬁnito
3326 2873 3589 2941 tempore
3657 2885 3742 2927 se-

2079 2960 2340 3015 cundum
2371 2962 2597 3014 motum
2629 2960 3095 3031 progrederetur.
3153 2958 3334 3031 Atqui
3402 2958 3740 3016 universum

2079 3049 2276 3119 ipsum
2316 3047 2530 3103 minori
2577 3052 2841 3120 tempore
2897 3063 3077 3120 quam
3122 3047 3236 3104 dici
3285 3051 3343 3103 et
3400 3048 3589 3105 noctis
3649 3051 3742 3104 est

2080 3137 2357 3211 spatium,
2391 3136 2881 3193 circumvertitur.
2940 3136 3191 3194 Proinde
3242 3136 3454 3194 coelum
3502 3136 3737 3193 ﬁnitum

2081 3232 2189 3283 est.
2222 3226 2386 3291 Quod
2419 3226 2468 3281 si
2526 3226 2636 3281 hoc
2684 3225 2917 3282 ﬁnitum
2946 3229 3056 3293 est,
3079 3229 3240 3282 totus
3270 3225 3448 3282 etiam
3480 3227 3741 3283 mundus

2086 3316 2288 3372 ﬁnitus
2316 3319 2422 3372 est.
2454 3315 2514 3371 Si
2546 3315 2701 3370 enim
2733 3315 2888 3387 quod
2919 3314 3198 3383 continet,
3248 3314 3484 3371 ﬁnitum
3515 3319 3609 3372 est
3635 3333 3648 3372 :
3682 3315 3742 3371 id

2083 3405 2260 3461 etiam
2320 3405 2476 3475 quod
2532 3403 2885 3468 continetur,
2958 3404 3288 3460 necessario
3338 3404 3573 3460 ﬁnitum
3630 3407 3740 3461 est.

2082 3492 2324 3549 Nullum
2356 3497 2553 3548 autem
2586 3509 2798 3563 corpus
2829 3492 2985 3564 quod
3016 3492 3251 3548 ﬁnitum
3283 3497 3395 3559 est,
3448 3491 3746 3549 inﬁnitam

2084 3583 2263 3639 habet
2290 3582 2633 3654 potentiam.
2668 3581 2894 3637 Etenim
2928 3581 3075 3637 ﬁniti
3108 3598 3245 3654 pars
3289 3586 3393 3638 aut
3449 3581 3746 3638 inﬁnitam

2084 3671 2324 3727 habebit
2344 3672 2686 3742 potentiam,
2717 3669 2848 3742 ipsa
2885 3686 3119 3741 quoque
3147 3674 3205 3727 et
3261 3670 3494 3727 inﬁnito
3552 3671 3749 3743 majus

2086 3759 2307 3831 aliquid
2359 3759 2831 3831 deprehendetur
2890 3759 3103 3829 (major
3157 3759 3316 3815 enim
3346 3763 3435 3815 est
3484 3759 3747 3831 potentia

2085 3866 2212 3921 quaa
2270 3849 2329 3904 in
2388 3853 2528 3917 toto,
2589 3864 2767 3920 quam
2825 3865 2952 3919 qua:
2990 3847 3050 3902 in
3099 3852 3262 3919 parte
3303 3852 3430 3916 est;
3465 3848 3566 3904 sed
3598 3846 3746 3903 nihil

2085 3938 2314 3994 inﬁnito
2347 3938 2543 4009 majus
2571 3937 2680 4008 est)
2711 3954 2723 3991 :
2756 3941 2859 3991 aut
2891 3936 3117 3991 ﬁnitam
3149 3936 3388 3993 habebit
3424 3937 3743 4008 potentiam

2086 4027 2236 4083 ﬁniti
2268 4043 2426 4099 pars,
2483 4029 2793 4098 totumque
2836 4025 3013 4080 ﬁnitae
3061 4025 3171 4081 erit
3230 4024 3521 4098 potentiae.
3577 4025 3742 4090 Quod

2085 4116 2242 4173 enim
2273 4132 2343 4172 ex
2372 4114 2555 4171 ﬁnitis
2578 4115 2732 4171 278
2763 4118 2953 4170 totum
3002 4117 3250 4181 constat,
3312 4114 3507 4186 ipsum
3564 4115 3743 4172 etiam

2086 4203 2354 4260 omnium
2384 4203 2748 4258 confessione
2777 4201 3008 4257 ﬁnitum
3039 4206 3147 4258 est.
3179 4202 3363 4258 Omne
3400 4201 3584 4274 igitur
3611 4203 3743 4258 ﬁni-

2087 4297 2216 4349 tum
2266 4309 2499 4363 corpus,
2542 4291 2718 4346 ﬁnitae
2778 4290 3049 4362 potentiae
3079 4295 3170 4346 est
3227 4289 3536 4363 particeps.
3580 4291 3747 4349 Unde

2088 4383 2349 4438 mundus
2375 4397 2507 4437 cum
2537 4380 2614 4436 sit
2654 4381 2874 4450 ﬁnitus,
2907 4378 3132 4435 ﬁnitam
3149 4379 3475 4452 potentiam
3498 4380 3742 4438 obtinet.

2087 4470 2357 4526 Potentia
2384 4469 2564 4542 igitur
2593 4473 2837 4524 exuetur
2884 4472 3106 4523 natura
3162 4466 3422 4524 ratione:
3483 4473 3542 4525 et
3596 4470 3747 4527 actio

2089 4559 2268 4613 etiam
2294 4559 2422 4630 ejus
2453 4557 2726 4628 cessabit,
2755 4573 2889 4612 cum
2924 4556 3184 4628 potentia
3212 4558 3369 4613 unde
3400 4558 3551 4613 actio
3600 4557 3747 4613 inci-

324 4665 467 4720 γεια.
527 4650 697 4701 Τοῦτο
775 4643 832 4700 δὲ
887 4655 940 4701 1t
993 4642 1175 4722 *έτερόν
1247 4645 1386 4701 ἐστιν
1447 4647 1482 4714 ἢ
1539 4642 1722 4700 τελεία
1778 4645 1971 4723 φθοράς

2094 4647 2181 4720 pit
2235 4644 2567 4703 cessaverit.
2618 4646 2736 4701 Hoc
2794 4649 2990 4700 autem
3049 4644 3150 4717 qui
3203 4644 3362 4701 aliud
3422 4650 3512 4702 est
3570 4662 3751 4718 quam

324 4733 512 4789 Τοίνυν
569 4735 597 4788 6
655 4734 860 4809 κόσμος
910 4736 1085 4813 φθορᾷ
1139 4733 1398 4790 παντελεῖ
1452 4736 1588 4790 κατὰ
1646 4733 1814 4809 λόγον
1849 4733 1980 4788 ὑπό-

326 4844 499 4878 κειται
532 4823 779 4901 φυσικὸν,
812 4825 887 4897 μὴ
920 4821 1213 4899 δυνάμενος
1273 4821 1643 4897 συνδιαμένειν
1696 4828 1775 4897 τῷ
1832 4823 1984 4879 ἀπει-

331 4910 624 4989 ροδυνάμῳ
674 4910 1017 4990 δημιουργῷ.
1050 4915 1148 4969 Καὶ
1199 4914 1253 4970 τί
1301 4914 1404 4991 γὰρ
1458 4912 1599 4969 ἄλλο
1642 4914 1677 4983 ἢ
1714 4912 1983 4989 δημιούρ-

327 5022 483 5080 γημα
531 4998 604 5057 ὢν
646 5001 926 5058 κάντεῦθεν
979 5002 1068 5058 καὶ
1126 5002 1290 5076 μόνον
1345 5010 1444 5072 τῆς
1488 5007 1586 5057 τοῦ
1643 5000 1986 5077 δημιουργή’

332 5112 522 5154 σαντος
588 5092 875 5171 ὑφειμένος
928 5089 1278 5164 ἀϊδιότητος;
1332 5091 1394 5147 Εἴ
1448 5090 1628 5145 τοίνυν
1692 5091 1926 5169 φθαρτὸς
1959 5091 1987 5143 6

233 5194 237 5198 ’
331 5181 562 5255 κόσμος,
620 5182 835 5244 πάντως
890 5181 979 5237 καὶ
1035 5181 1286 5258 γενητός.
1348 5179 1832 5239 Ἀντακολουθοῦσι
1886 5180 1988 5256 γὰρ

335 5268 610 5343 ἀλλήλοις
658 5272 720 5327 τὸ
766 5272 991 5348 γενητὸν
1040 5273 1132 5327 καὶ
1176 5272 1241 5326 τὸ
1292 5270 1546 5348 φθαρτὸν,
1576 5269 1668 5325 καὶ
1727 5267 1893 5324 πάλιν
1924 5268 1988 5322 τὸ

335 5359 597 5437 ἀγένητον
629 5361 719 5417 καὶ
746 5361 810 5417 16
840 5360 1131 5439 ἄφθαρτον.

410 5554 508 5613 κδ’.
551 5557 809 5633 Λέγουσιν
844 5553 1016 5619 αὖθιςο
1051 5554 1114 5611 Et
1149 5556 1224 5630 μὴ
1259 5555 1375 5630 ἅμα
1416 5555 1545 5617 Θεὸς
1597 5555 1711 5629 ἅμα
1763 5549 1993 5629 κόσμος,

2094 4736 2349 4809 perfecta
2379 4734 2672 4807 corruptio
2698 4739 2720 4791 Ρ
2747 4736 3113 4806 Quapropter
3144 4735 3403 4791 mundus
3434 4733 3752 4791 universali

2094 4824 2453 4896 corruptioni
2490 4824 2712 4879 ratione
2744 4822 2995 4879 naturali
3018 4822 3424 4894 subjicitur,ut
3452 4823 3553 4896 qui
3574 4821 3753 4880 simul

2095 4912 2708 4984 cumOpiﬁceinﬁnitae
2742 4911 3012 4983 potentiae
3039 4927 3381 4983 permanere
3403 4929 3520 4968 non
3546 4912 3752 4984 possit.

2097 5002 2245 5068 Quid
2304 5003 2461 5057 enim
2530 5000 2688 5056 aliud
2738 5017 2916 5072 quam
2974 5000 3292 5073 opiﬁcium,
3356 5005 3415 5058 et
3469 5001 3608 5056 hinc
3661 5000 3754 5057 vel

2098 5091 2305 5148 saltem
2337 5090 2564 5162 opiﬁcis
2594 5090 2917 5146 aeternitate
2955 5088 3240 5145 inferior?
3300 5090 3462 5155 Quod
3496 5090 3547 5146 si
3577 5091 3758 5164 igitur

2101 5180 2358 5236 mundus
2390 5179 2787 5251 corruptibilis
2832 5183 2941 5249 est,
3001 5183 3157 5234 certe
3210 5180 3386 5235 etiam
3439 5183 3607 5236 ortus
3663 5184 3759 5236 est

2101 5269 2372 5327 Vicissim
2403 5268 2558 5324 enim
2591 5284 2653 5323 se
2681 5266 2930 5323 invicem
2961 5273 3406 5340 consequuntur
3462 5271 3660 5325 ortum
3701 5273 3759 5325 et

2102 5356 2515 5430 corruptibile:
2567 5361 2625 5412 et
2680 5373 2888 5413 rursus
2945 5374 3060 5413 non
3117 5361 3311 5414 ortum
3371 5373 3437 5414 ac
3494 5357 3760 5414 incorru-

2104 5446 2332 5521 ptibile.

2175 5554 2265 5608 24.
2304 5554 2522 5608 Iterum
2545 5551 2784 5608 dicunt:
2817 5552 2879 5609 Si
2908 5569 3024 5609 non
3054 5552 3234 5608 simul
3279 5554 3431 5610 Deus
3478 5559 3536 5611 et
3591 5570 3765 5610 mun-

339 5646 409 5719 ἦν
464 5648 657 5704 ποτεὸ
705 5646 834 5710 Θεὸς
894 5645 994 5701 οὐκ
1049 5643 1289 5721 ἐνεργείᾳ
1347 5641 1711 5722 δημιουργὸς,
1770 5642 1971 5718 δυνάμε

2107 5644 2219 5699 dus
2250 5641 2450 5709 simul,
2488 5644 2636 5698 Deus
2665 5641 2986 5714 aliquando
3009 5658 3124 5698 non
3158 5646 3293 5699 actu
3323 5648 3448 5699 erat
3476 5643 3769 5717 conditor,

344 5732 404 5796 δὲ
436 5735 619 5815 μόνον.
650 5738 803 5792 Ὅθεν
854 5735 944 5792 καὶ
974 5732 1197 5807 ἀτελής·
1228 5734 1292 5790 τὸ
1338 5730 1565 5810 δυνάμει
1620 5732 1725 5819 γὰρ
1782 5730 1993 5799 ἀτελές.

627 5867 897 5932 Persen.
944 5866 1058 5931 Gn.
1104 5863 1334 5932 CXLII.

2109 5732 2213 5793 sed
2234 5731 2496 5808 potentia
2524 5735 2798 5789 tantum:
2843 5735 2901 5790 et
2956 5731 3202 5807 proinde
3253 5732 3433 5790 etiam
3501 5732 3772 5808 imperfe-

3410 5862 3486 5931 89
