4114 6436
336 391 491 452 1237

1589 382 2011 447 NICEPHORI
2057 382 2494 447 BLEMMIDE

3588 385 3759 452 1228

334 526 483 578 ctus:
517 520 680 586 Quod
711 518 867 574 enim
920 514 1179 588 potentia
1243 518 1350 582 est,
1413 515 1819 588 imperfectum
1869 520 1976 573 est.

2097 515 2434 591 Ἐρωτητέον
2466 513 2558 570 οὖν
2608 514 2825 589 αὐτοὺς,
2857 513 3083 591 πότερον
3133 515 3161 570 6
3207 518 3338 581 Θεὸς
3388 517 3756 596 ἀπειροδύνα-

332 609 608 666 Vicissim
639 607 754 680 ipsi
798 604 1197 676 interrogandi
1229 608 1369 660 sunt
1425 614 1621 661 utrum
1681 612 1832 662 Deus
1884 606 1986 678 qui

330 699 574 754 inﬁnitae
605 701 694 753 est
722 693 1015 767 potentia},
1042 692 1201 747 hunc
1271 691 1466 748 solum
1526 696 1835 762 mundum,
1885 699 1987 750 aut

329 787 506 844 etiam
539 785 777 841 multos.
809 783 956 838 alios
986 781 1261 855 praesenti
1294 798 1485 852 pares,
1518 783 1861 854 produxisse
1891 800 1988 854 po-

328 875 547 933 tuerit?
575 874 632 930 Si
661 873 819 930 enim
851 889 966 928 non
1000 870 1190 944 potuit
1243 869 1352 925 hoc
1404 876 1678 942 praestare
1738 877 1802 927 ut
1831 874 1987 929 274

330 965 476 1022 alios
506 964 684 1021 etiam
714 962 968 1018 mundos
1007 961 1301 1016 conderet.
1359 962 1654 1031 quomodo
1685 978 1818 1017 cum
1854 963 1984 1017 infi-

331 1055 468 1110 nitae
498 1054 575 1109 sit
605 1052 896 1126 potentia,
957 1067 1071 1104 non
1131 1049 1405 1104 infirmus
1462 1048 1573 1104 erit
1629 1067 1763 1106 cum
1795 1051 1987 1107 omnis

331 1144 392 1200 in
441 1142 746 1199 efficiendo
803 1141 993 1212 posita
1023 1138 1264 1194 scientia
1292 1137 1540 1209 aequalia
1587 1139 1773 1195 multa
1804 1141 1988 1196 facere

332 1231 563 1306 possit?
592 1231 754 1295 Quod
777 1230 823 1285 si
851 1245 984 1285 cum
1019 1232 1215 1300 posset
1246 1245 1361 1283 non
1387 1229 1655 1298 producit
1683 1246 1695 1284 :
1760 1234 1990 1285 constat

330 1323 488 1394 quod
553 1325 811 1393 potestas
869 1334 1046 1391 quam
1105 1317 1163 1372 in
1219 1317 1454 1373 mundis
1512 1317 1655 1372 ortis
1739 1335 1988 1390 usurpa-

327 1411 412 1466 vit
440 1411 760 1483 producere
788 1426 886 1464 eos
917 1407 1135 1478 volens,
1178 1405 1438 1478 potentia
1494 1410 1724 1462 tantum
1796 1409 1892 1480 sit,
1933 1413 1990 1464 et

330 1499 671 1572 imperfecta
701 1514 769 1554 ex
796 1498 1058 1571 ipsorum
1091 1495 1401 1552 sententia.
1437 1495 1544 1549 Sed
1599 1513 1771 1552 nosse
1826 1514 1990 1569 opor-

329 1593 413 1646 tet
433 1588 497 1642 τὸ
536 1592 825 1661 potestate
851 1588 929 1655 3°;
965 1586 1095 1657 hoc,
1126 1584 1280 1657 quod
1305 1585 1475 1654 juxta
1527 1583 1773 1640 alterum
1806 1587 1988 1659 signi-

328 1680 570 1736 ficatum
599 1682 707 1746 est,
741 1677 896 1749 quod
928 1677 1201 1748 equidem
1249 1673 1656 1744 imperfectum
1714 1692 1843 1732 esse
1875 1695 1988 1733 non

329 1772 538 1840 potest.
571 1769 630 1823 Si
663 1767 819 1822 enim
845 1766 1020 1822 etiam
1079 1767 1346 1835 alterum,
1410 1767 1821 1838 imperfectum
1866 1771 1988 1834 est;

2099 626 2201 677 μσς
2252 602 2324 660 ὢν
2357 604 2569 659 τουτονὶ
2606 603 2768 677 μόνον
2809 601 3046 674 ἠδύνατο
3101 605 3193 661 τὸν
3241 607 3448 682 κόσμον
3501 628 3756 684 παραγα-

2093 698 2204 768 γεῖν
2246 695 2280 762 ἢ
2332 693 2420 748 καὶ
2471 692 2677 756 ἄλλους
2725 691 2972 755 πολλοὺς
3016 698 3096 766 τῷ
3137 695 3365 771 παρόντι
3415 696 3758 772 παρισουμέ-

2093 803 2218 844 νους
2245 802 2258 851 ;
2292 783 2355 838 Εἰ
2407 783 2500 855 μὶν
2534 783 2637 859 γὰρ
2673 783 2780 859 οὐχ
2809 783 2922 846 οἷός
2952 804 3010 838 τε
3041 785 3108 852 ἦν
3139 783 3227 840 καὶ
3260 783 3469 849 ἄλλους
3511 787 3760 860 κόσμους

2097 877 2451 948 παραγαγεῖν,
2502 877 2620 935 πῶς
2670 871 2770 927 οὐκ
2813 872 3034 941 ἀσθενής
3085 873 3113 927 ὁ
3162 873 3600 951 άπειροδύναμος
3648 877 3757 931 πά-

2097 983 2196 1030 σης
2272 969 2568 1032 ποιητικῆς
2641 962 2948 1035 ἐπιστήμης
3023 959 3110 1018 ἷίσα
3183 962 3372 1019 πολλᾶ
3450 962 3757 1038 δυναμένης

2096 1056 2270 1105 ποιεῖν
2301 1070 2313 1119 ;
2347 1051 2409 1105 Εἰ
2462 1048 2536 1105 δὲ·
2569 1048 2862 1122 δυνάμενος
2913 1049 2975 1105 οὐ
3018 1053 3322 1128 παρήγαγε,
3370 1050 3546 1123 δῆλον
3591 1055 3669 1116 ὡς
3719 1056 3755 1123 ἡ

2097 1137 2346 1212 δύναμις,
2378 1141 2516 1213 ᾗπερ
2565 1137 2623 1193 ἂν
2677 1138 2765 1194 ἐπὶ
2833 1144 2938 1193 τῶν
3012 1140 3086 1212 μὴ
3156 1135 3460 1216 γεγονότων
3531 1142 3755 1215 κόσμῶν

2099 1228 2371 1303 ἐχρήσατο
2419 1227 2673 1304 παράγειν
2718 1227 2944 1288 τούτους
3013 1227 3238 1300 ἐθέλων,
3293 1226 3521 1304 δυνάμει
3592 1230 3755 1304 μόνον

2099 1315 2210 1370 ἐστὶ
2257 1317 2345 1371 καὶ
2399 1318 2514 1371 κατ’
2572 1315 2766 1378 αὐτοὺς
2825 1314 3048 1387 ἀτελής.
3076 1314 3236 1373 Ἀλλ’
3270 1316 3465 1374 εἰδέναι
3522 1320 3633 1395 χρὴ
3689 1320 3753 1374 τὸ

2101 1403 2322 1478 δυνάμει
2366 1410 2528 1460 τοῦτο
2577 1406 2712 1460 κατᾶ
2757 1405 2820 1460 τὸ
2869 1401 3116 1481 δεύτερον
3163 1404 3220 1460 ὃν
3271 1407 3686 1480 σημαινόμενον,
3717 1408 3746 1463 ὃ

2101 1492 2272 1571 δήπερ
2305 1494 2366 1549 οὐ
2397 1493 2628 1572 πέφυκεν
2659 1491 2863 1556 ἀτελὲς.
2895 1493 2959 1549 Εἰ
2991 1496 3094 1570 γὰρ
3145 1493 3334 1558 ἀτελὲς
3385 1496 3473 1552 καὶ
3519 1498 3578 1552 τὸ
3631 1495 3748 1552 δεύ-

2097 1605 2275 1662 τερον,
2324 1581 2500 1646 οὐδεὶς
2549 1582 2692 1660 ἔχων
2743 1584 3036 1654 ποιητικὴν
3089 1583 3423 1659 ἐπιστήμην,
3478 1586 3594 1650 καθ’
3657 1585 3752 1640 αὑ-

2097 1667 2188 1727 τόν
2221 1672 2328 1728 ἐστι
2375 1672 2586 1734 τέλειος
2638 1669 2893 1746 δεόμενος
2941 1677 3047 1728 τῶν
3108 1672 3162 1727 ἐν
3225 1675 3305 1735 οἷς
3361 1673 3564 1750 ἐνεργεῖ
3617 1674 3756 1750 πρὸς

2097 1760 2398 1818 τελείωσιν.
2433 1761 2529 1816 Καὶ
2564 1761 2706 1816 οὕτω
2739 1758 2983 1832 δεήσεται
3015 1765 3112 1816 τοῦ
3155 1761 3408 1838 χείρονος
3451 1763 3517 1818 τὸ
3575 1769 3757 1839 κρεῖτ-

330 1856 529 1912 nullus
560 1855 660 1928 qui
690 1855 982 1911 efficiendi
1013 1856 1187 1913 habet
1247 1859 1573 1924 scientiam,
1633 1873 1734 1928 per
1764 1872 1824 1911 se
1857 1871 1982 1928 per-

2101 1871 2215 1906 τον·
2260 1852 2334 1913 ὡς
2382 1853 2471 1906 καὶ
2517 1855 2621 1905 τῶν
2673 1851 3064 1927 παραγομένων
3111 1851 3138 1904 ὁ
3187 1852 3450 1927 παράγων
3501 1851 3634 1914 Θεὸς
3686 1848 3760 1906 εἷ’-

329 1947 516 2001 fectus
548 1949 677 2000 est:
713 1945 872 2016 quod
915 1945 986 1999 ad
1022 1946 1435 2018 perfectipnem
1465 1947 1540 2002 iis
1571 1962 1717 2016 opus
1757 1944 1994 2020 habeat,

327 2035 389 2090 in
438 2035 654 2107 quibus
704 2039 877 2106 agat:
913 2038 1088 2105 atque
1135 2036 1216 2091 ita
1287 2036 1661 2107 praestantius
1713 2035 1995 2091 deteriore

2104 1962 2204 2017 περ
2264 1940 2409 2012 αὐτῷ
2484 1941 2714 2017 πέφυκεν
2773 1936 2917 1993 αἷίτια
2971 1943 3070 1995 τοῦ
3131 1939 3224 2013 μὲν
3287 1938 3512 2014 δυνάμει
3580 1939 3760 1996 δοκεῖν

2107 2031 2264 2086 αὐτὸν
2294 2031 2552 2100 ποιητήν.

327 2141 475 2198 opus
522 2123 784 2194 habebit,
835 2128 901 2178 ut
954 2129 1011 2179 et
1066 2125 1366 2195 productis
1423 2126 1750 2199 producens
1809 2129 1983 2194 Deus,
2023 2123 2317 2198 siquidem
2351 2121 2472 2177 haec
2510 2119 2621 2192 ipsi
2671 2136 2859 2177 causa:
2908 2119 3256 2191 exstiterint,
3285 2120 3608 2194 quominus
3659 2137 3761 2194 po-

325 2212 512 2268 tentia
538 2215 776 2274 creator,
795 2211 1083 2267 videatur.

395 2302 488 2356 25.
549 2301 913 2372 Quapropter
999 2318 1112 2356 non
1185 2309 1325 2358 sunt
1396 2303 1574 2358 simul
1633 2308 1878 2372 creator,
1930 2309 1986 2359 et

325 2394 594 2448 creatura
622 2388 800 2445 simul
821 2393 951 2446 actu
977 2408 990 2458 ;
1027 2391 1128 2446 sed
1161 2392 1340 2448 simul
1375 2396 1604 2448 creator
1632 2396 1688 2447 et
1719 2397 1986 2448 creatura

326 2483 466 2535 sunt
494 2479 823 2535 secundum
853 2480 1088 2534 creandi
1118 2485 1176 2536 et
1205 2480 1496 2536 condendi
1528 2481 1805 2548 rationes,
1857 2498 1984 2551 quae

327 2565 400 2623 ab
430 2569 642 2622 aeterno
671 2565 732 2620 in
763 2565 1063 2621 conditore
1093 2566 1369 2634 existunt,
1405 2568 1640 2640 ipsique
1690 2573 1984 2624 coaeternas

329 2659 508 2711 sunt:
542 2654 642 2727 qui
666 2654 903 2727 quidem
935 2660 1230 2712 creaturas
1255 2657 1430 2713 etiam
1461 2673 1692 2727 semper
1755 2657 1986 2713 volebat

329 2744 671 2817 producere,
704 2742 841 2813 quia
897 2760 1127 2817 semper
1157 2746 1330 2802 etiam
1359 2747 1585 2802 bonus:
1619 2751 1757 2802 tunc
1788 2751 1984 2802 autem

328 2833 705 2905 producebat,
739 2833 974 2904 quando
1004 2850 1130 2905 qua
1164 2836 1657 2907 producebantur,
1692 2840 1984 2908 poterant.

327 2921 527 2994 Neque
584 2921 740 2977 enim
797 2938 931 2976 cum
965 2922 1198 2978 inﬁnita
1241 2924 1390 2981 275
1427 2925 1802 2996 producentis
1833 2925 1988 2980 exsi-

325 3011 541 3068 steutia
570 3010 748 3066 simul
780 3027 908 3066 esse
937 3016 1210 3083 possunt,
1244 3029 1309 3068 eo
1341 3014 1496 3086 quod
1527 3031 1728 3069 eorum
1788 3030 1984 3070 essen-

323 3100 406 3156 tia
431 3117 548 3155 non
571 3099 648 3155 sit
677 3099 868 3155 Deus:
911 3117 1101 3172 neque
1160 3107 1273 3157 Deo
1332 3102 1599 3173 aequalia.
1659 3103 1853 3175 quoad
1904 3103 1989 3158 in-

327 3188 656 3245 ﬁnitionem
701 3189 1074 3260 exsistentiaa,
1134 3191 1338 3262 possit.
1381 3191 1440 3246 Si
1489 3193 1645 3246 enim
1691 3197 1902 3248 natura
1932 3196 1989 3248 et

327 3277 583 3332 essentia
613 3277 984 3348 produxisset
1005 3283 1158 3334 Deus
1207 3296 1401 3351 opera,
1457 3280 1787 3336 necessario
1809 3281 1984 3336 etiam

2166 2302 2257 2358 κε’.
2293 2300 2388 2354 Διὰ
2429 2302 2576 2351 ταῦτ’
2620 2296 2718 2351 οὐκ
2759 2293 2898 2351 ἔστιν
2950 2297 3063 2371 ἅμα
3101 2299 3340 2368 ποιητὴς
3375 2298 3489 2370 ἅμα
3533 2297 3762 2372 ποίημα

2092 2391 2209 2444 κατ’
2275 2387 2565 2464 ἐνέργειαν
2627 2384 2751 2440 ἀλλ’
2831 2388 2943 2460 ἅμα
3017 2388 3276 2458 ποιητὴς,
3339 2386 3453 2460 ἅμα
3538 2386 3762 2461 ποίημα

2092 2477 2228 2533 κατὰ
2301 2475 2428 2536 τοὺς
2501 2473 2823 2544 ποιητικοὺς
2883 2472 3087 2549 λόγους
3147 2475 3235 2530 καὶ
3297 2472 3762 2552 δημιουργικοὺς,

2094 2564 2440 2643 προαιωνίως
2496 2565 2801 2642 ὑφεστῶτας
2854 2562 2906 2618 ἐν
2954 2568 3033 2636 τῷ
3093 2561 3417 2640 δημιουργῷ
3478 2564 3570 2619 καὶ
3628 2585 3758 2619 συν-

2095 2653 2304 2717 αϊδίους
2353 2649 2512 2715 ὄντας
2557 2651 2723 2725 αὐτῷ,
2774 2651 2988 2717 θέλοντι
3051 2653 3144 2725 μὲν
3207 2653 3289 2707 ἀεὶ
3345 2654 3605 2729 παράγειν
3663 2655 3758 2708 καὶ

2094 2746 2161 2800 τὰ
2217 2746 2522 2816 ποιήματα,
2584 2739 2722 2796 διότι
2780 2741 2871 2797 καὶ
2928 2741 3010 2796 ἀεὶ
3069 2740 3287 2818 ἀγαθός·
3320 2741 3444 2797 τότε
3501 2739 3560 2796 δὲ
3615 2762 3756 2818 παρ-

2097 2835 2302 2910 άγοντι,
2361 2831 2448 2886 ὅτε
2524 2830 2591 2885 τὰ
2671 2829 3027 2906 παραγόμενα
3117 2827 3355 2886 δύναται.
3429 2827 3566 2886 Οὐδέ
3649 2832 3758 2907 γάρ

2097 2921 2347 2999 ἰσχύουσι
2402 2924 2470 2994 τῇ
2521 2917 2729 2995 ἀπείρῳ
2774 2922 2872 2974 τοῦ
2917 2917 3259 2994 παράγοντος
3311 2918 3531 2995 ὑπάρξει
3582 2925 3786 2990 συνεῖπ

2095 3032 2199 3082 ναι,
2229 3016 2308 3083 τῷ
2368 3012 2442 3083 μὴ
2504 3010 2632 3064 Θεὸν
2694 3007 2830 3064 εἶναι
2886 3007 3090 3063 τούτων
3125 3008 3222 3076 τὴν
3257 3007 3464 3080 οὐσίαν,
3502 3006 3633 3082 μηδ’
3667 3005 3761 3064 ἴσα,

2097 3099 2400 3173 δυναμένην
2459 3103 2575 3170 Θεῷ
2619 3097 2755 3152 κατὰ
2811 3097 2872 3152 τὸ
2926 3099 3026 3165 τῆς
3086 3097 3366 3173 ὑπάρξεως
3416 3096 3651 3170 ἄπειρον.
3686 3098 3758 3154 Εἰ

2101 3190 2194 3261 μὲν
2225 3190 2325 3264 γὰρ
2358 3192 2425 3261 τῇ
2459 3187 2610 3265 φύσει
2642 3186 2732 3242 καὶ
2779 3189 2848 3260 τῇ
2900 3186 3055 3260 οὐσίῃ
3110 3189 3347 3262 παρῆγεν
3402 3188 3430 3241 6
3489 3183 3762 3264 δημιουρ-

2095 3279 2190 3353 γὸς
2270 3278 2337 3332 τὰ
2421 3275 2904 3351 δημιουργήματα,
2967 3282 3198 3343 συνῆσαν
3286 3275 3344 3330 ἂν
3401 3275 3451 3346 ἐξ
3511 3277 3756 3353 ἀνάγκης

330 3381 463 3421 cum
493 3364 592 3421 illo
623 3366 801 3421 simul
833 3367 1120 3423 fuissent:
1157 3373 1222 3422 ut
1243 3385 1369 3439 quae
1392 3369 1656 3439 ejusdem
1689 3387 1821 3424 cum
1855 3369 1982 3438 ipso

2095 3367 2260 3438 αὐτῷ,
2290 3374 2390 3436 τῆς
2422 3365 2587 3436 αὐτῆς
2631 3364 2777 3436 αὐτῷ
2823 3364 3031 3442 φύσεως
3078 3359 3207 3418 ὄντα
3253 3364 3342 3419 καὶ
3393 3363 3601 3427 οὐσίας·
3636 3364 3754 3421 ἐπεὶ

330 3459 530 3512 essent
559 3461 780 3511 naturae
812 3460 868 3510 et
897 3457 1184 3512 essentiae.
1211 3458 1496 3521 Quoniam
1529 3463 1724 3514 autem
1774 3464 1986 3514 natura

331 3543 568 3616 quidem
628 3548 686 3599 et
732 3545 984 3600 essentia
1044 3544 1252 3618 gignit,
1301 3545 1600 3602 voluntate
1675 3551 1875 3602 autem
1930 3552 1986 3602 et

333 3632 692 3704 beneplacito
731 3634 966 3689 condit:
1027 3634 1300 3706 genimen
1359 3636 1632 3706 equidem
1690 3636 1986 3692 coexsistit

329 3726 466 3788 Deo,
497 3727 804 3795 propterea
855 3723 1010 3794 quod
1067 3724 1246 3778 etiam
1305 3725 1567 3796 ejusdem
1627 3725 1895 3781 essentia:
1928 3730 1986 3782 et

327 3815 548 3867 naturae
588 3811 1013 3868 invariabiliter
1043 3829 1284 3884 prorsus
1315 3817 1403 3868 est
1432 3830 1566 3868 cum
1591 3813 1803 3885 ipso,et
1829 3831 1983 3869 unus

325 3899 481 3957 Deus
512 3899 689 3956 simul
747 3900 901 3972 quod
941 3901 1130 3973 gignit
1186 3905 1243 3956 et
1287 3901 1568 3974 gignitur,
1601 3907 1668 3956 ut
1695 3918 1764 3958 ea
1792 3918 1983 3974 neque

327 3993 562 4061 tempus
595 4007 628 4044 a
649 4007 711 4045 se
743 3989 1013 4055 invicem,
1045 3991 1677 4064 nequebéneplacitum
1692 3996 1748 4047 et
1775 3991 1980 4047 volun-

324 4082 646 4150 tas,neque
677 4079 956 4151 potentia,
989 4095 1177 4150 neque
1219 4079 1422 4151 gloria,
1483 4085 1585 4134 aut
1652 4081 1978 4152 quidquam

325 4165 506 4234 aliud,
541 4166 780 4222 dividat.
817 4168 1028 4223 Eodem
1061 4168 1232 4223 modo
1262 4185 1324 4223 se
1354 4169 1529 4224 habet
1559 4169 1617 4223 id
1649 4170 1805 4240 quod
1840 4187 1978 4241 pro-

320 4255 493 4311 cedit.
527 4255 594 4310 Et
622 4254 818 4328 ipsum
849 4257 1008 4311 enim
1039 4256 1429 4312 essentialiter
1457 4274 1524 4312 ex
1559 4259 1668 4312 Deo
1701 4261 1758 4312 et
1800 4263 1977 4314 natu-

317 4343 519 4400 raliter
547 4345 826 4417 procedit.
853 4344 1036 4402 Omne
1067 4349 1262 4401 autem
1293 4346 1591 4418 opificium
1635 4346 1836 4419 procul
1882 4363 1975 4403 re-

321 4433 475 4490 cedit
503 4450 536 4488 a
582 4433 778 4489 divina
832 4433 1191 4504 exsistentia,
1256 4436 1756 4505 quemadmodum
1796 4436 1974 4492 etiam

321 4522 394 4577 ab
455 4521 697 4578 artiﬁcis
753 4523 1060 4579 existentia
1115 4524 1270 4602 quod
1331 4525 1403 4580 ab
1457 4529 1577 4580 arte
1614 4525 1832 4580 factum
1865 4530 1971 4580 est.

321 4609 487 4666 Prius
507 4611 664 4666 enim
695 4611 890 4666 existit
921 4611 1150 4677 artifex,
1183 4629 1358 4683 quam
1408 4629 1499 4668 res
1560 4630 1690 4684 quae
1745 4615 1817 4669 ab
1845 4613 1973 4686 ipso

319 4714 388 4755 ex
419 4703 540 4755 arte
561 4700 830 4755 efﬁcitur.
863 4701 1048 4757 Omne
1085 4706 1282 4757 autem
1333 4702 1604 4759 effectum
1649 4703 1974 4759 necessario

315 4791 408 4845 est
463 4788 758 4861 posterius
834 4806 1014 4846 causa
1072 4790 1382 4858 efficiente,
1457 4792 1528 4847 de
1586 4791 1678 4847 his
1737 4793 1976 4864 quidem

317 4877 605 4934 hactenus
635 4882 868 4934 tantum
899 4879 1116 4936 dixisse
1148 4880 1422 4936 sufﬁciat.

385 4967 478 5023 26.
513 4965 800 5032 Quoniam
859 4972 1055 5023 autem
1117 4985 1299 5040 supra
1339 4969 1784 5025 firmamentum
1818 4971 1975 5027 ‘276

317 5057 612 5128 copiosam
670 5073 803 5112 esse
855 5074 1067 5129 aquam
1128 5057 1324 5114 divina
1380 5060 1546 5114 docet
1597 5059 1898 5132 Scriptura
1928 5063 1971 5101 3*

315 5143 439 5200 fieri
472 5149 666 5201 autem
699 5162 814 5201 non
847 5162 1020 5218 posse
1050 5145 1271 5219 aliquid
1317 5147 1676 5218 existimant,
1710 5153 1775 5202 ut
1820 5165 1975 5220 aqua

314 5232 374 5288 in
403 5233 758 5290 convexitate
799 5235 1060 5307 sphaerae,
1121 5241 1375 5306 maneat,
1438 5254 1571 5293 cum
1625 5241 1779 5294 ﬂuxa
1809 5238 1886 5294 sit
1917 5242 1975 5293 et

313 5321 481 5377 facile
509 5322 871 5379 diffundatur
901 5329 958 5380 et
988 5326 1261 5380 deorsum
1303 5326 1560 5393 feratur;
1623 5326 1680 5380 hi
1715 5327 1970 5382 divinam

315 5417 510 5466 mente
545 5413 877 5484 concipiant
913 5413 1373 5485 omnipotentem
1407 5421 1463 5469 et
1492 5415 1759 5470 omnium
1789 5415 1972 5471 homi-

315 5515 460 5556 num
489 5499 838 5573 cogitatione
868 5501 1210 5574 viribusque
1231 5503 1591 5575 superiorem
1609 5505 1927 5576 potentiam
1954 5523 1968 5574 ;

381 5714 426 5755 ³ο
455 5714 600 5774 Vide
630 5731 811 5789 supra
840 5732 898 5792 p.
932 5716 1019 5773 46.
1094 5717 1140 5755 ³³
1171 5717 1313 5776 Gen.
1348 5735 1388 5788 ι,
1419 5720 1491 5790 6;
1524 5722 1622 5777 Ps.
1652 5735 1883 5792 cxwm,
1913 5721 1970 5782 4.

2096 3455 2152 3511 δὲ
2199 3455 2352 3533 φύσει
2405 3456 2498 3529 μὲν
2543 3455 2634 3508 καὶ
2679 3453 2833 3525 οὐσίᾳ
2881 3459 3060 3528 γεννᾷ,
3113 3451 3335 3524 θελήσει
3375 3451 3434 3508 δὲ
3481 3453 3570 3509 καὶ
3623 3456 3752 3532 βου-

2095 3544 2254 3615 λήσει
2304 3543 2652 3619 δημιουργεῖ·
2700 3543 2763 3597 τὸ
2809 3543 3054 3618 γέννημα
3106 3542 3199 3617 μὲν
3271 3542 3608 3620 συνυπάρχει
3675 3549 3756 3617 τῷ

2098 3639 2236 3706 Θεῷ,
2273 3629 2414 3688 διότι
2460 3633 2550 3688 καὶ
2598 3639 2698 3702 τῆς
2757 3631 2924 3701 αὐτῆς
2980 3631 3162 3693 οὐσίας
3195 3631 3285 3686 καὶ
3317 3631 3528 3709 φύσεως
3583 3633 3759 3710 ἀπαρ-

2095 3722 2384 3785 αλλάκτως
2433 3721 2658 3796 πάμπαν
2710 3720 2858 3794 αὐτῷ
2904 3721 2993 3775 καὶ
3045 3720 3175 3783 Θεὸς
3209 3722 3285 3783 εἷς
3321 3722 3462 3795 ὁμοῦ
3524 3723 3586 3776 τὸ
3635 3744 3760 3799 γεν-

2091 3817 2198 3866 νῶν
2248 3813 2335 3866 καὶ
2384 3813 2444 3866 τὸ
2492 3811 2820 3886 γενώμενον,
2880 3811 3019 3884 μήτε
3077 3809 3282 3886 χρόνου
3336 3811 3486 3865 ταῦτ’
3520 3812 3611 3866 ἀπ’
3657 3812 3758 3866 άλ-

2094 3900 2285 3972 λήλων
2348 3900 2678 3977 μερίζοντες,
2741 3900 2881 3971 μήτε
2932 3895 3253 3975 βουλήσεως
3312 3899 3406 3952 καὶ
3455 3897 3756 3974 θελήσεως,

2096 3992 2234 4063 μήτε
2265 3987 2543 4062 δυνάμεως
2575 3989 2610 4058 ἢ
2645 3985 2805 4058 δόξης
2859 3989 2894 4057 ἢ
2951 3985 3126 4042 ἄλλου
3184 3991 3291 4042 τῶν
3351 3984 3521 4042 ὄντων
3582 3989 3758 4052 τινός.

2087 4079 2358 4141 Ὡσαύτως
2427 4078 2518 4133 καὶ
2601 4077 2664 4131 τὸ
2746 4075 3198 4152 ἐκπορευόμενον,
3258 4076 3348 4131 καὶ
3431 4077 3562 4132 αὐτὸ
3649 4078 3758 4154 γὰρ

2088 4165 2367 4230 οὐσιωδῶς
2426 4167 2486 4222 ἐκ
2539 4170 2635 4221 τοῦ
2695 4169 2829 4222 Θεοῦ
2899 4165 2989 4220 καὶ
3061 4169 3298 4243 φυσικῶς
3371 4164 3750 4243 ἐκπορεύεται.

2088 4256 2491 4332 Δημιούργημα
2576 4253 2633 4310 δὲ
2716 4261 2817 4310 πᾶν
2903 4253 3095 4332 πόρῥω
3167 4253 3356 4310 πίπτει
3418 4258 3523 4325 τῆς
3598 4255 3749 4319 θείας

2089 4345 2384 4420 ὑπάρξεως,
2417 4344 2598 4422 ὥσπερ
2629 4345 2718 4399 καὶ
2763 4347 2862 4413 τῆς
2910 4348 3008 4399 τοῦ
3054 4344 3309 4419 τεχνίτου
3361 4343 3640 4420 ὑπάρξεως
3683 4345 3752 4400 τὸ

2083 4434 2493 4511 τεχνούργήμαο
2548 4434 2897 4510 προϋπάρχει
2954 4434 3056 4508 γὰρ
3107 4433 3134 4486 ὁ
3181 4433 3439 4509 τεχνίτης
3498 4438 3597 4488 τοῦ
3657 4434 3753 4489 ὑπ’

2084 4523 2246 4578 αὐτοῦ
2303 4522 2806 4599 τεχνουργουμένου
2865 4521 3208 4599 πράγματος·
3269 4520 3490 4597 ὕστερον
3556 4519 3615 4577 δὲ
3643 4529 3750 4578 πᾶν

2085 4611 2434 4686 ἀποτέλεσμα
2475 4618 2578 4682 τῆς
2627 4612 2818 4667 ἑαυτοῦ
2865 4613 3163 4681 ποιητικῆς
3194 4610 3370 4674 αἷτίας
3400 4609 3453 4683 ἐξ
3485 4611 3751 4687 ἀνάγκης.

2007 4743 2055 4807 D
2085 4700 2262 4758 Ἀλλὰ
2289 4705 2458 4757 ταῦτα
2493 4701 2587 4776 μὲν
2621 4699 2710 4756 ἐπὶ
2736 4705 3016 4757 τοσοῦτον.

2156 4971 2257 5034 κς’.
2305 4967 2452 5026 Ἐπεὶ
2505 4968 2551 5025 δ’
2601 4969 2781 5024 ἐπάνω
2828 4973 2926 5025 τοῦ
2973 4969 3351 5046 στερεώματος
3406 4965 3553 5046 ὕδωρ
3607 4968 3748 5025 εἶναι

2084 5058 2438 5130 πολυπληθες
2469 5062 2503 5129 ἡ
2551 5057 2668 5114 θεία
2715 5056 2951 5114 διδάσκει
2988 5060 3200 5136 Γραφή,
3231 5059 3372 5120 τινὲς
3403 5055 3448 5113 δ’
3479 5055 3744 5114 ἀδύνατον

2085 5146 2287 5203 οἷόνται
2337 5150 2434 5218 τὴν
2476 5153 2572 5203 τοῦ
2621 5145 2815 5211 ὕδατος
2865 5147 3019 5226 φύσιν
3081 5147 3258 5220 μένειν
3295 5147 3380 5203 ἐπὶ
3413 5152 3511 5203 τοῦ
3540 5153 3746 5224 κυρτοῦ

2080 5245 2179 5307 τῆς
2258 5237 2506 5315 σφαίρας,
2581 5236 2744 5313 ῥυτήν
2827 5235 2985 5292 οὖσαν
3074 5237 3162 5292 καὶ
3257 5234 3578 5312 εὐδιάχυτον
3651 5238 3746 5292 καὶ

2080 5333 2391 5404 κατωφερῆ·
2441 5328 2541 5395 τὴν
2602 5325 2744 5380 θείαν
2797 5325 3139 5381 ἐννοείτωσαν
3197 5326 3345 5380 οὗτοι
3408 5323 3745 5382 παντοδύνα-

2085 5437 2184 5487 μον
2233 5416 2323 5470 καὶ
2375 5411 2747 5491 ὑπερδύναμον
2807 5413 3056 5489 δύναμιν,
3107 5415 3229 5484 ἥτις
3281 5414 3436 5490 ἰσχὺν
3490 5414 3742 5486 ἐνέθηκεν

2083 5500 2529 5580 ὑπερϐάλλουσαν
2584 5505 2674 5560 καὶ
2729 5509 2811 5579 τῷ
2868 5505 3224 5583 στερεώματι,
3267 5502 3581 5576 κωλυτικὴν
3638 5507 3743 5577 τῆς
