4114 6442
327 362 486 430 1229

1649 362 2002 428 EPITOME
2046 367 2410 432 PHYSICA.

3589 373 3745 434 1230

325 504 425 558 τοῦ
475 497 670 560 ὕδατος
717 495 806 553 ἐπὶ
851 496 915 552 τὸ
963 493 1110 552 κάτω
1157 501 1348 575 φορᾶς.
1383 499 1482 552 Διὰ
1527 500 1689 552 τοῦτο
1734 496 1838 573 γὰρ
1887 495 1977 552 καὶ

2097 517 2222 573 quae
2279 503 2831 561 excellentissimam
2865 503 3286 562 ﬁrmitudinem
3316 504 3492 562 etiam
3551 505 3752 562 firma-

329 587 613 667 στερέωμα
675 583 960 656 κέκληται,
1005 585 1080 648 ὡς
1154 587 1366 664 στερεὸν
1419 587 1509 642 καὶ
1585 587 1838 663 κραταιὸν
1890 587 1980 642 καὶ

330 677 630 736 ἆνὲνδοτον.
666 677 875 732 Ἐκεῖνο
909 675 1003 748 μὲν
1047 672 1137 730 οῦν
1177 676 1240 731 τὸ
1287 673 1434 753 ὕδωρ
1484 673 1810 732 λεπτότατόν
1871 675 1981 731 ἐστι

327 769 418 825 καὶ
465 765 824 845 κουφότατον,
857 763 935 828 ὡς
980 764 1324 839 προείρηται,
1373 765 1572 828 παντὸς
1622 762 1838 827 ὕδατος·
1900 763 1984 819 ὅτι

330 855 706 932 δημιουργικῇ
734 852 1022 928 προστάξει
1067 851 1204 909 κατά
1247 875 1368 909 τινα
1408 855 1521 910 οἷον
1578 853 1832 926 διήθησιν
1889 858 1984 908 τοῦ

331 949 629 1024 ὁμογενοῦς
689 941 1041 1019 διακέκριται,
1089 943 1179 998 καὶ
1250 941 1439 1006 ἁπλῶς
1509 942 1676 998 εἰπεῖν
1745 940 1985 1016 ὑδατηρᾶ

329 1035 561 1105 ποιότης
587 1039 708 1096 ταῖς
739 1037 837 1087 τοῦ
865 1031 1036 1107 πυρὸς
1091 1033 1290 1108 ὁρμαῖς
1340 1031 1790 1110 ἀντιπράττουσα.
1823 1028 1983 1086 Λεδό-

333 1126 442 1180 σθω
474 1121 533 1178 δὲ
557 1122 620 1178 τὸ
652 1118 798 1198 ὕδωρ
831 1120 1000 1176 ἐκεῖνο
1029 1120 1120 1175 καὶ
1151 1120 1462 1196 παχύτερον
1498 1121 1630 1176 εἶναι
1679 1121 1770 1176 καὶ
1825 1121 1985 1196 βαρύ-

330 1233 484 1288 τερον
511 1211 602 1267 καὶ
631 1209 939 1288 κατωφερὲς
969 1210 1058 1264 καὶ
1089 1210 1308 1288 φοινικῆ
1342 1207 1471 1285 ἕχον
1529 1210 1725 1286 ῥοπὴν,
1757 1210 1894 1286 πρὸς
1921 1210 1986 1264 τὸ

334 1299 661 1358 ἐπιπολάσαι
717 1302 787 1374 τῇ
845 1303 942 1374 γῇ,
991 1297 1043 1353 τί
1099 1299 1162 1354 τὸ
1220 1298 1493 1368 ὲντεῦθεν;
1555 1299 1704 1354 Ἐπεὶ
1758 1297 1981 1369 τοιαύτη

334 1389 474 1446 ἐστὶν
539 1391 574 1459 ἠ
632 1386 790 1466 φύσις
862 1391 958 1442 τοῦ
1033 1389 1408 1464 στερεώματος
1483 1386 1674 1464 οἵαπερ
1752 1383 1984 1461 εἷ’ρηται,

332 1471 733 1558 περιλαμϐάνει
774 1482 942 1532 πᾶσαν
997 1477 1095 1546 τήν
1143 1483 1370 1554 σφαῖραν
1419 1478 1510 1532 καὶ
1558 1476 1762 1546 ταύτης
1808 1476 1986 1553 ἐξεχε-

331 1589 422 1624 ται
466 1567 560 1624 τὸν
612 1566 811 1622 οἰκεῖον
861 1565 1026 1620 τόπον
1078 1565 1413 1640 πανταχόθεν
1467 1569 1682 1638 ζητοῦν,
1713 1564 1804 1620 καὶ
1843 1565 1988 1620 οὕτω

333 1655 502 1732 ταύτῃ
549 1653 1027 1734 συμπεριφέρεται.
1076 1655 1146 1709 Τὸ
1195 1652 1240 1708 δ’
1283 1653 1364 1709 ὅτι
1416 1655 1676 1730 περιέσχε
1738 1652 1831 1708 τὸν
1903 1653 1990 1708 οὐ·

339 1745 499 1822 ρανὸν
545 1749 737 1802 τοῦτον
785 1744 878 1799 τὸν
932 1741 1178 1818 δεύτερον
1209 1745 1245 1812 ἡ
1281 1743 1586 1822 ὑπερσοφος
1633 1743 1864 1820 πρόνοια
1907 1747 1988 1816 τῷ

333 1833 572 1908 τοιούτῳ
635 1831 809 1904 ὕδατι,
877 1829 1101 1905 δυνάμει
1168 1837 1460 1908 προσεχῶς
1536 1828 1769 1908 εἷ’ρηται.
1838 1831 1987 1887 Ἐπεὶ

337 1924 442 2000 γὰρ
472 1923 760 1998 ἀναγκαῖον
788 1925 854 1991 ἦν
885 1921 948 1976 τὸ
977 1925 1084 1998 πῦρ
1129 1925 1236 1976 τῶν
1286 1920 1398 1976 ἄνω
1447 1919 1714 1994 σωμάτων
1765 1920 1988 1997 ἐπικρα-

335 2017 472 2086 τεῖν,
503 2011 580 2074 ὡς
629 2011 688 2066 ἂν
741 2011 802 2066 ἐκ
854 2011 1234 2086 προσήκοντος
1287 2008 1655 2084 διαστήματος
1709 2015 1990 2086 ζωογονῆ-

573 2101 589 2123 κ
793 2099 806 2155 ί
1506 2099 1520 2116 \
1635 2105 1658 2115 υ
1760 2097 1784 2120 ﬂ

336 2124 426 2159 ται
500 2123 591 2156 και
667 2123 782 2179 φωτ
814 2105 968 2171 ζηται
1037 2097 1408 2170 καταλλήλως
1465 2120 1529 2154 το
1589 2121 1714 2170 παν,
1771 2120 1853 2154 ινα
1913 2100 1988 2172 μὴ

341 2189 527 2254 ἄλλως
564 2191 784 2268 γένηται
835 2187 1068 2268 φροῦδον
1119 2187 1208 2244 διὰ
1255 2189 1354 2258 τήν
1410 2189 1591 2262 ἀκμὴν
1649 2192 1748 2244 τοῦ
1797 2189 1988 2266 πυρὸς,

341 2277 515 2352 ἔταξεν
549 2281 578 2334 ὁ
607 2279 772 2357 σοφὸς
818 2277 1152 2354 δημιουργὸς
1200 2278 1290 2333 καὶ
1339 2277 1602 2353 συνοχεὺς
1645 2281 1742 2332 τοῦ
1790 2277 1990 2340 παντὸς

339 2371 401 2426 τὸ
431 2367 676 2442 δηλωθὲν
727 2367 872 2441 ὕδωρ
914 2365 1112 2423 ἄνωθεν
1179 2367 1644 2422 ἀντικαθίστασθαι
1701 2371 1780 2439 τῷ
1836 2367 1990 2443 πυρὶ,

340 2458 430 2515 καὶ
481 2455 572 2513 διὰ
625 2461 732 2512 τῶν
799 2455 1052 2512 ἐναντίων
1114 2457 1425 2527 ποιοτήτων
1491 2455 1842 2532 καταθραύειν
1897 2455 1994 2518 τὰς

345 2546 600 2622 δυνάμεις
639 2545 822 2602 αὐτοῦ·
873 2543 964 2600 καί
1020 2543 1164 2600 οὕτω
1213 2542 1486 2618 διαμένειν
1529 2546 1593 2600 τὸ
1632 2544 1847 2618 σύμπαν
1903 2545 1994 2618 μὲ-

2095 595 2292 646 mento
2347 590 2581 661 indidit,
2639 609 2751 664 quo
2781 609 2935 665 aqua
2965 593 3324 663 cohibeatur,
3357 609 3429 650 ne
3469 595 3748 650 deorsum

2092 678 2404 736 laberetur.
2435 685 2763 754 Eapropter
2790 682 2947 738 enim
2978 681 3158 738 etiam
3190 683 3629 738 firmamentum
3659 687 3752 739 est

2091 773 2383 832 vocatum,
2415 771 2569 842 quod
2601 771 2841 826 ﬁrmum
2870 771 2947 826 sit
2975 776 3032 826 et
3071 770 3356 840 validum,
3390 770 3750 843 minimeque

2093 857 2326 914 cedens.
2362 857 2466 914 Illa
2504 859 2686 931 igitur
2741 875 2896 931 aqua
2949 859 3300 916 tenuissima
3350 863 3407 916 et
3452 857 3750 917 levissima

2095 951 2204 1016 est,
2239 950 2302 1000 ut
2333 952 2469 1003 ante
2501 947 2750 1020 dictum,
2783 948 3049 1004 omnium
3082 965 3365 1020 aquarum
3397 965 3410 1016 ;
3445 948 3585 1020 quia
3614 964 3748 1004 con-

2095 1035 2303 1090 ditoris
2325 1037 2500 1108 jussu
2532 1037 2858 1093 secundum
2893 1037 3150 1109 aliquam
3178 1037 3359 1093 veluti
3407 1036 3746 1094 distillatio-

2096 1139 2229 1180 nem
2263 1126 2334 1180 ab
2365 1141 2434 1180 ea
2464 1141 2592 1198 quae
2622 1127 2888 1198 ejusdem
2921 1127 3174 1198 generis,
3207 1131 3508 1200 segregata
3535 1133 3658 1194 est;
3691 1129 3750 1182 et

2097 1219 2162 1268 ut
2182 1212 2528 1286 simpliciter
2548 1215 2958 1288 dicam,aquea
2979 1215 3233 1287 qualitas
3254 1215 3573 1288 impetibus
3593 1213 3748 1288 ignis

2097 1301 2413 1359 obsistens.
2464 1303 2676 1358 Datum
2710 1309 2909 1360 autem
2967 1303 3162 1373 fuerit,
3222 1305 3378 1377 quod
3436 1302 3542 1360 illa
3599 1320 3750 1376 aqua

2097 1392 2273 1448 etiam
2333 1392 2582 1449 crassior
2627 1398 2686 1449 et
2721 1395 2954 1466 gravior
2984 1394 3082 1462 sit,
3136 1398 3194 1450 et
3245 1394 3522 1450 deorsum
3551 1392 3749 1450 labilis

2098 1480 2546 1553 naturalemque
2575 1481 2786 1538 habeat
2816 1481 3279 1550 inclinationem,
3315 1487 3380 1538 ut
3413 1487 3578 1539 terra:
3609 1499 3750 1556 pos-

2098 1573 2189 1624 set
2215 1569 2557 1625 incumbere
2589 1587 2601 1626 :
2637 1570 2778 1642 quid
2804 1569 2940 1626 inde
2969 1570 3224 1643 amplius
3245 1571 3274 1626 7
3310 1571 3597 1636 Quoniam
3627 1571 3752 1626 haec

2097 1662 2190 1714 est
2219 1663 2429 1714 natura
2459 1659 2812 1715 firmamenti
2841 1677 2964 1731 quae
3011 1659 3170 1716 dicta
3197 1665 3306 1731 est,
3338 1663 3522 1716 totam
3554 1659 3747 1733 sphae-

2099 1763 2224 1803 ram
2258 1747 2526 1818 ambit,et
2550 1749 2622 1804 ab
2655 1765 2724 1804 ea
2751 1749 3136 1821 suspenditur
3155 1765 3331 1806 suum
3364 1749 3750 1822 undiquaque

2099 1834 2294 1892 locum
2324 1853 2614 1908 quaerens,
2647 1841 2706 1892 et
2735 1838 2819 1893 sic
2867 1854 3002 1894 cum
3033 1838 3162 1910 ipsa
3219 1839 3440 1910 pariter
3495 1838 3749 1896 circum-

2099 1925 2303 1980 fertur.
2337 1929 2460 1990 Qua
2489 1931 2686 1981 autem
2737 1927 2883 1983 277
2922 1928 2994 1981 de
3045 1943 3226 1983 causa
3254 1927 3468 1983 coelum
3518 1927 3628 1983 hoc
3659 1943 3751 1982 se-

2102 2014 2362 2068 cundum
2392 2031 2628 2069 omnem
2653 2014 3004 2086 sapientiam
3025 2032 3382 2088 exsuperans
3405 2015 3602 2072 divina
3625 2031 3755 2086 pro-

2103 2101 2375 2173 videntis,
2425 2103 2784 2172 ejuscemodi
2823 2120 2974 2174 aqua
3003 2104 3362 2160 continuerit
3391 2103 3565 2176 paulo
3619 2107 3756 2160 ante

2101 2194 2388 2264 potestate
2417 2191 2640 2248 dictum
2673 2198 2784 2249 est.
2829 2193 3118 2258 Quoniam
3166 2194 3324 2250 enim
3356 2193 3754 2250 necessarium

2100 2286 2246 2345 erat,
2277 2285 2343 2336 ut
2393 2280 2548 2352 ignis
2578 2281 2980 2354 superioribus
3031 2283 3374 2356 corporibus
3423 2282 3755 2340 dominare-

2100 2374 2288 2439 tur,ut
2317 2371 2400 2426 ita
2428 2387 2497 2426 ex
2526 2371 2905 2428 conveniente
2929 2370 3234 2429 intervallo
3263 2372 3444 2428 vitam
3472 2375 3530 2428 et
3557 2372 3756 2427 lumen

2102 2462 2492 2514 consentanea
2539 2459 2790 2532 accipiat
2855 2461 3196 2516 universum
3237 2485 3252 2528 ;
3299 2475 3372 2516 ne
3433 2476 3602 2517 secus
3657 2459 3762 2515 fiat

2103 2546 2413 2602 evanidum
2435 2549 2842 2620 propterignis
2861 2549 3290 2606 vehementiam
3319 2567 3333 2618 ;
3366 2548 3498 2606 ideo
3523 2546 3760 2621 sapiens

342 2657 440 2714 χρι
473 2633 778 2698 συντελείας
809 2629 1216 2704 ἀδιαλώϐητον.

2103 2635 2360 2692 universi
2391 2636 2658 2692 conditor
2685 2642 2742 2694 et
2773 2642 3134 2694 sustentator
3171 2639 3498 2710 expositam
3541 2653 3755 2708 aquam

341 2727 430 2785 sic
458 2725 780 2794 collocavit,
813 2730 880 2782 ut
903 2740 1155 2796 superne
1185 2723 1308 2797 igni
1339 2724 1670 2790 obsisteret,
1703 2729 1760 2780 et
1791 2723 2098 2780 contrariis
2126 2723 2506 2795 qualitatibus
2535 2725 2687 2782 vires
2718 2727 2909 2798 ipsius
2937 2726 3318 2800 infringeret;
3351 2743 3418 2782 ac
3447 2727 3530 2782 ita
3567 2730 3760 2784 totum

346 2817 686 2874 universum
719 2815 792 2871 ad
823 2813 1394 2872 consummationem
1419 2830 1603 2885 usque
1631 2813 2093 2871 illabefactatum
2123 2819 2511 2886 permaneret.

1621 3063 1965 3120 SYNOPSIS
2003 3033 2277 3120 CAPITIS
2315 3062 2486 3119 xxv.

1525 3177 1680 3225 QUOD
1717 3177 1818 3218 EST
1855 3177 1927 3216 DE
1963 3177 2200 3217 ᾹΠἮΕΒΕ
2235 3177 2303 3216 ET
2341 3177 2584 3218 STELLIS.

353 3289 408 3348 l.
451 3287 595 3357 Quid
619 3288 696 3344 sit
719 3287 891 3344 wther
935 3295 986 3344 et
1013 3286 1155 3343 unde
1201 3287 1443 3344 dicatur.
1476 3317 1543 3328 -—
1588 3289 1644 3342 2.
1679 3286 1882 3358 Corpus
1906 3287 2197 3343 aetherium
2251 3288 2574 3344 universum
2615 3289 2718 3342 etsi
2767 3295 2849 3343 est
2892 3287 3140 3358 ejusdem
3185 3292 3449 3351 naturae;
3474 3289 3536 3344 in
3563 3287 3770 3345 aethere

425 3364 609 3416 tamen
641 3363 693 3414 et
748 3360 924 3416 stellis
953 3359 1130 3432 quoad
1185 3358 1510 3432 densitatem
1537 3361 1590 3413 et
1643 3360 1882 3414 colorem
1915 3359 2379 3432 estgdi/jerentia,
2413 3375 2728 3432 quanquam
2786 3361 2844 3414 in
2887 3361 3022 3431 ipsis
3075 3360 3248 3414 stellis
3303 3360 3481 3432 quoad
3535 3361 3770 3417 colorem

425 3436 667 3504 tantum,
699 3440 762 3486 ut
787 3445 912 3504 qua?
947 3429 1178 3504 pariter
1205 3446 1390 3504 omnes
1419 3429 1606 3486 densae
1633 3432 1762 3504 sint.
1795 3462 1865 3471 —
1893 3431 1948 3504 3.
1999 3429 2185 3486 Stellae
2218 3435 2342 3485 sunt
2393 3429 2756 3504 νὸιιιηᾱξιυηιιι
2802 3429 3058 3504 exemplo
3087 3436 3240 3488 tunae
3289 3429 3568 3504 drguitur,
3599 3447 3769 3503 quam

423 3503 724 3575 rotundam
772 3501 1446 3575 esseilluminationeset
1473 3503 1846 3575 apparitiones
1898 3503 2016 3574 ejus
2043 3505 2337 3558 testantur.
2370 3532 2440 3542 —-
2492 3503 2543 3556 4.
2575 3501 2768 3558 Stellae
2811 3503 3053 3573 singula?
3079 3505 3214 3574 quia
3263 3501 3506 3575 ejusdem
3549 3501 3770 3559 natura:

425 3580 479 3631 et
509 3573 702 3646 ﬁgurae
759 3573 913 3630 278
939 3582 1069 3630 sunt
1121 3590 1246 3629 cum
1281 3573 1430 3638 caelo,
1459 3573 1824 3646 peculiariter
1854 3573 2031 3646 circa
2057 3589 2224 3629 suum
2280 3589 2446 3646 axem
2473 3645 2477 3646 ί
2501 3577 2556 3628 et
2604 3581 2872 3638 centrum,
2907 3579 2969 3628 ut
3027 3575 3258 3630 Platone
3285 3573 3366 3630 ‘et
3421 3575 3632 3646 auctori
3690 3575 3770 3630 vi-

427 3644 605 3710 detur,
663 3655 968 3718 moventur.
1025 3646 1202 3718 —-_5.
1263 3647 1473 3702 Primae
1527 3645 1782 3718 spherae,
1838 3645 2034 3718 idest
2086 3646 2263 3716 primi
2314 3644 2550 3715 mobilis,
2603 3661 2745 3718 unus
2821 3649 3042 3701 tantum
3095 3654 3174 3701 est
3232 3651 3412 3702 motus
3455 3663 3478 3708 ;
3532 3645 3772 3718 sphaerae

426 3718 735 3790 stetit/erae,
811 3717 870 3772 id
921 3724 1018 3786 est,
1067 3716 1435 3790 ﬁrmamenti
1507 3715 1712 3787 duplex
1752 3733 1792 3790 ;Δ
1817 3715 2116 3790 stellarum
2187 3717 2436 3790 ipsarum
2509 3733 2635 3771 cum
2705 3717 2953 3790 lixarum
3027 3721 3145 3790 tum
3221 3715 3594 3774 erraticarum
3667 3717 3770 3771 tri-

424 3787 586 3861 plex,
634 3790 695 3844 ut
767 3789 983 3844 auctori
1054 3789 1345 3861 Platonem
1390 3790 1692 3861 sequenti
1737 3787 1968 3842 videtur.
2048 3817 2135 3861 —;_
2185 3788 2240 3842 6.
2309 3787 2523 3861 _Causa_
2570 3803 2778 3861 quare
2811 3789 2991 3861 stellae
3067 3789 3202 3845 aliae
3287 3790 3598 3861 inerrantes
3670 3802 3772 3842 seu

431 3858 582 3926 ﬁxae,
641 3861 774 3916 aliae
826 3861 1087 3916 erratica:
1139 3859 1296 3914 dicta
1344 3860 1478 3914 sint.
1535 3889 1606 3900 -—
1658 3859 1714 3914 7.
1769 3861 1960 3930 Quare
2012 3859 2177 3914 stella
2230 3858 2444 3930 palaris
2502 3859 2806 3930 immobilis
2861 3859 3113 3915 videatur
3168 3876 3190 3920 ;
3247 3859 3394 3915 unde
3447 3861 3633 3930 etiam,
3667 3873 3770 3930 po-

422 3931 508 3987 lus
536 3932 778 3987 borealis
824 3931 1178 4002 appellatur;
1203 3947 1312 4001 qua
1357 3931 1638 3986 occasione
1659 3931 1776 4002 poli
1796 3929 2192 4002 deﬁniuntur.
2227 3958 2297 3968 —
2326 3931 2379 3984 8.
2415 3929 2706 4002 Concludit
2734 3929 2800 3984 de
2848 3931 3089 3985 motibus
3129 3929 3568 4002 stellarumtum
3613 3929 3766 3984 iner-

424 4005 675 4074 rantium
717 3999 1269 4074 tum—erraticarum.
1303 4031 1370 4042 —
1399 4002 1454 4056 9.
1491 3999 1766 4074 Numerus
1789 4010 1840 4057 et
1882 3999 2202 4074 magnitudo
2230 4005 2283 4056 et
2329 4000 2458 4074 ordo
2514 4001 2864 4074 sphaerarum
2906 4003 3367 4074 planetariarum,
3419 4001 3770 4074 ipsorumque

423 4076 596 4130 etiam
621 4073 972 4146 planetarum
1015 4073 1244 4146 nomina
1272 4075 1324 4146 et
1349 4081 1537 4146 motus
1573 4072 1846 4146 periodici
1873 4071 2241 4146 exponuntur.
2275 4101 2346 4146 —-_
2379 4073 2492 4146 10._
2516 4073 2577 4146 In
2603 4073 2811 4142 primis
2841 4071 2930 4127 hic
2956 4074 3126 4146 etiam
3154 4073 3241 4146 ide
3270 4071 3478 4146 natura
3522 4071 3773 4142 carparis

425 4143 634 4202 solaris
679 4144 991 4202 disseritur.
1023 4175 1094 4184 —
1125 4145 1211 4199 11.
1263 4143 1656 4209 Ρανίιιιθιίίίά
1700 4148 1798 4216 est,
1839 4143 2250 4216 xquidistantes
2292 4143 2493 4198 circuli
2521 4145 2577 4198 in
2632 4148 2932 4214 apparente
2958 4145 3109 4212 caelo,
3140 4143 3199 4198 id
3243 4152 3342 4211 est,
3398 4144 3768 4216 firmamento,

424 4219 610 4290 primo
656 4218 1047 4290 concipiuntur
1093 4216 1352 4290 quinque,
1397 4214 1957 4290 agitinoctialis,duo
2005 4217 2224 4286 tropici,
2255 4217 2509 4290 creticus
2538 4223 2589 4269 et
2617 4215 3106 4290 antarcticus,‘qui
3138 4216 3201 4270 in
3248 4221 3410 4271 textu
3450 4214 3774 4290 describun-

429 4285 540 4345 tur.
574 4318 645 4328 —
677 4289 762 4344 12.
809 4285 985 4344 tidem
1012 4285 1158 4358 inter
1204 4285 1263 4342 se
1291 4285 1528 4343 invicem
1555 4288 1938 4356 conferuntur,
1967 4285 2374 4358 aequinoctialis
2398 4294 2454 4358 et
2503 4287 2701 4356 tropici
2727 4286 2929 4358 ubique
2976 4285 3145 4342 iidem
3189 4296 3337 4352 sunt,
3367 4286 3462 4342 sed
3503 4286 3697 4342 arctici
3727 4291 3779 4358 et

434 4361 728 4416 antarctici
753 4361 996 4430 variant,
1029 4357 1186 4430 modo
1235 4359 1684 4430 majores.modo
1711 4359 1972 4428 minores,
2005 4360 2180 4414 donec
2229 4356 2444 4430 alicubi
2471 4373 2692 4427 prersus
2739 4356 3100 4430 evanescant;
3129 4373 3318 4414 omnes
3365 4366 3554 4412 autem
3581 4357 3776 4430 paral-

437 4433 534 4488 leli
563 4431 776 4487 eosdem
819 4447 948 4486 cum
975 4428 1197 4500 sphzra
1235 4428 1770 4502 poloshabent.i-—A
1795 4430 1882 4484 13.
1915 4430 2178 4502 Zodiacus
2229 4428 2410 4502 qualis
2437 4433 2489 4484 et
2513 4439 2749 4500 quantus
2801 4432 2871 4486 sit
2909 4429 3258 4502 circulus,iet
3303 4446 3402 4484 cur
3449 4431 3529 4484 ita
3575 4429 3778 4502 dictus,

435 4513 488 4558 et
515 4502 775 4574 quomodo
826 4504 884 4574 in
915 4499 1027 4574 tres
1053 4502 1189 4556 alios
1233 4499 1468 4574 circulos
1515 4499 1918 4556 subdividatur.
1952 4531 2022 4574 έ
2071 4501 2156 4574 14..
2191 4501 2436 4574 Ηρνίχνοη
2465 4499 2691 4574 quis_et
2738 4509 2972 4572 quantus
2994 4501 3282 4574 circulus,
3311 4502 3539 4574 curhita
3583 4499 3781 4574 dictus,

438 4581 492 4630 et
519 4571 620 4629 cur
656 4573 948 4630 'mundum
1005 4573 1160 4630 279
1207 4573 1452 4645 aliosque
1504 4575 1786 4628 maximos
1842 4573 2074 4628 circulos
2125 4572 2186 4627 in
2241 4571 2376 4626 duas
2433 4571 2676 4642 aequales
2729 4571 2913 4645 partes
2969 4572 3196 4628 dividat.
3256 4603 3326 4613 —
3385 4572 3472 4627 15.
3501 4573 3778 4645 Porisma,

441 4645 714 4716 Erraticee
757 4647 931 4702 stellae
960 4660 1144 4700 omnes
1193 4641 1507 4700 inordinata
1556 4652 1610 4700 et
1639 4646 1933 4700 temerario
1983 4646 2135 4698 motu
2163 4657 2273 4698 non
2319 4641 2642 4716 moventur;
2673 4641 2767 4698 sed
2811 4643 2898 4698 sol
2919 4645 3140 4716 quidem
3183 4659 3395 4715 semper
3418 4644 3520 4698 sub
3563 4641 3789 4716 Zodiaci

441 4715 625 4788 medio
651 4717 885 4788 circulo,
919 4719 1017 4788 qui
1043 4718 1211 4772 etiam
1239 4716 1509 4788 ecliptica
1560 4719 1824 4788 vocatur,-
1854 4715 2038 4772 ceeteri
2065 4717 2247 4788 autem
2273 4715 2514 4788 planetae
2545 4715 2694 4788 ultra
2725 4723 2778 4788 et
2803 4714 2942 4770 citra
2972 4717 3130 4771 illum
3155 4714 3452 4788 circulum,
3477 4714 3574 4770 sed
3603 4725 3790 4788 tamen

441 4787 654 4857 singuli
698 4788 848 4843 intra
869 4783 1048 4844 certos
1097 4788 1298 4844 limites
1345 4789 1446 4842 sub
1473 4787 1707 4843 Zodiaco
1747 4795 2049 4842 moventur.
2083 4783 2285 4840 -16ξ
2323 4787 2550 4841 Limites
2600 4787 2692 4840 illi
2738 4786 3098 4855 digressionsz
3143 4787 3496 4857 planetarum
3525 4803 3561 4840 (ι
3607 4783 3790 4857 medio

444 4805 531 4844 sm
567 4805 652 4842 uti
698 4805 848 4843 intra
879 4805 1048 4844 certos
1097 4805 1298 4844 nmues
1345 4805 1446 4842 suo
1473 4805 1707 4843 coataco
1747 4805 2049 4842 movemur.
2083 4816 2152 4825 —
2183 4805 2270 4840 10.
2323 4805 2550 4841 bzmtws
2600 4805 2690 4840 ιιιι
2738 4805 3098 4855 azgressmms
3143 4805 3496 4857 planetarum
3525 4805 3561 4840 α
3607 4805 3788 4839 meaw

444 4805 670 4915 logiaci
724 4861 930 4916 circulo
983 4860 1096 4915 sive
1130 4861 1219 4930 ab
1276 4860 1534 4930 eeliptica
1587 4859 2048 4930 determinantur.
2119 4887 2176 4930 —_
2235 4859 2322 4912 17.
2377 4859 2618 4930 Planelse
2673 4873 2878 4922 omnes,
2937 4863 3142 4928 praeter
3193 4859 3382 4924 solem,
3420 4855 3788 4930 propter‘di-

445 4931 751 5002 gressiones
805 4947 930 4986 suas
958 4929 1195 4986 amedio
1243 4927 1456 5002 circulo
1511 4929 1731 5002 Zodiaci
1765 4931 1912 4985 alias
1969 4930 2098 5002 alte
2137 4927 2397 5002 deprimi,
2449 4929 2587 4984 alias
2641 4927 2945 5002 humiliter
2981 4931 3238 5002 deprimi,
3296 4931 3442 4984 alias
3481 4927 3794 5002 iliumiliter

449 4999 652 5069 attolli,
681 5002 828 5056 alias
855 5002 974 5058 alte
1001 5003 1192 5057 attolli
1218 5001 1496 5058 dicuntur.
1533 5033 1601 5042 —
1633 5001 1718 5056 18.
1751 5003 2001 5058 Planela:
2029 4999 2099 5054 ad
2129 5015 2185 5054 se
2213 5001 2448 5055 invicem
2482 5003 2718 5070 quinque
2762 4999 3382 5070 ﬁgurationibus,'quas
3410 5001 3588 5056 etiam
3633 5013 3791 5070 aspe-

451 5079 576 5132 ctus
605 5077 816 5146 vocant,
866 5074 1202 5146 figurantur,
1235 5090 1354 5144 qum
1403 5075 1566 5128 etiam
1610 5076 1930 5143 geometrice
1973 5080 2024 5128 et
2051 5071 2402 5146 arithmetica
2429 5072 2486 5146 in
2518 5075 2669 5126 textu
2720 5071 3092 5128 declarantur.
3127 5103 3192 5112 -
3244 5073 3330 5128 19.
3367 5072 3489 5146 Tres
3543 5071 3794 5146 ,ςαρηὶοτ

457 5163 542 5202 res
567 5139 830 5217 planetae,
866 5139 1356 5217 'nempe‘b,'2,§Ac-t
1385 5148 1446 5211 απ
1497 5139 1735 5216 itemque
1788 5151 1854 5217 3),
1893 5159 2076 5217 omnes
2121 5143 2362 5217 istarum
2408 5143 2802 5217 ﬁgurationum
2845 5161 2939 5199 seu
2989 5146 3307 5214 aspccluum
3357 5139 3702 5214 differentias
3728 5139 3798 5217 ad

449 5210 618 5274 solem
673 5210 930 5291 subeunt,
976 5210 1032 5272 at
1063 5210 1203 5291 et
1344 5210 1466 5291 non
1501 5210 1652 5270 item:
1682 5225 1752 5291 ἦ
1775 5210 1891 5291 ΞΟ.
1939 5216 2190 5291 Planetw
2232 5213 2442 5282 singuli
2485 5223 2754 5291 quantum
2801 5210 3063 5291 temporis
3105 5218 3346 5286 spatium
3367 5210 3682 5291 fequirant
3710 5210 3801 5291 ad

450 5290 894 5360 conjunctionem
925 5303 1052 5342 eum
1077 5285 1188 5360 {sole
1213 5285 1585 5343 subeundam.
1613 5316 1684 5329 —-
1725 5287 1826 5360 21.
1853 5285 2147 5360 Duodecim
2175 5301 2463 5360 signorum
2489 5289 2722 5360 nomina
2755 5296 2805 5340 et
2853 5285 3193 5342 characteres
3223 5303 3318 5343 seu
3351 5285 3568 5360 ﬁgurae.
3599 5317 3668 5325 —
3707 5285 3798 5338 2'2.

455 5357 662 5431 Quibus
691 5377 754 5414 in
797 5361 1017 5430 punctis
1043 5359 1330 5428 signorum
1358 5367 1414 5414 et
1461 5360 1659 5431 quibus
1690 5359 1828 5431 anni
1867 5357 2216 5431 temporibus
2246 5357 2327 5412 sol
2375 5359 2704 5431 aequinoctia
2733 5363 2787 5431 et
2811 5361 3208 5431 conversiones
3255 5374 3376 5428 qum
3404 5357 3518 5414 alio
3563 5363 3803 5429 respectu

455 5428 625 5490 etiam
673 5428 914 5488 solstitia
945 5433 1224 5498 vocantur,
1274 5428 1484 5500 faciat;
1510 5461 1536 5469 -
1603 5430 1693 5484 23.
1749 5429 1954 5502 Quibus
1977 5429 2252 5502 mensibus
2281 5431 2332 5482 et
2369 5428 2564 5502 diebus
2589 5429 2673 5502 sol
2705 5429 2928 5502 reliqua
2975 5443 3087 5485 octo
3116 5431 3286 5502 signa
3337 5437 3540 5500 prwter
3567 5428 3806 5500 quatuor

455 5503 796 5571 cardinalia,
829 5502 894 5557 de
923 5502 1122 5574 quibus
1162 5499 1339 5574 antea
1366 5502 1594 5574 dictum.
1625 5500 1998 5574 ingrediatur,
2033 5499 2327 5574 secundum
2359 5499 2515 5574 280
2543 5499 2763 5574 quidem
2790 5499 3083 5574 calculum
3114 5499 3434 5574 veteriorem
3482 5499 3592 5574 quo
3615 5507 3810 5574 auctor

457 5559 587 5633 usus
635 5576 736 5631 est.
770 5559 837 5614 έ-
865 5559 955 5628 24ί
991 5573 1200 5628 Divisio
1228 5573 1456 5629 Zodiaci
1496 5559 1797 5628 secundum
1829 5559 2250 5645 longitudinem,
2283 5572 2480 5645 quippe
2533 5559 2630 5641 qui
2679 5571 2966 5645 dividitur
2992 5575 3055 5628 in
3099 5573 3384 5645 duodecim
3423 5559 3606 5645 signa,
3639 5571 3813 5645 et‘si-

458 5664 643 5732 gn_um_
659 5648 722 5704 in
749 5647 989 5732 triginta
1008 5647 1200 5732 partes
1247 5661 1354 5730 seu.
1376 5645 1610 5728 gradus,
1639 5645 1741 5699 hoc
1769 5649 1866 5731 est,
1891 5645 1963 5732 ‘in
2013 5653 2127 5700 tres
2154 5641 2682 5732 decurias’pqrtium
2707 5658 2803 5700 seu
2829 5643 3124 5732 graduum,
3173 5643 3378 5732 gradus
3408 5641 3495 5730 in'
3518 5641 3814 5732 sexaginta

459 5713 682 5782 minuta
701 5713 911 5798 prima,
941 5713 1222 5778 minutum
1256 5713 1507 5794 primum
1535 5717 1596 5773 in
1645 5716 1946 5794 sexaginta
1986 5713 2246 5791 secunda,
2288 5713 2590 5774 secundum
2635 5715 2698 5774 in
2742 5713 3036 5792 senaginta
3083 5713 3266 5792 tertia,
3315 5723 3368 5775 et
3409 5719 3490 5776 sic
3534 5715 3810 5792 deinceps,
