4114 6432
353 411 507 473 1231

1615 404 2040 467 NlCEPHORI
2084 404 2525 470 BLEMMIDE

3619 412 3788 478 1232

422 558 592 615 usque
619 542 749 597 dum
776 541 847 597 ad
876 540 1203 617 duodecima
1246 541 1465 617 minuta
1490 540 1562 617 all
1576 540 1895 617 Austrologis
1923 540 2509 617 pervenitur_,_tametsi
2559 541 2701 597 alios
2718 616 2721 617 ν
2738 540 3049 617 secundum
3074 542 3364 616 physicam
3382 545 3456 617 in
3483 546 3776 617 inﬁnitum

422 612 603 670 omnis
643 613 968 684 magnitudo
1013 612 1189 668 dividi
1214 615 1407 686 possit.
1437 641 1504 654 —
1536 612 1625 666 23.
1657 612 1964 686 Perimeter
2009 628 2110 686 seu
2132 613 2372 686 ambitus
2413 612 2751 686 ﬁrmamenti
2798 612 3084 684 colligitur
3125 612 3195 670 ea:
3237 616 3487 686 partium
3534 612 3778 674 circum-

420 686 695 759 ferentiis.
728 717 798 759 -έ
823 686 927 759 26.
948 686 1013 740 Et
1062 686 1338 759 diametri
1361 683 1725 759 ﬁnnamenti
1747 685 2030 759 quantitas
2059 685 2120 738 in
2162 685 2412 759 partibus
2441 684 2830 759 seugradibus
2877 683 3248 754 investigatur
3267 690 3321 742 et
3366 690 3673 759 colligitur.
3706 722 3780 732 —

418 752 511 812 27.
546 756 729 812 Causa
757 757 955 827 ﬁnali:
981 771 1149 827 quare
1194 756 1369 827 primi
1395 755 1614 810 mobilis
1642 752 1871 825 sphaerae
1921 754 2038 809 suis
2067 752 2305 809 motibus
2334 752 2581 826 propriis
2626 757 2866 827 reliquae
2891 752 3358 813 contrahitantur.
3397 790 3467 800 —
3492 752 3584 815 ΞΒ.
3619 762 3769 818 Duo-

420 829 601 905 decim
628 826 848 905 zodiaci
874 826 1176 905 segmenta,
1198 826 1330 905 qua:
1376 828 1549 881 etiam
1576 827 1735 905 sigﬂna
1763 829 2058 905 uocantur,
2092 841 2200 905 non
2234 827 2402 905 unius
2444 836 2497 905 et
2526 826 2765 898 ejusdem
2812 831 3237 905 temperamenti
3285 838 3486 905 veteres
3516 834 3783 905 astrologi

421 908 483 955 ut
531 901 856 956 Ptolemaeus
898 896 1066 954 etiam
1110 896 1480 953 tradiderunt.
1514 928 1583 937 ——
1610 898 1700 950 29.
1748 898 1898 969 Idem
1955 896 2021 952 de
2071 897 2312 967 planetis
2351 896 2702 969 judicarunt.
2737 930 2803 940 —
2861 896 2951 954 30.
2982 899 3230 956 Planetis
3276 903 3447 958 etiam
3493 919 3626 960 suos
3672 896 3772 960 d5-

419 986 556 1037 mos,
587 971 696 1026 soli
722 980 773 1044 et
807 971 971 1044 luna:
998 970 1269 1044 singulas,
1317 968 1532 1044 caeteris
1563 970 1805 1044 quinque
1829 968 1990 1044 ‘binas
2037 968 2395 1044 tribuerunt,-
2423 972 2557 1041 quin
2589 979 2640 1025 et
2668 970 2924 1044 omnibus
2952 980 3157 1044 septem
3186 973 3436 1044 insuper
3465 983 3517 1030 et
3556 974 3778 1032 mlta-

423 1044 617 1106 tiones,
649 1051 700 1097 et
726 1041 1057 1112 dejectiones
1087 1045 1142 1097 et
1169 1040 1519 1095 adversitates
1566 1056 1662 1095 seu
1691 1040 2026 1112 detrimenta
2054 1040 2445 1110 assignarunt.
2464 1045 2526 1096 ut
2565 1042 2813 1112 exemplo
2842 1042 2973 1097 solis
3006 1040 3129 1099 'Izoc
3175 1041 3289 1099 loco
3331 1040 3670 1103 declaratur.
3703 1078 3776 1088 —

419 1113 509 1188 31.
542 1115 702 1170 Ratio
732 1111 900 1184 quare
926 1113 1131 1188 donis,
1180 1113 1558 1188 exultationes,
1591 1119 1643 1166 et
1689 1111 2020 1188 deiectiones
2065 1119 2116 1166 et
2161 1112 2514 1188 adversitams
2553 1128 2649 1168 seu
2664 1113 3052 1188 Adetrimenta.
3081 1129 3194 1169 non
3242 1120 3467 1188 tantum
3517 1118 3646 1188 soli,
3673 1119 3774 1175 sed

421 1187 596 1241 etiam
624 1187 839 1241 caeteris

887 1185 1150 1260 planetis,
1180 1183 1576 1260 attribuerunt.
1606 1212 1676 1260 _—-
1721 1182 2023 1260 32.0ausa
2070 1198 2239 1260 quare
2260 1184 2380 1260 soli
2392 1192 2445 1260 et
2474 1184 2628 1241 lunae
2656 1184 2804 1260 281
2861 1185 3115 1260 singulas
3149 1189 3372 1243 tantum
3414 1182 3773 1260 domoshton

420 1258 594 1332 etiam
622 1257 781 1312 binas
821 1252 1281 1332 adjudicaueriut,
1312 1259 1372 1310 ut
1412 1255 1649 1332 reliquis
1695 1252 1920 1332 quidem
1965 1252 2226 1332 planetis.
2257 1286 2324 1332 -έ-
2353 1255 2444 1310 33.
2494 1260 2563 1311 In
2607 1258 2785 1328 specie
2812 1252 2982 1312 etiam
3011 1257 3353 1330 reliquorum
3398 1252 3797 1332 planetdrum'

419 1327 628 1399 domos,
654 1323 1038 1396 exultationes,
1069 1327 1396 1397 dejectiones
1425 1330 1480 1382 et
1506 1323 1862 1381 adversitates
1887 1323 1987 1380 seu
2013 1323 2343 1382 detrimenta
2369 1334 2628 1385 recenset.

930 1530 1172 1588 GAPUT
1212 1530 1378 1587 XXV.

869 1626 954 1677 De
981 1620 1179 1677 wthere
1206 1627 1258 1676 et
1285 1619 1485 1675 stellis.

421 1714 475 1776 1.
508 1712 670 1780 Quod
703 1728 737 1768 a
766 1726 1019 1767 convexa
1074 1708 1432 1764 firmamenti
1466 1707 1772 1780 superﬁcie
1802 1707 1875 1763 ad
1908 1705 1998 1762 lu-

347 1802 507 1860 naris
537 1817 721 1873 usque
776 1799 1015 1872 sphaerae
1070 1797 1493 1855 concavitatem
1545 1800 1857 1868 penetrat:
1890 1796 2000 1852 hoc

344 1891 567 1949 scilicet
596 1889 935 1946 universum
969 1887 1149 1944 aether
1177 1884 1505 1958 appellatur
1547 1885 1616 1953 ³³,
1650 1901 1684 1940 a
1715 1889 1997 1957 perpetuo

344 1997 520 2038 cursu
551 1977 941 2052 appellatione
997 1978 1329 2048 desumpta.
1382 1972 1695 2031 Celerrimo
1752 1977 1907 2030 enim
1939 1979 1999 2031 et

345 2068 681 2128 incessabili
713 2071 877 2125 motu
934 2065 1280 2123 naturaliter
1335 2068 1619 2133 movetur,
1659 2068 1734 2132 et,
1796 2067 1861 2119 ut
1902 2080 1994 2119 ra-

342 2159 503 2216 tione
530 2156 788 2215 nominis
818 2155 1020 2213 hahita
1045 2155 1259 2221 dicam,
1292 2154 1529 2210 assidue
1559 2153 1763 2209 currit.

411 2248 467 2305 2.
518 2248 637 2305 Hoc
693 2261 834 2303 sane
884 2260 1099 2317 corpus
1161 2242 1467 2299 aetherium
1539 2241 1879 2298 universum
1938 2246 1995 2299 et

343 2353 549 2397 omnes
578 2333 1073 2404 stellas,essentias
1104 2336 1162 2388 et
1189 2337 1410 2389 natura;
1439 2331 1705 2403 ejusdem
1738 2347 1867 2388 esse
1897 2331 1991 2387 di-

342 2432 485 2484 cunt
509 2424 871 2500 probatiores
892 2422 1114 2496 physici
1133 2420 1607 2489 “Nihilominus
1635 2424 1831 2477 tamen
1865 2437 1987 2477 ma-

340 2516 552 2573 nifesto
581 2516 642 2572 in
672 2513 883 2571 aethere
910 2516 969 2568 et
1007 2510 1356 2579 stellis,cum
1389 2510 1579 2583 quoad
1612 2510 1987 2580 densitatem,

338 2610 467 2662 tum
519 2604 708 2685 quoad
739 2601 990 2659 colorem
1049 2605 1138 2657 est
1188 2598 1538 2656 differentia.
1592 2598 1809 2655 Verum
1868 2598 1989 2654 hinc

339 2694 494 2751 circa
539 2696 832 2758 naturam,
890 2707 1005 2746 non
1065 2692 1285 2745 natura:
1348 2692 1506 2744 sunt.
1578 2686 1773 2758 Neque
1829 2688 1986 2743 enim

338 2798 572 2840 crassus
613 2785 673 2837 et
721 2762 945 2852 nigrior
992 2793 1092 2834 aer
1156 2776 1228 2832 ab
1276 2776 1434 2832 aeria
1488 2778 1699 2831 natura
1750 2779 1988 2848 propter

338 2871 689 2929 densitatem
766 2873 824 2925 et
894 2865 1149 2929 colorem
1206 2864 1561 2921 discesserit.
1621 2863 1727 2919 Illa
1807 2864 1988 2937 igitur

2028 1549 2083 1617 Α

2721 1535 2978 1588 ΚΕΦΔΛ.
3020 1536 3140 1589 KE’.

2523 1617 2654 1695 Περὶ
2694 1618 2909 1694 αἰθέρος
2947 1620 3038 1675 καὶ
3076 1619 3339 1696 ἀστέρων.

2182 1708 2247 1763 α’.
2298 1708 2367 1761 Τὸ
2434 1704 2625 1777 διῆκον
2689 1707 2794 1763 ἀπὸ
2858 1715 2958 1779 τῆς
3020 1715 3224 1786 κυρτῆς
3295 1709 3608 1789 ἐπιφανείας
3667 1717 3769 1768 τοῦ

2109 1796 2485 1870 στερεώματος
2537 1801 2635 1852 τοῦ
2693 1795 2883 1853 κοίλου
2957 1801 3059 1868 τῆς
3127 1797 3461 1871 σεληνιακῆς
3511 1801 3768 1879 σφαίρας,

2104 1888 2266 1938 τοῦτο
2322 1882 2390 1953 δὴ
2444 1886 2689 1941 καλεῖται
2738 1885 2953 1959 σύμπαν
3012 1887 3198 1963 αῗθὴρ,
3233 1886 3294 1943 ἐκ
3339 1893 3438 1944 τοῦ
3478 1887 3585 1945 αἰεί
3655 1892 3774 1947 θεῖν

2103 1973 2203 2041 τὴν
2250 1971 2447 2043 κλῆσιν
2498 1970 2686 2033 λαϐόν.
2754 1974 2983 2053 Φέρεται
3021 1978 3124 2054 γὰρ
3179 1976 3438 2048 ὀξυτάτην
3485 1977 3579 2034 καὶ
3630 1976 3775 2052 ἅλη-

2103 2082 2229 2117 κτον
2260 2063 2427 2140 φορὰν
2461 2069 2701 2142 φυσικῶς
2749 2066 2839 2120 καὶ
2883 2064 2957 2120 ’ίν’
3007 2063 3144 2121 εἷ’πω
3192 2068 3310 2123 κατ’
3358 2062 3536 2142 ὄνομα
3585 2065 3771 2140 διηνε-

2101 2155 2212 2214 κῶς
2244 2153 2456 2228 τρέχει.

2178 2242 2241 2316 β’.
2276 2244 2454 2298 Τοῦτο
2503 2239 2570 2312 δὴ
2617 2243 2680 2298 τὸ
2727 2243 2964 2317 αἶ’θέριον
3016 2242 3145 2299 ὅλον
3197 2249 3358 2319 σῶμα
3408 2245 3498 2301 καὶ
3554 2247 3767 2311 πάντας

2097 2329 2223 2391 τοὺς
2281 2331 2503 2406 ἀστέρας
2558 2339 2656 2402 τῆς
2714 2331 2881 2401 αὐτῆς
2941 2332 3125 2397 οὐσίας
3177 2335 3268 2389 καὶ
3337 2333 3549 2413 φύσεως
3623 2337 3761 2392 εἷναί

2101 2440 2256 2497 φασιν
2310 2420 2364 2473 οἱ
2419 2425 2526 2475 τῶν
2615 2426 2851 2499 φυσικῶν
2931 2419 3319 2499 δοκιμώτεροι.
3379 2422 3535 2494 Πλὴν
3613 2422 3762 2480 ἔστιν

2098 2507 2337 2584 ἐναργῶς
2405 2508 2457 2564 ἐν
2518 2508 2699 2584 ,αἰθέρι
2776 2510 2866 2565 καὶ
2932 2508 3158 2587 ἄστρασι
3214 2509 3449 2590 διαφορὰ
3506 2515 3647 2569 κατά
3700 2534 3762 2570 τε

2097 2596 2408 2667 πυκνότητα
2440 2597 2530 2652 καὶ
2581 2599 3004 2674 χρωματισμόν.
3040 2598 3219 2656 Ἀλλά
3258 2605 3427 2656 ταῦτα
3474 2602 3603 2680 περὶ
3653 2603 3756 2681 φύ-

2098 2707 2178 2740 σιν
2239 2685 2393 2759 εἷσὶν,
2454 2685 2517 2741 οὐ
2575 2686 2780 2765 φύσεις.
2814 2686 2951 2742 Οὐδὲ
3005 2689 3107 2764 γὰρ
3156 2686 3272 2745 οὐδ’
3323 2690 3352 2744 ὁ
3398 2690 3582 2767 παχὺς
3641 2692 3753 2769 ἀήρ

2094 2773 2186 2830 καί
2236 2772 2564 2851 μελάντερος
2626 2774 2845 2847 ἐκσταίη
2907 2776 2966 2832 ἂν
3022 2780 3123 2848 τῆς
3163 2778 3346 2855 ἀερίου
3400 2778 3612 2858 φύσεως
3663 2778 3757 2837 διὰ

2094 2865 2194 2933 τήν
2243 2864 2557 2936 πυκνότητα
2603 2865 2694 2920 καὶ
2759 2865 2851 2921 τὸν
2918 2867 3342 2943 χρωματισμόν.
3386 2869 3450 2923 Ἡ
3505 2870 3600 2942 μὲν
3656 2868 3752 2925 οὖν

337 2960 587 3033 sphera,
619 2974 747 3032 qua
775 2956 1044 3013 inerrans
1072 2955 1302 3010 videtur
1321 2969 1388 3009 ac
1419 2952 1657 3019 dicitur,
1680 2953 1982 3011 densitatis

2099 2928 2349 3022 ἀπλανὴς
2407 2928 2641 3008 δοκοῦσα
2694 2954 2785 3008 καὶ
2839 2928 3109 3031 λενέμένη
3160 2928 3361 3034 σφαῖρα
3415 2928 3758 3030 πυκνότητος

335 3053 396 3107 et
422 3046 633 3105 coloris
655 3045 1029 3103 mediocriter
1046 3043 1227 3099 lucidi
1247 3047 1336 3098 est
1364 3042 1655 3115 particeps
1680 3060 1693 3109 ;
1727 3047 1789 3098 at
1806 3042 1991 3115 sphae-

339 3155 417 3196 ra
446 3134 1053 3207 errantes,rarissimae
1083 3136 1142 3189 et
1166 3131 1486 3205 perspicuas
1516 3136 1574 3186 et
1603 3130 1813 3188 coloris
1862 3148 1991 3188 om-

340 3228 484 3285 nino
512 3229 813 3299 expertes;
849 3222 1030 3279 stellaa
1064 3226 1261 3277 autem
1301 3236 1508 3276 omnes
1537 3226 1595 3276 et
1623 3221 1816 3276 densae
1850 3225 1991 3277 sunt

339 3320 399 3373 et
426 3315 654 3372 lucidas.
687 3313 973 3370 Ceterum
1021 3309 1211 3382 quoad
1269 3309 1620 3365 densitatem
1669 3310 1823 3366 282
1865 3310 1990 3382 qui-

338 3406 475 3461 dem
505 3401 653 3460 nihil
683 3401 961 3458 diﬂ'eruut
1004 3400 1310 3471 (quotquot
1350 3397 1506 3454 enim
1555 3397 1737 3454 stellas
1787 3399 1989 3457 stellas

337 3493 537 3552 subire
588 3494 855 3565 possunt,
882 3488 1059 3545 simili
1094 3504 1298 3544 omnes
1329 3488 1550 3544 ratione
1586 3487 1779 3544 visum
1812 3490 1987 3547 nobis

331 3581 742 3654 intercipiunt,
787 3584 853 3635 ut
901 3594 1265 3650 nequaquam
1297 3576 1495 3633 videre
1525 3593 1631 3632 nos
1684 3577 1985 3648 possimus

330 3672 484 3731 ullas
512 3670 734 3739 stellas,
766 3685 914 3741 quas
945 3666 1072 3724 alia;
1102 3665 1536 3739 qualescunque
1578 3667 1890 3736 subeunt);
1924 3673 1985 3724 at

326 3762 517 3836 quoad
546 3759 919 3833 splendorem
952 3756 1142 3812 multa
1170 3760 1260 3812 est
1291 3754 1593 3811 stellarum
1626 3755 1699 3811 ad
1732 3756 1980 3812 invicem

325 3849 675 3909 differentia.

394 4031 566 4088 3.Sed
595 4033 654 4087 et
698 4028 839 4102 ipsis
868 4026 1119 4100 ﬁguram
1146 4024 1365 4081 habent
1385 4022 1753 4097 sphmricam,
1778 4041 1977 4096 quem-

324 4119 646 4178 admodum
675 4117 786 4174 hoc
815 4134 849 4173 a
901 4114 1045 4171 luna
1091 4117 1356 4186 apparet,
1412 4129 1588 4184 quam
1619 4112 1810 4185 ipsius
1841 4112 1975 4168 illu-

323 4208 680 4266 minationes
730 4204 1118 4263 orbicularem
1173 4219 1304 4259 esse
1358 4205 1669 4271 testantur.
1726 4202 1886 4266 Quod
1922 4203 1972 4259 si

2104 3040 2322 3118 μετέχει
2376 3042 2466 3097 καὶ
2522 3042 2825 3119 χρώματος
2881 3043 3065 3119 ἠρέμα
3120 3041 3402 3122 λαμπροῦ.
3443 3046 3758 3103 Μανόταται

2101 3128 2158 3184 δὲ
2208 3130 2298 3185 καὶ
2364 3128 2640 3209 διαφανεῖς
2713 3130 2804 3185 καὶ
2880 3132 3297 3208 ἀχρωμάτιστοι
3352 3133 3633 3198 παντελῶς
3694 3137 3755 3191 αἱ

2097 3217 2447 3293 πλανώμεναι
2524 3226 2745 3298 σφαῖραι
2827 3222 3210 3297 τυγχάνουσιν·
3292 3224 3347 3278 οἱ
3422 3222 3470 3279 δ’
3532 3224 3755 3303 ἀστέρες

2097 3308 2287 3364 πυκνοί
2342 3330 2401 3365 τε
2456 3308 2545 3363 καὶ
2604 3307 2852 3386 λαμπροὶ
2918 3312 3115 3374 πάντες
3178 3311 3325 3367 εἰσίν.
3379 3311 3555 3370 Ἀλλὰ
3617 3317 3761 3371 κατὰ

2094 3398 2192 3467 τὴν
2220 3397 2533 3469 πυκνότητα
2592 3397 2684 3471 μὲν
2744 3397 2844 3454 οὐκ
2889 3399 2949 3453 ἃν
3003 3397 3271 3471 ἀλλήλων
3323 3398 3579 3458 διοίσοιεν
3611 3402 3757 3475 (ὅσοι

2094 3488 2194 3562 γὰρ
2250 3491 2356 3541 τῶν
2435 3487 2672 3560 ἀστέρων
2758 3488 3079 3565 ὑποτρέχειν
3163 3488 3389 3566 ἀστέρας
3478 3489 3753 3567 δύνανται,

2093 3575 2283 3638 πάντες
2344 3575 2553 3648 ὁμοίως
2597 3581 2717 3638 ταῖς
2776 3572 2958 3650 ὄψεσιν
3016 3576 3436 3653 έπιπροσθοῦσιν
3489 3581 3641 3655 ὑμῖν·
3676 3582 3753 3645 ὡς

2096 3661 2360 3737 μηδόλως
2396 3664 2603 3740 ἰσχύειν
2651 3667 2800 3738 ἡμᾶς
2832 3666 2959 3743 ὁρᾷν
2987 3665 3116 3729 τοὺς
3150 3667 3237 3745 ὑφ’
3269 3666 3398 3723 ο⁹ίων
3452 3666 3520 3741 δή
3590 3691 3757 3727 τινων

2092 3752 2329 3829 ἀστέρων
2415 3752 2880 3830 ὑπετρεχομένους
2972 3755 3243 3833 ἀστέρας)·
3301 3758 3439 3813 κατὰ
3521 3756 3580 3814 δὲ
3644 3761 3748 3830 τήν

2090 3840 2457 3918 λαμπρότητα
2502 3840 2689 3914 πολλή
2738 3843 2821 3906 τίς
2880 3843 3020 3900 ἐστιν
3072 3847 3107 3915 ὴ
3156 3850 3265 3901 τῶν
3321 3848 3559 3924 ἀστέρων
3607 3850 3751 3925 πρὸς

2087 3929 2375 4003 ἀλλήλους
2406 3929 2656 4009 διαφορά.

2155 4022 2221 4098 γ’,
2279 4027 2486 4097 Σχῆμα
2569 4019 2626 4076 δὲ
2707 4021 2994 4092 κέκτηνται
3035 4023 3124 4078 καὶ
3205 4023 3359 4079 αὐτοὶ
3433 4027 3747 4105 σφαιρικὸν,

2083 4111 2263 4174 καθὼς
2295 4109 2401 4165 ἀπὸ
2429 4117 2532 4179 τῆς
2578 4107 2812 4181 σελήνης
2858 4110 3100 4190 φαίνεται
3145 4116 3307 4168 τοῦτο
3357 4113 3746 4192 σφαιροειδοῦς

2087 4199 2537 4276 μαρτυρουμένης
2623 4198 2684 4254 ἐκ
2752 4203 2860 4254 τῶν
2935 4200 3107 4272 αὐτῆς
3187 4207 3509 4281 φωτισμῶν.
3559 4205 3626 4259 Εἰ
3686 4202 3748 4262 δὲ

324 4302 522 4356 autem
550 4296 695 4353 luna
721 4292 1069 4352 orbicularis
1097 4296 1208 4359 est,
1267 4295 1325 4348 et
1354 4295 1572 4348 cmteraa
1603 4290 1784 4346 stellis
1816 4292 1970 4348 orbi-

2099 4286 2434 4367 τφαιροειδὴς
2466 4291 2501 4358 ἡ
2532 4286 2760 4361 σελήνη,
2792 4288 2883 4344 καὶ
2914 4290 2968 4345 οἱ
3017 4289 3204 4346 λοιποὶ
3256 4291 3473 4369 ἀστέρες
3526 4293 3630 4349 εἶεν
3682 4295 3745 4349 ἂν

322 4386 553 4444 culares
612 4388 802 4442 erunt.
892 4382 1169 4454 Ejusdem
1244 4380 1402 4437 enim
1470 4396 1675 4437 omnes
1749 4384 1972 4437 naturae

2099 4375 2298 4441 πάντως
2344 4374 2730 4456 σφαιροειδεῖς.
2775 4383 2884 4449 Τῆς
2931 4379 3098 4450 αὐτῆς
3158 4381 3260 4458 γὰρ
3311 4381 3522 4460 φύσεως
3571 4384 3747 4438 ἅπαν-

320 4480 478 4535 ειιιιι·
840 4539 845 4543 ,

2099 4488 2188 4530 τες.

388 4566 443 4621 4.
476 4564 638 4632 Quod
671 4563 719 4619 si
767 4578 902 4619 vero
949 4562 1152 4617 eadem
1204 4575 1338 4615 cum
1369 4557 1513 4615 cmlo
1573 4563 1785 4615 natura
1813 4576 1970 4615 com-

2153 4554 2216 4615 δ’.
2250 4556 2312 4612 Εἰ
2344 4554 2402 4611 δὲ
2430 4556 2520 4611 καὶ
2547 4560 2626 4629 τῷ
2673 4555 2886 4631 οὐρανῷ
2929 4560 3030 4627 τῆς
3079 4557 3248 4629 αὐτῆς
3294 4564 3745 4635 κεκοινωνήκασι
3798 4568 3801 4569 ⁷

316 4654 644 4721 municant,
675 4653 997 4722 eademque
1027 4651 1217 4722 ﬁgura
1248 4649 1488 4721 praedita
1518 4654 1659 4704 sunt
1693 4665 1707 4717 ;
1756 4648 1971 4705 rationi

2099 4645 2326 4723 θύσεως,
2399 4645 2491 4700 καὶ
2588 4650 2669 4718 τῷ
2750 4646 2898 4718 αὐτῷ
2987 4647 3376 4727 μεμόρφωνται
3462 4653 3742 4727 σχήματν

314 4749 776 4802 consentaneum
805 4746 894 4796 est
922 4739 981 4794 in
1013 4739 1241 4812 primis,
1296 4737 1478 4809 ipSas,
1531 4743 1596 4793 ut
1652 4737 1813 4793 Plato
1844 4738 1968 4794 exi-

2099 4739 2184 4790 τῶν
2264 4733 2676 4811 εὐλογωτάτων,
2733 4734 2952 4810 αὐτοὺς,
3004 4737 3079 4799 ὡς
3153 4734 3529 4813 ὑπολαμϐάνει
3587 4738 3744 4796 Πλά-

313 4831 874 4900 stimat",eumdem
898 4845 1032 4885 cum
1052 4826 1195 4883 cmlo
1217 4832 1444 4882 motum
1466 4825 1766 4894 habere,et
1788 4844 1964 4884 unam

313 4939 517 4981 earum
543 4936 835 4994 quamque
890 4918 1219 4974 secundum
1277 4921 1551 4972 naturam
1609 4915 1970 4987 aequabiliter

311 5017 370 5069 et
397 5013 457 5069 in
512 5010 800 5068 circulum
830 5008 985 5065 circa
1014 5022 1190 5064 suum
1244 5009 1512 5061 centrum
1539 5009 1596 5060 et
1630 5021 1795 5060 axem
1829 5023 1967 5079 pro-

310 5101 508 5176 prium
540 5098 817 5157 converti.

382 5191 436 5245 4.
467 5192 604 5255 Quae
635 5205 770 5245 cum
798 5189 881 5244 ita
906 5203 968 5245 se
997 5184 1468 5257 habeant,prima
1495 5183 1731 5256 quidem
1754 5190 1813 5241 et
1833 5186 1965 5241 stel-

306 5277 501 5337 larum
532 5294 737 5351 expers
770 5277 1020 5350 sphaera,
1050 5290 1299 5346 vereque
1347 5274 1635 5342 inerrans,
1670 5274 1811 5329 dum
1844 5291 1960 5331 uno

307 5372 368 5425 et
394 5366 649 5439 simplici
682 5371 845 5423 motu
879 5366 951 5421 ab
1009 5365 1238 5422 ortibus
1269 5363 1339 5418 ad
1374 5379 1620 5419 occasus
1669 5368 1958 5431 movetur,

302 5472 506 5516 secum
538 5455 683 5510 alias
714 5471 918 5511 omnes
974 5451 1324 5524 circumagit
1384 5469 1397 5508 :
1456 5451 1560 5507 illa
1590 5457 1786 5508 autem
1832 5469 1959 5523 quae

300 5545 609 5605 stellarum
639 5548 833 5615 gestat
861 5543 1113 5617 copiam,
1146 5559 1389 5615 quisque
1420 5538 1689 5598 inerrans
1730 5542 1959 5599 videtur

2074 4846 2206 4894 των,
2245 4824 2335 4880 καὶ
2387 4825 2485 4895 τήν
2548 4824 2714 4893 αὐτὴν
2769 4824 2979 4895 κίνησιν
3038 4822 3185 4902 ἔχειν
3240 4833 3319 4901 τῷ
3378 4828 3592 4904 οὐρανῷ
3644 4831 3743 4887 καὶ

2074 4916 2227 4987 κατὰ,
2281 4913 2434 4992 φύσιν
2485 4912 2705 4970 ἕκαστον
2755 4913 2931 4970 αὐτῶν
3006 4914 3236 4988 ὁμαλῶς
3276 4917 3368 4973 καὶ
3425 4916 3742 4993 ἐγκυκλίως

2073 5003 2198 5069 περὶ
2239 5003 2303 5058 τὸ
2334 5002 2525 5058 ἑαυτοῦ
2550 5004 2771 5079 κέντρον
2819 5003 2908 5058 καὶ
2957 5004 3048 5058 τὸν
3101 5005 3302 5060 οἰκεῖον
3364 5003 3525 5078 ἄξονα
3579 5008 3739 5081 στρέ-

2076 5093 2283 5171 φεσθαι.

2144 5184 2202 5240 ε’.
2260 5181 2475 5237 Τούτων
2558 5180 2733 5245 οὕτως
2807 5180 3047 5259 ἐχόντων
3102 5186 3137 5253 ἡ
3194 5184 3387 5259 πρώτη
3470 5186 3565 5260 μὲν
3638 5186 3734 5241 καὶ

2071 5274 2330 5348 ἄναστρος
2412 5276 2611 5350 σφαῖρα
2682 5269 2773 5326 καὶ
2849 5267 3021 5334 ὅντως
3100 5271 3370 5346 ἀπλανὴς,
3437 5275 3561 5349 μίαν
3639 5276 3734 5331 καὶ

2070 5360 2250 5431 ἁπλῆν
2324 5361 2616 5435 κινουμένη
2691 5360 2904 5431 κίνησιν
2983 5363 3081 5431 τὴν
3153 5362 3246 5419 ἀπ’
3305 5363 3586 5421 ἀνατολῶν
3649 5364 3730 5429 εἰς

2069 5449 2277 5526 δυσμὰς
2336 5451 2499 5525 ἑαυτῇ
2558 5449 2919 5526 συμπεριάγει
2977 5452 3074 5515 τὰς
3138 5450 3314 5516 ἄλλοις
3391 5454 3620 5517 ἁπάσας.
3668 5456 3737 5512 Ἡ

2068 5538 2126 5596 δὲ
2168 5540 2232 5595 τὸ
2284 5539 2498 5609 πλῆθος
2553 5539 2786 5618 φέρουσα
2860 5544 2967 5595 τῶν
3035 5540 3273 5616 ἀστέρων
3333 5542 3425 5599 καὶ
3488 5540 3729 5601 δοκοῦσα

369 5690 416 5725 ⁸³
446 5705 465 5745 ι
495 5686 579 5744 De
610 5685 754 5743 coelo
784 5704 834 5743 c.
865 5687 921 5742 3.
976 5687 1044 5722 ‘33
1074 5704 1116 5742 ιι
1145 5685 1227 5743 De
1251 5686 1394 5741 coelo
1425 5702 1475 5741 ο.
1505 5686 1580 5754 7;
1622 5684 1749 5742 Jov.
1782 5686 1946 5741 Pont.
1990 5686 2091 5743 lib.
2127 5704 2169 5743 ιι
2202 5688 2273 5742 de
2302 5686 2480 5742 rebus
2527 5683 2883 5742 coelestibus.
2961 5686 3007 5723 9‘
3050 5692 3136 5745 Ita
3162 5688 3339 5747 etiam
3390 5687 3517 5748 Jov.
3550 5691 3724 5749 Pont.

297 5759 402 5823 lib.
435 5775 474 5819 ιι
508 5757 582 5815 de
612 5757 788 5817 rebus
816 5757 1152 5817 coelestibus
1183 5774 1241 5832 p.
1274 5757 1397 5826 144,
1429 5757 1557 5828 148,
1587 5756 1713 5816 449.
1746 5758 1857 5816 Sed
1888 5774 1982 5820 cor

2114 5756 2458 5818 Aristoteles
2488 5760 2569 5815 De
2597 5755 2739 5817 coelo
2771 5773 2820 5817 ο.
2856 5758 2911 5817 8.
