4114 6424
371 455 529 520 1233

1679 453 2034 519 EPITOME
2077 454 2446 520 PHYSICA.

3640 455 3803 520 1234

368 589 461 646 καὶ
525 585 800 666 λεγομένη
866 585 1117 656 ἀπλανὴς
1173 582 1269 642 δύο
1325 592 1549 643 κινεῖται
1625 591 1863 659 κινήσεις
1941 589 2000 642 ἀν

2145 593 2202 646 et
2226 590 2464 661 dicitur,
2497 589 2728 648 duobus
2771 589 2952 648 simul
2992 589 3251 647 motibus
3282 587 3395 646 sibi
3424 588 3798 647 obviantibus

369 678 665 756 τιρῥόπους
739 680 900 751 ὁμοῦ·
985 677 1108 750 μίαν
1188 677 1281 750 μὲν
1361 675 1560 732 οἰκείαν
1633 679 1730 746 τὴν
1815 676 1876 732 ἐκ
1943 674 2030 732 δυ-

368 773 522 842 σμῶν
574 768 710 844 πρὸς
766 764 1054 837 ἀνατολὰς,
1115 764 1238 834 ἥτις
1293 766 1382 820 καὶ
1461 765 1858 836 ἀνεπαίσθητός
1916 766 2026 821 ἐστι

369 857 459 913 διὰ
513 859 614 927 τήν
669 863 770 926 τῆς
831 853 1166 931 βραδυτῆτος
1200 850 1533 932 ὑπερϐολήν·
1571 855 1751 929 ἑτέραν
1814 853 1871 910 δὲ
1927 857 2028 925 τήν

365 953 468 1016 τῆς
502 947 729 1022 πρώτης
761 938 1010 1022 σφαίρας,
1037 946 1156 998 καθ’
1205 946 1266 1014 ἣν
1320 943 1371 1016 ἐξ
1421 943 1702 1000 ἀνατολῶν
1758 944 2027 1014 ὀξυτάτως

367 1033 790 1112 συμπεριάγεται
846 1033 982 1110 πρὸς
1040 1032 1265 1108 δυσμάς.
1326 1035 1389 1087 Ol
1449 1031 1494 1088 δ’
1556 1033 1770 1109 ἀστέρες
1820 1034 1871 1087 οἱ
1928 1054 2024 1088 κα-

364 1124 625 1196 )ούμενοι
673 1122 934 1184 ἀπλανεῖς
987 1128 1134 1196 τρεῖς
1194 1122 1253 1178 ἂν
1306 1128 1545 1178 κινοῖντο
1595 1125 1859 1193 κινήσεις
1922 1125 2023 1192 τὴν

363 1213 570 1268 οἰκείαν
617 1210 825 1283 δίνησιν
873 1213 964 1266 καὶ
1008 1213 1107 1281 τήν
1166 1214 1300 1286 μετὰ
1358 1219 1457 1282 τῆς
1489 1212 1714 1290 σφαίρας
1744 1214 1883 1288 ᾗπερ
1943 1211 2024 1267 έν-

364 1299 598 1358 δέδενται
638 1303 958 1380 περιφοράν,
993 1303 1082 1356 καὶ
1139 1302 1240 1370 τήν
1302 1298 1390 1355 διὰ
1443 1304 1541 1370 τῆς
1597 1301 1800 1376 κυρίως
1849 1299 2024 1355 ἀπλα-

359 1395 484 1453 νοῦς
542 1391 1044 1466 ἀντιπεριαγωγήν.
1105 1391 1376 1452 Ὡσαύτως
1435 1389 1566 1444 κάπὶ
1642 1395 1749 1444 τῶν
1832 1389 2024 1468 ἐφεξῆς

361 1476 479 1554 ἔχει
566 1484 805 1556 σφαιρῶν
887 1480 976 1533 καὶ
1061 1483 1166 1533 τῶν
1256 1479 1306 1533 έν
1373 1477 1594 1540 ταύταις
1653 1478 1915 1553 ἀστέρων·
1967 1481 2022 1533 αἰ

363 1569 457 1641 μὲν
515 1568 618 1644 γὰρ
679 1566 774 1623 δύο
829 1570 1070 1638 κινήσεις
1149 1572 1421 1622 κινοῦνται
1478 1567 1576 1629 τὰς
1636 1567 2016 1644 ἀντιρρόπους·

360 1659 412 1713 οἱ
458 1655 506 1712 δ’
551 1656 767 1732 ἀστέρες
818 1658 956 1734 πρὸς
1011 1662 1131 1719 ταῖς
1163 1657 1438 1719 τοιαύταις
1495 1659 1741 1727 κινήσεσι
1797 1659 2020 1711 κινοῖντ’

354 1745 414 1800 ἂν
471 1745 564 1800 καὶ
621 1747 719 1815 τήν
782 1746 834 1801 έν
897 1747 1131 1815 ἑαυτοῖς,
1179 1746 1256 1808 ὡς
1310 1745 1396 1800 ἐπὶ
1461 1750 1568 1800 τῶν
1626 1744 1879 1800 ἀπλανῶν
1943 1742 2019 1801 εἷ’-

369 1856 549 1911 ρηταμ

2143 684 2434 748 movetur;
2468 698 2584 736 uno
2615 681 2856 753 quidem
2889 680 3044 737 283
3078 679 3332 752 proprio,
3367 695 3483 750 quo
3533 679 3604 734 ab
3655 679 3794 735 orti-

2141 769 2252 824 bus
2295 770 2366 824 ad
2416 786 2664 826 occasus
2695 769 2951 842 [cietur],
2976 769 3077 841 qui
3126 769 3304 824 etiam
3358 770 3595 840 prapter
3625 783 3793 824 sum-

2139 875 2299 914 mam
2340 859 2677 915 tarditatem
2709 859 3073 916 insensibilis
3121 863 3239 926 est;
3273 857 3454 913 altero
3501 873 3656 923 vero,
3688 857 3792 929 qui

2139 949 2339 1019 prima
2397 949 2634 1020 sphaerae
2689 954 2800 1015 est,
2843 965 2959 1020 quo
3015 949 3087 1003 ab
3135 947 3364 1002 ortibus
3419 946 3490 1000 ad
3547 961 3792 1001 occasus

2137 1039 2545 1110 pernicissime
2603 1039 3052 1112 circumagitur;
3113 1037 3294 1093 stella
3352 1035 3605 1106 denique
3661 1051 3790 1106 qua

2135 1128 2460 1184 inerrantes
2518 1133 2824 1196 vocantur,
2888 1127 3080 1183 tribus
3134 1129 3444 1181 moventur
3508 1123 3788 1190 motibus,

2135 1216 2663 1289 circumgyratione
2685 1217 2924 1290 pr0pria
2940 1221 2997 1271 et
3015 1214 3392 1271 conversione
3411 1229 3546 1268 cum
3564 1212 3795 1284 sphara

2135 1307 2228 1362 cui
2283 1306 2529 1378 illegata
2579 1310 2744 1362 sunt:
2780 1311 2837 1361 et
2888 1307 3018 1375 ejus
3073 1304 3334 1376 sphara,
3367 1319 3497 1374 qua
3561 1300 3794 1374 proprie

2135 1396 2402 1452 inerrans
2443 1396 2679 1464 dicitur,
2714 1393 3168 1450 circumactione
3217 1391 3528 1448 contraria.
3573 1391 3788 1446 Eodem

2133 1487 2307 1541 modo
2367 1485 2545 1540 etiam
2603 1501 2738 1540 cum
2800 1483 3048 1555 spharis
3100 1499 3227 1554 qua
3285 1481 3561 1552 deinceps
3623 1482 3785 1550 sunt,

2132 1574 2596 1644 earumdemque
2645 1571 2832 1627 stellis
2861 1574 3267 1642 comparatum
3316 1572 3426 1624 est.
3462 1566 3577 1623 Illa
3625 1565 3784 1623 enim

2131 1664 2363 1718 duobus
2424 1662 2684 1718 motibus
2739 1660 3143 1717 obnitentibus
3169 1661 3538 1728 (moventur;
3599 1655 3784 1712 stella

2131 1756 2328 1807 autem
2360 1753 2431 1807 ad
2474 1751 2581 1807 hos
2612 1755 2806 1806 motus
2846 1750 3023 1805 etiam
3066 1747 3180 1804 alio
3211 1747 3270 1803 in
3301 1745 3512 1818 seipsis
3543 1761 3780 1802 moven-

2127 1844 2243 1908 tur,
2278 1845 2345 1896 ut
2375 1841 2446 1896 de
2475 1839 2877 1895 inerrantibus
2907 1837 3130 1893 dictum
3161 1841 3271 1892 est.

426 1931 489 1988 ς’.
522 1923 804 1996 Πλάνητες
865 1925 968 2000 γὰρ
1028 1925 1080 1978 οἰ
1138 1929 1427 2000 προσεχῶς
1470 1921 1848 1997 δεδηλωμένοι
1886 1945 2001 1980 κατ-

2198 1930 2252 1984 6.
2291 1930 2564 1985 Errantes
2614 1927 2794 2000 enim,
2837 1927 3009 1983 modo
3060 1925 3364 1982 declarata
3396 1923 3622 1996 [stella]
3672 1939 3777 1979 no-

355 2015 750 2087 ωνομάσθησαν
781 2011 870 2068 διὰ
897 2015 960 2069 τὸ
1003 2011 1236 2084 ἔκδηλον
1285 2020 1387 2083 τῆς
1443 2014 1576 2086 μετά
1630 2017 1738 2068 τῶν
1798 2013 2010 2068 οἰκείων

355 2106 596 2180 σφαιρῶν
645 2103 934 2180 ἀντιφορᾶς
982 2106 1052 2176 τῇ
1100 2103 1292 2177 πρώτῃ
1352 2103 1551 2180 σφαίρᾳ
1593 2101 1682 2157 καὶ
1732 2104 1848 2156 κατ’
1878 2101 2014 2173 ἀλή-

355 2193 498 2247 Θειαν
531 2191 780 2248 ἀπλανεῖ·
836 2193 1076 2268 καθάπερ
1106 2194 1140 2261 ἡ
1173 2191 1391 2262 πληθὺς
1448 2196 1555 2247 τῶν
1619 2189 1807 2246 ἄλλων
1861 2193 2010 2248 ἀστέ-

355 2301 462 2356 ρων
494 2279 744 2350 ἀπλανὴς
770 2282 1024 2352 κέκτηται
1062 2279 1152 2336 διὰ
1206 2281 1268 2335 τὸ
1327 2278 1532 2352 ἄδηλον
1593 2281 1695 2350 τῆς
1749 2280 2009 2352 τοιαύτης

351 2369 666 2448 ἀντιφορᾶς.
728 2369 1133 2446 Περιαγομένου
1207 2369 1386 2424 τοίνυν
1463 2373 1562 2424 τοῦ
1631 2371 2008 2446 στερεώματος

352 2457 404 2528 ἐξ
435 2458 709 2515 ἀνατολῶν
764 2459 840 2520 εἰς
872 2456 1100 2531 δυσμὰς,
1137 2457 1440 2533 ἀναγκαίως
1490 2459 1579 2512 καὶ
1638 2459 1689 2512 οἰ
1749 2456 2004 2522 ἀπλανεῖς

347 2553 456 2602 τῶν
497 2548 734 2624 ἀστέρων
779 2547 960 2621 τούτῳ
1009 2549 1469 2624 συμπεριάγονται
1532 2544 1805 2620 μηδεμίαν
1848 2546 2005 2623 ἔχον-

349 2658 438 2700 τες
498 2634 638 2692 ἰδίαν
699 2638 907 2709 κίνησιν
972 2639 1379 2714 μεταφορητήν.
1414 2637 1512 2691 Διὰ
1538 2641 1698 2692 τοῦτο
1753 2638 1855 2713 γὰρ
1911 2637 2001 2692 καὶ

346 2725 478 2788 τοὺς
560 2725 756 2789 αὐτοὺς
843 2725 924 2780 ἀεὶ
1005 2725 1300 2801 κατέχουσι
1374 2725 1600 2794 τόπους,
1678 2726 1768 2780 καὶ
1853 2723 2000 2781 ούδέ-

349 2836 482 2871 ποτε
507 2817 608 2886 τὴν
638 2815 728 2871 ἀπ’
759 2813 1026 2886 ἀλλήλων
1057 2815 1346 2870 ἀπόστασιν
1381 2812 1822 2870 ἐναλλάσσουσιν.

420 2996 481 3064 ζ’.
515 2993 670 3049 Οὕτω
702 2991 760 3049 δὲ
788 2995 1126 3068 κινουμένων
1159 2994 1374 3048 πάντων
1407 2992 1640 3068 ἀστέρων
1673 3014 1780 3048 των
1826 2993 1998 3048 ἀπλα-

344 3088 471 3154 νῶν,
508 3085 584 3146 εἷς
621 3083 784 3157 μόνος
816 3084 984 3156 ἀστὴρ
1037 3083 1228 3159 ὁρᾶται
1275 3082 1414 3156 πρὸς
1464 3083 1656 3156 ἄρκτον
1715 3081 1992 3152 ἀκίνητος·

345 3171 454 3247 οὐχ
484 3170 566 3227 ὅτι
604 3173 736 3246 μετὰ
762 3179 863 3237 τῆς
895 3171 1122 3250 σφαίρας
1151 3176 1248 3226 τοῦ
1298 3171 1671 3248 στερεώματος
1719 3171 1780 3226 οὐ
1833 3191 1992 3247 περε-

345 3259 559 3338 φέρεται
617 3259 706 3315 καὶ
764 3259 944 3332 αὐτὸς,
1005 3259 1130 3316 ἀλλ’
1188 3259 1269 3315 ὅτι
1329 3265 1436 3315 τῶν
1504 3257 1599 3314 δύο
1653 3265 1751 3314 τοῦ
1810 3261 1996 3330 ἄξονος

2127 2018 2360 2074 minata
2392 2021 2550 2085 sunt,
2584 2017 2738 2089 quod
2785 2032 2986 2072 earum
3038 2015 3098 2070 in
3145 2013 3270 2070 suis
3301 2013 3546 2085 spharis
3579 2011 3780 2083 prima

2123 2110 2179 2162 et
2208 2123 2410 2162 revera
2451 2107 2730 2162 inerranti
2765 2105 3004 2177 sphara
3034 2102 3364 2160 contrarius
3411 2105 3610 2157 motus
3653 2116 3779 2156 ma-

2125 2196 2376 2252 nifestus
2437 2196 2560 2252 sit:
2603 2194 3107 2267 quemadmodum
3167 2191 3418 2248 aliarum
3476 2187 3780 2245 stellarum

2123 2286 2440 2342 multitudo
2497 2283 2764 2340 inerrans
2820 2286 3022 2339 vocata
3079 2286 3188 2348 est,
3244 2280 3399 2352 quod
3448 2277 3778 2334 contrarius

2120 2375 2459 2431 istiusmodi
2505 2379 2701 2429 motus
2756 2371 3022 2429 occultus
3073 2370 3169 2427 sit.
3203 2370 3347 2426 Cum
3379 2385 3516 2440 ergo
3571 2369 3774 2424 firma-

2119 2470 2388 2520 mentum
2421 2481 2491 2520 ex
2519 2463 2746 2519 ortibus
2797 2462 2856 2516 in
2906 2477 3145 2517 occasus
3194 2456 3634 2529 circumagitur,
3669 2473 3771 2512 ne-

2114 2553 2368 2609 cessario
2415 2553 2591 2608 etiam
2649 2569 2784 2606 cum
2843 2551 2954 2606 hoc
3010 2549 3336 2604 inerrantes
3367 2546 3540 2618 [ἥκω]
3585 2544 3766 2601 stella

2113 2643 2617 2715 circumaguntur,
2657 2658 2791 2697 cum
2835 2639 3140 2712 proprium
3189 2641 3415 2693 motum
3461 2633 3763 2690 translati-

2111 2732 2260 2786 tium
2305 2749 2420 2787 non
2471 2731 2745 2786 habeant.
2779 2731 3099 2802 Eapropter
3126 2727 3284 2783 enim
3330 2725 3507 2781 etiam
3557 2724 3762 2780 eadem

2112 2836 2348 2892 semper
2375 2821 2531 2877 284
2569 2819 2696 2876 loca
2739 2819 3027 2883 obtinent,
3060 2832 3166 2871 nec
3214 2829 3478 2886 unquam
3509 2829 3545 2868 a
3574 2828 3636 2869 se
3666 2812 3762 2868 in-

2108 2911 2292 2966 vicem
2323 2909 2825 2981 intercapedinem
2854 2907 3195 2962 immutant.

2179 3001 2232 3054 7.
2267 2999 2412 3054 Cum
2445 3003 2641 3054 autem
2691 2997 3018 3053 inerrantes
3063 2993 3244 3051 stella
3287 2994 3370 3050 ita
3400 3009 3605 3050 omnes
3635 3009 3758 3049 mo-

2105 3093 2370 3158 veantur,
2405 3105 2523 3144 una
2563 3087 2689 3143 sola
2735 3085 2906 3143 stella
2936 3086 3008 3141 ad
3039 3083 3498 3157 septentrionem
3548 3083 3760 3138 immo-

2106 3176 2243 3233 bilis
2287 3177 2679 3249 conspicitur;
2737 3193 2853 3232 non
2892 3175 3046 3246 quod
3098 3190 3231 3229 cum
3283 3173 3510 3245 sphara
3557 3171 3758 3228 firma-

2109 3267 2292 3321 menti
2339 3283 2454 3322 non
2506 3265 2954 3322 circumferatur
3009 3263 3140 3335 ipsa
3187 3277 3440 3334 quoque,
3468 3260 3570 3316 sed
3602 3261 3759 3332 quod

340 3345 520 3426 ἄκρων
584 3349 708 3426 περὶ
765 3350 823 3404 ὃν
882 3351 917 3418 ἡ
968 3355 1168 3428 σφαῖρα
1231 3349 1530 3426 στρέφεται’
1589 3349 1652 3403 τὸ
1715 3347 1770 3403 ἓν
1830 3347 1992 3426 ἄκρον

2117 3355 2360 3411 duorum
2400 3354 2524 3410 axis
2574 3357 2968 3410 extremorum
3001 3352 3154 3407 circa
3183 3367 3309 3422 qua
3334 3333 3580 3422 sphara
3620 3365 3760 3405 con-

339 3438 499 3501 οὗτος
557 3438 790 3516 ὑπάρχει
820 3439 883 3494 τὸ
929 3438 1161 3515 βόρειον·
1224 3438 1342 3494 ὅθεν
1403 3439 1493 3492 καὶ
1550 3437 1762 3514 βόρειος
1821 3438 1995 3502 πόλος

339 3527 674 3602 ὠνόμασταιο
728 3523 895 3583 πόλοι
953 3529 1058 3604 γὰρ
1123 3529 1192 3582 τὰ
1264 3528 1472 3603 πέρατα
1547 3528 1842 3582 καλοῦνται
1898 3532 1995 3582 τοῦ

340 3614 551 3687 ἄξονος.
603 3615 784 3679 Πόλος
845 3615 940 3671 οῦν
1001 3618 1264 3693 ὑπάρχων
1324 3623 1428 3686 τῆς
1483 3620 1580 3670 τοῦ
1620 3618 1994 3692 στερεώματος

338 3705 568 3783 σφαίρας
613 3707 642 3760 ὁ
701 3705 992 3782 εἰρημένος
1053 3707 1247 3783 ἀστὴρ,
1304 3706 1672 3784 στρεφομένου
1728 3711 1825 3761 τοῦ
1884 3728 1996 3762 στε-

336 3794 621 3870 ρεώματός
675 3795 766 3849 καὶ
835 3795 997 3858 αὐτὸς
1073 3794 1379 3870 ἀναγκαίως
1447 3796 1992 3874 συμπεριστρέφεται.

334 3884 467 3959 Περὶ
499 3884 684 3939 ἑαυτὸν
719 3881 777 3939 δὲ
806 3883 1034 3959 πάσχων
1079 3885 1180 3952 τήν
1240 3885 1480 3961 στροφὴν
1539 3884 1615 3946 ὡς
1675 3885 1838 3960 ἄκρον
1896 3890 1993 3940 τοῦ

331 3972 538 4045 ἄξονος,
572 3972 828 4043 ἀκίνητος
886 3977 954 4047 τῇ
1015 3972 1265 4044 αἰσθήσει
1317 3970 1484 4044 δοκεῖ,
1517 3972 1654 4027 καθᾶ
1713 3975 1801 4028 καὶ
1857 3976 1991 4028 πάν-

329 4081 417 4123 τες
447 4060 667 4138 ἀστέρες
713 4063 1038 4139 ἀσυμφανῶς
1083 4064 1218 4135 ἡμῖν
1267 4059 1515 4116 δύναιντο
1563 4067 1739 4116 ποιεῖν
1790 4063 1890 4132 τήν
1940 4062 1993 4118 ἐν

336 4148 548 4214 ἑαυτοῖς
579 4152 904 4228 συστροφήν.

399 4333 472 4396 η’.
504 4327 659 4384 Οὕτω
715 4329 808 4403 μὲν
857 4326 949 4383 οὖν
993 4329 1046 4382 οἱ
1094 4327 1354 4391 ἀπλανεῖς
1397 4328 1613 4403 ἀστέρες
1645 4329 1736 4384 καὶ
1786 4331 1886 4398 τήν
1937 4330 1989 4402 ἐξ

330 4415 614 4472 ἀνατολῶν
697 4419 908 4488 κίνησιν
984 4417 1074 4472 καὶ
1129 4418 1229 4485 τὴν
1289 4417 1349 4472 ἐκ
1395 4415 1614 4492 δυσμῶν
1665 4423 1734 4492 τῇ
1793 4419 1992 4497 σφαίρᾳ

331 4509 705 4580 συγκινοῦνται
779 4511 876 4562 τοῦ
956 4507 1354 4582 στερεώματος.
1417 4505 1591 4564 Ἀλλά
1664 4505 1731 4576 δή
1790 4508 1879 4562 καὶ
1935 4510 1988 4564 οἱ

327 4592 602 4664 πλάνητες
660 4595 869 4671 ἑτέραις
925 4595 1178 4674 σφαίραις
1235 4593 1594 4670 ἐνδεδεμένοι,
1635 4593 1860 4660 ἕκαστος
1916 4601 1986 4671 τῇ

2104 3444 2370 3510 vertitur,
2411 3443 2660 3499 alterum
2716 3447 3043 3498 extremum
3094 3439 3325 3495 boreale
3372 3439 3495 3494 hac
3549 3437 3759 3510 [stella]

2106 3534 2368 3602 exsistat,
2418 3534 2574 3589 unde
2630 3531 2804 3588 etiam
2858 3529 3029 3602 polus
3086 3529 3339 3585 borealis
3396 3528 3754 3584 vocabatur:

2106 3623 2223 3694 poli
2267 3623 2423 3678 enim
2472 3622 2866 3678 extremitates
2925 3619 3050 3675 axis
3093 3622 3395 3674 vocantur.
3425 3617 3570 3673 Cum
3619 3632 3758 3689 ergo

2107 3711 2264 3766 dicta
2287 3711 2458 3768 stella
2488 3711 2728 3784 sphara
2761 3709 3117 3765 ﬁrmamenti
3149 3707 3320 3780 polus
3349 3706 3612 3778 exsistat,
3633 3722 3759 3762 ver-

2103 3803 2260 3856 tente
2292 3801 2662 3856 ﬁrmamento
2689 3804 2748 3855 et
2776 3799 2906 3870 ipsa
2933 3797 3111 3854 simul
3144 3795 3475 3852 necessario
3502 3795 3756 3852 circum-

2103 3889 2367 3944 vertitur.
2401 3889 2599 3954 Quoad
2629 3891 2846 3954 autem,
2880 3890 2946 3940 ut
2975 3885 3099 3941 axis
3129 3890 3477 3949 extremum,
3507 3882 3663 3940 circa
3692 3899 3756 3940 se

2103 3978 2540 4034 conversionem
2588 3976 2860 4045 sustinet,
2894 3973 3219 4030 immobilis
3264 3972 3493 4028 videtur
3523 3988 3701 4028 sensu
3736 3988 3750 4028 :

2104 4067 2603 4139 quemadmodum
2635 4065 2810 4120 etiam
2843 4079 3047 4120 omnes
3073 4061 3254 4119 stella
3286 4065 3351 4116 ut
3380 4078 3414 4116 a
3443 4061 3613 4117 nobis
3641 4060 3753 4118 hoc

2103 4160 2220 4212 non
2271 4155 2772 4212 animadvertatur
2798 4169 2968 4209 suam
3001 4153 3158 4208 intra
3203 4168 3266 4207 se
3311 4149 3750 4207 conversionem

2100 4246 2289 4302 facere
2319 4248 2586 4318 possunt.

2169 4337 2222 4389 8.
2259 4335 2354 4390 Sic
2385 4334 2565 4405 igitur
2609 4333 2936 4388 inerrantes
2975 4330 3213 4403 quidem
3246 4327 3428 4386 stella
3455 4333 3514 4384 et
3541 4345 3608 4385 eo
3646 4329 3750 4401 qui

2099 4439 2169 4478 ex
2198 4423 2424 4478 ortibus
2453 4428 2544 4478 est
2584 4426 2768 4491 motu,
2801 4426 2859 4476 et
2889 4437 2955 4476 eo
2984 4420 3087 4492 qui
3136 4435 3205 4474 ex
3253 4417 3580 4489 occasibus,
3613 4433 3750 4473 cum

2099 4511 2329 4584 sphara
2359 4510 2716 4567 firmamenti
2750 4508 2929 4565 simul
2960 4513 3287 4564 moventur.
3320 4506 3431 4562 Sed
3464 4510 3523 4562 et
3549 4522 3749 4562 erran-

2098 4606 2209 4667 tes,
2243 4617 2373 4672 qua
2405 4599 2538 4656 aliis
2585 4598 2831 4672 spharis
2861 4597 3096 4671 illigata
3145 4600 3304 4665 sunt,
3337 4595 3462 4652 suis
3508 4593 3750 4667 singula

330 4681 545 4755 ἒαυτοῦ,
578 4681 671 4738 καί
699 4685 797 4753 τήν
829 4684 969 4762 πρὸς
1002 4681 1216 4758 δυσμὰς
1254 4683 1530 4763 φέρονται,
1562 4685 1651 4740 καὶ
1702 4688 1800 4755 τήν
1851 4687 1988 4763 πρὸς

2117 4693 2163 4745 et
2190 4705 2258 4744 eo
2287 4691 2388 4761 qui
2415 4689 2487 4744 ad
2519 4705 2763 4744 occasus
2810 4695 2916 4758 est,
2947 4692 3004 4742 et
3031 4702 3098 4743 eo
3129 4685 3230 4758 qui
3277 4686 3350 4740 ad
3397 4689 3584 4752 ortus,
3615 4699 3751 4740 cum

328 4769 616 4845 ἀνατολὰς,
661 4773 796 4846 μετά
821 4778 928 4827 τῶν
961 4773 1176 4829 οἰκείων
1207 4778 1472 4852 σφαιρῶν.

402 4861 466 4925 θ’.
518 4862 590 4916 Αἱ
637 4867 804 4916 πᾶσαι
857 4859 916 4916 δὶ
964 4867 1186 4942 σφαῖραι
1233 4866 1340 4917 τῶν
1387 4862 1682 4934 πλανήτων
1729 4863 1863 4919 ἒπτά
1910 4863 1984 4919 εἷ-

322 4969 429 5021 σιν,
500 4949 652 5004 ἄνισα
725 4951 794 5005 τὰ
874 4950 1074 5026 μεγέθη
1153 4953 1411 5028 φέρουσαι
1486 4953 1622 5029 πρὸς
1705 4950 1981 5023 ἀλλήλας·

321 5037 568 5115 περίέχει
624 5039 725 5116 γὰρ
779 5041 815 5110 ἡ
848 5041 1041 5116 πρώτη
1101 5041 1200 5109 τὴν
1265 5039 1538 5117 δευτέραν,
1569 5041 1658 5096 καὶ
1694 5044 1729 5112 ἡ
1764 5039 1984 5118 δευτέρα

320 5129 420 5198 τὴν
485 5129 599 5202 μετ’
647 5128 838 5200 αὐτήν⁶
897 5130 987 5184 καὶ
1041 5135 1205 5185 τοῦτο
1266 5129 1433 5206 μέχρι
1487 5137 1588 5200 τῆς
1647 5130 1980 5194 τελευταίας·

317 5217 412 5272 καὶ
468 5217 644 5280 οὕτως
687 5217 739 5288 ἐξ
799 5217 1041 5295 ἀγάγκης
1097 5221 1153 5274 αἱ
1207 5220 1561 5296 περιέχουσαι
1606 5220 1822 5294 μείζους
1871 5226 1978 5275 τῶν

322 5307 732 5384 περιεχομένων
766 5306 888 5364 εἰσί.
923 5309 1123 5382 Πρώτη
1162 5308 1256 5382 μὶν
1307 5307 1400 5364 οῦν
1453 5310 1586 5382 μετά
1627 5317 1726 5378 την
1787 5307 1978 5364 δοκοῦ-

328 5417 420 5451 σαν
477 5397 569 5452 καὶ
628 5396 932 5472 λεγομένην
996 5395 1211 5466 ἀπλανῆ
1266 5403 1492 5475 σφαῖραν
1525 5400 1559 5467 ἡ
1619 5403 1716 5453 τοῦ
1773 5398 1978 5475 Κρόνου

328 5483 440 5540 ἐστὶ
493 5490 592 5541 τοῦ
669 5483 1014 5558 καλουμένου
1071 5485 1162 5539 καὶ
1217 5485 1500 5564 φαίνοντος
1578 5492 1982 5562 τριακονταετεῖ

323 5573 512 5652 χρόνῳ
552 5575 658 5630 ἀπὸ
687 5579 784 5630 τοῦ
815 5573 982 5629 αὐτοῦ
1013 5574 1088 5638 εἰς
1119 5575 1181 5628 τὸ
1212 5573 1342 5630 αὐτὸ
1381 5575 1854 5650 ἀποκαθισταμένη
1891 5574 1981 5632 διὰ

2100 4777 2346 4850 spharis
2373 4778 2497 4833 suis
2528 4777 2778 4850 propriis
2810 4775 3019 4847 [motu]
3050 4779 3379 4832 moventur.

2166 4867 2221 4920 9.
2255 4866 2472 4922 Omnes
2528 4871 2724 4921 autem
2775 4865 3015 4937 sphara
3063 4863 3388 4920 errantium
3438 4861 3748 4920 stellarum

2095 4960 2325 5026 septem
2359 4959 2518 5024 sunt,
2554 4972 2680 5028 qua
2711 4952 3029 5026 inaquales
3058 4954 3130 5009 ad
3162 4969 3225 5010 se
3254 4952 3503 5009 invicem
3528 4952 3750 5009 habent

2095 5045 2551 5117 magnitudines.
2587 5044 2735 5102 285
2797 5043 2946 5099 Nam
3004 5042 3215 5116 prima,
3275 5042 3628 5110 secundam;
3685 5046 3746 5099 et

2095 5135 2376 5200 secunda,
2437 5138 2779 5206 sequentem
2830 5133 3117 5200 continet;
3171 5137 3229 5188 et
3273 5131 3382 5188 hoc
3429 5147 3621 5204 usque
3667 5130 3742 5188 ad

2092 5222 2398 5293 ultimam;
2433 5229 2605 5295 atque
2636 5223 2718 5278 ita
2755 5223 3120 5278 continentes
3149 5221 3442 5279 contentis
3472 5237 3740 5278 necessa-

2095 5312 2178 5368 rio
2211 5314 2466 5384 majores
2497 5317 2638 5368 sunt
2661 5313 2725 5366 ³⁸.
2759 5312 2897 5367 Post
2926 5328 3056 5367 eam
3086 5311 3268 5384 igitur
3287 5310 3578 5383 spharam
3609 5326 3741 5382 qua

2088 5402 2323 5457 videtur
2348 5407 2406 5457 et
2433 5401 2651 5456 dicitur
2680 5401 2968 5467 inerrans,
3002 5401 3190 5471 prima
3223 5405 3311 5456 est
3342 5399 3601 5466 Saturni,
3636 5399 3740 5472 qui

2088 5489 2266 5545 etiam
2326 5489 2575 5545 Phanon
2624 5493 2882 5556 vocatur,
2929 5507 3057 5561 qua
3116 5495 3277 5544 motu
3334 5489 3580 5545 erratico
3638 5505 3739 5559 per

2085 5578 2333 5652 triginta
2363 5595 2654 5634 annorum
2699 5578 2957 5651 spatium
3009 5579 3081 5635 ab
3131 5579 3335 5636 eodem
3365 5576 3628 5652 [puncto]
3659 5577 3733 5634 ad

386 5793 432 5828 ³³
463 5791 622 5850 Arist
649 5793 722 5849 de
752 5792 974 5850 mundo
1004 5808 1054 5849 c.
1083 5793 1146 5862 2;
1180 5791 1528 5850 Ptolomaus
1554 5792 1878 5866 Almagesti
1907 5793 2010 5851 lib.
2045 5811 2121 5866 1x,
2154 5811 2204 5852 c.
2241 5796 2265 5850 1
2300 5797 2357 5850 et
2384 5796 2447 5863 3;
2479 5794 2693 5851 Cleom.
2721 5795 2823 5852 lib.
2858 5813 2898 5866 ι,
2929 5812 2978 5852 c.
3011 5797 3064 5852 3.
