4114 6438
338 508 495 571 1235
1591 502 2021 570 NICEPHORI
2062 500 2499 566 BLEMMIDE
3598 506 3777 573 1236

337 640 495 700 idem
527 638 854 699 revertitur.
888 641 1046 696 Intra
1095 638 1247 696 hanc
1276 642 1495 711 autem,
1527 658 1595 696 ea
1640 657 1767 713 quse
1797 638 1980 703 Jovis,
2015 700 2016 703 η

2129 641 2196 705 ἧς
2252 632 2681 708 πεπλανημένης
2754 634 3044 706 κινήσεως.
3101 634 3286 700 Ἐντὸς
3343 633 3400 693 δὲ
3456 636 3663 711 ταύτης
3728 642 3773 711 ἡ

343 730 445 805 qui
496 736 551 787 et
606 730 887 799 Phaeton,
921 746 1050 800 quas
1100 729 1413 785 duodecim
1473 729 1644 785 annis
1702 730 1992 801 integram

2129 728 2199 778 οὗ
2252 724 2398 796 Διὸς,
2430 729 2526 779 τοῦ
2576 722 2665 780 καί
2727 719 3052 797 Φαέθοντος,
3099 723 3425 799 δωδεκαετίᾳ
3476 729 3576 797 τὴν
3622 726 3775 801 ὅλην

343 820 783 889 conversionem
844 819 1110 875 absolvit.
1146 818 1208 873 In
1260 818 1370 873 hac
1426 819 1727 892 Pyroentis
1772 819 1846 889 [id
1883 822 1993 885 est,

2129 811 2523 888 ιπεργαζομένη
2580 817 2966 893 περιστροφήν.
3019 816 3103 870 Ἐν
3160 816 3328 891 ταύτῃ
3381 822 3480 872 τοῦ
3536 818 3774 894 πυρόεν-

344 910 520 983 ignei]
552 908 779 975 Martis,
811 908 1041 979 sphaera
1070 906 1606 979 comprehenditur,
1639 924 1765 979 quae
1800 908 1996 963 minus

2129 923 2196 964 ῖος
2254 902 2445 977 Ἀρεος
2506 905 2541 972 ἡ
2594 909 2794 981 σφαῖρα
2858 899 3346 979 περιλαμϐάνεται,
3405 905 3773 984 ἀτακτοτέραν

345 999 683 1055 ordinatum
716 1002 944 1053 motum
994 997 1246 1052 conﬁcit.
1279 997 1525 1051 Videtur
1564 1001 1757 1051 autem
1790 1000 1846 1051 et
1874 996 1997 1051 haec

343 1087 583 1144 biennio
634 1091 693 1142 et
742 1086 1005 1158 quinque
1062 1086 1387 1152 mensibus,
1422 1089 1479 1140 et
1508 1085 1663 1156 quod
1723 1084 1995 1151 excurrit,

345 1175 605 1249 plenarie
665 1175 943 1231 converti.
998 1174 1157 1230 Hanc
1214 1173 1480 1245 sequitur
1534 1190 1602 1229 ea
1654 1190 1782 1245 quae
1835 1172 1998 1242 solis,

347 1264 474 1321 loco
527 1265 793 1320 omnium
846 1264 1036 1319 medio
1066 1263 1364 1333 collocata,
1415 1280 1663 1335 quisque
1711 1263 1999 1335 integram

347 1354 793 1412 conversionem
825 1355 952 1422 [seu
992 1352 1434 1424 revolutionem]
1467 1353 1603 1407 anni
1634 1352 1847 1424 spatio,
1879 1352 2000 1407 die-

348 1444 462 1501 bus
493 1442 764 1498 videlicet
793 1441 1166 1497 naturalibus
1192 1442 1466 1496 trecentis
1496 1440 1800 1513 sexaginta
1831 1443 2036 1511 quin-‘

350 1549 466 1606 que
512 1536 569 1588 et
617 1531 940 1604 quadrante
972 1530 1131 1603 [diei]
1175 1529 1443 1586 absolvit.
1480 1531 1546 1584 Et
1594 1530 1717 1586 haec
1764 1531 2003 1601 quidem

351 1638 552 1677 annua
619 1619 829 1677 solaris
894 1620 1133 1692 sphaerae
1202 1617 1484 1675 revolutio
1542 1620 1680 1675 anni
1740 1624 2007 1692 tempora

351 1708 683 1777 constituit;
718 1713 778 1764 at
798 1726 866 1765 ea
887 1726 1014 1780 quae
1035 1725 1171 1764 cum
1194 1708 1488 1763 inerrante
1511 1709 1576 1763 fit
1604 1707 2006 1778 circumactio,

350 1799 477 1854 dies
508 1802 565 1854 et
596 1802 792 1854 noctes
838 1798 1037 1853 efﬁcit.
1070 1798 1210 1852 Post
1254 1797 1507 1852 solerem
1554 1796 1866 1868 sphaeram,
1900 1796 2009 1851 Ve-

351 1887 512 1943 neris
542 1886 794 1942 est.Haec
825 1885 1321 1952 stella,matutina
1352 1885 1521 1941 stella
1551 1885 1877 1957 [aurorifer]
1909 1901 2010 1956 ap-

2105 991 2405 1064 ποιουμένη
2438 994 2539 1063 τὴν
2570 992 2807 1065 κίνησιν.
2843 999 3000 1048 Δοκεῖ
3029 990 3087 1048 δὲ
3115 994 3203 1048 καὶ
3256 994 3392 1065 αὕτη
3448 993 3619 1069 διετίᾳ
3673 998 3771 1053 καὶ

2107 1080 2265 1135 πέντε
2353 1080 2510 1154 μησὶ,
2567 1081 2655 1136 καὶ
2740 1083 2876 1158 πρὸς
2963 1080 3242 1146 ὁλοτελῶς
3298 1084 3773 1163 περιστρέφεσθαι.

2108 1169 2256 1224 Μετά
2310 1168 2511 1240 ταύτην
2548 1172 2583 1240 ἡ
2633 1175 2731 1226 τοῦ
2770 1170 2956 1243 ἡλίου,
2993 1173 3130 1245 μέση
3187 1171 3493 1248 τεταγμένη
3552 1180 3771 1245 πασῶν,

2109 1259 2200 1312 καὶ
2259 1255 2328 1311 δι’
2385 1258 2627 1314 ἐνιαυτοῦ
2682 1261 2782 1329 τὴν
2844 1262 3048 1316 ἅπασαν
3117 1261 3484 1336 ἀπαρτίζουσα
3539 1284 3777 1343 περιφο-

2114 1344 2229 1421 ράν·
2290 1343 2461 1420 ἤγουν
2512 1344 2603 1401 διὰ
2664 1348 3030 1424 νυχθημέρων
3101 1349 3428 1426 τριακοσίων
3508 1351 3779 1422 ἑξήκοντα

2113 1434 2270 1490 πέντε
2322 1436 2411 1490 καὶ
2467 1438 2748 1514 τετάρτου.
2777 1437 2925 1508 Αὕτη
2981 1439 3076 1512 μὲν
3119 1437 3210 1493 οὖν
3245 1442 3280 1509 ἡ
3315 1439 3613 1495 ἐνισυσιαία
3666 1448 3773 1511 τῆς

2114 1522 2353 1594 ἡλιακῆς
2412 1525 2640 1603 σφαίρας
2694 1527 2964 1605 περιφορὰ
3012 1528 3108 1590 τὰς
3169 1526 3314 1604 ὥρας
3397 1528 3675 1586 ἀποτελεῖ·
3736 1533 3773 1601 ἡ

2118 1611 2175 1668 δὲ
2204 1612 2294 1667 σὺν
2347 1618 2415 1688 τῇ
2473 1613 2702 1670 ἀπλανεῖ
2755 1617 3075 1693 περιαγωγὴ
3132 1617 3231 1680 τὰς
3260 1616 3472 1692 ἡμέρας
3532 1618 3623 1674 καὶ
3673 1621 3777 1682 τὰς

2116 1701 2307 1765 νύκτας
2393 1708 2542 1758 ποιεῖ
2611 1704 2745 1777 μετὰ
2813 1706 2913 1774 τὴν
2991 1705 3230 1776 ἡλιακὴν
3288 1712 3515 1784 σφαῖραν
3577 1711 3614 1778 ἡ
3670 1716 3778 1779 τῆς

2116 1789 2471 1868 Ἀφροδίτης.
2532 1792 2840 1871 Ἑωσφόρος
2916 1795 2944 1848 6
3016 1794 3188 1872 ἀστὴρ
3266 1795 3427 1858 οὗτος
3501 1795 3778 1853 καλεῖται·

2120 1878 2267 1934 ἀλλά
2293 1880 2383 1935 καὶ
2413 1884 2697 1956 Ἕσπεροδ·
2730 1883 2793 1938 τὸ
2828 1884 2921 1955 μὲν
2953 1886 3052 1952 τῆς
3083 1888 3179 1939 τοῦ
3207 1882 3373 1954 ἡλίου
3423 1906 3780 1963 προανισχων

355 1975 608 2050 pellatur
627 1976 672 2010 ⁸⁸
707 1993 720 2030 :
756 1974 897 2047 quin
943 1980 1001 2030 et
1054 1979 1346 2046 Hesperus
1395 1974 1679 2047 [Vesper],
1715 1974 1827 2055 isto
1880 1974 2007 2045 qui-

2129 1968 2407 2038 έπιτολῆς,
2437 1971 2498 2024 τὸ
2531 1967 2589 2025 δὲ
2614 1975 2713 2025 τοῦ
2769 1970 2935 2040 ἡλίου
2991 1970 3417 2051 καταδυομένου,
3450 1975 3785 2053 φαινόμενος

2206 2057 2220 2074 ι
2324 2055 2347 2075 δ
2502 2065 2524 2074 -
2631 2060 2693 2075 ρ..
2884 2059 2896 2075 ,
3164 2067 3187 2075 _
3381 2065 3394 2075 .
3635 2063 3646 2075 .
3686 2063 3713 2075 ..

358 2066 491 2121 dem
525 2064 679 2122 286
711 2061 969 2135 nomine,
992 2064 1229 2137 quando
1261 2068 1394 2121 ante
1425 2063 1565 2120 solis
1596 2069 1790 2119 ortum
1821 2080 2008 2119 emer-

360 2154 474 2227 git;
506 2154 617 2209 hoc
645 2169 805 2220 vero,
829 2168 964 2208 cum
992 2152 1115 2208 sole
1145 2153 1444 2208 occidente
1464 2152 1535 2207 ad
1564 2168 1809 2208 occasus
1839 2168 2014 2225 appa-

361 2247 471 2300 ret.
502 2243 633 2299 Haac
663 2241 878 2315 sphera
922 2241 1229 2314 periodum
1262 2241 1386 2297 obit
1429 2258 1709 2309 annuam,
1734 2246 1799 2296 ut
1829 2240 2011 2313 aliqui

361 2349 428 2387 ex
462 2331 721 2404 physicis
751 2331 1042 2398 sentiunt;
1076 2334 1142 2386 ut
1170 2330 1348 2400 aliqui
1376 2346 1509 2385 vero
1541 2329 1662 2395 alii,
1696 2335 1823 2385 octo
1856 2346 2015 2385 men-

360 2421 549 2478 sibus.
583 2420 695 2475 Sed
727 2425 783 2475 et
814 2419 997 2492 aliqui
1029 2420 1313 2475 Venerem
1345 2419 1521 2473 etiam
1556 2418 1884 2473 Luciferum
1913 2435 2013 2490 ap-

359 2510 601 2583 pellant.
634 2509 879 2565 Veneris
909 2508 1200 2581 sphaeram
1248 2507 1542 2575 Mercurii,
1576 2508 1676 2580 qui
1708 2514 1765 2563 et
1796 2506 2012 2563 stilbon

362 2598 554 2672 [quasi
584 2598 843 2670 radians]
876 2598 1112 2664 dicitur,
1146 2597 1375 2669 sphaera
1416 2597 1632 2668 excipit
1663 2614 1760 2652 sex
1794 2596 2017 2652 mensi-

361 2690 475 2745 bus
505 2692 563 2743 et
589 2705 690 2745 sex
719 2688 928 2744 diebus
974 2703 1144 2743 suam
1185 2685 1744 2743 circumversioncm
1790 2686 2013 2741 obiens.

364 2777 481 2833 Alii
526 2794 661 2833 vero
719 2776 1059 2833 existimant
1108 2779 1165 2832 et
1210 2776 1360 2832 hanc
1412 2775 1552 2830 anni
1600 2774 1790 2847 spatio
1848 2790 2016 2829 suam

364 2867 673 2940 periodum
713 2865 1032 2922 absolvere.
1065 2865 1470 2921 Accuratiores
1518 2864 1714 2919 tamen
1763 2879 1892 2919 esse
1934 2862 2018 2918 vi-

364 2958 598 3025 dentur,
630 2956 733 3029 qui
765 2955 1054 3012 naturalis
1097 2954 1475 3009 revolutionis
1508 2955 1681 3009 modo
1728 2952 2017 3008 dictarum

364 3045 731 3118 sphaerarum
753 3049 991 3117 tempus
1014 3061 1169 3101 anno
1202 3044 1403 3099 minus
1435 3060 1538 3115 pro
1560 3042 1763 3099 ordine
1792 3058 2016 3109 earum,

364 3151 482 3207 quo
529 3133 660 3190 aliis
712 3133 959 3205 sphaeris
1009 3134 1284 3203 subjectae
1333 3136 1492 3200 sunt,
1541 3131 2016 3204 pronuntiarunt.

364 3222 644 3279 Omnium
676 3222 929 3294 denique
979 3222 1343 3294 sphaerarum
1386 3226 1681 3294 postrema
1725 3219 1879 3276 lunas
1908 3223 2017 3287 est,

365 3328 494 3384 qua
554 3311 613 3367 in
661 3312 791 3384 ipso
838 3318 929 3367 est
977 3313 1248 3367 contactu
1312 3310 1545 3366 aatheris
1595 3327 1730 3367 cum
1774 3325 2018 3366 succen-

364 3400 551 3457 sione.

439 3489 526 3545 10.
560 3490 924 3561 Quapropter
951 3488 1130 3544 etiam
1172 3488 1369 3561 ipsum
1410 3488 1565 3545 lunae
1596 3504 1830 3560 corpus,
1861 3491 2021 3543 tene-

364 3577 665 3633 bricosum
696 3582 784 3633 est
815 3594 916 3650 per
965 3594 1050 3644 se,
1082 3594 1216 3633 cum
1265 3577 1324 3632 in
1374 3578 1741 3633 extremitate
1788 3576 2024 3632 aetheris

368 3666 611 3723 exsistat
631 3668 707 3735 3";
743 3670 897 3722 certe
928 3668 1085 3739 quod
1120 3667 1423 3722 turbatum
1459 3671 1548 3721 est
1573 3666 1591 3737 Ῐ
1597 3667 1654 3721 in
1690 3668 1800 3738 ea],
1829 3670 1895 3721 ut
1925 3665 2023 3721 ali-

368 3755 509 3828 quid
541 3772 676 3811 cum
727 3756 1111 3812 succensione
1159 3755 1481 3811 admistum
1528 3758 1638 3823 est,
1690 3755 1776 3811 sic
1822 3760 2022 3811 tamen

367 3848 581 3902 natura
610 3848 1014 3917 comparatum
1049 3849 1137 3901 est
1166 3861 1379 3916 corpus
1410 3844 1571 3900 istud
1611 3844 2020 3917 caliginosum,

366 3942 424 3995 et
452 3935 605 3992 lucis
634 3951 861 4006 expers,
895 3938 960 3988 ut
997 3933 1319 3990 illuminari
1370 3934 1753 4006 lucidumque
1783 3951 1816 3989 a
1847 3933 2024 3989 solari

366 4025 675 4100 splendore
705 4024 830 4078 fieri
857 4024 1063 4095 possit.
1099 4023 1232 4078 Haec
1275 4022 1428 4078 lunae
1470 4023 1698 4094 sphaera
1728 4022 1935 4094 viginti
1967 4028 2025 4078 et

367 4120 592 4189 septem
622 4113 853 4178 diebus,
887 4117 943 4167 et
988 4112 1233 4168 dimidio
1281 4113 1463 4167 ferme
1515 4112 1689 4167 unius
1722 4112 1869 4168 287
1908 4111 2023 4167 diei

366 4203 667 4277 propriam
727 4200 1149 4257 revolutionem
1197 4200 1443 4273 peragit.
1477 4199 1703 4273 Quippe
1754 4200 2021 4257 omnium

366 4292 731 4367 sphaerarum
767 4289 1019 4345 minima
1052 4293 1159 4345 est.

439 4383 527 4437 11.
559 4380 735 4437 Porro
780 4378 984 4435 circuli
1031 4376 1299 4451 paralleli
1332 4376 1817 4450 [aequidistantes]
1850 4379 2020 4451 quin-

367 4488 483 4545 que
514 4471 573 4525 in
604 4469 715 4525 hoc
755 4470 1071 4540 apparente
1129 4466 1271 4523 coelo
1320 4465 1819 4538 intelliguntur”;
1867 4484 2023 4522 unus

369 4558 608 4633 quidem
635 4556 932 4612 maximus
973 4554 1249 4623 circulus,
1277 4554 1335 4609 in
1360 4556 1508 4611 duas
1540 4555 1795 4626 aequales
1826 4560 2021 4627 partes

371 4649 662 4722 sphaeram
694 4646 984 4713 dividens,
1016 4644 1115 4717 qui
1157 4645 1333 4700 etiam
1379 4643 1804 4715 aequinoctialis
1835 4645 2022 4700 nomi-

2120 2057 2260 2136 πφὸς
2320 2055 2570 2132 δυσμαῖς.
2631 2060 2693 2114 Ἡ
2747 2059 2969 2132 τοιαύτη
3058 2067 3257 2140 σφαῖρα
3335 2065 3436 2133 τὴν
3518 2063 3781 2140 περίοδον

2120 2152 2357 2201 ποιεῖται
2412 2147 2548 2203 κατά
2608 2149 2702 2222 μέν
2759 2170 2909 2210 τινας
2963 2153 3071 2205 τῶν
3127 2155 3366 2229 φυσικῶν
3424 2152 3782 2209 ένιαυσιαίαν·

2122 2237 2258 2290 κατά
2288 2233 2347 2291 δέ
2393 2258 2541 2299 τινας
2590 2236 2641 2292 ἐν
2681 2237 2826 2293 ὀκτὼ
2877 2238 3032 2311 μησί.
3070 2239 3308 2296 Καλοῦσι
3368 2238 3426 2296 δέ
3481 2263 3620 2305 τινες
3678 2244 3783 2312 τήν

2123 2321 2453 2401 Ἀφροδίτην
2503 2326 2594 2380 καὶ
2653 2326 2970 2405 Φωσφόρον.
3012 2329 3160 2383 Μετὰ
3216 2330 3315 2398 τὴν
3374 2337 3474 2399 τῆς
3525 2328 3792 2409 Ἀφροδί-

2122 2434 2224 2483 της
2264 2419 2491 2491 σφαῖραν
2549 2417 2584 2484 ἡ
2646 2420 2743 2469 τοῦ
2785 2421 2989 2491 Ἐρμοῦ
3045 2421 3142 2470 τοῦ
3171 2415 3259 2472 καὶ
3293 2412 3615 2481 στίλϐοντος
3646 2420 3696 2475 ἐν
3730 2417 3789 2492 ’ἐξ

2131 2502 2263 2575 μησῖ
2293 2502 2381 2557 καὶ
2413 2502 2649 2579 ἡμέραις
2677 2503 2733 2575 ’ἐξ
2785 2506 2887 2574 τὴν
2949 2502 3086 2560 ἰδίαν
3139 2505 3444 2580 ποιουμένη
3502 2528 3793 2585 περιστρο-

2127 2594 2256 2670 φήν.
2290 2590 2645 2662 Ὑπείληπται
2681 2591 2738 2648 δέ
2782 2616 2922 2649 τισιν
2975 2593 3300 2649 ἐνιαυσιαίαν
3350 2595 3442 2651 καὶ
3491 2596 3625 2667 αὕτη
3681 2599 3789 2668 τήν

2126 2677 2379 2756 περίοδον
2441 2679 2695 2739 ἐκτελεῖν.
2741 2678 3138 2758 Ἀκριϐέστεροι
3196 2680 3253 2738 δὲ
3311 2681 3526 2757 μᾶλλον
3587 2683 3787 2741 δοκοῦ-

2129 2790 2209 2823 σιν
2242 2769 2295 2822 οἳ
2327 2767 2588 2824 ἐλάττονα
2614 2774 2712 2825 τοῦ
2743 2769 2989 2825 ἐνιαυτοῦ
3039 2777 3160 2834 ταῖς
3218 2777 3505 2849 προσεγῶς
3563 2774 3793 2849 εἰρημέ-

2127 2878 2241 2920 ναις
2302 2856 2422 2912 δυσὶ
2482 2858 2729 2937 σφαίραις
2778 2861 2871 2914 τὸν
2929 2866 3030 2929 τῆς
3061 2863 3288 2938 φυσικῆς
3320 2869 3622 2939 περιφορᾶς
3653 2862 3796 2940 χρό-

2127 2967 2218 3001 νον
2273 2946 2706 3025 ἀποφηνάμενοι,
2766 2950 2902 3003 κατά
2976 2950 3075 3017 τὴν
3130 2949 3277 3020 τάξιν
3336 2956 3436 3020 τῆς
3494 2951 3631 3028 πρὸς
3688 2953 3793 3015 τὰς

2130 3031 2305 3097 ἄλλας
2364 3034 2593 3113 σφαίρας
2653 3037 2827 3092 αὐτῶν
2892 3032 3227 3101 ὑποϐάσεως.
3285 3038 3507 3109 Ὑστάτη
3571 3037 3627 3094 δὲ
3680 3062 3795 3096 πα-

2130 3129 2235 3178 σῶν
2292 3128 2396 3178 τῶν
2458 3129 2764 3203 σφαιρῶνὴ
2796 3133 2896 3197 τῆς
2955 3125 3193 3198 σελήνης
3257 3127 3391 3200 ἐστὶ,
3442 3134 3555 3184 κατ’
3611 3128 3787 3200 αὐτὴν

2130 3213 2262 3268 οὖσα
2342 3215 2443 3283 τήν
2526 3216 2759 3293 συναφὴν
2843 3219 2939 3270 τοῦ
3016 3215 3231 3290 αἰθέρος
3314 3217 3454 3292 πρὸς
3507 3218 3570 3273 τὸ
3628 3216 3796 3274 ὑπέκ-

2127 3322 2228 3358 καυ
2236 3323 2330 3376 μα.

2206 3481 2257 3537 ι’.
2299 3480 2392 3536 Διὸ
2448 3480 2538 3536 καὶ
2598 3481 2728 3537 αὐτὸ
2781 3481 2845 3538 τὸ
2900 3489 3002 3554 τῆς
3058 3481 3295 3556 σελήνης
3355 3488 3517 3559 σῶμα
3563 3485 3791 3564 ζοφερόν

2134 3570 2245 3624 ἐστι
2302 3570 2421 3624 καθ’
2481 3570 2632 3640 αὑτὸ,
2664 3570 2802 3647 πρὸς
2854 3572 2919 3626 τὸ
2970 3572 3135 3648 πέρας
3166 3572 3225 3627 ’ὃν
3283 3576 3380 3627 τοῦ
3437 3572 3677 3650 αἰθέρος·
3727 3575 3793 3630 τό

2131 3680 2192 3735 γε
2246 3658 2623 3732 τεθολωμένον
2675 3660 2751 3722 ὡς
2809 3659 2947 3734 πρὸς
3004 3661 3067 3716 τὸ
3101 3659 3420 3736 ὑπέκκαυμά
3474 3683 3529 3717 τι
3589 3685 3797 3738 συμμι-

2131 3746 2245 3823 γές.
2279 3747 2492 3826 Πέφυκε
2554 3747 2738 3821 μέντοι
2767 3749 2830 3804 τὸ
2858 3753 3114 3805 τοιοῦτον
3175 3754 3336 3824 σῶμα
3388 3758 3490 3821 τῆς
3548 3751 3793 3824 σελήνης

2129 3837 2192 3892 τὸ
2226 3834 2466 3914 ζοφῶδες
2495 3837 2584 3892 καὶ
2616 3837 2866 3911 ἀλαμπὲς
2914 3840 3062 3915 παρᾶ
3114 3842 3211 3909 τῆς
3258 3839 3500 3911 ἡλιακῆς
3558 3837 3793 3915 λαμπη-

2133 3923 2291 3988 δόνος
2349 3925 2693 4004 φωτίζεσθαι.
2747 3926 2896 3998 Αὕτη
2955 3932 3058 3997 τῆς
3115 3927 3416 3999 σελήνηςὴ
3476 3934 3677 4005 σφαῖρα
3737 3930 3791 3985 ἐν

2132 4015 2267 4070 ἑπτὰ
2294 4014 2383 4070 καὶ
2417 4012 2614 4070 εἷ’κοσιν
2646 4015 2882 4092 ἡμέραις
2913 4016 3003 4071 καί
3044 4038 3161 4079 πως
3210 4016 3398 4091 ἡμίσει
3461 4023 3591 4091 μιᾶς
3643 4017 3789 4092 ἡμέ-

2133 4124 2227 4179 ρας
2283 4105 2382 4173 τήν
2443 4103 2642 4158 οἰκείαν
2700 4103 2848 4159 ἀνύει
2903 4106 3224 4184 περιφοράν.
3275 4106 3629 4183 Σμικροτάτη
3687 4107 3791 4184 γάρ

2131 4191 2241 4247 ἐστι
2271 4197 2378 4248 τῶν
2412 4190 2557 4248 ὅλων
2586 4197 2846 4270 σφαιρῶν.

2207 4377 2291 4425 ια’.
2325 4369 2531 4425 Κύκλοι
2590 4366 2649 4424 δὲ
2700 4368 2858 4425 πέντε
2912 4368 3270 4447 παράλληλοι
3347 4376 3597 4429 νοοῦνται
3655 4375 3796 4430 κατά

2130 4460 2221 4514 τὸν
2282 4457 2503 4535 οὐρανὸν
2558 4463 2751 4514 τοῦτον
2793 4456 2861 4527 δὴ
2909 4459 3003 4515 τὸν
3035 4460 3377 4538 φαινόμενον·
3413 4462 3489 4524 εἷς
3551 4462 3648 4535 μὶν
3701 4462 3796 4517 κύ·

2130 4548 2265 4610 κλος
2303 4546 2553 4623 μέγιστος
2585 4549 2613 4603 6
2646 4548 2722 4611 εἷς
2755 4545 2851 4604 δύο
2882 4546 3094 4622 τέμνων
3147 4547 3237 4604 ἴσα
3283 4550 3384 4619 τὴν
3444 4556 3696 4628 σφαῖραν·
3730 4551 3795 4615 ’ὃς

2130 4637 2220 4691 καὶ
2251 4637 2568 4713 ἱσημερινὸς
2629 4637 2973 4709 ὀνομάζεται.
3007 4635 3212 4693 Τούτου
3261 4634 3310 4693 δ’
3341 4638 3645 4716 ἑκατέρωσε
3697 4637 3798 4696 δύο

371 4742 565 4795 natur.
598 4735 791 4805 Hujus
832 4751 901 4790 ex
954 4738 1200 4804 utraque
1248 4737 1413 4805 parte
1460 4733 1575 4788 duo
1623 4737 1761 4787 sunt
1798 4731 2016 4799 circuli,

2134 4724 2351 4799 κύκλοι,
2381 4730 2479 4780 τοῦ
2542 4727 2635 4798 μὲν
2698 4725 3016 4802 ἷσημερινοῦ
3079 4727 3309 4800 μείονες,
3344 4724 3449 4782 ἷ¹σοι
3511 4725 3559 4782 δ’
3610 4725 3802 4799 ἀλλή-

370 4822 764 4899 aequinoctiali
795 4824 1036 4895 quidem
1083 4822 1361 4889 minores,
1394 4821 1506 4877 sibi
1550 4821 1799 4876 invicem
1828 4825 2027 4877 tamen

370 4912 645 4988 aequales.
678 4912 975 4969 Vocantur
1004 4915 1199 4966 autem
1245 4911 1454 4983 tropici
1487 4909 1669 4983 [quali
1701 4910 1861 4966 dicas
1891 4926 2027 4966 con-

367 5003 621 5076 versivi],
655 5003 794 5074 quia
824 5018 929 5075 per
960 5002 1075 5056 duo
1109 4999 1250 5056 solis
1283 5005 1501 5071 puncta
1530 4999 1754 5071 tropica
1784 4999 2029 5056 circum-

368 5098 645 5167 aguntur.
676 5092 762 5146 Ad
793 5096 1112 5161 utrumque
1142 5089 1500 5161 tropicorum
1535 5088 1649 5143 duo
1686 5086 1785 5143 alii
1818 5087 2023 5143 circuli

368 5186 539 5251 sunt;
569 5198 724 5236 unus
757 5180 992 5252 quidem
1024 5195 1205 5252 prope
1229 5177 1523 5249 tropicum
1559 5176 1847 5244 aestivum,
1878 5176 2029 5233 alter

365 5288 502 5328 vero
542 5285 720 5343 prope
751 5270 1040 5342 tr0picum
1083 5268 1421 5324 hibernum.
1454 5267 1523 5323 Et
1552 5267 1613 5321 hi
1644 5265 1885 5337 quidem
1915 5266 2027 5321 cir-

368 5359 485 5417 culi
515 5359 627 5415 sibi
672 5359 926 5414 invicem
977 5357 1232 5429 a'quales
1282 5361 1442 5428 sunt,
1476 5372 1728 5428 quorum
1776 5354 2029 5410 borealis

369 5448 631 5523 quidem,
668 5447 958 5515 arcticus;
991 5447 1093 5518 qui
1125 5450 1321 5502 autem
1355 5461 1424 5500 ex
1453 5444 1720 5513 adverso,
1750 5443 2029 5500 australis

368 5535 663 5604 videlicet,
695 5535 1053 5592 antarcticus
1082 5538 1347 5592 vocatur.

2138 4814 2280 4877 λοις.
2316 4813 2618 4869 Καλοῦνται
2677 4810 2734 4869 δὲ
2790 4814 3045 4891 τροπικοὶ
3104 4815 3178 4877 ὡς
3210 4811 3300 4871 διὰ
3352 4819 3459 4870 τῶν
3514 4818 3796 4892 τροπικῶν

2134 4908 2232 4959 τοῦ
2317 4900 2485 4972 ἡλίου
2571 4903 2813 4976 σημείων
2892 4903 3299 4980 περιαγόμενοι.
3358 4905 3485 4959 Καθ’
3542 4904 3797 4979 ἑκάτερον

2135 4997 2242 5047 τῶν
2294 4995 2571 5067 τροπικῶν
2621 4988 2796 5068 ἕτεροι
2856 4988 2951 5046 δύο
3007 4989 3224 5047 κύκλοι·
3261 4994 3337 5056 εἷς
3399 4992 3493 5067 μὶν
3553 4989 3797 5065 πλησίον

2135 5087 2233 5136 τοῦ
2286 5083 2499 5157 θερινοῢ
2556 5085 2844 5158 τροπικοῦ,
2902 5081 2979 5143 εἷς
3036 5077 3093 5135 δὲ
3148 5081 3384 5152 πλησίον
3421 5084 3519 5137 τοῦ
3548 5101 3805 5158 χειμερι-

2136 5175 2248 5226 νοῦ.
2285 5170 2383 5225 Καὶ
2441 5170 2590 5224 οὗτοι
2651 5170 2702 5224 οἱ
2756 5168 2955 5225 κύκλοι
3014 5165 3121 5224 ἴσοι
3168 5168 3466 5241 ἀλλήλοις,
3498 5172 3573 5226 ὧν
3609 5171 3637 5226 6
3700 5172 3800 5243 μὲν

2143 5260 2355 5336 βόρειος
2412 5256 2659 5313 καλεῖται
2721 5256 2991 5334 ἀρκτικός·
3027 5257 3055 5311 6
3112 5254 3159 5312 δ’
3211 5258 3376 5315 αὐτοῦ
3421 5258 3472 5331 ἐξ
3532 5258 3803 5333 ἐναντίας,

2137 5346 2309 5425 ἤγουν
2344 5349 2371 5403 6
2401 5347 2602 5420 νότιος,
2636 5346 3010 5424 ἀνταρκτικός.

441 5769 486 5804 36
519 5765 677 5820 Plato
706 5759 758 5839 ῼ
791 5762 934 5847 et
966 5781 1147 5891 supra
1188 5770 1251 5833 Θ
1280 5763 1524 5847 collocat
1567 5763 1627 5817 in
1674 5762 1892 5819 Timaeo
1924 5762 2190 5845 p..1.052..
2250 5762 2295 5797 ³⁷
2325 5760 2539 5844 ῼΙθοᾳι.
2573 5759 2676 5816 lib.
2710 5778 2750 5831 1,
2781 5776 2832 5816 c.
2866 5760 2922 5828 3,
2982 5760 3042 5843 3°
3074 5758 3329 5842 Ibid.,.c.
3359 5761 3426 5828 2;
3459 5759 3587 5817 Jov.
3615 5761 3790 5817 Pont.

441 5858 474 5891 ι.
509 5855 593 5891 ιιι.
620 5838 690 5891 de
721 5854 768 5891 r.
798 5854 848 5891 c.
882 5853 1039 5891 circu
1067 5854 1131 5891 os
1162 5836 1270 5891 hos
1303 5854 1363 5891 in
1394 5834 1538 5891 caelo
1571 5839 1804 5891 tantum
1834 5850 2059 5891 οοηοιοι
2089 5840 2148 5891 et
2176 5849 2558 5891 imaginarlos
2587 5832 2890 5890 habendos
2920 5846 3050 5891 esse
3080 5832 3309 5889 statuit.

371 5838 474 5896 lib.
509 5855 593 5911 ιιι,
620 5838 690 5893 de
721 5837 768 5892 ι.
798 5854 848 5893 ο.
882 5837 1039 5893 eircu

1067 5854 1131 5894 os
1162 5830 1270 5893 hos
1303 5837 1363 5891 in
1394 5834 1538 5892 coelo
1571 5839 1804 5891 tantum
1834 5830 2059 5907 concipi
2089 5840 2148 5891 et
2176 5832 2558 5906 imaginarios
2587 5830 2890 5890 habendos
2920 5840 3050 5891 esse
3080 5830 3309 5889 statuit.
