4114 6464
445 487 600 552 1237

519 622 609 697 ιβ.
659 619 717 674 ⁸0
767 618 860 694 μὲν
911 615 1002 675 οὗν
1053 617 1369 695 ἰσημερινὸς
1423 619 1512 675 καὶ
1560 619 1612 675 οἱ
1659 621 1912 697 τροπικοὶ
1961 618 2092 675 πάν·
2119 623 2174 689 Α

441 709 565 765 τοτέ
597 709 728 766 εἰσιν
763 710 815 764 οἱ
854 709 1028 778 αὐτοὶ,
1076 709 1166 763 καὶ
1215 707 1342 772 τοὺς
1398 708 1592 765 αὐτοὺς
1641 709 1964 786 κατέχοντες
2004 708 2095 764 τό·

444 816 579 861 πους
637 796 900 868 διηνεκῶς
943 840 954 852 .
1015 799 1071 850 Ὁ
1131 795 1178 852 δ’
1252 799 1504 874 ἀρκτικὸς
1581 797 1670 852 καὶ
1746 798 2095 874 ἀνταρκτικὸς

442 889 579 943 κατὰ
654 887 748 949 τὰς
827 890 936 940 τῶν
992 885 1277 959 κλιμάτων
1358 884 1618 962 διαφορὰς
1677 885 2097 942 ἐναλλάσσονται

441 977 532 1032 καὶ
586 975 714 1039 τοὺς
770 975 971 1036 τόπους
1026 970 1332 1048 ἀμείϐουσι.
1393 976 1491 1030 Καὶ
1551 980 1661 1030 ποῦ
1727 976 1943 1049 μείζους
1995 974 2095 1030 εἶσὶ

441 1064 533 1120 καὶ
564 1064 707 1121 πολὺ
735 1069 854 1126 τοῖς
883 1069 1166 1140 τροπικοῖς
1215 1064 1632 1136 πλησιάζοντες·
1681 1069 1788 1119 ποῦ
1837 1062 1883 1119 δ’
1942 1063 2097 1120 ἐλάτ-

440 1173 612 1222 τους,
665 1153 754 1209 καὶ
830 1158 948 1215 τοῖς
1017 1149 1214 1216 πόλοις
1292 1152 1528 1226 μάλιστα
1596 1153 2046 1230 προσεγγίζοντες
2082 1195 2095 1208 .

442 1245 595 1298 Ἔστι
629 1239 675 1297 δ’
718 1241 856 1297 ὅπου
901 1243 991 1296 καὶ
1042 1242 1407 1320 ἀφανίζονται.
1450 1244 1538 1310 Μή
1592 1242 1999 1320 ἀφανιζομένων
2050 1239 2096 1295 δ’

442 1330 641 1399 αὐτῶν,
676 1332 704 1386 6
739 1333 830 1404 μὲν
879 1330 1108 1406 ἀόρατός
1154 1330 1317 1403 ἐστιν,
1349 1332 1377 1385 6
1427 1329 1473 1386 δ’
1516 1331 1598 1386 ἀεὶ
1647 1330 1864 1408 ὁρατός.
1914 1331 2003 1386 καὶ
2033 1332 2096 1385 τὸ

441 1419 834 1496 περιεχόμενον
909 1421 996 1474 ὑπ’
1048 1419 1213 1474 αὐτοῦ
1288 1417 1452 1496 μέρος
1509 1426 1610 1489 τῆς
1667 1419 1896 1495 σφαίρας
1957 1420 2092 1473 ἅπαν

437 1509 501 1563 τὸ
531 1509 669 1585 πρὸς
717 1513 798 1580 τῷ
833 1507 994 1581 πόλῳ
1045 1509 1312 1586 ἀειφανὲς,
1364 1509 1440 1571 ὡς
1486 1509 1549 1563 τὸ
1600 1509 1702 1563 ὑπὸ
1749 1512 1846 1562 τοῦ
1895 1505 2094 1563 λοιποῦ

439 1597 834 1674 περιεχόμενον
868 1596 1085 1676 ἀφανές.
1135 1597 1308 1653 Πόλοι
1359 1595 1416 1652 δὲ
1462 1598 1676 1652 πάντων
1724 1602 1829 1652 τῶν
1880 1597 2092 1674 παραλ-

442 1685 634 1758 λήλων
661 1685 879 1742 κύκλων
913 1689 966 1741 οἱ
993 1694 1093 1756 τῆς
1127 1686 1352 1765 σφαίρας
1383 1685 1563 1744 εἷσίν.’

514 1777 599 1851 ιγ’.
664 1778 888 1852 Ἕτερος
941 1773 998 1831 δὲ
1053 1781 1256 1832 νοεῖται
1315 1777 1570 1850 μέγιστος
1618 1775 1841 1846 κύκλος,
1902 1773 1989 1830 διά
2036 1797 2095 1831 τε

436 1869 543 1919 τῶν
601 1869 878 1941 τροπικῶν
931 1865 1020 1920 καὶ
1065 1870 1162 1920 τοῦ
1223 1865 1541 1941 ἶσημερινοῦ
1605 1861 1947 1940 βεϐλημένος
1997 1864 2094 1920 λο-

441 1956 562 2027 ξῶς⁶
596 1954 712 2008 καθ’
754 1952 808 2008 ’ὲν
863 1953 956 2026 μὲν
1003 1958 1230 2026 σημεῖον
1272 1954 1457 2028 ψαύων
1510 1954 1765 2030 ἑκατέρου
1810 1958 1916 2008 τῶν
1963 1975 2089 2030 τρο·
2123 1995 2172 2059 Β

547 2046 573 2058 -
702 2042 717 2059 ,
778 2040 805 2059 ,ι
916 2041 960 2059 ω
1021 2040 1076 2059 εκ,
1277 2044 1290 2059 ι
1350 2040 1404 2059 κ,
1643 2047 1667 2058 ..
1787 2043 1796 2059 .
2039 2043 2053 2059 κ

440 2046 637 2097 πικῶνο
673 2042 749 2104 εἰς
776 2040 866 2096 ἷ¹σα
913 2041 970 2098 δὲ
1018 2040 1113 2096 δύο
1162 2044 1300 2098 κατὰ
1347 2040 1441 2098 δύο
1497 2047 1701 2115 σημεῖα
1745 2043 1956 2116 τέμνων
1998 2043 2089 2098 τὸν

439 2131 778 2205 ἰσημερινόν.
838 2131 1006 2194 Οὗτος
1067 2131 1094 2185 6
1145 2131 1304 2205 λοξὸς
1365 2130 1570 2194 κύκλος
1611 2130 1857 2187 καλεῖται
1886 2130 2091 2187 Ζωδια-

436 2219 550 2282 κός·
598 2218 709 2275 ἔστι
762 2219 820 2274 δὲ
867 2219 1075 2282 πλατὺς
1119 2220 1210 2275 καὶ
1260 2221 1436 2298 φέρων
1488 2219 1655 2293 ἄστρα
1699 2220 1906 2291 πολλὰ,
1939 2242 2090 2277 σκια-

435 2308 673 2387 γράφοῦν
713 2310 782 2365 τά
827 2331 946 2372 πως
1000 2309 1109 2379 ζῶά
1159 2331 1300 2366 τινα.
1355 2312 1449 2365 Ἐκ
1483 2317 1585 2380 τῆς
1635 2309 1892 2380 τοιαύτης
1941 2332 2090 2365 σκια-

435 2398 664 2476 γραφίας
739 2404 838 2468 τῆς
915 2399 1326 2474 συγκεχυμένης
1401 2399 1491 2454 καὶ
1566 2396 1812 2472 ἀμυδρᾶς
1880 2397 2013 2470 ἐκλῆ
2024 2411 2090 2469 θη

435 2487 582 2561 παρὰ
665 2487 771 2540 τῶν
861 2486 1106 2562 ἀρχαίων
1196 2485 1548 2564 ἀστρολόγων
1639 2488 1916 2564 ζωοφόρος
2003 2488 2092 2542 καὶ

437 2573 732 2638 Ζωδιακός·
791 2576 881 2630 καὶ
936 2576 1004 2630 τὰ
1079 2577 1533 2653 σκιαγραφήματα
1588 2573 1896 2646 ἐκλήθησαν
1957 2583 2094 2630 Ζω-

437 2661 544 2721 δια.
578 2665 648 2719 Τὸ
678 2664 887 2726 πλάτος
919 2665 1010 2718 οὗν
1043 2668 1139 2718 τοῦ
1189 2662 1457 2733 ζωδιακοῦ
1505 2670 1650 2740 τρεῖς
1697 2662 1964 2741 διαιροῦσι
1995 2667 2091 2721 κύ-

433 2750 562 2808 κλοι
603 2753 694 2808 καὶ
739 2751 1117 2826 διανέμονται.
1169 2753 1332 2809 Καὶὸ
1389 2754 1484 2826 μὲν
1539 2753 1713 2809 αὐτῶν
1766 2753 1926 2827 μέσος
1981 2755 2090 2811 ἔστι

435 2862 494 2896 τε
542 2840 631 2896 καὶ
713 2840 948 2917 λέγεται.
1000 2842 1197 2896 τούτου
1241 2838 1288 2896 δ’
1327 2842 1380 2896 οἱ
1436 2843 1724 2919 ἑκατέρωθι
1771 2843 2092 2917 ὠνομάσθη-

437 2949 531 2984 σαν
563 2931 593 2984 6
627 2931 720 3004 μὲν
759 2929 993 3006 βόρειος,
1048 2931 1076 2984 ὁ
1132 2927 1189 2984 δὲ
1237 2930 1436 3002 νότιος,
1488 2931 1548 2985 ἐκ
1593 2935 1697 2985 τῶν
1743 2937 1838 2986 τοῦ
1880 2931 2091 3006 κόσμου

441 3023 621 3095 μερῶν
687 3019 769 3081 οἷς
830 3017 1270 3096 προσπελάζουσι
1343 3017 1766 3096 κληρωσάμενοι
1823 3021 1890 3076 τὰ
1948 3020 2088 3076 ὀνό-

442 3127 602 3179 ματα.

510 3282 592 3339 ιδ’.
626 3286 844 3362 Ἕτερος
877 3287 1024 3362 παρὰ
1049 3286 1141 3341 τὸν
1178 3284 1439 3356 ζωδιακὸν
1490 3287 1580 3342 καὶ
1610 3289 1702 3342 τὸν
1753 3287 1840 3357 ίση
1853 3290 2087 3364 μερινὸν,

1773 484 2123 551 EPITOME
2165 484 2535 552 PHYSICA.

3703 485 3863 550 1238

2282 623 2366 676 12.
2399 619 2838 693 Equinoctialis
2886 619 3066 694 igitur
3095 622 3152 677 et
3179 617 3389 693 tropici
3419 618 3639 693 ubique
3675 619 3855 678 iidem

2207 713 2348 766 sunt
2387 712 2705 782 eademque
2761 710 2937 766 etiam
2995 727 3229 782 semper
3284 715 3572 782 occupant
3619 709 3768 779 loca,
3801 713 3863 767 at

2209 801 2461 856 arcticus
2500 804 2556 856 et
2585 801 2944 856 antarcticus
2977 799 3301 856 secundum
3353 800 3658 854 climatum
3691 800 3863 855 diffe-

2208 891 2429 945 rentias
2457 890 2685 945 variant
2714 894 2768 944 et
2807 889 2936 945 lora
2983 893 3235 944 mutant.
3270 889 3340 943 Et
3369 888 3587 944 alicubi
3623 888 3859 959 quidem

2209 980 2462 1050 majores
2493 983 2652 1047 sunt,
2680 977 3054 1048 multumque
3084 977 3328 1048 tropicis
3352 977 3858 1050 appropinquant;

2207 1066 2418 1123 alicubi
2470 1071 2666 1122 autem
2718 1068 2975 1122 minores
3005 1070 3061 1122 et
3091 1065 3353 1138 proxime
3384 1066 3455 1120 ad
3490 1065 3648 1136 polos
3697 1081 3859 1121 acce-

2207 1157 2372 1212 dunt.
2408 1158 2517 1212 Sed
2580 1161 2635 1210 et
2692 1155 2906 1210 alicubi
2955 1160 3328 1211 evanescunt.
3362 1155 3603 1219 Quando
3663 1159 3858 1211 autem

2209 1261 2325 1300 non
2377 1249 2754 1313 evanescunt,
2795 1260 2950 1298 unus
3011 1243 3248 1314 quidem
3299 1243 3451 1299 288
3510 1242 3856 1311 invisibilis;

2207 1333 2354 1389 alter
2381 1350 2513 1389 vero
2547 1349 2777 1404 semper
2805 1336 2893 1387 est
2922 1331 3204 1395 visibilis;
3234 1337 3291 1388 et
3317 1332 3588 1388 universa
3616 1332 3858 1404 sphaerae

2207 1439 2342 1495 pars
2373 1440 2499 1495 quae
2521 1423 2593 1478 ab
2613 1421 2740 1492 ipso
2767 1422 2838 1476 ad
2871 1421 3069 1494 polum
3100 1437 3289 1494 usque
3319 1422 3856 1494 comprehenditur,

2205 1527 2438 1583 semper
2467 1509 2852 1583 conspicitur;
2884 1511 3386 1583 quemadmodum
3410 1528 3538 1584 quae
3570 1511 3642 1567 ab
3675 1510 3856 1567 altero

2205 1602 2538 1657 continetur
2575 1617 2689 1656 non
2740 1599 3118 1671 conspicitur.
3152 1601 3329 1672 Atqui
3379 1598 3496 1672 poli
3547 1598 3855 1672 parallelo-

2206 1707 2337 1745 rum
2367 1690 2632 1745 omnium
2664 1693 2803 1744 sunt
2832 1688 2939 1759 illi,
2971 1689 3067 1760 qui
3101 1692 3159 1744 et
3190 1688 3414 1760 spherae
3444 1692 3606 1744 sunt.

2278 1780 2364 1834 13.
2394 1779 2566 1834 Porro
2592 1779 2637 1813 3°
2667 1777 2818 1833 alius
2862 1777 3120 1832 circulus
3164 1776 3457 1832 maximus
3486 1776 3855 1849 intelligitur,

2204 1869 2305 1940 qui
2335 1884 2437 1940 per
2465 1867 2721 1939 tropicos
2764 1871 2822 1922 et
2861 1870 3212 1938 aaquatorem
3246 1865 3484 1938 oblique
3513 1867 3856 1937 interjectus

2203 1960 2319 2022 est;
2368 1957 2466 2028 qui
2512 1972 2629 2010 uno
2677 1954 2917 2026 quidem
2966 1960 3182 2027 puncto
3230 1958 3550 2026 utrumque
3597 1953 3851 2026 tropico-

2207 2062 2339 2100 rum
2399 2044 2654 2116 attingit,
2687 2044 2746 2099 in
2805 2044 2952 2099 duas
3004 2047 3201 2099 autem
3254 2042 3506 2114 aequales
3564 2046 3763 2114 partes
3792 2042 3854 2098 in

2205 2133 2437 2189 duobus
2485 2133 2720 2204 punctis
2771 2131 3238 2203 azquinoctialem
3292 2131 3515 2186 dividit.
3554 2130 3657 2186 Hic
3705 2129 3858 2186 obli-

2205 2238 2358 2294 quus
2389 2220 2645 2276 circulus
2690 2221 2866 2276 etiam
2909 2220 3192 2276 Zodiacus
3235 2224 3494 2275 vocatur.
3527 2220 3741 2290 Estque
3772 2218 3854 2274 la-

2204 2315 2301 2366 tus
2360 2309 2616 2365 circulus
2662 2313 2720 2364 et
2766 2308 2956 2364 multa
3014 2309 3425 2380 complectitur
3483 2307 3695 2376 sidera,
3729 2324 3855 2380 quaa

2205 2399 2486 2455 animalia
2515 2399 2782 2470 quaedam
2833 2398 3190 2452 adumbrant
3220 2402 3277 2453 et
3306 2401 3744 2470 repraesentant.
3774 2398 3856 2453 Ex

2204 2489 2450 2544 confusa
2478 2489 2588 2543 hac
2616 2491 2674 2542 et
2704 2488 2954 2542 obscura
2979 2486 3426 2542 adumbralione
3455 2491 3512 2542 et
3536 2502 3854 2557 repraesen-

2204 2578 2426 2633 tatione
2458 2578 2531 2633 ab
2564 2576 2828 2648 antiquis
2856 2575 3187 2648 astrologis,
3222 2575 3466 2646 signifer
3494 2579 3552 2630 et
3579 2575 3853 2632 zodiacus

2201 2672 2442 2722 vocatus
2474 2666 2585 2720 fuit
2607 2666 2681 2733 ‘0;
2717 2669 2773 2720 et
2797 2664 3105 2736 imagines,
3132 2662 3487 2719 animalcula
3511 2668 3568 2720 et
3588 2663 3757 2736 [alias
3780 2663 3854 2719 si-

2203 2761 2336 2828 gna]
2372 2758 2586 2810 vocatae
2637 2758 2794 2810 sunt.
2831 2752 3223 2809 Latitudinem
3268 2751 3434 2825 proin
3483 2751 3704 2808 zodiaci
3733 2756 3850 2808 tres

2205 2844 2404 2900 circuli
2454 2843 2723 2898 dividunt
2752 2847 2808 2898 et
2846 2841 3183 2914 partiuntur
3210 2841 3278 2895 ⁴¹.
3307 2842 3374 2896 Et
3406 2857 3561 2896 unus
3612 2840 3850 2912 quidem

2201 2949 2427 2997 eorum,
2461 2932 2692 2987 medius
2725 2935 2832 3000 est,
2867 2934 2925 2986 et
2955 2929 3169 2986 dicitur
3201 2945 3213 2983 :
3245 2929 3318 2984 ab
3365 2928 3475 2984 hoc
3503 2933 3722 2997 autem,
3747 2929 3850 3000 qui

2202 3023 2274 3078 ad
2319 3027 2640 3092 utrumque
2686 3019 2842 3076 latus
2889 3023 3048 3087 sunt,
3081 3035 3237 3074 unus
3285 3017 3524 3090 quidem
3573 3016 3847 3086 borealis,

2202 3110 2348 3167 alter
2394 3108 2672 3165 australis
2721 3109 3007 3164 nominati
3047 3113 3214 3163 sunt:
3250 3124 3283 3162 a
3321 3105 3528 3162 mundi
3580 3106 3850 3178 partibus

2201 3200 2418 3272 quibus
2448 3198 2939 3271 apprOpinquant,
2974 3195 3453 3252 nomina.sortiti.

2273 3288 2358 3342 14.
2391 3288 2555 3343 Alius
2587 3291 2797 3359 praeter
2824 3285 3128 3342 zodiacum
3159 3289 3217 3341 et
3245 3283 3705 3356 aequinoctialem
3739 3283 3850 3339 cir-

439 3375 693 3450 μέγιστος
725 3375 815 3429 καὶ
846 3374 1029 3445 αὐτὸς,
1073 3381 1278 3431 νοεῖται
1325 3375 1547 3448 κύκλος,
1601 3377 1629 3430 ὁ
1679 3374 1900 3450 διαιρῶν
1951 3381 2086 3451 ἡμῖν

2208 3376 2374 3433 culus
2406 3377 2559 3433 289
2593 3380 2649 3431 et
2679 3375 2806 3447 ipse
2850 3375 3143 3431 maximus
3192 3373 3555 3446 intelligitur,
3590 3373 3690 3444 qui
3719 3389 3853 3444 par-

431 3463 494 3518 τὸ
547 3469 648 3533 τῆς
725 3463 954 3542 σφαίρας
1010 3466 1234 3543 φανερὸν
1296 3465 1356 3522 ἐκ
1410 3471 1508 3520 τοῦ
1567 3466 1821 3544 ἀφανοῦς,
1879 3468 1940 3530 ’ὸς
1998 3469 2088 3522 καὶ

431 3551 627 3627 ὁρίζων
707 3550 797 3608 διὰ
864 3558 1025 3610 τοῦτο
1099 3555 1560 3632 προσαγορεύεται
1615 3600 1626 3613 .
1687 3557 1952 3632 Μέγιστος
2031 3554 2090 3611 δέ

429 3640 661 3698 ἐστικαὶ
716 3643 897 3712 αὐτὸς,
948 3643 1164 3720 ἐπείπερ
1215 3643 1293 3707 εἰς
1348 3641 1436 3699 ἴσα
1485 3642 1578 3699 δόο
1634 3645 1724 3699 τὸν
1768 3644 1974 3718 κόσμον
2009 3643 2088 3700 δι-

431 3735 592 3806 αιρεῖ.
634 3731 836 3794 Πάντες
884 3733 989 3809 γὰρ
1038 3733 1092 3787 οἱ
1142 3731 1386 3808 μέγιστοι
1438 3730 1632 3788 κύκλοι
1680 3736 1779 3804 τήν
1827 3755 1886 3788 τε
1933 3739 2089 3811 σφαῖ-

433 3838 528 3894 ραν
560 3819 651 3874 καὶ
680 3818 969 3891 ἀλλήλους
1013 3820 1090 3883 εἷς
1121 3818 1210 3876 ἷ¹σα
1261 3820 1398 3897 μέρη
1447 3822 1731 3895 τέμνουσιν
1783 3820 2088 3898 ἀναγκαίως

431 3907 520 3962 καὶ
551 3905 660 3964 ἴσοι
691 3906 965 3980 ἀλλήλοις
1000 3908 1119 3965 εἶσί.

505 4090 579 4141 ιε’.
614 4082 830 4139 Τούτων
893 4084 1068 4146 οὕτως
1126 4084 1367 4161 ἐχόντων
1425 4087 1478 4141 οἱ
1535 4083 1806 4157 πλάνητες
1861 4088 2087 4150 ἅπαντες

428 4173 529 4242 τὴν
580 4171 815 4228 ἐναντίαν
856 4176 934 4245 τῷ
980 4173 1317 4248 στερεώματι
1369 4176 1505 4228 κατὰ
1531 4175 1596 4230 τὸ
1647 4172 1838 4230 δοκοῦν
1879 4175 2090 4246 κίνησιν

429 4260 766 4336 κινούμενοι,
800 4259 890 4316 καί
933 4259 1122 4316 ἄλλοτ’
1170 4260 1222 4316 ἐν
1270 4259 1466 4326 ἄλλοις
1507 4268 1605 4318 τοῦ
1641 4264 1848 4338 κόσμου
1897 4265 2090 4343 φαινό-

433 4371 587 4422 μενοι
621 4350 853 4428 μέρεσιν,
904 4349 1004 4405 οὐκ
1059 4347 1287 4406 ἄτακτον
1342 4357 1626 4407 ποιοῦνται
1684 4355 1784 4422 τὴν
1833 4353 2043 4423 κίνησιν
2072 4373 2084 4385 ·

430 4437 556 4494 οὐδὲ
586 4437 655 4494 δι’
683 4441 758 4494 ὧν
812 4436 974 4514 ἔτυχε
1016 4443 1114 4494 τοῦ
1161 4439 1371 4513 κόσμου
1421 4441 1674 4518 φέρονται
1729 4447 1930 4518 μερῶν,
1962 4440 2089 4497 ἀλλ’

432 4528 536 4583 ὑπὸ
559 4528 652 4583 τὸν
685 4526 949 4598 ζωδιακὸν
1002 4528 1082 4584 ἀεὶ
1133 4530 1471 4608 στρέφονται.
1523 4531 1623 4585 Καὶ
1674 4531 1702 4586 6
1755 4532 1849 4604 μὲν
1899 4530 2086 4603 ἥλιος,

431 4616 538 4672 ἀπὸ
565 4622 780 4693 τροπῶν
833 4611 1124 4672 διαϐαίνων
1177 4618 1264 4673 ἐπὶ
1306 4620 1534 4696 τροπὰς,
1564 4625 1680 4682 τοῖς
1717 4621 1955 4696 βορείοις
1990 4621 2085 4694 μὲν

2200 3469 2320 3521 tem
2353 3465 2591 3537 sphaera
2632 3463 3010 3536 conspicuam
3049 3463 3121 3518 ab
3161 3461 3543 3534 inconspicua
3571 3461 3742 3518 nobis
3771 3461 3855 3516 di-

2197 3554 2363 3621 vidit,
2399 3555 2618 3626 quique
2662 3558 2967 3626 propterea
3009 3551 3249 3608 horizon
3279 3551 3360 3624 [ἰὰ
3392 3555 3483 3606 est
3511 3550 3728 3618 ﬁnitor]
3758 3566 3854 3622 ap-

2199 3643 2468 3717 pellatur.
2504 3643 2796 3698 Maximus
2827 3646 3023 3697 autem
3070 3645 3127 3696 et
3169 3640 3294 3712 ipse
3323 3644 3432 3708 est,
3466 3640 3701 3711 quando
3729 3639 3855 3712 qui-

2200 3734 2334 3790 dem
2393 3733 2452 3788 in
2499 3733 2648 3788 duas
2706 3729 2964 3803 aequales
3020 3735 3218 3802 partes
3276 3729 3567 3784 mundum
3624 3728 3850 3785 dividit.

2200 3823 2418 3878 Omnes
2447 3821 2604 3877 enim
2652 3819 2851 3877 circuli
2888 3818 3150 3884 maximi,
3192 3835 3329 3873 cum
3378 3818 3691 3889 sphaeram,
3723 3821 3852 3873 tum

2201 3928 2263 3968 se
2297 3911 2546 3966 invicem
2579 3912 2637 3966 in
2673 3909 2928 3981 aequales
2958 3913 3154 3980 partes
3186 3911 3387 3964 secant
3416 3905 3765 3977 necessario,
3797 3910 3856 3962 et

2199 3999 2312 4056 sibi
2343 3998 2586 4054 invicem
2619 4002 2870 4070 aequales
2891 4001 3049 4052 sunt.

2272 4088 2359 4143 15.
2393 4087 2523 4143 Haec
2570 4102 2704 4141 cum
2750 4086 2831 4141 ita
2878 4101 2940 4140 se
2987 4085 3244 4140 habeant
3263 4085 3329 4153 ‘3,
3362 4087 3623 4139 errantes
3672 4081 3850 4140 stellae

2200 4193 2405 4232 omnes
2436 4193 2563 4248 quae
2607 4173 2898 4231 contrario
2931 4175 3302 4229 ﬁrmamento
3333 4176 3398 4227 ut
3426 4172 3657 4228 videtur
3687 4174 3852 4228 motu

2200 4269 2526 4336 moventur,
2563 4267 2617 4320 et
2647 4262 2794 4321 alias
2825 4262 2881 4317 in
2918 4261 3049 4318 aliis
3092 4261 3298 4318 mundi
3327 4261 3596 4333 partibus
3625 4260 3853 4334 conspi-

2199 4354 2452 4421 ciuntur,
2485 4353 2643 4409 haud
2690 4352 3022 4408 inordinato
3076 4355 3238 4406 motu
3280 4351 3582 4418 incedunt,
3613 4366 3720 4406 nec
3751 4366 3854 4422 per

2200 4443 2435 4516 quasvis
2468 4443 2800 4515 promiscue
2833 4441 3036 4496 mundi
3068 4445 3261 4513 partes
3289 4440 3577 4508 feruntur,
3606 4441 3708 4495 sed
3740 4440 3850 4496 sub

2198 4533 2432 4589 zodiaco
2464 4549 2696 4604 semper
2725 4534 3160 4586 convertuntur.
3187 4531 3253 4585 Et
3275 4529 3359 4585 sol
3392 4529 3629 4598 quidem
3662 4547 3696 4584 a
3721 4545 3854 4584 con-

2197 4623 2567 4678 versionibus
2603 4619 2898 4693 [solstitio]
2931 4621 3002 4674 ad
3035 4618 3444 4674 conversiones
3485 4617 3850 4690 [solstitium]

427 4707 519 4760 καὶ
570 4711 690 4769 τοῖς
736 4707 940 4769 νοτίοις
988 4705 1354 4782 προσπελάζει
1409 4713 1507 4763 τοῦ
1562 4709 1772 4782 κόσμου
1830 4711 2082 4783 μέρεσιν⁸

2208 4711 2555 4783 digrediens,
2583 4711 2655 4766 ad
2686 4708 2950 4765 boreales
2980 4708 3220 4780 quidem
3253 4712 3310 4763 et
3338 4707 3852 4796 australespartes

431 4791 691 4850 οὐδέποτε
749 4792 807 4850 δὲ
863 4796 929 4849 τὰ
984 4795 1087 4851 ὑπὸ
1128 4796 1219 4851 τὸν
1279 4793 1542 4866 ζωδιακὸν
1604 4798 1791 4874 βόρεια
1845 4799 1880 4868 ἢ
1936 4793 2089 4854 νότια

427 4879 858 4959 καταλαμϐάνει,
914 4886 1005 4940 τὸν
1091 4885 1412 4958 μεσαίτατον
1473 4887 1554 4942 ἀεὶ
1610 4888 1824 4961 τέμνων
1883 4885 2086 4943 κύκλον

427 4974 518 5029 τὸν
548 4972 642 5028 καί
689 4971 920 5044 ἡλιακὸν
973 4971 1063 5029 διὰ
1103 4979 1263 5030 τοῦτο
1310 4974 1672 5049 καλούμενον.
1705 4978 1768 5031 Οἱ
1798 4974 1855 5032 δὲ
1902 4975 2087 5034 λοιποὶ

426 5060 712 5134 πλάνητες
760 5062 849 5117 καὶ
897 5068 995 5118 τοῦ
1033 5064 1245 5137 κόσμου
1294 5070 1410 5127 τοῖς
1463 5065 1698 5142 βορείοις
1730 5065 1818 5120 καὶ
1853 5071 1970 5128 τοῖς
1995 5087 2086 5120 νο-

423 5151 564 5215 τίοις
623 5151 1063 5228 προσπελάζουσι
1138 5152 1373 5228 μέρεσιν*
1434 5150 1581 5210 ἀλλὰ
1652 5152 1718 5224 δὴ
1777 5154 1868 5209 καὶ
1926 5154 2089 5210 αὐτοῦ

422 5245 521 5297 τοῦ
583 5241 959 5304 ὑποτείνοντος
1018 5242 1112 5318 τὸν
1192 5241 1465 5298 Ζωδιακὸν
1523 5242 1724 5299 κύκλον
1762 5288 1773 5300 .
1832 5245 1932 5299 Καὶ
1988 5245 2089 5321 γὰρ

425 5327 769 5393 ἑλικοιειδῶς
820 5329 873 5385 ἐν
931 5329 1079 5403 αὕτῴ
1131 5335 1429 5402 κινοῦνται,
1489 5333 1763 5396 κατιόντες
1823 5333 1929 5388 ἀπὸ
1983 5338 2092 5387 τῶν

431 5420 660 5498 βορείων
717 5418 807 5475 ἐπὶ
860 5421 928 5474 τὰ
981 5420 1150 5475 νότια”
1201 5421 1445 5485 κάκεῖθεν
1505 5420 1669 5477 πάλιν
1731 5422 1970 5484 ἀνιόντες
2003 5421 2090 5476 ἐπὶ

424 5510 493 5565 τά
525 5508 734 5586 βόρειαο
789 5508 882 5564 καὶ
927 5508 1070 5565 οὕτω
1119 5509 1252 5584 (καὶ)
1300 5509 1392 5565 τὸν
1445 5508 1676 5581 ἡλιακὸν
1721 5506 2090 5588 παραμείϐον-

424 5618 534 5661 τες.

2198 4800 2440 4871 accedit,
2464 4815 2769 4870 nunquam
2795 4802 2991 4853 autem
3017 4796 3278 4853 boreales
3301 4802 3404 4852 aut
3427 4795 3716 4852 australes
3740 4797 3852 4852 sub

2197 4889 2433 4946 zodiaco
2464 4894 2659 4961 partes
2691 4892 2958 4959 occupat,
2991 4886 3252 4942 medium
3301 4885 3524 4941 scilicet
3563 4884 3850 4942 circulum

2199 4995 2432 5051 semper
2461 4995 2688 5047 secans,
2722 4977 2822 5048 qui
2856 4977 3031 5030 etiam
3085 4975 3158 5030 ob
3202 4975 3258 5029 id
3301 4974 3511 5031 solaris
3541 4974 3850 5032 vocitatur.

2198 5072 2425 5123 Caetera:
2449 5084 2582 5122 vero
2604 5070 2867 5122 errantes
2898 5063 3100 5135 stellae,
3124 5081 3260 5119 cum
3287 5064 3493 5119 mundi
3516 5061 3852 5120 borealibus

2199 5155 2699 5228 australibusque,
2732 5159 2858 5209 tum
2899 5169 3036 5209 vero
3087 5153 3264 5208 etiam
3297 5152 3459 5209 illius
3489 5151 3716 5224 circuli,
3751 5153 3852 5225 qui

2199 5245 2503 5301 zodiacum
2537 5243 2854 5310 subtendit,
2878 5242 3145 5315 partibus
3176 5243 3582 5298 admoventur.
3605 5241 3854 5313 Oblique

2200 5335 2354 5391 enim
2389 5338 2445 5389 et
2473 5334 2728 5389 flexuose
2772 5333 2832 5387 in
2882 5348 2948 5386 eo
2983 5349 3016 5386 a
3061 5331 3396 5387 borealibus
3442 5332 3514 5387 ad
3563 5331 3854 5387 australes

2202 5429 2396 5496 partes
2427 5423 2582 5479 290
2629 5421 3056 5485 descendendo,
3090 5424 3146 5475 et
3179 5419 3316 5474 hinc
3365 5437 3572 5476 rursus
3621 5420 3692 5476 ad
3745 5421 3850 5476 bo-

2201 5512 2386 5568 reales
2416 5511 2804 5579 ascendendo,
2827 5511 3026 5581 itaque
3047 5509 3298 5566 solerem
3325 5510 3714 5582 permutando
3745 5509 3854 5566 cir-

2203 5600 2402 5657 culum
2435 5603 2766 5656 moventur.

499 5814 548 5854 ³⁸
573 5811 794 5875 Cleom.
822 5812 928 5872 lib.
960 5830 1024 5889 ιι,
1055 5830 1108 5873 c.
1138 5816 1194 5873 4.
1269 5815 1316 5853 ⁴⁰
1337 5815 1464 5875 Jov.
1497 5815 1664 5876 Pont.
1697 5815 1801 5875 lib.
1831 5833 1874 5875 ιι
1902 5817 1976 5874 de
2004 5833 2052 5874 r.
2083 5835 2092 5871 ι

2208 5832 2246 5888 9.
2281 5815 2404 5876 128.
2479 5816 2523 5853 ‘1
2555 5812 2775 5872 Cleom.
2805 5814 2844 5872 1.
2877 5833 2918 5888 1,
2951 5832 3001 5873 ο.
3034 5815 3088 5869 4.
3164 5811 3210 5847 ⁴²
3238 5810 3387 5870 Ibid.
