4114 6454
302 452 460 517 1239

299 674 495 732 medio
525 679 583 731 et
611 675 792 731 solari
825 674 1088 746 circulo]
1130 676 1400 731 recedere
1426 676 1664 740 dicitur,
1698 676 1841 729 dum
1871 690 1960 729 er-

300 764 483 821 ratico
514 781 622 820 suo
665 768 829 821 motu
880 764 952 819 ad
1002 764 1267 820 boreales
1298 769 1354 821 et
1382 765 1672 821 australes
1718 763 1963 819 Zodiaco

302 854 603 925 subjectae
634 859 828 926 partes
878 853 1125 909 accedit.
1160 854 1307 909 Hinc
1338 853 1534 909 Venus
1584 853 1862 924 utrinque
1892 852 1963 907 ad

302 947 500 1017 partes
531 942 812 1015 quinque,
863 942 1189 999 Mercurius
1243 944 1313 998 ad
1377 947 1660 1014 quatuor;
1711 946 1864 998 Mars
1911 942 1969 997 et

298 1031 535 1105 Jupiter
562 1032 635 1087 ad
667 1032 817 1087 duas
867 1048 1002 1086 cum
1057 1030 1324 1099 semisse,
1360 1035 1649 1087 Saturnus
1681 1032 1753 1087 ad
1786 1048 1965 1087 unam

300 1124 553 1194 partem.

379 1298 467 1355 17.
502 1298 746 1365 Quando
778 1297 965 1372 igitur
991 1297 1038 1333 “
1088 1298 1333 1370 planetae
1380 1317 1413 1354 a
1455 1298 1676 1355 boreali
1724 1296 1941 1354 circulo

307 1390 374 1444 ut
437 1388 508 1443 ad
575 1388 835 1444 medium
906 1389 1195 1456 feruntur,
1264 1388 1601 1445 sublimiter
1677 1387 1962 1459 deprimi;

308 1477 545 1548 quando
571 1481 763 1532 autem
795 1477 987 1532 medio
1018 1481 1349 1550 permutato
1399 1478 1470 1533 ad
1510 1476 1831 1534 australem
1865 1492 1964 1533 ac-

310 1567 548 1632 cedunt,
580 1565 887 1622 humiliter
934 1566 1218 1639 deprimi;
1251 1570 1456 1622 contra
1503 1584 1571 1623 ex
1619 1566 1859 1623 australi
1892 1566 1964 1621 ad

314 1654 579 1710 medium
618 1655 1074 1726 proficiscentes,
1124 1654 1427 1711 humiliter
1456 1654 1669 1711 attolli:
1723 1660 1781 1710 at
1828 1672 1963 1711 cum

314 1743 578 1800 medium
610 1745 965 1816 prmtervecti
1004 1745 1074 1800 ad
1128 1745 1418 1801 borealem
1466 1745 1963 1817 appropinquant,

316 1833 652 1890 sublimiter
679 1832 865 1889 attolli
895 1834 1187 1890 dicuntur.
1221 1834 1449 1889 Accidit
1478 1834 1633 1890 enim
1668 1841 1733 1889 ut
1761 1835 1964 1891 borea-

1537 449 1964 515 NIGEPHORI
2007 448 2450 514 BLEMMIDE

372 587 459 642 16.
494 585 662 643 Luna
689 584 857 659 proin
879 585 927 621 ⁸³
956 584 1091 658 plus
1138 584 1271 642 aliis
1322 585 1509 642 stellis
1557 584 1889 642 errantibus
1919 601 1953 639 a
1979 585 2036 651 Α

3564 454 3595 515 1
3607 453 3753 516 2ιο

2142 602 2195 645 ις
2215 627 2227 639 .
2260 583 2323 638 Ἣ
2357 584 2451 656 μὲν
2485 581 2575 638 οῦν
2609 581 2814 656 σελήνη
2845 579 3012 640 πλέον
3042 586 3151 639 τῶν
3203 580 3390 641 ἄλλων
3429 581 3745 657 πλανήτων

2076 670 2389 746 ἀποχωρεῖν
2467 670 2682 749 λέγεται
2738 677 2836 728 τοῦ
2897 671 3062 746 μέσου
3116 672 3208 728 καὶ
3268 670 3534 747 ἡλιακοῦ,
3593 676 3748 731 κατὰ

2072 760 2172 829 τὴν
2233 759 2576 832 πλανητικὴν
2636 761 2803 832 αὐτῆς
2857 760 3093 834 κίνησιν,
3152 766 3454 838 προσιοῦσα
3506 768 3627 826 τοῖς
3674 786 3748 821 τε

2079 848 2337 924 βορείοις,
2379 850 2469 907 καί
2521 857 2640 914 τοῖς
2690 852 2917 922 νοτίοις,
2964 856 3081 913 τοῖς
3134 851 3239 907 ὑπὸ
3293 851 3382 907 τὸν
3431 850 3740 911 Ζωδιακόν.

2074 939 2226 993 Μετὰ
2254 939 2454 1011 ταύτην
2488 944 2523 1010 ἡ
2555 938 2850 1019 ’Δφροδίτη
2876 941 3169 1016 ἑκατέρωθι
3198 941 3298 996 ἀνὰ
3325 940 3520 1018 μοίρας
3550 941 3740 998 πέντε’

2073 1032 2282 1103 Ἑρμῆς
2314 1026 2373 1084 δὲ
2402 1028 2502 1085 ἀνὰ
2543 1029 2820 1107 τέσσαρας·
2863 1030 3037 1106 Ἀρης
3089 1027 3147 1085 δὲ
3193 1029 3283 1085 καὶ
3325 1029 3455 1093 Ζεὺς
3503 1030 3604 1086 ἀνὰ
3636 1028 3743 1086 δύο

2073 1116 2163 1171 καὶ
2222 1116 2395 1191 ἥμισυ
2458 1120 2652 1196 μοίρας
2715 1124 2842 1192 μιᾶς
2880 1136 2893 1149 ⁶
2953 1117 3157 1195 Κρόνος
3230 1115 3290 1173 δὲ
3367 1119 3466 1174 ἀνὰ
3536 1124 3742 1196 μοῖραν

2125 1211 2204 1268 ίαν
2214 1254 2227 1268 .

2125 1236 2140 1267 ι
2179 1236 2227 1268 ν.

2080 1236 2231 1371 “TC.
2263 1297 2489 1355 Ὁπόταν
2524 1296 2616 1352 οῦν
2666 1297 2717 1351 οἱ
2766 1293 3041 1368 πλάνητες
3087 1294 3192 1350 ἀπὸ
3238 1299 3336 1350 τοῦ
3385 1296 3605 1373 βορείου
3636 1297 3745 1352 κύ-

2074 1389 2210 1447 κλου
2241 1391 2317 1453 ὡς
2349 1387 2438 1443 ἐπὶ
2467 1387 2559 1443 τὸν
2597 1385 2755 1460 μέσον
2787 1384 3057 1463 φέροιντο,
3083 1384 3217 1458 ὕψος
3241 1386 3626 1440 ταπεινοῦσθαι
3653 1385 3750 1441 λέ-

2076 1501 2281 1556 γονται·
2316 1476 2513 1533 ὁπόταν
2547 1473 2604 1530 δὲ
2630 1475 2723 1530 τὸν
2760 1473 2919 1547 μέσον
2969 1471 3416 1550 παραλλάξαντες
3454 1478 3533 1547 τῷ
3561 1473 3738 1548 νοτίῳ

2074 1571 2455 1645 προσχωροῖεν
2485 1562 2806 1636 ταπείνωμα
2850 1563 3247 1618 ταπεινοῦσθαι·
3302 1561 3365 1617 ἐκ
3406 1565 3504 1616 τοῦ
3548 1563 3740 1618 νοτίου

2076 1654 2134 1711 δὲ
2180 1656 2470 1734 φερόμενοι
2529 1653 2664 1726 πρὸς
2710 1652 2802 1707 τὸν
2857 1652 3044 1724 μέσον,
3102 1650 3423 1725 ταπείνωμα
3472 1651 3742 1726 ὑψοῦσθαι

2075 1744 2343 1820 λέγονται·
2408 1740 2621 1799 ἐπειδὰν
2679 1739 2737 1795 δὲ
2788 1740 2880 1795 τὸν
2946 1741 3107 1813 μέσον
3159 1740 3487 1814 ἀμείψαντες
3528 1745 3609 1813 τῷ
3642 1741 3744 1817 βο-

2076 1834 2207 1910 ρείῳ
2251 1833 2563 1903 πελάζοιεν,
2620 1829 2754 1904 ὕψος
2805 1830 3090 1903 ὑψοῦσθαι.
3142 1823 3473 1903 Συμϐέόηκε
3519 1830 3626 1905 γὰρ
3675 1831 3747 1884 τὰ

315 1921 401 1978 les
430 1922 648 1979 zodiaci
702 1927 894 1994 partes
924 1924 1079 1995 apud
1113 1940 1219 1979 nos
1248 1922 1620 1992 attollantur;
1678 1924 1965 1981 australes

2086 1924 2173 1997 μὲν
2228 1922 2414 1999 βόρεια
2458 1925 2557 1976 τοῦ
2604 1916 2881 1975 Ζωδιακοῦ
2930 1920 3049 1983 καθ’
3094 1921 3246 1992 ἡμᾶς
3304 1917 3391 1973 ἐπὶ
3444 1916 3593 1974 πολὺ
3640 1923 3747 1975 τοῦ

2091 2014 2103 2024 ι
2160 2012 2203 2024 ι--
2417 2009 2502 2024 ει...
2555 2021 2565 2024 _
2751 2008 2765 2024 \
2827 2003 2871 2024 (εἴ
2969 2006 2982 2024 Ι
3176 2006 3196 2024 κ
3352 2006 3365 2024 Ι
3637 2006 3649 2024 Ι

316 2015 537 2080 autem,
588 2011 875 2068 horizonti
932 2012 1234 2085 propiores
1282 2012 1614 2082 videantur,
1665 2018 1971 2086 propterea

2086 2012 2362 2090 ὁρίζοντος
2415 2009 2655 2082 ἐξῆρθαιο
2707 2008 2775 2063 τὰ
2823 2003 2882 2061 δὲ
2924 2006 3078 2063 νότια
3132 2006 3497 2083 πλησιαίτερα
3552 2006 3745 2084 φαίνε-

314 2101 473 2173 quod
504 2101 765 2157 mundus
797 2117 831 2156 a
860 2100 1200 2157 borealibus
1230 2102 1300 2156 ad
1335 2102 1628 2158 australes
1659 2108 1855 2175 partes
1888 2103 1973 2158 in-

317 2186 569 2245 clinatus
600 2187 680 2244 sit
720 2187 779 2243 in
812 2188 952 2243 orbe
999 2187 1332 2256 habitabili,
1364 2206 1537 2261 quem
1568 2206 1674 2246 nos
1707 2190 1976 2248 novimus

321 2279 380 2333 et
412 2275 748 2333 incolimus.

402 2381 488 2436 18.
521 2381 975 2438 Conformantur
998 2383 1041 2417 ιδ
1067 2400 1239 2455 porro
1293 2384 1364 2439 ad
1416 2400 1543 2440 sese
1572 2384 1821 2442 invicem
1852 2386 1977 2459 pla-

330 2473 477 2525 netae
536 2469 799 2543 quinque
864 2471 1429 2544 configurationibus
1480 2489 1493 2529 :
1544 2475 1979 2546 conjunctione,

332 2558 704 2632 sexangulari
764 2560 1043 2633 [sextili],
1102 2561 1561 2634 quadrangulari
1621 2563 1974 2636 [quadrato],

333 2648 684 2722 triangulari
734 2649 958 2721 [trino],
993 2654 1051 2706 et
1099 2651 1451 2707 demetiente
1482 2653 1628 2709 291
1667 2655 1979 2726 [opposito]

333 2741 595 2810 aspectu.
627 2737 772 2794 Cum
817 2737 976 2793 enim
1030 2740 1305 2796 zodiacus
1362 2740 1422 2796 in
1480 2742 1788 2798 duodecim
1848 2760 1979 2816 seg-

332 2830 550 2895 menta,
585 2842 713 2899 quae
759 2826 938 2882 etiam
987 2827 1158 2899 signa
1202 2833 1506 2897 vocantur,
1541 2830 1763 2886 divisus
1795 2831 1891 2899 sit,
1922 2836 1984 2889 et

328 2931 537 2972 rursus
554 2914 853 2986 quodlibet
873 2920 1238 2989 segmentum
1264 2918 1322 2973 in
1347 2918 1591 2992 triginta
1612 2926 1805 2992 partes
1828 2923 1978 2993 [gra-

327 3004 493 3077 dus];
527 3004 730 3077 sicque
764 3004 943 3061 etiam
977 3006 1177 3061 circuli
1226 3007 1335 3062 sub
1378 3007 1635 3077 zodiaco,
1669 3009 1728 3064 in
1761 3010 1977 3082 quibus

328 3091 574 3166 planetas
607 3097 935 3161 moventur,
959 3094 1297 3151 dividantur
1323 3114 1336 3152 :
1371 3099 1604 3169 quando
1635 3099 1764 3154 dua;
1794 3100 1975 3156 stellas

327 3182 440 3239 sub
469 3183 734 3255 ejusdem
766 3182 922 3255 signi
952 3185 1157 3241 eadem
1188 3189 1352 3257 parte
1398 3187 1791 3259 reperiuntur,
1822 3189 1977 3246 coire

2083 2104 2201 2157 σθαι
2231 2106 2311 2174 τῷ
2341 2101 2599 2177 ὁρίζοντι,
2629 2095 2718 2153 διὰ
2761 2098 2825 2151 τὸ
2869 2094 3212 2171 ἐγκεκλίσθαι
3242 2097 3333 2152 τὸν
3382 2095 3591 2169 κόσμον
3634 2095 3750 2151 ἀπὸ

2081 2195 2187 2246 τῶν
2245 2190 2470 2267 βορείων
2526 2187 2615 2244 ἐπὶ
2660 2187 2728 2242 τὰ
2773 2183 2947 2257 νότια,
2992 2187 3112 2250 καθ’
3159 2186 3225 2255 ἣν
3277 2180 3502 2259 οἷ’δαμεν
3555 2184 3749 2240 οἰκου-

2091 2282 2274 2353 μένην.

2161 2390 2251 2459 ιη’.
2289 2394 2408 2464 Σχη
2423 2386 2735 2461 ματίζονται
2768 2382 2826 2444 δὲ
2853 2383 2991 2462 πρὸς
3040 2381 3328 2453 ἀλλήλους
3375 2381 3429 2436 οἱ
3467 2379 3750 2450 πλάνητες

2087 2476 2244 2532 πέντε
2301 2480 2748 2551 σχηματισμοῖς’
2793 2472 3003 2547 συνόδῳ
3058 2474 3313 2547 ἑξαγώνῳ
3343 2513 3357 2540 ,
3395 2470 3748 2546 τετραγώνῳ,

2085 2567 2339 2642 τριγώνῳ
2360 2565 2449 2620 καὶ
2483 2562 2777 2637 διαμέτρῳ.
2809 2568 2913 2619 Τοῦ
2954 2565 3055 2640 γὰρ
3108 2557 3375 2631 ζωδιακοῦ
3407 2558 3751 2637 διῃρημένου

2116 2656 2130 2678 ν
2589 2656 2599 2671 ι
2717 2654 2729 2671 ς
2857 2654 2872 2671 κ
2979 2653 2989 2671 ι
3576 2650 3592 2667 .
3674 2654 3702 2665 ..

2088 2677 2163 2718 εις
2216 2657 2483 2728 τμήματα
2530 2655 2622 2729 ιβ,
2672 2675 2741 2708 τα
2785 2674 2875 2709 και
2926 2649 3096 2722 ζωδια
3139 2649 3454 2723 κεκλημένα
3503 2670 3595 2704 και
3634 2670 3748 2704 των

2085 2744 2391 2818 τμημάτων
2423 2743 2647 2797 ἑκάστου
2697 2739 2861 2796 πάλιν
2914 2740 2992 2803 εἷς
3021 2740 3307 2815 τριάκοντα
3350 2736 3564 2814 μοίρας
3598 2735 3750 2792 οὕτω

2087 2831 2146 2889 δὲ
2174 2832 2263 2888 καὶ
2310 2836 2416 2887 τῶν
2466 2832 2568 2887 ὑπὸ
2620 2831 2711 2886 τὸν
2764 2827 3028 2900 ζωδιακὸν
3070 2827 3286 2885 κύκλων
3342 2824 3747 2902 διαιρουμένων

2087 2922 2168 3003 ἐφ’
2200 2923 2293 2986 οὖς
2347 2923 2399 2976 οἱ
2447 2920 2721 2991 πλάνητες
2775 2920 3071 2999 φέρονται·
3123 2917 3322 2972 ὁπόταν
3376 2912 3475 2971 δύο
3529 2915 3750 2992 ἀστέρες

2088 3014 2191 3068 ὑπὸ
2219 3013 2319 3081 τὴν
2353 3010 2518 3080 αὐτὴν
2571 3015 2763 3084 μοῖραν
2814 3011 2912 3063 τοῦ
2942 3007 3108 3063 αὐτοῦ
3154 3003 3352 3076 ζωδίου
3384 3004 3742 3077 εὑρίσκοιντο,

2085 3098 2383 3156 συνοδεύειν
2444 3098 2718 3174 λέγονται⁶
2780 3097 2838 3153 ἂν
2899 3093 2946 3151 δ’
3005 3098 3033 3152 ὁ
3094 3096 3188 3168 μὲν
3249 3093 3352 3150 ὑπό
3407 3115 3458 3149 τι
3515 3091 3740 3171 φέροιτο

2088 3187 2307 3259 ζώδιον,
2364 3190 2392 3243 6
2452 3185 2498 3243 δ’
2551 3183 2736 3262 ἕτερος
2796 3184 2899 3240 ὑπὸ
2955 3184 3018 3239 τὸ
3065 3183 3157 3239 ἀπ’
3208 3180 3373 3237 αὐτοῦ
3418 3179 3598 3254 τρίτον
3629 3178 3742 3235 ὑπὸ

326 3271 681 3343 [conjungi];
716 3272 952 3343 quando
982 3277 1178 3328 autem
1210 3290 1329 3329 una
1358 3274 1593 3345 quidem
1635 3277 1745 3331 sub
1777 3275 1972 3350 aliquo

2086 3280 2179 3342 τὰς
2236 3278 2398 3339 αὐτὰς
2459 3277 2677 3351 μοίρας,
2731 3273 3089 3351 έξαγωνίζειν.
3145 3271 3354 3342 Ἐξάκις
3406 3270 3508 3346 γὰρ
3543 3270 3613 3325 τὰ
3643 3266 3745 3325 δύο

327 3323 680 3343 L""'—"O'Ji
722 3323 945 3343 1“"""'
986 3323 1178 3328 —“""'
1216 3323 1329 3329 “”“““’
1363 3323 1593 3345 Ἰ““’”“’“-
1636 3323 1742 3331 ’“¹’“““’
1777 3323 1853 3332 ’⁸⁵⁸
1903 3323 1970 3334 “¹“ν

324 3361 510 3415 fertur
555 3359 746 3432 signo,
778 3359 961 3416 altera
1014 3366 1209 3417 autem
1265 3363 1375 3418 sub
1427 3364 1601 3420 tertio
1651 3323 1971 3421 abhinc‘lin

2095 3323 2178 3342 ’π’
2237 3323 2396 3339 ἠπ-’⁸
2459 3323 2677 3351 ι’·*Τ’···ν
2732 3323 3089 3351 ’ννινν-νγννν
3162 3323 3353 3342 -γ-ηνν
3420 3323 3497 3346 r—r

2086 3365 2337 3439 διώδεκα,
2386 3365 2477 3421 καὶ
2528 3362 2637 3420 ἔστι
2688 3361 2963 3436 διάστημα
3005 3366 3112 3417 τῶν
3148 3358 3244 3415 δύο
3297 3357 3506 3429 ζωδίων
3536 3358 3746 3433 ἐξαγώ-

322 3447 535 3504 iisdem
578 3447 867 3520 partibus,
901 3449 1346 3522 sexangularem
1399 3457 1703 3524 aspectum
1758 3454 1974 3512 habere

323 3536 620 3592 dicuntur.
653 3537 800 3592 Nam
833 3538 1020 3595 sexies
1049 3539 1189 3607 duo,
1229 3545 1369 3595 sunt
1398 3541 1728 3599 duodecim.
1753 3544 1973 3618 Estque

321 3623 574 3681 duorum
625 3625 928 3697 signorum
978 3626 1371 3698 intervallum,
1413 3631 1713 3704 sexanguli
1766 3634 1967 3690 latus:

323 3715 823 3785 quemadmodum
871 3716 1075 3784 trium,
1127 3719 1517 3791 quadranguli
1548 3720 1778 3792 (quater
1814 3722 1971 3778 enim

318 3802 454 3873 tria,
488 3807 629 3858 sunt
675 3804 1027 3878 duodecim).
1059 3807 1132 3862 At
1161 3811 1413 3879 quatuor
1442 3809 1769 3881 [signorum
1799 3812 1974 3868 inter-

318 3890 563 3963 vallum]
593 3893 877 3965 trianguli
904 3895 1146 3964 (etenim
1189 3902 1277 3953 ter
1306 3903 1559 3969 quatuor
1590 3905 1728 3956 sunt
1756 3902 1972 3957 duode-

321 3980 488 4053 cim);
517 3985 577 4037 at
606 3998 707 4038 sex
746 3983 1050 4056 signorum
1094 3984 1477 4042 interstitium
1509 3994 1616 4060 est,
1651 3990 1968 4055 diameter;

320 4070 500 4140 quiin
526 4075 783 4142 aequales
814 4073 1099 4129 circulum
1133 4079 1330 4145 partes
1360 4075 1584 4131 dividit.
1618 4079 1763 4134 Cum
1793 4079 1974 4150 igitur

320 4158 473 4215 inter
502 4160 765 4216 medium
790 4161 1041 4218 duarum
1069 4163 1371 4219 stellarum
1394 4163 1766 4223 intervallum
1796 4168 1973 4224 fuerit

319 4247 577 4319 partium
608 4250 934 4323 sexaginta,
958 4252 1403 4325 sexangularem
1436 4254 1616 4310 stellae
1649 4257 1973 4329 conﬁgura-

2080 3476 2176 3512 νου
2205 3454 2417 3531 πλευρα
2456 3452 2636 3528 ὥσπερ
2675 3458 2782 3508 τῶν
2831 3455 2997 3528 τριῶν
3046 3450 3392 3526 τετραγώνου
3417 3492 3430 3506 ,
3481 3448 3744 3524 Τετράκις

2081 3546 2185 3621 γὰρ
2244 3546 2311 3599 τὰ
2365 3542 2490 3620 τρία
2550 3540 2777 3598 δώδεκα.
2836 3545 2952 3596 Τῶν
3000 3537 3058 3595 δὲ
3101 3537 3398 3615 τεσσάρων,
3438 3538 3741 3614 τριγώνου.

2079 3634 2207 3710 Τρὶς
2264 3635 2365 3710 γὰρ
2420 3633 2488 3688 τὰ
2540 3631 2772 3707 τέσσαρα
2819 3627 3046 3685 δώδεκα·
3099 3632 3206 3683 τῶν
3258 3624 3303 3682 δ’
3332 3626 3389 3698 ’ἐξ
3437 3623 3651 3696 ζωδίων
3682 3627 3750 3681 τὸ

2082 3720 2360 3796 διάστημα
2401 3719 2714 3797 διάμετρος,
2767 3718 2843 3782 εἷς
2892 3719 2983 3773 ἷ¹σα
3031 3714 3313 3793 διαιροῦσα
3352 3717 3445 3771 τὸν
3492 3713 3704 3771 κύκλον
3735 3756 3748 3770 .

2081 3815 2105 3833 η
2333 3809 2361 3831 Ὺ
2624 3808 2637 3827 \
2757 3808 2772 3829 I
2874 3807 2889 3827 9
3154 3802 3179 3823 ἢ
3221 3803 3233 3824 Ι
3510 3800 3536 3824 Ἰ

2106 3818 2241 3867 Οταν
2302 3831 2394 3866 ουν
2457 3809 2653 3884 μεταξυ
2712 3806 2809 3863 δυο
2864 3807 3103 3884 αστέρων
3151 3822 3428 3877 οιαστημα
3480 3824 3565 3873 ειη
3617 3824 3753 3876 μοι-

2084 3904 2191 3977 ρῶν
2241 3900 2522 3973 ἑξήκοντα,
2584 3896 2993 3974 ἕξαγωνίζουσιν
3053 3893 3338 3966 ἀλλήλους
3389 3892 3444 3947 οἳ
3501 3891 3745 3968 ἀστέρες·

2081 3989 2206 4045 ὅταν
2266 3987 2324 4045 δὲ
2384 3993 2589 4065 μοιρῶν
2650 3987 2993 4058 ἐνενήκοντα,
3041 3982 3553 4062 τετραγωνίζουσιν·
3613 3981 3745 4037 ὅταν

2082 4076 2141 4134 δὲ
2199 4083 2404 4155 μοιρῶν
2465 4075 2633 4133 εἷειοσι
2678 4076 2817 4154 πρὸς
2875 4081 2997 4138 ταῖς
3057 4074 3267 4143 ἑκατὸν,
3324 4070 3745 4147 τριγωνίζουσι·

2082 4168 2208 4223 ὅταν
2265 4166 2311 4223 δ’
2373 4165 2713 4244 ὀγδοήκοντα
2766 4165 2904 4242 πρὸς
2958 4169 3079 4227 ταῖς
3138 4163 3349 4233 έκατὸν,
3412 4158 3747 4238 διαμετροῦ-

2081 4279 2186 4314 σιν.

316 4334 574 4406 tionem;
605 4354 740 4394 cum
772 4343 968 4395 autem
1016 4341 1338 4413 nonaginta
1367 4342 1541 4399 fuerit
1581 4346 1858 4415 partium,
1892 4346 2462 4421 quadrangularem;
2493 4362 2628 4402 cum
2662 4348 2898 4402 centum
2928 4347 2986 4399 et
3013 4341 3241 4416 viginti,
3272 4340 3743 4414 triangularem;

316 4440 453 4480 cum
486 4430 723 4483 centum
754 4432 811 4483 et
839 4427 1151 4501 octoginta,
1185 4431 1536 4487 diametrum
1574 4433 1812 4490 faciunt.

392 4532 481 4588 19.
517 4538 597 4590 Ac
645 4533 937 4592 Saturnus
986 4536 1246 4608 quidem,
1278 4542 1336 4592 et
1388 4537 1635 4610 Jupiter,
1686 4544 1742 4596 et
1791 4542 1967 4610 Mars,
2002 4546 2047 4610 D

321 4620 475 4679 292
508 4626 566 4679 et
591 4622 736 4680 luna
755 4624 799 4660 ⁴⁶
829 4624 989 4680 omni
1020 4626 1484 4698 conﬁguratione
1506 4628 1577 4683 ad
1611 4629 1794 4686 solem
1826 4630 1971 4703 ﬁgu-

316 4715 544 4768 rantur.
576 4712 661 4767 Ad
704 4713 950 4784 quodvis
991 4714 1147 4769 enim
1195 4715 1266 4769 ab
1299 4732 1364 4771 eo
1395 4716 1779 4778 intervallum.
1816 4736 1968 4776 sece-

318 4799 488 4856 dunt.
522 4804 599 4856 At
643 4804 843 4858 Venus
891 4807 950 4858 et
991 4802 1314 4859 Mercurius
1361 4821 1477 4861 non
1524 4806 1596 4862 ad
1645 4808 1893 4878 quodvis
1935 4826 1970 4864 a

320 4906 357 4946 a
385 4890 508 4946 sole
542 4889 916 4947 intervallum
947 4892 1190 4960 abeunt;
1226 4894 1325 4948 sed
1375 4894 1696 4952 Mercurius
1729 4896 1967 4967 quidem

321 4979 395 5035 ad
426 4995 751 5051 summum,
774 4979 979 5052 viginti
1012 4981 1301 5052 partibus,
1324 4982 1524 5039 Venus
1547 5001 1682 5042 vero
1709 4986 1780 5040 ad
1813 5002 1972 5042 sum-

317 5083 505 5137 mum,
538 5069 807 5141 partibus
839 5069 1289 5142 quinquaginta.

386 5175 477 5230 20.
532 5175 1016 5248 Conjunctionem
1076 5182 1273 5234 autem
1331 5196 1466 5236 cum
1532 5180 1654 5237 sole
1723 5180 1969 5250 faciunt,

317 5263 613 5321 Saturnus
669 5265 932 5337 quidem,
972 5267 1250 5323 trecentis
1306 5273 1363 5323 et
1416 5269 1785 5342 septuaginta
1842 5274 1968 5327 octo

314 5353 547 5421 diebus,
578 5355 810 5426 Jupiter
838 5355 1115 5411 trecentis
1161 5361 1219 5411 et
1266 5359 1587 5430 nonaginta
1635 5364 1784 5429 octo,
1820 5363 1969 5415 Mars

317 5434 710 5514 septingentis
739 5448 797 5498 et
824 5444 1140 5516 octoginta,
1162 5445 1360 5502 Venus
1382 5447 1721 5520 quingentis
1742 5454 1797 5504 et
1817 5454 1969 5504 octo-

316 5531 483 5602 ginta
536 5534 808 5602 quatuor,
843 5532 1167 5589 Mercurius
1220 5540 1454 5591 centum
1516 5541 1573 5592 et
1629 5537 1866 5610 decem;
1911 5542 1969 5593 et

2153 4542 2321 4605 ιθ’.Ὁ
2382 4540 2475 4614 μὶν
2533 4535 2624 4593 οὖν
2678 4537 2881 4613 Κρόνος
2930 4534 3021 4591 καὶ
3080 4536 3109 4590 6
3168 4532 3294 4597 Ζεύς
3342 4532 3433 4589 καὶ
3478 4533 3508 4588 ὁ
3565 4534 3745 4610 Ἀρης

2077 4630 2166 4684 καὶ
2218 4632 2252 4698 ἡ
2314 4630 2520 4699 σελήνη
2555 4673 2569 4699 ,
2623 4626 2797 4681 πάντα
2853 4624 3243 4702 σχηματισμὸν
3302 4621 3749 4699 σχηματίζονται

2082 4720 2220 4793 πρὸς
2268 4718 2360 4772 τὸν
2408 4715 2590 4785 ἥλιον.
2647 4714 2992 4793 Ἀφίστανται
3039 4714 3145 4790 γὰρ
3195 4710 3472 4785 διάστημα
3517 4717 3622 4766 πᾶν
3651 4711 3750 4767 ἀπ’

2080 4806 2264 4863 αὐτοῦ.
2312 4808 2374 4861 Ἡ
2425 4803 2472 4860 δ’
2519 4802 2820 4883 Ἀφροδίτη
2869 4802 2959 4858 καὶ
3005 4803 3034 4857 6
3084 4805 3292 4878 Ἑρμῆς
3339 4801 3440 4857 οὐκ
3486 4799 3746 4879 ἀφίσταν-

2075 4916 2164 4950 ται
2195 4900 2292 4949 τοῦ
2323 4894 2487 4965 ἡλίου
2545 4893 2822 4967 διάστημα
2870 4898 2994 4948 πᾶψ
3046 4890 3175 4948 ἀλλ’
3220 4893 3248 4947 6
3298 4891 3393 4965 μὶν
3422 4891 3634 4967 Ἑρμῆς
3682 4890 3746 4945 τὸ

2078 4984 2334 5040 πλεῖστον
2374 4987 2581 5059 μοιρῶν
2615 4979 2835 5038 εἷθιοσιν·
2888 4985 2923 5052 ἡ
2957 4979 3003 5036 δ’
3051 4978 3342 5058 Ἀφροδίτη
3374 4980 3438 5035 τὸ
3480 4976 3741 5035 πλεῖστον

2083 5079 2289 5151 μοιρῶν
2322 5074 2674 5143 πεντήκοντα.

2153 5181 2220 5237 κ’.
2281 5176 2518 5234 Σύνοδον
2552 5175 2611 5233 δὲ
2659 5177 2796 5254 πρὸς
2852 5175 3016 5245 ¹ἥλιον
3068 5178 3347 5230 ποιοῦνται
3397 5171 3603 5250 Κρόνος
3647 5171 3744 5244 μὲν

2086 5266 2157 5324 δι’
2212 5271 2435 5345 ἡμερῶν
2498 5266 2643 5321 ὀκτὼ
2691 5266 2783 5321 καὶ
2834 5261 3218 5338 ἑϐδομήκοντα
3262 5263 3398 5339 πρὸς
3443 5265 3567 5324 ταῖς
3595 5280 3749 5336 τρια-

2082 5357 2311 5419 κοσίαις·
2366 5357 2492 5419 Ζεὺς
2542 5352 2599 5409 δὲ
2648 5351 2718 5410 δι’
2769 5353 2914 5409 ὀκτὼ
2955 5353 3046 5408 καὶ
3095 5352 3416 5424 ἐνενήκοντα
3459 5352 3598 5426 πρὸς
3626 5354 3749 5412 ταῖς

2085 5446 2422 5523 τριακοσίαις
2460 5465 2471 5478 ·
2528 5446 2701 5521 Ἀρης
2761 5441 2820 5498 δὲ
2891 5440 2960 5497 δι’
3019 5439 3362 5519 ὁγδοήκοντα
3431 5440 3569 5515 πρὸς
3622 5443 3747 5502 ταῖς

2087 5535 2456 5598 ἑπτακοσίαις·
2510 5530 2810 5613 Ἀφροδίτη
2862 5529 2921 5588 δὲ
2969 5529 3058 5587 διά
3101 5530 3373 5605 τεσσάρων
3404 5528 3494 5585 καὶ
3541 5524 3748 5605 ὀγδοή-

386 5780 433 5815 ⁴⁸
458 5780 679 5839 Cleom.
712 5779 753 5837 1.
790 5798 851 5850 ιι,
887 5797 936 5837 c.
969 5781 1025 5837 7.
1102 5783 1147 5817 “
1179 5782 1324 5841 Ibid.
1354 5802 1404 5844 c.
1438 5788 1492 5844 4.
1567 5784 1766 5845 ⁴⁸’.Ῑον.
1798 5787 1966 5845 Pont.

2088 5829 2103 5844 .
2134 5806 2154 5845 1
2180 5789 2254 5845 de
2282 5805 2331 5847 r.
2365 5803 2441 5857 c.,
2471 5803 2531 5860 p.
2565 5786 2688 5842 108.
2767 5784 2812 5820 ⁴⁶
2841 5782 3060 5842 Cleom.
3094 5781 3195 5840 lib.
3230 5799 3292 5852 11,
3320 5796 3372 5841 0.
3401 5780 3459 5836 7.
