4114 6424
355 462 508 527 12η

1662 452 2016 519 EPI'I‘OME
2056 451 2417 519 PHYSICA.

3614 441 3773 507 1242

358 617 525 655 κοντα
596 593 733 672 πρὸς
802 597 922 657 ταῖς
997 588 1391 653 πεντακοσίαις·
1450 591 1659 666 Ἐρμῆς
1728 586 1818 645 διὰ
1879 585 2004 644 δέκα

2124 588 2216 645 hic
2245 588 2295 645 si
2326 588 2556 648 medius
2602 588 2846 648 exsistat
2876 604 2892 658 ;
2925 585 3069 644 luna
3112 582 3364 658 denique
3427 580 3637 639 diebus
3665 578 3771 637 tri-

356 688 447 745 καὶ
491 687 677 743 ἑκατὸν
724 684 815 740 καὶ
868 683 1046 757 μέσως
1091 681 1288 737 τούτου
1335 680 1646 756 γινομένου·
1691 678 1894 751 σελήνη
1947 678 2005 734 δὲ

359 775 428 833 δι’
456 780 682 854 ἡμερῶν
707 773 973 830 τούπίπαν
1005 772 1309 848 τριάκοντα.

427 867 528 922 κα’.
578 868 695 919 Τῶν
747 861 805 918 δὲ
846 859 1056 921 δώδεκα
1103 858 1321 916 Ζωδίων
1376 861 1444 915 τὰ
1514 858 1750 933 ὀνόματα
1805 858 1895 915 καὶ
1953 861 2006 914 οἱ

357 959 703 1031 χαρακτῆρες
768 949 985 1027 ἔχουσιν
1046 949 1240 1012 οὕτως·
1308 948 1493 1024 Κριὸς,
1550 952 1777 1024 Ταῦρος,
1848 945 2004 1002 Δίδυ-

362 1064 475 1117 μοι.
536 1045 820 1117 Καρκῖνος,
877 1039 1052 1110 Λέων,
1108 1037 1403 1115 Παρθένος,
1462 1038 1649 1113 Ζυγὸς,
1710 1036 2003 1113 Σκορπίος,

353 1130 611 1202 Τοξότης,
644 1128 978 1206 Δίγόκερως,
1010 1125 1325 1204 Ὑδροχόος,
1358 1124 1447 1183 καί
1479 1126 1710 1202 Ἰχθύες.

424 1308 530 1385 κβ’.
575 1311 682 1363 Τοῦ
743 1308 836 1381 μὲν
896 1304 988 1361 οῦν
1045 1305 1149 1361 ὑπὸ
1198 1306 1290 1361 τὸν
1350 1306 1511 1380 Κριὸν
1567 1307 1859 1379 τμήματος
1906 1310 2005 1361 τοῦ

358 1397 524 1471 μέσου
553 1394 760 1452 κύκλου
789 1396 880 1452 καὶ
921 1393 1159 1465 ἡλιακοῦ
1204 1402 1304 1465 τῆς
1352 1396 1531 1471 ἀρχῆς
1563 1396 1591 1449 6
1620 1393 1783 1463 ἥλιος
1837 1395 2005 1450 ἁπτό-

358 1506 517 1560 μενος
550 1485 601 1540 έν
632 1485 704 1560 τῇ
743 1485 935 1562 πρώτῃ
976 1484 1067 1539 καὶ
1117 1483 1334 1558 εἰκοστῇ
1382 1488 1478 1539 τοῦ
1532 1484 1771 1558 Μαρτίου
1829 1484 2003 1558 μηνὸς

354 1574 572 1651 ἐαρινὴν
634 1574 920 1651 ἰσημερίαν
974 1579 1142 1629 ποιεῖ·
1191 1578 1289 1628 τοῦ
1336 1570 1381 1627 δ’
1414 1573 1516 1627 ὑπὸ
1554 1574 1647 1628 τὸν
1679 1574 1846 1648 Ζυγὸν
1902 1580 2003 1643 τῆς

353 1663 534 1741 ἀρχῆς
588 1662 641 1719 ἐν
690 1667 759 1738 τῇ
807 1663 1029 1738 πέμπτῃ
1068 1663 1159 1718 καὶ
1208 1662 1425 1735 εἰκοστῇ
1480 1667 1577 1717 τοῦ
1628 1657 2005 1739 Σεπτεμϐρίου

356 1754 763 1831 φθινοπωρινὴν
835 1752 1145 1829 ἰσημερίαν·
1198 1751 1391 1826 μεταξὺ
1457 1749 1515 1807 δὲ
1579 1756 1687 1807 τῶν
1736 1750 1831 1807 δύο
1882 1752 2004 1822 ἰση-

358 1846 559 1919 μεριῶν
592 1842 646 1897 αἰ
692 1842 887 1920 τροπαὶ
924 1841 1186 1919 γίνονται·
1233 1842 1370 1896 κατά
1412 1842 1476 1897 τὸ
1528 1842 1689 1915 μέσον
1738 1848 1840 1911 τῆς
1886 1840 2003 1918 τρί-

2114 679 2279 751 ginta
2306 679 2487 736 ferme
2517 682 2581 735 ‘7.
3228 720 3234 728 .

2184 770 2274 823 21.
2308 772 2485 826 Porro
2530 771 2837 827 duodecim
2887 767 3190 842 signorum
3246 764 3490 821 nomina
3528 766 3583 820 et
3633 762 3767 819 cha-

2115 870 2367 923 racteres
2397 867 2479 924 ita
2519 885 2579 925 se
2610 869 2831 925 habent
2882 883 2895 921 :
2946 864 3112 921 Aries
3151 864 3221 937 Υ,
3253 864 3483 918 Taurus
3524 854 3623 925 Η,
3654 859 3768 915 Ge—

2131 989 2274 1045 mini
2292 969 2384 1083 ﬁ,
2414 987 2634 1043 Cancer
2665 991 2774 1057 (Ξῖ),
2806 993 2915 1044 Leo
2946 978 3040 1057 Ω,
3070 980 3270 1053 Virgo,
3317 995 3412 1051 np,
3460 976 3655 1045 Libra,
3692 971 3767 1030 {l-

2115 1109 2390 1182 Scorpius
2453 1107 2551 1177 ‘fl,
2609 1106 2955 1178 Sagittarius
3032 1112 3118 1174 κ’,
3186 1097 3574 1170 Capricornus
3674 1102 3762 1177 ᾖ,

2113 1226 2404 1297 Aquarius
2432 1246 2560 1310 ω,
2595 1229 2653 1281 et
2681 1225 2875 1280 Pisces
2907 1223 2996 1297 )-(.

2183 1318 2272 1370 22.
2332 1306 2573 1382 Quando
2633 1313 2875 1387 proinde
2937 1310 3219 1383 segmenti
3281 1309 3390 1365 sub
3445 1307 3639 1365 Ariete
3694 1306 3757 1362 in

2114 1405 2307 1481 medio
2365 1410 2422 1461 et
2478 1403 2651 1460 solari
2701 1402 2918 1458 circulo
2973 1399 3325 1473 principium
3377 1396 3462 1454 sol
3525 1396 3765 1469 attingit

2112 1493 2390 1549 vicesimo
2440 1493 2628 1565 primo
2680 1492 2903 1547 mensis
2950 1489 3166 1555 Martii,
3205 1485 3441 1543 vernale
3470 1486 3764 1559 aequinoc-

2115 1582 2265 1637 tium
2301 1598 2313 1636 :
2348 1582 2582 1654 quando
2607 1586 2802 1637 autem
2822 1581 2950 1653 ejus
2981 1577 3315 1652 [segmenti]
3346 1575 3501 1648 quod
3531 1579 3622 1631 est
3650 1573 3761 1630 sub

2119 1671 2287 1726 Libra
2342 1671 2695 1743 principium
2744 1669 3043 1742 [attingit],
3090 1667 3184 1741 die
3232 1665 3511 1721 vicesimo
3559 1663 3765 1736 quinto

2114 1760 2497 1832 Septembris,
2530 1758 2945 1831 aequinoctium
2998 1754 3338 1812 autumnale
3381 1753 3580 1809 efficit.
3613 1752 3770 1808 Inter

2116 1854 2232 1905 duo
2280 1850 2434 1906 298
2483 1864 2616 1904 vero
2692 1845 3061 1919 aequinoctia,
3111 1842 3520 1901 conversiones
3578 1840 3767 1913 [solis]

352 1951 455 2001 της
503 1931 593 1986 καὶ
642 1930 891 2002 εἰκοστῆς
938 1934 1035 1986 τοῦ
1085 1929 1311 1986 Ἰουνίου
1356 1933 1391 2000 ἡ
1443 1931 1648 2007 θερινὴ,
1691 1929 2003 2007 ἀρχομένου

2124 1938 2270 1994 fiunt
2320 1956 2334 2007 ;
2388 1937 2483 1994 die
2530 1936 2723 1992 medio
2765 1935 3043 1991 vicesimo
3089 1932 3258 1990 tertio
3305 1930 3492 1998 Junii,
3545 1929 3764 1995 tristive,

352 2024 450 2075 τοῦ
508 2019 676 2090 ἡλίου
731 2021 796 2075 τὸ
856 2021 957 2074 ὑπὸ
1009 2020 1099 2075 τὸν
1156 2024 1416 2094 Καρκῖνον
1452 2016 1754 2096 διατρέχειν
1785 2026 2002 2093 τμῆμα·

353 2108 489 2164 κατὰ
539 2106 597 2165 δὲ
634 2110 735 2179 τὴν
784 2110 1040 2183 πέμπτην
1088 2108 1179 2164 καὶ
1229 2109 1477 2178 εἰκοστὴν
1526 2112 1623 2164 τοῦ
1671 2104 2008 2187 Δεκεμϐρίου

355 2200 390 2268 ἡ
423 2199 737 2276 χειμερινὴ,
768 2199 831 2254 τὸ
862 2198 966 2254 ὑπὸ
994 2198 1087 2254 τὸν
1116 2197 1427 2275 Αἰγόκερων
1464 2204 1654 2275 τρῆμα
1698 2203 1796 2253 τοῦ
1842 2196 2008 2269 ἡλίου

355 2287 711 2366 πεφθακότος.

425 2378 525 2453 κγ’.
585 2376 733 2433 Μετὰ
793 2378 887 2451 μὲν
942 2374 1035 2431 οὖν
1089 2378 1189 2446 τὴν
1253 2375 1470 2450 ἐαρινὴν
1539 2375 1825 2453 ἰσημερίαν
1906 2377 2008 2433 ὑπὸ

354 2465 445 2520 τὸν
478 2469 680 2542 Ταῦρον
710 2466 738 2520 6
767 2464 930 2535 ἥλιος
961 2464 1160 2541 γίνεται
1207 2464 1297 2520 καὶ
1347 2465 1483 2520 κατὰ
1532 2467 1632 2535 τὴν
1680 2465 1867 2541 τρίτην
1910 2471 2009 2522 τοῦ

356 2553 684 2629 Ἀπριλλίου
738 2554 830 2610 καὶ
889 2554 1160 2625 εἰκοστήν·
1223 2553 1320 2618 εἶθ’
1378 2554 1481 2608 ὑπὸ
1535 2553 1662 2617 τοὺς
1736 2552 2008 2628 Διδύμους

364 2645 500 2699 κατὰ
546 2645 645 2712 τὴν
695 2644 882 2719 τρίτην
930 2648 1028 2698 τοῦ
1076 2642 1251 2698 Μαίου
1298 2643 1388 2698 καὶ
1447 2643 1717 2715 εἰκοστήν·
1769 2646 1904 2717 μετὰ
1952 2641 2011 2699 δὲ

360 2732 460 2802 τὴν
515 2734 727 2807 θερινὴν
772 2734 981 2809 τροπὴν
1029 2733 1132 2788 ὑπὸ
1183 2732 1268 2787 τὸν
1302 2730 1507 2787 Λέοντα
1536 2733 1564 2787 ὁ
1594 2732 1757 2802 ἥλιος
1791 2731 2008 2811 ἔρχεται

359 2827 427 2891 τῆ
485 2821 706 2897 πέμπτῃ
760 2826 858 2877 τοῦ
914 2820 1150 2878 Ἰουλίου
1215 2822 1388 2895 μηνὸς
1444 2821 1533 2876 καὶ
1586 2821 1825 2896 εἰκοστῇ·
1876 2826 2011 2897 μετᾶ

355 2911 504 2966 τοῦθ’
535 2912 636 2966 ὑπὸ
690 2912 791 2981 τὴν
849 2911 1119 2988 Παρθένον
1178 2914 1247 2986 τῇ
1296 2909 1519 2986 πέμπτῃ
1562 2915 1660 2966 τοῦ
1692 2910 2007 2988 Αὐγούστου

355 2997 446 3054 καὶ
506 3000 743 3075 εἰκοστῇ·
808 3002 943 3074 μετὰ
986 3001 1086 3070 τὴν
1143 3000 1548 3078 φθινοπωρινὴν
1620 3000 1906 3077 ἰσημερίαν
1944 3004 2008 3059 τὸ

358 3087 460 3143 ὑπὸ
515 3089 607 3144 τὸν
664 3087 937 3166 Σκορπίον
996 3091 1196 3162 τμῆμα
1264 3089 1355 3143 τὸν
1428 3086 1590 3157 ἥλιον
1668 3086 1885 3165 δέχεται
1937 3095 2005 3165 τῇ

354 3174 576 3252 πέμπτῃ
630 3183 727 3232 τοῦ
784 3175 1116 3254 Ὀκτωϐρίου
1168 3177 1259 3233 καὶ
1312 3177 1551 3252 εἰκοστῇ·
1603 3179 1716 3252 μετ’
1769 3178 1899 3234 αὐτὸ
1943 3181 2007 3235 τὸ

357 3263 461 3319 ὑπὸ
493 3264 584 3321 τὸν
615 3265 847 3339 Τοξότην
878 3270 947 3340 τῇ
995 3261 1218 3341 πέμπτῃ
1262 3267 1352 3321 καὶ
1403 3266 1619 3341 εἰκοστῇ
1677 3272 1772 3323 τοῦ
1825 3274 2004 3343 Νοεμ-

2118 2027 2353 2099 quando
2385 2026 2472 2084 sol
2504 2029 2872 2099 segmentum
2906 2025 3017 2079 sub
3047 2023 3268 2079 Cancro
3302 2034 3637 2093 percurrere
3675 2018 3765 2073 in-

2119 2115 2263 2189 cipit
2284 2134 2310 2186 ;.
2359 2119 2417 2171 at
2474 2114 2751 2172 vicesimo
2808 2113 3013 2187 quinto
3080 2110 3442 2178 Decembris,
3497 2108 3765 2176 hiberna,

2117 2206 2353 2278 quando
2384 2204 2468 2262 sol
2500 2208 2872 2278 segmentum
2901 2202 3027 2273 jsub
3075 2199 3425 2274 Capricorno
3456 2200 3764 2255 assecutus

2118 2295 2314 2351 fuerit.

2187 2386 2277 2439 23.
2312 2384 2451 2440 Post
2493 2400 2735 2440 vernum
2768 2381 3011 2455 proinde
3061 2377 3480 2451 aequinoctium
3528 2374 3615 2433 sol
3655 2374 3768 2431 sub

2118 2477 2380 2531 Taurum
2410 2473 2588 2542 venit,
2618 2473 2798 2546 idque
2822 2472 3096 2529 vicesimo
3143 2469 3315 2525 tertio
3345 2466 3599 2540 Aprilis;
3631 2465 3767 2521 dein

2117 2564 2320 2620 subter
2347 2564 2624 2619 Geminos
2671 2562 2946 2629 vicesimo
2977 2559 3145 2616 tertio
3176 2557 3331 2615 Maii.
3363 2557 3502 2613 Post
3530 2570 3767 2611 conver-

2118 2653 2343 2709 sionem
2390 2651 2650 2708 aestivam
2690 2652 2802 2707 sub
2851 2651 3100 2706 Leonem
3149 2647 3236 2703 sol
3283 2645 3440 2702 venit
3485 2643 3764 2700 vicesimo

2119 2742 2323 2814 quinto
2354 2740 2576 2797 mensis
2604 2740 2783 2808 Julii;
2816 2740 2974 2795 hunc
3006 2738 3115 2795 sub
3153 2735 3455 2809 Virginem
3485 2732 3763 2789 vicesimo

2117 2830 2309 2904 primo
2338 2830 2585 2902 Augusti
2615 2848 2628 2898 ;
2664 2832 2795 2902 post
2824 2826 3165 2884 autumnale
3195 2823 3611 2897 aequinoctium
3642 2838 3769 2894 seg-

2120 2924 2384 2975 mentum
2416 2919 2571 2991 quod
2622 2921 2711 2974 est
2760 2918 2871 2973 sub
2919 2915 3156 2989 Scorpio
3185 2913 3370 2970 solem
3419 2910 3650 2984 accipit,
3679 2909 3765 2965 vi-

2117 3007 2336 3063 cesimo
2366 3007 2573 3079 quinto
2621 3006 2905 3062 Octobris.
2941 3006 3025 3061 Ab
3075 3006 3186 3061 hoc
3213 3004 3296 3070 id,
3328 3001 3483 3075 quod
3516 3000 3627 3056 sub
3660 3000 3768 3056 Sa-

2116 3096 2351 3168 gittario
2382 3101 2491 3167 est,
2522 3095 2800 3152 vicesimo
2855 3095 3061 3167 quinto
3115 3091 3480 3149 Novembris.
3513 3090 3651 3145 Post
3679 3088 3763 3143 hi-

2117 3185 2359 3241 bernam
2391 3184 2832 3241 conversionem
2878 3183 2966 3240 sol
3010 3183 3121 3238 sub
3151 3179 3475 3253 Aquarium
3507 3177 3768 3251 pervenit

2114 3273 2390 3330 vicesimo
2418 3273 2722 3342 Januarii;
2755 3272 2962 3329 exinde
2992 3272 3102 3328 sub
3132 3271 3328 3327 Pisces
3356 3268 3630 3324 vicesimo
3660 3266 3763 3321 Fe-

354 3346 532 3428 6ρίου·
570 3335 711 3427 μετᾶ
750 3353 808 3410 δὲ
844 3335 944 3424 τὴν
1003 3335 1325 3431 χειμερινὴν
1378 3335 1651 3431 τροπὴνὸ
1682 3355 1845 3426 ἥλιος
1900 3335 2003 3414 ὑπὸ

2124 3363 2360 3419 bruarii.

348 3441 440 3497 τὸν
498 3440 792 3519 ’Υδροχόον
854 3445 1067 3524 ἀφικνεῖ
1113 3465 1167 3499 αι
1213 3446 1350 3499 κατά
1400 3444 1501 3513 τὴν
1563 3450 1660 3501 τοῦ
1716 3446 2049 3526 Ἰανουαρίου
2105 3449 2353 3523 εἰκοστήν
2391 3470 2403 3484 ·
2464 3449 2647 3507 ἔκτοτε
2719 3450 2856 3506 κατὰ
2928 3451 3027 3520 τὴν
3097 3451 3195 3504 τοῦ
3260 3441 3635 3521 Φεϐρουαρίου
3695 3443 3770 3499 εἳ-

350 3531 551 3601 κοστὴν
586 3532 689 3586 ὑπὸ
717 3530 844 3595 τοὺς
875 3531 1113 3608 Ἰχθύας.
1239 3585 1244 3590 .

425 3617 523 3678 κδ’.
556 3624 661 3675 Τοῦ
718 3617 997 3676 Ζωδιακοῦ
1028 3619 1086 3676 δὲ
1116 3619 1450 3699 διῃρημένου
1509 3622 1587 3685 εἰς
1626 3620 1715 3678 ἴσα
1741 3626 2007 3699 τμήματα

354 3706 675 3766 δυοκαίδεκα
716 3710 785 3764 τὰ
822 3708 1095 3784 λεγόμενα
1143 3708 1332 3781 ζώδια,
1363 3715 1471 3766 τῶν
1521 3709 1731 3781 ζωδίων
1781 3709 2005 3769 ἕκαστον

352 3799 430 3861 εἰς
486 3800 777 3875 τριάκοντα
833 3798 1026 3876 μοίρας
1078 3797 1359 3875 διῄρηται,
1417 3798 1587 3877 ἤγουν
1640 3807 1788 3878 τρεῖς
1851 3800 2005 3859 δεκα-

349 3887 497 3951 νούς.
532 3888 670 3943 Δέκα
724 3888 827 3964 γὰρ
884 3884 999 3963 ἔχει
1055 3888 1249 3965 μοίρας
1307 3890 1336 3943 6
1389 3886 1630 3952 δεκανός.
1663 3889 1774 3946 Μία
1805 3888 1852 3946 δ’
1883 3891 2005 3947 ἑκά-

351 3996 449 4048 στη
528 3984 694 4052 μοῖρα
766 3977 1017 4049 τέμνεται
1103 3974 1327 4040 λεπτοῖς
1398 3978 1640 4054 πρώτοις
1720 3979 2001 4051 ἑξήκοντα.

347 4065 562 4121 Τούτων
625 4063 671 4121 δ’
721 4062 945 4122 ἕκαστον
1022 4064 1416 4143 ὑποδιαιρεῖται
1491 4066 1657 4123 πάλιν
1718 4067 1792 4131 εἰς
1847 4065 2004 4146 ἕτερα

348 4156 609 4229 ἑξήκοντα
664 4154 836 4212 λεπτὰ
893 4152 1134 4232 δεύτερα·
1165 4153 1256 4210 καὶ
1302 4159 1411 4209 τῶν
1459 4153 1720 4233 δευτέρων
1777 4154 2000 4214 ἕκαστον

347 4243 422 4306 εἰς
480 4242 626 4301 ἄλλα
696 4245 958 4318 ἑξήκοντα
1021 4242 1180 4321 τρίτα
1237 4241 1428 4302 λεπτά.
1487 4245 1587 4299 Καὶ
1657 4249 1819 4301 τοῦτο
1886 4252 2002 4310 τοῖς

344 4332 707 4410 ἀστρολόγοις
736 4332 1032 4410 ἐνεργεῖται
1066 4331 1233 4410 μέχρι
1264 4332 1716 4409 συμπληρώσεως
1743 4340 1841 4390 τοῦ
1897 4342 2001 4406 τῆς

346 4418 654 4485 δωδεκάδος
706 4426 900 4478 ποσοῦ.
953 4425 1030 4497 Τῇ
1090 4419 1148 4477 δὲ
1205 4420 1358 4501 φύσει
1443 4426 1547 4477 πᾶν
1636 4422 1858 4500 μέγεθος
1917 4416 2000 4480 ἐπ’

349 4511 572 4588 ἄπειρον
602 4509 892 4588 διαιρετόν.

416 4783 510 4837 κε’.
541 4780 845 4855 Τετήρηται
902 4776 961 4835 δὲ
1017 4776 1089 4834 δι’
1143 4778 1410 4857 ὀργάνων,
1442 4779 1519 4842 ὡς
1548 4781 1584 4850 ὴ
1638 4778 1833 4853 μεταξὺ
1888 4784 1998 4836 τῶν

342 4872 619 4946 τροπικῶν
650 4867 986 4948 περιφέρεια,
1018 4868 1143 4938 ἥτις
1181 4871 1271 4924 καὶ
1328 4869 1465 4943 μέση
1522 4866 1768 4924 καλεῖται
1828 4871 1997 4943 ζώνη,

347 4961 553 5033 μοιρῶν
610 4957 750 5012 ἐστιν
821 4956 965 5012 ὀκτὼ
1046 4959 1183 5035 πρὸς
1256 4962 1378 5021 ταῖς
1460 4959 1877 5035 τεσσαράκοντα.
1936 4960 2000 5015 Ἡ

2190 3630 2281 3685 24.
2313 3629 2459 3685 Cum
2490 3634 2686 3687 autem
2737 3630 3020 3686 Zodiacus
3049 3628 3111 3683 in
3160 3624 3469 3683 duodecim
3521 3620 3771 3696 aequalia

2119 3723 2426 3792 segmenta
2472 3704 2695 3776 divisus
2743 3719 2845 3787 sit,
2876 3736 3004 3791 quae
3052 3714 3412 3773 animalcula
3462 3729 3568 3771 seu
3601 3712 3773 3784 signa

2117 3807 2399 3863 dicuntur
2444 3824 2458 3863 :
2520 3807 2825 3880 quodlibet
2872 3807 3107 3880 signum
3158 3805 3216 3860 in
3278 3802 3518 3875 triginta
3571 3805 3768 3873 partes

2118 3895 2288 3966 [quas
2319 3896 2714 3951 communiter
2733 3896 2952 3968 gradus
2979 3896 3191 3949 vocant
3220 3892 3285 3961 “J
3315 3891 3424 3946 hoc
3440 3887 3619 3955 est,iu
3646 3892 3766 3943 tres

2115 3985 2367 4040 decanos
2398 3984 2714 4056 [decurias]
2764 3982 3018 4039 divisum
3066 3986 3175 4037 est.
3208 3980 3419 4036 Decem
3451 3977 3607 4035 enim
3641 3992 3769 4048 par-

2113 4076 2202 4129 tes
2233 4073 2408 4128 habet
2437 4073 2696 4129 decuria.
2728 4074 2800 4127 At
2820 4070 3042 4144 quaevis
3071 4087 3209 4143 pars
3230 4067 3290 4123 in
3323 4066 3626 4140 sexaginta
3652 4064 3769 4137 pri-

2112 4177 2212 4217 ma
2241 4162 2470 4218 minuta
2499 4161 2779 4217 dividitur
2803 4185 2818 4230 ;
2849 4166 2906 4216 et
2926 4175 3132 4216 rursus
3154 4158 3366 4214 horum
3389 4156 3546 4213 294
3574 4152 3760 4227 quod-

2110 4250 2198 4306 vis
2229 4249 2288 4304 in
2320 4249 2436 4306 alia
2463 4249 2770 4322 sexaginta
2789 4249 3049 4305 secunda
3071 4247 3302 4304 minuta
3331 4243 3683 4313 subdivitur,
3706 4244 3766 4298 et

2111 4339 2507 4395 secundorum
2551 4338 2853 4411 quodlibet
2889 4338 2950 4393 in
2982 4336 3100 4394 alia
3128 4335 3431 4409 sexaginta
3460 4332 3630 4391 tertia
3660 4329 3766 4387 mi-

2112 4432 2276 4498 nuta,
2308 4427 2487 4501 idque
2516 4427 2802 4500 tantisper
2830 4427 2897 4482 ﬁt
2926 4426 2998 4482 ab
3040 4424 3371 4497 astrologis,
3402 4423 3586 4479 donec
3616 4420 3763 4479 duo-

2111 4516 2335 4572 denarii
2392 4517 2781 4590 quantitatem
2855 4514 3204 4588 compleant.
3256 4512 3418 4570 Alias
3472 4528 3607 4568 vero
3663 4527 3764 4568 na-

2109 4610 2265 4673 tura,
2325 4605 2520 4663 omnis
2567 4605 2915 4679 magnitudo
2963 4605 3024 4660 in
3070 4603 3372 4660 infinitum
3421 4604 3615 4675 potest
3669 4594 3760 4656 di;

2108 4695 2249 4751 vidi.

2179 4783 2272 4838 25.
2301 4782 2686 4839 Observatum
2715 4785 2916 4838 autem
2954 4784 3045 4837 est
3071 4797 3174 4854 per
3202 4780 3617 4850 instrumenta,
3648 4776 3762 4834 cir-

2112 4871 2560 4929 cumferentiam
2618 4871 2775 4927 intra
2828 4870 3105 4943 tropicos,
3174 4886 3302 4943 qua:
3374 4868 3552 4924 etiam
3610 4884 3758 4924 zona

2110 4960 2306 5017 media
2357 4964 2619 5033 vocatur,
2653 4959 2909 5033 partium
2967 4975 3097 5016 esse
3153 4958 3547 5032 quadraginta
3591 4959 3757 5025 octo;

338 5045 545 5118 ταύτης
606 5044 799 5103 λοιπὸν
839 5045 1069 5120 ἡμίσεια
1127 5051 1339 5125 μοιρῶν
1404 5045 1551 5103 ἔσται
1581 5048 1854 5124 τεσσάρων
1904 5048 1996 5103 καὶ

2124 5049 2269 5106 ηΙΙὶιιε
2321 5048 2564 5123 proinde
2603 5049 2796 5107 media
2842 5046 3338 5117 circumferentia,
3372 5063 3501 5120 quas
3550 5049 3640 5103 est
3682 5046 3758 5103 ab

341 5133 568 5211 εἷ’κοσιν,
620 5135 744 5206 ἥτις
819 5134 958 5191 ἐστὶν
1020 5135 1072 5208 ἐξ
1130 5136 1248 5199 ἑνὸς
1302 5140 1410 5191 τῶν
1464 5140 1765 5212 τροπικῶν,
1829 5135 1994 5214 μέχρι

2124 5156 2225 5195 mo
2254 5138 2615 5211 tropicorum
2645 5139 2717 5195 ad
2764 5137 3233 5211 aequinoctialem
3265 5136 3522 5209 partium
3551 5135 3761 5210 viginti

336 5228 435 5280 τοῦ
490 5225 833 5301 ἰσημερινοῦ.
890 5228 1045 5281 Πᾶσα
1100 5222 1149 5280 δ’
1202 5227 1238 5296 ἡ
1300 5224 1496 5300 μεταξὺ
1552 5229 1660 5280 τῶν
1714 5230 1991 5302 τροπικῶν

2124 5232 2360 5301 ιυιιιυοι·
2389 5228 2517 5284 erit.
2551 5226 2834 5284 Universa
2874 5233 3071 5284 autem
3113 5226 3267 5284 inter
3292 5226 3548 5299 tropicos
3579 5224 3759 5281 inter-

336 5314 653 5395 περιφέρεια
708 5313 769 5371 ἐκ
815 5318 914 5370 τοῦ
972 5315 1089 5378 ἐνὸς
1148 5315 1280 5370 οὖσα
1340 5312 1539 5391 μέρους
1590 5314 1734 5369 ὀκτὼ
1785 5318 1992 5389 μοιρῶν

2127 5322 2255 5374 ecta
2282 5317 2757 5374 circumferentia
2771 5333 2905 5373 cum
2939 5333 3009 5372 ex
3038 5333 3156 5372 una
3173 5319 3335 5390 parte
3357 5316 3435 5372 sit
3463 5315 3758 5389 graduum

335 5404 475 5481 πρὸς
526 5410 649 5468 ταῖς
701 5404 1114 5481 τεσσαράκοντα·
1173 5402 1278 5459 κάκ
1357 5407 1454 5457 τοῦ
1530 5403 1713 5477 ἑτέρου
1792 5404 1990 5479 μέρους

2124 5405 2495 5478 [uadraginta
2540 5409 2688 5471 octo,
2738 5421 2808 5461 ex
2852 5404 3034 5461 altera
3079 5405 3254 5461 etiam
3304 5408 3466 5477 parte
3510 5403 3756 5460 totidem

333 5498 442 5551 τῶν
474 5493 650 5551 αὐτῶν
684 5490 830 5550 ἔσται
866 5496 1099 5569 μοιρῶν.
1131 5488 1497 5568 Παράλληὶοι
1526 5493 1629 5570 γὰρ
1662 5493 1716 5546 οἱ
1770 5489 1987 5552 κύκλοι.

2124 5495 2211 5550 irit
2266 5493 2544 5567 partium.
2600 5494 2829 5550 Etenim
2881 5493 3085 5550 circuli
3144 5492 3405 5566 paralleli
3452 5493 3583 5566 [hoc
3640 5497 3750 5564 est,

409 5711 453 5745 ⁸⁷
482 5708 629 5766 Vide
656 5710 829 5769 Joan.
861 5709 1136 5781 deisacro
1166 5707 1351 5781 Busto
1376 5706 1439 5762 in
1470 5706 1757 5781 computo
1802 5707 2239 5781 ecclesiastico:
2272 5713 2331 5766 et
2355 5708 2725 5765 Munsterum
2758 5709 2831 5765 de
2859 5707 3297 5781 horologiorum
3343 5704 3753 5779 descriptione,

336 5779 442 5840 lib.
476 5798 538 5852 ιι,
569 5798 627 5854 p.
663 5782 785 5840 166.
861 5780 905 5817 ’⁸⁸
932 5780 1061 5838 Jov.
1093 5781 1262 5837 Pont.
1292 5778 1396 5837 lib.
1428 5795 1469 5850 1,
1500 5779 1573 5838 de
1602 5778 1651 5837 r.
1682 5797 1756 5852 c.,
1784 5797 1844 5854 p.
1876 5780 1999 5841 114.
