4114 6422
385 441 545 506 1243
1646 447 2069 515 NICEPHORI
2111 431 2555 513 BLEMMIDJE
3645 452 3816 516 ms

382 577 849 653 mquidistantes]
880 585 1037 638 sunt.
1071 582 1160 639 Sic
1209 583 1391 657 igitur
1437 586 1686 658 aequalia
1733 587 1850 642 duo
1882 586 2004 641 inte

2182 587 2352 644 Οντως
2385 580 2473 636 οὗν
2511 578 2720 638 ἔσονται
2755 586 2959 660 μοιρῶν
2993 581 3047 654 ἓξ
3097 580 3233 660 πρὸς
3279 585 3399 646 ταῖς
3458 580 3807 660 ἐνενήκοντα,

382 671 637 742 tropicos
696 671 1142 728 intervenientia
1195 680 1500 747 segmenta
1555 680 1728 732 erunt
1777 675 2007 748 partiun

2181 672 2209 726 ἆ
2267 671 2460 744 μεταξὺ
2523 676 2629 726 τῶν
2688 676 2964 748 τροπικῶν
2997 669 3092 727 δύο
3127 669 3215 726 ἶσα
3244 675 3510 745 τμήματα
3544 678 3642 730 τοῦ
3707 697 3806 748 με·

383 761 704 832 nonaginta
735 778 856 827 sex,
892 763 1126 818 maximi
1181 765 1460 820 nimirum
1515 765 1714 820 circuli
1748 766 1989 837 sphaerae

2182 759 2325 815 ίστου
2383 760 2590 816 κύκλου
2646 768 2746 830 τῆς
2805 761 3054 839 σφαίρας·
3118 761 3179 815 οὗ
3247 759 3314 829 δὴ
3373 761 3586 817 κύκλου
3649 764 3805 841 μεγί-

382 849 552 919 cujus
583 849 821 919 quidem
855 851 1054 906 circuli
1087 853 1324 908 maximi
1356 871 1490 910 curn
1533 856 1611 910 sit
1641 860 2007 910 trecentarum

2180 870 2269 903 του
2321 849 2580 919 ἑξήκοντα
2627 847 2715 903 καὲ
2772 848 3096 926 τριακοσίων
3167 844 3323 912 ὄντος
3380 855 3612 925 μοιρῶν,
3662 855 3696 922 ἡ
3753 853 3805 925 ἐξ

382 937 686 1010 sexaginta
717 941 993 1009 partium,
1018 942 1487 998 circumferentia
1516 945 1588 998 ab
1620 949 1870 1016 utroque
1903 943 2007 1016 poli

2176 939 2400 1011 κατέρου
2483 943 2589 994 τῶν
2675 938 2885 1011 πόλων,
2947 940 3083 1013 πρὸς
3146 941 3238 994 τὸν
3317 939 3474 1016 ἐγγὺς
3540 943 3801 1017 τροπικὸν

382 1025 453 1081 ad
485 1026 741 1082 vicinum
784 1031 1076 1100 tropicum
1109 1032 1221 1086 erit
1270 1033 1522 1103 partium
1572 1035 1880 1103 sexaginta
1911 1051 2007 1088 sex

2180 1027 2453 1105 ἐριφέρεια
2493 1023 2639 1082 ἔσται
2693 1033 2898 1104 μοιρῶν
2953 1028 3008 1098 ’ἐξ
3065 1029 3154 1083 καὶ
3213 1028 3490 1098 ἑξήκοντα·
3552 1030 3805 1106 τετράκις

380 1111 594 1175 Quater
618 1114 774 1169 enim
827 1117 1129 1189 sexaginta
1178 1136 1276 1174 sex
1309 1126 1500 1192 partes
1535 1121 1583 1176 si
1617 1121 1863 1176 invicem
1896 1139 1998 1175 con

2183 1117 2244 1189 ἄρ
2304 1117 2355 1170 αἱ
2412 1117 2466 1186 ἓξ
2524 1116 2612 1171 καὶ
2673 1119 2931 1189 ἑξήκοντα
2987 1122 3175 1191 μοῖραι
3236 1117 3610 1190 συντιθέμεναι
3661 1121 3802 1195 πρὸς

373 1202 728 1272 jungantur,
751 1205 1012 1260 ducentae
1045 1208 1194 1262 fiunt
1223 1210 1522 1279 sexaginta
1546 1215 1797 1282 quatuor
1831 1227 1842 1267 :
1878 1212 1998 1267 τοι

2179 1203 2415 1276 λλτςλας,
2447 1206 2696 1281 τέσσαρες
2750 1207 2886 1282 πρὸς
2943 1206 3198 1276 ἑξήκοντα
3252 1207 3488 1282 γίνονται
3547 1208 3638 1262 καί
3682 1206 3803 1263 δια-

381 1291 598 1361 quibus
657 1293 703 1346 si
765 1294 1081 1366 nonaginta
1129 1314 1228 1351 sex
1285 1299 1703 1370 adjungantur,
1764 1305 2006 1354 trecenta

2179 1294 2370 1355 οσίαις.
2423 1294 2647 1356 Ταύταις
2702 1300 2807 1349 τῶν
2971 1294 3409 1368 προστιθεμένων
3469 1296 3559 1349 καὶ
3618 1295 3804 1368 ἐνενή-

380 1381 680 1452 sexaginta
712 1399 811 1438 sex
843 1391 1036 1454 partes
1071 1387 1446 1459 colliguntur,
1480 1389 1539 1443 in
1571 1405 1719 1460 quas
1751 1390 2005 1445 Zodiacu:

2178 1404 2304 1437 οντα
2361 1384 2414 1437 αἱ
2473 1384 2730 1454 ἑξήκοντα
2785 1385 2921 1460 πρὸς
2999 1389 3118 1446 ταῖς
3185 1383 3522 1458 τριακοσίαις
3605 1392 3802 1460 μοῖραι

379 1472 437 1523 et
467 1469 659 1540 quivis
693 1471 842 1528 alius
874 1473 1126 1530 circulus
1160 1477 1454 1533 maximus
1487 1478 1787 1534 dividitur.

2178 1473 2474 1548 υνάγονται,
2539 1472 2614 1534 εἷς
2668 1471 2729 1534 ἃς
2787 1473 2816 1526 ὁ
2878 1469 3141 1542 ζωδιακὸς
3198 1469 3483 1548 διαιρεῖται
3544 1474 3633 1528 καὶ
3692 1481 3803 1538 πᾶς

2139 1557 2312 1622 ἄλλος
2347 1562 2602 1637 μέγιστος
2631 1559 2856 1624 κύκλος.

449 1649 537 1702 26.
573 1650 719 1706 Cum
752 1651 930 1722 igitur
972 1654 1328 1711 ﬁrmamenti
1380 1656 1636 1712 ambitus
1668 1661 1753 1712 tot
1785 1659 1862 1713 sit
1892 1675 2026 1729 par-

2208 1652 2308 1714 κς’.
2344 1657 2454 1719 Τῆς
2502 1651 2831 1726 περιμέτρου
2894 1648 3071 1706 τοίνυν
3119 1655 3217 1705 τοῦ
3263 1652 3642 1728 στερεώματος
3701 1674 3800 1708 το-

379 1735 549 1805 tium,
584 1729 867 1796 diameter
897 1743 1239 1813 pauciorum
1272 1761 1446 1817 quam
1478 1750 1710 1801 centum
1739 1751 1794 1801 et
1825 1746 2004 1818 vigint

2173 1739 2342 1794 ούτων
2403 1737 2571 1810 οὔσης
2633 1744 2862 1816 μοιρῶν,
2919 1742 2955 1809 ἡ
3015 1737 3306 1816 διάμετρος
3373 1737 3519 1796 ἔσται
3585 1746 3797 1818 μοιρῶν

378 1825 487 1880 erit
507 1828 783 1897 partium.
809 1830 862 1884 Si
889 1832 1046 1886 enim
1071 1850 1199 1904 quas
1224 1850 1292 1888 ex
1313 1841 1509 1890 centro
1542 1834 1801 1906 [ducitur
1831 1834 2003 1906 linea]

2178 1828 2440 1884 λαττόνων
2469 1829 2504 1897 ἢ
2562 1825 2732 1883 είειοσι
2788 1829 2924 1903 πρὸς
2975 1835 3096 1891 ταῖς
3158 1828 3369 1886 ἑκατόν.
3403 1829 3466 1884 Εἰ
3511 1830 3614 1905 γὰρ
3646 1833 3683 1900 ἡ
3741 1830 3803 1885 ἐκ

379 1917 436 1969 et
465 1917 765 1989 sexanguli
799 1922 954 1991 quod
988 1922 1046 1976 in
1073 1924 1344 1978 eumdem
1377 1923 1717 1979 inscribitur
1741 1923 2004 1978 circulun

2178 1923 2233 1973 αὖ
2291 1917 2511 1992 κέντρου
2569 1919 2658 1972 καὶ
2716 1921 2750 1987 ἡ
2809 1922 2906 1972 τοῦ
2965 1918 3232 1994 ἑξαγώνου
3299 1917 3511 1995 πλευρά
3565 1923 3664 1973 τοῦ
3721 1920 3803 1982 εἷς

378 2001 534 2060 latus
561 2005 627 2074 ‘9,
661 2009 907 2078 aequalia
938 2016 1078 2066 sunt
1107 2011 1356 2067 invicem
1383 2039 1396 2079 ;
1427 2013 1925 2083 quemadmodum
1960 2029 2003 2067 e:

2416 1975 2424 1992 .
2740 1975 2750 1987 .
2995 1975 3015 1989 τ
3067 1975 3078 1994 ,
3444 1975 3453 1995 ,
3790 1975 3797 1982 ,

2172 2009 2225 2061 ὸν
2262 2006 2420 2060 αὐτὸν
2455 2005 2864 2084 ἐγγραφομένου
2895 2005 3097 2062 κύκλον
3151 2003 3258 2061 ἶσαι
3308 2005 3586 2078 ἀλλήλαις
3638 2007 3797 2080 εῗσὶν,

376 2093 603 2150 decimo
637 2097 840 2168 quinto
880 2099 1241 2156 theoremate
1287 2101 1421 2157 libri
1471 2102 1665 2174 quarti
1697 2101 1995 2156 Elemento

2174 2116 2212 2158 ις
2262 2093 2320 2149 ἐκ
2367 2100 2462 2149 τοῦ
2505 2093 2982 2150 πεντεκαιδεκάτου
3041 2097 3399 2172 Θεωρηματος
3446 2102 3546 2152 τοῦ
3601 2096 3799 2171 τετάρ-

378 2198 507 2236 rum
533 2199 634 2254 per
654 2185 914 2256 porisma
954 2189 1182 2244 illatum
1225 2195 1332 2259 est,
1363 2191 1534 2246 tertia
1566 2208 1699 2262 pars
1721 2190 1996 2245 circumfe

2174 2206 2231 2239 ου
2295 2179 2516 2259 βιϐλίου
2563 2189 2669 2238 τῶν
2721 2183 3010 2260 στοιχείων
3057 2185 3400 2261 πεπόρισται·
3449 2185 3551 2241 οὐκ
3597 2185 3657 2240 ἂν
3711 2184 3799 2258 εἴη

377 2273 578 2328 rentia:
598 2275 882 2332 diametro
905 2279 1148 2348 aequalis
1181 2297 1294 2335 non
1328 2280 1456 2335 erit.
1490 2282 1609 2335 Duo
1632 2281 1786 2335 enim
1823 2297 1996 2335 sexan

2174 2272 2194 2326 ὸ
2252 2272 2432 2346 τρίτον
2489 2279 2590 2341 τῆς
2647 2271 2989 2350 περιφερείας
3053 2269 3166 2327 ἴσον
3207 2276 3274 2346 τῇ
3335 2271 3635 2348 διαμέτρῳ.
3689 2274 3799 2329 Δύο

375 2360 496 2430 guli
528 2361 728 2431 latera,
780 2365 1064 2423 diameter
1109 2373 1288 2437 sunt;
1340 2369 1617 2441 quoniam
1667 2369 1796 2424 dua)
1841 2374 2000 2424 este:

2173 2363 2231 2416 ,ὲν
2287 2363 2392 2438 γὰρ
2447 2363 2715 2436 ἑξαγώνου
2775 2360 3006 2436 πλευραὶ
3064 2363 3099 2430 ἡ
3156 2359 3468 2438 διάμετρος·
3520 2361 3636 2418 ἐπεὶ
3695 2361 3798 2419 δύο

375 2453 570 2518 ceptro
606 2451 811 2516 [ductae
843 2452 1056 2525 lineae]:
1093 2460 1150 2510 et
1180 2455 1694 2511 subdividuntduo
1722 2456 1998 2528 sexangul

2172 2454 2315 2505 ιιτοῦ
2345 2451 2586 2524 κέντρου.
2622 2450 2719 2504 Καὶ
2773 2450 3137 2506 ὑποτείνουσιν
3190 2452 3244 2506 αἱ
3295 2448 3391 2505 δύο
3441 2457 3540 2506 τοῦ
3591 2453 3797 2528 ἑξαγώ-

374 2533 578 2608 latera,
638 2539 752 2594 duo
811 2542 1293 2600 circumferentia
1345 2550 1646 2616 segmenta
1696 2564 1708 2612 ;
1771 2562 1999 2616 quorun

2171 2561 2227 2594 ου
2274 2539 2504 2615 πλευραὶ
2591 2536 2686 2594 δύο
2765 2541 3029 2611 τμήματα
3112 2546 3211 2607 τῆς
3289 2540 3657 2618 περιφερείας·
3718 2542 3796 2595 ὧν

375 2630 695 2699 utrumque
738 2629 1040 2701 sigillatim
1074 2638 1162 2686 est
1191 2639 1353 2689 sexta
1384 2651 1519 2706 pars
1551 2634 1789 2688 maximi
1821 2634 1997 2690 circul

2170 2649 2353 2682 »ιαστον
2385 2625 2538 2682 ἕκτον
2578 2629 2741 2703 μέρος
2797 2633 2898 2682 τοῦ
2959 2627 3217 2703 μεγίστου
3265 2627 3472 2684 κύκλου
3505 2635 3606 2696 τῆς
3633 2629 3795 2707 σφαί-

375 2715 637 2787 sphaarae.
671 2719 843 2790 Atqui
878 2721 992 2775 duo
1023 2721 1200 2777 simul
1233 2725 1576 2795 [segmenta]
1599 2723 1767 2779 tertia
1801 2723 1999 2790 (circul

2171 2737 2245 2779 ας·
2281 2719 2423 2790 ὁμοῦ
2479 2714 2537 2772 δὲ
2591 2718 2659 2771 τὰ
2715 2714 2810 2771 δύο
2866 2716 3073 2794 τρίτον.
3125 2717 3190 2772 Εἰ
3245 2717 3489 2786 τοίνυνή
3524 2717 3630 2788 ὅλη
3690 2721 3796 2786 τῆς

372 2821 508 2878 pars
535 2805 872 2880 exsistunt].
896 2811 1056 2874 Quod
1081 2812 1131 2867 si
1157 2812 1339 2884 igitur
1358 2817 1517 2868 totus
1539 2813 1997 2868 circumferentia

2168 2807 2469 2884 εριφερείας
2552 2806 2877 2882 περίμετρος
2955 2806 3217 2876 ἑξήκοντα
3289 2806 3380 2861 καὶ
3458 2807 3793 2883 τριακοσίων

373 2896 632 2951 ambitus
689 2901 1087 2955 trecentarum
1142 2906 1232 2956 est
1280 2906 1336 2956 et
1393 2903 1694 2973 sexaginta
1742 2902 1994 2973 partium

2168 2900 2366 2970 οιρῶν,
2395 2895 2460 2950 τὸ
2507 2893 2689 2970 τρίτον
2747 2894 2950 2965 ταύτης
3012 2892 3181 2949 εἰκοσι
3229 2898 3437 2969 μοιρῶν
3471 2895 3609 2970 πρὸς
3668 2900 3793 2958 ταῖς

371 2986 546 3040 tertia
577 2985 734 3041 illius
776 2992 1007 3044 centum
1059 2995 1115 3044 et
1162 2990 1366 3062 viginti
1415 2995 1503 3046 est
1545 2990 1820 3062 partium.
1855 2993 1996 3056 Quos

2169 2983 2337 3042 ιιατόν.
2373 2984 2437 3038 Εἰ
2474 2984 2566 3057 μὲν
2619 2981 2710 3037 οὗν
2761 2979 2850 3054 ἷίση
2902 2984 2970 3053 ἦν
3013 2986 3048 3053 ἡ
3101 2983 3281 3047 εὐθεῖα
3334 2983 3404 3057 τῇ
3453 2984 3794 3062 περιφερείᾳ,

362 3075 412 3130 si
445 3075 684 3146 quidem
717 3081 873 3132 recta
904 3077 1098 3149 (linea)
1132 3081 1619 3136 circumferentia:
1649 3079 1892 3152 aequalis
1922 3097 1983 3135 es

2168 3095 2194 3128 ν
2255 3072 2314 3127 ἂν
2371 3072 2462 3127 καὶ
2509 3075 2544 3142 ἡ
2607 3069 2896 3148 διάμετρος
2982 3077 3186 3146 μοιρῶν
3246 3069 3418 3127 εἷ’κοσι
3472 3073 3606 3147 πρὸς
3661 3078 3793 3136 ταῖς

361 3167 469 3234 set,
498 3163 784 3220 diameter
812 3169 988 3221 etiam
1041 3173 1274 3224 centum
1307 3174 1363 3224 et
1407 3169 1613 3241 viginti
1643 3169 1899 3240 partium
1933 3185 1986 3224 es

2171 3164 2332 3217 ιατόν·
2397 3161 2506 3216 έαεὶ
2564 3158 2610 3215 δ’
2668 3159 2905 3216 ἐλάττων
2965 3164 3000 3230 ἡ
3052 3161 3239 3216 ,εὐθεῖα
3294 3164 3395 3230 τῆς
3442 3161 3796 3239 περιφερείας

361 3254 471 3305 set.
525 3253 811 3317 Quoniam
865 3259 1060 3310 autem
1112 3262 1268 3312 recta
1317 3259 1511 3312 minor
1558 3263 1665 3324 est,
1699 3274 1876 3329 quam
1909 3256 1986 3312 cit

2168 3274 2190 3306 ν
2243 3251 2530 3322 ὑποτείνει,
2561 3248 2652 3305 διὰ
2692 3254 2854 3306 τοῦτο
2905 3249 2997 3305 καί
3045 3252 3080 3319 ἡ
3133 3247 3426 3324 διάμετρος
3485 3250 3793 3308 ἐλαττόνων

360 3340 767 3398 cumferientia
811 3361 990 3415 quam
1023 3346 1177 3402 296
1226 3347 1570 3402 subtendit:
1609 3362 1677 3400 ea
1719 3347 1791 3401 de
1837 3363 1980 3401 caus

2168 3361 2275 3395 παι
2340 3345 2544 3414 μοιρῶν
2589 3341 2626 3408 ἢ
2676 3335 2845 3394 εἴκοσι
2902 3339 3041 3413 πρὸς
3086 3344 3208 3401 ταῖς
3268 3339 3479 3396 ἑκατόν.
3540 3343 3700 3404 "Ost
3755 3344 3793 3412 ἡ

359 3429 536 3483 etiam
569 3429 855 3488 diameter
884 3436 1226 3503 pauciorum
1259 3453 1436 3507 quam
1468 3440 1703 3491 centum
1728 3440 1784 3491 et
1809 3435 1984 3507 viginl

2170 3431 2262 3484 κτὰ
2308 3429 2436 3484 τοὺς
2506 3428 2633 3503 περὶ
2695 3425 3048 3504 Ἀρχιμήδην
3107 3434 3253 3482 πᾶσα
3308 3425 3374 3496 δὴ
3439 3434 3641 3506 σφαῖρα
3702 3430 3795 3484 καὶ

360 3517 470 3572 erit
499 3518 776 3589 partium.
819 3521 982 3578 Unde
1026 3524 1075 3579 si
1108 3527 1434 3580 secundum
1483 3523 1849 3580 Archimedis
1898 3541 1985 3579 seu

2169 3522 2230 3580 ἇς
2288 3516 2489 3579 κύκλος
2551 3515 2717 3590 λόγον
2782 3511 2899 3592 ἔχει
2935 3516 3073 3591 πρὸς
3104 3516 3202 3585 τὴν
3235 3515 3437 3571 οἰκείαν
3498 3515 3794 3594 διάμετρον

358 3609 583 3664 tutores
637 3610 829 3666 omnis
873 3612 1093 3667 scilicet
1139 3613 1369 3685 sphmra
1418 3614 1729 3685 omnisque
1762 3612 1982 3668 circulu

2165 3627 2200 3669 ις
2229 3605 2454 3682 ἔγγισαα
2485 3600 3079 3683 τριπλασιεφέϐδομον,
3112 3603 3280 3681 ἤγουν
3337 3606 3400 3660 τὸ
3457 3605 3790 3683 τριπλάσιον

358 3695 430 3750 ad
466 3712 634 3751 suam
685 3698 1038 3756 diametrum
1091 3702 1266 3758 habet
1297 3702 1583 3758 rationem
1634 3701 1868 3773 triplam
1901 3717 1983 3756 ses

2164 3699 2220 3766 ἧς
2279 3693 2570 3769 διαμέτρου
2630 3695 2721 3748 καὶ
2773 3695 2835 3749 τὸ
2895 3690 3134 3768 ⁴ἕϐδομον
3189 3698 3289 3764 τῆς
3342 3693 3660 3772 διαμέτρου,
3711 3699 3789 3770 μὴ

357 3784 776 3858 quiseptimam
810 3806 987 3860 quam
1019 3791 1303 3862 proxime,
1336 3791 1445 3847 hoc
1476 3795 1582 3858 est,
1616 3790 1858 3862 triplum
1893 3789 1982 3844 dia

2165 3786 2241 3840 ατ’
2299 3779 2598 3859 ἀκρίϐειαν·
2636 3781 2782 3838 ἔσται
2841 3784 2934 3857 μὲν
2969 3787 3004 3854 ὴ
3037 3783 3098 3839 ἐκ
3133 3788 3232 3839 τοῦ
3287 3783 3516 3860 κέντρου
3577 3790 3790 3862 μοιρῶν

357 3874 527 3929 metri
554 3878 864 3946 et:[unam]
901 3880 1212 3951 septimam
1264 3879 1554 3949 diametri,
1590 3897 1706 3934 non
1748 3884 1979 3934 accurat

2166 3877 2261 3929 πτὰ
2316 3873 2406 3928 καὶ
2461 3875 2801 3944 πεντήκοντα
2861 3872 2994 3946 μετά
3047 3894 3197 3936 τινος
3252 3873 3450 3950 μορίου
3506 3875 3721 3950 μοίρας·
3754 3878 3791 3944 ἡ

355 3965 595 4033 tamen;
628 3967 739 4021 erit
768 3967 868 4022 illa
914 3969 1153 4041 quidem
1203 3986 1333 4041 quae
1364 3986 1433 4024 ex
1482 3974 1678 4024 centro
1735 3969 1980 4034 [ducitur

2166 3968 2184 4018 ὲ
2241 3962 2532 4038 διάμετρος
2589 3962 2890 4019 διπλασίων
2949 3959 3082 4018 οὖσα
3136 3968 3240 4032 τῆς
3299 3963 3358 4018 ἐκ
3405 3967 3506 4018 τοῦ
3561 3965 3791 4039 κέντρου

356 4053 790 4128 quinquaginta
833 4063 1058 4129 septem
1109 4059 1363 4129 partium
1414 4075 1547 4114 cum
1595 4058 1794 4129 aliqua
1838 4057 1980 4112 uniu

2171 4059 2336 4129 οιρῶν
2399 4055 2670 4127 τεσσάρων
2729 4053 2820 4107 καὶ
2878 4049 3006 4108 δέκα
3090 4052 3229 4128 πρὸς
3287 4053 3476 4108 ἑκατὸν
3540 4053 3604 4108 οὐ
3673 4056 3794 4110 κατ’

359 4142 544 4212 partis
602 4143 993 4214 portiuncula.
1053 4147 1199 4202 Cum
1253 4152 1448 4203 autem
1499 4148 1780 4203 diameter
1836 4147 1976 4217 dupl

799 4145 993 4202 ncula.
1053 4147 1199 4202 Cum
1253 4152 1448 4203 autem
1499 4148 1780 4203 diameter
1836 4147 2017 4217 dupla
2123 4138 2417 4218 ἀκρίϐειαν.

357 4231 434 4286 sit
483 4231 644 4288 illius
693 4232 905 4306 [lineae]
940 4252 1067 4306 quae
1113 4253 1183 4292 ex
1226 4241 1424 4292 centro
1481 4237 1787 4308 [ducitur],
1819 4241 2055 4293 centum
2111 4237 2170 4290 et
2226 4233 2628 4306 quatordecim
2685 4231 2946 4304 partium
2976 4230 3130 4304 [erit]
3183 4231 3554 4289 accnratione
3612 4249 3787 4306 sepo-

359 4319 491 4376 sita.

426 4412 518 4464 27.
555 4410 728 4467 Porro
759 4414 996 4484 sphaera:
1029 4431 1156 4485 quae
1197 4416 1402 4487 primae
1432 4419 1490 4471 et
1537 4431 1734 4471 revera
1764 4416 2019 4470 inerran-

2196 4410 2293 4478 κζ’.
2350 4409 2416 4464 Αἱ
2476 4409 2522 4462 δ’
2579 4407 2993 4487 ἀντιφερόμεναι
3052 4412 3272 4486 σφαῖραι
3323 4408 3394 4484 τῇ
3452 4409 3647 4486 πρώτῃ
3695 4409 3788 4465 καὶ

357 4497 403 4552 ti
434 4498 492 4553 in
522 4500 830 4556 adversum
855 4507 1181 4574 vertuntur,
1199 4505 1268 4559 ad
1304 4504 1664 4559 contrarium
1692 4503 1982 4575 impulsum

2160 4520 2300 4560 ντως
2352 4497 2584 4554 ἀπλανεῖ
2637 4499 2774 4572 πρὸς
2829 4497 3135 4566 ἀντώθησιν
3197 4495 3453 4572 λέγονται
3511 4497 3785 4574 γεγονέναι

359 4587 680 4645 celerrimae
721 4589 894 4646 istius
927 4593 1349 4660 conversionis,
1385 4597 1442 4648 et
1489 4597 1665 4648 tantae
1695 4592 1979 4647 velocitati

2160 4594 2225 4657 ἧς
2285 4587 2542 4659 ὀξυτάτης
2603 4592 2772 4664 φορᾶς
2831 4584 3185 4655 ἐκείνης,καὶ
3240 4593 3340 4656 τῆς
3383 4585 3469 4641 ἐπὶ
3525 4592 3785 4644 τοσοῦτον

357 4676 416 4732 in
450 4694 624 4734 cursu
681 4679 1106 4750 repressionem
1165 4682 1330 4738 iactas
1381 4699 1508 4738 esse
1557 4682 1835 4737 dicuntur
1890 4698 1902 4736 :
1952 4697 1982 4734 u

2164 4674 2504 4752 αχυδρομίας
2569 4672 2898 4746 ἀναστολήν,
2955 4672 3028 4729 ’ἶν’
3087 4674 3324 4731 ἐντεῦθεν
3403 4676 3494 4730 καὶ
3575 4681 3789 4754 φυσικῷ

349 4765 489 4822 hinc
523 4769 775 4823 naturali
830 4770 1007 4824 etiam
1043 4771 1267 4826 ratione
1315 4772 1654 4827 universum
1691 4789 1724 4826 a
1755 4770 1974 4842 sapient

2165 4761 2278 4841 όγῳ
2337 4766 2400 4820 τὸ
2455 4770 2561 4819 πᾶν
2627 4763 2920 4839 συνέχηται
2989 4763 3136 4840 παρὰ
3189 4769 3288 4820 τοῖ’)
3351 4769 3523 4843 σοφοῦ
3571 4767 3786 4821 πάντων

351 4857 618 4912 omnium
655 4875 847 4913 rerum
876 4864 932 4913 et
962 4859 1150 4930 ipsius
1178 4865 1398 4915 natura;
1422 4860 1727 4915 conditore
1758 4859 1976 4914 contine

2162 4860 2231 4910 ῶν
2293 4849 2462 4909 ὄντων
2521 4855 2610 4908 καὶ
2671 4852 2838 4922 αὐτῆς
2892 4859 2994 4922 τῆς
3052 4853 3265 4931 φύσεως
3297 4851 3662 4930 δημιουργοῦ,
3694 4855 3787 4911 καὶ

352 4951 670 5016 τοίω-,ξηεο
703 4953 936 5020 propter
975 4965 1270 5004 summam
1305 4953 1499 5004 motus
1534 4949 1888 5004 celeritatem
1919 4948 1976 5001 di

2158 4946 2201 5013 ,ἡ
2264 4941 2352 4998 διὰ
2406 4945 2506 5012 τὴν
2567 4939 2732 5018 ἄκραν
2785 4941 3127 5015 ὀξυκινησίαν
3179 4942 3490 5020 παρασυρῇ,
3530 4950 3634 5013 τῆς
3687 4943 3783 4999 ἆν-

351 5035 756 5105 straheretur;
808 5042 971 5092 motu
1020 5038 1348 5110 [nimirum]
1400 5039 1500 5110 qui
1534 5040 1591 5093 in
1650 5037 1976 5093 contrarqu

2160 5032 2383 5109 ιρῥόπου
2450 5034 2717 5102 κινήσεως
2789 5027 3204 5106 ἀντερειδούσης
3264 5033 3354 5086 καὶ
3441 5031 3785 5108 ἀντεχούσης

352 5123 562 5180 nititur
592 5126 922 5190 resistente,
955 5131 1011 5181 et
1057 5126 1314 5198 impetus
1363 5127 1794 5183 vehementiam
1827 5127 1976 5182 susti

1485 5127 1794 5183 amentiam
1827 5127 2003 5182 susti-
2116 5123 2254 5195 πρὸς
2281 5123 2344 5178 τὸ
2369 5128 2469 5191 τῆς
2504 5120 2686 5198 ῥύμης
2721 5117 3110 5199 σφοδρότατον.

351 5217 547 5270 nente.

419 5303 510 5356 28.
543 5304 683 5374 Ejus
731 5304 912 5377 igitur
959 5305 1202 5377 sphaerae
1238 5322 1368 5376 qua
1411 5305 1585 5362 astris
1625 5305 1870 5378 prmdita
1897 5309 2006 5370 est,

2187 5302 2292 5370 κη’.
2325 5305 2434 5370 Τῆς
2488 5298 2670 5355 τοίνυν
2730 5299 2987 5374 ἐνάπρου
3047 5297 3276 5376 σφαίρας
3333 5299 3424 5354 καὶ
3484 5300 3782 5375 ὁρωμένης

349 5395 406 5445 et
436 5392 716 5457 cernitur,
751 5410 882 5465 quae
931 5394 1118 5464 primo
1169 5398 1225 5448 et
1256 5395 1479 5450 fortiter
1528 5395 1674 5450 297
1732 5393 1876 5449 caelo
1904 5394 1974 5449 ob

2162 5393 2217 5460 ἧς
2248 5393 2482 5465 πρώτως
2512 5388 2601 5444 καὶ
2635 5387 2878 5464 ἰσχυρῶς
2936 5386 3374 5466 ἀντιφερομένης
3427 5391 3508 5460 τῷ
3566 5388 3787 5462 οὐρανῷ

347 5481 610 5549 vertitur,
629 5499 873 5553 quaeque
892 5482 1159 5540 inerrans
1175 5486 1414 5554 putatur
1427 5484 1730 5550 etdicitur,
1752 5500 1885 5539 cum
1912 5488 1972 5538 Ζ(

2158 5479 2205 5534 αὶ
2239 5478 2513 5540 ἀπλανοῦς
2547 5475 2815 5547 δοκούσης
2851 5475 2942 5531 καὶ
2997 5475 3304 5553 λεγομένης
3359 5477 3452 5532 τὸν
3507 5474 3783 5534 Ζωδιακὸν

345 5569 581 5627 diacum
604 5587 708 5643 per
729 5572 983 5643 seipsam
1007 5570 1243 5642 oblique
1277 5572 1628 5644 projectum,
1659 5573 1836 5644 inque
1861 5573 1970 5627 duo

2161 5567 2355 5643 (ούσης
2415 5562 2757 5644 βεϐλημένον
2824 5564 3028 5637 ταύτης
3086 5564 3251 5639 μέσον
3307 5563 3504 5640 λοξῶς,
3559 5566 3637 5631 εἰς
3691 5565 3786 5624 ἴσα

421 5786 469 5826 ι’
497 5785 661 5847 Eucl.
691 5785 796 5847 lib.
827 5803 906 5861 IV,
936 5786 1144 5849 Thsor.
1170 5787 1261 5845 15.
