4114 6422
363 501 520 566 1245

1682 498 2034 566 EPITOME
2075 499 2440 564 PHYSICA.

3613 491 3774 556 1246

361 655 422 691 τε
470 627 788 689 δυοκαίδεκα
831 631 1097 706 τμήματα
1146 629 1493 709 διῃρημένον,
1547 633 1600 688 οἱ
1659 639 1766 688 τῶν
1817 633 2010 707 ἀστρο-

2146 633 2315 690 iecim
2347 633 2591 706 aequalia
2635 635 2936 705 segmenta
2993 629 3269 698 divisum,
3328 629 3585 686 habeat:
3621 627 3772 686 anti-

365 723 550 798 λόγων
589 721 935 800 ἀρχαιότεροι
988 723 1055 776 τὰ
1099 726 1322 777 τοιαῦτα
1371 720 1688 778 δυοκαίδεκα
1751 725 2016 796 τμήματα

365 812 455 869 καὶ
520 810 686 881 ζώδια
731 810 1044 881 καλούμενα
1093 811 1154 864 οὐ
1198 818 1298 879 τῆς
1345 812 1510 881 αὐτῆς
1561 813 1649 867 καὶ
1728 818 1853 884 μιᾶς
1921 813 2017 866 ὑπ-

370 896 566 958 έλαϐον
617 901 754 955 εἶναι
802 899 1063 976 κράσεως,
1096 897 1240 955 ἀλλὰ
1283 897 1519 978 διαφέρει
1572 899 1836 970 ἀλλήλων
1883 898 2019 955 κατά

367 1011 427 1046 τε
484 989 794 1066 θερμότητα
865 989 955 1042 καὶ
1027 989 1370 1064 ψυχρότητα,
1423 989 1557 1044 κατά
1629 1012 1688 1044 τε
1745 990 2019 1066 ξηρότητα

369 1079 458 1134 καί
495 1078 781 1154 ὑγρότητα.

441 1170 540 1225 κθ.
585 1169 759 1224 Τοῦτο
810 1163 868 1222 δὲ
914 1167 1009 1221 κάν
1073 1172 1188 1230 τοῖς
1239 1165 1481 1238 πλάνησι
1527 1170 1878 1238 πεποιήκασι’
1928 1167 2018 1222 καὶ

367 1257 517 1318 τινας
577 1257 670 1328 μὲν
727 1255 901 1310 αὐτῶν
959 1257 1193 1332 θερμοὺς
1254 1257 1408 1326 εἶναι,
1449 1258 1597 1318 τινάς
1657 1255 1713 1311 δὲ
1771 1256 2018 1333 ψυχροὺς

369 1346 458 1399 καὶ
513 1345 662 1406 τινὰς
718 1344 812 1417 μὲν
865 1344 1087 1421 ξηροὺς,
1117 1347 1264 1406 τινας
1313 1343 1370 1400 δὲ
1421 1345 1612 1422 ὑγροῦς
1658 1346 2017 1422 ἀπεφήναντο·

368 1434 458 1490 καὶ
504 1433 711 1495 ἄλλους
760 1431 944 1488 ἄλλων
993 1435 1354 1510 θερμοτέρους
1401 1437 1692 1510 τυγχάνειν
1728 1438 1763 1505 ἢ
1816 1439 2022 1511 ψυχρο-

368 1522 559 1598 τέρους
589 1523 678 1577 καὶ
711 1524 1034 1600 ξηροτέρους
1065 1525 1099 1594 ἢ
1131 1523 1474 1600 ὑγροτέρους.

446 1611 512 1669 λ’.
544 1617 672 1673 Τοῖς
729 1609 820 1666 οὖν
873 1612 1008 1667 ἑπτὰ
1053 1612 1325 1682 πλάνησιν
1380 1613 1455 1676 εἷς
1505 1611 1689 1675 οἷ’κους
1716 1613 1784 1668 τά
1813 1610 2024 1668 δώδεκα

377 1697 546 1770 ζώδια
607 1697 963 1775 διενείμαντο,
1013 1708 1133 1764 ταῖς
1200 1701 1374 1756 αὐτῶν
1441 1699 1676 1772 ἰδιότησι
1747 1700 2024 1772 καταλλή-

375 1788 506 1852 λους
536 1789 661 1852 τοὺς
692 1787 873 1852 οἷδιους
919 1789 1155 1864 θέμενοι.
1189 1791 1282 1846 Διὸ
1311 1796 1390 1864 τῷ
1423 1792 1516 1865 μὲν
1567 1791 1716 1864 ἡλίῳ
1766 1793 1853 1846 οἷα
1901 1793 2021 1867 θερ-

379 1881 600 1953 μοτάτῳ
649 1876 942 1934 δεδώκασιν
995 1879 1144 1935 οἶκον
1185 1881 1273 1935 τὸν
1328 1881 1532 1935 Λέοντα
1575 1881 1637 1935 τὸ
1685 1887 1810 1956 παρ’
1839 1880 2025 1942 αὐτοῖς

374 1967 554 2043 κριθὲν
634 1967 960 2044 θερμότατον
1053 1966 1266 2037 ζώδιον’
1337 1970 1411 2032 ὡς
1489 1970 1757 2046 ὑγροτάτῃ
1827 1967 1885 2024 δὲ
1956 1973 2025 2043 τῇ

375 2055 577 2130 σελήνῃ
605 2056 694 2110 τὸν
746 2062 1008 2132 Καρκῖνον
1062 2055 1256 2125 ζώδιον
1301 2057 1590 2134 ὑγρότατον
1644 2058 1826 2120 αὐτοῖς
1873 2057 2028 2134 λογι-

376 2144 586 2208 σθέντα·
644 2150 761 2207 τοῖς
823 2143 881 2200 δὲ
939 2146 1159 2208 λοιποῖς
1230 2147 1499 2217 πλάνησιν
1555 2148 1652 2202 ἆνά
1709 2145 1804 2202 δύο
1864 2145 2032 2216 ζώδια

377 2230 672 2288 δεδώκασιν
707 2231 889 2296 οἷ’κους
937 2239 1056 2296 ταῖς
1101 2235 1274 2290 αὐτῶν
1326 2233 1592 2307 ἰδιότησιν
1643 2237 1716 2299 ὡς
1763 2235 2026 2292 ὑπέλανον

375 2327 690 2400 προσφνῶς’
745 2322 892 2379 ἀλλὰ
938 2320 1005 2391 δὴ
1055 2325 1144 2378 καὶ
1195 2326 1462 2399 ὑψώματα
1509 2326 1600 2380 καὶ
1643 2327 2032 2400 ταπεινώματα

375 2413 464 2466 καὶ
526 2411 902 2486 ἐναντιώματα
953 2414 1310 2491 προσεξεῦρον
1369 2420 1498 2468 πᾶσι
1559 2420 1676 2477 τοῖς
1735 2414 2026 2486 πλάνησιν.

375 2501 534 2576 Ἔχει
575 2499 755 2554 τοίνυν
805 2502 922 2555 κατ’
969 2501 1217 2564 αὐτοὺςὸ
1249 2501 1412 2571 ἥλιος
1463 2503 1610 2558 οἶκον
1658 2503 1749 2558 τὸν
1800 2504 2027 2576 Λέοντα,

375 2590 440 2645 τὸ
491 2589 823 2666 θερμότατον
882 2587 1078 2659 ζώδιον
1131 2592 1159 2644 6
1213 2591 1568 2666 θερμότατος.
1623 2595 1777 2647 Ὅθεν
1832 2593 1922 2646 καὶ
1968 2593 2032 2648 τὸ

376 2683 624 2734 τοιοῦτον
711 2679 1088 2755 ὑπερχόμενος
1159 2677 1376 2752 ζώδιον,
1439 2678 1580 2754 αὔξει
1655 2683 1754 2750 τήν
1829 2681 2030 2736 οἰκείαν

377 2764 706 2845 θερμότητν
764 2769 854 2822 καὶ
905 2768 1053 2830 οἶκος
1120 2769 1215 2842 μὲν
1265 2767 1430 2839 ἡλίου
1463 2771 1489 2824 ὁ
1531 2771 1702 2825 Λέων·
1753 2771 1956 2844 ὕψωμα
2004 2773 2031 2825 6

377 2857 562 2933 Κριός.
613 2857 932 2930 ταπείνωμα
979 2859 1007 2911 6
1056 2858 1248 2933 Ζυγόςο
1286 2858 1593 2932 ἐναντίωμα
1643 2861 1670 2912 ὁ
1711 2857 2027 2936 Ὑδροχόος.

379 2949 616 3020 Ὕψωμα
665 2947 758 3018 μὲν
809 2948 837 3000 6
870 2947 1053 3022 Κριὸς,
1088 2947 1307 3024 ἐπείπερ
1340 2947 1463 3002 ὅταν
1512 2950 1540 3002 6
1587 2946 1750 3017 ἥλιος
1806 2950 1868 3003 τὸ
1930 2949 2032 3004 ὑπὸ

375 3035 468 3090 τὸν
517 3035 679 3110 Κριὸν
733 3037 971 3111 ἄρχηται
1019 3042 1220 3108 τμῆμα
1285 3035 1616 3113 διέρχεσθαι,
1667 3035 1890 3112 ἄρχεται
1939 3037 2031 3093 καὶ

383 3123 642 3197 ὑψοῦσθαι
705 3128 824 3185 τοῖς
895 3123 1260 3198 ὑψηλοτέροις
1332 3131 1429 3180 τοῦ
1502 3126 1711 3198 κόσμου
1792 3127 2029 3204 μέρεσιν,

381 3208 549 3288 ἤγουν
616 3218 734 3275 τοῖς
816 3212 1202 3290 βορειοτέροις,
1250 3213 1309 3269 ἐκ
1359 3219 1467 3270 τῶν
1530 3215 1865 3293 νοτιωτέρων
1942 3219 2031 3272 καὶ

381 3304 770 3377 ταπεινοτέρων
827 3299 1134 3376 ἐπιδημῶν.
1183 3304 1290 3372 Τήν
1340 3304 1556 3380 ἐαρινὴν
1607 3303 1697 3359 οὖν
1750 3305 2031 3369 ἐκτελέσας

383 3389 692 3466 ἰσημερίαν,
724 3390 818 3453 τὰς
877 3391 1091 3468 ἡμέρας
1153 3391 1369 3465 μείζους
1427 3399 1592 3449 ποιεῖ·
1653 3394 2032 3468 ταπείνωμαὸ
2065 3383 2107 3448 C

379 3478 570 3554 Ζυγὸς,
618 3477 700 3534 δτι
760 3481 822 3534 τὸ
887 3480 990 3535 ὑπὸ
1040 3481 1132 3535 τὸν
1188 3482 1358 3556 Ζυγὸν
1416 3482 1726 3559 ἀρχόμενος
1783 3484 1811 3538 ὁ
1869 3483 2031 3553 ἥλιος

377 3575 576 3642 τμῆμα
654 3567 988 3646 διέρχεσθαι,
1038 3576 1408 3645 ταπεινοῦται,
1469 3577 1587 3635 τοῖς
1655 3573 1866 3646 κόσμου
1939 3594 2033 3628 τα-

379 3659 716 3734 πεινοτέροις
771 3659 1008 3735 μέρεσιν,
1055 3657 1224 3736 ἤγουν
1270 3661 1366 3723 τὰς
1396 3661 1759 3739 νοτιωτέροις,
1792 3660 2029 3733 πλησιά-

383 3751 509 3818 ζων,
574 3746 666 3801 καὶ
749 3748 848 3815 τήν
933 3749 1336 3825 φθινοπωρινὴν
1425 3753 1662 3821 ποιήσας
1745 3751 2030 3827 ἰσημερίαν

381 3834 640 3898 ἐλάττους
740 3835 1020 3911 ἐργάζεται
1107 3839 1203 3900 τὰς
1294 3840 1526 3914 ἡμέρας·
1617 3839 1924 3914 ἐναντίωμα
2005 3842 2033 3895 6

375 3921 692 4001 Ὑδροχόος,
725 3925 808 3980 ὅτι
841 3927 1304 4002 χειμερινώτατον
1355 3929 1418 3983 τὸ
1451 3927 1646 3998 ζώδιον
1679 3929 1768 3984 καὶ
1818 3929 2030 4006 ψυχρό-

377 4033 560 4086 τατον,
591 4014 680 4068 καὶ
739 4014 1028 4070 ἀντίκειται
1085 4020 1165 4088 τῷ
1222 4018 1540 4094 θερμοτάτῳ
1595 4017 1760 4090 ἡλίῳ·
1810 4019 1898 4073 καὶ
1955 4024 2035 4091 τῷ

381 4103 572 4158 Λέοντι
632 4100 690 4158 δὲ
744 4108 824 4175 τῷ
879 4109 975 4158 τοῦ
1033 4102 1200 4174 ἡλίου
1258 4104 1395 4179 οἷ’κῳ
1455 4106 1544 4161 καὶ
1574 4107 1711 4161 κατὰ
1764 4107 2034 4179 ποιότητα

379 4192 470 4247 καὶ
497 4194 635 4247 κατὰ
659 4192 824 4247 τόπον
856 4192 1143 4248 ἀντίκειται
1173 4195 1311 4250 κατᾶ
1339 4193 1627 4272 διάμετρον
1665 4195 1758 4252 ὤν.

2123 725 2354 796 quiores
2412 741 2479 780 ex
2536 723 2845 796 astrologis
2903 722 3238 778 istiusmodi
3297 725 3601 793 segmenta
3646 737 3770 792 qua

2126 813 2300 867 etiam
2335 813 2503 884 signa
2534 818 2833 878 vocantur,
2869 829 2983 867 non
3018 811 3193 866 unius
3224 814 3280 866 et
3335 810 3600 880 ejusdem
3630 813 3775 863 tem-

2128 903 2447 974 peramenti
2481 919 2608 957 esse
2642 905 3013 973 putaverunt,
3048 902 3148 956 sed
3181 919 3213 954 a
3244 915 3305 954 se
3359 897 3604 953 invicem
3637 915 3772 952 cum

2126 995 2314 1061 quoad
2335 993 2692 1048 caliditatem
2726 996 2778 1046 et
2812 990 3348 1062 frigiditatem,tum
3380 988 3571 1059 quoad
3606 985 3772 1044 sicci-

2126 1086 2303 1136 tatem
2339 1086 2394 1135 et
2425 1081 2835 1135 humiditatem
2868 1080 3144 1134 differunt
3171 1079 3235 1133 ⁸ο.

2197 1172 2286 1224 29.
2325 1171 2482 1225 Idem
2516 1187 2648 1225 vero
2674 1171 2848 1225 etiam
2881 1169 2940 1224 in
2976 1168 3224 1240 planetis
3258 1167 3613 1223 fecerunt.Et
3644 1181 3776 1238 par—

2127 1261 2234 1314 tim
2265 1259 2497 1330 quidem
2531 1258 2759 1330 aliquos
2789 1257 3030 1320 calidos,
3067 1257 3294 1327 aliquos
3329 1256 3606 1327 frigidos;
3643 1271 3775 1325 par-

2130 1349 2235 1403 tim
2267 1365 2398 1404 vero
2433 1348 2655 1417 aliquos
2686 1347 3130 1418 siccos,aliquos
3162 1345 3436 1400 humidos
3465 1366 3480 1412 ;
3515 1344 3778 1415 aliosque

2131 1437 2262 1494 aliis
2293 1436 2598 1492 calidiores
2629 1441 2730 1490 aut
2760 1436 3107 1507 frigidiores,
3143 1440 3200 1491 et
3229 1433 3503 1490 sicciores
3535 1438 3637 1488 aut
3667 1433 3777 1488 hu-

2133 1527 2410 1582 midiores
2441 1543 2569 1581 esse
2600 1524 3072 1597 pronuntiarunt.

2203 1616 2292 1670 30.
2327 1616 2480 1670 Inter
2536 1616 2577 1650 ⁸¹
2634 1619 2854 1686 septem
2889 1613 3130 1685 proinde
3162 1611 3425 1684 planetas
3467 1608 3780 1666 duodecim

2134 1705 2302 1777 signa
2361 1722 2461 1776 pro
2519 1703 2794 1759 domibus
2834 1703 3279 1773 distribuerunt,
3322 1702 3464 1756 dum
3515 1701 3779 1772 ipsorum

2134 1794 2591 1867 proprietatibus
2649 1793 3056 1848 convenientes
3123 1793 3328 1846 domos
3381 1789 3780 1862 assignarunt.

2135 1886 2499 1956 Quapropter
2554 1883 2662 1938 soli
2720 1883 2955 1953 quidem
3015 1885 3215 1953 utpote
3245 1879 3608 1935 calidissimo
3665 1876 3784 1932 leo-

2138 1991 2269 2030 nem
2301 1990 2404 2044 pro
2439 1975 2604 2044 signo
2636 1971 3050 2038 attribuerunt,
3093 1969 3246 2040 quod
3278 1969 3432 2040 apud
3461 1969 3623 2040 ipsos
3654 1965 3790 2022 cali-

2141 2062 2455 2118 dissimum
2487 2061 2722 2133 signum
2741 2059 3074 2132 judicatum
3097 2058 3412 2113 fuit.Lunze
3433 2073 3565 2112 vero
3598 2059 3664 2110 ut
3685 2055 3789 2110 hu-

2143 2149 2978 2220 midissimaa,Cancrum,quod
2995 2148 3064 2202 ab
3080 2147 3224 2220 ipsis
3247 2164 3348 2218 pro
3371 2145 3788 2202 humidissimo

2141 2241 2308 2312 signo
2341 2244 2677 2312 reputatum
2712 2239 2857 2300 fuit;
2901 2243 2962 2292 at
2991 2236 3212 2292 caeteris
3243 2235 3492 2308 planetis
3523 2235 3638 2289 duo
3670 2232 3787 2303 sig—

2141 2347 2217 2385 na
2247 2347 2348 2401 pro
2379 2329 2653 2384 domibus
2709 2327 3106 2399 assignarunt,
3164 2343 3291 2396 quze
3331 2341 3463 2379 cum
3523 2323 3785 2394 ipsorum

2142 2418 2595 2490 proprietatibus
2624 2415 3017 2488 cognitionem
3051 2415 3266 2470 habere
3305 2411 3567 2468 arbitrati
3601 2415 3740 2467 sunt
3773 2427 3788 2467 :

2142 2509 2242 2564 sed
2275 2507 2371 2578 qui
2413 2509 2587 2562 etiam
2621 2505 2999 2561 exultationes
3031 2503 3182 2560 298
3219 2507 3276 2558 et
3306 2501 3720 2572 dejectationes
3748 2500 3794 2536 ⁸ο

2141 2601 2198 2651 et
2251 2597 2632 2652 adversitates
2689 2593 2965 2650 omnibus
3036 2593 3286 2664 planetis
3343 2591 3789 2646 adinvenerunt.

2142 2686 2330 2750 Quare
2361 2685 2681 2739 secundum
2717 2683 2848 2737 illos
2879 2683 2966 2737 sol
3007 2682 3066 2736 in
3101 2682 3285 2736 Leone
3317 2681 3560 2735 domum
3592 2678 3790 2747 habet,

2142 2773 2540 2830 calidissimus
2575 2771 2880 2844 [nimirum
2914 2769 3165 2843 planeta]
3214 2769 3274 2823 in
3307 2769 3473 2841 signo
3502 2766 3794 2823 calidissi-

2143 2881 2258 2918 mo.
2294 2863 2418 2926 Qua
2476 2861 2653 2918 etiam
2699 2862 2770 2916 de
2803 2877 2982 2915 causa
3035 2875 3170 2914 cum
3203 2858 3310 2914 hoc
3343 2857 3578 2930 signum
3612 2856 3793 2923 subit,

2143 2952 2446 3025 proprium
2505 2950 2754 3006 calorem
2806 2949 3074 3004 intendit.
3133 2949 3199 3003 Et
3228 2952 3318 3003 est
3374 2946 3516 3002 solis
3557 2945 3794 3016 quidem

2143 3041 2356 3097 domus
2387 3040 2535 3109 Leo;
2571 3037 2863 3105 exultatio,
2899 3038 3104 3105 Aries;
3151 3036 3419 3107 dejectio,
3454 3034 3664 3100 Libra;
3699 3034 3798 3089 ad-

2142 3131 2407 3196 versitas,
2441 3129 2749 3200 Aquarius.
2784 3126 3071 3182 Exaltatio
3105 3127 3342 3198 quidem
3376 3124 3575 3192 Aries;
3609 3139 3789 3195 quan-

2143 3219 2455 3290 doquidem
2487 3234 2619 3273 cum
2653 3217 2739 3272 sol
2769 3216 2828 3271 id
2861 3221 3230 3288 segmentum
3265 3213 3416 3285 quod
3451 3213 3562 3269 sub
3596 3212 3793 3267 Ariete

2143 3313 2255 3377 est,
2288 3324 2634 3379 peragrasse
2665 3305 2892 3377 incipit,
2924 3310 3053 3360 tum
3085 3304 3262 3360 etiam
3295 3301 3534 3359 exaltari
3565 3301 3788 3372 incipit:

2145 3401 2210 3453 ut
2236 3397 2333 3469 qui
2364 3397 2435 3452 ad
2470 3396 2706 3452 altiores
2739 3393 2942 3450 mundi
2977 3397 3194 3466 partes,
3225 3393 3495 3448 videlicet
3525 3391 3596 3446 ad
3629 3390 3792 3445 bore-

2146 3486 2380 3552 aliores,
2410 3503 2478 3541 ex
2507 3483 2959 3540 australioribus
3014 3489 3070 3538 et
3100 3481 3515 3538 humilioribus
3537 3480 3794 3547 accedat,

2143 3576 2316 3631 Proin
2348 3573 2568 3630 vernali
2626 3573 2972 3645 aequinoctio
3005 3578 3258 3644 perlecto
3291 3572 3546 3642 majores
3588 3568 3793 3641 [longi-

2143 3681 2272 3721 ores
2305 3665 2452 3734 [dies
2491 3662 2688 3719 efficit.
2725 3662 2992 3733 Dejectio,
3057 3661 3232 3717 Libra
3263 3679 3276 3729 ;
3309 3660 3461 3730 quod
3519 3657 3602 3714 sol
3649 3657 3791 3712 illud

2144 3758 2515 3826 segmentum
2546 3753 2698 3824 quod
2733 3751 2843 3807 sub
2875 3750 3048 3805 Libra
3105 3755 3194 3806 est
3239 3764 3536 3820 permeare
3580 3745 3793 3818 incipi-

2144 3860 2270 3911 ens,
2303 3841 2611 3913 dejiciatur
2637 3839 3049 3910 [humilietur],
3097 3843 3163 3894 ut
3192 3838 3345 3909 quod
3379 3834 3794 3907 dejectioribus

2144 3930 2604 4005 [humilioribus]
2654 3929 2858 3982 mundi
2917 3927 3186 3998 partibus
3224 3925 3672 3981 australioribus
3704 3921 3792 3976 ni-

2145 4021 2360 4076 mirum
2393 4017 2838 4090 appr0pinquet,
2897 4021 2953 4071 et
3001 4015 3327 4071 autumnali
3360 4017 3591 4085 peracto
3622 4011 3796 4083 aequi-

2143 4110 2357 4178 noctio,
2393 4108 2650 4162 minores
2681 4106 3019 4177 [breviores]
3069 4105 3192 4160 dies
3250 4103 3537 4160 conﬁciat.
3579 4102 3793 4156 Adver-

2143 4199 2309 4266 sitas,
2361 4196 2651 4268 Aquarius
2684 4211 2696 4251 :
2734 4195 2887 4266 quod
2921 4195 3159 4266 signum
3192 4193 3271 4249 sit
3319 4191 3573 4248 maxime
3599 4190 3795 4245 biber-

383 4299 530 4338 num
561 4288 617 4338 et
645 4288 703 4340 et
732 4283 1208 4356 frigidissimum,
1239 4290 1299 4341 et
1342 4285 1700 4344 calidissimo
1730 4287 1839 4343 soli
1869 4292 2217 4360 opponatur.
2251 4287 2361 4343 Sed
2393 4291 2447 4342 et
2502 4285 2676 4340 Leoni
2709 4283 2851 4340 solis
2882 4283 3082 4339 domui
3114 4299 3248 4338 cum
3297 4281 3618 4338 secundum
3650 4295 3794 4350 qua-

385 4371 614 4428 litatem
644 4377 772 4428 tum
804 4373 1129 4429 secundum
1158 4374 1353 4430 locum
1385 4377 1717 4447 opponitur,
1749 4393 1883 4432 cum
1911 4377 2089 4433 distet
2117 4394 2221 4450 per
2249 4377 2623 4432 diametrum.

457 4458 558 4514 λα’.
590 4465 685 4515 Ἐκ
713 4461 917 4516 τούτων
950 4457 1121 4530 δῆλον
1157 4459 1247 4516 διὰ
1275 4462 1326 4517 τί
1356 4463 1452 4518 κάν
1481 4468 1596 4526 τοῖς
1646 4461 1842 4526 ἄλλοις
1889 4463 2037 4519 πλά-

384 4568 539 4618 νησιν
612 4548 752 4604 οἶκοι
830 4549 922 4604 καὶ
985 4549 1254 4625 ὑψώματα
1325 4551 1415 4606 καί
1488 4553 1876 4625 ταπεινώματα
1946 4553 2037 4607 καὶ

386 4635 759 4706 ἐναντιώματα
808 4638 1078 4714 λέγονται.
1129 4639 1284 4697 Οἶκοι
1357 4641 1450 4714 μὲν
1515 4641 1618 4716 γὰρ
1667 4639 1756 4696 διὰ
1799 4642 1898 4710 τὴν
1955 4642 2036 4696 οἱ-

385 4725 643 4797 κειότητα
665 4727 756 4782 καὶ
783 4727 848 4782 τὸ
877 4729 1149 4806 προσφυὲς
1196 4729 1286 4784 καὶ
1335 4727 1713 4801 κατάλληλονο
1748 4731 2035 4804 ὑψώματα,

387 4811 528 4870 διότι
577 4814 812 4872 ἐντεῦθεν
865 4817 919 4872 οἱ
965 4814 1239 4887 πλάνητες
1305 4817 1567 4895 ἄρχονται
1632 4819 1770 4897 πρὸς
1817 4819 1884 4874 τὰ
1935 4819 2039 4874 ὑπὸ

2219 4468 2308 4522 31.
2344 4471 2422 4520 Ex
2452 4465 2546 4520 his
2577 4463 2955 4519 manifestum
3012 4461 3164 4518 299
3223 4465 3333 4530 est,
3375 4477 3479 4515 cur
3521 4458 3696 4514 etiam
3728 4456 3799 4512 de

2149 4555 2280 4611 aliis
2311 4554 2561 4627 planetis
2592 4553 2804 4608 domus
2833 4557 2890 4608 et
2940 4551 3319 4608 exaltationes
3351 4553 3408 4606 et
3449 4547 3800 4620 dejectiones

2149 4649 2206 4700 et
2263 4642 2642 4698 adversitates
2673 4641 2965 4705 dicantur,
3000 4645 3218 4694 Domus
3274 4638 3509 4709 quidem
3564 4639 3800 4708 prepter

2150 4733 2496 4789 afﬁnitatem
2531 4735 2588 4785 et
2627 4730 3018 4801 cognitionem
3051 4745 3117 4784 ac
3169 4725 3654 4784 convenientiam.
3688 4725 3798 4780 Ex-

2150 4821 2480 4885 altationes,
2512 4819 2664 4890 quod
2701 4819 2833 4874 hinc
2867 4817 3110 4890 planetae
3169 4816 3461 4889 incipiunt
3498 4816 3569 4870 ad
3602 4817 3800 4869 borea-

383 4904 478 4960 τὸν
539 4903 802 4974 ζωδιακὸν
883 4905 1198 4983 βορειότερα
1253 4907 1492 4982 γίνεσθαι
1551 4910 1614 4963 τὸ
1674 4909 1833 4982 μέσον
1876 4907 2030 4964 αὐτοῦ

2149 4909 2324 4966 liores
2355 4910 2464 4964 sub
2498 4907 2732 4963 zodiaco
2766 4912 2961 4978 partes
2990 4907 3204 4972 venire,
3259 4907 3401 4961 dum
3459 4903 3648 4977 ipsius
3680 4919 3800 4957 me-

387 4989 840 5071 παραμείϐοντεςο
913 4996 1320 5070 ταπεινώματα,
1383 4993 1520 5052 διότι
1599 4997 1738 5073 πρὸς
1811 4997 1874 5051 τὸ
1945 5001 2044 5052 τοῦ

386 5079 666 5139 Ζωδιακοῦ
731 5077 911 5138 νότιον
993 5080 1138 5140 ἔνθεν
1207 5086 1466 5163 ἄρχονται
1535 5085 1910 5165 ὑποφέρεσθαι,
1980 5088 2043 5142 τὸ

384 5176 485 5228 τοῦ
560 5169 832 5241 ζωδιακοῦ
876 5173 1036 5246 μέσον
1122 5175 1213 5229 καὶ
1291 5175 1440 5238 αὖθις
1529 5174 2040 5246 ὑπεξαλλάττοντες·

387 5260 786 5335 ἐναντιώματα,
822 5259 962 5317 διότι
991 5269 1093 5333 τῆς
1148 5268 1257 5318 τῶν
1301 5265 1536 5341 ἀστέρων
1583 5262 1857 5336 ἰδιότητος
1901 5263 2046 5320 ἀντί-

387 5351 529 5405 θεσιν
589 5351 737 5428 φέρει
781 5350 846 5405 τὸ
895 5350 1203 5426 ἐναντίωμα
1246 5359 1348 5422 τῆς
1402 5353 1701 5430 ξηρότητος
1752 5354 1814 5408 τὸ
1862 5352 2044 5429 ὑγρόν⁹

385 5442 485 5509 τῆς
533 5439 872 5516 θερμότητος
915 5439 980 5494 τὸ
1029 5440 1263 5516 ψυχρόν·
1305 5443 1369 5496 τὸ
1420 5437 1766 5519 ὑπερϐάλλον
1792 5447 1888 5497 τοῦ
1952 5462 2046 5516 με-

385 5529 562 5604 τρίου·
592 5528 771 5584 καὶτὸ
805 5527 1022 5607 μέτριον
1054 5533 1153 5585 τοῦ
1184 5525 1648 5605 ὑπερϐάλλοντος.

461 5673 708 5748 σιξ-Ριοι.
747 5673 860 5748 _lib.
897 5689 939 5748 _1
997 5673 1069 5729 de
1102 5673 1392 5748 _Judiciis,
1452 5691 1510 5748 p.
1569 5675 1696 5748 383,
1754 5677 1812 5731 et
1863 5674 2011 5748 Jov.,
2053 5674 2290 5748 Pontl.
2322 5692 2389 5748 11,
2419 5673 2491 5748 de
2519 5690 2676 5748 r._c.,

2157 4999 2319 5053 dium
2354 4996 2914 5069 praetergrediuntur
2945 5011 2958 5050 :
2987 4995 3362 5066 dejectiones,
3416 4993 3567 5065 quod
3602 4993 3672 5048 ad
3704 5008 3804 5046 au-

2157 5086 2394 5143 stralem
2425 5084 2643 5140 zodiaci
2676 5089 2898 5156 partem
2933 5083 3068 5139 inde
3118 5083 3451 5139 submoveri
3490 5081 3802 5153 incipiunt,

2155 5177 2295 5232 dum
2331 5191 2537 5230 rursus
2570 5173 2755 5245 ipsius
2775 5172 3026 5228 mediam
3054 5178 3277 5245 partem
3302 5173 3528 5227 inferne
3549 5187 3808 5226 commu-

2156 5269 2318 5332 tant;
2352 5262 2752 5326 adversitates,
2783 5261 2919 5332 quia
2949 5261 3252 5316 stellarum
3297 5259 3668 5333 proprietatis
3702 5276 3807 5331 0p-

2156 5355 2507 5427 positionem
2538 5351 2715 5406 infert
2743 5351 3066 5406 adversitas
3093 5367 3106 5417 ;
3131 5350 3434 5419 siccitatis,
3467 5349 3804 5417 humidum;

2156 5441 2512 5509 calliditatis,
2547 5439 2827 5511 frigidum
2850 5455 2871 5500 ;
2901 5438 3186 5494 excedens
3227 5438 3513 5494 moderati
3548 5454 3560 5493 :
3593 5442 3652 5494 et
3689 5453 3809 5493 mo-

2157 5533 2425 5589 deratum
2458 5529 2807 5586 excedentis.

2711 5689 2765 5745 p.
2802 5673 2922 5728 140.
3001 5673 3044 5745 δξ
3074 5673 3223 5730 Ptot.
3257 5671 3357 5728 lib.
3412 5691 3431 5728 1
3463 5673 3532 5728 de
3560 5669 3808 5728 Judiciis

434 5745 709 5821 1‘38‘8_,A_et
737 5745 864 5803 Jov.
897 5745 1062 5802 Pont.
1096 5745 1137 5801 l.
1169 5763 1189 5802 1
1219 5747 1291 5803 de
1321 5743 1481 5818 r.'c.‘,
1513 5764 1572 5821 p.
1597 5747 1693 5804 10l
1731 5752 1842 5804 etc.
1917 5747 1964 5784 ³³
1994 5745 2140 5804 Ptol.
2170 5746 2275 5803 lib.
2309 5765 2328 5802 1
2359 5747 2431 5803 de
2457 5743 2730 5814 Judiciis,
2762 5749 2822 5802 et
2857 5745 2984 5802 Jov.
3023 5744 3190 5802 Pont.
3225 5745 3328 5801 lib.
3387 5761 3403 5799 ι
3430 5745 3502 5802 de
3530 5760 3581 5800 r.
3611 5760 3686 5816 c.,
3743 5759 3803 5818 p.

423 5817 514 5887 06,
546 5815 672 5874 107.
