4114 6450
280 458 440 523 124⁸7

279 686 455 740 habet
482 685 543 741 in
576 687 764 742 Leone
792 705 804 753 ;
837 686 981 742 luna
1011 687 1232 752 vero,in
1267 687 1389 744 solo
1420 687 1638 742 Cancro
1673 703 1684 741 :
1720 684 1928 756 quoni-

279 791 374 831 am
403 774 499 830 ille
528 775 762 846 quidem
791 777 1219 847 supramodum
1248 777 1495 843 calidus,
1548 776 1666 830 haec
1702 791 1802 846 per
1832 791 1928 828 ex-

277 880 508 919 cessum
541 864 617 918 sit
647 864 911 930 humida,
945 871 1012 920 ut
1040 864 1181 920 solis
1211 865 1371 920 hisce
1398 864 1781 936 qualitatibus
1814 865 1928 919 duo

277 951 392 1008 ista
420 952 736 1008 luminaria
762 954 1153 1009 informentur
1194 959 1252 1009 et
1282 954 1746 1026 distinguantur.

344 1150 512 1204 33.At
544 1148 912 1218 planetarum
945 1149 1276 1205 altissimus
1307 1151 1722 1222 Saturnus,qui
1752 1154 1928 1208 etiam

274 1237 699 1310 frigidissimus
728 1242 784 1292 et
813 1239 957 1294 satis
984 1239 1176 1294 siccus
1199 1241 1462 1306 est,duas
1494 1241 1670 1296 habet
1701 1243 1927 1310 domos,

271 1327 692 1398 Capricornum
723 1331 780 1382 et
809 1327 1128 1398 Aquarium
1163 1345 1174 1382 :
1211 1328 1378 1384 illum
1410 1329 1646 1400 quidem
1671 1335 1735 1385 ut
1762 1331 1928 1385 sicci-

272 1414 413 1471 tatis
465 1415 831 1487 participem,
890 1417 1046 1471 hunc
1097 1421 1160 1472 ut
1217 1419 1538 1474 maximum
1594 1419 1926 1491 frigidum;

271 1504 940 1572 exaltationem,Libram
969 1527 982 1569 ς
1019 1507 1421 1578 dejectionem,
1456 1510 1611 1564 300
1643 1510 1923 1564 Arietem:

272 1592 676 1660 adversitates,
713 1595 988 1661 Leonem,
1045 1601 1245 1668 utpote
1294 1597 1580 1668 frigidus;
1614 1597 1925 1662 Cancrum,

273 1686 479 1753 utpote
525 1683 738 1738 siccus.
772 1683 1021 1755 Jupiter,
1056 1701 1190 1739 cum
1237 1685 1480 1740 remisse
1511 1686 1586 1740 sit
1620 1685 1843 1740 calidus
1873 1689 1931 1740 et

271 1770 641 1827 mediocriter
669 1771 973 1843 humidus,
997 1774 1203 1829 domos
1232 1773 1409 1829 habet
1459 1774 1840 1845 Sagittarium
1873 1779 1930 1829 et

273 1859 464 1916 Pisces
494 1877 507 1916 :
551 1860 723 1916 Illum
755 1861 994 1932 quidem
1026 1866 1090 1917 ut
1111 1863 1304 1935 exigui
1330 1863 1561 1927 caloris,
1591 1864 1699 1920 hos
1728 1869 1929 1918 autem

1528 457 1957 526 NICEPHORI
2000 458 2444 525 BLEMMIDE

347 594 542 652 32.801
574 595 818 668 proinde
846 595 1082 668 quidem
1113 595 1348 653 unicam
1381 599 1438 654 et
1464 597 1648 653 solam
1679 597 1919 651 domum
1951 595 2006 661 Α

3541 461 3711 529 1248

2249 598 2303 646 '0
2366 593 2461 666 μὶν
2521 589 2611 648 οὖν
2668 589 2830 662 ἥλιος
2890 591 3038 648 οἶκον
3093 588 3188 648 ἕνα
3243 592 3335 649 καὶ
3381 593 3545 668 μόνον
3578 595 3702 675 ἔχει

2036 683 2128 737 τὸν
2188 683 2407 738 Λέοντα·
2466 683 2558 738 καὶ
2613 686 2649 753 ἡ
2680 682 2880 753 σελήνη
2943 680 3000 738 δὲ
3053 686 3145 738 τὸν
3203 690 3470 760 Καρκῖνον
3515 690 3700 760 μονώ-

2035 792 2216 828 τατον·
2256 773 2368 828 ἐπεὶ
2424 778 2500 844 τῷ
2555 773 2647 845 μὲν
2728 774 3180 847 ὑπερεκπερισσοῦ
3232 775 3296 829 τὸ
3348 778 3574 851 θερμὸν,
3630 779 3706 850 τῇ

2040 859 2097 916 δὲ
2144 865 2262 916 καθ’
2311 858 2621 939 ὑπερϐολὴν
2669 863 2732 916 τὸ
2782 863 2967 937 ὑγρὸν,
3020 862 3095 924 ὡς
3142 863 3278 918 κατὰ
3337 864 3540 928 ταύτας
3595 867 3696 940 μό-

2037 971 2129 1013 νας
2203 951 2298 1013 τὰς
2371 950 2668 1021 ποιότητας
2739 950 2866 1012 τοὺς
2941 949 3223 1013 τοιούτους
3300 950 3694 1019 εἷδοποιεῖσθαι

2040 1047 2355 1118 φωστῆρας.

2113 1145 2217 1221 λγ’.
2249 1150 2363 1199 Τῶν
2410 1143 2468 1200 δὲ
2514 1145 2807 1216 πλανήτων
2860 1146 2887 1199 ὁ
2938 1143 3278 1223 ὑψηλότερος
3311 1147 3519 1224 Κρόνος
3552 1151 3579 1204 ὁ
3603 1149 3695 1205 καὶ

2040 1235 2386 1310 ψυχρότατος
2435 1234 2524 1289 καὶ
2573 1234 2734 1309 ξηρὸς
2781 1236 2980 1296 ἱκανῶς
3034 1231 3219 1297 οἶεςους
3268 1235 3386 1312 ἔχει
3437 1236 3570 1310 δύω,
3602 1240 3695 1294 τὸν

2037 1324 2351 1400 Αἷγόκερων
2402 1323 2491 1378 καὶ
2537 1325 2628 1378 τὸν
2662 1322 2979 1400 Ὑδροχόον·
3024 1324 3115 1378 τὸν
3169 1325 3262 1396 μὲν
3294 1327 3368 1388 ὡς
3395 1327 3698 1403 ξηρότητος

2045 1414 2310 1489 μέτοχον,
2338 1413 2429 1467 τὸν
2483 1409 2529 1467 δ’
2577 1413 2653 1474 ὡς
2702 1413 3072 1488 ὑπέρψυχρον·
3107 1411 3314 1486 ὕψωμα
3355 1416 3446 1469 τὸν
3496 1415 3691 1490 Ζυγόν·

2036 1501 2352 1574 ταπείνωμα
2419 1502 2511 1556 τὸν
2591 1501 2771 1574 Κριόν·
2853 1501 3227 1576 ἐναντιώματα
3308 1504 3396 1558 τὸν
3490 1504 3695 1560 Λέοντα

2038 1594 2126 1646 οἷα
2173 1590 2404 1667 ψυχρός·
2448 1589 2541 1646 τὸν
2606 1595 2865 1667 Καρκῖνον
2914 1592 3001 1645 οἵα
3042 1589 3226 1665 ξηρός.
3283 1593 3340 1645 '0
3386 1591 3510 1654 Ζεὺς
3566 1604 3690 1668 θερ-

2041 1680 2142 1752 μὸς
2202 1679 2273 1734 ὢν
2328 1681 2510 1756 ἠρέμα
2566 1681 2655 1735 καὶ
2708 1679 2941 1754 μετρίως
2976 1678 3159 1756 ὑγρὸς,
3191 1677 3376 1742 οἷ’κους
3422 1679 3538 1756 ἔχει
3597 1681 3692 1737 τὸν

2036 1770 2270 1840 Τοξότην
2342 1769 2433 1825 καὶ
2512 1769 2639 1831 τοὺς
2699 1767 2932 1845 Ἰχθύας·
2991 1769 3083 1824 τὸν
3169 1769 3282 1841 μὲν,
3342 1771 3417 1832 ὡς
3499 1776 3699 1845 μικρᾶς

2039 1859 2394 1933 θερμότητος,
2426 1857 2552 1920 τοὺς
2583 1855 2629 1911 δ’
2661 1858 2735 1920 ὡς
2770 1856 2963 1933 ὀλίγης
3013 1857 3310 1933 ὑγρότητος
3358 1857 3410 1912 ἐν
3461 1863 3699 1934 μετοχῇ.

275 1953 341 2005 ut
382 1950 552 2021 pauci
587 1949 855 2006 humoris
917 1952 1272 2023 participes;
1306 1951 1739 2008 exaltationem.
1787 1952 1922 2009 Can-

2038 1950 2274 2020 Ὕψωμα
2325 1947 2416 2001 τὸν
2477 1952 2766 2023 Καρκῖνον·
2826 1945 3147 2019 ταπείνωμα
3199 1947 3289 2001 τὸν
3354 1947 3695 2022 Δῖγόκερων·

269 2055 513 2107 eruum;
547 2039 953 2110 dejectionem,
995 2041 1412 2112 Capricornum
1449 2059 1461 2110 ;
1519 2042 1921 2109 adversitales,

271 2127 548 2183 Geminos
568 2133 623 2184 et
652 2127 1210 2201 Virginem,Etenim
1234 2129 1522 2186 australes
1541 2130 1921 2186 Geminorum

270 2221 467 2289 partes
509 2222 768 2274 aestuosa
799 2222 850 2274 et
901 2218 1067 2274 siccae
1100 2224 1239 2274 sunt
1272 2237 1284 2273 :
1319 2224 1378 2274 at
1406 2220 1666 2292 Virginis
1721 2220 1924 2276 humi-

268 2306 420 2362 ditas
453 2305 916 2364 mediocritatem
949 2313 1205 2381 superat.
1244 2309 1398 2365 Mars
1455 2309 1682 2364 calidus
1708 2315 1766 2365 et
1795 2326 1922 2364 ma-

269 2396 360 2468 gis
393 2396 585 2452 siccus
612 2397 818 2453 domos
867 2396 1042 2453 habet
1097 2398 1349 2454 Arietem
1382 2403 1438 2453 et
1468 2399 1774 2470 Scorpium
1809 2415 1822 2452 :
1859 2397 1922 2452 il-

271 2484 396 2540 lum
429 2484 687 2556 quidem,
719 2490 784 2541 ut
809 2487 1064 2542 calidum
1091 2505 1102 2554 ;
1155 2487 1460 2558 Scorpium
1500 2504 1654 2552 vero,
1689 2493 1752 2542 ut
1782 2487 1919 2542 cali-

271 2572 410 2627 dum
445 2573 624 2630 simul
649 2579 706 2629 et
738 2575 1868 2649 siccum.Exaltationem,Capricornum
1903 2595 1916 2644 ;

268 2662 673 2732 dejectionem,
734 2665 1068 2733 Cancrum;
1101 2664 1502 2735 adversitates,
1561 2667 1822 2720 Taurum
1865 2670 1923 2720 et

272 2749 505 2805 Libram
532 2767 544 2819 ;
579 2750 794 2806 etenim
829 2752 1001 2807 ambo
1034 2752 1205 2825 signa
1234 2753 1380 2808 bene
1411 2758 1732 2826 temperata
1761 2759 1917 2810 sunt.

261 2838 480 2910 Venus,
515 2855 648 2896 cum
684 2839 859 2894 medii
886 2840 962 2895 sit
989 2843 1458 2913 temperamenti,
1493 2843 1700 2898 domos
1745 2843 1921 2899 habet

265 2928 523 2983 Taurum
553 2933 610 2983 et
649 2929 905 2999 Libram,
939 2946 1074 2984 cum
1106 2934 1162 2985 et
1193 2930 1306 3002 ipsi
1339 2931 1456 2985 sint
1488 2931 1662 2985 medii
1695 2936 1916 3003 tempe—

263 3017 514 3072 ramenti
542 3035 555 3086 ;
588 3017 1018 3089 exaltationem,
1053 3020 1249 3074 Pisces
1283 3036 1295 3074 :
1331 3020 1742 3090 dejectionem,
1789 3019 1916 3074 Vir-

261 3105 458 3178 ginem
488 3130 501 3172 ;
535 3105 940 3170 adversitates,
969 3106 1224 3161 Arietem
1255 3111 1312 3160 et
1340 3107 1772 3177 Scorpium,qui
1803 3123 1919 3162 me-

260 3193 422 3249 dium
455 3200 990 3265 temperamentum
1017 3212 1133 3250 non
1175 3195 1412 3250 habent.
1446 3195 1785 3262 Mercurius,
1819 3196 1916 3266 qui

259 3287 316 3338 et
343 3282 469 3354 ipse
513 3282 733 3338 scilicet
792 3283 929 3338 boni
986 3284 1432 3355 temperamenti
1472 3289 1560 3339 est
1599 3286 1911 3357 particeps,

258 3371 465 3427 domos
496 3370 672 3426 habet
699 3372 974 3428 Geminos
1032 3377 1089 3428 et
1119 3372 1439 3444 Virginem.
1502 3374 1912 3429 Germinorum

259 3460 419 3515 enim
466 3460 728 3516 boreales
761 3467 818 3516 et
867 3462 1071 3516 mediae
1131 3466 1328 3534 partes
1385 3463 1532 3517 bene
1581 3467 1915 3535 temperatas

265 3550 414 3605 801
461 3553 602 3604 sunt
634 3566 646 3603 :
681 3551 783 3605 sed
811 3550 1091 3623 Virginis,
1126 3550 1433 3607 australes.
1469 3552 1580 3606 Sed
1612 3557 1668 3607 et
1697 3552 1754 3606 in
1787 3553 1916 3606 Vir-

263 3637 398 3710 gine
427 3636 836 3694 exaltationem
871 3639 1048 3695 habet
1094 3639 1477 3710 dejectionem
1509 3640 1568 3695 in
1601 3640 1868 3697 Piscibus
1902 3667 1916 3708 ς

259 3725 320 3780 in
352 3725 562 3781 iisdem
596 3730 653 3781 et
697 3727 1130 3784 adversitatem.
1179 3729 1605 3785 Antecedentes
1638 3731 1794 3784 enim
1827 3731 1916 3785 Pi-

259 3814 447 3869 scium
473 3817 841 3886 partes,bene
869 3821 1224 3888 temperatas,
1245 3817 1473 3882 mediae,
1498 3817 1776 3886 humidis;
1793 3836 1917 3890 quae

163 3921 168 3925 ·
258 3908 586 3974 sequuntur
615 3905 859 3975 medias,
898 3906 1079 3978 igneae
1107 3911 1164 3961 et
1193 3911 1464 3962 astuosae.
1497 3907 1686 3962 Aliam
1719 3908 1917 3963 adver-

260 3993 493 4048 sitatem
527 3993 701 4049 habet
735 3994 1062 4050 Mercurius
1095 3995 1154 4050 in
1187 3995 1522 4068 Sagittario.
1552 3997 1775 4068 Quippe
1808 3997 1916 4051 hoc

262 4081 503 4153 signum
554 4099 652 4138 eas
694 4088 908 4154 partes,
941 4100 1064 4153 qua
1097 4089 1229 4156 post
1257 4084 1517 4140 medium
1550 4090 1709 4151 sunt,
1743 4085 1920 4140 habet

260 4169 506 4243 igneas;
539 4170 835 4242 humidas,
887 4189 1011 4243 quae
1055 4177 1193 4227 sunt
1248 4173 1583 4241 australes;
1641 4177 1917 4244 utrasque

265 4257 443 4313 etiam
475 4275 509 4313 a
555 4260 706 4314 bono
739 4264 1200 4331 temperamento
1231 4261 1584 4316 excidentes.
1617 4260 1916 4316 Humidis-

264 4345 420 4402 sima
451 4349 591 4402 luna
619 4347 677 4402 in
709 4347 1120 4404 humidissimo
1169 4349 1389 4405 Cancro
1438 4351 1677 4404 domum
1715 4350 1913 4416 habet,

261 4433 668 4491 exaltationem
701 4435 760 4490 in
820 4438 1051 4506 Tauro;
1093 4437 1477 4507 dejectionem
1525 4438 1582 4492 in
1618 4438 1856 4509 Scorpio
1899 4453 1911 4493 :

256 4521 672 4579 exaltationem
701 4524 761 4578 in
793 4525 1163 4596 Capricorno.
1198 4525 1344 4580 Nam
1375 4525 1642 4594 quaedam
1676 4525 1913 4597 quidem

256 4610 418 4666 illius
450 4617 646 4684 partes
683 4612 1008 4668 siccitatem
1060 4631 1176 4669 non
1236 4614 1455 4669 habent
1484 4612 1683 4686 plures
1715 4618 1913 4669 autem

2038 2035 2414 2110 ἐναντιώματα
2460 2035 2589 2098 τοὺς
2641 2033 2912 2108 Διδύμους
2962 2035 3051 2090 καὶ
3091 2036 3189 2104 τήν
3242 2035 3534 2112 Παρθένον⁶
3586 2042 3696 2092 τῶν

2041 2125 2133 2198 μὲν
2193 2125 2296 2200 γὰρ
2355 2121 2606 2196 Διδύμων
2659 2121 2912 2194 καυσώδη
2965 2124 3033 2178 τὰ
3071 2122 3227 2178 νότια
3271 2123 3362 2179 καὶ
3407 2125 3561 2201 ξηρά·
3591 2132 3698 2196 τῆς

2036 2211 2093 2269 δὲ
2123 2215 2396 2290 Παρθένου
2429 2211 2594 2268 πλέον
2643 2217 2740 2267 τοῦ
2793 2212 3015 2286 μετρίου
3059 2213 3123 2267 τὸ
3167 2210 3411 2290 δίυγρον.
3439 2215 3495 2267 Ὀ
3524 2215 3700 2290 ’Ἀρης

2036 2305 2063 2358 ὁ
2117 2303 2319 2380 θερμὸς
2377 2303 2464 2357 καὶ
2515 2301 2682 2357 πλέον
2744 2301 2907 2376 ξηρὸς
2962 2298 3148 2364 οἴκους
3207 2300 3324 2377 ἔχει
3385 2303 3476 2357 τὸν
3536 2305 3700 2379 Κριὸν

2029 2393 2121 2448 καὶ
2190 2393 2282 2447 τὸν
2350 2388 2643 2468 Σκορπίον·
2701 2391 2792 2445 τὸν
2877 2391 2972 2462 μὲν
3048 2390 3121 2452 ὡς
3191 2391 3415 2466 θερμὸν,
3473 2392 3563 2446 τὸν
3643 2389 3707 2446 δὲ

2035 2479 2305 2554 Σκορπίον
2367 2482 2442 2542 ὡς
2493 2480 2690 2556 θερμὸν
2737 2480 2878 2551 ὁμοῦ
2937 2478 3025 2532 καὶ
3076 2479 3264 2554 ξηρόν.
3317 2482 3553 2553 Ὕψωμα
3603 2478 3701 2536 τὸν

2032 2570 2370 2646 Αίγόκερων·
2433 2569 2752 2641 ταπείνωμα
2805 2570 2896 2622 τὸν
2969 2573 3250 2643 Καρκῖνον·
3313 2567 3702 2641 ἐναντιώματα

2028 2661 2119 2714 τὸν
2178 2663 2381 2734 Ταῦρον
2442 2658 2531 2713 καὶ
2589 2659 2678 2712 τὸν
2736 2656 2926 2731 Ζυγόν·
2981 2655 3180 2732 εὐκραῆ
3238 2656 3338 2732 γὰρ
3399 2654 3564 2735 ἄμφω
3621 2659 3693 2714 τὰ

2033 2744 2220 2817 ζώδια.
2280 2748 2342 2801 Ἡ
2405 2743 2720 2825 Ἀφροδίτη,
2783 2744 2952 2819 μέσης
3004 2746 3352 2820 τυγχάνουσα
3421 2746 3691 2823 κράσεως,

2031 2833 2212 2898 οἷόιους
2274 2831 2389 2912 ἔχει
2445 2837 2537 2890 τὸν
2586 2840 2791 2911 Ταῦρον
2844 2835 2934 2889 καὶ
2993 2835 3082 2889 τὸν
3145 2834 3314 2910 Ζυγὸν
3369 2837 3540 2908 μέσης
3597 2837 3692 2890 καὶ

2030 2925 2224 2987 αὐτοὺς
2280 2923 2641 3001 τυγχάνονται
2698 2923 2960 3000 κράσεως.
3019 2922 3221 2996 ὕψωμα
3276 2922 3406 2986 τοὺς
3448 2922 3686 2999 Ἰχθύας·

2026 3015 2345 3088 ταπείνωμα
2402 3015 2499 3083 τὴν
2563 3013 2848 3089 Παρθένον·
2911 3011 3284 3085 ἐναντιώματα
3367 3013 3457 3066 τὸν
3521 3011 3685 3085 Κριὸν

2027 3103 2115 3158 καὶ
2167 3105 2258 3157 τὸν
2322 3103 2594 3178 Σκορπίον
2652 3103 2751 3170 τὴν
2807 3101 2974 3174 μέσην
3023 3107 3218 3179 κρᾶφιν
3278 3101 3378 3156 οὐκ
3430 3098 3680 3177 ἔχοντας.

2026 3194 2313 3267 ὈἙρμῆς
2375 3191 2656 3268 εὐκρασίας
2717 3190 2960 3266 μετέχων
3019 3187 3085 3259 δὴ
3144 3190 3235 3245 καὶ
3282 3189 3466 3262 αὐτὸς,
3499 3188 3685 3253 οἷ’κους

2028 3279 2145 3356 ἔχει
2187 3283 2314 3344 τοὺς
2365 3280 2635 3353 Διδύμους
2682 3278 2772 3334 καὶ
2819 3279 2920 3347 τὴν
2972 3278 3263 3353 Παρθένον·
3296 3283 3404 3333 τῶν
3442 3280 3534 3352 μὲν
3585 3279 3691 3356 γὰρ

2027 3369 2278 3443 Διδύμων
2340 3365 2570 3446 εὕκρατά
2619 3368 2723 3424 εἰσι
2769 3367 2836 3422 τὰ
2885 3365 3070 3442 βόρειά
3127 3387 3186 3422 τε
3250 3369 3340 3422 καὶ
3404 3368 3471 3423 τὰ
3531 3368 3689 3440 μέσα·

2024 3461 2123 3528 τῆς
2171 3456 2228 3513 δὲ
2276 3458 2548 3535 Παρθένου
2589 3457 2657 3512 τὰ
2701 3457 2871 3511 νότια.
2920 3457 3027 3526 Τὴν
3085 3455 3354 3533 Παρθένον
3433 3454 3552 3534 ἔχει
3599 3459 3691 3513 καὶ

2028 3548 2249 3622 ὕψωμα·
2293 3547 2420 3610 τοὺς
2482 3545 2694 3622 Ἰχθύας
2750 3545 2839 3600 καὶ
2894 3546 3239 3619 ταπείνωμα·
3294 3545 3422 3609 τοὺς
3484 3545 3692 3609 αὐτοὺς

2029 3637 2352 3709 ἐναντίωμα.
2400 3635 2476 3690 Τὰ
2547 3635 2640 3708 μὶν
2693 3636 2795 3710 γὰρ
2853 3633 3244 3710 προηγούμενα
3296 3639 3406 3690 τῶν
3467 3634 3689 3712 ῗχθύων

2029 3725 2252 3802 εύκραῆ·
2301 3727 2370 3780 τὰ
2430 3725 2564 3798 μέσα
2611 3722 2872 3798 κάθυγρα·
2925 3724 2993 3778 τὰ
3054 3725 3187 3796 μετὰ
3240 3723 3308 3778 τὰ
3370 3722 3509 3797 μέσα
3587 3745 3691 3779 πυ-

2029 3812 2179 3889 ρώδη
2266 3834 2325 3868 τε
2409 3812 2498 3867 καὶ
2554 3810 2832 3882 καυσώδη.
2892 3815 3113 3888 Ἕτερον
3201 3810 3511 3886 ἐναντίωμα
3591 3814 3686 3868 τὸν

2027 3903 2260 3974 Τοξότην
2314 3903 2342 3957 ὁ
2390 3904 2598 3976 Ἑρμῆς
2647 3896 2786 3977 ἔχει.
2827 3901 2902 3956 Τὰ
2948 3901 3052 3977 γὰρ
3105 3903 3239 3973 μετὰ
3276 3901 3342 3956 τὰ
3395 3900 3531 3975 μέσα
3584 3923 3687 3957 πυ-

2029 3989 2180 4068 ρώδη
2243 3991 2390 4069 φέρει
2436 3996 2599 4046 τοῦτο
2655 3991 2719 4045 τὸ
2778 3987 2995 4059 ζώδιον·
3025 3987 3269 4066 κάθυγρα
3327 3987 3385 4045 δὲ
3430 3990 3498 4045 τὰ
3536 3990 3694 4046 νότια

2025 4081 2116 4136 καὶ
2174 4079 2339 4159 ἄμφω
2387 4087 2488 4150 τῆς
2559 4079 2841 4157 εὐκρασίας
2895 4078 3237 4134 ἐκπίπτοντα.
3290 4081 3354 4136 Ἡ
3417 4079 3688 4156 ὑγροτάτη

2031 4167 2230 4241 σελήνη
2308 4171 2397 4225 τὸν
2480 4170 2768 4246 ὑγρότατον
2841 4173 3103 4244 Καρκῖνον
3183 4165 3298 4244 ἔχει
3367 4167 3538 4224 οἶκον·
3592 4170 3688 4224 τὸν

2027 4264 2232 4336 Ταῦρον
2321 4259 2542 4334 ὕψωμα·
2617 4261 2710 4313 τὸν
2793 4257 3066 4334 Σκορπίον
3169 4257 3508 4330 ταπείνωμα·
3593 4257 3688 4313 τὸν

2029 4349 2347 4424 Δί’γόκερων
2424 4348 2749 4422 ἐναντίωμα·
2806 4347 2926 4402 τινὰ
2983 4347 3078 4420 μὲν
3134 4347 3238 4422 γὰρ
3305 4346 3470 4402 αὐτοῦ
3546 4345 3685 4423 μέρη

2027 4437 2090 4492 τὸ
2123 4438 2284 4514 ξηρὸν
2331 4437 2430 4492 οὐκ
2471 4435 2608 4512 ἔχει·
2652 4437 2720 4491 τὰ
2766 4434 2942 4491 πλείω
2995 4433 3051 4490 δέ
3097 4456 3160 4512 γε
3194 4435 3332 4512 ξηρὰ
3371 4437 3462 4491 καὶ
3518 4436 3690 4509 μεστὰ

2029 4526 2401 4602 ψυχρότητος·
2453 4529 2521 4595 ἧς
2571 4523 2636 4594 δὴ
2686 4524 3038 4602 ψυχρότητος
3082 4523 3356 4601 ἀμέτοχος
3383 4527 3420 4595 ἡ
3453 4522 3686 4595 σελήνη,

2029 4617 2132 4685 τὴν
2181 4617 2302 4670 κατ’
2349 4615 2722 4691 ἐπεισαγωγὴν
2775 4613 2836 4669 ἐκ
2879 4617 2978 4669 τοῦ
3009 4611 3174 4683 ἡλίου
3209 4614 3436 4689 μερικὴν
3494 4633 3690 4683 κεκτη-

259 4702 320 4756 et
375 4699 540 4756 siccae
593 4706 730 4758 sunt
759 4705 816 4757 et
845 4701 1028 4774 plenae
1061 4702 1381 4775 frigiditate
1415 4719 1428 4758 :
1461 4704 1631 4774 cujus
1680 4703 1914 4773 quidem

2035 4705 2165 4778 μένη
2198 4704 2528 4782 θερμότητα.

262 4787 604 4861 frigiditatis
635 4807 839 4863 expers
870 4795 960 4846 est
987 4790 1150 4858 luna,
1202 4808 1307 4863 per
1335 4791 1731 4847 inductionem
1767 4809 1800 4846 a
1829 4808 1918 4848 so-

263 4875 318 4934 le
349 4878 662 4950 partialem
696 4879 949 4937 calorem
981 4880 1272 4937 obtinens.

1513 5155 1858 5212 SYNOPSIS
1897 5153 2180 5211 CAPITIS
2218 5151 2412 5209 XXVI.

1676 5295 1826 5344 QUOD
1865 5296 1968 5336 EST
2004 5295 2074 5334 DE
2113 5294 2273 5334 SOLE.

266 5436 436 5494 1.801
464 5439 731 5493 universa
759 5445 914 5492 terra
940 5438 1120 5508 major
1147 5438 1599 5508 est,iquanquam
1633 5437 1817 5488 tantus
1861 5449 1978 5487 non
2006 5437 2231 5508 apparet
2272 5431 2495 5508 propter
2541 5428 2782 5508 nimiam
2821 5425 3238 5508 syamo‘n‘obe':
3283 5425 3605 5508 distantiam
3634 5427 3688 5480 et

335 5511 483 5564 visus
513 5511 689 5582 nostri
735 5497 1262 5582 imbecillitatemnd
1284 5497 1501 5560 iantdm
1550 5507 1906 5582 distantiam.
1931 5535 1997 5544 —
2115 5503 2257 5582 Solz's_
2272 5497 2620 5582 —_rndgnitudo.
2646 5514 2716 5554 ea:
2744 5497 3132 5582 umbra
3156 5570 3165 5580 ι
3186 5499 3354 5582 terra?
3398 5499 3681 5582 arguitar,

339 5595 464 5652 quae
492 5581 760 5648 conoides,
794 5580 850 5636 i1
879 5585 976 5652 est,
1032 5579 1317 5652 turbinata
1343 5581 1441 5652 est.
1473 5607 1544 5619 —
1570 5579 1624 5652 3Ϊ
1662 5578 1860 5634 Umbra
1891 5580 2052 5652 terrae
2098 5573 2358 5652 conojdes
2389 5568 2489 5652 est,
2523 5573 2655 5652 quia
2683 5568 3279 5652 neqnecylindroides,
3310 5584 3484 5639 neque
3524 5569 3683 5652 calas

335 5642 547 5708 t'hoides
575 5661 674 5706 est.
709 5642 774 5692 —'
806 5652 857 5706 4.
891 5642 981 5706 Sol
1010 5651 1226 5723 quando
1273 5649 1503 5718 deﬁcere
1534 5649 1811 5724 videatur,
1843 5647 2091 5718 quodque
2139 5646 2378 5716 defectus
2407 5645 2527 5715 ejus
2571 5645 2644 5697 sit
2687 5642 2868 5724 nostri
2916 5644 3132 5724 tantam
3179 5642 3328 5696 visus
3375 5642 3585 5724 passio,
3615 5649 3682 5696 ut

338 5726 562 5795 ipsemet
590 5725 818 5796 interim
845 5724 1000 5778 omni
1023 5714 1276 5794 'passione
1302 5714 1470 5776 vacet.
1503 5748 1572 5762 —
1602 5723 1655 5775 5.
1690 5714 1864 5776 Lunae
1886 5714 2090 5796 corpu;
2119 5714 2383 5796 magnum
2411 5714 2526 5796 esse
2553 5715 2809 5796 arg'ut'tur
2835 5714 3342 5796 enumbra‘quang
3364 5729 3428 5796 tn
3455 5719 3682 5796 terram

334 5784 546 5870 spargit
574 5795 685 5850 sole
711 5784 1038 5867 deﬁciente}
1072 5808 1388 5866 quanquam
1417 5808 1528 5848 non
1571 5797 1784 5848 tantum
1812 5790 1948 5861 sole,
1978 5784 2076 5848 sed
2101 5793 2156 5846 et
2185 5784 2334 5845 terra
2361 5787 2553 5844 multis
2603 5784 2816 5843 vicibus
2843 5785 3031 5842 minus
3083 5786 3182 5843 est.
3214 5815 3284 5826 --
3311 5784 3365 5841 6.
3397 5784 3550 5843 Licet
3575 5799 3683 5842 au-
