4114 6414
312 385 473 452 1249

1650 376 1998 451 EPITOME
2040 386 2403 452 PHYSICA.

386 529 496 580 tem
523 521 637 578 sole
663 520 737 593 sit
760 520 950 575 minus
968 514 1236 593 pluribus
1279 517 1512 593 uicibus,
1546 535 1672 576 eum
1698 523 1890 576 tamen
1936 522 2094 593 nobis
2124 523 2455 593 intercipere
2499 526 2556 577 et
2592 520 2863 577 occultare

3575 384 3736 451 1250

2908 518 3097 592 potest,
3128 518 3273 591 quod
3322 520 3598 592 exemplis
3626 539 3733 578 nu-

390 597 564 660 bium,
595 592 841 657 collium,
873 599 923 647 et
949 589 1238 661 parietum
1266 589 1533 646 declarat.
1565 621 1634 633 --
1661 594 1718 646 7.
1750 594 1895 648 Solis
1925 592 2172 664 defectus
2236 589 2420 649 uando
2447 596 2519 648 sit
2549 602 2601 649 et
2630 595 2728 663 ﬁat
2756 589 2966 661 totalis,
3001 589 3219 664 quando
3263 589 3543 663 partialis.
3578 625 3645 634 —
3676 595 3729 649 8.

390 669 453 720 In
479 664 919 720 narticutaribus
947 660 1077 717 solis
1125 661 1438 720 defectibus.
1488 664 1705 720 quando
1752 666 1997 720 primum
2045 611 2305 720 boreales.
2339 666 2555 720 quando
2603 664 2992 720 meridionales
3040 672 3221 720 partes
3255 664 3392 719 solis
3434 664 3729 720 deﬁciant:

2172 682 2202 719 a

389 669 453 723 In
479 664 919 735 particularibus
947 660 1077 717 solis
1125 661 1438 735 defectibus,

1488 664 1705 732 quando
1751 666 1997 734 primum
2045 667 2171 719 bore

2230 682 2305 735 es,
2339 666 2555 737 quando
2603 664 2992 720 meridionales
3039 672 3221 735 partes
3255 664 3392 737 solis
3434 664 3735 737 deﬁciant;

387 733 515 810 quae
544 737 884 810 itempartes
912 733 1264 810 intotalibus
1294 733 1596 810 defectibus
1626 733 1874 810 primum
1903 736 2277 810 obscurentur,
2295 733 2541 808 quaeque
2577 737 2824 810 primum
2853 733 3237 810 restituantur.
3271 767 3339 810 έ-
3367 736 3420 790 9.
3454 735 3737 810 Sententia

387 804 635 890 auctoris
665 804 733 861 de
759 804 1092 890 miraculoso
1121 805 1250 890 solis
1305 804 1539 890 defectu,
1572 804 1670 890 qui
1695 808 1851 861 circa
1880 808 2297 890 cruciﬁxiortem
2317 804 2664 890 Domini'in
2705 808 3022 890 plenilunio
3069 808 3321 890 contigit.
3355 837 3423 848 —-
3444 808 3738 890 ‘10.ASotis

386 881 669 953 quantitas
698 878 771 933 ad
802 892 966 953 suum
995 876 1268 953 circulum
1297 891 1423 948 qua
1453 879 1544 944 sit,
1577 880 1632 953 et
1660 878 1923 953 quomodo
1951 895 1984 933 a
2012 876 2284 953 veteribus
2311 896 2408 951 per
2436 876 2759 953 hydrotogia
2776 881 2947 953 fuerit
2963 879 3405 953 Adeprehensar—
3436 879 3522 953 ιι.
3557 879 3738 953 Quare

387 947 471 1009 sol
501 951 683 1006 oriens
727 956 782 1023 et
807 947 1056 1003 occidens
1103 947 1287 1023 major
1310 947 1719 1023 'et__remotior;
1747 949 2082 1023 culminans,
2131 947 2323 1006 minor
2343 956 2397 1007 et
2443 947 2807 1023 prapinquior
2834 950 2995 1004 nobis
3022 947 3295 1023 uideatur.
3333 980 3409 1022 ⁸-
3440 950 3528 1023 12_.
3560 950 3740 1018 Quare

383 1023 465 1079 sol
493 1019 859 1092 spectantibus
886 1034 1014 1092 cum
1041 1034 1112 1074 ea:
1137 1018 1425 1092 profundis
1448 1022 1636 1091 puteis
1665 1020 1845 1092 major
1872 1025 1923 1076 et
1952 1023 2211 1077 remotior
2237 1018 2520 1086 videatur,
2541 1018 2613 1077 ἰιι
2643 1018 2867 1092 quidem
2894 1024 2952 1077 in
2980 1021 3212 1077 meridie
3241 1018 3393 1077 circa
3437 1021 3742 1077 solstitium

388 1090 641 1151 aestiuum
667 1090 1043 1146 habitantibus
1071 1092 1130 1145 in
1163 1090 1358 1163 Syene.
1390 1090 1463 1133 -έ
1490 1091 1578 1147 13.
1614 1090 2117 1159 ραεεάίυενεονιιγη
2145 1094 2393 1150 colorum
2423 1094 2556 1149 solis
2585 1090 2756 1150 causa
2784 1095 2880 1148 sit.

2008 1368 2065 1433 Α

941 1350 1199 1404 ΚΕΦΑΛ.
1238 1348 1350 1412 Κς’.

972 1434 1106 1513 Περὶ
1135 1433 1322 1506 ἡλίου.

390 1528 457 1584 α’.
489 1527 547 1580 Ὀ
603 1524 769 1596 ἥλιος
832 1525 1031 1599 μείζων
1088 1523 1227 1580 ἐστὶν
1287 1523 1504 1597 ἀπάσης
1558 1532 1658 1596 τῆς
1714 1532 1854 1602 γῆς·
1916 1526 1977 1581 ού

319 1616 563 1695 φαίνεται
615 1611 674 1670 δὲ
726 1617 975 1678 τοιοῦτος
1035 1610 1124 1669 διὰ
1177 1614 1274 1682 τήν
1328 1614 1417 1692 ἀφ’
1463 1616 1624 1687 ἡμῶν
1663 1614 1976 1687 ἀπόστασιν,

320 1704 461 1761 πάνυ
490 1725 555 1781 γε
583 1701 803 1773 πολλὴν
851 1701 1029 1758 οὖσανσ
1082 1702 1197 1758 ἐπεὶ
1249 1699 1380 1776 μηδ’
1427 1700 1568 1758 ἄλλο
1613 1725 1666 1759 τι
1715 1708 1823 1759 τῶν
1870 1705 1978 1778 μή·

316 1805 476 1858 κοθεν
526 1791 822 1870 ὁρωμένων
880 1791 1123 1870 φαίνεται
1164 1795 1411 1847 τοιοῦτον
1458 1792 1570 1847 οἷόν
1617 1791 1727 1848 ἐστι
1784 1791 1872 1848 διὰ
1914 1792 1979 1849 τὸ

313 1890 420 1953 τῆς
482 1876 660 1957 ὄψεως
718 1881 935 1943 ἀσθενὲς
970 1927 984 1951 ,
1044 1881 1073 1936 ’ὁ
1130 1879 1222 1936 καὶ
1292 1882 1388 1944 τάς
1469 1880 1707 1958 μεγάλας
1778 1884 1977 1953 νήσους

321 1971 385 2028 ἐκ
441 1975 650 2047 μακροῦ
732 1968 1100 2045 διαστήματος
1175 1969 1640 2047 εύπεριγράπτους
1699 1970 1980 2048 φαντάζε-

321 2081 432 2116 ται.

400 2149 467 2226 β’.
502 2151 699 2227 Σαφῶς
732 2145 790 2203 δὲ
822 2145 1055 2202 δείκνυσι
1099 2149 1163 2202 τὸ
1211 2148 1347 2202 κατά
1391 2148 1483 2203 τὸν
1530 2147 1692 2217 ἥλιον
1747 2150 1979 2225 μέγεθος

322 2239 359 2307 ἠ
414 2240 539 2292 σκιά
595 2242 696 2306 τῆς
754 2243 878 2312 γῆς.
936 2238 1062 2291 Ὅτε
1114 2236 1216 2312 γὰρ
1277 2240 1437 2310 σῶμα
1491 2235 1829 2316 σφαιροειδὲς
1876 2238 1981 2292 ὑπὸ

323 2322 706 2405 σφαιροειδοῦς
738 2324 1029 2403 φωτίζεται
1072 2325 1349 2399 σώματος,
1404 2325 1448 2379 εἰ
1485 2326 1578 2399 μὲν
1634 2326 1816 2399 μεῖζόν
1869 2325 1980 2381 ἐστι

320 2419 422 2470 τοῦ
472 2412 827 2491 φωτίζοντος,
887 2412 1149 2485 ἐκπέμπει
1200 2412 1351 2468 σκιὰν
1409 2413 1491 2468 ἀεὶ
1534 2414 1670 2491 πρὸς
1716 2419 1797 2487 τῷ
1834 2413 1982 2470 τέλει

326 2501 540 2576 μᾶλλον
596 2500 1011 2575 πλατυνομὲνην
1059 2522 1071 2536 ⁸
1131 2498 1401 2579 κόλουρος
1457 2502 1561 2577 γὰρ
1631 2508 1807 2565 κῶνος
1866 2504 1979 2558 οἷόν

324 2589 489 2665 ἐστιν,
521 2586 665 2667 ἔχων
697 2590 836 2668 πρὸς
882 2594 951 2664 τῇ
996 2589 1144 2666 ἀρχῇ
1174 2588 1238 2645 τὸ
1282 2591 1629 2667 στενώτερον.
1662 2591 1726 2646 Εἰ
1779 2589 1825 2646 δ’
1866 2589 1980 2647 ἴσον

323 2678 437 2735 ἐστὶ
495 2680 559 2735 τὸ
617 2677 989 2759 φωτιζόμενον
1057 2683 1138 2751 τῷ
1208 2678 1547 2757 φωτίζοντι,
1597 2677 1981 2756 κυλινδροειδῆ

332 2770 434 2840 τήν
465 2770 615 2824 σκιὰν
669 2767 945 2841 ἀποτελεῖ,
994 2768 1058 2823 τὸ
1110 2763 1226 2823 ἷ¹σον
1279 2767 1476 2837 ἑαυτῆς
1519 2764 1907 2838 διασώζουσανο
1942 2769 1990 2825 εἰ

339 2855 388 2914 δ’
418 2853 641 2914 ἔλαττον
688 2861 788 2913 τοῦ
838 2856 1169 2936 φωτίζοντος
1221 2855 1455 2932 ὑπάρχει
1501 2857 1564 2911 τὸ
1596 2859 1990 2935 φωτιζόμενον,

337 2948 376 3016 ἡ
439 2948 565 3002 σκιά
614 2945 812 3002 τούτου
868 2947 1125 3023 τυγχάνει
1183 2942 1501 3016 κωνοειδής·
1563 2946 1644 3002 ἀεὶ
1700 2948 1803 3023 γὰρ
1862 2948 1999 3003 κατὰ

335 3036 401 3093 τὸ
431 3036 600 3109 πέρας
655 3034 1027 3109 λεπτυνομὲνη
1081 3035 1279 3112 μέχρις
1325 3034 1628 3113 ἀφανισμοῦ
1675 3036 1997 3099 παντελοῦς.

342 3122 653 3193 Κωνοειδής
685 3121 777 3178 οὗν
811 3121 942 3179 οὗσα
984 3131 1087 3194 τῆς
1135 3131 1242 3200 γῆς
1288 3126 1323 3193 ἡ
1374 3124 1517 3197 σκιὰ,
1569 3121 1833 3182 δείκνυσιν
1876 3127 1993 3203 ἀρι-

349 3208 536 3284 δήλως
567 3212 659 3268 τὸν
690 3212 851 3283 ἥλιον
880 3207 1009 3268 ὄντα
1041 3212 1210 3287 μείζω
1238 3220 1340 3283 τῆς
1371 3220 1499 3289 γῆς.

2592 1353 2748 1409 803
2819 1351 3048 1409 CAPUT
3087 1351 3280 1408 XXVI.

2810 1446 2886 1498 De
2909 1442 3040 1498 sole.

2162 1530 2215 1585 1.
2248 1528 2346 1585 Sol
2394 1529 2665 1587 universa
2708 1536 2865 1586 terra
2913 1532 3103 1602 major
3151 1535 3242 1587 est
3271 1532 3336 1599 ⁵³,
3369 1531 3473 1588 sed
3507 1536 3746 1605 propter

2093 1618 2337 1675 nimiam
2369 1636 2403 1675 a
2432 1618 2601 1675 nobis
2631 1619 2972 1675 distantiam
3003 1618 3139 1675 talis
3182 1636 3298 1676 non
3328 1620 3691 1693 conspicitur
3724 1637 3739 1677 :

2090 1724 2368 1780 quoniam
2400 1725 2505 1764 nec
2531 1708 2702 1764 aliud
2732 1709 3050 1780 quidquam
3082 1725 3283 1764 eorum
3330 1725 3459 1779 quae
3505 1709 3743 1766 eminus

2089 1802 2413 1853 cernuntur
2441 1796 2556 1853 tale
2586 1796 2757 1868 quale
2793 1801 2901 1863 est,
2935 1802 3175 1869 propter
3217 1797 3381 1855 visus
3427 1797 3742 1854 imbecilli-

2091 1889 2271 1943 tatem
2303 1891 2544 1959 apparet
2577 1904 2589 1943 :
2618 1903 2746 1958 quae
2765 1886 2938 1943 etiam
2967 1903 3212 1959 magnas
3234 1886 3461 1942 insulas
3482 1903 3551 1943 ex
3571 1886 3744 1960 longo

2092 1974 2396 2032 intervallo
2454 1974 2539 2031 sic
2590 1974 2872 2044 intuetur,
2919 1975 3072 2046 quod
3125 1973 3293 2031 facile
3340 1974 3746 2032 circumscribi

2092 2063 2341 2136 possint.

2135 2152 2374 2208 2.Porro
2388 2151 2528 2208 solis
2545 2151 3012 2225 magnitudinem
3033 2151 3338 2224 perspicue
3350 2156 3513 2208 oeten
3524 2152 3609 2207 dit
3623 2167 3749 2207 um-

2091 2243 2197 2298 bra
2216 2242 2654 2305 term.0uando
2668 2241 2824 2296 enim
2848 2241 2969 2296 orbi
2979 2240 3171 2297 culare
3185 2257 3398 2311 corpus
3421 2241 3492 2296 ab
3515 2240 3746 2297 orbicu-

2090 2330 2198 2385 lari
2221 2329 2846 2401 illuminaturcorpore
2866 2328 3153 2401 siquidem
3168 2328 3538 2384 illuminante
3551 2329 3748 2400 majus

2092 2423 2200 2486 est,
2222 2420 2491 2475 umbram
2522 2418 2754 2490 projicit
2784 2435 2912 2489 qum
2946 2417 3195 2473 subinde
3225 2417 3411 2488 magis
3444 2416 3746 2491 magisque

2092 2507 2164 2563 ad
2198 2506 2763 2576 ﬁnemdilatatur[et
2796 2506 2941 2562 alias
2973 2505 3334 2562 calathoides
3354 2507 3749 2577 vocatur].Est

2092 2596 2250 2652 enim
2282 2594 2441 2650 velut
2469 2612 2652 2651 conus
2684 2595 2810 2663 [seu
2840 2595 3043 2666 turbo}
3067 2594 3358 2663 inversus,
3379 2594 3477 2666 qui
3498 2594 3557 2650 in
3591 2594 3748 2668 prin-

2096 2684 2247 2756 cipio
2280 2689 2369 2739 est
2398 2685 2724 2757 angustior.
2749 2683 2850 2740 Sin
2878 2683 2936 2740 id
2970 2685 3123 2755 quod
3154 2683 3547 2751 illuminatur,
3568 2700 3757 2756 eaqua-

2097 2772 2152 2828 le
2178 2777 2267 2829 est
2291 2771 2648 2827 illuminanti
2682 2790 2694 2841 ;
2728 2773 3001 2829 umbram
3032 2771 3297 2846 cylindro
3330 2789 3432 2828 seu
3466 2772 3754 2830 columnas

2107 2861 2362 2918 similem
2384 2860 2852 2934 [cylindroidem]
2883 2861 3083 2928 efﬁcit,
3108 2878 3232 2932 quae
3264 2878 3433 2917 suam
3466 2861 3758 2934 aequalita-

2104 2956 2225 3007 tem
2252 2967 2482 3022 semper
2501 2950 2727 3007 retinet.
2758 2951 2818 3007 Si
2842 2950 3139 3022 [denique]
3163 2950 3362 3008 minus
3383 2950 3757 3007 illuminante

2109 3041 2186 3096 sit
2214 3040 2366 3111 quod
2408 3038 2800 3108 illuminatur,
2834 3039 3014 3111 hujus
3044 3039 3256 3095 umbra
3283 3055 3497 3094 conum
3545 3038 3759 3112 [turbi-

2109 3146 2242 3185 nem
2277 3146 2380 3184 seu
2413 3133 2631 3184 metam
2661 3145 2789 3199 quae
2818 3129 3059 3184 tandem
3086 3128 3143 3183 in
3176 3145 3518 3185 mucronem
3540 3128 3759 3201 deﬁcit]

2110 3218 2394 3273 imitatur.
2422 3216 2665 3289 Semper
2693 3217 2849 3273 enim
2900 3218 2973 3273 ad
3022 3218 3450 3273 extremitatem
3491 3221 3760 3274 attenua-

336 3306 460 3370 tur,
491 3305 676 3360 donec
707 3320 948 3376 prorsus
978 3309 1307 3361 evanescat.
1322 3309 1511 3362 Terra;
1537 3306 1707 3379 proin
1744 3308 1953 3364 umbra
1974 3323 2109 3364 cum
2134 3307 2435 3363 turbinata
2464 3305 2561 3376 sit,
2588 3306 2900 3363 manifesto
2924 3307 3267 3375 admodum,
3291 3305 3550 3362 ostendit
3579 3306 3763 3363 solem

336 3395 498 3449 terra
525 3394 809 3465 majorem
841 3409 991 3450 esse.

409 3482 479 3557 γ’.
511 3482 633 3536 Ὅτι
665 3478 725 3536 δὲ
752 3478 1053 3553 κωνοειδής
1106 3481 1247 3537 ἐστιν
1296 3484 1332 3554 ἡ
1374 3483 1498 3538 σκιὰ
1541 3489 1643 3554 τῆς
1690 3487 1813 3561 γῆς,
1862 3486 2001 3560 γνώ-

341 3589 502 3647 ριμον
534 3568 729 3624 ἐκτῶν
763 3571 1126 3648 φαινομένων.
1181 3570 1247 3627 Εἰ
1294 3571 1394 3648 γὰρ
1441 3572 1508 3642 ἦν
1558 3570 1998 3649 κυλινδροειδής,

342 3656 472 3714 ὅλον
530 3658 589 3713 ἂν
648 3659 711 3714 τὸ
767 3658 974 3723 πλάτος
1033 3664 1130 3715 τοῦ
1179 3657 1460 3717 Ζωδιακοῦ
1507 3657 1888 3736 κατελάμϐανε
1922 3664 1997 3737 μὴ

344 3745 421 3808 εἰς
480 3744 572 3817 ὀξύ
637 3766 699 3823 γε
752 3746 1245 3827 ἀποκορυιρουμὲνη
1299 3769 1313 3782 ·
1373 3750 1463 3805 καὶ
1541 3750 1715 3814 οὕτως
1775 3752 2001 3808 ἑκάστου

349 3835 523 3908 μηνὸς
545 3835 613 3905 ἦν
643 3834 702 3891 ἂν
733 3838 768 3906 ἡ
819 3834 1025 3907 σελήνη
1074 3836 1418 3911 ἐκλείπουσα,
1466 3843 1534 3914 τῇ
1586 3845 1712 3911 σκιᾷ
1755 3848 1857 3911 τῆς
1898 3847 2002 3918 γῆς

346 3923 652 4001 ἀναγκαίως
708 3923 1088 4000 ἐμπίπτουσα*
1147 3925 1327 4003 προΐει
1408 3925 1466 3983 δὲ
1520 3928 1611 3982 καὶ
1682 3929 1848 4006 μέχρι
1904 3933 2003 3985 τοῦ

2181 3487 2235 3541 3.
2267 3486 2430 3551 Quod
2463 3489 2660 3542 autem
2691 3486 2903 3542 umbra
2930 3485 3087 3541 804
3116 3487 3281 3540 terrea
3310 3484 3613 3541 turbinata
3663 3485 3761 3557 sit,

2111 3591 2183 3630 ex
2213 3574 2615 3648 phaenomenis
2667 3574 2836 3630 facile
2889 3573 3162 3647 cognosci
3218 3578 3429 3645 potest.
3492 3573 3554 3630 Si
3602 3572 3761 3631 enim

2111 3662 2374 3736 cyliidro
2414 3662 2627 3719 similis
2674 3666 2849 3724 esset.
2881 3667 3062 3718 totam
3112 3661 3344 3717 Zodiaci
3388 3661 3762 3718 latitudinem

2111 3757 2441 3824 occuparet,
2482 3758 2548 3807 ut
2578 3768 2707 3824 quas
2736 3752 2797 3807 in
2829 3756 3068 3807 acutum
3102 3768 3215 3807 non
3247 3755 3584 3824 assurgeret
3631 3767 3765 3807 ver-

2109 3841 2282 3897 ticem
2312 3859 2324 3908 ;
2376 3846 2549 3913 atque
2580 3841 2661 3896 ita
2703 3841 2905 3912 quovis
2952 3855 3156 3895 mense
3204 3839 3347 3895 luna
3374 3840 3667 3908 deﬁceret,
3701 3843 3770 3896 ut

2113 3948 2237 4002 quas
2295 3929 2626 3986 necessario
2673 3928 2735 3984 in
2783 3928 3061 3985 umbram
3108 3932 3273 3984 terrea
3320 3927 3623 3983 incideret.
3656 3926 3766 3983 Sed

344 4011 593 4090 χύματος
648 4016 756 4068 τῶν
809 4013 1045 4091 ἀστέρων
1100 4016 1135 4085 ἡ
1193 4014 1420 4086 τοιαύτη
1481 4017 1606 4071 σκιά
1638 4034 1650 4048 ⁸
1713 4018 1801 4073 καὶ
1870 4018 1993 4074 ποτὲ

2114 4023 2172 4074 et
2196 4019 2268 4073 ad
2301 4017 2601 4074 stellarum
2638 4016 3079 4073 multitudinem
3123 4016 3246 4072 haec
3292 4016 3503 4071 umbra
3531 4031 3772 4088 progre-

348 4100 444 4172 μὲν
497 4099 693 4163 αὐτοὺς
751 4100 924 4156 ἐποίει
992 4102 1273 4180 φαίνεσθαι
1349 4102 1766 4183 λαμπροτέρους
1800 4152 1814 4178 ,
1871 4107 1993 4162 ποτέ

2114 4110 2369 4178 daretur,
2403 4112 2461 4163 et
2489 4105 2634 4162 alias
2659 4105 2895 4177 quidem
2938 4106 3098 4178 ipsas
3147 4102 3596 4177 splendidiores,
3624 4103 3773 4160 alias

347 4185 409 4245 δὲ
441 4189 517 4263 μὴ
547 4189 850 4253 τοιούτους.
884 4194 996 4246 Πᾶν
1046 4191 1150 4268 γὰρ
1204 4197 1365 4266 σῶμα
1407 4193 1632 4271 πύρινον
1680 4194 1731 4251 ἐν
1791 4197 1884 4270 μὲν
1933 4200 1993 4271 τῇ

2115 4195 2314 4252 minus
2346 4194 2687 4268 splendidas
2716 4210 2997 4267 apparere
3029 4194 3261 4251 faceret.
3295 4194 3521 4266 Corpus
3549 4192 3706 4249 cnim
3726 4192 3774 4228 “

347 4282 470 4349 σκιᾷ
517 4276 899 4357 λαμπρότερον
951 4279 1214 4358 φαίνεται·
1265 4283 1404 4337 κατᾶ
1451 4280 1508 4338 δὲ
1546 4283 1645 4347 τὰς
1695 4282 1993 4355 ἡλιακάςῆ

2113 4282 2353 4357 igneum
2386 4285 2541 4357 quod
2571 4284 2681 4355 vis,
2712 4283 2771 4338 in
2822 4283 3035 4339 umbra
3083 4282 3321 4356 quidem
3374 4281 3769 4355 splendidius,

344 4347 458 4421 καὶ.
492 4347 605 4429 τὰς’
656 4347 981 4439 σεληνιακάς
1032 4367 1201 4444 αὐγὰς
1253 4368 1649 4447 ἀμαυρότερον·
1697 4347 1879 4448 ὥσπερ
1922 4347 1993 4427 καῖ

2117 4347 2177 4429 in
2201 4347 2492 4430 solaribus
2522 4347 2719 4429 autem
2749 4371 2838 4427 vel
2869 4373 3047 4428 etiam
3080 4347 3387 4427 lunaribus
3408 4347 3772 4443 tulgoribus

347 4454 399 4511 οἱ
463 4455 680 4530 ἀστέρες
730 4455 782 4511 ἐν
837 4453 1129 4528 ἀσελήνοις
1182 4457 1325 4528 νυξὶν
1377 4457 1591 4534 αἰθρίας
1646 4458 1815 4530 οὔσης
1867 4457 2011 4534 λαμ-

345 4542 607 4620 πρότεροι
639 4542 940 4621 φαίνονται.
972 4546 1037 4601 El
1088 4543 1135 4600 δ’
1182 4545 1513 4604 ἐπλατύνετο
1561 4549 1699 4625 πρὸς
1740 4553 1818 4622 τῷ
1866 4547 2010 4606 τέλει

347 4632 415 4686 τὰ
440 4639 543 4702 τῆς
597 4640 788 4707 σκιᾶς,
842 4634 904 4689 ού
951 4640 1032 4709 τῷ
1073 4633 1268 4692 πλάτει
1316 4641 1415 4692 τοῦ
1462 4634 1741 4693 Ζωδιακοῦ
1795 4638 1958 4712 μόνον
1996 4685 2011 4711 ,

352 4717 498 4776 ἀλλά
547 4720 636 4776 καὶ
700 4720 896 4786 ἄλλοις
944 4728 1042 4780 τοῦ
1103 4727 1480 4803 στερεώματος
1538 4729 2011 4803 συμπαρεκτὲτατο

355 4807 561 4885 μέρεσι,
615 4809 705 4866 καὶ
751 4811 927 4875 οὕτως
978 4817 1013 4885 ἡ
1059 4812 1264 4887 σελήνη
1319 4817 1394 4891 μή
1451 4815 1613 4891 μόνον
1648 4816 1873 4873 ἑκάστου
1910 4840 2014 4892 μη-

350 4899 463 4973 νὸς,
513 4897 665 4955 ἀλλά
709 4899 799 4956 καὶ
851 4898 939 4957 διὰ
984 4905 1162 4975 πάσης
1212 4905 1405 4969 νυκτὸς
1456 4904 1664 4981 ἔμεινεν
1729 4905 2010 4981 ἀλαμπῆς,

353 4983 444 5043 διὰ
486 4986 550 5044 τὰ
602 4988 737 5045 εἶναι
783 4989 983 5063 ταύτην
1035 4993 1086 5048 ἐν
1134 4998 1204 5069 τῇ
1257 5000 1399 5068 σκιᾷ’
1452 5002 1741 5074 τοιγαροῦν
1786 5018 2011 5053 κωνοει-

354 5074 480 5141 δοῦς
505 5080 607 5148 τῆς
639 5085 794 5144 σκιᾶς
844 5077 1012 5153 οὔσης
1059 5091 1163 5157 τῆς
1190 5092 1312 5163 γῆς,
1354 5086 1760 5164 ἀναπιρῥήτως
1792 5087 1819 5142 ὁ
1849 5085 2015 5156 ¹ἥλιος

356 5166 557 5242 μείζων
582 5174 683 5240 τῆς
711 5172 830 5247 γῆς.

2123 4463 2435 4519 obscurius
2481 4467 2757 4535 apparet;
2815 4461 3313 4533 quemadmodum
3356 4460 3535 4516 etiam
3582 4457 3775 4516 stella!

2123 4551 2396 4609 noctibus
2465 4551 2754 4607 illunibus
2830 4550 3253 4623 splendidiores
3305 4549 3775 4622 conspiciuntur.

2122 4641 2223 4697 Sin
2257 4642 2328 4697 ad
2361 4642 2539 4697 finem
2583 4639 3013 4713 explicarentur
3063 4641 3283 4695 umbrae
3316 4636 3777 4709 [extremitates].

2125 4748 2239 4786 non
2272 4736 2502 4786 tantum
2531 4730 2762 4786 Zodiaci
2794 4727 3117 4797 latitudini,
3150 4728 3251 4785 sed
3282 4728 3458 4784 etiam
3497 4726 3629 4782 aliis
3679 4726 3780 4781 ﬂr-

2123 4820 2409 4877 mamenti
2440 4819 2708 4893 partibus
2740 4818 3221 4875 coextenderetur
3272 4818 3351 4890 (et
3386 4816 3661 4873 tenebras
3690 4814 3780 4871 of-

2125 4910 2450 4981 funderet):
2486 4913 2658 4979 atque
2687 4908 2770 4963 ita
2799 4924 2914 4963 non
2946 4906 3147 4978 quovis
3177 4910 3407 4962 tantum
3439 4910 3778 4971 mense,sed

2123 4997 2298 5055 etiam
2356 5015 2460 5071 per
2519 4998 2855 5057 universam
2903 5000 3132 5067 noctem
3181 4994 3512 5067 splendoris
3572 5008 3780 5064 expers

2124 5088 2265 5143 luna
2296 5092 2700 5158 permaneret;
2744 5091 3050 5158 propterea
3076 5084 3229 5156 quod
3271 5085 3329 5139 in
3361 5083 3573 5139 umbra
3601 5085 3779 5139 esset.

2125 5178 2494 5250 Quapropter
2523 5194 2656 5232 cum
2690 5175 2904 5231 umbra
2927 5179 3091 5230 terrae
3124 5174 3426 5230 turbinata
3465 5173 3563 5242 sit,
3595 5171 3781 5228 solem
3892 5222 3913 5245 ε

2125 5272 2282 5324 terra
2310 5267 2593 5338 majorem
2624 5281 2754 5322 esse
2785 5263 2986 5336 negari
3017 5280 3134 5319 non
3166 5267 3377 5336 potest.

421 5493 473 5573 δὴ
494 5493 775 5573 Cleom._l.
808 5512 874 5561 Π,
907 5513 958 5553 ο.
989 5499 1064 5567 2;
1095 5497 1388 5573 Ριο1.,1ίι).
1410 5501 1445 5555 8
1472 5499 1794 5573 Almagesti
1824 5517 1876 5557 ο.
1910 5502 1998 5573 16,
2031 5500 2418 5573 demonstrat,
2453 5498 2615 5573 quod_
2628 5497 3002 5573 _magnitudo_
3020 5497 3163 5573 solis
3196 5495 3416 5573 centies
3446 5497 3779 5573 αἰθερίοις

352 5564 543 5644 gesies
575 5567 836 5644 proxime
864 5573 1031 5644 terrea
1054 5563 1531 5644 magnitudinem
1551 5563 1879 5644 contineat.
1913 5563 2057 5644 Vide
2086 5574 2260 5630 etiam
2297 5563 2439 5628 Phil.
2470 5563 2552 5644 fin
2587 5563 2771 5644 l’hys:
2791 5586 2872 5644 11,_
2892 5586 2948 5644 p_.
2984 5570 3198 5644 105,_et_
3243 5568 3388 5644 alios
3435 5563 3627 5644 qui
3653 5580 3688 5644 εξ
3717 5563 3781 5629 Θ

353 5635 653 5719 contineri,
672 5638 891 5719 dicunt
922 5641 1026 5697 166
1057 5635 1196 5698 curn
1219 5643 1264 5719 ξ.
1300 5642 1523 5701 Cleom.
1549 5642 1590 5700 1.
1625 5661 1688 5711 ιι,
1721 5662 1770 5701 c.
1799 5648 1857 5718 2,
1886 5643 1993 5701 νίιε

2118 5686 2131 5701 .
2162 5646 2217 5715 2,
2263 5660 2431 5719 prop.
2461 5643 2553 5716 26,
2582 5635 2796 5715 27,28,
2839 5635 3149 5700 Reinhold.
3184 5641 3245 5699 in
3291 5635 3501 5699 Theor.
3552 5635 3779 5697 Purba-

353 5716 510 5792 obii;
542 5717 750 5779 Bodin.
782 5719 845 5779 in
875 5720 1125 5782 Theatra
1156 5716 1401 5798 natura,
1433 5723 1537 5783 lib.
1569 5741 1625 5784 v.
1702 5725 1750 5766 5‘
1775 5716 1993 5785 Cleom.
2026 5724 2069 5784 l.
2102 5742 2165 5798 ιι,
2198 5741 2248 5784 ο.
2268 5716 2338 5784 ί3.
