4114 6422
345 359 491 420 1251

1597 342 2021 413 NICEPHORI
2064 344 2272 412 BLEM
2282 344 2504 412 MlDzE

3600 348 3769 417 1252

416 491 471 545 4.
500 489 784 545 Craterum
812 482 909 541 hic
938 481 1180 540 deﬁcere
1200 481 1601 551 videtur,cum
1630 482 1826 555 ipsum
1851 480 1995 537 luna

2178 476 2238 536 δ’.
2303 478 2603 535 Ἐκλείπων
2662 476 2709 534 δ’
2767 476 2925 542 οὗτος
2986 473 3153 548 δοκεῖ,
3210 484 3310 550 τῆς
3359 481 3598 551 σελήνης
3632 482 3772 537 ὑπο-

350 579 532 647 subit,
555 584 613 633 et
626 577 707 632 ita
729 575 945 632 nostris
966 573 1303 646 aspectibus
1328 571 1692 627 obstruit.Sol
1703 570 1818 626 aris
1839 570 1994 626 enim

347 669 610 725 defectus
650 664 836 722 nostri
886 664 1038 721 σοι
1090 668 1361 734 aspectus
1410 660 1605 733 passio
1655 665 1763 731 est,
1797 665 1861 716 ut
1909 658 1995 715 sol

346 757 582 813 interim
616 753 908 826 passionis
939 768 1144 824 expers
1192 756 1443 806 maneat.
1476 749 1623 804 Cum
1671 764 1808 821 ergo
1859 749 1998 802 luna

346 846 455 903 soli
502 846 835 916 conjuncta,
886 847 943 897 et
990 840 1126 895 talis
1174 839 1607 910 conjunctionis
1645 844 1906 909 tempore
1937 836 1994 890 in

350 934 542 991 medio
574 931 863 1003 solarique
886 928 1106 986 circulo
1139 928 1503 1000 deprehensa
1524 927 1706 982 solem
1730 927 1996 996 subierit,

346 1029 475 1080 tum
509 1024 781 1078 umbram
814 1018 1171 1074 turbinatam
1222 1016 1282 1071 in
1326 1022 1540 1070 terram
1588 1015 1821 1079 emittit,
1855 1014 1997 1070 dici-

349 1118 560 1184 turque
590 1110 802 1166 umbra
830 1108 889 1162 in
922 1105 1290 1162 latitudinem
1312 1106 1357 1140 ⁸⁸
1387 1104 1519 1176 plus
1551 1121 1729 1175 quam
1761 1104 1832 1159 ad
1863 1120 2001 1174 qua-

348 1205 484 1257 tuor
513 1199 698 1256 millia
726 1197 1050 1253 stadiorum
1082 1194 1627 1266 pervadere.0mnis
1656 1196 1813 1248 enim
1836 1192 1999 1249 locus

347 1307 462 1362 quo
490 1287 577 1345 sol
624 1288 766 1343 dum
809 1286 1006 1357 ipsum
1055 1283 1199 1339 luna
1246 1283 1428 1339 subiit
1474 1298 1591 1338 non
1641 1282 2002 1354 conspicitur

353 1379 567 1435 umbra
596 1376 751 1432 lunae
783 1372 1052 1446 oppletus
1077 1377 1184 1428 est.

421 1468 478 1522 5.
511 1466 788 1538 Magnum
838 1463 1083 1535 proinde
1129 1466 1220 1516 est
1271 1460 1425 1517 lunae
1471 1478 1700 1532 corpus.
1750 1462 1806 1515 Si
1837 1462 1992 1518 enim

352 1556 425 1612 ad
456 1559 688 1611 tantum
720 1558 888 1609 terrze
937 1550 1308 1607 intervallum
1358 1551 1691 1606 extenditur
1735 1551 1792 1606 id
1843 1554 1996 1622 quod

352 1645 424 1701 de
453 1645 664 1700 umbra
692 1642 764 1699 ad
816 1657 924 1697 nos
964 1639 1246 1713 pervenit,
1279 1643 1492 1710 quanto
1542 1640 1735 1710 majus
1784 1640 1895 1694 erit
1943 1641 1999 1695 id

351 1733 504 1808 quod
540 1733 611 1789 ad
643 1731 812 1787 basin
867 1736 957 1785 est
984 1730 1049 1800 ⁸⁸,
1080 1729 1233 1800 quod
1276 1728 1452 1784 etiam
1506 1728 1660 1783 lunae
1716 1728 2002 1785 diametro

2106 567 2334 638 θεούσης
2376 569 2532 624 αὐτὸν
2581 569 2671 624 καὶ
2724 566 2897 630 οὕτως
2948 567 3381 644 ἐπιπροσθούσης
3428 574 3550 631 ταῖς
3598 573 3768 644 ἡμῶν

2106 651 2288 730 ὄψεσιν
2323 699 2338 713 .
2393 657 2454 713 Ἠ
2511 656 2611 734 γάρ
2668 655 2876 726 ἡλιακὴ
2935 654 3179 731 ἔκλειψις
3250 657 3424 720 πάθος
3481 657 3593 714 ἐστὶ
3661 666 3770 730 τῆς

2105 747 2265 817 ἡμῶν
2300 740 2499 820 ὅψεως,
2546 751 2641 801 τοῦ
2694 743 2860 815 ἡλίου
2915 745 3172 819 μένοντος
3211 746 3477 811 ἀπαθοῦς.
3533 748 3769 804 Ὀπόταν

2107 832 2197 889 οῦν
2239 836 2273 904 ἡ
2328 832 2529 906 σελήνη
2589 832 2951 890 συνοδεύσασα
3002 839 3081 908 τῷ
3128 833 3299 909 ἡλίῳ,
3360 836 3451 891 καὶ
3490 837 3627 892 κατᾶ
3662 839 3767 908 τήν

2104 922 2360 992 τοιαύτην
2393 923 2665 992 εὑρεθεῖσα
2706 921 2927 978 σύνοδον
2984 921 3034 978 ἐν
3078 928 3158 995 τῷ
3204 924 3352 996 μέσῳ
3382 925 3519 999 (καὶ)
3547 924 3772 999 ήλίακῷ

2103 1012 2195 1067 τὸν
2227 1009 2388 1080 ἥλιον
2441 1009 2780 1087 ὑποδράμοι,
2828 1013 2977 1066 σκιὰν
3033 1010 3120 1066 ἐπὶ
3162 1014 3262 1080 τὴν
3312 1018 3416 1087 γῆν
3458 1012 3769 1087 ἀναπέμπει

2106 1097 2393 1169 κωνοειδῆ’
2452 1100 2541 1155 καὶ
2589 1103 2624 1169 ἡ
2685 1102 2810 1156 σκιά
2868 1099 3083 1175 λέγεται
3152 1097 3361 1170 διήκειν
3423 1101 3500 1164 εἷς
3553 1100 3771 1166 πλάτος

2108 1187 2197 1243 ἐπὶ
2236 1186 2405 1245 πλέον
2452 1190 2489 1259 ἢ
2541 1187 2995 1265 τετρακισχιλίων
3049 1185 3302 1244 σταδίων.
3358 1195 3473 1253 Πᾶς
3520 1192 3623 1267 γὰρ
3669 1192 3766 1246 τό-

2107 1299 2209 1341 πος
2270 1277 2322 1334 ἐν
2373 1279 2419 1351 ᾧ
2473 1280 2550 1352 μὴ
2605 1280 2635 1334 ὁ
2681 1276 2844 1347 ἥλιος
2887 1285 2987 1347 τῆς
3042 1276 3273 1349 σελήνης
3336 1277 3768 1355 ὑποδραμούσης

2111 1367 2293 1438 αὑτὸν,
2327 1368 2477 1430 σκιὰς
2506 1374 2608 1437 τῆς
2640 1365 2876 1438 σελήνης
2905 1364 3287 1440 πεπλήρωται.

2184 1458 2241 1513 ε’.
2287 1457 2441 1533 Μέγα
2492 1457 2584 1526 μὲν
2636 1454 2727 1511 οῦν
2777 1454 2867 1511 καί
2912 1456 2976 1512 τὸ
3024 1460 3185 1528 σῶμα
3232 1462 3334 1527 τῆς
3376 1453 3648 1530 σελήνης.
3705 1457 3773 1513 Εἰ

2112 1546 2212 1622 γὰρ
2245 1544 2332 1601 ἐπὶ
2362 1549 2617 1600 τοσοῦτον
2665 1552 2765 1616 τῆς
2811 1552 2916 1622 γῆς
2965 1545 3236 1601 ἐκτέταται
3283 1544 3348 1601 τὸ
3402 1545 3599 1625 φθάνον
3626 1548 3771 1622 πρὸς

2110 1637 2259 1708 ἡμᾶς
2311 1642 2411 1703 τῆς
2470 1640 2621 1697 σκιᾶς
2658 1678 2672 1703 ,
2729 1633 3104 1690 ποσαπλάσιον
3178 1630 3325 1690 ἔσται
3380 1636 3444 1690 τὸ
3502 1637 3640 1711 πρὸς
3696 1639 3770 1712 τῇ

2118 1722 2288 1797 βάσει,
2338 1724 2399 1777 τὸ
2442 1723 2531 1778 καὶ
2584 1727 2651 1797 τῇ
2701 1721 2976 1799 διαμέτρῳ
3021 1730 3125 1793 τῆς
3170 1722 3410 1796 σελήνης
3449 1724 3774 1801 παρεξισού-

350 1818 530 1895 prope
558 1816 928 1891 exsequatur!
963 1818 1031 1873 Et
1058 1820 1255 1872 tamen
1287 1833 1404 1872 non
1445 1815 1567 1872 sole
1608 1820 1862 1885 tantum,
1898 1816 1997 1872 sed

2129 1812 2488 1874 ιενονίΤέως
2540 1809 2587 1867 δ’
2635 1812 2697 1867 ού
2750 1812 2914 1885 μόνον
2956 1816 3051 1867 τοῦ
3105 1810 3341 1882 ἡλιακοῦ
3398 1813 3662 1890 μεγέθους
3704 1814 3771 1870 τὸ

349 1911 525 1968 etiam
556 1913 713 1966 terra
742 1908 934 1963 minor
979 1910 1069 1963 est
1109 1905 1264 1961 lunae
1316 1905 1680 1978 magnitudo,
1716 1911 1772 1961 et
1810 1905 1995 1961 multo

2129 1907 2206 1969 ἧς
2261 1898 2495 1972 σελήνης
2549 1898 2813 1972 ἔλαττον,
2870 1898 3015 1957 ἀλλὰ
3058 1901 3149 1956 καὶ
3203 1906 3303 1957 τοῦ
3359 1905 3462 1972 τῆς
3516 1911 3623 1979 γῆς
3679 1900 3773 1960 καὶ

415 2016 563 2055 ιῐιου.

415 2017 563 2055 inor.

351 2017 475 2143 m6.
535 2085 658 2143 Etsi
716 2089 911 2141 autem
987 2083 1240 2139 multum
1317 2082 1664 2154 relinquitur
1747 2102 1780 2140 a
1856 2084 1997 2140 solis

349 2175 758 2249 magnitudine
803 2189 1017 2245 corpus
1066 2171 1239 2240 lunas,
1272 2176 1469 2228 tamen
1501 2189 1635 2228 eum
1666 2191 1799 2229 cum
1841 2172 2001 2228 subit

349 2265 644 2322 occultare
677 2268 965 2336 potest,ac
989 2266 1053 2317 ut
1075 2278 1179 2317 nec
1210 2263 1334 2333 ipse
1356 2262 1427 2316 ad
1462 2279 1569 2317 nos
1600 2279 1772 2317 suum
1801 2263 1998 2318 lumen

349 2354 603 2424 emittat,
634 2369 741 2409 nec
768 2352 966 2424 ipsum
998 2367 1106 2406 nos
1134 2351 1461 2419 videamus,
1494 2351 1998 2422 prohibere.0uod

351 2442 589 2516 quidem
644 2442 820 2497 etiam
881 2440 1055 2496 exilia
1108 2438 1303 2510 aliqua
1370 2455 1634 2512 corpora,
1693 2444 1758 2495 ut
1814 2441 2001 2496 nubes

353 2530 602 2603 exempli
655 2530 862 2602 gratia,
895 2533 997 2585 aut
1051 2527 1241 2596 collis,
1272 2532 1374 2584 aut
1430 2528 1645 2601 paries,
1692 2534 1793 2584 aut
1843 2529 2001 2585 aliud

352 2620 586 2692 aliquod
618 2619 711 2675 bis
741 2617 932 2675 simile
962 2618 1369 2689 quoquomodo
1402 2619 1590 2674 facere
1618 2624 1828 2690 potest.

420 2711 476 2765 7.
509 2708 655 2764 Cum
687 2707 868 2781 igitur
898 2705 1333 2778 conjunctionis
1362 2712 1625 2778 tempore
1677 2706 1822 2762 luna
1851 2708 2002 2763 sola-

356 2814 481 2854 rem
540 2798 800 2854 medium
858 2795 1193 2868 [circulum]
1242 2796 1596 2851 subtendere
1643 2796 2005 2868 deprehensa

359 2887 515 2943 806
547 2885 739 2953 fuerit,
769 2885 967 2941 totalis
1015 2884 1082 2940 ﬁt
1135 2884 1276 2941 solis
1328 2883 1582 2953 eclipsis.
1615 2883 1762 2940 Cum
1812 2890 2004 2941 autem

362 2993 397 3033 a
434 2975 631 3032 modio
685 2974 896 3031 solaris
942 2973 1190 3047 [circuli]
1240 2972 1632 3041 declinaverit,
1682 2975 2007 3030 secundum

362 3064 796 3139 proportionem
826 3063 1002 3120 etiam
1032 3062 1267 3134 eclipsis
1297 3063 1673 3135 conspicitur.

437 3154 492 3208 8.
524 3154 595 3209 Et
624 3169 756 3209 vero
801 3152 861 3207 in
919 3150 1266 3224 partialibus
1310 3150 1628 3224 eclipsibus
1658 3152 1949 3224 siquidem
1980 3168 2015 3207 a

2106 1986 2251 2043 πολὺ
2278 1984 2498 2044 ἔλαττον
2510 2033 2522 2044 .

2179 2084 2241 2142 ς’.
2304 2076 2576 2151 Πάμπολυ
2636 2075 2691 2133 δὲ
2753 2076 3075 2151 λειπόμενον
3142 2083 3240 2134 τοῦ
3306 2078 3545 2148 ἡλιακοῦ
3609 2079 3772 2155 μεγέ-

2109 2178 2236 2230 θους
2292 2167 2355 2222 τὸ
2415 2172 2573 2240 σῶμα
2629 2171 2731 2237 τῆς
2779 2166 3035 2239 σελήνης,
3092 2165 3311 2223 δύναται
3362 2168 3620 2245 κρύπτειν
3671 2170 3767 2225 τὸν

2108 2255 2270 2325 ἥλιον
2330 2255 2382 2311 ἐν
2438 2261 2559 2319 ταῖς
2605 2253 2965 2332 ὑποδρομαῖςο
3018 2256 3107 2311 καὶ
3162 2258 3290 2331 μήτ’
3338 2255 3497 2312 αὐτὸν
3545 2256 3631 2329 ἐᾷν
3679 2256 3770 2312 ἐκ-

2108 2343 2340 2419 πέμπειν
2370 2344 2435 2400 τὸ
2465 2350 2579 2420 φῶς
2610 2346 2746 2421 πρὸς
2794 2348 2962 2417 ἡμᾶς,
3018 2346 3146 2419 μήθ’
3195 2348 3342 2420 ἡμᾶς
3393 2345 3552 2401 αὑτὸν
3601 2357 3769 2410 καθο-

2111 2439 2229 2511 ρᾷν.
2277 2438 2447 2489 Τοῦτο
2492 2431 2552 2489 δὲ
2597 2434 2687 2489 καὶ
2741 2432 2905 2507 μικρά
2952 2454 3073 2488 τινα
3121 2434 3349 2507 σώματα
3395 2439 3545 2490 ποιεῖ
3591 2436 3774 2491 ὁπωσ-

2111 2528 2226 2595 οῦν,
2274 2524 2434 2601 νέφος
2483 2523 2677 2599 τυχὸν,
2725 2523 2761 2592 ἢ
2815 2522 3031 2597 βουνὸς,
3075 2524 3113 2593 ἢ
3159 2528 3377 2599 τοῖχος,
3426 2525 3464 2592 ἢ
3518 2523 3659 2581 ἄλλο
3714 2546 3769 2580 τι

2106 2633 2376 2669 τοιουτον.

2186 2707 2242 2771 ζ’.
2278 2706 2436 2757 Ὅταν
2493 2702 2588 2774 μὲν
2639 2699 2729 2756 οὖν
2779 2701 2915 2756 κατὰ
2962 2702 3060 2770 τὴν
3106 2698 3326 2757 σύνοδον
3357 2703 3394 2757 ἡ
3430 2700 3635 2774 σελήνη
3672 2703 3772 2777 μέ-

2113 2812 2203 2846 σον
2260 2790 2612 2846 ὑποτείνουσα
2659 2788 2749 2845 τδν
2801 2788 3033 2860 ἡλιακὸν
3084 2789 3361 2868 εὑρεθείη,
3412 2789 3684 2861 ὁλοτελής
3729 2794 3769 2863 ἡ

2113 2884 2210 2936 τοῦ
2256 2878 2422 2950 ἡλίου
2470 2875 2707 2941 ἓκλεικις
2756 2877 3001 2955 γίνεται·
3042 2878 3240 2935 ὁπόταν
3294 2877 3353 2935 δὲ
3398 2879 3460 2935 τὸ
3511 2880 3769 2954 μεσαίτα-

2114 2990 2209 3026 τον
2255 2966 2494 3024 ἐκκλίνοι
2541 2972 2638 3023 τοῦ
2689 2967 2947 3043 ἡλιακοῦ,
2995 2966 3132 3045 πρὸς
3177 2967 3341 3045 λόγον
3393 2968 3633 3048 φαίνεται
3684 2968 3781 3026 καὶ

2120 3062 2155 3129 ἡ
2191 3056 2430 3132 ἔκκειψις
2464 3059 2660 3134 μερική
2674 3100 2686 3114 .

2195 3150 2266 3218 η’.
2308 3147 2448 3202 Κάπὶ
2501 3148 2595 3221 μὲν
2620 3150 2728 3202 τῶν
2784 3151 3018 3223 μερικῶν
3070 3144 3365 3221 ἐκλείψεων
3412 3146 3471 3202 ἂν
3527 3147 3616 3220 μὶν
3669 3144 3782 3201 ἀπὸ

369 3240 705 3299 borealibus
759 3221 938 3296 velut
971 3240 1043 3295 ad
1091 3240 1381 3296 australes
1425 3221 1622 3312 partes
1673 3221 1832 3297 mota
1878 3240 2011 3297 luna

2129 3241 2231 3293 τῶν
2285 3235 2513 3312 βορείων
2564 3236 2641 3299 ὡς
2694 3235 2780 3291 ἐπὶ
2827 3221 2895 3291 τὰ
2950 3234 3104 3291 νότια
3152 3234 3425 3313 φερομένη
3486 3238 3522 3305 ἡ
3572 3234 3784 3308 σελήνη

370 3330 553 3389 solem
586 3329 850 3396 subierit,
884 3334 1079 3400 partes
1108 3330 1238 3400 ejus
1268 3347 1395 3401 quae
1443 3330 1516 3385 ad
1552 3330 2017 3402 Septentrionem

372 3424 531 3487 sunt,
564 3418 655 3473 sin
687 3434 754 3473 ex
784 3415 1148 3473 australibus
1185 3417 1344 3473 velut
1390 3417 1461 3473 ad
1508 3418 1771 3474 boreales
1803 3417 1818 3491 [
1829 3423 2020 3490 partes

372 3510 627 3581 profecta
657 3507 767 3562 sub
798 3506 981 3561 solem
1004 3506 1776 3578 venerit],meridiales[solls
1802 3506 2019 3577 partes]

372 3595 638 3653 obnubit.
690 3596 754 3650 In
806 3594 1075 3666 perfectis
1124 3595 1377 3667 denique
1421 3595 1739 3668 eclipsibus
1769 3596 2018 3651 solarem

372 3684 636 3741 medium
666 3684 808 3739 dum
841 3684 1001 3739 subit
1029 3684 1336 3753 circulum,
1370 3700 1468 3740 eas
1502 3684 1642 3740 solis
1673 3690 1869 3756 partes
1892 3700 2022 3756 quae

372 3775 445 3831 ad
505 3790 773 3830 occasum
832 3776 1274 3841 convertuntur,
1333 3774 1647 3829 obumbrat
1704 3774 2021 3846 primum;

372 3867 506 3935 post
535 3863 655 3917 haec
682 3865 875 3916 autem
909 3861 1105 3931 ipsum
1137 3865 1327 3915 totum
1360 3862 1853 3917 subtercurrendo
1885 3877 2020 3916 con-

369 3952 516 4025 tegit
548 3969 563 4018 ;
623 3951 765 4005 dum
814 3949 1010 4021 ipsum
1040 3950 1277 4005 tandem
1311 3951 1668 4022 praeteriens,
1699 3967 1796 4006 eas
1830 3954 2025 4022 partes

372 4039 632 4113 primum
665 4055 943 4111 apparere
973 4037 1135 4106 sinit,
1168 4054 1318 4110 quas
1350 4039 1632 4094 nimirum
1684 4039 1859 4095 etiam
1906 4037 2024 4110 pri-

374 4145 541 4184 mum
565 4127 897 4184 occultavit.
935 4127 1049 4182 Hoc
1091 4126 1275 4198 igitur
1314 4128 1507 4199 modo,
1557 4132 1842 4198 quotquot
1883 4125 2024 4182 solis

377 4217 624 4290 eclipses
652 4217 1013 4285 acciderunt,
1043 4216 1329 4273 accidisse
1371 4221 1513 4272 sunt
1557 4216 1819 4289 proditas.
1841 4217 2026 4286 Atque

376 4308 462 4362 sic
489 4305 684 4362 omnis
713 4304 947 4377 eclipsis
981 4305 1105 4361 fieri
1134 4306 1457 4362 consuevit.

445 4396 500 4450 9.
534 4395 665 4451 Sola
693 4412 763 4451 ex
804 4394 1102 4462 omnibus,
1136 4412 1266 4467 quae
1315 4394 1585 4451 salviﬁce
1631 4396 2025 4453 cruciﬁxionis

373 4484 606 4542 Domini
640 4489 903 4557 tempore
934 4484 1146 4540 accidit
1173 4485 1245 4552 57,-
1272 4501 1449 4556 super
1486 4501 1721 4541 omnem
1752 4491 2024 4542 naturam

2125 3327 2217 3381 τὸν
2274 3324 2435 3394 ἥλιον
2496 3322 2766 3395 ὑπέλθοι,
2827 3325 2892 3379 τὰ
2945 3324 3082 3398 πρὸς
3159 3322 3354 3399 ἄρκτον
3412 3323 3579 3379 αὑτοῦ
3642 3322 3783 3399 μέρη

2129 3413 2421 3469 ἐπισκοτεῖ·
2475 3412 2535 3467 ἂν
2589 3410 2635 3468 δ’
2682 3412 2741 3467 ἐκ
2786 3417 2892 3468 τῶν
2948 3412 3141 3466 νοτίων
3193 3413 3268 3476 ὡς
3319 3412 3407 3467 ἐπὶ
3455 3414 3522 3468 τὰ
3574 3413 3786 3488 βόρεια,

2127 3504 2196 3558 τὰ
2223 3504 2358 3579 πρὸς
2410 3497 2776 3575 μεσημϐρίαν.
2826 3501 2972 3556 Κατὰ
3022 3497 3081 3555 δὲ
3106 3500 3202 3563 τὰς
3250 3499 3465 3558 τελείας
3518 3500 3791 3577 ἐκλείψεις

2127 3594 2218 3647 τὸν
2270 3589 2499 3661 ἡλιακὸν
2554 3591 2714 3663 μέσον
2763 3590 3115 3667 ὑπερχομένη
3150 3634 3163 3660 ,
3209 3591 3278 3645 τὰ
3322 3591 3459 3667 πρὸς
3520 3587 3668 3645 δύσιν
3710 3613 3795 3647 τε-

2129 3679 2415 3757 τραμμένα
2461 3684 2557 3735 τοῦ
2609 3679 2772 3750 ἡλίου
2821 3684 3036 3756 πρῶτον
3099 3679 3410 3749 ὑποσκιάζει
3452 3697 3466 3712 ⁸
3534 3680 3667 3753 μετά
3729 3677 3790 3735 δὲ

2129 3775 2297 3825 ταῦτα
2347 3769 2476 3824 ὅλον
2523 3768 2681 3824 αὑτὸν
2735 3769 3113 3845 ὑποτρέχουσα
3156 3768 3456 3823 καλύπτει·
3501 3789 3790 3846 παρερχο-

2136 3857 2271 3932 μένη
2305 3855 2349 3913 δ’
2379 3857 2559 3931 αὑτὸν,
2613 3857 2789 3913 ἐκεῖνα
2834 3858 2902 3912 τὰ
2948 3858 3085 3933 μέρη
3136 3862 3463 3934 παραχωρεῖ
3511 3857 3789 3936 φαίνεσθαι

2132 3952 2371 4025 πρῶτον,
2406 3947 2438 4003 ἃ
2481 3945 2547 4017 δὴ
2598 3945 2687 4002 καί
2736 3950 2951 4024 πρῶτον
3005 3944 3260 4021 ἐκάλυψε.
3314 3951 3514 4002 Τοῦτον
3554 3945 3645 4001 οῦν
3694 3948 3789 4003 τὸν

2133 4038 2334 4114 τρόπον
2367 4037 2422 4091 αἱ
2450 4042 2727 4112 γεγοννῖαι
2766 4040 2862 4090 τοῦ
2907 4034 3072 4106 ἡλίου
3125 4033 3396 4110 ἐκλείψεις
3442 4033 3645 4091 ἅπασαι
3693 4056 3787 4111 γε-

2132 4125 2345 4203 γονέναι
2374 4125 2712 4202 ἱστόρηνται.
2744 4124 2844 4180 Καὶ
2877 4125 3019 4180 οὕτω
3049 4125 3281 4203 πέφυκεν
3320 4121 3562 4199 ἔκλειψις
3615 4126 3797 4180 ἅπασα

2132 4215 2388 4293 γίνεσθαι.

2206 4395 2267 4450 θ’.
2304 4393 2457 4464 Μόνη
2501 4390 2557 4448 δέ
2606 4397 2711 4448 τῶν
2765 4391 2909 4449 ὅλων
2959 4394 2994 4462 ἡ
3045 4392 3182 4448 κατὰ
3227 4392 3327 4461 τὴν
3371 4393 3645 4465 σωτήριον
3697 4394 3794 4446 τοῦ

2135 4480 2338 4560 Κυρίου
2405 4487 2659 4557 γεγονυῖα
2737 4480 3037 4557 σταύρωσιν
3120 4475 3365 4555 ἔκλειψις
3442 4480 3575 4555 ὑπὲρ
3635 4479 3791 4558 φύσιν

375 4573 597 4630 accidit
616 4590 749 4630 cum
783 4574 938 4629 enim
971 4573 1305 4645 conjunctio
1337 4590 1452 4629 non
1483 4579 1656 4643 esset,
1689 4576 1791 4631 sed
1842 4577 2011 4633 multc

2138 4569 2358 4648 γέγονεν
2419 4573 2642 4628 ἅπασαν.
2706 4567 2946 4625 Συνόδου
3000 4569 3102 4646 λὰρ
3171 4568 3270 4624 ούκ
3327 4564 3515 4641 οὔσης,
3579 4565 3792 4642 μᾶλλον

377 4663 569 4736 magis
599 4661 918 4719 luminaria
950 4662 1062 4719 sibi
1093 4663 1344 4719 invicem
1388 4679 1491 4735 per
1538 4664 1891 4720 diametrum
1924 4683 2027 4739 op-

379 4756 759 4826 ponerentur,
811 4751 954 4808 luna
1009 4768 1079 4808 ex
1131 4752 1358 4807 ortibus
1406 4752 1601 4808 divino
1667 4758 1811 4809 nutu
1859 4755 2030 4826 juxta

378 4840 741 4915 singularem
794 4841 1082 4896 rationem
1113 4845 1276 4896 mota
1331 4840 1516 4897 solem
1574 4846 1765 4898 totum
1825 4844 2028 4912 subiit,

380 4946 518 4987 cum
550 4929 809 5002 primum
857 4930 1006 4986 307
1043 4931 1174 5000 ejus
1203 4934 1399 5002 partes
1431 4929 1743 4987 orientales
1790 4932 2028 5000 obtexit,

377 5025 436 5077 et
463 5024 773 5093 postquam
803 5018 1001 5091 ipsum
1034 5018 1226 5074 tribus
1246 5018 1408 5076 horis
1439 5019 1793 5093 obscuravit,
1826 5039 2030 5079 rursus

379 5125 482 5182 per
523 5108 958 5182 repedationem
1017 5108 1186 5181 quasi
1246 5109 1319 5163 ab
1378 5110 1683 5166 occasibus
1739 5112 1810 5166 ad
1868 5118 2032 5169 ortus

379 5201 671 5271 ageretur,
706 5196 847 5253 solis
879 5203 1075 5269 partes
1123 5196 1513 5253 occidentales
1561 5201 1819 5270 primum
1852 5217 2030 5274 appa-

380 5302 508 5342 rere
539 5286 829 5359 permisit.
864 5287 993 5342 Haec
1018 5286 1091 5341 de
1120 5285 1262 5342 solis
1294 5286 1520 5359 eclipsi.

2142 4663 2236 4736 μὶν
2294 4659 2385 4716 οὖν
2450 4659 2540 4715 καὶ
2612 4658 3048 4736 διαμετρούντων
3119 4656 3229 4730 ἤδη
3299 4662 3406 4713 τῶν
3487 4658 3796 4735 φωστήρων

2139 4748 2444 4822 ἀλλήλους,
2505 4749 2556 4821 ἐξ
2604 4747 2883 4804 ἀνατολῶν
2933 4751 2968 4819 ἡ
3021 4746 3226 4820 σελήνη
3269 4746 3400 4821 θείῳ
3438 4746 3664 4820 νεύματι
3717 4767 3801 4802 κι-

2137 4841 2358 4911 νηθεῖσα
2412 4844 2790 4916 καινοπρεπῶς
2823 4881 2837 4908 ,
2895 4839 2986 4894 τὸν
3045 4836 3206 4907 ἥλιον
3282 4835 3413 4893 ὅλον
3476 4833 3798 4912 ὑπέδραμε,

2138 4933 2358 5002 πρῶτον
2418 4927 2705 5002 καλύψασα
2762 4928 2898 5003 πρὸς
2956 4925 3224 4988 ἀνατολὰς
3281 4924 3447 4981 αὐτοῦ
3507 4922 3646 5000 μέρη
3708 4922 3799 4977 καὶ

2138 5040 2312 5096 τρισιν
2373 5018 2544 5095 ὥραις
2588 5017 2985 5089 ἐπισκοτήσασα
3039 5016 3219 5090 τούτῳ
3255 5036 3266 5049 ’
3325 5016 3442 5070 κατ’
3501 5011 3796 5069 ἀναποδισ-

2145 5108 2245 5183 μὸν
2302 5107 2453 5173 αὖθις
2511 5108 2586 5171 ὡς
2642 5107 2703 5163 ἐκ
2759 5105 2977 5181 δυσμῶν
3035 5107 3173 5182 πρὸς
3230 5102 3499 5166 ἀνατολὰς
3557 5101 3795 5179 ἀγομένη

2139 5199 2207 5253 τὰ
2235 5197 2371 5273 πρὸς
2404 5194 2551 5251 δύσιν
2600 5197 2946 5272 τετραμμένα
2988 5199 3086 5250 τοῦ
3143 5193 3308 5264 ἡλίου
3371 5194 3510 5269 μέρη
3563 5191 3800 5267 πρώτως

2143 5284 2287 5343 εἷάσε
2344 5285 2637 5365 φαίνεσθαι.
2686 5289 2861 5340 Ταῦτα
2916 5284 3042 5361 περὶ
3099 5290 3202 5353 τῆς
3255 5287 3353 5338 τοῦ
3399 5281 3566 5352 ἡλίου
3622 5278 3803 5335 ἐκλεί-

2144 5380 2310 5453 ψεως.

450 5517 496 5595 ξε
521 5516 740 5595 Cleom.
772 5517 811 5573 ι.
842 5535 904 5586 11,
938 5535 988 5595 c.
1019 5518 1074 5575 3.
1126 5519 1967 5595 i‘f_S_ecundumgPtolemzeum
2014 5527 2171 5581 terra
2217 5522 2409 5595 major
2454 5524 2543 5578 est
2588 5537 2764 5595 quam
2813 5520 2960 5595 lupa
2990 5520 3081 5595 39,
3116 5535 3250 5575 cum
3289 5516 3499 5595 exiguo
3526 5514 3811 5595 quodam,

384 5589 635 5672 solve-ro
668 5588 807 5648 luna
836 5592 1025 5663 major
1053 5594 1144 5648 est
1165 5591 1327 5664 6644,
1360 5607 1497 5649 cum
1530 5592 1794 5650 dimidio.
1828 5592 1974 5654 Vide
2002 5588 2333 5672 Almagest:
2355 5593 2458 5654 lib.
2489 5610 2545 5668 v,
2576 5588 2627 5651 c'.
2663 5594 2751 5653 16.

385 5679 443 5740 p.
474 5661 602 5719 391.

2843 5564 3250 5652 ἴτ”ἱντῗϊυῖιὶῐῖ
3279 5564 3457 5669 ᾗὲὲῗέ
3468 5564 3809 5662 iI,‘L§EFoEI
