4114 6484
353 384 515 451 1253

1686 372 2036 446 ΕΡῙΤΟΜΕ
2079 372 2440 447 PHYSICA.

3618 382 3781 453 1254

427 520 478 578 ι’.
538 514 859 595 Εύρίσκεται
933 512 993 572 δὲ
1043 511 1134 571 διὰ
1186 518 1294 570 τῶν
1349 512 1693 591 ὑδρολογίων
1753 516 1783 570 ὁ
1841 512 2005 584 ἥλιος

2195 517 2279 573 10.
2313 517 2789 590 Deprehendetur
2817 521 3014 574 autem
3060 515 3147 574 sol
3178 517 3222 553 ⁵⁸
3273 534 3376 590 per
3433 519 3779 594 hydrologia

348 604 716 678 πεντηκοστὸν
781 604 947 683 μέρος
1005 608 1102 659 τοῦ
1141 603 1344 659 οἰκείου
1374 602 1581 660 κύκλου
1640 604 1730 659 καὶ
1790 604 2015 659 ἑπτακο-

352 696 592 754 σιοστόν.
643 691 1161 768 Καταμετρούμενον
1211 692 1315 770 γὰρ
1366 693 1429 748 τὸ
1490 693 1611 770 ῥυὲν
1672 691 1819 770 ὕδωρ
1871 692 1923 748 ἐν
1968 693 2015 765 ᾧ

351 785 539 862 χρόνῳ
568 785 632 840 τὸ
671 782 905 854 ἡλιακὸν
966 782 1105 838 ἅπαν
1165 786 1326 857 σῶμα
1383 781 1658 857 ὁρίζοντος
1713 780 2016 853 ἀνελήλυθε

358 875 495 949 μετὰ
544 874 608 929 τὸ
667 870 837 943 δεῖξαι
890 872 992 942 τὴν
1039 872 1266 946 πρώτην
1324 868 1436 926 ἷίτυν
1481 872 1613 948 ὑπὲρ
1643 871 1735 927 τὸν
1770 871 2016 949 ὁρίζοντα

356 963 525 1041 μέρας
602 962 900 1039 εὑρίσκεται
975 960 1339 1031 πεντηκοστὸν
1421 960 1512 1017 καὶ
1600 960 2016 1016 ἑπτακοσιοστὸν

352 1056 448 1108 τοῦ
479 1050 613 1109 ὅλου
664 1047 881 1120 ὕδατος,
915 1048 1048 1126 ὅπερ
1096 1048 1314 1126 ἔρῥευσε
1352 1046 1421 1104 δι’
1470 1048 1609 1121 ὅλης
1656 1056 1759 1119 τῆς
1806 1047 2015 1125 ἡμέρας

353 1163 414 1197 τε
459 1140 550 1197 καὶ
598 1139 812 1202 νυκυός.
845 1138 994 1209 Αὕτη
1031 1136 1078 1194 δ’
1105 1141 1141 1208 ἡ
1180 1136 1406 1213 μέθοδος
1466 1139 1567 1193 ὑπὸ
1620 1140 1854 1215 πρώτων
1905 1142 2012 1193 τῶν

355 1228 670 1305 Αἰγυπτίων
702 1227 1065 1301 ἐπινενόηται,
1095 1228 1160 1283 τὸ
1209 1230 1491 1304 ’χρήσιμον
1544 1225 1596 1282 ἔν
1639 1249 1699 1283 τε
1742 1232 1862 1289 ταῖς
1906 1232 2012 1281 τῶν

359 1321 689 1396 ἰσημερινῶν
768 1318 1033 1395 εὸρέσεσιν
1100 1313 1305 1393 ἔχουσα
1360 1317 1451 1372 καὶ
1511 1316 1563 1373 ἐν
1623 1314 1820 1378 ἄλλοις
1874 1314 2013 1371 πολ-

358 1407 503 1471 λοῖς.

431 1498 516 1552 ια’.
550 1495 809 1552 Φαίνεται
838 1493 884 1551 δ’
915 1496 943 1551 ὁ
987 1495 1151 1566 ἥλιος
1207 1494 1445 1572 ἀνίσχων
1502 1516 1562 1550 τε
1617 1495 1707 1550 καὶ
1753 1492 2015 1569 δυόμενος

361 1585 558 1660 μείζων
585 1586 723 1642 κατᾶ
768 1585 832 1641 τὸ
892 1583 1114 1662 μέγεθος
1168 1583 1259 1639 καὶ
1308 1583 1475 1641 πλέον
1529 1587 1691 1657 ἡμῶν
1748 1584 2010 1658 ἀφεστώς·

363 1679 741 1752 μεσουρανοῶν
787 1672 845 1729 δὲ
888 1674 952 1730 τὸ
994 1673 1214 1751 μέγεθος
1263 1673 1353 1729 καὶ
1409 1674 1508 1743 τὴν
1558 1673 1610 1744 ἐξ
1657 1675 1818 1745 ἡμῶν
1879 1672 2013 1727 ἀπό-

359 1786 542 1821 στασιν
602 1761 747 1841 ἔχων
822 1761 1032 1837 έλάττῳ
1090 1760 1258 1835 δοκεῖ,
1316 1762 1407 1817 καὶ
1454 1766 1622 1817 ταῦτα
1676 1760 2012 1837 πανταχόθεν

361 1852 530 1909 οἱονεὶ
586 1853 649 1908 τὸ
705 1850 820 1907 ἷ¹σον
869 1850 1090 1951 ἀπέχων
1142 1853 1328 1924 ἡμῶν*
1473 1872 1533 1927 γε
1579 1849 1671 1905 καί
1726 1850 2016 1951 πρὸςὶτήν
2045 1885 2093 1951 Β

357 1942 523 1998 αὐτοῦ
580 1947 807 2019 σφαῖραν
868 1940 1054 2018 ἐπέχει
1104 1941 1330 2017 κέντρου
1378 1938 1539 2016 λόγον
1599 1943 1634 2010 ἡ
1692 1947 1786 2016 γῆ.
1840 1940 1910 1994 Τὸ
1966 1936 2014 1994 δ’

359 2029 554 2101 αἴτιον,
586 2029 669 2086 ὅτι
726 2031 863 2106 πρὸς
919 2031 1013 2104 μὲν
1072 2034 1152 2102 τῷ
1209 2028 1449 2106 ὁρίζοντι
1505 2027 1596 2084 διὰ
1646 2033 1868 2103 νοτεροῦ
1922 2028 2013 2084 καὶ

359 2119 669 2199 παχυτέρου
728 2120 885 2197 ἀέρος
946 2119 1160 2196 ὁρῶμεν
1220 2117 1401 2174 αὐτόν’
1460 2117 1551 2174 καὶ
1609 2119 1714 2195 γὰρ
1766 2122 2013 2181 τοιοῦτος

362 2210 390 2266 ὁ
447 2208 756 2287 πρόσγειος.
808 2209 1092 2264 Κάντεῦθεν
1164 2206 1584 2284 περικλωμένης
1658 2214 1762 2278 τῆς
1836 2202 2012 2282 ὅψεως

360 2302 542 2372 ἡμῶν,
598 2298 795 2373 μείζων
843 2319 904 2354 τε
941 2297 1178 2377 φαίνεται
1229 2299 1257 2352 ὁ
1304 2296 1469 2367 ἥλιος
1524 2296 1615 2352 καὶ
1656 2296 2010 2373 πορρωτέρω·

366 2390 707 2465 μεσουρανῶν
761 2384 820 2443 δὲ
886 2384 976 2442 διὰ
1052 2384 1382 2462 λεπτοτέρου
1457 2385 1548 2441 καὶ
1629 2386 2013 2462 καθαρωτέρου

362 2475 520 2553 ἀέρος
577 2476 874 2554 ὁρώμενος,
933 2474 1170 2532 ἐλάττων
1229 2496 1289 2531 τε
1338 2479 1418 2548 τῷ
1470 2474 1682 2551 μεγέθει
1726 2475 1817 2530 καὶ
1847 2477 2011 2549 ἡμῶν

362 2565 635 2644 ἐγγυτέρω
664 2564 966 2641 νομίζεται.

432 2745 523 2821 ιβ’.
582 2743 735 2800 Πολὺ
814 2741 873 2799 δὲ
941 2741 1140 2817 μείζων
1224 2742 1509 2819 ἱστόρηται
1575 2742 1850 2822 φαίνεσθαι
1919 2742 2010 2799 καὶ

356 2831 549 2911 πόῤῥω
596 2832 763 2890 πλέον
818 2832 1158 2911 ἀφεστηκὼς,
1210 2837 1328 2894 τοῖς
1378 2830 1439 2887 έκ
1496 2830 1703 2908 βαθέων
1764 2833 2007 2911 φρεάτων

358 2921 487 2998 ὁρᾷν
516 2919 839 2995 δυναμένοις
868 2919 1047 2977 αὐτόν.
1084 2918 1341 2975 Δύνανται
1369 2916 1427 2974 δὲ
1472 2919 1636 2974 τοῦτο
1690 2920 1907 2982 πάντως
1958 2916 2012 2975 ο⁹ί

352 3030 414 3066 τε
440 3012 541 3081 τῆς
569 3007 809 3082 σελήνης
839 3009 1147 3086 οἰκήτορες,
1178 3008 1315 3064 κατά
1341 3007 1563 3072 κάθετον
1614 3003 2012 3071 ἐπιϐάλλοντος

354 3103 453 3154 τοῦ
508 3097 676 3170 ἡλίου
732 3099 828 3161 τὰς
882 3097 1100 3161 ἀκτῖνας
1142 3097 1325 3160 αὐτοῖς
1356 3096 1408 3153 ἐν
1440 3097 1655 3174 ἀτρεκεῖ
1692 3092 2010 3171 μεσημϐρίᾳ

357 3188 493 3243 κατὰ
518 3189 726 3264 τροπὰς
775 3189 1007 3264 θερινὰς,
1036 3186 1127 3242 καὶ
1173 3187 1357 3242 ἄσκιον
1409 3191 1697 3249 ποιοῦντος
1750 3187 1848 3255 τήν
1900 3190 2002 3262 γῆν

360 3275 534 3339 αὐτῶν
556 3250 643 3340 ¹ὡς
691 3277 778 3333 ἐπὶ
836 3250 1088 3340 σταδίους
1148 3276 1491 3351 τριακοσίους
1543 3277 1644 3346 τήν
1695 3273 2003 3353 διάμετρον,
2036 3250 2079 3317 C

355 3365 446 3421 καὶ
505 3364 621 3421 ὅσοι
682 3363 845 3421 ἄλλοι
899 3364 1137 3438 πλησίον
1195 3372 1295 3437 τῆς
1343 3362 1771 3438 διακεκαυμένης
1802 3363 2006 3441 ἔλαχον

356 3452 504 3531 ἔχειν
536 3456 636 3525 τήν
694 3453 932 3526 οἷ’κησιν.
961 3454 1217 3510 Φαίνεται
1269 3452 1327 3509 δὲ
1376 3452 1594 3517 τούτοις
1626 3455 1654 3510 ὁ
1683 3452 1847 3524 ἥλιος
1892 3453 2006 3528 μεί-

358 3545 462 3611 ζων
520 3538 661 3620 ήπερ
720 3544 876 3616 ἡμῖν,
912 3538 1002 3597 διὰ
1058 3543 1266 3618 παχέος
1316 3541 1476 3619 ἀέρος
1522 3541 1613 3597 καὶ
1642 3546 1865 3618 νοτεροῦ
1916 3540 2006 3597 καὶ

351 3629 629 3707 καθύγρου
679 3636 777 3687 τοῦ
829 3631 880 3686 ἐν
934 3636 1051 3694 τοῖς
1100 3630 1319 3710 φρέασιν
1353 3626 1507 3694 ὄντος
1539 3631 1833 3708 ὁρώμενος,
1865 3640 2004 3686 πολ-

353 3716 458 3790 λῆς
490 3719 550 3776 ἐκ
575 3719 771 3776 τούτου
801 3723 870 3796 τῇ
922 3715 1042 3795 ἕψει
1100 3722 1398 3797 γινομένης
1452 3724 1550 3790 τῆς
1608 3719 2003 3795 περικλάσεως.

352 3809 451 3864 Καὶ
507 3806 655 3885 εἷ’περ
695 3813 760 3880 ἦν
792 3807 883 3865 διὰ
925 3810 1251 3886 παχυτέρων
1309 3810 1400 3865 καὶ
1450 3815 1679 3887 στερεῶν
1737 3809 2005 3884 σωμάτων

351 3898 572 3973 ὁρᾶσθαι
630 3899 722 3955 τὸν
782 3897 968 3969 ἥλιον,
1028 3893 1105 3955 ἔτι
1168 3904 1353 3973 μεῖζον
1404 3899 1464 3954 ἂν
1516 3897 1693 3973 ἔδοξεν
1747 3894 1891 3976 ἔχων
1942 3900 2006 3955 τὸ

356 3986 602 4063 μέγεθος,
632 3987 723 4042 καὶ
751 3988 852 4057 τὴν
883 3986 935 4059 ἐξ
990 3989 1150 4061 ἡμῶν
1210 3986 1501 4044 ἀπόστασιν
1559 3986 1805 4059 πλείονας
1838 3987 2005 4045 πλέον

350 4075 562 4139 πάντως
592 4073 1017 4153 περικλωμένης
1048 4083 1152 4146 τῆς
1184 4070 1384 4152 ὅψεως.

427 4255 513 4331 ιγ’.
546 4254 646 4310 Καὶ
703 4259 808 4310 τῶν
861 4254 986 4329 περὶ
1036 4253 1195 4310 αὐτὸν
1249 4251 1307 4310 δὲ
1371 4253 1760 4330 θεωρουμένων
1820 4253 2006 4337 διαφό-

350 4361 459 4418 ρων
514 4343 827 4422 χρωμάτων
892 4341 1095 4400 ἄλλοτε
1156 4341 1367 4415 ἄλλων,
1423 4346 1459 4414 ἠ
1517 4348 1616 4400 τοῦ
1675 4345 1831 4421 ἀέρος
1893 4345 2002 4402 ἐστὶ

349 4431 582 4503 ποιότης
641 4432 787 4489 αἰτία
841 4434 1162 4510 πασχούσης
1237 4432 1474 4498 ἐντεῦθεν
1553 4441 1655 4504 τῆς
1736 4435 2005 4513 ἡμετέρας

352 4516 534 4595 ὅψεως
589 4521 679 4577 καὶ
737 4521 941 4579 ἄλλοτε
987 4521 1191 4580 ἀλλοῖα
1246 4523 1658 4602 φανταζομένης
1713 4524 1781 4580 τὰ
1837 4526 2005 4602 ὁρατᾶ

2123 607 2645 678 septingentesima
2677 613 2734 663 et
2761 607 3254 680 quinquagesima
3281 626 3418 680 pars
3447 609 3540 665 sui
3570 609 3773 666 circuli

2123 696 2265 752 Cum
2299 696 2455 752 enim
2489 703 2869 752 mensuratur
2896 713 3045 768 aqua
3073 713 3201 768 qua:
3230 697 3455 752 efﬂuxit
3517 715 3584 754 eo
3627 703 3774 755 tem-

2124 801 2282 857 pore,
2316 802 2428 857 quo
2460 802 2672 858 corpus
2704 785 2895 842 solare
2947 790 3138 841 totum
3190 802 3371 859 supra
3410 786 3773 844 horizontem

2123 874 2406 941 ascendit,
2441 878 2820 946 posteaquam
2853 875 3101 947 primam
3134 892 3295 930 oram
3326 876 3607 947 [primum
3642 877 3774 934 lim-

2125 963 2469 1035 bum]super
2485 962 2847 1018 horizontem
2880 963 3190 1019 ostentavit
3213 981 3227 1031 ;
3248 964 3776 1037 septingentesimo.

2124 1055 2181 1106 et
2209 1050 2701 1123 quinquagesima
2730 1068 2870 1122 pars
2899 1052 3077 1106 totius
3109 1068 3273 1123 aquae
3299 1053 3609 1125 reperitur,
3643 1071 3771 1126 quae

2124 1156 2227 1210 per
2253 1143 2442 1194 totum
2475 1139 2630 1194 diem
2689 1144 2746 1194 et
2805 1144 3032 1195 noctem
3096 1140 3339 1196 efﬂuxit.
3402 1142 3531 1198 Haec
3574 1149 3773 1201 autem

2125 1226 2270 1293 ratio
2303 1245 2337 1283 a
2379 1227 2585 1298 primis
2633 1227 2919 1301 Egyptiis
2977 1229 3302 1301 excogitata
3360 1236 3469 1300 est,
3526 1248 3655 1304 qua:
3711 1233 3772 1288 in

2124 1315 2607 1386 azquinoctiorum
2637 1315 3099 1384 inventionibus,
3161 1323 3218 1374 et
3272 1319 3332 1375 in
3389 1318 3523 1377 aliis
3571 1321 3773 1378 multis

2125 1422 2295 1460 suam
2326 1403 2638 1461 utilitatem
2669 1405 2868 1461 habet.

2196 1495 2278 1548 11.
2325 1495 2500 1550 Porro
2532 1493 2619 1549 sol
2648 1495 2693 1530 5°
2721 1511 2858 1551 cum
2889 1495 3076 1551 oritur
3120 1501 3179 1552 et
3216 1498 3445 1566 occidit,
3479 1503 3537 1555 et
3583 1502 3773 1573 major

2128 1582 2552 1655 magnitudine,
2604 1588 2661 1639 et
2691 1584 2866 1640 etiam
2900 1601 2934 1640 a
2963 1585 3133 1641 nobis
3164 1586 3479 1644 distantior
3506 1594 3769 1662 apparet.

2125 1677 2200 1726 At
2227 1689 2361 1727 cum
2393 1672 2451 1726 in
2486 1673 2675 1728 medio
2705 1671 2848 1729 coelo
2877 1673 3125 1746 exsistit,
3172 1681 3227 1730 et
3273 1677 3768 1750 magnitudinem,

2124 1766 2182 1816 et
2209 1762 2548 1816 distantiam
2579 1778 2614 1816 a
2644 1763 2814 1818 nobis
2846 1762 3132 1819 minorem
3167 1764 3378 1820 habere
3406 1764 3636 1822 videtur
3667 1784 3680 1823 :
3715 1772 3775 1824 et

2126 1850 2245 1905 haec
2271 1851 2371 1920 ita,
2406 1867 2540 1906 cum
2567 1854 2765 1907 tamen
2796 1851 3011 1921 ubique
3058 1850 3237 1908 veluti
3267 1852 3570 1925 aequaliter
3595 1855 3774 1913 distet

2125 1956 2158 1995 a
2188 1939 2355 1995 nobis
2376 1939 2442 2009 5°,
2474 1939 2766 2011 siquidem
2788 1940 2961 1996 etiam
2985 1941 3058 1996 ad
3088 1940 3303 2014 ipsium
3336 1943 3627 2015 sphaeram
3659 1948 3771 2002 ter-

2123 2046 2190 2084 ra
2248 2028 2430 2085 centri
2482 2029 2769 2085 rationem
2830 2030 3072 2086 obtinet.
3140 2030 3331 2088 Causa
3403 2035 3599 2090 autem
3660 2038 3767 2106 est,

2123 2119 2275 2189 quod
2298 2118 2493 2189 ipsum
2520 2119 2591 2174 ad
2624 2118 2987 2175 horizontem
3028 2136 3132 2191 per
3162 2119 3476 2177 humidum
3526 2126 3583 2178 et
3612 2139 3770 2180 cras-

2124 2206 2337 2263 siorem
2387 2207 2540 2263 308
2585 2223 2778 2263 aerem
2841 2207 3180 2277 cernimus;
3212 2209 3349 2266 talis
3401 2211 3618 2284 quippe
3655 2216 3769 2282 est,

2122 2296 2218 2368 qui
2242 2299 2406 2351 terrae
2433 2300 2521 2351 est
2550 2296 2797 2353 vicinus.
2843 2296 2988 2352 Hinc
3042 2298 3169 2353 visu
3219 2303 3418 2354 nostro
3477 2301 3772 2358 confracta

2122 2389 2179 2441 et
2208 2387 2396 2455 major
2415 2389 2472 2440 et
2501 2386 2780 2441 remotior
2800 2386 2885 2442 sol
2908 2387 3237 2443 videtur.At
3255 2404 3388 2444 cum
3412 2389 3473 2444 in
3505 2390 3767 2446 medium

2121 2472 2330 2530 coelum
2356 2474 2634 2545 pervenit,
2668 2474 2809 2546 quia
2858 2490 2960 2545 per
3016 2477 3341 2532 tenuiorem
3374 2483 3432 2534 et
3471 2478 3767 2550 puriorem

2123 2578 2315 2619 aerem
2347 2562 2646 2634 aspicitur,
2673 2568 2731 2619 et
2773 2563 2967 2620 minor
3021 2565 3430 2638 magnitudine
3484 2571 3544 2624 et
3599 2569 3769 2626 nobis

2122 2650 2504 2724 prepinquior
2532 2651 2923 2708 existimatur.

2195 2741 2280 2795 12.
2314 2738 2498 2796 Multo
2527 2744 2725 2796 autem
2753 2741 2795 2776 ⁶¹
2828 2741 3111 2812 majorem
3142 2748 3201 2798 et
3254 2743 3629 2802 remotiorem
3663 2763 3767 2820 ap-

2120 2846 2323 2902 parere
2355 2830 2548 2885 ferunt
2577 2828 2651 2885 iis
2672 2829 2773 2901 qui
2804 2830 2999 2902 ipsum
3024 2847 3094 2887 ex
3120 2831 3427 2903 profundis
3456 2834 3650 2907 puteis
3675 2835 3771 2891 in-

2118 2917 2268 2973 tueri
2301 2918 2636 2990 possunt.Id
2667 2923 2859 2975 autem
2884 2924 3132 2992 possunt
3151 2920 3358 2992 utique
3388 2922 3489 2995 qui
3519 2923 3768 2994 Syenem

2116 3006 2544 3072 incolunt.cum
2575 3008 2646 3062 ad
2680 3008 3165 3079 perpendiculum
3189 3009 3337 3081 ipsis
3366 3010 3454 3067 sol
3485 3011 3546 3068 in
3577 3014 3767 3085 puris-

2119 3095 2267 3152 simo
2318 3096 2559 3152 meridie
2611 3113 2751 3152 suos
2805 3097 3005 3154 radios
3081 3098 3366 3155 immittat
3431 3101 3767 3158 aastivarum

2118 3184 2562 3241 conversionum
2595 3190 2877 3258 tempore,
2926 3191 2983 3242 et
3032 3190 3255 3243 terram
3304 3204 3509 3245 eorum
3544 3191 3767 3246 umbra

2118 3278 2410 3347 eXpertem
2441 3274 2609 3329 faciat
2639 3275 2686 3309 ⁶²
2718 3276 2788 3331 ad
2820 3279 3086 3332 taecenta
3141 3276 3261 3333 fere
3305 3278 3498 3334 stadia
3552 3295 3766 3335 secun-

2119 3364 2259 3419 dum
2291 3365 2641 3418 diametrum
2671 3382 2684 3431 ;
2710 3369 2766 3419 et
2781 3369 3066 3437 quotquot
3090 3364 3188 3421 alii
3235 3367 3565 3439 propiorem
3610 3385 3768 3425 zonae

2117 3452 2353 3508 torridas
2398 3451 2824 3508 habitationem
2874 3453 3066 3509 sortiti
3115 3460 3274 3511 sunt.
3328 3455 3518 3528 Major
3566 3461 3768 3513 autem

2118 3541 2212 3596 his
2242 3558 2418 3612 quam
2444 3542 2614 3597 nobis
2646 3541 2730 3597 sol
2762 3542 3143 3615 conspicitur,
3175 3544 3410 3614 quando
3459 3561 3563 3617 per
3609 3562 3769 3602 cras-

2118 3646 2252 3687 sum
2285 3636 2341 3685 et
2372 3630 2683 3686 humidum
2707 3635 2764 3705 et
2793 3648 3078 3702 aquosum
3102 3649 3294 3690 aerem
3319 3633 3612 3706 putealem
3645 3651 3769 3691 cer-

2118 3721 2314 3788 nitur;
2348 3719 2485 3790 quia
2516 3720 2799 3776 nimirum
2838 3721 3025 3777 multa
3074 3738 3144 3777 ex
3199 3721 3310 3777 hoc
3366 3728 3644 3794 aspectus
3702 3723 3772 3779 fit

2116 3808 2451 3865 contractio.
2483 3809 2553 3865 Et
2582 3810 2631 3865 si
2681 3810 2918 3880 quidem
2968 3827 3071 3883 per
3122 3811 3414 3868 crassiora
3468 3816 3526 3868 et
3581 3810 3772 3868 solida

2116 3914 2360 3970 corpora
2389 3899 2569 3954 solem
2605 3898 2760 3954 cerni
2795 3898 3178 3972 contingeret,
3237 3903 3520 3971 majorem
3575 3901 3769 3956 adhuc

2116 3987 2582 4059 magnitudinem
2643 3992 2702 4043 et
2759 3987 3101 4043 distantiam
3165 4005 3199 4043 a
3255 3989 3428 4045 nobis
3492 3990 3768 4046 remotio-

2115 4093 2238 4133 rem
2272 4077 2485 4132 habere
2516 4074 2602 4132 sol
2636 4076 2950 4146 videretur,
2982 4078 3137 4148 quod
3184 4078 3347 4134 visus
3395 4077 3595 4149 utique
3634 4078 3769 4152 plus

2114 4166 2602 4236 confringeretur.

2188 4256 2275 4310 13.
2309 4254 2420 4311 Sed
2463 4258 2523 4309 et
2565 4254 2930 4310 diversorum
2981 4253 3265 4324 colorum,
3298 4255 3397 4327 qui
3430 4256 3582 4313 circa
3610 4257 3766 4313 309

2115 4345 2312 4418 ipsum
2370 4342 2515 4400 alias
2575 4342 2676 4399 alii
2751 4343 3218 4416 conspiciuntur,
3276 4344 3427 4401 aeris
3515 4344 3768 4417 qualitas

2113 4451 2294 4491 causa
2343 4437 2432 4489 est
2462 4458 2476 4501 ;
2506 4433 2739 4505 quando
2786 4432 2925 4488 hinc
2957 4437 3231 4505 aspectus
3291 4434 3531 4506 patitur,
3564 4439 3621 4491 et
3650 4434 3764 4492 alio

2112 4528 2374 4596 tempore
2404 4538 2495 4578 res
2527 4521 2906 4594 aspectabiles
2938 4538 3072 4578 cum
3128 4521 3319 4578 colore
3349 4528 3408 4579 et
3455 4524 3751 4596 magnitu-

350 4611 489 4666 κατά
542 4631 603 4666 τε
656 4615 861 4691 χρῶμα
914 4611 1006 4668 καὶ
1060 4613 1310 4691 μέγεθος,
1351 4609 1596 4684 ἀλλὰδή
1655 4612 1747 4669 καὶ
1778 4633 1999 4691 σχημα-

2125 4613 2270 4683 1ἱοε,
2304 4618 2429 4668 tum
2460 4621 2513 4669 et
2542 4610 2891 4685 ﬁguratione
2920 4611 3258 4669 differentes
3288 4611 3576 4669 intuetur.

346 4697 562 4774 τισμόν.

1597 4938 1939 4997 SYNOPSIS
1975 4939 2252 4997 CAPITIS
2291 4936 2514 4995 XXVII.

1747 5055 1900 5101 QUOD
1942 5055 2042 5095 EST
2077 5055 2149 5094 DE
2188 5054 2360 5094 LUNA.

344 5158 683 5236 LLuuaest
707 5161 935 5236 inﬁmus
972 5161 1334 5236 planetarum
1361 5170 1413 5220 et
1437 5163 1646 5220 multas
1696 5165 2032 5221 mutationes
2062 5166 2124 5220 in
2167 5162 2495 5236 elementari
2539 5161 2769 5236 regione
2808 5158 2998 5236 efﬁcit,
3034 5165 3086 5216 et
3134 5159 3543 5236 oorpusﬂhabet
3584 5176 3767 5236 pense

414 5233 810 5309 caliginosum,
840 5233 933 5290 sed
972 5232 1126 5307 'quod
1157 5239 1340 5290 tamen
1369 5252 1417 5309 αν
1434 5237 1546 5309 sole
1589 5236 1908 5309 illuminari
1948 5238 2141 5309 possit.
2175 5267 2241 5276 -—
2270 5238 2324 5290 2.
2372 5235 2518 5289 Luna
2546 5249 2681 5309 non_
2704 5232 2988 5309 illuminat
3016 5249 3121 5309 per
3152 5235 3542 5309 refraolionem
3580 5232 3764 5309 radio-

414 5304 545 5359 rum
573 5306 704 5361 solis
734 5304 1199 5380 repercussorum,
1248 5312 1311 5361 ut
1338 5307 1518 5380 aliqui
1545 5324 1641 5380 ex,
1662 5304 1963 5363 veteribus'
1982 5309 2413 5380 existimarunt.
2447 5337 2513 5380 -_—
2533 5379 2536 5380 ν
2560 5305 2619 5380 3.
2652 5305 2811 5380 Luna
2860 5304 3221 5359 illuminatur
3249 5321 3284 5380 ᾳ
3316 5306 3452 5380 sole,
3484 5313 3535 5361 et
3581 5307 3767 5380 postea

411 5391 604 5432 aerem
632 5375 955 5450 terramque
997 5379 1306 5446 illuminat,
1338 5375 1471 5435 adeo
1517 5383 1578 5435 ut
1625 5379 1762 5434 luna
1789 5380 1923 5436 soli:
1951 5379 2142 5436 radios
2192 5381 2254 5435 in
2282 5394 2358 5445 se,
2390 5375 2569 5432 veluti
2606 5376 2840 5450 spongia
2886 5392 3091 5450 aquam
3141 5376 3381 5450 excipiat
3427 5384 3479 5432 et
3529 5378 3770 5432 retineat

411 5464 512 5504 nec
535 5446 897 5507 transmittat.
928 5480 1001 5491 —-
1022 5451 1075 5507 4.
1109 5450 1436 5523 Proprietas
1466 5450 1612 5507 lunae
1642 5450 1815 5506 latius
1860 5453 2175 5524 exponitur,
2206 5450 2349 5522 quod
2376 5446 2651 5504 nimirum
2674 5446 2860 5502 radios
2911 5446 3113 5504 salares
3143 5446 3381 5520 acceptos
3410 5462 3523 5504 non
3579 5456 3765 5504 trans-

409 5643 454 5681 ⁸⁸
479 5642 693 5720 gleom.
725 5644 864 5720 l_.__n,
896 5662 949 5704 ο.
983 5646 1037 5702 1.
1067 5716 1087 5720 _
1112 5644 1159 5681 δ’
1186 5643 1339 5720 [1)ἱᾴἶ
1412 5645 1458 5689 ⁸ο
1486 5644 1843 5720 Ptolemaeus
1872 5646 2105 5720 Almag.
2129 5646 2231 5705 lib.
2263 5664 2304 5717 1,
2339 5663 2389 5704 c.
2418 5646 2455 5701 6
2480 5662 2503 5711 ;
2543 5642 2912 5719 Regiomont.
2945 5642 3006 5701 in
3058 5642 3288 5720 Almag.
3347 5643 3451 5702 lib.
3503 5658 3560 5712 ν,
3594 5656 3761 5719 prop.

336 5713 406 5779 21
438 5730 456 5792 ς
483 5715 704 5777 Cleom.
735 5713 937 5791 lib.'n,
977 5733 1030 5778 c.
1060 5716 1120 5777 3.
1203 5716 1248 5756 οι
1280 5715 1498 5777 Cleom.
1527 5714 1571 5777 l.
1602 5735 1673 5792 ιι,
1706 5735 1757 5781 c.
1783 5720 1837 5779 1.

1940 5719 1989 5759 σε
2022 5718 2172 5795 Ibid.
