4114 6458
306 389 467 449 1257
568 416 573 423 κ

1636 376 1985 440 EPITOME
2030 379 2387 443 PHYSICA.

3567 381 3727 442 1258

377 518 444 592 γ’.
499 512 750 570 Φαίνεται
797 515 927 586 γοῦν
979 510 1210 573 ἐντεῦθεν
1267 510 1342 582 μὴ
1393 509 1508 564 κατ’
1559 507 1855 578 ἀνάκλησιν
1903 508 1994 584 ἐκ¹

2146 514 2198 568 3.
2231 516 2485 586 Apparet
2512 515 2692 588 igitur
2716 515 2875 581 hinc,
2925 529 3043 569 non
3094 528 3197 585 per
3253 513 3659 569 refractionem
3693 531 3728 569 a

303 614 404 678 τῆς
461 602 700 675 σελήνης
732 601 867 657 εἶναι
900 600 962 655 τὸ
996 603 1134 677 φῶς,
1166 596 1313 653 ἀλλὰ
1363 600 1479 653 κατ’
1515 595 1764 668 ἰδιότητα
1807 595 1969 672 δεχο-

310 694 475 770 μένης
532 691 701 761 αύτῆς
755 689 851 751 τάς
909 686 1145 758 ἡλιακὰς
1193 687 1413 749 ἀκτῖνας
1472 686 1547 749 είς
1622 687 1811 763 βάθος,
1868 685 1971 740 οὐκ

307 783 383 844 είς
417 779 584 854 μόνην
615 779 714 847 τὴν
745 776 1078 854 ἐπιφάνειαν·
1115 773 1288 837 οὕτως
1351 774 1403 845 ἐξ
1460 774 1629 843 αὐτῆς
1686 775 1779 829 τὸν
1838 772 1971 849 ἀέρα

306 868 627 949 φωτίζεσθαι
659 866 749 921 καὶ
778 866 877 934 τὴν
907 871 1033 941 γῆν.
1066 862 1228 926 Εἰκὸς
1282 862 1372 918 οὖν
1423 861 1675 939 δέχεσθαι
1724 864 1822 931 τὴν
1878 882 1973 916 σε-

312 959 488 1030 λήνην
518 958 581 1012 τὸ
610 959 750 1034 φῶς,
783 954 858 1015 ὡς
886 953 1017 1016 τοὺς
1050 951 1326 1028 σπόγγους
1353 953 1415 1006 τὸ
1449 950 1616 1028 ὕδωρο
1666 952 1742 1024 μὴ
1792 949 1970 1028 φέρειν

315 1045 361 1102 δ’
394 1046 521 1101 αὐτὸ
570 1042 640 1099 δι’
685 1041 821 1113 ὅλης
867 1041 1036 1111 αὐτῆς
1090 1039 1485 1114 διικνούμενον’
1523 1038 1605 1094 ὅτι
1646 1060 1705 1093 τε
1728 1039 1792 1093 τὸ
1846 1037 1976 1092 ταύ-

313 1157 414 1205 της
467 1138 627 1207 σῶμα
698 1130 1020 1206 παχύτητος
1078 1129 1169 1184 καὶ
1226 1129 1565 1197 πυκνότητος
1621 1127 1720 1182 οὐκ
1778 1125 1974 1203 ὀλίγης

319 1224 563 1298 μετέχει,
592 1221 681 1275 καὶ
738 1218 821 1274 ὅτι
870 1219 961 1273 καὶ
1016 1220 1251 1291 μήκοθεν
1300 1212 1591 1273 ἐπιϐάλλει
1646 1215 1815 1289 ταύτῃ
1879 1215 1974 1276 τὰς

319 1312 536 1374 ἀκτῖνας
584 1311 612 1365 ὁ
661 1307 847 1378 ἥλιος.
900 1306 1051 1364 Πολὺ
1097 1307 1199 1384 γὰρ
1237 1305 1529 1385 ἀφέστηκεν
1579 1305 1631 1376 ἐξ
1682 1304 1848 1375 αὐτῆς
1908 1299 1978 1358 εἷ’-

317 1421 418 1476 περ
472 1404 657 1473 μεῖζον
714 1397 749 1466 ἢ
806 1392 1419 1466 ἓπτακαιδεκαπλάσιον,
1452 1394 1620 1470 οὗπερ
1681 1391 1976 1471 ἀφέστηκεν

320 1492 356 1561 ἡ
389 1487 596 1559 σελήνη
628 1493 730 1557 τῆς
758 1493 883 1562 γῆς,
918 1485 993 1547 ὡς
1028 1483 1294 1540 δείκνυται
1322 1487 1681 1560 γραμμικῶς.

401 1664 462 1722 δ’.
491 1662 594 1736 Εἶή
629 1663 675 1719 δ’
705 1663 764 1718 ἂν
807 1660 1019 1732 ἰδιότης
1070 1660 1309 1736 μάλιστα
1352 1667 1454 1731 τῆς
1505 1658 1764 1733 σελήνης,
1800 1656 1981 1733 ὥσπερ

327 1756 392 1812 τὸ
440 1754 538 1817 τὰς
588 1752 822 1823 ἡλιακὰς
874 1752 1092 1813 ἀκτῖνας
1149 1747 1483 1825 εἰσδέχεσθαι
1532 1749 1623 1804 καὶ
1674 1749 1760 1803 ὑπ’
1808 1746 1981 1803 αὐτῶν

2082 599 2223 657 lnna
2252 603 2598 659 esselumen
2634 623 2647 672 ;
2679 604 2781 660 sed
2814 603 2886 659 ab
2916 601 3047 674 ipsa
3076 602 3149 657 ob
3183 617 3352 657 suam
3395 602 3726 675 proprieta-

2080 693 2221 757 tem,
2281 709 2401 762 qua
2431 694 2626 749 radios
2660 693 2883 749 solares
2922 691 3269 757 introrsum,
3302 707 3417 745 non
3449 692 3508 745 in
3537 690 3727 747 solam

2082 780 2452 851 superficiem
2496 782 2722 853 recipit,
2755 796 2949 837 aerem
2994 783 3052 834 et
3109 785 3326 834 terram
3383 777 3729 835 illuminari.

2085 868 2555 926 Consentaneum
2615 871 2798 943 igitur
2867 873 2960 925 est
3018 868 3175 940 quod
3230 867 3374 923 luna
3414 866 3636 936 lumen,
3668 872 3736 923 ut

2086 958 2332 1031 spongia
2385 976 2599 1031 aquam
2653 958 2944 1031 recipiat;
2988 974 3104 1013 non
3157 961 3353 1013 autem
3404 956 3601 1028 ipsum
3631 973 3736 1029 per

2086 1047 2342 1118 seipsam
2375 1052 2554 1104 totam
2589 1064 2899 1120 permeans
2950 1046 3202 1118 accipiat
3235 1062 3249 1114 ;
3278 1049 3335 1101 et
3365 1046 3520 1117 quod
3554 1045 3734 1117 hujus

2090 1152 2303 1207 corpus
2335 1137 2620 1192 crassitiei
2651 1143 2709 1192 et
2739 1136 3047 1192 densitatis
3078 1152 3194 1191 non
3244 1134 3465 1206 exiguae
3496 1134 3572 1190 sit
3596 1151 3737 1207 par-

2089 1224 2297 1297 ticeps,
2332 1230 2389 1281 et
2421 1226 2575 1297 quod
2608 1225 2786 1281 etiam
2816 1223 2905 1281 sol
2928 1224 3065 1279 huic
3118 1222 3350 1280 eminus
3409 1223 3604 1278 radios
3636 1224 3740 1279 ad-

2090 1319 2337 1370 moveat.
2398 1321 2589 1388 Longe
2645 1314 2803 1370 enim
2861 1314 2906 1349 ⁸⁸
2961 1313 3144 1368 distat
3198 1312 3270 1368 ab
3327 1329 3413 1382 ea,
3443 1311 3739 1383 siquidem

2092 1401 2224 1475 plus
2256 1405 2673 1476 septemdecim
2704 1404 2930 1460 vicibus
2972 1418 3151 1474 quam
3211 1400 3355 1457 luna
3401 1418 3436 1457 a
3464 1405 3621 1458 terra
3650 1402 3744 1457 di-

2092 1495 2233 1560 stat,
2281 1492 2782 1564 quemadmodum
2852 1490 3151 1547 lineariter
3192 1489 3320 1561 [seu
3369 1490 3741 1563 geometrice]

2093 1585 2609 1638 commonstratur.

2163 1671 2217 1725 4.
2243 1669 2492 1726 Maxime
2518 1674 2718 1726 autem
2752 1669 3055 1741 prOprium
3104 1667 3280 1726 fuerit
3323 1667 3500 1739 lunae,
3532 1684 3740 1741 quem-

2096 1759 2414 1816 admodum
2446 1760 2641 1815 radios
2669 1757 2890 1814 solares
2915 1756 3165 1829 suscipit
3215 1760 3272 1812 et
3300 1756 3373 1813 ab
3406 1757 3564 1813 814
3591 1756 3740 1830 ipsis

330 1844 652 1923 αὐγάζεσθαι
709 1842 801 1898 καὶ
858 1841 1207 1916 ἀνταυγάζειν
1264 1840 1327 1895 τὸ
1379 1838 1660 1915 περιέχον,
1703 1836 1846 1893 οὕτω
1893 1834 1984 1890 καὶ

2110 1845 2511 1917 .llustratur,et
2539 1847 2845 1903 continens
2865 1845 3124 1902 vicissim
3155 1844 3521 1915 illustrat;ut
3544 1845 3627 1901 ita
3646 1861 3752 1918 per

328 1898 505 2007 τὸ.μὴ
539 1931 608 1988 δι’
639 1930 772 1988 ὅλου
813 1935 911 1985 τοῦ
957 1898 1213 2003 σώματος
1263 1898 1621 2003 αὐτῆςιὲχιέιν
1673 1920 1989 1993 διαϐιϐαζο-

2110 1898 2508 1917 .___-___-__,--
2544 1898 2842 1903 --πη---η
2879 1898 3124 1902 ,ηψπ

2110 1937 2440 1992 universum
2470 1953 2648 1992 suum
2679 1952 2891 2008 corpus
2923 1938 3297 2008 penetrantes
3336 1951 3454 1991 non
3482 1934 3700 1992 habeat
3731 1953 3745 1991 :

337 2025 501 2097 μένας
545 2020 731 2083 αὐτοίς⁹
780 2018 862 2074 ἀεὶ
911 2016 969 2073 δὲ
1011 2019 1149 2095 πρὸς
1199 2018 1293 2073 τὸν
1342 2015 1503 2087 ἥλιον
1554 2014 1987 2093 τετραμμένονὴ

2110 2026 2200 2081 sed
2233 2042 2465 2098 semper
2492 2042 2559 2082 ea
2586 2029 2752 2097 parte
2793 2041 2909 2096 qua
2962 2025 3034 2079 ad
3091 2023 3277 2080 solem
3334 2040 3614 2081 conversa
3662 2028 3753 2080 est

333 2110 539 2183 σελήνη
593 2108 1028 2186 περιαυγάζεται,
1088 2107 1178 2162 καὶ
1253 2104 1457 2162 ἄλλοτε
1527 2104 1692 2162 ἄλλο.
1750 2103 1842 2159 Διὸ
1901 2100 1989 2158 καὶ

2110 2115 2242 2170 luna
2272 2113 2534 2187 undique
2563 2113 2963 2183 collustratur,
2996 2117 3053 2168 et
3095 2112 3240 2169 alias
3299 2112 3433 2169 alia.
3485 2114 3751 2185 Quapro-

336 2198 540 2271 σελήνη
595 2198 813 2274 λέγεται
863 2194 952 2251 διὰ
999 2197 1060 2250 τὸ
1109 2194 1268 2257 σέλας
1311 2196 1429 2251 νέον
1460 2191 1606 2271 ἔχειν
1640 2192 1742 2265 ἀεὶ,
1774 2194 1865 2248 καὶ
1896 2191 1989 2249 οὕ-

2110 2209 2231 2276 pter
2285 2203 2459 2259 etiam
2523 2199 2726 2272 σελήνη
2806 2201 2992 2275 [luna]
3069 2202 3309 2269 dicitur,
3371 2202 3527 2274 quod
3584 2197 3747 2263 σέλας

340 2309 472 2345 ποτε
509 2285 764 2343 παλαιόν.
793 2286 858 2342 Εἰ
912 2285 1005 2359 μὲν
1054 2284 1155 2360 γὰρ
1202 2286 1302 2355 τὴν
1345 2283 1510 2352 αὐτὴν
1541 2284 1725 2359 σχέσιν
1757 2281 1990 2361 ἐφύλατ-

2110 2288 2217 2343 νέον
2251 2290 2329 2361 [id
2364 2294 2471 2356 est,
2504 2288 2705 2345 lumen
2735 2289 2974 2360 novum]
3005 2305 3071 2344 ac
3103 2304 3409 2361 nunquam
3438 2292 3605 2345 vetus
3644 2288 3751 2345 ha-

329 2400 389 2434 τε
418 2376 707 2439 διαπαντὸς
739 2376 876 2451 πρὸς
917 2374 1013 2430 τὸν
1063 2373 1247 2443 ἥλιον,
1278 2372 1333 2428 ’ἐν
1384 2372 1443 2428 ἃν
1502 2373 1619 2450 εἶχε
1681 2373 1844 2447 μέρος
1902 2370 1991 2425 καὶ

2110 2379 2254 2434 beat.
2289 2379 2345 2433 Si
2377 2378 2533 2433 enim
2565 2378 2804 2450 quidem
2834 2378 3106 2434 eumdem
3140 2381 3421 2450 perpetuo
3452 2378 3526 2434 ad
3568 2377 3751 2435 solem

333 2468 397 2523 τὸ
450 2467 539 2522 ὑπ’
592 2464 757 2520 αὐτοῦ
814 2463 1208 2543 φωτιζόμενον
1243 2462 1358 2518 ἐπεὶ
1409 2460 1466 2517 δὲ
1512 2462 1649 2517 κατά
1691 2462 1792 2530 τὴν
1848 2458 1991 2515 πλα-

333 2556 562 2627 νητικήν
616 2553 787 2623 αὐτῆς
844 2550 1066 2629 πορείαν
1137 2552 1271 2607 ποτὲ
1333 2551 1427 2624 μὶν
1491 2551 1855 2627 προσέρχεται
1912 2552 1993 2621 τῷ

334 2644 508 2718 ἡλίῳ,
540 2643 673 2699 ποτὶ
705 2640 752 2697 δ’
781 2642 873 2697 ἀπ’
899 2640 1064 2696 αὐτοῦ
1118 2640 1397 2717 μαλιρύνει⁸
1432 2637 1522 2695 διὰ
1567 2644 1732 2694 τοῦτο
1794 2636 1997 2693 ἄλλοτε

337 2730 480 2789 ἄλλο
543 2733 706 2808 μέρος
756 2729 1152 2807 λαμπρύνεται.
1214 2731 1312 2784 Καὶ
1356 2728 1487 2805 ὅπερ
1537 2728 1744 2783 έστῶσα
1799 2726 1998 2783 πέπον-

342 2834 426 2887 θεν
459 2824 595 2898 ἡγῆ
653 2818 792 2897 πρός
848 2816 941 2873 τὸν
997 2817 1228 2887 ἡλιακὸν
1287 2818 1588 2896 φωτισμὸν,
1619 2820 1781 2871 τοῦτο
1838 2814 1996 2884 καὶὴ

344 2911 546 2982 σελήνη
595 2909 912 2981 κινουμένη.
948 2906 1047 2962 Καὶ
1077 2907 1180 2983 γὰρ
1216 2906 1396 2981 ὥσπερ
1426 2910 1462 2976 ἡ
1494 2913 1563 2981 γῆ
1611 2906 1674 2961 τὸ
1724 2901 1837 2960 ’L'crov
1893 2904 1998 2959 ἀπὸ

341 3005 440 3055 τοῦ
496 2997 662 3069 ἡλίου
714 2993 919 3073 ἔχουσα
976 3000 1111 3074 φῶς,
1146 2994 1349 3052 ἄλλοτε
1403 2993 1549 3051 ἄλλα
1586 2993 1998 3068 καταλάμπεται

353 3088 488 3165 μέρη
548 3087 685 3142 κατά
737 3087 835 3155 τὴν
880 3090 978 3141 τοῦ
1022 3082 1189 3155 ἡλίου
1228 3082 1506 3161 περίοδον,
1540 3082 1999 3160 συμπερινοστού-

352 3199 451 3248 σης
493 3176 639 3249 αύτῷ
666 3175 755 3231 καὶ
783 3182 886 3245 τῆς
918 3172 1277 3248 λαμπηδόνος
1330 3174 1420 3229 καὶ
1474 3180 1574 3244 τῆς
1606 3175 1742 3229 κατά
1767 3173 1866 3242 τὴν
1897 3179 2000 3248 γῆν

2104 2467 2382 2523 retineret
2411 2466 2842 2534 habitudinem,
2877 2482 3053 2521 unam
3094 2465 3272 2522 etiam
3325 2466 3570 2523 haberet
3621 2484 3755 2540 par-

2104 2561 2248 2625 tem,
2278 2572 2407 2627 quae
2436 2556 2508 2611 ab
2537 2554 2666 2627 ipso
2697 2553 3150 2610 illuminaretur.
3199 2553 3346 2618 Quia
3404 2560 3601 2612 autem
3652 2573 3756 2628 pro

2107 2646 2438 2701 errabundo
2470 2661 2578 2699 suo
2611 2659 2929 2716 progressu
2990 2644 3034 2678 ⁵⁷
3084 2643 3384 2699 interdum
3442 2645 3514 2699 ad
3573 2643 3759 2701 solem

2107 2733 2351 2801 accedit,
2382 2733 2683 2789 interdum
2715 2734 2787 2787 ab
2814 2734 3019 2788 eodem
3052 2732 3286 2805 longius
3319 2734 3535 2789 recedit
3568 2751 3582 2801 ;
3615 2750 3760 2806 pro—

2108 2828 2308 2897 pterea
2336 2820 2482 2877 alias
2513 2820 2628 2876 alia
2658 2820 2818 2877 illius
2848 2838 2985 2892 pars
3014 2820 3323 2893 splendore
3366 2821 3759 2894 perfunditur.

2108 2914 2179 2970 Et
2208 2912 2364 2984 quod
2396 2916 2561 2967 terra)
2594 2909 2776 2966 stanti
2806 2910 3094 2983 contingit
3122 2916 3414 2982 quatenus
3445 2928 3481 2968 a
3529 2911 3650 2968 sole
3691 2911 3764 2967 il-

2110 3001 2438 3058 luminatur
2464 3001 2532 3068 6⁸,
2564 3000 2719 3055 idem
2754 2998 2930 3054 etiam
2963 2998 3116 3054 lu‘naa
3168 3016 3295 3071 quas
3354 3005 3621 3056 movetur
3667 3016 3763 3056 ac-

2112 3090 2272 3147 cidit.
2303 3090 2468 3145 Sicut
2499 3088 2656 3144 enim
2688 3094 2844 3143 terra
2874 3104 3001 3159 quae
3041 3089 3266 3160 aequale
3295 3106 3331 3144 a
3386 3087 3508 3144 sole
3562 3088 3764 3145 lumen

2114 3180 2310 3250 habet,
2345 3178 2492 3234 alias
2523 3177 2655 3233 aliis
2685 3176 2952 3249 partibus
2982 3194 3085 3249 pro
3117 3178 3496 3234 conversione
3528 3177 3671 3234 solis
3700 3176 3768 3233 il-

356 3271 526 3328 σκιᾶς·
562 3264 705 3319 οὕτω
732 3262 823 3319 καὶ
854 3266 890 3333 ἡ
923 3261 1126 3335 σελήνη
1170 3263 1233 3318 τὸ
1282 3263 1412 3318 αὐτὸ
1464 3263 1558 3336 μὶν
1611 3259 1727 3337 ἔχει
1774 3265 1888 3340 φῶς
1949 3259 1994 3315 ἐν

2120 3268 2429 3336 lustratur,
2460 3284 2595 3322 cum
2630 3283 2745 3338 quo
2776 3264 3105 3338 [nimirum]
3137 3269 3195 3321 et
3244 3265 3521 3338 splendor
3549 3271 3607 3323 et
3634 3283 3765 3323 um-

352 3359 451 3410 τοῦ
479 3352 644 3424 ἡλίου
702 3350 983 3423 διηνεκῶς,
1013 3352 1074 3407 οὗ
1129 3352 1264 3407 ποτὲ
1315 3352 1409 3426 μὲν
1472 3351 1739 3425 μείζονος,
1768 3350 1902 3405 ποτὲ
1961 3347 2008 3404 δ’

356 3442 648 3506 ἐλάττονος
717 3439 1139 3515 έλλαμπομένου
1200 3442 1397 3515 μέρους
1450 3440 1639 3510 αὐτῆς·
1691 3439 1837 3508 πλὴν
1911 3438 2012 3494 οὐκ

354 3534 437 3589 ἀεὶ
494 3534 554 3588 τὸ
611 3531 742 3587 αὐτὸ
798 3531 889 3587 καὶ
946 3531 1003 3586 ἓν
1055 3530 1481 3610 καταφωτίζεται
1555 3530 1741 3607 μέρος,
1804 3526 1895 3583 διὰ
1947 3528 2011 3583 τὸ

358 3620 617 3701 διάφορον
663 3624 771 3675 τῶν
824 3620 960 3695 πρὸς
1008 3621 1101 3675 τὸν
1151 3617 1315 3688 ἥλιον
1344 3619 1582 3695 σχέσεων
1618 3618 1802 3686 αὐτῆς.
1835 3622 2014 3693 Προσ-

361 3710 550 3782 ιούσης
580 3712 681 3786 γὰρ
710 3713 790 3781 τῷ
820 3707 969 3782 ἡλίῳ
997 3709 1088 3763 καὶ
1138 3706 1303 3763 πάλιν
1357 3708 1767 3783 μακρυνομένης
1825 3705 2011 3775 αὑτοῦ,

359 3800 563 3858 ἄλλοτε
591 3796 736 3854 ἅλλα
789 3797 927 3874 μέρη
978 3796 1179 3868 ταύτης
1231 3795 1604 3873 λαμπρύνεται
1660 3797 1723 3851 τὸ
1780 3794 2012 3866 ἡλιακὸν

361 3890 602 3966 ἐχούσης
652 3891 769 3966 φῶς
813 3884 937 3962 περὶ
966 3887 1029 3940 τὸ
1061 3888 1196 3941 ἅπαν
1248 3885 1450 3957 ταύτης
1509 3890 1667 3960 σῶμα
1724 3884 2017 3963 στρεφόμε-

360 4000 455 4037 νον
487 3974 788 4038 κυκλικῶς.

440 4157 495 4214 ε’.
529 4154 722 4211 Ὁπότε
783 4173 877 4227 μεν
934 4150 1024 4208 οὖν
1084 4150 1308 4215 σύνοδος
1370 4150 1570 4224 εἷίη,τὸ
1598 4153 1737 4227 πρὸς
1795 4151 2020 4229 οὐρανὸν

365 4244 739 4323 τετραμμένον
803 4241 965 4317 μέρος
1019 4240 1189 4312 αὐτῆς
1266 4242 1672 4318 καταυγάζεται.
1731 4239 1862 4296 Τότε
1915 4241 2019 4317 γὰρ

364 4333 495 4390 αὐτὸ
552 4333 689 4411 πρὸς
746 4332 838 4387 τὸν
885 4329 1045 4400 ἥλιον
1094 4329 1289 4408 ἀφορᾷ.
1324 4324 1779 4406 Παραμειϐούσης
1813 4327 1870 4384 δὲ
1925 4331 2022 4398 τῆς

364 4421 599 4493 σελήνης
628 4423 720 4477 τὸν
772 4420 935 4491 ἥλιον
970 4420 1341 4498 ἐπιστρέφεται
1371 4418 1509 4495 πρὸς
1542 4418 1701 4474 ἄύτὸν
1760 4418 1822 4473 τὸ
1857 4419 2020 4496 μέρος

2118 3359 2225 3414 bra
2252 3361 2422 3412 terra:
2472 3354 2650 3412 simul
2710 3354 3245 3411 circumeunt:sic
3301 3360 3358 3411 et
3413 3355 3555 3412 luna
3609 3356 3766 3412 idem

2121 3446 2362 3519 quidem
2391 3462 2425 3500 a
2454 3444 2575 3501 sole
2608 3460 2841 3516 semper
2870 3443 3071 3499 lumen
3102 3443 3299 3513 habet,
3329 3448 3395 3500 ut
3431 3444 3591 3500 haud
3623 3443 3770 3501 alias

2122 3536 2330 3606 major,
2367 3533 2512 3590 alias
2542 3533 2736 3589 minor
2763 3532 2923 3588 illius
2950 3550 3087 3605 pars
3133 3531 3462 3589 illustratur
3492 3551 3507 3602 ;
3537 3550 3772 3590 verum-

2120 3628 2317 3680 tamen
2349 3640 2465 3679 non
2498 3640 2615 3678 una
2646 3638 2879 3694 semper
2905 3621 3231 3695 eademque
3278 3640 3414 3695 pars
3471 3621 3772 3680 illumina-

2122 3713 2403 3784 tur,quod
2434 3710 2673 3767 diversa)
2704 3708 2866 3766 illius
2897 3711 2969 3766 ad
3001 3709 3185 3766 solem
3216 3710 3335 3767 sint
3372 3711 3772 3769 habitudines.

2124 3802 2269 3858 Cum
2301 3800 2562 3867 enimad
2606 3797 2793 3856 solem
2851 3798 3108 3869 accedat,
3167 3802 3225 3853 et
3280 3816 3486 3856 rursus
3544 3801 3617 3856 ab
3646 3801 3776 3873 ipso

2127 3891 2278 3948 315
2307 3889 2541 3962 longius
2572 3888 2853 3956 discedat,
2903 3885 3050 3943 alias
3097 3886 3223 3943 aliaa
3254 3886 3415 3943 illius
3474 3893 3672 3960 partes
3706 3888 3777 3945 il-

2128 3980 2476 4047 lustrantur,
2501 3977 2657 4049 quod
2690 3976 2845 4031 circa
2875 3975 3211 4031 universum
3233 3975 3395 4032 illius
3425 3992 3638 4049 corpus
3658 3976 3781 4034 cir-

2129 4068 2404 4125 culariter
2434 4065 2623 4122 solare
2649 4064 2850 4121 lumen
2880 4068 3268 4120 convertatur.

2198 4158 2253 4212 5.
2288 4156 2351 4212 In
2382 4155 2796 4226 conjunctione
2837 4152 3020 4225 igitur
3046 4153 3114 4223 ‘9,
3147 4169 3283 4225 pars
3324 4151 3485 4209 illius
3535 4154 3609 4209 ad
3669 4170 3782 4211 ecs-

2128 4247 2254 4303 lum
2281 4260 2560 4301 conversa
2606 4242 2935 4298 illustratur
2976 4241 3022 4277 7°
3055 4259 3069 4310 ;
3104 4240 3321 4314 quippe
3378 4245 3505 4297 tum
3546 4242 3650 4299 illa
3704 4244 3778 4300 ad

2129 4334 2314 4392 solem
2345 4333 2601 4405 respicit.
2636 4329 2781 4385 Cum
2813 4333 3009 4386 autem
3066 4329 3247 4385 solem
3282 4334 3577 4402 permutat
3613 4330 3780 4401 luna,

2132 4429 2261 4480 tum
2292 4440 2430 4495 pars
2459 4422 2588 4493 ejus
2619 4421 2689 4475 ad
2729 4418 2914 4482 solem
2963 4418 3337 4486 convertitur,
3386 4436 3513 4490 qua:
3558 4424 3783 4476 terram

367 4512 537 4580 αὐτῆς
569 4510 598 4565 ’ὀ
634 4510 826 4585 βλέπει
877 4510 1014 4584 πρὸς
1073 4514 1204 4585 γῆν.
1254 4508 1353 4565 Καὶ
1409 4512 1573 4563 τοῦτο
1628 4507 1829 4583 γίνεται
1885 4508 1992 4583 πρὸ

2135 4512 2347 4584 aspicit
2380 4527 2394 4567 :
2429 4511 2654 4581 hocque
2684 4509 2751 4564 ﬁt
2772 4525 2876 4580 pro
2902 4507 3243 4563 remotionis
3281 4508 3673 4580 proportione.
3702 4514 3786 4566 Ac

371 4598 536 4675 λόγον
587 4603 685 4654 τοῦ
730 4602 1073 4675 μακρυσμοῦ·
1105 4598 1197 4653 καὶ
1255 4596 1428 4660 οὕτως
1489 4597 1548 4651 ἐκ
1601 4600 1709 4651 τῶν
1771 4594 1993 4671 πλαγίω

383 4686 398 4701 .
572 4685 582 4701 .
867 4687 913 4701 ,μ
977 4689 1000 4701 ..
1127 4689 1140 4701 .
1272 4684 1291 4701 κ
1330 4687 1341 4701 ,
1563 4685 1574 4701 .
1890 4688 1918 4700 ..

2136 4616 2269 4655 cum
2298 4599 2380 4654 ita
2409 4614 2478 4654 ex
2506 4597 2745 4669 obliquo
2776 4595 2917 4652 luna
2946 4595 3270 4651 illuminari
3294 4595 3786 4669 incipit,primum

374 4685 651 4763 ἀρχομένη
739 4687 1061 4765 φωτίζεσθαι
1116 4689 1151 4756 ἡ
1211 4684 1440 4757 σελήνη,
1518 4685 1720 4760 γίνεται
1807 4688 1994 4762 πρῶτο

2136 4687 2349 4744 facalta
2377 4687 2445 4742 fit
2478 4709 2492 4760 ς
2526 4703 2661 4742 cum
2691 4684 2927 4757 longius
2958 4685 3285 4752 recesserit,
3310 4685 3789 4753 dimidiata,inde

380 4773 699 4848 μηνοειδής’
756 4774 1102 4852 μακρύνουσα
1148 4772 1195 4830 δ’
1244 4774 1522 4846 έπιπλέον,
1571 4771 1890 4849 διχότομος·
1934 4773 1994 4828 εἴη

2138 4775 2488 4850 praetumida
2522 4793 2536 4843 ;
2570 4774 2804 4846 quando
2826 4773 3080 4844 denique
3110 4773 3381 4829 dimensa
3404 4773 3587 4830 solem
3620 4773 3798 4830 fuerit

375 4864 734 4943 ἀμφίκυρτος.
809 4867 1221 4940 Διαμετρήσασα
1278 4861 1335 4918 δὲ
1388 4863 1480 4919 τόν
1564 4861 1727 4932 ἥλιον
1805 4861 1994 4939 πλήρη

2142 4867 2253 4922 hoc
2283 4867 2392 4933 est,
2425 4881 2528 4936 per
2555 4863 2910 4918 diametrum
2941 4861 3050 4918 soli
3082 4862 3418 4935 opponitur,
3468 4863 3641 4935 plena
3669 4863 3797 4919 effi-

378 4953 726 5030 ἀπαρτίζεται
772 4952 863 5008 καὶ
902 4952 1262 5024 πανσέληνος.
1291 4949 1431 5021 Ἤδη
1485 4949 1542 5007 δὲ
1584 4953 1683 5021 τήν
1744 4949 1994 5028 διάμετρο

2143 4955 2316 5020 citur,
2341 4959 2397 5009 et
2427 4952 2656 5009 exsistit
2685 4950 3096 5023 plenilunium.
3125 4951 3259 5007 Jam
3308 4968 3442 5008 vero
3502 4968 3638 5007 cum
3670 4955 3801 5025 ipsa

379 5036 830 5118 παραμειϐούσης
886 5040 1074 5114 αὐτῆς,
1119 5042 1209 5097 καὶ
1255 5046 1335 5114 τῷ
1391 5040 1542 5115 ἡλίῳ
1598 5039 1764 5096 πάλιν
1812 5061 1994 5117 προσεε

2146 5042 2363 5100 deserit
2393 5041 2767 5108 diametrum,
2799 5043 2857 5095 et
2885 5040 3077 5094 denuo
3109 5040 3181 5094 ad
3213 5039 3398 5095 solem
3451 5041 3692 5110 accedit,
3725 5042 3800 5097 ad

381 5131 650 5208 χομένης,
686 5130 759 5193 είς
787 5130 851 5186 τὸ
880 5131 1015 5207 πρὸς
1046 5130 1270 5208 οὐρανὸν
1327 5131 1699 5207 τετραμμένον
1759 5128 1927 5199 αὐτῆς
1982 5129 1994 5184 ἐ

2149 5136 2376 5205 partem
2406 5128 2566 5184 illius
2599 5144 2727 5198 quas
2769 5128 2839 5182 ad
2891 5127 3103 5183 coelum
3149 5144 3427 5184 conversa
3475 5146 3545 5185 ex
3573 5146 3642 5185 ea
3673 5146 3801 5202 qua

379 5225 477 5276 τοῦ
507 5221 644 5295 πρὸς
703 5221 851 5294 ἡμᾶς
901 5221 1142 5297 ὁρῶντος
1190 5221 1326 5275 κατὰ
1370 5218 1534 5294 λόγον
1575 5219 1639 5273 τὸ
1684 5223 1798 5296 φῶς
1857 5238 1994 5293 περιι

2152 5237 2260 5276 nos
2291 5220 2574 5285 intuetur,
2606 5215 2811 5271 habita
2849 5215 3245 5288 proportione,
3296 5216 3498 5273 lumen
3556 5217 3806 5274 circum-

379 5330 552 5388 γεταιο
589 5310 787 5386 μέχρις
842 5307 901 5364 ἂν
952 5307 1181 5364 συνόδου
1231 5306 1530 5385 γενομένης
1585 5307 1994 5385 ἀφώτιστον-χι

2154 5309 2372 5383 agitur,
2405 5307 2588 5363 donec
2622 5305 3033 5376 conjunctione
3084 5304 3240 5361 facta
3297 5323 3414 5362 non
3472 5305 3811 5364 illuminata

379 5397 698 5477 ταλειφθείη
754 5396 980 5462 τελείως
1024 5400 1160 5453 ἅπαν
1209 5397 1273 5453 τὸ
1303 5398 1438 5474 πρὸς
1488 5397 1637 5470 ἡμᾶς
1689 5393 1897 5472 βλέπον
1949 5418 1994 5471 με

2155 5397 2526 5469 relinquatur
2553 5394 2828 5451 universa
2857 5394 2979 5450 haec
3010 5410 3147 5466 pars
3195 5393 3361 5451 illius
3414 5411 3543 5468 quis
3572 5397 3646 5453 ad
3701 5412 3811 5453 nos

459 5616 505 5651 ⁵⁸
534 5613 687 5685 Ptol,
715 5612 868 5669 Alm.
900 5613 942 5686 l,
971 5630 1025 5669 v-
1059 5630 1107 5670 c.
1137 5612 1503 5686 15._Car_da_n.
1526 5611 1616 5686 De
1641 5609 1855 5686 Subtil,
1888 5628 1975 5686 ιιι,

2110 5611 2217 5669 [89.
2311 5610 2355 5647 ⁸⁷
2385 5608 2604 5668 Cleom.
2638 5606 2740 5679 lib,
2773 5623 2837 5682 ιι,
2868 5623 2919 5666 c.
2950 5608 3005 5666 5.
3098 5609 3143 5645 ⁸⁸
3173 5608 3393 5668 Cleom.
3435 5610 3538 5683 lib,
3571 5629 3635 5684 ιι,
3667 5628 3718 5674 c.
3750 5611 3813 5675 3.

382 5687 429 5733 ⁸9
458 5681 683 5749 Cleom.
713 5702 772 5758 ιι,
806 5702 857 5743 ο.
885 5685 937 5740 4.
1014 5685 1060 5720 ⁷ο
1088 5683 1398 5742 Reinhold.
1432 5684 1495 5741 in
1526 5682 1764 5747 'l‘heort.
1799 5681 1986 5746 Purb.

673 5813 942 5879 Persen.
990 5812 1106 5879 Gn.
1150 5810 1380 5885 CXLII.
3456 5812 3540 5885 40
