4114 6426
329 385 486 445 1259

1583 377 2012 440 NICEPHORI
2054 376 2502 439 BLEMMIDJE

3594 385 3754 446 1260

325 516 583 588 respicit.
626 513 876 570 Proinde
917 513 1012 570 hic
1059 513 1298 586 quidem
1350 513 1575 569 lunaris
1629 509 1976 568 incrementi

2095 527 2187 583 ρος
2240 482 2428 578 αὐτῆς.
2462 505 2646 570 Οὕτως
2693 508 2787 581 μὶν
2819 507 2910 564 οὖν
2947 511 2974 565 ὁ
3001 509 3204 584 τρόπος
3253 518 3355 582 τῆς
3414 511 3750 586 σεληνιακῆς

329 609 387 662 et
415 605 774 661 decrementi
805 604 1017 660 modus
1049 608 1160 659 est.

403 695 458 750 6.
492 694 778 749 Praeterea
806 697 1004 749 autem
1040 709 1110 748 ex
1141 692 1225 747 eis
1257 707 1382 761 quas
1413 690 1766 758 inferuntur,
1801 688 1987 745 mani-

337 783 574 839 festoria
623 782 816 839 adhuc
847 785 1020 837 erunt
1049 798 1174 853 qua
1225 781 1297 836 de
1327 780 1472 852 ipsis
1530 779 1827 837 dicuntur.
1865 780 1985 834 Duo

340 876 399 930 in
428 873 571 928 luna
601 870 804 928 circuli
851 870 1257 942 concipiantur
1299 869 1343 904 τί
1381 886 1396 925 :
1431 885 1604 937 unus,
1649 885 1760 939 quo
1804 883 1986 938 Opaca

342 963 501 1019 illius
533 978 668 1035 pars
699 961 771 1016 ab
830 959 1164 1015 illuminata
1218 958 1592 1025 discernitur,
1652 957 1751 1029 qui
1809 957 1982 1012 etiam

343 1053 498 1109 310
529 1055 806 1124 perpetuo
838 1053 1146 1105 mutantur
1179 1093 1191 1117 ,
1225 1048 1369 1104 alter
1400 1064 1514 1119 quo
1574 1051 1880 1119 separatur
1920 1062 1988 1102 ea

339 1158 476 1214 pars
506 1157 632 1212 quae
664 1156 698 1195 a
727 1138 896 1194 nobis
927 1138 1184 1194 cernitur
1206 1137 1276 1192 ab
1311 1153 1377 1192 ea
1401 1153 1527 1207 quae
1561 1152 1675 1191 non
1706 1134 1984 1203 cernitur;

339 1231 440 1304 qui
469 1229 646 1286 etiam
695 1233 786 1284 est
831 1226 1222 1283 immutabilis
1271 1231 1328 1280 et
1374 1224 1714 1281 immobilis.
1768 1226 1985 1280 llorum

337 1324 544 1376 nenter
575 1321 665 1374 est
693 1316 986 1372 maximus
1017 1314 1404 1387 circulus,qui
1427 1314 1618 1386 ipsam
1649 1313 1710 1368 in
1737 1312 1988 1385 aequales

336 1412 533 1481 partes
565 1423 761 1463 secare
787 1405 994 1478 possit.
1030 1405 1177 1461 Nam
1209 1408 1298 1459 est
1327 1403 1414 1459 sol
1446 1404 1492 1437 ⁷2
1525 1420 1659 1458 cum
1692 1404 1880 1474 major
1911 1401 1989 1458 sit

337 1513 516 1570 quam
546 1495 708 1564 luna,
739 1493 874 1566 plus
904 1493 1066 1549 illius
1099 1493 1409 1548 medietate
1439 1491 1753 1562 illuminat,
1769 1495 1826 1546 et
1855 1508 1986 1564 pro-

337 1587 475 1642 inde
506 1586 633 1640 sine
663 1581 1059 1640 controversia
1088 1581 1282 1636 minor
1311 1585 1401 1636 est
1430 1580 1707 1636 maximis
1755 1581 1814 1635 in
1849 1580 1989 1636 luna

339 1673 573 1732 circulis
603 1672 830 1744 hic,qui
859 1687 1100 1744 opacam
1118 1669 1277 1726 illius
1296 1674 1520 1742 partem
1553 1671 1626 1726 ab
1657 1669 1990 1725 illuminata

341 1763 642 1836 dispescit.
683 1763 754 1816 Et
799 1777 935 1816 vero
965 1760 1009 1794 ⁷⁸
1060 1759 1238 1815 etiam
1269 1759 1368 1832 qui
1414 1775 1448 1814 a
1495 1763 1693 1815 nostro
1743 1763 1987 1831 aspectu

343 1858 450 1922 est,
485 1850 721 1908 circulis
752 1850 811 1904 in
844 1849 983 1904 luna
1013 1847 1285 1904 maximis
1317 1847 1508 1902 minor
1541 1853 1630 1904 est
1663 1865 1673 1903 :
1708 1848 1987 1919 quoniam

351 1942 664 1999 medietate
693 1937 854 1995 illius
893 1938 1090 1994 minus
1119 1937 1391 1992 videmus
1427 1955 1440 2005 ;
1476 1941 1783 2009 propterea
1831 1938 1987 2009 quod

345 2032 550 2089 oculus
579 2029 680 2102 qui
711 2029 866 2084 videt
893 2043 1127 2100 parvus,
1160 2030 1218 2081 et
1244 2026 1303 2080 id
1333 2026 1485 2096 quod
1543 2026 1790 2093 videtur,
1820 2025 1988 2082 valde

344 2135 627 2194 magnum
656 2119 754 2174 sit.
779 2119 1146 2189 Quapropter
1176 2120 1233 2171 et
1263 2115 1357 2170 hic
1405 2114 1679 2183 circulus,
1713 2115 1813 2188 qui
1871 2132 1987 2170 non

341 2211 402 2266 in
433 2207 708 2280 aequales,
742 2207 842 2263 sed
888 2204 1204 2276 inaequales
1257 2208 1454 2276 partes
1508 2204 1713 2259 lunam
1761 2203 1987 2274 dividit,

344 2298 618 2356 maximis
666 2296 726 2351 in
775 2295 878 2352 illa
933 2292 1166 2350 circulis
1225 2294 1420 2349 minor
1474 2297 1580 2349 est.
1639 2295 1988 2365 Quanquam

341 2388 533 2460 quoad
564 2401 805 2442 sensum
839 2383 1012 2440 ambo
1061 2383 1237 2439 etiam
1297 2382 1737 2440 commemorati
1787 2381 1986 2437 circuli

343 2475 586 2534 maximi
616 2477 916 2546 apparent.
951 2473 1018 2527 Et
1046 2473 1314 2527 eamdem
1346 2471 1584 2543 quidem
1628 2471 1990 2544 magnitudi-

345 2581 481 2622 nem
513 2579 744 2634 semper
772 2561 988 2617 babere
1007 2561 1279 2617 videntur
1311 2604 1323 2628 ,
1356 2576 1559 2615 verum
1582 2559 1989 2616 habitudinem

345 2654 417 2709 ad
449 2668 510 2709 se
539 2651 789 2707 invicem
822 2649 1089 2706 eamdem
1124 2666 1240 2704 non
1272 2648 1545 2717 retinent;
1569 2649 1668 2703 sed
1706 2647 1989 2721 multipli-

345 2741 490 2797 citer
520 2741 998 2806 immutantur,et
1022 2737 1463 2792 multiformiter
1492 2737 1994 2809 transﬁgurantur

344 2834 413 2886 Et
441 2829 586 2886 alias
618 2828 854 2900 quidem
884 2829 1219 2898 congruunt
1249 2825 1362 2881 sibi
1391 2825 1665 2894 invicem,
1707 2825 1853 2882 alias
1884 2843 1994 2881 au-

346 2925 466 2976 tem
500 2919 571 2975 ad
614 2918 936 2974 sectionem
981 2915 1361 2972 inclinantur.
1413 2918 1676 2987 Suntque
1725 2914 1993 2986 plurimm

348 3009 676 3066 sectionum
707 3006 1094 3063 diversitates.
1145 3006 1297 3061 817
1348 3005 1450 3060 sed
1509 3005 1637 3060 duas
1694 3003 1995 3077 generales

342 3100 414 3155 ad
446 3095 695 3169 angulos
727 3099 914 3152 rectos
941 3097 999 3150 et
1027 3095 1100 3151 ad
1122 3093 1585 3150 inclinationem.
1627 3093 1737 3150 Sed
1769 3098 1827 3150 et
1855 3111 1994 3150 con-

351 3187 629 3261 gruentiae
659 3183 996 3241 istiusmodi
1024 3183 1378 3240 circulorum
1410 3184 1537 3239 duae
1565 3187 1797 3240 tantum
1845 3181 1998 3241 ﬁunt

2095 596 2368 668 αὐξήσεως
2395 596 2486 652 καὶ
2523 598 2818 671 μειώσεως.

2165 691 2228 749 ς’.
2263 685 2380 739 Ἔτι
2436 683 2493 739 δὲ
2552 682 2640 740 διὰ
2691 690 2798 741 τῶν
2856 686 3202 762 ἐπαγομένων
3260 686 3406 746 ἔσται
3456 691 3751 771 σαφέστερα

2090 775 2159 829 τὰ
2204 773 2328 849 περί
2377 773 2573 830 αὐτῶν.
2609 774 2713 830 Δύο
2759 775 2954 832 κύκλοι
3012 778 3333 842 νοείσθωσαν
3369 779 3422 835 ἐν
3453 785 3522 856 τῇ
3580 781 3748 852 σελή-

2094 885 2177 938 νῃ.
2240 865 2335 926 Εἷς
2394 865 2512 936 μὲν,
2546 861 2944 937 ᾧδιακρίνεται
3001 867 3064 922 τὸ
3121 870 3331 946 σκιερὸν
3393 870 3583 945 αὐτῆς,
3643 871 3751 926 ἀπὸ

2093 957 2190 1006 τοῦ
2248 953 2681 1030 πεφωτισμένον),
2742 955 2800 1014 ὃς
2857 953 2946 1008 καὶ
3003 955 3084 1008 ἀεὶ
3167 956 3508 1029 μεταπίπτειο
3564 954 3752 1036 ⁴έτιιρος

2097 1039 2173 1112 δὲ,
2208 1042 2253 1113 ᾧ
2285 1041 2579 1118 χωρίζεται
2637 1043 2700 1096 τὸ
2752 1042 2953 1114 ταύτης
2987 1044 3072 1121 ὑφ’
3112 1047 3272 1118 ἡμῶν
3315 1047 3594 1124 ὁρώμενον
3647 1048 3756 1104 ἀπὸ

2093 1134 2190 1184 τοῦ
2225 1131 2301 1202 μὴ
2350 1131 2651 1208 ὁρωμένων
2712 1132 2773 1194 ’ὸς
2829 1132 3217 1204 ἀμετάπτωτός
3268 1135 3379 1192 ἐστι
3409 1135 3501 1191 καὶ
3557 1137 3754 1208 ἀκίνη-

2093 1241 2207 1281 τος.
2240 1220 2455 1276 Τούτων
2490 1220 2740 1298 ἑκάτερος
2774 1220 2874 1276 οὐκ
2922 1220 3032 1277 ἔστι
3095 1222 3347 1298 μέγιστος
3401 1225 3628 1301 κύκλος,
3680 1227 3757 1289 εἷς

2099 1308 2184 1363 ἴσα
2212 1308 2425 1382 τέμνειν
2453 1309 2653 1381 ταύτην
2687 1307 3006 1384 δυνάμενος.
3040 1315 3105 1366 Ὅ
3146 1334 3203 1368 τε
3256 1315 3360 1391 γὰρ
3413 1313 3577 1384 ἥλιος
3636 1317 3756 1390 μεί-

2099 1405 2203 1468 ζων
2232 1406 2332 1468 τῆς
2362 1399 2595 1470 σελήνης
2628 1397 2725 1469 ὢν,
2756 1399 2924 1456 πλέον
2953 1401 3175 1480 φωτίζει
3207 1407 3306 1458 τοῦ
3360 1404 3564 1476 ταύτης
3616 1407 3756 1480 ἠμί-

2099 1509 2238 1550 σεος·
2271 1489 2361 1542 καὶ
2387 1485 2475 1542 διὰ
2503 1493 2668 1542 τοῦτο
2703 1489 2870 1561 μείων
2905 1491 3365 1568 ὁμολογουμένως
3404 1497 3512 1549 τῶν
3573 1493 3626 1549 ἐν
3683 1499 3755 1569 τῇ

2099 1576 2301 1650 σελήνῃ
2362 1577 2624 1653 μεγίστων
2678 1577 2896 1633 κύκλων
2927 1578 3067 1635 ἐστὶν
3101 1581 3128 1634 ὁ
3159 1582 3222 1636 τὸ
3277 1581 3482 1652 ταύτης
3541 1584 3753 1659 σκιερὸν

2100 1665 2158 1720 ἐκ
2212 1671 2309 1720 τοῦ
2376 1666 2788 1743 πεφωτισμένου
2854 1665 3225 1746 διαχωρίζων·
3286 1669 3316 1724 δ
3371 1691 3432 1726 τε
3489 1670 3596 1728 ἀπὸ
3649 1673 3753 1741 τῆς

2098 1754 2367 1832 ἡμετέρας
2400 1751 2577 1831 ὅψεως
2609 1756 2815 1830 ὁμοίως
2848 1755 3084 1812 έλάττων
3127 1757 3239 1814 ἐστὶ
3280 1764 3386 1814 τῶν
3437 1760 3488 1815 έν
3539 1764 3609 1836 τῇ
3666 1782 3754 1817 σε·

2019 1887 2066 1951 Β
2101 1843 2238 1918 λήνῃ
2291 1843 2555 1920 μεγίστων
2615 1843 2856 1900 κύκλωψ
2914 1845 3028 1901 ἐπεὶ
3085 1852 3182 1902 τοῦ
3237 1848 3470 1921 ἡμίσεος
3527 1847 3754 1906 ἔλαττον

2105 1934 2118 1951 ρ
2176 1938 2196 1948 ς
2391 1933 2403 1950 ν
2452 1941 2479 1951 ..
2573 1931 2596 1951 εκ
2635 1933 2648 1951 ς
2725 1935 2740 1951 ι
2952 1935 2967 1951 κ
3089 1934 3114 1951 ν
3290 1938 3303 1951 .
3376 1939 3390 1951 .
3442 1943 3470 1951 ..
3575 1935 3600 1951 ,ι

2098 1934 2312 2010 ὁρῶμεν
2347 1933 2534 2003 αὐτῆς·
2569 1931 2658 1988 διὰ
2685 1935 2747 1989 τὸ
2775 1935 3003 2012 σμικρὸν
3064 1934 3193 1992 εἶναι
3249 1938 3312 1991 τὸ
3369 1939 3511 2014 ὁρῶν
3571 1935 3752 2014 ὄμμα,

2096 2024 2186 2078 καὶ
2243 2023 2306 2077 τὸ
2367 2023 2640 2097 ὁρώμενον
2709 2023 3104 2101 πολυμέγεθες⁶
3165 2024 3302 2082 ὥστε
3358 2027 3447 2082 καὶ
3506 2029 3663 2091 οὗτος
3726 2030 3756 2084 ὁ

2095 2111 2297 2175 κύκλος
2331 2112 2392 2167 ού
2421 2113 2633 2186 τέμνων
2669 2113 2745 2175 εἷς
2776 2109 2865 2169 ἴσα
2889 2115 2985 2184 τὴν
3046 2115 3307 2189 σελήνην,
3333 2115 3458 2172 ἀλλ’
3515 2118 3590 2180 εἷς
3642 2115 3760 2173 ἄνι-

2099 2223 2163 2255 σα
2218 2206 2324 2256 τῶν
2385 2201 2436 2255 ἐν
2497 2202 2632 2276 αὐτῇ
2687 2201 2950 2278 μεγίστων
2995 2202 3213 2260 κύκλων
3250 2205 3415 2280 μείων
3476 2205 3635 2263 ἐστίν.
3665 2214 3760 2271 Ὦς

2103 2292 2286 2362 μέντοι
2327 2291 2463 2367 πρὸς
2517 2288 2760 2362 αἶ’σθησιν
2790 2293 2841 2346 οἱ
2873 2292 3154 2368 εἰρημένοι
3185 2294 3275 2348 καὶ
3331 2293 3498 2373 ἄμφω
3553 2296 3756 2353 κύκλοι

2100 2381 2374 2458 φαίνονται
2434 2381 2697 2457 μέγιστον
2730 2382 2819 2437 καὶ
2874 2381 2938 2437 τὸ
3000 2384 3094 2456 μὲν
3152 2382 3281 2438 αὐτὸ
3343 2385 3572 2461 μέγεθος
3601 2385 3757 2462 ἔχειν

2101 2467 2347 2524 δοκοῦσιν
2379 2469 2484 2541 ἀεὶ,
2511 2469 2695 2546 σχέσιν
2729 2467 2786 2525 δὲ
2812 2471 2948 2547 πρὸς
2985 2470 3272 2543 ἀλλήλους
3330 2473 3393 2528 οὐ
3453 2471 3757 2553 διαφυλάτ-

2097 2579 2249 2613 τουσι
2281 2559 2379 2627 τήν
2412 2557 2599 2627 αὐτὴψ
2635 2557 2778 2614 ἀλλὰ
2830 2557 3140 2636 πολλαχῶς
3183 2559 3607 2619 ἐναλλάσσονται
3661 2565 3757 2621 καὶ

2100 2644 2408 2709 πολυειδῶς
2470 2648 3070 2724 μετασχηματίζονται·
3107 2650 3197 2705 καὶ
3251 2652 3385 2706 ποτὲ
3445 2654 3540 2726 μὲν
3590 2654 3757 2732 ἐφαρ-

2105 2737 2360 2810 μόζουσιν
2419 2735 2713 2810 ἀλλήλοις,
2748 2739 2882 2793 ποτε
2921 2735 2968 2792 δ’
3012 2738 3352 2815 ἐγκλίνονται
3408 2740 3486 2804 εἷς
3545 2747 3754 2817 τομήν.

2101 2826 2201 2881 Καὶ
2239 2829 2346 2880 τῶν
2399 2830 2585 2901 τομῶν
2632 2828 2686 2880 αἱ
2731 2825 3083 2904 παραλλαγαὶ
3115 2826 3369 2884 πλεῖσταί
3427 2830 3580 2886 εἷσιν’
3641 2831 3752 2888 ἀλλ

2105 2916 2159 2970 αἱ
2188 2914 2396 2991 γενικαὶ
2430 2912 2526 2970 δύο
2574 2916 2710 2992 πρὸς
2757 2916 2920 2992 ὀρθὰς
2968 2917 3058 2972 καὶ
3105 2920 3222 2973 κατ’
3271 2915 3535 2994 ἔγκλισιν.
3568 2920 3757 2979 Γίνον-

2100 3026 2190 3061 ται
2221 3003 2280 3060 δέ
2305 3003 2396 3060 καὶ
2429 3004 2734 3083 ἐφαρμογαὶ
2761 3011 2869 3060 τῶν
2911 3005 3172 3062 τοιούτων
3221 3007 3440 3064 κύκλων
3502 3007 3594 3064 δύο
3654 3011 3756 3084 μό-

2103 3115 2232 3166 νως,
2265 3092 2317 3150 ἔν
2349 3115 2407 3149 τε
2462 3091 2672 3166 συνόδῳ
2719 3093 2807 3148 καὶ
2861 3093 3202 3168 πανσελήνῳ.
3262 3097 3640 3172 Παραθεούσης
3694 3096 3756 3155 δὲ

2101 3191 2204 3255 τῆς
2251 3182 2487 3254 σελήνης
2546 3182 2651 3238 ἀπὸ
2709 3181 2935 3238 συνόδου
2992 3185 3084 3238 τὸν
3131 3183 3315 3257 ἥλιον,
3353 3183 3642 3242 διίστανται
3702 3190 3759 3244 οἱ

347 3260 406 3333 et
434 3276 495 3331 in
527 3275 937 3346 conjunctione
969 3276 1027 3329 et
1053 3271 1396 3345 plenilunio.
1429 3277 1572 3328 Cum
1621 3276 1818 3329 autem
1848 3273 1981 3330 luna

2103 3272 2299 3331 κύκλοι
2353 3271 2442 3327 καὶ
2503 3269 2886 3327 ἀποκλίνουσιν
2941 3272 3019 3334 εἰς
3074 3275 3276 3346 τομήν
3311 3274 3387 3337 ὡς
3442 3275 3634 3352 ὀλίγον
3693 3279 3760 3334 τὸ

343 3383 378 3422 a
408 3365 816 3438 conjunctione
847 3364 1031 3421 solem
1074 3363 1486 3435 praetercurrit,
1518 3367 1647 3418 tum
1696 3362 1990 3418 dirimun-

340 3462 439 3513 tur
466 3452 668 3510 circuli
701 3458 761 3509 et
789 3454 860 3509 ad
892 3452 1210 3509 sectionem
1241 3452 1539 3508 declinant
1568 3469 1581 3506 :
1616 3455 1682 3506 ut
1709 3452 1986 3524 exiguum

338 3545 494 3618 quod
524 3543 679 3599 inter
703 3543 1011 3598 amborum
1047 3541 1578 3597 circumferentiam
1609 3539 1982 3613 relinquitur,

335 3635 534 3707 ipsum
563 3633 850 3688 duntaxat
903 3630 1306 3686 illuminatum
1355 3630 1434 3686 sit
1479 3631 1671 3703 quoad
1730 3647 1857 3687 nos.
1915 3631 1986 3686 Et

333 3721 938 3796 ejuscemodihorum
968 3720 1324 3776 circularum
1383 3737 1416 3775 a
1473 3719 1853 3793 congruentia
1909 3721 1982 3776 ad

331 3813 651 3869 sectionem
683 3811 995 3879 transitus,
1025 3809 1298 3866 falcatam
1328 3808 1480 3865 lunaa
1522 3810 1771 3881 ﬁguram
1802 3809 1983 3865 efﬁcit

331 3902 619 3966 Quoniam
650 3905 846 3957 autem
880 3915 1113 3970 semper
1153 3915 1220 3954 eo
1280 3899 1725 3972 progrediendo,
1787 3903 1852 3954 ut
1906 3899 1979 3955 ad

332 3990 577 4063 angulos
599 3994 788 4047 rectos
807 4004 870 4044 se
884 3987 1563 4058 secent,illuminationis
1584 3987 1764 4044 etiam
1789 3987 1981 4059 splen-

331 4080 532 4136 dorem
574 4079 892 4151 adaugent,
938 4077 1162 4137 medio.
1194 4077 1544 4132 circulorum
1595 4076 1870 4133 sectionis
1917 4076 1977 4132 in

327 4168 430 4224 tali
460 4183 806 4240 progressus
835 4166 1191 4233 illuminato,
1242 4165 1478 4236 quando
1510 4165 1640 4236 ipsa
1691 4165 1870 4220 sectio
1902 4167 1973 4222 ad

329 4257 576 4330 angulos
604 4261 792 4312 rectos
823 4256 1016 4322 fuerit,
1047 4254 1190 4310 luna
1219 4253 1491 4309 bifariam
1522 4257 1680 4310 secta
1709 4258 1971 4325 apparet.

325 4347 472 4402 Cum
502 4349 699 4401 autem
730 4347 802 4400 ab
832 4344 942 4400 hac
971 4344 1160 4416 ﬁgura
1189 4343 1262 4398 ad
1293 4342 1540 4415 angulos
1580 4343 1821 4398 obtusos
1844 4343 1972 4414 jam

322 4435 648 4508 procedunt
675 4432 1181 4505 circuli,utrinque
1207 4431 1512 4499 gibbosam
1536 4430 1687 4486 lunaa
1719 4431 1969 4504 figuram

319 4525 564 4580 faciunt.
597 4523 824 4578 Rursus
855 4526 1052 4578 autem
1103 4522 1246 4576 dum
1287 4521 1344 4575 in
1396 4521 1682 4575 diametro
1723 4521 1804 4591 [id
1853 4525 1965 4587 est,

2103 3361 2297 3438 μεταξὺ
2327 3369 2428 3432 τῆς
2456 3361 2797 3440 περιφερείας
2838 3361 3038 3440 ἀμφοῖν
3103 3361 3534 3438 ἀπολειπόμενον
3593 3371 3759 3424 τοῦτο

2102 3452 2264 3527 μόνον
2322 3451 2454 3506 εἶναι
2509 3452 2919 3530 πεφωτισμένον
2998 3451 3072 3513 ὡς
3143 3453 3279 3527 πρὸς
3335 3455 3503 3526 ἡμᾶς.
3557 3456 3656 3511 Καὶ
3717 3459 3755 3528 ἡ

2093 3540 2318 3612 τοιαύτη
2375 3537 2548 3597 τῶνδε
2591 3544 2698 3595 τῶν
2726 3537 2944 3596 κύκλων
2972 3535 3272 3615 παράϐασις
3304 3541 3411 3597 ἀπὸ
3435 3549 3537 3612 τῆς
3597 3543 3759 3622 ἰφαν-

2099 3637 2272 3706 μογῆς
2305 3629 2381 3693 είς
2410 3629 2612 3704 τομὴν,
2645 3627 2905 3684 ἀποτελεῖ
2957 3627 3019 3683 τὸ
3073 3637 3175 3700 τῆς
3238 3629 3479 3702 σελήνης
3531 3655 3757 3706 μηνοει-

2094 3716 2200 3782 δές.
2263 3717 2410 3774 Ἐπεὶ
2470 3717 2516 3774 δ’
2587 3717 2667 3773 ἀεὶ
2743 3719 3076 3794 προάγοντες
3131 3718 3207 3780 εἰς
3262 3720 3326 3774 τὸ
3377 3721 3515 3796 πρὸς
3585 3723 3752 3798 ὀρθὰς

2087 3807 2302 3883 τέμνειν
2362 3806 2647 3878 ἀλλήλους
2699 3808 2787 3862 καὶ
2844 3809 2944 3877 τὴν
3022 3812 3118 3864 τοῦ
3203 3814 3489 3887 φωτισμοῦ
3550 3816 3746 3889 φαῦσιν

2087 3895 2450 3972 προσαύξουσι
2502 3901 2600 3951 τοῦ
2659 3896 2824 3970 μέσου
2853 3899 2952 3965 τῆς
2979 3901 3086 3951 τῶν
3117 3895 3333 3952 κύκλων
3385 3906 3566 3973 τομῆς
3623 3923 3744 3980 φω-

2086 3987 2376 4060 τιζομένου
2405 3985 2540 4041 κατᾶ
2566 3986 2664 4053 τὴν
2695 3984 2953 4056 τοιαύτην
3002 3983 3263 4060 πρόοδον,
3297 3986 3421 4042 ὅταν
3483 3989 3547 4043 τὸ
3602 3990 3749 4064 πρὸς

2088 4075 2249 4150 ὁρθὰς
2282 4073 2504 4151 γένηται
2533 4081 2634 4144 τῆς
2686 4080 2890 4147 τομῆς,
2923 4073 3161 4153 φαίνεται
3191 4077 3227 4145 ἡ
3260 4073 3466 4147 σελήνη
3525 4074 3750 4153 διχότο-

2090 4185 2211 4236 μος.
2247 4163 2384 4221 Ἀπὸ
2415 4163 2472 4218 δὲ
2526 4167 2622 4218 τοῦ
2680 4165 2968 4239 σχήματος
3023 4165 3219 4219 τούτου
3273 4165 3410 4241 πρὸς
3468 4161 3746 4240 ἀμϐλείας

2083 4251 2190 4324 ἤδη
2223 4253 2422 4329 γωνίας
2450 4251 2736 4328 προϊόντες
2768 4252 2819 4305 οἱ
2850 4251 3043 4308 κύκλοι
3074 4257 3290 4308 ποιοῦσι
3321 4254 3385 4309 τὸ
3412 4261 3515 4326 τῆς
3575 4253 3742 4327 σελή-

2081 4364 2177 4412 νης
2228 4342 2585 4419 ἀμφίκυρτον.
2627 4344 2704 4415 Τῇ
2764 4338 2821 4395 δὲ
2876 4343 3013 4396 κατά
3067 4343 3168 4411 τήν
3219 4340 3508 4420 διάμετρον
3564 4344 3733 4401 πάλιν

2082 4431 2368 4510 ἐφαρμογῇ
2400 4432 2497 4501 τήν
2529 4429 2866 4500 πανσέληνον
2925 4430 3328 4508 ἀπαρτίζουσιν’
3364 4433 3460 4488 εἶτ’
3489 4433 3550 4489 έκ
3601 4435 3732 4489 ταύ-

2076 4542 2176 4591 της
2236 4522 2324 4575 ἐπὶ
2380 4522 2482 4590 τὴν
2539 4521 2722 4595 ἑτέραν
2769 4518 2920 4582 αὖθις
2951 4521 3237 4596 προϊόντες
3265 4520 3610 4600 έιραρμογήν,
3642 4525 3736 4579 καὶ

320 4611 711 4685 Oppositione]
745 4610 856 4666 sibi
887 4613 1237 4682 congruunt.
1273 4609 1509 4681 plenam
1540 4608 1742 4664 lunam
1793 4609 1965 4681 perﬁ-

2095 4611 2142 4664 τὰ
2190 4609 2324 4666 αὐτὰ
2379 4612 2639 4686 σχήματα
2693 4611 2783 4664 καὶ
2841 4610 2976 4664 κατά
3027 4611 3126 4680 τήν
3189 4609 3410 4686 μείωσιν
3450 4610 3736 4668 ἐκτελοῦν-

317 4701 502 4757 ciunt.
536 4705 746 4757 Postea
773 4717 907 4755 vero
939 4700 1081 4754 dum
1113 4714 1181 4754 ex
1212 4698 1321 4754 hac
1355 4698 1426 4753 ad
1466 4698 1710 4754 alteram
1760 4714 1965 4770 proce-

313 4790 463 4846 dunt
491 4788 953 4862 congruentiam,
985 4792 1044 4844 et
1073 4789 1308 4843 easdem
1339 4786 1558 4858 ﬁguras
1589 4787 1764 4842 etiam
1794 4787 1852 4842 in
1883 4786 1969 4842 di-

312 4879 639 4935 minutione
656 4879 915 4945 obeunt':
941 4877 1123 4933 totius
1155 4876 1485 4950 splendoris
1517 4876 1962 4933 exstinctionem

311 4968 452 5024 dum
484 4969 556 5025 ad
585 4972 811 5041 partem
833 4984 960 5039 quae
991 4966 1281 5021 mundum
1299 4965 1556 5038 [coelum]
1590 4965 1742 5022 318
1776 4967 1961 5038 respi-

309 5054 389 5112 cit
413 5060 608 5113 exacte
640 5059 994 5128 congruunt,
1028 5055 1267 5111 tandem
1299 5053 1607 5110 inducunt.

385 5154 430 5199 7.
463 5145 812 5217 Conjunctio
841 5143 1088 5217 proinde
1117 5143 1357 5210 dicitur,
1392 5143 1627 5216 quando
1659 5143 1720 5198 in
1751 5145 1954 5200 eadem

305 5238 468 5307 parte
498 5249 600 5290 seu
631 5235 816 5307 gradu
847 5233 989 5289 luna
1020 5233 1214 5303 fuerit,
1247 5249 1308 5288 1n
1352 5249 1471 5304 qua
1519 5232 1696 5288 etiam
1747 5231 1832 5289 sol
1866 5250 1957 5290 ex-

304 5323 480 5382 sistit.
513 5322 793 5381 Genitura
820 5339 956 5380 cum
987 5339 1173 5378 unum
1205 5321 1453 5394 gradum
1486 5339 1520 5378 a
1548 5321 1671 5378 sole
1701 5338 1952 5379 recesse-

363 5647 407 5693 71
440 5647 657 5707 Cleom.
689 5647 731 5706 1.
763 5648 996 5720 11.20.35.
1073 5647 1118 5683 79
1147 5643 1343 5720 Vitell.
1374 5643 1416 5703 l.
1452 5662 1494 5703 II

291 5692 657 5796 Ρυτδέἒῖίῖξ
673 5692 1018 5780 13ὸᾶίίίῖἰῖιᾲ
1047 5737 1083 5780 v
1111 5692 1528 5794 Τὶιῖἇίἑίξρῗὲ

2075 4719 2181 4769 τες,
2212 4699 2302 4754 τὸν
2361 4705 2460 4768 τῆς
2519 4697 2658 4768 ὅλης
2713 4697 3074 4773 λαμπηδόνος
3136 4699 3435 4778 ἀφανισμὸν
3490 4700 3727 4778 ἀπεργά-

2078 4787 2278 4860 ζόνται,
2307 4791 2376 4861 τῇ
2435 4789 2646 4864 ἀτρεκεῖ
2699 4787 2906 4843 τούτων
2969 4786 3043 4849 εἷς
3100 4786 3163 4842 τὸ
3209 4787 3346 4865 πρὸς
3396 4789 3489 4843 τὸν
3519 4789 3725 4864 κόσμον

2077 4877 2240 4952 μέρος
2271 4877 2578 4954 ἐφαρμογῇ·

2141 5148 2199 5213 ζ’·
2235 5140 2471 5205 Σύνθδος
2529 5143 2623 5217 μὲν
2676 5141 2767 5200 οὖν
2819 5142 3060 5221 λέγεται,
3095 5144 3293 5203 ὁπόταν
3355 5147 3408 5202 έν
3465 5150 3534 5222 τῇ
3585 5145 3724 5224 αὐτῇ

2069 5232 2232 5308 μοίρᾳ
2292 5231 2578 5308 γένηταιὴ
2638 5231 2864 5306 σελήνη,
2927 5233 2980 5288 ἐν
3134 5233 3244 5290 ἐστι
3302 5234 3392 5291 καὶ
3449 5237 3479 5292 ὁ
3534 5233 3723 5306 ἥλιος.

2062 5320 2224 5378 Γέννα
2282 5318 2360 5397 δὲ,
2413 5321 2536 5379 ὅταν
2606 5321 2949 5398 ἀποστῇτοῦ
2979 5321 3144 5394 ἡλίου
3181 5327 3375 5400 μοῖραν
3408 5324 3530 5397 μίαν
3591 5323 3722 5380 ἀνα-

1529 5661 1778 5775 ἓ-ἷοροε.
1808 5645 1899 5705 27.
2005 5645 2049 5683 ⁷³
2077 5644 2253 5709 Vitel.
2284 5645 2394 5710 lib.
2423 5662 2503 5719 1v,
2535 5661 2774 5721 propos,
2803 5648 2921 5720 20;
2970 5646 3282 5707 Reinhold.
3331 5647 3395 5707 in
3441 5646 3713 5710 Theorio.
