4114 6462
307 440 460 502 1261

1652 436 2001 498 EPITOME
2045 438 2405 501 PHYSICA.

3569 448 3594 505 1
3605 445 3723 506 262

303 568 468 641 τολὴ,
501 566 626 624 ὅταν
683 567 776 623 νέα
816 565 1051 644 πρώτως
1110 568 1274 643 φανῇ.
1306 568 1384 640 Τῇ
1449 566 1543 640 μὶν
1603 567 1707 643 γὰρ
1760 567 1954 642 πρώτῃ

2077 568 2166 625 rit.
2200 569 2396 636 Ortus,
2439 587 2575 626 cum
2636 572 2895 642 primum
2956 589 3105 629 nova
3160 578 3474 645 conspecta
3524 575 3721 632 fuerit.

303 658 488 733 ἡμέρᾳ
547 657 714 733 μέχρι
762 653 1026 710 τοσούτου
1078 655 1295 732 φέρεται
1359 654 1491 730 ὑπὲρ
1523 661 1627 730 γῆν
1658 657 1693 725 ἡ
1728 652 1957 728 σελήνη,

311 748 509 824 μέχρις
569 745 629 802 ἂν
691 740 768 801 ἔτι
826 743 1009 799 καὶτὸ
1036 747 1134 799 τοῦ
1162 742 1329 813 ἡλίου
1376 748 1491 823 φῶς
1547 743 1686 799 ἐστιν
1741 743 1962 821 ἐπικρα-

304 841 456 894 τοῦν.
507 837 656 891 ”Ωστ’
714 833 766 889 ἐν
823 832 991 907 ταύτῃ
1042 833 1137 907 μὲν
1196 837 1276 906 τῷ
1331 837 1428 888 τοῦ
1478 831 1646 903 ἡλίου
1705 853 1966 909 συγκατα-

308 923 509 981 δύεται·
570 927 789 999 πρῶτον
841 920 899 979 δὲ
955 924 1130 999 σαφὴς
1167 921 1220 976 έν
1279 926 1349 996 τῇ
1404 918 1633 998 δευτέρᾳ
1676 925 1782 977 τῶν
1828 924 1964 995 ἡμε-

310 1018 417 1089 ρῶν
458 1014 721 1092 φαίνεται·
778 1011 868 1067 καὶ
925 1012 1059 1067 ποτὶ
1120 1012 1212 1084 μὲν
1274 1009 1511 1085 μᾶλλον,
1539 1011 1672 1092 ποτε
1702 1008 1748 1066 δ’
1777 1015 1961 1081 ἦττον.

306 1088 483 1161 Τοῦτο
515 1099 576 1157 δὲ
621 1100 753 1156 αὐτὸ
813 1099 1109 1174 συμπίπτει
1166 1101 1314 1177 παρά
1340 1101 1405 1156 τὸ
1455 1088 1622 1155 ποσὸῧ
1669 1106 1772 1169 τῆς
1826 1099 1965 1174 πρὸς

306 1192 398 1247 τὸν
446 1189 610 1261 ἥλιον
662 1190 1033 1252 ἀποστάσεως·
1064 1188 1194 1245 αὐτὸ
1244 1187 1302 1244 δὲ
1353 1190 1416 1244 τὸ
1462 1192 1563 1259 τῆς
1621 1187 1964 1251 ἀποστάσεως

310 1281 496 1352 ποσὸν,
530 1277 670 1335 ἄλλο
696 1280 746 1334 τ’
775 1275 916 1334 ἄλλο
946 1276 1151 1355 γίνεται
1186 1276 1274 1333 διά
1302 1299 1362 1334 τε
1389 1279 1490 1347 τὴν
1525 1275 1664 1332 ἰδίαν
1723 1284 1827 1348 τῆς
1885 1298 1967 1331 σε-

310 1368 487 1440 λήνης
532 1367 743 1439 κίνησιν
791 1366 877 1442 (ού
906 1368 1007 1444 γὰρ
1062 1362 1176 1422 ἶσον
1230 1367 1312 1422 ἀεὶ
1359 1372 1588 1421 κινεῖται
1643 1366 1780 1421 κατά
1834 1365 1968 1442 πρό-

309 1452 463 1513 ϐασιν
517 1454 608 1513 διὰ
661 1458 760 1526 τὴν
819 1460 916 1511 τοῦ
969 1453 1210 1519 πλάτους
1266 1454 1549 1528 έξάλλαξιν
1601 1459 1701 1511 τοῦ
1764 1451 1965 1524 ζωδια-

309 1549 432 1624 κοῦ)
460 1546 551 1602 καὶ
611 1544 701 1602 διὰ
755 1544 818 1601 τὸ
878 1547 954 1619 μὴ
1007 1544 1223 1601 πάντων
1278 1550 1386 1600 τῶν
1432 1542 1641 1614 ζωδίων
1676 1543 1962 1621 ίσόχρονον

308 1635 408 1706 τὴν
462 1633 612 1690 δύσιν
669 1633 940 1711 γίνασθαι,
991 1634 1066 1697 ὡς
1123 1638 1283 1688 τινῶν
1334 1635 1428 1707 μὲν
1465 1633 1662 1710 ὀρθῶς,
1690 1637 1853 1688 τινῶν
1908 1629 1966 1687 δὲ

312 1724 489 1797 λοξῶς
518 1722 959 1798 καταδυομένων·
990 1724 1082 1779 καὶ
1113 1725 1250 1801 πρὸς
1305 1723 1521 1786 τούτοις
1578 1721 1667 1779 διά
1720 1724 1811 1778 τὸν
1863 1730 1965 1793 τῆς

308 1814 703 1892 προγεγονυίας
762 1810 990 1869 συνόδου
1043 1814 1233 1889 καιρὸν
1280 1810 1374 1870 εἴτ’
1404 1814 1719 1891 ἀρχομένης
1755 1813 1968 1887 ἡμέρας

312 1900 412 1959 εἴτ’
441 1903 761 1979 ἀρχομένης
791 1902 1005 1972 νυκτὸς,
1039 1898 1145 1957 εἰθιε
1176 1901 1272 1958 κάν
1320 1906 1438 1964 τοῖς
1486 1900 1683 1975 μεταξὺ
1734 1898 1968 1963 πολλοῖς

310 1989 431 2047 οὖσι
459 1992 549 2047 καὶ
599 1989 903 2070 διαφόροις,
932 1993 968 2061 ἡ
1002 1991 1438 2068 προηγησαμένη
1498 1988 1726 2053 σύνοδος
1780 1988 1964 2067 ἐγεγό-

307 2101 407 2139 νει.
440 2083 591 2136 ”Ωστ’
618 2080 701 2135 ἀεί
762 2081 902 2135 ἐστιν
956 2080 1034 2143 εἷς
1082 2080 1284 2157 χρόνος
1319 2078 1371 2134 ἐν
1403 2081 1450 2153 ᾧ
1482 2079 1723 2156 φαίνεται
1780 2082 1965 2156 σαφῶς

306 2172 341 2240 ἡ
374 2167 604 2242 σελήνη·
638 2167 765 2225 οὐδὲ
813 2170 948 2225 κατὰ
1003 2171 1097 2231 τὰς
1159 2167 1294 2231 ὅλας
1352 2170 1574 2246 πρώτας
1629 2166 1846 2247 φαύσεις
1902 2168 1966 2223 τὸ

315 2260 479 2338 σαφὲς
509 2256 950 2336 ἀπαράλλακτον.

376 2439 449 2509 η’.
483 2437 709 2515 Λέγεται
735 2435 782 2493 δ’
815 2435 907 2492 οὖν
962 2435 1226 2509 ἀνατολὴ,
1260 2434 1385 2492 ὅταν
1443 2437 1533 2491 νέα
1578 2437 1812 2511 πρώτως
1871 2456 1968 2510 φα-

306 2532 370 2603 νῇ
424 2529 695 2584 ὁπωσοῦνο
750 2524 1050 2602 μηνοειδὴς
1108 2523 1156 2581 δ’
1208 2524 1334 2581 ὅταν
1379 2525 1589 2600 ἀποστῇ
1647 2529 1745 2580 τοῦ
1800 2522 1966 2595 ἡλίου

315 2617 512 2693 μοίρας
542 2617 823 2693 ἑξήκοντα,
855 2616 946 2672 καὶ
977 2616 1113 2691 πρὸς
1142 2615 1234 2670 τὸν
1264 2614 1425 2685 ¹ἥλιον
1477 2614 1745 2690 ἑξάγωνον
1802 2617 1968 2686 ποιή-

314 2727 476 2778 σηται
504 2707 597 2761 τὸν
640 2704 1053 2782 σχηματισμόνο
1105 2702 1429 2780 διχότομος,
1463 2701 1677 2759 ἐπειδὰν
1739 2704 1966 2778 ἀποχω-

312 2798 452 2874 ρήσῃ
501 2799 600 2850 τοῦ
649 2793 818 2864 ἡλίου
878 2793 1073 2870 μοίρας
1122 2792 1464 2865 ἐνενήκοντα,
1494 2793 1584 2847 καὶ
1613 2793 1966 2869 σχηματισθῇ

313 2884 652 2961 τετράγωνος
702 2885 840 2961 πρὸς
870 2882 1051 2939 αὐτόν·
1111 2882 1472 2961 ἀμφίκυρτος,
1505 2880 1704 2936 ὁπόταν
1771 2880 1966 2957 μοίρας

319 2970 487 3030 εἷ’κοσι
531 2973 671 3051 πρὸς
699 2978 819 3036 ταῖς
852 2972 1039 3028 ἑκατὸν
1069 2971 1280 3047 ἀποστῇ
1324 2975 1422 3026 τοῦ
1452 2969 1618 3041 ἡλίου
1646 2970 1736 3025 καὶ
1766 2968 1966 3046 τρίγω-

311 3083 403 3118 νον
485 3059 738 3137 ἐκτελέσῃ
809 3059 1219 3137 σχηματισμόν·
1279 3058 1687 3131 πλησισέληνος
1762 3055 1821 3113 δὲ
1874 3057 1967 3113 καὶ

314 3150 636 3230 πλησιφαὴς
674 3150 1089 3227 ἀποχωρήσασα
1140 3153 1238 3205 τοῦ
1294 3147 1462 3219 ἡλίου
1525 3148 1716 3225 μοίρας
1770 3149 1967 3218 πεντή-

312 3260 473 3295 κοντα
527 3238 663 3316 πρὸς
714 3244 835 3302 ταῖς
884 3238 1093 3295 ἑκατόν·
1149 3236 1489 3310 πανσέληνος
1526 3235 1608 3308 δὲ,
1655 3237 1746 3292 τὸν
1804 3235 1968 3307 ἥλιον

316 3327 508 3405 διαμετ
516 3330 581 3406 ρή
590 3348 744 3387 σασα.

1997 1948 2045 2013 Β

2072 658 2271 714 Prima
2299 659 2455 715 enim
2479 660 2574 715 die
2596 676 2777 732 supra
2795 665 3013 716 terram
3034 677 3292 733 eousque
3310 662 3511 733 fertur,
3528 665 3721 735 quoad

2073 747 2251 803 etiam
2284 748 2427 804 solis
2455 748 2656 805 lumen
2688 750 2979 821 praevalet.
3008 752 3372 823 Quapropter
3404 751 3512 807 hac
3542 752 3723 809 simul

2073 853 2208 893 cum
2241 837 2381 893 solis
2410 836 2633 894 lumine
2662 838 2876 895 occidit
2910 857 2923 895 :
2963 838 3109 895 alias
3136 844 3333 895 autem
3364 840 3536 896 etiam
3588 847 3725 899 ante

2074 924 2305 980 occidit.
2340 925 2651 982 Manifesta
2680 934 2873 982 autem
2905 926 3164 998 primum
3208 928 3467 983 secundo
3498 928 3627 996 die;
3663 932 3724 984 et

2074 1013 2220 1069 alias
2251 1014 2490 1085 quidem
2519 1015 2731 1087 magis,
2764 1016 2908 1071 alias
2938 1032 3071 1071 vero
3126 1016 3324 1071 minus
3377 1021 3621 1089 apparet
3650 1018 3720 1073 ⁷⁵.

2073 1103 2192 1158 Hoc
2221 1103 2417 1175 ipsum
2449 1109 2643 1159 autem
2675 1105 2748 1161 ob
2780 1104 3073 1161 distantia
3105 1122 3139 1160 a
3182 1105 3303 1161 sole
3333 1106 3724 1177 quantitatem

2075 1192 2304 1247 accidit.
2338 1194 2469 1264 Ipsa
2497 1210 2631 1249 vero
2663 1193 2959 1250 distantia
2988 1196 3287 1266 quantitas
3317 1192 3463 1251 alias
3493 1195 3608 1250 alia
3638 1195 3724 1252 ef-

2075 1280 2305 1349 ﬁcitur;
2341 1286 2397 1337 et
2426 1283 2499 1338 ob
2530 1282 2885 1354 peculiarem
2906 1282 3058 1339 lunai
3081 1288 3307 1339 motum
3331 1284 3542 1357 (neque
3565 1283 3724 1340 enim

2076 1386 2306 1442 semper
2335 1370 2636 1443 aequaliter
2681 1388 2788 1428 suo
2835 1372 3073 1428 incessu
3105 1376 3393 1439 movetur,
3426 1374 3581 1444 quod
3615 1373 3726 1430 Zo-

2075 1458 2228 1514 diaci
2258 1458 2508 1517 latitudo
2537 1460 2795 1533 evariet),
2819 1465 2876 1516 et
2905 1461 3061 1532 quod
3084 1476 3201 1517 non
3231 1460 3497 1517 omnium
3529 1461 3727 1534 signo-

2075 1564 2208 1603 rum
2239 1564 2483 1605 occasus
2513 1548 2721 1621 aequali
2751 1549 2853 1605 fiat
2879 1555 3143 1622 tempore
3168 1568 3181 1619 ;
3224 1554 3292 1605 ut
3329 1549 3486 1622 quod
3528 1549 3730 1624 aliqua

2076 1637 2316 1708 quidem
2346 1643 2522 1708 recte,
2556 1637 2756 1711 aliqua
2784 1642 2982 1696 autem
3026 1637 3262 1710 oblique
3306 1638 3618 1707 occidant;
3671 1643 3731 1695 et

2074 1725 2320 1798 insuper
2359 1727 2550 1783 adhuc
2598 1732 2837 1800 propter
2893 1732 3245 1801 antegressae
3294 1727 3728 1801 conjunctionis

2076 1818 2334 1887 tempus,
2367 1817 2524 1887 quod
2581 1815 2669 1872 vel
2726 1817 2819 1872 die
2875 1817 3215 1889 incipiente,
3260 1815 3349 1873 vel
3407 1820 3581 1873 nocte
3637 1816 3728 1872 in-

2077 1908 2346 1976 gruente,
2366 1904 2453 1960 vel
2476 1905 2538 1960 in
2568 1905 2932 1962 intermediis
2952 1906 3364 1979 [temporibus]
3392 1922 3519 1978 qua:
3543 1905 3731 1963 multa

2075 1997 2251 2065 atque
2291 1993 2449 2049 varia
2477 1998 2635 2062 sunt,
2668 1994 3002 2066 conjunctio
3049 1994 3209 2067 prior
3248 1993 3542 2050 acciderit.
3576 1997 3730 2060 Qua-

2076 2087 2313 2155 propter
2350 2100 2466 2138 non
2497 2100 2685 2139 unum
2729 2099 2962 2157 semper
2987 2087 3225 2156 tempus
3273 2087 3383 2153 est,
3414 2100 3533 2155 quo
3586 2082 3730 2139 luna

2076 2171 2386 2228 manifesto
2443 2172 2862 2244 conspicitur;
2918 2173 3072 2228 819
3133 2189 3323 2245 neque
3399 2168 3775 2228 secundum’

2075 2260 2298 2333 primas
2328 2261 2631 2319 universas
2661 2260 3127 2320 illuminationes
3149 2260 3545 2318 manifestatio
3565 2259 3729 2318 illius

2074 2349 2458 2407 invariabilis.

2146 2440 2200 2495 8.
2227 2439 2403 2496 Ortus
2433 2455 2570 2513 ergo
2602 2439 2839 2515 [dicitur
2866 2439 3044 2514 lunai]
3088 2456 3223 2496 cum
3271 2439 3531 2513 primum
3583 2455 3733 2496 nova

2077 2530 2608 2601 quomodocunque
2637 2533 2951 2603 conspecta
2976 2528 3415 2588 fuerit.Falcata
3444 2532 3642 2585 autem
3662 2529 3729 2597 ⁷⁸,

2077 2635 2212 2674 cum
2243 2619 2464 2691 gradus
2496 2618 2800 2692 sexaginta
2820 2637 2854 2675 a
2884 2618 3006 2675 sole
3034 2617 3358 2685 recesserit,
3382 2622 3440 2674 et
3464 2617 3731 2675 sextilem

2078 2709 2147 2764 ad
2182 2708 2366 2764 solem
2398 2708 2600 2764 fecerit
2643 2708 3189 2781 configurationem.
3220 2707 3498 2763 Bifariam
3547 2710 3731 2775 secta,

2077 2801 2390 2869 postquam
2425 2814 2459 2852 a
2486 2795 2610 2853 sole
2640 2798 2712 2853 ad
2744 2797 3061 2870 nonaginta
3105 2797 3324 2869 gradus
3372 2795 3730 2866 discesserit,

2077 2891 2135 2942 et
2190 2886 2473 2957 quadrato
2530 2886 2602 2941 ad
2658 2886 2857 2958 ipsum
2920 2892 3158 2958 aspectu
3210 2886 3463 2958 figurata
3503 2885 3725 2941 fuerit:

2078 2974 2355 3047 utrinque
2383 2974 2648 3048 gibbosa,
2681 2991 2817 3031 cum
2847 2981 3084 3030 centum
3115 2977 3173 3031 et
3199 2974 3407 3047 viginti
3437 2973 3720 3047 gradibus

2076 3082 2111 3121 a
2139 3062 2261 3120 sole
2290 3065 2557 3134 sejuncta
2587 3064 2781 3130 fuerit,
2812 3068 2871 3121 et
2890 3064 3308 3137 triangularem
3341 3064 3593 3137 figuram
3640 3062 3722 3119 ef-

2076 3153 2296 3209 fecerit.
2330 3152 2761 3226 Propemodum
2793 3157 2990 3211 autem
3022 3153 3198 3227 plena
3237 3152 3398 3224 luna,
3431 3156 3491 3209 et
3518 3168 3725 3225 prope-

2076 3244 2319 3299 modum
2350 3241 2522 3315 plena
2542 3242 2786 3315 lumine,
2810 3246 3195 3315 posteaquam
3220 3246 3458 3299 centum
3480 3246 3538 3298 et
3560 3240 3727 3313 quin-

1999 3323 2043 3391 C
2082 3332 2367 3405 quaginta
2395 3332 2615 3406 gradus
2643 3349 2678 3390 a
2706 3332 2826 3389 sole
2857 3332 3225 3389 abscesserit.
3248 3332 3396 3388 Tota
3415 3347 3520 3388 seu
3551 3329 3728 3403 plena

2073 3421 2216 3478 luna
2246 3420 2522 3493 denique,
2553 3438 2686 3477 cum
2719 3423 2829 3480 soli
2851 3420 3276 3479 diametraliter
3295 3419 3567 3494 opposita
3594 3435 3728 3475 con-

2079 3509 2316 3567 stiterit.

390 3597 453 3660 0'.
482 3596 581 3651 Τὸν
619 3596 713 3671 μὶν
747 3592 838 3651 οὗν
873 3595 1072 3651 οἰκεῖον
1105 3592 1307 3651 κύκλον
1340 3596 1375 3664 ἡ
1407 3593 1610 3666 σελήνη
1645 3591 1718 3649 δι’
1744 3595 1965 3672 ἡμερῶν

2151 3600 2205 3655 9.
2241 3598 2547 3671 Proprium
2603 3599 2847 3673 proinde
2902 3598 3190 3657 circulum
3244 3598 3390 3656 luna
3444 3615 3547 3672 per
3601 3596 3728 3654 dies

322 3684 469 3741 ἀνύει
526 3686 663 3742 κατά
718 3685 864 3747 τινὰς
925 3685 1020 3759 μὲν
1080 3684 1215 3740 ἑπτὰ
1267 3684 1406 3761 πρὸς
1434 3689 1555 3746 ταῖς
1586 3681 1779 3755 εἷ’κοσι,
1810 3704 1965 3761 προσ-

2083 3687 2339 3756 conficit,
2364 3692 2429 3743 ut
2456 3687 2790 3761 aliquorum
2821 3690 2932 3746 fert
2951 3689 3261 3758 sententia,
3283 3688 3493 3761 viginti
3513 3690 3738 3759 septem

320 3772 605 3848 τιθεμένου
679 3773 771 3829 καὶ
843 3795 988 3837 τινος
1070 3774 1302 3848 ἡμίσεος
1360 3772 1571 3851 ἡμέρας
1630 3778 1780 3847 μιᾶς,
1838 3773 1965 3829 κατδ

2086 3780 2144 3833 et
2173 3777 2420 3833 semisse
2448 3778 2627 3833 unius
2656 3777 2772 3834 diei
2797 3779 3022 3850 adjecto
3055 3797 3069 3835 :
3120 3782 3187 3834 ut
3224 3776 3324 3833 alii
3355 3781 3552 3833 autem
3575 3775 3740 3848 judi-

322 3864 474 3928 τινάς
533 3860 591 3919 δὲ
645 3860 716 3918 δι’
768 3863 902 3919 έπτά
942 3861 1035 3918 καί
1090 3860 1291 3920 εἷ’κοσιν
1344 3865 1591 3938 ἡμερῶν,
1643 3862 1734 3918 καὶ
1791 3862 1965 3940 τρίτοι

2088 3869 2246 3937 cant,
2278 3882 2382 3938 per
2406 3866 2616 3938 viginti
2647 3870 2704 3923 et
2732 3871 2958 3940 septem
2987 3867 3113 3924 dies
3141 3869 3208 3935 ⁷⁸,
3240 3870 3299 3922 et
3327 3866 3500 3922 tertia
3535 3880 3743 3936 prope-

332 3949 570 4026 μάλιστά
624 3973 742 4015 πως
800 3955 900 4022 τῆς
955 3952 1167 4029 ἡμέρας
1216 3951 1434 4029 μορίου.
1465 3953 1610 4015 Τέως
1642 3949 1689 4006 8’
1719 3949 1810 4007 οὗν
1843 3953 1965 4007 πάν-

2091 3955 2333 4011 modum
2392 3954 2509 4011 diei
2564 3960 2728 4027 parte
2784 3957 3003 4013 addita.
3050 3958 3455 4012 Verumtatem
3512 3967 3748 4024 semper
3834 3989 3838 3993 ‹

328 4061 451 4096 τοτε
503 4042 568 4097 τὸ
626 4041 825 4097 οἰκεῖον
877 4042 1280 4118 περιτρέχουσα
1348 4038 1554 4096 κύκλον
1615 4040 1693 4103 είς
1744 4042 1807 4095 τὸ
1850 4039 1965 4096 αὐτὶ

2093 4060 2270 4102 suum
2302 4043 2590 4101 circulum
2621 4046 3059 4117 circumeundo,
3119 4045 3190 4102 ad
3244 4044 3400 4099 idem
3459 4045 3745 4116 punctum

331 4135 558 4203 σημεῖον
622 4129 682 4186 ἐκ
729 4135 828 4187 τοῦ
880 4129 1044 4186 αὐτοῦ
1102 4126 1192 4185 διὰ
1244 4134 1343 4185 τοῦ
1375 4127 1491 4186 ἷ¹σου
1521 4125 1728 4206 χρόνου
1786 4130 1965 4185 ἀποκαη

2096 4150 2167 4190 ex
2195 4133 2400 4190 eodem
2449 4150 2554 4206 per
2598 4134 2820 4208 aequale
2866 4134 3149 4207 temporis
3199 4132 3457 4206 spatium
3505 4129 3749 4188 reverti-

332 4219 573 4276 θίσταται
583 4264 598 4278 .

2094 4226 2212 4278 tur.

404 4311 455 4381 ι’,
492 4310 580 4367 ια’.
610 4312 854 4365 Ποιεῖται
914 4306 973 4363 δὲ
1026 4305 1122 4371 τὰς
1180 4308 1317 4383 πρὸς
1370 4308 1462 4362 τὸν
1507 4304 1669 4376 ἥλιον
1729 4303 1965 4362 συνόδου.

2172 4311 2260 4378 10,
2296 4311 2379 4364 11.
2413 4312 2486 4366 At
2524 4311 2961 4382 conjunctiones
3014 4328 3149 4367 cum
3200 4308 3323 4368 sole
3372 4326 3490 4366 non
3539 4305 3751 4380 aequali

335 4398 398 4454 ού
457 4400 675 4455 πάντοτ’
729 4397 781 4454 έν
835 4395 939 4471 ἴσῳ
994 4396 1185 4474 χρόνῳ
1240 4395 1378 4452 κατά
1432 4394 1641 4452 τελείαν
1694 4391 1965 4471 ἀκρίϐειαν

2102 4415 2334 4472 semper
2361 4403 2623 4472 tempore
2652 4400 2849 4472 efﬁcit,
2884 4400 2933 4457 si
2959 4401 3277 4474 perfectam
3307 4400 3463 4457 820
3514 4412 3754 4454 accura-

337 4486 485 4545 ἀλλά
511 4488 644 4544 ποτὶ
673 4488 767 4562 μὲν
822 4486 874 4542 ἐν
906 4485 1139 4559 πλείονι,
1171 4486 1306 4541 ποτε
1336 4483 1382 4541 δ’
1413 4484 1465 4539 ἐν
1498 4484 1768 4544 ἐλάττονι.
1801 4485 1901 4541 Καὶ
1929 4507 1965 4540 τι

2104 4489 2325 4545 tionem
2356 4489 2727 4562 respicimus,
2747 4489 2850 4547 sed
2882 4489 3029 4547 alias
3049 4490 3287 4562 quidem
3304 4487 3586 4562 longiore,
3608 4484 3757 4542 alias

340 4574 537 4647 ai‘nov,
568 4576 652 4632 ὅτι
710 4575 926 4632 πάντων
980 4580 1089 4632 τῶν
1142 4573 1440 4647 πλανήτων
1487 4575 1542 4630 αἱ
1589 4580 1808 4654 σφαῖραι
1854 4573 1962 4652 πρό

2110 4576 2389 4635 breviore.
2426 4581 2493 4633 Et
2521 4594 2701 4634 causa
2729 4581 2838 4650 est,
2866 4579 3024 4651 quod
3075 4578 3343 4635 omnium
3388 4577 3759 4649 planetarum

341 4686 401 4720 τε
459 4667 560 4736 τήν
615 4662 874 4721 δοκοῦσαν
932 4664 1022 4721 καὶ
1080 4663 1389 4740 λεγομένην
1442 4662 1661 4735 ἀπλανῆ
1712 4665 1803 4720 καὶ
1859 4664 1965 4741 πρὸ

2109 4665 2370 4739 sphaerae,
2404 4670 2460 4722 et
2491 4667 2563 4722 ad
2594 4683 2724 4723 eam
2754 4683 2882 4739 quae
2912 4667 3181 4723 inerrans
3209 4666 3435 4723 videtur
3466 4669 3641 4736 atque
3673 4663 3762 4718 di-

344 4753 596 4826 ἀλλήλας
640 4751 910 4830 ἕκκεπροί
940 4754 1064 4813 εἱσι.
1098 4755 1247 4810 Κατά
1295 4759 1485 4811 τοῦτον
1541 4752 1632 4809 οὖν
1681 4755 1774 4809 τὸν
1833 4752 1965 4829 λόγο

2114 4754 2266 4810 citur
2292 4759 2349 4811 et
2395 4756 2466 4811 ad
2517 4772 2581 4811 se
2626 4756 2875 4813 invicem
2924 4760 3064 4813 sunt
3110 4755 3443 4813 eccentricm
3492 4754 3626 4825 (hoc
3655 4754 3765 4820 est,

345 4843 436 4899 καὶ
462 4845 499 4914 ἡ
528 4848 626 4899 τοῦ
655 4843 821 4915 ἡλίου
872 4848 1091 4923 σφαῖρα,
1123 4844 1213 4898 καὶ
1238 4846 1280 4914 ἡ
1310 4850 1411 4913 τῆς
1469 4841 1708 4915 σελήνης
1764 4842 1901 4920 πρός
1958 4865 1965 4880 ι

2117 4843 2346 4900 diversa
2376 4849 2574 4901 centra
2602 4844 2861 4917 habent).
2896 4844 3015 4902 Hac
3043 4845 3287 4917 proinde
3315 4844 3542 4900 ratione
3584 4846 3643 4897 et
3669 4856 3771 4897 so-

349 4930 603 5005 ἀλλήλας
628 4933 718 4989 καὶ
747 4933 887 5010 πρὸς
916 4934 1016 5003 τὴν
1050 4930 1312 4989 δοκοῦσαν
1346 4932 1437 4988 καὶ
1469 4930 1775 5009 λεγομένην
1833 4931 1965 4987 ἀπλσ

2118 4933 2193 4989 lis
2224 4937 2281 4989 et
2308 4933 2463 4990 luna:
2495 4933 2739 5005 sphaerae
2767 4935 2833 5005 ⁷⁷,
2863 4939 2921 4990 et
2949 4935 3022 4990 ad
3053 4951 3118 4991 se
3145 4934 3394 4991 invicem
3426 4936 3484 4988 et
3520 4931 3593 4987 ad
3640 4945 3771 4987 eam

351 5029 418 5092 νῆ
489 5021 850 5097 τυγχάνουσιν
934 5019 1227 5097 ἔκκεντροι.
1289 5022 1633 5097 Διῃρημένου
1705 5024 1834 5096 γοῦν
1912 5041 1965 5075 τε

2122 5038 2249 5094 quae
2279 5022 2510 5078 videtur
2540 5028 2717 5095 atque
2765 5023 2981 5079 dicitur
3034 5024 3327 5091 inerrans,
3378 5024 3521 5077 sunt
3569 5035 3772 5076 eccen-

355 5108 626 5181 ζωδιακοῦ
683 5108 762 5172 εἷς
820 5106 910 5165 ἴσα
959 5108 1171 5166 δώδεκα
1223 5112 1490 5185 τμήματα
1537 5109 1629 5164 καὶ
1679 5106 1965 5185 συνδιαιροι

2123 5110 2304 5167 trioa}.
2337 5110 2395 5165 Si
2428 5110 2606 5182 enim,
2633 5111 2878 5168 Zodiaco
2908 5113 2969 5167 in
3000 5112 3310 5169 duodecim
3352 5107 3601 5182 aequalia
3645 5123 3776 5180 seg-

357 5199 533 5274 μένων
575 5199 665 5255 καὶ
723 5203 833 5256 τῶν
896 5198 1265 5275 ὑποκειμένων
1325 5196 1542 5254 κύκλων
1602 5197 1748 5271 αύτῷ
1802 5205 1904 5268 τῆς
1960 5218 1965 5230 ι

2128 5202 2329 5255 menta
2357 5199 2565 5271 diviso,
2598 5199 2778 5256 simul
2808 5202 2985 5257 etiam
3016 5201 3220 5257 circuli
3249 5216 3385 5257 cum
3413 5197 3623 5256 solaris
3652 5201 3780 5253 tum

356 5285 598 5360 ἡλιακῆς
632 5288 862 5369 σφαίρας
892 5288 982 5345 καὶ
1012 5295 1114 5360 τῆς
1145 5286 1475 5360 σεληνιακῆς
1528 5285 1737 5344 ἔσονται
1795 5289 1862 5343 τὰ
1918 5283 1965 5342 δι

2128 5287 2355 5345 lunaris
2406 5288 2645 5361 sphaerae
2701 5289 2816 5363 ipsi
2874 5290 3125 5362 subjecti
3174 5287 3357 5346 simul
3421 5286 3766 5344 dividantur

430 5560 482 5595 ⁶⁴
508 5559 652 5617 Vide
680 5560 1076 5643 Purbachium
1109 5557 1586 5643 passionihus
1620 5558 2019 5643 planetarum,
2050 5559 2151 5615 ubi
2181 5558 2540 5643 itidem-tres
2571 5574 2780 5643 causas
2811 5560 2990 5643 affert
3008 5578 3114 5643 cur
3150 5553 3793 5643 post‘conjunctip‘nem

369 5647 545 5715 suam
574 5648 710 5689 cum
735 5633 1091 5716 quandoque
1119 5629 1314 5714 citius,
1347 5629 1707 5759 quandoque
1730 5630 1959 5714 tardius
1989 5635 2287 5760 appareat.
2364 5630 2409 5664 ⁷⁸
2433 5629 2604 5713 Joan.
2645 5630 2717 5686 de
2744 5631 2919 5714 Sacro
2950 5629 3171 5701 Busta,“
3185 5635 3349 5706 parte
3396 5630 3580 5686 altera
3618 5629 3794 5682 Com-

373 5706 528 5760 nuti.
625 5704 670 5741 ⁷⁸
694 5703 840 5760 Vide
869 5704 1144 5760 eumdem
1175 5719 1238 5759 1n
1266 5701 1552 5760 Computa
1631 5718 1662 5760 e
1691 5702 1999 5760 mensibus
2053 5703 2358 5760 unambus.
2390 5705 2448 5759 et
2476 5699 2626 5760 Phll.
2654 5701 2833 5760 ths.
2880 5702 2984 5760 11b.
3017 5722 3057 5760 1.
3107 5721 3165 5760 ο.
3214 5706 3342 5760 226.
3436 5701 3479 5737 ⁷⁷
3511 5697 3794 5759 CleomJ.

373 5702 528 5777 puti.
625 5704 670 5741 ⁷⁸
694 5697 840 5761 Vide
869 5697 1144 5761 eumdem
1175 5702 1238 5759 in
1266 5697 1552 5775 Computa
1589 5697 1662 5760 de
1691 5702 1999 5760 mensibus
2026 5697 2358 5773 lunaribus,
2390 5705 2448 5759 et
2476 5699 2626 5760 Phil.
2654 5701 2833 5779 Phys.
2880 5702 2984 5762 lib.
3017 5722 3057 5776 ι,
3107 5697 3342 5781 ρξ226.
3436 5701 3479 5737 ⁷⁷
3511 5697 3795 5759 CleomJ.

385 5790 451 5850 ιι,
483 5791 534 5836 c.
562 5775 636 5850 5;
666 5774 821 5835 Phil.
851 5775 913 5835 in
940 5775 1114 5856 Phys.
1145 5773 1249 5834 lib.
1283 5790 1322 5835 ι.
