4114 6446
346 396 499 454 1‘266

1594 393 2018 454 NICEPHORI
2065 393 2504 455 BLEMMIDIE

3607 401 3780 461 1264

340 526 699 583 duodecima)
749 525 959 581 horum
1007 526 1360 582 circulorum
1409 530 1602 598 partes
1652 526 1983 582 necessario

2100 522 2470 601 δεκατημόρια
2512 525 2719 580 τούτων
2773 529 2881 579 τῶν
2939 523 3157 580 κύκλων
3211 523 3381 582 ἄνισα·
3442 528 3532 583 καὶ
3593 530 3777 604 μείζω

341 615 663 687 inaequales
691 619 864 670 erunt
889 633 901 682 ;
935 619 991 670 et
1020 614 1256 670 altiores
1277 615 1536 687 quidem,
1563 617 1816 686 majores
1840 633 1854 682 ;
1878 619 1987 670 ter-

345 721 421 761 NB
452 704 762 759 viciniores
806 709 1000 759 autem
1037 705 1314 759 minores.
1354 707 1541 770 Quare
1573 703 1861 776 siquidem
1894 703 1994 759 ubi

346 793 432 850 sol
467 798 555 849 est
585 792 779 862 altior,
810 792 951 848 luna
982 798 1146 848 terrae
1177 799 1264 849 est
1294 793 1558 862 vicinior,
1590 798 1646 849 et
1672 798 1892 860 contra,
1921 794 1993 848 ob

347 882 712 955 sphaararum
743 880 1232 937 eccentricitatem
1258 899 1270 949 ;
1303 880 1625 950 majoribus
1644 880 1996 952 solaris[cir-

347 969 486 1043 culi]
517 970 838 1044 segmentis
872 970 1102 1026 minora
1131 968 1378 1036 lunaris,
1413 969 1738 1025 minoribus
1770 971 1995 1041 majora

347 1061 753 1134 subjicientur.
817 1061 1006 1130 Majus
1063 1064 1259 1116 autem
1317 1058 1524 1116 solaris
1583 1059 1806 1132 [circuli
1855 1076 1990 1134 seg-

347 1154 612 1206 mentum
659 1153 767 1217 est,
802 1150 957 1222 quod
1007 1149 1267 1205 Geminis
1317 1150 1647 1222 subjectum
1697 1154 1818 1217 est;
1852 1152 1994 1221 quia

345 1239 524 1295 etiam
572 1244 662 1295 est
701 1238 1038 1296 sublimius.
1073 1239 1167 1294 Sic
1217 1238 1374 1294 enim
1420 1243 1476 1294 et
1522 1240 1594 1294 ab
1641 1238 1996 1295 astronomis

345 1329 719 1385 observatum
750 1333 857 1384 est.
891 1329 1053 1394 Quod
1095 1333 1291 1383 autem
1323 1327 1635 1400 Sagittario
1663 1329 1995 1399 subjectum

290 1429 293 1432 '
343 1422 454 1488 est,
481 1417 681 1474 minus
712 1421 821 1483 est,
857 1417 996 1489 quia
1024 1416 1334 1472 humilius.
1369 1416 1641 1473 Vicissim
1672 1417 1853 1490 igitur
1880 1434 1998 1473 ma-

335 1507 438 1576 jus
468 1511 558 1561 est
586 1510 952 1578 segmentum
986 1505 1213 1560 lunaris
1247 1504 1520 1576 [circuli],
1546 1506 1700 1576 quod
1734 1505 1986 1577 Sagitta-

341 1595 495 1649 rium
532 1595 851 1661 subtendit,
873 1595 1022 1650 821
1052 1597 1113 1647 ut
1145 1594 1462 1648 sublimius
1488 1612 1500 1661 ;
1525 1599 1584 1648 at
1613 1595 1766 1665 quod
1799 1595 1988 1650 Gemi-

344 1701 451 1739 nos
482 1683 701 1751 minus,
734 1688 800 1738 ut
848 1683 1156 1738 humilius.
1191 1683 1474 1755 Longiore
1526 1682 1681 1738 enim
1733 1689 1991 1755 tempore

344 1773 621 1830 Geminos
677 1773 766 1829 sol
824 1772 1118 1842 transibit,
1175 1772 1522 1829 brevissimo
1589 1772 1994 1845 Sagittarium.

345 1863 510 1919 Luna
539 1865 734 1918 autem
762 1861 886 1917 vice
912 1878 1100 1918 versa.

416 1953 502 2007 12.
535 1952 777 2018 Quando
808 1951 987 2024 igitur
1015 1951 1076 2006 in
1108 1951 1487 2006 Geminorum
1539 1951 1823 2023 principio
1855 1968 1990 2006 con-

2113 613 2205 685 μὲν
2265 614 2330 667 τὰ
2388 609 2720 690 ὑψηλότερα,
2756 612 2967 668 ἐλάττω
3025 611 3082 668 δέ
3138 636 3202 690 γε
3257 617 3323 669 τὰ
3353 617 3774 694 προσγειότερα.

2105 700 2292 756 Τοίνυν
2354 701 2570 779 ἐπείπερ
2621 697 2743 758 ἔνθα
2773 703 2801 756 ὁ
2840 701 3004 772 ἥλιος
3063 701 3428 781 ὑψηλότερος,
3461 708 3496 775 ἡ
3557 705 3776 777 σελήνη

2105 790 2511 866 προσγειοτέρα,
2545 789 2633 845 καὶ
2681 787 3013 865 τοῦμπαλιν,
3048 790 3138 846 διὰ
3191 793 3255 847 τὸ
3317 790 3593 871 ἕκκεντρον
3651 801 3770 850 τῶν

2107 882 2369 955 σφαιρῶν·
2429 885 2547 942 τοῖς
2612 879 2818 952 μείζοσι
2877 884 2974 934 τοῦ
3033 880 3272 950 ἡλιακοῦ
3310 885 3593 956 τμήμασιν
3629 885 3773 939 ὑπο-

2105 966 2374 1022 κείσονται
2430 968 2496 1022 τὰ
2553 966 2761 1023 ἐλάττω
2815 973 2913 1022 τοῦ
2955 968 3304 1042 σεληνιακοῦ,
3336 977 3456 1033 τοῖς
3513 970 3776 1028 ἐλάττοσι

2112 1052 2169 1109 δὲ
2196 1056 2262 1110 τὰ
2295 1058 2484 1130 μείζω.
2516 1061 2719 1130 Τμῆμα
2749 1055 2806 1111 δὲ
2847 1063 3030 1130 μεῖζον
3088 1063 3186 1113 τοῦ
3241 1058 3476 1128 ἡλισκοῦ
3527 1062 3590 1116 τὸ
3646 1068 3774 1125 τοῖς

2112 1141 2372 1217 Διδύμοις
2454 1146 2829 1220 ὑποκείμενον,
2891 1146 2973 1202 ὅτι
3049 1148 3139 1202 καὶ
3203 1145 3542 1224 ὑψηλότερον
3597 1151 3778 1224 (οὕτω

2105 1234 2205 1309 γὰρ
2259 1235 2348 1288 καὶ
2402 1240 2518 1297 τοῖς
2578 1235 2938 1311 ἀστρονόμοις
2996 1238 3335 1310 τετήρηται)·
3367 1238 3429 1293 τὸ
3471 1236 3517 1292 δ’
3551 1239 3781 1294 ὑποκεί-

2111 1343 2269 1394 μενον
2326 1327 2403 1396 τῷ
2457 1323 2676 1398 Τοξότῃ,
2711 1321 2848 1378 διότι
2908 1325 3304 1400 ταπεινότερον,
3339 1323 3590 1382 ἔλαττον.
3624 1330 3776 1403 Ἔμ-

2106 1410 2268 1467 παλιν
2330 1410 2421 1466 οῦν
2486 1418 2669 1486 μεῖζον
2724 1411 2869 1468 ἔσται
2915 1420 3115 1488 τμῆμα
3165 1419 3261 1469 τοῦ
3319 1413 3649 1487 σεληνιακοῦ
3703 1419 3778 1473 τὸ

2106 1501 2195 1554 τὸν
2256 1501 2495 1571 Τοξότην
2561 1503 2862 1570 ὑποτεῖνον,
2903 1503 2978 1565 ὡς
3033 1501 3395 1579 ὑψηλότερον,
3429 1503 3656 1560 ἔλαττον
3709 1504 3778 1562 δὲ

2106 1591 2166 1643 τὸ
2222 1590 2350 1653 τοὺς
2409 1589 2701 1664 Διδύμους,
2753 1593 2826 1654 ὡς
2888 1590 3344 1670 χθαμαλώτερον.
3406 1595 3492 1649 Ἐν
3549 1595 3772 1650 πλείονι

2104 1683 2231 1754 γοῦν
2282 1679 2470 1755 χρόνῳ
2529 1677 2859 1735 διελεύσεται
2900 1680 3031 1744 τοὺς
3093 1679 3367 1755 Διδύμους
3411 1684 3438 1736 ὁ
3487 1683 3676 1756 ἥλιος,
3710 1684 3770 1740 ἐν

2108 1767 2386 1843 ἐλαχίστῳ
2443 1766 2500 1824 δὲ
2560 1769 2648 1824 τὸν
2703 1769 2961 1840 Τοξότην.
3014 1772 3076 1826 Ἣ
3133 1771 3338 1843 σελήνη
3399 1770 3456 1827 δὲ
3509 1774 3772 1848 τοῦμπα-

2109 1855 2218 1914 λιν.

2180 1947 2266 2021 ιβ’.
2299 1941 2524 2001 Ὀπόταν
2587 1946 2677 2002 οῦν
2734 1949 2785 2003 ἐν
2847 1949 2994 2025 ἀρχῇ
3062 1954 3168 2004 τῶν
3229 1947 3482 2024 Διδύμων
3538 1952 3773 2027 γένηται

334 2041 564 2112 junctio
588 2040 780 2108 fuerit,
797 2057 930 2096 cum
953 2040 1047 2095 hic
1064 2040 1204 2095 luna
1224 2044 1388 2095 terra
1409 2040 1654 2096 vicinior
1666 2046 1987 2107 moveatur,

340 2129 429 2186 sol
460 2135 656 2186 autem
684 2129 965 2185 excelsior
994 2129 1093 2196 sit,
1125 2129 1395 2184 consisus
1440 2129 1538 2184 ﬁet
1569 2130 1808 2184 mensis.
1842 2129 1988 2184 Nam

337 2217 478 2275 luna
509 2222 641 2291 post
669 2217 871 2274 circuli
903 2218 1122 2290 proprii
1156 2218 1642 2290 peragrationem,
1677 2223 1734 2273 et
1785 2236 1852 2273 ex
1893 2235 1987 2274 eo-

340 2308 474 2364 dem
507 2308 578 2362 ad
611 2307 765 2362 idem
796 2312 1084 2379 punctum
1123 2307 1535 2376 reversionem,
1568 2307 1749 2363 solem
1795 2308 1988 2363 adhuc

339 2396 400 2452 in
431 2395 691 2452 Geminis
737 2395 827 2450 vel
877 2396 1072 2468 potius
1122 2395 1232 2450 sub
1287 2395 1546 2451 Geminis
1577 2396 1986 2468 apprehendit,

340 2484 442 2558 qui
489 2485 729 2557 triginta
777 2484 1031 2552 duobus,
1071 2487 1138 2539 ut
1185 2484 1420 2551 dicitur,
1454 2484 1660 2540 diebus
1709 2485 1867 2541 istud
1910 2486 1988 2540 si-

337 2590 521 2647 gnum
550 2574 764 2630 transit
782 2574 846 2628 ⁷⁸.
880 2572 938 2628 Si
965 2577 1158 2628 autem
1187 2573 1342 2629 circa
1370 2573 1666 2646 Sagittarii
1701 2575 1988 2646 principia

338 2663 467 2735 conj
477 2661 671 2719 unctio
693 2661 1020 2736 contigerit,
1044 2662 1198 2717 haud
1223 2661 1282 2717 in
1308 2662 1620 2735 Sagittario
1643 2662 1782 2718 luna
1804 2663 1986 2720 solem

339 2751 735 2824 deprehendet
762 2750 1000 2824 (etenim
1029 2751 1237 2824 viginti
1271 2755 1398 2806 octo
1429 2751 1656 2822 diebus,
1682 2757 1782 2806 aut
1811 2752 1986 2808 etiam

340 2841 512 2914 paulo
545 2842 735 2897 adhuc
766 2839 1025 2914 amplius
1055 2839 1142 2896 sol
1172 2840 1282 2896 hoc
1311 2840 1548 2912 signum
1593 2842 1866 2912 transire,
1899 2841 1988 2898 vel

338 2931 537 3002 potius
567 2930 767 2987 subire
795 2930 1064 2999 dicitur);
1097 2929 1199 2986 sed
1217 2929 1519 3002 proprium
1540 2945 1782 2986 emensa
1800 2930 1987 2986 circu-

337 3021 481 3086 lum,
513 3025 570 3076 et
599 3021 671 3076 ad
702 3019 1001 3093 Sagittarii
1034 3018 1261 3092 perlata
1289 3018 1674 3092 principium,
1702 3021 1774 3075 ad
1807 3020 1986 3076 finem

2101 2034 2344 2110 σύνοδος,
2403 2035 2623 2101 ἐνταῦθα
2699 2044 2798 2108 τῆς
2882 2040 2975 2110 μὲν
3047 2037 3282 2110 σελήνης
3339 2044 3774 2118 προσγειοτέρας

2101 2127 2425 2203 φερομένης,
2464 2125 2808 2202 ὑψηλοτέρου
2859 2125 2904 2182 δ’
2953 2124 3107 2190 ὄντος
3161 2133 3258 2184 τοῦ
3304 2130 3492 2201 ἡλίου,
3535 2134 3775 2206 γενήσε-

2096 2236 2184 2269 ται
2244 2215 2512 2289 σύντομος
2546 2218 2573 2271 ὁ
2609 2218 2831 2289 μήν.Ἠ
2886 2217 2988 2293 γὰρ
3049 2216 3253 2289 σελήνη
3319 2219 3456 2293 μετᾶ
3507 2221 3606 2289 τήν
3666 2227 3774 2276 τοῦ

2100 2303 2304 2358 οἰκείου
2333 2304 2540 2360 κύκλου
2571 2303 2850 2382 περίοδον,
2883 2307 2973 2360 καὶ
3021 2307 3120 2376 τὴν
3169 2306 3229 2362 ἐκ
3282 2313 3380 2362 τοῦ
3438 2308 3604 2364 αὐτοῦ
3663 2333 3774 2382 ση-

2103 2392 2256 2465 μείου
2315 2393 2450 2469 πρὸς
2509 2394 2572 2447 τὸ
2633 2395 2760 2448 αὐτὸ
2835 2393 2999 2449 πάλιν
3066 2395 3517 2472 ἀποκατάστασιν,
3572 2395 3651 2454 ἔτι
3715 2401 3772 2456 ἐν

2099 2478 2358 2554 Διδύμοις
2418 2478 2561 2552 ὄντα,
2600 2481 2839 2554 μάλιστα
2883 2480 2929 2536 δ’
2983 2484 3083 2539 ὑπὸ
3142 2483 3416 2558 Διδύμους
3467 2487 3559 2542 τὸν
3593 2487 3766 2557 ἥλιον

2096 2567 2491 2644 καταλήψεται,
2545 2568 2691 2625 δυσὶν
2743 2573 3003 2648 ἡμέραις,
3053 2573 3128 2634 ὡς
3185 2573 3422 2649 λέγεται,
3469 2577 3559 2631 καὶ
3609 2579 3768 2654 τριά-

2097 2679 2257 2712 κοντα
2302 2662 2462 2713 τοῦτο
2510 2659 2573 2714 τὸ
2619 2667 2821 2734 τμῆμα
2879 2658 3258 2738 διερχόμενον.
3294 2664 3356 2719 Εἰ
3390 2662 3448 2720 δὲ
3477 2667 3604 2743 περὶ
3666 2669 3768 2732 τὰς

2099 2746 2276 2822 ἀρχὰς
2305 2751 2402 2800 τοῦ
2434 2747 2666 2817 Τοξότου
2697 2747 2914 2824 γένηται
2972 2748 3219 2825 σύνοδος,
3253 2752 3351 2806 οὐκ
3410 2752 3461 2807 ἐν
3524 2759 3604 2828 τῷ
3659 2761 3763 2810 Το-

2101 2833 2226 2908 ξότῃ
2272 2834 2646 2908 καταλήψεται
2701 2837 2793 2891 τὸν
2855 2837 3015 2906 ἥλιον
3077 2843 3112 2909 ἡ
3148 2839 3348 2912 σελήνη
3391 2843 3504 2913 (καὶ
3553 2847 3657 2920 γὰρ
3711 2844 3765 2900 ἐν

2102 2923 2246 2978 ὀκτὼ
2302 2925 2392 2978 καὶ
2451 2921 2646 2979 εἴκοσιν
2688 2925 2986 3001 ἡμέραιςῆ
3023 2929 3111 2982 καὶ
3174 2930 3369 3006 μικρόν
3425 2953 3479 2986 τι
3539 2934 3676 3008 πρὸς
3734 2935 3763 2988 ὁ

2096 3010 2260 3082 ἥλιος
2292 3010 2600 3089 διέρχεσθαι
2653 3013 2884 3090 λέγεται,
2924 3015 3135 3088 μᾶλλον
3175 3016 3220 3072 δ’
3254 3019 3580 3096 ὑπέρχεσθαι
3628 3026 3762 3075 τοῦ-

334 3109 514 3181 hujus
536 3109 690 3182 signi
712 3108 895 3165 solem
918 3107 1336 3182 apprehendit;
1370 3124 1487 3180 quo
1510 3112 1704 3164 autem
1725 3112 1983 3181 tempore

2099 3123 2158 3157 το
2185 3103 2247 3156 τὸ
2291 3098 2526 3173 ζώδιον)⁶
2563 3100 2708 3157 ἀλλά
2757 3103 2847 3158 τὸν
2886 3104 3085 3160 οἰκεῖον
3144 3107 3345 3162 κύκλον
3408 3106 3757 3182 περιοδεύσα-

336 3197 721 3270 Sagittarium
753 3196 895 3254 luna
926 3196 1158 3266 transit,
1189 3197 1337 3252 duos
1369 3200 1521 3252 certe
1569 3197 1715 3268 dies,
1749 3202 1806 3254 et
1852 3198 1983 3270 plus

2099 3211 2182 3260 σα,
2211 3190 2300 3246 καὶ
2331 3191 2468 3266 πρὸς
2499 3191 2598 3259 τήν
2628 3196 2725 3246 τοῦ
2776 3193 3006 3263 Τοξότου
3066 3195 3333 3270 γενομένη
3389 3198 3590 3273 ἀρχὴν,
3618 3200 3764 3275 πρὸς

337 3303 516 3358 quam
547 3285 860 3342 dimidium
891 3284 1006 3341 diei
1031 3287 1103 3341 ad
1127 3285 1323 3358 ipsum
1344 3286 1776 3341 transeundum
1796 3287 1983 3359 requi-

2099 3279 2157 3336 τὸ
2215 3277 2377 3342 τέλος
2438 3279 2655 3355 εὑρήσει
2686 3286 2783 3336 τοῦ
2811 3282 3065 3338 τοιούτου
3101 3282 3297 3353 ζωδίου
3328 3286 3418 3340 τὸν
3451 3285 3635 3356 ἥλιον.
3674 3290 3763 3343 Ἐν

338 3390 497 3445 rens,
529 3383 728 3430 exacto
779 3374 866 3430 sol
917 3374 1227 3446 Sagittario
1276 3373 1692 3446 Capricornum
1741 3393 1983 3448 occupa-

2100 3369 2213 3442 ὅσῳ
2243 3367 2300 3424 δὲ
2331 3369 2520 3444 χρόνῳ
2568 3371 2659 3425 τὸν
2709 3370 2944 3442 Τοξότην
2995 3375 3028 3441 ἡ
3082 3372 3283 3445 σελήνη
3330 3372 3630 3452 διέρχεται,
3665 3376 3762 3433 δύο

341 3463 448 3534 bit,
481 3467 538 3519 et
567 3462 709 3519 luna
750 3464 822 3519 ad
855 3463 1273 3535 Capricornum
1324 3463 1548 3535 perlata
1594 3465 1983 3534 deprehendet

2099 3461 2320 3535 ἡμερῶν
2372 3457 2463 3513 καὶ
2520 3456 2773 3522 πλείονος
2832 3461 2867 3530 ἢ
2923 3460 3160 3534 ἡμίσους
3219 3462 3430 3538 ἡμέρας
3519 3462 3760 3540 δεομένη

341 3551 526 3608 solem
557 3551 731 3608 istius
763 3552 917 3624 signi
946 3552 1302 3624 principium
1339 3552 1706 3624 praeteriisse,
1732 3555 1983 3626 adeoque

2099 3547 2236 3624 πρὸς
2263 3547 2325 3602 τὸ
2357 3545 2586 3604 διελθεῖν
2616 3548 2794 3618 αὑτὸν,
2828 3550 2856 3602 ὁ
2887 3547 3053 3618 ἥλιος
3083 3552 3174 3606 τὸν
3215 3553 3451 3624 Τοξότην
3501 3551 3767 3624 διελθὼν,

343 3642 456 3713 ipsi
489 3641 680 3697 adhuc
712 3641 909 3713 aliquo
957 3641 1238 3712 temporis
1287 3642 1440 3698 322
1491 3642 1794 3698 intervallo
1843 3661 1983 3716 opus

2099 3638 2190 3691 τὸν
2227 3636 2540 3713 Αἷγόκερων
2591 3635 2984 3712 καταλήψεται·
3017 3639 3107 3694 καὶ
3138 3643 3173 3710 ἡ
3223 3642 3428 3712 σελήνη
3491 3647 3763 3718 γινομένη

341 3730 473 3798 erit,
502 3735 567 3786 ut
595 3731 778 3788 solem
823 3734 1237 3803 consequatur.
1271 3734 1461 3802 Atque
1508 3731 1588 3785 ita
1633 3732 1854 3788 mensis
1893 3734 1983 3789 ﬁet

2099 3726 2236 3803 πρὸς
2261 3726 2352 3780 τόν
2381 3720 2718 3802 Αἰγόκερων,
2751 3729 2964 3804 εὑρήσει
2995 3728 3090 3783 τόν
3141 3729 3306 3798 ἥλιον
3358 3735 3454 3786 τοῦ
3506 3734 3767 3789 τοιούτου

341 3819 746 3893 longissimus,
778 3819 922 3876 luna
953 3818 1192 3891 quidem
1221 3823 1586 3892 segmentum
1646 3820 1737 3876 sui
1787 3821 1983 3878 circuli

2103 3812 2300 3884 ζωδίου
2356 3817 2456 3884 τὴν
2518 3816 2696 3891 ἀρχὴν
2755 3817 3191 3892 παραμείψαντα,
3223 3819 3313 3873 καὶ
3365 3819 3545 3891 δεήσει
3595 3823 3770 3898 ταύτῃ

344 3911 499 3982 quod
539 3907 852 3981 Sagittario
901 3907 1216 3979 subjicitur
1262 3909 1425 3963 tarde
1475 3913 1835 3977 transeunte,
1869 3911 1983 3966 sole

2099 3902 2188 3958 καί
2218 3923 2366 3966 τινος
2414 3903 2596 3981 ἑτέρου
2640 3910 2903 3981 χρονικοῦ
2952 3904 3322 3981 διαστήματος
3356 3909 3434 3972 εἷς
3466 3911 3529 3965 τὸ
3561 3913 3766 3990 φθάσαι

339 4003 538 4054 autem
569 3997 802 4071 prOprie
831 3997 1032 4053 circuli
1063 3997 1520 4069 portiunculam,
1565 4014 1692 4069 quae
1737 3999 1853 4070 ipsi
1904 3999 1983 4054 vi-

2099 3994 2188 4048 τὸν
2221 3991 2403 4062 ἥλιον.
2440 3993 2538 4047 Καὶ
2582 3994 2754 4057 οὕτως
2789 3996 2817 4050 ὁ
2851 3996 2945 4068 μὲν
3001 3998 3282 4071 γενήσεται
3337 4001 3624 4072 μήκιστος,
3657 4009 3766 4072 τῆς

2101 4083 2194 4153 μὲν
2252 4071 2489 4152 σελήνης
2553 4080 2792 4158 βραδέως
2847 4084 2909 4139 τὸ
2960 4085 3062 4139 ὑπὸ
3091 4087 3182 4141 τὸν
3212 4071 3446 4158 Τοξότην
3474 4094 3572 4145 τοῦ
3631 4071 3762 4145 ἑαυ-

2095 4173 2192 4240 τῆς
2222 4169 2428 4226 κύκλου
2455 4173 2655 4244 τμῆμα
2686 4169 3073 4249 διερχομένης,
3105 4180 3203 4230 τοῦ
3233 4177 3400 4246 ἡλίου
3431 4175 3489 4232 δὲ
3533 4180 3760 4254 ταχέως

2092 4259 2154 4313 τὸ
2183 4259 2270 4313 ὑπ’
2301 4258 2459 4314 αὐτὸν
2492 4258 2557 4329 δὴ
2591 4261 2681 4315 τὸν
2713 4262 2948 4334 Τοξότην
2997 4267 3095 4318 τοῦ
3131 4264 3336 4320 οἰκείου
3387 4264 3594 4322 κύκλου
3647 4269 3756 4341 μό-

2095 4367 2208 4421 ριον
2243 4346 2574 4421 διανύοντος,
2608 4352 2697 4404 καὶ
2729 4347 2819 4405 διὰ
2844 4355 3013 4406 ταῦτα
3064 4350 3285 4428 βράδιον
3339 4354 3444 4410 ὑπὸ
3501 4363 3602 4426 τῆς
3661 4379 3754 4413 σε-

2093 4434 2270 4508 λήνης
2311 4433 2889 4512 καταλαμϐανομένου.
2921 4445 3097 4497 Ταῦτα
3147 4442 3243 4516 μὲν
3293 4443 3346 4497 ἐν
3399 4448 3481 4516 τῷ
3539 4445 3754 4522 Ἱοξότγ,

2088 4527 2177 4580 καὶ
2208 4532 2323 4589 τοῖς
2356 4525 2637 4601 Διούμοις’
2672 4527 2724 4583 ἐν
2754 4526 2811 4584 δὲ
2848 4534 2964 4592 τοῖς
3019 4531 3213 4605 μεταξὺ
3265 4529 3485 4602 ζωδίοις
3535 4530 3757 4609 συμϐή-

2013 4639 2056 4703 D
2090 4635 2234 4669 σεται
2264 4616 2327 4670 τὸ
2360 4615 2654 4691 ἀνάλογον.

2161 4706 2244 4780 ιγ’.
2282 4706 2378 4758 Καὶ
2409 4704 2582 4767 οὕτως
2614 4703 2704 4760 οὗν
2757 4705 2809 4761 ἐν
2863 4713 2979 4770 τοῖς
3015 4706 3234 4778 ζωδίοις
3291 4707 3582 4786 ἐλέγχεται
3635 4717 3750 4769 τῶν

2085 4792 2380 4864 πλανήτων
2442 4795 2712 4868 ὑψώματα
2755 4816 2814 4850 τε
2843 4797 2934 4852 καὶ
2990 4799 3396 4874 ταπεινώματα,
3431 4799 3483 4854 ἐν
3545 4799 3749 4867 ἄλλοις

2083 4880 2289 4938 ἄλλων.
2327 4883 2552 4938 Ὁπόταν
2607 4885 2710 4960 γὰρ
2770 4885 2845 4947 εἰς
2899 4888 3189 4962 τριάκοντα
3239 4888 3436 4965 μοίρας
3467 4889 3585 4953 ἑνὸς
3616 4891 3746 4945 ἑκά-

2081 4992 2207 5026 στου
2264 4976 2370 5026 τῶν
2434 4970 2643 5041 ζωδίων
2701 4970 3055 5049 διῃρημένου,
3085 4977 3151 5030 τὰ
3209 4978 3302 5050 μὲν
3361 4982 3470 5033 τῶν
3525 4976 3743 5046 ζωδίων

2081 5057 2322 5136 βράδιον,
2378 5061 2444 5115 τὰ
2503 5059 2560 5115 δὲ
2617 5063 2811 5138 τάχιον
2879 5065 2932 5118 οἱ
3005 5062 3280 5136 πλάνητες
3364 5067 3742 5143 ὑποτρέχωσι’

2077 5145 2245 5218 δῆλον
2302 5150 2376 5212 ὡς
2437 5145 2559 5205 ἔνθα
2619 5153 2714 5224 μέν
2791 5151 2893 5206 εἰσι
2968 5153 3339 5231 ταπεινότεροι
3400 5157 3742 5232 στενοτέραις

2070 5243 2190 5300 ταῖς
2251 5243 2356 5292 τῶν
2413 5239 2604 5292 κώνων
2664 5239 2972 5312 ἀποτομαῖς
3043 5242 3481 5318 ἐντυγχάνοντες,
3539 5248 3740 5301 θᾶττον

2071 5325 2232 5388 αὐτὰς
2291 5326 2688 5403 διατρέχουσιν·
2742 5327 2862 5382 ἔνθα
2893 5327 2936 5383 δ’
2970 5329 3311 5407 ὑπάρχουσιν
3371 5333 3738 5410 ὑψηλότεροι,

2066 5413 2402 5493 πλατυτέρας
2458 5415 2620 5479 οὔσας
2669 5417 2767 5480 τὰς
2812 5422 2918 5472 τῶν
2971 5421 3159 5474 κώνων
3207 5421 3490 5495 ἀποτομὰς
3520 5420 3734 5499 διεξέρ-

2065 5524 2258 5583 χονται
2292 5502 2536 5584 βράδιον.
2568 5509 2683 5561 Τῶν
2731 5506 2833 5585 γὰρ
2873 5507 3136 5564 τοιούτων
3183 5509 3376 5568 κώνων
3423 5515 3531 5568 τῶν
3589 5509 3737 5569 διαι-

339 4086 550 4142 delicet
579 4086 890 4158 Sagittario
921 4084 1160 4141 subdita
1190 4089 1297 4154 est,
1326 4083 1589 4140 celeriter
1619 4087 1984 4159 conficiente,

334 4178 392 4231 et
419 4179 725 4246 eapropter
752 4174 979 4230 tardius
1009 4191 1043 4229 a
1063 4173 1204 4229 luna
1228 4173 1587 4246 apprehendi
1619 4191 1680 4230 se
1702 4176 1982 4246 patiente.

332 4264 402 4319 Et
427 4263 546 4320 haec
577 4262 817 4336 quidem
848 4263 908 4318 in
941 4261 1257 4335 Sagittario
1285 4265 1344 4317 et
1372 4261 1635 4317 Geminis
1665 4263 1746 4318 ita
1789 4280 1851 4318 se
1880 4264 1982 4319 ha-

328 4353 470 4408 bent
499 4369 511 4408 :
547 4352 608 4408 in
638 4351 1006 4408 intermediis
1033 4349 1450 4424 autemsignis
1481 4352 1812 4408 secundum
1846 4369 1982 4424 pro-

327 4441 655 4514 portionem
685 4440 927 4497 eveniet.

397 4709 567 4766 13.Ao
591 4709 671 4765 ita
691 4709 930 4781 quidem
962 4708 1022 4763 in
1053 4707 1238 4780 signis
1260 4707 1628 4780 planetarum
1653 4709 1979 4765 sublimita-

319 4804 406 4855 tes
428 4804 484 4854 et
511 4797 895 4867 humilitates,
924 4797 1173 4852 aliorum
1205 4796 1263 4851 in
1296 4795 1428 4852 aliis
1460 4802 1807 4870 arguuntur.
1827 4801 1972 4855 Cum

317 4889 474 4945 enim
507 4886 767 4960 quolibet
796 4887 965 4960 signo
989 4885 1049 4941 in
1082 4885 1324 4958 triginta
1357 4887 1575 4958 gradus
1617 4887 1821 4955 diviso,
1857 4887 1974 4943 alia

314 4978 564 5049 tardius,
598 4975 711 5032 alia
749 4974 997 5032 celerius
1046 4974 1293 5047 planetae
1345 4976 1558 5031 subtus
1607 4981 1966 5046 percurrant,

311 5066 496 5138 liquet
525 5065 676 5137 quod
715 5064 813 5120 ubi
842 5063 1188 5119 humiliores
1219 5068 1378 5132 sunt,
1410 5068 1465 5119 et
1511 5063 1569 5118 in
1613 5065 1967 5137 angustiori-

310 5155 424 5210 bus
474 5170 752 5210 conorum
805 5152 1125 5226 segmentis
1175 5156 1504 5222 versantur,
1564 5152 1814 5208 celerius
1865 5151 1967 5207 illa

312 5245 676 5314 percurrant.
715 5240 818 5296 Ubi
851 5245 1047 5296 autem
1071 5239 1446 5296 sublimiores
1466 5239 1963 5306 exsistunt,cono-

307 5347 442 5387 rum
472 5335 777 5403 segmenta
801 5346 933 5386 cum
966 5329 1175 5385 latiora
1206 5329 1348 5395 sint,
1378 5328 1608 5384 tardius
1659 5336 1960 5401 pertrans-

305 5424 465 5476 eunt.
507 5421 799 5476 Conorum
847 5420 1005 5475 enim
1053 5417 1364 5489 ejusmodi,
1397 5417 1498 5489 qui
1539 5422 1595 5472 et
1642 5417 1958 5474 Zodiacum

303 5513 361 5567 et
388 5509 758 5583 planetarum
789 5507 1042 5566 circulos
1071 5507 1132 5564 in
1165 5507 1546 5565 duodecimae
1575 5512 1771 5581 partes
1803 5505 1952 5564 divi-

365 5726 410 5806 7⁸
439 5723 656 5787 Cleom.
685 5740 749 5804 ιι,
782 5741 834 5786 ο.
864 5725 920 5786 5.
