4114 6424
368 461 520 525 1265

1697 457 2050 524 EPITOME
2092 459 2448 523 PHYSIGA.

3625 451 3782 518 1266

362 592 600 670 ρούντων
663 591 738 656 εἰς
797 588 1274 669 δωδεκατημόρια,
1330 590 1422 649 τόν
1487 613 1546 648 τε
1608 591 1870 663 ζωδιακὸν
1924 592 2004 648 καὶ

2130 596 2300 661 dunt,
2331 593 2577 651 vertices
2624 592 2863 666 quidem
2895 591 2957 646 in
3008 593 3165 647 terra
3193 591 3354 658 sunt,
3387 591 3454 646 ut
3480 587 3583 662 qui
3615 605 3782 662 aspe-

356 682 484 746 τοῦς
513 686 621 737 τῶν
650 681 944 754 πλανήτων
984 680 1242 751 κύκλους,
1271 683 1327 737 αἱ
1380 683 1472 755 μὲν
1523 683 1754 760 κορυφαὶ
1804 683 2013 758 τυγχά-

355 793 535 827 νουσιν
584 771 671 825 έπὶ
720 774 842 847 γῆς,
876 770 1052 846 ἀρχὰς
1108 768 1330 846 ἔχουσαι
1362 773 1459 832 τὰς
1501 766 1652 845 ὄψεις
1680 775 1787 826 τῶν
1840 772 2013 848 ὁρών-

355 882 483 917 των-
518 861 572 914 αἱ
631 857 689 914 δὲ
744 854 1064 921 καταϐάσεις
1127 859 1178 914 ἐν
1238 865 1318 932 τῷ
1350 861 1704 935 στερεώματι·
1739 858 1828 915 καί
1883 860 2010 915 ἀνα-

361 951 543 1026 λόγως
576 947 886 1022 πλατύτεροι
935 949 1027 1021 μὲν
1087 948 1264 1004 αὐτῶν
1322 950 1390 1003 τὰ
1447 949 1778 1026 ὑψηλότερα,
1813 950 2011 1005 στενώ-

358 1061 489 1117 τερα
521 1036 579 1094 δὲ
607 1039 674 1092 τὰ
702 1036 1108 1114 προσγειότερα.

428 1114 511 1186 ιδ’.
546 1126 916 1203 Διατρέχουσα
973 1124 1031 1182 δὲ
1083 1126 1175 1182 τὸν
1237 1128 1433 1196 ἑαυτῆς
1472 1114 1674 1182 κύκλον
1706 1130 1740 1196 ἡ
1776 1127 2004 1198 σελήνη,

352 1219 442 1274 καὶ
512 1217 892 1293 ὑποτρέχουσα
960 1217 1052 1271 τὸν
1107 1213 1390 1285 ζωδιακόν·
1453 1216 1651 1271 ὁπόταν
1707 1213 2007 1294 διαμετρή-

351 1327 484 1361 σασα
512 1307 604 1360 τὸν
636 1304 797 1374 ἥλιον
834 1305 936 1360 ὑπὸ
984 1303 1048 1359 τὸ
1099 1304 1413 1377 μεσαίτατον
1466 1304 1704 1378 εὑρεθείη
1756 1310 1851 1360 τοῦ
1903 1311 2006 1375 ζω-

351 1393 560 1465 διακοῦ,
615 1393 706 1448 τὸν
781 1391 1011 1462 ἡλιακὸν
1099 1392 1300 1448 κύκλον
1382 1393 1545 1447 αὐτοῦ
1631 1393 2002 1449 ὑποτείνουσα·

345 1483 460 1540 τότ’
505 1483 565 1538 ἐκ
609 1481 954 1552 πανσελήνου
1011 1480 1100 1536 καὶ
1165 1486 1458 1560 παμφαοῦς
1523 1481 1828 1559 ἀφώτιστος
1895 1483 2000 1555 ὅλη

345 1572 572 1649 γίνεται,
621 1575 690 1646 τῇ
751 1575 876 1642 σκιᾷ
931 1570 1334 1648 περιπίπτουσα
1397 1571 1530 1645 μέσῃ
1581 1574 1680 1641 τῆς
1734 1579 1859 1647 γῆς’
1914 1572 2000 1628 ἐπὶ

347 1668 476 1736 μιᾶς
534 1662 639 1738 γὰρ
699 1659 905 1725 εύθείας
952 1659 1077 1715 τότε
1122 1660 1189 1715 τὰ
1225 1659 1351 1737 τρία
1381 1659 1717 1736 εὑρίσκονται
1750 1663 1999 1735 σώματα,

341 1753 405 1807 τὸ
432 1755 531 1807 τοῦ
560 1749 749 1821 ἡλίου,
778 1751 842 1804 τὸ
887 1756 989 1819 τῆς
1029 1746 1288 1821 σελήνης,
1321 1749 1410 1804 καὶ
1465 1750 1660 1823 μεταξὺ
1710 1751 1884 1806 αὐτῶν
1935 1753 1999 1807 τὸ

340 1847 445 1910 τῆς
493 1846 620 1915 γῆς.
669 1838 1048 1917 Ὑφαπτομένη
1106 1835 1164 1892 δὲ
1215 1842 1312 1893 τοῦ
1362 1836 1452 1893 διὰ
1501 1838 1678 1911 μέσων
1726 1844 1834 1894 τῶν
1891 1845 1996 1909 ζω-

342 1926 472 1985 δίων
505 1931 539 1999 ἡ
582 1925 785 1998 σελήνη
835 1927 972 1982 κατά
1013 1928 1110 2006 τδις
1158 1928 1296 2004 πρὸς
1343 1927 1433 1982 τὸν
1483 1927 1644 1997 ἥλιον
1696 1926 1993 2006 διαμετρή-

337 2039 472 2087 σεις,
523 2017 557 2086 ἢ
608 2018 773 2093 μέρος
849 2016 1014 2086 αὐτῆς
1097 2016 1184 2071 ὑπ’
1241 2015 1398 2071 αὐτὸν
1483 2012 1705 2092 ἔχουσα,
1761 2020 1987 2095 μερικὴν

336 2108 476 2183 πρὸς
536 2105 701 2182 λόγον
759 2107 960 2181 πάσχει
1014 2106 1112 2174 τὴν
1155 2101 1418 2180 ἔκλειψιν·
1454 2107 1558 2162 ὑπὸ
1589 2103 1648 2162 δὲ
1676 2107 1743 2162 τὰ
1805 2107 1992 2184 βόρεια

334 2199 370 2267 ἢ
433 2196 502 2252 τὰ
554 2195 706 2251 νότια
762 2199 860 2250 τοῦ
931 2192 1198 2264 ζωδιακοῦ
1253 2194 1638 2272 εύρισκομένη,
1712 2194 1986 2274 διαδιδρά-

337 2307 452 2340 σκει
507 2286 606 2354 τὴν
668 2283 838 2342 σκιάν.
872 2283 969 2338 Διά
1019 2288 1179 2338 τοῦτο
1235 2284 1326 2339 καὶ
1384 2284 1488 2340 οὐκ
1539 2285 1591 2340 έν
1626 2287 1821 2348 πάσαις
1874 2293 1992 2348 ταῖς

338 2373 698 2445 πανσελήνοις
732 2371 976 2447 ἔκλειψις
1007 2372 1233 2448 γίνεται.

413 2552 490 2608 ιε’.
522 2553 628 2606 Τοῖ’)
685 2551 776 2624 μὲν
830 2547 920 2605 οὗν
977 2550 1145 2621 ἡλίου
1196 2548 1437 2626 ἔκλειψις
1468 2559 1570 2622 τῆς
1598 2556 1706 2609 τῶν
1736 2554 1989 2629 ὁρώντων

338 2636 520 2716 ὅψεως
572 2641 742 2703 πάθος
797 2639 956 2695 ἐστίν·
1016 2640 1116 2696 οὐκ
1163 2638 1296 2696 οὖσα
1344 2643 1460 2697 κατ’
1509 2640 1766 2713 ἀλήθειαν
1816 2638 1991 2698 ἔκλει-

341 2733 456 2805 ψις,
489 2733 624 2803 ἡμῖν
675 2726 732 2784 δὲ
781 2727 1015 2785 δοκοῦσα
1059 2734 1167 2785 τῶν
1215 2728 1462 2800 ἡλιακῶν
1492 2731 1870 2808 στερουμένοις
1903 2732 1996 2787 αύ-

343 2824 452 2896 γῶν
487 2817 576 2874 διὰ
603 2820 702 2888 τὴν
760 2823 858 2874 τοῦ
908 2817 1236 2889 σεληνιακοῦ
1295 2821 1549 2893 σώματος
1603 2821 1996 2898 έπιπρόσθεσιν.

344 2910 408 2965 Ἦ
439 2906 498 2964 δὲ
524 2915 624 2979 τῆς
658 2907 896 2978 σελήνης
945 2905 1186 2983 ἔκλειψις
1234 2908 1403 2979 αὐτῆς
1457 2916 1560 2980 τῆς
1609 2908 1848 2981 σελήνης
1896 2912 2000 2966 πά-

342 2999 433 3060 θος
465 2997 598 3069 ἐστὶ,
629 2996 719 3052 καὶ
776 3003 890 3052 καν⁷
928 2994 1210 3070 ἀλήθειαν,
1240 2998 1303 3052 ού
1358 2999 1495 3054 κατᾶ
1547 2997 1766 3070 δόκησιν
1828 2998 2000 3055 ἔκλει-

342 3089 457 3160 ψις.
515 3083 788 3141 Ἐκλείπει
847 3087 951 3161 γὰρ
1009 3081 1176 3149 ὅντως
1220 3089 1254 3157 ἡ
1304 3086 1508 3158 σελήνη
1558 3095 1658 3158 τῆς
1707 3096 1811 3164 γῆς
1867 3089 2000 3143 ὑπο-

341 3173 668 3244 σκιαζούσης
734 3173 924 3247 αὐτὴν,
982 3174 1072 3229 καὶ
1123 3175 1450 3247 κωλυούσης
1484 3173 1737 3252 δέχεσθαι
1793 3177 1882 3232 τὸν
1944 3177 2004 3233 έκ

335 3268 434 3318 τοῦ
491 3261 660 3331 ἡλίου
719 3261 1018 3338 αὐγασμόν.
1053 3262 1261 3320 Ἐνίοτε
1292 3262 1338 3319 δ’
1367 3263 1541 3328 οὕτως
1601 3265 1859 3338 ἐκλείπει,
1921 3267 1999 3329 ὡς

2125 689 2257 740 ctus
2287 683 2611 739 videntium
2637 682 2892 738 habeant
2921 679 3210 752 principia
3235 696 3248 747 ;
3282 678 3454 734 bases
3485 681 3683 734 autem
3713 677 3776 734 in

2127 773 2519 840 ﬁrmamento,
2551 777 2610 828 et
2665 771 2990 826 secundum
3038 767 3496 840 proportionem,
3537 767 3776 824 latiores

2123 862 2363 934 quidem
2395 866 2555 930 sunt,
2586 877 2712 932 quae
2758 858 3172 925 sublimiores;
3219 857 3374 914 823
3406 856 3774 930 angustiores

2122 956 2343 1020 autem,
2374 967 2501 1023 quae
2531 955 2698 1005 terras
2729 947 3057 1004 viciniores.

2191 1131 2277 1186 14.
2301 1133 2584 1185 Caeterum
2611 1145 2746 1184 cum
2776 1128 2919 1182 luna
2941 1143 3118 1183 suum
3149 1123 3434 1181 circulum
3460 1122 3766 1196 percurrit,

2119 1225 2177 1275 et
2206 1220 2550 1292 signiferum
2595 1215 3023 1284 subtercurrit;
3072 1213 3362 1286 siquidem
3411 1210 3521 1268 soli
3553 1227 3767 1268 secun-

2117 1311 2259 1366 dum
2294 1311 2647 1365 diametrum
2692 1308 2978 1380 opposita,
3013 1308 3069 1361 et
3117 1305 3227 1360 sub
3260 1302 3452 1358 medio
3501 1299 3765 1373 signiferi

2116 1398 2364 1455 solarem
2395 1398 2755 1454 subtendens
2788 1391 3072 1451 circul'um
3102 1396 3331 1464 reperta
3369 1389 3546 1446 fuerit
3577 1405 3591 1444 :
3624 1392 3766 1446 tunc

2115 1504 2184 1543 ex
2214 1489 2386 1560 plena
2413 1487 2575 1558 luna,
2610 1490 2667 1542 et
2694 1490 2817 1540 tota
2846 1483 3190 1549 collucente,
3225 1485 3348 1536 tota
3377 1477 3761 1535 illuminatio-

2111 1577 2205 1632 nis
2255 1593 2459 1649 expers
2488 1574 2740 1631 efﬁcitur
2766 1574 2849 1641 7°;
2902 1577 2968 1628 ut
3020 1587 3150 1644 quae
3179 1570 3238 1625 in
3287 1568 3544 1625 mediam
3591 1570 3760 1624 terra

2111 1667 2382 1721 umbram
2412 1666 2653 1721 incidat.
2674 1669 2833 1719 Tune
2857 1662 3016 1718 enim
3046 1661 3160 1716 tria
3181 1674 3446 1732 corpora,
3478 1655 3642 1727 solis,
3665 1655 3760 1712 lu-

2109 1773 2218 1822 nas,
2247 1759 2304 1812 et
2331 1755 2482 1810 inter
2510 1755 2632 1809 haec
2652 1751 2939 1809 venientis
2958 1756 3148 1821 terres,
3177 1750 3236 1804 in
3269 1764 3388 1803 una
3415 1749 3575 1802 recta
3602 1745 3760 1802 linea

2105 1843 2502 1900 inveniuntur.
2535 1843 2778 1908 Quando
2809 1845 3005 1897 autem
3036 1855 3170 1896 eum
3201 1835 3491 1894 circulum
3521 1835 3624 1908 qui
3655 1851 3758 1906 per

2106 1933 2298 1988 media
2327 1933 2497 2006 signa
2544 1931 2798 2000 ducitur,
2833 1931 2975 1985 luna
3002 1927 3252 2000 attingit
3279 1925 3342 1981 in
3391 1923 3756 1980 diametrali-

2101 2022 2213 2078 bus
2244 2023 2316 2078 ad
2348 2021 2532 2078 solem
2583 2018 3074 2094 oppositionibus,
3109 2021 3212 2073 aut
3259 2015 3352 2072 sui
3382 2017 3609 2088 partem
3639 2014 3751 2069 sub

2100 2111 2228 2183 ipso
2255 2111 2471 2180 habet;
2528 2110 2834 2183 partialem
2887 2125 2990 2180 pro
3021 2111 3148 2163 rata
3191 2104 3453 2178 portione
3500 2103 3745 2177 eclipsin

2099 2201 2322 2273 patitur
2354 2219 2367 2257 :
2401 2201 2636 2272 quando
2667 2199 2919 2270 denique
2963 2197 3022 2252 in
3054 2193 3614 2268 septentrionalibus
3645 2198 3748 2250 aut

2103 2290 2463 2346 australibus
2493 2289 2756 2362 signiferi
2787 2286 3056 2359 partibus
3087 2284 3581 2356 :deprehenditur,
3613 2300 3746 2341 um-

2101 2380 2270 2435 bram
2301 2380 2522 2451 efl'ugit.
2556 2379 2920 2450 Quapropter
2947 2377 2993 2411 ⁸ο
3022 2375 3181 2431 haud
3228 2374 3288 2430 in
3321 2374 3596 2430 omnibus
3626 2373 3751 2446 ple-

2103 2467 2350 2525 niluniis
2381 2468 2619 2540 eclipsis
2650 2467 2734 2522 ﬁt.

2180 2558 2268 2614 15.
2311 2557 2463 2613 Solis
2512 2557 2756 2629 proinde
2805 2553 3061 2626 eclipsis,
3108 2553 3435 2608 videntium
3483 2553 3758 2625 aspectus

2107 2647 2306 2720 passio
2337 2649 2427 2702 est
2455 2663 2470 2703 :
2503 2663 2639 2702 cum
2669 2660 2870 2701 revera
2899 2660 3016 2699 non
3063 2642 3140 2699 sit
3181 2641 3439 2714 eclipsis,
3469 2640 3572 2697 sed
3601 2639 3760 2698 vide-

2109 2740 2208 2792 tur
2237 2735 2427 2806 nobis,
2460 2735 2562 2807 qui
2592 2733 2921 2807 fulgoribus
2948 2731 3088 2789 solis
3119 2735 3356 2804 propter
3383 2729 3608 2786 lunaris
3633 2746 3760 2787 cor-

2109 2824 2270 2896 poris
2302 2825 2606 2880 obtentum
2630 2823 2949 2896 privamur.
2978 2826 3048 2876 At
3066 2820 3218 2876 luna
3251 2819 3507 2892 eclipsis,
3529 2818 3760 2892 ipsius-

2113 2917 2232 2969 met
2259 2913 2411 2969 lunae
2443 2912 2660 2984 passio,
2692 2910 2749 2967 et
2779 2927 2998 2978 revera,
3029 2927 3146 2966 non
3195 2909 3490 2982 opinione,
3521 2909 3759 2982 eclipsis

2111 3007 2220 3060 est.
2255 3003 2397 3058 Vere
2426 3003 2580 3058 enim
2611 3001 2754 3056 luna
2782 2999 2999 3073 deﬁcit,
3030 3004 3098 3055 ut
3125 3003 3281 3055 terra
3307 2998 3621 3055 obumbret
3663 2998 3759 3070 ip-

2111 3109 2236 3148 sam
2270 3093 2427 3148 8‘84
2475 3090 2896 3164 prohibeatque
2946 3088 3265 3161 quominus
3317 3087 3759 3144 irradiationem

2113 3198 2147 3235 a
2177 3180 2300 3236 sole
2329 3180 2598 3252 accipiat.
2650 3180 2951 3235 Interdum
2996 3182 3196 3234 autem
3229 3176 3313 3234 sic
3343 3177 3560 3248 deﬁcit,
3591 3179 3660 3232 ut
3687 3193 3762 3232 ne

2112 3270 2277 3324 exilis
2310 3269 2518 3325 saltem
2568 3269 2729 3323 illius
2779 3269 2992 3324 umbra
3021 3271 3416 3334 conservetur,
3447 3266 3549 3322 sed
3595 3269 3654 3323 et
3683 3265 3764 3322 lo-

341 3349 486 3425 μηδὶ
529 3352 680 3406 σκιὰν
723 3355 854 3426 γοῦν
912 3349 1154 3428 ἀμυδρὰν
1202 3353 1370 3423 αὐτῆς
1433 3355 1846 3431 περιζώσεσθαι,
1880 3354 2004 3411 ἀλλ’

2120 3375 2223 3414 cus
2253 3359 2570 3430 ignoretur,
2604 3359 2706 3413 ubi
2736 3357 2898 3413 illius
2927 3373 3139 3429 corpus
3169 3361 3277 3414 est.
3302 3354 3644 3428 Cujusmodi
3673 3355 3768 3410 lu-

337 3441 647 3517 ἀγνοεῖσθαι
698 3440 790 3495 καὶ
846 3440 940 3495 τὸν
995 3440 1163 3496 τόπον
1223 3440 1345 3497 ἔνθα
1394 3442 1518 3498 τότε
1543 3444 1606 3498 τὸ
1633 3443 1837 3515 ταύτης
1899 3443 2010 3498 ἐστὶ

344 3534 524 3602 σῶμα.
577 3529 844 3599 Τοιαύτης
905 3529 995 3584 καὶ
1054 3533 1221 3604 ἡμεῖς
1300 3531 1628 3602 σεληνιακῆς
1713 3531 2009 3607 ἐκλείψεως

350 3618 487 3689 ἅπαξ
557 3617 821 3673 αὐτόπται
898 3618 1220 3695 γεγόναμεν,
1282 3621 1418 3675 κατὰ
1487 3628 1634 3692 μῆνα
1690 3621 1862 3676 Μάίὀν
1922 3643 2010 3698 γε-

347 3707 568 3783 γονυίας
633 3707 757 3784 περὶ
823 3706 966 3784 ὥραν
1047 3703 1288 3782 ἑϐδόμην
1367 3709 1578 3773 νυκτός·
1640 3708 2012 3766 ὀκτωκαίδεκα

347 3797 550 3872 ἡμέραι
607 3801 706 3851 τοῦ
763 3794 941 3851 Μαΐου
997 3797 1374 3873 παρήλθοσαν’
1436 3797 1705 3855 ἷνδικτιὼν
1767 3799 2012 3877 διέτρεχε

348 3885 566 3959 πρώτη’
628 3885 691 3939 τὸ
749 3881 869 3946 ἔτος
928 3881 1080 3941 ἕκτον
1130 3888 1266 3963 πρὸς
1311 3892 1391 3960 τῷ
1421 3889 1696 3962 ἑξηκοστῷ
1723 3890 1813 3944 καὶ
1845 3891 2006 3945 ἕπτα-

351 3977 621 4046 κοσιοστῷ
666 3973 756 4028 καὶ
809 3973 1287 4049 ἑξακισχιλιοστῷ·
1339 3978 1403 4032 τὸ
1448 3979 1706 4054 περιέχον
1754 3977 2012 4034 εὐδιεινό-

350 4082 531 4117 τατον.
588 4064 799 4133 Ταύτην
861 4060 1068 4125 ἰδόντες
1133 4065 1232 4133 τὴν
1309 4061 1553 4140 ἔκλειψιν
1609 4066 2010 4141 ἐθαυμάσαμεν,

353 4151 399 4206 εί
432 4149 579 4215 ὅλως
611 4149 726 4228 ἔχει
787 4156 904 4230 φῶς
952 4149 1090 4207 ἴδιον
1141 4155 1175 4221 ἡ
1236 4152 1464 4228 σελήνη,
1492 4155 1671 4218 καθώς
1727 4177 1869 4218 τινες
1924 4155 2016 4212 λέ-

345 4262 556 4316 γουσιν.

426 4351 496 4400 ις,
532 4330 615 4399 ιζ’.
652 4331 736 4385 Ἐν
791 4335 911 4392 ταῖς
954 4329 1264 4406 εἰλικρινέσι
1323 4329 1380 4387 δὲ
1434 4337 1543 4387 τῶν
1599 4332 1889 4406 ἐκλείψεων
1948 4336 2014 4389 τὰ

352 4417 491 4494 πρὸς
523 4417 792 4481 ἀνατολὰς
821 4418 1170 4494 τετραμμένα
1205 4421 1343 4498 μέρη
1394 4428 1494 4491 τῆς
1549 4420 1786 4494 σελήνης
1831 4423 2015 4498 ἀμαυ-

357 4510 577 4582 ροῦνται
618 4507 876 4582 πρώτως,
908 4509 997 4562 καὶ
1045 4505 1209 4563 πάλιν
1248 4514 1416 4564 ταῦτα
1461 4512 1697 4587 πρώτως
1744 4512 2011 4590 φωτίζον-

351 4613 438 4647 ται
503 4592 592 4649 διὰ
645 4597 706 4651 τὸ
751 4597 852 4665 τὴν
918 4598 1012 4670 μὲν
1072 4599 1226 4653 σκιὰν
1267 4602 1372 4668 τῆς
1403 4603 1505 4676 γῆς
1534 4599 1585 4671 ἐξ
1616 4600 1894 4657 ἀνατολῶν
1925 4603 2015 4680 φέ-

357 4694 540 4787 ρεσθαι
576 4682 1118 4787 πρὸςκδυσμάςλτὴν
1174 4683 1232 4742 δὲ
1278 4687 1512 4760 σελήνην
1554 4687 1904 4761 πλανητικῶς
1955 4691 2014 4747 ἐκ
2043 4723 2088 4787 D

350 4768 572 4845 δυσμῶν
626 4774 764 4851 πρὸς
819 4773 1110 4849 ἀνατολὰς,
1163 4777 1254 4831 καὶ
1303 4776 1447 4832 οὕτω
1496 4783 1563 4853 τῇ
1621 4785 1744 4851 σκιᾷ
1790 4781 2008 4857 περιπί-

347 4881 520 4918 πτειν.
555 4862 643 4916 Ἐν
703 4859 762 4916 δὲ
815 4869 937 4926 ταῖς
998 4871 1246 4941 μερικαῖς
1299 4865 1624 4943 ἐκλείψεσιν,
1658 4868 1718 4924 ἂν
1753 4869 1846 4943 μὲν
1903 4870 2010 4925 ἀπὸ

346 4953 455 5004 τῶν
521 4949 752 5027 βορείων
815 4952 890 5015 ὡς
940 4952 1028 5008 ἐπὶ
1077 4953 1143 5008 τὰ
1169 4954 1324 5010 νότια
1351 4957 1679 5032 κατέρχοιτο
1709 4959 1744 5027 ἡ
1779 4957 2008 5029 σελήνη.

343 5038 411 5094 τὰ
457 5040 602 5116 πρὸς
659 5037 1003 5117 μεσημϐρίαν
1053 5042 1221 5114 αὐτῆς
1285 5043 1526 5101 ἐκλείπει
1573 5049 1761 5120 (ταῦτα
1803 5049 1904 5123 γὰρ
1956 5047 2008 5102 έν

341 5131 412 5201 τῇ
461 5125 684 5202 καθόδῳ
744 5131 1138 5207 προηγούμενα
1200 5136 1269 5206 τῇ
1338 5139 1462 5205 σκιᾷ
1531 5137 1888 5212 περιπίπτει)·
1944 5137 2011 5190 τὰ

346 5212 404 5270 δὲ
462 5217 600 5293 πρὸς
661 5218 854 5295 ἄρκτον
918 5217 1194 5299 διαφεύγει
1251 5223 1353 5292 τὴν
1413 5221 1654 5299 ἔκλειψιν
1703 5222 1855 5296 (οὐδὲ
1907 5227 2008 5302 γὰρ

347 5305 729 5383 ὑπεισέρχεται
779 5313 951 5364 ταῦτα
1003 5313 1074 5384 τῇ
1135 5313 1300 5386 σκιᾷ).
1359 5312 1582 5368 Ὁπόταν
1643 5311 1690 5368 δ’
1736 5314 1842 5368 ἀπὸ
1898 5319 2006 5369 τῶν

344 5393 540 5450 νοτίων
574 5399 609 5467 ἡ
643 5396 850 5469 σελήνη
883 5397 1172 5474 ἆνέρχοιτο
1204 5400 1281 5463 ὡς
1330 5400 1417 5456 ἐπὶ
1461 5403 1527 5457 τὰ
1588 5402 1796 5479 βόρεια,
1828 5403 2009 5459 σκοτί-

416 5647 705 5723 τεοιθοω.
741 5650 783 5723 Ι.
813 5667 960 5723 ιηρ.
992 5651 1046 5719 4,
1076 5652 1186 5708 sub
1217 5652 1437 5721 ﬁnem;
1475 5654 1785 5713 Reinhold.
1820 5657 1880 5712 in
1931 5658 2243 5714 Purbachii
2293 5657 2477 5715 theor.

345 5719 984 5794 in‘SomaLScipq’lib.
1017 5740 1071 5792 ν,
1103 5740 1152 5778 c.
1190 5724 1274 5779 15.

2121 3448 2281 3503 naris
2313 3447 2596 3520 eclipseos
2646 3453 2702 3503 et
2748 3464 2856 3503 nos
2886 3445 3066 3502 semel
3115 3448 3473 3516 spectatores
3521 3443 3766 3515 fuimus,

2122 3554 2248 3609 quae
2280 3553 2482 3593 mense
2511 3537 2662 3592 Maio
2692 3536 2838 3592 hora
2857 3535 3045 3591 noctis
3067 3535 3319 3607 septima
3345 3531 3576 3590 accidit.
3599 3533 3770 3590 Octo-

2122 3628 2310 3682 decim
2343 3627 2468 3682 dies
2511 3626 2649 3681 Maii
2698 3625 3132 3697 praeterieram;
3182 3622 3421 3679 indictio
3453 3622 3644 3696 prima
3672 3623 3771 3678 de-

2122 3715 2432 3782 currebat;
2467 3731 2657 3769 annus
2683 3731 2863 3786 supra
2892 3713 3079 3768 sexies
3110 3712 3495 3768 millesimum
3525 3714 3650 3768 erat
3680 3728 3774 3768 se-

2123 3803 2616 3876 ptingentesimus
2663 3802 3062 3874 sexagesimus
3090 3805 3289 3857 sextus
3317 3801 3358 3835 ⁸¹
3393 3817 3406 3856 :
3442 3799 3772 3866 continens,

2123 3893 2180 3949 id
2213 3897 2324 3959 est,
2375 3909 2496 3958 aer,
2548 3891 2996 3948 serenissimum
3047 3894 3191 3945 erat.
3249 3890 3409 3945 Hanc
3456 3891 3774 3960 postquam

2121 3981 2379 4036 vidimus
2428 3979 2672 4052 eclipsin
2723 3980 2918 4035 mirati
2966 3995 3196 4047 sumus,
3247 3978 3297 4034 si
3344 3977 3584 4032 omnino
3631 3975 3775 4032 luna

2122 4070 2428 4142 proprium
2461 4069 2661 4124 lumen
2693 4067 2892 4139 habet,
2926 4071 2992 4123 ut
3022 4066 3227 4122 dicunt
3256 4064 3458 4138 aliqui.

2197 4339 2282 4409 16,
2318 4339 2405 4392 17.
2439 4339 2722 4394 Caeterum
2753 4337 2812 4392 in
2843 4335 3088 4410 integris
3119 4333 3438 4406 eclipsibus
3467 4335 3664 4405 partes
3683 4331 3776 4388 lu-

2123 4444 2209 4482 nas
2233 4427 2304 4481 ad
2336 4426 2618 4483 orientem
2640 4442 2927 4481 conversae
2955 4424 3212 4496 primum
3232 4423 3646 4490 obscurantur,
3668 4437 3780 4478 eaa-

2123 4517 2376 4588 demque
2407 4516 2666 4589 primum
2690 4515 2950 4571 vicissim
2976 4513 3393 4568 illuminantur
3423 4528 3436 4568 :
3471 4513 3777 4584 propterea

2124 4607 2276 4677 quod
2313 4606 2524 4660 umbra
2555 4605 2792 4676 quidem
2821 4604 2870 4639 ⁸²
2902 4607 3072 4659 terra!
3118 4603 3189 4659 ab
3219 4606 3350 4657 ortu
3381 4601 3440 4655 in
3473 4615 3770 4667 occasum,

2121 4693 2262 4750 luna
2291 4700 2486 4750 autem
2518 4695 2762 4750 erratico
2792 4709 2899 4750 suo
2931 4698 3093 4748 motu
3124 4691 3196 4747 ab
3227 4707 3434 4746 occasu
3468 4689 3542 4744 ad
3574 4691 3771 4744 ortum

2123 4784 2362 4854 feratur,
2395 4789 2453 4840 et
2478 4785 2562 4839 sic
2595 4784 2655 4837 in
2688 4783 2960 4838 umbram
2983 4785 3152 4837 terrae
3192 4780 3434 4835 incidat.
3458 4783 3522 4833 In
3552 4776 3770 4849 partia-

2120 4872 2277 4928 libus
2310 4878 2507 4928 autem
2549 4872 2888 4944 eclipsibus,
2921 4869 3218 4943 siquidem
3270 4887 3304 4924 a
3327 4867 3665 4924 borealibus
3693 4866 3768 4922 ad

2120 4961 2409 5017 australes
2431 4966 2627 5034 partes
2649 4961 2790 5016 luna
2818 4960 3154 5029 descendat,
3176 4955 3586 5012 meridionales
3604 4953 3768 5011 illius

2122 5055 2315 5123 partes
2346 5051 2625 5106 deﬁciunt
2655 5050 2768 5121 (ha:
2798 5051 2954 5105 enim
3005 5065 3139 5104 cum
3187 5048 3248 5102 in
3294 5047 3579 5103 descensu
3620 5060 3768 5117 pra-

2121 5140 2348 5210 cedant,
2381 5140 2440 5194 in
2471 5139 2741 5195 umbram
2781 5138 3108 5210 incidunt);
3159 5134 3643 5210 septentrionales
3671 5151 3770 5190 au-

2119 5231 2236 5283 tem
2269 5227 2513 5299 eclipsin
2552 5227 2843 5300 effugiunt
2871 5229 3085 5300 (neque
3131 5227 3288 5283 enim
3316 5225 3403 5281 his
3434 5223 3586 5281 325
3633 5239 3771 5278 um-

2122 5318 2289 5373 bram
2323 5317 2868 5390 subingrediuntur,
2894 5317 2985 5373 sin
3008 5321 3204 5372 autem
3228 5317 3299 5371 ab
3326 5313 3686 5371 australibus
3707 5315 3775 5368 ut

2121 5407 2192 5462 ad
2226 5406 2488 5462 boreales
2519 5406 2661 5463 luna
2687 5407 2983 5474 ascendat,
3018 5402 3502 5478 septentrionales
3532 5402 3773 5476 quidem

2512 5676 2566 5730 p.
2601 5660 2726 5713 208.
2805 5659 2850 5693 ⁸ο
2878 5655 3096 5730 Cleom.
3126 5659 3192 5730 ῨΙ.
3227 5674 3290 5730 ιι,
3323 5674 3385 5730 c.
3407 5659 3479 5725 3;
3512 5655 3770 5713 Macrob.

760 5739 849 5803 Ρη
882 5725 984 5806 lib.
1017 5740 1152 5806 vae.
1190 5725 1274 5779 15.
1304 5800 1313 5806 _
1355 5725 1685 5806 '1‘M_ac_rob.
1720 5728 1779 5783 in
1832 5729 2221 5806 SoquScip.
2260 5729 2357 5785 lib.
2396 5747 2432 5799 1,
2468 5725 2528 5786 cf
2554 5733 2617 5785 1‘.)
2651 5735 2708 5786 et
2736 5732 2845 5798 ‘30;
2895 5729 3203 5786 Reinhold.
3235 5725 3292 5784 in
3324 5729 3534 5786 Thoor.
3565 5729 3768 5797 Purb.,

351 5791 476 5848 163.
555 5791 602 5826 ⁸³
633 5791 894 5866 Βεεὶοω.
927 5794 986 5851 in
1021 5791 1338 5869 Almsgest.
1374 5799 1521 5855 Ptol.
1553 5798 1654 5855 lib.
1683 5818 1760 5869 vr,
1793 5817 1958 5875 prop.
1988 5801 2078 5858 29.
