4114 6454
323 430 479 493 1267

1570 423 1997 489 NICEPHORI
2041 422 2481 487 BLEMMIDIE

3578 422 3749 487 1168

317 563 578 621 tenebris
625 560 1023 630 involvuntur,
1054 564 1114 617 at
1160 559 1570 618 meridionales
1618 559 1809 616 lucem
1866 559 1971 616 ha-

2102 562 2231 626 ζεται
2290 556 2385 630 μὲν
2434 555 2505 611 τὰ
2556 555 2694 633 πρὸς
2754 553 2972 632 ἄρκτον.
3002 552 3071 609 τὰ
3121 550 3182 609 δὶ
3224 554 3363 632 πρὸς
3398 550 3750 633 μεσημϐρίαν

319 653 482 709 bent.

396 742 484 797 18.
514 743 691 796 Porro
719 738 765 774 ⁸³
794 737 939 795 luna
988 742 1047 795 et
1094 738 1385 795 altissima
1428 743 1485 795 et
1529 736 1887 805 humillima,
1919 740 1977 794 et

323 829 516 887 medio
560 829 735 884 modo
767 845 829 884 se
859 828 1084 885 habens
1114 828 1330 884 deﬁcit.
1363 829 1433 884 Et
1480 827 1529 883 si
1558 826 1797 899 quidem
1829 827 1976 883 deﬁ-

323 919 459 991 ciat,
490 934 626 973 cum
658 920 748 973 est
779 916 1089 984 altissima,
1121 916 1292 973 citius
1322 920 1582 989 apparet,
1615 916 1754 989 quia
1782 916 1842 970 in
1874 932 1976 971 an-

325 1006 588 1081 gustiore
635 1007 848 1062 umbra
878 1010 1146 1062 versatur
1176 1022 1188 1062 :
1224 1011 1286 1061 at
1331 1022 1467 1062 cum
1497 1010 1662 1061 terras
1713 1004 1980 1077 proxima

325 1102 436 1164 est,
467 1096 697 1152 tardius
729 1095 1158 1167 [conspicitur],
1191 1094 1331 1167 quia
1357 1094 1419 1149 in
1469 1094 1741 1149 umbram
1769 1092 1980 1149 incidit

325 1185 617 1242 latiorem.
650 1185 892 1249 Quando
923 1184 1174 1257 denique
1226 1183 1416 1240 medio
1464 1182 1619 1239 inter
1647 1181 1977 1239 sublimita-

326 1277 447 1330 tem
478 1277 537 1329 et
576 1272 971 1329 humilitatem
1020 1290 1083 1328 se
1130 1272 1328 1338 habet,
1362 1271 1625 1328 medium
1676 1270 1853 1327 etiam
1884 1286 1977 1325 oc-

329 1361 669 1420 cultationis
699 1366 935 1434 tempus
966 1361 1164 1417 habet.

404 1452 490 1506 19.
528 1450 668 1505 Hinc
707 1449 885 1522 igitur
914 1450 1293 1506 manifestum
1335 1453 1444 1517 est,
1477 1452 1535 1504 et
1565 1448 1719 1521 quod
1769 1449 1982 1504 umbra

321 1539 541 1611 [terrae]
573 1541 648 1595 sit
679 1539 955 1595 conoides
987 1538 1353 1612 [turbinata],
1388 1542 1445 1594 et
1473 1537 1559 1595 sol
1582 1538 1771 1610 major
1800 1554 1978 1610 quam

330 1631 486 1686 terra
514 1628 579 1695 3‘,
613 1632 669 1683 et
698 1626 839 1683 luna
869 1626 1052 1684 multo
1083 1628 1277 1684 minor
1304 1643 1481 1700 quam
1513 1632 1687 1683 terra.
1723 1626 1783 1683 Si
1822 1626 1979 1682 enim

329 1721 493 1773 tanto
524 1716 807 1789 temporis
837 1718 1027 1789 spatio
1058 1718 1282 1773 umbrae
1314 1716 1590 1790 angustia
1617 1715 1978 1784 occultatur;

330 1808 552 1878 quanto
577 1804 787 1862 fuisset
807 1806 1171 1873 abscondita,
1190 1805 1243 1862 si
1271 1806 1334 1861 in
1364 1804 1738 1861 latitudinem
1760 1805 1982 1860 umbrae

331 1894 656 1964 incidisset,
687 1910 814 1966 qua:
849 1894 1004 1951 circa
1032 1899 1201 1951 terra:
1238 1893 1609 1966 superﬁciem
1643 1892 1984 1966 spargitur?

401 1983 493 2038 20.
530 1982 693 2047 Quod
728 1986 925 2038 autem
954 1981 1017 2038 in
1052 1984 1324 2040 umbram
1354 1985 1523 2039 terra;
1550 1981 1817 2039 incidens
1847 1981 1990 2036 luna

330 2070 581 2144 eclipsin
613 2071 891 2143 patiatur,
922 2071 1302 2128 manifestum
1333 2076 1422 2129 est
1463 2087 1533 2128 ex
1561 2087 1627 2128 eo
1658 2070 1812 2144 quod
1845 2070 1988 2127 ecli-

332 2175 472 2233 pses
500 2159 562 2214 in
588 2158 731 2215 solis
780 2158 1120 2231 pleniluniis
1150 2161 1319 2229 ﬁunt,
1355 2160 1589 2233 quando
1642 2160 1767 2215 fieri
1799 2162 1992 2233 potest

333 2252 399 2305 ut
427 2252 486 2304 et
513 2249 657 2303 luna
684 2247 745 2304 in
776 2248 1048 2303 umbram
1080 2247 1319 2303 incidat.
1341 2250 1450 2304 Sed
1483 2254 1540 2304 et
1569 2265 1638 2304 ex
1668 2247 1822 2304 lunae
1851 2263 1990 2319 par-

332 2337 495 2393 tibus
528 2353 654 2409 quae
686 2341 821 2408 post
870 2337 1188 2409 perfectam
1235 2337 1477 2411 eclipsin
1526 2336 1987 2409 conspiciuntur,

332 2441 470 2481 cum
502 2424 862 2481 orbiculares
893 2424 1233 2499 [fornicatus]
1270 2426 1409 2492 sint,
1440 2425 1595 2483 826
1624 2427 1778 2482 idem
1810 2429 1988 2499 patet.

336 2514 488 2577 Quin
520 2514 697 2569 etiam
748 2532 781 2568 a
829 2514 1180 2585 partialibus
1225 2515 1410 2587 liquet
1459 2515 1817 2587 eclipsibus;
1864 2520 1991 2569 tum

340 2602 499 2657 enim
530 2599 1031 2657 illuminationum
1063 2603 1350 2660 sectiones
1380 2603 1603 2659 falcatae
1631 2608 1788 2671 sunt,
1821 2618 1991 2676 prop-

344 2693 503 2746 terea
532 2691 710 2761 quod,
747 2706 880 2745 cum
915 2690 1198 2762 sphaerica
1244 2692 1434 2764 ﬁgura
1457 2692 1502 2727 ⁸⁵
1532 2693 1591 2747 in
1622 2694 1872 2765 ﬁguram
1902 2691 1992 2748 in-

333 2774 478 2833 cidit
507 2778 831 2846 conoidem,
866 2781 923 2834 et
976 2779 1049 2834 ab
1079 2779 1207 2852 ipso
1258 2784 1507 2852 secatur,
1559 2780 1913 2837 orbiculares
1939 2783 1995 2835 et

331 2864 558 2923 falcatae
588 2868 739 2923 ﬁunt
768 2868 1097 2924 sectionum
1130 2870 1350 2940 figurae.

410 2954 499 3009 21.
534 2955 671 3021 Quae
723 2971 856 3011 cum
891 2956 975 3012 ita
1020 2972 1083 3013 se
1134 2956 1410 3030 habeant,
1464 2958 1587 3015 fieri
1637 2975 1751 3015 non
1785 2960 1993 3031 potest,

344 3045 411 3098 ut
438 3059 573 3099 cum
618 3045 791 3101 ambo
839 3044 1158 3102 luminaria
1186 3064 1362 3118 super
1408 3048 1766 3104 horizontem
1798 3047 1997 3105 viden-

343 3136 462 3197 tur,
496 3148 731 3204 quoquo
783 3134 958 3189 modo
987 3133 1224 3207 eclipsis
1271 3136 1465 3209 [lunae]
1495 3138 1598 3193 fiat
1621 3137 1684 3192 ⁸⁸.
1719 3141 1860 3192 Cum
1891 3153 1993 3193 au-

343 3224 464 3276 tem
495 3221 695 3278 multas
727 3222 881 3279 circa
910 3238 1104 3279 aerem
1135 3226 1279 3280 fiant
1308 3226 1662 3295 aﬂ‘ectiones,
1696 3230 1996 3283 consenta-

2083 641 2198 721 ἔχει
2230 644 2294 700 τὸ
2326 643 2543 723 φαεινόν
2554 684 2567 700 .

2158 735 2250 805 ιη’.
2312 732 2586 790 Έκλείπει
2644 730 2691 788 δ’
2748 733 2785 803 ἡ
2843 730 3050 803 σελήνη
3126 730 3217 787 καὶ
3286 729 3607 807 ὑψηλοτάτη
3651 733 3753 790 καὶ

2083 824 2480 900 προσγειοτάτη
2538 824 2628 879 καὶ
2701 823 2880 896 μέσως
2953 817 3178 898 ἔχουσα.
3240 819 3342 877 Καὶ
3418 820 3745 897 ὑψηλοτάτη

2089 912 2184 985 μὲν
2245 910 2587 986 ἐκλείπουσα,
2645 910 2841 987 τάχιον
2908 909 3237 988 ἐκφαίνεται,
3282 914 3364 984 τῷ
3427 909 3749 987 στενωτέρῳ

2084 1007 2184 1070 τῆς
2246 1005 2401 1064 σκιᾶς
2458 1000 2877 1077 ἐντυγχάνουσα·
2927 995 3322 1076 προσγειοτάτη
3381 995 3441 1055 δὲ
3498 996 3747 1078 βράδιον,

2084 1087 2394 1165 πλατυτέρα
2442 1093 2513 1164 τῇ
2563 1094 2689 1162 σκιᾷ
2744 1088 3165 1166 περιπίπτουσα.
3218 1089 3408 1152 Μέσως
3442 1085 3490 1143 δ’
3540 1086 3753 1166 ἔχουσα

2084 1182 2182 1235 τοῦ
2238 1178 2407 1254 ὕψους
2466 1179 2556 1234 καὶ
2604 1179 3040 1253 ταπεινώματος,
3079 1177 3241 1252 μέσον
3272 1179 3365 1233 καὶ
3393 1177 3485 1234 τὸν
3542 1177 3752 1255 χρόνον

2086 1265 2206 1344 ἔχει
2234 1273 2336 1339 τῆς
2366 1267 2641 1344 κρύψεως.

2162 1447 2246 1502 ιϐ’.
2280 1447 2549 1502 Ἐντεῦθεν
2601 1442 2693 1501 οῦν
2744 1443 2937 1519 δῆλον,
2970 1443 3054 1501 δ’τι
3100 1465 3161 1500 τε
3210 1440 3513 1516 κωνοειδὴς
3558 1448 3594 1516 ἡ
3628 1444 3763 1502 σκιὰ

2087 1532 2177 1589 καὶ
2209 1535 2237 1588 ὁ
2267 1532 2428 1603 ἥλιος
2490 1532 2688 1607 μείζων
2745 1532 2846 1604 τῆς
2895 1541 3000 1609 γῆς
3048 1532 3207 1603 καὶὴ
3239 1529 3443 1605 σελήνη
3506 1528 3755 1590 ἐλάττων

2087 1620 2288 1696 πολλῷ
2341 1630 2441 1693 τῆς
2492 1626 2615 1700 γῆς.
2675 1623 2739 1678 Εἰ
2797 1623 2902 1700 γὰρ
2958 1626 3217 1678 τοσοῦτον
3266 1622 3470 1698 χρόνον
3518 1628 3598 1695 τῷ
3648 1631 3757 1693 τῆς

2090 1717 2245 1774 σκιᾶς
2303 1712 2603 1786 στενώματι
2663 1712 2981 1789 κρύπτεται,
3037 1712 3204 1767 πόσον
3264 1711 3325 1766 ἃν
3408 1707 3614 1789 ἐκρύϐη
3671 1714 3758 1786 τῷ

2089 1799 2283 1856 πλάτει
2320 1805 2683 1877 περιπεσοῦσα
2718 1809 2819 1872 τῆς
2853 1807 3006 1864 σκιᾶς
3038 1800 3067 1856 ὃ
3097 1802 3223 1878 περὶ
3280 1802 3379 1871 τὴν
3439 1798 3757 1881 ἐπιφάνειαν

2092 1885 2378 1964 συμϐαίνει
2408 1896 2507 1960 τῆς
2538 1896 2641 1967 γῆς
2667 1909 2680 1961 ;

2165 1986 2229 2034 κ’.
2260 1980 2381 2034 Ὅτι
2440 1978 2499 2035 δὶ
2554 1981 2623 2053 τῇ
2681 1983 2807 2051 σκιᾷ
2863 1984 2967 2049 τῆς
3023 1974 3127 2054 γῆς
3183 1981 3219 2049 ἡ
3277 1975 3482 2052 σελήνη
3538 1978 3764 2057 περιπί-

2095 2088 2306 2125 πτουσα
2331 2070 2533 2146 πάσχει
2564 2068 2664 2139 τὴν
2698 2066 2963 2143 ἔκλειψιν,
2995 2064 3165 2139 δῆλον
3230 2068 3325 2142 μὶν
3378 2064 3471 2123 καῖ
3502 2067 3610 2123 ἀπὸ
3655 2072 3764 2125 τοῦ

2094 2156 2191 2221 τὰς
2252 2157 2526 2233 ἐκλείψεις
2580 2155 2632 2213 ἐν
2695 2156 2890 2231 μόναις
2947 2155 3190 2233 γίνεσθαι
3247 2155 3635 2229 πανσελήνοις,
3668 2155 3768 2214 ὅτε

2060 2244 2322 2302 ⁶δυνατὸν
2367 2247 2457 2301 καὶ
2504 2247 2603 2317 τὴν
2654 2244 2891 2317 σελήνην
2937 2244 3341 2321 περιπεσεῖντῇ
3396 2246 3538 2318 σκιᾷ.
3575 2245 3761 2316 Δῆλον

2101 2333 2158 2391 δὲ
2186 2335 2276 2391 καὶ
2307 2336 2412 2390 ἀπὸ
2439 2340 2547 2391 τῶν
2590 2334 2931 2415 φαινομένων
2986 2335 3121 2408 μετᾶ
3165 2335 3265 2405 τήν
3316 2332 3525 2390 τελείαν
3575 2331 3766 2391 ἔκλει-

2100 2429 2189 2499 ψιν
2220 2431 2322 2494 τῆς
2353 2422 2591 2495 σελήνης
2635 2428 2814 2501 μερῶν
2867 2428 3172 2503 περιφερῶν
3227 2417 3416 2478 ὄντων·
3480 2420 3628 2479 ἀλλὰ
3688 2421 3760 2494 δὴ

2098 2513 2188 2568 καὶ
2234 2514 2338 2567 ἀπὸ
2384 2518 2492 2567 τῶν
2541 2512 2627 2568 ἐπὶ
2664 2514 2863 2589 μέρους
2920 2509 3239 2587 ἐκλείψεων.
3280 2509 3601 2583 Μηνοειδεῖς
3657 2512 3765 2588 γάρ

2099 2601 2223 2657 τότε
2277 2603 2613 2679 τυγχάνουσι
2666 2605 2773 2656 τῶν
2831 2604 3126 2681 φωτισμῶν
3184 2601 3240 2656 αἱ
3285 2599 3584 2675 ἂποτομαί·
3620 2598 3771 2657 διότι

2100 2696 2388 2769 σφαιρικοῦ
2442 2693 2729 2768 σχήματος
2777 2687 3062 2746 κωνοειδεῖ
3118 2689 3550 2767 ἐντυγχάνοντος
3612 2691 3765 2766 σχή-

2106 2801 2233 2853 ματι
2284 2779 2373 2835 καὶ
2422 2779 2513 2834 ἀπ’
2556 2779 2720 2835 αὐτοῦ
2764 2779 3129 2853 τεμνομένου,
3179 2786 3444 2858 περιφερῆ
3501 2779 3594 2834 καὶ
3653 2802 3767 2853 μη-

2102 2865 2290 2939 νοειδῆ
2317 2869 2556 2946 γίνονται
2583 2869 2649 2924 τὰ
2680 2870 2941 2946 σχήματα
2966 2872 3075 2924 τῶν
3100 2873 3312 2941 τομῶν.

2173 2960 2276 3016 κα’.
2314 2958 2527 3013 Τούτων
2587 2958 2760 3021 οὕτως
2820 2957 3059 3034 ἐχόντων
3110 2954 3373 3013 ἀδύνατον
3436 2958 3765 3036 ἀμφοτέρων

2106 3044 2237 3123 ὑπὲρ
2293 3049 2385 3103 τὸν
2432 3047 2685 3123 ὁρίζοντα
2730 3050 2835 3102 τῶν
2888 3048 3192 3125 φωστήρων
3244 3046 3538 3123 ὁρωμένων
3577 3044 3756 3102 ἔκλει-

2103 3141 2195 3211 ψιν
2252 3136 2401 3199 ὅλως
2457 3135 2716 3212 γίνεσθαι.
2779 3135 3015 3193 Πολλῶν
3058 3132 3118 3192 δὲ
3147 3136 3455 3211 γινομένων
3488 3156 3609 3213 περι
3661 3133 3763 3191 τὸν

2104 3224 2235 3303 ἀέρα
2315 3226 2523 3295 παθῶν,
2586 3224 2731 3287 εἰκός
2817 3224 2928 3279 ἐστί
3002 3245 3135 3303 ποτε
3218 3221 3620 3281 καταδεδυκότα
3669 3224 3771 3281 τὸν

339 3325 516 3365 neum
561 3315 672 3377 est,
703 3314 860 3383 quod
908 3312 1224 3385 aliquando
1274 3314 1359 3369 sol
1391 3318 1705 3386 postquam
1756 3316 1986 3383 occidit,

2102 3296 2264 3384 ἥλιον
2324 3314 2455 3392 ὑπὲρ
2507 3313 2599 3369 τόν
2642 3313 2893 3386 ὁρίζοντα
2923 3296 3072 3388 δόξαι
3101 3314 3240 3369 τισὶν
3287 3313 3444 3386 εἶναι,
3477 3314 3514 3384 ἢ
3570 3314 3772 3393 νέφους

338 3414 518 3470 super
546 3396 910 3456 horizontem
942 3401 1243 3473 aliquibus
1262 3417 1391 3459 esse
1406 3404 1673 3460 videatur
1697 3423 1711 3474 ;
1744 3422 1879 3460 cum
1900 3404 1989 3462 vel

338 3487 591 3543 crassior
637 3492 695 3543 et
739 3489 1018 3545 continua
1046 3491 1234 3548 nubes
1281 3492 1353 3547 ad
1404 3508 1681 3549 occasum
1727 3498 1837 3561 est,
1870 3499 1928 3550 et
1959 3512 1993 3550 a

338 3575 523 3632 radiis
555 3575 845 3633 solaribus
875 3577 1225 3646 illustratur,
1261 3580 1522 3652 adeoque
1564 3581 1705 3638 solis
1736 3584 1990 3655 speciem

337 3663 526 3719 nubes
556 3664 894 3722 istiusmodi
924 3667 1192 3736 exhibet;
1224 3668 1312 3725 vel
1343 3670 1521 3725 etiam
1553 3687 1688 3727 cum
1719 3677 1990 3745 aspectus

336 3768 407 3808 ex
437 3751 637 3825 aliqua
662 3754 819 3810 nube
848 3756 1121 3827 aequabili
1153 3757 1224 3812 ad
1257 3758 1440 3814 solem
1464 3759 1901 3833 refringuntur;
1935 3766 1992 3818 et

335 3841 393 3896 in
426 3840 530 3897 tali
561 3842 738 3912 nube,
771 3843 951 3900 veluti
991 3845 1051 3900 in
1083 3845 1209 3901 laevi
1256 3846 1492 3919 speculo
1523 3848 1733 3906 solaris
1781 3850 1991 3907 coloris

335 3930 604 4003 emphasi
637 3948 737 3987 seu
767 3931 1025 4006 imagine
1074 3934 1299 4005 oborta,
1333 3936 1633 3994 anthelius
1663 3939 1764 4010 qui
1812 3939 1984 3996 etiam

336 4018 594 4092 parelius
622 4020 860 4089 dicitur,
892 4023 1185 4080 consistit.
1218 4026 1329 4081 Sed
1361 4030 1419 4081 et
1438 4026 1552 4083 alio
1583 4028 1757 4084 modo
1788 4028 1989 4085 radius

337 4108 437 4180 qui
468 4125 537 4164 ex
565 4107 754 4166 oculis
778 4111 1100 4167 effunditur
1120 4129 1254 4169 cum
1273 4115 1332 4169 in
1365 4116 1635 4172 madente
1656 4121 1714 4173 et
1744 4117 1990 4175 humido

337 4213 467 4253 aere
513 4199 584 4254 ad
633 4214 907 4256 occasum
957 4208 1248 4271 versatur,
1279 4204 1529 4278 defringi
1574 4211 1785 4278 potest,
1835 4212 1892 4262 et
1929 4208 1988 4263 in

335 4284 523 4341 solem
582 4286 683 4358 qui
739 4303 947 4360 parum
1002 4291 1205 4347 subter
1256 4292 1615 4350 horizontem
1660 4294 1990 4352 occultatus

334 4376 450 4443 est,
479 4370 757 4431 incidere.

2100 3398 2253 3465 ὄντος
2310 3403 2450 3480 πρὸς
2496 3405 2566 3477 τῇ
2621 3400 2766 3457 δύσει
2816 3402 3129 3480 παχυτέρου
3179 3402 3271 3457 καὶ
3337 3407 3629 3480 συνεχοῦς,
3676 3403 3774 3459 καὶ

2103 3490 2206 3547 ὑπὸ
2236 3496 2343 3548 τῶν
2377 3493 2624 3561 ἡλιακῶν
2679 3490 2906 3547 ἀκτίνων
2960 3489 3451 3568 λαμπρυνομένου,
3481 3492 3572 3548 καὶ
3627 3512 3767 3570 φαν-

2096 3579 2283 3637 τασίαν
2335 3580 2502 3650 ἡλίου
2550 3585 2649 3636 τοῦ
2700 3580 2954 3637 τοιούτου
3007 3582 3204 3658 νέφους
3264 3580 3627 3658 παρέχοντος.
3688 3582 3763 3638 Ἦ

2098 3671 2190 3727 καὶ
2241 3675 2348 3726 τῶν
2400 3668 2577 3745 ὄψεων
2630 3667 3034 3745 ἀνακλωμένων
3089 3669 3152 3725 ἔκ
3178 3688 3326 3734 τινος
3356 3669 3554 3749 νέφους
3616 3671 3770 3744 ὁμα-

2102 3759 2232 3821 λοῦς
2287 3760 2425 3837 πρὸς
2480 3759 2574 3814 τὸν
2630 3757 2792 3828 ἥλιον
2831 3759 2923 3814 καὶ
2954 3758 3028 3822 ὡς
3062 3759 3115 3815 ἐν
3148 3758 3443 3836 κατόπτρῳ
3501 3756 3639 3833 λείῳ
3690 3764 3777 3833 τῷ

2097 3847 2333 3922 τοιούτῳ
2360 3849 2526 3927 νέφει,
2558 3854 2662 3918 τῆς
2690 3852 2788 3904 τοῦ
2815 3845 3053 3919 ἡλιακοῦ
3112 3848 3413 3925 χρώματος
3470 3849 3773 3925 γινομένης

2101 3935 2410 4017 ἐμφάσεως,
2469 3935 2735 4007 ἀνθηλίου
2791 3940 2889 3991 τοῦ
2954 3935 3045 3991 καὶ
3104 3934 3386 4013 παρηλίου
3445 3938 3772 4011 συνισταμέ-

2098 4046 2215 4081 νου.
2282 4026 2505 4081 Δύναιτο
2565 4022 2613 4079 δ’
2671 4024 2730 4080 ἂν
2787 4024 2879 4080 καὶ
2937 4023 3190 4096 ἄλλωςὴ
3225 4023 3285 4081 ἐκ
3330 4030 3438 4081 τῶν
3495 4025 3769 4102 ὀμμάτων

2102 4114 2454 4191 ἀποχεομένη
2534 4114 2707 4184 ἀκτὶς,
2768 4113 2975 4188 ἐνίκμῳ
3060 4114 3151 4169 καὶ
3232 4120 3439 4192 νοτερῷ
3492 4121 3572 4189 τῷ
3628 4118 3771 4194 πρὸς

2101 4201 2333 4277 δυσμαῖς
2410 4204 2526 4276 ἀέρι
2611 4202 3028 4279 προσομιλοῦσα
3100 4202 3468 4270 κατακλᾶσθαι
3535 4204 3629 4260 καὶ
3683 4210 3770 4279 τῷ

2099 4292 2248 4367 ἡλίῳ
2297 4291 2641 4371 ἐντυγχάνειν
2688 4294 3051 4371 κεκρυμμένω
3102 4295 3294 4371 μικρὸν
3347 4295 3453 4351 ὑπὸ
3499 4295 3591 4352 τὸν
3644 4294 3766 4373 ὁρί-

2102 4387 2280 4453 ζοντα.

1420 4591 1579 4648 327
1631 4589 2010 4653 SYNOPSIS
2056 4591 2358 4653 CAPlTIS
2401 4589 2677 4652 XXVIII.

433 4692 511 4737 DE
554 4694 759 4741 TBBRA
803 4696 879 4740 ΕΤ
921 4698 1060 4745 BJUS
1102 4698 1298 4761 ZONIS,
1346 4699 1421 4745 AC
1466 4701 1699 4747 PRIMUM
1741 4704 1900 4756 QUOD
1942 4706 1986 4749 Τ]

2102 4706 2140 4749 Α
2184 4705 2266 4749 AD
2311 4704 2641 4750 οωικετειι
2682 4698 3007 4765 SPHEBAI,
3052 4705 3198 4759 QUIN
3242 4704 3323 4751 IT
3362 4705 3447 4751 AD
3488 4705 3671 4753 IPSAI

1404 4782 1706 4842 SOLABEM,
1751 4783 1968 4829 CENTBI
2015 4785 2325 4831 RATIONEM
2370 4785 2696 4832 OBTINEAT.

338 4880 391 4936 1.
426 4880 701 4956 Quomodo
728 4884 1106 4956 accipiendum
1154 4886 1296 4956 quod
1336 4887 1546 4944 dicztur
1594 4898 1744 4946 terra
1773 4890 1844 4946 ad

1887 4893 2226 4964 ﬁrmamenti
2269 4892 2548 4964 spharam
2581 4893 2762 4947 centri
2804 4893 3075 4965 rationem
3098 4892 3384 4965 _obtinere,
3416 4894 3563 4965 quod
3589 4894 3765 4951 etiam

617 4954 957 5039 declaratur.
981 4990 1046 4999 ν-
1078 4960 1130 5012 2.
1160 4954 1371 5039 Tribus.
1387 4963 1725 5039 argumentis
1745 4954 2014 5039 probatur
2034 4968 2186 5039 terra
2209 4964 2284 5019 ad
2292 4954 2506 5039 'ccelum
2525 4965 2702 5039 centri
2726 4965 2998 5039 rationem
3018 4962 3238 5033 habere,
3262 4954 3497 5039 quorum
3509 4966 3764 5039 primum

408 5028 654 5108 sumitur
680 5028 929 5108 astellis,
948 5044 1090 5108 quae
1118 5046 1192 5108 ego
1219 5032 1371 5108 omni
1397 5028 1553 5103 parte
1581 5028 1886 5090 terrae'sibz'
1925 5037 2161 5092 invicem
2188 5035 2436 5108 aequales
2464 5044 2515 5091 et
2542 5033 2731 5105 ﬁgura
2774 5028 3336 5108 similesicernun'tulr.
3367 5066 3439 5078 —-
3466 5028 3525 5093 3:
3554 5037 3764 5095 Secun-

411 5094 543 5182 dum
569 5099 809 5152 sumitur
829 5117 876 5182 _a
908 5094 1109 5182 signis.
1130 5101 1372 5168 Zodiacz',
1397 5094 1640 5182 'quorum
1683 5122 1780 5182 sea;
1821 5122 2041 5182 semper
2067 5094 2306 5182 precise
2333 5124 2502 5182 supra
2542 5094 2749 5182 'te'rram
2774 5111 2924 5173 sunt,
2956 5107 3054 5163 ubi
3082 5108 3274 5182 etiamq
3297 5109 3553 5182 ememplo
3576 5094 3758 5182 decla-

410 5170 571 5250 ratur
613 5170 874 5240 quomodo
928 5172 1028 5227 hoc
1085 5174 1267 5250 ipsum
1313 5170 1565 5243 cognosci
1610 5180 1798 5247 possit.
1830 5209 1900 5217 —
1936 5170 2007 5232 ’4.
2063 5170 2300 5234 Tertium
2354 5170 2563 5249 petitur
2590 5180 2658 5234 ab
2714 5170 3005 5250 azquatére,
3038 5179 3195 5250 cujus
3253 5170 3475 5236 itidem.
3498 5179 3762 5238 medietas

413 5241 631 5321 integra
683 5257 900 5321 semper
942 5241 1117 5321 supra
1160 5241 1391 5300 terram‘
1401 5249 1501 5321 est,
1530 5241 1737 5321 ut'per
1765 5250 2099 5318 aequinoctia
2143 5241 2434 5321 manifesto
2480 5241 2848 5321 cognoscitur.
2880 5280 2950 5291 —-
2978 5241 3032 5305 5.
3068 5241 3229 5306 Terra
3284 5254 3458 5308 etiam
3509 5251 3581 5308 ad
3624 5254 3760 5309 solis

409 5315 683 5397 sphaeram
709 5317 881 5397 centri
910 5317 1186 5397 rationem
1235 5318 1410 5397 quoad
1438 5315 1659 5397 quiden}
1702 5315 2195 5397 sensumootinere
2235 5315 2505 5389 probatur
2628 5320 2934 5397 horologiis
2980 5336 3114 5397 quae
3136 5323 3315 5397 ubivis
3359 5324 3423 5378 in
3448 5326 3597 5397 terra
3632 5325 3764 5397 ﬁeri

405 5385 649 5465 possunt,
675 5387 726 5438 et
742 5386 945 5465 centra;
958 5385 1349 5465 rationem—ad
1381 5385 1513 5444 solis
1561 5390 1838 5465 sphaeram
1881 5393 2128 5465 obtinent
2171 5385 2291 5463 ipsa
2318 5408 2548 5465 quoque,
2581 5392 2730 5448 haud
2755 5385 2909 5465 secus
3062 5394 3116 5449 si
3143 5395 3209 5448 z‘n
3237 5397 3399 5451 terrae
3443 5385 3760 5452 meditullio

406 5452 559 5540 [acta
583 5458 776 5538 essent.
806 5487 876 5496 —
1006 5459 1192 5540 “Terra
1214 5459 1283 5540 ad
1325 5452 1806 5540 tunwnsﬂzaeram
1845 5452 2248 5540 non_obtz'nere
2290 5452 2469 5540 centri
2518 5452 2787 5540 rationem
2842 5464 3059 5540 duobus
3076 5466 3348 5540 probatur
3392 5469 3756 5540 argumentis,

409 5537 641 5592 quorum
681 5528 843 5596 prius
886 5527 1106 5585 ducitur
1134 5532 1203 5586 ab
1251 5527 1570 5589 intervallis
1597 5532 1745 5590 lunae
1790 5534 1861 5589 ad
1887 5535 2073 5591 stellas
2115 5535 2496 5607 inaequalibus
2538 5552 2638 5609 pro
2663 5536 2952 5592 climatum
2995 5527 3342 5594 diuersitate.
3394 5527 3482 5580 -’
3507 5537 3663 5596 ³28
3692 5527 3751 5594 7.

404 5733 449 5771 ⁸⁸
479 5732 695 5794 Cleom.
727 5741 772 5795 Ι.
800 5757 863 5808 ιι,
896 5758 947 5799 c.
979 5743 1034 5798 7.
1110 5744 1156 5779 3‘
1184 5744 1431 5802 Cardan.
1458 5745 1502 5802 Ι.
1533 5763 1598 5803 m
1627 5747 1709 5805 De
1739 5746 1942 5805 subtil.
1976 5765 1986 5821 ]

2103 5749 2194 5806 88.
2269 5750 2317 5786 ⁸⁵
2345 5749 2559 5808 Cleom.
2592 5765 2656 5821 II,
2688 5767 2738 5808 ο.
2768 5751 2824 5807 6.
2900 5750 2947 5787 ⁸⁸
2976 5748 3130 5813 Vide
3156 5748 3312 5811 Plin.
3343 5749 3447 5810 lib.
3477 5768 3543 5822 ιι,
3575 5767 3625 5809 ο.
3657 5752 3713 5811 1.
