4114 6424
380 434 540 499 1269
1735 428 2092 495 EPITOME
2133 432 2501 499 PHYSIGA.
3649 432 3811 497 13ἳο

450 567 734 625 Posterius
762 583 798 624 α
839 566 969 642 solis
989 564 1182 642 eclipsi
1224 564 1488 642 sumitur,
1521 576 1789 642 queenon
1836 564 2040 642 ubique
2086 565 2276 642 eadem
2325 569 2685 642 conspicitur.
2730 598 2800 609 —-
2847 568 2900 624 8.
2935 567 3249 642 Occupatio,
3279 582 3389 639 qua
3432 567 3586 642 ratio
3627 568 3808 642 expli-

448 647 626 708 catur,
658 655 826 712 quare
852 634 1329 712 aliquinegarint
1375 641 1580 712 terram
1610 635 1702 712 ad
1727 634 2070 712 aspecta'bile
2113 637 2332 705 caelum,
2363 634 2776 712 ﬁrinamentum
2816 645 2978 712 puta,
3007 634 3182 696 centri
3210 634 3480 695 rationem
3534 634 3802 698 obtinere.

449 657 626 708 catur,
692 657 826 696 uare
852 657 1033 712 aliqua
1069 657 1329 708 negarint
1375 657 1580 692 terram
1610 657 1680 691 aa
1727 657 2070 706 aspectaoue
2113 657 2332 705 ειειιιτη,
2363 657 2776 710 firmamentum
2816 657 2978 712 puta,
3007 657 3180 696 centri
3210 657 3480 695 rationem
3534 657 3802 698 oonnere.

449 743 526 791 -——_
548 713 614 791 9.
656 657 999 791 gonfutatui:
1037 709 1155 766 haec
1201 711 1371 791 ratio,
1404 711 1464 762 ut
1497 706 1878 791 'insufﬁc'iens,
1911 707 2150 791 adeoque
2202 711 2519 791 ostenditur
2547 729 2659 791 esse
2686 729 3018 791 non__cau.sa_
3035 714 3142 791 rei,
3175 728 3295 781 qum
3323 713 3505 791 tamen
3551 715 3808 791 u_t_ca_usa

447 785 706 856 aﬁertur.
743 779 810 824 -'—
842 784 929 837 10.
963 783 1142 851 Quare
1181 783 1302 836 visu
1335 782 1394 856 in
1453 779 1627 856 altum
1654 779 1875 856 sublato
1921 779 2475 856 plus_hemisphserio
2504 787 2588 840 vel
2646 783 2842 840 mundi
2897 784 3074 840 medio
3121 779 3404 856 appareat.
3446 812 3514 822 -—-
3572 785 3799 856 11.7Nec

446 851 778 938 convallium
807 855 1184 938 rimulae,_nec
1207 853 1488 938 montium
1518 851 1802 906 tubercula
1831 852 2229 938 rotunditatem
2259 851 2416 937 terra:
2444 860 2689 938 evertunt
2717 875 2730 924 ;
2763 857 2907 938 quod
2950 851 3411 938 simili‘pilulis
3438 871 3539 909 seu
3567 855 3804 938 glebulis

440 927 792 998 platanorum
824 926 1254 999 declaratumin
1281 939 1382 999 quo
1411 925 1580 999 etiam
1626 925 2038 999 argumentatio
2052 925 2208 999 inest
2253 942 2286 980 a
2316 928 2524 982 minori
2550 927 2620 983 ad
2661 925 2863 999 majus.
2893 957 2961 968 -ο
2995 928 3078 982 12.
3110 925 3315 995 Figura
3361 930 3528 999 terrae
3555 929 3800 999 rotunda

444 994 557 1054 esse
585 1003 825 1070 quinque
867 998 1204 1070 argumentis
1241 994 1507 1070 probatur
1536 1009 1655 1066 quae
1703 994 1937 1070 breviter
1965 994 2156 1070 ordine
2177 1007 2548 1054 recensentur.
2581 1029 2650 1038 —
2702 994 2786 1053 13.
2832 1001 2894 1053 Et
2940 1015 3086 1069 aqua
3131 994 3242 1053 esse
3282 997 3517 1053 rotunda
3571 998 3788 1055 duobua

442 1065 780 1140 argumentis
808 1065 1191 1138 conﬁrmatur.
1233 1065 1302 1107 ὲ-
1353 1067 1416 1120 14
1469 1065 1634 1121 Terra
1682 1065 1982 1142 secundum
2026 1069 2278 1138 physicos
2329 1071 2386 1123 in
2417 1072 2662 1141 quinque
2703 1079 2883 1142 partes
2929 1065 3214 1142 dividitur,
3245 1083 3368 1141 quae
3413 1071 3583 1125 etiam
3629 1087 3786 1129 zonae

442 1138 794 1214 appellantur
817 1148 867 1196 et
897 1143 955 1196 in
985 1145 1141 1196 textu
1169 1141 1549 1214 recensentur._
1579 1138 1936 1214 -_—__15_.‘_Duae
1982 1147 2250 1214 extremae
2276 1138 2440 1197 zonae
2475 1138 2714 1214 propter
2736 1144 2935 1214 frigus,
2966 1141 3149 1196 media
3175 1138 3396 1212 propter
3444 1145 3639 1197 aestum
3667 1146 3782 1198 tra-

442 1160 794 1211 appeuantur
817 1160 867 1196 et
897 1160 955 1196 in
985 1160 1141 1196 textu
1169 1160 1538 1194 recensentur.
1579 1167 1649 1176 —
1683 1160 1766 1192 ιο.
1803 1160 1936 1193 uuae
1982 1160 2250 1195 extremae
2276 1160 2430 1197 zonae
2475 1160 2695 1214 propter
2736 1160 2812 1212 [ri
2854 1160 2935 1207 us,
2966 1160 3149 1196 meaza
3175 1160 3396 1212 propter
3444 1160 3639 1197 aestum
3667 1160 3782 1198 tra-

441 1213 650 1267 duntur
677 1215 746 1268 ab
777 1214 1183 1284 antiquioribus
1203 1211 1442 1283 physicis
1465 1208 1856 1284 inhabitabiles
1886 1226 1904 1284 .'
1933 1211 2167 1284 reliquae
2211 1215 2521 1284 temperatae
2549 1223 2676 1268 sunt
2702 1222 2752 1268 et
2797 1160 3058 1268 dqicuntur
3079 1230 3100 1274 ;
3147 1229 3464 1284 quanquam
3513 1230 3611 1269 nec
3655 1215 3785 1271 illas

440 1299 553 1338 esse
587 1300 814 1355 prorsus
861 1280 1620 1355 inhabitabiles'experentia
1663 1280 1939 1355 probavit.
1981 1310 2050 1321 --
2100 1280 2400 1355 16.;Causa
2445 1286 2729 1340 varietatis
2785 1286 2946 1340 istius
2995 1280 3270 1339 zonarum
3308 1280 3394 1340 'est
3425 1289 3603 1340 motus
3652 1287 3784 1342 solis

439 1356 501 1409 in
530 1351 790 1428 Zodiaco,
823 1355 1117 1426 obliquitas
1158 1351 1396 1418 Zodiaci,
1427 1357 1478 1407 et
1509 1357 1669 1428 terra;
1720 1351 2043 1428 rotunditas.
2079 1383 2145 1392 -—
2176 1353 2266 1428 17.
2299 1356 2623 1428 Τειηρεναιεδ
2650 1371 2827 1428 nona:
2857 1357 2919 1410 in
2948 1362 3187 1426 quatuor
3226 1356 3427 1410 mundi
3456 1356 3784 1428 habitabiles

430 1430 616 1499 partes
644 1424 994 1493 dividuntur,
1025 1442 1262 1499 quarum
1288 1433 1561 1499 respectu_
1579 1424 1758 1499 etiam
1788 1425 2006 1499 antgci,
2039 1427 2330 1499 etperiaeci
2359 1431 2410 1481 et
2423 1424 2717 1499 antipodes
2762 1424 3056 1498 dicuntur,
3089 1443 3319 1497 quorum
3347 1429 3600 1482 omnium
3626 1427 3780 1484 829

436 1494 511 1552 ad
537 1513 594 1553 se
625 1499 860 1571 invicem
888 1494 1408 1571 ratio'explicatur.
1441 1525 1510 1571 -έ
1542 1494 1628 1548 18.
1674 1497 1857 1563 Quare
1879 1495 1958 1571 Ain
1987 1494 2228 1566 quatuor
2274 1494 2672 1554 habitabilibus
2713 1504 2872 1554 term
2921 1494 3180 1570 partibus
3221 1501 3436 1567 antwci,
3469 1503 3520 1554 et
3564 1500 3785 1571 ροντ’ωεί

433 1573 486 1644 et_
513 1570 798 1644 antipodes
842 1569 917 1625 ad
945 1585 1004 1644 se
1047 1570 1284 1624 invicem
1312 1568 1555 1644 transire
1583 1581 1713 1644 non_
1732 1567 1970 1644 possint,
2001 1583 2318 1644 quanquam
2366 1571 2467 1644 hoc
2497 1587 2678 1642 ipsum
2723 1567 2934 1641 magna
2954 1585 3024 1644 ea;
3046 1573 3202 1644 parte
3243 1567 3577 1644 experientia
3620 1587 3781 1644 supe-

433 1637 648 1696 riorum
685 1643 736 1696 et
781 1643 960 1697 nostri
1003 1645 1265 1713 temporis
1315 1640 1542 1713 refutat.
1579 1668 1645 1678 —
1695 1637 1782 1692 19.
1837 1637 2060 1692 Auctori
2103 1637 2322 1696 videtur
2348 1637 2672 1712 ﬁgmentum
2718 1637 2852 1707 esse,
2881 1641 3021 1712 quod
3046 1637 3092 1713 'ag
3130 1637 3371 1713 physicis
3415 1642 3482 1697 de
3528 1637 3779 1709 aulaeis,

429 1713 684 1784 periaecis
706 1716 759 1768 et
805 1710 1163 1784 antipodibus
1212 1710 1473 1778 traditur,
1506 1710 1565 1784 in
1595 1724 1699 1780 quo
1745 1717 1934 1764 tamen
1964 1713 2112 1784 errat
2157 1721 2207 1767 et
2256 1710 2660 1784 experientiam
2708 1714 2818 1769 sibi
2863 1710 3325 1768 contradicen'tem
3363 1713 3540 1768 habet.
3574 1745 3641 1756 —
3686 1715 3776 1770 20.

432 1780 589 1856 Ratto
633 1786 871 1839 auctoris
922 1780 1000 1840 est
1041 1783 1408 1856 inm/ﬁciens,
1438 1782 1573 1852 quin
1619 1789 1672 1835 et
1693 1796 1791 1852 per
1821 1780 2162 1856 αντιστρέφον
2221 1787 2281 1838 in
2309 1780 2493 1856 ipsum
2540 1785 2847 1856 retorqueri
2890 1792 3080 1855 potest.
3129 1815 3199 1823 —
3243 1784 3333 1839 2i.
3385 1785 3534 1839 Inter
3575 1793 3781 1842 veteres

430 1856 529 1927 qui
555 1854 620 1911 de
649 1859 810 1911 terrm
856 1858 1251 1927 magnitudine
1296 1853 1668 1927 discrepantes
1709 1853 2011 1927 sententias
2055 1853 2388 1927 habuerunt,
2422 1853 2727 1912 rectissime
2770 1853 3055 1911 senserunt
3102 1856 3480 1911 Eratosthenes
3526 1864 3579 1911 et
3621 1858 3776 1912 Posi-

428 1923 648 1999 donius.
680 1957 746 1968 —
775 1930 865 1982 22.
895 1923 1302 1999 Eratosthenes
1322 1923 1584 1997 quomodo
1612 1925 1894 1999 et‘quzbus
1910 1923 2308 1999 hypothesibus
2327 1923 2598 1984 ambitum
2625 1937 2798 1984 terrae
2815 1929 3153 1999 supputarit,
3175 1927 3274 1982 ubi
3297 1929 3446 1999 inter
3474 1927 3591 1983 alia
3611 1931 3780 1984 etiam

425 1997 492 2052 de
519 1999 826 2055 meridiano
849 1998 1132 2070 prolixius
1157 1995 1488 2069 explicatur.
1512 2026 1590 2070 7—;
1609 1996 1710 2070 23.
1763 1995 2085 2052 Posidonius
2134 2001 2406 2070 quomodo
2453 2000 2711 2056 eumdem
2739 1995 3033 2056 invenerit.
3065 2029 3135 2040 —

425 2076 668 2140 quantus
694 2076 767 2126 sit
795 2067 870 2127 ad
893 2071 1165 2127 ambitum
1190 2067 1358 2126 suum
1382 2070 1444 2124 in
1470 2067 1685 2124 stadiis.

965 2304 1222 2357 ΚΕΦΑΛ.
1262 2299 1388 2358 KH'.

2041 2302 2098 2368 Α

3181 1999 3273 2054 24.
3305 1998 3586 2056 Diameter
3612 2007 3779 2059 terra?

2697 2302 2932 2360 CAPUT
2959 2301 3205 2359 XXVIII.

362 2389 491 2465 Περὶ
537 2409 643 2465 γης
688 2410 778 2465 και
827 2393 953 2465 τῶν⁸
985 2388 1188 2465 ταύτης
1237 2391 1444 2465 ζωνῶν,
1489 2385 1579 2465 καὶ
1626 2388 1844 2465 πρῶτον
1867 2431 1894 2465 ,ι
1931 2384 2015 2440 ὅτι

2136 2391 2202 2447 De
2229 2399 2379 2465 terra
2406 2398 2459 2448 et
2485 2392 2602 2465 ejus
2644 2393 2818 2463 zonis,
2878 2407 2957 2465 ac,
2999 2391 3244 2465 primum
3292 2389 3433 2462 quod
3499 2393 3651 2448 terra
3703 2392 3775 2448 ad

431 2456 465 2531 ἦ
527 2456 608 2548 ’έῆ-
655 2461 880 2552 κέντρου
938 2456 1112 2552 λέγον
1144 2456 1351 2552 ’ἐπέχει
1408 2456 1575 2552 πρὸςἹ
1601 2456 1716 2552 τὴν,
1762 2456 2013 2532 οὐράνιον

432 2527 681 2611 σφαῖραν,
715 2527 866 2591 ἀλλὰ
892 2533 982 2589 καὶ
1013 2527 1149 2610 πρὸς
1182 2527 1349 2600 αὐτὴν
1378 2527 1478 2599 τὴν
1511 2527 1772 2600 ἠλιακήν.

431 2641 498 2697 α’.
530 2641 594 2695 Ἡ
632 2647 704 2716 γῆ
746 2640 966 2717 κέντρου
1010 2639 1178 2716 λόγον
1233 2638 1419 2714 ἐπέχει
1459 2636 1600 2714 πρὸς
1639 2638 1740 2705 τὴν
1789 2641 2017 2713 σφαῖραν

358 2733 456 2785 τοῦ
511 2731 886 2806 στερεώματος
919 2748 934 2762 ⁸
993 2729 1100 2805 οὐχ
1158 2727 1240 2784 ὅτι
1317 2727 1574 2801 σύμπασα
1627 2726 1846 2802 κέντρον
1905 2725 2014 2780 ἐστὶ

359 2820 484 2893 (πᾶν
515 2818 618 2895 γὰρ
649 2822 868 2895 κέντρον
921 2815 1240 2874 ἀδιάστατον
1290 2815 1523 2891 ὑπάρχει
1570 2815 1662 2870 καὶ
1708 2814 1928 2891 ἀμερὶς,
1970 2811 2024 2868 εἷ’

357 2928 422 2982 γε
477 2907 706 2981 σημεῖόν
769 2907 954 2981 έστιν)’
1015 2904 1140 2962 ἀλλ’
1194 2904 1276 2960 ὅτι
1325 2903 1720 2982 συγκρινομένη
1774 2904 1913 2978 πρὸς
1953 2905 2016 2958 τὸ

359 3003 459 3066 τῆς
490 2994 718 3074 σφαίρας
772 2997 999 3072 μέγεθος
1048 2993 1237 3050 οὐδένα
1287 2994 1449 3070 λόγον
1497 2988 1644 3068 ἔχειν
1692 2990 1842 3047 δοκεῖ
1878 2993 2016 3068 πρὸς

362 3084 528 3156 αὐτήν
564 3128 578 3143 .
628 3087 828 3160 Ὠσπερ
869 3087 925 3139 αἱ
973 3085 1228 3161 μυριάκις
1283 3081 1468 3157 μύριαι
1521 3087 1629 3136 τῶν
1675 3087 1776 3136 τοῦ
1825 3079 2018 3143 ὕδατος

361 3173 652 3250 ἀμφορέων
729 3171 984 3250 μυριάδες
1061 3171 1203 3228 πολὺ
1281 3173 1374 3246 μὲν
1429 3171 1494 3227 τὸ
1557 3169 1772 3240 πλῆθος
1829 3169 2017 3246 ἔχουσι

361 3264 480 3327 καθ’
535 3261 700 3325 αὐτάς
760 3262 1127 3338 θεωρούμεναι
1179 3279 1195 3296 ⁸
1250 3262 1386 3336 πρὸς
1464 3258 1522 3315 δὲ
1589 3261 1690 3328 τήν
1747 3259 2016 3316 θάλασσαν

362 3349 516 3406 οὐδὲν
575 3352 709 3407 εἶναι
771 3349 1017 3406 δοκοῦσιν
1053 3399 1068 3424 ,
1123 3349 1251 3406 ἀλλ’
1308 3347 1434 3405 οὐδὲ
1491 3351 1626 3424 πρὸς
1689 3349 1852 3425 μέγαν
1900 3349 2022 3403 τινὰ

360 3440 632 3515 ποταμόν·
669 3439 812 3496 οὕτω
848 3438 913 3510 δὴ
963 3440 1053 3496 καὶ
1105 3443 1140 3511 ἡ
1189 3447 1288 3515 γῆ,
1338 3441 1455 3494 καθ’
1502 3439 1670 3507 αὐτὴν
1719 3439 1814 3512 μὶν
1849 3437 2020 3509 ἐξετα-

364 3530 585 3605 ζομένη,
644 3528 1036 3605 πολυμεγέοης
1095 3529 1236 3585 ἐστί’
1295 3528 1433 3604 πρὸς
1493 3525 1550 3583 δὲ
1611 3530 1710 3598 τήν
1768 3525 2016 3605 οὐράνιον

359 3624 612 3698 σφαῖραν,
643 3620 678 3688 ἢ
709 3618 798 3674 καὶ
829 3619 968 3696 πρὸς
998 3620 1097 3688 τὴν
1147 3617 1406 3688 ἡλιακὴν,
1431 3615 1623 3673 οὐδένα
1654 3617 1821 3692 λόγον
1855 3613 2016 3693 ἔχου-

359 3729 426 3764 σα
455 3708 718 3787 φαίνεται.
746 3707 880 3764 Τότε
925 3707 1030 3785 γὰρ
1081 3705 1249 3784 λόγον
1299 3703 1446 3783 ἔχειν
1503 3707 1721 3783 μέγεθος
1760 3706 1897 3784 πρὸς
1934 3703 2024 3779 μέ-

361 3809 520 3872 γεθος
574 3797 811 3875 λέγεται,
864 3796 988 3852 ὅταν
1035 3798 1099 3852 τὸ
1153 3802 1337 3870 μεῖζον
1387 3795 1502 3850 οἷόν
1550 3817 1611 3851 τε
1659 3793 1740 3866 εἷή
1791 3816 2024 3869 καταμε-

359 3889 624 3965 τρηθῆναι
659 3888 762 3943 ὑπὸ
808 3891 906 3942 τοῦ
957 3885 1244 3948 ἐλάττονος
1274 3903 1289 3918 ⁹
1327 3887 1722 3962 μυριοπΛάσιον
1773 3883 1901 3947 ἴσως
1941 3885 2019 3957 ὃν,

361 3977 396 4046 ἢ
447 3976 536 4032 καὶ
587 3974 758 4033 ἄλλον
809 3977 928 4031 τινὰ
981 3975 1152 4048 μείζω
1201 3973 1367 4048 λόγον
1419 3973 1547 4048 ἕχον
1601 3973 1924 4050 ἀριθμητόν.
1958 3975 2020 4027 Ἡ

363 4066 603 4132 θάλασσα
632 4064 692 4122 δὲ
737 4066 828 4121 καὶ
881 4069 987 4127 πᾶς
1043 4063 1211 4139 μέγας
1257 4061 1508 4136 ποταμὸς
1539 4062 1639 4117 οὑκ
1687 4063 1748 4117 ἂν
1778 4063 1882 4117 ὑπὸ
1910 4067 2018 4118 τῶν

367 4157 620 4232 μυριάκις
656 4152 864 4231 μυρίων
903 4149 1181 4229 μυριάδων
1203 4155 1310 4206 τῶν
1348 4150 1636 4229 ἀμφορέων
1678 4171 2020 4228 καταμετρη-

362 4251 498 4312 θεῖεν
531 4249 629 4301 τοῦ
659 4242 874 4305 ὕδατος.

435 4337 501 4412 β’.
533 4335 704 4389 Οὗσαν
755 4330 813 4388 δὲ
861 4332 960 4401 τὴν
1014 4336 1116 4406 γῆν
1163 4327 1473 4405 στιγμιαίαν
1525 4327 1689 4384 οἰονεὶ
1737 4329 1878 4406 πρὸς
1923 4330 2016 4385 τὸν

361 4423 588 4500 οὐρανὸν
645 4423 736 4479 καὶ
795 4421 848 4476 οἱ
906 4418 1122 4490 ἀστέρες
1180 4420 1536 4494 παριστῶσιν,
1590 4417 1652 4472 έκ
1696 4419 1894 4481 παντὸς
1929 4417 2020 4474 αὐ-

357 4519 459 4582 τῆς
516 4513 715 4590 μέρους
763 4509 916 4566 αὐτοῖ¹
978 4508 1189 4569 ἑαυτοῖς
1240 4503 1348 4561 ἴσοι
1399 4505 1714 4580 φαινόμενοι
1761 4507 1851 4561 καὶ
1897 4513 2016 4570 τοῖς

361 4603 642 4676 σχήμασιν
687 4595 894 4674 ὅμοιοι.
945 4595 1161 4651 Τούτων
1194 4593 1243 4652 δ’
1273 4592 1552 4672 οὐδέτερον
1593 4590 1897 4651 συνέϐαινεν
1931 4595 2016 4667 ἂν,

366 4691 444 4762 μὴ
485 4693 592 4745 τῶν
641 4690 782 4764 πρὸς
829 4686 1003 4744 πάντα
1047 4686 1115 4740 τὰ
1167 4687 1304 4762 μέρη
1356 4688 1454 4738 τοῦ
1503 4682 1733 4761 οὐρανοῦ
1781 4705 2015 4759 προσπι-

359 4782 609 4834 πτουσῶν
668 4776 888 4841 εὐθειῶν
950 4773 1009 4830 ἐκ
1061 4775 1259 4838 παντὸς
1326 4774 1524 4848 μέρους
1580 4780 1683 4843 τῆς
1739 4777 1839 4850 γῆς
1886 4771 2014 4829 ἴσων

360 4865 642 4939 ἀλλήλαις
673 4865 846 4920 οὐσῶν
877 4865 951 4926 ὡς
973 4864 1110 4940 πρὸς
1142 4862 1408 4932 αἴσθησιν.

431 4958 502 5033 γ’.
562 4953 738 5014 Ἀλλὰ
790 4953 880 5010 καὶ
933 4953 1007 5008 τὰ
1049 4951 1104 5024 ἓξ
1165 4948 1334 5021 ζώδια
1387 4949 1686 5030 φαινόμενα
1734 4951 1866 5028 ὑπὲρ
1913 4959 2014 5028 γῆν

2051 3669 2099 3734 Β

2195 2464 2461 2519 caelestem
2509 2463 2805 2536 sphaeram,
2861 2463 3011 2535 quin
3047 2473 3101 2518 et
3157 2463 3226 2518 ad
3283 2466 3457 2535 ipsam
3513 2465 3770 2534 solarem,

2193 2537 2374 2590 centri
2394 2537 2666 2592 rationem
2695 2537 2965 2592 obtineat.
3278 2609 3295 2623 .

2195 2641 2248 2696 4.
2281 2643 2460 2698 Terra
2486 2643 2530 2677 ⁸⁷
2563 2643 2633 2697 ad
2663 2641 3016 2697 ﬁrmamenti
3049 2641 3344 2714 sphaeram
3376 2641 3559 2698 centri
3590 2643 3773 2700 ratio-

2125 2746 2260 2786 nem
2325 2732 2587 2787 obtinet:
2647 2749 2763 2787 non
2825 2731 2980 2803 quod
3041 2729 3316 2786 universa
3373 2734 3640 2788 centrum
3698 2733 3778 2790 sit

2125 2819 2367 2892 (quippe
2397 2837 2570 2876 omne
2619 2823 2885 2876 centrum
2930 2819 3369 2875 dimensionum
3413 2824 3470 2875 et
3515 2820 3775 2892 partium

2126 2925 2331 2982 expers
2362 2913 2470 2981 est,
2505 2909 2798 2981 siquidem
2841 2913 3130 2982 punctum
3179 2909 3310 2981 est),
3352 2909 3455 2965 sed
3498 2910 3676 2982 quod,
3725 2910 3777 2968 si

2128 2999 2368 3070 sphaera
2400 2998 2796 3072 magnitudini
2814 3001 3211 3071 comparatur,
3235 2997 3460 3054 nullam
3483 2999 3555 3055 ad
3586 2999 3777 3072 ipsam

2127 3087 2342 3143 habere
2389 3087 2674 3143 rationem
2727 3087 3011 3143 videatur.
3062 3087 3573 3149 Quemadmodum
3622 3089 3780 3144 enim

2128 3180 2375 3232 centena
2403 3175 2588 3232 millia
2618 3176 2949 3248 myriadum
2999 3175 3424 3248 amphorarum
3453 3177 3781 3249 [cadorum]

2127 3283 2291 3337 aquai
2322 3265 2464 3321 dum
2505 3267 2659 3323 830
2710 3283 2812 3338 per
2870 3281 2933 3322 se
2989 3264 3464 3335 considerantur,
3523 3265 3782 3338 ingentis

2130 3359 2271 3409 sunt
2303 3354 2754 3427 magnitudinis,
2793 3355 2895 3410 sed
2927 3355 2999 3410 ad
3032 3371 3193 3410 mare
3221 3354 3368 3410 nihil
3397 3354 3688 3427 videntur,
3721 3360 3786 3412 ut

2135 3460 2240 3500 nec
2271 3444 2342 3499 ad
2375 3460 2658 3516 magnum
2691 3443 2930 3500 ﬂuvium
2957 3469 2971 3510 ;
2994 3443 3081 3498 sic
3101 3442 3382 3498 nimirum
3405 3443 3583 3499 etiam
3606 3447 3780 3514 terra,

2131 3532 2422 3604 siquidem
2456 3550 2559 3605 per
2588 3532 2845 3604 seipsam
2876 3532 3217 3601 aestimetur,
3248 3531 3415 3588 valde
3439 3548 3652 3605 magna
3666 3538 3780 3601 est;

2131 3623 2232 3678 sed
2264 3622 2336 3677 ad
2367 3621 2660 3678 caelestem
2711 3626 2812 3677 aut
2841 3622 3015 3677 etiam
3049 3622 3121 3677 ad
3167 3619 3416 3677 solarem
3466 3621 3778 3694 spheram,

2131 3711 2356 3768 nullam
2391 3711 2612 3767 habere
2638 3711 2924 3767 rationem
2969 3711 3218 3766 videtur.
3240 3712 3386 3766 Tum
3415 3711 3572 3766 enim
3596 3712 3641 3747 ⁸⁸
3662 3727 3782 3766 ma-

2132 3801 2379 3874 gnitudo
2402 3800 2474 3855 ad
2494 3799 2961 3872 magnitudinem
2981 3799 3211 3854 videtur
3231 3799 3446 3855 habere
3471 3800 3778 3872 rationem,

2131 3905 2266 3945 cum
2301 3890 2488 3960 major
2517 3905 2550 3943 a
2581 3887 2795 3944 minori
2834 3887 3164 3943 mensurari
3215 3891 3429 3959 potest,
3476 3891 3543 3942 ut
3587 3887 3780 3944 decies

2131 3977 2345 4034 millies
2377 3981 2604 4033 tantam
2637 3981 2742 4032 aut
2772 3976 2946 4032 aliam
2978 3976 3154 4032 etiam
3187 3975 3445 4048 aliquam
3495 3977 3780 4048 majorem

2131 4065 2558 4122 numerabilem
2591 4066 2875 4121 rationem
2907 4065 3140 4122 habeat.
3175 4070 3250 4120 At
3277 4081 3438 4120 mare
3481 4069 3539 4120 et
3587 4064 3780 4137 quivis

2129 4156 2282 4213 alius
2312 4156 2519 4228 ingens
2550 4154 2762 4210 ﬂuvius
2793 4171 2827 4209 a
2856 4154 3118 4210 centenis
3150 4152 3416 4209 millibus
3448 4153 3780 4226 myriadum

2128 4245 2548 4317 amphorarum
2575 4243 2905 4300 mensurari
2935 4261 3051 4299 non
3083 4247 3351 4316 possunt.

2197 4337 2252 4389 2.
2285 4334 2448 4398 Quod
2471 4336 2667 4389 autem
2700 4336 2857 4388 terra
2886 4333 2958 4388 ad
2989 4331 3201 4388 coelum
3224 4336 3561 4404 comparata
3577 4331 3780 4404 puncti

2125 4421 2304 4478 veluti
2337 4423 2621 4478 rationem
2651 4421 2884 4493 habeat,
2919 4425 2976 4477 et
3005 4420 3184 4477 stellae
3218 4420 3539 4476 ostendunt
3559 4437 3689 4493 qua:
3710 4436 3780 4478 ex

2127 4513 2287 4568 omni
2318 4513 2448 4583 ejus
2478 4515 2642 4584 parte
2673 4511 2785 4567 sibi
2819 4511 3065 4567 invicem
3095 4509 3352 4582 aequales
3382 4514 3441 4565 et
3470 4511 3661 4583 ﬁgura
3697 4510 3776 4566 si-

2127 4601 2299 4657 miles
2330 4605 2634 4673 apparent.
2671 4601 2932 4665 Quorum
2973 4604 3247 4655 neutrum
3304 4597 3610 4667 accideret,
3659 4597 3775 4654 nisi

2125 4695 2315 4757 rectae,
2349 4707 2478 4761 quas
2527 4706 2596 4745 ex
2643 4689 2804 4745 omni
2845 4693 3011 4761 parte
3055 4693 3222 4744 terrae
3271 4688 3344 4744 ad
3391 4704 3598 4744 omnes
3645 4686 3775 4743 caeli

2126 4785 2324 4852 partes
2353 4780 2591 4848 cadunt,
2623 4779 2734 4836 sibi
2765 4778 3012 4835 invicem
3044 4778 3235 4849 quoad
3257 4793 3499 4834 sensum
3519 4776 3776 4850 aequales

2125 4874 2342 4926 essent.

2195 4960 2248 5014 3.
2281 4959 2392 5015 Sed
2423 4963 2481 5014 et
2501 4975 2601 5014 sex
2630 4958 2802 5032 signa
2827 4958 2874 4993 '9
2901 4974 3030 5029 qua;
3060 4955 3297 5030 praecise
3333 4971 3512 5028 super
3561 4957 3776 5010 terram

362 5041 644 5125 ἀκριϐῶς,
716 5047 1020 5120 παριστῶσι
1094 5043 1195 5111 τήν
1272 5043 1371 5117 γῆν
1429 5039 1728 5116 ἐπέχουσαν
1787 5042 2017 5114 σημείου

2136 5047 2601 5121 conspiciuntur,
2633 5047 2971 5115 ostendunt,
2995 5051 3211 5102 terram
3235 5046 3304 5100 ad
3336 5045 3777 5100 firmamentum

362 5137 526 5214 λόγον
576 5135 716 5213 πρὸς
773 5133 834 5188 τὸ
892 5130 1194 5209 στερέωμα,
1249 5133 1348 5185 τοῦ
1404 5131 1520 5186 κατ’
1580 5129 1744 5198 αὐτὴν
1820 5131 2018 5205 βάθους

363 5224 634 5301 μηδεμίαν
697 5227 891 5299 μοῖραν
937 5221 972 5290 ἢ
1031 5217 1344 5276 πολλοστὸν
1408 5218 1602 5295 μοίρας
1651 5219 2016 5295 ἀποκρύπτειν

361 5317 671 5394 ἰσχύοντος.
702 5317 902 5369 Τοῦτον
937 5308 997 5365 δὲ
1046 5310 1138 5364 τὸν
1184 5307 1386 5384 τρόπον
1419 5308 1454 5376 ἠ
1501 5304 1789 5383 διάγνωσις
1818 5309 2017 5386 γίνεται

355 5411 454 5462 τοῦ
507 5405 576 5461 τὰ
630 5403 686 5476 ἓξ
745 5401 878 5479 ὑπὲρ
935 5406 1041 5476 γῆν
1101 5395 1270 5468 ζώδια
1317 5395 1595 5475 φαίνεσθαι
1631 5441 1643 5456 .
1704 5397 1809 5453 Δύο
1872 5400 2016 5463 τινὲς

359 5495 622 5558 ἀπλανεῖς
701 5490 916 5568 ἀστέρες
979 5485 1255 5558 ἀλλήλοις
1316 5485 1695 5563 παραπλήσιοι
1752 5489 1890 5544 κατά
1958 5510 2018 5543 τε

427 5734 475 5772 ⁸⁷
507 5730 652 5789 Ptol.
685 5727 788 5786 lib.
821 5742 880 5796 1;
909 5723 1064 5797 Alm.
1092 5738 1144 5780 ο.
1173 5722 1243 5793 6;
1274 5719 1494 5797 Cleom.
1525 5721 1628 5778 lib.
1680 5740 1721 5792 ι,
1753 5739 1784 5778 ο
1815 5725 1901 5794 10,
1951 5727 2009 5781 et
2036 5740 2099 5796 ιι,
2140 5741 2190 5780 c.
2238 5725 2304 5792 2;
2346 5723 2608 5797 Regiom.
2642 5723 2701 5779 in
2736 5721 2880 5780 Ptol.
2912 5722 2950 5778 l.
2987 5741 3026 5790 ι,
3053 5722 3314 5780 conclus.
3346 5723 3399 5778 4.

359 5807 463 5864 lib.
495 5822 560 5874 ιι,
592 5820 643 5860 c.
667 5804 722 5860 2.
798 5799 845 5835 3°
868 5793 1092 5856 Cleom.
1115 5799 1162 5852 Ι.
1193 5811 1234 5862 1,
1265 5810 1318 5850 ο.
1349 5793 1437 5864 10,
1471 5797 1528 5852 ct
1554 5811 1618 5866 ιι,
1653 5812 1704 5851 ο.
1736 5798 1791 5851 2.

2127 5136 2332 5207 puncti
2366 5134 2649 5190 rationem
2683 5135 2965 5200 obtinere,
2999 5149 3132 5188 cum
3173 5132 3362 5204 ipsius
3414 5131 3780 5204 profunditas

2128 5223 2352 5280 nullam
2385 5228 2631 5295 partem,
2667 5228 2770 5278 aut
2799 5223 2973 5278 etiam
3006 5223 3350 5294 scrupulum
3377 5221 3562 5293 partis
3591 5219 3781 5276 ullum

2127 5313 2426 5369 occultare
2477 5311 2683 5384 possit.
2733 5316 2853 5367 Hoc
2891 5313 3039 5367 8³1
3094 5316 3291 5366 autem
3341 5310 3514 5366 modo
3563 5325 3782 5383 cogno-

2126 5401 2335 5469 scitur,
2371 5402 2526 5474 quod
2563 5419 2663 5457 sex
2710 5402 2880 5474 signa
2909 5417 3089 5473 supra
3136 5399 3499 5456 horizontem
3548 5397 3782 5471 conspi-

2126 5491 2378 5547 ciantur.
2414 5495 2548 5546 Duae
2573 5491 2840 5562 quaedam
2872 5490 3200 5546 inerrontes
3249 5488 3427 5546 stellae
3476 5488 3590 5545 sibi
3632 5487 3779 5543 invi-

3501 5722 3546 5758 ⁸⁵
3573 5721 3770 5780 Cleom
