4114 6426
336 449 490 513 1271

1589 445 2019 511 NICEPHORI
2060 444 2504 509 BLEMMIDJE

3602 449 3777 510 1272

338 599 463 641 cem
494 585 552 638 et
600 582 791 655 quoad
826 580 1321 655 magnitudinem,
1382 584 1440 637 et
1494 581 1689 653 quoad
1733 580 1984 636 colorem

2121 577 2337 653 μέγεθος
2391 576 2483 631 καὶ
2535 576 2730 653 χροιάν
2793 573 3171 654 διαμετροῦσιν
3231 574 3537 650 ἀλλήλους*
3589 579 3619 634 ὁ
3665 581 3775 655 μὶν

339 671 568 729 similes
598 688 703 744 per
728 671 1132 727 dimetientem
1166 675 1544 742 opponuntur
1569 687 1581 725 :
1609 687 1726 725 una
1755 669 1992 742 quidem

340 760 635 817 decimum
667 761 940 832 quintum
974 759 1195 833 Scorpii
1242 760 1486 832 gradum
1534 763 1761 823 tenens,
1814 760 1997 813 altera

342 849 616 906 eumdem
648 849 848 919 Tauri,
882 866 1015 903 cum
1064 849 1355 921 Hyadum,
1388 848 1446 903 id
1477 852 1566 904 est
1619 847 1993 915 Sucularum,

344 955 482 1011 pars
518 938 616 1009 sit,
648 938 815 994 Marti
847 939 1041 1009 quoad
1084 938 1336 993 colorem
1367 937 1532 993 valde
1591 936 1836 992 similes.
1890 936 1995 992 Oc-

343 1027 571 1083 cidente
602 1025 846 1098 proinde
878 1043 1000 1083 una
1031 1027 1319 1099 ipsarum,
1355 1025 1538 1081 altera
1570 1025 1769 1080 statim
1812 1025 1998 1080 exori-

344 1120 465 1184 tur,
498 1114 798 1187 simulque
835 1114 893 1170 in
925 1115 1225 1171 horizonte
1254 1114 1438 1171 ambae
1486 1117 1846 1187 spectantur,
1897 1113 1999 1169 illa

348 1203 588 1277 quidem
620 1203 838 1271 oriens,
872 1203 994 1259 haec
1017 1202 1306 1259 occidens.
1332 1203 1495 1267 Quod
1531 1220 1645 1258 non
1693 1202 1998 1274 continge—

350 1297 459 1364 ret,
491 1293 537 1348 si
591 1297 814 1364 partem
874 1292 1132 1364 aliquam
1188 1292 1416 1349 Zodiaci
1477 1292 1775 1348 crassities
1832 1296 1998 1347 terra:

350 1382 663 1438 obscurare
694 1385 912 1454 posset.

423 1471 476 1526 4.
510 1471 619 1527 Sed
653 1474 707 1527 et
739 1470 998 1526 medium
1031 1471 1344 1542 aequatoris
1384 1486 1616 1543 semper
1658 1486 1839 1542 supra
1886 1473 1999 1524 ter-

352 1575 479 1615 ram
511 1564 619 1629 est,
650 1559 876 1631 hocque
925 1577 993 1615 ex
1050 1558 1417 1633 aequinoctiis
1465 1559 1843 1615 manifestum
1889 1562 1997 1614 est.

354 1647 501 1704 Cum
531 1648 689 1705 enim
721 1648 912 1705 oriens
944 1648 1032 1704 sol
1063 1653 1165 1704 aut
1194 1649 1467 1704 occidens
1497 1651 1782 1719 punctum
1807 1664 2001 1719 aequa-

356 1737 473 1794 tori
508 1737 837 1809 subjectum
872 1737 1146 1810 attigerit;
1180 1742 1311 1792 tum
1355 1742 1412 1793 et
1439 1736 1565 1792 dies
1594 1740 1651 1791 et
1680 1752 1794 1792 nox
1840 1752 2002 1793 sum-

355 1842 515 1882 mam
544 1825 934 1898 mqualitatem
967 1826 1280 1898 accipiunt.

425 1916 481 1970 5.
522 1916 630 1970 Sed
675 1919 733 1971 et
772 1916 817 1951 9°
865 1916 935 1971 ad
981 1914 1232 1971 solarem
1281 1915 1571 1986 sphaeram
1618 1919 1775 1971 terra
1820 1914 2003 1970 centri
2035 1948 2083 2013 B

354 2004 643 2061 rationem
672 2004 933 2059 obtinere
960 2004 1331 2076 perspicitur.
1366 2004 1675 2077 Horologia
1733 2004 1890 2059 enim
1942 2004 2000 2059 in

352 2096 512 2149 terra
539 2092 953 2161 conﬁciuntur,
986 2109 1112 2165 qua:
1154 2109 1520 2164 gnomonum
1574 2093 1817 2148 umbras
1866 2109 2001 2148 cum

354 2181 568 2237 umbra
604 2186 771 2237 terra;
823 2180 1002 2237 simul
1050 2181 1482 2238 circumeuntes
1530 2182 1767 2237 habent.
1817 2183 2004 2253 Atque

353 2274 581 2343 oportet
611 2274 820 2327 cuncta
849 2287 1210 2343 gnomonum
1244 2271 1486 2326 extremi
1509 2271 1692 2326 centri
1718 2272 2003 2326 rationem

354 2360 427 2415 ad
460 2358 711 2416 solarem
739 2360 1029 2432 sphaeram
1056 2360 1335 2416 obtinere.
1363 2360 1649 2426 Quoniam
1676 2360 1859 2433 igitur
1878 2359 2005 2414 nul-

353 2447 480 2504 lum
511 2452 602 2505 est
658 2448 1028 2522 horologium
1067 2450 1220 2506 332
1270 2450 1425 2521 quod
1477 2450 1533 2503 in
1593 2449 1720 2521 ipso
1773 2448 2005 2519 praecise

354 2542 521 2594 terrae
556 2538 749 2593 medio
800 2542 956 2594 stare
1004 2539 1232 2611 possit;
1282 2539 1340 2593 in
1384 2538 1545 2593 omni
1593 2546 1789 2593 autem
1837 2543 2003 2593 terrm

356 2630 520 2699 parte
549 2626 849 2700 horologia
887 2632 1140 2700 possunt
1185 2627 1415 2695 confici,
1465 2628 1842 2683 manifestum
1892 2631 2001 2696 est,

360 2715 517 2788 quod
548 2715 726 2771 etiam
769 2716 841 2771 ad
890 2716 1137 2772 solerem
1192 2716 1483 2789 sphaeram
1532 2716 1805 2772 universa
1850 2721 2005 2771 terra

357 2803 539 2859 centri
598 2803 884 2859 rationem
935 2805 1212 2861 obtineat.
1273 2805 1457 2861 Unius
1542 2805 1699 2860 enim
1766 2805 2005 2876 sphaerae

359 2909 543 2948 unum
575 2894 841 2948 centrum
876 2896 983 2948 est.
1016 2893 1107 2948 Sic
1139 2893 1317 2965 igitur
1348 2894 1419 2949 ad
1451 2898 1669 2949 terram
1702 2910 1832 2949 sese
1881 2893 2006 2948 uni-

353 2981 506 3037 versi
558 2980 776 3037 habent
839 2998 1183 3054 gnomones,
1245 2982 1413 3054 quasi
1470 2982 1644 3038 etiam
1697 2983 1765 3037 ad
1817 2999 2003 3037 unum

356 3073 640 3142 punctum
671 3068 894 3125 collecti
926 3071 1133 3126 forent.
1167 3072 1251 3126 Ad
1276 3070 1527 3127 solarem
1553 3071 1795 3143 proinde
1819 3071 2005 3142 sphae-

354 3175 479 3214 ram
511 3158 691 3214 centri
724 3159 1010 3215 rationem
1050 3159 1311 3215 obtinere
1356 3163 1594 3225 terram,
1644 3177 1713 3215 ex
1754 3159 1826 3215 iis
1874 3176 2001 3231 qua

353 3246 510 3303 dicta
537 3250 696 3314 sunt,
727 3247 1105 3303 manifestum
1141 3248 1365 3303 evadit:
1410 3252 1474 3303 ut
1520 3265 1753 3320 semper
1801 3252 2000 3304 tamen

354 3333 548 3405 quoad
580 3349 820 3390 sensum
854 3334 1348 3409 subintelligatur.

425 3423 480 3478 6.
516 3422 679 3488 Quod
711 3426 908 3478 autem
939 3424 982 3460 ⁹ί
1017 3424 1088 3479 ad
1120 3423 1270 3479 lunae
1328 3424 1618 3497 sphaeram
1664 3429 1819 3481 terra
1864 3442 2009 3497 pun-

358 3510 434 3566 cti
468 3511 753 3567 rationem
782 3528 899 3567 non
958 3512 1237 3579 obtineat,
1288 3513 1372 3568 sic
1422 3513 1769 3570 ostenditur.
1817 3515 2007 3571 Inter-

356 3597 514 3655 valla
541 3598 695 3655 lunze
726 3601 797 3655 ad
823 3599 1024 3657 stellas
1054 3602 1113 3656 in
1144 3601 1305 3657 omni
1335 3601 1571 3658 climate
1599 3608 1766 3659 terra}
1813 3622 2006 3677 aequa-

359 3687 439 3743 lia
485 3704 600 3743 non
644 3694 965 3761 apparent;
1008 3690 1110 3746 sed
1158 3691 1312 3763 apud
1361 3690 1505 3746 alios
1552 3693 1799 3763 majora,
1852 3695 2008 3767 apud

360 3775 506 3832 alios
539 3778 788 3834 minora.
840 3778 959 3834 Hoc
1006 3785 1202 3835 autem
1226 3780 1309 3835 ita
1339 3797 1456 3836 non
1487 3786 1662 3853 esset,
1716 3783 1766 3837 si
1815 3788 2006 3852 rectae,

355 3867 532 3939 [quae]
565 3866 638 3922 ad
669 3866 934 3924 lunarem
979 3868 1349 3925 altitudinem
1386 3887 1421 3924 a
1449 3875 1605 3924 terra
1649 3872 2011 3943 [producun-

349 3955 491 4026 tur],
523 3954 777 4027 zequales
829 3961 1044 4013 essent.
1089 3957 1149 4013 Si
1199 3957 1308 4013 hoc
1355 3958 1537 4025 enim,
1586 3963 1644 4013 et
1700 3960 2011 4016 intervalla

353 4042 467 4099 sibi
498 4043 674 4100 etiam
707 4044 956 4117 aequalia
976 4046 1472 4119 conspicerentur.

428 4222 485 4277 7.
517 4222 629 4278 Sed
664 4227 723 4278 et
751 4222 893 4279 solis
924 4222 1157 4293 eclipsis
1208 4225 1271 4293 9’,
1323 4242 1450 4296 quae
1483 4226 1641 4281 haud
1682 4226 1835 4299 apud
1884 4242 2009 4282 om-

359 4326 463 4365 nes
494 4310 877 4383 conspicitur,
909 4311 1117 4367 rationi
1152 4312 1328 4368 ﬁdem
1362 4313 1519 4368 facit.
1570 4314 1630 4369 Si
1679 4314 1833 4369 enim
1868 4314 1911 4350 93
1937 4314 2007 4369 ad

355 4398 625 4454 lunarem
651 4398 1024 4455 altitudinem
1055 4400 1212 4456 idem
1243 4401 1463 4473 ubique
1494 4420 1527 4456 a
1548 4406 1704 4458 terra
1733 4402 2008 4459 interval-

353 4486 480 4542 lum
512 4487 679 4557 foret,
705 4504 821 4544 non
852 4489 1008 4558 apud
1035 4488 1263 4560 aliquos
1314 4491 1553 4562 quidem
1594 4491 1864 4548 homines
1922 4492 2004 4548 sol

351 4578 511 4631 totus
541 4576 808 4647 deficere,
842 4578 997 4648 apud
1030 4577 1262 4649 aliquos
1319 4595 1434 4634 non
1484 4583 1666 4648 totus,
1729 4581 1831 4636 sed
1876 4598 2008 4653 par-

2105 667 2203 734 τὴν
2233 670 2330 720 τοῦ
2383 666 2656 741 Σκορπίου
2704 663 3187 738 πεντεκαιδεκάτην
3244 667 3493 745 κατέχων
3542 676 3775 747 μοῖραν,

2104 755 2133 808 ὁ
2166 752 2223 809 δὲ
2249 756 2349 824 τήν
2406 754 2573 825 αὐτὴν
2620 759 2718 811 τοῦ
2769 755 3005 832 Ταύρου,
3060 754 3225 833 μέρος
3275 753 3349 812 ὢν
3398 763 3507 813 τῶν
3537 757 3777 818 Ὑάδων.

2105 843 2267 899 Οὗτοι
2295 848 2375 916 τῷ
2402 846 2555 919 ’Ἄρει
2585 843 2649 899 τὸ
2681 849 2887 921 χρῶμα
2930 844 3251 920 παρόμοιοι.
3304 846 3580 920 Δυομένου
3630 853 3773 924 γοῦν

2104 937 2201 988 τοῦ
2253 933 2371 995 ἐνὸς
2419 932 2593 988 αὐτῶν
2633 933 2661 987 ὁ
2694 932 2887 994 λοιπὸς
2918 933 3068 996 εὐθὺς
3116 933 3422 1008 ἀνατέλλει,
3451 936 3541 991 καὶ
3582 938 3775 1013 ὁρῶν-

2105 1043 2191 1076 ται
2223 1021 2313 1075 καὶ
2346 1020 2510 1100 ἄμφω
2555 1022 2692 1077 κατά
2736 1023 2928 1077 ταυτὸν
2977 1021 3064 1076 ἐπὶ
3112 1028 3210 1078 τοῦ
3259 1024 3561 1100 ὁρίζοντος,
3594 1026 3623 1080 ὅ
3667 1029 3772 1100 μὲν

2108 1108 2445 1179 ἀνατέλλων,
2497 1111 2525 1164 ὁ
2574 1108 2633 1165 δὲ
2682 1107 2966 1185 δυόμενος·
2998 1113 3166 1188 Ὅπερ
3215 1112 3316 1167 οὐκ
3345 1112 3404 1167 ἂν
3437 1109 3773 1185 συνέϐαινεν,

2109 1199 2153 1253 εἷ
2191 1200 2339 1273 μέρει
2368 1199 2477 1254 τινὶ
2505 1203 2602 1254 τοῦ
2632 1196 2899 1268 ζωδιακοῦ
2927 1199 2990 1255 τὸ
3019 1207 3121 1270 τῆς
3170 1203 3273 1277 γῆς
3303 1202 3415 1257 οἷόν
3463 1204 3510 1256 τ’
3557 1204 3626 1273 ἦν
3661 1205 3777 1280 βά-

2107 1290 2199 1352 θος
2233 1289 2600 1365 ἐπιπροσθεῖν.

2182 1463 2245 1523 δ’.
2280 1463 2455 1523 Ἀλλᾶ
2483 1463 2550 1536 δὴ
2611 1465 2698 1521 καὶ
2745 1467 2809 1521 τὸ
2856 1466 3029 1540 ἥμισυ
3073 1472 3171 1523 τοῦ
3223 1467 3545 1545 ἰσημερινοῦ
3593 1467 3782 1540 διηνε-

2110 1559 2220 1617 κῶς
2250 1555 2389 1610 ἐστιν
2421 1554 2553 1631 ὑπὲρ
2585 1562 2711 1630 γῆν.
2760 1556 2860 1610 Καὶ
2907 1560 3068 1612 τοῦτο
3121 1553 3291 1627 δῆλον
3344 1556 3405 1612 ἐκ
3432 1562 3536 1613 τῶν
3572 1558 3777 1632 ἰσημε-

2113 1648 2260 1721 ριῶν·
2321 1642 2519 1699 ὁπόταν
2576 1645 2680 1719 γὰρ
2739 1642 3050 1700 ἀνατέλλων
3111 1645 3138 1700 ὁ
3194 1644 3362 1715 ἥλιος
3409 1647 3445 1716 ἢ
3500 1644 3780 1722 δυόμενος

2110 1737 2206 1788 τοῦ
2266 1733 2372 1788 ὐπὸ
2426 1733 2519 1789 τὸν
2576 1733 2893 1809 ίσὴμερινὸν
2973 1733 3243 1813 ἐφάψηται
3312 1736 3544 1809 σημείου
3577 1783 3592 1810 ,
3646 1737 3779 1793 τότε

2113 1817 2484 1896 λαμϐάνουσιν
2515 1823 2550 1892 ἥ
2584 1824 2627 1877 θ’
2656 1822 2837 1899 ἡμέρα
2865 1823 2955 1878 καὶ
2986 1824 3021 1893 ἡ
3052 1825 3145 1895 νὺξ
3171 1825 3235 1880 τὸ
3269 1823 3563 1882 ἰσαίτατον.

2185 1912 2241 1968 ε’.
2276 1908 2454 1966 Ἀλλά
2482 1910 2572 1965 καὶ
2606 1911 2741 1987 πρὸς
2785 1912 2885 1980 τήν
2932 1909 3171 1982 ἡλιακὴν
3223 1918 3448 1991 σφαῖραν
3480 1915 3514 1984 ἠ
3544 1920 3616 1989 γῆ
3650 1915 3776 1970 κέν-

2111 2020 2241 2076 τρου
2297 1999 2460 2076 λόγον
2512 1999 2785 2076 ἐπέχουσα
2838 2000 3102 2079 φαίνεται.
3161 2000 3619 2073 Κατασκευάζεται
3666 2004 3778 2081 γὰρ

2113 2089 2201 2145 ἐπὶ
2248 2095 2356 2165 γῆς
2404 2087 2689 2166 ὡρολόγια
2738 2091 2831 2152 τὰς
2879 2094 2986 2145 τῶν
3039 2091 3340 2166 γνωμόνων
3375 2094 3526 2155 σκιὰς
3572 2090 3780 2169 ἔχοντα

2110 2182 2179 2253 τῇ
2229 2183 2352 2249 σκιᾷ
2397 2179 2829 2251 συμπεθιστάσας
2879 2181 2977 2249 τῆς
3029 2187 3151 2256 γῆς·
3203 2181 3294 2236 καὶ
3348 2179 3432 2236 δεῖ
3477 2183 3651 2237 πάντα
3704 2184 3779 2236 τὰ

2109 2271 2219 2322 τῶν
2276 2267 2574 2341 γνωμόνων
2634 2265 2770 2344 ἄκρα
2829 2267 3053 2343 κέντρου
3126 2267 3293 2345 λόγον
3354 2268 3571 2346 ἐπέχειν
3629 2272 3777 2342 πρὸς

2109 2357 2211 2424 τήν
2256 2354 2494 2425 ἡλιακὴν
2545 2362 2791 2434 σφαῖραν.
2850 2357 2999 2411 Ἐπεὶ
3054 2361 3182 2433 γοῦν
3237 2355 3390 2413 οὐδέν
3446 2357 3586 2413 ἐστιν
3627 2360 3776 2435 ὡρο-

2114 2442 2305 2520 λόγιον
2365 2441 2660 2518 δυνάμενον
2718 2444 2800 2500 ἐπ’
2857 2445 3003 2518 αὐτῷ
3053 2451 3133 2519 τῷ
3198 2447 3505 2520 μεσαιτάτῳ
3577 2455 3774 2517 στῆναι

2110 2540 2212 2602 τῆς
2240 2536 2359 2609 γῆς’
2410 2532 2461 2587 ἐν
2510 2534 2671 2588 παντὶ
2726 2531 2783 2589 δὲ
2840 2534 2988 2612 μέρει
3035 2542 3137 2605 τῆς
3167 2542 3273 2611 γῆς
3302 2533 3583 2613 ὡρολόγια
3610 2558 3777 2593 κατα-

2113 2622 2458 2690 σκευάζεσθαι
2538 2618 2758 2677 δόναται
2794 2640 2807 2652 '
2870 2623 3094 2700 φανερὸν
3171 2622 3254 2679 ὅτι
3322 2623 3546 2701 κέντρου
3607 2625 3772 2703 λόγον

2115 2710 2301 2787 ἐπέχει
2356 2711 2445 2766 καὶ
2498 2711 2635 2787 πρὸς
2686 2713 2786 2781 τήν
2833 2710 3071 2782 ἡλιακὴν
3122 2718 3348 2791 σφαῖραν
3399 2714 3435 2783 ἠ
3484 2719 3632 2770 πᾶσα

2114 2806 2252 2863 Μιᾶς
2309 2800 2411 2876 γὰρ
2465 2800 2690 2878 σφαίρας
2746 2799 2802 2855 ἓν
2860 2802 2949 2856 καὶ
3003 2803 3067 2856 τὸ
3123 2803 3375 2877 κέντρον.
3431 2802 3617 2867 Οὕτως
3678 2803 3774 2859 οὖν

2115 2885 2304 2965 ἔχουσι
2363 2889 2500 2964 πρὸς
2557 2890 2655 2957 τὴν
2710 2896 2815 2964 γῆν
2874 2890 2926 2944 οἱ
2976 2891 3249 2966 γνώμονες
3304 2892 3551 2965 ἅπαντες,
3597 2894 3673 2956 ὡς
3724 2894 3773 2949 εἰ

2111 2975 2202 3033 καί
2233 2977 2311 3040 εἰς
2338 2976 2392 3033 ἓν
2424 2981 2557 3046 ἦσαν
2585 2977 2919 3053 συνηγμένοι
2950 2985 3201 3054 σημεῖον.
3234 2982 3382 3058 Πρὸς
3418 2982 3512 3056 μὲν
3544 2979 3633 3036 οὖν
3664 2984 3769 3050 τήν

2111 3066 2348 3137 ἡλιακὴν
2383 3073 2608 3145 σφαῖραν
2640 3068 2865 3141 κέντρου
2910 3066 3073 3145 λόγον
3125 3068 3342 3146 ἐπέχειν
3392 3072 3491 3140 τήν
3533 3077 3650 3146 γῆν,
3704 3070 3771 3126 ἐκ

2109 3160 2216 3211 τῶν
2275 3155 2577 3232 εἰρημένων
2629 3153 2958 3229 δεδήλωται,
3024 3159 3577 3234 προσυπακουομένου
3632 3181 3778 3216 παν-

2111 3249 2287 3321 ταχοῦ
2314 3248 2432 3315 τοῦ,
2465 3244 2603 3322 πρὸς
2633 3241 2905 3316 αἴσθησιν.

2189 3429 2252 3487 ς’.
2303 3421 2448 3497 Πρὸς
2498 3420 2556 3477 δὲ
2601 3424 2701 3492 τήν
2752 3426 2849 3494 τῆς
2896 3421 3136 3496 σελήνης
3194 3432 3421 3504 σφαῖραν
3476 3427 3553 3500 μή
3609 3426 3783 3503 λόγον

2117 3510 2332 3587 ἐπέχειν
2392 3511 2624 3584 σημείου
2668 3513 2768 3582 τὴν
2824 3519 2927 3589 γῆν
2990 3513 3133 3568 οὕτω
3180 3513 3470 3572 δείκνυται.
3522 3517 3599 3570 Τὰ
3647 3517 3791 3591 πρὸς

2115 3599 2245 3663 τοὺς
2278 3600 2505 3674 ἀστέρας
2553 3597 2897 3674 διαοτήματα
2941 3609 3042 3672 τῆς
3091 3601 3331 3674 σελήνης
3379 3603 3479 3660 οὐκ
3530 3602 3620 3659 ἴσα
3667 3605 3796 3684 φαί-

2121 3710 2268 3744 νεται
2326 3690 2462 3744 κατᾶ
2518 3695 2621 3744 πᾶν
2671 3688 2849 3764 κλίμα
2901 3694 3001 3761 τῆς
3066 3698 3169 3769 γῆς
3205 3737 3220 3764 ,
3284 3689 3432 3747 ἀλλὰ
3486 3695 3635 3768 παρᾶ
3688 3695 3792 3768 μὲν

2119 3783 2238 3840 τοῖς
2291 3778 2482 3851 μείζω,
2526 3781 2674 3856 παρὰ
2723 3777 2782 3834 δὲ
2833 3785 2951 3842 τοῖς
3007 3779 3236 3839 ἐλάττω.
3288 3786 3459 3838 Τοῦτο
3503 3779 3552 3837 δ’
3596 3782 3699 3839 οὐκ
3729 3783 3794 3840 ἂν

2119 3867 2210 3936 ἧν,
2268 3871 2375 3921 τῶν
2435 3868 2571 3944 πρὸς
2625 3868 2690 3923 τὸ
2748 3866 3069 3940 σεληνιακὸν
3128 3870 3267 3945 ὕψος
3322 3877 3790 3948 προσπιπτουσῶν

2119 3956 2228 4012 ἀπὸ
2283 3964 2383 4027 τῆς
2443 3960 2544 4034 γῆς
2605 3958 2823 4013 εὐθειῶν
2895 3955 3025 4014 ίίσων
3105 3958 3384 4030 ἀλλήλαις
3451 3960 3625 4016 οὐσῶν
3663 3983 3677 3996 ο
3740 3962 3791 4019 εἰ

2116 4051 2280 4102 τοῦτο
2321 4047 2449 4124 γὰρ,
2481 4044 2553 4102 ἷ¹σ³
2581 4047 2640 4102 ἂν
2688 4046 2971 4119 ἀλλήλοις
3020 4046 3265 4127 ἐφαίνετο
3315 4048 3405 4105 καὶ
3451 4051 3521 4106 τὰ
3567 4047 3795 4123 διαστή-

2126 4156 2267 4210 ματα
2274 4177 2286 4191 ο

2195 4226 2255 4293 ζ’.
2304 4223 2405 4279 Καὶ
2454 4226 2489 4295 ἠ
2533 4229 2632 4279 τοῦ
2685 4225 2850 4296 ἡλίου
2901 4223 2949 4281 δ’
3005 4224 3248 4301 ἔκλειψις
3304 4229 3381 4301 μὴ
3428 4229 3576 4306 παρὰ
3622 4234 3793 4286 πᾶσιν

2119 4314 2153 4383 ἠ
2187 4312 2322 4381 αὐτὴ
2349 4314 2649 4392 φαινομένη
2704 4319 2986 4370 πιστοῦται
3035 4315 3128 4371 τὸν
3180 4313 3369 4392 λόγον.
3416 4317 3479 4372 Εἰ
3508 4319 3615 4395 γάρ
3647 4319 3794 4395 πρὸς

2117 4402 2181 4456 τὸ
2242 4401 2565 4472 σεληνιακὸν
2621 4401 2757 4478 ὕψος
2801 4405 2865 4459 τὸ
2918 4404 3049 4460 αὐτὸ
3108 4401 3389 4479 διάστημα
3441 4408 3793 4484 πανταχόθεν

2116 4492 2184 4560 ἦν
2246 4490 2355 4545 ἀπὸ
2415 4494 2520 4567 γῆς
2556 4510 2568 4523 ·
2632 4492 2731 4547 οὐκ
2807 4492 2867 4547 ἂν
2941 4494 3088 4569 παρὰ
3114 4493 3226 4550 τισὶ
3260 4494 3357 4567 μὲν
3397 4494 3712 4572 ἀνθρώποις
3764 4497 3796 4553 ὀ

2119 4577 2279 4648 ἣλιος
2311 4577 2444 4643 ὅλος
2472 4578 2741 4636 ἐκλείπων
2775 4578 2971 4654 ἐδόκει,
3012 4582 3159 4659 παρὰ
3187 4581 3295 4638 τισί
3345 4580 3392 4638 δ’
3448 4583 3555 4661 οὐχ
3629 4583 3795 4657 ὅλος,

356 4668 480 4720 tem
524 4664 890 4720 deﬁcientem
948 4665 1185 4734 habere,
1237 4668 1391 4723 333
1452 4669 1608 4740 apud
1656 4669 1802 4725 alios
1846 4670 2005 4726 deni-

2121 4666 2267 4723 ἀλλὰ
2344 4669 2511 4744 μέρος
2592 4665 2737 4745 ἔχων
2809 4668 3139 4734 ἐκλελοιπός
3175 4693 3187 4707 ·
3248 4672 3374 4747 παρ’
3452 4672 3659 4750 ἑτέροις
3734 4672 3790 4730 δ’

354 4769 471 4825 que
500 4757 662 4809 totus
694 4754 919 4809 defectu
977 4771 1185 4810 vacare
1237 4774 1353 4811 uno
1402 4762 1459 4811 et
1496 4757 1701 4813 eodem
1750 4762 2012 4830 tempore

348 4842 663 4899 videretur.

422 4931 570 4987 8-43.
596 4933 773 5005 Atqui
808 4932 1074 4989 nonnulli
1094 4933 1318 5002 dicunt,
1342 4940 1559 4992 terram
1592 4953 1697 4993 nec
1717 4938 1786 4993 ad
1810 4938 2007 5009 ipsum

352 5019 565 5076 caelum
599 5022 755 5093 quod
790 5021 1041 5089 videtur,
1075 5023 1279 5093 puncti
1321 5024 1604 5081 rationem
1654 5025 1889 5082 habere.
1942 5027 2010 5082 Et

359 5124 501 5165 sane
556 5109 896 5165 instantiam
958 5126 1027 5165 ex
1086 5126 1153 5166 eo
1212 5112 1584 5181 confirmant,
1641 5116 1794 5185 quod
1847 5115 2010 5171 visus

357 5214 492 5253 cum
526 5198 584 5253 in
615 5198 803 5254 altum
834 5197 1143 5266 attollitur,
1177 5217 1245 5255 ea
1286 5202 1499 5269 videat,
1553 5219 1682 5274 quae
1713 5204 1771 5258 in
1817 5203 2010 5276 planis

352 5303 468 5343 non
498 5286 792 5357 videntur,
815 5289 916 5344 sed
943 5289 1098 5344 infra
1127 5290 1488 5346 horizontem
1517 5291 1807 5348 occultata
1838 5297 2007 5349 sunt:

351 5381 412 5431 et
442 5374 580 5429 hinc
610 5377 894 5441 inferunt,
929 5395 1044 5433 non
1075 5378 1146 5433 ab
1177 5379 1339 5434 omni
1378 5384 1539 5434 terra:
1601 5386 1764 5452 parte
1801 5381 2007 5437 coelum

351 5463 656 5535 aequaliter
684 5465 889 5531 dividi,
920 5483 986 5521 ac
1017 5483 1086 5521 ea
1130 5467 1199 5521 de
1258 5484 1439 5523 causa
1489 5469 1669 5523 centri
1723 5470 2008 5524 rationem

351 5553 421 5609 ad
451 5553 647 5624 ipsum
680 5570 793 5610 non
826 5554 1090 5611 obtinere
1120 5560 1358 5612 terram.
1393 5557 1503 5613 Sed
1538 5557 1659 5613 haec
1691 5558 1840 5615 ratio
1870 5563 2011 5614 tunc

419 5696 463 5730 9°
489 5695 700 5765 Clesm,
734 5696 771 5752 l.
806 5697 849 5766 Ι,
883 5713 932 5752 c.
962 5698 1053 5753 40.

347 5764 389 5823 l.
422 5784 485 5841 ιι,
520 5783 569 5825 ο.
605 5768 659 5826 3.

1159 5700 1197 5734 θ’
1234 5698 1448 5755 Cleom.
1483 5699 1522 5757 l.
1556 5718 1596 5773 1,
1629 5717 1679 5756 ο.
1714 5701 1811 5769 ll;
1849 5700 2019 5761 Mart.
2053 5702 2289 5776 Capella
2334 5704 2371 5759 l.
2405 5722 2524 5761 vm.

2119 4756 2250 4818 ὅλος
2332 4759 2555 4831 πάμπαν
2629 4758 2980 4823 ἀνέκλειπτος
3065 4761 3181 4815 καθ’
3255 4761 3348 4816 ἕνα
3424 4763 3614 4839 καιρὸν
3685 4764 3792 4819 τὸν

2119 4866 2276 4900 αυτον
2288 4891 2299 4901 .

2191 4936 2357 5009 η’-ιγ’.
2391 4935 2565 4991 Ἔνιοι
2610 4932 2667 4991 δέ
2716 4957 2843 5014 φασι
2897 4934 3037 5010 μηδὲ
3067 4938 3202 5015 πρὸς
3230 4938 3390 4995 αὐτὸν
3430 4941 3522 4996 τὸν
3557 4940 3784 5017 ὁρώμε-

2123 5045 2215 5078 νον
2277 5024 2502 5099 οὐρανὸν
2560 5027 2791 5098 σημείου
2850 5024 3017 5102 λόγον
3078 5026 3295 5105 ἐπέχειν
3343 5032 3443 5099 τὴν
3504 5035 3631 5106 γῆν
3692 5031 3792 5089 καὶ

2118 5118 2434 5168 πιστοῦνται
2488 5111 2644 5183 δῆθεν
2691 5116 2791 5184 τὴν
2847 5111 3085 5171 ἔνστασιν
3137 5115 3198 5172 ἐκ
3245 5122 3342 5172 τοῦ
3387 5119 3489 5188 τήν
3539 5114 3662 5194 ὄψιν
3709 5121 3794 5186 εἰς

2121 5201 2254 5276 ὕψος
2289 5202 2637 5278 ἐξαιρομένην
2670 5202 2799 5280 ὀρᾷν
2831 5205 2898 5259 τά
2947 5204 2998 5258 ἐν
3045 5203 3324 5269 ἐπιπέδοις
3370 5206 3478 5285 οὐχ
3509 5207 3792 5284 ὁρώμενα,

2120 5293 2471 5368 κεκρυμμένα
2527 5289 2574 5347 δ’
2647 5293 2750 5347 ὑπὸ
2799 5294 2891 5348 τὸν
2947 5293 3200 5369 ὁρίζοντα
3233 5315 3245 5327 ·
3307 5296 3586 5353 κάντεῦθεν
3636 5297 3791 5354 ἐπι-

2123 5378 2401 5456 φέρουσιν,
2457 5381 2556 5437 οὐκ
2602 5381 2709 5437 ἀπὸ
2758 5384 2959 5447 παντὸς
3007 5382 3207 5460 μέρους
3253 5392 3356 5455 τῆς
3408 5394 3513 5462 γῆς
3558 5386 3637 5451 εἰς
3696 5384 3789 5445 ἴσα

2123 5467 2445 5547 διαιρεῖσθαι
2491 5470 2583 5526 τὸν
2636 5470 2885 5548 οὐρανὸν,
2935 5471 3027 5528 καί
3074 5471 3163 5528 διὰ
3203 5478 3366 5530 τοῦτο
3430 5476 3566 5553 πρὸς
3616 5476 3785 5534 αὐτὸν

2127 5559 2202 5632 μὴ
2249 5559 2470 5635 κέντρου
2524 5557 2692 5636 λόγον
2746 5559 2961 5638 ἐπέχειν
3010 5563 3113 5631 τὴν
3161 5570 3287 5639 γῆν.
3334 5562 3492 5623 ’Δλλ¹
3541 5564 3699 5630 οὗτος
3752 5568 3785 5625 ὃ

2632 5706 2679 5741 ⁸2
2733 5706 2949 5765 Cleom.
3000 5708 3040 5763 l.
3100 5724 3141 5778 ι,
3191 5724 3241 5766 c.
3291 5709 3381 5767 Η.
3484 5711 3529 5747 ”
3552 5710 3777 5769 Cleom.
