4114 6428
366 453 526 529 1273

1711 451 2059 516 EPITOME
2105 447 2438 515 PHYSICA
2452 495 2466 512 .

3622 446 3781 510 1371

371 584 544 664 λόγος
595 586 709 644 τότ’
740 584 801 644 ἂν
835 586 980 666 εἶχεν
1015 584 1198 665 ἰσχὺν,
1230 585 1353 644 ὅταν
1406 585 1466 644 ἐκ
1508 590 1615 643 τῶν
1676 583 1876 642 πεδίων
1933 583 2018 641 καὶ

2134 586 2315 642 robur
2375 584 2635 657 haberet,
2683 583 2735 641 si
2794 600 2864 642 ex
2912 598 3257 657 camporum
3314 581 3665 657 planitiebus
3720 586 3779 641 et

363 680 463 747 τῆς
519 674 795 749 θαλάσσης
854 678 962 753 οὐχ
1027 678 1233 753 έωρᾶτο
1290 678 1351 733 τὸ
1409 676 1769 751 ἡμικόσμιον.
1805 680 1910 731 Τοῦ
1961 675 2019 730 δὲ

363 773 463 835 τῆς
533 761 710 840 ὅψεως
766 765 843 829 είς
905 766 1041 841 ὕψος
1101 765 1455 842 έξαιρομένης
1517 765 1795 844 φαίνεσθαι
1848 763 2015 820 πλέον

360 860 460 911 τοῦ
528 854 891 934 ἡμισφαιρίου
945 855 1009 910 τὸ
1058 863 1253 931 σχῆμα
1305 863 1405 926 τῆς
1456 863 1562 931 γῆς
1623 854 1760 909 ἐστιν
1821 851 2016 926 αἴτιον,

364 944 480 1000 ἐπεὶ
560 942 861 1021 σφαιρικὸν.
921 942 1356 1017 Ἀνεμποδίστως
1432 942 1523 999 οὗν
1604 944 1658 998 αἱ
1727 942 1832 997 ἀπὸ
1907 947 2015 997 τῶν

366 1030 629 1107 ὀμμάτων
664 1033 875 1094 ἀκτῖνες
908 1031 1160 1088 κύκλωσε
1213 1040 1315 1103 τῆς
1373 1041 1475 1108 γῆς
1531 1032 1790 1109 χεόμεναι
1848 1028 2016 1085 πλέον

360 1125 459 1177 τοῦ
537 1119 879 1194 ἠμικοσμίου
962 1116 1456 1198 περιλαμϐάνουσι,
1516 1120 1817 1196 γινομένων
1894 1118 2017 1173 τότε

360 1213 468 1264 τῶν
516 1208 805 1285 ὁριζόντων
849 1208 1179 1282 κωνοειδῶν,
1214 1208 1302 1265 διὰ
1346 1211 1407 1265 τὸ
1454 1207 1771 1289 σφαιροειδῆ
1812 1207 2015 1284 τυγχά-

361 1319 469 1353 νειν
513 1299 612 1367 τήν
655 1301 777 1373 γῆν.
828 1296 965 1354 Οὐδὲ
1011 1301 1112 1376 γὰρ
1156 1298 1212 1354 α’ί
1255 1321 1315 1354 τε
1355 1301 1629 1378 φάραγγες
1688 1297 1744 1354 α’ί
1794 1319 1853 1353 τε
1909 1301 2015 1352 τῶν

364 1385 507 1463 ὀρῶν
558 1385 744 1463 ἐξοχαὶ
789 1387 852 1443 τὸ
896 1395 997 1458 τῆς
1046 1396 1147 1465 γῆς
1181 1390 1463 1468 σφαιρικὸν
1492 1389 1901 1466 ἀναιρήσουσιν,
1933 1386 2015 1443 ὅτι

365 1472 496 1549 μηδ’
531 1476 585 1529 αἱ
639 1477 764 1551 περὶ
805 1475 873 1531 τά
920 1476 1142 1555 σφαιρία
1187 1483 1294 1533 τῶν
1344 1480 1631 1535 πλατάνων
1686 1476 1876 1554 έξοχαὶ
1926 1477 2017 1532 καὶ

359 1561 681 1634 κοιλότητες
756 1561 999 1634 ἐξιστῶσι
1054 1569 1226 1620 ταῦτα
1284 1569 1383 1620 τοῦ
1458 1568 1766 1641 σφαιρικοῦ,
1823 1562 2015 1640 καίπερ

360 1652 518 1707 αὗται
547 1650 779 1707 πλείονα
810 1651 975 1729 λόγον
1018 1651 1210 1730 ἔχουσι
1248 1654 1385 1731 πρὸς
1436 1655 1532 1716 τὰς
1587 1658 1694 1708 τῶν
1751 1652 2014 1731 σφαιρίων

365 1740 659 1815 ὁλότητας,
709 1742 746 1811 ἢ
797 1748 897 1813 τῆς
954 1746 1058 1818 γῆς
1116 1744 1170 1798 αἱ
1224 1737 1547 1814 κοιλότητες
1602 1742 1691 1797 καὶ
1750 1740 2017 1817 ὑπεροχαὶ

363 1831 500 1903 πρὸς
547 1831 610 1886 τὸ
662 1830 885 1907 μέγεθος
924 1832 1060 1887 ἅπαν
1106 1831 1298 1903 αὐτῆς.
1330 1831 1465 1888 Οὔτε
1510 1833 1614 1908 γὰρ
1646 1828 1773 1907 ὅρος
1829 1851 2016 1886 πεντε-

365 1916 589 1975 καίδεκα
617 1918 1217 1998 σταδίωνὺψηλότερον
1271 1922 1408 1977 κατὰ
1461 1920 1684 1985 κάθετον
1736 1919 2017 1997 ἶστόρηταί

364 2030 493 2079 που,
527 2006 653 2065 οὔτε
705 2009 871 2073 τόπος
922 2009 1197 2081 θαλάσσης
1244 2012 1514 2067 τοσούτων
1569 2007 1798 2065 σταδίων
1854 2008 2020 2085 βαθύ-

360 2116 540 2173 τερος.
575 2096 640 2152 Εἰ
687 2093 745 2152 δὲ
789 2096 879 2152 καὶ
926 2097 1191 2153 πλειόνων
1244 2096 1474 2154 σταδίων
1522 2098 1656 2173 ὕψος
1712 2098 1801 2153 καὶ
1854 2096 2017 2173 βάθος

365 2185 677 2258 ὑποτεθείη,
708 2186 877 2241 πόσον
929 2181 1096 2262 λόγον
1148 2184 1251 2260 ἕξει
1301 2190 1363 2243 τὸ
1412 2193 1658 2244 τοιοῦτον
1728 2187 1866 2263 πρὸς
1916 2188 2016 2257 τήν

364 2271 656 2351 διάμετρον
688 2274 826 2347 ὅλην
858 2283 959 2346 τῆς
986 2279 1088 2353 γῆς
1115 2297 1128 2346 ;
1162 2277 1226 2331 Εἰ
1262 2279 1337 2351 μή
1370 2280 1435 2348 ἦν
1469 2279 1503 2348 ἡ
1536 2285 1608 2353 γῆ
1642 2274 2015 2356 σφαιροειδὴς,

362 2368 479 2426 πῶς
528 2364 588 2419 ἂν
652 2366 979 2438 μετέπιπτον
1052 2364 1134 2419 ἐπ’
1195 2366 1364 2436 αὐτῆς
1423 2367 1475 2422 οἱ
1535 2367 1843 2443 ὁρίζοντες;
1899 2370 2016 2429 πῶς

362 2451 525 2509 ἄλλοι
555 2454 682 2531 παρ’
714 2452 910 2519 ἅλλοις
944 2455 1159 2529 ἀστέρες
1187 2461 1296 2511 τῶν
1339 2455 1595 2511 ἀπλανῶν
1648 2457 1783 2528 πρὸς
1836 2454 2019 2531 ἄρκτῳ

359 2541 450 2597 καὶ
505 2540 823 2621 μεσημϐρίᾳ
866 2545 1155 2621 ἑωρῶντο;
1208 2549 1326 2607 πῶς
1371 2545 1433 2600 τὸ
1492 2550 1588 2599 τοῦ
1648 2544 1826 2601 πόλου
1883 2543 2017 2618 ὕψος

362 2628 621 2710 διάφορον
699 2632 750 2688 έν
808 2639 929 2696 τοῖς
1004 2631 1287 2711 διαφόροις
1343 2637 1410 2704 ἦν
1467 2632 1739 2708 κλίμασι;
1783 2638 1899 2696 πῶς
1954 2633 2017 2688 τὸ

366 2721 596 2796 μέγεθος
656 2720 1067 2798 ένηλλαγμένον
1125 2728 1223 2779 τοῦ
1278 2724 1567 2799 ἀρκτικοῦ;
1618 2727 1737 2786 πῶς
1792 2725 2016 2800 ἡμερῶν

366 2810 565 2888 μεγέθη
618 2811 709 2866 καὶ
758 2817 967 2867 νυκτῶν
1015 2811 1218 2887 ἑτέροις
1272 2812 1565 2890 ἐτύγχανεν
1613 2809 1802 2890 grape;
1846 2816 2021 2867 Ταῦτα

363 2898 431 2968 δή
479 2898 650 2954 πάντα
697 2905 1015 2955 πιστοῦνται
1058 2903 1158 2970 τήν
1204 2908 1309 2977 γῆν
1354 2902 1488 2957 εἶναι
1547 2898 1889 2980 σφαιροειδῆ.
1923 2901 2020 2956 Καὶ

362 2988 428 3042 τὸ
458 2984 606 3064 ὕδωρ
640 2987 698 3044 δέ
727 3010 846 3052 πως
895 2988 1231 3068 σφαιροειδὲς
1280 2990 1341 3045 ἐκ
1383 2995 1481 3046 τοῦ
1521 2991 1615 3053 τὰς
1666 2987 1881 3067 ῥανίδας
1943 2986 2020 3052 εἵς

360 3098 413 3131 τι
475 3076 621 3133 λεῖον
708 3077 1084 3151 ἐμπιπτούσας
1164 3079 1546 3158 συστρέφεσθαί
1596 3100 1655 3134 τε
1713 3079 1803 3133 καὶ
1862 3099 2017 3157 σφαι-

365 3167 587 3241 ροῦσθαι
636 3163 726 3221 καί
776 3168 1004 3240 ἠρεμεῖν
1053 3164 1343 3223 δείκνυται·
1404 3168 1582 3231 καθὼς
1630 3167 1681 3223 έν
1739 3173 1856 3230 τοῖς
1910 3171 2017 3222 τῶν

366 3250 621 3330 λαχάνων
677 3254 769 3310 καὶ
827 3252 1061 3332 δένδρων
1118 3256 1352 3335 φύλλοις
1412 3258 1645 3333 ὑπάρχει
1698 3255 2013 3335 καταφανές’

2048 1966 2097 2031 Β

2129 674 2277 730 mari
2309 674 2569 730 medium
2605 675 2810 729 mundi
2841 690 2956 729 non
2990 674 3549 746 spectaretur.Quod
3580 677 3777 730 autem

2126 764 2254 821 visu
2287 765 2345 820 in
2396 763 2578 819 altum
2610 762 2841 820 sublato
2889 762 3022 835 plus
3060 767 3299 835 apparet
3342 762 3775 834 hemisphaerio,

2118 853 2317 926 ﬁgura
2364 858 2532 908 terrae
2565 853 2623 907 in
2672 870 2845 908 causa
2876 856 2985 918 est,
3020 852 3160 925 quia
3195 852 3498 924 sphaerica.
3529 852 3778 909 Proinde

2129 942 2276 997 radii
2332 958 2464 997 cum
2516 942 2587 997 ab
2638 941 2824 997 oculis
2873 941 3133 1013 undique
3177 942 3333 996 circa
3384 945 3599 996 terram
3652 942 3778 996 sine

2128 1030 2549 1103 impedimento
2600 1030 3015 1102 conjiciuntur,
3076 1030 3321 1085 dimidio
3374 1030 3579 1085 mundi
3641 1030 3777 1102 plus

2129 1120 2655 1192 comprehendunt,
2706 1137 2839 1175 cum
2908 1119 3239 1176 horizontes
3285 1124 3426 1175 tunc
3493 1119 3779 1176 turbinati

2129 1208 2266 1277 sint,
2294 1208 2433 1281 quia
2456 1213 2612 1265 terra
2632 1208 2976 1265 orbicularis
2997 1209 3194 1277 figuras
3216 1220 3323 1265 est.
3339 1208 3537 1280 Neque
3558 1209 3714 1263 enim
3737 1208 3784 1244 ⁸⁸

2126 1297 2216 1355 vel
2273 1296 2583 1365 convalles,
2616 1297 2703 1353 vel
2753 1298 3042 1353 montium
3076 1296 3407 1353 eminentiae
3454 1296 3781 1352 rotundita-

2128 1391 2246 1443 tem
2278 1392 2444 1441 terraa
2481 1392 2775 1456 evertent;
2812 1386 3290 1458 quandoquidem
3322 1402 3507 1455 neque
3536 1386 3594 1440 in
3628 1384 3783 1457 pilu-

2127 1474 2202 1532 lis
2253 1476 2626 1548 platonorum
2677 1475 3008 1532 eminentiae
3056 1480 3115 1532 et
3162 1475 3440 1531 cavitates
3492 1474 3780 1546 efficiunt,

2127 1565 2445 1637 quominus
2496 1564 2634 1637 ipsa:
2662 1566 2925 1622 rotundas
2956 1564 3095 1637 sint,
3140 1580 3479 1637 quanquam
3511 1563 3597 1619 hae
3645 1580 3775 1619 ma-

2119 1654 2310 1726 jorem
2342 1654 2559 1709 habent
2589 1654 2875 1710 rationem
2905 1654 2977 1709 ad
3009 1652 3329 1726 pilularum
3362 1654 3518 1709 834
3539 1652 3777 1725 integri-

2125 1746 2325 1810 tatem,
2380 1759 2557 1814 quam
2606 1747 2772 1798 terrae
2835 1743 3113 1799 cavitates
3158 1746 3215 1798 et
3261 1741 3652 1798 exuberantia
3703 1741 3776 1797 ad

2126 1831 2460 1888 universam
2490 1831 2680 1905 ipsius
2702 1832 3399 1905 magnitudinem.Neque
3427 1830 3583 1887 enim
3606 1846 3777 1886 mons

2129 1919 2465 1992 quindecim
2480 1921 2687 1977 stadiis
2699 1922 3027 1977 secundum
3041 1919 3520 1994 perpendiculum
3537 1917 3775 1987 altior",

2129 2026 2320 2081 neque
2350 2009 2532 2064 maris
2582 2009 2746 2065 locus
2776 2013 2864 2065 tot
2891 2009 3098 2064 stadiis
3131 2009 3474 2081 profundior
3513 2024 3781 2081 unquam

2128 2103 2219 2154 est
2251 2100 2701 2171 proditus.Quod
2739 2100 2786 2154 si
2818 2105 3011 2155 autem
3045 2099 3223 2156 etiam
3256 2099 3514 2171 plurium
3559 2097 3779 2154 stadio-

2128 2205 2260 2242 rum
2292 2187 2537 2243 altitudo
2568 2194 2624 2243 et
2654 2189 3024 2261 profunditas
3055 2188 3360 2261 supposita
3387 2188 3775 2258 fuerit,quan-

2132 2280 2247 2331 tam
2280 2281 2337 2331 et
2366 2276 2497 2331 talis
2527 2278 2571 2312 9°
2600 2278 2669 2331 ad
2702 2281 2890 2332 totum
2924 2282 3089 2333 terrae
3120 2278 3474 2333 diametrum
3505 2276 3783 2333 habuerit

2129 2364 2460 2421 rationem?
2488 2369 2566 2420 Ac
2615 2366 2732 2421 nisi
2758 2370 2916 2421 terra
2963 2366 3311 2422 orbicularis
3358 2370 3512 2421 esset
3555 2365 3778 2438 figure,

2128 2454 2227 2526 qui
2259 2455 2318 2509 in
2350 2454 2481 2527 ipsa
2510 2454 2843 2510 horizontes
2890 2455 3305 2512 mutarentur“?
3334 2455 3435 2528 qui
3466 2454 3590 2510 aliae
3621 2454 3777 2527 apud

2128 2543 2273 2600 alios
2322 2544 2445 2599 fixas
2495 2544 2674 2600 stellaa
2720 2545 2791 2600 ad
2856 2546 3309 2616 septentrionem
3367 2548 3424 2600 et
3472 2544 3776 2600 meridiem

2129 2633 2650 2704 conspicerentur?
2681 2634 2781 2706 qui
2833 2632 2951 2706 poli
2983 2633 3230 2689 altitudo
3280 2634 3340 2689 in
3379 2632 3626 2689 diversis
3673 2632 3778 2689 cli-

2130 2723 2388 2777 matibus
2438 2722 2667 2780 diversa
2695 2729 2851 2779 esset
2875 2728 2897 2780 Ρ
2926 2724 3027 2795 qui
3058 2722 3260 2779 arctici
3310 2722 3655 2795 magnitudo
3680 2739 3778 2779 va-

2130 2812 2377 2867 riaretur
2412 2812 2441 2867 ‘I
2490 2812 2588 2884 qui
2635 2813 2865 2868 dierum
2913 2818 2971 2869 et
3018 2812 3281 2869 noctium
3340 2811 3780 2884 magnitudines

2131 2901 2285 2973 apud
2317 2900 2463 2957 alios
2514 2900 2639 2957 aliae
2671 2901 2905 2957 forent?
2932 2902 3065 2959 Haec
3109 2901 3380 2958 videlicet
3408 2900 3609 2957 omnia
3656 2904 3778 2957 ter-

2130 3007 2255 3046 ram
2305 2989 2648 3047 orbicularis
2694 2991 2894 3062 figurae
2962 3006 3090 3047 esse
3138 2992 3510 3048 confirmant.
3562 2989 3676 3046 Sed
3723 2992 3781 3045 et

2130 3095 2342 3150 aquam
2394 3080 2828 3151 quodammodo
2881 3081 3070 3153 figura
3110 3080 3424 3137 orbiculari
3474 3079 3778 3153 praeditam

2130 3183 2259 3223 esse
2308 3184 2441 3223 cum
2493 3185 2557 3225 ex
2607 3185 2673 3224 eo
2726 3171 3076 3242 ostenditur,
3109 3170 3263 3243 quod
3314 3173 3491 3243 guttas
3538 3167 3598 3224 in
3643 3165 3782 3223 leave

2133 3254 2353 3328 aliquid
2388 3258 2712 3314 incidentes
2743 3259 3174 3315 contrahuntur
3193 3263 3250 3314 et
3278 3257 3709 3332 conglobantur
3727 3259 3784 3312 et

365 3338 420 3367 2L-
480 3363 531 3367 ,η
594 3347 685 3367 _-e-
749 3344 825 3367 ,Α
966 3345 1039 3367 ..1
1277 3346 1293 3367 \
1400 3344 1466 3367 \r
1669 3344 1772 3367 \\I
1965 3347 1983 3367 \

2140 3346 2441 3367 _-_2__-____L
2479 3349 2860 3367 __-_____j,_-_j
2928 3366 2957 3367 εκ
2997 3349 3009 3367 9

364 3344 425 3398 ἔκ
477 3363 536 3398 τε
590 3347 688 3399 τοῦ
744 3344 870 3408 τοὺς
938 3345 1205 3409 πλέοντας
1234 3346 1302 3402 τά
1330 3344 1540 3423 πελάγη
1593 3344 1865 3409 πολλάκις
1926 3347 2018 3419 μὲν

2135 3346 2969 3419 quiescunt,quemadmodum
2995 3349 3052 3403 in
3074 3348 3391 3404 herbarum
3423 3352 3481 3403 ot
3499 3347 3775 3403 arborum

364 3431 469 3488 ἀπὸ
525 3436 631 3488 τῶν
691 3432 904 3489 πλοίων
961 3433 1137 3490 αὐτῶν
1194 3437 1270 3509 μὴ
1328 3437 1427 3505 τὴν
1485 3442 1585 3512 γῆν
1618 3437 1873 3508 καθυρᾷν·
1927 3433 2016 3489 ἐπὶ

362 3518 419 3577 δὲ
477 3521 603 3584 τοὺς
645 3522 829 3585 ἱστοὺς
879 3519 1198 3597 ἀναϐάντας,
1232 3526 1306 3587 ὡς
1353 3523 1511 3580 οὖσαν
1562 3524 1730 3595 αὐτὴν
1778 3523 2014 3595 πλησίον

359 3611 615 3687 καθορᾷν,
678 3610 1078 3686 ὑπερθεμένους
1152 3611 1242 3667 διὰ
1308 3621 1408 3684 τῆς
1481 3613 1559 3676 εἷς
1621 3613 1755 3688 ὕψος
1821 3608 2016 3667 ἀναϐά-

359 3719 496 3762 σεως
579 3700 648 3754 τά
716 3706 817 3771 τῆς
899 3706 998 3756 τοῦ
1094 3699 1289 3766 ὕδατος
1394 3702 1704 3782 ἐπιφανείας
1806 3703 2017 3777 κυρτώ-

363 3808 505 3861 ματα
540 3834 555 3862 ,
641 3790 711 3845 τὰ
810 3790 938 3867 πρὶν
1049 3790 1478 3869 ἐπιπροσθοῦντα
1585 3798 1702 3856 ταῖς
1807 3791 2014 3848 τούτων

356 3871 544 3951 ὄψεσιν
555 3922 568 3936 .

436 4052 518 4110 ιδ’.
553 4054 645 4118 Εἰς
697 4053 856 4111 πέντε
905 4053 963 4111 δὲ
1014 4056 1152 4133 μέρη
1205 4056 1504 4134 διαιροῦσιν
1539 4059 1595 4113 οἱ
1653 4058 1872 4137 φυσικοὶ
1917 4059 2017 4127 τὴν

361 4142 645 4218 σύμπασαν
691 4151 817 4222 γῆν·
865 4144 923 4200 ’ὲν
980 4144 1073 4219 μὲν
1122 4146 1187 4201 τὸ
1233 4147 1335 4201 ὑπὸ
1363 4151 1463 4202 τοῦ
1492 4146 1754 4223 ἀρκτικοῦ
1808 4145 2020 4203 κύκλου

362 4234 778 4311 περιεχόμενον
836 4231 1020 4311 ἕτερον
1109 4233 1241 4311 ὅπερ
1327 4235 1606 4291 ὑπόκειται
1682 4241 1762 4309 τῷ
1825 4235 2020 4309 μεταξὺ

360 4327 458 4378 τοῦ
516 4323 775 4399 ἀρκτικοῦ
830 4323 922 4379 καὶ
992 4328 1090 4379 τοῦ
1163 4329 1374 4401 θερινοῦ
1432 4322 1779 4399 διαστήματι·
1837 4325 2017 4401 τρίτον

363 4410 497 4489 ὅπερ
558 4412 938 4490 ὑπερκείμενον
985 4408 1100 4490 ἔχει
1147 4413 1212 4468 τὸ
1253 4412 1313 4468 έκ
1339 4418 1437 4469 τοῦ
1490 4416 1702 4488 θερινοῦ
1756 4419 2021 4490 τροπικοῦ

365 4495 549 4569 διῆκεν
604 4500 681 4563 εἰς
721 4500 812 4555 τὸν
872 4503 1184 4577 χειμερινὸν
1244 4499 1507 4578 τροπικὸν
1586 4502 1675 4558 καὶ
1752 4503 1889 4558 κατά
1959 4503 2021 4557 τὸ

369 4588 684 4661 μεσαίτατον
743 4589 908 4646 αὑτοῦ
962 4592 1055 4646 τὸν
1118 4592 1372 4667 μέγιστον
1430 4589 1634 4646 κύκλον
1682 4592 1773 4647 τὸν
1831 4592 2022 4666 ἰσημε-

364 4676 534 4752 ρινόν⁶
561 4678 814 4754 τέταρτον
851 4677 984 4756 ὅπερ
1021 4680 1123 4735 ὑπὸ
1151 4682 1214 4735 τὸ
1263 4680 1425 4754 μέσον
1479 4678 1590 4735 ἐστὶ
1643 4685 1739 4736 τοῦ
1794 4702 1853 4737 τε
1907 4701 2024 4757 χει-
2053 4723 2101 4787 D

558 4770 586 4782 .-
876 4771 904 4783 ..
1050 4767 1065 4787 κ
1206 4773 1234 4784 ..
1324 4770 1339 4787 θ
1638 4775 1665 4785 η
1800 4769 1811 4787 .

368 4770 590 4841 μερινοῦ
640 4771 908 4844 τροπικοῦ
974 4767 1065 4824 καὶ
1139 4773 1237 4823 τοῦ
1315 4770 1689 4843 ἀνταρκτικοῦ·
1750 4769 2020 4844 πέμπτον,

363 4852 497 4931 ὅπερ
556 4856 660 4911 ὑπὸ
737 4860 839 4911 τοῦ
917 4856 1274 4935 ἀνταρκτικοῦ
1351 4857 1689 4935 περιέχεται·
1751 4864 1921 4915 ταῦτα
1956 4860 2026 4915 τὰ

367 4942 505 5018 μέρη
535 4951 637 5015 τῆς
668 4952 773 5022 γῆς
806 4945 1131 5020 ὀνομάζουσι
1166 4948 1366 5018 ζώνας.

436 5034 516 5092 ιε’.
548 5038 663 5089 Τῶν
723 5031 815 5088 οὖν
868 5035 1134 5091 τοιούτων
1191 5040 1375 5106 ζωνῶν
1438 5036 1690 5112 ἑκατέραν
1761 5038 1855 5111 μὲν
1914 5042 2022 5093 τῶν

363 5120 543 5201 ἄκρων
575 5123 832 5195 ἀοίκητον
880 5124 984 5179 ὑπὸ
1032 5125 1230 5201 κρύους
1283 5125 1414 5181 εἶναί
1464 5146 1643 5204 φασιν·
1694 5127 1797 5181 ὑπὸ
1858 5125 2025 5205 φλογ-

365 5217 472 5287 μοῦ
530 5210 588 5269 δέ
644 5234 706 5292 γε
763 5214 863 5282 τήν
906 5213 1254 5288 μεσαιτάτην’
1315 5215 1605 5290 εὖκράτους
1653 5213 1712 5271 δὲ
1758 5216 1853 5278 τὰς
1910 5213 2026 5270 λοι-

360 5303 466 5366 πὰς
548 5302 638 5359 καὶ
726 5302 990 5369 οἰκεῖσθαι
1073 5303 1372 5383 πεφυκυίας
1457 5304 1682 5368 εἰκότως
1748 5302 2025 5382 λέγουσιν,

365 5390 553 5462 ἐπειδὴ
584 5391 838 5471 κέκραται
866 5392 1072 5449 τούτων
1135 5393 1331 5465 ἑκάστη
1390 5392 1481 5449 καὶ
1533 5396 1632 5464 τήν
1690 5394 2026 5471 συμμετρίαν

360 5488 464 5553 τῆς
492 5502 552 5538 τε
575 5483 784 5560 θέρμης
811 5482 903 5538 καὶ
950 5482 1160 5558 ψύξεως
1208 5485 1299 5539 καὶ
1346 5484 1409 5539 τὸ
1461 5483 1733 5559 ζωογόνον
1793 5482 2024 5556 ἀπείλη-

436 5644 663 5720 °f_Ptol.
698 5644 817 5720 _lib.
849 5662 869 5701 1
899 5644 1052 5720 Algm.
1085 5661 1137 5720 _c_.
1186 5646 1259 5720 {1;
1292 5644 1510 5703 Cleom.
1542 5646 1585 5703 1.
1619 5663 1741 5720 1,7c.
1762 5648 1877 5720 A170;
1913 5647 2175 5720 Regiam.
2208 5646 2279 5720 in
2322 5644 2551 5720 Almag.
2580 5645 2679 5702 lib.
2716 5664 2769 5720 1,_
2794 5644 3035 5720 co_n_clus
3057 5647 3118 5720 2.

2126 3433 2286 3489 foliis
2337 3433 2717 3490 manifestum
2766 3436 3041 3493 exsistit:
3075 3440 3199 3491 tum
3250 3453 3321 3492 ex
3349 3452 3416 3491 eo
3468 3434 3623 3507 quod
3673 3435 3773 3507 qui

2127 3521 2314 3577 maria
2343 3523 2798 3596 navigant,saape
2830 3525 3065 3597 quidem
3098 3526 3171 3581 ab
3200 3524 3346 3597 ipsis
3375 3524 3624 3580 navibus
3659 3528 3774 3579 ter-

2127 3627 2252 3665 ram
2302 3628 2419 3667 non
2478 3617 2886 3680 contueantur,
2941 3613 3280 3669 conscensis
3332 3617 3529 3669 autem
3599 3611 3772 3668 malis

2127 3699 2339 3772 ipsam,
2376 3701 2461 3756 uti
2490 3703 2641 3759 835
2677 3690 3403 3775 propiorem,inspiciant;
3435 3702 3577 3757 dum
3606 3701 3775 3757 nimi-

2128 3804 2261 3842 rum
2293 3804 2397 3859 per
2428 3790 2833 3845 accensionem
2865 3790 2923 3845 in
2948 3790 3132 3846 altum
3165 3790 3478 3846 curvitates
3510 3794 3568 3845 et
3590 3793 3785 3845 tumo-

2128 3893 2242 3945 res,
2294 3879 2393 3949 qui
2446 3883 2586 3933 sunt
2633 3879 2693 3934 in
2750 3897 2912 3950 aquae
2965 3879 3293 3950 superficie,
3346 3879 3565 3950 quique
3612 3883 3785 3934 antea

2128 3965 2392 4037 ipsorum
2427 3968 2759 4039 aspectibus
2789 3969 3193 4038 obstruebant,
3226 3971 3529 4040 superant.

2205 4056 2291 4109 14.
2312 4056 2376 4110 In
2408 4056 2669 4129 quinque
2700 4074 2871 4129 porro
2904 4058 2948 4091 θτ
2979 4061 3174 4129 partes
3201 4056 3534 4111 universam
3565 4058 3783 4111 terram

2130 4141 2356 4216 physici
2406 4144 2719 4201 dividunt:
2767 4163 2946 4201 unam
2996 4161 3124 4217 qua
3176 4147 3248 4201 ab
3298 4144 3514 4200 arctico
3567 4142 3783 4199 circulo

2133 4233 2507 4303 continetur;
2544 4235 2864 4291 secundam
2916 4250 3046 4307 quae
3086 4234 3138 4290 ei
3169 4232 3473 4290 intervallo
3522 4232 3787 4303 subjecta

2131 4326 2239 4389 est,
2276 4325 2427 4392 quod
2461 4323 2616 4379 inter
2666 4324 2948 4379 arcticum
2982 4329 3039 4379 et
3066 4324 3357 4395 tropicum
3389 4322 3658 4378 aestivum
3693 4322 3784 4376 in-

2131 4412 2418 4480 tervenit;
2452 4413 2707 4478 tertiam,
2732 4430 2858 4485 quae
2891 4413 3211 4469 imminens
3240 4412 3420 4468 habet
3448 4410 3704 4483 spatium
3728 4411 3784 4466 id

2132 4504 2285 4577 quod
2320 4520 2390 4558 ex
2420 4503 2640 4573 tropico
2670 4503 2864 4557 mstivo
2896 4504 2968 4558 ad
3000 4502 3313 4558 hibernum
3345 4502 3786 4573 tropicumpro-

2129 4594 2394 4649 tenditur
2423 4597 2479 4647 et
2509 4593 2565 4647 in
2601 4591 2692 4646 sui
2743 4592 2983 4664 praecise
3012 4592 3206 4648 medio
3239 4591 3559 4646 maximum
3593 4590 3786 4645 circu-

2132 4683 2255 4738 lum
2288 4680 2750 4753 aaquinoctialem
2785 4680 2999 4749 habet;
3033 4686 3324 4753 quartam,
3358 4697 3485 4752 quae
3516 4679 3626 4736 sub
3657 4696 3786 4735 me-

2133 4772 2229 4827 dio
2282 4776 2370 4827 est
2415 4770 2619 4843 tropici
2670 4770 2895 4826 hiberni
2968 4776 3025 4825 et
3072 4770 3375 4826 antarctici
3420 4786 3434 4838 ;
3490 4770 3783 4841 quintam,

2134 4878 2261 4933 quaa
2294 4862 2403 4916 sub
2454 4860 2775 4916 antarctico
2822 4860 3172 4915 continetur.
3210 4859 3324 4914 Has
3373 4862 3539 4914 terrae
3588 4862 3785 4930 partes

2133 4966 2309 5005 zonas
2340 4949 2667 5005 nominant.

2207 5040 2293 5094 15.
2327 5039 2544 5094 Harum
2598 5038 2840 5111 proinde
2871 5055 3153 5094 zonarum
3208 5044 3529 5093 extremam
3558 5041 3784 5092 utram-

2135 5146 2248 5201 que
2280 5146 2313 5184 a
2342 5128 2836 5201 frigore,mediam
2868 5146 2982 5200 pra:
3015 5133 3158 5183 testu
3190 5125 3632 5183 inhabitabilem
3656 5143 3785 5183 esse

2135 5217 2350 5284 ferunt,
2412 5216 2670 5289 reliquas
2726 5226 2923 5273 autem
2984 5218 3130 5273 bene
3185 5220 3544 5288 temperatas
3600 5220 3657 5271 et
3711 5216 3785 5273 ad

2136 5307 2523 5362 habitandum
2573 5311 2783 5361 natura
2812 5309 3180 5378 comparatas
3208 5322 3337 5361 esse
3376 5304 3563 5371 aiunt,
3596 5321 3787 5376 quan-

2137 5396 2450 5468 doquidem
2507 5396 2773 5467 ipsarum
2806 5394 3083 5451 utralibet
3110 5393 3617 5466 {temperatarum}
3651 5411 3785 5466 pro-

2137 5485 2463 5559 portionem
2515 5484 2727 5541 caloris
2760 5489 2817 5541 et
2845 5483 3100 5556 frigoris,
3133 5488 3189 5539 et
3234 5481 3579 5540 animalium
3611 5499 3785 5556 gene-

3197 5647 3240 5680 νδ
3270 5644 3488 5702 Cleom.
3545 5643 3784 5702 ibidem.

368 5717 412 5753 ’⁵
443 5715 665 5792 Cleom.
698 5716 735 5774 1.
773 5734 813 5785 1,
866 5733 915 5775 ο.
948 5717 1002 5774 8.
1080 5718 1124 5752 ⁹⁷
1174 5716 1392 5776 Cleom.
1426 5719 1465 5774 ι.
1502 5736 1539 5789 1,
1572 5735 1621 5775 ο.
1643 5715 1728 5789 ’2;
1760 5715 2031 5776 Μειεΐὶαοῖ
2086 5717 2305 5792 Capell.
2338 5716 2441 5773 lib.
2473 5715 2550 5789 vi,
2584 5736 2641 5792 p.
2672 5718 2820 5788 226;
2853 5717 3107 5775 Macrob.
3137 5716 3194 5774 in
3244 5717 3445 5773 Somn.
3479 5715 3636 5791 Scip.
3682 5715 3784 5778 lib.

365 5805 405 5856 1,
439 5805 491 5844 c.
520 5789 577 5845 5.
