4114 6444
365 457 517 520 1275

1618 453 2042 517 NIGEPHORI
2082 451 2524 517 BLEMMIDE

3616 452 3788 523 1276

350 591 677 648 randorum
709 589 1224 656 facultatem,cum
1254 605 1322 646 ex
1355 590 1582 661 adusta,
1615 594 1742 646 tum
1771 606 1841 645 ex
1871 605 1993 662 pro-

2117 607 2210 666 φεν
2241 586 2302 642 ἐκ
2328 608 2388 642 τε
2409 594 2510 657 τῆς
2570 583 2993 661 διακεκαυμένης
3050 586 3142 642 καὶ
3195 595 3298 658 τῆς
3355 583 3778 663 πλησιαζούσης

350 681 570 753 pinqua
601 681 812 752 frigida
841 680 1081 752 accepit.

420 769 503 822 16.
539 769 702 834 Quod
735 773 930 823 autem
965 767 1089 823 aliae
1118 773 1310 840 partes
1343 773 1506 823 terrae
1533 769 1851 823 combustae
1878 772 1997 822 tor-

345 859 693 927 reant,336
719 858 840 912 alia:
862 859 1072 929 frigore
1095 857 1475 929 rigeant,aliae
1497 864 1829 929 temperatae
1859 858 1996 925 sint,

345 945 428 1001 sol
459 947 517 1000 in
572 964 750 1002 causa
779 952 866 1002 est
895 948 959 1013 93,
993 953 1050 1001 et
1097 952 1260 1001 terrm
1303 948 1491 1017 ﬁgura
1539 964 1664 1017 quas
1716 945 1999 1018 sphznrica

341 1040 451 1103 est,
485 1041 548 1090 ut
595 1036 872 1090 diximus.
912 1041 1055 1091 Cum
1086 1036 1241 1090 enim
1275 1036 1358 1089 sol
1392 1036 1451 1090 in
1485 1037 1702 1090 mundo
1745 1052 1846 1107 per
1870 1035 1996 1088 lati-

345 1125 612 1180 tudinem
667 1143 793 1196 quze
826 1125 976 1179 inter
1005 1126 1258 1196 tropicos
1308 1126 1630 1196 intercepta
1661 1130 1770 1188 est,
1806 1141 1994 1179 move-

346 1217 463 1282 tur,
520 1215 848 1270 necessario
913 1216 1108 1269 adurit
1156 1220 1394 1283 terram,
1447 1231 1574 1286 quae
1644 1213 1740 1268 tali
1809 1213 1996 1284 spatio

345 1303 612 1371 subjecta
659 1309 766 1369 est,
802 1309 1000 1374 utpote
1032 1304 1129 1375 qui
1176 1309 1363 1358 rectos
1404 1309 1461 1358 et
1504 1302 1724 1357 validos
1758 1303 1816 1356 in
1866 1319 1994 1357 eam

345 1391 540 1447 radios
581 1392 826 1448 emittat.
863 1393 1089 1448 Rursus
1121 1393 1596 1463 quandoquidem
1631 1409 1734 1447 nec
1785 1393 1855 1447 ab
1890 1409 1993 1446 au-

341 1480 622 1536 stralibus
672 1481 934 1552 partibus
967 1486 1031 1535 ut
1061 1482 1130 1536 ad
1167 1481 1428 1536 boreales
1475 1482 1775 1548 accedens,
1810 1481 1992 1551 tropi-

342 1586 474 1624 cum
507 1570 791 1636 aestivum,
824 1586 928 1625 nec
961 1571 1098 1625 hinc
1132 1575 1192 1625 ut
1223 1572 1293 1625 ad
1335 1570 1642 1639 australes,
1679 1570 1989 1624 hibernum

339 1659 701 1714 transcendit
732 1676 744 1712 :
780 1666 1088 1731 eaprOpter
1136 1666 1330 1732 partes
1365 1661 1520 1716 ursis
1561 1661 1854 1730 subjectas
1886 1660 1987 1714 fri-

342 1764 480 1819 gore
511 1749 697 1819 rigere
731 1750 1110 1821 contingit,ut
1140 1768 1267 1821 quae
1299 1768 1333 1804 a
1365 1749 1487 1805 sole
1518 1751 1638 1805 sint
1669 1749 1990 1804 remotissi-

344 1853 473 1903 mis,
506 1841 560 1891 et
613 1837 720 1892 hac
751 1838 822 1892 de
871 1855 1050 1893 causa
1080 1838 1349 1910 obliquos
1385 1844 1440 1893 et
1469 1839 1748 1894 remissos
1796 1838 1990 1894 radios

343 1924 564 1981 solares
595 1926 923 1998 suscipiant
955 1943 968 1981 :
1003 1926 1239 1998 reliquae
1271 1933 1466 1982 autem
1499 1945 1677 1998 zonae,
1713 1944 1836 1999 quae
1869 1943 1989 1982 me-

343 2015 440 2069 dia
489 2015 921 2086 quodammodo
962 2017 1187 2073 ratione
1235 2016 1374 2072 solis
1404 2017 1600 2073 radios
1649 2017 1988 2084 admittunt,

340 2103 562 2158 bonum
589 2107 1119 2176 temperamentum
1146 2105 1366 2161 habent
1387 2107 1452 2160 9°.

413 2193 498 2246 17.
532 2192 752 2248 Harum
798 2209 969 2265 porro
999 2197 1459 2266 temperaturum
1495 2199 1808 2266 utramque
1845 2195 1990 2266 phy-

341 2280 444 2335 sici
475 2280 534 2335 in
565 2282 714 2337 duas
761 2281 973 2337 iterum
1011 2288 1205 2354 partes
1255 2283 1583 2339 dividentes
1605 2300 1707 2355 pro
1741 2283 1991 2338 mediate

344 2387 470 2441 quae
504 2370 714 2442 partim
750 2372 1164 2443 super,partim
1200 2373 1405 2427 subter
1435 2378 1647 2427 terram
1683 2390 1810 2428 esse
1839 2373 1991 2427 vide-

341 2463 463 2524 tur,
523 2464 776 2530 quatuor
830 2460 1182 2517 habitabiles
1239 2464 1476 2532 [partes]
1536 2479 1665 2517 esse
1721 2463 1922 2516 dicunt
1975 2479 1988 2518 :

342 2565 596 2620 quarum
647 2566 822 2604 unam
873 2550 1112 2620 quidem
1174 2551 1511 2606 habitamus
1567 2568 1674 2606 nos
1722 2551 1992 2606 homines

345 2636 444 2709 qui
493 2638 613 2692 noti
662 2655 908 2705 sumus;
943 2639 1262 2694 secundam
1313 2641 1544 2711 perimci
1586 2640 1779 2713 [quasi
1833 2641 1992 2696 dicas

343 2726 928 2794 circumhabitantes,
963 2744 1065 2784 seu
1118 2728 1527 2800 circumcolm],
1562 2729 1660 2802 qui
1692 2730 1751 2785 in
1789 2731 1992 2784 eadem

345 2815 656 2871 nobiscum
680 2820 1005 2887 temperata
1024 2817 1303 2872 exsistere
1333 2823 1389 2872 et
1419 2817 1594 2873 clima
1615 2818 1770 2890 quod
1793 2819 1998 2874 subter

356 2909 571 2960 terram
601 2909 692 2960 est
723 2906 871 2961 837
925 2906 1189 2962 habitare
1219 2907 1526 2980 ﬁnguntur
1558 2924 1570 2962 :
1606 2907 1860 2978 tertiam,
1894 2925 1996 2963 an-

349 2993 478 3049 tmci
517 2998 590 3065 [q.
629 2995 686 3050 d.
717 2995 1274 3067 contrahabitantes]
1306 3001 1364 3052 et
1403 3002 1758 3069 postremam
1790 3000 1807 3032 ¹
1839 2998 1997 3052 anti-

347 3083 529 3154 podes
588 3083 779 3155 [quasi
837 3085 1086 3156 pedibus
1143 3086 1403 3141 obversis
1477 3085 1837 3157 incedentes]
1894 3086 1995 3158 qui

344 3170 521 3226 etiam
600 3171 834 3243 utrique
891 3179 1274 3244 temperatam
1337 3175 1664 3246 oppositam
1746 3175 1994 3231 incolere

344 3260 752 3329 somniantur;
787 3263 994 3316 antmci
1045 3267 1240 3318 tamen
1271 3263 1328 3317 in
1380 3263 1610 3318 climate
1655 3280 1832 3335 super
1879 3270 1992 3318 ter-

2113 681 2353 752 κατεψυγ
2365 677 2530 750 μένης
2541 719 2551 730 .

2184 774 2268 830 ις’.
2301 773 2406 823 Τοῦ
2468 764 2524 821 δὲ
2579 767 2646 822 τὰ
2707 767 2801 839 μὲν
2862 773 2960 836 τῆς
3013 774 3114 842 γῆς
3175 764 3544 841 διακεκαῦθαι,
3592 771 3660 824 τὰ
3712 768 3773 826 δὲ

2109 856 2470 930 κατεψύχθαι,
2517 857 2584 910 τὰ
2627 853 2672 910 δ’
2728 853 2956 930 εὕκρατα
3009 857 3322 932 τυγχάνειν,
3383 858 3412 912 ὁ
3469 857 3634 928 ἥλιος
3687 857 3773 914 αἶ’-

2108 965 2244 1016 τιος,
2306 945 2393 999 καὶ
2451 946 2513 1000 τὸ
2571 953 2765 1021 σχῆμα
2842 948 2937 1014 τῆς
2989 947 3088 1021 γῆς
3157 947 3438 1022 σφαιρικὸν
3493 947 3764 1023 ὑπάρχον,

2110 1034 2183 1096 ὡς
2244 1032 2475 1111 ε”ρηται.
2537 1034 2860 1107 Κινούμενος
2915 1034 3016 1110 γὰρ
3076 1035 3127 1089 ἐν
3177 1039 3256 1108 τῷ
3303 1031 3496 1108 κόσμῳ
3544 1037 3608 1090 τὸ
3671 1058 3771 1109 με·

2106 1123 2233 1196 ταξὺ
2264 1129 2369 1177 τῶν
2428 1129 2702 1198 τροπικῶν
2761 1123 2968 1185 πλάτος
3002 1122 3222 1192 ὁῆλιος
3284 1124 3592 1198 ἀναγκαίως
3651 1121 3773 1180 δια-

2104 1214 2244 1267 καίει
2279 1214 2375 1280 τὴν
2425 1213 2787 1286 ὑποκειμένην
2835 1217 2914 1284 τῷ
2957 1213 3192 1285 τοιούτῳ
3249 1211 3578 1286 διαστήματι
3636 1221 3771 1290 γῆν,

2107 1301 2329 1377 ὀρθίους
2383 1301 2470 1356 καὶ
2514 1301 2759 1364 ἐντόνους
2820 1302 3110 1374 ἐκπέμπων
3169 1303 3265 1364 τὰς
3319 1303 3540 1366 ἀκτῖνας
3599 1302 3762 1377 αὐτῇ.

2104 1389 2274 1444 Πάλιν
2327 1389 2543 1466 ἐπείπερ
2597 1387 2708 1444 οὔτ’
2759 1390 2864 1445 ἀπὸ
2911 1395 3018 1445 τῶν
3067 1390 3263 1446 νοτίων
3311 1391 3388 1453 ὡς
3429 1389 3518 1446 ἐπὶ
3548 1392 3616 1445 τὰ
3673 1391 3772 1467 βό-

2103 1498 2220 1552 ρεια
2275 1478 2565 1553 γινόμενος
2628 1475 2932 1554 ὑπερϐαίνει
3006 1481 3096 1535 τὸν
3179 1480 3387 1553 θερινὸν
3471 1481 3760 1555 τροπικὸν,

2103 1564 2214 1621 οὔτ’
2272 1567 2506 1622 ἐντεῦθεν
2565 1569 2642 1631 ὡς
2700 1568 2786 1623 ἐπὶ
2843 1571 2910 1623 τὰ
2967 1568 3120 1623 νότια
3170 1569 3263 1623 τὸν
3303 1569 3639 1645 χειμερινόν
3673 1566 3770 1624 διὰ

2099 1661 2259 1710 τοῦτο
2305 1658 2372 1711 τὰ
2423 1658 2526 1712 ὑπὸ
2579 1664 2698 1719 ταῖς
2749 1659 2968 1733 ἄρκτοις
3029 1657 3167 1734 μέρη
3227 1658 3566 1737 κατεφῦχθαι
3625 1680 3768 1733 συμ-

2101 1740 2354 1816 ϐέϐηκεν,
2400 1746 2475 1808 ὡς
2524 1746 2863 1822 πορρωτάτω
2919 1751 3016 1802 τοῦ
3077 1745 3263 1819 ἡλίου,
3313 1747 3403 1802 καὶ
3460 1745 3550 1803 διὰ
3595 1753 3763 1804 τοῦτο

2099 1834 2339 1909 πὶαγίας
2396 1835 2485 1890 καὶ
2545 1834 2829 1908 ἀνειμένας
2893 1837 2989 1898 τὰς
3064 1835 3298 1906 ἡλιακὰς
3378 1837 3599 1900 ἀκτῖνας
3677 1835 3767 1893 δε-

2099 1923 2330 1999 χόμενα.
2367 1925 2433 1978 Αἱ
2495 1922 2552 1979 δὲ
2611 1923 2804 1978 λοιπαὶ
2869 1929 3057 1997 ζῶναι,
3094 1925 3270 1999 μέσως
3307 1947 3426 1988 πως
3458 1927 3553 1988 τὰς
3615 1926 3770 1982 ἀκτῖ-

2099 2034 2193 2074 νας
2277 2018 2372 2068 τοῦ
2445 2013 2614 2083 ἡλίου
2672 2009 3072 2088 λαμϐάνουσαι,
3121 2015 3185 2070 τὸ
3230 2010 3486 2092 εὔκρατον
3543 2012 3763 2092 ἔχουσι.

2174 2192 2258 2260 ιζ’.
2288 2191 2502 2246 Τούτων
2571 2196 2680 2247 τῶν
2761 2191 3033 2268 εὗκράτων
3103 2190 3353 2267 ἑκατέραν
3429 2189 3598 2247 πάλιν
3680 2193 3763 2258 εἰς

2102 2278 2198 2336 δύο
2267 2278 2595 2356 διαιροῦντες
2646 2281 2698 2335 οἱ
2746 2282 2963 2358 φυσικοὶ
3009 2283 3146 2336 κατά
3196 2301 3254 2336 τε
3307 2280 3372 2337 τὸ
3440 2281 3575 2357 ὑπὲρ
3651 2289 3761 2357 γῆν

2102 2370 2192 2424 καὶ
2243 2368 2345 2424 ὑπὸ
2397 2375 2500 2444 γῆν
2560 2367 2752 2424 δοκοῦν
2833 2368 3026 2442 ἥμισυ,
3085 2370 3346 2444 τέσσαρας
3431 2369 3766 2444 οἰκουμένας

2101 2458 2235 2513 εἶναί
2293 2477 2470 2536 φασιν·
2532 2460 2606 2512 ὧν
2670 2457 2795 2532 μίαν
2859 2459 2952 2532 μὲν
3006 2458 3152 2535 ἔχειν
3202 2461 3352 2532 ἡμᾶς
3406 2458 3534 2522 τοὺς
3607 2459 3765 2515 ἱστο-

2103 2548 2402 2624 ρουμένους
2459 2548 2794 2623 ἀνθρώπους·
2862 2547 2985 2622 μίαν
3057 2546 3115 2603 δὲ
3168 2548 3298 2610 τοὺς
3373 2547 3761 2620 καλουμένους

2102 2636 2413 2711 περιοίκους
2474 2637 2526 2691 οἳ
2581 2637 2718 2692 κατὰ
2772 2638 2870 2706 τὴν
2921 2635 3089 2706 αὐτὴν
3146 2637 3281 2710 ἡμῖν
3355 2635 3619 2714 ὑπάρχειν
3677 2635 3764 2692 εῦ-

2102 2745 2297 2798 κρατον
2356 2722 2709 2796 πλάττονται,
2765 2725 2856 2778 καὶ
2901 2723 2964 2778 τὸ
3031 2721 3222 2779 δοκοῦν
3270 2724 3374 2778 ὑπὸ
3426 2732 3531 2800 γῆν
3588 2726 3760 2781 οἰκεῖν

2103 2813 2299 2886 κλῖμα·
2351 2813 2539 2890 τρίτην
2590 2813 2714 2876 τοὺς
2773 2812 3075 2884 ἀντοίκους,
3107 2813 3197 2868 καὶ
3232 2812 3436 2883 λοιπήν
3485 2813 3614 2877 τοὺς
3669 2815 3763 2869 ἀνο

2102 2901 2351 2976 τίποδας,
2385 2904 2437 2958 οἳ
2494 2904 2584 2958 καὶ
2626 2900 2805 2982 ἄμφω
2845 2904 2943 2973 τὴν
2995 2901 3352 2977 ἀντεύκρατον
3403 2902 3571 2958 οἰκεῖν
3613 2903 3760 2958 ὀνει-

2107 2993 2421 3067 ρώττονται·
2482 2990 2630 3061 πλὴν
2691 2993 2743 3046 οὶ
2823 2993 2919 3065 μὲν
2970 2992 3231 3061 ἅντοικοι,
3291 2991 3428 3046 κατὰ
3500 2992 3561 3046 τὸ
3619 2993 3756 3069 ὑπὲρ

2103 3084 2204 3156 γῆν
2261 3080 2437 3154 κλῖμα
2497 3081 2810 3156 (καλοῦνται
2843 3079 2888 3136 δ’
2921 3081 3074 3136 οὗτοι
3129 3080 3221 3136 καὶ
3274 3081 3555 3154 ἅντωμοι),
3612 3081 3756 3135 κατὰ

2105 3169 2164 3225 δὲ
2216 3172 2279 3225 τὸ
2339 3171 2530 3226 δοκοόν
2589 3171 2691 3226 ὑπὸ
2751 3174 2854 3246 γῆν
2916 3172 2968 3225 οὶ
3022 3168 3323 3232 ἀντίποδες.
3377 3166 3596 3233 Πάντως
3646 3172 3758 3245 γὰρ

2103 3265 2209 3314 τῶν
2271 3259 2359 3314 ἐπὶ
2413 3263 2513 3336 γῆς
2575 3255 2886 3334 βεϐηκότων
2944 3261 3012 3315 τὰ
3068 3256 3196 3336 ἷίχνη
3255 3259 3478 3336 βλέπειν
3511 3259 3592 3316 ἐπ’
3630 3259 3766 3316 αὐτὸ

345 3366 470 3404 ram
502 3348 804 3419 (vocantur
849 3355 1044 3406 autem
1078 3351 1137 3406 hi
1191 3352 1364 3406 etiam
1399 3352 1628 3419 antmci,
1663 3353 1832 3424 quasi
1882 3353 1990 3408 hu-

2108 3350 2164 3404 τὸ
2228 3349 2542 3421 μεσαίτατον
2604 3356 2703 3418 τῆς
2759 3356 2884 3425 γῆς,
2943 3345 3070 3418 ἤτοι
3129 3349 3195 3404 τὸ
3250 3349 3470 3425 κέντρον
3531 3347 3768 3426 ἀνάγκην

347 3437 526 3492 meris
578 3439 812 3504 aversi),
844 3440 902 3494 in
928 3457 994 3495 eo
1045 3446 1237 3496 autem
1272 3442 1424 3513 quod
1458 3442 1610 3497 infra
1662 3448 1878 3497 terram
1908 3442 1991 3497 vi-

348 3526 542 3595 detur,
575 3526 878 3596 antipodes
911 3528 1244 3600 [habitant]
1265 3529 1542 3584 Omnium
1574 3531 1730 3586 enim
1760 3531 1817 3585 in
1842 3536 1997 3587 terra

344 3613 740 3668 habitantium
789 3615 1036 3686 vestigia
1083 3617 1278 3688 ipsum
1327 3623 1487 3673 terra:
1554 3621 1993 3675 medioxumum

346 3701 466 3757 sive
497 3707 761 3758 centrum
795 3709 1055 3775 spectare
1094 3723 1331 3762 necesse
1361 3707 1618 3762 est.Cum
1651 3709 1808 3763 enim
1841 3713 1996 3763 terra

345 3790 690 3862 sphmricam
721 3792 969 3865 ﬁguram
1005 3795 1233 3862 habeat,
1260 3797 1519 3852 medium
1551 3802 1606 3852 et
1635 3799 1910 3854 deorsum
1937 3802 1997 3852 et

343 3886 610 3936 centrum
641 3881 796 3936 idem
843 3888 950 3938 est.
984 3886 1348 3957 Quapropter
1387 3887 1540 3941 haud
1574 3886 1805 3958 perimci
1856 3890 1998 3942 sunt

345 3971 522 4024 etiam
555 3971 882 4042 antipodes,
915 3975 1014 4028 sed
1048 3975 1144 4045 qui
1178 3973 1422 4030 inferius
1452 3993 1520 4030 ex
1552 3977 1793 4031 adverso
1821 3993 1997 4047 oppo-

341 4057 522 4113 situm
570 4064 963 4131 temperatum
997 4063 1170 4118 clima
1194 4064 1349 4119 intra
1390 4068 1605 4119 terram
1639 4063 1992 4136 inhabitant,

339 4150 397 4201 et
443 4164 547 4218 per
593 4149 945 4205 diametrum
993 4152 1261 4207 distant:
1298 4152 1437 4224 quia
1485 4153 1694 4207 horum
1749 4153 1996 4224 vestigia

337 4235 586 4291 istorum
620 4237 925 4294 hominum
955 4241 1216 4311 vestigiis
1247 4247 1386 4296 sunt
1417 4242 1704 4313 opposita,
1731 4259 1984 4312 quorum

339 4331 604 4396 respeetu
653 4327 960 4398 antipodes
998 4329 1296 4385 dicuntur.
1347 4331 1690 4386 Nostrorum
1749 4331 1993 4402 proinde

341 4418 1164 4488 antmcorumperimci,nostri
1188 4420 1494 4491 antipodes
1515 4421 1628 4475 dici
1654 4419 1990 4491 quiverunt,

344 4506 402 4556 at
433 4520 640 4561 rursus
671 4510 1008 4562 nostrorum
1041 4513 1401 4564 antmcorum
1446 4509 1777 4580 antipodes,
1810 4509 1993 4564 nostri

341 4592 575 4662 perimci
625 4610 691 4648 ac
724 4596 974 4668 penique
1026 4597 1210 4652 nostri
1242 4598 1571 4669 antipodes,
1605 4614 1711 4653 nos
1764 4598 1992 4670 antipo-

2104 3433 2242 3513 ἕχει.
2281 3439 2379 3492 Καὶ
2437 3438 2539 3515 γὰρ
2592 3444 2693 3507 τῆς
2753 3445 2858 3512 γῆς
2918 3442 3188 3517 σφαιρικῷ
3245 3441 3496 3514 σχήματι
3554 3457 3765 3514 κεχρη-

2110 3525 2298 3600 μένης,
2331 3527 2393 3581 τὸ
2461 3528 2624 3600 μέσον
2674 3527 2763 3581 καὶ
2816 3525 2963 3582 κάτω
3037 3527 3253 3603 κέντρον
3329 3525 3515 3583 ταυτόο
3574 3524 3767 3602 διόπερ

2106 3615 2213 3692 οὐχ
2243 3616 2295 3670 οἱ
2354 3615 2628 3691 περίοικοι
2682 3615 2927 3692 γίνονται
2967 3615 3057 3671 καὶ
3089 3613 3397 3688 ἀντίποδες,
3429 3614 3560 3672 ἀλλ’
3590 3617 3644 3671 οἱ
3699 3617 3768 3671 τὸ

2103 3707 2252 3760 κάτω
2307 3710 2414 3760 τῶν
2473 3704 2725 3761 ἀπέναντι
2813 3710 3191 3768 κατοικοῦντες
3267 3707 3498 3782 ἄκρατον
3586 3705 3770 3778 κλῖμα

2102 3797 2166 3850 τὸ
2199 3795 2302 3849 ὑπὸ
2333 3801 2434 3870 γῆν
2467 3796 2556 3850 καὶ
2616 3795 2752 3850 κατὰ
2810 3792 3098 3871 διάμετρον
3159 3789 3332 3867 ὄντες,
3364 3793 3448 3849 ὅτι
3503 3796 3572 3850 τὰ
3627 3793 3763 3870 ἴχνη

2102 3884 2310 3939 τούτων
2367 3881 2585 3960 ἄντικρυ
2641 3888 2750 3939 τῶν
2827 3884 2996 3959 ἰχνῶν
3073 3883 3182 3938 ἐστι
3268 3887 3375 3938 τῶν
3457 3883 3766 3960 ἀνθρώπων

2107 3973 2319 4028 ἐκείνων
2381 3974 2516 4050 πρὸς
2573 3972 2665 4035 οὓς
2721 3970 3006 4035 ἀντίποδες
3065 3970 3335 4049 λέγονται.
3370 3973 3464 4028 Διὸ
3525 3972 3767 4048 λέγοιντ’

2106 4063 2163 4117 ἂν
2224 4064 2383 4135 ἡμῶν
2443 4059 2726 4124 ἀντίποδες
2816 4063 2869 4116 οἱ
2941 4066 3050 4116 τῶν
3136 4061 3421 4136 ἡμετέρων
3495 4061 3765 4118 ἀντοίκων

2103 4151 2394 4229 περίοικοι·
2472 4157 2578 4206 τῶν
2659 4149 2702 4205 δ’
2778 4153 3061 4226 ἡμετέρων
3147 4150 3413 4206 ἀντοίκων
3481 4150 3770 4215 ἀντίποδες

2105 4241 2158 4296 οἱ
2215 4240 2485 4317 περίοικοι
2572 4239 2734 4296 πάλιν
2809 4243 2991 4314 ἡμῶν·
3049 4241 3102 4295 οἱ
3160 4237 3206 4294 δ’
3255 4237 3542 4302 ἀντίποδες
3597 4242 3765 4315 ἡμῶν

2104 4333 2254 4404 ἡμᾶς
2309 4328 2599 4393 ἀντίποδας
2647 4327 2859 4406 ἔχουσι,
2917 4331 3007 4385 καὶ
3071 4329 3385 4406 περιοίκους
3436 4331 3490 4385 οἳ
3545 4331 3769 4406 περίοι-

2103 4440 2212 4487 κοι,
2251 4420 2342 4473 καὶ
2401 4419 2680 4482 ἀντοίκους
2723 4421 2776 4474 οἱ
2806 4417 3068 4475 ἅντοικοι·
3100 4423 3207 4474 τῶν
3267 4418 3318 4474 ἐν
3363 4420 3578 4482 τούτοις
3636 4421 3770 4496 σχέ-

2105 4529 2239 4563 σεων
2295 4508 2504 4581 ὁμοίως
2552 4514 2672 4570 ταῖς
2726 4508 2778 4562 ἐν
2808 4505 2992 4586 φίλοις
3045 4507 3135 4563 καὶ
3174 4504 3435 4588 ἀδελφοῖς
3492 4507 3770 4585 ἀντιστρε-

2105 4602 2338 4676 φουσῶν.
2398 4599 2454 4651 Ὀ
2511 4598 2615 4675 γὰρ
2675 4597 2931 4660 ἀντίπους
2988 4595 3281 4660 ἀντίποδος
3343 4597 3621 4670 ἀντίπους,
3671 4599 3768 4654 καὶ

343 4680 468 4748 des;
488 4683 738 4753 perimci,
771 4685 1340 4756 perimcos;antoeci,
1375 4692 1629 4743 antcecos
1663 4687 1899 4756 habent,
1931 4692 1993 4743 ut

2108 4689 2132 4742 ὁ
2188 4687 2470 4762 περίοικος
2554 4687 2834 4763 περιοίκου
2920 4689 3220 4762 περίοικος,
3278 4686 3368 4742 καὶ
3424 4688 3454 4742 ὁ
3509 4687 3768 4752 ἂντοικος

341 4768 550 4826 horum
612 4773 683 4827 ad
744 4790 806 4829 se
862 4774 1235 4830 habitudines
1299 4777 1573 4848 [scheses)
1633 4777 1872 4847 perinde
1929 4781 1996 4832 ut

2106 4777 2353 4832 ἀντοίκου
2387 4774 2655 4839 ἄντοικος.

337 4859 664 4916 amicorum
713 4867 770 4917 et
818 4864 1066 4919 fratrum
1113 4870 1542 4920 convertantur.
1595 4866 1845 4937 Antipus
1877 4867 2030 4923 338
2070 4867 2227 4924 enim
2277 4867 2571 4940 antipodis
2622 4867 2861 4940 antipus
2909 4868 3151 4940 est;[et
3199 4866 3489 4940 perimcus
3528 4867 3769 4941 perimci

343 4949 628 5020 perimcus
658 4969 672 5019 ;
706 4956 762 5006 et
794 4957 1055 5009 antmcus
1088 4955 1296 5009 antceci
1331 4960 1593 5011 antmcus
1624 4961 1730 5012 est.

418 5039 598 5094 18-20.
643 5042 1034 5106 Quamobrem
1087 5048 1340 5114 quatuor
1387 5050 1551 5100 terra:
1606 5050 1802 5117 partes
1847 5049 1994 5101 tem-

345 5132 576 5197 peratas
624 5127 875 5185 habitari
916 5131 1140 5203 physici
1191 5137 1519 5188 monstrose
1568 5134 1845 5205 ﬁngunt:
1881 5152 1996 5190 non

345 5231 519 5286 posse
568 5223 764 5274 autem
823 5236 1181 5292 quemquam
1231 5223 1301 5276 ad
1354 5223 1635 5292 perimcos
1683 5223 1993 5294 proﬁcisci,

348 5303 505 5374 quod
555 5305 715 5375 ipsos
747 5325 780 5362 a
809 5325 872 5362 se
919 5308 1166 5364 invicem
1200 5309 1467 5365 Oceanus
1517 5310 1615 5382 qui
1646 5310 1858 5366 belluis
1909 5328 1997 5366 re-

342 5392 527 5446 fertus
559 5393 635 5448 sit
684 5401 740 5450 et
769 5396 1182 5469 innavigabilis
1230 5399 1470 5454 dirimat
1503 5418 1516 5455 :
1549 5416 1655 5455 nec
1703 5401 1879 5456 etiam
1923 5402 1995 5456 ad

338 5496 437 5536 eos
469 5481 571 5552 qui
602 5485 934 5555 oppositam
969 5491 1352 5558 temperatam
1386 5488 1997 5562 habitant,propterea

2183 5046 2342 5115 ιη’-κ’.
2425 5044 2698 5109 Οἰκεῖσθαι
2773 5049 2902 5122 γοῦν
2977 5044 3067 5101 καὶ
3155 5046 3252 5108 τὰς
3335 5044 3596 5121 τέσσαρας
3675 5046 3766 5102 εὐ·-

2103 5135 2337 5209 κράτους
2401 5134 2592 5208 μοίρας
2645 5140 2745 5203 τῆς
2797 5140 2901 5210 γῆς
2961 5134 3014 5188 οἱ
3068 5135 3285 5213 φυσικοὶ
3362 5133 3764 5212 τερατεύονται·

2110 5225 2185 5295 μή
2222 5220 2474 5278 δύνασθαι
2519 5221 2576 5278 δέ
2618 5243 2768 5286 τινας
2817 5225 2952 5299 πρὸς
3001 5222 3129 5286 τοὺς
3175 5224 3488 5300 περιοίκους
3535 5223 3769 5302 πορεύε-

2108 5313 2226 5365 σθαι
2302 5309 2390 5366 διὰ
2459 5312 2523 5367 τὸ
2596 5309 2846 5389 διείργειν
2919 5312 3117 5376 αὐτοὺς
3192 5313 3284 5369 ἀπ’
3342 5311 3611 5384 ἀλλήλων
3667 5316 3766 5371 τὸν

2107 5401 2373 5474 Ὠκεανὸν,
2433 5398 2680 5478 Θηριώδη
2763 5401 3043 5480 πεφηνότα
3115 5403 3207 5458 καὶ
3281 5399 3558 5460 ἄπλωτον·
3622 5406 3770 5478 μήτε

2111 5491 2218 5563 μην
2275 5491 2413 5565 πρὸς
2459 5489 2588 5554 τοὺς
2643 5491 2744 5562 τὴν
2795 5490 3149 5570 ἀντεύκρατον
3201 5491 3506 5568 οἰκοῦντας,
3557 5489 3647 5548 διὰ
3699 5493 3765 5550 τὸ

408 5708 732 5792 f‘Macrob.
793 5710 850 5764 in
885 5711 1114 5792 Somn._
1146 5711 1302 5792 Scip.
1335 5730 1383 5792 c_.
1435 5714 1596 5792 5,__7;
1629 5717 1793 5792 Mart.
1853 5714 2105 5792 Capella,
2138 5715 2240 5773 lib.
2292 5734 2370 5788 v1,
2404 5717 2506 5789 qui
2562 5721 2653 5775 est
2706 5719 2780 5775 de
2835 5718 3396 5792 geometria;0vid.
3446 5735 3467 5776 ι
3514 5719 3758 5780 Metam.

337 5780 384 5820 θ’
412 5779 627 5837 Cleom.
661 5780 703 5836 1.
734 5797 774 5852 ι,
807 5797 934 5856 cap.
966 5788 1022 5840 2.

1100 5787 1118 5820 ι
1151 5788 1316 5841 Mart.
1341 5784 1596 5858 Capella,
1628 5784 1731 5843 lib.
1764 5802 1840 5856 v1,
1876 5784 2087 5860 p._227.
