4114 6416
333 399 490 464 1277

1667 397 2015 462 EPITOME
2058 396 2419 462 PHYSIGA.

3592 396 3752 460 "78

338 535 414 611 μὴ
471 533 570 604 τήν
634 529 828 608 μεταξὺ
905 526 1329 607 διακεκαυμένην
1406 531 1538 587 εἶναι
1597 531 1930 609 πορεύσιμον
1963 575 1974 588 .

2103 534 2251 605 quod
2281 531 2632 589 intermedia
2662 532 2873 589 adusta
2904 531 3092 604 [zona]
3121 530 3362 589 transiri
3393 547 3510 588 non
3543 536 3743 604 queat.

330 627 506 679 Ταῦτα
562 620 917 701 φυσιολογίας
973 621 1041 674 τὰ
1098 619 1452 694 ἐξευρήματα.
1511 621 1656 697 Πρὸς
1716 618 1761 675 δ’
1820 621 1928 690 ἀλή
1966 653 1988 662 -

333 715 476 770 θειαν
532 711 632 766 οὐκ
697 711 798 766 εἷ’σὶ
855 708 1148 784 περίοικοι,
1207 706 1319 765 οὔτ’
1375 707 1637 782 ἄντοικοι,
1690 709 1802 764 οὔτ’
1844 709 1990 764 ἀντί-

334 799 517 863 ποδες.
577 801 642 856 Εἰ
698 801 801 876 γὰρ
862 798 938 862 εἷς
979 800 1078 868 τήν
1136 798 1403 875 ἡμετέραν
1453 799 1652 870 ταύτην
1711 799 1991 872 σύμπασαν

334 893 436 967 γῆν
481 887 679 962 πολλῷ
727 888 932 945 πλείων
979 895 1078 958 τῆς
1119 884 1446 962 οἰκουμένης
1501 888 1759 960 ἀοίκητος
1801 889 1990 964 εὕκρα-

333 1002 448 1051 τος,
496 980 578 1040 τίς
643 977 843 1054 ἀνάγκη
897 975 1120 1039 πλείους
1176 977 1495 1052 οἰκουμένας
1547 979 1777 1034 ἐπινοεῖν
1834 998 1846 1048 ;
1898 977 1991 1032 Τό-

335 1090 468 1130 πους
524 1068 706 1142 μέντοι
760 1065 1005 1128 πολλοὺς
1056 1067 1348 1137 ἀοικήτους
1397 1067 1685 1143 εύκράτους
1739 1065 1992 1140 ὑπολαμο

335 1153 512 1213 ϐάνειν
591 1156 655 1211 τὸ
734 1153 949 1211 κωλύον
1039 1153 1215 1211 οὐδέν.
1330 1157 1812 1233 Ὑπερεκπερισσοῦ
1890 1157 1990 1232 γὰρ

335 1247 542 1301 ἅπαντα
597 1243 889 1315 πεποίηκεν
950 1244 978 1298 ὁ
1037 1243 1186 1307 Θεός·
1248 1244 1334 1300 καί
1389 1245 1571 1322 ὥσπερ
1623 1245 1808 1322 ὀλίγον
1860 1251 1988 1322 πῦρ,

338 1331 528 1410 ὀλίγος
563 1333 688 1410 ἀήρ,
726 1331 912 1409 ὀλίγον
944 1331 1091 1408 ὕδωρ
1121 1336 1189 1388 τὰ
1237 1335 1373 1412 πρὸς
1423 1339 1621 1411 χρῆσιν
1673 1336 1992 1412 ἐξαρκοῦντα

332 1426 447 1484 τοῖς
504 1423 586 1484 οἷς
645 1424 898 1498 χρήσιμα
951 1426 1117 1476 ταῦτα
1182 1424 1540 1498 γινώσκονται
1573 1470 1587 1496 ,
1639 1424 1992 1497 πάμπλειστα

334 1508 393 1566 δὲ
421 1510 567 1586 παρὰ
611 1518 712 1580 τῆς
764 1507 1172 1585 δημιουργικῆς
1225 1512 1648 1587 μεγαλειότητος
1697 1514 1785 1567 καὶ
1815 1512 1988 1568 πλου-

333 1601 696 1677 σιοπαροχίας
753 1599 1074 1676 γεγόνασιν·
1137 1599 1279 1655 οὕτω
1335 1603 1424 1656 καὶ
1476 1609 1578 1672 τῆς
1637 1610 1739 1677 γῆς
1803 1601 1986 1678 ὀλίγον

339 1689 431 1764 μὲν
479 1691 541 1744 τὸ
599 1689 949 1764 οἰκούμενον,
1008 1691 1147 1744 πάνυ
1207 1687 1264 1744 δὲ
1320 1689 1464 1746 πολὺ
1510 1693 1572 1745 τὸ
1621 1689 1873 1767 εὔκρατον
1900 1691 1988 1745 καὶ

334 1777 471 1855 πρός
527 1775 738 1848 οἷ’κησιν
798 1778 1078 1857 πεφυκὸς.
1141 1779 1204 1834 Ἠ
1258 1779 1360 1856 γάρ
1416 1787 1516 1850 τῆς
1583 1780 1727 1842 Θείας
1785 1778 1989 1856 δωρεᾶς

332 1865 719 1938 ἀκατάληπτος
785 1863 1017 1930 ἄϐυσσος
1067 1867 1199 1944 ὑπὲρ
1260 1870 1464 1924 ἅπασαν
1525 1868 1712 1946 χρείαν
1770 1869 1987 1946 ὑπερεξ-
2018 1904 2068 1970 Β

334 1955 484 2033 έχεεν
518 1957 745 2016 ἅπαντα,

403 2245 492 2298 κα,
523 2226 629 2302 κβ’.
663 2223 920 2302 Περῖτοῦ
966 2233 1068 2297 τῆς
1098 2233 1200 2304 γῆς
1252 2226 1509 2302 μεγέθους
1545 2223 1794 2302 διάφοροι
1829 2222 1992 2300 λόγοι

333 2314 616 2390 γεγόνασιν
667 2316 740 2370 ὧν
796 2313 975 2378 οὐδεὶς
1025 2313 1142 2393 ἔχει
1191 2317 1252 2372 τὸ
1300 2315 1712 2391 ἀναντίρρητον·
1763 2313 1900 2377 τέως
1947 2313 1992 2369 δ’

334 2401 424 2458 οὖν
481 2403 680 2478 βελτίω
729 2406 875 2481 τάχα
925 2409 1032 2460 τῶν
1099 2403 1284 2460 ἄλλων
1339 2403 1557 2460 δοκοῦσι
1605 2403 1784 2480 λέγειν
1834 2411 1990 2478 Ἐρα-

329 2492 588 2564 τοσθένης
638 2493 726 2548 καὶ
780 2491 1162 2557 Ποσειδώνιος.
1217 2496 1273 2548 Ὀ
1325 2495 1420 2567 μὲν
1469 2491 1558 2549 οὖν
1611 2495 1991 2570 Ἐρατοσθένης

331 2587 663 2658 γραμμικῶς
717 2582 982 2638 δεικνύναι
1032 2584 1324 2660 προάγεται
1391 2584 1490 2652 τὴν
1540 2590 1640 2652 τῆς
1691 2585 1796 2658 γῆς
1843 2583 1992 2657 περί-

338 2691 531 2748 μετρον
592 2669 823 2728 σταδίων
877 2670 1155 2748 μυριάδων
1215 2672 1373 2728 πέντε
1427 2672 1517 2727 καὶ
1578 2671 1798 2745 ε’ίκοσιν,
1861 2671 1992 2726 ὑπό-

333 2761 475 2816 θεσιν
535 2762 673 2838 πρὸς
739 2763 839 2831 τὴν
892 2762 1090 2818 οἰκείαν
1149 2759 1310 2834 δεῖξιν
1361 2761 1689 2836 ποιούμενος
1747 2762 1810 2816 τὸ
1865 2782 1992 2817 στα-

335 2847 464 2905 δίων
511 2851 644 2905 εἶναι
693 2851 1154 2928 πεντακισχιλίων
1225 2852 1287 2906 τὸ
1337 2851 1443 2906 ἀπὸ
1495 2851 1735 2922 σελήνης
1793 2851 1991 2927 μέχρις

335 2937 746 3014 Ἀλεξανδρείας
796 2939 1090 3013 διάστημα·
1145 2941 1234 2994 καὶ
1279 2945 1496 3016 πρῶτον
1548 2941 1610 2994 τὸ
1657 2941 1754 3002 τὰς
1800 2938 1992 3003 πόλεις

333 3028 528 3088 ταύτας
589 3028 692 3082 ὑπὸ
750 3033 829 3100 τῷ
890 3029 1036 3101 αὐτῷ
1089 3034 1296 3092 κεῖσθαι
1357 3024 1732 3106 μεσημϐρινῷ,
1783 3027 1873 3083 καί
1931 3031 1992 3084 τὸ

341 3116 538 3190 μεταξὺ
586 3121 692 3171 τῶν
747 3116 964 3172 πόλεων
1014 3115 1307 3191 διάστημα,
1369 3115 1599 3174 σταδίων
1649 3137 1993 3193 πεντακισχι-

332 3203 466 3261 λίων
501 3202 571 3260 δι’
602 3203 973 3280 ἁπλουστέρας
1023 3204 1220 3284 ἐφόδου
1267 3209 1366 3277 τὴν
1399 3214 1498 3277 τῆς
1531 3214 1632 3282 γῆς
1663 3208 1988 3284 περίμετρον

2102 626 2233 676 Haec
2289 621 2665 696 physiologiae
2725 623 2959 678 inventa
3016 626 3157 678 sunt
3203 622 3244 677 ³.
3304 623 3364 677 In
3417 623 3496 677 rei
3548 627 3743 678 autem

2102 711 2342 767 veritate
2373 729 2476 768 nec
2530 711 2762 782 perinaci
2813 717 2971 777 sunt,
3023 728 3126 767 nec
3175 711 3403 776 antoaci,
3458 727 3563 767 nec
3595 711 3755 766 anti-

2102 801 2300 872 podes.
2335 801 2393 855 Si
2425 801 2582 856 enim
2609 803 2762 873 quod
2788 803 2858 856 ad
2882 806 3144 856 nostram
3170 801 3500 857 universam
3533 807 3752 857 terram

2101 889 2329 957 attinet,
2367 890 2552 946 multo
2586 893 2775 962 major
2817 895 2906 946 est
2954 889 3175 946 inculta
3221 894 3546 962 temperata
3577 908 3756 962 quam

2102 995 2228 1050 quae
2263 979 2490 1048 colitur,
2526 997 2653 1051 quea
2688 980 3008 1035 necessitas
3038 980 3193 1052 cogit
3214 985 3277 1035 ut
3308 979 3501 1050 plures
3533 980 3757 1038 habita-

2102 1067 2248 1122 biles
2281 1068 2522 1139 [partes]
2575 1069 3022 1141 excogitemus?
3073 1068 3249 1140 Atqui
3297 1073 3364 1123 ut
3413 1068 3600 1123 multa
3629 1068 3758 1124 loca

2100 1161 2426 1228 temperata
2448 1158 2790 1229 judicemus
2844 1157 3085 1228 inculta,
3136 1157 3284 1214 nihil
3317 1163 3406 1213 est
3435 1158 3587 1229 quod
3623 1175 3754 1232 pro-

2100 1244 2315 1300 hibeat.
2374 1246 2598 1318 Quippe
2654 1247 2808 1302 Deus
2862 1247 3061 1302 omnia
3127 1247 3186 1301 in
3246 1264 3482 1303 summa
3541 1248 3761 1304 creavit

2101 1334 2482 1390 abundantia.
2546 1337 2613 1390 Et
2672 1336 2823 1391 sicut
2883 1353 3092 1407 parum
3163 1335 3317 1408 ignis
3374 1341 3483 1408 est,
3546 1353 3757 1408 parum

2100 1424 2273 1489 aeris,
2334 1441 2541 1495 parum
2621 1443 2804 1496 aquae,
2886 1442 3012 1497 quae
3081 1425 3382 1480 sufficiant
3451 1425 3520 1480 ad
3581 1442 3757 1482 usum

2100 1511 2194 1566 his
2269 1512 2483 1582 quibus
2561 1514 2834 1584 expedire
2909 1517 3365 1584 cognoscuntur,
3431 1512 3754 1583 plurimum

2101 1606 2294 1655 autem
2328 1619 2361 1656 a
2393 1602 2713 1657 conditoris
2747 1603 3053 1672 majestate
3084 1605 3141 1656 et
3163 1600 3609 1672 opulentissima
3637 1602 3754 1658 lar-

2101 1689 2280 1761 gitate
2313 1690 2532 1745 factum
2564 1697 2686 1745 est:
2723 1691 2806 1745 sic
2838 1691 3014 1746 etiam
3058 1689 3267 1762 exigua
3297 1695 3463 1746 terra:
3495 1707 3632 1762 pars
3664 1696 3759 1748 est

2101 1794 2227 1848 qua
2259 1778 2579 1850 habitatur,
2631 1780 2730 1834 sed
2763 1779 2930 1834 valde
2982 1796 3215 1852 magna,
3267 1796 3392 1850 qua
3423 1783 3754 1851 temperata

2101 1867 2253 1922 339
2304 1873 2361 1923 et
2411 1869 2481 1923 ad
2531 1868 2954 1924 habitationem
3009 1873 3218 1924 natura
3261 1873 3599 1940 comparata
3637 1875 3752 1926 est.

2100 1960 2399 2012 Immensa
2428 1957 2582 2011 enim
2607 1957 2814 2012 divine
2840 1957 3256 2013 muniﬁcentiae
3275 1957 3525 2030 abyssus
3554 1959 3757 2016 omnia

2100 2044 2288 2100 multo
2320 2045 2720 2103 abundantius
2769 2045 2993 2115 effudit,
3043 2062 3222 2118 quam
3271 2062 3475 2102 eorum
3505 2047 3756 2120 requirit

2100 2133 2445 2206 indigentia.

2169 2225 2260 2294 2i,
2292 2225 2381 2280 22.
2417 2225 2704 2280 Caeterum
2735 2225 2756 2260 ³
2788 2226 2858 2280 de
2912 2230 3078 2281 terras
3114 2225 3522 2298 magnitudine
3552 2226 3752 2282 multas

2102 2314 2401 2368 sententiae
2452 2315 2709 2380 fuerunt,
2759 2331 3010 2386 quarum
3063 2315 3227 2371 nulla
3274 2315 3753 2374 contradictionis

2102 2418 2307 2473 expers
2353 2410 2488 2471 est;
2540 2410 2941 2459 verumtamen
2995 2405 3215 2459 caeteris
3265 2405 3508 2460 meliora
3559 2407 3751 2462 forsan

2102 2492 2294 2545 dicere
2339 2491 2574 2546 videtur
2623 2492 3030 2548 Eratosthenes
3082 2499 3137 2547 et
3195 2494 3561 2550 Posidonius.
3613 2495 3755 2551 Era-

2101 2580 2403 2635 tosthenes
2437 2581 2616 2652 igitur
2645 2581 2995 2653 geometrica
3047 2587 3212 2638 terrae
3245 2583 3530 2638 ambitum
3563 2589 3752 2640 osten-

2103 2669 2237 2723 dere
2270 2671 2610 2741 aggreditur
2637 2669 2840 2741 viginti
2873 2671 3133 2742 quinque
3170 2672 3498 2744 myriadum
3529 2673 3752 2728 stadio-

2102 2774 2270 2826 rum;
2304 2759 2445 2812 dum
2505 2759 2784 2830 [interim]
2833 2777 2950 2815 sua;
3009 2760 3363 2816 ostensionis
3404 2760 3750 2833 hypothesin

2103 2847 2244 2901 facit
2273 2849 2428 2917 quod
2479 2848 2848 2903 intervallum
2901 2866 2934 2902 a
2980 2851 3168 2922 Syene
3217 2849 3288 2904 ad
3337 2849 3748 2906 Alexandriam

2103 2935 2181 2990 sit
2211 2935 2523 3007 quinquies
2551 2935 2708 2992 mille
2741 2937 3065 2993 stadiorum
3099 2940 3138 2992 ‘.
3159 2943 3227 2993 Et
3258 2937 3446 3011 primo
3477 2939 3632 3010 quod
3661 2939 3748 2994 hae

2102 3025 2277 3080 urbes
2309 3030 2448 3080 sunt
2490 3027 2600 3081 sub
2654 3027 2856 3081 eodem
2906 3027 3252 3094 meridiano,
3307 3044 3539 3099 quoque
3569 3027 3748 3083 inter-

2103 3114 2363 3168 medium
2412 3115 2644 3170 urbium
2687 3115 3056 3170 intervallum
3108 3121 3198 3172 est
3244 3116 3559 3188 quinquies
3590 3116 3752 3172 mille

2101 3203 2448 3270 stadiorum,
2483 3203 2837 3274 simpliciore
2859 3205 3104 3272 ratione,
3153 3209 3319 3259 terrea
3352 3205 3639 3260 ambitum
3663 3222 3756 3261 ex-

329 3289 635 3348 ἀποδίδωσι
686 3292 916 3350 σταδίων
977 3293 1253 3369 μυριάδων
1310 3297 1581 3371 τεσσάρων
1642 3296 1732 3350 καὶ
1783 3293 1988 3355 εἷόιοσι.

2103 3290 2282 3361 hibet,
2315 3292 2518 3363 viginti
2552 3293 2817 3365 quinque
2842 3293 3174 3366 myriadum
3201 3293 3550 3349 stadiorum.
3584 3298 3759 3350 Caete-

329 3377 716 3459 Μεσημϐρινοὶ
768 3380 825 3438 δὲ
871 3382 1066 3440 κύκλοι
1118 3383 1251 3439 εἰσὶν
1284 3385 1336 3439 οἱ
1386 3384 1474 3439 διά
1502 3405 1560 3439 τε
1607 3389 1715 3440 τῶν
1744 3390 1842 3440 τοῦ
1873 3407 1990 3440 στε-

329 3472 609 3548 ρεώματος
661 3471 849 3528 πόλων
894 3473 1249 3551 γραρόμενοι,
1303 3475 1392 3529 καὶ
1443 3473 1532 3529 διὰ
1576 3472 1809 3547 σημείου
1839 3475 1989 3537 τινὸς

327 3559 355 3615 δ
408 3567 509 3630 τῆς
569 3569 812 3640 κορυφῆς
869 3563 1094 3618 ἑκάστου
1153 3567 1259 3617 τῶν
1321 3563 1454 3640 ὑπὲρ
1504 3570 1610 3637 γῆς
1677 3557 1992 3638 βεϐηκότων

327 3649 676 3727 ὑπέρκειται.
735 3649 909 3708 Πόλοι
984 3652 1079 3725 μὲν
1137 3650 1228 3706 οὖν
1290 3653 1343 3708 οἱ
1403 3651 1558 3707 αὐτοὶ
1613 3653 1827 3707 πάντων
1892 3673 1990 3726 με·

325 3734 644 3816 σημϐρινῶν
705 3758 718 3772 °
777 3741 841 3795 τὸ
899 3738 958 3796 δὲ
1013 3742 1150 3796 κατὰ
1213 3742 1464 3819 κοφυφήν
1524 3740 1752 3815 σημεῖον
1807 3738 1988 3818 ἕτερον

326 3827 520 3904 ἑτέρων
581 3827 766 3884 ἐστίν.
826 3831 983 3893 Ὅθεν
1043 3830 1132 3884 καὶ
1194 3831 1408 3906 ἄπειροι
1481 3827 1732 3886 δύνανται
1789 3831 1988 3908 γράφε-

327 3917 446 3971 σθαι
512 3912 921 3994 μεσημϐρινοί.
983 3920 1184 3980 Πάντες
1247 3914 1292 3972 δ’
1351 3917 1442 3972 οὗν
1506 3919 1557 3973 οἱ
1620 3914 1989 3994 μεσημϐρινοὶ

332 4006 580 4081 μέγιστοι
613 4005 810 4062 κύκλοι
859 4001 1032 4079 ὄντες,
1082 4006 1172 4062 καὶ
1219 4006 1312 4062 τὸν
1359 4007 1564 4080 κόσμον
1598 4007 1776 4082 (πρὸς)
1810 4005 1989 4078 ἀλλή-

322 4091 455 4157 λους
511 4095 588 4156 εἰς
642 4093 738 4150 δύο
792 4095 1078 4167 τέμνοντες
1159 4116 1243 4167 σα,
1304 4091 1412 4149 i'aoc
1463 4095 1554 4149 καὶ
1603 4099 1684 4166 τῷ
1727 4093 1992 4168 ςωδιακῷ

330 4181 420 4236 καὶ
477 4181 752 4254 ἃκλήλοις
810 4181 964 4237 εἰσὶν.
1027 4181 1143 4237 ἐπεὶ
1198 4182 1288 4237 καὶ
1344 4183 1372 4236 ὁ
1421 4180 1684 4252 ζωδιακὸς
1738 4183 1990 4260 μέγιστος

329 4269 532 4334 κύκλος
584 4270 743 4327 ἐστίν.
795 4271 859 4325 Οἱ
902 4269 948 4326 δ’
998 4269 1120 4326 ὅλοι
1171 4270 1325 4334 ὅλοις
1375 4267 1506 4342 ἴσοι,
1563 4271 1654 4326 καὶ
1709 4273 1780 4327 τὰ
1825 4271 1993 4345 ὅμοια

333 4359 471 4437 μέρη
503 4358 772 4432 ἀλλήλων
799 4357 895 4416 τίσοι
923 4358 1164 4416 ἔσονται(

396 4451 476 4527 κγ’
507 4494 522 4510 .
579 4451 688 4520 Τὴν
749 4451 815 4506 αὖ
872 4447 1057 4505 Ῥόδον
1107 4448 1200 4505 καὶ
1256 4451 1359 4519 τήν
1419 4447 1830 4526 Ἀλεξάνδρειαν
1888 4451 1992 4507 ὑπὸ

324 4541 405 4611 τῷ
433 4535 580 4613 αὐτῷ
628 4544 836 4604 κεῖσθαι
885 4533 1248 4616 μεσημϐρινῷ
1299 4537 1477 4614 λέγων
1529 4540 1558 4594 ὁ
1603 4537 1990 4611 Ποσειδώνιος,

2100 3397 2230 3435 rum
2265 3382 2579 3437 meridiani
2616 3387 2755 3437 sunt
2785 3382 3009 3454 circuli,
3033 3382 3133 3455 qui
3164 3388 3220 3438 et
3267 3399 3369 3454 per
3399 3383 3758 3439 firmamenti

2101 3470 2265 3541 polos
2296 3471 2734 3542 describuntur,
2768 3476 2825 3526 et
2856 3489 2956 3543 per
2985 3470 3222 3544 aliquod
3273 3478 3556 3543 punctum
3589 3471 3749 3527 aliud

2101 3561 2256 3631 quod
2288 3561 2473 3617 cuivis
2503 3561 2563 3615 in
2593 3566 2749 3616 terra
2779 3560 3212 3617 ambulantium
3249 3560 3450 3616 vertici
3481 3562 3754 3633 superin-

2101 3649 2346 3704 cumhit.
2372 3649 2492 3705 Poli
2516 3651 2760 3722 proinde
2781 3651 3045 3706 omnium
3075 3650 3535 3706 meridianorum
3555 3650 3756 3721 iidem,

2101 3739 2202 3793 sed
2236 3745 2523 3810 punctum
2552 3740 2827 3794 verticale
2853 3740 3008 3811 apud
3034 3739 3179 3794 alios
3209 3743 3298 3794 est
3328 3739 3510 3796 aliud.
3543 3740 3667 3805 Qua
3687 3739 3760 3794 de

2101 3843 2279 3882 causa
2298 3827 2474 3882 etiam
2499 3827 2717 3882 infiniti
2743 3827 3054 3884 meridiani
3073 3827 3248 3884 scribi
3264 3827 3758 3899 possunt.0mnes

2102 3917 2256 3972 340
2289 3916 2536 3987 proinde
2569 3917 2878 3972 meridiani
2930 3933 3062 3971 cum
3114 3916 3234 3972 sint
3265 3915 3501 3971 maximi
3529 3914 3756 3982 circuli,

2101 4009 2158 4060 et
2189 4007 2474 4059 mundum
2508 4005 2754 4061 invicem
2803 4005 2864 4060 in
2896 4006 3042 4060 duas
3092 4003 3345 4075 equales
3378 4009 3572 4076 partes
3602 4003 3753 4059 divi-

2101 4094 2262 4164 dant,
2295 4111 2428 4148 cum
2460 4094 2707 4150 Zodiaco
2739 4099 2863 4149 tum
2897 4094 3010 4150 sibi
3041 4094 3290 4150 invicem
3314 4091 3565 4166 aequales
3597 4099 3756 4160 sunt,

2101 4183 2381 4254 quoniam
2434 4183 2610 4238 etiam
2661 4184 2944 4239 Zodiacus
3002 4188 3092 4240 est
3138 4182 3393 4238 circulus
3440 4183 3756 4238 maximus.

2101 4271 2263 4338 Quod
2296 4272 2345 4326 si
2376 4270 2480 4326 toti
2524 4272 2662 4327 totis
2705 4277 2846 4327 sunt
2895 4271 3170 4343 aequales,
3218 4271 3393 4327 etiam
3427 4277 3623 4343 partes
3653 4287 3754 4326 eo-

2100 4377 2255 4428 rum,
2307 4378 2434 4432 quzn
2482 4360 2730 4418 invicem
2782 4365 2922 4416 sunt
2968 4360 3212 4430 similes,
3260 4359 3514 4433 aequales
3553 4364 3749 4415 erunt.

2169 4451 2261 4505 23.
2294 4451 2469 4506 Porro
2520 4451 2793 4505 Rhodum
2841 4455 2897 4506 et
2937 4449 3350 4505 Alexandriam
3400 4449 3588 4506 eidem
3623 4466 3754 4505 me—

2101 4539 2330 4595 ridiano
2365 4539 2690 4612 subjectam
2743 4555 2872 4595 esse
2923 4538 3124 4595 dicens
3174 4539 3542 4607 Posidonius,
3576 4542 3634 4594 et
3663 4537 3751 4592 in-

324 4624 416 4682 καί
446 4623 676 4684 σταδίων
721 4628 854 4684 εἶναι
904 4627 1367 4705 πεντακισχιλίων
1411 4629 1474 4683 τὸ
1523 4627 1620 4690 τὰς
1660 4627 1851 4692 πόλεις
1901 4629 1989 4685 ἀπ’

2103 4629 2414 4685 tervallum
2445 4629 2600 4700 quod
2629 4628 2888 4684 civitates
2921 4646 2955 4684 a
2976 4645 3038 4683 se
3057 4628 3305 4684 invicem
3330 4627 3559 4683 dirimit
3580 4627 3753 4698 quin-

324 4714 593 4789 ἀλλήλων
657 4715 896 4793 διεῖργον
955 4716 1271 4792 διάστημα,
1333 4715 1723 4795 λαμπρότατον
1800 4717 1994 4795 ἀστέρα

321 4807 446 4862 τινά
516 4825 651 4885 φησι
723 4806 1068 4882 καλούμενον
1157 4809 1420 4862 Κάνωπον
1499 4807 1774 4886 φαίνεσθαι
1855 4809 1993 4883 πρὸς

329 4890 676 4972 μεσημϐρίαν
733 4895 810 4959 ὡς
870 4896 958 4952 ἐπὶ
1014 4901 1094 4971 τῷ
1152 4895 1415 4971 πηδαλίῳ
1469 4903 1571 4967 τῆς
1629 4898 1876 4973 Ἀργοῦς
1939 4897 1990 4951 ἐν

323 4983 553 5042 Ἑλλάδι
602 4986 697 5059 μὲν
749 4983 864 5041 οὐδ’
906 4985 1051 5049 ὅλως
1096 4987 1377 5061 ὁρώμενον
1427 4986 1569 5061 (ὅθεν
1612 4983 1726 5040 οὐδ’
1754 4988 1990 5062 ’Ἄρατος

324 5075 376 5132 ἐν
414 5079 534 5137 τοῖς
584 5075 947 5148 Φαινομένοις
989 5072 1174 5151 εἷ’ρηκέ
1218 5095 1270 5131 τι
1326 5075 1448 5152 περὶ
1503 5075 1710 5149 αὐτοῦ),
1770 5080 1887 5138 τοῖς
1942 5064 1991 5132 δ’

323 5165 433 5242 ἀπε
461 5169 571 5220 τῶν
621 5163 1039 5243 ἀρκτικωτέρων
1097 5168 1272 5239 μερῶν
1324 5163 1399 5226 ὡς
1451 5163 1590 5240 πρὸς
1647 5158 1991 5239 μεσημϐρίαν

323 5253 651 5331 ἐρχομένοις
707 5253 888 5330 ἀρχὴν
962 5253 1012 5309 ἐν
1080 5249 1254 5327 Ῥόδῳ
1309 5256 1406 5306 τοῦ
1466 5253 1689 5329 ὁρᾶσθαι
1749 5247 1992 5324 λαμϐά-

320 5364 496 5399 νονταο
557 5343 690 5400 κάπὶ
747 5347 845 5399 τοῦ
903 5343 1182 5418 ὁρίζοντος
1242 5341 1473 5420 ὀφθέντα
1531 5342 1770 5418 μικρὸν,
1832 5340 1986 5404 εὐθὺς

319 5433 456 5488 κατὰ
503 5433 603 5504 τήν
655 5436 754 5488 τοῦ
800 5431 1013 5506 κόσμου
1072 5431 1376 5509 συστροφὴν
1437 5427 1814 5486 καταδύεσθαι·
1864 5435 1988 5493 τοῖς

391 5668 414 5702 ²
445 5666 595 5724 Plin.
626 5666 730 5723 lib.
762 5684 824 5735 ιι,
853 5683 904 5723 c.
950 5663 1064 5734 65;
1108 5666 1268 5722 Lact.
1301 5663 1423 5738 lib:
1457 5681 1544 5735 III,
1578 5665 1744 5738 0.724.
1793 5666 1962 5738 Augu

2102 4717 2269 4790 quies
2291 4718 2451 4773 mille
2473 4718 2819 4788 stadiorum,
2843 4716 3384 4790 splendidissimam
3413 4716 3754 4789 quampiam

2102 4806 2330 4863 stellam
2364 4825 2492 4879 quae
2523 4807 2794 4878 Canopus
2842 4812 3103 4875 vocatur,
3141 4806 3212 4861 ad
3261 4805 3570 4861 meridiem
3603 4809 3667 4859 ut
3695 4803 3755 4858 in

2102 4896 2495 4970 gubernaculo
2543 4898 2734 4968 Argus
2786 4911 3064 4968 apparere
3109 4895 3471 4967 pronuntiat,
3521 4910 3648 4965 quas
3692 4892 3752 4948 in

2101 4985 2320 5041 Graecia
2368 4985 2606 5056 quidem
2659 4983 2820 5040 nullo
2865 4985 3036 5039 modo
3085 4983 3481 5055 conspiciatur
3509 4983 3649 5054 (qua
3679 4982 3752 5037 de

2100 5091 2280 5130 causa
2324 5077 2501 5130 etiam
2550 5076 2764 5129 Aratus
2820 5074 2879 5128 in
2931 5074 3312 5129 thanomem's
3363 5071 3509 5127 nihil
3562 5073 3634 5126 de
3682 5088 3751 5127 ea

2100 5165 2400 5235 disseruit)
2429 5181 2441 5218 :
2477 5165 2548 5219 ab
2580 5164 2651 5218 iis
2683 5168 2877 5218 autem
2911 5163 3009 5234 qui
3041 5180 3075 5217 a
3115 5163 3379 5234 partibus
3411 5161 3750 5216 borealiori-

2099 5253 2210 5308 bus
2243 5258 2308 5307 ut
2338 5253 2408 5307 ad
2441 5252 2744 5307 meridiem
2781 5251 3254 5323 proﬁciscuntur,
3287 5268 3420 5306 cum
3453 5251 3513 5305 in
3545 5251 3750 5307 Rhodo

2099 5343 2357 5415 primum
2414 5342 2829 5413 conspiciatur,
2882 5346 2947 5395 ut
2996 5358 3175 5412 super
3231 5340 3590 5397 horizontem
3625 5341 3753 5396 visa

2097 5449 2307 5504 parum
2340 5431 2532 5499 fuerit,
2566 5430 2720 5486 illico
2752 5430 2811 5486 in
2843 5431 3052 5486 mundi
3083 5430 3459 5488 conversione
3498 5429 3746 5500 occidat,

1969 5669 2041 5722 st.
2092 5664 2133 5721 l.
2162 5681 2276 5736 xvr,
2310 5681 2365 5722 0.
2420 5664 2478 5735 9,
2514 5665 2590 5736 De
2619 5661 2851 5736 civitate
2894 5663 3017 5719 Dei.
3094 5666 3116 5700 ³
3144 5665 3363 5724 Cleom.
3391 5663 3431 5720 l.
3462 5681 3504 5736 ι,
3537 5680 3588 5722 c.
3624 5664 3692 5719 10
3720 5681 3734 5734 ;

321 5737 489 5798 Mart.
521 5739 772 5814 Capella,
805 5738 908 5796 lib.
937 5755 1016 5810 v1,
1048 5755 1106 5812 p.
1137 5738 1266 5794 224-
1345 5739 1364 5773 ‘
1395 5737 1536 5795 Pars
1567 5737 1590 5795 4
1631 5737 1806 5796 habet
1835 5735 2030 5796 stadia
2054 5737 2217 5805 5000,
2248 5735 2443 5811 partes
2472 5735 2544 5792 50
2574 5735 2880 5794 habebunt
2905 5737 3141 5793 250000.
