4114 6448
403 445 560 510 1279

1654 444 2078 511 NICEPHORI
2119 443 2561 511 BLEMMIDE

3651 439 3824 506 1280

383 581 646 637 vicissim
677 579 752 636 iis
781 580 884 653 qui
915 596 950 637 a
971 580 1179 638 Rhodo
1198 580 1609 638 Alexandriam
1634 597 1838 638 versus
1859 581 2036 654 quina

2152 579 2259 634 ἀπὸ
2310 576 2498 634 Ῥόδου
2543 575 2601 635 δὲ
2651 576 2817 655 μέχρι
2855 578 2957 648 τῆς
3006 571 3407 652 Ἀλεξανδρείας
3455 594 3818 652 πεντακισχιο

385 670 714 727 stadiorum
746 671 933 725 millia
960 672 1369 744 enavigarunt,
1417 676 1695 744 appareat
1724 670 1895 727 stella
1924 671 2038 727 ista

383 760 442 815 in
476 758 825 814 Alexandria
855 758 1073 815 elevata
1116 778 1296 832 supra
1342 760 1727 828 horizontem,
1762 761 1937 817 simul
1971 777 2036 815 ac

385 849 647 904 medium
671 848 882 904 cmlum
906 850 1182 922 attigerit,
1209 848 1582 904 altitudinem
1608 854 1829 920 quartae
1855 850 2037 921 partis

381 938 561 993 unius
609 938 786 1009 signi,
837 955 964 1009 quas
1014 943 1103 993 est
1152 939 1607 1010 quadragesima
1651 940 1798 994 341
1837 945 2039 993 octava

381 1043 517 1099 pars
549 1027 1012 1082 totiusZodiaci.
1069 1028 1317 1082 Proinde
1352 1029 1529 1082 etiam
1582 1028 1733 1083 inter
1764 1028 2035 1082 Rhodum

380 1120 438 1171 et
465 1115 873 1171 Alexandriam
908 1116 1306 1181 intervallum,
1341 1118 1447 1171 hoc
1480 1122 1588 1182 est,
1613 1118 1793 1188 quina
1819 1118 2037 1172 stadio-

384 1222 516 1260 rum
551 1204 758 1272 millia,
806 1206 1326 1277 quadragesimum
1381 1210 1651 1261 octavum
1704 1212 1874 1261 erunt
1904 1224 2036 1278 seg-

382 1299 648 1349 mentum
684 1293 925 1348 maximi
967 1298 1132 1349 terrm
1182 1294 1408 1349 circuli.
1461 1294 1639 1365 Atqui
1686 1296 2038 1366 quadragies

379 1383 561 1437 octies
593 1382 774 1453 quina
794 1384 1118 1437 stadiorum
1144 1383 1349 1448 millia,
1385 1385 1678 1455 myriades
1710 1385 2036 1439 stadiorum

382 1472 725 1528 efﬁciuntur
753 1471 957 1543 viginti
983 1476 1237 1543 quatuor
1264 1473 1322 1539 5;
1351 1472 1641 1543 siquidem
1664 1471 2036 1526 intervallum

377 1560 535 1634 quod
584 1577 654 1615 ex
701 1561 902 1616 Rhodo
944 1562 1016 1615 ad
1070 1560 1486 1616 Alexandriam
1521 1560 1914 1632 protenditur,
1963 1560 2035 1615 ad

384 1650 567 1721 quina
588 1650 915 1704 stadiorum
942 1647 1130 1704 millia
1150 1650 1448 1717 excrescit,
1474 1650 1564 1703 sin
1589 1649 1809 1713 minus,
1835 1666 2042 1704 secun-

382 1739 527 1794 dum
559 1737 993 1810 proportionem
1030 1738 1211 1794 illius.

453 2005 547 2059 24.
580 2005 726 2060 Cum
762 2009 956 2061 autem
980 2008 1146 2060 terrae
1169 2005 1428 2061 ambitus
1453 2006 1531 2060 sit
1550 2004 1752 2077 viginti
1783 2008 2039 2076 quatuor

383 2094 677 2166 myriades
714 2093 1074 2163 stadiorum,
1126 2095 1409 2149 diameter
1456 2092 1619 2148 illius
1667 2094 1779 2149 erit
1811 2098 2034 2165 septem

384 2182 697 2254 myriades,
732 2199 833 2237 sex
883 2182 1089 2249 millia,
1142 2188 1401 2237 trecenta
1437 2183 1741 2254 sexaginta
1771 2184 1884 2238 tria
1915 2188 2033 2237 sta-

382 2271 499 2325 dia.
536 2271 787 2342 Sphaara:
838 2270 994 2325 enim
1028 2271 1316 2326 ambitum
1348 2272 1610 2326 obtinere
1637 2270 1880 2343 triplum
1916 2288 2036 2326 suae

384 2359 682 2427 diametri,
726 2363 784 2414 et
812 2360 1057 2430 insuper
1109 2360 1419 2430 septimam
1463 2364 1687 2431 partem
1717 2361 1758 2429 ⁸,
1793 2377 1907 2415 non
1938 2376 2034 2415 ac-

384 2454 602 2516 curate,
636 2450 734 2504 sed
766 2464 945 2520 quam
977 2449 1258 2519 proxime,
1293 2448 1481 2521 placet
1510 2448 1875 2504 Archimedis
1907 2466 2034 2505 sec-

379 2537 705 2594 tatoribus:
742 2537 841 2608 qui
874 2537 1265 2610 pronuntiant
1294 2537 1489 2593 omnis
1519 2536 1723 2594 circuli
1755 2543 1812 2593 et
1841 2539 2035 2594 omnis

380 2627 621 2699 sphaera;
652 2627 939 2682 ambitum
972 2626 1235 2682 obtinere
1281 2627 1569 2682 rationem
1601 2627 1671 2682 ad
1705 2643 1873 2682 suam
1905 2628 2035 2683 dia-

382 2722 637 2772 metrum
669 2732 849 2787 quam
882 2715 1143 2788 proxime
1192 2716 1428 2787 triplam
1462 2715 1660 2786 sesqui
1694 2715 2031 2787 septimam.

2068 1958 2116 2025 B

2148 666 2306 731 λίους
2384 667 2634 731 σταδίους
2712 665 3034 724 ἑκπλεύσασι
3109 664 3383 744 φαίνεσθαι
3460 665 3553 721 τὸν
3614 663 3818 740 ἀστέρα

2144 762 2336 812 τοῦτον
2386 759 2503 813 κατ’
2550 754 2951 833 Ἀλεξάνδρειαν
3008 754 3144 829 ὕψος
3204 756 3483 830 ἀπὲχοντα
3536 758 3635 809 τοῦ
3695 754 3816 830 ὁρί-

2149 852 2357 915 ζοντος,
2408 843 2622 902 ἐπειδὰν
2673 840 2915 922 ἀκριϐῶς
2970 846 3367 919 μεσουρανήσῃ,
3410 842 3669 920 τετάρτου
3726 842 3818 916 μὲ-

2148 956 2276 1012 ρους
2329 933 2527 1005 ζωδίου
2579 935 2691 997 ἑνὸς
2735 934 2867 1011 ὕπερ
2919 934 3029 989 ἐστὶ
3078 930 3568 1010 τετρακοστόγδοον
3615 931 3811 1006 μόριον

2145 1025 2346 1087 παντὸς
2392 1029 2489 1079 τοῦ
2541 1022 2829 1094 ζωδιακοῦ.
2880 1023 2977 1078 Καὶ
3024 1024 3087 1079 τὸ
3140 1022 3336 1096 μεταξὺ
3383 1021 3562 1077 τοίνυν
3611 1023 3718 1089 τῆς
3755 1041 3814 1076 τε

2144 1111 2329 1167 Ῥόδου
2382 1113 2471 1167 καὶ
2550 1117 2649 1182 τῆς
2726 1110 3133 1189 Ἀλεξανδρείας
3205 1111 3479 1184 διάστημα
3534 1110 3812 1165 τουτέστιν

2147 1203 2200 1256 οἱ
2256 1201 2692 1278 πεντακισχίλιοι
2741 1199 2981 1273 στάδιοι,
3040 1196 3598 1276 τεσσαρακοστόγδοον
3657 1195 3809 1253 ’ἐσται

2144 1299 2344 1364 τμῆμα
2398 1296 2496 1345 τοῦ
2546 1291 2798 1367 μεγίστου
2855 1290 3061 1346 κύκλου
3116 1297 3217 1360 τῆς
3273 1296 3401 1364 γῆς.
3443 1295 3810 1364 Τεσσαρακον-

2147 1380 2300 1442 τάκις
2355 1378 2413 1435 δὲ
2459 1378 2549 1435 καί
2602 1380 2823 1442 ὀκτάκις
2871 1382 2925 1435 οἱ
2969 1377 3406 1455 πεντακισχίλιοι
3459 1374 3670 1432 στάδιοι
3709 1398 3808 1449 μυ-

2150 1467 2327 1546 ριάδες
2403 1468 2744 1525 ἐκτελοῦνται
2821 1467 3052 1524 σταδίων
3126 1467 3382 1544 τέσσαρες
3464 1466 3602 1543 πρὸς
3689 1470 3808 1528 ταῖς

2150 1556 2368 1614 εἴκοσιν.
2425 1560 2611 1613 Ἔσται
2666 1563 2793 1634 γοῦν
2851 1559 2988 1613 κατά
3045 1554 3407 1612 Ποσειδώνιον
3466 1557 3502 1625 ἡ
3560 1553 3809 1629 περίμε-

2146 1669 2274 1724 τρος
2328 1655 2430 1717 τῆς
2477 1650 2579 1722 γῆς
2631 1644 2859 1701 σταδίων
2923 1643 3199 1720 μυριάδων
3255 1643 3528 1717 τεσσάρων
3577 1643 3671 1698 καὶ
3733 1639 3804 1696 εἷ’-

2148 1758 2290 1809 κοσι,
2342 1733 2396 1790 εἷ’
2435 1757 2499 1811 γε
2525 1737 2588 1791 τὸ
2629 1735 2689 1791 ἐκ
2732 1732 2919 1790 Ῥόδου
2970 1736 3108 1811 πρὸς
3155 1729 3563 1809 ’Δλεξάνδρειαν
3614 1728 3801 1801 διῆκον

2151 1825 2228 1888 εἷς
2258 1824 2738 1900 πεντακισχιλίους
2769 1829 3030 1879 ποσοῦται
3061 1821 3333 1885 σταδίους·
3367 1821 3415 1876 εἰ
3446 1818 3506 1877 δὲ
3539 1822 3637 1894 μὴ,
3673 1820 3804 1897 πρὸς

2152 1913 2316 1991 λόγον
2349 1914 2532 1970 αὐτοῦ.

2214 2001 2310 2058 κδ’.
2358 2008 2468 2073 Τῆς
2517 2001 2847 2078 περιμέτρου
2898 2000 2956 2057 δὲ
3003 2009 3103 2072 τῆς
3154 2003 3258 2077 γῆς
3312 1997 3590 2077 μυριάδων
3636 1995 3799 2069 οὔσης

2145 2090 2375 2148 σταδίων
2447 2092 2717 2169 τεσσάρων
2789 2092 2879 2147 καὶ
2954 2089 3126 2146 εἷ’κοσι
3182 2093 3217 2159 ἡ
3291 2087 3586 2166 διάμετρος
3658 2087 3799 2144 ἔσται

2142 2180 2367 2253 ταύτης,
2421 2182 2583 2236 οἱονεὶ
2645 2178 2876 2235 σταδίων
2926 2183 3093 2257 τριῶν
3158 2179 3418 2251 ἐξήκοντα
3473 2177 3797 2255 τριακοσίων

2143 2270 2233 2325 καὶ
2279 2268 2550 2345 χιλιάδων
2582 2270 2657 2341 ἓξ,
2708 2270 2847 2346 πρὸς
2900 2269 3153 2344 μυριάσιν
3204 2268 3355 2323 ἑπτά·
3400 2269 3502 2337 τήν
3552 2267 3655 2343 γὰρ
3702 2273 3798 2334 τῆς

2145 2359 2373 2437 σφαίρας
2448 2359 2774 2436 περίμετρον
2828 2357 2892 2413 τὰ
2947 2356 3269 2433 τριπλάσιον
3328 2354 3475 2433 ἔχειν
3542 2363 3646 2426 τῆς
3722 2354 3800 2409 ol-

2144 2448 2290 2511 κείας
2352 2446 2667 2525 διαμέτρου,
2723 2449 2863 2518 πρὸς
2922 2446 2981 2502 δὲ
3034 2448 3124 2502 καὶ
3179 2448 3242 2502 τὸ
3286 2442 3549 2519 ἕϐδομον,
3598 2444 3661 2500 οὐ
3691 2444 3802 2499 κατ’

2145 2532 2447 2613 ἀκρίϐειαν,
2508 2536 2635 2594 ἀλλ’
2696 2538 2773 2600 ὡς
2824 2533 3043 2612 ἔγγιστα
3096 2542 3217 2599 τοῖς
3270 2535 3395 2612 περὶ
3453 2531 3803 2612 ’Δρχιμήδην

2145 2624 2335 2694 δοκεῖ,
2391 2629 2593 2689 παντὸς
2644 2625 2852 2682 κύκλου
2908 2625 2999 2681 καί
3051 2625 3230 2697 πάσης
3293 2623 3520 2704 σφαίρας
3577 2623 3801 2699 περίμε-

2141 2737 2269 2792 τρον
2325 2713 2490 2791 λόγον
2544 2714 2690 2791 ἔχειν
2752 2712 3213 2793 ἀποφαινομένοις
3260 2715 3399 2791 πρὸς
3457 2714 3558 2782 τὴν
3606 2711 3799 2767 οἰκείαν

2145 2803 2435 2881 διάμετρον
2469 2805 2545 2867 ὡς
2579 2800 2798 2882 ἔγγιστα
2824 2798 3421 2883 τριπλασιεφέϐδομον.

1656 3038 1996 3095 SYNOPSIS
2036 3038 2311 3095 CAPITlS
2349 3039 2538 3106 XXIX,

1145 3143 1297 3190 QUOD
1337 3144 1439 3183 EST
1476 3145 1547 3184 DE
1585 3144 1793 3183 DIEBUS
1831 3145 1898 3183 ET
1936 3145 2216 3184 NOCTIBUS
2256 3146 2323 3184 ET
2358 3144 2631 3193 QUATUOR
2665 3145 2794 3184 ANNI
2834 3143 3030 3185 HORIS.

397 3236 445 3286 l.
485 3224 577 3282 Sol
608 3233 816 3280 motum
847 3225 1004 3280 habet
1030 3224 1323 3297 duplicem,
1356 3242 1532 3281 unum
1570 3229 1859 3297 proprium
1890 3227 2044 3283 342
2074 3234 2128 3282 et
2173 3228 2411 3283 alterum
2457 3226 2859 3295 adventitium;
2902 3226 3000 3282 illo
3028 3225 3209 3293 horas,
3256 3225 3316 3281 id
3361 3231 3460 3291 est,
3490 3227 3637 3280 stata
3670 3224 3808 3280 anni

464 3301 728 3371 tempora,
761 3298 858 3351 hoc
885 3301 1066 3371 noctes
1097 3300 1148 3351 et
1177 3297 1290 3352 dies
1318 3299 1585 3371 efﬁciens.
1618 3329 1688 3338 ——
1715 3299 1769 3352 2.
1807 3301 1995 3371 Causa
2024 3315 2197 3370 quare
2245 3299 2465 3354 dierum
2492 3303 2545 3353 et
2573 3300 2818 3353 noctium
2864 3299 3201 3371 incrementa
3230 3301 3284 3352 et
3328 3297 3678 3371 decrementa
3704 3312 3803 3371 va-

468 3370 633 3441 rient,
666 3369 900 3441 itemque
930 3368 1077 3441 liora?
1107 3371 1246 3423 anni
1273 3368 1506 3439 quatuor
1531 3372 1665 3435 sint,
1696 3378 1775 3425 est
1821 3369 2019 3424 mundi
2036 3368 2344 3426 inclinatio
2394 3374 2448 3425 et
2476 3371 2799 3425 elecationis
2840 3370 2961 3441 poli
3003 3378 3259 3441 mutatio,
3290 3368 3531 3439 adeoque
3572 3368 3807 3441 paralle-

468 3440 645 3512 lorum
672 3439 803 3494 solis
833 3438 899 3493 ab
930 3438 1208 3512 horizonte
1238 3438 1531 3511 inaequalis
1580 3443 1761 3507 sectio,
1793 3446 1843 3496 et
1872 3441 2167 3496 climatum
2212 3450 2372 3497 terrae
2399 3441 2470 3497 ad
2497 3443 2785 3497 zodiacum
2835 3438 2947 3496 non
2989 3440 3175 3497 eadem
3219 3438 3627 3512 propinquitas.
3661 3469 3730 3481 —
3751 3438 3805 3512 3.

468 3511 662 3578 Qualis
688 3512 764 3584 sit
794 3510 993 3565 mundi
1034 3513 1244 3584 positus
1275 3514 1331 3566 in
1362 3510 1582 3567 climate
1628 3515 1897 3583 zequatori
1939 3513 2193 3583 subjecto,
2225 3518 2277 3568 et
2304 3529 2424 3584 quae
2472 3517 2587 3584 ejus
2616 3514 2983 3569 Iconsectaria.
3015 3543 3085 3553 ——
3132 3513 3185 3567 4.
3216 3513 3256 3567 Α
3286 3510 3687 3584 primum":
3715 3510 3811 3567 cli-

463 3586 611 3636 mate
634 3583 843 3655 positus
871 3583 1068 3655 mundi
1094 3583 1347 3637 variatur
1373 3588 1423 3638 et
1471 3585 1587 3638 alia
1615 3586 1959 3640 consectaria
2004 3588 2153 3649 sunt,
2185 3583 2350 3653 idque
2377 3583 2552 3655 magis
2579 3593 2629 3639 et
2673 3600 2859 3639 minus
2882 3600 2989 3655 pro
3028 3585 3348 3639 remotionis
3377 3583 3722 3655 differentia,
3754 3584 3814 3655 ut

461 3654 715 3727 exemplo
744 3661 861 3707 tum
890 3652 987 3708 hoc
1015 3655 1216 3719 ipsum,
1251 3664 1365 3709 tum
1392 3656 1560 3727 etiam
1589 3655 1646 3709 id
1694 3657 1842 3726 quod
1869 3658 2155 3727 superiore
2194 3652 2437 3712 membro
2469 3652 2695 3710 'dictum
2740 3664 2839 3720 est,
2868 3652 3200 3711 declaratur.
3232 3684 3302 3727 -έ
3354 3655 3408 3712 5.
3437 3652 3662 3727 Circuli
3688 3653 3813 3727 stet:

462 3726 647 3798 larum
673 3724 934 3798 ﬁxurum,
976 3741 1109 3796 quos
1136 3727 1316 3796 primo
1346 3730 1500 3781 motu
1529 3724 1859 3795 describunt,
1883 3724 2158 3798 paralleli
2183 3730 2309 3782 sunt
2330 3744 2352 3788 ;
2380 3729 2621 3782 minores
2653 3735 2839 3782 tamen
2877 3728 3002 3795 alii,
3033 3727 3139 3781 alii
3165 3726 3426 3798 majores.
3457 3725 3696 3781 Minores
3724 3725 3817 3796 qui

448 3796 635 3870 polis,
659 3796 894 3867 majores
922 3798 1019 3867 qui
1046 3799 1431 3869 zequinoctiali
1458 3800 1767 3869 pr0priores
1796 3796 1945 3863 sunt,
1978 3800 2074 3869 qui
2111 3799 2260 3854 solus
2289 3807 2368 3853 est
2414 3800 2713 3853 maximus.
2748 3829 2815 3838 —
2844 3799 2899 3870 6.
2932 3802 3145 3853 Horum
3172 3796 3512 3853 circulorum
3562 3799 3816 3870 omnium

464 3870 524 3952 in
544 3868 969 3952 sphaerairecta,
999 3868 1272 3952 nimirum
1316 3870 1629 3952 in'clz'mate
1657 3871 1754 3952 sub
1784 3868 2065 3952 aequatore
2094 3880 2583 3952 _s_egmenta_supra
2612 3878 2662 3925 et
2699 3871 2853 3952 infra
2881 3868 3219 3952 horizontem
3246 3872 3375 3951 sunt
3421 3868 3714 3952 aquatio;
3759 3869 3815 3921 in

468 3938 691 4013 obliqua
717 3938 958 4009 sphaera,
990 3939 1088 3994 hoc
1112 3948 1209 4007 est,
1240 3942 1299 4013 in
1330 3940 1466 3995 aliis
1494 3941 1814 3996 climatibus
1841 3938 2185 4011 inaequalia,
2220 3944 2459 4013 exceptis
2483 3938 2796 4010 'segmentis
2840 3943 3007 3997 unius
3034 3941 3357 4009 aequatoris,
3388 3938 3597 4013 quippe
3621 3940 3815 4013 borea-

471 4010 679 4066 liorum
710 4014 992 4083 segmenta
1018 4027 1186 4083 supra
1236 4011 1575 4083 horizontem
1618 4014 1852 4078 maiora,
1885 4010 2038 4081 in/ra
2083 4010 2421 4068 horizontem
2466 4015 2706 4083 minora,
2737 4013 3135 4068 australzorum
3179 4020 3371 4067 contra
3396 4010 3729 4076 ﬁse’habent,
3760 4011 3818 4065 in

470 4081 901 4166 nostrahquidem
928 4081 1400 4166 temperatajona
1429 4082 1760 4166 habitabili._
1784 4085 1844 4139 1η
1874 4086 2119 4166 opposita
2148 4085 2297 4166 enim
2325 4100 2461 4166 zona
2489 4081 2698 4166 horum
2709 4085 2880 4166 etiam
2895 4083 3247 4166 circulorum
3262 4084 3513 4166 opposita
3542 4084 3619 4137 est
3652 4084 3814 4166 ratio.

474 4184 539 4194 -—
568 4155 622 4208 7.
658 4151 757 4208 Sbl
785 4170 819 4207 a
839 4151 1377 4237 conversione'343
1408 4154 1479 4237 ad
1509 4151 1951 4237 conversionem,
1966 4157 2078 4235 sive
2106 4163 2164 4210 ut
2207 4156 2351 4210 alias
2374 4157 2679 4237 loquimurz
2711 4173 2745 4210 a
2773 4156 3005 4237 solstitio
3046 4154 3118 4210 ad
3145 4151 3454 4237 solstitium.
3462 4153 3820 4237 progrediens

475 4240 659 4297 omnes
704 4225 1000 4295 parallelos
1047 4226 1298 4297 circulos,
1331 4227 1429 4296 qui
1475 4236 1603 4281 sunt
1644 4230 1794 4281 intra
1845 4224 2095 4297 tro‘picos,
2126 4224 2524 4296 percurritf—
2553 4228 2605 4281 8.
2641 4227 2777 4281 Cum
2822 4230 2973 4282 motu
3007 4242 3106 4282 suo
3153 4242 3224 4281 ea:
3265 4224 3578 4297 borealibus
3620 4224 3820 4280 mundi

465 4296 722 4371 partibus
752 4297 1018 4371 trapicum
1050 4296 1343 4371 hibernum
1372 4299 1625 4371 attingit,
1657 4298 1806 4352 diem
1857 4296 2243 4353 brevissimum
2274 4305 2326 4353 et
2368 4302 2603 4371 noctem_
2627 4298 3003 4367 longissimam
3033 4297 3230 4371 efﬁcit.
3262 4327 3333 4338 —
3359 4298 3416 4351 9.
3449 4296 3585 4371 Qum
3608 4313 3675 4371 _a
3702 4302 3814 4371 tro-

464 4369 589 4440 pico
620 4367 848 4440 hiberno
876 4367 952 4422 ad
982 4367 1218 4423 boreales
1247 4370 1450 4422 mundi
1476 4374 1658 4439 partes
1686 4375 1951 4434 movetur,
1981 4371 2125 4424 diem
2157 4373 2480 4425 crescentem
2511 4369 2665 4424 nobis
2704 4371 2945 4436 exhibet,
2979 4367 3133 4425 nocte
3181 4378 3365 4424 tamen
3393 4367 3572 4423 adhuc
3602 4367 3817 4440 brevio-

470 4438 615 4513 rem,
644 4439 814 4494 donec
834 4440 1273 4513 aequinoctialem
1306 4438 1648 4513 assequatur.
1691 4472 1756 4482 —
1794 4442 1876 4495 10.
1911 4442 2048 4495 Hinc
2075 4458 2202 4495 cum
2248 4442 2694 4512 aequinoctialem
2723 4443 2968 4513 attingit,
2999 4456 3229 4496 vernum
3274 4440 3674 4511 aequinoctium
3704 4438 3820 4513 efﬁ-

470 4511 563 4579 cit,
593 4515 914 4584 accuratum
944 4511 1163 4581 quidem
1190 4513 1251 4565 in
1277 4514 1457 4582 primo
1502 4512 1681 4581 gradu
1729 4517 1787 4577 Υ,
1820 4514 1963 4583 quod
1993 4517 2073 4568 est
2112 4513 2349 4567 alterum
2373 4517 2641 4584 punctum
2692 4511 3092 4568 intersectionis
3122 4513 3424 4584 hoﬁzontis
3454 4520 3529 4584 et_
3561 4512 3817 4584 aequino-

472 4582 696 4644 ctialis.-
723 4583 915 4635 minus
941 4586 1258 4655 accuratum
1288 4586 1349 4637 in
1378 4586 1590 4651 punctis
1619 4592 1747 4639 ante
1773 4582 2002 4639 et'retro
2029 4585 2244 4639 vicinis.
2277 4616 2346 4624 —
2373 4582 2463 4638 11.
2496 4587 2638 4641 Cum
2668 4586 2742 4638 ab
2783 4583 3158 4655 aequinoctiali
3182 4584 3412 4655 propius
3460 4582 3532 4655 ad
3580 4582 3819 4655 boreales

471 4654 678 4727 mundi
701 4661 886 4723 partes
914 4653 1136 4727 accedit,
1168 4654 1282 4708 (lies
1310 4657 1489 4709 etiam
1521 4656 1773 4710 noctibus
1800 4656 2075 4723 longiores
2102 4656 2293 4725 efﬁcit,
2327 4655 2494 4727 donec
2522 4665 2802 4711 assecutus
2841 4653 3125 4727 tropicum
3154 4653 3411 4710 aestivum
3436 4654 3587 4727 diem,
3610 4654 3818 4727 longis-

470 4725 674 4780 simam
702 4733 754 4798 et
780 4728 991 4798 noctem
1023 4724 1403 4781 brevissimam
1420 4728 1618 4798 efﬁcit.
1653 4758 1721 4767 —
1756 4727 1841 4780 12.
1874 4729 2015 4782 Hinc
2042 4723 2171 4782 cum
2199 4726 2509 4797 regreditur
2535 4727 2605 4782 ad
2630 4727 2914 4782 australes
2936 4723 3144 4782 mundi
3167 4730 3371 4798 partes,
3405 4726 3530 4782 dies
3556 4726 3702 4797 facit
3718 4723 3819 4780 Vde-

469 4797 786 4862 crescentes,
823 4795 1095 4863 longiores
1124 4800 1310 4851 tamen
1360 4795 1537 4853 adhuc
1581 4798 1849 4865 noctibus,
1881 4798 2049 4853 donec
2097 4795 2299 4853 iterum
2340 4798 2783 4869 azquinoctialem
2828 4801 3083 4869 attingat,
3113 4795 3180 4853 et’
3202 4797 3529 4854 autumnale
3558 4795 3817 4869 :zquino-

470 4871 662 4932 ctium,
692 4883 817 4921 cum
846 4876 1159 4939 accuratum
1191 4872 1305 4922 tum
1335 4871 1522 4923 minus
1552 4878 1869 4925 acmtratum
1914 4870 1973 4924 in
2004 4871 2279 4939 principio
2323 4876 2365 4922 Ω
2393 4868 2715 4939 punctisque
2758 4878 2886 4925 ante
2931 4868 2985 4925 et
3009 4877 3153 4926 retro
3199 4870 3421 4931 vicinis,
3448 4876 3514 4923 ut
3538 4868 3605 4923 de
3645 4880 3817 4923 verno

470 4940 793 5012 aequinoctio
822 4938 1173 5012 applicatum
1203 4941 1331 5009 fuit,
1362 4942 1637 5010 producit.
1673 4972 1739 4982 —
1773 4943 1859 4996 13.
1892 4942 1956 4996 Et
1984 4938 2064 4995 sic
2110 4941 2346 5011 reliquos
2394 4938 2468 4996 ab
2493 4938 2772 5012 aequatore
2822 4941 3125 5012 parallelos
3153 4956 3481 5011 percurrens
3509 4939 3625 4996 dies
3649 4941 3819 4995 etiam

468 5010 718 5085 noctibus
749 5010 1020 5085 breviores
1047 5010 1284 5085 exhibet,
1317 5014 1489 5085 cujus,
1509 5013 1731 5085 quidem
1758 5021 1829 5085 ut
1847 5017 1897 5068 et
1946 5010 2295 5083 superiorum
2323 5010 2571 5067 omnium
2622 5014 2766 5068 ratio
2795 5010 2831 5067 α
2854 5010 3254 5085 parallelorum
3297 5020 3350 5068 et
3379 5015 3538 5085 444
3566 5012 3817 5067 horizon-

475 5083 541 5138 tis
572 5083 739 5137 varia
765 5084 1003 5155 sectione
1030 5082 1298 5137 redditur.
1334 5082 1400 5123 ς
1434 5082 1531 5137 14.⁷
1556 5084 1702 5139 Idem
1756 5084 1835 5139 sol
1867 5082 2266 5139 conversionem
2292 5086 2547 5141 aestivam
2585 5100 2681 5139 seu
2709 5082 3011 5140 solstitium
3060 5086 3315 5141 aestivum
3359 5082 3547 5155 facere
3584 5090 3819 5155 quatuor

477 5154 821 5224 argumentis
849 5156 1230 5221 cognoscitur;
1260 5155 1483 5209 totidem
1515 5159 1563 5209 et
1602 5156 1910 5220 hibernam,
1941 5155 2034 5211 sed
2083 5158 2399 5210 contrariis.
2433 5186 2502 5195 -—
2534 5156 2620 5210 15.
2653 5156 2746 5212 Sol
2773 5157 2844 5212 ab
2872 5156 3101 5211 hiberna
3151 5156 3502 5211 conversione
3528 5154 3607 5210 ad
3635 5168 3821 5225 equa-

482 5229 653 5280 torem
685 5227 981 5280 ascendens
1010 5226 1397 5294 wquinoclium
1428 5243 1679 5291 vernum,
1710 5229 1782 5282 ab
1809 5228 2002 5283 aestiva
2042 5228 2393 5282 conversione
2421 5227 2492 5282 ad
2522 5230 2775 5283 eumdem
2822 5227 3168 5293 descendens,
3200 5227 3524 5282 autumnale
3546 5227 3820 5297 reequino-

480 5298 655 5370 ctiam
681 5296 867 5365 efﬁcit.
902 5326 968 5337 -—
1020 5297 1106 5352 16.
1140 5298 1203 5352 In
1249 5298 1598 5370 generedies
1644 5304 1940 5370 crescentes
1987 5298 2204 5370 exhibet
2230 5299 2311 5354 sol
2339 5315 2465 5354 cum
2510 5316 2545 5353 a
2569 5299 2820 5370 partibus
2859 5298 3055 5355 mundi
3099 5298 3440 5354 australibus
3486 5296 3559 5353 ad
3589 5295 3822 5370 boreales

477 5363 1142 5441 Mceditfdecrescentes,
1176 5384 1303 5441 eum
1349 5372 1417 5423 ab
1452 5369 1539 5424 his
1582 5371 1653 5425 ad
1699 5369 1833 5425 illas
1881 5369 2100 5425 recedit.
2132 5400 2198 5410 —
2252 5372 2337 5424 17.
2387 5371 2455 5425 At
2508 5363 2854 5426 incrementa
2904 5371 3119 5427 dierum
3163 5378 3219 5426 et
3267 5371 3513 5426 noctium
3559 5363 3822 5441 inaequali

471 5440 615 5514 ﬁunt
659 5439 1475 5514 acceﬁsionc,_quemadm0dum
1518 5443 1580 5495 in
1630 5450 1784 5497 textu
1812 5457 1910 5513 per
1956 5441 2267 5514 exemplum
2296 5443 2358 5496 in
2405 5444 2580 5513 specie
2622 5443 2958 5499 declaratur.
2988 5473 3055 5483 —
3088 5443 3173 5497 18.
3204 5442 3373 5514 Cujus
3419 5441 3503 5514 rei
3531 5439 3698 5497 causa
3733 5442 3822 5514 est

469 5509 764 5594 obliquitas
792 5509 1011 5593 zodiaci
1028 5509 1136 5581 'qui
1162 5516 1503 5594 sequatoreon
1647 5509 1878 5594 vicinos
1900 5509 2201 5594 parallelos
2232 5509 2454 5594 rectius,
2480 5516 2624 5594 quin
2671 5515 2786 5585 fere
2816 5513 2896 5594 ad_
2912 5517 3085 5594 rectos
3133 5509 3558 5594 serat'ongulos,
3594 5510 3818 5594 tropica:

474 5578 603 5636 vero
638 5581 928 5657 obliquius
981 5578 1273 5657 incumbit.
1310 5613 1378 5657 έ-
1416 5584 1524 5657 _19.
1555 5586 1621 5657 Et
1671 5578 1910 5653 proinde
1933 5586 2013 5640 sol
2070 5584 2142 5639 ad
2183 5585 2419 5657 tropicos
2442 5578 2448 5581 ’
2472 5578 2687 5641 tardius
2737 5584 2963 5653 accedit,
2994 5588 3049 5641 et
3093 5584 3189 5657 ab,
3215 5578 3441 5657 eisdem~
3476 5578 3695 5652 recedit,
3726 5578 3817 5657 ad

469 5654 801 5724 agitatorem
854 5657 905 5708 et
932 5655 1140 5709 vicinos
1182 5653 1488 5726 parallelos
1535 5656 1806 5719 celerius;
1865 5672 1974 5726 qua
2027 5671 2161 5711 sane
2192 5652 2282 5711 in'
2308 5672 2368 5711 re
2396 5658 2691 5728 manifesto
2745 5657 2943 5717 divina
2997 5656 3344 5729 providentia
3392 5655 3586 5714 elucet.
3618 5684 3687 5697 -
3721 5652 3811 5708 20.

468 5777 488 5813 δ
518 5781 661 5834 Pars
695 5779 719 5835 1
756 5778 934 5835 habet
964 5778 1155 5836 stadia
1204 5780 1368 5850 5000,
1396 5782 1589 5851 partes
1616 5756 1691 5834 28
1741 5778 2045 5837 habebunt
2072 5781 2304 5838 240000.
2381 5782 2401 5818 ⁸
2431 5785 2508 5839 Ut
2535 5783 2607 5839 22
2655 5798 2719 5841 se
2750 5782 2971 5842 habent
3019 5783 3093 5843 ad
3121 5785 3178 5856 7,
3213 5781 3299 5842 sic
3343 5780 3524 5841 24000
3551 5781 3624 5841 ad
3651 5778 3811 5836 7663.
