4114 6420
310 390 461 454 1281

1644 384 1995 446 EPITOME
2041 382 2402 446 PHYSICA.

3569 391 3725 454 1282

374 518 747 578 Intervallum
786 518 1010 573 dierum
1056 516 1124 571 ab
1153 518 1485 588 aequinoctio
1535 532 1699 572 verno
1727 516 1797 571 ad
1846 517 2226 572 conversiones
2271 532 2443 587 usque
2471 519 2715 584 wslivas,
2744 521 2795 573 et
2833 535 2869 573 a
2922 520 3367 576 conversionibus
3412 524 3623 579 aestivis
3652 523 3724 579 ad

378 593 768 663 aequinoctium
795 589 1145 663 autumnale,
1176 594 1233 643 et
1283 588 1573 663 abcodem
1604 589 1932 663 aequinoctio
1963 588 2032 663 ad
2083 591 2473 663 conversiones;
2510 590 2790 663 hibernas,
2822 594 2876 644 ei
2921 594 3160 662 denique
3191 610 3231 646 ιι
3276 596 3723 650 conversionibus

380 660 629 720 hibernis
656 663 727 718 ad
754 662 1155 734 aequinoctium
1184 661 1403 716 vernale
1443 660 1721 734 deﬁnitur
1754 690 1824 701 -—-
1852 660 2318 734 21._QuanquamA
2351 660 2565 715 zodiaci
2592 663 2927 733 quadrantes
2970 660 3096 717 sunt
3137 665 3397 734 aequales,
3433 670 3615 721 tamen
3645 667 3726 722 sol

381 752 491 793 non
520 735 794 804 percurrit
819 731 909 788 eos
936 733 1146 804 aequali
1195 736 1451 803 tempore,
1484 733 1614 803 quia
1644 732 1703 785 in
1735 748 1835 785 sua
1882 731 2100 802 sphwra
2132 747 2251 802 qum
2298 732 2455 803 infra
2481 731 2891 802 ﬁrmamentum
2944 740 3021 789 est
3046 750 3144 804 per
3192 731 3427 791 solerem
3460 738 3723 793 circulum

384 803 535 889 ςιιιῤ
573 808 817 889 movetur
857 806 951 875 qui
982 803 1207 859 Zodiaco
1235 820 1370 889 non,
1396 809 1477 889 est
1522 805 2018 889 con'centricus.I—-
2066 804 2155 855 22.
2190 804 2339 889 Hinc
2376 804 2694 889 aequalibus
2723 805 2944 887 Zodiaci
2989 803 3279 889 segmentis
3301 810 3611 889 inaequalia
3638 825 3725 889 so-

387 880 532 935 laris
569 878 768 933 circuli
811 873 1094 945 segmenta
1142 874 1500 947 respondent;
1531 884 1582 929 et
1610 875 1712 947 hac
1765 876 1885 945 ipsa
1911 873 1976 928 de
2020 890 2189 947 causa
2236 875 2556 945 longissimo
2594 880 2838 947 tempore
2884 878 2943 930 in
2995 876 3257 940 Geminis,
3294 873 3611 934 brevissimo
3668 883 3729 934 in

387 950 688 1022 Sagittario
715 955 965 1002 moratus
993 954 1073 1022 est
1099 947 1195 1022 sol!
1214 946 1449 1002 auctoris
1490 946 1712 1017 quidem
1741 953 2002 1022 tempore.
2028 975 2093 985 —
2122 946 2221 1022 25ζ
2239 947 2361 1022 ..ςεάᾷ
2394 955 2451 1022 et
2474 946 2859 1022 nychthemera
2892 963 2999 1002 non
3045 956 3173 1004 sunt
3196 952 3433 1019 prazcise
3462 953 3729 1022 aequalia,

385 1016 519 1094 quia
549 1018 917 1094 wldztamenlo
946 1018 1077 1073 solis
1111 1020 1195 1094 uti
1242 1027 1433 1073 vocant
1458 1016 1570 1073 non
1616 1026 1747 1094 sunt
1789 1017 2055 1094 aequalia.
2090 1045 2156 1057 —
2186 1016 2278 1094 2ft.
2312 1019 2710 1089 Nychlhemera
2758 1027 2945 1094 autem
2963 1036 3042 1094 ea:
3069 1016 3470 1094 inaequalitate
3510 1016 3728 1078 addita;

384 1089 692 1148 mentorum
718 1099 847 1173 sunt
875 1091 1204 1173 inaequalia,
1382 1098 1604 1173 propter
1626 1092 1840 1173 malum
1867 1089 2028 1173 sqlis_
2049 1090 2354 1173 proprium,
2386 1094 2505 1143 tum
2531 1093 2752 1171 propter
2797 1091 2994 1173 solaris
3022 1089 3225 1173 circuli
3273 1096 3733 1173 eccentricitutem

389 1180 515 1219 cum
541 1164 691 1224 caelo.
724 1162 780 1217 id
809 1170 887 1216 est
912 1159 1095 1232 primo
1146 1162 1363 1217 mobili.
1383 1159 1464 1201 ’--
1485 1159 1583 1217 25.
1617 1161 1825 1231 Quippe
1850 1160 1930 1214 sol
1974 1159 2028 1212 si
2077 1159 2158 1214 vel
2187 1163 2338 1214 motu
2385 1162 2607 1230 proprio
2630 1159 2885 1227 careret,
2912 1163 2995 1216 vel
3025 1164 3073 1216 si
3118 1164 3316 1218 solaris
3344 1164 3592 1219 circulus
3623 1180 3737 1220 non

393 1242 537 1290 esset
563 1234 893 1289 eccentricus
938 1248 1114 1302 grzmo
1163 1234 1376 1301 mobili,
1406 1233 1796 1304 nychihemera
1843 1232 2035 1304 omnia
2080 1232 2307 1304 prwdse
2350 1234 2528 1302 forent
2574 1233 2833 1303 aequalia.
2870 1263 2937 1273 —-
2966 1235 3056 1287 26.
3094 1238 3201 1288 Per
3227 1236 3627 1292 conclusionem
3654 1238 3740 1292 in-

387 1309 520 1377 fert,
552 1306 697 1376 quod
724 1304 1133 1376 inaequalitatis
1162 1302 1680 1377 nychtheineroruni
1700 1303 1874 1359 simul
1903 1304 1956 1358 et
1980 1306 2161 1358 motus
2189 1302 2324 1358 solis
2349 1304 2613 1375 proprius
2642 1302 2692 1360 et
2721 1304 2918 1360 solaris
2966 1306 3172 1361 circuli
3199 1309 3582 1364 eccentricicas
3611 1325 3740 1364 cau-

388 1393 462 1433 sa:
489 1379 618 1433 sint.

2005 1568 2062 1635 A

939 1573 1198 1628 ΚΕΦΔΛ.
1240 1570 1359 1628 ΚΘ’.

322 1662 453 1737 Περὶ
521 1663 745 1735 ἡμερῶν
812 1659 902 1723 καὶ
967 1662 1186 1737 νυκτῶν-
1238 1658 1326 1737 οιαὶ
1381 1662 1489 1713 τῶν
1556 1659 1827 1734 τεσσάρων
1882 1660 1979 1711 τοῦ

965 1727 1119 1793 ἔτους
1158 1731 1339 1806 ὡρῶν.

396 1841 462 1896 α’.
505 1840 562 1894 Ὁ
614 1836 779 1908 ἥλιος
837 1834 1024 1907 διττὴν
1087 1836 1384 1915 φερόμενος
1441 1836 1673 1907 κίνησιν,
1726 1836 1824 1903 τὴν
1885 1834 1979 1908 μὶν

325 1927 418 1984 διὰ
473 1933 574 1998 τῆς
649 1924 847 1988 οἴκείας
907 1925 1131 2004 σφαίρας
1186 1926 1284 1994 τὴν
1344 1925 1710 1996 πλανητικήν,
1767 1924 1866 1992 τὴν
1927 1919 1984 1977 δὲ

326 2015 417 2073 διὰ
462 2019 564 2086 τῆς
626 2014 806 2092 βιαίας
853 2021 1208 2091 περιαγωγῆς
1260 2019 1358 2069 τοῦ
1405 2013 1681 2077 ἀπλανοῦς
1730 2011 1981 2090 οὐρανοῦ,

326 2104 419 2162 διὰ
453 2107 548 2180 μὲν
580 2112 679 2175 τῆς
709 2102 1140 2178 πεπλανημένης
1193 2106 1455 2175 κινήσεως
1498 2105 1594 2166 τὰς
1637 2101 1781 2176 ὥρας
1811 2102 1982 2176 ἀπαρ-

321 2196 482 2265 τίζει,
544 2192 634 2249 διὰ
691 2191 751 2249 δὲ
806 2200 906 2264 τῆς
966 2192 1145 2265 ἄλλης
1202 2200 1303 2263 τῆς
1364 2192 1457 2248 σὺν
1505 2197 1586 2266 τῷ
1638 2191 1851 2268 οὖρανῷ
1889 2192 1984 2253 τὰς

331 2286 543 2362 ἡμέρας
589 2284 681 2339 καὶ
737 2284 831 2346 τὰς
880 2281 1074 2345 νύκτας
1124 2281 1424 2338 ἀποτελεῖ·
1476 2283 1571 2345 τὰς
1626 2280 1839 2355 ἡμέρας
1892 2281 1983 2335 τὸν

329 2373 456 2451 περὶ
516 2372 666 2447 ἥμᾶς
718 2371 852 2449 ἀέρα
909 2371 1160 2450 φωτίζων
1219 2368 1308 2426 διὰ
1356 2375 1465 2425 τῶν
1521 2370 1748 2425 ἀκτίνων
1800 2369 1983 2424 αὐτοῦ·

333 2463 427 2525 τὰς
481 2461 679 2524 νύκτας
710 2508 726 2535 ,
788 2461 891 2516 ὑπὸ
965 2461 1056 2516 τὸν
1127 2460 1378 2538 ὁρίζοντα
1450 2459 1821 2534 κεκρυμμένος
1898 2458 1988 2513 καὶ

337 2550 531 2626 μηκέτι
610 2548 933 2625 διαπέμπων
1009 2550 1105 2613 τὰς
1183 2546 1542 2624 λαμπηδόνας
1618 2548 1781 2604 αὐτοῦ
1855 2548 1990 2624 πρὸς

332 2643 534 2715 ἡμᾶς,
614 2636 704 2695 διὰ
790 2629 890 2709 τὴν
966 2641 1064 2709 τῆς
1139 2646 1241 2715 γῆς
1315 2637 1704 2715 έπιπρόσθησιν
1751 2684 1763 2697 .
1824 2634 1987 2692 Οὐδέν

333 2730 436 2807 γὰρ
509 2726 691 2806 ἕτερόν
773 2727 912 2784 ἐστιν
986 2730 1021 2798 ἡ
1080 2728 1171 2799 νὺξ
1242 2729 1279 2797 ἢ
1352 2729 1415 2783 τὸ
1490 2734 1589 2798 τῆς
1662 2735 1764 2803 γῆς
1834 2728 1993 2782 ἀπο-

338 2819 593 2893 σκίασμα.

2687 1572 2915 1628 CAPUT
2954 1572 3141 1629 XXIX.

2233 1660 2306 1715 De
2333 1659 2522 1715 diebus
2551 1669 2602 1717 el
2629 1662 2873 1717 noctibus
2903 1667 2954 1718 et
2982 1668 3219 1734 quatuor
3245 1666 3385 1720 anni
3420 1666 3590 1722 horis.

2166 1837 2216 1892 1.
2248 1837 2394 1893 Cum
2426 1836 2510 1893 sol
2542 1838 2561 1872 ⁷
2592 1837 2811 1911 duplici
2871 1844 3032 1895 motu
3084 1846 3403 1909 moveatur,
3436 1860 3553 1900 uno
3583 1860 3740 1899 erra-

2093 1925 2291 1981 bundo
2317 1943 2422 1998 per
2450 1926 2742 1998 propriam
2777 1928 3090 1999 sphaeram,
3124 1930 3304 1987 altero
3336 1933 3585 1989 violento
3609 1932 3738 1989 caeli

2092 2014 2404 2071 inerrantis
2435 2015 2720 2084 circuitu;
2753 2018 2997 2073 erratico
3059 2019 3296 2091 quidem
3350 2029 3509 2077 motu
3545 2023 3741 2092 horas,

2093 2104 2203 2159 hoc
2233 2109 2338 2169 est,
2373 2108 2525 2160 stata
2553 2105 2691 2160 anni
2746 2108 3013 2177 tempora
3069 2108 3287 2176 efﬁcit;
3321 2111 3501 2166 altero
3544 2115 3743 2167 autem

2096 2210 2270 2265 quem
2301 2210 2435 2249 cum
2462 2193 2604 2249 ccelo
2635 2210 3008 2251 communem
3063 2196 3258 2268 habet,
3292 2199 3418 2254 dies
3456 2204 3514 2255 et
3543 2204 3745 2256 noctes

2096 2283 2402 2355 producit;
2436 2283 2579 2354 dies,
2612 2301 2743 2340 cum
2778 2301 2970 2340 aerem
3006 2291 3272 2342 nostrum
3305 2289 3428 2345 suis
3462 2289 3642 2345 radiis
3673 2289 3752 2345 i1-

2098 2370 2385 2438 luminat;
2420 2378 2638 2439 noctes,
2671 2390 2802 2428 cum
2844 2374 2997 2430 infra
3028 2374 3387 2432 horizontem
3418 2378 3750 2436 occultatus

2096 2464 2220 2528 est;
2256 2476 2359 2516 nec
2389 2461 2645 2532 amplius
2674 2462 2828 2517 346
2859 2463 2930 2517 ad
2987 2481 3093 2519 nos
3150 2464 3408 2537 fulgores
3450 2484 3587 2522 suos
3623 2485 3750 2540 pro-

2099 2554 2227 2623 pter
2246 2554 2408 2605 terraa
2440 2551 2734 2621 objectum
2757 2551 2992 2607 emittit.
3017 2553 3213 2625 Neque
3235 2554 3391 2610 enim
3424 2556 3750 2629 quidquam

2100 2637 2255 2694 aliud
2290 2643 2379 2693 est
2404 2655 2536 2709 nox,
2570 2655 2747 2709 quam
2779 2644 2945 2695 terrai
2976 2641 3368 2699 ohumbratio.

414 2908 479 2984 β’.
527 2911 652 2969 Ταῖς
703 2907 939 2983 ¹ἡμέραις
995 2903 1053 2960 δὲ
1098 2905 1188 2961 καὶ
1229 2911 1350 2968 ταῖς
1396 2904 1536 2976 νυξὶν
1595 2904 1846 2976 αὐξήσεις
1902 2904 1991 2961 καὶ

2172 2907 2226 2961 2.
2264 2907 2434 2962 Porro
2464 2906 2671 2963 diebus
2719 2912 2777 2963 et
2834 2908 3105 2965 noctibus
3162 2909 3524 2968 incrementa
3561 2919 3620 2970 et
3647 2917 3754 2971 de-

343 2998 596 3069 μειώσεις
652 2995 1038 3072 προσγίνονται
1071 3041 1084 3065 ,
1143 2995 1233 3049 καὶ
1288 2999 1395 3049 τῶν
1475 2994 1633 3070 ὡρῶν
1700 2992 1997 3049 ἐκτελεῖται

339 3087 374 3155 ἠ
434 3083 746 3161 τετρακτὺς,
810 3081 900 3138 διὰ
953 3085 1016 3138 τὸ
1075 3082 1413 3159 ἐγκεκλίσθαι
1471 3084 1563 3138 τὸν
1620 3082 1847 3157 κόσμον,
1905 3083 1994 3137 καὶ

339 3176 430 3228 τὸν
472 3174 565 3247 μὲν
598 3178 706 3228 τῶν
737 3171 927 3228 πόλων
979 3172 1190 3248 βόρειον
1244 3173 1355 3227 ἄνω
1400 3176 1502 3226 τοῦ
1550 3172 1828 3245 ὁρίζοντος
1862 3171 1994 3227 εἶναι

344 3262 435 3317 καὶ
486 3259 574 3316 διὰ
620 3262 817 3324 παντὸς
863 3264 1000 3335 ἡμῖν
1054 3261 1301 3339 φανερὸν,
1351 3259 1443 3315 τόν
1476 3258 1534 3315 δὲ
1563 3260 1711 3316 κάτω
1754 3262 1843 3316 καὶ
1875 3258 1996 3331 διη-

342 3355 513 3414 νεκῶς
564 3352 738 3430 ἀφανῆ
775 3371 787 3384 ·
837 3351 1115 3406 κάντεῦθεν
1169 3352 1368 3413 πάντας
1425 3349 1554 3413 τοὺς
1613 3349 1664 3404 ἐν
1721 3354 1801 3422 τῷ
1860 3370 1993 3404 στε-

344 3441 586 3516 ρεώματι
644 3438 1041 3518 παραλλήλους
1100 3438 1338 3502 κύκλους
1398 3440 1478 3518 ἐφ’
1544 3438 1637 3502 οὓς
1696 3441 1909 3518 φέρεται
1969 3440 1997 3494 6

339 3528 505 3600 ἥλιος
539 3529 614 3592 εἰς
662 3526 818 3584 ἄνισα
859 3531 1125 3603 τμήματα
1177 3528 1279 3583 ὑπὸ
1321 3533 1419 3583 τοῦ
1460 3527 1737 3604 ὁρίζοντος
1771 3526 1996 3603 διαιρεῖ-

342 3630 464 3683 σθαι
514 3617 660 3688 πλὴν
717 3619 885 3693 μόνου
940 3622 1039 3673 τοῦ
1092 3618 1348 3694 μεγίστὸυ
1402 3622 1501 3673 τοῦ
1562 3618 1901 3695 ἷσημερινοῦ·
1932 3619 2003 3674 τὰ

337 3729 400 3763 τε
428 3705 673 3781 κλίματα
699 3714 800 3778 τῆς
849 3714 950 3784 γῆς
1002 3709 1078 3780 μὴ
1127 3709 1225 3777 τὴν
1255 3707 1420 3777 αὐτὴν
1461 3703 1608 3783 ἔχειν
1645 3707 1829 3784 σχέσιν
1862 3709 1998 3784 πρὸς

336 3798 432 3853 τὸν
494 3794 780 3869 ζωδιακὸν,
842 3797 918 3859 ὡς
976 3796 1160 3853 ἄλλων
1222 3795 1419 3860 ἄλλοις
1480 3797 1847 3870 ὑποκειμένων
1902 3802 1999 3852 τοῦ

339 3886 718 3963 στερεώματος
753 3886 960 3959 μέρεσι,
1012 3886 1291 3950 κάντεῦθεν
1344 3883 1616 3962 διαφόρων
1663 3881 1832 3941 ὄντων
1865 3886 2001 3941 κατά

335 3976 436 4037 τὰς
469 3976 708 4053 κράσεις.

413 4071 476 4141 γ’.
530 4065 615 4120 Ἐν
671 4064 765 4138 μὲν
818 4061 910 4119 οὗν
961 4067 1040 4135 τῷ
1090 4064 1191 4118 ὑπὸ
1241 4064 1331 4118 τὸν
1406 4063 1721 4141 ἰσημερινὸν
1770 4062 1998 4136 κλίματι

344 4155 655 4229 μεσαιτάτῳ
704 4155 805 4222 τῆς
859 4158 963 4229 γῆς
1011 4147 1169 4224 ὄντι,
1218 4152 1359 4215 θέσιν
1408 4147 1522 4229 ἔχει
1570 4154 1671 4222 τήν
1720 4153 1999 4224 ἰσαιτάτην

342 4244 374 4298 6
428 4242 656 4316 κόσμος,
716 4240 970 4318 ἑκατέρου
1007 4244 1117 4296 τῶν
1174 4238 1362 4296 πόλων
1424 4241 1511 4296 ἐπὶ
1562 4246 1659 4297 τοῦ
1721 4243 2001 4317 ὁριζοντος

2106 3000 2402 3052 crementa
2432 2996 2802 3064 accedunt,et
2829 2997 3108 3054 horarum
3139 3001 3444 3071 quaternio
3475 3001 3749 3060 efﬁcitur:

2105 3090 2411 3157 propterea
2467 3086 2622 3157 quod
2681 3087 2938 3142 mundus
2994 3087 3310 3145 inclinatus
3342 3096 3448 3159 est,
3490 3098 3547 3147 et
3581 3092 3749 3165 polus

2106 3174 2316 3229 boreus
2368 3190 2547 3245 supra
2602 3174 2984 3237 horizontem.
3016 3176 3303 3249 nobisque
3353 3195 3586 3252 semper
3617 3198 3757 3237 con-

2107 3262 2369 3334 spicuus,
2412 3262 2557 3318 alter
2588 3263 2907 3335 [australis]
2934 3265 3105 3333 infra,
3139 3271 3198 3321 et
3240 3273 3517 3339 perpetuo
3548 3269 3752 3325 incon-

2107 3352 2348 3423 spicuus
2378 3358 2484 3418 est,
2518 3356 2575 3405 et
2606 3351 2742 3406 hinc
2775 3352 3036 3423 paralleli
3066 3371 3269 3411 omnes
3302 3357 3362 3412 in
3387 3357 3756 3415 ﬁrmamento

2108 3440 2307 3495 circuli
2339 3439 2449 3495 sub
2481 3440 2696 3511 quibus
2728 3440 2815 3495 sol
2846 3443 3258 3513 movetur,solo
3286 3446 3539 3502 maximo
3574 3448 3755 3519 inqui-

2110 3527 2339 3584 noctiali
2369 3534 2631 3601 excepto,
2660 3531 2720 3584 in
2770 3538 3076 3603 segmenta
3130 3533 3443 3605 inaequalia
3470 3535 3542 3590 ab
3591 3535 3752 3592 hori-

2106 3622 2275 3672 zonte
2304 3617 2664 3685 dividuntur,
2725 3622 2783 3674 et
2839 3624 3006 3676 terrae
3065 3620 3303 3678 climata
3331 3641 3446 3679 non
3489 3626 3757 3681 eamdem

2109 3706 2341 3763 schesin
2378 3707 2825 3777 [habitudinem]
2860 3709 3125 3766 obtinent
3154 3712 3225 3767 ad
3255 3712 3583 3779 zodiacum,
3615 3714 3758 3770 dum

2109 3795 2226 3851 alia
2255 3795 2387 3850 aliis
2419 3797 2773 3852 ﬁrmamenti
2806 3798 3071 3869 partibus
3110 3801 3396 3871 subjecta,
3428 3806 3485 3857 et
3515 3802 3761 3873 proinde

2108 3888 2708 3956 temperamentorum
2740 3891 3010 3957 respectu
3036 3888 3266 3944 diversa
3294 3895 3435 3945 sunt
3463 3892 3502 3946 ⁸.

2179 4064 2233 4119 5.
2267 4064 2332 4118 ln
2363 4062 2596 4119 climate
2620 4062 2801 4135 igitur
2831 4065 2984 4136 quod
3025 4067 3303 4137 aequatori
3335 4068 3668 4138 subjectum
3699 4072 3763 4125 et

2110 4153 2170 4208 in
2196 4157 2352 4209 terra
2382 4152 2618 4224 precise
2649 4153 2908 4208 medium
2940 4159 3049 4219 est,
3082 4154 3549 4227 aaqualissimum
3581 4156 3760 4213 habet

2112 4241 2370 4297 mundus
2401 4240 2785 4313 positum,ubi
2818 4242 3378 4315 nimirum-uterque
3409 4245 3677 4317 polorum
3700 4247 3761 4302 in

342 4333 707 4411 φαινομένου,
752 4331 843 4385 καὶ
892 4327 1110 4385 κύκλων
1161 4329 1428 4407 ἀρκτικῶν
1483 4330 1591 4407 οὐχ
1640 4330 1993 4406 ὑπαρχόντων

2113 4304 2418 4386 horizonte
2444 4304 2703 4402 apparet,
2734 4335 2792 4386 et
2820 4331 3021 4387 circuli
3053 4334 3253 4389 arctici
3279 4304 3345 4388 in
3380 4304 3615 4397 climate
3647 4334 3764 4392 isto

343 4420 398 4477 έν
442 4419 624 4494 τούτῳ
670 4424 751 4493 τῷ
796 4417 1047 4493 κλίματι·
1098 4416 1314 4473 πάντων
1368 4415 1426 4472 δὲ
1452 4422 1560 4473 τῶν
1613 4417 1848 4493 ἀστέρων
1891 4421 2003 4474 ἀνι-

342 4507 590 4584 σχόντων
649 4530 706 4564 τε
755 4506 845 4563 καί
900 4505 1338 4582 καταδυομένων,
1402 4504 1636 4581 μηδενὸς
1688 4503 1837 4571 ἔντος
1885 4508 1996 4563 ἀει-

345 4601 568 4676 φανοῦς,
605 4599 731 4671 μήτ’
761 4597 825 4652 αὖ
856 4597 1109 4676 ἀφανοῦς.

419 4682 482 4742 δ’.
514 4686 652 4741 Ἀπὸ
697 4683 755 4740 δὲ
799 4685 996 4741 τούτου
1042 4690 1140 4741 τοῦ
1186 4683 1457 4758 κλίματος
1507 4685 1583 4748 ὡς
1634 4685 1722 4741 ἐπὶ
1769 4687 1866 4750 τὰς
1913 4686 1999 4742 εὖ·

343 4773 575 4849 κράτους
624 4778 661 4846 ἡ
714 4776 859 4839 θέσις
905 4773 1227 4831 ἀλλοιοῦται
1283 4778 1381 4829 τοῦ
1436 4774 1646 4849 κόσμου
1676 4793 1688 4806 ·
1743 4780 1839 4830 τοῦ
1902 4776 1997 4850 μὲν

345 4862 833 4941 ἀποκρυπτομένου
897 4869 1005 4920 τῶν
1063 4863 1282 4937 πόλων,
1340 4868 1438 4920 τοῦ
1497 4861 1545 4918 δ’
1602 4863 1948 4941 ἐξαιρομένου
1982 4883 1995 4897 ⁸

345 4953 482 5027 πρὸς
536 4952 629 5026 μὲν
688 4954 790 5022 τὴν
849 4954 968 5008 καθ’
1022 4954 1172 5026 ἡμᾶς
1231 4952 1557 5027 οἰκουμένην
1617 4952 1999 5029 έξαιρουμένου

344 5046 443 5098 τοῦ
505 5040 770 5119 βορείου,
828 5043 963 5119 πρὸς
1038 5040 1097 5097 δὲ
1153 5044 1249 5111 τήν
1311 5043 1560 5097 ἀπέναντι
1614 5048 1710 5099 τοῦ
1768 5042 1949 5099 νοτίου
1984 5086 1997 5100 .

347 5135 652 5210 Σφαιρικοῦ
708 5130 811 5207 γάρ
855 5153 971 5195 πως
1026 5136 1125 5187 τοῦ
1183 5133 1469 5208 σχήματος
1526 5126 1680 5194 ὄντος
1727 5139 1826 5202 τῆς
1871 5139 1999 5209 γῆς,

345 5221 374 5276 6
435 5221 529 5295 μὲν
587 5220 691 5275 ὑπὸ
747 5225 845 5276 τοῦ
892 5222 1016 5298 περὶ
1061 5221 1161 5290 τήν
1193 5227 1292 5297 γῆν
1342 5221 1701 5296 κυρτώματος
1740 5220 1999 5296 ἐπιπροσ-

343 5308 633 5383 θούμενος,
689 5310 981 5386 κρύπτεται
1026 5314 1145 5370 τοῖς
1200 5308 1584 5387 ἀφισταμένοις
1639 5308 1803 5364 αὐτοῦ
1852 5311 2002 5364 καθ-

346 5398 470 5454 όσον
529 5397 882 5475 ἀφίστανται’
933 5399 963 5453 6
1012 5395 1070 5453 δὲ
1112 5396 1351 5475 φαίνεται
1408 5401 1525 5459 τοῖς
1582 5396 1999 5471 πλησιάζουσιν,

343 5487 573 5543 καθόσον
652 5485 1049 5559 πλησιάζουσιν
1100 5530 1113 5545 .
1173 5485 1508 5542 Ὑποκείσθω
1577 5491 1708 5563 γοῦν
1782 5507 1868 5551 τις
1945 5488 2005 5543 ἐκ

2117 4418 2264 4475 nulli
2312 4423 2487 4487 sunt;
2522 4419 2622 4474 sed
2670 4436 2875 4477 omnes
2905 4420 3084 4477 stellae
3129 4426 3256 4477 tum
3306 4422 3598 4497 oriuntur,
3630 4428 3762 4480 tum

2108 4509 2403 4577 occidunt,
2437 4511 2502 4563 ut
2533 4507 2695 4564 nulla
2734 4513 3014 4582 perpetuo
3063 4515 3361 4583 appareat,
3421 4529 3527 4568 nec
3557 4519 3762 4570 contra

2110 4615 2226 4655 non
2254 4602 2551 4670 appareat.

2179 4688 2233 4743 4.
2265 4687 2351 4741 Ab
2383 4686 2491 4741 hoc
2521 4690 2716 4742 autem
2777 4686 3008 4744 climate
3060 4693 3127 4745 ut
3158 4690 3228 4745 ad
3276 4694 3630 4763 temperatas
3658 4708 3761 4748 va-

2110 4776 2313 4844 riatur,
2347 4776 2552 4831 mundi
2584 4777 2848 4849 positus;
2883 4778 3026 4834 dum
3067 4797 3222 4836 unus
3268 4781 3534 4852 polorum
3566 4782 3761 4839 occul-

2109 4870 2269 4922 tatur
2316 4866 2470 4921 374
2517 4865 2685 4921 aliter
2714 4866 2972 4922 elevatur
3006 4884 3019 4924 :
3071 4870 3130 4924 in
3164 4869 3476 4926 habitabili
3508 4871 3751 4943 quidem

2110 4959 2331 5022 nostra,
2404 4953 2653 5009 borealis
2739 4954 3039 5023 elevatur;
3075 4958 3132 5012 in
3191 4959 3460 5030 opposita
3542 4965 3765 5027 autem,

2110 5043 2408 5099 australis.
2467 5045 2609 5097 Cum
2684 5042 2839 5099 enim
2898 5050 3062 5100 terra
3130 5047 3321 5118 ﬁgura
3380 5048 3457 5103 sit
3513 5048 3769 5106 rotunda

2113 5131 2730 5205 quodammodo,unus
2751 5134 2990 5203 quidem
3014 5141 3248 5207 propter
3270 5136 3573 5193 curvitatis
3594 5128 3763 5193 terrea

2111 5222 2415 5276 obtentum
2437 5219 2763 5275 occultatur
2783 5221 2855 5276 iis
2877 5223 2975 5293 qui
2992 5223 3217 5279 distant
3233 5225 3303 5279 ab
3324 5225 3449 5296 ipso
3473 5231 3760 5297 quantum

2112 5310 2333 5364 distant
2358 5325 2371 5375 ;
2404 5305 2551 5362 alter
2570 5324 2701 5363 vero
2723 5315 2963 5380 apparet
2992 5309 3065 5365 iis
3096 5311 3194 5382 qui
3230 5313 3628 5384 propinquant
3648 5312 3757 5381 illi,

2113 5402 2400 5471 quantum
2434 5395 2850 5468 propinquant.
2879 5398 3257 5471 Supponatur
3286 5400 3469 5474 igitur
3493 5402 3514 5437 ο
3544 5401 3760 5475 aliquis

2111 5505 2180 5545 ex
2234 5484 2457 5541 torrida
2514 5483 2586 5539 ad
2618 5490 2879 5542 nostram
2936 5491 3321 5560 temperatam
3378 5491 3632 5564 [zonam]
3662 5509 3757 5549 ve-

421 5640 647 5720 "_Arist_.
705 5641 780 5698 de
807 5640 1051 5720 mundo,
1083 5637 1485 5720 c.‘5_;_Cleom.
1517 5637 1558 5698 1.
1589 5655 1637 5720 I_._
1661 5656 1711 5697 c.
1744 5642 1817 5720 3_;
1847 5639 2245 5720 RegiomLIib:
2287 5653 2328 5709 ι,
2378 5650 2541 5720 conc.
2572 5638 2639 5720 ἐξ.
2687 5637 2726 5720 ’⁸
2759 5637 2980 5720 βΙοοω.
3011 5639 3052 5696 1.
3084 5658 3211 5720 1_,_c_.
3225 5643 3273 5720 _5
3303 5646 3359 5700 et
3382 5643 3456 5717 7;
3489 5642 3763 5720 Regiom;

352 5710 415 5794 in
439 5712 589 5774 Ptol.
618 5712 660 5773 l.
692 5729 758 5788 ιι,
785 5729 952 5797 prop.
983 5707 1071 5773 11.
1147 5711 1170 5751 θ
1197 5707 1415 5772 Cleom.
1447 5727 1490 5788 ι,
1521 5727 1573 5772 o.
1603 5711 1660 5791 5,
1693 5707 1811 5773 sub
1834 5707 2065 5793 prium;
2095 5707 2464 5790 Regiomont.
2490 5707 2551 5768 in
2581 5707 2728 5772 Ptol.
2757 5708 2798 5768 l.
2832 5728 2895 5784 ιι,
2927 5729 3055 5788 pro.
3089 5714 3277 5777 11-13.
3442 5707 3452 5717 ⁷
3574 5707 3607 5720 “’
3750 5707 3767 5724 ³
