4114 6428
328 416 486 480 1283

324 551 667 609 niens.Huic
698 550 978 607 nimirum
1002 564 1103 620 per
1132 549 1308 606 clima
1336 549 1615 623 aequatori
1640 548 1970 618 subjectum
2000 547 2056 613 Α

1568 410 1989 477 NICEPHORI
2034 410 2473 473 BLEMMIDE

3588 413 3767 475 1284

2086 540 2514 616 διακεκαυμένης
2562 542 2698 620 πρὸς
2755 544 2854 611 τήν
2912 543 3033 598 καθ’
3087 545 3236 617 ἡμᾶς
3296 542 3598 622 ἐρχόμενος
3658 542 3758 602 εὕ-

324 640 722 713 proficiscenti
754 645 961 696 neuter
993 638 1161 711 polus
1186 638 1443 695 elevatus
1464 637 1756 693 videbitur
1776 636 1973 707 (ambo

2090 653 2296 709 κρατον.
2327 632 2515 705 Τούτῳ
2560 629 2626 701 δὴ
2657 630 2722 687 τὸ
2771 631 2876 687 ὑπὸ
2927 632 3011 687 τὸν
3064 631 3382 708 ἰσημερινὸν
3429 631 3508 689 ἔτι
3551 632 3757 691 διαπο-

322 731 478 786 enim
503 730 684 786 simili
708 728 929 785 ratione
952 728 1009 783 in
1034 729 1332 784 horizonte
1349 728 1642 800 sunt),nec
1664 725 1785 781 ulla
1806 725 1975 780 stella

324 818 412 873 vel
432 835 665 891 semper
676 818 1095 890 apparebit,vel
1113 823 1314 873 contra
1330 834 1632 889 nunquam
1648 814 1971 888 apparebit.

322 906 485 964 Unde
517 924 623 963 nec
654 906 868 978 aliquis
896 908 1150 962 arcticus
1196 907 1279 962 vel
1329 906 1682 962 antareticus
1724 908 1814 959 est
1863 904 1971 957 cir-

322 996 514 1053 culus.
570 1000 800 1051 Arctum
841 996 997 1051 enim
1061 997 1104 1032 ¹⁰
1163 997 1317 1067 apud
1373 1013 1478 1051 nos
1536 992 1816 1050 circulum
1846 1008 1975 1047 esse

323 1089 553 1157 oportet
581 1102 717 1140 eum
750 1086 850 1156 qui
902 1085 1102 1140 stellas
1156 1101 1388 1157 semper
1434 1089 1783 1156 apparentes
1814 1098 1972 1137 com-

321 1172 635 1246 prehendit
663 1198 676 1241 ;
707 1174 1122 1242 antarcticum,
1156 1175 1255 1245 qui
1314 1174 1654 1229 occultatas.
1690 1176 1864 1227 Porro
1892 1171 1975 1225 ei-

323 1262 458 1319 dem
490 1266 872 1335 posteaquam
931 1262 1105 1317 clima
1137 1263 1246 1319 sub
1276 1266 1566 1334 azquatore
1612 1260 1972 1334 praeterierit.

318 1351 597 1407 australis
628 1352 865 1424 quidem
895 1350 1062 1423 polus
1094 1351 1500 1415 occultabitur,
1550 1351 1649 1406 sed
1686 1354 1973 1422 quantum

323 1438 419 1494 hic
451 1438 779 1495 occultatus
812 1439 1241 1507 fuerit,tantum
1271 1440 1485 1495 boreus
1513 1439 1571 1493 in
1604 1437 1973 1493 altitudinem

323 1525 661 1583 elevabitur.
694 1528 882 1598 Atque
935 1526 1019 1582 ita
1075 1528 1297 1583 mundo
1354 1543 1389 1582 a
1442 1525 1776 1582 borealibus
1807 1531 1872 1581 ut
1901 1526 1972 1581 ad

324 1614 612 1671 australes
663 1620 857 1687 partes
899 1615 1339 1672 inclinationem
1388 1615 1730 1687 accipiente.
1779 1614 1974 1671 stella-

324 1720 460 1759 rum
490 1705 646 1760 circa
673 1703 840 1775 polos
870 1704 995 1759 alia:
1029 1722 1261 1776 semper
1298 1710 1667 1776 apparentes,
1702 1703 1825 1759 aliae
1858 1720 1974 1759 non

318 1799 664 1866 apparentes
714 1793 869 1849 348
925 1793 1270 1849 efﬁcientur.
1331 1794 1488 1849 Idem
1550 1794 1727 1848 etiam
1787 1794 1973 1848 circu-

317 1882 391 1938 lis
422 1882 523 1954 qui
554 1882 714 1954 ipsas
745 1881 1044 1938 continent
1073 1881 1403 1938 necessario
1454 1882 1662 1949 evenit,
1697 1887 1762 1937 ut
1810 1882 1976 1952 juxta
2004 1925 2051 1990 B

324 1971 557 2027 itineris
612 1971 936 2043 profectum
994 1978 1319 2041 mutentur,
1391 1988 1739 2045 semperque
1795 1970 1972 2027 etiam

334 2061 506 2117 ambo
536 2060 837 2133 aequaliter
865 2062 1118 2133 majores
1152 2062 1314 2117 fiant.

390 2241 446 2296 5.
479 2241 623 2296 Cum
656 2256 793 2312 ergo
824 2239 983 2294 hunc
1014 2238 1074 2295 in
1097 2240 1337 2296 modum
1365 2240 1623 2295 mundus
1654 2238 1972 2295 inclinatus

320 2327 727 2398 sit,sciendum
744 2332 831 2383 est
845 2328 1232 2383 inerrantium
1249 2327 1550 2384 stellarum
1566 2328 1972 2400 quamvisjux-

318 2422 379 2473 ta
400 2433 533 2471 cum
561 2417 928 2472 ﬁrmamento
952 2417 1439 2489 circumgyratam
1462 2418 1559 2472 tali
1583 2418 1973 2489 circumgyra-

317 2506 476 2562 tione
506 2505 793 2561 circulum
825 2507 1327 2562 circumscribere.
1377 2506 1446 2561 Hi
1497 2506 1738 2579 proinde
1767 2505 1969 2561 circuli

323 2593 587 2668 paralleli
617 2595 855 2666 quidem
896 2598 1055 2650 sunt.
1100 2594 1245 2650 Cum
1298 2600 1493 2651 autem
1553 2612 1753 2650 eorum
1787 2594 1970 2650 maxi-

328 2701 462 2739 mus
491 2683 569 2739 sit
597 2683 1041 2756 aequinoctialis,
1078 2683 1306 2739 minimi
1368 2689 1509 2740 sunt
1561 2684 1825 2740 omnium
1868 2684 1971 2756 qui

324 2773 479 2829 circa
509 2772 673 2845 polos
703 2773 1015 2829 exsistunt.
1050 2774 1440 2837 Quamobrem
1488 2775 1813 2829 secundum
1846 2790 1974 2846 pro-

322 2862 650 2934 portionem
709 2863 808 2934 qui
858 2863 930 2919 ab
984 2869 1275 2935 aequatore
1324 2864 1563 2935 quidem
1614 2867 1679 2918 ut
1744 2863 1815 2918 ad
1876 2880 1973 2936 po-

320 2949 412 3006 los
470 2950 813 3025 [recedunt],
874 2968 1105 3025 semper
1161 2953 1464 3022 minores;
1525 2953 1621 3024 qui
1674 2958 1868 3009 autem
1938 2971 1972 3009 a

320 3038 472 3111 polis
498 3045 564 3095 ut
593 3041 664 3095 ad
696 3045 1050 3112 aequatorem
1100 3042 1450 3114 [accedunt],
1512 3058 1743 3112 semper
1786 3044 1969 3114 majo-

322 3143 415 3183 res
448 3133 605 3183 sunt.

392 3217 447 3271 6.
483 3215 899 3273 Universorum
941 3218 1120 3291 igitur
1152 3221 1191 3255 “
1227 3218 1662 3291 parallelorum,
1696 3225 1751 3276 et
1783 3221 1969 3277 maxi-

333 3305 435 3372 mi,
469 3310 526 3360 et
561 3305 965 3376 minimorum,
1001 3312 1065 3384 et
1093 3307 1600 3373 intermediorum,
1646 3311 1702 3364 in
1738 3309 1972 3366 climate
2001 3293 2044 3360 C-

320 3393 604 3464 aaquatori
651 3396 933 3465 subjecto,
967 3401 1269 3468 segmenta
1302 3396 1494 3453 media
1524 3414 1703 3470 supra
1730 3402 1969 3464 terram,

325 3480 554 3554 reliqua
584 3483 778 3538 media
807 3483 959 3539 infra
990 3489 1206 3539 terram
1253 3489 1409 3540 sunt.
1442 3487 1618 3558 Atqui
1648 3487 1867 3544 isthinc
1898 3488 1970 3544 ad

321 3569 445 3625 hac
503 3572 788 3627 nostratia
844 3573 1201 3641 adventanti,
1261 3576 1761 3647 quemadmodum
1802 3577 1972 3649 polus

319 3658 535 3715 boreus
583 3658 844 3716 elevatur
899 3666 955 3717 et
997 3663 1256 3718 mundus
1286 3663 1624 3730 inclinatur,
1656 3666 1741 3722 sic
1770 3664 1971 3722 circuli

320 3750 587 3805 eamdem
637 3749 874 3806 scbesin
929 3768 1047 3807 non
1080 3752 1338 3824 amplius
1368 3754 1637 3823 retinent,
1672 3756 1772 3811 sed
1803 3756 1976 3826 sequi-

326 3836 598 3893 noctialis
628 3854 765 3894 cum
815 3841 1110 3897 maximus
1167 3841 1244 3897 sit
1290 3841 1590 3915 [circulus]
1622 3849 1679 3899 et
1737 3844 1797 3901 in
1828 3845 1976 3901 duas

324 3924 577 3998 aequales
632 3932 831 3999 partes
874 3931 1161 3985 mundum
1195 3935 1369 4001 secet,
1403 3931 1713 3987 dimidium
1745 3950 1977 4006 semper

327 4031 507 4087 supra
562 4020 777 4073 terram
836 4018 1031 4089 habet,
1091 4020 1245 4075 849
1307 4020 1597 4092 reliquum
1660 4021 1975 4077 dimidium

326 4109 595 4161 accurate
623 4106 773 4162 infra
826 4112 1044 4164 terram
1079 4125 1092 4164 :
1124 4125 1327 4165 eorum
1386 4116 1582 4166 autem
1623 4110 1973 4168 circulorum

326 4193 427 4291 qui
481 4195 552 4249 ab
583 4194 711 4291 ipso
766 4201 831 4291 ut
860 4197 931 4251 ad
971 4198 1147 4291 polos
1171 4204 1446 4291 vergunt,
1480 4204 1771 4273 quotquot
1817 4201 1979 4273 equi-

326 4283 459 4337 dem
518 4288 583 4338 ut
640 4284 711 4340 ad
770 4283 1012 4341 boreum
1070 4286 1376 4360 inclinant,
1420 4290 1643 4360 majora
1673 4295 1980 4358 segmenta

322 4387 503 4442 supra
556 4376 795 4440 terram,
858 4375 1088 4430 minora
1147 4376 1299 4431 infra
1355 4377 1623 4445 habent;
1693 4384 1981 4451 quotquot

323 4466 521 4516 autem
551 4466 616 4517 ut
645 4463 738 4531 ad,
772 4464 1092 4520 australem
1146 4464 1491 4538 [declinant]
1522 4472 1725 4523 contra
1755 4471 1842 4538 [se
1872 4469 1979 4525 ha-

320 4549 504 4620 bent].
536 4550 644 4606 Sed
678 4550 958 4607 nimirum
992 4554 1172 4608 etiam
1206 4557 1564 4611 antarcticus
1595 4561 1754 4613 totus
1785 4557 1978 4614 occul-

2083 722 2328 797 ρευμένῳ
2369 719 2547 794 κλίμα
2592 725 2698 776 τῶν
2748 718 2937 776 πόλων
2992 718 3171 781 οὐδεὶς
3221 721 3516 799 ἐξηρμένος
3570 723 3753 803 ὀφθή-

2083 831 2227 865 σεται
2279 810 2390 885 (καὶ
2452 807 2617 889 ἄμφω
2674 810 2778 887 γὰρ
2837 809 3045 884 ὁμοίως
3105 809 3192 865 ἐπὶ
3249 815 3349 866 τοῦ
3410 811 3753 889 ὁρίζοντος),

2081 898 2170 955 καί
2231 896 2341 955 οὔτ’
2396 900 2656 978 ἀειφανὴς
2730 903 2838 954 τῶν
2915 899 3153 977 ἀστέρων
3234 896 3383 957 ἔσται
3441 923 3574 971 τις,
3632 899 3754 958 οὔτ’

2083 989 2310 1067 ἀφανής.
2352 992 2507 1055 Ὅθεν
2550 985 2677 1044 οὐδὲ
2723 987 2926 1051 κύκλος
2963 1010 3048 1053 τις
3099 989 3374 1066 ἀρκτικός·
3427 987 3542 1047 οὔτ’
3591 989 3753 1057 αὖθις

2083 1078 2433 1153 ἀνταρκτικός
2469 1121 2482 1134 .
2537 1078 2816 1153 ’Δρκτικὸν
2881 1078 2985 1153 γάρ
3034 1075 3236 1133 κύκλον
3312 1078 3445 1134 εἶναι
3498 1077 3582 1135 δεῖ
3626 1082 3756 1146 καθ’

2082 1170 2234 1242 ἡμᾶς
2287 1168 2380 1223 τὸν
2437 1166 2566 1230 τοὺς
2623 1166 2895 1245 ἀειφανεῖς
2952 1166 3278 1245 περιέχοντα
3314 1171 3423 1223 τῶν
3480 1167 3749 1247 ἀστέρων·

2082 1257 2173 1313 τὸν
2232 1254 2291 1312 δὲ
2344 1256 2473 1319 τοὺς
2531 1256 3053 1334 ἀποκεκρυμμένους
3113 1256 3501 1333 ἀνταρκτικόν.
3561 1263 3752 1336 Παρα-

2088 1345 2334 1419 μείψαντι
2396 1343 2455 1400 δὲ
2506 1346 2569 1400 τὸ
2633 1345 2736 1399 ὑπὸ
2793 1345 2886 1400 τὸν
2944 1344 3258 1420 ἴσημερινὸν
3320 1345 3515 1420 κλίμα,
3566 1345 3753 1411 πόλος

2088 1435 2183 1507 μὲν
2217 1434 2246 1488 6
2275 1434 2458 1497 νότιος
2507 1435 2734 1508 πάμπαν
2787 1428 3247 1510 ἀποκρυϐήσεταιο
3301 1433 3538 1491 καλόσον
3590 1434 3639 1491 δ’
3682 1436 3748 1492 ἂν

2085 1524 2241 1586 οὗτος
2300 1518 2632 1598 ἀποκρυϐείη
2669 1569 2683 1596 ,
2740 1523 2876 1578 κατά
2948 1528 3205 1578 τοσοῦτον
3285 1522 3527 1601 ἐξαρθείη
3604 1525 3751 1601 πρὸς

2085 1612 2218 1687 ὕψος
2272 1614 2300 1666 6
2360 1612 2590 1689 βόρειος’
2649 1611 2738 1667 καὶ
2796 1611 2969 1674 οὕτως
3024 1610 3267 1688 ἔγκλισιν
3328 1613 3436 1669 ἀπὸ
3482 1617 3591 1671 τῶν
3644 1615 3752 1692 βο-

2086 1702 2244 1778 ρείων
2299 1701 2373 1763 ὡς
2423 1700 2510 1755 ἐπὶ
2561 1701 2629 1755 τὰ
2675 1700 2825 1756 νότια
2872 1705 2968 1757 τοῦ
3000 1701 3209 1775 κόσμου
3259 1696 3659 1776 λαμϐάνοντες,
3691 1704 3752 1760 οἱ

2088 1791 2183 1863 μὶν
2236 1794 2344 1844 τῶν
2406 1789 2530 1866 περὶ
2587 1789 2716 1853 τοὺς
2773 1788 2983 1853 πόλους
3040 1791 3279 1865 ἀστέρων
3330 1790 3605 1870 ἀειφανέες
3663 1792 3760 1871 γί-

2083 1900 2282 1953 νοιντο,
2343 1880 2395 1933 οἱ
2453 1877 2498 1933 δ’
2558 1878 2801 1957 ἀφανεῖς.
2857 1880 2958 1934 Καὶ
3011 1880 3064 1934 οἱ
3108 1879 3337 1943 τούτους
3392 1880 3757 1958 περιέχοντες

2081 1966 2275 2024 κύκλοι
2348 1968 2412 2023 τὸ
2492 1968 2622 2023 αὐτὸ
2695 1969 2961 2045 πάσχοιεν
3021 1968 3326 2045 ἀναγκαίως
3360 1988 3373 2003 ·
3432 1971 3572 2026 κατὰ
3645 1971 3753 2040 τήν

2080 2058 2366 2133 προκοπὴν
2416 2064 2519 2128 τῆς
2569 2058 2795 2134 πορείας
2848 2057 3330 2132 μεταποιούμενοι,
3382 2059 3475 2119 καὶ
3526 2059 3757 2134 μείζους

2081 2146 2162 2201 ἀεὶ
2192 2148 2309 2202 κατ’
2342 2144 2567 2217 ἰσότητα
2596 2145 2685 2201 καὶ
2717 2147 2883 2225 ἄμφω
2912 2146 3214 2223 γινόμενοι.

2154 2238 2210 2292 ε’.
2250 2233 2701 2310 Τοιουτοτρόπως
2758 2232 2850 2290 οὗν
2912 2233 3307 2311 ἐγκεκλιμένου
3353 2241 3453 2292 τοῦ
3509 2237 3756 2313 κόσμου,

2081 2322 2164 2380 δεῖ
2218 2330 2358 2381 νοεῖν
2415 2329 2523 2379 τῶν
2582 2323 2839 2380 ἀπλανῶν
2916 2324 3155 2402 ἀστέρων
3207 2322 3434 2381 ἕκαστον
3487 2331 3571 2400 τῷ
3627 2348 3759 2384 στε-

2082 2415 2326 2490 ρεώματι
2411 2412 2946 2492 συμπεριφερόμενον
3000 2461 3015 2487 ,
3096 2412 3302 2470 κύκλον
3389 2416 3751 2495 περιγράφειν

2081 2501 2170 2558 διὰ
2195 2510 2295 2573 τῆς
2324 2504 2582 2573 τοιαύτης
2631 2508 2948 2581 περιφορᾶς.
3004 2504 3204 2566 Πάντες
3250 2501 3343 2560 οὖν
3402 2505 3454 2561 οἱ
3498 2510 3750 2562 τοιοῦτοι

2078 2590 2272 2648 κύκλοι
2325 2590 2681 2669 παράλληλοι
2742 2593 2836 2666 μὲν
2892 2592 3013 2648 εἶσι·
3066 2592 3320 2669 μεγίστου
3369 2589 3417 2647 δ’
3470 2592 3522 2649 ἐν
3556 2593 3751 2659 αὐτοῖς

2080 2677 2234 2745 ὄντος
2291 2687 2388 2737 τοῦ
2449 2682 2768 2758 ίσημερινοῦ
2801 2725 2816 2753 ,
2881 2679 3090 2755 μείονες
3167 2683 3415 2738 ἁπάντων
3493 2685 3546 2739 οἱ
3614 2686 3750 2761 περί

2078 2771 2205 2833 τοὺς
2252 2769 2460 2833 πόλους
2511 2769 2867 2846 ὑπάρχουσιν.
2921 2772 3081 2826 Ὥστε
3130 2772 3269 2847 πρὸς
3318 2769 3485 2847 λόγον
3537 2773 3591 2827 οἱ
3638 2774 3741 2847 μὲν

2079 2860 2185 2916 ἀπὸ
2233 2865 2329 2915 τοῦ
2380 2861 2701 2934 ἰσημερινοῦ
2750 2860 2824 2922 ὡς
2873 2861 3011 2936 πρὸς
3054 2859 3183 2923 τοὺς
3215 2858 3421 2924 πόλους
3461 2861 3543 2917 ἀεὶ
3572 2861 3740 2918 ἐλάτ-

2077 2971 2227 3022 τους,
2260 2951 2313 3005 οἳ
2345 2946 2391 3004 δ’
2422 2948 2482 3004 ἐκ
2507 2953 2615 3004 τῶν
2646 2948 2836 3004 πόλων
2871 2948 2943 3012 ὡς
2990 2950 3127 3026 πρὸς
3170 2949 3263 3004 τὸν
3299 2948 3616 3026 ἰσημερινὸν
3647 2950 3738 3007 ἀεὶ

2085 3038 2324 3114 μείζους.

2154 3220 2214 3287 ζ’.
2259 3216 2596 3290 Συμπάντων
2645 3216 2820 3272 τοίνυν
2866 3220 2975 3273 τῶν
3036 3213 3440 3293 παραλλήλων,
3494 3216 3585 3272 καὶ
3640 3222 3747 3273 τοῦ

2089 3305 2341 3380 μεγίστου
2390 3306 2479 3360 καὶ
2527 3309 2635 3360 τῶν
2688 3304 2993 3380 ἐλαχίστων
3040 3305 3131 3361 καὶ
3183 3310 3290 3359 τῶν
3355 3304 3550 3380 μεταξὺ
3608 3307 3753 3362 κατὰ

2088 3396 2182 3468 μὲν
2234 3396 2297 3449 τὸ
2357 3395 2460 3449 ὑπὸ
2515 3394 2604 3449 τὸν
2664 3393 2979 3469 ἰσημερινὸν
3036 3393 3216 3468 κλίμα
3261 3395 3329 3450 τὰ
3373 3393 3551 3469 ἡμίση
3592 3398 3746 3469 τμή-

2086 3506 2226 3558 ματα
2280 3484 2412 3561 ὑπέρ
2469 3490 2572 3558 γῆν
2629 3482 2720 3538 καὶ
2774 3484 2843 3537 τὰ
2898 3480 3069 3537 λοιπά
3116 3483 3293 3557 ἡμίση
3346 3484 3451 3539 ὑπὸ
3500 3491 3628 3559 γῆν·
3668 3489 3757 3557 τῷ

2083 3572 2129 3629 δ’
2185 3573 2380 3629 ἐκεῖθεν
2458 3571 2836 3651 ἀφικνουμένῳ
2891 3572 3030 3648 πρὸς
3103 3573 3173 3627 τὰ
3228 3570 3454 3628 ἐνταῦθα
3506 3572 3755 3650 καθάπερ

2084 3665 2112 3718 ὁ
2149 3662 2364 3738 βόρειος
2410 3660 2584 3724 πόλος
2635 3660 2897 3737 ἐξαίρεται
2944 3660 3033 3716 καὶ
3083 3661 3111 3714 6
3162 3660 3373 3734 κόσμος
3416 3658 3751 3738 ἐγκλίνεται·

2082 3757 2272 3807 τοῦτον
2326 3752 2420 3807 τὸν
2470 3750 2671 3826 τρόπον
2721 3750 2812 3805 καὶ
2843 3752 2897 3805 οἱ
2949 3747 3145 3805 κύκλοι
3199 3751 3297 3821 τὴν
3350 3749 3519 3821 αὐτὴν
3556 3752 3750 3827 σχέσιν

2084 3840 2185 3897 οὐκ
2228 3836 2305 3895 ἔτι
2355 3837 2738 3915 διατηροῦσιν·
2789 3838 2937 3896 ἀλλὰ
2981 3844 3079 3895 τοῦ
3127 3840 3221 3914 μὲν
3272 3840 3593 3918 ἰσημερινοῦ
3647 3861 3749 3915 με·

2082 3930 2269 4007 γίστου
2317 3924 2492 4001 ὄντος,
2541 3929 2631 3984 καὶ
2664 3927 2739 3990 εἷς
2794 3925 2881 3982 ἴσα
2932 3924 3028 3983 δύο
3055 3928 3352 4001 τέμνοντος
3387 3930 3481 3985 τὸν
3509 3928 3749 4006 κόσμον,

2085 4019 2146 4072 τὸ
2202 4018 2375 4091 ἥμισυ
2437 4016 2584 4091 μένει
2648 4018 2880 4073 πάντοτε
2940 4018 3070 4093 ὑπὲρ
3122 4024 3224 4094 γῆν
3278 4019 3371 4074 καὶ
3425 4019 3490 4074 τὸ
3550 4017 3755 4074 λοιπὸν

2085 4106 2259 4181 ἥμισυ
2291 4101 2527 4170 ἀκθιϐὧς
2560 4106 2664 4161 ὑπὸ
2707 4108 2828 4182 γῆν·
2873 4110 2979 4161 τῶν
3035 4103 3081 4161 δ’
3129 4107 3221 4161 ἀπ’
3264 4106 3433 4163 αὐτοῦ
3483 4108 3559 4171 ὡς
3607 4107 3754 4184 πρὸς

2086 4196 2212 4259 τοὺς
2261 4195 2467 4259 πόλους
2516 4192 2734 4251 κύκλων
2783 4196 2974 4251 ὁπόσοι
3030 4196 3124 4269 μὲν
3171 4194 3247 4259 ὡς
3297 4197 3438 4273 πρὸς
3500 4196 3595 4251 τὸν
3653 4196 3757 4273 βό-

2091 4307 2256 4363 ρειον,
2304 4287 2372 4340 τὰ
2431 4284 2599 4358 μείζω
2644 4286 2911 4359 τμήματα
2958 4281 3177 4360 ἔχουσιν
3228 4285 3361 4362 ὑπὲρ
3411 4291 3542 4361 γῆν,
3584 4285 3656 4339 τὰ
3704 4282 3758 4340 δ’

2090 4374 2298 4432 ἐλάττω
2353 4375 2455 4429 ὑπὸ
2515 4382 2641 4449 γῆν
2703 4374 2894 4429 ὁπόσοι
2955 4372 3001 4429 δ’
3056 4374 3131 4436 ὡς
3191 4374 3330 4451 πρὸς
3390 4375 3480 4430 τὸν
3531 4373 3761 4449 νότιον,

2092 4460 2352 4538 ἔμπαλιν.
2385 4462 2563 4521 Ἀλλὰ
2602 4460 2668 4532 δὴ
2713 4463 2803 4518 καὶ
2852 4463 2880 4517 6
2930 4461 3281 4538 ἀνταρκτικός
3334 4459 3468 4526 ὅλος
3513 4482 3764 4539 κεκρυμ-

2096 4553 2255 4627 μένος
2318 4553 2457 4608 έστὶν
2510 4550 2689 4629 ὥσπερ
2748 4551 3008 4630 ἀειφανὴς
3067 4550 3200 4614 ὅλος
3255 4552 3285 4606 6
3334 4550 3610 4626 ἀρκτικός.
3657 4551 3766 4611 Καὶ

325 4642 485 4692 tatus
515 4643 625 4709 est,
687 4640 1188 4711 quemadmodum
1250 4647 1408 4699 totus
1466 4645 1719 4701 arcticus
1750 4662 1976 4717 semper

2094 4643 2229 4699 κατά
2308 4642 2401 4715 μὶν
2476 4643 2575 4711 τήν
2647 4640 2915 4714 ἡμετέραν
2995 4636 3251 4716 εὔκρατον
3328 4640 3505 4704 οὕτως
3583 4636 3707 4717 ἔχει
3743 4660 3760 4674 ·

327 4726 702 4799 conspicuus.
734 4734 802 4783 Et
859 4730 943 4785 sic
985 4730 1223 4802 quidem
1284 4731 1343 4786 in
1404 4739 1604 4789 nostra
1660 4739 1976 4807 temperata

2095 4733 2231 4787 κατὰ
2280 4728 2338 4786 δὲ
2382 4731 2481 4800 τὴν
2533 4729 2912 4807 ἀντεύκρατον,
2962 4728 3480 4807 ἀντεστραμμένως.
3529 4730 3605 4785 Τὰ
3651 4731 3760 4809 γὰρ

330 4816 528 4887 [zona]
577 4833 669 4872 res
718 4834 779 4873 se
837 4818 1035 4883 habet,
1096 4819 1155 4874 in
1189 4823 1457 4894 opposita
1516 4828 1713 4879 autem
1769 4829 1987 4896 tempe-

338 4909 482 4974 rata,
514 4904 635 4961 vice
681 4923 867 4962 versa.
903 4909 1039 4973 Quae
1068 4909 1223 4964 enim
1284 4911 1452 4966 nobis
1508 4918 1647 4967 sunt
1688 4913 1985 4986 sublimia,

330 4993 446 5050 illis
480 5000 619 5051 sunt
673 4996 941 5061 humilia,
971 5002 1028 5052 et
1074 5005 1293 5054 contra.
1358 5001 1677 5057 Inclinatus
1710 5009 1800 5058 est
1831 5003 1988 5059 enim

330 5082 477 5153 ipsis
509 5085 769 5140 mundus
794 5090 859 5140 ut
880 5087 952 5141 ab
983 5088 1346 5144 austraiibus
1373 5090 1445 5144 ad
1480 5091 1741 5147 boreales
1773 5097 1989 5162 partes.

334 5171 401 5225 Et
434 5174 687 5229 arcticus
718 5174 952 5246 quidem
977 5176 1231 5232 circulus
1252 5178 1403 5232 infra
1424 5178 1776 5235 horizontem
1801 5180 1992 5236 occul-

322 5263 504 5314 tatus
561 5266 674 5331 est,
734 5265 1087 5321 antarcticus
1143 5271 1341 5323 autem
1399 5284 1561 5340 teque
1593 5269 1666 5324 ab
1696 5268 1996 5326 horizonte

343 5346 626 5406 elevatus.

390 5437 445 5491 7.
480 5437 614 5502 Quae
644 5455 779 5496 cum
812 5441 895 5497 ita
940 5458 1067 5499 sese
1099 5443 1359 5501 habeant
1406 5447 1471 5516 ¹²,
1509 5447 1888 5504 manifestum
1911 5452 2000 5505 est

341 5542 480 5582 cum
510 5526 597 5583 sol
627 5544 661 5583 a
690 5532 1172 5590 conversionibus
1194 5535 1265 5590 ad
1299 5536 1711 5595 conversiones
1742 5537 2001 5611 planeta-

391 5723 443 5767 ³ο
478 5720 698 5784 Cleom.
731 5723 774 5783 l.
831 5742 873 5801 ι,
894 5743 946 5787 ο.
978 5730 1023 5769 α
1054 5728 1272 5800 Cleom.
1296 5730 1337 5791 l.
1370 5750 1411 5809 ι,
1441 5748 1493 5792 o.
1524 5733 1561 5820 _5
1639 5736 1684 5775 η
1711 5732 1863 5796 Ibid.

2098 4825 2233 4894 ἡμῖν
2282 4819 2469 4895 ὑψηλά
2515 4826 2631 4883 τοῖς
2680 4819 2791 4874 ἐκεῖ
2834 4822 3079 4892 ταπεινὰ,
3123 4819 3213 4874 καὶ
3262 4816 3520 4893 ἔμπαλιν.
3570 4816 3766 4894 Ἐγκέ-

2097 4909 2282 4966 κλιται
2313 4911 2418 4986 γὰρ
2453 4911 2482 4965 6
2510 4909 2717 4982 κόσμος
2749 4908 2973 4972 ἐκείνοις
3005 4910 3080 4973 ὡς
3121 4909 3228 4963 ἀπὸ
3274 4912 3381 4963 τῶν
3431 4906 3628 4963 νοτίων
3664 4906 3763 4964 ἐπὶ

2098 5000 2166 5053 τὰ
2200 4998 2406 5075 βόρεια·
2440 4998 2528 5053 καὶ
2562 4999 2591 5052 6
2626 4999 2719 5072 μὲν
2753 4997 3003 5075 ἀρκτικὸς
3024 4995 3229 5061 κύκλος
3253 4997 3356 5052 ὑπὸ
3385 4998 3476 5053 τὸν
3498 4995 3751 5074 ὁρίζοντο

2100 5089 2413 5164 κέκρυπται·
2449 5089 2477 5142 6
2509 5084 2556 5142 δ’
2587 5088 2933 5165 ἀνταρκτικὸς
2982 5087 3045 5143 τὸ
3093 5083 3207 5143 ἴσον
3259 5086 3476 5164 ἐξῆρται
3522 5084 3629 5141 ἀπὸ
3658 5086 3758 5143 τοῖ’

2103 5177 2401 5255 ὁρίζοντος.

2182 5452 2240 5517 ζ’,
2290 5451 2503 5502 Τουτων
2570 5444 2743 5509 οὕτως
2797 5443 3034 5522 ἐχόντων
3093 5445 3122 5500 ὁ
3164 5442 3328 5514 ἥλιος
3386 5441 3493 5501 ἀπὸ
3543 5447 3777 5521 τροπῶν

2112 5535 2200 5593 ἐπὶ
2229 5538 2438 5613 τροπὰς
2485 5535 2585 5605 τὴν
2634 5533 2977 5607 πλανητικὴν
3033 5534 3136 5589 ὑπὸ
3163 5535 3255 5590 τὸν
3305 5529 3569 5604 ζωδιακὸν
3600 5531 3772 5615 φερό-
