4114 6422
263 353 418 418 1285

1597 351 1944 416 EPITOME
1987 357 2346 420 PHYSICA.

3519 363 3547 421 1
3560 363 3677 424 286

269 507 430 560 μενος
487 485 720 557 κίνησιν,
772 485 999 564 φανερὸν
1078 481 1161 540 ὅτι
1231 481 1357 546 τοὺς
1433 482 1670 548 κύκλους
1759 484 1911 556 ἐξαλ-

2061 490 2111 546 ἱο
2145 492 2162 560 ί
2168 508 2270 547 seu
2303 493 2571 564 erratico]
2603 495 2762 548 motu
2800 493 2908 549 sub
2939 491 3174 548 zodiaco
3210 497 3495 562 movetur,
3521 495 3677 566 quod

268 575 453 632 λάσσει
512 577 736 649 πάντας,
797 574 988 630 ὁπόσοι
1071 571 1264 648 μεταξὺ
1331 578 1578 630 νοοῦνται
1633 579 1738 629 τῶν
1793 595 1915 650 τρο-

266 687 440 721 πικων
449 709 462 723 ο

338 757 411 825 η’.
445 758 604 810 Ὅταν
671 755 765 828 μὲν
812 751 903 808 οῦν
955 752 1060 807 ἀπὸ
1114 756 1222 807 τῶν
1272 751 1498 828 βορείων
1532 751 1619 807 ἐπὶ
1649 753 1717 807 τὰ
1764 753 1919 808 νότια

269 844 569 924 φερόμενος
655 842 926 921 ἐφάψηται
1031 846 1129 896 τοῦ
1225 847 1544 918 χειμερινοῦ
1629 848 1915 918 τροπικοῦ,

275 933 620 1012 βραχυτάτην
676 935 812 1004 ἡμῖν
869 932 969 1000 τὴν
1026 931 1236 1007 ἡμέραν
1295 936 1460 1003 ποιεῖ,
1506 933 1604 999 τὴν
1645 928 1703 985 δὲ
1759 929 1920 985 νύκτα

273 1022 556 1098 μεγίστην.
615 1023 676 1078 Ὁ
731 1020 831 1096 γὰρ
888 1017 1089 1082 κύκλος
1147 1019 1304 1081 οὗτος
1359 1021 1570 1075 πάντων
1629 1022 1701 1074 ὧν
1762 1019 1920 1093 ψαύει

269 1111 487 1168 κύκλων
538 1112 566 1166 6
614 1110 775 1180 ¹ἥλιος
828 1110 931 1164 ὑπὸ
969 1116 1072 1185 γῆν
1105 1105 1220 1185 ἔχει
1249 1112 1444 1184 τμῆμα
1479 1110 1751 1186 μέγιστον,
1788 1109 1920 1184 ὑπὲρ

273 1205 372 1278 γῆν
403 1199 447 1256 δ’
480 1199 794 1276 ἐλάχιστον.

348 1310 410 1372 θ’.
443 1309 603 1362 ’Ὀταν
663 1304 721 1361 δὲ
777 1310 873 1361 τοῦ
955 1310 1276 1382 χειμερινοῦ
1359 1310 1622 1378 τροπικοῦ
1678 1307 1705 1360 ὁ
1763 1304 1925 1375 ἥλιος

276 1398 640 1477 ἐφαψάμενος,
673 1396 892 1472 γίνηται
949 1393 1114 1450 πάλιν
1177 1396 1253 1458 ὡς
1305 1395 1442 1472 πρὸς
1491 1399 1661 1468 ἡμᾶς,
1714 1394 1802 1450 ἐπὶ
1859 1396 1928 1450 τὰ

279 1485 594 1562 ὑψηλότερα
641 1489 739 1539 τοῦ
795 1488 1008 1559 κοσμοῦ
1085 1483 1384 1559 ὁρώμενος·
1447 1483 1757 1560 ἐντυγχάνει
1837 1482 1928 1538 κύ-

275 1575 434 1638 κλοις
494 1573 713 1650 ἔχουσιν
775 1574 908 1652 ὑπὲρ
965 1580 1066 1649 γῆν
1121 1575 1388 1646 τμήμαυα
1422 1573 1589 1646 μείζω
1636 1577 1734 1628 τοῦ
1795 1574 1927 1648 ὑπὲρ

277 1672 382 1741 γῆν
441 1665 734 1738 τμήματος
792 1667 889 1718 τοῦ
946 1666 1265 1738 χειμερινοῦ
1321 1667 1606 1737 τροπικοῦ.
1658 1664 1758 1716 Καὶ
1817 1661 1930 1734 ὅσῳ

277 1755 348 1809 τὰ
413 1757 520 1808 τῶν
593 1752 810 1808 κύκλων
884 1752 1016 1828 ὑπὲρ
1091 1753 1190 1826 γῆν
1263 1753 1532 1824 τμήματα
1595 1752 1787 1824 μείζω,
1843 1772 1931 1806 το-

2027 596 2232 636 omnes
2263 580 2514 636 circulos
2565 586 2844 653 transeat,
2881 586 3169 654 quotquot
3216 583 3372 638 intra
3422 583 3679 655 tropicos

2026 685 2154 723 esse
2183 669 2614 739 intelliguntur.

2096 759 2149 812 8.
2184 759 2327 813 Cum
2362 759 2538 830 igitur
2585 777 2618 813 a
2673 759 3008 816 borealibus
3052 761 3120 814 ad
3168 759 3455 816 australes
3489 767 3680 833 partes

2029 846 2260 902 delatus
2292 847 2602 902 hibernum
2639 847 2924 918 tropicum
2960 849 3235 921 attigerit,
3269 850 3678 906 brevissimum

2032 937 2199 990 nobis
2231 936 2383 990 diem
2418 937 2618 1002 efﬁcit,
2654 941 2879 991 noctem
2915 936 3340 1008 longissimam.
3377 939 3478 993 Hic
3522 939 3678 994 enim

2033 1026 2284 1080 circulus
2307 1025 2569 1080 omnium
2595 1025 2945 1080 circulorum
2970 1043 3116 1096 quos
3139 1026 3225 1081 sol
3250 1027 3505 1099 attingit,
3527 1029 3680 1083 350

2034 1115 2356 1169 maximum
2411 1114 2563 1169 infra
2611 1118 2827 1169 terram
2871 1121 3240 1186 segmentum
3275 1115 3468 1183 habet,
3505 1133 3684 1188 supra

2036 1209 2250 1259 terram
2285 1208 2482 1258 autem
2525 1202 2730 1257 minim
2743 1220 2860 1258 um.

2105 1311 2158 1364 9.
2192 1312 2337 1366 Cum
2369 1313 2564 1365 autem
2607 1308 2692 1364 sol
2739 1313 2870 1380 post
2908 1314 3193 1366 attactum
3225 1311 3534 1367 hibernum
3567 1316 3685 1368 tro-

2037 1399 2233 1472 picum
2253 1416 2457 1454 rursus
2480 1402 2544 1453 ut
2564 1399 2634 1453 ad
2659 1415 2766 1453 nos
2784 1399 3022 1470 accedit,
3041 1399 3217 1471 inque
3238 1401 3687 1456 sublimioribus

2040 1488 2246 1543 mundi
2278 1486 2541 1559 partibus
2573 1503 2634 1541 se
2671 1487 2989 1541 videndum
3021 1487 3294 1556 exhibet;
3345 1489 3404 1543 in
3453 1489 3691 1544 circulis

2038 1581 2326 1644 versatur,
2349 1578 2448 1647 qui
2478 1577 2702 1646 majora
2726 1575 2942 1630 habent
2973 1594 3151 1647 supra
3180 1581 3397 1632 terram
3419 1594 3689 1650 segmen-

2039 1670 2118 1733 ta,
2145 1682 2321 1736 quam
2355 1670 2444 1721 est
2475 1669 2844 1736 segmentum
2869 1665 3095 1720 hiberni
3127 1665 3335 1738 tr0pici
3368 1683 3548 1738 supra
3577 1671 3694 1722 ter-

2041 1771 2188 1810 ram.
2225 1755 2290 1808 Et
2329 1760 2548 1826 quanto
2580 1754 2930 1809 circulorum
2963 1771 3144 1826 supra
3172 1761 3390 1810 terram
3422 1772 3691 1827 segmen-

279 1841 462 1916 σούτῳ
489 1842 580 1898 καὶ
609 1843 709 1911 τήν
767 1841 977 1917 ἡμέραν
1033 1839 1334 1913 αὐξομένην
1388 1840 1524 1916 πρὸς
1583 1841 1744 1916 λόγον
1799 1860 1932 1914 παρ-

2061 1860 2102 1898 .a
2151 1843 2393 1913 majora,
2424 1847 2587 1897 tanto
2635 1843 2811 1897 etiam
2858 1843 3011 1897 diem
3055 1847 3281 1899 servata
3323 1845 3696 1915 proportione

281 1932 491 2008 ἐχεται,
557 1931 722 2007 μέχρι
783 1931 878 2004 μὲν
936 1933 1033 1984 τοῦ
1089 1930 1224 2006 πρὸς
1281 1929 1370 1984 τὸν
1443 1929 1751 2004 ἰσημερινὸν
1805 1951 1933 1984 κατ-

282 2023 594 2094 αντήματος
694 2019 772 2074 ἔτι
876 2019 1196 2096 μικροτέραν
1283 2021 1382 2088 τῆς
1466 2020 1654 2081 νυκτὸς
1743 2016 1936 2092 ὃιαμέ·

281 2130 501 2165 νουσαν.

362 2205 410 2256 ι’.
470 2197 632 2253 Ἐπάν
689 2195 736 2252 δ’
787 2196 1054 2276 ἐφάψηται
1130 2201 1227 2252 τοῦ
1299 2196 1642 2272 ἰσημερινοῦ,
1699 2201 1797 2252 τοῦ
1877 2198 1939 2252 τὸ

282 2289 460 2361 ἥμισυ
492 2287 717 2365 ἔχοντος
751 2287 883 2363 ὑπὲρ
913 2293 1017 2362 γῆν
1044 2286 1136 2341 καὶ
1164 2288 1228 2342 τὸ
1285 2284 1400 2341 ἴσον
1456 2286 1620 2364 μέρος
1681 2286 1783 2341 ὑπὸ
1839 2293 1941 2362 γῆν

284 2377 502 2453 ἐαρινὴν
563 2375 849 2452 ἰσημερίαν
925 2379 1092 2429 ποιεῖ·
1147 2376 1321 2444 πάντη
1397 2376 1489 2448 μὲν
1566 2371 1763 2451 ἀκριϐῆ
1844 2379 1941 2429 τοῦ

290 2467 616 2542 ἰσημερινοῦ
697 2464 1041 2543 ἐφαψάμενος
1091 2465 1210 2527 καθ’
1263 2464 1320 2518 ἓν
1375 2468 1482 2518 τῶν
1545 2461 1640 2518 δύο
1699 2464 1942 2537 σημείων

287 2556 408 2611 καθ’
439 2553 787 2629 ἃτέμνουσιν
844 2551 1188 2624 ἀλλήλουςὸ
1233 2575 1292 2608 τε
1346 2553 1542 2629 ὁρίζων
1599 2554 1689 2608 καὶ
1748 2555 1776 2608 ὁ
1829 2554 1943 2624 ἰση-

292 2643 533 2719 μερινός·
625 2643 803 2698 οὐκέτι
890 2639 948 2697 δὲ
1022 2641 1279 2712 τοιαύτην
1350 2637 1755 2718 ἀκριϐωμένην,
1817 2644 1940 2696 ὁταν

293 2735 413 2789 καθ’
465 2728 646 2808 ἕτερον
706 2735 933 2805 σημεῖον
992 2731 1139 2806 παρὰ
1174 2731 1242 2785 τὰ
1299 2731 1577 2807 εἰρημένα,
1616 2736 1712 2786 τοῦ
1780 2731 1944 2786 αὐτοῦ

296 2822 567 2900 ἐφάψηται
599 2821 687 2891 ἴση
697 2825 937 2899 μερινοῦ.

372 3008 455 3057 ια’.
486 2998 718 3062 Τελέσας
773 2995 864 3053 οὗν
924 2999 1171 3053 ὁπωσοῦν
1231 2998 1328 3066 τήν
1384 2997 1666 3075 ἰσημερίαν
1700 3000 1728 3053 ὁ
1785 2999 1947 3067 ἥλιος

296 3088 386 3144 καὶ
419 3089 650 3143 ἀπὸτοῦ
682 3087 1001 3163 ἰσημερινοῦ
1059 3087 1370 3162 ἀνατρέχων
1433 3087 1506 3149 ὡς
1565 3087 1652 3142 ἐπὶ
1708 3089 1800 3142 τὸν
1861 3100 1946 3151 θε-

300 3177 445 3253 ρινὸν
502 3176 786 3250 τροπικὸν,
837 3174 951 3229 ἐπεὶ
1006 3174 1232 3237 κύκλοις
1291 3174 1598 3251 ἐντυγχάνει
1658 3177 1826 3249 μείζω
1880 3179 1948 3232 τὰ

300 3265 432 3341 ὑπὲρ
461 3271 562 3340 γῆν
608 3260 796 3340 ἔχουσι
831 3266 1119 3336 τμήματα,
1152 3263 1369 3337 μείζους
1425 3269 1529 3334 τῷν
1590 3271 1796 3320 νυκτῶν
1855 3267 1946 3320 καὶ

295 3354 392 3415 τὰς
457 3354 670 3428 ἡμέρας
724 3352 775 3423 ἐξ
833 3353 1062 3428 ἀνάγκης
1147 3352 1441 3428 παρέχεται
1513 3357 1610 3424 τῆς
1687 3355 1946 3426 τοιαύτης

297 3441 573 3513 αὐξήσεως
628 3441 929 3516 προϊούσης
993 3441 1189 3517 μέχρις
1249 3440 1308 3496 ἂν
1366 3440 1592 3496 πελάσοι
1651 3447 1728 3514 τῷ
1757 3445 1948 3521 θερινῷ

294 3528 509 3605 κύκλῳ,
541 3531 601 3593 ὃς
653 3530 900 3606 μέγιστον
966 3531 1085 3594 καθ’
1143 3533 1290 3604 ἡμᾶς
1365 3527 1480 3606 ἔχει
1536 3539 1734 3605 τμῆμα
1812 3535 1944 3588 πάν-

295 3640 405 3675 των
492 3619 565 3673 ὧν
656 3617 944 3696 ἐφάπτεται
1028 3617 1248 3674 κύκλων
1330 3621 1358 3674 6
1444 3618 1630 3690 ἥλιος,
1688 3624 1777 3677 καὶ
1860 3620 1949 3678 διὰ

292 3712 459 3764 τοῦτο
517 3709 617 3776 τὴν
679 3707 731 3763 ἐν
793 3712 860 3783 τῇ
920 3713 1104 3783 θερινῇ
1160 3712 1337 3785 τροπῇ
1413 3709 1621 3786 ἡμέραν
1685 3711 1946 3789 μεγίστην

295 3817 466 3854 ποιει.

374 3887 463 3962 ιβ’,
501 3894 588 3962 ιγ’.
622 3888 891 3942 Ἐντεῦθεν
934 3884 982 3940 δ’
1023 3886 1096 3948 ὡς
1151 3885 1237 3941 ἐπὶ
1284 3889 1352 3942 τὰ
1395 3883 1551 3943 νότια
1598 3891 1796 3944 κατιὼν
1851 3891 1946 3946 κύ-

290 3975 457 4037 κλοις
555 3975 891 4051 ἐντυγχάνων
986 3977 1250 4048 τμήματα
1328 3972 1547 4051 ἔχουσιν
1638 3980 1766 4055 ὑπὲρ
1842 3987 1945 4055 γῆν

293 4065 511 4121 ἐλάττω
566 4066 705 4140 πρὸς
761 4058 922 4139 λόγον
981 4068 1078 4118 τοῦ
1146 4064 1277 4139 ὑπὲρ
1342 4072 1442 4141 γῆν
1504 4069 1798 4139 τμήματος
1850 4073 1947 4123 τοῦ

291 4156 510 4227 θερινοῦ
538 4157 803 4228 τροπικοῦ
855 4151 942 4207 καὶ
993 4153 1093 4221 τήν
1151 4151 1361 4228 ἡμέραν
1421 4153 1702 4231 ἀναλόγως
1762 4178 1946 4229 μειου..

295 4242 467 4317 μένην
521 4241 838 4318 παρέχεταν
903 4241 1072 4313 μείζω
1130 4241 1223 4314 μὲν
1279 4248 1378 4310 τῆς
1454 4245 1669 4315 νυκτὸς,
1749 4249 1948 4323 μέχρις

289 4331 351 4388 ἂν
416 4329 646 4386 πελάσοι
699 4334 778 4402 τῷ
835 4328 1155 4403 ἰσημερινῷ.
1213 4329 1416 4385 Τούτου
1475 4330 1522 4386 δ’
1581 4332 1945 4412 ἐφαψάμενος,

289 4423 395 4491 τὴν
447 4419 854 4498 φθινοπωρινὴν
907 4418 1194 4492 ἰσημερίαν
1243 4425 1410 4473 ποιεῖ’
1470 4423 1650 4484 καθὼς
1706 4421 1793 4477 ἐπὶ
1849 4432 1949 4494 τῆς

293 4509 517 4586 ἐαρινῆς
583 4507 872 4584 ἰσημερίας
949 4504 1278 4577 δεδήλωται⁶
1337 4508 1427 4564 καὶ
1504 4509 1647 4565 οὕτω
1722 4511 1948 4576 κύκλοις

2046 1932 2234 2004 magis
2286 1937 2689 2002 augescentem
2741 1931 3037 1998 exhibent,
3072 1948 3198 2002 quae
3239 1935 3480 2001 [tamen]
3528 1937 3694 1987 nocte

2047 2021 2240 2076 minor
2281 2021 2380 2091 sit,
2414 2037 2599 2091 usque
2628 2021 2770 2074 dum
2803 2021 2875 2075 ad
2906 2020 3370 2091 aequinoctialem
3402 2022 3695 2076 decurrat.

2123 2202 2208 2255 10.
2234 2200 2548 2270 Postquam
2568 2202 2760 2254 autem
2781 2197 3244 2270 aequinoctialem
3264 2199 3537 2271 attigerit,
3559 2216 3695 2255 eum

2052 2289 2332 2344 nimirum
2384 2288 2732 2358 [circulum]
2788 2289 2887 2359 qui
2938 2288 3189 2343 mediam
3244 2293 3468 2360 partem
3519 2306 3700 2361 supra

2051 2383 2289 2447 terram,
2313 2382 2369 2432 et
2389 2376 2670 2448 aequalem
2702 2382 2923 2448 partem
2950 2377 3103 2432 infra
3123 2382 3337 2432 terram
3362 2377 3557 2444 habet,
3580 2395 3702 2434 ver-

2053 2484 2192 2521 num
2229 2465 2643 2538 mquinoctium
2698 2466 2895 2533 efﬁcit,
2941 2483 3182 2538 prorsus
3235 2467 3472 2538 quidem
3531 2484 3699 2523 accu-

2053 2561 2245 2610 ratum
2277 2573 2411 2609 cum
2444 2555 2908 2626 aequinoctialem
2940 2556 2999 2609 in
3033 2573 3148 2610 uno
3182 2561 3532 2627 punctorum
3564 2557 3700 2612 atti-

2053 2645 2222 2716 gerit,
2247 2644 2307 2698 in
2338 2643 2554 2714 quibus
2585 2660 2646 2697 se
2676 2648 2876 2698 secant
2898 2643 3138 2698 invicem
3171 2643 3407 2699 horizon
3439 2649 3495 2699 et
3524 2646 3703 2716 tequi-

2055 2733 2343 2800 noctialis,
2370 2749 2482 2787 non
2508 2736 2702 2787 autem
2737 2734 2820 2787 sic
2842 2737 3181 2787 accuratum
3214 2732 3492 2804 amplius,
3518 2751 3701 2805 quan-

2057 2824 2130 2878 do
2161 2823 2219 2877 in
2252 2822 2364 2877 alio
2397 2827 2613 2893 puncto
2658 2821 2727 2876 ab
2773 2821 2844 2876 iis
2893 2839 3018 2892 quae
3049 2822 3204 2877 dicta
3234 2827 3392 2892 sunt,
3425 2823 3700 2879 eumdem

2056 2917 2409 2984 aequatorem
2442 2911 2716 2982 attigerit.

2132 3003 2217 3054 11.
2251 3001 2638 3071 Posteaquam
2670 2999 2850 3072 igitur
2892 2999 2976 3056 sol
3020 2999 3436 3071 aequinoctium
3467 3016 3702 3073 quoquo

2058 3091 2232 3145 modo
2264 3089 2503 3161 peregit,
2536 3095 2592 3144 et
2637 3090 2709 3144 ab
2763 3093 3057 3161 mquatore
3103 3089 3174 3144 ad
3224 3089 3514 3161 tropicum
3547 3088 3703 3144 msti-

2057 3197 2194 3234 vum
2219 3178 2503 3245 ascendit,
2527 3178 2805 3248 quoniam
2837 3178 2894 3232 in
2928 3179 3160 3233 circulis
3184 3183 3450 3234 versatur
3479 3179 3707 3249 majora

2059 3273 2358 3339 segmenta
2388 3284 2567 3338 supra
2597 3268 2745 3323 35]
2782 3272 2999 3323 terram
3039 3268 3412 3334 habentibus,
3449 3268 3702 3338 majores

2056 3359 2230 3413 etiam
2265 3357 2533 3412 noctibus
2579 3356 2701 3411 dies
2753 3356 3080 3412 necessario
3133 3357 3406 3425 exhibet;
3463 3372 3702 3428 progre-

2057 3448 2251 3502 diente
2307 3446 2390 3501 sic
2445 3446 2554 3501 hoc
2598 3446 2988 3515 incremento,
3040 3446 3222 3501 donec
3280 3446 3352 3501 ad
3410 3446 3702 3517 tropicum

2058 3537 2321 3591 aestivum
2355 3536 2612 3603 accedat,
2646 3535 2746 3607 qui
2789 3535 3110 3590 maximum
3162 3535 3316 3606 apud
3369 3551 3475 3589 nos
3529 3534 3709 3590 habet

2059 3629 2426 3698 segmentum
2460 3625 2728 3680 omnium
2761 3625 3114 3679 circulorum
3147 3641 3294 3695 quos
3327 3622 3412 3679 sol
3455 3623 3712 3696 attingit,

2058 3720 2116 3771 et
2157 3715 2399 3787 proinde
2436 3714 2591 3769 diem
2639 3714 2698 3768 in
2747 3713 3124 3770 conversione
3154 3714 3355 3769 aastiva
3386 3713 3712 3769 maximum

2061 3804 2260 3860 efﬁcit.

2134 3892 2313 3946 12-13.
2339 3890 2484 3945 Hinc
2507 3894 2701 3946 autem
2724 3894 2789 3945 ut
2811 3891 2879 3944 ad
2901 3890 3186 3946 australes
3209 3890 3450 3962 [partes]
3474 3890 3712 3945 descen~

2062 3983 2228 4045 dens,
2285 3996 2418 4034 cum
2472 3984 2737 4034 versetur
2784 3979 2841 4033 in
2893 3979 3126 4034 circulis
3176 3983 3480 4050 segmenta
3529 3995 3710 4050 supra

2061 4075 2278 4125 terram
2310 4068 2666 4123 habentibus
2697 4068 2946 4136 minora,
2981 4069 3051 4122 ad
3095 4067 3529 4140 proportionem
3571 4083 3708 4139 seg-

2063 4157 2242 4214 menti
2276 4174 2456 4229 supra
2484 4163 2699 4212 terram
2741 4157 2800 4211 in
2841 4157 3036 4212 mstivo
3066 4160 3308 4228 tropico,
3340 4157 3496 4210 diem
3527 4156 3706 4211 etiam

2063 4247 2363 4319 analogice
2419 4248 2849 4301 decrescentem
2916 4245 3175 4317 exhibet,
3237 4245 3474 4301 tametsi
3541 4250 3712 4300 nocte

2064 4337 2370 4408 majorem,
2396 4336 2575 4390 donec
2598 4335 2669 4389 ad
2693 4333 3154 4406 aequinoctialem
3180 4333 3522 4406 pervenerit.
3546 4337 3714 4388 Hunc

2064 4431 2259 4481 autem
2291 4429 2354 4479 ut
2385 4423 2664 4495 attigerit,
2687 4423 3104 4494 aequinoctium
3137 4422 3480 4478 autumnale
3511 4420 3712 4490 efﬁcit,

2064 4514 2563 4586 quemadmodum
2585 4513 2641 4568 in
2659 4530 2833 4568 verno
2853 4512 3196 4584 aequinoctio
3215 4511 3572 4566 declaratum
3590 4513 3710 4578 est;

293 4597 642 4672 ἐντυγχάνων
678 4596 804 4666 ἑξῆς
831 4596 899 4651 τὰ
929 4596 1033 4651 ὑπὸ
1061 4604 1161 4673 γῆν
1217 4596 1404 4674 ἔχουσι
1456 4602 1722 4673 τμήματα
1779 4603 1940 4675 μείζω

2061 4621 2123 4658 ac
2145 4605 2227 4658 ita
2247 4603 2305 4657 in
2330 4602 2562 4657 circulis
2585 4603 2857 4673 deinceps
2880 4602 3260 4673 progrediens
3284 4600 3385 4672 qui
3407 4602 3712 4670 segmenta

293 4691 408 4742 τῶν
477 4686 609 4762 ὑπὲρ
667 4693 796 4761 γῆν,
854 4685 942 4739 καὶ
1000 4686 1098 4748 τὰς
1157 4686 1348 4750 νύκτας
1410 4687 1669 4743 ἀποτελεῖ
1729 4691 1950 4764 μείζους

292 4779 406 4831 τῶν
439 4775 683 4852 ἡμερῶν.

376 4875 460 4938 ιδ’.
493 4880 624 4936 Ὑπὸ
679 4881 772 4936 τὸν
830 4877 1092 4950 ζωδιακὸν
1151 4881 1331 4936 τοίνυν
1383 4884 1411 4937 6
1461 4882 1624 4952 ἥλιος
1679 4886 1777 4954 τήν
1809 4885 1950 4942 πλα-

291 4971 522 5041 νητικῆν
573 4968 901 5044 ποιούμενος
943 4971 1179 5042 κίνησιν,
1211 4971 1300 5026 καὶ
1345 4970 1541 5036 ἄλλοις
1592 4972 1794 5028 ἄλλοτε
1857 4975 1949 5048 μέ-

293 5078 445 5136 ρεσιν
507 5053 814 5114 ὑποϐαίνων
874 5057 1061 5128 αὐτοῦ,
1113 5060 1203 5114 καὶ
1262 5059 1405 5114 οὕτω
1443 5060 1537 5123 τὰς
1577 5061 1722 5138 ὥρας
1779 5063 1954 5118 ἐπιτε-

293 5147 436 5218 λῶν,
467 5149 676 5225 τροπὴν
723 5147 816 5222 μὲν
866 5149 1078 5224 θερινὴν
1124 5153 1271 5203 ποιεῖ
1321 5157 1425 5220 τῆς
1476 5150 1742 5222 οἰκήσεως
1789 5156 1950 5226 ἡμῶν

288 5237 586 5316 γενόμενος
661 5236 902 5316 ἔγγισταο
961 5239 1052 5292 καὶ
1112 5236 1325 5311 ὑψηλὸς
1394 5240 1531 5312 ἡμῖν
1609 5240 1792 5318 ὀφθεὶς
1869 5241 1950 5296 ὅτι

295 5324 538 5402 μάλιστα
594 5328 684 5383 καὶ
746 5325 1090 5404 βορειότανον
1152 5323 1380 5391 διελθὼν
1429 5327 1650 5402 κύκλον,
1702 5329 1792 5383 καὶ
1855 5351 1954 5403 με-

285 5416 492 5495 γίστην
543 5414 824 5478 ἐκτελέσας
880 5414 1090 5492 ἡμέραν
1170 5419 1278 5470 τῶν
1352 5414 1497 5472 ὅλων
1559 5423 1654 5472 τοῦ
1711 5418 1953 5474 ἐνιαυτοῦ

289 5508 546 5582 ἡμερῶν,
604 5505 902 5584 ἐλαχίστην
963 5502 1020 5559 δὶ
1074 5503 1239 5559 νύκτα
1321 5509 1428 5560 τῶν
1502 5505 1647 5562 ὅλων
1717 5514 1948 5570 νυκτῶν,

291 5595 518 5677 'l‘pomlv
579 5592 637 5651 δὲ
692 5595 826 5671 (καὶ)
883 5593 1205 5670 χειμερινὴν
1286 5599 1435 5650 ποιεῖ
1513 5602 1615 5666 τῆς
1683 5596 1952 5669 οἰκήσεως

289 5686 460 5766 ἡμῶν
509 5683 850 5768 πορρωτάτω
894 5681 1185 5767 γενόμενος
1239 5683 1330 5743 καὶ
1380 5685 1767 5752 ταπεινότατος
1815 5689 1952 5765 ἡμῖν

2059 4693 2214 4747 infra
2243 4700 2458 4747 terram
2491 4692 2856 4746 exstantibus
2887 4709 3065 4762 supra
3094 4695 3311 4745 terram
3345 4691 3570 4760 majora
3607 4687 3710 4742 ha-

2061 4783 2218 4850 bent,
2251 4786 2452 4836 noctes
2489 4781 2665 4835 etiam
2705 4781 2913 4835 diebus
2945 4781 3196 4850 majores
3224 4778 3420 4834 efﬁcit.

2135 4889 2220 4943 14.
2252 4887 2344 4942 Sol
2379 4887 2618 4958 proinde
2651 4887 3039 4959 planetarium
3077 4891 3303 4941 motum
3337 4886 3447 4939 sub
3475 4884 3710 4939 zodiaco

2063 4978 2286 5042 obiens,
2320 4982 2376 5032 et
2405 4977 2548 5031 alias
2581 4977 2712 5030 aliis
2744 4978 3010 5048 partibus
3041 4976 3199 5029 illius
3231 4975 3570 5039 succedens,
3606 4975 3714 5028 sic-

2063 5082 2175 5137 que
2206 5066 2379 5121 horas
2427 5066 2751 5137 perﬁciens,
2789 5066 3046 5119 aestivam
3097 5066 3333 5136 quidem
3386 5061 3713 5118 conversio~

2062 5173 2196 5210 nem
2231 5155 2386 5224 facit,
2411 5171 2544 5208 cum
2578 5159 2786 5208 nostris
2817 5153 3160 5209 habitationi
3195 5152 3494 5224 proximus
3527 5151 3714 5205 factus

2063 5248 2119 5299 et
2171 5242 2337 5298 nobis
2389 5242 2715 5297 altissimus
2759 5247 3106 5314 conspectus
3151 5241 3343 5308 fuerit,
3377 5238 3710 5295 borealissi-

2065 5349 2347 5404 mumque
2397 5331 2681 5386 circulum
2731 5331 3051 5396 transierit,
3086 5331 3240 5387 352
3283 5333 3339 5384 et
3386 5327 3710 5384 maximum

2064 5424 2216 5476 inter
2246 5437 2449 5476 omnes
2481 5420 2662 5474 totius
2695 5420 2832 5474 anni
2877 5421 3024 5490 dies,
3057 5425 3408 5490 noctemque
3436 5415 3712 5472 brevissi-

2065 5527 2222 5565 mam
2254 5510 2520 5565 omnium
2553 5509 2810 5563 noctium
2843 5509 3118 5565 effecerit.
3153 5509 3471 5564 Hibernam
3514 5511 3711 5561 autem

2064 5599 2503 5656 conversionem
2529 5598 2890 5667 facit,cuma
2933 5604 3133 5655 nostra
3177 5597 3537 5654 habitatione
3586 5594 3713 5650 lon-

2063 5689 2306 5764 gissime
2334 5686 2661 5760 recesserit,
2695 5687 2985 5763 nobisque
3009 5687 3388 5750 humillimus
3433 5701 3501 5745 ac
3530 5687 3597 5745 ut
3637 5685 3715 5767 aq
