4114 6416
384 345 534 404 1287

1638 333 2060 396 NICEPHORI
2104 333 2542 396 BLEMMlD/E

3640 342 3821 405 1288

383 474 580 547 ipsum
615 471 976 528 horizontem
1007 470 1168 526 visus
1206 469 1402 536 fuerit,
1433 471 1491 525 et
1532 466 2031 524 australissimum

2158 464 2381 540 ὅραθεὶς,
2413 465 2503 519 καὶ
2534 464 2609 527 ὡς
2655 463 2792 540 πρὸς
2822 464 2981 521 αὑτὸν
3031 466 3122 523 τὸν
3174 468 3425 546 ὁρίζοντα
3468 470 3560 526 καὶ
3619 470 3821 528 διανύ-

386 563 672 620 circulum
703 560 1040 626 confecerit,
1070 564 1127 614 et
1162 559 1475 613 maximam
1509 562 1734 613 noctem
1770 555 2034 611 omnium

388 654 671 719 noctium,
703 651 978 722 diemque
1028 649 1442 704 brevissimum
1492 648 1757 702 omnium
1807 646 2036 701 dierum

390 742 665 799 eﬂ‘ecerit.

464 833 550 897 15,
585 832 671 886 16.
706 827 1138 901 Equinoelium
1166 827 1208 863 1³
1240 843 1410 898 porro
1441 842 1685 880 vernum
1718 825 1876 889 facit,
1902 840 2035 879 cum

389 922 461 977 ab
483 919 747 975 hibernis
769 917 1251 972 conversionibus
1273 916 1344 970 ad
1377 914 1638 969 boreales
1667 919 1858 982 partes
1881 918 1936 967 et
1964 913 2035 967 ad

391 1008 655 1065 aestivum
690 1006 1062 1078 proﬁciscens
1092 1004 1385 1076 tropicum
1435 1008 1491 1058 et
1549 1004 1738 1057 medio
1784 1002 1908 1057 loco
1938 1000 2029 1055 in-

392 1102 483 1154 ter
512 1102 833 1166 utrumque
861 1094 1152 1166 tropicum
1205 1096 1263 1148 in
1311 1109 1418 1147 suo
1470 1107 1646 1146 cursu
1686 1091 2039 1146 constitutus

394 1202 529 1242 eum
576 1182 861 1239 circulum
905 1180 1251 1254 peragravit,
1284 1180 1383 1251 qui
1436 1181 1722 1235 mundum
1785 1180 1843 1234 in
1894 1180 2040 1234 duas

396 1272 649 1347 aequales
681 1277 876 1345 partes
907 1270 1112 1326 dividit
1138 1288 1151 1337 ;
1185 1269 1527 1325 autumnale
1555 1273 1751 1323 autem
1782 1269 2040 1340 aequino-

398 1364 603 1431 ctium,
636 1378 770 1417 cum
801 1361 873 1415 ad
904 1357 1190 1415 australes
1218 1363 1414 1430 partes
1443 1362 1500 1413 et
1527 1358 1815 1429 tropicum
1848 1358 2040 1412 hiber-

399 1469 541 1509 num
574 1452 646 1507 ab
675 1449 871 1505 aestivo
899 1448 1120 1520 tropico
1152 1452 1468 1515 revertens,
1502 1451 1559 1502 et
1586 1446 1860 1502 similiter
1892 1446 2042 1502 inter

396 1546 715 1611 utrumque
756 1538 987 1594 medius
1037 1537 1229 1593 factus
1268 1536 1542 1592 eumdem
1573 1534 2039 1607 aequinoctialem

393 1631 677 1687 circulum
708 1627 1039 1683 confecerit.
1069 1628 1198 1682 Jam
1230 1642 1364 1681 vero
1394 1630 1722 1681 crescentes
1772 1624 1897 1679 dies
1943 1640 2040 1679 ex-

393 1720 573 1789 hibet,
604 1734 737 1773 cum
786 1716 857 1772 ad
902 1714 1166 1771 boreales
1198 1714 1401 1769 mundi
1437 1719 1630 1785 partes
1677 1713 1747 1768 ab
1797 1712 2041 1767 hiberno

2145 574 2239 615 σας
2320 551 2526 608 κύκλον
2613 556 2939 610 νοτιώτατον
3017 556 3107 611 καὶ
3188 559 3448 633 μεγίστην
3515 559 3824 624 ἐκτελέσας

2143 641 2308 697 νύκτα
2335 647 2541 697 νυκτῶν
2590 644 2829 714 ἀπασῶν,
2882 644 3091 719 ἡμέραν
3145 642 3189 700 δ’
3228 646 3525 723 ἐλαχίστην
3573 652 3821 728 ἡμερῶν

2147 752 2388 787 απασων.

2221 822 2297 893 ιε’,
2352 822 2435 884 ις’.
2488 821 2794 898 Ἰσημερίαν
2841 820 2899 877 δὲ
2946 829 3098 878 ποιεῖ
3144 824 3361 901 ἐαρινὴν
3435 827 3635 883 ὁπόταν
3702 829 3823 885 ἀπὸ

2145 914 2251 963 τῶν
2302 915 2631 986 χειμερινῶν
2679 916 2901 985 τροπῶν
2959 912 3047 966 ἐπὶ
3093 914 3161 967 τὰ
3205 914 3393 989 βόρεια
3444 918 3534 971 καὶ
3574 918 3665 973 τὸν
3720 920 3816 974 θε-

2148 998 2293 1073 ρινὸν
2372 998 2674 1074 ἐρχόμενος
2737 1002 3024 1073 τροπικὸν,
3073 1002 3162 1057 καὶ
3231 1004 3408 1075 μὲσως
3477 1005 3817 1084 ἀμφοτέρων

2144 1090 2251 1141 τῶν
2297 1092 2572 1162 τροπικῶν
2621 1089 2759 1142 κατὰ
2804 1098 2903 1158 την
2947 1089 3169 1165 πορείαν
3232 1092 3549 1166 γενόμενος,
3612 1093 3820 1169 ὁδεύσῃ

2145 1173 2347 1230 κύκλον
2398 1176 2475 1237 εἷς
2526 1173 2612 1231 ἴσα
2659 1174 2755 1232 δύο
2805 1175 3117 1254 διαιροῦντα
3169 1180 3263 1235 τὸν
3318 1181 3548 1255 κόσμον.
3595 1184 3819 1257 Ἰσημε-

2149 1263 2265 1340 ρίαν
2315 1261 2372 1318 δὲ
2419 1266 2839 1341 φθινοπωρινὴν,
2889 1266 3013 1322 ὅταν
3075 1267 3161 1323 ἐπὶ
3227 1271 3295 1324 τὰ
3359 1271 3511 1327 νότια
3566 1273 3659 1328 καὶ
3720 1274 3818 1328 τὸν

2148 1353 2461 1429 ’χειμερινὸν
2526 1356 2786 1430 τροπικὸν
2844 1355 3192 1435 ὑποστρέφων
3266 1358 3372 1414 ἀπὸ
3437 1364 3534 1415 τοῦ
3593 1366 3818 1435 θερινοῦ

2147 1446 2410 1517 τροπικοῦ
2459 1442 2549 1497 καὶ
2601 1443 2918 1516 μεσαίτατος
2968 1444 3181 1519 ὁμοίως
3233 1447 3436 1526 ἀμφοῖν
3491 1449 3815 1525 γενόμενος,

2146 1531 2238 1585 τὸν
2288 1531 2447 1586 αὑτὸν
2498 1532 2832 1607 πορεύσηται
2874 1533 3074 1590 κύκλον
3119 1535 3212 1590 τὸν
3262 1535 3605 1613 ἰσημερινόν.
3638 1538 3817 1610 Λύξο-

2154 1617 2315 1692 μένας
2367 1619 2425 1675 δὶ
2453 1620 2752 1697 παρέχεται
2801 1624 2899 1685 τὰς
2945 1622 3155 1700 ἡμέρας
3207 1623 3297 1680 ἐπὶ
3344 1625 3413 1681 τὰ
3466 1626 3658 1704 βόρεια
3714 1633 3817 1684 τοῦ

2148 1707 2360 1781 κόσμου
2420 1709 2717 1785 ἐρχόμενος
2774 1711 2882 1766 ἀπὸ
2950 1716 3048 1767 τοῦ
3122 1718 3440 1789 χειμερινοῦ
3519 1722 3812 1793 τροπικοῢ·

391 1808 615 1880 tropico
669 1804 1042 1862 ascenderit:
1097 1804 1522 1871 decrescentes,
1568 1818 1703 1857 cum
1755 1818 1789 1856 a
1837 1801 2040 1856 mundi

2158 1796 2479 1871 μειουμένας
2565 1797 2642 1872 δὲ,
2722 1801 2922 1855 κατιὼν
3009 1800 3116 1856 ἀπὸ
3199 1807 3306 1858 τῶν
3401 1808 3500 1860 τοῦ
3595 1805 3811 1881 κόσμου

2158 1886 2305 1909 ΟᾹΪΪΙ
2452 1887 2467 1909 ἳ
2520 1888 2535 1906 \
2649 1889 2663 1909 κ
2784 1889 2798 1909 Ι
3043 1890 3058 1909 \
3164 1892 3179 1909 \
3546 1894 3560 1909 ι

391 1896 726 1953 borealibus
760 1894 1026 1967 partibus
1058 1894 1128 1949 ad
1161 1894 1449 1949 australes
1480 1897 1537 1947 et
1566 1891 1880 1946 hibernum
1915 1896 2039 1946 tro-

393 1986 590 2059 picum
619 1983 1007 2041 descenderit.

467 2076 552 2130 17.
587 2074 872 2130 Caeterum
916 2072 1074 2127 haud
1119 2072 1275 2128 853
1314 2070 1520 2141 aequali
1570 2070 1902 2125 accessione
1951 2068 2040 2122 in-

391 2168 692 2220 crementa
721 2163 872 2217 ﬁunt
911 2161 1136 2215 dierum
1174 2161 1218 2195 ¹⁴
1269 2162 1327 2215 et
1373 2157 1630 2213 noctium
1664 2175 1675 2219 ς
1727 2158 1827 2211 sed
1878 2160 2041 2227 post-

394 2269 570 2324 quam
620 2251 744 2307 dies
796 2248 995 2321 augeri
1043 2249 1304 2320 cmperit,
1340 2247 1526 2319 primo
1570 2246 1806 2317 quidem
1843 2260 2042 2299 mense

392 2345 641 2413 augetur
660 2338 1007 2393 duodecima
1037 2343 1199 2408 parte
1228 2334 1409 2391 totius
1439 2351 1732 2401 excessus,
1767 2350 1882 2404 quo
1917 2349 2039 2388 ma-

392 2430 588 2484 ximus
605 2428 728 2483 dies
746 2426 1059 2482 minimum
1078 2426 1331 2492 excedit;
1351 2424 1825 2491 secundo,sexta;
1846 2422 2039 2489 tertio,

392 2523 631 2590 quarta;
655 2522 884 2589 quarto,
904 2515 1107 2570 itidem
1132 2520 1366 2586 quarta;
1387 2514 1615 2585 quinto,
1636 2517 1831 2579 sexta;
1857 2516 2038 2579 sexto,

389 2607 756 2663 duodecima.
790 2604 975 2668 Quare
1026 2605 1074 2659 si
1129 2620 1229 2659 sex
1274 2603 1434 2657 horis
1476 2602 1716 2657 excedat
1747 2601 2042 2655 maximus

389 2696 546 2752 diem
597 2693 934 2764 minimum,
982 2692 1170 2765 primo
1227 2692 1462 2764 quidem
1512 2707 1713 2746 mense
1758 2689 2039 2745 crescenti

391 2784 507 2840 diei
539 2785 890 2856 adjungetur
920 2782 1276 2849 semi-hora;
1310 2780 1589 2850 secundo,
1622 2779 1803 2847 hora;
1849 2778 2039 2858 tertio,

393 2874 538 2929 hora
585 2880 643 2929 et
691 2872 1043 2939 semi-hora;
1098 2876 1163 2925 ut
1203 2870 1285 2925 ita
1328 2868 1610 2925 trimestri
1642 2869 1830 2939 spatio
1861 2869 2041 2923 trium

394 2962 671 3018 horarum
702 2960 803 3016 ﬁat
828 2960 1050 3016 additio
1080 2978 1092 3027 ;
1126 2965 1334 3031 quarto
1363 2975 1563 3014 mense
1586 2959 1794 3013 iterum
1821 2958 1961 3013 hora
1988 2962 2045 3012 et

394 3050 719 3107 semi-hora
747 3051 1141 3122 adjungetur;
1175 3049 1380 3120 quinto
1411 3048 1593 3115 hora;
1629 3046 1835 3102 ultimo
1867 3046 2042 3102 semi-

391 3139 557 3195 hora.
589 3139 748 3195 Idem
782 3139 847 3193 ﬁt
876 3138 933 3193 in
969 3138 1261 3193 noctibus.

2155 1886 2383 1963 βορείων
2449 1887 2537 1943 ἐπὶ
2607 1889 2673 1943 τὰ
2740 1889 2893 1945 νότια
2970 1890 3059 1946 καὶ
3125 1892 3216 1947 τὸν
3285 1894 3601 1971 χειμερινὸν
3681 1916 3812 1973 τρο-

2149 1976 2327 2034 πικόν.

2223 2067 2286 2134 ιζ’
2357 2065 2429 2120 Ού
2486 2067 2603 2121 κατ’
2651 2066 2876 2138 ἰσότητα
2923 2066 2980 2124 δὲ
3036 2071 3356 2145 προσθήκης
3402 2071 3643 2148 γίνονται
3698 2078 3812 2130 τῶν

2149 2155 2371 2227 ’ᾖμερῶν
2439 2155 2495 2209 αἱ
2541 2154 2793 2226 αὐξήσεις
2839 2158 2929 2212 καὶ
2971 2162 3079 2213 τῶν
3129 2163 3357 2214 νυκτῶν·
3413 2158 3541 2215 ἀλλ’
3611 2160 3816 2219 ὁπόταν

2150 2244 2374 2319 ὰρξηται
2415 2246 2451 2313 ἡ
2500 2243 2682 2321 ἡμέρα
2732 2250 2828 2300 τοῦ
2877 2243 3141 2320 αὔξεσθαι,
3194 2248 3330 2303 κατὰ
3377 2249 3471 2323 μὲν
3516 2250 3611 2305 τὸν
3659 2256 3817 2326 πρῶ-

2149 2353 2238 2387 τον
2299 2340 2439 2406 μῆνα
2494 2330 2797 2389 δωδέκατον
2858 2333 3067 2405 αὔξεται
3124 2339 3223 2406 τῆς
3264 2336 3403 2405 ὅλης
3439 2339 3821 2416 ὑπεροχῆς,ᾖ

2147 2425 2248 2490 τῆς
2281 2419 2581 2496 ἐλαχίστης
2612 2423 2823 2500 ἡμέρας
2857 2424 3110 2501 ὑπερέχει
3141 2427 3176 2494 ἡ
3227 2425 3477 2502 μεγίστην
3531 2430 3669 2483 κατὰ
3714 2430 3815 2485 τὸν

2152 2507 2420 2586 δεύτερον,
2450 2507 2624 2565 ἕκτον·
2659 2512 2795 2567 κατὰ
2823 2512 2914 2568 τὸν
2958 2514 3164 2589 τρίτον,
3197 2513 3475 2589 τέταρτον
3526 2519 3665 2572 κατὰ
3718 2519 3819 2573 τὸν

2150 2594 2424 2675 τέταρτον,
2461 2600 2666 2673 ὁμοίως
2697 2600 2972 2678 τέταρτον·
3008 2603 3145 2657 κατὰ
3193 2605 3284 2659 τὸν
3325 2603 3600 2678 πέμπτον,
3632 2603 3818 2663 ’ἐκ-τον*

2150 2689 2239 2743 καὶ
2290 2690 2426 2743 κατᾶ
2479 2690 2568 2743 τὸν
2630 2687 2807 2763 ἕκτον,
2842 2688 3165 2749 δωδέκατον.
3219 2694 3379 2749 Ὥστε
3433 2694 3479 2748 εἰ
3532 2694 3586 2766 ἓξ
3645 2694 3825 2773 ὥραις

2154 2778 2407 2853 ὑπερέχει
2491 2781 2591 2848 τῆς
2677 2778 2976 2856 ἐλαχίστης
3033 2781 3243 2858 ἡμέρας
3308 2784 3343 2853 ἠ
3409 2784 3665 2859 μεγίστη,
3716 2787 3821 2843 τὸν

2157 2868 2249 2941 μὲν
2351 2872 2565 2944 πρῶτον
2665 2877 2808 2942 μῆνα
2881 2872 3303 2943 προστεθήσεται
3382 2876 3450 2946 τῇ
3544 2873 3824 2951 αὐξομένῃ

2152 2956 2352 3030 ἡμέρᾳ,
2408 2957 2707 3032 ἡμιώριον·
2766 2959 2858 3013 τὸν
2919 2955 3186 3034 δεύτερον,
3248 2959 3383 3034 ὥρα·
3445 2962 3534 3017 τὸν
3596 2962 3819 3037 τρίτον,

2153 3044 2268 3121 ὥρα
2314 3046 2403 3100 καὶ
2453 3046 2747 3121 ἠμιώριον·
2798 3047 2872 3108 ὡς
2932 3047 3075 3102 οὕτω
3126 3048 3372 3124 γενέσθαι
3420 3054 3580 3127 τριῶν
3640 3052 3814 3126 ὡρῶν

2152 3136 2471 3210 προσθήκην
2535 3136 2670 3190 κατᾶ
2732 3136 2793 3190 τὸ
2854 3136 3140 3210 τρίμηνον·
3208 3138 3347 3192 κατὰ
3399 3138 3491 3194 τὸν
3551 3138 3821 3216 τέταρτον

396 3232 561 3299 μῆνα,
602 3224 765 3281 πάλιν
827 3224 941 3300 ὥρα
997 3224 1088 3278 καὶ
1145 3224 1420 3298 ἧμιώριον
1476 3223 1919 3298 προστεθήσεται·
1976 3224 2111 3277 κατὰ
2165 3225 2257 3278 τὸν
2316 3224 2586 3296 πέμπτον,
2621 3222 2755 3300 ὥρα·
2788 3223 2877 3279 καὶ
2923 3226 3059 3280 κατὰ
3084 3226 3175 3280 τὸν
3218 3221 3474 3302 ἔσχατον,
3505 3228 3824 3305 ἠμιώριον.

389 3314 460 3368 Τὸ
493 3311 538 3369 δ’
568 3312 696 3368 αὐτο
726 3313 859 3368 κάπὶ
887 3317 994 3368 τῶν
1027 3317 1255 3368 νυκτῶν.

465 3406 550 3459 18.
586 3405 726 3475 Ejus
777 3409 973 3459 autem
1008 3404 1052 3439 1⁵
1100 3403 1255 3474 quod
1311 3402 1677 3457 accessiones
1736 3420 1849 3457 non
1905 3406 2045 3458 sunt
2075 3407 2117 3473 C

395 3493 668 3565 mquales,
702 3493 822 3547 haec
867 3493 1066 3564 aliqua
1107 3509 1285 3547 causa
1314 3497 1422 3547 est.
1456 3492 1738 3547 Zodiacus
1769 3491 2044 3559 circulus,

396 3584 506 3639 sub
541 3599 656 3653 quo
689 3581 896 3637 solaris
928 3586 1037 3653 est,
1070 3582 1128 3635 in
1181 3598 1294 3653 quo
1335 3580 1421 3635 sol
1463 3597 1702 3635 cursum
1736 3598 1911 3636 suum
1944 3582 2045 3637 ab-

396 3670 587 3738 solvit,
611 3687 745 3726 cum
769 3671 1045 3741 obliquus
1068 3671 1144 3725 sit
1163 3675 1220 3725 et
1242 3669 1709 3741 zequinoctialem
1732 3671 1789 3724 in
1815 3670 2046 3726 duobus

395 3760 630 3832 punctis
662 3764 836 3831 secet,
871 3764 1190 3831 utrumque
1223 3764 1417 3814 autem
1448 3759 1805 3830 tropicorum
1839 3759 1896 3812 in
1930 3775 2046 3814 uno

394 3852 610 3921 puncto
639 3848 906 3921 attingat,
939 3846 1404 3921 aequinoctialem
1438 3848 1675 3919 quidem
1724 3852 1781 3902 et
1824 3848 2046 3903 vicinos

393 3936 705 4009 parallelos
737 3937 944 3993 rectior
975 3942 1154 4008 secat,
1187 3941 1244 3993 et
1283 3937 1399 3992 fere
1431 3937 1501 3991 ad
1535 3935 1782 4008 angulos
1818 3942 2043 4005 rectos;

389 4027 631 4098 tropicis
662 4032 857 4083 autem
889 4026 1181 4099 obliquior
1215 4031 1272 4081 et
1317 4024 1505 4098 magis
1537 4024 1853 4081 inclinatus
1883 4025 2044 4096 adja-

394 4120 485 4170 cet
511 4133 526 4184 ;
567 4116 770 4172 itidem
800 4120 856 4172 et
887 4115 1119 4172 solaris.

467 4293 552 4348 19.
586 4295 729 4349 Cum
760 4292 943 4365 igitur
967 4292 1163 4365 anguli
1191 4294 1260 4348 ad
1294 4292 1547 4364 tropicos
1578 4291 1733 4348 acuti
1769 4292 1910 4360 sint,
1931 4296 2046 4348 tar-

390 4381 525 4437 dius
550 4382 621 4437 ad
653 4383 815 4454 ipsos
837 4381 923 4438 sol
951 4382 1203 4449 accedit;
1235 4381 1557 4453 itidemque
1584 4382 1657 4436 ab
1689 4381 1781 4436 his
1804 4381 2041 4438 recedit.

388 4475 531 4526 Cum
563 4475 758 4526 autem
783 4471 956 4540 juxta
986 4471 1142 4527 354
1174 4470 1643 4542 aequinoctialem
1676 4471 1933 4526 circulus
1965 4470 2043 4526 si-

388 4576 639 4632 gnorum
673 4559 881 4615 rectior
901 4560 1161 4627 exsistat,
1188 4559 1510 4631 itidemque
1539 4559 1589 4614 ei
1623 4559 1924 4630 subjectus
1955 4576 2045 4616 so-

388 4647 551 4716 laris,
584 4648 656 4703 ad
688 4648 882 4720 ipsum
915 4647 1134 4703 scilicet
1163 4646 1638 4719 aequinoctialem
1671 4664 1961 4714 accessus,
1987 4652 2044 4703 et

390 4736 463 4793 ab
509 4736 636 4807 ipso
686 4752 951 4791 recessus
998 4735 1082 4791 sol
1127 4736 1514 4808 expeditiores
1546 4735 1703 4807 facit,
1740 4740 1805 4791 ut
1835 4737 2041 4792 divinae

391 4825 765 4897 providentiae
796 4825 1085 4896 sapientia
1122 4824 1404 4879 Zodiacus
1455 4823 1630 4879 talem
1687 4825 1920 4880 schesin
1969 4826 2041 4881 ad

391 4914 646 4986 tropicos
676 4913 922 4969 sortitus
954 4912 1262 4977 fuerit,hoc
1294 4913 1407 4967 ﬁne
1439 4913 1742 4984 nimirum,
1770 4931 1839 4969 ne
1870 4913 2041 4969 hora-

389 5019 521 5057 rum
554 5003 911 5059 mutationes
956 5005 1190 5073 repente
1245 5001 1468 5057 ﬁerent.

460 5268 550 5321 20.
583 5271 632 5321 Α
662 5284 838 5326 verno
869 5269 1050 5342 igitur
1080 5270 1123 5305 ¹⁶
1167 5269 1514 5341 aequinoctio
1547 5269 1616 5324 ad
1651 5269 1883 5325 aestivas
1913 5286 2043 5326 con-

388 5356 687 5411 versiones
726 5375 915 5429 usque
956 5358 1278 5431 nonaginta
1323 5362 1577 5431 quatuor
1621 5358 1747 5414 dies
1797 5364 1937 5414 sunt
1988 5363 2047 5415 et

391 5443 506 5500 diei
528 5443 877 5517 dimidium;
909 5448 981 5503 ab
1003 5447 1219 5504 aestivis
1241 5452 1435 5503 autem
1460 5446 1941 5503 conversionibus
1968 5448 2042 5505 ad

2233 3403 2319 3472 ιη’.
2352 3404 2411 3458 Ἠ
2467 3399 2514 3455 δ’
2549 3400 2696 3456 αἰτία
2749 3406 2847 3457 τοῦ
2912 3403 2986 3476 μὴ
3044 3402 3284 3479 γίνεσθαι
3343 3404 3439 3466 τὰς
3498 3407 3832 3481 προσθήκας

2160 3486 2276 3552 ἴσας
2338 3487 2522 3545 τοιάδε
2564 3490 2647 3552 τίς
2706 3488 2868 3547 ἐστιν·
2930 3492 2987 3544 Ὁ
3048 3488 3314 3559 ζωδιακὸς
3370 3492 3594 3567 wide"
3631 3495 3720 3573 ὑφ’
3762 3496 3833 3552 ὃν

2157 3581 2185 3633 6
2216 3577 2472 3649 ἠλιακὸς,
2504 3575 2627 3634 ἔνθα
2682 3585 2918 3634 ποιεῖται
2965 3581 3065 3648 τὴν
3118 3582 3341 3656 πορείαν
3376 3583 3404 3636 6
3435 3581 3618 3655 ἥλιος,
3655 3582 3835 3655 λοξὸς

2157 3665 2230 3721 ὢν
2285 3667 2375 3722 καὶ
2431 3668 2566 3723 κατᾶ
2624 3664 2719 3722 δύο
2770 3669 2863 3742 μὲν
2913 3675 3116 3741 σημεῖα
3163 3671 3378 3744 τέμνων
3409 3672 3502 3726 τὸν
3555 3672 3829 3750 ἰσημερι-

2154 3757 2267 3827 νὸν,
2331 3756 2583 3833 ὲκατέρου
2661 3753 2718 3811 δὲ
2788 3761 2894 3811 τῶν
2952 3763 3230 3833 τροπικῶν
3295 3760 3413 3823 καθ’
3467 3758 3524 3814 ’ὲν
3583 3767 3829 3833 σημεῖον

2158 3845 2486 3919 ἁπτόμενος,
2540 3846 2633 3900 τὸν
2694 3845 2788 3919 μὲν
2864 3845 3179 3920 ἰσημερινὸν
3236 3847 3327 3903 καὶ
3384 3847 3514 3911 τοὺς
3574 3846 3827 3920 πλησίον

2154 3932 2552 4007 παραλλήλους
2597 3933 2882 4010 ὀρθότερος
2908 3935 3114 4009 τέμνει,
3145 3937 3237 3991 καὶ
3270 3935 3465 4013 ὀλίγου
3515 3934 3624 3992 δεῖν
3678 3941 3827 4011 πρὸς

2153 4022 2353 4097 γωνίας
2400 4021 2584 4100 ὀρθάς
2634 4027 2752 4085 τοῖς
2806 4020 2864 4078 δὲ
2915 4030 3200 4099 τροπικοῖς
3266 4022 3651 4103 πλαγιώτερος
3710 4048 3825 4083 πα-

2156 4113 2395 4186 ράκειται
2471 4111 2775 4166 κάπιπΛέον
2852 4110 3263 4187 ἐγκεκλιμένας.
3322 4114 3596 4178 Ὡσαύτως
3635 4117 3729 4171 καὶ
3792 4120 3824 4173 6

2154 4198 2411 4270 ἠλιακός.

2228 4290 2309 4343 ιθ’.
2357 4288 2568 4359 Ὀξειῶν
2627 4287 2810 4345 τοίνυν
2856 4288 3028 4345 ούσῶν
3076 4295 3185 4345 τῶν
3235 4295 3451 4367 γωνιῶν
3500 4293 3650 4369 παρὰ
3695 4300 3823 4358 τοῖς

2151 4382 2455 4453 τροπικοῖς,
2512 4377 2901 4455 σχολαιότερον
2966 4378 3151 4441 αὐτοῖς
3199 4381 3228 4435 6
3282 4376 3447 4450 ¹ἥλιος
3511 4382 3818 4457 πρόσεισιν·

2153 4466 2363 4541 ὁμοίως
2416 4464 2473 4521 δὲ
2518 4468 2608 4521 καὶ
2654 4466 2861 4522 τούτων
2905 4468 3211 4546 ἀφίσταται.
3248 4469 3393 4525 Κατὰ
3441 4467 3501 4525 δὲ
3546 4472 3636 4526 τὸν
3692 4471 3820 4544 ἰση-

2157 4556 2394 4632 μερινὸν,
2430 4555 2723 4632 ὀρθοτέρου
2766 4561 2863 4611 τοῦ
2912 4561 3018 4612 τῶν
3073 4554 3281 4627 ζωδίων
3341 4557 3551 4614 κύκλου
3607 4560 3823 4637 τυγχά-

2149 4666 2359 4714 νοντος,
2393 4643 2651 4707 ὡσαύτως
2683 4642 2741 4699 δὲ
2786 4647 2876 4700 καὶ
2922 4651 3019 4701 τοῦ
3073 4647 3162 4702 ὑπ’
3211 4648 3371 4703 αὐτὸν
3426 4647 3688 4721 ἡλιακοῦ,
3720 4651 3822 4711 τὰς

2151 4734 2287 4810 πρὸς
2344 4733 2502 4788 αὐτὸν
2564 4731 2630 4802 δὴ
2689 4734 2779 4788 τὸν
2840 4733 3156 4812 ἰσημερινὸν
3207 4731 3512 4813 προσόδους
3562 4738 3655 4792 καὶ
3713 4738 3815 4802 τὰς

2153 4823 2242 4876 ἀπ’
2331 4821 2494 4877 αὐτοῦ
2580 4823 2962 4897 ἀναχωρήσεις
3044 4824 3407 4902 ἀθρουστέρας
3486 4831 3725 4881 ποιεῖται
3786 4828 3821 4882 6

2152 4909 2335 4981 ἥλιος·
2376 4915 2443 4984 τῇ
2491 4912 2588 4979 τῆς
2639 4910 2905 4985 Προνοίας
2958 4912 3121 4990 σοφίᾳ
3164 4914 3265 4983 τῆν
3313 4912 3574 4985 τοιαύτην
3618 4916 3815 4991 σχέσιν

2151 4998 2582 5076 κληρωσαμένου
2621 5003 2718 5053 τοῦ
2779 4996 3048 5068 ζωδιακοῦ
3103 5003 3241 5077 πρὸς
3300 5000 3432 5064 τοὺς
3486 5002 3819 5077 τροπικοὺς,

2155 5090 2286 5164 ὑπὲρ
2342 5093 2439 5143 τοῦ
2497 5089 2572 5162 μή
2630 5087 2725 5150 τὰς
2787 5083 3096 5161 μεταϐολὰς
3154 5086 3351 5168 αἴφνης
3407 5091 3649 5167 γίνεσθαι
3708 5096 3820 5147 τῶν

2153 5178 2338 5254 ὡρῶν.

2221 5275 2286 5324 κ’.
2323 5266 2461 5321 Ἀπὸ
2522 5266 2615 5339 μὲν
2675 5264 2766 5321 οὑν
2823 5265 3042 5340 ἐαρινῆς
3092 5266 3381 5341 ἰσημερίας
3427 5264 3533 5332 ἕως
3591 5274 3821 5345 τροπῶν

2153 5360 2376 5434 θερινῶν
2429 5355 2682 5431 τέσσαρες
2726 5354 2928 5431 ἡμέραι
2978 5356 3115 5434 πρὸς
3172 5356 3489 5429 ἐνενήκοντα
3529 5358 3623 5413 καὶ
3668 5360 3818 5433 ἠμὲ-

2154 5467 2247 5523 ρας
2295 5445 2489 5518 ἥμισυ⁸
2543 5444 2650 5500 ἀπὸ
2709 5440 2767 5498 δὲ
2820 5449 3039 5520 τροπῶν
3099 5448 3320 5522 θερινῶν
3352 5444 3469 5510 ἕως
3530 5450 3819 5525 φθινοπω-

465 5583 761 5670 “idenm.
794 5587 833 5644 1.
869 5605 989 5670 Igne.
1013 5590 1076 5670 ᾖ,
1102 5588 1447 5670 "ifgleom‘:
1485 5587 1526 5643 1.
1574 5605 1613 5657 ι,
1655 5590 1801 5670 οᾷλϐ.
1882 5590 1927 5629 1⁵
1954 5588 2042 5649 Cle

2158 5630 2171 5647 .
2202 5589 2345 5647 ibid.
2424 5590 2467 5627 ιθ
2497 5587 2714 5647 Cleom.
2759 5588 2801 5649 l.
2850 5605 2890 5661 ι,
2934 5606 2988 5648 c.
3031 5592 3111 5670 ὃς
3158 5590 3469 5651 Reinhold.
3500 5591 3563 5649 in
3591 5591 3820 5659 Theor.

393 5654 729 5731 Purbachii,
771 5676 830 5739 p.
872 5654 979 5735 38;
1013 5659 1160 5721 Phil.
1192 5661 1296 5719 lib.
1328 5677 1349 5721 ι
1387 5659 1557 5738 Phys.
1593 5654 1652 5738 ρ.
1685 5661 1775 5721 79.
