4114 6452
488 334 638 392 1291
1739 331 2164 393 NICEPHORI
2208 330 2649 394 BLEMMIDJE
3754 328 3946 397 1299

557 468 649 534 25,
677 466 766 521 26.
801 465 1089 530 Quoniam
1119 467 1314 521 autem
1345 463 1521 520 etiam
1553 465 1638 521 sol
1670 465 1795 521 sine
1833 465 2130 520 intermis-
2163 472 2182 536 Α

2320 469 2410 533 κε’,
2440 465 2538 532 κζ’.
2601 464 2750 520 Ἐπεὶ
2806 461 2865 519 δὲ
2918 463 3007 519 καὶ
3063 465 3091 519 ὁ
3147 461 3314 534 ἤλιος
3369 462 3612 536 ἄληκτον
3661 471 3945 522 ποιεῖται

486 555 650 611 sione
681 571 856 611 suum
889 554 1116 627 peragit
1145 558 1370 610 motum
1405 553 1741 618 erraticum,
1771 571 1888 610 non
1933 569 2111 610 mane‘

2314 573 2332 604 ν
2396 553 2586 608 ἑαυτοῦ
2641 553 2852 624 κίνησιν
2909 555 3008 624 τὴν
3059 553 3402 625 πλανητικήν
3437 602 3451 628 ,
3515 555 3578 610 οὐ
3643 553 3802 629 μένει
3879 555 3939 611 ἐν

485 643 547 698 in
576 644 799 700 zodiaci
828 647 994 716 parte
1026 660 1143 715 qua
1171 647 1334 698 ortus
1373 642 1503 709 fuit,
1535 646 1598 697 ut
1626 642 1684 696 in
1717 643 1919 698 eadem
1950 642 2110 698 etiam

2312 661 2383 716 rep
2442 640 2682 697 ἀνέτειλε
2734 643 2912 720 μορίῳ
2963 647 3061 698 τοῦ
3122 641 3411 715 ζωδιακοῦ,
3467 641 3561 699 ἵνα
3614 644 3712 699 καὶ
3781 641 3937 719 δύνῃ

487 732 812 800 occideret;
845 732 947 788 sed
978 732 1037 786 in
1068 731 1183 787 alia
1213 732 1449 803 quidem
1503 731 1708 798 oritur,
1743 732 1800 786 in
1833 731 1948 786 alia
1994 747 2112 786 verc

2339 729 2502 803 αὐτῷ’
2556 729 2681 786 ἀλλ’
2730 732 2780 786 ἐν
2832 731 2990 804 ἄλλῳ
3041 733 3137 805 μὶν
3188 731 3490 804 ἀνατέλλει,
3543 732 3596 788 ἐν
3651 730 3832 807 ἄλλῳ
3866 731 3933 790 δὲ

486 821 717 876 occidit.
763 821 881 876 Hoc
929 825 1124 876 autem
1172 837 1307 874 cum
1359 821 1530 875 faciat
1555 819 1812 888 omnino,
1849 819 2111 892 nychthe-

2302 839 2401 877 νει.
2437 823 2612 877 Τοῦτο
2660 819 2716 874 δὲ
2769 819 2956 876 διόλου
3003 826 3194 893 ποιῶν,
3247 823 3401 878 ἄνισα
3442 822 3582 897 πρὸς
3613 818 3925 898 ἀκρίϐειαν

489 926 650 966 mera
702 914 970 965 accurate
1023 908 1359 982 [loquendo]
1417 909 1726 980 inaequalia
1802 907 2114 980 constituit,

2292 910 2412 978 θησι
2465 910 2532 963 τὰ
2587 911 2911 987 νυχθήμερα
2981 915 3087 965 τῶν
3159 911 3261 966 ὑπὸ
3313 913 3406 966 τὸν
3465 909 3742 982 ζωδιακὸν
3815 917 3917 968 τοῦ

486 1000 628 1055 dum
659 998 868 1055 solaris
896 997 1097 1054 circuli
1129 999 1237 1054 sub
1267 999 1499 1054 zodiaco
1554 1003 1750 1070 partes
1801 998 1859 1052 in
1911 997 2111 1069 quibus

2289 999 2468 1052 Κιακοῦ
2503 997 2791 1072 μορίωνίἐν
2845 1001 2928 1061 οἷς
2974 1000 3002 1052 ὁ
3052 998 3233 1068 ἥλιος,
3287 997 3474 1054 ἄλλων
3528 997 3732 1062 ἄλλως
3778 1001 3914 1056 ἀνα-

485 1088 634 1146 351
672 1086 757 1144 sol
789 1086 1122 1160 [movetur],
1154 1086 1278 1142 alia:
1327 1087 1495 1143 aliter
1541 1091 1867 1158 emergunt,
1900 1091 1957 1141 et
2002 1085 2110 1142 alia

2293 1086 2565 1162 ;ρομένων,
2598 1087 2687 1142 καὶ
2719 1086 2905 1143 ἄλλων
2963 1086 3150 1150 ἄλλως
3201 1087 3506 1162 δυομένων,
3554 1087 3647 1144 διὰ
3698 1089 3766 1144 τὸ
3812 1099 3918 1162 τῆς

485 1176 653 1233 aliter
701 1176 991 1245 occidunt,
1043 1180 1344 1249 propterea
1397 1176 1552 1248 quod
1602 1175 1888 1231 naturalis
1931 1179 2110 1232 motus

2291 1179 2329 1229 μῦ
2379 1174 2546 1244 ἡλίου
2595 1183 2825 1254 φυσικῆς
2876 1179 3142 1248 κινήσεως
3189 1175 3428 1249 ἄληκτον
3464 1224 3476 1236 .
3520 1176 3706 1234 Πάλιν
3752 1177 3916 1257 εἴπερ

483 1266 625 1323 solis
654 1282 961 1337 nunquam
993 1271 1198 1321 cesset.
1232 1266 1458 1321 Rursus
1489 1266 1537 1322 si
1572 1265 1871 1338 proprium
1902 1265 2108 1321 habent

2297 1264 2374 1319 ίαν
2435 1263 2579 1340 ἔχων
2610 1267 2638 1320 ὁ
2669 1265 2830 1334 ἥλιος
2880 1266 3119 1337 κίνησιν,
3165 1266 3227 1321 ού
3284 1268 3375 1322 τὸν
3433 1268 3628 1323 ἑαυτοῦ
3693 1267 3913 1324 κύκλον

483 1354 570 1412 sol
603 1359 853 1425 motum,
885 1371 1000 1410 non
1032 1355 1274 1410 haberet
1313 1370 1487 1410 suum
1521 1354 1806 1410 circulum
1839 1353 2108 1410 eccentri-

2285 1373 2380 1428 χεν
2437 1351 2714 1430 ἓκκεντρον
2775 1355 2914 1430 πρὸς
2961 1356 3053 1410 τὸν
3109 1354 3336 1431 οὐρανόν
3375 1377 3389 1390 ·
3447 1355 3538 1411 καὶ
3597 1353 3789 1419 οὕτως
3852 1358 3910 1413 ἂν

482 1461 617 1500 cum
651 1445 723 1500 ad
754 1443 962 1500 malum
996 1461 1010 1499 ε
1039 1448 1097 1498 et
1125 1442 1207 1498 sic
1235 1444 1412 1498 etiam
1464 1442 1883 1515 nychthemera
1928 1442 2107 1498 omnia

2280 1463 2323 1496 ra
2348 1443 2521 1496 πάντα
2566 1442 2634 1496 τὰ
2679 1444 3002 1520 νυχθήμερα
3047 1447 3112 1513 ἦν
3161 1449 3282 1506 ταῖς
3338 1449 3435 1500 τοῦ
3481 1443 3708 1522 αἲθέρος
3764 1443 3905 1508 ἴσαις

482 1533 729 1605 aequalia
755 1534 960 1601 forent,
993 1533 1135 1587 dum
1165 1532 1492 1603 aequalibus
1525 1532 1756 1587 aetheris
1795 1531 2107 1587 conversio-

2281 1537 2653 1609 εριστροφαῖς,
2716 1530 2844 1587 ἴσων
2898 1533 2979 1587 ἀεὶ
3037 1533 3471 1609 προστιθεμένων
3529 1538 3640 1589 τῶν
3706 1533 3906 1604 ἡλια-

483 1623 656 1678 nibus
685 1623 938 1694 mquales
977 1638 1211 1693 semper
1261 1621 1481 1678 solares
1531 1627 1727 1676 motus
1774 1621 2005 1676 crratici
2051 1621 2108 1676 οὶ

2283 1625 2342 1673 ὒν
2386 1620 2820 1694 πεπλανημένων
2876 1625 3139 1693 κινήσεων
3202 1620 3292 1677 διὰ
3346 1625 3446 1693 τήν
3508 1623 3743 1694 ἰσότητα
3791 1629 3908 1679 τῶν

480 1712 736 1784 partium
768 1711 1160 1783 aequalitatem
1191 1711 1250 1765 in
1283 1711 1498 1783 quibus
1545 1714 1740 1766 motus
1781 1711 1862 1778 ﬁt,
1897 1710 2105 1766 addita-

2274 1714 2433 1786 ιερῶν,
2466 1710 2546 1788 ἐφ’
2576 1710 2763 1785 οἷσπερ
2815 1714 2851 1781 ἡ
2896 1711 3131 1783 κίνησις.
3181 1709 3357 1768 Ἀλλᾶ
3401 1716 3566 1768 τοῦτο
3600 1712 3702 1768 ούκ
3747 1710 3899 1768 ἔστιν

478 1803 699 1857 rentur.
730 1799 908 1872 Atqui
939 1799 1048 1856 hoc
1080 1815 1195 1856 non
1217 1799 1298 1854 ita
1318 1803 1425 1855 est.
1445 1801 1633 1866 Quare
1650 1799 1828 1854 simul
1849 1803 1907 1855 et
1927 1803 2103 1855 motu:

2278 1808 2390 1853 ὶστε
2439 1803 2536 1854 τοῦ
2581 1799 2747 1868 ἡλίου
2799 1803 2834 1870 ἠ
2890 1801 3099 1872 κίνησις
3155 1801 3295 1876 ὁμοῦ
3349 1801 3438 1857 καὶ
3495 1803 3561 1857 τὸ
3612 1799 3903 1877 ἕκκεντρον

389 1919 395 1926 ο
476 1853 708 1946 ὲόᾗζὲι
730 1853 1421 1946 ἑὸὲἐὲιιῖιὲεέίιὲἷέίίέοίιιί
1450 1853 1638 1961 ipsius
1678 1853 2014 1961 nychthemt

2276 1892 2329 1943 αὖ
2355 1887 2562 1943 κύκλου
2591 1887 2756 1944 αὐτοῦ
2805 1896 2906 1960 τῆς
2955 1895 3062 1944 τῶν
3116 1853 3478 1968 νιάθημέρων
3535 1853 3901 1963 ἆνιοσότηζος

475 1995 608 2034 rum
636 1977 1055 2051 inaequalitatis
1085 1993 1263 2034 causa
1292 1981 1449 2034 sunt.
2236 1973 2401 2034 αἷετια.

1745 2208 2091 2266 SYNOPSIS
2130 2208 2413 2268 CAPITIS
2443 2210 2607 2269 XXX.

1896 2326 1972 2380 De
2000 2325 2460 2383 habitationibus.

476 2456 528 2511 1.
557 2452 955 2528 Habitationes‘
980 2451 1277 2528 secundum
1331 2450 1654 2528 umbrarum
1699 2449 2055 2528 _di[ferentias
2106 2450 2350 2528 triplices
2386 2452 2542 2528 facit,
2596 2453 2883 2528 periscias,
2941 2452 3302 2528 amphiscias,
3337 2455 3694 2528 _net_eroscias
3750 2471 3898 2528 quas

544 2525 799 2596 singulas
825 2523 1023 2580 ordine
1079 2523 1339 2578 declarat.
1374 2523 1536 2596 —:72.
1577 2522 1870 2576 Periscias.
1919 2553 1988 2560 —
2025 2522 2084 2596 3.
2129 2523 2491 2596 Amphiscias.
2526 2522 2677 2577 -’4.
2712 2525 3075 2580 Heteroscias.
3133 2555 3194 2564 —
3223 2525 3281 2596 5.
3329 2523 3493 2580 Nobis
3542 2527 3596 2580 et
3642 2522 3906 2596 per-iacis

543 2592 744 2654 nostris
769 2601 888 2651 tum
915 2597 1231 2667 communia
1261 2600 1377 2649 tum
1406 2593 1617 2667 diversa
1657 2597 1926 2667 recenset.
1959 2623 2028 2632 —
2057 2592 2121 2667 6._
2156 2592 2326 2649 Nobis
2383 2603 2436 2649 et
2490 2597 2712 2650 animis
2768 2596 3083 2652 communia
3138 2605 3194 2651 et
3249 2595 3462 2650 diversa
3517 2592 3800 2667 explicat.
3829 2632 3904 2640 —

545 2673 597 2724 7.
629 2668 797 2723 Nobis
825 2671 879 2722 et
907 2666 1490 2742 antipodibusnostris
1519 2665 1676 2742 nihil
1695 2679 2002 2742 commune,
2029 2663 2123 2742 sed
2151 2667 2341 2742 omnia
2387 2669 2607 2721 inversa
2662 2682 2773 2722 esse
2825 2669 3174 2742 pronuntiat.
3209 2697 3276 2707 —-
3305 2667 3358 2720 8.
3411 2663 3616 2742 Causae
3666 2675 3905 2742 propter

542 2755 679 2810 quas
709 2737 1297 2813 intemperatiszonis
1329 2738 1504 2813 horae
1538 2737 1717 2813 anni,_
1751 2737 1986 2813 itemque
2032 2737 2401 2813 incrementa
2435 2748 2489 2792 et
2523 2737 2875 2813 decrementa
2919 2738 3136 2813 dierum
3181 2741 3235 2794 et
3280 2740 3528 2813 noctium
3571 2737 3902 2813 mutantur,

539 2807 666 2867 sunt
695 2811 848 2868 858
881 2807 1074 2865 mundi
1103 2810 1427 2878 inclinatio,
1458 2811 1507 2864 et
1531 2807 1932 2881 paranetarum
1974 2807 2104 2881 solis
2159 2809 2230 2863 ab
2278 2809 2564 2864 horizonte
2609 2809 2806 2865 divisio
2853 2811 3174 2881 inaequalis,
3221 2810 3692 2880 quemadmodum
3746 2807 3902 2870 sane

539 2885 640 2938 sub
669 2886 949 2957 aequatam
1003 2889 1328 2957 perpetuum
1382 2884 1461 2935 est
1513 2880 1934 2957 aequinoctium:
1962 2909 2039 2957 —A
2057 2879 2110 2933 9.
2156 2881 2517 2957 _Incrementa
2571 2884 2624 2935 et
2671 2879 3013 2957 decrementa
3340 2889 3406 2957 et
3437 2883 3684 2957 noctium
3733 2887 3906 2957 apud

542 2949 818 3011 omnes—in
845 2949 1032 3008 nostra
1061 2949 1365 3024 temperata
1394 2967 1533 3006 zona
1563 2949 1870 3025 habitantes
1898 2949 2257 3025 ﬁuntieodem
2295 2955 2569 3025 tempore,
2629 2953 2722 3009 sed
2767 2954 3002 3009 accessio
3053 2961 3105 3009 et
3132 2953 3438 3025 subtractio
3493 2954 3640 3025 apud
3693 2949 3900 3014 onines

541 3041 654 3081 non
683 3029 767 3081 est
793 3026 999 3094 eadem,
1022 3021 1186 3096 cujus
1215 3026 1298 3078 rei
1318 3039 1487 3078 causa
1515 3028 1612 3088 est,
1646 3023 1797 3093 quod
1824 3021 2020 3076 mundi
2044 3021 2333 3096 inclinatio
2361 3021 2556 3096 etipoﬁli
2600 3025 2845 3080 elevatio
2902 3026 3070 3080 etiam
3121 3023 3289 3096 apud
3322 3024 3482 3080 hosce
3523 3021 3719 3080 omnes
3768 3043 3904 3085 non

544 3102 625 3153 est
680 3096 888 3152 eadem.
920 3093 1121 3151 Eadem
1139 3103 1218 3150 est
1243 3098 1412 3168 ratio,
1446 3096 1666 3168 inversa
1695 3099 1897 3168 tamen,
1928 3093 2075 3164 apud
2119 3096 2367 3168 _eos__qui
2420 3095 2673 3150 habitant
2728 3097 2790 3151 in
2847 3093 3168 3167 temperata
3196 3094 3355 3151 nobis
3411 3096 3648 3168 opposita
3675 3126 3748 3136 —-
3782 3097 3892 3154 10.

547 3169 753 3236 Quibus
783 3170 916 3240 ipsis
943 3168 1008 3240 de
1036 3168 1240 3240 causis
1270 3167 1384 3223 diei
1411 3167 1655 3240 maximi
1682 3163 1971 3240 quantitas
1988 3163 2133 3236 apud
2186 3163 2328 3240 alios
2383 3173 2564 3240 atque
2594 3167 2735 3240 alios
2787 3163 3035 3240 homines
3081 3168 3360 3235 variatur,
3414 3163 3561 3240 u't'in
3586 3169 3744 3222 textu
3791 3169 3901 3225 de-

543 3236 816 3295 claratur;
845 3269 914 3279 —
949 3239 1030 3292 l1.
1065 3239 1184 3306 Qua
1207 3236 1272 3292 de
1299 3254 1468 3292 causa
1497 3240 1558 3292 in
1597 3238 1892 3309 Britannia
1942 3244 2181 3309 tempore
2246 3236 2565 3309 longissimi
2616 3238 2750 3304 diei,
2809 3241 2904 3309 qui
2954 3239 3218 3295 horarum
3273 3241 3350 3294 est
3393 3239 3716 3306 octodecim,
3779 3257 3906 3298 non:

547 3313 720 3366 etiam
748 3326 871 3381 quae
929 3320 1007 3365 est
1068 3309 1328 3363 horarum
1383 3324 1481 3363 sea:
1537 3309 1730 3363 luceat.
1764 3338 1834 3348 —-
1872 3307 1960 3363 42.
1993 3308 2099 3381 ,Ιη-
2139 3307 2549 3381 ίηδαιαλΤΙιιιιε
2607 3313 2747 3365 totus
2803 3307 3045 3381 tropicus
3099 3310 3342 3376 aestivus,
3399 3310 3641 3381 adeoque
3701 3326 3896 3368 omnes

546 3386 731 3453 partes
753 3378 953 3438 Cancri
981 3397 1148 3453 supra
1180 3382 1518 3436 horizontem
1544 3385 1704 3453 sunt,
1729 3384 1779 3453 et
1807 3378 2036 3450 proinde
2065 3379 2185 3453 dies
2241 3379 2555 3453 artiﬁcialis
2602 3382 2685 3453 ibi
2740 3385 2820 3436 est
2877 3378 3077 3438 mensis
3132 3383 3361 3453 integer.
3395 3411 3466 3421 -—
3496 3378 3588 3438 13.
3648 3383 3713 3438 in
3760 3383 3896 3439 locis

549 3451 941 3527 borealioribus
968 3452 1083 3527 dies
1113 3452 1460 3527 longissimus
1488 3453 1658 3506 etiam
1689 3451 1960 3527 bimestrzs
1989 3458 2042 3527 et
2069 3451 2364 3527 trimestris
2410 3453 2463 3506 ei
2491 3452 2914 3527 quadrimestris
2970 3461 3022 3527 et
3079 3451 3541 3527 quinquemestris
3587 3456 3641 3509 et
3702 3458 3902 3527 major

547 3525 795 3596 efﬁcitur
816 3539 917 3595 pro
949 3521 1236 3596 distantia:
1287 3524 1522 3596 ratione.
1558 3554 1624 3563 —-
1659 3524 1743 3576 14.
1812 3522 1922 3596 Sub
1975 3525 2092 3592 ipso
2143 3523 2265 3596 polo
2318 3521 2917 3596 borea—habitantibus
2963 3521 3462 3596 dies—longissimus
3493 3540 3612 3579 non
3668 3521 3906 3583 tant'um

547 3594 843 3662 semestris,
904 3594 1000 3649 sed
1054 3595 1433 3665 septzmestris,
1486 3609 1585 3649 nos
1640 3609 1765 3649 vero
1823 3594 2288 3663 quinquemestris
2345 3595 2610 3664 efﬁcitur.
2659 3626 2729 3634 —
2755 3595 2844 3651 15.
2881 3595 3149 3663 Quomodo
3202 3594 3267 3650 in
3330 3596 3506 3651 Thule
3536 3599 3592 3651 et
3644 3597 3804 3654 ultra
3838 3601 3902 3654 in

545 3668 675 3722 locis
727 3666 1132 3742 borealioribus
1165 3669 1425 3742 arcticus
1477 3681 1536 3742 se
1592 3665 1788 3720 habeat
1840 3665 1910 3719 ad
1942 3667 2252 3742 itropicum.
2286 3667 2793 3742 aestimati—‘16.
2856 3667 2967 3742 sub
3013 3669 3136 3742 ipso
3185 3667 3311 3740 polo
3367 3669 3634 3742 arcticus,
3698 3683 3898 3742 aequa-

538 3743 641 3813 tor,
701 3747 753 3794 et
808 3738 1036 3793 horizon
1086 3736 1426 3803 coincz'dunt,
1480 3741 1531 3791 et
1584 3753 1729 3792 unus
1783 3752 1843 3791 re
1893 3741 2056 3808 atque
2128 3735 2371 3806 subjecto
2428 3737 2582 3794 359
2654 3738 2797 3808 ﬁunt
2851 3735 3112 3808 circulus,
3185 3735 3419 3795 tametsi
3481 3740 3710 3796 ratione
3761 3735 3900 3813 ’ἀεῖ-

540 3812 746 3881 ferant.

1067 4041 1299 4099 CAPUT
1337 4040 1503 4097 xxx.
2141 4041 2183 4107 ρ

2141 4041 2183 4107 (ε
2854 4045 3109 4099 ΚΕΦΔΛ.
3150 4047 3227 4098 Λ¹.

995 4137 1074 4189 De
1111 4131 1572 4188 habitationibus.

2821 4129 2953 4206 Περὶ
2983 4127 3107 4200 olidi
3117 4149 3273 4184 σεων.

535 4223 584 4277 1.
617 4223 807 4278 Terra:
841 4221 885 4258 ¹⁸
915 4221 986 4290 si,
1022 4221 1176 4292 quod
1207 4221 1621 4294 supponimus,
1644 4222 1767 4276 tota
1796 4218 2102 4287 incolatur,

2290 4217 2355 4270 α’.
2409 4214 2746 4291 Οἰκουμένης
2796 4219 2912 4273 καθ’
2953 4217 3202 4283 ὑπόθεσιν
3255 4217 3393 4289 ὅλης
3440 4224 3542 4288 τῆς
3593 4223 3724 4295 γῆς,
3772 4224 3888 4276 τῶν

459 4311 894 4367 habitationum
919 4309 1044 4366 aliae
1065 4315 1237 4366 erunt
1261 4310 1521 4383 perisciaa
1547 4309 1735 4381 [quasi
1757 4309 2081 4364 circumum

2267 4307 2477 4375 κήσεων
2504 4307 2559 4360 αἱ
2589 4307 2683 4380 μὲν
2712 4307 2982 4382 περίσκιοι
3013 4308 3357 4384 γενήσονται,
3387 4308 3444 4363 αἱ
3477 4305 3507 4363 δ
3566 4307 3887 4388 ἀμφίσκιοι,

456 4399 719 4470 bratiles]
751 4400 874 4455 aliis
906 4399 1243 4472 amphisciae
1274 4399 1467 4471 [quasi
1504 4398 1782 4470 utrinque
1829 4398 2081 4453 umbrau

1074 4400 1243 4455 [iscire
1274 4399 1467 4471 [quasi
1504 4398 1782 4470 utrinque
1829 4398 2103 4453 umbram
2215 4394 2272 4448 αἱ
2304 4391 2350 4447 δ’
2383 4394 2699 4472 ἒτερόσκιοι.

445 4489 776 4561 jacientes],
813 4489 936 4545 aliae
965 4489 1302 4546 heterosciae
1330 4487 1526 4562 [quasi
1556 4487 1798 4543 alteram
1828 4486 2100 4542 umbram

451 4577 778 4651 habentes].

519 4668 574 4722 2.
608 4667 874 4724 Perisciaa
905 4669 1165 4741 quidem,
1199 4685 1325 4742 quae
1354 4671 1494 4723 sunt
1522 4667 1632 4723 sub
1666 4666 1834 4740 polis,
1874 4666 1936 4721 in
1967 4666 2099 4738 qui-

2285 4663 2350 4739 β’.
2383 4662 2660 4736 Περίσκιοι
2719 4664 2811 4738 μὲν
2865 4664 2920 4718 αἱ
2979 4663 3084 4720 ὑπὸ
3138 4665 3266 4727 τοὺς
3323 4663 3554 4739 πόλους,
3605 4663 3659 4719 ἐν
3712 4665 3802 4728 αἷς
3849 4665 3877 4719 ὁ

448 4755 561 4812 bus
594 4774 785 4813 annus
809 4756 870 4812 in
899 4756 1051 4812 diem
1085 4763 1142 4812 et
1169 4762 1398 4812 noctem
1431 4757 1744 4828 dividetur,
1759 4773 1892 4811 cum
1915 4756 1974 4810 in
2002 4755 2073 4810 hi:

2245 4753 2446 4814 νιαοτὸς
2504 4753 2578 4815 εἰς
2626 4752 2835 4830 ἡμέραν
2895 4754 2985 4807 καὶ
3039 4753 3205 4808 νύκτα
3262 4750 3689 4830 διαιρεθήσεταιο
3719 4774 3870 4831 γινο-

447 4851 709 4918 ωᾳυοιοῐ·
739 4847 840 4902 ﬁat
869 4845 1130 4918 horizon,
1145 4863 1245 4901 sex
1274 4851 1471 4902 autem
1503 4846 1674 4918 signa
1701 4846 1902 4901 eadem
1935 4861 2072 4900 sem-

2249 4842 2373 4896 ένου
2421 4843 2514 4916 μὲν
2567 4841 2844 4919 ὁρίζοντος
2892 4841 2944 4897 ἐν
2987 4841 3210 4904 ταύταις
3250 4843 3728 4918 τούίσημερινοῢ,
3766 4848 3874 4912 ζω-

444 4951 550 5005 per
577 4951 754 5007 supra
789 4940 1022 5003 terram,
1055 4940 1113 4990 et
1157 4952 1258 4990 sex
1306 4935 1459 4990 infra
1509 4939 1726 4990 terram
1776 4934 1912 4990 sint.
1945 4934 2069 4989 Cun

2244 4932 2334 4986 ίων
2388 4929 2446 4986 δὲ
2497 4929 2786 4994 διαπαντὸς
2833 4931 2888 5004 ἓξ
2920 4926 3086 4986 ὄντων
3144 4931 3276 5008 ὑπὲρ
3335 4938 3438 5008 γῆν
3496 4935 3603 4984 τῶν
3662 4931 3869 5004 αὐτῶν,

442 5038 580 5094 ergo
611 5023 672 5077 in
701 5023 1108 5094 hujuscemodi
1141 5023 1605 5079 habitationibus
1637 5024 1857 5078 umbrae
1903 5023 2061 5078 circu

2248 5022 2291 5076 ιὶ
2347 5020 2401 5091 ἓξ
2435 5021 2539 5076 ὑπὸ
2595 5028 2721 5096 γῆν.
2775 5019 2986 5076 Κύκλον
3039 5019 3129 5075 οὖν
3185 5021 3236 5076 ἐν
3281 5026 3400 5082 ταῖς
3446 5019 3731 5083 τοιαύταις
3784 5021 3873 5076 οἷ-

440 5111 565 5167 lum
595 5112 1098 5180 circumscribant,
1132 5113 1408 5184 periscias
1450 5113 1673 5169 faciunt
1721 5113 1901 5185 ipsas,
1934 5129 2065 5184 quor

2251 5112 2420 5181 άσεσιν
2479 5111 2532 5165 αἱ
2593 5111 2732 5173 ςκιαὶ
2782 5111 3212 5187 περιγράφουσαι
3271 5109 3586 5186 περισκὶους
3648 5113 3876 5165 ποιοῦ-

438 5200 500 5254 in
532 5201 864 5258 climatibus
896 5219 1024 5274 qua:
1055 5207 1196 5258 sunt
1225 5204 1335 5258 sub
1361 5201 1510 5274 polis
1532 5202 1973 5258 ﬁrmamentum
2004 5201 2063 5256 in

2248 5220 2281 5253 ιν
2334 5197 2518 5270 αὐτὰς,
2588 5197 2989 5275 παραπλησίως
3030 5203 3146 5261 τοῖς
3210 5197 3409 5272 μύλοις
3467 5197 3520 5252 ἐν
3577 5203 3698 5260 τοῖς
3761 5199 3873 5255 ὑπὸ

439 5294 562 5344 star
591 5290 883 5347 molarum
916 5296 1302 5348 convertatur.

2248 5287 2324 5350 ib;
2380 5287 2588 5350 πόλους
2639 5287 2868 5362 κλίμασι
2947 5288 3311 5365 στρεφομένου
3360 5291 3458 5343 τοῦ
3517 5289 3873 5364 στερέωμα-

2196 5398 2306 5440 τος.

501 5592 546 5673 ":
576 5591 791 5673 Qleom.
827 5593 869 5648 Ι.
902 5611 952 5673 ιλ
975 5611 1024 5673 c_.
1056 5595 1128 5664 7;
1158 5596 1363 5673 Strabo
1396 5613 1436 5651 η
1462 5596 1597 5673 _-'_sub
1619 5597 1848 5673 _ﬁn_e_m;
1898 5594 2126 5668 Regiom

2241 5613 2253 5652 ι
2302 5594 2454 5652 Ptol.
2488 5594 2592 5652 lib.
2627 5611 2689 5667 ιι,
2725 5611 2891 5668 prop.
2922 5594 3013 5664 14,
3049 5595 3136 5665 15,
3170 5595 3257 5663 16,
3292 5595 3379 5652 17.
3411 5593 3672 5652 Macrob.
3707 5597 3756 5655 Ι.
3791 5614 3866 5673 n,

428 5679 476 5720 c.
509 5666 563 5737 7,
597 5666 656 5720 in
686 5668 886 5720 Somn.
919 5666 1074 5740 Scip.
1108 5668 1282 5723 Basil.
1316 5668 1518 5724 homil.
1550 5670 1585 5723 6
1616 5669 1676 5726 in
1707 5666 2120 5727 Hexaemeron.
