4114 6414
217 391 378 452 1293
1556 387 1850 451 ΕΡΙΤΟΜ

1975 386 2314 450 ?HYSICA.
3483 393 3640 454 1294

282 525 349 598 γ’.
384 519 698 600 ’Δμφίσκιοι
728 520 787 578 δὲ
833 520 1076 594 οἰκήσεις
1125 521 1180 576 αἱ
1235 520 1337 576 ὑπὸ
1385 522 1475 577 τὸν
1529 519 1848 598 ἰσημερινόν

2025 585 2032 592 _
2062 522 2116 576 3.
2148 520 2504 594 Amphisciae
2534 523 2730 578 autem
2760 519 3177 592 habitationes,
3200 540 3327 598 quae
3359 523 3642 597 aequatori

209 612 355 688 Πρὸς
386 610 541 667 νότον
578 612 672 684 μὲν
703 612 806 688 γὰρ
837 609 1101 672 ἀπιόντος
1129 614 1227 666 τοῦ
1259 610 1424 681 ἡλίου
1466 612 1557 668 καὶ
1606 611 1681 673 ὡς
1731 610 1858 686 πρὸς

1979 612 2254 682 subjectae
2304 615 2462 667 sunt.
2497 615 2640 667 Cum
2692 610 2847 667 enim
2900 610 2989 667 sol
3039 613 3111 667 ad
3158 621 3425 670 austrum
3454 619 3512 670 et
3559 614 3676 690 ab_

209 701 304 756 τὸν
351 701 665 777 χειμερινὸν
724 701 985 777 τροπικὸν
1054 699 1160 755 ἀπὸ
1226 705 1324 756 τοῦ
1395 701 1716 778 ἰσημερινοῦ
1771 700 1866 755 κύ-

211 789 375 861 κλου,
431 790 568 864 πρὸς
635 788 834 867 βορρᾶν
890 787 1274 845 ἀποκλινοῦσιν
1353 791 1527 847 αὐτῶν
1586 792 1642 846 αἱ
1697 788 1864 846 σκιαί·

211 879 350 952 πρὸς
404 875 463 933 δὲ
516 879 608 934 τὸν
663 879 868 955 θερινὸν
915 878 1176 951 τροπικὸν
1231 878 1336 934 ἀπὸ
1383 884 1482 935 τοῦ
1549 879 1866 956 ἰσημερινοῦ

211 965 421 1024 κύκλου
450 969 822 1044 πορευομένου
857 972 956 1024 τοῦ
1010 965 1198 1042 ἡλίου,
1227 970 1283 1023 αἱ
1331 969 1475 1025 σκιαὶ
1525 969 1664 1043 πρὸς
1710 967 1864 1023 νότον

210 1058 604 1135 τραπήσονται.

290 1143 355 1204 δ’.
413 1146 746 1223 Ἐτερόσκιοι
806 1143 862 1202 δέ
918 1145 1049 1202 εἰσιν
1126 1147 1181 1202 αἱ
1255 1143 1524 1224 εἰὶκρατοι.
1587 1147 1687 1202 Καὶ
1759 1148 1862 1224 γὰρ

216 1233 342 1290 ὅταν
400 1235 536 1310 πρὸς
593 1230 934 1309 μεσημϐρίαν
1002 1236 1030 1289 ὁ
1089 1233 1252 1305 ἥλιος
1299 1235 1540 1313 γένηται,
1598 1241 1705 1291 τῶν
1769 1237 1860 1310 μὲν

210 1324 312 1393 τὴν
349 1323 562 1399 βορείαν
595 1322 830 1400 ἐχόντων
880 1325 1051 1395 ζώνην
1099 1327 1234 1398 πρὸς
1287 1324 1485 1402 βοῤῥᾶν
1529 1324 1861 1381 ἀποκλίνου-

208 1432 291 1466 σιν
351 1413 406 1466 αἱ
458 1413 624 1486 σκιαὶ,
665 1417 771 1469 τῶν
831 1411 890 1468 δὲ
943 1415 1042 1482 τήν
1098 1412 1447 1490 ἀντεύκρατον
1519 1417 1653 1488 ἡμῖν
1725 1414 1861 1490 πρὸς

203 1499 384 1556 νότον.
423 1501 858 1578 Συμπεριέχεται
911 1503 1005 1576 μὲν
1051 1504 1154 1578 γὰρ
1185 1506 1219 1574 ἡ
1254 1504 1378 1558 σκιά
1422 1511 1523 1574 τῆς
1571 1511 1673 1580 γῆς
1723 1503 1858 1558 πάν-

201 1610 331 1645 τοτε
374 1595 454 1662 τῷ
502 1589 653 1664 ἡλίῳ
692 1593 783 1646 καὶ
815 1589 1094 1668 διαμετρεῖ
1121 1597 1332 1650 τοῦτον.
1369 1596 1531 1648 ’Ώστε
1559 1596 1594 1663 ἡ
1629 1590 1717 1648 διὰ
1761 1597 1858 1648 τοῦ

203 1680 376 1756 ἄκρου
431 1682 529 1749 τῆς
584 1686 734 1742 σκιᾶς
792 1680 1032 1756 ἀγομένη
1111 1678 1398 1759 διάμετρος
1472 1681 1562 1736 ἐπὶ
1627 1684 1691 1737 τὸ
1762 1687 1859 1737 τοῦ

202 1767 375 1840 ἡλίου
432 1770 650 1846 κέντρον
703 1775 964 1827 πεσεῖται.
998 1769 1097 1825 Καὶ
1156 1771 1432 1845 σύμπασαι
1491 1768 1550 1826 δὲ
1601 1776 1707 1827 τῶν
1754 1771 1858 1826 ὐπὸ

1978 700 2370 772 aequinoctiali
2419 700 2634 757 circulo
2663 699 2823 756 velut
2869 701 2940 756 ad
2972 700 3282 758 hibernum
3335 703 3630 776 tropicum

1977 788 2120 858 abit,
2158 790 2377 845 umbrae
2430 805 2632 846 earum
2663 790 2724 844 in
2754 790 2993 846 boream
3031 789 3415 848 declinabunt
3447 808 3461 848 :
3493 807 3631 848 cum

1976 895 2110 934 vero
2140 879 2212 935 ab
2261 878 2618 950 aequinotiali
2665 878 2882 935 circulo
2929 879 3002 934 ad
3033 881 3302 936 aestivum
3339 880 3632 953 tropicum

1978 966 2065 1023 sol
2142 967 2552 1040 proﬁciscitur,
2610 967 2831 1024 umbra;
2891 968 2962 1024 ad
3039 973 3311 1025 austrum
3391 985 3631 1026 conver-

1974 1059 2193 1113 tentur.

2047 1146 2099 1200 4.
2132 1145 2476 1202 Heterosciee
2508 1149 2704 1202 autem
2737 1149 2895 1215 sunt,
2929 1163 3054 1218 qua
3081 1150 3423 1220 temperatae
3461 1151 3623 1204 sunt.

1975 1234 2118 1290 Cum
2150 1235 2308 1290 enim
2340 1234 2427 1291 sol
2459 1236 2530 1292 ad
2565 1235 2868 1291 meridiem
2899 1236 3352 1304 venerit,eorum
3386 1235 3626 1309 quidem

1973 1323 2074 1393 qui
2121 1323 2417 1380 borealem
2480 1341 2688 1379 zonam
2736 1324 3023 1391 habitant,
3073 1326 3296 1380 umbrae
3359 1326 3515 1381 360
3564 1326 3625 1381 in

1975 1411 2210 1467 boream
2261 1411 2555 1468 declinant
2585 1430 2598 1468 :
2634 1414 2706 1468 ad
2738 1419 3010 1469 austrum
3060 1418 3256 1470 autem
3288 1430 3492 1470 eorum
3525 1414 3626 1487 qui

1973 1502 2301 1574 oppositam
2332 1503 2500 1558 nobis
2531 1507 2913 1574 temperatam
2943 1502 3379 1559 incolunt.Nam
3411 1503 3626 1559 umbra

1971 1593 2135 1646 terrae
2184 1607 2316 1646 cum
2343 1590 2463 1646 sole
2494 1607 2724 1662 semper
2763 1592 2935 1662 juxta
2983 1591 3276 1660 circumit,
3309 1593 3627 1664 ipsumque

1971 1679 2294 1735 dimetitur.
2329 1681 2692 1752 Quapropter
2741 1680 3025 1735 diameter
3053 1697 3183 1752 quae
3214 1697 3319 1753 per
3357 1680 3631 1736 extremi-

1969 1771 2146 1824 tatem
2179 1769 2398 1824 umbrae
2430 1768 2684 1837 ducitur,
2716 1767 2776 1822 in
2808 1767 2949 1824 solis
2980 1775 3250 1826 centrum
3283 1769 3523 1825 incidet.
3557 1769 3628 1824 Et

199 1862 304 1913 τοῦ
359 1857 526 1928 ἠλίου
584 1857 974 1936 φωτιζομένων
1033 1859 1299 1933 σωμάτων
1335 1861 1390 1914 αἱ
1421 1860 1567 1915 σκιαὶ
1615 1864 1684 1934 τῇ
1734 1865 1858 1932 σκιᾷ

1975 1874 2100 1912 vero
2147 1858 2413 1913 omnium
2445 1874 2647 1913 eorum
2678 1874 2990 1928 corporum
3036 1875 3163 1930 quae
3190 1875 3226 1913 a
3258 1857 3380 1914 sole
3410 1857 3627 1914 illumi-

201 1951 693 2022 συμπερινοστοῦσι
749 1954 849 2017 τῆς
905 1950 1028 2024 γῆς.
1083 1950 1238 2013 Ὅθεν
1297 1947 1349 2003 ἐν
1414 1949 1508 2023 μὲν
1564 1953 1682 2010 ταῖς
1733 1948 1854 2020 ἰση-

203 2034 445 2112 μερίαις,
478 2033 870 2100 ἀνατέλλοντος
918 2041 1016 2092 τοῦ
1066 2034 1253 2110 ἡλίου,
1283 2037 1419 2114 πρὸς
1467 2034 1615 2092 δύσιν
1660 2038 1854 2111 ἰσημε-

200 2125 360 2202 ρινήν
441 2123 827 2180 ἀποκλίνουσιν
909 2126 963 2180 αἱ
1029 2125 1196 2198 σκιαὶ,
1259 2123 1525 2200 δυομένου
1588 2124 1666 2200 δὲ,
1717 2126 1856 2203 πρὸς

200 2211 479 2283 ἀνατολὴν
543 2214 884 2290 ἷσημερινήν’
937 2213 989 2270 ἐν
1049 2211 1108 2269 δὲ
1160 2219 1281 2278 ταῖς
1337 2221 1678 2293 χειμεριναῖς
1733 2237 1857 2293 τρο-

194 2306 354 2375 παῖς,
386 2297 779 2365 ἀνατέλλοντος
815 2303 910 2377 μὲν
935 2307 1034 2358 τοῦ
1076 2302 1267 2375 ἡλίου,
1299 2305 1434 2379 πρὸς
1484 2302 1663 2368 δύσεις
1712 2307 1858 2379 θερι-

191 2393 295 2455 νάς
348 2392 383 2462 ἠ
431 2396 539 2447 τῶν
599 2396 762 2447 σκιῶν
821 2391 1108 2456 ἀπόκλισις
1166 2393 1394 2469 γίνεται,
1457 2391 1722 2468 δυομένου
1775 2391 1852 2466 δὲ,

191 2480 340 2558 πρὸς
371 2478 643 2543 ἀνατολὰς
703 2480 928 2559 θερινάς·
965 2481 1016 2538 ἐν
1049 2479 1108 2537 δὲ
1135 2487 1257 2545 ταῖς
1314 2488 1548 2558 θεριναῖς
1600 2489 1852 2559 τροπαῖς,

193 2569 523 2644 ἀνίσχοντος
579 2570 672 2644 μὲν
731 2575 828 2626 τοῦ
887 2569 1076 2643 ἡλίου,
1137 2571 1275 2647 πρὸς
1333 2569 1540 2646 δυσμὰς
1597 2573 1652 2627 αἱ
1710 2572 1856 2628 σκιαὶ

197 2657 518 2735 χειμερινὰς
587 2659 982 2734 ἀποτείνονται,
1034 2657 1302 2734 δυομένου
1352 2657 1430 2730 δὲ,
1481 2661 1620 2738 πρὸς
1670 2660 1853 2717 ἐπιτο-

195 2744 302 2810 λὰς
363 2748 703 2824 χειμερινάς·
761 2748 899 2804 κατὰ
964 2749 1204 2825 χιασμὸν
1257 2749 1552 2826 γινομένης
1613 2749 1665 2804 ἐν
1713 2749 1854 2827 θέρει

194 2836 290 2891 καὶ
321 2840 559 2912 ’χειμῶνι
587 2843 688 2906 τῆς
725 2841 834 2893 τῶν
867 2842 1031 2893 σκιῶν
1063 2837 1428 2902 ἀποκλίσεως.

275 2925 332 2978 ε’.
394 2929 735 3002 Διαιροῦντες
793 2923 840 2980 δ’
888 2927 941 2980 οἱ
998 2926 1214 3004 φυσικοὶ
1272 2928 1368 2990 τὰς
1428 2926 1720 3004 εὖκράτους
1776 2927 1855 2992 εἷς

204 3011 501 3085 οἰκούμενα
553 3013 784 3090 τέσσαρα
836 3016 1121 3088 τμήματα,
1183 3016 1273 3070 καὶ
1329 3014 1642 3090 περιοίκους
1716 3017 1852 3090 ἡμῖν

203 3101 547 3165 ἐπινοοῦντες
631 3101 915 3166 ἀντοίκους
969 3124 1028 3158 τε
1102 3104 1192 3159 καὶ
1267 3102 1576 3176 ἀντίποδας,
1635 3103 1852 3182 λέγουσι

200 3189 295 3245 καὶ
355 3189 676 3262 κοινότητας
734 3193 870 3265 ἡμῖν
933 3192 1064 3247 εἶναι
1124 3193 1259 3270 πρὸς
1311 3192 1540 3256 ἐκείνους
1594 3195 1684 3249 καὶ
1741 3195 1852 3250 ἓτε-

204 3278 459 3354 ρότητας.
494 3260 639 3355 Πρὸς
695 3260 791 3353 μὲν
835 3280 974 3354 (οὖν)
1029 3260 1178 3344 τοὺς¹
1208 3283 1522 3359 περιοίκους
1579 3285 1716 3338 κατά
1759 3284 1851 3340 τὸν
1885 3260 1928 3328 C

198 3371 310 3421 τῶν
393 3373 628 3442 φυσικῶν
716 3367 882 3444 λόγον
966 3368 1112 3425 ἔσται
1170 3372 1351 3427 κοινὸν
1427 3374 1586 3446 ἡμῖν,
1639 3377 1852 3448 πρῶτον

208 3456 307 3530 μὲν
385 3457 450 3511 τὸ
517 3458 616 3526 τήν
690 3457 856 3527 αὐτὴν
923 3459 1088 3514 οἷ’κεῖν
1175 3456 1451 3537 εὔκρατονυ
1538 3458 1723 3517 ἔπειτα
1791 3463 1854 3517 τὸ

196 3545 343 3601 κατὰ
398 3546 591 3601 ταυτὸν
652 3543 799 3622 ἔχειν
853 3549 947 3611 τὰς
1006 3547 1151 3625 ὥρας
1189 3554 1287 3604 τοῦ
1317 3549 1585 3618 ἐνιαυτοῦ,
1614 3551 1704 3606 καὶ
1758 3551 1854 3614 τὰς

194 3634 450 3706 αὐξήσεις
507 3635 596 3690 καὶ
654 3637 749 3699 τὰς
813 3639 1066 3711 μειώσεις
1122 3642 1230 3694 τῶν
1263 3640 1485 3714 ἡμερῶν
1514 3662 1574 3695 τε
1602 3641 1691 3695 καὶ
1746 3646 1854 3697 τῶν

196 3727 437 3780 νυκτῶν.
468 3724 740 3801 Διάφορον
783 3722 840 3779 δὲ
895 3725 1031 3801 πρὸς
1087 3725 1237 3798 ἡμᾶς
1285 3726 1347 3781 τὸ
1379 3728 1506 3803 παρ’
1534 3728 1670 3802 ἡμῖν
1721 3729 1857 3802 ἠμέ-

197 3833 294 3889 ρας
368 3807 536 3883 οόσης
593 3819 719 3889 παρ’
776 3812 1002 3876 ἐκείνοις
1058 3814 1188 3870 εἶναι
1243 3814 1426 3870 νύκτα⁶
1458 3815 1548 3871 καὶ
1598 3811 1856 3890 ἔμπαλιν,

197 3901 538 3977 πλατύτερον
613 3901 810 3956 τούτου
891 3899 1214 3979 λεγομένου.
1275 3903 1410 3960 Οὐδὲ
1465 3906 1567 3982 γὰρ
1622 3901 1862 3982 ἀκριϐῶς

197 3990 402 4045 ὁπόταν
449 3987 786 4062 καταδύηται
825 3998 950 4067 παρ’
995 3993 1131 4066 ἡμῖν
1187 3994 1216 4046 ὁ
1259 3991 1445 4064 ἥλιος,
1489 3995 1666 4070 ἀρχὴν
1717 3993 1859 4069 λαμ-

196 4072 350 4133 ϐάνει
397 4082 495 4132 τοῦ
541 4080 668 4157 παρ’
716 4079 948 4143 ἐκείνοις
1000 4080 1261 4157 ἀνίσχειν.
1295 4081 1449 4136 Οὕτω
1496 4082 1600 4158 γὰρ
1642 4081 1701 4137 ἂν
1732 4079 1862 4160 παρξ

194 4167 334 4239 ἡμῖν
384 4161 552 4238 οὔσης
603 4149 814 4245 μακρᾶς
864 4175 968 4238 τῆς
1014 4149 1253 4245 ἡμέρας,
1286 4171 1321 4240 ἧ
1351 4169 1443 4241 νὺξ
1492 4149 1697 4247 ἐγίνετο
1735 4149 1862 4247 παρ’

201 4250 428 4318 ἐκείνοις
490 4257 690 4334 μακρά·
749 4257 841 4311 καὶ
897 4257 964 4327 ἦν
1021 4258 1163 4330 ἡμῖν
1212 4257 1280 4313 τὰ
1334 4259 1470 4314 κατὰ
1542 4261 1639 4322 τὰς
1718 4259 1863 4336 ὥρας

199 4341 606 4422 ἐνηλλαγμένα,
668 4345 760 4400 καὶ
837 4345 935 4410 τὰς
1003 4347 1252 4418 αύξησεις
1311 4347 1402 4402 καὶ
1457 4347 1552 4411 τὰς
1613 4350 1864 4423 μειώσεις

200 4436 313 4487 τῶν
341 4434 565 4510 ἡμερῶν
594 4455 655 4490 τε
699 4434 790 4490 καὶ
836 4440 944 4490 τῶν
985 4440 1215 4492 νυκτῶν.
1250 4435 1385 4490 Νυνὶ
1438 4433 1496 4492 δὲ
1543 4435 1860 4516 σφαιροειδῆ

191 4522 293 4590 τὴν
355 4525 458 4597 γῆν
515 4521 674 4579 οὖσαν
734 4525 962 4602 περιιὼν
1020 4526 1048 4581 ὁ
1109 4523 1274 4595 ἥλιος
1335 4525 1424 4581 καὶ
1483 4525 1720 4596 κυκλῶν,
1780 4528 1862 4590 οἷς

1967 1951 2186 2012 nantur
2234 1947 2455 2002 umbrae
2485 1963 2620 2002 cum
2648 1946 2861 2002 umbra
2899 1951 3064 2003 terra
3109 1946 3288 2004 simul
3337 1947 3625 2003 circuma-

1967 2040 2204 2108 guntur.
2240 2035 2405 2092 Unde
2451 2035 2510 2090 in
2544 2035 2906 2108 aequinoctiis
2948 2035 3172 2092 oriente
3198 2035 3320 2093 sole
3350 2037 3422 2092 ad
3455 2053 3624 2093 occa-

1967 2142 2100 2181 sum
2132 2125 2597 2197 aequinoctialem
2627 2126 2848 2180 umbraa
2881 2125 3214 2182 declinant:
3247 2130 3309 2181 at
3335 2124 3396 2181 in
3427 2125 3622 2182 hiber-

1967 2213 2058 2270 nis
2089 2213 2568 2270 conversionibus
2596 2213 2890 2270 exoriente
2917 2214 3155 2286 quidem
3190 2213 3312 2270 sole
3351 2214 3424 2269 ad
3455 2230 3620 2271 occa-

1968 2320 2069 2359 sus
2119 2302 2348 2360 aastivos
2397 2303 2463 2357 ﬁt
2511 2304 2858 2359 umbrarum
2926 2303 3257 2373 declinatio,
3315 2303 3622 2360 occidente

1966 2397 2163 2448 autem
2211 2392 2282 2448 ad
2315 2395 2479 2448 ortus
2511 2392 2740 2448 aestivos
2773 2409 2787 2448 :
2819 2391 2880 2447 in
2930 2392 3145 2449 aestivis
3175 2408 3347 2465 porro
3387 2409 3622 2449 conver-

1966 2481 2234 2538 sionibus
2294 2484 2628 2554 emergente
2686 2480 2809 2537 sole
2866 2482 2938 2537 ad
3016 2498 3261 2539 occasus
3316 2481 3622 2551 hibernos,

1965 2560 2262 2627 occidente
2291 2571 2363 2625 ad
2398 2578 2563 2626 ortus
2592 2569 2869 2627 hibernos
2901 2570 3122 2626 umbrae
3147 2572 3614 2643 protenduntur:

1967 2665 2033 2716 ut
2060 2660 2144 2716 ita
2171 2677 2273 2732 per
2304 2659 2661 2726 chiasmum,
2691 2677 2796 2717 seu
2827 2660 3302 2717 decussationem
3339 2664 3539 2717 testate
3569 2663 3629 2717 et

1963 2750 2157 2806 hieme
2186 2750 2288 2806 fiat
2318 2750 2665 2806 umbrarum
2696 2748 3029 2807 declinatio.

2032 2930 2086 2986 5.
2120 2932 2264 2984 Cum
2315 2932 2511 2985 autem
2540 2928 2767 3001 physici
2818 2929 2864 2964 ¹⁹
2892 2933 3250 3002 temperatas
3297 2929 3520 3000 [zonas]
3552 2928 3614 2984 in

1967 3021 2220 3091 quatuor
2269 3023 2574 3091 segmenta
2601 3034 2726 3088 quae
2766 3017 3131 3089 habitantur,
3175 3017 3460 3086 dividant,
3509 3033 3614 3073 no-

1965 3107 2176 3179 bisque
2227 3107 2507 3178 perioecos
2539 3110 2596 3162 ct
2641 3109 2897 3162 antaecos
2928 3111 2985 3161 et
3033 3107 3338 3178 antipodes
3385 3105 3614 3179 excogi-

1965 3199 2109 3264 tent,
2145 3196 2597 3252 communitates
2645 3194 2823 3251 etiam
2853 3199 2911 3252 et
2939 3195 3310 3251 diversitates
3340 3195 3509 3251 nobis
3540 3195 3612 3250 ad

1967 3284 2101 3341 illos
2132 3300 2260 3340 esse
2291 3284 2514 3340 dicunt.
2547 3285 2632 3340 Ad
2665 3284 2944 3357 perimcos
2974 3285 3214 3357 quidem
3245 3302 3314 3341 ex
3342 3284 3616 3357 physico-

1967 3391 2099 3430 rum
2133 3373 2358 3430 ratione
2388 3390 2700 3430 commune
2730 3374 2900 3430 nobis
2921 3374 3031 3430 erit
3059 3374 3318 3447 primum
3347 3373 3614 3430 eamdem

1967 3463 2223 3519 incolere
2269 3467 2681 3535 temperatam,
2714 3463 2922 3519 deinde
2971 3464 3119 3519 361
3177 3462 3354 3518 simul
3401 3463 3619 3518 habere

1968 3553 2144 3615 horas
2176 3553 2304 3626 (hoc
2333 3557 2424 3608 est
2452 3557 2608 3609 stata
2636 3553 2774 3608 anni
2806 3553 3115 3625 tempora),
3148 3552 3404 3624 itemque
3429 3552 3618 3607 incre-

1970 3647 2170 3699 menta
2189 3646 2248 3698 et
2269 3643 2644 3698 decrementa
2666 3642 2894 3698 dierum
2920 3647 2978 3698 et
2999 3642 3258 3698 noctium
3285 3661 3298 3698 :
3324 3642 3621 3697 diversum

1969 3737 2188 3800 autem,
2223 3731 2377 3803 quod
2429 3748 2563 3786 eum
2612 3731 2768 3803 apud
2817 3748 2923 3787 nos
2970 3731 3094 3788 dies
3143 3736 3252 3800 est,
3286 3731 3439 3802 apud
3489 3729 3623 3785 illos

1969 3838 2084 3876 nox
2136 3819 2233 3888 sit,
2266 3824 2325 3874 et
2352 3821 2474 3875 vice
2503 3837 2692 3888 versa,
2717 3825 2783 3874 ut
2811 3820 2920 3876 hoc
2966 3824 3164 3876 tamen
3194 3819 3398 3875 latiore
3444 3834 3624 3874 sensu

1973 3909 2221 3965 dicatur.
2262 3908 2377 3964 Nec
2434 3908 2592 3964 enim
2651 3914 2918 3964 accurate
2973 3925 3108 3964 cum
3167 3910 3321 3981 apud
3371 3924 3477 3963 nos
3537 3905 3626 3962 sol

1971 3998 2205 4068 occidit,
2238 3997 2394 4069 apud
2443 3997 2575 4053 illos
2603 4013 2900 4070 emergere
2944 3996 3169 4070 incipit.
3202 3996 3295 4052 Sic
3343 3996 3499 4052 enim
3530 3994 3625 4050 die

1974 4088 2130 4160 apud
2181 4103 2290 4142 nos
2319 4085 2494 4158 longa
2537 4086 2871 4154 exsistente,
2903 4103 3015 4142 nox
3059 4087 3212 4158 apud
3243 4085 3406 4158 ipsos
3449 4083 3628 4155 longa

1972 4177 2158 4243 ﬁeret,
2193 4178 2503 4245 essentque
2551 4174 2722 4230 nobis
2771 4175 2964 4246 quoad
3014 4174 3211 4240 horas,
3244 4173 3435 4246 quoad
3482 4175 3626 4226 item

1972 4263 2335 4320 incrementa
2392 4267 2450 4318 et
2496 4263 2868 4319 decrementa
2909 4264 3137 4319 dierum
3207 4279 3274 4319 ac
3336 4261 3623 4330 noctium,

1977 4356 2340 4409 commutata
2387 4352 2604 4408 omnia.
2658 4355 2789 4408 Jam
2831 4358 3029 4409 autem
3081 4369 3215 4409 cum
3273 4351 3360 4407 sol
3407 4355 3626 4406 terram

1972 4442 2361 4498 orbicularem
2441 4441 2814 4497 exsistentem
2874 4441 3196 4497 circumeat
3269 4445 3326 4496 et
3381 4439 3626 4506 ambiat,

1976 4529 2194 4603 quibus
2226 4529 2495 4602 partibus
2520 4528 2711 4584 ubivis
2741 4530 2938 4586 radios
2957 4529 3350 4599 immittit,eas
3368 4527 3630 4584 illustrat

195 4610 455 4666 ἑκάστοτε
497 4612 756 4688 ’μέρεσιν
840 4609 1131 4670 ἐπιϐάλλει
1216 4614 1313 4678 τὰς
1398 4614 1638 4690 ἀκτῖνας,
1696 4619 1858 4670 ταῦτα

1975 4622 2031 4674 et
2059 4617 2282 4674 lumine
2313 4617 2630 4690 perfundit,
2650 4622 2718 4673 ut
2746 4618 2846 4690 qui
2879 4635 3057 4675 cursu
3089 4635 3196 4675 suo
3220 4623 3386 4674 terra;
3420 4633 3629 4673 conve-

197 4696 505 4775 λαμπρύνει
561 4721 622 4755 τε
676 4701 767 4756 καὶ
815 4702 1038 4781 φωτίζει
1089 4704 1158 4758 τὰ
1212 4711 1314 4774 τῆς
1371 4707 1475 4780 γῆς
1531 4705 1861 4779 κυρτώματα

195 4787 335 4841 κατά
417 4789 514 4858 τὴν
599 4790 819 4864 πορείαν
884 4791 1321 4869 ὑπερτιθέμενος.
1380 4795 1536 4847 Ὅθεν
1598 4791 1675 4848 ἔτι
1733 4795 1859 4869 παρ’

195 4878 333 4949 ἡμῖν
397 4875 680 4954 ὁρώμενος
759 4879 893 4957 ύπῖ-ῑρ
966 4883 1067 4958 γῆν
1139 4886 1257 4943 τοῖς
1330 4882 1633 4958 περιοίκοις
1701 4883 1862 4957 ἡμῶν

197 4963 444 5041 ἀνίσχων
479 4970 791 5046 φανήσεται.

270 5055 335 5118 ς’.
372 5056 517 5130 Πρὸς
572 5053 630 5112 δὲ
685 5056 812 5120 τοὺς
865 5057 1148 5122 ἀντοίκους
1205 5060 1341 5134 ἡμῖν
1400 5060 1634 5137 ὑπάρχει
1679 5063 1859 5117 κοινὸν

196 5144 260 5198 τὸ
319 5143 602 5209 κάκείνους
642 5147 734 5202 καὶ
782 5150 931 5223 ἡμᾶς
983 5149 1086 5204 ὑπὸ
1128 5149 1191 5204 τὸ
1224 5149 1353 5224 ὑπὲρ
1383 5156 1485 5226 γῆν
1513 5149 1679 5205 οἷ’κεῖν
1729 5152 1862 5225 ἠμι-

201 5234 475 5311 σφαίριον·
511 5233 662 5292 ἀλλὰ
710 5236 802 5292 καὶ
849 5237 913 5292 τὸ
964 5239 1102 5293 κατά
1153 5239 1346 5293 ταυτὸν
1394 5234 1540 5314 ἔχειν
1591 5241 1684 5302 τὰς
1723 5241 1862 5314 ἠμέ-

210 5341 306 5397 ρας
361 5345 422 5379 τε
477 5324 567 5380 καὶ
619 5325 714 5388 τὰς
771 5325 988 5400 νύκτας,
1023 5326 1326 5402 λεγομένου
1381 5327 1472 5383 καὶ
1499 5329 1696 5384 τούτου
1726 5327 1866 5384 πλα-

209 5411 458 5488 τύτερον.
521 5416 656 5492 Παρ²
712 5417 847 5490 ἡμῖν
925 5417 1030 5493 γὰρ
1083 5415 1293 5492 ἡμέρας
1351 5413 1519 5488 οὔσης
1581 5418 1864 5494 μεγίστης,

211 5497 479 5577 ἐλαχίστη
520 5505 650 5580 παρ’
681 5504 926 5581 ἐκείνοις,
960 5505 1192 5582 ὑπάρχει
1240 5505 1330 5560 καὶ
1378 5499 1637 5579 ἔμπαλιν.
1673 5507 1869 5579 Ἐνήλ-

1967 4707 2253 4764 xitatibus
2311 4706 2755 4778 supervehatur.
2810 4707 2971 4763 Unde
3027 4725 3159 4763 cum
3218 4707 3410 4764 adhuc
3469 4705 3625 4778 apud

1971 4814 2077 4853 nos
2110 4814 2289 4869 supra
2337 4800 2554 4852 terram
2582 4796 2832 4866 videtur,
2865 4797 3130 4869 pericecis
3178 4796 3398 4854 nostris
3435 4811 3625 4851 emer-

1971 4903 2115 4960 gens
2145 4885 2556 4958 conspicietur.

2041 5066 2096 5120 6.
2128 5065 2217 5119 Ad
2268 5069 2525 5120 antoecos
2556 5067 2751 5120 autem
2802 5064 2972 5122 nobis
3015 5081 3330 5121 commune
3375 5062 3626 5134 exsistit,

1974 5153 2128 5225 quod
2161 5157 2219 5209 et
2246 5151 2332 5207 illi
2366 5157 2422 5208 et
2451 5170 2557 5209 nos
2587 5151 3070 5225 hemisphaerium
3102 5150 3627 5223 habitamus,quod

1975 5259 2156 5315 snpra
2181 5246 2398 5297 terram
2428 5247 2517 5298 est
2541 5259 2554 5309 ;
2583 5242 2686 5298 sed
2716 5246 2773 5297 et
2792 5242 2950 5313 quod
2982 5243 3186 5298 eodem
3211 5245 3474 5314 tempore
3503 5238 3629 5295 dies

1975 5335 2033 5386 et
2063 5335 2261 5386 noctes
2292 5331 2676 5398 habemus,ut
2695 5335 2753 5386 et
2773 5329 2882 5384 hoc
2904 5330 3154 5404 largiore
3176 5347 3355 5386 sensu
3377 5329 3627 5384 dicatur.

1975 5420 2119 5475 Cum
2150 5420 2304 5475 enim
2339 5419 2493 5492 apud
2526 5437 2634 5475 nos
2665 5423 2756 5475 est
2782 5419 2907 5476 dies
2937 5420 3253 5490 maximus,
3279 5420 3434 5492 apud
3467 5418 3630 5490 ipsos

1977 5509 2264 5565 minimus
2295 5508 2607 5580 exsistit,et
2635 5507 2759 5564 vice
2781 5509 3346 5565 versa.Commutata
3373 5520 3631 5579 namque

279 5717 323 5756 ¹⁹
351 5716 572 5777 Cleom.
605 5718 645 5780 l.
681 5740 720 5796 ι,
749 5741 800 5781 c.
830 5724 903 5794 2;
937 5721 1108 5780 Mart.
1139 5722 1373 5798 Capella
1402 5722 1506 5780 lib.
1538 5739 1620 5794 vr,
1653 5741 1710 5799 p.
1740 5725 1890 5800 226;
1921 5727 2182 5792 Macrob.
2210 5726 2273 5790 in
2301 5725 2503 5788 Somn.
2535 5721 2690 5797 Scip.
2723 5721 2766 5782 l.
2799 5740 2865 5794 ιι,
2894 5739 2946 5782 c.
2979 5723 3036 5802 5,
3064 5724 3120 5784 6.
