4114 6462
519 404 674 462 1295
1774 396 2147 458 NICEPHOE

2263 392 2682 457 3LEMMID1E
3793 396 3978 459 1296

516 535 686 590 nobis
715 538 772 590 et
798 533 917 590 illis
945 535 1084 589 anni
1114 533 1664 606 tempora,itemque
1690 531 2147 605 augmentaall!

2277 525 2470 582 λακται
2529 527 2634 604 γὰρ
2681 527 2816 599 ἡμῖν
2867 523 3002 598 πρὸς
3054 521 3252 586 αὐτοὺς
3306 525 3375 579 τὰ
3427 526 3567 580 κατὰ
3621 527 3726 589 τὰς
3782 526 3979 604 ὥρας,

441 659 448 666 -
518 628 575 680 et
603 625 976 679 decrementa
1005 623 1235 678 dierum
1265 626 1321 678 et
1351 622 1632 678 noctium.

2271 616 2360 671 καὶ
2417 617 2511 678 τὰς
2570 615 2819 686 αὐξήσεις
2877 612 2966 668 καὶ
3020 611 3116 674 τὰς
3179 614 3432 687 μειώσεις
3469 619 3580 670 τῶν
3611 617 3874 694 ἡμερῶν
3909 639 3979 672 τε

2264 706 2356 760 καὶ
2391 709 2498 759 τῶν
2527 709 2733 760 νυκτῶν
2746 750 2756 759 .

2343 796 2402 863 ζ’.
2434 794 2578 870 Πρὸς
2637 791 2695 848 δὲ
2747 791 2874 854 τοὺς
2927 787 3220 854 ἀντίποδας
3283 788 3434 847 οὐδὲν
3477 794 3614 866 ἡμῖν
3681 792 3982 852 οὐδόλως

2267 879 2468 940 κοινόν·
2528 881 2653 938 ἀλλ’
2718 883 3106 956 ἀντέστραπται
3159 881 3228 935 τὰ
3282 883 3474 937 πάντα.
3535 884 3639 939 Καὶ
3698 886 3816 962 γὰρ
3880 889 3950 942 τὰ

2270 973 2372 1027 ὑπὸ
2399 979 2501 1048 γῆν
2535 969 2801 1041 ἀλλήλων
2842 969 3043 1046 ἔχομεν
3101 967 3363 1044 κλίματα,
3395 970 3484 1026 καὶ
3532 974 3603 1026 τὰ
3663 975 3820 1029 κατὰ
3862 977 3957 1038 τὰς

2269 1061 2412 1136 ὥρας
2465 1063 2598 1134 ἡμῖν
2658 1058 3010 1133 ἐνήλλακται,
3070 1059 3160 1113 καὶ
3209 1061 3278 1113 τὰ
3331 1062 3468 1116 κατά
3521 1062 3620 1125 τὰς
3702 1063 3959 1142 ἡμέρας,

2268 1150 2357 1205 καὶ
2386 1151 2482 1213 τὰς
2507 1149 2701 1212 νύκτας
2728 1149 2818 1204 καὶ
2845 1150 2942 1211 τὰς
2980 1147 3231 1219 αὐξήσεις
3274 1149 3365 1203 καὶ
3419 1152 3681 1222 μειώσεις
3743 1152 3954 1210 αὐτῶν.

585 801 640 856 7.
688 801 775 856 Ad
823 800 1130 869 antipodes
1177 799 1429 872 denique
1478 801 1522 834 ²⁰
1569 798 1716 854 nihil
1777 799 1946 854 nobis
1991 816 2160 870 pror-

516 907 619 945 sus
662 906 975 944 commune
1003 895 1111 958 est,
1145 890 1244 944 sed
1296 889 1494 944 omnia
1543 889 1772 943 inversa
1819 893 1976 942 sunt.
2011 887 2158 943 Nam

515 979 754 1034 climata
841 978 1089 1034 invicem
1155 979 1357 1035 subter
1438 983 1657 1033 terram
1723 977 2031 1046 habemus,
2103 982 2160 1032 et

515 1069 652 1124 anni
701 1073 966 1140 tempora
1011 1072 1373 1124 commutata
1419 1071 1577 1138 sunt,
1622 1067 1885 1138 itemque
1928 1067 2050 1122 dies
2103 1069 2162 1121 et

515 1161 737 1230 noctes,
769 1173 1090 1228 earumque
1117 1157 1477 1212 incrementa
1507 1160 1563 1211 et
1590 1157 1980 1212 decrementa.

585 1248 638 1301 8.
674 1247 836 1312 Quod
868 1250 1066 1302 autem
1097 1247 1235 1302 anni
1267 1245 1815 1318 tempora,itemque
1845 1249 2163 1317 augmenta

512 1340 570 1392 et
620 1336 990 1391 decrementa
1038 1335 1267 1390 dierum
1315 1339 1372 1389 et
1424 1334 1683 1390 noctium
1716 1335 1778 1388 in
1820 1332 2160 1406 temperatis

513 1425 897 1496 [regionibus]
929 1428 1287 1480 commutata
1334 1428 1492 1491 sunt,
1526 1423 1585 1478 in
1617 1439 1796 1479 causa
1826 1426 1917 1478 est
1956 1421 2162 1477 mundi

511 1513 835 1583 inclinatio,
867 1518 924 1569 et
954 1513 1305 1569 circulorum
1345 1511 1761 1584 parallelorum
1791 1512 1893 1583 qui
1925 1511 1986 1566 in
2019 1509 2162 1566 coelo

511 1601 921 1675 intelliguntur
973 1602 1031 1657 in
1078 1610 1270 1675 partes
1324 1601 1640 1673 inaequales
1690 1601 1890 1656 sectio.
1946 1604 2162 1656 Omnes

511 1691 668 1748 enim
699 1691 761 1747 hi
809 1697 1044 1764 excepto
1076 1689 1467 1763 aequinoctiali
1515 1689 1839 1762 majoribus
1869 1694 1927 1746 et
1971 1689 2160 1744 mino-

508 1780 674 1837 ribus
723 1781 1042 1853 segmentis
1091 1780 1453 1849 dividuntur,
1504 1797 1640 1836 cum
1685 1779 1794 1835 soli
1859 1779 2057 1835 arctici
2106 1782 2164 1834 et

509 1869 815 1926 antarctici
845 1887 880 1925 a
911 1871 1167 1926 sectione
1213 1870 1333 1925 sint
1361 1869 1550 1924 liberi.
1585 1869 1977 1933 Quamobrem
2029 1867 2158 1940 qui-

508 1973 740 2030 cunque
789 1957 1053 2031 paralleli
1099 1957 1303 2014 circuli
1353 1957 1520 2014 nobis
1570 1962 1711 2013 sunt
1769 1956 2045 2027 humiles,
2095 1956 2156 2011 hi

506 2048 838 2120 oppositam
902 2051 1287 2118 temperatam
1367 2046 1761 2102 incolentibus
1828 2045 1931 2102 alti
1997 2049 2157 2112 sunt,

507 2137 882 2208 multumque
929 2136 1155 2204 elevati,
1188 2140 1246 2191 et
1273 2139 1494 2192 contra.
1531 2136 1693 2190 Unde
1742 2136 1918 2191 etiam
1958 2140 2159 2190 noster

503 2225 790 2283 hibernus
837 2225 1094 2282 circulus
1142 2226 1376 2282 aestivus
1424 2230 1513 2282 est
1557 2225 1651 2294 iis,
1705 2233 1770 2280 ut
1819 2225 1921 2296 qui
1970 2225 2155 2280 maxi-

505 2331 672 2370 mum
703 2332 884 2388 supra
910 2319 1128 2371 terram
1151 2319 1522 2386 segmentum
1557 2314 1845 2382 obtineat;
1862 2319 1924 2369 at
1951 2331 2155 2369 eorum

503 2407 740 2460 aestivus
797 2403 965 2460 nobis
1022 2403 1306 2459 hibernus
1365 2409 1472 2474 est,
1528 2420 1664 2458 cum
1716 2403 1862 2458 nihil
1919 2403 2034 2458 tale
2093 2403 2153 2458 in

501 2492 736 2549 climate
786 2492 1064 2564 mquatori
1114 2492 1376 2563 subjecto
1425 2491 1670 2561 accidat,
1719 2493 1821 2547 sed
1871 2495 2152 2563 perpetuo

502 2582 580 2637 sit
623 2581 1042 2654 aequinoctium
1076 2597 1088 2634 :
1124 2580 1602 2652 quandoquidem
1651 2581 1712 2635 in
1753 2580 1866 2637 isto
1920 2579 2154 2635 climate

501 2671 764 2726 mundus
817 2669 981 2726 nulla
1009 2686 1252 2741 prorsus
1281 2669 1507 2726 ratione
1548 2669 1870 2725 inclinatus
1901 2673 2013 2740 est,
2048 2669 2151 2724 sed

501 2760 766 2816 omnium
799 2758 1214 2831 parallelorum
1247 2763 1552 2831 segmenta
1581 2760 1735 2815 368
1762 2758 1980 2814 similia
2008 2757 2154 2814 exsi-

501 2852 686 2916 stunt,
720 2865 854 2904 cum
886 2865 1013 2920 qua
1047 2865 1227 2920 supra
1254 2852 1493 2916 terram,
1524 2852 1653 2903 tum
1685 2865 1810 2920 quae.
1839 2847 1993 2902 infra
2033 2851 2152 2903 ter-

500 2955 626 2995 ram
659 2943 834 3007 sunt;
867 2937 1086 3009 quippe
1116 2936 1470 2993 semicirculi
1499 2941 1658 2993 sunt.

569 3029 623 3083 9.
654 3028 790 3083 Jam
840 3043 974 3082 vero
999 3028 1041 3061 ²¹
1075 3031 1391 3099 augmenta
1419 3031 1474 3082 et
1502 3027 1874 3083 decrementa
1921 3026 2150 3082 dierum

499 3121 558 3172 et
587 3116 848 3172 noctium
897 3117 1099 3172 eodem
1132 3117 1284 3171 fiunt
1322 3120 1584 3188 tempore
1613 3115 1769 3186 apud
1818 3131 2023 3171 omnes
2049 3114 2151 3187 qui

497 3209 880 3277 temperatam
915 3209 1174 3260 nostram
1221 3203 1515 3276 regionem
1547 3203 1830 3275 incolunt,
1865 3204 2149 3274 quemad-

2339 1241 2412 1308 η’.
2443 1241 2556 1296 Τοῦ
2605 1235 2651 1293 δ’
2680 1237 3014 1313 ἐνηλκάχθαι
3061 1237 3130 1292 τὰ
3177 1238 3316 1292 κατὰ
3361 1239 3459 1301 τὰς
3506 1237 3661 1316 ὥρας
3718 1243 3825 1297 καὶ
3854 1244 3951 1306 τὰς

2270 1327 2522 1400 αὐξήσεις
2575 1327 2665 1382 καὶ
2715 1327 2814 1390 τὰς
2874 1327 3122 1399 μειώσεις
3167 1329 3275 1380 τῶν
3327 1328 3551 1403 ἡμερῶν
3581 1350 3645 1384 τε
3677 1330 3781 1385 καὶ
3843 1337 3945 1386 τῶν

2270 1421 2474 1472 νυκτῶν
2535 1415 2588 1471 ἐν
2640 1422 2759 1479 ταῖς
2809 1415 3091 1492 εὐκράτοις
3155 1417 3190 1485 ἠ
3249 1419 3349 1471 τοῦ
3406 1417 3620 1492 κόσμου
3684 1417 3935 1497 ἔγκλισις

2271 1505 2418 1561 αἴτία
2444 1504 2576 1577 ἐστὶ,
2606 1505 2760 1575 καὶὴ
2802 1504 2878 1567 εἲς
2934 1504 3090 1560 ἄνισα
3143 1509 3254 1560 τῶν
3312 1505 3364 1560 ἐν
3423 1507 3636 1583 οὐρανῷ
3695 1513 3936 1585 νοουμέ-

2271 1617 2377 1650 νων
2426 1592 2804 1669 παραλλήλων
2860 1591 3076 1649 κύκλων
3125 1595 3296 1668 τομή.
3338 1595 3544 1658 Πάντες
3611 1596 3719 1672 γὰρ
3783 1600 3944 1655 οὗτοι

2272 1683 2418 1754 πλὴν
2481 1688 2580 1738 τοῦ
2636 1681 2956 1758 ἷ’σημερινοῦ
3009 1681 3218 1756 μείζοσι
3264 1683 3356 1738 καὶ
3402 1682 3660 1741 ἐλάττοσι
3694 1685 3939 1762 τέμνον-

2272 1794 2359 1828 ται
2398 1774 2702 1846 τμήμασιν,
2733 1771 2992 1846 ἀτμήτων
3044 1771 3226 1846 μόνων
3275 1768 3446 1828 ὄντων
3492 1778 3603 1830 τῶν
3656 1775 3941 1852 ἀρκτικῶν

2272 1863 2360 1918 καὶ
2429 1861 2816 1939 ἆνταρκτικῶν.
2865 1864 3019 1916 Ὅσοι
3093 1861 3187 1934 μὲν
3237 1861 3329 1917 οὗν
3377 1865 3487 1918 τῶν
3539 1863 3939 1941 παραλλήλων

2265 1950 2482 2007 κύκλων
2531 1952 2668 2024 ἡμῖν
2715 1949 2979 2019 ταπεινοὶ,
3025 1955 3145 2013 τοῖς
3192 1951 3291 2020 τήν
3345 1949 3711 2030 ἀντεύκρατον
3765 1951 3939 2032 ἔχου-

2265 2061 2346 2095 σιν
2417 2039 2624 2114 ὑψηλοὶ
2693 2039 2827 2095 κάπὶ
2902 2037 3050 2094 πολὺ
3133 2039 3440 2116 ἐξηρμένον
3500 2043 3592 2097 καὶ
3662 2039 3945 2118 ἔμπαλιν.

2265 2131 2416 2184 Ὅθεν
2468 2129 2557 2184 καὶ
2606 2129 2634 2182 ὁ
2686 2129 2779 2202 μὲν
2834 2125 3103 2204 ἡμέτερος
3152 2131 3467 2207 χειμερινὸς
3517 2131 3733 2195 κύκλος
3788 2136 3945 2211 θερι-

2264 2219 2354 2279 νὸς
2412 2217 2658 2290 ἐκείνοις,
2696 2217 2944 2294 μέγιστον
3001 2218 3146 2294 ἔχων
3202 2226 3400 2293 τμῆμα
3453 2221 3519 2276 τὸ
3551 2221 3684 2298 ὑπὲρ
3738 2231 3878 2299 γῆν·
3915 2227 3946 2280 ὁ

2265 2304 2312 2361 δ’
2343 2305 2558 2362 ἐκείνων
2617 2308 2822 2384 θερινὸς
2872 2309 3007 2381 ἡμῖν
3067 2308 3407 2384 χειμερινὸς,
3443 2307 3683 2382 μηδενδς
3741 2314 3942 2369 τοιού-

2261 2418 2358 2452 του
2415 2393 2804 2470 συμϐαίνοντος
2863 2396 2916 2451 ἐν
2970 2401 3052 2469 τῷ
3109 2397 3211 2452 ὑπὸ
3267 2397 3358 2453 τὸν
3419 2398 3746 2475 ἴσημερινὸν
3807 2404 3942 2459 κλί-

2268 2507 2417 2558 ματι,
2463 2483 2588 2540 ἀλλ’
2628 2484 2916 2560 ἰσημερίας
2977 2484 3144 2556 οὔσης
3211 2484 3523 2552 διαπαντός·
3583 2488 3788 2567 ὅτιπερ
3843 2494 3938 2548 οὐ-

2264 2571 2452 2647 δαμῶς
2511 2574 2561 2628 ἐν
2617 2573 2807 2647 ἐκείνῳ
2861 2579 2941 2647 τῷ
2995 2573 3224 2648 κλίματι
3257 2575 3528 2650 ὁκόσμος
3578 2578 3933 2655 ἐγκέκλιται,

2265 2661 2392 2718 ἀλλ’
2422 2661 2588 2736 ὅμοια
2641 2662 2898 2740 τυγχάνει
2955 2663 3170 2720 πάντων
3227 2669 3336 2720 τῶν
3403 2666 3800 2741 παραλλήλων
3860 2674 3931 2727 τὲ

2259 2754 2544 2826 τμήματα,
2574 2751 2641 2808 τά
2697 2754 2745 2817 θ’
2801 2752 2933 2830 ὑπὲρ
2993 2755 3119 2829 γῆν,
3166 2751 3235 2810 τά
3289 2756 3338 2818 θ’
3394 2756 3500 2811 ὑπὸ
3555 2760 3682 2834 γῆν·
3722 2761 3936 2833 ήμικύι-

2261 2839 2391 2896 κλια
2414 2841 2539 2919 γάρ.

2333 3021 2394 3084 θ’.
2427 3022 2496 3077 Αἱ
2553 3017 2601 3074 δ’
2643 3019 2890 3092 αὐξήσεις
2941 3022 3032 3077 καὶ
3090 3022 3146 3076 αἱ
3209 3023 3462 3096 μειώσεις
3512 3028 3618 3079 τῶν
3677 3026 3929 3104 ἡμερῶν

2257 3130 2316 3163 τε
2361 3109 2451 3164 καὶ
2498 3113 2607 3165 τῶν
2656 3115 2862 3166 νυκτῶν
2915 3110 3052 3166 κατᾶ
3095 3112 3290 3167 ταυτὸν
3349 3115 3445 3186 μὲν
3487 3113 3719 3189 γίνονται
3776 3123 3928 3172 πᾶσι

2258 3202 2375 3260 τοῖς
2459 3199 2557 3268 τήν
2633 3200 2902 3276 ἡμετέραν
2969 3199 3207 3255 οἰκοῦσιν
3265 3198 3540 3278 εὔκρατονθ
3601 3201 3798 3282 ὥσπερ
3860 3206 3931 3262 αὗ

499 3294 741 3349 modum
771 3293 1029 3349 vicissim
1062 3293 1217 3364 apud
1249 3309 1348 3348 eos
1381 3293 1478 3364 qui
1505 3293 1835 3364 oppositam
1865 3296 2147 3364 tempera-

2263 3286 2394 3341 κατᾶ
2421 3288 2612 3341 ταυτὸν
2661 3289 2751 3342 καὶ
2799 3295 2930 3343 πᾶσι
2975 3293 3092 3351 τοῖς
3137 3286 3328 3366 ἔχουσι
3372 3292 3473 3360 τὴν
3533 3291 3924 3371 ἀντεύκρατονο

498 3385 620 3436 tam
651 3380 920 3436 habitant
952 3397 964 3434 :
995 3384 1400 3435 verumtamen
1450 3379 1607 3436 haud
1641 3379 1884 3451 aequalis
1925 3379 2146 3436 additio

496 3474 555 3524 et
583 3469 903 3526 subtractio
934 3471 1090 3540 apud
1122 3485 1326 3525 omnes
1356 3473 1465 3536 est,
1490 3471 1590 3524 sed
1624 3468 1930 3541 multiplex
1961 3470 2020 3524 in
2053 3469 2146 3525 his

494 3558 760 3626 variatio,
795 3562 859 3612 ut
908 3557 1037 3613 aliis
1091 3557 1328 3629 quidem
1378 3558 1627 3613 minima
1673 3559 1776 3613 ﬁat
1821 3558 2043 3613 additio
2075 3564 2134 3614 et

497 3647 839 3714 subtractio,
871 3646 1002 3702 aliis
1031 3663 1166 3702 vero
1199 3646 1473 3702 maxima.
1501 3649 1690 3702 Causa
1717 3651 1915 3702 autem
1945 3651 2035 3704 est
2064 3648 2146 3702 rei

494 3735 871 3807 hujus,quod
902 3752 1018 3791 non
1049 3753 1117 3792 ex
1146 3752 1311 3807 aequo
1343 3736 1498 3806 apud
1531 3751 1734 3790 omnes
1765 3736 2024 3791 mundus
2054 3735 2143 3791 in-

493 3824 748 3881 clinatus
778 3829 886 3892 est,
911 3842 1100 3897 neque
1129 3825 1300 3897 polus
1329 3825 1542 3881 bereus
1571 3825 1895 3896 aequalibus
1925 3824 2144 3896 ubique

491 3914 773 3985 gradibus
823 3915 895 3970 ab
931 3915 1246 3986 horizonte,
1278 3915 1380 3971 sed
1429 3915 1501 3970 ad
1535 3913 1838 3970 meridiem
1869 3914 2141 3970 habitan-

491 4004 672 4072 tibus,
726 4020 933 4076 parum
963 4022 977 4072 ;
1013 4005 1085 4060 ad
1135 4007 1384 4072 erctum,
1436 4004 1495 4058 id
1544 4007 1635 4060 est
1681 4004 2139 4075 septentrionem

489 4091 664 4165 plus;
694 4093 959 4166 ipsorum
990 4092 1241 4165 denique
1284 4093 1496 4149 mediis
1526 4093 1718 4149 medio
1750 4093 1921 4149 modo
1952 4092 2138 4149 eleva-

486 4185 585 4237 tus
611 4186 722 4238 est.

561 4271 647 4326 10.
680 4271 846 4328 Unde
897 4271 1016 4327 illis
1047 4272 1147 4343 qui
1178 4272 1237 4326 in
1267 4275 1456 4327 Meroe
1501 4271 1805 4344 IEthiopiae
1847 4270 2135 4338 habitant,

489 4361 769 4432 quoniam
801 4363 1062 4416 mundus
1087 4377 1295 4432 parum
1328 4360 1645 4416 inclinatus
1667 4360 1938 4428 est,diem
1963 4361 2139 4417 maxi-

489 4465 653 4504 mum
685 4464 813 4504 esse
859 4449 1142 4505 tredecim
1173 4449 1451 4505 horarum
1501 4449 1803 4522 cognitum
1835 4453 1923 4505 est
1950 4467 1963 4518 ;
1997 4449 2133 4521 illis,

485 4536 588 4607 qui
634 4536 1068 4602 Alexandriam,
1101 4537 1568 4608 quatuordecim,
1600 4554 1735 4592 cum
1782 4537 1863 4592 ibi
1913 4537 2136 4595 scilicet

2256 3375 2316 3430 οὐ
2353 3377 2459 3449 μήν
2491 3377 2526 3446 ἡ
2561 3375 2646 3446 ἷίτη
2698 3397 2760 3452 γε
2803 3379 3089 3454 προσθήκη
3138 3378 3229 3433 καὶ
3280 3379 3556 3459 ὑφαίρεσις
3603 3383 3763 3457 παρᾶ
3829 3391 3924 3440 πᾶ-

2254 3464 2334 3520 σίν
2361 3464 2522 3537 ἐστιν,
2557 3463 2702 3520 ἀλλὰ
2733 3465 2921 3536 πολλὴ
2953 3467 2987 3537 ἠ
3022 3467 3075 3522 ἐν
3111 3468 3330 3532 τούτοις
3374 3467 3747 3547 παραλλαγήο
3807 3481 3925 3537 τοῖς

2259 3555 2352 3626 μὲν
2413 3553 2712 3628 ἐλαχίστης
2767 3555 3063 3631 γινομένης
3119 3560 3442 3631 προσθήκης
3513 3560 3606 3614 καὶ
3691 3561 3924 3641 ὑφαιρέ-

2255 3664 2411 3715 σεως,
2461 3649 2576 3706 τοῖς
2632 3642 2691 3699 δὲ
2739 3644 3018 3722 μεγίστης.
3076 3642 3258 3702 Αἷίτιον
3311 3644 3369 3701 δὲ
3426 3648 3629 3704 τούτου
3700 3653 3772 3706 τὸ
3847 3656 3925 3726 μή

2252 3734 2397 3808 παρὰ
2448 3739 2607 3787 πᾶσιν
2676 3733 2870 3806 ἐπίσης
2928 3733 3268 3810 ἐγκεκλίσθαι
3333 3737 3426 3792 τὸν
3483 3737 3726 3812 κόσμον,
3780 3741 3927 3815 μηδὲ

2249 3823 2340 3876 τὸν
2402 3823 2612 3898 βόρειον
2670 3821 2844 3878 πόλον
2905 3824 3222 3901 ἁπανταχοῦ
3275 3826 3371 3888 τὰς
3428 3824 3550 3889 ἷίσας
3628 3829 3744 3884 ἀπὸ
3826 3837 3925 3887 τοῦ

2251 3911 2528 3986 ὁρίζοντος
2587 3911 2802 3987 ἐξῆρθαι
2867 3913 3083 3989 μοίρας·
3117 3911 3262 3968 ἀλλὰ
3288 3919 3406 3978 τοῖς
3468 3916 3564 3989 μὲν
3623 3919 3776 3993 πρὸς
3831 3943 3924 3995 με-

2249 3996 2522 4077 σημϐρίαν
2582 4001 2820 4057 οἰκοῦσιν
2881 4003 3017 4080 πρὸς
3077 4001 3282 4079 ὀλίγον,
3337 4009 3456 4067 τοῖς
3513 4001 3575 4060 δὲ
3629 4009 3781 4084 πρὸς
3829 4009 3924 4087 ἄρ-

2247 4111 2373 4145 κτον
2407 4088 2688 4164 ἐπιπλέον,
2711 4095 2829 4154 τοῖς
2860 4089 2919 4146 δὲ
2951 4090 3134 4166 μέσοις
3164 4091 3341 4148 αὐτῶν
3374 4095 3576 4168 μέσως.

2319 4291 2369 4326 ι.
2400 4271 2552 4324 Ὅθεν
2579 4274 2696 4332 τοῖς
2731 4270 2823 4344 μὲν
2855 4271 2990 4326 κατᾶ
3016 4271 3117 4339 τήν
3167 4269 3384 4347 Μερόην
3429 4277 3531 4341 τῆς
3586 4273 3906 4351 Αἰθιοπίας,

2246 4356 2360 4413 ἐπεὶ
2450 4357 2640 4434 ὀλίγον
2702 4359 2730 4412 ὁ
2782 4357 2988 4432 κόσμος
3071 4357 3404 4436 ἐγκέκλιται,
3452 4361 3553 4431 τὴν
3639 4363 3911 4442 μεγίστην

2244 4449 2452 4524 ἡμέραν
2503 4453 2668 4523 τριῶν
2717 4447 3001 4524 ἱστόρηται
3058 4449 3149 4504 καὶ
3205 4446 3334 4504 δέκα
3384 4452 3686 4528 τυγχάνειν
3742 4455 3905 4531 ὡρῶν

2242 4537 2643 4614 (ἷσημερινῶν)·
2675 4543 2794 4602 τοῖς
2824 4535 2884 4593 δὲ
2919 4537 3056 4594 κατᾶ
3101 4539 3200 4608 τὴν
3251 4535 3666 4617 Ἀλεξάνδρειαν
3715 4546 3910 4600 τεσσά-

484 4629 745 4680 mundus
797 4627 1075 4696 majorem
1127 4625 1564 4681 inclinationem
1611 4626 1860 4698 accipiat
1903 4627 1988 4694 2²;
2039 4626 2132 4682 his

2263 4648 2352 4682 ›ων
2403 4628 2495 4682 καὶ
2552 4625 2698 4697 δέκα,
2737 4626 2965 4683 πλείονα
3019 4629 3118 4698 τήν
3175 4626 3420 4704 ἔγγλισιν
3481 4627 3750 4700 δηλονότι
3812 4639 3908 4689 τοῦ

483 4714 585 4785 qui
632 4713 1445 4786 Hellespontum,quindecim
1474 4732 1487 4782 ;
1520 4715 1620 4786 qui
1654 4715 1924 4785 Romam,
1959 4715 2130 4788 quin-

481 4803 669 4859 decim
709 4809 766 4859 et
813 4803 1106 4876 amplius;
1141 4803 1240 4874 qui
1290 4803 1632 4871 Massiliam,
1689 4803 2023 4876 quindecim
2073 4810 2131 4860 et

478 4893 747 4949 semissis
767 4892 951 4960 horae;
977 4893 1434 4960 Celtis,sedecim
1461 4918 1475 4961 ;
1508 4895 1663 4948 364
1693 4894 1766 4948 iis
1789 4894 1888 4965 qui
1912 4895 2126 4950 Μαιοΐὶ-

477 4982 634 5052 dem,
669 4982 1103 5054 septendecim;
1138 4981 1456 5051 Britannis,
1513 4982 1831 5037 octodecim
1864 4989 2126 5038 noctem-

477 5090 591 5143 que
620 5088 722 5128 sex
751 5089 1036 5130 morarum
1069 5071 1590 5144 aequinoctialium.

547 5342 631 5396 11.
666 5341 828 5397 Unde
876 5342 1052 5397 etiam
1085 5341 1130 5376 2³
1161 5341 1359 5396 lumen
1391 5341 1485 5396 his
1526 5345 1699 5397 noctu
1732 5357 1860 5397 esse
1909 5341 2122 5398 dicitur

469 5431 673 5486 eodem
703 5435 984 5503 tempore,
1016 5431 1125 5486 hoc
1155 5435 1264 5502 est,
1298 5431 1508 5485 aestivae
1539 5429 1938 5486 conversionis
1968 5435 2120 5486 tem-

465 5537 627 5592 pore,
660 5519 802 5591 sole,
835 5525 961 5576 tum
995 5521 1149 5575 circa
1198 5519 1556 5576 horizontem
1587 5524 2031 5592 pertranseunte
2060 5525 2118 5576 et

533 5664 580 5699 ρο
611 5661 810 5719 Manil.
844 5663 883 5717 l.
913 5681 931 5717 1
958 5664 1190 5720 Astron.

462 5752 636 5805 nem;
669 5735 841 5791 Mart.
875 5735 1014 5807 Cap.
1050 5735 1150 5792 lib.
1183 5737 1238 5791 8.
1315 5736 1360 5771 ⁵⁵³
1392 5734 1609 5792 Cleom.
1638 5734 1678 5791 l.
1712 5753 1751 5805 1,
1783 5751 1835 5792 c.
1867 5735 1922 5793 7.

2238 4715 2449 4790 κόσμου
2507 4711 2901 4790 λαμϐάνοντοςι
2933 4721 3051 4779 τοῖς
3111 4714 3169 4771 δὲ
3223 4717 3359 4772 κατὰ
3414 4718 3508 4773 τὸν
3561 4718 3910 4792 Ἑλλήσπον-

2237 4827 2327 4860 τον
2360 4803 2760 4860 πεντεκαίδεκα·
2790 4811 2910 4868 τοῖς
2968 4802 3026 4861 δὲ
3075 4805 3211 4861 κατὰ
3266 4807 3368 4876 τὴν
3427 4809 3651 4882 Ῥώμην
3716 4831 3908 4867 πεντε-

2236 4893 2456 4950 καίδεκα
2509 4895 2599 4950 καὶ
2655 4894 2810 4971 πρός·
2841 4900 2960 4958 τοῖς
2988 4895 3046 4950 δὲ
3073 4896 3209 4950 κατά
3264 4897 3364 4965 τὴν
3427 4897 3750 4956 Μασσαλίαν
3780 4923 3910 4957 πεν-

2233 4982 2516 5040 τεκαίδεκα
2569 4984 2660 5038 καὶ
2718 4983 2953 5058 ἡμίσους
3012 4983 3156 5062 ὥρας
3219 4990 3368 5058 μιᾶς.
3400 4991 3519 5049 τοῖς
3577 4985 3635 5043 δὲ
3668 4987 3908 5054 Κελτοῖς

2234 5071 2533 5129 ἑκκαίδεκα·
2573 5079 2694 5137 τοῖς
2751 5072 2808 5128 δὲ
2863 5074 2999 5129 κατᾶ
3053 5075 3154 5143 τήν
3210 5078 3452 5131 Μαιῶτιν
3515 5076 3905 5136 ἑπτακαίδεκα·

2230 5168 2348 5226 τοῖς
2382 5161 2440 5218 δὲ
2490 5168 2808 5238 Βρεττανοῖς
2859 5161 3248 5235 ὀκτωκαίδεκα,
3296 5162 3571 5234 τήννύκτα
3630 5164 3677 5221 δ’
3740 5168 3908 5245 ὡρῶν

2233 5251 2321 5323 ἴση
2335 5255 2566 5329 μερινῶν

2304 5342 2390 5398 ια’.
2444 5342 2604 5405 ’Όθεν
2688 5340 2779 5396 καὶ
2861 5345 2975 5419 φῶς
3045 5340 3179 5396 εἶναι
3235 5341 3454 5406 τούτοις
3510 5345 3706 5407 νυκτὸς
3761 5349 3912 5406 κατὰ

2227 5435 2416 5486 τοῦτον
2475 5428 2692 5506 λέγεται
2748 5430 2839 5485 τὸν
2898 5431 3109 5504 καιρὸν,
3149 5429 3276 5500 ἤτοι
3332 5433 3469 5487 κατά
3523 5434 3626 5502 τήν
3677 5435 3906 5513 θφινὴν

2224 5521 2457 5596 τροπὴν,
2487 5524 2585 5574 τοῦ
2615 5517 2783 5590 ἡλίου
2811 5519 2937 5575 τότε
2966 5520 3092 5596 περὶ
3129 5519 3222 5576 τὸν
3280 5520 3535 5597 ὁρίζοντα
3588 5520 3905 5602 διερχομέ-

1271 5663 1696 5742 ἓ¹ωΒεεὶοω.“1.
1732 5680 1774 5717 11
1822 5663 1900 5742 iq
1917 5663 2091 5737 Ptol.,
2118 5681 2287 5742 prop.
2341 5665 2432 5740 42,
2472 5665 2562 5726 13.
2636 5665 2686 5704 ²²
2715 5665 2926 5726 Strabo
2975 5667 3077 5724 lib.
3112 5683 3194 5738 II;
3244 5664 3422 5738 Plin.,
3452 5666 3492 5724 l.
3542 5684 3625 5740 v1,
3655 5672 3776 5729 sub
3829 5673 3911 5731 ﬁ-
