4114 6432
219 443 384 510 129³7

1556 443 1910 508 ΕΡΙΤΟΜΕ
1952 443 2314 510 PHYSICA.

3477 445 3638 508 1298

217 599 343 653 νου,
402 579 492 635 καὶ
547 577 642 642 τὰς
701 577 866 656 αὐγὰς
925 576 1060 655 61:69
1107 578 1214 654 γῆς
1265 576 1701 652 ἀναπέμποντος,
1746 575 1878 653 ὅπερ

1993 580 2188 637 radios
2219 597 2399 654 supra
2427 582 2643 637 terram
2687 578 2989 637 emittente
3021 596 3034 637 :
3065 578 3221 653 quod
3272 577 3445 636 etiam
3477 579 3633 651 apud

221 667 434 744 γίνεται
482 668 572 723 καὶ
619 670 745 744 παρ’
793 671 928 742 ἡμῖν
977 667 1176 723 ὁπόταν
1226 672 1323 723 τοῦ
1352 667 1518 738 ἡλίου
1549 666 1879 736 πελάζοντος

219 762 306 830 τῷ
336 758 571 835 ὁρίζοντι
604 756 748 813 πολὺ
793 762 891 812 τοῦ
940 757 1120 834 φωτὸς
1151 757 1250 825 τὴν
1296 761 1395 811 τοῦ
1425 753 1592 826 ἡλίου
1621 753 1878 831 προλαμ-

226 841 370 923 etiam
400 844 694 916 ἀνατολὴν,
753 846 842 901 καὶ
890 843 1057 901 πάλιν
1107 845 1409 920 ἐναπομένῃ
1459 847 1594 919 μετά
1640 845 1737 913 τήν
1782 848 1880 899 τοῦ

223 934 396 1007 ἡλίου
443 935 754 993 κατάδυσιν.
799 937 1002 1009 ’Ἡμισυ
1047 936 1149 1012 γὰρ
1201 933 1419 1008 ζωδίου,
1467 934 1709 992 τουτέστι
1759 953 1881 988 πεν-

221 1023 507 1081 τεκαίδεκα
539 1024 734 1101 μοίρας
777 1023 999 1100 ἀπέχων
1030 1024 1058 1078 6
1089 1022 1250 1094 ἥλιος
1300 1024 1576 1099 ὁρίζοντος
1626 1021 1727 1078 61:6
1757 1029 1878 1098 γῆν,

224 1119 344 1193 φῶς
401 1113 502 1170 οὐκ
559 1113 743 1190 ὀλίγον
799 1114 1003 1186 πέμπει
1073 1118 1190 1176 τοῖς
1270 1113 1401 1190 61:69
1456 1113 1547 1167 τὸν
1608 1112 1877 1189 ὁρίζοντα.

225 1208 348 1266 Εῶς
405 1202 584 1258 τοίνυν
634 1207 886 1258 τοιοῦτον
940 1202 1073 1257 εἶναι
1122 1201 1339 1278 λέγεται
1377 1201 1571 1264 νυκτὸς
1622 1200 1674 1256 ἐν
1728 1207 1883 1277 Βρετ-

223 1291 401 1365 τανίᾳ,
457 1290 750 1369 γενομένου
825 1297 923 1348 τοῦ
996 1291 1162 1362 ἡλίου
1215 1292 1342 1368 περὶ
1416 1292 1508 1347 τὸν
1568 1296 1827 1363 Καρκῖνον
1863 1308 1877 1324 ³

223 1381 343 1437 ἐπεὶ
400 1380 526 1459 περὶ
570 1383 662 1436 τὸν
725 1380 977 1456 ὁρίζοντα
1032 1385 1271 1436 ποιεῖται
1326 1379 1452 1436 τότε
1499 1381 1600 1450 τήν
1656 1379 1876 1456 πορείαν

221 1472 252 1525 6
303 1470 486 1540 ἥλιος.
542 1469 864 1546 Ἐλάχιστον
909 1469 1012 1547 γάρ
1063 1469 1202 1525 ἐστιν
1247 1470 1349 1525 61:6
1395 1476 1496 1546 γῆν
1541 1475 1741 1542 τμῆμα
1780 1473 1879 1524 τοῦ

222 1555 439 1636 Θερινοῦ
467 1559 674 1616 κύκλου
704 1566 818 1622 τοῖς
843 1565 1183 1635 Βρεττανοῖς.

299 1651 478 1726 ιβ’-ις’.
539 1649 670 1725 Περὶ
720 1648 778 1705 66
839 1651 939 1718 τὴν
993 1647 1210 1719 Θούλην
1256 1657 1418 1719 νῆσον
1460 1647 1590 1702 ὅλον
1651 1649 1740 1701 τὸν
1798 1649 1879 1701 Οε-

223 1741 369 1818 ρινὸν
417 1740 549 1814 ὑπὲρ
601 1747 700 1816 γῆν
760 1739 889 1794 εἶναι
963 1739 1130 1814 λόγος
1186 1737 1326 1793 ἐστὶν
1385 1737 1543 1792 αὐτὸν
1605 1735 1732 1792 ὅντα
1788 1737 1877 1790 καὶ

221 1828 502 1905 ἀρκτικόν.
564 1823 791 1882 Ὀπόταν
840 1829 932 1882 οὖν
983 1829 1011 1881 6
1053 1827 1218 1897 ἥλιος
1265 1829 1356 1882 τὸν
1416 1831 1676 1902 Καρκῖνον
1734 1823 1875 1901 διέρ-

220 1937 417 1994 χηται,
473 1921 727 1990 μηνιαῖον
779 1917 830 1971 έν
879 1916 1046 1991 ταύτῃ
1085 1920 1155 1990 τῇ
1202 1919 1354 1989 νήσῳ
1407 1918 1698 1992 φανήσεται
1743 1913 1878 1991 χρό-
1910 1956 1960 2020 Β

217 2025 314 2060 νον
376 2005 507 2081 ὑπὲρ
561 2005 654 2060 τὸν
711 2005 1004 2082 ὁρίζοντα,
1065 2009 1172 2060 τῶν
1229 2009 1328 2060 τοῦ
1384 2003 1646 2082 Καρκίνου
1702 2007 1880 2078 μερῶν

222 2092 438 2150 πάντων
489 2093 777 2173 ἀειφανῶνο
826 2092 1045 2170 ἐπείπερ
1096 2089 1289 2172 ἐφόσον
1337 2093 1388 2148 ἐν
1445 2099 1562 2156 τοῖς
1612 2097 1710 2148 τοῦ
1741 2098 1880 2165 Καρ-

221 2181 380 2237 κίνου
436 2181 736 2260 ἀειφανέσιν
803 2182 832 2236 6
888 2180 1072 2253 ἥλιος,
1130 2182 1216 2238 ἐπὶ
1275 2187 1529 2238 τοσοῦτον
1590 2177 1735 2237 ἔσται
1790 2180 1882 2235 καὶ

228 2273 365 2347 61:69
421 2271 515 2326 τὸν
575 2270 871 2348 ὁρίζοντα.
933 2276 1194 2347 Προϊοῦσι
1273 2270 1321 2326 δ’
1380 2271 1615 2327 ἐντεῦθεν
1675 2269 1764 2325 ἐπὶ
1819 2268 1888 2324 τὰ

220 2361 596 2436 ἀρκτικώτερα
645 2361 763 2416 καθ’
821 2359 1091 2430 ὑπόθεσιν,
1152 2359 1214 2415 οὐ
1281 2359 1446 2433 μόνον
1494 2358 1625 2422 ὅλος
1673 2359 1701 2413 6
1746 2363 1887 2433 K19-

217 2454 396 2521 κῖνος,
428 2447 575 2504 ἄλλᾶ
601 2448 691 2504 καὶ
738 2447 915 2504 πλείω
965 2453 1063 2504 τοῦ
1118 2446 1390 2518 ζωδιακοῦ
1447 2449 1584 2524 μέρη
1631 2451 1739 2502 τῶν
1783 2447 1889 2501 ἀει·

222 2541 402 2615 φανῶν
453 2535 838 2612 εὐρεθήσεται.
897 2540 1074 2593 Ταῦτα
1125 2537 1312 2593 τοίνυν
1367 2538 1395 2592 6
1451 2536 1616 2606 ἥλιος
1675 2533 1888 2611 διερχό-

225 2647 385 2701 μενος
441 2623 688 2688 οὖδόλως
739 2626 843 2682 61:6
888 2625 979 2681 τὸν
1031 2625 1284 2702 ὁρίζοντα
1338 2623 1728 2682 καταδύσεται.
1791 2630 1888 2711 Καὶ

222 2713 400 2779 οὕτως
459 2713 606 2770 ἔσται
660 2715 782 2771 τινὰ
835 2715 1080 2789 κλίματα
1135 2718 1236 2785 τῆς
1285 2723 1412 2790 γῆς,
1460 2715 1514 2769 έν
1560 2715 1640 2776 οἷς
1682 2713 1772 2768 καὶ
1803 2711 1884 2772 δι-

225 2809 458 2879 μηνιαῖα
514 2803 607 2860 καὶ
661 2810 987 2883 τριμηνιαῖα
1036 2804 1127 2859 καὶ
1189 2805 1391 2878 μείζων
1434 2803 1618 2878 ἡμέρα
1661 2805 1884 2878 γενήσε-

220 2915 331 2952 ται.
391 2899 516 2958 Τοῖς
579 2890 626 2949 δ’
681 2895 770 2948 ὑπ’
826 2893 986 2949 αὐτὸν
1044 2894 1134 2948 τὸν
1193 2893 1368 2948 πόλον
1422 2893 1515 2948 τὸν
1570 2892 1780 2969 βόρειον
1829 2891 1884 2963 ’ἐξ

226 2980 434 3052 ζωδίων
485 2983 618 3059 61:69
668 2990 770 3059 γῆν
821 2979 991 3038 ὅντων
1042 2982 1332 3061 ἀειφανῶν,
1388 2981 1578 3060 ἐφόσον
1635 2983 1663 3036 ὁ
1721 2979 1884 3050 ἥλιος

218 3075 389 3126 ταῦτα
443 3069 742 3148 διέρχεται,
797 3071 888 3126 καὶ
945 3069 1105 3133 αὖτὸς
1168 3070 1255 3125 ἐπὶ
1311 3075 1565 3125 τοσοῦτον
1635 3067 1883 3132 οὐδόλως

220 3154 552 3235 κρυϐήσεται
588 3200 601 3214 .
664 3157 947 3236 Διέρχεται
1009 3156 1066 3214 66
1120 3163 1286 3214 ταῦτα
1338 3157 1407 3214 δι’
1464 3160 1687 3234 ἡμερῶν
1749 3159 1882 3214 έπτά

217 3248 311 3302 καὶ
387 3245 731 3322 ὀγδοήκοντα
801 3248 938 3320 πρὸς
987 3252 1108 3310 ταῖς
1167 3247 1353 3303 ἑκατόν
1389 3267 1402 3280 ⁸
1458 3249 1524 3302 τὰ
1593 3245 1650 3302 66
1708 3247 1876 3304 λοιπὰ

217 3334 290 3391 δι’
337 3320 561 3410 ἡμερῶν
622 3335 766 3392 ὀκτὼ
824 3336 962 3412 πρὸς
1017 3341 1138 3399 ταῖς
1176 3331 1556 3411 ἑϐδομήκοντα
1612 3337 1703 3392 καὶ
1754 3320 1946 3398 ταῖςα

215 3425 428 3497 ἑκατὸν,
488 3425 916 3501 προστιθεμένου
969 3425 1060 3480 καὶ
1110 3427 1370 3501 τετάρτου
1430 3431 1556 3500 μιᾶς
1612 3428 1822 3501 ἡμέρας
1855 3445 1869 3458 ο

216 3513 372 3570 Ἐπεὶ
399 3517 530 3590 γοῦν
557 3519 674 3576 τοῖς
709 3515 813 3570 ὑπὸ
857 3515 949 3570 τὸν
1000 3514 1212 3590 βόρειον
1261 3513 1438 3570 πόλον
1489 3517 1517 3571 6
1547 3513 1708 3585 ἥλιος
1739 3515 1873 3592 61:69

209 3609 316 3680 γῆν
375 3601 458 3681 ἐφ’
509 3601 720 3678 ἡμέρας
796 3604 932 3658 ἒπτά
1008 3603 1099 3658 καὶ
1173 3601 1506 3680 ὀγδοήκοντα
1562 3605 1699 3682 πρὸς
1754 3610 1875 3667 ταῖς

219 3691 436 3764 ἑκατὸν,
483 3691 659 3765 ἥμισυ
691 3689 750 3747 66
797 3690 994 3762 ζωδίου
1042 3692 1250 3768 ἀπέχον
1294 3697 1390 3748 τοῦ
1443 3692 1720 3768 ὁρίζοντος
1773 3694 1875 3748 ὑπὸ

212 3787 340 3858 γῆν,
375 3784 492 3860 φῶς
523 3779 625 3836 οὐκ
675 3779 862 3858 ὀλίγον
915 3781 1180 3856 ἐκπέμπει
1227 3788 1347 3845 τοῖς
1397 3782 1529 3856 61:69
1577 3785 1694 3858 γῆνο
1746 3803 1877 3858 προ-

214 3864 382 3925 λάϐοι
439 3869 499 3925 ἂν
546 3871 649 3940 τὴν
697 3875 794 3925 τοῦ
840 3870 1007 3942 ἡλίου
1056 3871 1323 3940 ἀνατολὴν
1371 3871 1603 3941 ἡλιακὸν
1637 3878 1750 3946 φῶς
1796 3872 1878 3950 ἐφ’

214 3958 457 4033 ἡμέραις
516 3958 786 4014 τούπίπαν
850 3958 1232 4016 πεντεκαίδεκα
1285 3966 1403 4022 τοῖς
1466 3960 1876 4037 βορειοτάτοις·

211 4047 306 4102 καὶ
369 4046 505 4120 μετά
565 4049 627 4103 τὸ
704 4046 996 4104 καταδῦναι
1070 4050 1163 4104 τὸν
1218 4048 1380 4118 ἥλιον
1457 4046 1602 4104 ἔσται
1662 4049 1877 4111 τούτοις

211 4135 282 4190 τὸ
336 4139 584 4190 τοιοῦτον
643 4133 872 4208 ἡλιακὸν
906 4141 1022 4216 φῶς
1077 4136 1157 4214 ἐφ’
1213 4137 1446 4212 ἡμέραις
1497 4137 1714 4211 ὁμοίαις
1751 4158 1874 4192 πεν-

213 4221 500 4280 τεκαίδεκα
532 4269 546 4282 .
603 4231 729 4289 Τοῖς
801 4225 905 4281 61:6
977 4225 1066 4280 τὸν
1149 4224 1359 4302 βόρειον
1438 4225 1610 4282 πόλον
1680 4224 1872 4281 λοιπὸν

216 4314 403 4391 ἡμέρα
465 4316 560 4388 μὲν
622 4313 767 4371 ἔσται
831 4314 1028 4388 μείζων
1086 4314 1123 4384 ἢ
1203 4314 1568 4388 ἐπταμηνιαία
1597 4360 1613 4386 ,
1669 4315 1760 4386 νὺξ
1819 4313 1876 4371 66

216 4403 622 4478 πενταμηνιαία
682 4403 918 4478 μάλιστά
975 4424 1095 4466 πως
1129 4423 1142 4436 ⁶
1195 4403 1278 4458 ἀεὶ
1332 4405 1434 4479 γὰρ
1489 4405 1542 4458 οἱ
1601 4404 1874 4482 φωτισμοὶ

217 4491 606 4550 πλεονεκτοῦσι
659 4494 790 4556 τοὺς
846 4493 1211 4567 σκοτασμούς.
1269 4497 1396 4555 Τοῖς
1455 4493 1548 4566 μὲν
1598 4492 1690 4548 οὖν
1723 4493 1774 4549 έν
1805 4497 1874 4568 τῇ

218 4580 404 4656 Θούλῃ
460 4585 614 4656 νήσῳ
645 4583 674 4638 6
727 4583 937 4659 θερινὸς
991 4582 1254 4659 τροπικὸς
1306 4582 1600 4655 συμπίπτει
1653 4587 1732 4654 τῷ
1785 4582 1876 4656 ἀρ-

1993 687 2098 726 nos
2152 671 2238 738 fit,
2297 671 2532 742 quando
2586 669 2707 726 sole
2764 669 3049 725 horizonti
3105 668 3632 741 appropinquante,

1991 759 2244 816 multum
2275 760 2518 814 luminis
2562 765 2754 815 ortum
2787 758 2929 815 solis
2981 757 3282 830 anticipat,
3312 766 3369 814 et
3397 774 3632 814 rursum

1990 854 2123 920 post
2153 866 2423 904 occasum
2458 848 2598 905 solis
2631 853 2914 903 remanet.
2946 851 3090 903 Cum
3139 847 3293 902 enim
3328 847 3479 919 signi
3512 863 3632 903 me-

1993 939 2292 1006 dietatem,
2325 939 2434 994 hoc
2462 943 2552 994 est
2581 937 2913 1009 quindecim
2962 937 3204 1009 gradus,
3235 937 3309 992 ab
3339 936 3638 992 horizonte
3728 1004 3739 1010 _

1991 1027 2078 1084 sol
2108 1028 2272 1084 abest
2305 1027 2456 1083 infra
2492 1032 2733 1094 terram,
2765 1027 2837 1082 ad
2884 1043 2982 1082 eos
3012 1026 3114 1098 qui
3163 1042 3342 1097 supra
3369 1025 3638 1081 horizon-

1992 1121 2109 1173 tem
2143 1121 2282 1172 sunt
2311 1116 2511 1172 lumen
2543 1132 2659 1171 non
2691 1116 2968 1187 exiguum
3001 1114 3262 1169 dimittit.
3295 1113 3430 1170 Tale
3459 1113 3642 1186 igitur

1991 1206 2178 1262 noctis
2246 1205 2447 1260 lumen
2515 1221 2643 1261 esse
2703 1204 2917 1260 dicitur
2982 1204 3040 1257 in
3109 1202 3434 1267 Britannia,
3502 1218 3638 1258 cum

1991 1295 2079 1351 sol
2130 1296 2201 1351 ad
2254 1295 2541 1352 Cancrum
2594 1292 2936 1365 pervenerit,
2994 1291 3272 1364 quoniam
3329 1292 3484 1348 circa
3532 1291 3639 1348 ho-

1990 1385 2272 1441 rizontem
2319 1384 2406 1440 sol
2448 1387 2574 1438 tum
2622 1383 2734 1438 iter
2778 1381 2932 1438 facit.
2983 1380 3279 1437 Britannis
3337 1381 3494 1436 enim
3535 1381 3641 1437 mi-

1989 1475 2218 1530 nimum
2275 1473 2461 1529 aestivi
2519 1472 2723 1527 circuli
2781 1475 3148 1543 segmentum
3210 1470 3364 1526 infra
3419 1475 3636 1527 terram

1985 1568 2093 1620 est.

2067 1654 2254 1707 12-16.
2289 1653 2458 1707 Circa
2489 1651 2716 1707 Thulen
2748 1668 2881 1706 vero
2919 1649 3176 1706 insulam
3205 1651 3270 1717 ²⁴,
3293 1653 3452 1705 totus
3481 1650 3636 1705 aesti-

1987 1759 2097 1800 vus
2143 1741 2447 1812 [circulus]
2482 1757 2661 1812 supra
2710 1746 2926 1795 terram
2975 1756 3106 1796 esse
3151 1738 3384 1810 dicitur,
3415 1739 3513 1808 qui
3561 1739 3641 1794 sit

1987 1832 2164 1888 etiam
2214 1831 2488 1887 arcticus.
2543 1831 2688 1886 Cum
2739 1847 2875 1902 ergo
2928 1830 3015 1885 sol
3061 1829 3347 1884 Cancrum
3404 1827 3638 1899 transit,

1987 1926 2292 1978 menstruo
2323 1925 2585 1993 tempore
2615 1921 2675 1976 in
2706 1919 2816 1974 hac
2845 1918 3042 1974 insula
3070 1935 3250 1990 supra
3277 1916 3640 1972 horizontem

1992 2010 2315 2084 apparebit,
2349 2009 2555 2065 Cancri
2585 2009 2851 2080 partibus
2899 2024 3131 2079 semper
3160 2005 3576 2079 apparentibus
3623 2023 3637 2062 :

1993 2101 2133 2173 quia
2163 2098 2445 2171 quamdiu
2478 2098 2536 2152 in
2568 2113 2802 2168 semper
2831 2095 3251 2168 apparentibus
3280 2095 3485 2150 Cancri
3514 2112 3644 2166 par-

1991 2189 2152 2244 tibus
2183 2193 2272 2244 est
2303 2187 2412 2256 sol,
2441 2187 2649 2242 tandiu
2679 2185 2855 2242 etiam
2887 2202 3065 2256 supra
3094 2183 3453 2240 horizontem
3485 2184 3634 2240 865

1994 2281 2102 2334 est.
2135 2275 2650 2350 Progredientibus
2698 2277 2894 2330 autem
2945 2273 3084 2329 hinc
3112 2273 3185 2328 ad
3216 2271 3640 2344 septentriona-

1992 2366 2170 2423 liores
2195 2370 2389 2437 partes
2422 2380 2488 2420 ex
2518 2361 2849 2436 hypothesi,
2882 2379 3000 2418 non
3040 2366 3199 2416 totus
3231 2363 3463 2416 tantum
3494 2360 3643 2416 Can-

1997 2471 2114 2525 cer,
2146 2455 2247 2510 sed
2282 2453 2460 2509 etiam
2491 2453 2690 2524 plures
2718 2451 2944 2508 Zodiaci
2976 2455 3171 2522 partes
3200 2465 3431 2522 semper
3472 2465 3645 2522 appa-

2005 2560 2131 2600 rere
2160 2543 2546 2599 invenientur.
2579 2542 2695 2597 Has
2726 2541 2908 2613 igitur
2938 2556 3072 2595 cum
3105 2539 3192 2595 sol
3219 2539 3514 2610 transibit,
3547 2539 3647 2595 ho-

1999 2632 2280 2688 rizontem
2312 2647 2554 2704 prorsus
2581 2647 2697 2686 non
2732 2627 2976 2684 subibit.
3011 2629 3090 2682 Ac
3136 2627 3220 2682 ita
3246 2631 3420 2683 erunt
3447 2626 3648 2699 aliqua

1997 2726 2164 2778 terrae
2192 2721 2450 2791 climata,
2483 2719 2544 2774 in
2575 2718 2792 2790 quibus
2825 2721 2884 2772 et
2909 2716 3211 2773 bimestris
3240 2720 3298 2772 et
3327 2715 3645 2772 trimestris

1996 2816 2055 2867 et
2083 2811 2272 2881 major
2303 2810 2428 2864 dies
2477 2808 2780 2864 efﬁcietur.
2816 2806 2936 2862 Illis
2985 2811 3180 2861 autem
3209 2806 3256 2839 ²⁵
3287 2806 3388 2877 qui
3419 2807 3529 2861 sub
3560 2806 3646 2879 ip-

1994 2917 2059 2955 so
2092 2899 2223 2972 polo
2264 2902 2404 2954 sunt
2449 2898 2644 2962 borco,
2676 2913 2810 2952 cum
2841 2911 2942 2951 sex
2988 2896 3159 2967 signa
3207 2911 3388 2966 supra
3423 2899 3640 2951 terram

1993 2990 2114 3044 sint
2151 3003 2382 3059 semper
2429 2985 2804 3059 apparentia;
2848 2988 3067 3056 quanto
3123 2983 3404 3055 temporis
3449 2985 3639 3056 spatio

1991 3077 2078 3134 sol
2109 3094 2177 3132 ea
2206 3076 2515 3149 percurrit,
2548 3079 2712 3130 tanto
2743 3073 2919 3130 etiam
2951 3073 3116 3129 nulla
3143 3089 3386 3146 prorsus
3415 3073 3640 3130 ratione

1989 3174 2046 3221 et
2101 3166 2225 3237 ipse
2273 3163 2681 3220 occultabitur.
2728 3163 3020 3218 Percurrit
3070 3165 3266 3218 autem
3312 3177 3381 3217 ea
3427 3161 3635 3218 diebus

1985 3260 2222 3310 centum
2263 3253 2559 3325 octoginta
2605 3255 2824 3323 septem
2863 3269 2878 3319 ;
2927 3254 3134 3307 caetera
3177 3254 3372 3306 autem
3428 3250 3638 3307 diebus

1984 3347 2220 3400 centum
2251 3341 2625 3414 septuaginta
2671 3345 2819 3408 octo,
2853 3338 3052 3395 addita
3099 3339 3278 3396 etiam
3308 3340 3424 3397 diei
3457 3339 3638 3396 unius
3679 3397 3682 3406 ί

1984 3436 2195 3504 quarta
2223 3435 2414 3503 parte.
2445 3429 2732 3494 Quoniam
2756 3428 2936 3501 igitur
2965 3429 3076 3484 sub
3107 3429 3239 3500 polo
3272 3429 3446 3486 boreo
3476 3427 3640 3484 habi-

1982 3521 2246 3577 tantibus
2277 3518 2358 3576 sol
2395 3535 2575 3591 supra
2602 3523 2820 3574 terram
2853 3522 2942 3573 est
2971 3517 3180 3573 diebus
3211 3522 3446 3574 centum
3478 3521 3641 3574 octo—

1984 3610 2146 3682 ginta
2176 3612 2422 3682 septem,
2455 3612 2512 3662 et
2548 3623 2684 3662 vero
2735 3605 2978 3662 dimidio
3030 3606 3198 3678 signo
3243 3606 3315 3662 ab
3345 3606 3640 3663 horizonte

1984 3700 2138 3754 infra
2164 3703 2381 3754 terram
2428 3697 2659 3752 distans
2689 3712 2806 3751 non
2857 3695 3134 3767 exiguum
3189 3694 3392 3751 lumen
3423 3695 3642 3752 emittit

1985 3789 2057 3844 ad
2087 3805 2188 3844 eos
2218 3786 2319 3858 qui
2350 3803 2531 3858 supra
2559 3789 2772 3840 terram
2804 3789 2981 3852 sunt;
3028 3785 3170 3840 solis
3216 3788 3411 3840 ortum
3449 3784 3640 3841 solare

1987 3879 2186 3934 lumen
2213 3877 2368 3949 apud
2399 3873 2832 3931 borealissimos
2865 3875 2937 3928 ad
2963 3873 3089 3928 dies
3115 3872 3449 3945 quindecim
3479 3874 3634 3929 anti-

1985 3966 2219 4039 cipabit,
2256 3970 2314 4021 et
2343 3982 2376 4019 a
2405 3963 2549 4019 solis
2576 3980 2786 4019 occasu
2817 3962 2927 4017 erit
2954 3963 3038 4018 eis
3071 3961 3410 4033 hujusmodi
3431 3960 3630 4018 lumen

1984 4056 2174 4112 solare
2207 4055 2276 4110 ad
2308 4053 2432 4108 dies
2450 4052 2722 4108 similiter
2746 4051 3103 4122 quindecim.
3129 4053 3489 4123 Quapropter
3517 4051 3628 4106 sub

1985 4143 2116 4217 polo
2163 4144 2338 4198 boreo
2390 4139 2794 4196 habitantibus
2842 4139 2966 4194 dies
3015 4138 3253 4210 quidem
3297 4138 3487 4209 major
3541 4141 3632 4195 est

1984 4248 2162 4304 quam
2196 4228 2605 4302 septimestris,
2651 4245 2765 4283 nox
2813 4228 2968 4283 366
2999 4231 3196 4282 autem
3244 4227 3633 4299 quinqueme-

1985 4322 2123 4377 stris
2169 4321 2288 4375 fere
2320 4319 2596 4374 maxime.
2629 4323 2869 4389 Semper
2897 4316 3054 4371 enim
3087 4315 3528 4372 obscurationes
3557 4316 3631 4372 ab

1985 4407 2519 4464 illuminationibus
2569 4410 2940 4478 superantur.
2975 4405 3076 4460 His
3123 4404 3303 4477 igitur
3332 4406 3399 4475 εδ,
3431 4405 3533 4477 qui
3570 4405 3631 4462 in

1986 4497 2184 4554 insula
2202 4496 2390 4552 Thule
2418 4495 2705 4565 habitant,
2720 4494 2980 4566 tropicus
3000 4493 3237 4550 aestivus
3255 4510 3388 4549 cum
3419 4493 3633 4550 arctico

1985 4586 2298 4654 coincidil;
2332 4584 2753 4641 borealioribus
2779 4587 2976 4639 autem
3008 4582 3185 4639 etiam
3215 4582 3482 4638 aestivum
3511 4587 3630 4640 tro-

220 4675 414 4744 κτικῷο
463 4677 580 4734 τοῖς
627 4669 686 4726 66
737 4672 1101 4748 βορειοτέροις
1159 4670 1248 4726 καὶ
1295 4671 1387 4726 τὸν
1437 4671 1646 4746 Θερινὸν
1694 4672 1874 4748 ὑπερ-

1990 4677 2184 4748 picum
2239 4679 2466 4730 servata
2525 4673 2893 4745 proportione
2945 4671 3198 4728 arcticus
3244 4672 3627 4730 transcendit.

218 4755 394 4815 ϐαίνει
454 4760 713 4836 τροπικὸν
785 4759 923 4836 πρὸς
1000 4759 1166 4835 λόγον
1218 4760 1247 4813 6
1305 4755 1576 4836 ἀρκτικός.
1635 4765 1760 4823 Τοῖς
1817 4757 1873 4814 66

218 4850 312 4905 61:’
361 4849 522 4905 αὐτὸν
569 4849 661 4905 τὸν
711 4849 883 4904 πόλον
932 4847 1023 4904 καὶ
1075 4849 1443 4926 βορειοτάτοις
1491 4850 1520 4903 6
1567 4856 1724 4904 πᾶσιν
1759 4849 1875 4920 ἰση-

222 4940 444 5016 μερινὸς
501 4937 707 5000 κύκλος
778 4937 1034 5014 ἀρκτικός
1083 4959 1143 4993 τε
1217 4938 1417 5014 γίνεται
1475 4938 1564 4993 καὶ
1633 4937 1870 5015 ὁρίζων’

217 5029 320 5086 οὐκ
348 5025 459 5099 ἤδη
513 5026 571 5083 66
612 5027 748 5082 κατά
788 5026 880 5082 τὸν
929 5022 1128 5102 ἀκριϐῆ
1177 5024 1344 5102 λόγον
1392 5027 1484 5082 καὶ
1536 5027 1871 5104 ἰσημερινός.

221 5119 509 5195 ’Δρκτικὸς
571 5117 666 5190 μὲν
699 5117 803 5193 γὰρ
853 5114 936 5172 ὅτι
994 5117 1237 5192 περιέχει
1292 5116 1423 5178 τοὺς
1478 5122 1584 5171 τῶν
1639 5117 1876 5193 ἀστέρων

219 5209 519 5285 ἀειφανεῖς,
582 5205 816 5280 μηδενὸς
871 5204 1262 5268 ἀνατέλλοντος
1329 5206 1365 5275 ἢ
1425 5205 1826 5280 καταδυομένου
1859 5227 1872 5240 ⁸

219 5297 307 5353 ὁί
513 5298 529 5316 ‘
647 5295 657 5314 '
827 5294 835 5312 '
951 5293 975 5312 ’⁸
1172 5294 1183 5314 ’
1361 5295 1374 5314 ⁸
1447 5296 1460 5314 ⁸
1513 5295 1536 5328 6
1670 5303 1696 5314 "
1858 5297 1872 5318 ‘

254 5301 420 5374 ρζων
482 5294 541 5353 δε
588 5317 749 5369 πανυ,
805 5296 886 5349 ὁτι
947 5299 1264 5370 οιαχωριζει
1321 5315 1384 5350 το
1440 5316 1572 5371 υπορ
1629 5318 1731 5372 γην
1787 5318 1875 5350 και

223 5387 328 5442 61:6
377 5392 478 5463 γῆν
529 5384 911 5464 ἡμισφαίριον.
961 5384 1076 5442 Οὐκ
1130 5383 1362 5459 ἀκριβὴς
1421 5381 1465 5438 δ’
1515 5383 1828 5458 ἰσημερινὸς
1861 5431 1876 5457 ,

221 5474 443 5553 ἐπείπερ
501 5475 578 5538 εἰς
648 5473 772 5550 μίαν
823 5474 1034 5549 ἡμέραν
1079 5472 1170 5528 καὶ
1224 5471 1347 5547 μίαν
1398 5472 1564 5528 νύκτα
1605 5475 1698 5529 τὸν
1749 5473 1880 5530 ὅλον

1983 4766 2105 4822 Sub
2137 4765 2264 4836 ipso
2290 4764 2541 4835 denique
2589 4762 2720 4835 polo
2751 4763 2795 4797 2⁷
2843 4761 3179 4817 constitutis
3227 4761 3450 4833 quique
3490 4767 3631 4818 sunt

1983 4851 2594 4926 septentrionalissimi
2627 4851 2725 4922 qui
2768 4851 3043 4906 omnibus
3088 4854 3179 4906 est
3206 4849 3629 4922 aequinoctialis

1984 4943 2260 5009 circulus,
2295 4942 2450 4997 idem
2507 4940 2573 4994 ﬁt
2620 4944 2677 4996 et
2723 4940 2978 4995 arcticus
3021 4942 3080 4995 et
3120 4938 3357 4994 horizon
3392 4957 3405 4994 :
3438 4955 3630 5010 neque

1982 5049 2117 5088 vero
2148 5032 2322 5085 etiam
2353 5033 2630 5084 accurata
2654 5028 2880 5084 ratione
2903 5026 3348 5100 aequinoctialis.
3378 5027 3635 5083 Ariticus

1983 5120 2162 5185 enim,
2196 5119 2349 5189 quod
2401 5117 2601 5173 stellas
2643 5132 2875 5188 semper
2923 5121 3270 5188 apparentes
3314 5116 3629 5185 contineat,

1985 5208 2147 5264 nulla
2176 5208 2398 5264 oriente
2427 5213 2530 5262 aut
2559 5205 2856 5263 occidente
2881 5222 2897 5273 ;
2928 5204 3168 5260 horizon
3220 5207 3416 5260 autem
3446 5205 3632 5260 omni-

1987 5315 2083 5365 no,
2115 5297 2270 5368 quod
2301 5300 2532 5368 separet
2577 5294 3057 5366 hemisphzsrium
3107 5309 3287 5362 supra
3311 5297 3528 5349 terram
3558 5295 3632 5350 ab

1986 5404 2054 5443 eo
2108 5385 2263 5457 quod
2315 5385 2468 5440 infra
2498 5389 2716 5440 terram
2767 5388 2874 5438 est.
2906 5383 3033 5438 Non
3081 5385 3390 5439 accuratus
3435 5386 3632 5440 autem

1987 5473 2432 5547 aequinoctialis,
2490 5472 2966 5546 quandoquidem
3023 5471 3082 5526 in
3133 5487 3321 5527 unum
3361 5470 3518 5528 diem
3575 5477 3634 5529 et

293 5692 343 5730 ³⁸
371 5691 592 5752 Cleom.
621 5693 664 5765 l.
694 5693 736 5750 L
771 5709 822 5748 c.
852 5692 909 5748 7.
937 5689 1030 5765 ﬂ"
1059 5689 1244 5760 Ibid.;
1276 5690 1642 5765 Regiomont.
1675 5693 1719 5748 Ι.
1751 5709 1814 5765 ιι,
1846 5691 1878 5747 in

1990 5691 2083 5748 to].
2124 5706 2289 5763 prop.
2330 5692 2413 5746 18.
2490 5689 2535 5725 ²⁶
2562 5688 2781 5746 Cleom.
2822 5688 2867 5745 Ι.
2900 5706 2939 5757 ι,
2967 5705 3018 5744 c.
3048 5689 3106 5743 7.
3184 5689 3228 5723 ³⁷
3260 5687 3626 5762 Regiomont.

215 5761 330 5834 lib.
359 5782 402 5824 ιι
429 5765 492 5824 in
519 5764 671 5824 Ptol.
697 5781 864 5839 prop.
894 5763 986 5820 27.
