  <div class='ocr_page' id='page_1' title='image "/cluster/home/n/w/nwhite01/storage/ocr_20150623/142/coo.31924054870476/657.png"; bbox 0 0 4114 6428; ppageno 0'>
   <div class='ocr_carea' id='block_1_1' title="bbox 419 437 577 499">
    <p class='ocr_par' dir='ltr' id='par_1_1' title="bbox 419 437 577 499">
     <span class='ocr_line' id='line_1_1' title="bbox 419 437 577 499; baseline 0.013 -2"><span class='ocrx_word' id='word_1_1' title='bbox 419 437 577 499; x_wconf 77' lang='lat'><strong><em>1299</em></strong></span> 
     </span>
    </p>
   </div>
   <div class='ocr_carea' id='block_1_2' title="bbox 1671 433 2578 500">
    <p class='ocr_par' dir='ltr' id='par_1_2' title="bbox 1671 433 2578 500">
     <span class='ocr_line' id='line_1_2' title="bbox 1671 433 2578 500; baseline 0.001 -3"><span class='ocrx_word' id='word_1_2' title='bbox 1671 433 2092 499; x_wconf 83' lang='lat' dir='ltr'><strong><em>NIGEPHORI</em></strong></span> <span class='ocrx_word' id='word_1_3' title='bbox 2137 435 2578 500; x_wconf 66' lang='lat' dir='ltr'><strong><em>BLEMMIDIE</em></strong></span> 
     </span>
    </p>
   </div>
   <div class='ocr_carea' id='block_1_3' title="bbox 3683 425 3865 492">
    <p class='ocr_par' dir='ltr' id='par_1_3' title="bbox 3683 425 3865 492">
     <span class='ocr_line' id='line_1_3' title="bbox 3683 425 3865 492; baseline 0.011 -1"><span class='ocrx_word' id='word_1_4' title='bbox 3683 425 3865 492; x_wconf 79' lang='lat' dir='ltr'><strong><em>I300</em></strong></span> 
     </span>
    </p>
   </div>
   <div class='ocr_carea' id='block_1_4' title="bbox 416 561 2086 642">
    <p class='ocr_par' dir='ltr' id='par_1_4' title="bbox 416 568 2066 641">
     <span class='ocr_line' id='line_1_4' title="bbox 416 568 2066 641; baseline -0.001 -15"><span class='ocrx_word' id='word_1_5' title='bbox 416 586 598 626; x_wconf 90' lang='lat' dir='ltr'><strong><em>unam</em></strong></span> <span class='ocrx_word' id='word_1_6' title='bbox 647 571 879 626; x_wconf 91' lang='lat' dir='ltr'><strong><em>noctem</em></strong></span> <span class='ocrx_word' id='word_1_7' title='bbox 922 571 1112 625; x_wconf 85' lang='lat' dir='ltr'><strong><em>totum</em></strong></span> <span class='ocrx_word' id='word_1_8' title='bbox 1161 583 1384 624; x_wconf 91' lang='lat' dir='ltr'><strong><em>annum</em></strong></span> <span class='ocrx_word' id='word_1_9' title='bbox 1431 568 1709 636; x_wconf 83' lang='lat' dir='ltr'><strong><em>secando,</em></strong></span> <span class='ocrx_word' id='word_1_10' title='bbox 1760 569 1819 624; x_wconf 90' lang='lat' dir='ltr'><strong><em>in</em></strong></span> <span class='ocrx_word' id='word_1_11' title='bbox 1870 571 2066 641; x_wconf 88' lang='lat' dir='ltr'><strong><em>partes</em></strong></span> 
     </span>
    </p>
   </div>
   <div class='ocr_carea' id='block_1_5' title="bbox 2207 561 3865 642">
    <p class='ocr_par' dir='ltr' id='par_1_5' title="bbox 2213 561 3865 642">
     <span class='ocr_line' id='line_1_5' title="bbox 2213 561 3865 642; baseline -0.003 -20"><span class='ocrx_word' id='word_1_12' title='bbox 2213 565 2388 640; x_wconf 80' lang='grc' dir='ltr'>ἐμνων</span> <span class='ocrx_word' id='word_1_13' title='bbox 2435 568 2696 642; x_wconf 81' lang='grc' dir='ltr'>ἐνιαυτὸν,</span> <span class='ocrx_word' id='word_1_14' title='bbox 2748 565 2824 630; x_wconf 78' lang='grc' dir='ltr'>εἷς</span> <span class='ocrx_word' id='word_1_15' title='bbox 2857 561 3010 623; x_wconf 71' lang='grc' dir='ltr'>ἄνισα</span> <span class='ocrx_word' id='word_1_16' title='bbox 3060 563 3125 621; x_wconf 85' lang='grc' dir='ltr'><strong><em>τὸ</em></strong></span> <span class='ocrx_word' id='word_1_17' title='bbox 3161 565 3408 621; x_wconf 85' lang='grc' dir='ltr'>τοιοῦτον</span> <span class='ocrx_word' id='word_1_18' title='bbox 3456 561 3865 640; x_wconf 75' lang='grc' dir='ltr'>ἡμερόνυκτον</span> 
     </span>
    </p>
   </div>
   <div class='ocr_carea' id='block_1_6' title="bbox 419 656 1978 734">
    <p class='ocr_par' dir='ltr' id='par_1_6' title="bbox 419 656 1978 734">
     <span class='ocr_line' id='line_1_6' title="bbox 419 656 1978 734; baseline -0.001 -20"><span class='ocrx_word' id='word_1_19' title='bbox 419 657 736 734; x_wconf 67' lang='lat' dir='ltr'><strong><em>inaequales</em></strong></span> <span class='ocrx_word' id='word_1_20' title='bbox 764 657 880 715; x_wconf 92' lang='lat' dir='ltr'><strong><em>tale</em></strong></span> <span class='ocrx_word' id='word_1_21' title='bbox 907 657 997 730; x_wconf 87' lang='lat' dir='ltr'><strong><em>(ut</em></strong></span> <span class='ocrx_word' id='word_1_22' title='bbox 1024 659 1107 714; x_wconf 91' lang='lat' dir='ltr'><strong><em>ita</em></strong></span> <span class='ocrx_word' id='word_1_23' title='bbox 1135 657 1350 730; x_wconf 88' lang='lat' dir='ltr'><strong><em>dicam)</em></strong></span> <span class='ocrx_word' id='word_1_24' title='bbox 1380 656 1724 714; x_wconf 87' lang='lat' dir='ltr'><strong><em>noctiduum</em></strong></span> <span class='ocrx_word' id='word_1_25' title='bbox 1756 657 1978 713; x_wconf 86' lang='lat' dir='ltr'><strong><em>dividit.</em></strong></span> 
     </span>
    </p>
   </div>
   <div class='ocr_carea' id='block_1_7' title="bbox 2177 653 2394 734">
    <p class='ocr_par' dir='ltr' id='par_1_7' title="bbox 2177 653 2394 734">
     <span class='ocr_line' id='line_1_7' title="bbox 2177 653 2394 734; baseline 0.009 -22"><span class='ocrx_word' id='word_1_26' title='bbox 2177 653 2394 734; x_wconf 83' lang='grc' dir='ltr'>διαιρεῖ.</span> 
     </span>
    </p>
   </div>
   <div class='ocr_carea' id='block_1_8' title="bbox 1687 925 2570 998">
    <p class='ocr_par' dir='ltr' id='par_1_8' title="bbox 1687 925 2570 998">
     <span class='ocr_line' id='line_1_8' title="bbox 1687 925 2570 998; baseline 0.003 -17"><span class='ocrx_word' id='word_1_27' title='bbox 1687 925 2031 983; x_wconf 86' lang='lat' dir='ltr'><strong><em>SYNOPSIS</em></strong></span> <span class='ocrx_word' id='word_1_28' title='bbox 2058 927 2338 985; x_wconf 85' lang='lat' dir='ltr'><strong><em>CAPITIS</em></strong></span> <span class='ocrx_word' id='word_1_29' title='bbox 2377 928 2570 998; x_wconf 84' lang='lat' dir='ltr'><strong><em>XXXI,</em></strong></span> 
     </span>
    </p>
   </div>
   <div class='ocr_carea' id='block_1_9' title="bbox 1802 1033 2419 1084">
    <p class='ocr_par' dir='ltr' id='par_1_9' title="bbox 1802 1033 2419 1084">
     <span class='ocr_line' id='line_1_9' title="bbox 1802 1033 2419 1084; baseline 0.008 -5"><span class='ocrx_word' id='word_1_30' title='bbox 1802 1033 1953 1080; x_wconf 80' lang='lat' dir='ltr'><strong>OUOD</strong></span> <span class='ocrx_word' id='word_1_31' title='bbox 1992 1039 2091 1081; x_wconf 85' lang='lat' dir='ltr'><strong><em>SST</em></strong></span> <span class='ocrx_word' id='word_1_32' title='bbox 2119 1041 2190 1083; x_wconf 84' lang='lat' dir='ltr'><strong>DE</strong></span> <span class='ocrx_word' id='word_1_33' title='bbox 2217 1043 2419 1084; x_wconf 76' lang='lat' dir='ltr'><strong><em>VACUO.</em></strong></span> 
     </span>
    </p>
   </div>
   <div class='ocr_carea' id='block_1_10' title="bbox 424 1150 3856 1228">
    <p class='ocr_par' dir='ltr' id='par_1_10' title="bbox 424 1150 3856 1228">
     <span class='ocr_line' id='line_1_10' title="bbox 424 1150 3856 1228; baseline -0.003 -14"><span class='ocrx_word' id='word_1_34' title='bbox 424 1159 476 1214; x_wconf 91' lang='grc'><strong><em>1.</em></strong></span> <span class='ocrx_word' id='word_1_35' title='bbox 507 1155 764 1228; x_wconf 78' lang='lat' dir='ltr'><strong><em>Physicis</em></strong></span> <span class='ocrx_word' id='word_1_36' title='bbox 793 1154 926 1225; x_wconf 83' lang='lat' dir='ltr'><strong><em>quid</em></strong></span> <span class='ocrx_word' id='word_1_37' title='bbox 956 1170 1186 1210; x_wconf 84' lang='lat' dir='ltr'><strong><em>vacuum</em></strong></span> <span class='ocrx_word' id='word_1_38' title='bbox 1237 1155 1571 1228; x_wconf 79' lang='lat' dir='ltr'><strong><em>nominetur.</em></strong></span> <span class='ocrx_word' id='word_1_39' title='bbox 1606 1187 1674 1197; x_wconf 97' lang='lat'>—</span> <span class='ocrx_word' id='word_1_40' title='bbox 1702 1157 1756 1209; x_wconf 86' lang='lat'><strong><em>2.</em></strong></span> <span class='ocrx_word' id='word_1_41' title='bbox 1792 1156 2027 1211; x_wconf 58' lang='lat' dir='ltr'><strong><em>Diversa</em></strong></span> <span class='ocrx_word' id='word_1_42' title='bbox 2071 1154 2428 1228; x_wconf 8' lang='lat' dir='ltr'><strong><em>diversorum,</em></strong></span> <span class='ocrx_word' id='word_1_43' title='bbox 2454 1152 2814 1228; x_wconf 76' lang='lat' dir='ltr'><strong><em>physicorum</em></strong></span> <span class='ocrx_word' id='word_1_44' title='bbox 2860 1153 2925 1208; x_wconf 89' lang='lat' dir='ltr'><strong><em>de</em></strong></span> <span class='ocrx_word' id='word_1_45' title='bbox 2951 1167 3150 1228; x_wconf 62' lang='lat' dir='ltr'><strong><em>pacuo</em></strong></span> <span class='ocrx_word' id='word_1_46' title='bbox 3201 1151 3508 1228; x_wconf 64' lang='lat' dir='ltr'><strong><em>sententiae.</em></strong></span> <span class='ocrx_word' id='word_1_47' title='bbox 3544 1179 3616 1228; x_wconf 81' lang='lat'><strong><em>_—</em></strong></span> <span class='ocrx_word' id='word_1_48' title='bbox 3649 1150 3710 1204; x_wconf 91' lang='lat'><strong><em>3.</em></strong></span> <span class='ocrx_word' id='word_1_49' title='bbox 3752 1150 3856 1204; x_wconf 84' lang='lat' dir='ltr'><strong><em>Va-</em></strong></span> 
     </span>
    </p>
   </div>
   <div class='ocr_carea' id='block_1_11' title="bbox 490 1225 3239 1298">
    <p class='ocr_par' dir='ltr' id='par_1_11' title="bbox 490 1225 3239 1298">
     <span class='ocr_line' id='line_1_11' title="bbox 490 1225 3239 1298; baseline -0.003 -15"><span class='ocrx_word' id='word_1_50' title='bbox 490 1225 654 1284; x_wconf 82' lang='lat' dir='ltr'><strong><em>cuum</em></strong></span> <span class='ocrx_word' id='word_1_51' title='bbox 681 1229 902 1296; x_wconf 85' lang='lat' dir='ltr'><strong><em>proprie</em></strong></span> <span class='ocrx_word' id='word_1_52' title='bbox 936 1228 1228 1298; x_wconf 80' lang='lat' dir='ltr'><strong><em>nimirum,</em></strong></span> <span class='ocrx_word' id='word_1_53' title='bbox 1259 1225 1398 1295; x_wconf 88' lang='lat' dir='ltr'><strong><em>quod</em></strong></span> <span class='ocrx_word' id='word_1_54' title='bbox 1427 1229 1580 1282; x_wconf 88' lang='lat' dir='ltr'><strong><em>omni</em></strong></span> <span class='ocrx_word' id='word_1_55' title='bbox 1608 1228 1757 1284; x_wconf 72' lang='lat'><strong><em>865</em></strong></span> <span class='ocrx_word' id='word_1_56' title='bbox 1791 1244 2016 1298; x_wconf 88' lang='lat' dir='ltr'><strong><em>corpore</em></strong></span> <span class='ocrx_word' id='word_1_57' title='bbox 2071 1226 2352 1298; x_wconf 79' lang='lat' dir='ltr'><strong><em>privatum</em></strong></span> <span class='ocrx_word' id='word_1_58' title='bbox 2379 1225 2472 1298; x_wconf 76' lang='lat' dir='ltr'><strong><em>sit,</em></strong></span> <span class='ocrx_word' id='word_1_59' title='bbox 2503 1241 2581 1298; x_wconf 14' lang='grc' dir='ltr'>ιη,</span> <span class='ocrx_word' id='word_1_60' title='bbox 2606 1225 2806 1281; x_wconf 90' lang='lat' dir='ltr'><strong><em>mundo</em></strong></span> <span class='ocrx_word' id='word_1_61' title='bbox 2864 1225 3084 1298; x_wconf 83' lang='lat' dir='ltr'><strong><em>nullum</em></strong></span> <span class='ocrx_word' id='word_1_62' title='bbox 3139 1226 3239 1298; x_wconf 65' lang='lat' dir='ltr'><strong><em>est,</em></strong></span> 
     </span>
    </p>
   </div>
   <div class='ocr_carea' id='block_1_12' title="bbox 3333 1221 3860 1293">
    <p class='ocr_par' dir='ltr' id='par_1_12' title="bbox 3333 1221 3860 1293">
     <span class='ocr_line' id='line_1_12' title="bbox 3333 1221 3860 1293; baseline -0.002 -17"><span class='ocrx_word' id='word_1_63' title='bbox 3333 1221 3436 1277; x_wconf 86' lang='grc' dir='ltr'>ιιοά</span> <span class='ocrx_word' id='word_1_64' title='bbox 3481 1222 3746 1293; x_wconf 84' lang='lat' dir='ltr'><strong><em>primum</em></strong></span> <span class='ocrx_word' id='word_1_65' title='bbox 3787 1237 3860 1293; x_wconf 73' lang='lat' dir='ltr'><strong><em>ea:</em></strong></span> 
     </span>
    </p>
   </div>
   <div class='ocr_carea' id='block_1_13' title="bbox 490 1292 3858 1378">
    <p class='ocr_par' dir='ltr' id='par_1_13' title="bbox 490 1292 3858 1378">
     <span class='ocr_line' id='line_1_13' title="bbox 490 1292 3858 1378; baseline -0.002 -23"><span class='ocrx_word' id='word_1_66' title='bbox 490 1292 810 1378; x_wconf 68' lang='lat' dir='ltr'><strong><em>deﬁnitione</em></strong></span> <span class='ocrx_word' id='word_1_67' title='bbox 837 1298 1033 1378; x_wconf 78' lang='lat' dir='ltr'><strong><em>mundi</em></strong></span> <span class='ocrx_word' id='word_1_68' title='bbox 1056 1292 1284 1378; x_wconf 60' lang='lat' dir='ltr'><strong><em>prooatf</em></strong></span> <span class='ocrx_word' id='word_1_69' title='bbox 1305 1328 1374 1378; x_wconf 60' lang='grc' dir='ltr'><strong><em>-τ-</em></strong></span> <span class='ocrx_word' id='word_1_70' title='bbox 1405 1298 1472 1378; x_wconf 69' lang='grc' dir='ltr'><strong><em>4.Δ</em></strong></span> <span class='ocrx_word' id='word_1_71' title='bbox 1489 1300 1696 1378; x_wconf 75' lang='lat' dir='ltr'><strong><em>peinde</em></strong></span> <span class='ocrx_word' id='word_1_72' title='bbox 1714 1292 1906 1378; x_wconf 69' lang='lat' dir='ltr'><strong><em>probat</em></strong></span> <span class='ocrx_word' id='word_1_73' title='bbox 1933 1292 2252 1378; x_wconf 72' lang='lat' dir='ltr'><strong><em>deductione</em></strong></span> <span class='ocrx_word' id='word_1_74' title='bbox 2278 1295 2349 1351; x_wconf 86' lang='lat' dir='ltr'><strong><em>ad</em></strong></span> <span class='ocrx_word' id='word_1_75' title='bbox 2377 1297 2682 1378; x_wconf 74' lang='lat' dir='ltr'><strong><em>absurdum</em></strong></span> <span class='ocrx_word' id='word_1_76' title='bbox 2726 1297 3028 1378; x_wconf 78' lang='lat' dir='ltr'><strong><em>geminum,</em></strong></span> <span class='ocrx_word' id='word_1_77' title='bbox 3061 1295 3220 1377; x_wconf 41' lang='lat' dir='ltr'><strong><em>quod.</em></strong></span> <span class='ocrx_word' id='word_1_78' title='bbox 3249 1292 3400 1349; x_wconf 72' lang='lat' dir='ltr'><strong><em>alias</em></strong></span> <span class='ocrx_word' id='word_1_79' title='bbox 3427 1292 3593 1378; x_wconf 65' lang='lat' dir='ltr'><strong><em>nulla</em></strong></span> <span class='ocrx_word' id='word_1_80' title='bbox 3644 1292 3858 1348; x_wconf 80' lang='lat' dir='ltr'><strong><em>mundi</em></strong></span> 
     </span>
    </p>
   </div>
   <div class='ocr_carea' id='block_1_14' title="bbox 489 1369 3848 1448">
    <p class='ocr_par' dir='ltr' id='par_1_14' title="bbox 489 1369 3848 1448">
     <span class='ocr_line' id='line_1_14' title="bbox 489 1369 3848 1448; baseline -0.001 -24"><span class='ocrx_word' id='word_1_81' title='bbox 489 1372 736 1448; x_wconf 79' lang='lat' dir='ltr'><strong><em>partium</em></strong></span> <span class='ocrx_word' id='word_1_82' title='bbox 764 1371 1102 1448; x_wconf 67' lang='lat' dir='ltr'><strong><em>continuatio</em></strong></span> <span class='ocrx_word' id='word_1_83' title='bbox 1131 1372 1183 1423; x_wconf 89' lang='lat' dir='ltr'><strong><em>et</em></strong></span> <span class='ocrx_word' id='word_1_84' title='bbox 1220 1369 1528 1448; x_wconf 71' lang='lat' dir='ltr'><strong><em>conjunctio</em></strong></span> <span class='ocrx_word' id='word_1_85' title='bbox 1552 1369 1832 1426; x_wconf 79' lang='lat' dir='ltr'><strong><em>naturalis</em></strong></span> <span class='ocrx_word' id='word_1_86' title='bbox 1872 1376 2032 1448; x_wconf 64' lang='lat' dir='ltr'><strong><em>esset,</em></strong></span> <span class='ocrx_word' id='word_1_87' title='bbox 2065 1369 2312 1441; x_wconf 78' lang='lat' dir='ltr'><strong><em>quodque</em></strong></span> <span class='ocrx_word' id='word_1_88' title='bbox 2341 1384 2534 1423; x_wconf 78' lang='lat' dir='ltr'><strong><em>sensus</em></strong></span> <span class='ocrx_word' id='word_1_89' title='bbox 2561 1371 2612 1422; x_wconf 82' lang='lat' dir='ltr'><strong><em>et</em></strong></span> <span class='ocrx_word' id='word_1_90' title='bbox 2641 1369 2706 1423; x_wconf 88' lang='lat' dir='ltr'><strong><em>in</em></strong></span> <span class='ocrx_word' id='word_1_91' title='bbox 2738 1369 3108 1448; x_wconf 64' lang='lat' dir='ltr'><strong><em>primis_verg</em></strong></span> <span class='ocrx_word' id='word_1_92' title='bbox 3163 1369 3319 1448; x_wconf 39' lang='lat' dir='ltr'><strong><em>uisus.</em></strong></span> <span class='ocrx_word' id='word_1_93' title='bbox 3342 1369 3640 1448; x_wconf 62' lang='lat' dir='ltr'><strong><em>actionem</em></strong></span> <span class='ocrx_word' id='word_1_94' title='bbox 3691 1381 3848 1448; x_wconf 79' lang='lat' dir='ltr'><strong><em>suam</em></strong></span> 
     </span>
    </p>
   </div>
   <div class='ocr_carea' id='block_1_15' title="bbox 492 1435 3851 1512">
    <p class='ocr_par' dir='ltr' id='par_1_15' title="bbox 492 1435 3851 1512">
     <span class='ocr_line' id='line_1_15' title="bbox 492 1435 3851 1512; baseline -0.003 -14"><span class='ocrx_word' id='word_1_95' title='bbox 492 1435 562 1498; x_wconf 79' lang='lat' dir='ltr'><strong><em>ad</em></strong></span> <span class='ocrx_word' id='word_1_96' title='bbox 592 1446 806 1496; x_wconf 84' lang='lat' dir='ltr'><strong><em>tantam</em></strong></span> <span class='ocrx_word' id='word_1_97' title='bbox 834 1441 1175 1506; x_wconf 74' lang='lat' dir='ltr'><strong><em>distantiam,</em></strong></span> <span class='ocrx_word' id='word_1_98' title='bbox 1227 1435 1764 1512; x_wconf 38' lang='lat' dir='ltr'><strong><em>act—ﬁrmamentum</em></strong></span> <span class='ocrx_word' id='word_1_99' title='bbox 1818 1435 2090 1497; x_wconf 73' lang='lat' dir='ltr'><strong><em>nimirum</em></strong></span> <span class='ocrx_word' id='word_1_100' title='bbox 2145 1435 2396 1512; x_wconf 76' lang='lat' dir='ltr'><strong><em>exercere</em></strong></span> <span class='ocrx_word' id='word_1_101' title='bbox 2435 1455 2547 1495; x_wconf 86' lang='lat' dir='ltr'><strong><em>non</em></strong></span> <span class='ocrx_word' id='word_1_102' title='bbox 2599 1435 2790 1512; x_wconf 78' lang='lat' dir='ltr'><strong><em>posset.</em></strong></span> <span class='ocrx_word' id='word_1_103' title='bbox 2826 1470 2896 1478; x_wconf 96' lang='lat'><strong>—</strong></span> <span class='ocrx_word' id='word_1_104' title='bbox 2944 1438 3000 1494; x_wconf 89' lang='lat'><strong><em>5.</em></strong></span> <span class='ocrx_word' id='word_1_105' title='bbox 3068 1439 3244 1493; x_wconf 84' lang='lat' dir='ltr'><strong><em>Tertio</em></strong></span> <span class='ocrx_word' id='word_1_106' title='bbox 3296 1435 3441 1512; x_wconf 72' lang='lat' dir='ltr'><strong><em>idem</em></strong></span> <span class='ocrx_word' id='word_1_107' title='bbox 3497 1436 3851 1512; x_wconf 73' lang='lat' dir='ltr'><strong><em>conﬁrmata</em></strong></span> 
     </span>
    </p>
   </div>
   <div class='ocr_carea' id='block_1_16' title="bbox 495 1509 3856 1634">
    <p class='ocr_par' dir='ltr' id='par_1_16' title="bbox 495 1509 3856 1634">
     <span class='ocr_line' id='line_1_16' title="bbox 495 1509 3856 1634; baseline -0.002 -64"><span class='ocrx_word' id='word_1_108' title='bbox 495 1515 644 1570; x_wconf 76' lang='lat' dir='ltr'><strong><em>vasis</em></strong></span> <span class='ocrx_word' id='word_1_109' title='bbox 672 1514 894 1580; x_wconf 80' lang='lat' dir='ltr'><strong><em>angusti</em></strong></span> <span class='ocrx_word' id='word_1_110' title='bbox 919 1513 1147 1582; x_wconf 80' lang='lat' dir='ltr'><strong><em>oriﬁcii,</em></strong></span> <span class='ocrx_word' id='word_1_111' title='bbox 1180 1525 1306 1582; x_wconf 54' lang='lat' dir='ltr'><strong><em>qua</em></strong></span> <span class='ocrx_word' id='word_1_112' title='bbox 1333 1511 1390 1566; x_wconf 78' lang='lat' dir='ltr'><strong><em>in</em></strong></span> <span class='ocrx_word' id='word_1_113' title='bbox 1423 1515 1580 1582; x_wconf 72' lang='lat' dir='ltr'><strong><em>aquis</em></strong></span> <span class='ocrx_word' id='word_1_114' title='bbox 1610 1530 1869 1569; x_wconf 78' lang='lat' dir='ltr'><strong><em>conversa</em></strong></span> <span class='ocrx_word' id='word_1_115' title='bbox 1898 1530 2010 1569; x_wconf 90' lang='lat' dir='ltr'><strong><em>non</em></strong></span> <span class='ocrx_word' id='word_1_116' title='bbox 2039 1513 2340 1584; x_wconf 78' lang='lat' dir='ltr'><strong><em>implentur</em></strong></span> <span class='ocrx_word' id='word_1_117' title='bbox 2374 1509 2613 1567; x_wconf 72' lang='lat' dir='ltr'><strong><em>humore</em></strong></span> <span class='ocrx_word' id='word_1_118' title='bbox 2641 1517 2866 1582; x_wconf 86' lang='lat' dir='ltr'><strong><em>pr0pter</em></strong></span> <span class='ocrx_word' id='word_1_119' title='bbox 2913 1525 3097 1566; x_wconf 87' lang='lat' dir='ltr'><strong><em>aerem</em></strong></span> <span class='ocrx_word' id='word_1_120' title='bbox 3140 1523 3244 1581; x_wconf 88' lang='lat' dir='ltr'><strong><em>quo</em></strong></span> <span class='ocrx_word' id='word_1_121' title='bbox 3288 1509 3464 1580; x_wconf 84' lang='lat' dir='ltr'><strong><em>plena</em></strong></span> <span class='ocrx_word' id='word_1_122' title='bbox 3511 1511 3640 1562; x_wconf 76' lang='lat' dir='ltr'><strong><em>sunt</em></strong></span> <span class='ocrx_word' id='word_1_123' title='bbox 3662 1523 3856 1634; x_wconf 86' lang='grc'><strong><em>,-</em></strong></span> 
     </span>
     <span class='ocr_line' id='line_1_17' title="bbox 495 1579 3856 1634; baseline 0 0"><span class='ocrx_word' id='word_1_124' title='bbox 495 1587 640 1634; x_wconf 73' lang='lat' dir='ltr'><strong><em>alias</em></strong></span> <span class='ocrx_word' id='word_1_125' title='bbox 667 1584 918 1634; x_wconf 73' lang='lat' dir='ltr'><strong><em>nrotinus</em></strong></span> <span class='ocrx_word' id='word_1_126' title='bbox 948 1584 1231 1634; x_wconf 82' lang='lat' dir='ltr'><strong><em>humorem</em></strong></span> <span class='ocrx_word' id='word_1_127' title='bbox 1259 1584 1582 1634; x_wconf 76' lang='lat' dir='ltr'><strong><em>reciperent.</em></strong></span> <span class='ocrx_word' id='word_1_128' title='bbox 1616 1587 1666 1634; x_wconf 81' lang='lat' dir='ltr'><strong><em>si</em></strong></span> <span class='ocrx_word' id='word_1_129' title='bbox 1703 1586 1854 1634; x_wconf 83' lang='lat' dir='ltr'><strong><em>omni</em></strong></span> <span class='ocrx_word' id='word_1_130' title='bbox 1880 1599 2104 1634; x_wconf 74' lang='lat' dir='ltr'><strong><em>cornere</em></strong></span> <span class='ocrx_word' id='word_1_131' title='bbox 2131 1583 2368 1634; x_wconf 79' lang='lat' dir='ltr'><strong><em>adeoque</em></strong></span> <span class='ocrx_word' id='word_1_132' title='bbox 2396 1584 2563 1634; x_wconf 85' lang='lat' dir='ltr'><strong><em>etiam</em></strong></span> <span class='ocrx_word' id='word_1_133' title='bbox 2590 1598 2722 1634; x_wconf 81' lang='lat' dir='ltr'><strong><em>acre</em></strong></span> <span class='ocrx_word' id='word_1_134' title='bbox 2753 1585 2933 1634; x_wconf 80' lang='lat' dir='ltr'><strong><em>forent</em></strong></span> <span class='ocrx_word' id='word_1_135' title='bbox 2983 1597 3181 1634; x_wconf 82' lang='lat' dir='ltr'><strong><em>vacua.</em></strong></span> <span class='ocrx_word' id='word_1_136' title='bbox 3233 1610 3304 1620; x_wconf 91' lang='lat'><strong><em>—-</em></strong></span> <span class='ocrx_word' id='word_1_137' title='bbox 3331 1580 3386 1634; x_wconf 87' lang='lat'><strong><em>6.</em></strong></span> <span class='ocrx_word' id='word_1_138' title='bbox 3433 1579 3644 1634; x_wconf 81' lang='lat' dir='ltr'><strong><em>Ouarto</em></strong></span> <span class='ocrx_word' id='word_1_139' title='bbox 3795 1596 3856 1634; x_wconf 83' lang='lat' dir='ltr'><strong><em>m</em></strong></span> 
     </span>
    </p>
   </div>
   <div class='ocr_carea' id='block_1_17' title="bbox 494 1579 3857 1662">
    <p class='ocr_par' dir='ltr' id='par_1_17' title="bbox 494 1579 3857 1662">
     <span class='ocr_line' id='line_1_18' title="bbox 494 1579 3857 1662; baseline -0.002 -22"><span class='ocrx_word' id='word_1_140' title='bbox 494 1587 640 1662; x_wconf 71' lang='lat' dir='ltr'><strong><em>otius</em></strong></span> <span class='ocrx_word' id='word_1_141' title='bbox 664 1579 918 1662; x_wconf 66' lang='lat' dir='ltr'><strong><em>protinus</em></strong></span> <span class='ocrx_word' id='word_1_142' title='bbox 948 1579 1231 1662; x_wconf 71' lang='lat' dir='ltr'><strong><em>humorem</em></strong></span> <span class='ocrx_word' id='word_1_143' title='bbox 1259 1579 1582 1662; x_wconf 64' lang='lat' dir='ltr'><strong><em>reciperent,</em></strong></span> <span class='ocrx_word' id='word_1_144' title='bbox 1616 1587 1666 1662; x_wconf 74' lang='lat' dir='ltr'><strong><em>si</em></strong></span> <span class='ocrx_word' id='word_1_145' title='bbox 1703 1586 1854 1662; x_wconf 80' lang='lat' dir='ltr'><strong><em>omni</em></strong></span> <span class='ocrx_word' id='word_1_146' title='bbox 1880 1579 2722 1662; x_wconf 36' lang='lat' dir='ltr'><strong><em>corpore-adeoque‘etiammc‘re</em></strong></span> <span class='ocrx_word' id='word_1_147' title='bbox 2743 1579 2933 1653; x_wconf 40' lang='lat' dir='ltr'><strong><em>’forent</em></strong></span> <span class='ocrx_word' id='word_1_148' title='bbox 2983 1579 3181 1662; x_wconf 72' lang='lat' dir='ltr'><strong><em>vacua.</em></strong></span> <span class='ocrx_word' id='word_1_149' title='bbox 3331 1580 3386 1634; x_wconf 87' lang='lat'><strong><em>6.</em></strong></span> <span class='ocrx_word' id='word_1_150' title='bbox 3696 1579 3857 1662; x_wconf 64' lang='lat' dir='ltr'><strong><em>idem</em></strong></span> 
     </span>
    </p>
   </div>
   <div class='ocr_carea' id='block_1_18' title="bbox 492 1649 3854 1728">
    <p class='ocr_par' dir='ltr' id='par_1_18' title="bbox 492 1649 3854 1728">
     <span class='ocr_line' id='line_1_19' title="bbox 492 1649 3854 1728; baseline -0.002 -16"><span class='ocrx_word' id='word_1_151' title='bbox 492 1674 528 1712; x_wconf 91' lang='lat' dir='ltr'><strong><em>a</em></strong></span> <span class='ocrx_word' id='word_1_152' title='bbox 553 1649 858 1727; x_wconf 59' lang='lat' dir='ltr'><strong><em>clepsydrae</em></strong></span> <span class='ocrx_word' id='word_1_153' title='bbox 886 1657 1066 1728; x_wconf 72' lang='lat' dir='ltr'><strong><em>qualis</em></strong></span> <span class='ocrx_word' id='word_1_154' title='bbox 1094 1649 1382 1710; x_wconf 42' lang='lat' dir='ltr'><strong><em>veteribus&quot;</em></strong></span> <span class='ocrx_word' id='word_1_155' title='bbox 1407 1657 1467 1710; x_wconf 87' lang='lat' dir='ltr'><strong><em>in</em></strong></span> <span class='ocrx_word' id='word_1_156' title='bbox 1494 1673 1596 1712; x_wconf 85' lang='lat' dir='ltr'><strong><em>usu</em></strong></span> <span class='ocrx_word' id='word_1_157' title='bbox 1625 1658 1737 1728; x_wconf 83' lang='lat' dir='ltr'><strong><em>fuit</em></strong></span> <span class='ocrx_word' id='word_1_158' title='bbox 1765 1649 2142 1728; x_wconf 77' lang='lat' dir='ltr'><strong><em>experimento</em></strong></span> <span class='ocrx_word' id='word_1_159' title='bbox 2172 1649 2430 1712; x_wconf 75' lang='lat' dir='ltr'><strong><em>ostendit.</em></strong></span> <span class='ocrx_word' id='word_1_160' title='bbox 2462 1685 2532 1696; x_wconf 95' lang='lat'><strong><em>——</em></strong></span> <span class='ocrx_word' id='word_1_161' title='bbox 2560 1656 2616 1708; x_wconf 91' lang='lat'><strong><em>7.</em></strong></span> <span class='ocrx_word' id='word_1_162' title='bbox 2659 1649 2896 1710; x_wconf 78' lang='lat' dir='ltr'><strong><em>Vacuum</em></strong></span> <span class='ocrx_word' id='word_1_163' title='bbox 2924 1660 3084 1710; x_wconf 75' lang='lat' dir='ltr'><strong><em>extra</em></strong></span> <span class='ocrx_word' id='word_1_164' title='bbox 3109 1650 3380 1708; x_wconf 84' lang='lat' dir='ltr'><strong><em>mundum</em></strong></span> <span class='ocrx_word' id='word_1_165' title='bbox 3430 1655 3494 1707; x_wconf 78' lang='lat' dir='ltr'><strong><em>in</em></strong></span> <span class='ocrx_word' id='word_1_166' title='bbox 3550 1649 3854 1721; x_wconf 72' lang='lat' dir='ltr'><strong><em>inﬁnitum</em></strong></span> 
     </span>
    </p>
   </div>
   <div class='ocr_carea' id='block_1_19' title="bbox 489 1727 1128 1800">
    <p class='ocr_par' dir='ltr' id='par_1_19' title="bbox 489 1727 1128 1800">
     <span class='ocr_line' id='line_1_20' title="bbox 489 1727 1128 1800; baseline -0.005 -16"><span class='ocrx_word' id='word_1_167' title='bbox 489 1735 777 1800; x_wconf 82' lang='lat' dir='ltr'><strong><em>penetrare</em></strong></span> <span class='ocrx_word' id='word_1_168' title='bbox 801 1727 1128 1800; x_wconf 77' lang='lat' dir='ltr'><strong><em>concipitur.</em></strong></span> 
     </span>
    </p>
   </div>
   <div class='ocr_carea' id='block_1_20' title="bbox 1028 1947 1493 2006">
    <p class='ocr_par' dir='ltr' id='par_1_20' title="bbox 1028 1947 1493 2006">
     <span class='ocr_line' id='line_1_21' title="bbox 1028 1947 1493 2006; baseline 0 0"><span class='ocrx_word' id='word_1_169' title='bbox 1028 1948 1263 2006; x_wconf 84' lang='lat' dir='ltr'><strong><em>CAPUT</em></strong></span> <span class='ocrx_word' id='word_1_170' title='bbox 1303 1947 1493 2006; x_wconf 84' lang='lat' dir='ltr'><strong>XXXI.</strong></span> 
     </span>
    </p>
   </div>
   <div class='ocr_carea' id='block_1_21' title="bbox 1105 2041 1396 2094">
    <p class='ocr_par' dir='ltr' id='par_1_21' title="bbox 1105 2041 1396 2094">
     <span class='ocr_line' id='line_1_22' title="bbox 1105 2041 1396 2094; baseline 0 0"><span class='ocrx_word' id='word_1_171' title='bbox 1105 2041 1182 2094; x_wconf 89' lang='lat' dir='ltr'><strong><em>De</em></strong></span> <span class='ocrx_word' id='word_1_172' title='bbox 1207 2055 1396 2094; x_wconf 84' lang='lat' dir='ltr'><strong><em>vacuo.</em></strong></span> 
     </span>
    </p>
   </div>
   <div class='ocr_carea' id='block_1_22' title="bbox 501 2127 2084 2202">
    <p class='ocr_par' dir='ltr' id='par_1_22' title="bbox 501 2127 2084 2202">
     <span class='ocr_line' id='line_1_23' title="bbox 501 2127 2084 2202; baseline 0 -16"><span class='ocrx_word' id='word_1_173' title='bbox 501 2132 551 2186; x_wconf 88' lang='grc'><strong><em>1.</em></strong></span> <span class='ocrx_word' id='word_1_174' title='bbox 583 2128 693 2186; x_wconf 87' lang='lat' dir='ltr'><strong><em>Ubi</em></strong></span> <span class='ocrx_word' id='word_1_175' title='bbox 724 2145 841 2184; x_wconf 87' lang='lat' dir='ltr'><strong><em>non</em></strong></span> <span class='ocrx_word' id='word_1_176' title='bbox 866 2131 956 2184; x_wconf 88' lang='lat' dir='ltr'><strong><em>est</em></strong></span> <span class='ocrx_word' id='word_1_177' title='bbox 985 2127 1175 2183; x_wconf 89' lang='lat' dir='ltr'><strong><em>ullum</em></strong></span> <span class='ocrx_word' id='word_1_178' title='bbox 1207 2145 1449 2200; x_wconf 86' lang='lat' dir='ltr'><strong><em>prorsus</em></strong></span> <span class='ocrx_word' id='word_1_179' title='bbox 1479 2145 1720 2202; x_wconf 88' lang='lat' dir='ltr'><strong><em>corpus,</em></strong></span> <span class='ocrx_word' id='word_1_180' title='bbox 1752 2134 1944 2202; x_wconf 86' lang='lat' dir='ltr'><strong><em>potest</em></strong></span> <span class='ocrx_word' id='word_1_181' title='bbox 1974 2147 2084 2186; x_wconf 88' lang='lat' dir='ltr'><strong><em>au-</em></strong></span> 
     </span>
    </p>
   </div>
   <div class='ocr_carea' id='block_1_23' title="bbox 434 2215 2084 2292">
    <p class='ocr_par' dir='ltr' id='par_1_23' title="bbox 434 2215 2084 2292">
     <span class='ocr_line' id='line_1_24' title="bbox 434 2215 2084 2292; baseline 0 -16"><span class='ocrx_word' id='word_1_182' title='bbox 434 2223 556 2276; x_wconf 89' lang='lat' dir='ltr'><strong><em>tem</em></strong></span> <span class='ocrx_word' id='word_1_183' title='bbox 591 2233 721 2274; x_wconf 90' lang='lat' dir='ltr'><strong><em>esse</em></strong></span> <span class='ocrx_word' id='word_1_184' title='bbox 766 2216 1028 2289; x_wconf 89' lang='lat' dir='ltr'><strong><em>corporis</em></strong></span> <span class='ocrx_word' id='word_1_185' title='bbox 1071 2215 1257 2284; x_wconf 92' lang='lat' dir='ltr'><strong><em>locus,</em></strong></span> <span class='ocrx_word' id='word_1_186' title='bbox 1289 2217 1434 2273; x_wconf 91' lang='lat' dir='ltr'><strong><em>illud</em></strong></span> <span class='ocrx_word' id='word_1_187' title='bbox 1485 2218 1709 2292; x_wconf 87' lang='lat' dir='ltr'><strong><em>physici</em></strong></span> <span class='ocrx_word' id='word_1_188' title='bbox 1740 2221 1786 2254; x_wconf 78' lang='grc'><strong><em>²⁸</em></strong></span> <span class='ocrx_word' id='word_1_189' title='bbox 1833 2237 2084 2276; x_wconf 90' lang='lat' dir='ltr'><strong><em>vacuum</em></strong></span> 
     </span>
    </p>
   </div>
   <div class='ocr_carea' id='block_1_24' title="bbox 429 2306 2084 2381">
    <p class='ocr_par' dir='ltr' id='par_1_24' title="bbox 429 2306 2084 2381">
     <span class='ocr_line' id='line_1_25' title="bbox 429 2306 2084 2381; baseline 0.001 -16"><span class='ocrx_word' id='word_1_190' title='bbox 429 2307 759 2365; x_wconf 89' lang='lat' dir='ltr'><strong><em>nominant.</em></strong></span> <span class='ocrx_word' id='word_1_191' title='bbox 805 2308 1072 2361; x_wconf 81' lang='lat' dir='ltr'><strong><em>Vacuum</em></strong></span> <span class='ocrx_word' id='word_1_192' title='bbox 1121 2321 1376 2378; x_wconf 86' lang='lat' dir='ltr'><strong><em>namque</em></strong></span> <span class='ocrx_word' id='word_1_193' title='bbox 1403 2306 1598 2364; x_wconf 91' lang='lat' dir='ltr'><strong><em>locum</em></strong></span> <span class='ocrx_word' id='word_1_194' title='bbox 1647 2325 1886 2381; x_wconf 90' lang='lat' dir='ltr'><strong><em>corpore</em></strong></span> <span class='ocrx_word' id='word_1_195' title='bbox 1915 2311 2084 2366; x_wconf 90' lang='lat' dir='ltr'><strong><em>orba-</em></strong></span> 
     </span>
    </p>
   </div>
   <div class='ocr_carea' id='block_1_25' title="bbox 433 2399 902 2454">
    <p class='ocr_par' dir='ltr' id='par_1_25' title="bbox 433 2399 902 2454">
     <span class='ocr_line' id='line_1_26' title="bbox 433 2399 902 2454; baseline -0.011 0"><span class='ocrx_word' id='word_1_196' title='bbox 433 2401 564 2454; x_wconf 84' lang='lat' dir='ltr'><strong><em>tum</em></strong></span> <span class='ocrx_word' id='word_1_197' title='bbox 593 2399 902 2452; x_wconf 88' lang='lat' dir='ltr'><strong><em>noverunt.</em></strong></span> 
     </span>
    </p>
   </div>
   <div class='ocr_carea' id='block_1_26' title="bbox 496 2480 2086 2560">
    <p class='ocr_par' dir='ltr' id='par_1_26' title="bbox 496 2480 2086 2560">
     <span class='ocr_line' id='line_1_27' title="bbox 496 2480 2086 2560; baseline 0.003 -21"><span class='ocrx_word' id='word_1_198' title='bbox 496 2489 552 2540; x_wconf 88' lang='lat'><em>2.</em></span> <span class='ocrx_word' id='word_1_199' title='bbox 576 2483 775 2555; x_wconf 85' lang='lat' dir='ltr'><strong><em>Aliqui</em></strong></span> <span class='ocrx_word' id='word_1_200' title='bbox 802 2483 983 2556; x_wconf 83' lang='lat' dir='ltr'><strong><em>igitur</em></strong></span> <span class='ocrx_word' id='word_1_201' title='bbox 1012 2499 1226 2539; x_wconf 87' lang='lat' dir='ltr'><strong><em>nomen</em></strong></span> <span class='ocrx_word' id='word_1_202' title='bbox 1268 2480 1553 2541; x_wconf 67' lang='lat' dir='ltr'><strong><em>duntaiat</em></strong></span> <span class='ocrx_word' id='word_1_203' title='bbox 1583 2487 1778 2552; x_wconf 88' lang='lat' dir='ltr'><strong><em>inane,</em></strong></span> <span class='ocrx_word' id='word_1_204' title='bbox 1809 2488 2086 2560; x_wconf 88' lang='lat' dir='ltr'><strong><em>quodque</em></strong></span> 
     </span>
    </p>
   </div>
   <div class='ocr_carea' id='block_1_27' title="bbox 429 2572 2085 2648">
    <p class='ocr_par' dir='ltr' id='par_1_27' title="bbox 429 2572 2085 2648">
     <span class='ocr_line' id='line_1_28' title="bbox 429 2572 2085 2648; baseline 0.002 -19"><span class='ocrx_word' id='word_1_205' title='bbox 429 2573 577 2629; x_wconf 87' lang='lat' dir='ltr'><strong><em>nihil</em></strong></span> <span class='ocrx_word' id='word_1_206' title='bbox 611 2572 708 2640; x_wconf 88' lang='lat' dir='ltr'><strong><em>sit,</em></strong></span> <span class='ocrx_word' id='word_1_207' title='bbox 741 2589 994 2627; x_wconf 88' lang='lat' dir='ltr'><strong><em>vacuum</em></strong></span> <span class='ocrx_word' id='word_1_208' title='bbox 1027 2572 1342 2639; x_wconf 85' lang='lat' dir='ltr'><strong><em>dixerunt;</em></strong></span> <span class='ocrx_word' id='word_1_209' title='bbox 1393 2573 1573 2646; x_wconf 84' lang='lat' dir='ltr'><strong><em>aliqui</em></strong></span> <span class='ocrx_word' id='word_1_210' title='bbox 1607 2579 1804 2630; x_wconf 88' lang='lat' dir='ltr'><strong><em>autem</em></strong></span> <span class='ocrx_word' id='word_1_211' title='bbox 1835 2576 1893 2631; x_wconf 96' lang='lat' dir='ltr'><strong><em>id</em></strong></span> <span class='ocrx_word' id='word_1_212' title='bbox 1928 2577 2085 2648; x_wconf 89' lang='lat' dir='ltr'><strong><em>quod</em></strong></span> 
     </span>
    </p>
   </div>
   <div class='ocr_carea' id='block_1_28' title="bbox 429 2661 2087 2733">
    <p class='ocr_par' dir='ltr' id='par_1_28' title="bbox 429 2661 2087 2733">
     <span class='ocr_line' id='line_1_29' title="bbox 429 2661 2087 2733; baseline 0.001 -15"><span class='ocrx_word' id='word_1_213' title='bbox 429 2666 594 2719; x_wconf 81' lang='lat' dir='ltr'><strong><em>extra</em></strong></span> <span class='ocrx_word' id='word_1_214' title='bbox 640 2677 958 2717; x_wconf 84' lang='lat' dir='ltr'><strong><em>convexam</em></strong></span> <span class='ocrx_word' id='word_1_215' title='bbox 1007 2661 1182 2733; x_wconf 88' lang='lat' dir='ltr'><strong><em>primi</em></strong></span> <span class='ocrx_word' id='word_1_216' title='bbox 1231 2667 1288 2717; x_wconf 88' lang='lat' dir='ltr'><strong><em>et</em></strong></span> <span class='ocrx_word' id='word_1_217' title='bbox 1337 2679 1538 2718; x_wconf 85' lang='lat' dir='ltr'><strong><em>revera</em></strong></span> <span class='ocrx_word' id='word_1_218' title='bbox 1586 2663 1900 2720; x_wconf 86' lang='lat' dir='ltr'><strong><em>inerrantis</em></strong></span> <span class='ocrx_word' id='word_1_219' title='bbox 1959 2664 2087 2720; x_wconf 71' lang='lat' dir='ltr'><strong><em>coeli</em></strong></span> 
     </span>
    </p>
   </div>
   <div class='ocr_carea' id='block_1_29' title="bbox 431 2750 2086 2824">
    <p class='ocr_par' dir='ltr' id='par_1_29' title="bbox 431 2750 2086 2824">
     <span class='ocr_line' id='line_1_30' title="bbox 431 2750 2086 2824; baseline 0.002 -16"><span class='ocrx_word' id='word_1_220' title='bbox 431 2750 804 2824; x_wconf 80' lang='lat' dir='ltr'><strong><em>superficiem</em></strong></span> <span class='ocrx_word' id='word_1_221' title='bbox 862 2754 971 2818; x_wconf 89' lang='lat' dir='ltr'><strong><em>est,</em></strong></span> <span class='ocrx_word' id='word_1_222' title='bbox 1029 2767 1279 2806; x_wconf 90' lang='lat' dir='ltr'><strong><em>vacuum</em></strong></span> <span class='ocrx_word' id='word_1_223' title='bbox 1331 2753 1717 2823; x_wconf 89' lang='lat' dir='ltr'><strong><em>pronuntiant</em></strong></span> <span class='ocrx_word' id='word_1_224' title='bbox 1769 2771 1782 2809; x_wconf 91' lang='lat'><strong>:</strong></span> <span class='ocrx_word' id='word_1_225' title='bbox 1833 2771 2086 2810; x_wconf 89' lang='lat' dir='ltr'><strong><em>vacuum</em></strong></span> 
     </span>
    </p>
   </div>
   <div class='ocr_carea' id='block_1_30' title="bbox 431 2839 2086 2913">
    <p class='ocr_par' dir='ltr' id='par_1_30' title="bbox 431 2839 2086 2913">
     <span class='ocr_line' id='line_1_31' title="bbox 431 2839 2086 2913; baseline 0.002 -17"><span class='ocrx_word' id='word_1_226' title='bbox 431 2839 671 2913; x_wconf 88' lang='lat' dir='ltr'><strong><em>quidem</em></strong></span> <span class='ocrx_word' id='word_1_227' title='bbox 702 2855 963 2912; x_wconf 87' lang='lat' dir='ltr'><strong><em>corpore,</em></strong></span> <span class='ocrx_word' id='word_1_228' title='bbox 995 2856 1111 2896; x_wconf 90' lang='lat' dir='ltr'><strong><em>non</em></strong></span> <span class='ocrx_word' id='word_1_229' title='bbox 1141 2841 1258 2896; x_wconf 92' lang='lat' dir='ltr'><strong><em>Deo</em></strong></span> <span class='ocrx_word' id='word_1_230' title='bbox 1292 2857 1304 2896; x_wconf 91' lang='lat'><strong>:</strong></span> <span class='ocrx_word' id='word_1_231' title='bbox 1334 2841 1490 2897; x_wconf 89' lang='lat' dir='ltr'><strong><em>Deus</em></strong></span> <span class='ocrx_word' id='word_1_232' title='bbox 1540 2842 1697 2898; x_wconf 92' lang='lat' dir='ltr'><strong><em>enim</em></strong></span> <span class='ocrx_word' id='word_1_233' title='bbox 1728 2846 1921 2899; x_wconf 90' lang='lat' dir='ltr'><strong><em>totum</em></strong></span> <span class='ocrx_word' id='word_1_234' title='bbox 1954 2845 2086 2899; x_wconf 92' lang='lat' dir='ltr'><strong><em>uni-</em></strong></span> 
     </span>
    </p>
   </div>
   <div class='ocr_carea' id='block_1_31' title="bbox 427 2929 2086 3006">
    <p class='ocr_par' dir='ltr' id='par_1_31' title="bbox 427 2929 2086 3006">
     <span class='ocr_line' id='line_1_32' title="bbox 427 2929 2086 3006; baseline 0.001 -20"><span class='ocrx_word' id='word_1_235' title='bbox 427 2944 687 2995; x_wconf 82' lang='lat' dir='ltr'><strong><em>versum,</em></strong></span> <span class='ocrx_word' id='word_1_236' title='bbox 755 2929 878 2984; x_wconf 88' lang='lat' dir='ltr'><strong><em>sive</em></strong></span> <span class='ocrx_word' id='word_1_237' title='bbox 934 2929 1258 2997; x_wconf 89' lang='lat' dir='ltr'><strong><em>mundum,</em></strong></span> <span class='ocrx_word' id='word_1_238' title='bbox 1327 2934 1384 2986; x_wconf 91' lang='lat' dir='ltr'><strong><em>et</em></strong></span> <span class='ocrx_word' id='word_1_239' title='bbox 1460 2931 1616 3002; x_wconf 90' lang='lat' dir='ltr'><strong><em>quod</em></strong></span> <span class='ocrx_word' id='word_1_240' title='bbox 1675 2931 1829 2988; x_wconf 72' lang='lat'><strong><em>368</em></strong></span> <span class='ocrx_word' id='word_1_241' title='bbox 1905 2949 2086 3006; x_wconf 82' lang='lat' dir='ltr'><strong><em>supra</em></strong></span> 
     </span>
    </p>
   </div>
   <div class='ocr_carea' id='block_1_32' title="bbox 432 3018 2082 3094">
    <p class='ocr_par' dir='ltr' id='par_1_32' title="bbox 432 3018 2082 3094">
     <span class='ocr_line' id='line_1_33' title="bbox 432 3018 2082 3094; baseline 0.002 -19"><span class='ocrx_word' id='word_1_242' title='bbox 432 3018 775 3075; x_wconf 88' lang='lat' dir='ltr'><strong><em>universum</em></strong></span> <span class='ocrx_word' id='word_1_243' title='bbox 831 3021 941 3086; x_wconf 89' lang='lat' dir='ltr'><strong><em>est,</em></strong></span> <span class='ocrx_word' id='word_1_244' title='bbox 997 3018 1118 3074; x_wconf 87' lang='lat' dir='ltr'><strong><em>sive</em></strong></span> <span class='ocrx_word' id='word_1_245' title='bbox 1165 3021 1712 3090; x_wconf 88' lang='lat' dir='ltr'><strong><em>supramundanum</em></strong></span> <span class='ocrx_word' id='word_1_246' title='bbox 1781 3022 2082 3094; x_wconf 84' lang='lat' dir='ltr'><strong><em>[spatium]</em></strong></span> 
     </span>
    </p>
   </div>
   <div class='ocr_carea' id='block_1_33' title="bbox 433 3106 2084 3181">
    <p class='ocr_par' dir='ltr' id='par_1_33' title="bbox 433 3106 2084 3181">
     <span class='ocr_line' id='line_1_34' title="bbox 433 3106 2084 3181; baseline 0.002 -18"><span class='ocrx_word' id='word_1_247' title='bbox 433 3106 660 3179; x_wconf 86' lang='lat' dir='ltr'><strong><em>implet.</em></strong></span> <span class='ocrx_word' id='word_1_248' title='bbox 713 3107 830 3162; x_wconf 83' lang='lat' dir='ltr'><strong><em>Hoc</em></strong></span> <span class='ocrx_word' id='word_1_249' title='bbox 877 3107 1060 3179; x_wconf 81' lang='lat' dir='ltr'><strong><em>igitur</em></strong></span> <span class='ocrx_word' id='word_1_250' title='bbox 1108 3108 1262 3179; x_wconf 89' lang='lat' dir='ltr'><strong><em>quod</em></strong></span> <span class='ocrx_word' id='word_1_251' title='bbox 1315 3110 1785 3181; x_wconf 87' lang='lat' dir='ltr'><strong><em>supramundum</em></strong></span> <span class='ocrx_word' id='word_1_252' title='bbox 1833 3115 1944 3177; x_wconf 89' lang='lat' dir='ltr'><strong><em>est,</em></strong></span> <span class='ocrx_word' id='word_1_253' title='bbox 1985 3129 2084 3167; x_wconf 90' lang='lat' dir='ltr'><strong><em>va-</em></strong></span> 
     </span>
    </p>
   </div>
   <div class='ocr_carea' id='block_1_34' title="bbox 432 3195 2083 3272">
    <p class='ocr_par' dir='ltr' id='par_1_34' title="bbox 432 3195 2083 3272">
     <span class='ocr_line' id='line_1_35' title="bbox 432 3195 2083 3272; baseline 0.002 -20"><span class='ocrx_word' id='word_1_254' title='bbox 432 3211 610 3252; x_wconf 90' lang='lat' dir='ltr'><strong><em>cuum</em></strong></span> <span class='ocrx_word' id='word_1_255' title='bbox 667 3195 1124 3268; x_wconf 85' lang='lat' dir='ltr'><strong><em>pronuntiarunt</em></strong></span> <span class='ocrx_word' id='word_1_256' title='bbox 1174 3214 1187 3252; x_wconf 93' lang='lat'><strong>:</strong></span> <span class='ocrx_word' id='word_1_257' title='bbox 1239 3198 1396 3269; x_wconf 89' lang='lat' dir='ltr'><strong><em>quod</em></strong></span> <span class='ocrx_word' id='word_1_258' title='bbox 1445 3199 1698 3254; x_wconf 88' lang='lat' dir='ltr'><strong><em>maxime</em></strong></span> <span class='ocrx_word' id='word_1_259' title='bbox 1749 3203 1806 3254; x_wconf 93' lang='lat' dir='ltr'><strong><em>et</em></strong></span> <span class='ocrx_word' id='word_1_260' title='bbox 1852 3200 2083 3272; x_wconf 86' lang='lat' dir='ltr'><strong><em>proprie</em></strong></span> 
     </span>
    </p>
   </div>
   <div class='ocr_carea' id='block_1_35' title="bbox 2113 1952 2163 2018">
    <p class='ocr_par' dir='ltr' id='par_1_35' title="bbox 2113 1952 2163 2018">
     <span class='ocr_line' id='line_1_36' title="bbox 2113 1952 2163 2018; baseline 0 0"><span class='ocrx_word' id='word_1_261' title='bbox 2113 1952 2163 2018; x_wconf 92' lang='lat' dir='ltr'><strong>B</strong></span> 
     </span>
    </p>
   </div>
   <div class='ocr_carea' id='block_1_36' title="bbox 2806 1946 3222 2006">
    <p class='ocr_par' dir='ltr' id='par_1_36' title="bbox 2806 1946 3222 2006">
     <span class='ocr_line' id='line_1_37' title="bbox 2806 1946 3222 2006; baseline 0.01 -4"><span class='ocrx_word' id='word_1_262' title='bbox 2806 1949 3062 2004; x_wconf 79' lang='lat' dir='ltr'><strong><em>KE&lt;I&gt;AA.</em></strong></span> <span class='ocrx_word' id='word_1_263' title='bbox 3093 1946 3222 2006; x_wconf 75' lang='lat' dir='ltr'><strong><em>AA&#39;.</em></strong></span> 
     </span>
    </p>
   </div>
   <div class='ocr_carea' id='block_1_37' title="bbox 2848 2037 3184 2111">
    <p class='ocr_par' dir='ltr' id='par_1_37' title="bbox 2848 2037 3184 2111">
     <span class='ocr_line' id='line_1_38' title="bbox 2848 2037 3184 2111; baseline 0 -18"><span class='ocrx_word' id='word_1_264' title='bbox 2848 2037 2979 2111; x_wconf 86' lang='grc' dir='ltr'>Περὶ</span> <span class='ocrx_word' id='word_1_265' title='bbox 3008 2040 3184 2093; x_wconf 90' lang='grc' dir='ltr'>κενοῦ.</span> 
     </span>
    </p>
   </div>
   <div class='ocr_carea' id='block_1_38' title="bbox 2265 2121 3857 2200">
    <p class='ocr_par' dir='ltr' id='par_1_38' title="bbox 2265 2121 3857 2200">
     <span class='ocr_line' id='line_1_39' title="bbox 2265 2121 3857 2200; baseline -0.001 -18"><span class='ocrx_word' id='word_1_266' title='bbox 2265 2128 2329 2182; x_wconf 85' lang='grc' dir='ltr'><strong><em>α’.</em></strong></span> <span class='ocrx_word' id='word_1_267' title='bbox 2361 2128 2528 2191; x_wconf 84' lang='grc' dir='ltr'>Ἔνθα</span> <span class='ocrx_word' id='word_1_268' title='bbox 2575 2128 2652 2200; x_wconf 81' lang='grc' dir='ltr'>μὴ</span> <span class='ocrx_word' id='word_1_269' title='bbox 2703 2123 2842 2182; x_wconf 75' lang='grc' dir='ltr'>ἔστιν</span> <span class='ocrx_word' id='word_1_270' title='bbox 2898 2125 3044 2189; x_wconf 76' lang='grc' dir='ltr'>ὅλως</span> <span class='ocrx_word' id='word_1_271' title='bbox 3085 2146 3140 2180; x_wconf 93' lang='grc' dir='ltr'><strong><em>τι</em></strong></span> <span class='ocrx_word' id='word_1_272' title='bbox 3177 2129 3285 2180; x_wconf 81' lang='grc' dir='ltr'><strong><em>τῶν</em></strong></span> <span class='ocrx_word' id='word_1_273' title='bbox 3338 2121 3633 2196; x_wconf 69' lang='grc' dir='ltr'>σωμάτων,</span> <span class='ocrx_word' id='word_1_274' title='bbox 3683 2121 3857 2180; x_wconf 77' lang='grc' dir='ltr'>δύνα-</span> 
     </span>
    </p>
   </div>
   <div class='ocr_carea' id='block_1_39' title="bbox 2192 2213 3862 2292">
    <p class='ocr_par' dir='ltr' id='par_1_39' title="bbox 2192 2213 3862 2292">
     <span class='ocr_line' id='line_1_40' title="bbox 2192 2213 3862 2292; baseline -0.003 -20"><span class='ocrx_word' id='word_1_275' title='bbox 2192 2237 2280 2272; x_wconf 91' lang='grc' dir='ltr'><strong><em>ται</em></strong></span> <span class='ocrx_word' id='word_1_276' title='bbox 2340 2213 2398 2271; x_wconf 84' lang='grc' dir='ltr'><strong><em>δε</em></strong></span> <span class='ocrx_word' id='word_1_277' title='bbox 2453 2215 2697 2292; x_wconf 73' lang='grc' dir='ltr'>γενέσθαι</span> <span class='ocrx_word' id='word_1_278' title='bbox 2747 2217 3003 2291; x_wconf 84' lang='grc' dir='ltr'>σώματος</span> <span class='ocrx_word' id='word_1_279' title='bbox 3047 2214 3238 2280; x_wconf 84' lang='grc' dir='ltr'><strong><em>τόπος,</em></strong></span> <span class='ocrx_word' id='word_1_280' title='bbox 3288 2213 3461 2269; x_wconf 76' lang='grc' dir='ltr'>ἐκεῖνο</span> <span class='ocrx_word' id='word_1_281' title='bbox 3511 2214 3668 2269; x_wconf 86' lang='grc' dir='ltr'>κενὸν</span> <span class='ocrx_word' id='word_1_282' title='bbox 3722 2213 3862 2267; x_wconf 85' lang='grc' dir='ltr'>ὀνο-</span> 
     </span>
    </p>
   </div>
   <div class='ocr_carea' id='block_1_40' title="bbox 2198 2301 3865 2382">
    <p class='ocr_par' dir='ltr' id='par_1_40' title="bbox 2198 2301 3865 2382">
     <span class='ocr_line' id='line_1_41' title="bbox 2198 2301 3865 2382; baseline -0.001 -23"><span class='ocrx_word' id='word_1_283' title='bbox 2198 2301 2454 2377; x_wconf 82' lang='grc' dir='ltr'>μάζουσιν</span> <span class='ocrx_word' id='word_1_284' title='bbox 2480 2305 2532 2359; x_wconf 74' lang='grc' dir='ltr'>οἱ</span> <span class='ocrx_word' id='word_1_285' title='bbox 2562 2303 2798 2382; x_wconf 77' lang='grc' dir='ltr'>φυσικοί.</span> <span class='ocrx_word' id='word_1_286' title='bbox 2848 2303 3022 2360; x_wconf 86' lang='grc' dir='ltr'>Τόπον</span> <span class='ocrx_word' id='word_1_287' title='bbox 3053 2305 3158 2380; x_wconf 77' lang='grc' dir='ltr'>γὰρ</span> <span class='ocrx_word' id='word_1_288' title='bbox 3201 2302 3557 2379; x_wconf 73' lang='grc' dir='ltr'><strong><em>ἐστερημένον</em></strong></span> <span class='ocrx_word' id='word_1_289' title='bbox 3590 2304 3865 2376; x_wconf 86' lang='grc' dir='ltr'>σώματος</span> 
     </span>
    </p>
   </div>
   <div class='ocr_carea' id='block_1_41' title="bbox 2196 2390 2668 2452">
    <p class='ocr_par' dir='ltr' id='par_1_41' title="bbox 2196 2390 2668 2452">
     <span class='ocr_line' id='line_1_42' title="bbox 2196 2390 2668 2452; baseline 0.008 -4"><span class='ocrx_word' id='word_1_290' title='bbox 2196 2390 2370 2449; x_wconf 76' lang='grc' dir='ltr'>οἴδασι</span> <span class='ocrx_word' id='word_1_291' title='bbox 2399 2392 2463 2449; x_wconf 84' lang='grc' dir='ltr'>τὸ</span> <span class='ocrx_word' id='word_1_292' title='bbox 2491 2393 2642 2449; x_wconf 84' lang='grc' dir='ltr'>κενόν</span> <span class='ocrx_word' id='word_1_293' title='bbox 2653 2438 2668 2452; x_wconf 94' lang='grc'><strong><em>.</em></strong></span> 
     </span>
    </p>
   </div>
   <div class='ocr_carea' id='block_1_42' title="bbox 2271 2478 3861 2558">
    <p class='ocr_par' dir='ltr' id='par_1_42' title="bbox 2271 2478 3861 2558">
     <span class='ocr_line' id='line_1_43' title="bbox 2271 2478 3861 2558; baseline -0.001 -20"><span class='ocrx_word' id='word_1_294' title='bbox 2271 2483 2335 2558; x_wconf 87' lang='grc' dir='ltr'><strong><em>β’.</em></strong></span> <span class='ocrx_word' id='word_1_295' title='bbox 2367 2483 2513 2546; x_wconf 71' lang='grc' dir='ltr'>Τινὲς</span> <span class='ocrx_word' id='word_1_296' title='bbox 2576 2483 2670 2557; x_wconf 74' lang='grc' dir='ltr'>μὶν</span> <span class='ocrx_word' id='word_1_297' title='bbox 2731 2480 2823 2538; x_wconf 80' lang='grc' dir='ltr'>οὖν</span> <span class='ocrx_word' id='word_1_298' title='bbox 2879 2478 3054 2556; x_wconf 70' lang='grc' dir='ltr'>ὄνομα</span> <span class='ocrx_word' id='word_1_299' title='bbox 3112 2481 3275 2556; x_wconf 88' lang='grc' dir='ltr'>μόνον</span> <span class='ocrx_word' id='word_1_300' title='bbox 3320 2480 3476 2536; x_wconf 87' lang='grc' dir='ltr'>κεκόν</span> <span class='ocrx_word' id='word_1_301' title='bbox 3526 2502 3589 2536; x_wconf 89' lang='grc' dir='ltr'><strong><em>τε</em></strong></span> <span class='ocrx_word' id='word_1_302' title='bbox 3633 2481 3725 2537; x_wconf 78' lang='grc' dir='ltr'>καὶ</span> <span class='ocrx_word' id='word_1_303' title='bbox 3763 2484 3861 2537; x_wconf 81' lang='grc' dir='ltr'>ἀν-</span> 
     </span>
    </p>
   </div>
   <div class='ocr_carea' id='block_1_43' title="bbox 2197 2568 3863 2649">
    <p class='ocr_par' dir='ltr' id='par_1_43' title="bbox 2197 2568 3863 2649">
     <span class='ocr_line' id='line_1_44' title="bbox 2197 2568 3863 2649; baseline -0.001 -22"><span class='ocrx_word' id='word_1_304' title='bbox 2197 2573 2466 2649; x_wconf 81' lang='grc' dir='ltr'>ὗπαρκτον</span> <span class='ocrx_word' id='word_1_305' title='bbox 2499 2570 2720 2648; x_wconf 70' lang='grc' dir='ltr'>λέγουσι</span> <span class='ocrx_word' id='word_1_306' title='bbox 2767 2572 2830 2628; x_wconf 86' lang='grc' dir='ltr'>τὸ</span> <span class='ocrx_word' id='word_1_307' title='bbox 2877 2572 3055 2628; x_wconf 80' lang='grc' dir='ltr'>κεκόν⁶</span> <span class='ocrx_word' id='word_1_308' title='bbox 3084 2571 3225 2634; x_wconf 75' lang='grc' dir='ltr'>τινὲς</span> <span class='ocrx_word' id='word_1_309' title='bbox 3255 2569 3314 2626; x_wconf 70' lang='grc' dir='ltr'><strong><em>δὲ</em></strong></span> <span class='ocrx_word' id='word_1_310' title='bbox 3359 2571 3423 2626; x_wconf 85' lang='grc' dir='ltr'><strong><em>τὸ</em></strong></span> <span class='ocrx_word' id='word_1_311' title='bbox 3456 2568 3558 2644; x_wconf 80' lang='grc' dir='ltr'>ἔξω</span> <span class='ocrx_word' id='word_1_312' title='bbox 3585 2578 3691 2640; x_wconf 83' lang='grc' dir='ltr'><strong><em>τῆς</em></strong></span> <span class='ocrx_word' id='word_1_313' title='bbox 3723 2592 3863 2648; x_wconf 87' lang='grc' dir='ltr'>κυρ-</span> 
     </span>
    </p>
   </div>
   <div class='ocr_carea' id='block_1_44' title="bbox 2193 2660 3862 2740">
    <p class='ocr_par' dir='ltr' id='par_1_44' title="bbox 2193 2660 3862 2740">
     <span class='ocr_line' id='line_1_45' title="bbox 2193 2660 3862 2740; baseline 0 -24"><span class='ocrx_word' id='word_1_314' title='bbox 2193 2668 2297 2730; x_wconf 86' lang='grc' dir='ltr'><strong><em>τῆς</em></strong></span> <span class='ocrx_word' id='word_1_315' title='bbox 2368 2660 2675 2740; x_wconf 75' lang='grc' dir='ltr'>ἐπιφανείας</span> <span class='ocrx_word' id='word_1_316' title='bbox 2753 2665 2851 2716; x_wconf 90' lang='grc' dir='ltr'><strong><em>τοῦ</em></strong></span> <span class='ocrx_word' id='word_1_317' title='bbox 2934 2661 3156 2738; x_wconf 86' lang='grc' dir='ltr'>πρώτου</span> <span class='ocrx_word' id='word_1_318' title='bbox 3239 2660 3328 2715; x_wconf 82' lang='grc' dir='ltr'><strong><em>καὶ</em></strong></span> <span class='ocrx_word' id='word_1_319' title='bbox 3395 2661 3514 2715; x_wconf 89' lang='grc' dir='ltr'>κατ’</span> <span class='ocrx_word' id='word_1_320' title='bbox 3587 2660 3862 2732; x_wconf 78' lang='grc' dir='ltr'>ἀλήθειαν</span> 
     </span>
    </p>
   </div>
   <div class='ocr_carea' id='block_1_45' title="bbox 2196 2747 3863 2828">
    <p class='ocr_par' dir='ltr' id='par_1_45' title="bbox 2196 2747 3863 2828">
     <span class='ocr_line' id='line_1_46' title="bbox 2196 2747 3863 2828; baseline -0.001 -23"><span class='ocrx_word' id='word_1_321' title='bbox 2196 2748 2467 2814; x_wconf 80' lang='grc' dir='ltr'>ἀπλανοῦς</span> <span class='ocrx_word' id='word_1_322' title='bbox 2519 2751 2748 2825; x_wconf 83' lang='grc' dir='ltr'>οὐρανοῦ</span> <span class='ocrx_word' id='word_1_323' title='bbox 2799 2751 2950 2806; x_wconf 77' lang='grc' dir='ltr'>κενὸν</span> <span class='ocrx_word' id='word_1_324' title='bbox 2999 2747 3407 2828; x_wconf 79' lang='grc' dir='ltr'>ἀποφαίνονται·</span> <span class='ocrx_word' id='word_1_325' title='bbox 3456 2749 3610 2805; x_wconf 85' lang='grc' dir='ltr'>κενὸν</span> <span class='ocrx_word' id='word_1_326' title='bbox 3661 2751 3863 2824; x_wconf 84' lang='grc' dir='ltr'>σώμα-</span> 
     </span>
    </p>
   </div>
   <div class='ocr_carea' id='block_1_46' title="bbox 2194 2834 3862 2916">
    <p class='ocr_par' dir='ltr' id='par_1_46' title="bbox 2194 2834 3862 2916">
     <span class='ocr_line' id='line_1_47' title="bbox 2194 2834 3862 2916; baseline 0.001 -22"><span class='ocrx_word' id='word_1_327' title='bbox 2194 2861 2309 2910; x_wconf 89' lang='grc' dir='ltr'>τος,</span> <span class='ocrx_word' id='word_1_328' title='bbox 2341 2839 2404 2895; x_wconf 84' lang='grc' dir='ltr'>οὐ</span> <span class='ocrx_word' id='word_1_329' title='bbox 2451 2845 2605 2896; x_wconf 85' lang='grc' dir='ltr'>Θεοῦ·</span> <span class='ocrx_word' id='word_1_330' title='bbox 2654 2839 2716 2895; x_wconf 85' lang='grc' dir='ltr'>τὸ</span> <span class='ocrx_word' id='word_1_331' title='bbox 2765 2846 2867 2895; x_wconf 79' lang='grc' dir='ltr'><strong><em>πᾶν</em></strong></span> <span class='ocrx_word' id='word_1_332' title='bbox 2916 2841 3040 2916; x_wconf 77' lang='grc' dir='ltr'>γὰρ,</span> <span class='ocrx_word' id='word_1_333' title='bbox 3090 2837 3216 2908; x_wconf 71' lang='grc' dir='ltr'>ἤτοι</span> <span class='ocrx_word' id='word_1_334' title='bbox 3257 2840 3350 2894; x_wconf 90' lang='grc' dir='ltr'>τὸν</span> <span class='ocrx_word' id='word_1_335' title='bbox 3399 2834 3631 2911; x_wconf 79' lang='grc' dir='ltr'>κόσμον,</span> <span class='ocrx_word' id='word_1_336' title='bbox 3664 2841 3759 2894; x_wconf 81' lang='grc' dir='ltr'><strong><em>καὶ</em></strong></span> <span class='ocrx_word' id='word_1_337' title='bbox 3795 2840 3862 2895; x_wconf 83' lang='grc' dir='ltr'>τὸ</span> 
     </span>
    </p>
   </div>
   <div class='ocr_carea' id='block_1_47' title="bbox 2196 2925 3861 3004">
    <p class='ocr_par' dir='ltr' id='par_1_47' title="bbox 2196 2925 3861 3004">
     <span class='ocr_line' id='line_1_48' title="bbox 2196 2925 3861 3004; baseline 0.001 -20"><span class='ocrx_word' id='word_1_338' title='bbox 2196 2929 2328 3004; x_wconf 75' lang='grc' dir='ltr'>ὑπὲρ</span> <span class='ocrx_word' id='word_1_339' title='bbox 2390 2934 2518 3001; x_wconf 80' lang='grc' dir='ltr'>πᾶν,</span> <span class='ocrx_word' id='word_1_340' title='bbox 2575 2925 2701 2998; x_wconf 75' lang='grc' dir='ltr'>ἤτοι</span> <span class='ocrx_word' id='word_1_341' title='bbox 2757 2929 2820 2982; x_wconf 89' lang='grc' dir='ltr'><strong><em>τὸ</em></strong></span> <span class='ocrx_word' id='word_1_342' title='bbox 2879 2927 3245 3004; x_wconf 85' lang='grc' dir='ltr'>ὑπερκόσμιον</span> <span class='ocrx_word' id='word_1_343' title='bbox 3301 2925 3514 3002; x_wconf 85' lang='grc' dir='ltr'>πληροῖ</span> <span class='ocrx_word' id='word_1_344' title='bbox 3569 2929 3598 2982; x_wconf 84' lang='grc' dir='ltr'><strong>ὁ</strong></span> <span class='ocrx_word' id='word_1_345' title='bbox 3662 2927 3807 2990; x_wconf 83' lang='grc' dir='ltr'>Θεός</span> <span class='ocrx_word' id='word_1_346' title='bbox 3845 2973 3861 2986; x_wconf 94' lang='grc'><strong><em>.</em></strong></span> 
     </span>
    </p>
   </div>
   <div class='ocr_carea' id='block_1_48' title="bbox 2190 3015 3863 3096">
    <p class='ocr_par' dir='ltr' id='par_1_48' title="bbox 2190 3015 3863 3096">
     <span class='ocr_line' id='line_1_49' title="bbox 2190 3015 3863 3096; baseline 0 -24"><span class='ocrx_word' id='word_1_347' title='bbox 2190 3022 2358 3073; x_wconf 89' lang='grc' dir='ltr'>Τοῦτο</span> <span class='ocrx_word' id='word_1_348' title='bbox 2417 3016 2484 3087; x_wconf 81' lang='grc' dir='ltr'><strong><em>δὴ</em></strong></span> <span class='ocrx_word' id='word_1_349' title='bbox 2541 3018 2605 3073; x_wconf 85' lang='grc' dir='ltr'>τὸ</span> <span class='ocrx_word' id='word_1_350' title='bbox 2663 3016 3026 3094; x_wconf 88' lang='grc' dir='ltr'>ὑπερκόσμιον</span> <span class='ocrx_word' id='word_1_351' title='bbox 3083 3015 3278 3096; x_wconf 73' lang='grc' dir='ltr'>ἔφασαν</span> <span class='ocrx_word' id='word_1_352' title='bbox 3333 3015 3400 3072; x_wconf 86' lang='grc' dir='ltr'>τὸ</span> <span class='ocrx_word' id='word_1_353' title='bbox 3451 3015 3618 3071; x_wconf 85' lang='grc' dir='ltr'>κενόν’</span> <span class='ocrx_word' id='word_1_354' title='bbox 3671 3017 3701 3071; x_wconf 82' lang='grc' dir='ltr'><strong>ὃ</strong></span> <span class='ocrx_word' id='word_1_355' title='bbox 3744 3039 3863 3090; x_wconf 83' lang='grc' dir='ltr'>μα-</span> 
     </span>
    </p>
   </div>
   <div class='ocr_carea' id='block_1_49' title="bbox 2193 3103 3854 3178">
    <p class='ocr_par' dir='ltr' id='par_1_49' title="bbox 2193 3103 3854 3178">
     <span class='ocr_line' id='line_1_50' title="bbox 2193 3103 3854 3178; baseline -0.002 -16"><span class='ocrx_word' id='word_1_356' title='bbox 2193 3105 2353 3162; x_wconf 85' lang='grc' dir='ltr'>λιστα</span> <span class='ocrx_word' id='word_1_357' title='bbox 2403 3107 2492 3162; x_wconf 91' lang='grc' dir='ltr'><strong><em>καὶ</em></strong></span> <span class='ocrx_word' id='word_1_358' title='bbox 2564 3106 2731 3162; x_wconf 91' lang='grc' dir='ltr'>τόπον</span> <span class='ocrx_word' id='word_1_359' title='bbox 2803 3103 2956 3169; x_wconf 77' lang='grc' dir='ltr'>ΐδίως</span> <span class='ocrx_word' id='word_1_360' title='bbox 3029 3106 3179 3162; x_wconf 78' lang='grc' dir='ltr'>εἶπον</span> <span class='ocrx_word' id='word_1_361' title='bbox 3237 3105 3374 3162; x_wconf 82' lang='grc' dir='ltr'>εἶναι</span> <span class='ocrx_word' id='word_1_362' title='bbox 3433 3104 3594 3178; x_wconf 84' lang='grc' dir='ltr'>μόνου</span> <span class='ocrx_word' id='word_1_363' title='bbox 3651 3109 3797 3160; x_wconf 88' lang='grc' dir='ltr'>Θεοῦ</span> <span class='ocrx_word' id='word_1_364' title='bbox 3835 3125 3854 3140; x_wconf 81' lang='grc' dir='ltr'><strong>ο</strong></span> 
     </span>
    </p>
   </div>
   <div class='ocr_carea' id='block_1_50' title="bbox 2191 3192 3869 3273">
    <p class='ocr_par' dir='ltr' id='par_1_50' title="bbox 2191 3192 3869 3273">
     <span class='ocr_line' id='line_1_51' title="bbox 2191 3192 3869 3273; baseline 0 -22"><span class='ocrx_word' id='word_1_365' title='bbox 2191 3195 2413 3273; x_wconf 82' lang='grc' dir='ltr'>ἀπείρου</span> <span class='ocrx_word' id='word_1_366' title='bbox 2491 3192 2711 3271; x_wconf 77' lang='grc' dir='ltr'>ἄπειρον</span> <span class='ocrx_word' id='word_1_367' title='bbox 2740 3242 2756 3269; x_wconf 84' lang='grc'><strong><em>,</em></strong></span> <span class='ocrx_word' id='word_1_368' title='bbox 2829 3193 2920 3251; x_wconf 75' lang='grc' dir='ltr'>καῖ</span> <span class='ocrx_word' id='word_1_369' title='bbox 3001 3195 3294 3270; x_wconf 85' lang='grc' dir='ltr'>ἀσωμάτου</span> <span class='ocrx_word' id='word_1_370' title='bbox 3378 3195 3709 3269; x_wconf 79' lang='grc' dir='ltr'>ἀσώματον,</span> <span class='ocrx_word' id='word_1_371' title='bbox 3761 3195 3869 3251; x_wconf 78' lang='grc' dir='ltr'><strong><em>καὶ</em></strong></span> 
     </span>
    </p>
   </div>
   <div class='ocr_carea' id='block_1_51' title="bbox 432 3282 2086 3386">
    <p class='ocr_par' dir='ltr' id='par_1_51' title="bbox 432 3282 2082 3356">
     <span class='ocr_line' id='line_1_52' title="bbox 432 3282 2082 3356; baseline 0.004 -17"><span class='ocrx_word' id='word_1_372' title='bbox 432 3283 630 3340; x_wconf 90' lang='lat' dir='ltr'><strong><em>locum</em></strong></span> <span class='ocrx_word' id='word_1_373' title='bbox 678 3282 864 3340; x_wconf 90' lang='lat' dir='ltr'><strong><em>solius</em></strong></span> <span class='ocrx_word' id='word_1_374' title='bbox 912 3283 1016 3339; x_wconf 89' lang='lat' dir='ltr'><strong><em>Dei</em></strong></span> <span class='ocrx_word' id='word_1_375' title='bbox 1064 3301 1193 3341; x_wconf 90' lang='lat' dir='ltr'><strong><em>esse</em></strong></span> <span class='ocrx_word' id='word_1_376' title='bbox 1240 3285 1560 3355; x_wconf 86' lang='lat' dir='ltr'><strong><em>dixerunt;</em></strong></span> <span class='ocrx_word' id='word_1_377' title='bbox 1609 3286 1848 3356; x_wconf 84' lang='lat' dir='ltr'><strong><em>inﬁniti,</em></strong></span> <span class='ocrx_word' id='word_1_378' title='bbox 1882 3289 2082 3344; x_wconf 84' lang='lat' dir='ltr'><strong><em>infini-</em></strong></span> 
     </span>
    </p>
   </div>
   <div class='ocr_carea' id='block_1_52' title="bbox 2207 3282 2690 3386">
    <p class='ocr_par' dir='ltr' id='par_1_52' title="bbox 2207 3284 2690 3342">
     <span class='ocr_line' id='line_1_53' title="bbox 2207 3284 2690 3342; baseline 0 -2"><span class='ocrx_word' id='word_1_379' title='bbox 2207 3286 2330 3340; x_wconf 72' lang='grc' dir='ltr'>ιὶων</span> <span class='ocrx_word' id='word_1_380' title='bbox 2342 3285 2422 3342; x_wconf 86' lang='grc' dir='ltr'><strong><em>ίου</em></strong></span> <span class='ocrx_word' id='word_1_381' title='bbox 2451 3284 2585 3340; x_wconf 75' lang='grc' dir='ltr'>αἴών</span> <span class='ocrx_word' id='word_1_382' title='bbox 2597 3306 2690 3340; x_wconf 93' lang='grc' dir='ltr'>ιον.</span> 
     </span>
    </p>
   </div>
   <div class='ocr_carea' id='block_1_53' title="bbox 428 3372 2088 3447">
    <p class='ocr_par' dir='ltr' id='par_1_53' title="bbox 428 3372 2088 3447">
     <span class='ocr_line' id='line_1_54' title="bbox 428 3372 2088 3447; baseline 0.004 -18"><span class='ocrx_word' id='word_1_383' title='bbox 428 3376 600 3441; x_wconf 89' lang='lat' dir='ltr'><strong><em>tum;</em></strong></span> <span class='ocrx_word' id='word_1_384' title='bbox 632 3375 691 3428; x_wconf 87' lang='lat' dir='ltr'><strong><em>et</em></strong></span> <span class='ocrx_word' id='word_1_385' title='bbox 727 3372 1543 3447; x_wconf 89' lang='lat' dir='ltr'><strong><em>incorporei,incorp0reum;</em></strong></span> <span class='ocrx_word' id='word_1_386' title='bbox 1576 3379 1633 3432; x_wconf 91' lang='lat' dir='ltr'><strong><em>et</em></strong></span> <span class='ocrx_word' id='word_1_387' title='bbox 1662 3375 1883 3446; x_wconf 73' lang='lat' dir='ltr'><strong><em>aaterni,</em></strong></span> <span class='ocrx_word' id='word_1_388' title='bbox 1917 3382 2088 3435; x_wconf 66' lang='lat' dir='ltr'><strong><em>aeter-</em></strong></span> 
     </span>
    </p>
   </div>
   <div class='ocr_carea' id='block_1_54' title="bbox 429 3477 600 3516">
    <p class='ocr_par' dir='ltr' id='par_1_54' title="bbox 429 3477 600 3516">
     <span class='ocr_line' id='line_1_55' title="bbox 429 3477 600 3516; baseline 0 0"><span class='ocrx_word' id='word_1_389' title='bbox 429 3477 600 3516; x_wconf 89' lang='lat' dir='ltr'><strong><em>num.</em></strong></span> 
     </span>
    </p>
   </div>
   <div class='ocr_carea' id='block_1_55' title="bbox 497 3547 2091 3624">
    <p class='ocr_par' dir='ltr' id='par_1_55' title="bbox 497 3547 2091 3624">
     <span class='ocr_line' id='line_1_56' title="bbox 497 3547 2091 3624; baseline 0.004 -21"><span class='ocrx_word' id='word_1_390' title='bbox 497 3549 553 3604; x_wconf 93' lang='lat'><strong><em>3.</em></strong></span> <span class='ocrx_word' id='word_1_391' title='bbox 609 3547 748 3606; x_wconf 89' lang='lat' dir='ltr'><strong><em>Tale</em></strong></span> <span class='ocrx_word' id='word_1_392' title='bbox 798 3549 1039 3621; x_wconf 91' lang='lat' dir='ltr'><strong><em>quidem</em></strong></span> <span class='ocrx_word' id='word_1_393' title='bbox 1082 3551 1266 3624; x_wconf 89' lang='lat' dir='ltr'><strong><em>igitur</em></strong></span> <span class='ocrx_word' id='word_1_394' title='bbox 1293 3552 1338 3586; x_wconf 81' lang='grc'><strong><em>²⁹</em></strong></span> <span class='ocrx_word' id='word_1_395' title='bbox 1365 3551 1425 3607; x_wconf 92' lang='lat' dir='ltr'><strong><em>in</em></strong></span> <span class='ocrx_word' id='word_1_396' title='bbox 1458 3553 1682 3609; x_wconf 91' lang='lat' dir='ltr'><strong><em>mundo</em></strong></span> <span class='ocrx_word' id='word_1_397' title='bbox 1710 3570 1825 3609; x_wconf 92' lang='lat' dir='ltr'><strong><em>non</em></strong></span> <span class='ocrx_word' id='word_1_398' title='bbox 1877 3562 1967 3610; x_wconf 89' lang='lat' dir='ltr'><strong><em>est</em></strong></span> <span class='ocrx_word' id='word_1_399' title='bbox 1993 3571 2091 3610; x_wconf 86' lang='lat' dir='ltr'><strong><em>va-</em></strong></span> 
     </span>
    </p>
   </div>
   <div class='ocr_carea' id='block_1_56' title="bbox 433 3637 2089 3713">
    <p class='ocr_par' dir='ltr' id='par_1_56' title="bbox 433 3637 2089 3713">
     <span class='ocr_line' id='line_1_57' title="bbox 433 3637 2089 3713; baseline 0.004 -19"><span class='ocrx_word' id='word_1_400' title='bbox 433 3653 635 3694; x_wconf 90' lang='lat' dir='ltr'><strong><em>cuum.</em></strong></span> <span class='ocrx_word' id='word_1_401' title='bbox 692 3637 1050 3712; x_wconf 87' lang='lat' dir='ltr'><strong><em>Corporibus</em></strong></span> <span class='ocrx_word' id='word_1_402' title='bbox 1099 3641 1256 3696; x_wconf 91' lang='lat' dir='ltr'><strong><em>enim</em></strong></span> <span class='ocrx_word' id='word_1_403' title='bbox 1315 3642 1579 3713; x_wconf 88' lang='lat' dir='ltr'><strong><em>cognatis</em></strong></span> <span class='ocrx_word' id='word_1_404' title='bbox 1626 3642 1876 3699; x_wconf 85' lang='lat' dir='ltr'><strong><em>invicem</em></strong></span> <span class='ocrx_word' id='word_1_405' title='bbox 1930 3647 2089 3700; x_wconf 91' lang='lat' dir='ltr'><strong><em>totus</em></strong></span> 
     </span>
    </p>
   </div>
   <div class='ocr_carea' id='block_1_57' title="bbox 433 3727 2091 3806">
    <p class='ocr_par' dir='ltr' id='par_1_57' title="bbox 433 3727 2091 3806">
     <span class='ocr_line' id='line_1_58' title="bbox 433 3727 2091 3806; baseline 0.004 -22"><span class='ocrx_word' id='word_1_406' title='bbox 433 3727 695 3784; x_wconf 89' lang='lat' dir='ltr'><strong><em>mundus</em></strong></span> <span class='ocrx_word' id='word_1_407' title='bbox 726 3727 987 3800; x_wconf 90' lang='lat' dir='ltr'><strong><em>repletus</em></strong></span> <span class='ocrx_word' id='word_1_408' title='bbox 1017 3733 1124 3784; x_wconf 87' lang='lat' dir='ltr'><strong><em>est.</em></strong></span> <span class='ocrx_word' id='word_1_409' title='bbox 1150 3729 1373 3802; x_wconf 88' lang='lat' dir='ltr'><strong><em>Quippe</em></strong></span> <span class='ocrx_word' id='word_1_410' title='bbox 1394 3729 1504 3786; x_wconf 92' lang='lat' dir='ltr'><strong><em>hoc</em></strong></span> <span class='ocrx_word' id='word_1_411' title='bbox 1536 3732 1795 3788; x_wconf 88' lang='lat' dir='ltr'><strong><em>mundus</em></strong></span> <span class='ocrx_word' id='word_1_412' title='bbox 1826 3737 1915 3788; x_wconf 92' lang='lat' dir='ltr'><strong><em>est</em></strong></span> <span class='ocrx_word' id='word_1_413' title='bbox 1935 3734 2091 3806; x_wconf 90' lang='lat' dir='ltr'><strong><em>quod</em></strong></span> 
     </span>
    </p>
   </div>
   <div class='ocr_carea' id='block_1_58' title="bbox 430 3816 2093 3893">
    <p class='ocr_par' dir='ltr' id='par_1_58' title="bbox 430 3816 2093 3893">
     <span class='ocr_line' id='line_1_59' title="bbox 430 3816 2093 3893; baseline 0.005 -23"><span class='ocrx_word' id='word_1_414' title='bbox 430 3831 501 3871; x_wconf 85' lang='lat' dir='ltr'><strong><em>ex</em></strong></span> <span class='ocrx_word' id='word_1_415' title='bbox 558 3816 702 3871; x_wconf 78' lang='lat' dir='ltr'><strong><em>coelo</em></strong></span> <span class='ocrx_word' id='word_1_416' title='bbox 753 3819 810 3872; x_wconf 90' lang='lat' dir='ltr'><strong><em>et</em></strong></span> <span class='ocrx_word' id='word_1_417' title='bbox 850 3819 1026 3884; x_wconf 86' lang='lat' dir='ltr'><strong><em>terra,</em></strong></span> <span class='ocrx_word' id='word_1_418' title='bbox 1081 3821 1138 3872; x_wconf 88' lang='lat' dir='ltr'><strong><em>et</em></strong></span> <span class='ocrx_word' id='word_1_419' title='bbox 1194 3818 1562 3876; x_wconf 88' lang='lat' dir='ltr'><strong><em>intermediis</em></strong></span> <span class='ocrx_word' id='word_1_420' title='bbox 1622 3821 1768 3893; x_wconf 88' lang='lat' dir='ltr'><strong><em>igni,</em></strong></span> <span class='ocrx_word' id='word_1_421' title='bbox 1825 3838 1978 3888; x_wconf 90' lang='lat' dir='ltr'><strong><em>aere,</em></strong></span> <span class='ocrx_word' id='word_1_422' title='bbox 2035 3827 2093 3878; x_wconf 89' lang='lat' dir='ltr'><strong><em>et</em></strong></span> 
     </span>
    </p>
   </div>
   <div class='ocr_carea' id='block_1_59' title="bbox 432 3905 2093 3984">
    <p class='ocr_par' dir='ltr' id='par_1_59' title="bbox 432 3905 2093 3984">
     <span class='ocr_line' id='line_1_60' title="bbox 432 3905 2093 3984; baseline 0.005 -24"><span class='ocrx_word' id='word_1_423' title='bbox 432 3921 610 3976; x_wconf 88' lang='lat' dir='ltr'><strong><em>aqua,</em></strong></span> <span class='ocrx_word' id='word_1_424' title='bbox 643 3905 1028 3962; x_wconf 87' lang='lat' dir='ltr'><strong><em>constitutum</em></strong></span> <span class='ocrx_word' id='word_1_425' title='bbox 1061 3911 1118 3962; x_wconf 91' lang='lat' dir='ltr'><strong><em>et</em></strong></span> <span class='ocrx_word' id='word_1_426' title='bbox 1147 3913 1485 3964; x_wconf 90' lang='lat' dir='ltr'><strong><em>concretum</em></strong></span> <span class='ocrx_word' id='word_1_427' title='bbox 1515 3914 1625 3974; x_wconf 89' lang='lat' dir='ltr'><strong><em>est,</em></strong></span> <span class='ocrx_word' id='word_1_428' title='bbox 1658 3915 1714 3966; x_wconf 93' lang='lat' dir='ltr'><strong><em>et</em></strong></span> <span class='ocrx_word' id='word_1_429' title='bbox 1745 3913 2093 3984; x_wconf 86' lang='lat' dir='ltr'><strong><em>cognatione</em></strong></span> 
     </span>
    </p>
   </div>
   <div class='ocr_carea' id='block_1_60' title="bbox 433 3994 2092 4072">
    <p class='ocr_par' dir='ltr' id='par_1_60' title="bbox 433 3994 2092 4072">
     <span class='ocr_line' id='line_1_61' title="bbox 433 3994 2092 4072; baseline 0.005 -24"><span class='ocrx_word' id='word_1_430' title='bbox 433 3994 696 4066; x_wconf 88' lang='lat' dir='ltr'><strong><em>adeoque</em></strong></span> <span class='ocrx_word' id='word_1_431' title='bbox 745 3994 1054 4051; x_wconf 89' lang='lat' dir='ltr'><strong><em>harmonia</em></strong></span> <span class='ocrx_word' id='word_1_432' title='bbox 1111 3997 1366 4068; x_wconf 89' lang='lat' dir='ltr'><strong><em>quadam</em></strong></span> <span class='ocrx_word' id='word_1_433' title='bbox 1420 3999 1736 4056; x_wconf 88' lang='lat' dir='ltr'><strong><em>conﬂatum</em></strong></span> <span class='ocrx_word' id='word_1_434' title='bbox 1783 4017 1796 4056; x_wconf 93' lang='lat'><strong>:</strong></span> <span class='ocrx_word' id='word_1_435' title='bbox 1849 4001 2092 4072; x_wconf 87' lang='lat' dir='ltr'><strong><em>dignum</em></strong></span> 
     </span>
    </p>
   </div>
   <div class='ocr_carea' id='block_1_61' title="bbox 435 4082 2092 4162">
    <p class='ocr_par' dir='ltr' id='par_1_61' title="bbox 435 4082 2092 4162">
     <span class='ocr_line' id='line_1_62' title="bbox 435 4082 2092 4162; baseline 0.005 -25"><span class='ocrx_word' id='word_1_436' title='bbox 435 4084 590 4155; x_wconf 90' lang='lat' dir='ltr'><strong><em>quod</em></strong></span> <span class='ocrx_word' id='word_1_437' title='bbox 625 4099 658 4138; x_wconf 90' lang='lat' dir='ltr'><strong><em>a</em></strong></span> <span class='ocrx_word' id='word_1_438' title='bbox 703 4082 828 4151; x_wconf 88' lang='lat' dir='ltr'><strong><em>tali,</em></strong></span> <span class='ocrx_word' id='word_1_439' title='bbox 862 4084 1290 4156; x_wconf 87' lang='lat' dir='ltr'><strong><em>omnisapiente</em></strong></span> <span class='ocrx_word' id='word_1_440' title='bbox 1339 4086 1563 4144; x_wconf 90' lang='lat' dir='ltr'><strong><em>scilicet</em></strong></span> <span class='ocrx_word' id='word_1_441' title='bbox 1591 4093 1648 4144; x_wconf 92' lang='lat' dir='ltr'><strong><em>et</em></strong></span> <span class='ocrx_word' id='word_1_442' title='bbox 1694 4090 2092 4162; x_wconf 86' lang='lat' dir='ltr'><strong><em>omnipotente</em></strong></span> 
     </span>
    </p>
   </div>
   <div class='ocr_carea' id='block_1_62' title="bbox 432 4171 2093 4251">
    <p class='ocr_par' dir='ltr' id='par_1_62' title="bbox 432 4171 2093 4251">
     <span class='ocr_line' id='line_1_63' title="bbox 432 4171 2093 4251; baseline 0.006 -25"><span class='ocrx_word' id='word_1_443' title='bbox 432 4171 742 4228; x_wconf 84' lang='lat' dir='ltr'><strong><em>Conditore</em></strong></span> <span class='ocrx_word' id='word_1_444' title='bbox 780 4173 1134 4244; x_wconf 89' lang='lat' dir='ltr'><strong><em>productum</em></strong></span> <span class='ocrx_word' id='word_1_445' title='bbox 1167 4173 1283 4242; x_wconf 89' lang='lat' dir='ltr'><strong><em>sit;</em></strong></span> <span class='ocrx_word' id='word_1_446' title='bbox 1317 4191 1350 4230; x_wconf 90' lang='lat' dir='ltr'><strong><em>a</em></strong></span> <span class='ocrx_word' id='word_1_447' title='bbox 1380 4191 1496 4247; x_wconf 90' lang='lat' dir='ltr'><strong><em>quo</em></strong></span> <span class='ocrx_word' id='word_1_448' title='bbox 1531 4177 1708 4234; x_wconf 89' lang='lat' dir='ltr'><strong><em>etiam</em></strong></span> <span class='ocrx_word' id='word_1_449' title='bbox 1752 4194 1818 4234; x_wconf 82' lang='lat' dir='ltr'><strong><em>ex</em></strong></span> <span class='ocrx_word' id='word_1_450' title='bbox 1850 4196 2093 4251; x_wconf 86' lang='lat' dir='ltr'><strong><em>prorsus</em></strong></span> 
     </span>
    </p>
   </div>
   <div class='ocr_carea' id='block_1_63' title="bbox 431 4259 2092 4334">
    <p class='ocr_par' dir='ltr' id='par_1_63' title="bbox 431 4259 2092 4334">
     <span class='ocr_line' id='line_1_64' title="bbox 431 4259 2092 4334; baseline 0.005 -18"><span class='ocrx_word' id='word_1_451' title='bbox 431 4259 616 4317; x_wconf 91' lang='lat' dir='ltr'><strong><em>nihilo</em></strong></span> <span class='ocrx_word' id='word_1_452' title='bbox 647 4261 956 4317; x_wconf 90' lang='lat' dir='ltr'><strong><em>conditum</em></strong></span> <span class='ocrx_word' id='word_1_453' title='bbox 988 4267 1045 4318; x_wconf 88' lang='lat' dir='ltr'><strong><em>et</em></strong></span> <span class='ocrx_word' id='word_1_454' title='bbox 1068 4263 1129 4318; x_wconf 91' lang='lat' dir='ltr'><strong><em>in</em></strong></span> <span class='ocrx_word' id='word_1_455' title='bbox 1152 4263 1308 4318; x_wconf 91' lang='lat' dir='ltr'><strong><em>hunc</em></strong></span> <span class='ocrx_word' id='word_1_456' title='bbox 1338 4265 1802 4334; x_wconf 90' lang='lat' dir='ltr'><strong><em>pulcherrimum</em></strong></span> <span class='ocrx_word' id='word_1_457' title='bbox 1824 4269 2092 4326; x_wconf 88' lang='lat' dir='ltr'><strong><em>ordinem</em></strong></span> 
     </span>
    </p>
   </div>
   <div class='ocr_carea' id='block_1_64' title="bbox 431 4348 2092 4430">
    <p class='ocr_par' dir='ltr' id='par_1_64' title="bbox 431 4348 2092 4430">
     <span class='ocr_line' id='line_1_65' title="bbox 431 4348 2092 4430; baseline 0.006 -26"><span class='ocrx_word' id='word_1_458' title='bbox 431 4348 728 4422; x_wconf 88' lang='lat' dir='ltr'><strong><em>digestum</em></strong></span> <span class='ocrx_word' id='word_1_459' title='bbox 775 4355 885 4407; x_wconf 88' lang='lat' dir='ltr'><strong><em>est.</em></strong></span> <span class='ocrx_word' id='word_1_460' title='bbox 929 4354 1118 4416; x_wconf 87' lang='lat' dir='ltr'><strong><em>Quare</em></strong></span> <span class='ocrx_word' id='word_1_461' title='bbox 1163 4369 1416 4410; x_wconf 85' lang='lat' dir='ltr'><strong><em>vacuum</em></strong></span> <span class='ocrx_word' id='word_1_462' title='bbox 1465 4355 1526 4410; x_wconf 91' lang='lat' dir='ltr'><strong><em>in</em></strong></span> <span class='ocrx_word' id='word_1_463' title='bbox 1581 4357 1802 4413; x_wconf 90' lang='lat' dir='ltr'><strong><em>mundo</em></strong></span> <span class='ocrx_word' id='word_1_464' title='bbox 1849 4373 2092 4430; x_wconf 89' lang='lat' dir='ltr'><strong><em>prorsus</em></strong></span> 
     </span>
    </p>
   </div>
   <div class='ocr_carea' id='block_1_65' title="bbox 435 4435 809 4493">
    <p class='ocr_par' dir='ltr' id='par_1_65' title="bbox 435 4435 809 4493">
     <span class='ocr_line' id='line_1_66' title="bbox 435 4435 809 4493; baseline 0.005 -2"><span class='ocrx_word' id='word_1_465' title='bbox 435 4435 666 4492; x_wconf 90' lang='lat' dir='ltr'><strong><em>nullum</em></strong></span> <span class='ocrx_word' id='word_1_466' title='bbox 697 4441 809 4493; x_wconf 89' lang='lat' dir='ltr'><strong><em>est.</em></strong></span> 
     </span>
    </p>
   </div>
   <div class='ocr_carea' id='block_1_66' title="bbox 505 4525 2091 4589">
    <p class='ocr_par' dir='ltr' id='par_1_66' title="bbox 505 4525 2091 4589">
     <span class='ocr_line' id='line_1_67' title="bbox 505 4525 2091 4589; baseline 0.006 -9"><span class='ocrx_word' id='word_1_467' title='bbox 505 4525 560 4581; x_wconf 83' lang='grc'><strong>4.</strong></span> <span class='ocrx_word' id='word_1_468' title='bbox 594 4526 654 4582; x_wconf 91' lang='lat' dir='ltr'><strong><em>Si</em></strong></span> <span class='ocrx_word' id='word_1_469' title='bbox 684 4526 842 4582; x_wconf 89' lang='lat' dir='ltr'><strong><em>enim</em></strong></span> <span class='ocrx_word' id='word_1_470' title='bbox 872 4527 918 4562; x_wconf 79' lang='grc' dir='ltr'><strong><em>⁸ο</em></strong></span> <span class='ocrx_word' id='word_1_471' title='bbox 947 4526 1141 4583; x_wconf 91' lang='lat' dir='ltr'><strong><em>ullum</em></strong></span> <span class='ocrx_word' id='word_1_472' title='bbox 1185 4529 1427 4586; x_wconf 88' lang='lat' dir='ltr'><strong><em>omnino</em></strong></span> <span class='ocrx_word' id='word_1_473' title='bbox 1467 4531 1528 4586; x_wconf 91' lang='lat' dir='ltr'><strong><em>in</em></strong></span> <span class='ocrx_word' id='word_1_474' title='bbox 1575 4533 1797 4588; x_wconf 89' lang='lat' dir='ltr'><strong><em>mundo</em></strong></span> <span class='ocrx_word' id='word_1_475' title='bbox 1838 4550 2091 4589; x_wconf 89' lang='lat' dir='ltr'><strong><em>vacuum</em></strong></span> 
     </span>
    </p>
   </div>
   <div class='ocr_carea' id='block_1_67' title="bbox 437 4615 2089 4690">
    <p class='ocr_par' dir='ltr' id='par_1_67' title="bbox 437 4615 2089 4690">
     <span class='ocr_line' id='line_1_68' title="bbox 437 4615 2089 4690; baseline 0.005 -21"><span class='ocrx_word' id='word_1_476' title='bbox 437 4618 630 4684; x_wconf 88' lang='lat' dir='ltr'><strong><em>esset;</em></strong></span> <span class='ocrx_word' id='word_1_477' title='bbox 665 4631 768 4670; x_wconf 91' lang='lat' dir='ltr'><strong><em>nec</em></strong></span> <span class='ocrx_word' id='word_1_478' title='bbox 799 4615 1000 4687; x_wconf 90' lang='lat' dir='ltr'><strong><em>aliqua</em></strong></span> <span class='ocrx_word' id='word_1_479' title='bbox 1028 4618 1235 4673; x_wconf 88' lang='lat' dir='ltr'><strong><em>mundi</em></strong></span> <span class='ocrx_word' id='word_1_480' title='bbox 1281 4620 1538 4690; x_wconf 80' lang='lat' dir='ltr'><strong><em>partium</em></strong></span> <span class='ocrx_word' id='word_1_481' title='bbox 1569 4620 1722 4676; x_wconf 85' lang='lat' dir='ltr'><strong><em>inter</em></strong></span> <span class='ocrx_word' id='word_1_482' title='bbox 1751 4638 1812 4678; x_wconf 90' lang='lat' dir='ltr'><strong><em>se</em></strong></span> <span class='ocrx_word' id='word_1_483' title='bbox 1839 4620 2089 4678; x_wconf 87' lang='lat' dir='ltr'><strong><em>invicem</em></strong></span> 
     </span>
    </p>
   </div>
   <div class='ocr_carea' id='block_1_68' title="bbox 438 4704 2092 4781">
    <p class='ocr_par' dir='ltr' id='par_1_68' title="bbox 438 4704 2092 4781">
     <span class='ocr_line' id='line_1_69' title="bbox 438 4704 2092 4781; baseline 0.004 -21"><span class='ocrx_word' id='word_1_484' title='bbox 438 4704 800 4760; x_wconf 85' lang='lat' dir='ltr'><strong><em>continuatio</em></strong></span> <span class='ocrx_word' id='word_1_485' title='bbox 878 4707 1330 4778; x_wconf 88' lang='lat' dir='ltr'><strong><em>conjunctioque</em></strong></span> <span class='ocrx_word' id='word_1_486' title='bbox 1413 4711 1866 4781; x_wconf 89' lang='lat' dir='ltr'><strong><em>conspiceretur,</em></strong></span> <span class='ocrx_word' id='word_1_487' title='bbox 1941 4712 2092 4768; x_wconf 87' lang='lat' dir='ltr'><strong><em>hanc</em></strong></span> 
     </span>
    </p>
   </div>
   <div class='ocr_carea' id='block_1_69' title="bbox 439 4792 2090 4869">
    <p class='ocr_par' dir='ltr' id='par_1_69' title="bbox 439 4792 2090 4869">
     <span class='ocr_line' id='line_1_70' title="bbox 439 4792 2090 4869; baseline 0.005 -21"><span class='ocrx_word' id='word_1_488' title='bbox 439 4792 722 4848; x_wconf 86' lang='lat' dir='ltr'><strong><em>nimirum</em></strong></span> <span class='ocrx_word' id='word_1_489' title='bbox 753 4810 933 4850; x_wconf 90' lang='lat' dir='ltr'><strong><em>vacuo</em></strong></span> <span class='ocrx_word' id='word_1_490' title='bbox 981 4795 1369 4865; x_wconf 84' lang='lat' dir='ltr'><strong><em>discindente,</em></strong></span> <span class='ocrx_word' id='word_1_491' title='bbox 1402 4814 1506 4853; x_wconf 89' lang='lat' dir='ltr'><strong><em>nec</em></strong></span> <span class='ocrx_word' id='word_1_492' title='bbox 1561 4816 1765 4855; x_wconf 88' lang='lat' dir='ltr'><strong><em>rursus</em></strong></span> <span class='ocrx_word' id='word_1_493' title='bbox 1795 4801 2090 4869; x_wconf 90' lang='lat' dir='ltr'><strong><em>sensibus,</em></strong></span> 
     </span>
    </p>
   </div>
   <div class='ocr_carea' id='block_1_70' title="bbox 440 4881 2097 4958">
    <p class='ocr_par' dir='ltr' id='par_1_70' title="bbox 440 4881 2097 4958">
     <span class='ocr_line' id='line_1_71' title="bbox 440 4881 2097 4958; baseline 0.005 -20"><span class='ocrx_word' id='word_1_494' title='bbox 440 4887 500 4938; x_wconf 88' lang='lat' dir='ltr'><strong><em>et</em></strong></span> <span class='ocrx_word' id='word_1_495' title='bbox 550 4881 702 4937; x_wconf 88' lang='lat' dir='ltr'><strong><em>visui</em></strong></span> <span class='ocrx_word' id='word_1_496' title='bbox 756 4884 1027 4954; x_wconf 88' lang='lat' dir='ltr'><strong><em>maxime,</em></strong></span> <span class='ocrx_word' id='word_1_497' title='bbox 1079 4889 1244 4940; x_wconf 88' lang='lat' dir='ltr'><strong><em>tanta</em></strong></span> <span class='ocrx_word' id='word_1_498' title='bbox 1292 4887 1488 4958; x_wconf 89' lang='lat' dir='ltr'><strong><em>aliqua</em></strong></span> <span class='ocrx_word' id='word_1_499' title='bbox 1537 4889 1684 4944; x_wconf 90' lang='lat' dir='ltr'><strong><em>foret</em></strong></span> <span class='ocrx_word' id='word_1_500' title='bbox 1733 4890 1907 4945; x_wconf 88' lang='lat' dir='ltr'><strong><em>actio.</em></strong></span> <span class='ocrx_word' id='word_1_501' title='bbox 1950 4891 2097 4954; x_wconf 89' lang='lat' dir='ltr'><strong><em>Quo-</em></strong></span> 
     </span>
    </p>
   </div>
   <div class='ocr_carea' id='block_1_71' title="bbox 440 4971 2093 5044">
    <p class='ocr_par' dir='ltr' id='par_1_71' title="bbox 440 4971 2093 5044">
     <span class='ocr_line' id='line_1_72' title="bbox 440 4971 2093 5044; baseline 0.005 -18"><span class='ocrx_word' id='word_1_502' title='bbox 440 4972 616 5026; x_wconf 90' lang='lat' dir='ltr'><strong><em>modo</em></strong></span> <span class='ocrx_word' id='word_1_503' title='bbox 646 4971 802 5027; x_wconf 90' lang='lat' dir='ltr'><strong><em>enim</em></strong></span> <span class='ocrx_word' id='word_1_504' title='bbox 832 4972 958 5028; x_wconf 84' lang='lat' dir='ltr'><strong><em>ﬁeri</em></strong></span> <span class='ocrx_word' id='word_1_505' title='bbox 988 4979 1206 5044; x_wconf 89' lang='lat' dir='ltr'><strong><em>posset,</em></strong></span> <span class='ocrx_word' id='word_1_506' title='bbox 1241 4979 1306 5031; x_wconf 89' lang='lat' dir='ltr'><strong><em>ut</em></strong></span> <span class='ocrx_word' id='word_1_507' title='bbox 1335 4976 1495 5032; x_wconf 88' lang='lat' dir='ltr'><strong><em>visus</em></strong></span> <span class='ocrx_word' id='word_1_508' title='bbox 1549 4979 1621 5033; x_wconf 91' lang='lat' dir='ltr'><strong><em>ad</em></strong></span> <span class='ocrx_word' id='word_1_509' title='bbox 1653 4979 2093 5035; x_wconf 87' lang='lat' dir='ltr'><strong><em>firmamentum</em></strong></span> 
     </span>
    </p>
   </div>
   <div class='ocr_carea' id='block_1_72' title="bbox 437 5061 2094 5137">
    <p class='ocr_par' dir='ltr' id='par_1_72' title="bbox 437 5061 2094 5137">
     <span class='ocr_line' id='line_1_73' title="bbox 437 5061 2094 5137; baseline 0.004 -22"><span class='ocrx_word' id='word_1_510' title='bbox 437 5077 626 5132; x_wconf 89' lang='lat' dir='ltr'><strong><em>usque</em></strong></span> <span class='ocrx_word' id='word_1_511' title='bbox 675 5061 1044 5134; x_wconf 87' lang='lat' dir='ltr'><strong><em>pertingeret,</em></strong></span> <span class='ocrx_word' id='word_1_512' title='bbox 1079 5063 1192 5119; x_wconf 88' lang='lat' dir='ltr'><strong><em>nisi</em></strong></span> <span class='ocrx_word' id='word_1_513' title='bbox 1241 5080 1340 5118; x_wconf 91' lang='lat' dir='ltr'><strong><em>aer</em></strong></span> <span class='ocrx_word' id='word_1_514' title='bbox 1369 5065 1482 5120; x_wconf 91' lang='lat' dir='ltr'><strong><em>sibi</em></strong></span> <span class='ocrx_word' id='word_1_515' title='bbox 1514 5082 1617 5137; x_wconf 87' lang='lat' dir='ltr'><strong><em>per</em></strong></span> <span class='ocrx_word' id='word_1_516' title='bbox 1665 5067 1864 5122; x_wconf 76' lang='lat' dir='ltr'><strong><em>omnia</em></strong></span> <span class='ocrx_word' id='word_1_517' title='bbox 1912 5068 2094 5123; x_wconf 85' lang='lat' dir='ltr'><strong><em>conti-</em></strong></span> 
     </span>
    </p>
   </div>
   <div class='ocr_carea' id='block_1_73' title="bbox 435 5151 2093 5226">
    <p class='ocr_par' dir='ltr' id='par_1_73' title="bbox 435 5151 2093 5226">
     <span class='ocr_line' id='line_1_74' title="bbox 435 5151 2093 5226; baseline 0.004 -22"><span class='ocrx_word' id='word_1_518' title='bbox 435 5166 613 5218; x_wconf 90' lang='lat' dir='ltr'><strong><em>nuus,</em></strong></span> <span class='ocrx_word' id='word_1_519' title='bbox 665 5154 723 5207; x_wconf 89' lang='lat' dir='ltr'><strong><em>et</em></strong></span> <span class='ocrx_word' id='word_1_520' title='bbox 769 5151 1141 5206; x_wconf 87' lang='lat' dir='ltr'><strong><em>succensioni</em></strong></span> <span class='ocrx_word' id='word_1_521' title='bbox 1192 5153 1346 5207; x_wconf 76' lang='lat'><strong><em>369</em></strong></span> <span class='ocrx_word' id='word_1_522' title='bbox 1406 5169 1626 5226; x_wconf 90' lang='lat' dir='ltr'><strong><em>perque</em></strong></span> <span class='ocrx_word' id='word_1_523' title='bbox 1684 5155 1836 5210; x_wconf 90' lang='lat' dir='ltr'><strong><em>hanc</em></strong></span> <span class='ocrx_word' id='word_1_524' title='bbox 1894 5156 2093 5212; x_wconf 65' lang='lat' dir='ltr'><strong><em>aetheri</em></strong></span> 
     </span>
    </p>
   </div>
   <div class='ocr_carea' id='block_1_74' title="bbox 430 5235 2091 5301">
    <p class='ocr_par' dir='ltr' id='par_1_74' title="bbox 430 5235 2091 5301">
     <span class='ocr_line' id='line_1_75' title="bbox 430 5235 2091 5301; baseline 0.006 -11"><span class='ocrx_word' id='word_1_525' title='bbox 430 5235 758 5294; x_wconf 90' lang='lat' dir='ltr'><strong><em>indistante</em></strong></span> <span class='ocrx_word' id='word_1_526' title='bbox 809 5238 1118 5296; x_wconf 91' lang='lat' dir='ltr'><strong><em>coalitione</em></strong></span> <span class='ocrx_word' id='word_1_527' title='bbox 1175 5241 1380 5298; x_wconf 86' lang='lat' dir='ltr'><strong><em>unitus</em></strong></span> <span class='ocrx_word' id='word_1_528' title='bbox 1436 5244 1654 5298; x_wconf 87' lang='lat' dir='ltr'><strong><em>esset?</em></strong></span> <span class='ocrx_word' id='word_1_529' title='bbox 1710 5245 1769 5301; x_wconf 90' lang='lat' dir='ltr'><strong><em>Si</em></strong></span> <span class='ocrx_word' id='word_1_530' title='bbox 1823 5245 1980 5300; x_wconf 90' lang='lat' dir='ltr'><strong><em>enim</em></strong></span> <span class='ocrx_word' id='word_1_531' title='bbox 2031 5245 2091 5300; x_wconf 92' lang='lat' dir='ltr'><strong><em>in</em></strong></span> 
     </span>
    </p>
   </div>
   <div class='ocr_carea' id='block_1_75' title="bbox 433 5325 2094 5403">
    <p class='ocr_par' dir='ltr' id='par_1_75' title="bbox 433 5325 2094 5403">
     <span class='ocr_line' id='line_1_76' title="bbox 433 5325 2094 5403; baseline 0.005 -23"><span class='ocrx_word' id='word_1_532' title='bbox 433 5325 624 5382; x_wconf 91' lang='lat' dir='ltr'><strong><em>medio</em></strong></span> <span class='ocrx_word' id='word_1_533' title='bbox 695 5329 1016 5384; x_wconf 88' lang='lat' dir='ltr'><strong><em>vacuitates</em></strong></span> <span class='ocrx_word' id='word_1_534' title='bbox 1075 5330 1343 5401; x_wconf 65' lang='lat' dir='ltr'><strong><em>quaedam</em></strong></span> <span class='ocrx_word' id='word_1_535' title='bbox 1412 5337 1632 5403; x_wconf 88' lang='lat' dir='ltr'><strong><em>essent,</em></strong></span> <span class='ocrx_word' id='word_1_536' title='bbox 1701 5350 1913 5390; x_wconf 87' lang='lat' dir='ltr'><strong><em>sensus</em></strong></span> <span class='ocrx_word' id='word_1_537' title='bbox 1983 5335 2094 5389; x_wconf 86' lang='lat' dir='ltr'><strong><em>uti-</em></strong></span> 
     </span>
    </p>
   </div>
   <div class='ocr_carea' id='block_1_76' title="bbox 430 5419 2088 5495">
    <p class='ocr_par' dir='ltr' id='par_1_76' title="bbox 430 5419 2088 5495">
     <span class='ocr_line' id='line_1_77' title="bbox 430 5419 2088 5495; baseline 0.005 -27"><span class='ocrx_word' id='word_1_538' title='bbox 430 5429 546 5484; x_wconf 89' lang='lat' dir='ltr'><strong><em>que</em></strong></span> <span class='ocrx_word' id='word_1_539' title='bbox 604 5419 1024 5488; x_wconf 84' lang='lat' dir='ltr'><strong><em>torpescerent,</em></strong></span> <span class='ocrx_word' id='word_1_540' title='bbox 1087 5419 1242 5491; x_wconf 90' lang='lat' dir='ltr'><strong><em>quod</em></strong></span> <span class='ocrx_word' id='word_1_541' title='bbox 1297 5437 1331 5475; x_wconf 88' lang='lat' dir='ltr'><strong><em>a</em></strong></span> <span class='ocrx_word' id='word_1_542' title='bbox 1384 5421 1780 5478; x_wconf 90' lang='lat' dir='ltr'><strong><em>vacuitatibus</em></strong></span> <span class='ocrx_word' id='word_1_543' title='bbox 1840 5423 2088 5495; x_wconf 90' lang='lat' dir='ltr'><strong><em>impedi-</em></strong></span> 
     </span>
    </p>
   </div>
   <div class='ocr_carea' id='block_1_77' title="bbox 433 5505 658 5560">
    <p class='ocr_par' dir='ltr' id='par_1_77' title="bbox 433 5505 658 5560">
     <span class='ocr_line' id='line_1_78' title="bbox 433 5505 658 5560; baseline 0.013 -4"><span class='ocrx_word' id='word_1_544' title='bbox 433 5505 658 5560; x_wconf 87' lang='lat' dir='ltr'><strong><em>rentur.</em></strong></span> 
     </span>
    </p>
   </div>
   <div class='ocr_carea' id='block_1_78' title="bbox 2267 3547 3873 3627">
    <p class='ocr_par' dir='ltr' id='par_1_78' title="bbox 2267 3547 3873 3627">
     <span class='ocr_line' id='line_1_79' title="bbox 2267 3547 3873 3627; baseline -0.001 -19"><span class='ocrx_word' id='word_1_545' title='bbox 2267 3552 2333 3627; x_wconf 88' lang='grc' dir='ltr'><strong><em>γ’.</em></strong></span> <span class='ocrx_word' id='word_1_546' title='bbox 2365 3555 2624 3606; x_wconf 86' lang='grc' dir='ltr'>Τοιοῦτον</span> <span class='ocrx_word' id='word_1_547' title='bbox 2678 3553 2774 3626; x_wconf 73' lang='grc' dir='ltr'>μὲν</span> <span class='ocrx_word' id='word_1_548' title='bbox 2825 3549 2917 3607; x_wconf 76' lang='grc' dir='ltr'>οὖν</span> <span class='ocrx_word' id='word_1_549' title='bbox 2958 3551 3058 3606; x_wconf 81' lang='grc' dir='ltr'><strong><em>οὐκ</em></strong></span> <span class='ocrx_word' id='word_1_550' title='bbox 3104 3547 3247 3607; x_wconf 74' lang='grc' dir='ltr'>ἔστιν</span> <span class='ocrx_word' id='word_1_551' title='bbox 3303 3551 3354 3607; x_wconf 76' lang='grc' dir='ltr'>ἐν</span> <span class='ocrx_word' id='word_1_552' title='bbox 3394 3555 3476 3624; x_wconf 82' lang='grc' dir='ltr'><strong><em>τῷ</em></strong></span> <span class='ocrx_word' id='word_1_553' title='bbox 3526 3551 3729 3625; x_wconf 87' lang='grc' dir='ltr'>κόσμῳ</span> <span class='ocrx_word' id='word_1_554' title='bbox 3770 3573 3873 3607; x_wconf 82' lang='grc' dir='ltr'>κε-</span> 
     </span>
    </p>
   </div>
   <div class='ocr_carea' id='block_1_79' title="bbox 2198 3638 3872 3719">
    <p class='ocr_par' dir='ltr' id='par_1_79' title="bbox 2198 3638 3872 3719">
     <span class='ocr_line' id='line_1_80' title="bbox 2198 3638 3872 3719; baseline 0.002 -24"><span class='ocrx_word' id='word_1_555' title='bbox 2198 3639 2308 3697; x_wconf 91' lang='grc' dir='ltr'>νόν.</span> <span class='ocrx_word' id='word_1_556' title='bbox 2372 3641 2653 3715; x_wconf 85' lang='grc' dir='ltr'>Σωμάτων</span> <span class='ocrx_word' id='word_1_557' title='bbox 2707 3641 2797 3696; x_wconf 85' lang='grc' dir='ltr'><strong><em>καὶ</em></strong></span> <span class='ocrx_word' id='word_1_558' title='bbox 2854 3642 2963 3717; x_wconf 79' lang='grc' dir='ltr'>γόρ</span> <span class='ocrx_word' id='word_1_559' title='bbox 3019 3644 3277 3719; x_wconf 77' lang='grc' dir='ltr'>συμφυῶν</span> <span class='ocrx_word' id='word_1_560' title='bbox 3333 3638 3613 3712; x_wconf 81' lang='grc' dir='ltr'>ἀλλήλοις</span> <span class='ocrx_word' id='word_1_561' title='bbox 3660 3642 3808 3704; x_wconf 73' lang='grc' dir='ltr'>ἅπας</span> <span class='ocrx_word' id='word_1_562' title='bbox 3840 3643 3872 3698; x_wconf 80' lang='grc' dir='ltr'>ὁ</span> 
     </span>
    </p>
   </div>
   <div class='ocr_carea' id='block_1_80' title="bbox 2197 3727 3872 3806">
    <p class='ocr_par' dir='ltr' id='par_1_80' title="bbox 2197 3727 3872 3806">
     <span class='ocr_line' id='line_1_81' title="bbox 2197 3727 3872 3806; baseline 0.002 -23"><span class='ocrx_word' id='word_1_563' title='bbox 2197 3727 2406 3802; x_wconf 88' lang='grc' dir='ltr'>κόσμος</span> <span class='ocrx_word' id='word_1_564' title='bbox 2453 3727 2835 3806; x_wconf 85' lang='grc' dir='ltr'>πεπλήρωται.</span> <span class='ocrx_word' id='word_1_565' title='bbox 2895 3733 3062 3785; x_wconf 89' lang='grc' dir='ltr'>Τοῦτο</span> <span class='ocrx_word' id='word_1_566' title='bbox 3114 3729 3216 3806; x_wconf 71' lang='grc' dir='ltr'>γὰρ</span> <span class='ocrx_word' id='word_1_567' title='bbox 3276 3730 3305 3784; x_wconf 81' lang='grc' dir='ltr'>ὁ</span> <span class='ocrx_word' id='word_1_568' title='bbox 3362 3730 3572 3802; x_wconf 87' lang='grc' dir='ltr'>κόσμος</span> <span class='ocrx_word' id='word_1_569' title='bbox 3631 3728 3773 3800; x_wconf 78' lang='grc' dir='ltr'>ἐστὶ,</span> <span class='ocrx_word' id='word_1_570' title='bbox 3803 3731 3872 3786; x_wconf 78' lang='grc' dir='ltr'><strong><em>τὸ</em></strong></span> 
     </span>
    </p>
   </div>
   <div class='ocr_carea' id='block_1_81' title="bbox 2201 3817 3872 3894">
    <p class='ocr_par' dir='ltr' id='par_1_81' title="bbox 2201 3817 3872 3894">
     <span class='ocr_line' id='line_1_82' title="bbox 2201 3817 3872 3894; baseline 0.002 -22"><span class='ocrx_word' id='word_1_571' title='bbox 2201 3817 2252 3888; x_wconf 79' lang='grc' dir='ltr'><strong><em>ἐξ</em></strong></span> <span class='ocrx_word' id='word_1_572' title='bbox 2298 3817 2533 3893; x_wconf 81' lang='grc' dir='ltr'>οὐρανοῦ</span> <span class='ocrx_word' id='word_1_573' title='bbox 2573 3818 2662 3873; x_wconf 86' lang='grc' dir='ltr'><strong><em>καὶ</em></strong></span> <span class='ocrx_word' id='word_1_574' title='bbox 2711 3821 2814 3894; x_wconf 73' lang='grc' dir='ltr'><strong><em>γῆς</em></strong></span> <span class='ocrx_word' id='word_1_575' title='bbox 2865 3819 2956 3874; x_wconf 83' lang='grc' dir='ltr'><strong><em>καὶ</em></strong></span> <span class='ocrx_word' id='word_1_576' title='bbox 3000 3821 3109 3873; x_wconf 81' lang='grc' dir='ltr'><strong><em>τῶν</em></strong></span> <span class='ocrx_word' id='word_1_577' title='bbox 3153 3818 3205 3873; x_wconf 75' lang='grc' dir='ltr'>ἐν</span> <span class='ocrx_word' id='word_1_578' title='bbox 3241 3819 3412 3892; x_wconf 80' lang='grc' dir='ltr'>μὲσῳ,</span> <span class='ocrx_word' id='word_1_579' title='bbox 3464 3817 3658 3894; x_wconf 85' lang='grc' dir='ltr'>πυρὸς,</span> <span class='ocrx_word' id='word_1_580' title='bbox 3702 3819 3872 3894; x_wconf 80' lang='grc' dir='ltr'>ἀὲρος</span> 
     </span>
    </p>
   </div>
   <div class='ocr_carea' id='block_1_82' title="bbox 2198 3904 3871 3986">
    <p class='ocr_par' dir='ltr' id='par_1_82' title="bbox 2198 3904 3871 3986">
     <span class='ocr_line' id='line_1_83' title="bbox 2198 3904 3871 3986; baseline 0.001 -24"><span class='ocrx_word' id='word_1_581' title='bbox 2198 3906 2288 3962; x_wconf 84' lang='grc' dir='ltr'><strong><em>καὶ</em></strong></span> <span class='ocrx_word' id='word_1_582' title='bbox 2346 3904 2539 3970; x_wconf 77' lang='grc' dir='ltr'>ὕδατος</span> <span class='ocrx_word' id='word_1_583' title='bbox 2578 3906 2830 3980; x_wconf 78' lang='grc' dir='ltr'>σύστημά</span> <span class='ocrx_word' id='word_1_584' title='bbox 2877 3928 2937 3962; x_wconf 89' lang='grc' dir='ltr'><strong><em>τε</em></strong></span> <span class='ocrx_word' id='word_1_585' title='bbox 2983 3907 3073 3962; x_wconf 83' lang='grc' dir='ltr'><strong><em>καὶ</em></strong></span> <span class='ocrx_word' id='word_1_586' title='bbox 3131 3907 3427 3984; x_wconf 76' lang='grc' dir='ltr'>σύγκριμα,</span> <span class='ocrx_word' id='word_1_587' title='bbox 3475 3907 3724 3986; x_wconf 74' lang='grc' dir='ltr'>συμφυὲς</span> <span class='ocrx_word' id='word_1_588' title='bbox 3771 3909 3871 3964; x_wconf 81' lang='grc' dir='ltr'><strong><em>καὶ</em></strong></span> 
     </span>
    </p>
   </div>
   <div class='ocr_carea' id='block_1_83' title="bbox 2200 3993 3867 4072">
    <p class='ocr_par' dir='ltr' id='par_1_83' title="bbox 2200 3993 3867 4072">
     <span class='ocr_line' id='line_1_84' title="bbox 2200 3993 3867 4072; baseline 0.001 -22"><span class='ocrx_word' id='word_1_589' title='bbox 2200 3995 2532 4070; x_wconf 80' lang='grc' dir='ltr'>εὐάρμοστον</span> <span class='ocrx_word' id='word_1_590' title='bbox 2563 4042 2578 4068; x_wconf 90' lang='grc'><strong><em>,</em></strong></span> <span class='ocrx_word' id='word_1_591' title='bbox 2635 3995 2724 4050; x_wconf 82' lang='grc' dir='ltr'><strong><em>καὶ</em></strong></span> <span class='ocrx_word' id='word_1_592' title='bbox 2807 3993 2951 4066; x_wconf 78' lang='grc' dir='ltr'>ἄξιον</span> <span class='ocrx_word' id='word_1_593' title='bbox 3015 3993 3118 4051; x_wconf 85' lang='grc' dir='ltr'><strong><em>ὑπὸ</em></strong></span> <span class='ocrx_word' id='word_1_594' title='bbox 3172 3996 3426 4051; x_wconf 80' lang='grc' dir='ltr'>τοιούτου</span> <span class='ocrx_word' id='word_1_595' title='bbox 3499 4004 3867 4072; x_wconf 81' lang='grc' dir='ltr'>παραχθῆναι</span> 
     </span>
    </p>
   </div>
   <div class='ocr_carea' id='block_1_84' title="bbox 2199 4083 3867 4164">
    <p class='ocr_par' dir='ltr' id='par_1_84' title="bbox 2199 4083 3867 4164">
     <span class='ocr_line' id='line_1_85' title="bbox 2199 4083 3867 4164; baseline 0.001 -24"><span class='ocrx_word' id='word_1_596' title='bbox 2199 4085 2479 4164; x_wconf 80' lang='grc' dir='ltr'>πανσόφου</span> <span class='ocrx_word' id='word_1_597' title='bbox 2554 4084 2642 4140; x_wconf 79' lang='grc' dir='ltr'><strong><em>καὶ</em></strong></span> <span class='ocrx_word' id='word_1_598' title='bbox 2720 4083 3134 4160; x_wconf 82' lang='grc' dir='ltr'>παντοδυνάμου</span> <span class='ocrx_word' id='word_1_599' title='bbox 3192 4083 3536 4162; x_wconf 85' lang='grc' dir='ltr'>δημιουργοῦ</span> <span class='ocrx_word' id='word_1_600' title='bbox 3569 4102 3583 4116; x_wconf 88' lang='grc'>⁶</span> <span class='ocrx_word' id='word_1_601' title='bbox 3646 4086 3739 4164; x_wconf 78' lang='grc' dir='ltr'><strong><em>ὑφ’</em></strong></span> <span class='ocrx_word' id='word_1_602' title='bbox 3798 4083 3867 4141; x_wconf 78' lang='grc' dir='ltr'><strong><em>οὗ</em></strong></span> 
     </span>
    </p>
   </div>
   <div class='ocr_carea' id='block_1_85' title="bbox 2199 4169 3866 4249">
    <p class='ocr_par' dir='ltr' id='par_1_85' title="bbox 2199 4169 3866 4249">
     <span class='ocr_line' id='line_1_86' title="bbox 2199 4169 3866 4249; baseline 0 -19"><span class='ocrx_word' id='word_1_603' title='bbox 2199 4175 2302 4230; x_wconf 81' lang='grc' dir='ltr'>κάκ</span> <span class='ocrx_word' id='word_1_604' title='bbox 2327 4179 2424 4230; x_wconf 90' lang='grc' dir='ltr'><strong><em>τοῦ</em></strong></span> <span class='ocrx_word' id='word_1_605' title='bbox 2459 4172 2730 4249; x_wconf 78' lang='grc' dir='ltr'>μηδαμῶς</span> <span class='ocrx_word' id='word_1_606' title='bbox 2779 4169 2935 4238; x_wconf 72' lang='grc' dir='ltr'>ὄντος</span> <span class='ocrx_word' id='word_1_607' title='bbox 2981 4172 3216 4230; x_wconf 77' lang='grc' dir='ltr'>ἔκτισται</span> <span class='ocrx_word' id='word_1_608' title='bbox 3265 4174 3356 4230; x_wconf 91' lang='grc' dir='ltr'><strong><em>καὶ</em></strong></span> <span class='ocrx_word' id='word_1_609' title='bbox 3404 4172 3866 4249; x_wconf 81' lang='grc' dir='ltr'>διακεκόσμηται.</span> 
     </span>
    </p>
   </div>
   <div class='ocr_carea' id='block_1_86' title="bbox 2198 4259 3641 4338">
    <p class='ocr_par' dir='ltr' id='par_1_86' title="bbox 2198 4259 3641 4338">
     <span class='ocr_line' id='line_1_87' title="bbox 2198 4259 3641 4338; baseline 0 -17"><span class='ocrx_word' id='word_1_610' title='bbox 2198 4265 2358 4321; x_wconf 83' lang='grc' dir='ltr'>Κενὸν</span> <span class='ocrx_word' id='word_1_611' title='bbox 2392 4264 2484 4320; x_wconf 82' lang='grc' dir='ltr'><strong><em>οὗν</em></strong></span> <span class='ocrx_word' id='word_1_612' title='bbox 2513 4265 2651 4320; x_wconf 86' lang='grc' dir='ltr'>κατὰ</span> <span class='ocrx_word' id='word_1_613' title='bbox 2676 4263 2768 4320; x_wconf 88' lang='grc' dir='ltr'>τὸν</span> <span class='ocrx_word' id='word_1_614' title='bbox 2799 4264 3006 4338; x_wconf 80' lang='grc' dir='ltr'>κόσμον</span> <span class='ocrx_word' id='word_1_615' title='bbox 3038 4264 3140 4320; x_wconf 74' lang='grc' dir='ltr'><strong><em>οὐκ</em></strong></span> <span class='ocrx_word' id='word_1_616' title='bbox 3168 4259 3279 4320; x_wconf 81' lang='grc' dir='ltr'>ἔστι</span> <span class='ocrx_word' id='word_1_617' title='bbox 3309 4265 3372 4319; x_wconf 89' lang='grc' dir='ltr'>τὸ</span> <span class='ocrx_word' id='word_1_618' title='bbox 3403 4263 3641 4321; x_wconf 81' lang='grc' dir='ltr'>οῗονοῦν.</span> 
     </span>
    </p>
   </div>
   <div class='ocr_carea' id='block_1_87' title="bbox 2271 4519 3863 4608">
    <p class='ocr_par' dir='ltr' id='par_1_87' title="bbox 2271 4519 3863 4608">
     <span class='ocr_line' id='line_1_88' title="bbox 2271 4519 3863 4608; baseline 0 -22"><span class='ocrx_word' id='word_1_619' title='bbox 2271 4528 2336 4589; x_wconf 82' lang='grc' dir='ltr'><strong><em>δ’.</em></strong></span> <span class='ocrx_word' id='word_1_620' title='bbox 2369 4531 2430 4586; x_wconf 83' lang='grc' dir='ltr'>Εἰ</span> <span class='ocrx_word' id='word_1_621' title='bbox 2475 4530 2577 4608; x_wconf 80' lang='grc' dir='ltr'>γὰρ</span> <span class='ocrx_word' id='word_1_622' title='bbox 2625 4519 2692 4601; x_wconf 71' lang='grc' dir='ltr'><strong><em>ἦν</em></strong></span> <span class='ocrx_word' id='word_1_623' title='bbox 2743 4526 2890 4594; x_wconf 81' lang='grc' dir='ltr'>ὅλως</span> <span class='ocrx_word' id='word_1_624' title='bbox 2930 4531 2983 4588; x_wconf 79' lang='grc' dir='ltr'>ἐν</span> <span class='ocrx_word' id='word_1_625' title='bbox 3038 4535 3120 4604; x_wconf 81' lang='grc' dir='ltr'>τῷ</span> <span class='ocrx_word' id='word_1_626' title='bbox 3167 4530 3362 4605; x_wconf 88' lang='grc' dir='ltr'>κόσμῳ</span> <span class='ocrx_word' id='word_1_627' title='bbox 3407 4549 3586 4603; x_wconf 87' lang='grc' dir='ltr'>κενον,</span> <span class='ocrx_word' id='word_1_628' title='bbox 3638 4526 3758 4586; x_wconf 69' lang='grc' dir='ltr'>οὔτ’</span> <span class='ocrx_word' id='word_1_629' title='bbox 3802 4532 3863 4586; x_wconf 81' lang='grc' dir='ltr'><strong><em>ἃν</em></strong></span> 
     </span>
    </p>
   </div>
   <div class='ocr_carea' id='block_1_88' title="bbox 2201 4618 3867 4700">
    <p class='ocr_par' dir='ltr' id='par_1_88' title="bbox 2201 4618 3867 4700">
     <span class='ocr_line' id='line_1_89' title="bbox 2201 4618 3867 4700; baseline 0.001 -26"><span class='ocrx_word' id='word_1_630' title='bbox 2201 4619 2504 4694; x_wconf 75' lang='grc' dir='ltr'>συμπάθεια</span> <span class='ocrx_word' id='word_1_631' title='bbox 2557 4642 2641 4684; x_wconf 89' lang='grc' dir='ltr'><strong><em>τις</em></strong></span> <span class='ocrx_word' id='word_1_632' title='bbox 2713 4619 2954 4700; x_wconf 78' lang='grc' dir='ltr'>ἐφαίνετο</span> <span class='ocrx_word' id='word_1_633' title='bbox 3029 4624 3137 4676; x_wconf 82' lang='grc' dir='ltr'><strong><em>τῶν</em></strong></span> <span class='ocrx_word' id='word_1_634' title='bbox 3215 4623 3314 4675; x_wconf 91' lang='grc' dir='ltr'><strong><em>τοῦ</em></strong></span> <span class='ocrx_word' id='word_1_635' title='bbox 3388 4618 3601 4694; x_wconf 88' lang='grc' dir='ltr'>κόσμου</span> <span class='ocrx_word' id='word_1_636' title='bbox 3681 4623 3867 4696; x_wconf 76' lang='grc' dir='ltr'>μερῶν</span> 
     </span>
    </p>
   </div>
   <div class='ocr_carea' id='block_1_89' title="bbox 2124 4695 3869 4787">
    <p class='ocr_par' dir='ltr' id='par_1_89' title="bbox 2124 4695 3869 4787">
     <span class='ocr_line' id='line_1_90' title="bbox 2124 4695 3869 4787; baseline 0.002 -27"><span class='ocrx_word' id='word_1_637' title='bbox 2124 4695 2170 4760; x_wconf 85' lang='lat' dir='ltr'><strong>D</strong></span> <span class='ocrx_word' id='word_1_638' title='bbox 2202 4711 2339 4787; x_wconf 88' lang='grc' dir='ltr'>πρὸς</span> <span class='ocrx_word' id='word_1_639' title='bbox 2394 4707 2638 4782; x_wconf 82' lang='grc' dir='ltr'>ἄλληλα,</span> <span class='ocrx_word' id='word_1_640' title='bbox 2673 4695 2873 4781; x_wconf 65' lang='grc' dir='ltr'>ταότην</span> <span class='ocrx_word' id='word_1_641' title='bbox 2931 4714 3029 4765; x_wconf 89' lang='grc' dir='ltr'><strong><em>τοῦ</em></strong></span> <span class='ocrx_word' id='word_1_642' title='bbox 3078 4713 3237 4764; x_wconf 89' lang='grc' dir='ltr'>κενοῦ</span> <span class='ocrx_word' id='word_1_643' title='bbox 3291 4706 3703 4771; x_wconf 84' lang='grc' dir='ltr'>διακόπτοντος·</span> <span class='ocrx_word' id='word_1_644' title='bbox 3750 4706 3869 4764; x_wconf 69' lang='grc' dir='ltr'>οὔτ’</span> 
     </span>
    </p>
   </div>
   <div class='ocr_carea' id='block_1_90' title="bbox 2205 4795 3863 4872">
    <p class='ocr_par' dir='ltr' id='par_1_90' title="bbox 2205 4795 3863 4872">
     <span class='ocr_line' id='line_1_91' title="bbox 2205 4795 3863 4872; baseline 0 -19"><span class='ocrx_word' id='word_1_645' title='bbox 2205 4797 2268 4853; x_wconf 82' lang='grc' dir='ltr'>αὖ</span> <span class='ocrx_word' id='word_1_646' title='bbox 2325 4805 2444 4861; x_wconf 82' lang='grc' dir='ltr'>ταῖς</span> <span class='ocrx_word' id='word_1_647' title='bbox 2502 4799 2785 4870; x_wconf 75' lang='grc' dir='ltr'>αἰσθήσεσι</span> <span class='ocrx_word' id='word_1_648' title='bbox 2829 4797 2920 4853; x_wconf 84' lang='grc' dir='ltr'><strong><em>καὶ</em></strong></span> <span class='ocrx_word' id='word_1_649' title='bbox 2983 4795 3196 4872; x_wconf 78' lang='grc' dir='ltr'>μᾶλλον</span> <span class='ocrx_word' id='word_1_650' title='bbox 3252 4801 3322 4872; x_wconf 75' lang='grc' dir='ltr'><strong><em>τῇ</em></strong></span> <span class='ocrx_word' id='word_1_651' title='bbox 3381 4796 3566 4872; x_wconf 83' lang='grc' dir='ltr'>ὁράσει</span> <span class='ocrx_word' id='word_1_652' title='bbox 3617 4798 3863 4869; x_wconf 81' lang='grc' dir='ltr'>τοσαύτη</span> 
     </span>
    </p>
   </div>
   <div class='ocr_carea' id='block_1_91' title="bbox 2201 4885 3866 4964">
    <p class='ocr_par' dir='ltr' id='par_1_91' title="bbox 2201 4885 3866 4964">
     <span class='ocr_line' id='line_1_92' title="bbox 2201 4885 3866 4964; baseline 0 -24"><span class='ocrx_word' id='word_1_653' title='bbox 2201 4907 2284 4949; x_wconf 86' lang='grc' dir='ltr'><strong><em>τις</em></strong></span> <span class='ocrx_word' id='word_1_654' title='bbox 2331 4889 2396 4956; x_wconf 68' lang='grc' dir='ltr'><strong><em>ἦν</em></strong></span> <span class='ocrx_word' id='word_1_655' title='bbox 2445 4889 2480 4956; x_wconf 85' lang='grc' dir='ltr'><strong>ἡ</strong></span> <span class='ocrx_word' id='word_1_656' title='bbox 2536 4887 2796 4964; x_wconf 73' lang='grc' dir='ltr'>ἐνέργεια.</span> <span class='ocrx_word' id='word_1_657' title='bbox 2838 4891 2962 4950; x_wconf 81' lang='grc' dir='ltr'><strong><em>Πῶς</em></strong></span> <span class='ocrx_word' id='word_1_658' title='bbox 3009 4888 3110 4963; x_wconf 78' lang='grc' dir='ltr'><strong><em>γὰρ</em></strong></span> <span class='ocrx_word' id='word_1_659' title='bbox 3149 4889 3216 4956; x_wconf 67' lang='grc' dir='ltr'>ἦν</span> <span class='ocrx_word' id='word_1_660' title='bbox 3263 4885 3487 4942; x_wconf 82' lang='grc' dir='ltr'>δυνατὸν</span> <span class='ocrx_word' id='word_1_661' title='bbox 3538 4885 3866 4960; x_wconf 71' lang='grc' dir='ltr'>ἒξικνεῖσθαι</span> 
     </span>
    </p>
   </div>
   <div class='ocr_carea' id='block_1_92' title="bbox 2200 4972 3869 5052">
    <p class='ocr_par' dir='ltr' id='par_1_92' title="bbox 2200 4972 3869 5052">
     <span class='ocr_line' id='line_1_93' title="bbox 2200 4972 3869 5052; baseline 0.001 -22"><span class='ocrx_word' id='word_1_662' title='bbox 2200 4977 2300 5045; x_wconf 73' lang='grc' dir='ltr'>τὴν</span> <span class='ocrx_word' id='word_1_663' title='bbox 2359 4972 2481 5050; x_wconf 71' lang='grc' dir='ltr'>ὄψιν</span> <span class='ocrx_word' id='word_1_664' title='bbox 2547 4976 2712 5052; x_wconf 70' lang='grc' dir='ltr'>μέχρι</span> <span class='ocrx_word' id='word_1_665' title='bbox 2765 4981 2862 5032; x_wconf 89' lang='grc' dir='ltr'><strong><em>τοῦ</em></strong></span> <span class='ocrx_word' id='word_1_666' title='bbox 2920 4977 3292 5051; x_wconf 85' lang='grc' dir='ltr'>στερεώματος</span> <span class='ocrx_word' id='word_1_667' title='bbox 3327 5021 3340 5046; x_wconf 92' lang='grc'><strong><em>,</em></strong></span> <span class='ocrx_word' id='word_1_668' title='bbox 3405 4976 3480 5048; x_wconf 83' lang='grc' dir='ltr'><strong>μή</strong></span> <span class='ocrx_word' id='word_1_669' title='bbox 3539 4979 3637 5030; x_wconf 84' lang='grc' dir='ltr'><strong><em>τοῦ</em></strong></span> <span class='ocrx_word' id='word_1_670' title='bbox 3704 4974 3869 5052; x_wconf 73' lang='grc' dir='ltr'>ἀέρος</span> 
     </span>
    </p>
   </div>
   <div class='ocr_carea' id='block_1_93' title="bbox 2203 5061 3870 5142">
    <p class='ocr_par' dir='ltr' id='par_1_93' title="bbox 2203 5061 3870 5142">
     <span class='ocr_line' id='line_1_94' title="bbox 2203 5061 3870 5142; baseline 0 -22"><span class='ocrx_word' id='word_1_671' title='bbox 2203 5061 2358 5128; x_wconf 74' lang='grc' dir='ltr'>ὄντος</span> <span class='ocrx_word' id='word_1_672' title='bbox 2395 5064 2585 5122; x_wconf 82' lang='grc' dir='ltr'>’διόλου</span> <span class='ocrx_word' id='word_1_673' title='bbox 2627 5071 2889 5142; x_wconf 88' lang='grc' dir='ltr'>συνεχοῦς</span> <span class='ocrx_word' id='word_1_674' title='bbox 2943 5066 3116 5138; x_wconf 71' lang='grc' dir='ltr'>ἑαυτῷ</span> <span class='ocrx_word' id='word_1_675' title='bbox 3161 5065 3251 5120; x_wconf 80' lang='grc' dir='ltr'><strong><em>καὶ</em></strong></span> <span class='ocrx_word' id='word_1_676' title='bbox 3291 5063 3581 5138; x_wconf 77' lang='grc' dir='ltr'>ἡνωμένου</span> <span class='ocrx_word' id='word_1_677' title='bbox 3635 5069 3718 5137; x_wconf 79' lang='grc' dir='ltr'><strong><em>τῷ</em></strong></span> <span class='ocrx_word' id='word_1_678' title='bbox 3768 5066 3870 5120; x_wconf 79' lang='grc' dir='ltr'>ὑπ-</span> 
     </span>
    </p>
   </div>
   <div class='ocr_carea' id='block_1_94' title="bbox 2203 5153 3869 5229">
    <p class='ocr_par' dir='ltr' id='par_1_94' title="bbox 2203 5153 3869 5229">
     <span class='ocr_line' id='line_1_95' title="bbox 2203 5153 3869 5229; baseline -0.001 -19"><span class='ocrx_word' id='word_1_679' title='bbox 2203 5153 2529 5228; x_wconf 70' lang='grc' dir='ltr'>εκκαύματι,</span> <span class='ocrx_word' id='word_1_680' title='bbox 2585 5155 2675 5209; x_wconf 87' lang='grc' dir='ltr'><strong><em>καὶ</em></strong></span> <span class='ocrx_word' id='word_1_681' title='bbox 2736 5153 2804 5210; x_wconf 87' lang='grc' dir='ltr'><strong><em>δι’</em></strong></span> <span class='ocrx_word' id='word_1_682' title='bbox 2863 5153 3026 5209; x_wconf 83' lang='grc' dir='ltr'>αὐτοὺ</span> <span class='ocrx_word' id='word_1_683' title='bbox 3082 5159 3163 5226; x_wconf 81' lang='grc' dir='ltr'>τῷ</span> <span class='ocrx_word' id='word_1_684' title='bbox 3219 5153 3389 5228; x_wconf 72' lang='grc' dir='ltr'>αἰθέρι</span> <span class='ocrx_word' id='word_1_685' title='bbox 3424 5202 3439 5228; x_wconf 79' lang='grc'><strong><em>,</em></strong></span> <span class='ocrx_word' id='word_1_686' title='bbox 3499 5153 3637 5209; x_wconf 75' lang='grc' dir='ltr'>κατὰ</span> <span class='ocrx_word' id='word_1_687' title='bbox 3695 5175 3869 5229; x_wconf 83' lang='grc' dir='ltr'>συμ-</span> 
     </span>
    </p>
   </div>
   <div class='ocr_carea' id='block_1_95' title="bbox 2203 5241 3869 5322">
    <p class='ocr_par' dir='ltr' id='par_1_95' title="bbox 2203 5241 3869 5322">
     <span class='ocr_line' id='line_1_96' title="bbox 2203 5241 3869 5322; baseline 0.001 -24"><span class='ocrx_word' id='word_1_688' title='bbox 2203 5241 2360 5322; x_wconf 61' lang='grc' dir='ltr'>φυΐαν</span> <span class='ocrx_word' id='word_1_689' title='bbox 2402 5241 2722 5299; x_wconf 83' lang='grc' dir='ltr'>ἀδιάστατον</span> <span class='ocrx_word' id='word_1_690' title='bbox 2753 5263 2766 5314; x_wconf 92' lang='grc'><strong>;</strong></span> <span class='ocrx_word' id='word_1_691' title='bbox 2800 5246 2998 5299; x_wconf 88' lang='grc' dir='ltr'>Ὄντων</span> <span class='ocrx_word' id='word_1_692' title='bbox 3053 5243 3155 5320; x_wconf 79' lang='grc' dir='ltr'><strong><em>γὰρ</em></strong></span> <span class='ocrx_word' id='word_1_693' title='bbox 3215 5242 3266 5298; x_wconf 81' lang='grc' dir='ltr'>ἐν</span> <span class='ocrx_word' id='word_1_694' title='bbox 3323 5247 3404 5316; x_wconf 82' lang='grc' dir='ltr'>τῷ</span> <span class='ocrx_word' id='word_1_695' title='bbox 3447 5242 3645 5317; x_wconf 78' lang='grc' dir='ltr'>μεταξῦ</span> <span class='ocrx_word' id='word_1_696' title='bbox 3695 5264 3869 5300; x_wconf 86' lang='grc' dir='ltr'>τινων</span> 
     </span>
    </p>
   </div>
   <div class='ocr_carea' id='block_1_96' title="bbox 2201 5330 3868 5411">
    <p class='ocr_par' dir='ltr' id='par_1_96' title="bbox 2201 5330 3868 5411">
     <span class='ocr_line' id='line_1_97' title="bbox 2201 5330 3868 5411; baseline 0.002 -24"><span class='ocrx_word' id='word_1_697' title='bbox 2201 5332 2530 5407; x_wconf 76' lang='grc' dir='ltr'>κενωμάτων</span> <span class='ocrx_word' id='word_1_698' title='bbox 2566 5381 2582 5405; x_wconf 78' lang='grc'><strong><em>,</em></strong></span> <span class='ocrx_word' id='word_1_699' title='bbox 2643 5330 2814 5408; x_wconf 73' lang='grc' dir='ltr'>ἤγουν</span> <span class='ocrx_word' id='word_1_700' title='bbox 2876 5333 2935 5387; x_wconf 80' lang='grc' dir='ltr'>ἂν</span> <span class='ocrx_word' id='word_1_701' title='bbox 2992 5334 3048 5386; x_wconf 72' lang='grc' dir='ltr'>αἱ</span> <span class='ocrx_word' id='word_1_702' title='bbox 3106 5333 3382 5404; x_wconf 72' lang='grc' dir='ltr'>αἱσθήσεις</span> <span class='ocrx_word' id='word_1_703' title='bbox 3433 5338 3868 5411; x_wconf 85' lang='grc' dir='ltr'>κατεναρκοῦντο</span> 
     </span>
    </p>
   </div>
   <div class='ocr_carea' id='block_1_97' title="bbox 2201 5419 3098 5496">
    <p class='ocr_par' dir='ltr' id='par_1_97' title="bbox 2201 5419 3098 5496">
     <span class='ocr_line' id='line_1_98' title="bbox 2201 5419 3098 5496; baseline 0 -20"><span class='ocrx_word' id='word_1_704' title='bbox 2201 5419 2628 5496; x_wconf 83' lang='grc' dir='ltr'>ἐμποδιζόμεναι</span> <span class='ocrx_word' id='word_1_705' title='bbox 2657 5427 2776 5484; x_wconf 84' lang='grc' dir='ltr'>τοῖς</span> <span class='ocrx_word' id='word_1_706' title='bbox 2805 5422 3098 5494; x_wconf 87' lang='grc' dir='ltr'>κενώμασι.</span> 
     </span>
    </p>
   </div>
   <div class='ocr_carea' id='block_1_98' title="bbox 511 5681 3872 5767">
    <p class='ocr_par' dir='ltr' id='par_1_98' title="bbox 511 5681 3872 5767">
     <span class='ocr_line' id='line_1_99' title="bbox 511 5681 3872 5767; baseline 0.006 -33"><span class='ocrx_word' id='word_1_707' title='bbox 511 5682 554 5713; x_wconf 60' lang='grc'><strong><em>9³</em></strong></span> <span class='ocrx_word' id='word_1_708' title='bbox 586 5698 637 5734; x_wconf 66' lang='grc' dir='ltr'><strong><em>ιτ</em></strong></span> <span class='ocrx_word' id='word_1_709' title='bbox 667 5681 837 5767; x_wconf 80' lang='lat' dir='ltr'><strong><em>Phys.</em></strong></span> <span class='ocrx_word' id='word_1_710' title='bbox 871 5701 921 5767; x_wconf 54' lang='grc' dir='ltr'><strong>(Ξ.</strong></span> <span class='ocrx_word' id='word_1_711' title='bbox 951 5686 1146 5767; x_wconf 51' lang='grc' dir='ltr'>5,].Μ</span> <span class='ocrx_word' id='word_1_712' title='bbox 1170 5689 1216 5723; x_wconf 71' lang='lat'><strong><em>&#39;9</em></strong></span> <span class='ocrx_word' id='word_1_713' title='bbox 1239 5690 1418 5767; x_wconf 70' lang='lat' dir='ltr'><strong><em>Arist.</em></strong></span> <span class='ocrx_word' id='word_1_714' title='bbox 1445 5707 1502 5746; x_wconf 86' lang='grc' dir='ltr'><strong><em>ιν</em></strong></span> <span class='ocrx_word' id='word_1_715' title='bbox 1532 5690 1704 5767; x_wconf 51' lang='grc' dir='ltr'><strong><em>Ρζηγιεζ</em></strong></span> <span class='ocrx_word' id='word_1_716' title='bbox 1735 5692 1794 5767; x_wconf 91' lang='lat'><strong><em>8,_</em></strong></span> <span class='ocrx_word' id='word_1_717' title='bbox 1821 5692 1858 5744; x_wconf 88' lang='lat'>9</span> <span class='ocrx_word' id='word_1_718' title='bbox 1895 5709 1908 5760; x_wconf 90' lang='lat'><strong>;</strong></span> <span class='ocrx_word' id='word_1_719' title='bbox 1941 5693 2109 5767; x_wconf 88' lang='lat' dir='ltr'><strong><em>Card.</em></strong></span> <span class='ocrx_word' id='word_1_720' title='bbox 2133 5691 2288 5767; x_wconf 11' lang='lat' dir='ltr'><strong><em>lib.g1</em></strong></span> <span class='ocrx_word' id='word_1_721' title='bbox 2319 5694 2400 5752; x_wconf 92' lang='lat' dir='ltr'><strong><em>De</em></strong></span> <span class='ocrx_word' id='word_1_722' title='bbox 2431 5693 2634 5754; x_wconf 87' lang='lat' dir='ltr'><strong><em>subtil.</em></strong></span> <span class='ocrx_word' id='word_1_723' title='bbox 2665 5710 2723 5767; x_wconf 92' lang='lat' dir='ltr'><strong><em>p.</em></strong></span> <span class='ocrx_word' id='word_1_724' title='bbox 2753 5694 2810 5750; x_wconf 88' lang='lat'><strong><em>9.</em></strong></span> <span class='ocrx_word' id='word_1_725' title='bbox 2840 5691 3048 5767; x_wconf 91' lang='lat' dir='ltr'><strong><em>Scalig.</em></strong></span> <span class='ocrx_word' id='word_1_726' title='bbox 3081 5692 3278 5750; x_wconf 84' lang='lat' dir='ltr'><strong><em>Exerc.</em></strong></span> <span class='ocrx_word' id='word_1_727' title='bbox 3307 5692 3363 5765; x_wconf 87' lang='lat'><strong><em>5,</em></strong></span> <span class='ocrx_word' id='word_1_728' title='bbox 3397 5709 3445 5750; x_wconf 92' lang='lat' dir='ltr'><strong><em>s.</em></strong></span> <span class='ocrx_word' id='word_1_729' title='bbox 3483 5693 3536 5766; x_wconf 89' lang='grc'>1,</span> <span class='ocrx_word' id='word_1_730' title='bbox 3564 5692 3603 5748; x_wconf 87' lang='grc'>2</span> <span class='ocrx_word' id='word_1_731' title='bbox 3626 5711 3642 5764; x_wconf 89' lang='grc'>;</span> <span class='ocrx_word' id='word_1_732' title='bbox 3669 5696 3872 5760; x_wconf 80' lang='lat' dir='ltr'><strong><em>Arist.</em></strong></span> 
     </span>
    </p>
   </div>
   <div class='ocr_carea' id='block_1_99' title="bbox 435 5751 2282 5836">
    <p class='ocr_par' dir='ltr' id='par_1_99' title="bbox 435 5751 2282 5836">
     <span class='ocr_line' id='line_1_100' title="bbox 435 5751 2282 5836; baseline 0.008 -27"><span class='ocrx_word' id='word_1_733' title='bbox 435 5751 519 5809; x_wconf 90' lang='lat' dir='ltr'><strong><em>De</em></strong></span> <span class='ocrx_word' id='word_1_734' title='bbox 550 5751 770 5812; x_wconf 77' lang='lat' dir='ltr'><strong><em>mundo</em></strong></span> <span class='ocrx_word' id='word_1_735' title='bbox 799 5771 850 5811; x_wconf 91' lang='lat' dir='ltr'><strong><em>c.</em></strong></span> <span class='ocrx_word' id='word_1_736' title='bbox 879 5759 936 5812; x_wconf 88' lang='lat'><strong><em>2.</em></strong></span> <span class='ocrx_word' id='word_1_737' title='bbox 993 5751 1058 5794; x_wconf 76' lang='grc' dir='ltr'><strong><em>’⁸ο</em></strong></span> <span class='ocrx_word' id='word_1_738' title='bbox 1086 5759 1304 5818; x_wconf 88' lang='lat' dir='ltr'><strong><em>Cleom.</em></strong></span> <span class='ocrx_word' id='word_1_739' title='bbox 1338 5761 1378 5818; x_wconf 94' lang='lat' dir='ltr'><strong><em>l.</em></strong></span> <span class='ocrx_word' id='word_1_740' title='bbox 1412 5780 1454 5832; x_wconf 84' lang='lat'><strong><em>1,</em></strong></span> <span class='ocrx_word' id='word_1_741' title='bbox 1483 5779 1534 5819; x_wconf 85' lang='grc' dir='ltr'>ο.</span> <span class='ocrx_word' id='word_1_742' title='bbox 1570 5751 1640 5833; x_wconf 75' lang='grc' dir='ltr'><strong><em>1ξ</em></strong></span> <span class='ocrx_word' id='word_1_743' title='bbox 1667 5751 1819 5820; x_wconf 83' lang='lat' dir='ltr'><strong><em>Scal.</em></strong></span> <span class='ocrx_word' id='word_1_744' title='bbox 1849 5751 2035 5822; x_wconf 63' lang='lat' dir='ltr'><strong><em>eiero.</em></strong></span> <span class='ocrx_word' id='word_1_745' title='bbox 2064 5766 2120 5836; x_wconf 88' lang='grc'>5,</span> <span class='ocrx_word' id='word_1_746' title='bbox 2146 5781 2196 5822; x_wconf 91' lang='lat' dir='ltr'><strong><em>s.</em></strong></span> <span class='ocrx_word' id='word_1_747' title='bbox 2226 5765 2282 5823; x_wconf 90' lang='lat'><strong><em>6.</em></strong></span> 
     </span>
    </p>
   </div>
  </div>
