4114 6464
297 494 324 554 1
339 491 452 555 301
1621 477 1915 547 EPITOM

2029 479 2383 545 PHYSICA.
3547 479 3704 543 I302

371 625 428 682 ε’.
477 621 552 680 Τά
594 643 655 678 τε
699 619 1032 693 στενόστομα
1076 619 1186 674 τῶν
1236 620 1438 673 σκευῶν
1511 613 1915 693 περιτρεπόμεν‹

2125 618 2180 670 5.
2213 616 2282 670 Et
2308 633 2448 673 vasa
2486 613 2723 689 augusti
2774 612 3000 684 oriﬁcii,
3053 613 3194 671 dum
3243 612 3303 670 in
3361 612 3530 687 aquis
3561 631 3698 671 con-

291 711 349 769 ἐν
407 717 524 775 τοῖς
579 709 762 767 ὕδασιν
820 707 1115 767 έπίπλαντο
1173 708 1404 780 πάντως,
1463 705 1911 782 παρεμπίπτοντο

2057 711 2386 778 vertuntur,
2432 706 2822 779 implerentur
2881 705 3083 777 utique
3137 703 3544 760 subincidente
3590 721 3697 776 per

292 799 386 857 διὰ
429 805 536 856 τῶν
585 798 913 874 κενωμάτων
963 802 1061 853 τοῦ
1109 794 1333 859 ὕδατος.
1384 800 1490 851 Νῦν
1537 793 1584 850 δ’
1632 793 1692 849 οὐ
1738 794 1915 869 γίνετα

2051 796 2370 853 vacuitates
2423 813 2594 869 aqua.
2652 796 2784 852 Jam
2837 799 3036 850 autem
3093 794 3204 851 hoc
3251 810 3366 850 non
3417 794 3502 860 ﬁt,
3560 811 3695 866 pro-

287 895 474 964 τοῦτο,
521 887 612 946 διὰ
654 891 718 945 τὸ
774 889 906 945 εἶναι
951 892 1121 942 ταῦτα
1164 884 1356 962 πλήρη
1407 885 1561 959 ἀέρος
1613 885 1703 939 καὶ
1750 887 1915 938 τοῦτο

2054 890 2251 958 pterea
2315 887 2470 958 quod
2536 885 2657 941 haec
2728 884 2878 941 aeris
2921 883 3095 956 plena
3155 887 3312 951 sunt,
3362 884 3528 956 isque
3577 901 3691 940 non

289 975 630 1049 ἐκϐληθῆναι
683 979 760 1052 μὴ
810 975 1086 1048 δύνασθαι,
1134 979 1241 1031 τῶν
1293 973 1575 1049 στομάτων
1623 973 1795 1028 αὐτῶν
1843 992 1910 1026 πε

2050 977 2237 1047 possit
2279 976 2408 1048 ejici
2461 992 2473 1029 :
2523 976 2678 1047 quod
2726 974 2856 1047 ipsa
2915 973 3137 1030 oriﬁcia
3185 975 3256 1030 ab
3307 990 3460 1046 aqua
3505 974 3690 1030 conti-

286 1068 631 1146 ριεχομένων
663 1067 766 1122 ὑπὸ
794 1071 893 1121 τοῦ
921 1062 1137 1128 ὕδατος.

2047 1069 2314 1122 neantur.

365 1159 424 1227 ζ’.
478 1157 614 1212 ’Δπὸ
675 1153 732 1211 δὲ
785 1161 886 1225 τῆς
933 1151 1243 1229 κλεψύδρας
1294 1153 1666 1230 ἐναργέστερον
1731 1171 1915 1226 μαρτυ·

2116 1156 2175 1212 6.
2216 1155 2375 1210 Idem
2416 1153 2742 1210 evidentius
2792 1156 3040 1210 testatur
3087 1152 3394 1225 clepsydra
3435 1153 3500 1220 δι,
3533 1153 3689 1224 quod

284 1251 460 1322 ρεῖται
513 1246 589 1319 μὴ
635 1246 773 1300 κατά
818 1244 1022 1318 κόσμον
1076 1242 1208 1298 εἶναί
1252 1263 1304 1297 τι
1351 1241 1542 1297 κενόν.
1595 1242 1746 1296 Ἔστι
1798 1237 1843 1294 δ’
1899 1241 1915 1292 i

2047 1260 2293 1299 vacuum
2323 1243 2381 1298 in
2417 1244 2638 1298 mundo
2670 1260 2784 1299 non
2807 1243 2899 1300 sit.
2925 1243 3024 1299 Est
3043 1246 3240 1298 autem
3270 1241 3574 1315 clepsydra
3587 1259 3689 1298 vas

279 1332 563 1410 κλεψύδρα
609 1339 797 1396 σκεῦος
844 1330 1153 1407 κωνοειδὲς⁹
1191 1336 1408 1408 μικραῖς
1455 1351 1592 1385 τισιν
1627 1330 1787 1392 ὀπαῖς
1833 1330 1915 1398 τὴ·

2045 1333 2317 1389 conoides
2340 1349 2440 1388 seu
2462 1331 2849 1402 turbinatum,
2882 1332 3037 1404 quod
3067 1330 3293 1403 exiguis
3330 1330 3684 1403 quibusdam

282 1423 438 1500 βάσιν
485 1420 612 1500 ἔχον
669 1421 976 1500 διάτρητον·
1047 1422 1109 1476 τὸ
1169 1419 1226 1476 δὲ
1288 1421 1510 1494 στόμιον
1570 1419 1915 1490 ἐστενωμένοπ

2044 1422 2434 1478 foraminibus
2465 1422 2815 1492 perforatam
2847 1421 3014 1477 basin
3044 1420 3242 1488 habet,
3266 1420 3368 1476 sed
3394 1419 3682 1477 oriﬁcium

2043 1511 2115 1566 ad
2163 1511 2359 1582 ipsum
2413 1510 2636 1566 obtinet
2679 1510 2974 1566 verticem.
3052 1510 3170 1565 Hoc
3216 1525 3316 1565 vas
3358 1525 3492 1564 cum
3531 1526 3684 1582 aqua

271 1513 396 1568 κατ’
441 1511 610 1582 αὐτὴν
666 1515 826 1591 φέρον
894 1512 994 1582 τὴν
1052 1512 1295 1589 κορυφήν
1331 1556 1342 1568 .
1401 1513 1572 1564 Τοῦτο
1627 1508 1691 1563 τὸ
1749 1511 1934 1569 σκεῦος

270 1599 662 1678 πληρούμενον
711 1598 904 1663 ὕδατος
957 1602 1047 1655 καὶ
1109 1598 1569 1676 μετεωριζόμενον
1627 1598 1915 1669 ἐπιπωμα·

2041 1599 2319 1670 impletur
2344 1603 2401 1655 et
2430 1599 2831 1671 suspenditur,
2866 1602 2932 1653 ut
2977 1598 3263 1654 oriﬁcium
3312 1597 3542 1669 pollice,
3578 1595 3688 1653 aut

265 1692 566 1764 τιζομένου
613 1694 710 1746 τοῦ
756 1688 989 1763 στομίου
1038 1688 1128 1744 διὰ
1173 1693 1270 1743 τοῦ
1317 1687 1642 1764 ἀντίχειρος,
1674 1686 1709 1756 ἢ
1743 1683 1930 1747 ἄλλως

264 1801 392 1843 πως
449 1778 708 1855 ἀσφαλῶς
742 1825 756 1851 ,
801 1778 938 1834 ὥστε
1017 1780 1093 1852 μὴ
1155 1775 1300 1854 ἔχειν
1360 1777 1588 1833 ἐντεῦθεν
1646 1776 1736 1831 τὸν
1800 1775 1929 1848 ἀέρα

263 1867 640 1944 παρείσδυσιν,
690 1869 867 1942 στέγει
915 1867 977 1922 τὸ
1025 1865 1194 1944 ὕδωρ,
1247 1865 1329 1922 ὅτι
1383 1864 1511 1940 μηδ’
1558 1866 1617 1921 ἐκ
1651 1869 1759 1921 τῶν
1790 1867 1927 1920 κατά

2040 1688 2155 1744 alio
2186 1690 2573 1760 quoammodo
2611 1688 2971 1744 sufﬁcienter
3017 1688 3376 1755 obstruetur,
3435 1704 3550 1759 quo
3582 1705 3680 1744 aer

2037 1795 2140 1851 per
2159 1779 2217 1834 id
2250 1765 2590 1850 subingredi
2621 1794 2735 1833 non
2765 1777 2971 1848 possit,
3005 1792 3238 1832 omnem
3297 1793 3511 1847 aquam
3544 1793 3674 1833 sus-

2034 1867 2203 1936 tinet,
2237 1867 2376 1940 quia
2404 1883 2509 1924 nec
2538 1884 2606 1922 ex
2635 1865 2925 1922 universis
2972 1865 3032 1921 in
3081 1866 3222 1922 base
3254 1863 3545 1921 meatibus
3577 1882 3677 1921 aer

260 1959 372 2028 τήν
409 1957 560 2035 βάσιν
602 1957 786 2033 πόρων
838 1955 981 2012 ὅλων
1030 1953 1244 2011 δύναται
1292 1952 1640 2031 παρεισδῦναί
1685 1976 1768 2017 τις
1819 1955 1915 2031 ἄήρ

2034 1956 2248 2030 aliquis
2279 1957 2617 2030 subingredi
2650 1960 2841 2027 potest
2867 1971 2999 2010 cum
3031 1970 3196 2026 aqua;
3246 1969 3487 2025 corpore
3525 1971 3674 2026 prte-

259 2043 837 2124 προκαταληφθέντων
906 2050 985 2118 τῷ
1067 2049 1166 2100 τοῦ
1244 2042 1435 2106 ὕδατος
1509 2044 1771 2117 σώματι,
1827 2043 1918 2097 καὶ

261 2134 441 2192 οἱονεὶ
492 2133 909 2213 ἀποφραγέντων
957 2134 1049 2188 καὶ
1095 2134 1195 2203 τὴν
1247 2130 1482 2204 διέξοδον
1535 2129 1860 2187 ἀποκλεισάν
1891 2164 1917 2174 -

254 2245 377 2281 των
428 2227 509 2296 τῷ
560 2222 852 2296 πνεύματι.
902 2221 1060 2277 Μένει
1106 2225 1395 2297 τοιγαροῦν
1444 2222 1507 2276 τὸ
1554 2218 1701 2296 ὕδωρ
1752 2219 1914 2291 ἐντὸς,

257 2312 360 2369 διὰ
413 2313 476 2368 τὸ
539 2313 615 2387 μὴ
669 2312 959 2389 πεφυκέναι
1011 2312 1148 2366 κατᾶ
1203 2309 1406 2384 κόσμον
1467 2308 1748 2385 εὑρεθῆναί
1807 2331 1916 2364 που

253 2403 421 2460 κεκὸν
469 2399 610 2476 μηδὲ
654 2401 793 2477 πρὸς
856 2399 1056 2477 βραχύ.
1114 2399 1515 2476 Κπαρῥέοντος
1561 2400 1662 2475 γὰρ
1714 2397 1771 2453 ἃν
1819 2403 1915 2453 τοῦ

253 2491 460 2554 ὕδατος
507 2491 597 2545 καὶ
643 2491 738 2552 τὰς
785 2489 835 2545 έν
893 2493 962 2564 τῇ
1014 2490 1163 2565 βάσει
1211 2493 1308 2543 τοῦ
1356 2486 1556 2566 ἄγγους
1625 2488 1758 2550 ὀπὰς
1819 2487 1918 2543 οὐκ

253 2579 748 2654 ἀπολιμπάνοντος
799 2583 869 2653 τῇ
919 2599 1170 2655 συνεχειᾳ
1216 2585 1316 2648 τῆς
1369 2577 1620 2655 ῥεύσεως,
1653 2577 1752 2632 οὐκ
1800 2577 1916 2654 εἶχέ

252 2672 426 2727 ποθεν
457 2669 485 2724 ό
516 2668 623 2745 ἀὴρ
673 2665 930 2738 εἰσδῦναι,
977 2667 1068 2722 καὶ
1112 2668 1211 2737 τήν
1265 2667 1453 2744 χώραν
1499 2666 1708 2736 ἐκείνην
1748 2687 1914 2720 κατα-

256 2753 476 2831 λαϐεῖν,
515 2759 582 2828 ἣν
633 2757 974 2833 προκατέχον
1018 2755 1082 2811 τὸ
1133 2755 1427 2832 καταρρέον
1482 2753 1629 2832 ὕδωρ
1661 2754 1910 2813 ἀπέλιπε.

253 2847 354 2904 καὶ
409 2847 476 2917 ἦν
536 2844 596 2901 ἂν
651 2845 701 2919 ἐξ
750 2845 988 2921 ἀνάγκης
1037 2843 1185 2908 έντὸς
1230 2848 1326 2899 τοῦ
1374 2845 1574 2920 ἅγγους
1617 2865 1703 2906 τις
1745 2842 1912 2906 τόπος

255 2934 440 2998 κενός.
471 2937 590 2989 Ὅτι
623 2931 670 2989 δ’
713 2933 774 2989 οὐ
819 2933 1025 3012 πέφυκε
1064 2937 1247 3005 τοῦτο,
1303 2932 1447 3005 μένει
1493 2933 1558 2988 τὸ
1605 2929 1751 3007 ὕδωρ
1783 2929 1911 2987 ὅλον

256 3023 559 3099 ἀμείωτον.
607 3023 772 3078 Ἐπὰν
825 3020 871 3077 δ’
922 3021 982 3077 ἐκ
1007 3026 1104 3076 τοῦ
1151 3020 1380 3095 στομίου
1428 3015 1569 3095 λάϐῃ
1613 3021 1736 3074 τινὰ
1772 3040 1916 3096 παρ-

259 3110 498 3168 είσδυσιν
545 3112 574 3166 ὁ
627 3113 755 3186 ἀὴρ,
803 3110 928 3166 τότε
972 3109 1230 3187 καταρῥεῖ
1273 3114 1533 3165 τοσοῦτον
1591 3113 1689 3164 τοῦ
1719 3106 1913 3172 ὕδατος

252 3201 387 3259 ὅσον
434 3204 533 3256 τοῦ
583 3200 742 3276 ἀέρος
787 3199 1111 3275 εἷσέρχεται’
1171 3199 1261 3254 καὶ
1315 3202 1412 3254 τοῦ
1467 3198 1692 3272 στομίου
1749 3197 1912 3254 πάλιν

256 3287 662 3370 φραττομένου,
723 3285 1125 3363 διακοπτομένη
1187 3287 1425 3362 παρευθὺ
1475 3292 1573 3342 τοῦ
1630 3285 1822 3350 ὕδατος
1878 3290 1914 3358 ἡ

251 3375 618 3454 κατάρῥευσις
673 3375 947 3432 παύεται·
1007 3375 1097 3431 καὶ
1177 3375 1325 3451 μένει
1399 3376 1461 3432 τὸ
1519 3380 1617 3431 τοῦ
1672 3373 1864 3439 ὕδατος
1901 3421 1917 3446 ,

253 3464 646 3545 ἐναπολειφθὶν
702 3469 772 3540 τῇ
831 3463 1156 3543 κλεψύδρα,
1219 3466 1357 3521 καθὰ
1425 3467 1488 3521 τὸ
1565 3464 1695 3521 ὅλον
1767 3463 1915 3542 ὕδωρ

251 3555 419 3631 ἔμενε
473 3554 763 3632 πρότερον.
823 3555 1062 3632 Φατερὸν
1123 3552 1215 3610 οὖν
1269 3556 1344 3619 ὡς
1405 3555 1503 3610 οὐκ
1549 3553 1692 3612 ἔστιν
1744 3555 1795 3610 έν
1838 3560 1918 3628 τῷ

252 3667 288 3702 κ
302 3645 464 3719 όσμῳ
490 3665 546 3699 τι
567 3643 739 3699 κενόν.

330 3738 392 3803 ζ’.
425 3732 568 3806 Ἔξω
621 3729 680 3787 δὲ
727 3738 824 3788 τοῦ
872 3732 1090 3806 κόσμου
1126 3733 1188 3788 τὸ
1247 3737 1495 3789 τοιοῦτον
1564 3734 1715 3789 κενὸν
1778 3735 1914 3789 ὑπο-

253 3827 458 3879 νοεῖται
509 3819 716 3893 διήκειν
770 3821 845 3884 εἷς
893 3818 1132 3896 ἄπειρον.
1185 3823 1333 3878 Ἐπεὶ
1381 3824 1484 3898 γὰρ
1537 3829 1641 3878 πᾶν
1699 3825 1762 3878 τὸ
1817 3845 1913 3878 πε-

254 3911 580 3989 ριεχόμενον
624 3909 794 3988 ἑτέρῳ
845 3910 953 3965 τινὶ
1007 3911 1363 3988 περιέχεται,
1422 3913 1600 3977 καθὼς
1660 3911 1748 3967 ἐπὶ
1804 3916 1912 3967 τῶν

259 4003 500 4076 μερικῶν
560 4000 830 4074 σωμάτων
910 3999 1215 4078 ἐκφαίνεταιι
1271 4002 1360 4074 (τὰ
1419 4003 1514 4074 μὲν
1575 4003 1679 4077 γὰρ
1738 4002 1913 4056 αὐτῶν

257 4088 401 4165 ἀέρι,
459 4086 525 4142 τά
584 4085 630 4143 δ’
687 4085 863 4160 ὕδατι,
912 4090 982 4144 τὰ
1041 4086 1087 4143 δ’
1156 4086 1315 4161 ἄλλῳ
1370 4089 1478 4144 τινὶ
1528 4090 1911 4166 περιέχεται),

259 4176 353 4233 καὶ
412 4176 442 4230 ὁ
495 4170 705 4250 κόσμος
759 4177 977 4240 πάντως
1033 4175 1440 4253 πεπερασμένος
1508 4179 1765 4254 ὑπάρχων
1829 4179 1916 4255 ὑφ’

261 4266 449 4343 ἑτέρου
477 4266 621 4329 τινὸς
653 4264 712 4321 ἂν
741 4266 1080 4342 περιέχοιτο.
1133 4269 1306 4338 Σῶμα
1354 4263 1400 4320 δ’
1445 4265 1546 4322 οὐκ
1593 4263 1730 4321 ἔστιν
1764 4266 1916 4328 ἐκτὸς

256 4361 356 4412 τοῦ
403 4354 635 4430 κόσμου.
685 4355 785 4411 Καὶ
825 4356 930 4432 γὰρ
981 4349 1140 4417 οὗτός
1191 4354 1332 4410 ἐστιν
1377 4357 1412 4424 ἡ
1463 4353 1738 4430 σύλληψις
1783 4377 1914 4411 παν-

257 4445 353 4507 τὸς
383 4445 638 4518 σώματος
681 4444 772 4500 καὶ
824 4441 1122 4518 περίληψις
1171 4444 1282 4505 καὶ,
1335 4445 1450 4499 οἷον
1480 4443 1672 4514 εἴπεῖν,
1714 4443 1915 4514 ὁλότης

259 4535 572 4607 σωματική.
621 4538 919 4609 Τοιγαροῦν
971 4533 1260 4607 ἀσώματον
1306 4531 1450 4588 ἐσται
1488 4534 1551 4588 τὸ
1579 4534 1671 4589 τὸν
1708 4533 1915 4606 κόσμον

258 4621 540 4698 περιέχον.
599 4623 665 4677 Εἰ
711 4623 813 4699 γὰρ
864 4625 1026 4696 σῶμα
1075 4621 1166 4676 καὶ
1212 4625 1394 4696 τοῦτο,
1444 4622 1915 4701 περιληφθήσεται

2032 2046 2318 2120 occupati,
2351 2050 2408 2102 et
2424 2045 2584 2102 velut
2613 2044 2867 2101 obturati
2905 2044 3045 2110 sint,
3078 2042 3430 2114 spirituique
3459 2043 3672 2099 transi-

2027 2140 2154 2192 tum
2184 2135 2553 2192 occluserint.
2586 2134 2783 2190 Manet
2811 2149 2947 2206 ergo
2995 2149 3151 2203 aqua
3191 2131 3353 2187 intus
3397 2131 3534 2203 quia
3570 2148 3671 2187 va-

2027 2243 2205 2282 cuum
2236 2226 2294 2280 in
2342 2225 2560 2280 mundo
2610 2222 2841 2279 nullum
2894 2221 3128 2294 uspiam
3179 2219 3266 2276 vel
3324 2219 3670 2276 brevissimo

2024 2319 2287 2387 tempore
2346 2313 2654 2386 reperitur.
2711 2312 2771 2369 Si
2836 2310 2995 2367 enim
3064 2310 3344 2366 deﬂueret
3407 2326 3564 2381 aqua
3611 2314 3669 2365 et

2026 2403 2315 2460 foramina
2344 2403 2404 2457 in
2435 2402 2574 2457 base
2602 2401 2758 2456 vasis
2795 2399 3180 2456 continuitate
3205 2398 3479 2454 ﬂuxionis
3509 2399 3665 2454 370

2025 2510 2141 2549 non
2171 2491 2545 2562 relinqueret,
2578 2490 2738 2546 haud
2771 2492 2970 2560 posset
3018 2487 3287 2544 alicunde
3315 2503 3414 2544 aer
3438 2487 3664 2561 ingredi

2024 2587 2080 2639 et
2110 2580 2366 2653 spatium
2398 2579 2541 2634 illud
2573 2593 2855 2650 occupare
2885 2577 3040 2649 quod
3073 2593 3228 2649 aqua
3275 2576 3375 2631 illa
3403 2576 3664 2633 deﬂuens

2024 2671 2189 2743 prius
2232 2668 2502 2736 obtinuit,
2554 2671 2611 2722 et
2641 2669 2767 2739 jam
2818 2665 3120 2722 deseruit:
3155 2665 3353 2736 sicque
3396 2682 3666 2722 necessa-

2023 2760 2110 2816 rio
2141 2759 2295 2814 intra
2316 2775 2420 2813 vas
2452 2756 2667 2829 aliquis
2701 2756 2863 2811 locus
2891 2771 3111 2811 vacuus
3144 2755 3309 2810 foret.
3341 2755 3503 2819 Quod
3535 2755 3666 2826 qui-

2025 2849 2157 2904 dem
2189 2847 2327 2918 quia
2357 2847 2480 2902 ﬁeri
2526 2863 2641 2901 non
2662 2848 2872 2918 potest,
2911 2843 3184 2900 universa
3230 2860 3385 2914 aqua
3412 2843 3668 2900 diminu-

2023 2936 2203 2993 tionis
2231 2951 2438 3008 expers
2478 2937 2693 2990 manet.
2739 2932 2925 2988 Simul
2974 2948 3041 2988 ac
3089 2935 3286 2988 autem
3333 2949 3402 2988 ex
3447 2932 3669 2988 oriﬁcio

2023 3042 2122 3081 aer
2147 3025 2352 3097 incipit
2379 3023 2741 3096 subingredi,
2771 3027 2911 3077 tunc
2962 3025 3194 3078 tantum
3242 3038 3406 3094 aqua;
3462 3022 3670 3092 deluit,

2025 3118 2313 3186 quantum
2363 3113 2514 3169 aeris
2562 3111 2892 3184 ingreditur
2941 3130 2957 3166 :
3007 3115 3066 3166 et
3133 3127 3339 3167 rursus
3383 3127 3518 3168 cum
3568 3112 3672 3168 ob-

2025 3202 2294 3273 struitur,
2369 3201 2552 3257 incisa
2615 3199 2882 3272 protinus
2949 3216 3112 3272 aqua:
3180 3199 3358 3255 ﬂuxio
3437 3199 3673 3270 desinit,

2031 3295 2344 3362 manetque
2394 3290 2550 3361 quod
2605 3290 2676 3344 de
2732 3305 2886 3360 aqua
2928 3287 2990 3343 in
3050 3287 3353 3361 clepsydra
3404 3287 3672 3345 relictum

2031 3383 2142 3445 est,
2194 3378 2690 3450 quemadmodum
2742 3377 2909 3449 prius
2955 3375 3227 3433 universa
3272 3394 3423 3448 aqua
3470 3394 3670 3434 mane-

2026 3470 2146 3525 bat.
2178 3467 2555 3524 Manifestum
2587 3471 2678 3523 est
2704 3466 2884 3539 igitur
2911 3482 3161 3522 vacuum
3210 3466 3268 3522 in
3299 3466 3521 3522 mundo
3553 3483 3670 3524 non

2027 3575 2175 3615 esse.

2097 3737 2151 3792 7.
2180 3739 2351 3792 Extra
2394 3736 2684 3791 mundum
2731 3738 2928 3791 autem
2974 3734 3266 3806 ejusmodi
3313 3750 3567 3791 vacuum
3609 3733 3670 3790 in

2027 3826 2326 3881 inﬁnitum
2387 3831 2690 3896 penetrare
2759 3823 3107 3896 concipitur.
3169 3823 3458 3888 Quoniam
3511 3824 3668 3880 enim

2026 3930 2199 3971 omne
2231 3915 2387 3986 quod
2420 3913 2775 3981 continetur,
2805 3913 2879 3968 ab
2918 3912 3033 3968 alio
3091 3913 3288 3984 aliquo
3318 3911 3671 3983 continetur,

2029 4003 2528 4077 quemadmodum
2561 4001 2621 4057 in
2656 4000 3107 4074 particularibus
3128 3999 3470 4072 corporibus
3499 4017 3673 4073 appa-

2025 4097 2114 4149 ret
2139 4093 2366 4165 (corum
2398 4091 2614 4162 quippe
2643 4090 2758 4146 alia
2787 4107 2936 4160 aere,
2971 4089 3087 4146 alia
3116 4107 3288 4163 aqua,
3329 4089 3445 4145 alia
3473 4089 3671 4162 aliquo

2026 4182 2141 4237 alio
2170 4180 2561 4252 continentur)
2600 4196 2612 4234 :
2642 4181 2904 4235 mundus
2946 4179 3122 4235 etiam
3153 4194 3287 4234 cum
3318 4177 3673 4234 terminatus

2026 4270 2122 4342 sit,
2155 4270 2227 4324 ab
2277 4269 2389 4324 alio
2438 4268 2632 4341 aliquo
2681 4268 3093 4324 continebitur.
3143 4266 3317 4339 Atqui
3364 4267 3410 4302 ³³
3457 4283 3672 4339 corpus

2025 4364 2191 4416 extra
2223 4358 2515 4413 mundum
2547 4375 2663 4413 non
2696 4361 2803 4414 est.
2836 4358 2940 4412 Hic
2971 4356 3127 4412 enim
3159 4361 3251 4412 est
3290 4355 3670 4428 comprehen-

2026 4450 2113 4506 sio
2144 4453 2201 4504 et
2240 4447 2583 4519 complexio,
2625 4453 2683 4503 et
2730 4447 3184 4516 consummatio,
3215 4449 3283 4500 ut
3326 4445 3409 4501 ita
3453 4445 3670 4514 dicam,

2024 4537 2290 4594 omnium
2322 4552 2653 4608 corporum.
2706 4538 3068 4608 QuaprOpter
3120 4535 3529 4607 incorporeum
3560 4534 3672 4591 erit

2024 4626 2084 4682 id
2115 4626 2271 4697 quod
2304 4625 2593 4680 mundum
2619 4625 2898 4681 continet.
2935 4624 2995 4680 Si
3025 4624 3182 4680 enim
3213 4627 3269 4680 et
3298 4623 3407 4680 hoc
3455 4639 3670 4696 corpus

258 4710 478 4772 πάντως
539 4710 626 4766 ὑπ’
683 4709 860 4768 ἄλλου
917 4708 1082 4773 τινός.
1147 4714 1322 4784 Σῶμα
1376 4713 1480 4788 γὰρ
1540 4713 1759 4788 ἄπειρον
1819 4711 1915 4767 οὐκ

2029 4715 2120 4787 sit,
2153 4716 2302 4770 371
2341 4714 2412 4768 ab
2430 4713 2542 4769 alio
2567 4713 2769 4786 utique
2798 4711 3667 4786 comprehendetur;inﬁnitum

263 4796 403 4854 ἔστιν
432 4796 738 4869 ἐπινοῆσαι,
789 4799 986 4876 Διόπερ
1035 4799 1343 4875 ἀναγκαίως
1395 4801 1680 4874 ἀσώματον
1726 4801 1785 4855 ἃν
1826 4796 1909 4872 εἴη

262 4888 326 4943 τὸ
382 4888 639 4964 περιέχον
692 4887 935 4964 ἐσχάτως
976 4890 1076 4958 τὴν
1130 4889 1412 4963 σύμπασαν
1471 4889 1756 4967 ἐγκόσμιον
1807 4889 1913 4944 σύ-

265 4995 472 5034 στασιν.
529 4976 618 5037 Ὣς
679 4974 725 5029 δ’
774 4975 1021 5030 ἁπάντων
1069 4971 1320 5053 ἔσχατον,
1368 4975 1515 5059 ἔσται
1562 4975 1619 5031 δὲ
1669 4978 1910 5053 ἄπειρον.

265 5065 371 5135 Τὴν
423 5064 653 5136 ὑστάτην
702 5063 793 5120 οὖν
839 5069 944 5120 τῶν
1000 5059 1167 5120 ὄντων
1226 5067 1495 5142 περιοχὴν
1544 5066 1644 5134 τὴν
1691 5067 1912 5138 ἀσώμα-

265 5151 356 5209 τόν
386 5173 446 5209 τε
491 5152 584 5209 καὶ
613 5155 833 5229 ἄπειρον
864 5151 1018 5208 κενδν
1072 5151 1451 5227 ὀνομάζουσιν·
1494 5153 1570 5216 ὡς
1625 5155 1756 5228 μήτι
1804 5157 1912 5208 τῶν

266 5239 533 5318 σωμάτων
563 5239 793 5318 ἔχουσαν
823 5240 969 5306 ὅλως
1001 5241 1054 5298 έν
1081 5241 1266 5317 ἑαυτῇ.

2025 4804 2182 4861 enim
2230 4820 2444 4876 corpus
2493 4803 2748 4875 cogitare
2802 4819 2916 4859 non
2965 4802 3120 4858 licet.
3163 4802 3523 4875 Quapropter
3568 4817 3668 4857 ne-

2022 4893 2275 4950 cessario
2305 4893 2713 4964 incorporeum
2745 4891 2874 4958 erit,
2905 4892 2966 4946 id
3015 4892 3169 4963 quod
3225 4895 3479 4947 extreme
3534 4890 3667 4945 uni—

2023 5000 2259 5038 versum
2309 4983 2366 5036 in
2430 4983 2650 5036 mundo
2718 4999 2868 5053 opus
2932 4981 3209 5036 continet.
3277 4981 3423 5046 Quia
3470 4983 3668 5036 autem

2026 5072 2293 5128 omnium
2326 5075 2673 5140 extremum,
2708 5071 2884 5126 etiam
2929 5069 3228 5124 inﬁnitum
3287 5070 3416 5124 erit.
3470 5069 3670 5124 Extre-

2028 5177 2187 5216 mam
2220 5160 2463 5231 proinde
2492 5159 3073 5231 comprehensionem
3104 5175 3307 5214 eorum
3355 5173 3482 5230 quas
3512 5160 3673 5230 sunt,

2029 5266 2165 5306 cum
2196 5249 2622 5320 incorpoream,
2660 5252 2788 5304 tum
2829 5247 3144 5319 inﬁnitam,
3201 5263 3454 5304 vacuum
3485 5246 3676 5303 nomi-

2032 5342 2196 5410 nant,
2229 5341 2296 5392 ut
2321 5354 2451 5408 quac
2491 5335 2721 5394 nullum
2770 5337 3010 5394 omnino
3067 5336 3126 5392 in
3173 5351 3239 5393 se
3284 5335 3415 5410 ipsa
3467 5351 3679 5409 corpus

2034 5427 2264 5484 habeat.

344 5618 384 5653 ³¹
412 5617 561 5675 Vide
584 5617 836 5676 Gardan.
867 5619 948 5672 De
975 5614 1254 5673 varietate
1275 5632 1497 5689 rerum,
1526 5617 1630 5675 lib.
1663 5637 1727 5691 ιι,
1759 5638 1820 5694 p.
1847 5621 1912 5677 71

2051 5623 2097 5658 ³²
2129 5641 2148 5679 1
2177 5622 2261 5680 De
2290 5621 2432 5678 caelo
2460 5637 2510 5677 ο.
2536 5621 2592 5677 9.
