4072 6450
355 491 509 557 1305

1681 479 2028 552 EPITOME
2072 481 2429 552 PHYSICA.

3603 480 3763 545 1306

351 626 442 683 καὶ
476 621 682 700 μόνιμα
710 620 802 680 καὶ
831 621 934 694 τήν
983 621 1151 693 αὐτὴν
1202 619 1543 702 φυλάττοντα
1584 619 1726 694 τὲζεν
1772 621 2035 690 nmina

2155 620 2624 678 onﬁrmationem
2653 619 2905 696 pertinet
2929 614 2992 674 τὸ
3023 616 3129 689 ὅτι,
3187 617 3244 676 ld
3291 621 3381 675 est
3410 618 3570 690 quod,
3627 634 3762 672 seu-

353 735 473 788 κας,
506 713 582 777 εἷς
609 715 639 770 ’ὁ
670 711 940 787 διαμένειν
972 712 1179 776 ἐθέλοις
1206 715 1269 769 τὸ
1298 719 1422 769 πᾶν.

2114 713 2398 782 quoniam,
2431 730 2548 768 non
2579 728 2769 768 causa:
2819 709 3204 766 redditionem
3251 708 3448 764 habet.
3508 713 3555 761 A
3604 723 3764 762 com-

357 805 522 861 muni
559 821 572 861 :
613 805 971 877 Cognoscam
1004 803 1207 860 lunam
1239 809 1296 860 et
1321 803 1540 873 stellas,
1575 821 1750 877 opera
1779 801 2095 874 digitorum
2143 803 2403 871 tuorum,
2466 819 2594 874 quae
2624 808 2689 857 tu
2719 802 2962 858 fundata
3017 804 3075 856 et
3133 798 3367 856 stabilia
3395 801 3452 855 et
3489 797 3760 854 eumdem

358 894 623 950 ordinem
657 894 1050 949 custodientia
1079 894 1286 960 fecisti,
1323 894 1670 966 quantisper
1698 893 2046 949 universum
2085 905 2425 960 permanere
2470 893 2742 948 volueris.

435 982 499 1056 β’.
535 975 818 1036 Διαλαϐὼν
882 978 940 1035 δὲ
988 980 1112 1057 περὶ
1168 980 1404 1052 σελήνης
1454 983 1544 1036 καὶ
1624 981 1885 1057 ἀστέρων,
1946 980 2008 1035 ού

357 1076 570 1146 παρῆκε
595 1069 686 1123 τὸν
719 1068 882 1138 ἥλιον
917 1071 1030 1142 ἅμα
1057 1071 1151 1143 μέν
1206 1072 1339 1144 μετά
1393 1076 1500 1125 τῶν
1559 1071 1794 1144 ἀστέρων
1851 1070 2011 1141 τάξας

363 1159 439 1220 ὡς
485 1158 681 1234 ἀστέρα
708 1159 797 1212 καί
845 1158 1002 1214 αὐτὸν
1057 1159 1392 1236 έξοχώτατον
1433 1161 1522 1215 καὶ
1586 1160 2014 1237 βασιλικώτατον

362 1246 452 1301 καὶ
504 1245 890 1322 λαμπρότατον
933 1248 1022 1303 καὶ
1081 1249 1419 1325 ἀστεράρχην
1469 1249 1856 1323 ὠνομασμένον
1910 1249 2012 1304 ὑπό

362 1357 523 1390 τινων
574 1341 890 1415 προσφυῶς
926 1338 1038 1411 ἅμα
1087 1336 1132 1392 δ’
1170 1338 1243 1400 ὡς
1292 1343 1360 1412 τῇ
1410 1337 1613 1412 σελήνῃ
1667 1337 2014 1408 συνεξακουό-

367 1424 524 1497 μενὸν
570 1446 630 1480 τε
684 1426 774 1480 καὶ
832 1426 1246 1500 συννοούμενον,
1307 1425 1420 1502 εἷ’γε
1481 1427 1647 1502 ταύτῃ
1700 1428 1763 1482 τὸ
1821 1431 1934 1506 φῶς
1964 1427 2015 1498 ἐξ

364 1513 530 1569 αὐτοῦ
557 1515 690 1569 καθὸ
710 1515 883 1592 φαίνει
911 1516 1010 1571 οὐκ
1039 1516 1098 1572 έκ
1126 1517 1354 1595 φύσεως.

441 1698 508 1766 γ’.
541 1691 676 1764 Ἰδίᾳ
707 1691 765 1747 δὲ
793 1695 918 1769 περὶ
967 1698 1064 1764 τῆς
1115 1694 1352 1766 σελήνης
1395 1693 1720 1772 εἷίρηκεῆκαὶ
1778 1698 1852 1769 μὴ
1900 1718 2018 1750 συν-

371 1783 687 1859 εκφωνήσας
738 1782 940 1853 ταύτην
1025 1789 1142 1846 τοῖς
1202 1783 1444 1861 ἄστρασι,
1505 1783 1575 1839 δι’
1631 1785 1664 1838 ἃ
1713 1785 1849 1860 πρὸς
1892 1784 2018 1846 τοὺς

368 1869 595 1946 ἀστέρας
656 1871 1000 1944 ἀκοινώνητα
1057 1873 1205 1950 φέρει
1263 1871 1469 1928 πολλά·
1529 1875 1623 1936 τὰς
1684 1879 1783 1929 τοῦ
1843 1875 2022 1947 φωτὸς

372 1957 622 2030 αὐξήσεις
672 1961 762 2014 καὶ
818 1962 1092 2034 μειώσεις,
1145 1961 1476 2038 ἀποκρύψεις
1531 1983 1590 2017 τε
1652 1963 1744 2017 καὶ
1791 1962 2022 2040 πληρώ-

373 2068 508 2120 σεις,
539 2047 628 2103 καὶ
680 2048 811 2110 τοὺς
865 2048 1156 2113 ποικίλους
1217 2051 1664 2127 σχηματισμοὺς,
1696 2053 1785 2107 καὶ
1843 2051 2024 2128 ἔτιπερ

372 2134 554 2199 οὐδεὶς
608 2141 717 2192 τῶν
769 2137 1008 2213 ἀστέρων
1062 2138 1249 2212 ἔξωθεν
1310 2139 1426 2217 ἔχει
1483 2143 1545 2196 τὸ
1606 2145 1741 2220 φῶς,
1773 2142 1848 2196 ὡς
1890 2141 2023 2212 αὕτη

370 2227 488 2281 κατ’
536 2226 934 2303 έπεισαγωγήνο
985 2226 1114 2283 ἀλλ’
1163 2225 1372 2294 οἴκοθεν
1439 2229 1658 2306 ἔχουσιν
1712 2231 1841 2287 αὐτὸ
1887 2232 2028 2286 πάν-

373 2336 460 2378 τες
518 2315 608 2369 καὶ
667 2313 1074 2388 ἀναπόϐλητον,
1108 2317 1159 2373 εἷ’
1209 2320 1301 2374 καὶ
1361 2319 1714 2396 μεθ’ἡμέραν
1771 2321 2026 2396 ὁρῶνται,

373 2407 475 2473 τῆς
525 2403 765 2474 ἡλιακῆς
811 2405 1009 2469 αὐτοὺς
1060 2408 1516 2484 ἀποκρυπτούσης
1567 2407 1855 2484 πλησμίου
1921 2432 2031 2488 φω-

373 2495 637 2568 τοχυσίας
666 2494 757 2549 καὶ
790 2491 1246 2571 ὑπερϐαλλούσης
1279 2496 1691 2573 λαμπρότητος.

451 2667 516 2727 δ’.
545 2675 602 2724 Ὁ
636 2671 730 2744 μέν
778 2670 870 2727 οὖν
905 2671 1070 2743 ἥλιος
1105 2675 1444 2752 ὑψηλότερός
1475 2677 1586 2733 ἐστι
1641 2683 1742 2747 τῆς
1795 2677 2032 2750 σελήνης

385 2756 642 2813 έπιπλέον
675 2760 711 2828 ἢ
755 2759 880 2816 ὅσον
931 2761 1228 2840 ἀφέστηκεν
1279 2765 1414 2836 αὕτη
1466 2773 1567 2835 τῆς
1609 2769 1712 2842 γῆς
1756 2765 1845 2821 καί
1901 2766 2036 2822 πολ-

382 2845 572 2923 λαχῶς
606 2847 886 2905 ἐπιπλέοψ
919 2853 954 2920 ἡ
1009 2849 1066 2906 δὲ
1111 2852 1520 2929 χθαμαλωτάτη
1571 2856 1770 2917 παντὸς
1812 2855 2033 2932 ἀστέρος

378 2937 716 3012 γινώσκεται.
749 2943 864 2993 Τῶν
920 2941 1023 3015 γὰρ
1079 2941 1315 3018 ἀστέρων
1379 2945 1430 2998 οἱ
1494 2945 1587 3018 μὲν
1650 2945 1931 3016 ἀπλανεῖς,
1983 2947 2034 3000 oi

382 3022 441 3079 δὲ
469 3025 746 3096 πλάνητες
779 3026 1048 3103 λέγονται.
1079 3019 1177 3085 Καὶ
1211 3033 1262 3086 οἱ
1299 3033 1393 3102 μὲν
1443 3033 1699 3096 ἀπλανεῖς
1748 3035 2035 3107 ὁμοτίμως

389 3113 728 3188 ὑψηλότατοι
778 3117 968 3179 πάντες
1010 3119 1098 3173 καὶ
1146 3119 1495 3194 πάμπολλοι·
1544 3123 1606 3176 τὸ
1671 3123 1828 3198 χύμα
1893 3123 2037 3200 λέγω

2051 1835 2099 1900 Β

2191 983 2344 1037 376
2373 984 2427 1036 2.
2465 987 2609 1036 Dum
2644 986 2837 1037 autem
2869 981 2940 1035 de
2970 979 3112 1034 luna
3139 977 3438 1047 disseruit,
3470 993 3586 1032 non
3618 993 3764 1048 prie-

2126 1071 2385 1128 termisit
2415 1071 2621 1137 solem,
2652 1075 2717 1125 ut
2747 1087 2922 1142 quem
2953 1068 3165 1142 partim
3200 1084 3335 1123 cum
3380 1065 3564 1122 stellis
3596 1063 3767 1121 collo-

2123 1162 2289 1228 carit,
2325 1161 2480 1233 quod
2510 1167 2566 1215 et
2594 1160 2719 1232 ipse
2746 1157 2916 1214 stella
2946 1158 3024 1214 sit
3077 1157 3248 1228 longe
3277 1153 3769 1212 excellentissima

2123 1256 2180 1307 et
2216 1250 2468 1306 maxime
2498 1249 2658 1320 regia
2687 1253 2744 1303 et
2794 1246 3293 1320 splendidissima,
3353 1249 3411 1300 et
3467 1242 3768 1300 stellarum

2126 1340 2397 1413 princeps
2428 1340 2500 1394 ab
2530 1338 2827 1410 aliquibus
2857 1335 3264 1393 convenienter
3293 1333 3630 1390 nominatus
3652 1332 3771 1387 fue-

2126 1429 2239 1496 rit;
2275 1428 2488 1500 partim
2519 1443 2654 1483 vero
2692 1444 2826 1482 cum
2858 1427 2999 1482 luna
3028 1423 3206 1481 simul
3255 1428 3313 1480 et
3340 1423 3688 1480 exaudiatur
3716 1423 3774 1477 et

2125 1517 2520 1590 intelligatur;
2555 1517 2849 1589 siquidem
2899 1516 3037 1571 huic
3068 1518 3359 1587 quatenus
3386 1513 3524 1569 licet
3551 1529 3620 1570 ex
3644 1511 3771 1584 ipso

2126 1606 2325 1662 lumen
2358 1611 2464 1673 est,
2499 1625 2614 1662 non
2646 1625 2679 1660 a
2704 1611 2911 1662 natura
2939 1607 3006 1661 ³³.

2199 1700 2252 1751 3.
2312 1697 2566 1752 Seorsim
2628 1700 2822 1751 autem
2877 1695 2950 1750 de
3003 1695 3145 1750 luna
3192 1694 3359 1758 dixit,
3417 1700 3469 1748 et
3516 1709 3647 1748 eam
3703 1691 3775 1747 de

2128 1785 2313 1842 stellis
2344 1802 2521 1856 agens
2580 1785 2738 1840 haud
2813 1783 3116 1856 expressit,
3202 1787 3437 1855 propter
3491 1781 3678 1838 multa
3713 1781 3774 1836 in

2135 1877 2351 1947 quibus
2382 1875 2603 1931 nullam
2627 1891 2761 1930 cum
2794 1873 2979 1930 stellis
2999 1872 3485 1930 communitatem
3513 1871 3691 1927 habet
3707 1873 3774 1939 33;

2135 1970 2368 2037 prepter
2397 1963 2640 2020 luminis
2683 1965 3048 2020 incrementa
3077 1967 3132 2018 et
3162 1963 3551 2029 decrementa,
3584 1959 3777 2017 occul-

2134 2053 2388 2110 tationes
2436 2054 2692 2125 itemque
2720 2051 3112 2125 impletiones,
3144 2051 3453 2124 variasque
3481 2050 3780 2123 ﬁguratio-

2137 2160 2240 2199 nes
2264 2159 2279 2211 ;
2312 2143 2586 2215 quodque
2618 2141 2778 2198 nulla
2807 2142 3109 2198 stellarum
3138 2141 3337 2196 lumen
3367 2140 3545 2196 habet
3573 2139 3785 2196 extrin-

2139 2249 2307 2288 secus
2337 2230 2449 2286 sibi
2481 2230 2888 2301 adveniens,ut
2915 2231 3038 2287 haec
3061 2247 3162 2303 per
3189 2229 3559 2285 inductiones
3592 2228 3783 2285 aliun-

2138 2323 2210 2377 de
2243 2320 2476 2390 factam,
2509 2321 2610 2376 sed
2649 2337 2852 2377 omnes
2881 2320 2938 2376 id
2973 2338 3006 2376 θ.
3064 2337 3124 2376 se
3154 2319 3392 2386 habent,
3443 2335 3548 2374 nec
3585 2318 3782 2391 ipsum

2141 2409 2450 2480 adjiciunt,
2503 2409 2738 2465 tametsi
2796 2409 3051 2465 interdiu
3081 2425 3197 2465 non
3254 2408 3582 2477 videantur,
3642 2407 3784 2463 dum

2141 2498 2420 2553 nimirum
2452 2513 2551 2554 eas
2581 2500 2980 2571 propinquum
3009 2498 3151 2554 solis
3188 2497 3388 2553 lumen
3417 2503 3476 2553 et
3503 2495 3787 2554 excellens

2142 2587 2419 2660 splendor
2449 2587 2592 2644 solis
2621 2588 2947 2644 abscondit.

2215 2679 2265 2732 4.
2292 2676 2444 2733 Solis
2474 2677 2654 2749 igitur
2683 2677 2934 2733 altitudo
2981 2694 3162 2749 supra
3205 2676 3408 2732 lunam
3449 2675 3633 2732 multo
3663 2692 3787 2731 ma-

2137 2768 2233 2838 jor
2285 2772 2394 2833 est,
2445 2784 2622 2838 quam
2655 2766 2833 2838 hujus
2864 2785 2898 2822 a
2953 2772 3107 2822 terra
3136 2766 3433 2834 distantia,
3465 2770 3523 2822 et
3552 2766 3789 2838 quidem

2146 2854 2353 2911 multis
2380 2855 2569 2910 modis
2600 2857 2788 2926 major
2817 2861 2944 2923 est;
2977 2855 3104 2928 ipsa
3135 2860 3331 2911 autem
3358 2854 3542 2928 [luna]
3601 2854 3796 2910 omni-

2146 2960 2244 2998 um
2278 2943 2581 2999 stellarum
2605 2961 2733 2999 esse
2755 2943 3087 2999 humillima
3107 2942 3797 3016 intelligitur.Stellarum

2147 3033 2303 3088 enim
2327 3031 2455 3088 aliae
2477 3031 2953 3098 inerrantes,aliaz
2973 3033 3228 3088 erratica;
3252 3033 3706 3090 dicuntur.877
3735 3036 3802 3087 Et

2147 3122 2474 3178 inerrantes
2504 3122 2742 3193 quidem
2776 3122 2995 3194 pariter
3049 3126 3189 3177 sunt
3238 3121 3538 3178 altissima
3568 3125 3626 3178 et
3653 3121 3800 3178 bene

383 3206 493 3256 τῶν
527 3202 763 3279 ἀστέρων
813 3205 943 3261 αὐτὸ
997 3208 1060 3261 τὸ
1118 3207 1498 3279 πολυπληθές,
1533 3212 1595 3264 O't
1654 3209 1713 3265 δὲ
1765 3210 2035 3281 πλάνητες

2157 3211 2357 3267 multae
2378 3213 2461 3278 3‘;
2494 3210 2791 3284 copiosam
2822 3211 2951 3266 dico
2986 3211 3290 3266 stellarum
3321 3210 3798 3278 multitudinem;

389 3290 526 3378 μετά
578 3290 668 3345 καὶ
723 3299 826 3361 τῆς
885 3292 1124 3366 σελήνης
1183 3298 1338 3368 έπτά,
1370 3299 1461 3353 καὶ
1493 3297 1669 3355 ἄλλου
1700 3298 1870 3364 ἄλλος
1902 3314 2039 3378 χθα-

387 3376 708 3456 μαλώτερός
737 3402 797 3436 τε
825 3383 916 3437 xui
946 3385 1387 3463 προσγειότερος.

455 3469 511 3525 ε’.
546 3472 652 3523 Τοῦ
710 3473 1091 3546 στερεώματος
1150 3473 1208 3530 δέ
1261 3474 1541 3540 κυκλικῶς
1589 3481 1914 3554 κινουμένου
1956 3481 2040 3535 κί-

384 3575 540 3626 νησιν
604 3556 866 3630 ὀξυτάτην
924 3561 1016 3616 καὶ
1079 3562 1344 3638 ἄληκτον,
1377 3566 1430 3637 ἒξ
1485 3566 1766 3623 ἀνατολῶν
1818 3568 1893 3631 εἷς
1925 3566 2045 3623 δυσ-

389 3645 516 3719 μὰς,
567 3645 644 3709 ὡς
690 3647 831 3724 πρὸς
878 3647 1146 3724 αἶ’σθησιν,
1200 3655 1695 3734 συμπεριφέρονται
1746 3657 1836 3712 καὶ
1904 3659 2046 3713 πάν-

385 3753 472 3797 τες
503 3734 725 3812 ἀστέρες
757 3737 926 3811 αὐτῷ,
956 3739 1049 3795 καὶ
1080 3740 1299 3816 σύμπας
1330 3744 1517 3821 αἰθήρ.

455 3914 521 3976 ς’.
553 3913 707 3970 Πολὺ
757 3913 816 3972 δὲ
856 3919 994 3973 πάνυ
1037 3921 1129 3974 καὶ
1185 3921 1380 3996 μυρίον
1421 3923 1485 3978 τὸ
1529 3929 1628 3979 τοῦ
1675 3923 1888 3999 αἰθέρος
1930 3924 2046 3981 διά-

384 4021 569 4076 στημα
594 4004 660 4058 τὸ
691 4003 752 4060 ἐκ
789 4010 887 4061 τοῦ
950 4009 1329 4084 στερεώματος
1379 4007 1484 4074 ἕως
1542 4018 1638 4068 τοῦ
1696 4014 2045 4088 ὑπεκκαύμα-

385 4105 500 4151 τος·
561 4089 694 4167 8περ
756 4094 1078 4171 ὑπέκκαυμα
1133 4099 1195 4152 τὸ
1267 4103 1374 4175 πῦρ
1449 4099 1584 4171 ἐστι,
1650 4103 1714 4157 τὸ
1770 4108 2044 4178 στοιχεῖον

385 4176 540 4237 αὐτό.
589 4182 663 4235 Τὸ
714 4184 818 4260 γὰρ
871 4186 1010 4258 ἡμῖν
1073 4187 1478 4262 γινωσκόμενον
1536 4194 1644 4264 πῦρ
1704 4176 2048 4265 ἕξαψίςηέστι

379 4271 480 4322 τοῦ
531 4269 789 4326 τοιούτου
850 4271 1244 4349 στοιχειώδους
1299 4278 1490 4352 πυρὸς,
1539 4273 1850 4354 ὑπερϐολὴν
1917 4277 2046 4357 ἔχον

383 4359 484 4428 τῆς
529 4357 824 4436 πυρώδους
879 4362 1244 4439 θερμότητος,
1277 4363 1457 4441 ὥσπερ
1508 4367 1538 4421 ὁ
1567 4366 1909 4444 κρύσταλλος
1945 4375 2047 4439 τῆς

387 4444 441 4502 ἐν
469 4445 624 4504 ὕδατι
657 4450 1044 4527 Θεωρουμένης
1073 4453 1446 4530 ψυχρότητος.

461 4629 520 4694 ζ’.
556 4626 619 4681 Οἱ
680 4627 776 4702 μὶν
837 4627 929 4685 οὖν
985 4629 1252 4696 ἀπλανεῖς
1324 4633 1541 4712 ἀστέρες
1626 4638 1934 4712 πεπήγασιν
1995 4635 2048 4692 έν

391 4716 472 4802 τῷ
498 4717 838 4792 στερεώματι
889 4720 981 4775 καὶ
1037 4720 1130 4776 σὺν
1182 4721 1331 4796 αύτῷ
1394 4723 1546 4798 μόνῳ
1575 4723 1853 4802 φέρονται,
1887 4724 2054 4800 μηδε-

390 4800 518 4874 μίαν
574 4801 714 4860 ἶδίαν
769 4809 908 4863 κατά
960 4809 1129 4865 τόπον
1193 4811 1519 4886 ποιούμενοι
1589 4800 1824 4886 κίνησινο
1883 4816 1935 4870 οἱ
1995 4814 2054 4871 δέ

387 4888 665 4963 πλάνητες
720 4894 784 4950 ού
845 4899 1158 4976 πεπήγασιν
1212 4900 1263 4956 ἐν
1322 4907 1402 4974 τῷ
1458 4903 1814 4978 στερεώματι·
1875 4925 2052 4960 κατω-

386 4981 530 5071 τέρω
589 4980 648 5038 δὲ
705 4983 902 5041 τούτου
959 4991 1099 5044 κατά
1149 5011 1300 5054 τινας
1363 4989 1634 5067 βαθμίδχς
1683 4992 1734 5047 ἐν
1771 4998 1848 5066 τῷ
1877 4994 2052 5071 αἰθέρι

395 5070 666 5150 μετέωροι
711 5074 989 5153 φέρονται,
1019 5079 1116 5135 καὶ
1167 5083 1264 5135 τοῦ
1320 5082 1700 5157 στερεώματος
1754 5070 2054 5162 φερομένου

375 5162 530 5234 ,μετά
573 5165 674 5232 τῆς
739 5168 850 5220 τῶν
916 5165 1172 5223 ἀπλανῶν
1223 5169 1552 5245 παμπληθεί
1587 5193 1648 5234 ας
1706 5172 2052 5244 ἐξάνατολῶν

388 5251 468 5312 εἷς
546 5247 776 5327 δυσμὰς,
828 5255 902 5317 ὡς
955 5259 991 5326 ἡ
1046 5255 1322 5332 αἴσθησις,
1377 5261 1532 5316 αὐτοὶ
1613 5261 1925 5318 τούναντίον
1996 5264 2056 5319 ἐκ

397 5337 618 5415 δυσμῶν
677 5341 755 5405 εἰς
808 5343 1079 5410 ἀνατολὰς
1139 5345 1276 5403 ἰδίαν
1332 5347 1726 5426 σχολαιοτέραν
1777 5357 2055 5408 κινοῦνται

383 5428 607 5501 κίνησιν
659 5434 817 5498 Ὅθεν
868 5435 958 5490 καὶ
1014 5433 1287 5508 πλάνητες
1344 5437 1764 5512 ὠνομάσθησαν⁸
1825 5441 1902 5504 ὡς
1960 5439 2056 5512 δῆ-

478 5609 528 5644 ³²
570 5611 732 5689 Vide
788 5632 970 5688 supra
1025 5633 1154 5689 cap.
1211 5617 1302 5688 25,
1361 5635 1419 5672 n.

391 5696 450 5759 ς.
491 5683 792 5759 yeteribus
839 5683 1163 5746 numeratae
1194 5683 1336 5745 sunt
1366 5689 1529 5759 1022,

1482 5619 1571 5690 10,
1629 5624 1689 5675 et
1739 5637 1868 5693 cap.
1927 5623 1998 5676 27
2056 5639 2114 5677 n.
2175 5623 2227 5677 1.

2155 3301 2413 3357 erraticae
2444 3305 2640 3356 autem
2671 3317 2803 3355 cum
2837 3301 2978 3356 luna
3007 3305 3231 3372 septem
3263 3304 3423 3368 sunt,
3455 3303 3513 3355 et
3542 3299 3658 3356 alia
3688 3299 3804 3356 alia

2153 3389 2437 3445 humilior
2463 3394 2553 3446 est
2580 3395 2865 3462 terrasque
2893 3389 3157 3445 vicinior.
3661 3391 3666 3396 ’

2228 3480 2283 3534 5.
2315 3479 2582 3550 Cumque
2612 3480 3055 3534 ﬁrmamentum
3088 3478 3448 3535 circulariter
3503 3479 3806 3534 moveatur

2155 3573 2318 3624 motu
2351 3568 2658 3641 celercimo
2690 3572 2748 3624 et
2777 3567 3113 3625 incessabili
3144 3568 3218 3624 ab
3248 3568 3474 3624 ortibus
3503 3568 3576 3624 ad
3637 3583 3804 3623 occa-

2155 3657 2464 3726 sus,simul
2497 3674 2631 3713 cum
2661 3673 2727 3713 eo
2758 3657 2934 3713 etiam
2969 3674 3172 3714 omnes
3203 3657 3383 3715 stellae
3411 3661 3468 3712 et
3496 3656 3809 3712 universus

2158 3747 2359 3813 aether,
2394 3751 2682 3819 quantum
2712 3746 2784 3802 ad
2815 3763 3057 3803 sensum
3090 3747 3320 3818 attinet,
3380 3746 3806 3802 circumferun-

2154 3841 2268 3892 tur.

2225 3927 2280 3980 6.
2315 3925 2642 3980 Plurimum
2677 3928 2873 3980 autem
2904 3925 2949 3959 ³⁵
2976 3928 3033 3980 et
3063 3924 3478 3997 longissimum
3508 3927 3600 3980 est
3638 3924 3808 3981 aethe-

2157 4015 2237 4071 ris
2267 4014 2664 4083 intervallum,
2697 4015 2853 4086 quod
2886 4032 2919 4070 a
2948 4014 3318 4070 ﬁrmamento
3367 4015 3438 4070 ad
3471 4013 3800 4070 successio-

2158 4121 2292 4160 nem
2343 4121 2532 4175 usque
2591 4103 2951 4176 porrigitur;
2987 4120 3114 4176 quae.
3147 4103 3470 4171 succensio,
3506 4102 3680 4178 ignis,
3716 4103 3805 4176 ip-

2159 4210 2292 4250 sum
2321 4192 2593 4248 videlicet
2620 4191 2978 4248 elementum
3035 4195 3142 4247 est.
3176 4191 3285 4252 Oui
3331 4190 3488 4247 enim
3518 4191 3673 4264 ignis
3704 4207 3808 4246 no-

2157 4283 2252 4338 bis
2281 4285 2456 4338 notus
2477 4280 2984 4347 est,inﬂammatio
3008 4285 3098 4337 est
3117 4280 3527 4354 hujuscemodi
3559 4279 3808 4337 elemen-

2158 4371 2304 4428 taris
2332 4371 2508 4445 ignis,
2543 4375 2608 4426 ut
2638 4371 2738 4443 qui
2770 4370 2927 4443 ignei
2983 4370 3193 4426 caloris
3223 4386 3528 4426 excessum
3572 4369 3807 4440 habeat,

2160 4461 2660 4533 quemadmodum
2715 4458 3029 4534 crystallus
3077 4458 3309 4532 frigoris
3357 4459 3486 4532 ejus
3537 4459 3692 4532 quod
3751 4460 3811 4515 in

2080 4574 2130 4642 Β
2161 4567 2313 4622 aqua
2345 4550 2723 4622 conspicitur.

2231 4641 2288 4697 7.
2330 4643 2662 4696 Inerrantes
2718 4640 2762 4675 ³⁸
2793 4638 3036 4712 proinde
3088 4637 3268 4694 stellae
3327 4638 3386 4694 in
3444 4638 3817 4696 firmamento

2165 4729 2293 4784 ﬁxae
2327 4733 2489 4796 sunt,
2521 4734 2578 4784 et
2628 4745 2762 4784 cum
2792 4728 2921 4800 ipso
2954 4727 3076 4783 solo
3117 4729 3406 4796 feruntur,
3441 4731 3499 4784 et
3527 4726 3689 4784 nullo
3720 4745 3818 4800 pe-

2163 4818 2368 4874 culiari
2400 4818 2591 4890 quoad
2623 4817 2818 4873 locum
2852 4821 3013 4872 motu
3047 4821 3392 4886 moventur;
3427 4817 3684 4873 erratica;
3714 4835 3819 4873 au-

2164 4912 2284 4964 tem
2315 4908 2375 4963 in
2407 4909 2780 4962 ﬁrmamento
2811 4923 2928 4962 non
2973 4910 3114 4961 sunt
3162 4907 3309 4972 ﬁxae,
3369 4907 3470 4962 sed
3519 4905 3674 4962 infra
3712 4907 3823 4962 hoc

2166 4996 2398 5069 aliquot
2427 4995 2714 5069 gradibus
2744 4995 2805 5050 in
2860 4994 3072 5051 aethere
3103 5011 3403 5067 suspensa
3437 4995 3742 5064 feruntur;
3775 5002 3832 5052 et

2169 5086 2314 5140 dum
2349 5086 2793 5140 ﬁrmamentum
2825 5101 2959 5140 cum
2982 5083 3367 5139 inerrantium
3401 5083 3676 5140 universa
3702 5088 3830 5140 tur-

2166 5176 2239 5230 ba
2269 5191 2339 5230 ex
2369 5173 2597 5230 ortibus
2619 5175 2689 5229 ad
2721 5190 2964 5230 occasus
2992 5173 3182 5245 quoad
3210 5189 3450 5228 sensum
3481 5173 3829 5247 fertur,ipsaa

2169 5270 2227 5320 et
2261 5270 2467 5320 contra
2499 5265 2571 5320 ab
2605 5263 2912 5320 occasibus
2968 5265 3036 5318 ad
3098 5267 3262 5318 ortus
3294 5263 3448 5320 278
3481 5267 3645 5319 motu
3695 5281 3835 5336 pro-

2165 5354 2294 5426 prio
2326 5353 2581 5410 tardiore
2611 5358 2944 5409 moventur.
3006 5352 3166 5408 Unde
3221 5351 3396 5408 etiam
3427 5351 3686 5409 erratica
3725 5370 3832 5410 no-

2167 5443 2400 5499 minata:
2434 5446 2594 5512 sunt,
2630 5447 2696 5497 ut
2727 5459 2854 5514 quas
2885 5439 3055 5513 quasi
3082 5440 3154 5498 ab
3185 5439 3390 5496 itinere
3446 5441 3838 5507 ﬁrmamenti,

2335 5623 2380 5656 ³³
2437 5620 2586 5694 Plin.
2645 5621 2746 5678 lib.
2791 5638 2856 5694 Ir,
2908 5639 2958 5677 c.
3019 5622 3072 5694 9.
3168 5623 3221 5694 _“
3277 5621 3358 5676 Ex
3410 5621 3504 5676 his
3552 5620 3844 5694 notabiles

1589 5707 1737 5766 quas
1788 5692 1854 5766 in
1890 5694 1975 5766 717:8
2029 5694 2351 5766 imagines,
2411 5697 2496 5766 et_
2523 5693 2684 5765 ipsas
2726 5692 2891 5766 vero
2928 5693 3134 5766 stellas
3163 5692 3223 5748 in
3269 5709 3370 5750 sex
3397 5692 3841 5766 magnitudines

389 5750 744 5840 givise'runt.
805 5759 1072 5840 λξΜατι.
1104 5764 1241 5832 Cap.
1275 5777 1335 5834 p.
1367 5778 1489 5833 vm,
1515 5750 1580 5834 p,
1605 5750 1753 5834 329;
1785 5765 1995 5827 Rodin.
2029 5764 2134 5824 lib.
2154 5750 2226 5824 ἵν.
2261 5750 2524 5836 Theatri,
2546 5750 2617 5840 'p.
2649 5765 2777 5822 585.
2853 5765 2899 5802 ³⁸
2925 5765 3072 5823 Vide
3102 5781 3284 5839 supra
3312 5781 3370 5838 p.
3405 5750 3595 5822 138uet
3623 5764 3746 5836 144,
3785 5769 3845 5821 et

386 5821 541 5882 Scal.
573 5841 762 5888 exoro.
795 5830 920 5892 110.
