  <div class='ocr_page' id='page_1' title='image "/cluster/home/n/w/nwhite01/storage/ocr_20150623/142/coo.31924054870476/661.png"; bbox 0 0 4072 6442; ppageno 0'>
   <div class='ocr_carea' id='block_1_1' title="bbox 199 432 358 498">
    <p class='ocr_par' dir='ltr' id='par_1_1' title="bbox 199 432 358 498">
     <span class='ocr_line' id='line_1_1' title="bbox 199 432 358 498; baseline 0.019 -3"><span class='ocrx_word' id='word_1_1' title='bbox 199 432 358 498; x_wconf 77' lang='grc'>1307</span> 
     </span>
    </p>
   </div>
   <div class='ocr_carea' id='block_1_2' title="bbox 1451 435 2359 504">
    <p class='ocr_par' dir='ltr' id='par_1_2' title="bbox 1451 435 2359 504">
     <span class='ocr_line' id='line_1_2' title="bbox 1451 435 2359 504; baseline 0 -2"><span class='ocrx_word' id='word_1_2' title='bbox 1451 437 1876 504; x_wconf 80' lang='lat' dir='ltr'>NICEPHORI</span> <span class='ocrx_word' id='word_1_3' title='bbox 1917 435 2359 502; x_wconf 72' lang='lat' dir='ltr'>BLEMMIDE</span> 
     </span>
    </p>
   </div>
   <div class='ocr_carea' id='block_1_3' title="bbox 3442 437 3606 505">
    <p class='ocr_par' dir='ltr' id='par_1_3' title="bbox 3442 437 3606 505">
     <span class='ocr_line' id='line_1_3' title="bbox 3442 437 3606 505; baseline 0.018 -3"><span class='ocrx_word' id='word_1_4' title='bbox 3442 437 3606 505; x_wconf 73' lang='lat' dir='ltr'>i308</span> 
     </span>
    </p>
   </div>
   <div class='ocr_carea' id='block_1_4' title="bbox 197 565 1844 648">
    <p class='ocr_par' dir='ltr' id='par_1_4' title="bbox 197 569 1844 648">
     <span class='ocr_line' id='line_1_4' title="bbox 197 569 1844 648; baseline 0.004 -23"><span class='ocrx_word' id='word_1_5' title='bbox 197 572 481 644; x_wconf 87' lang='lat' dir='ltr'>tantoquo</span> <span class='ocrx_word' id='word_1_6' title='bbox 497 569 803 630; x_wconf 87' lang='lat' dir='ltr'>stellarum</span> <span class='ocrx_word' id='word_1_7' title='bbox 824 573 1098 632; x_wconf 87' lang='lat' dir='ltr'>sxcircitu</span> <span class='ocrx_word' id='word_1_8' title='bbox 1119 574 1599 648; x_wconf 86' lang='lat' dir='ltr'>aberraverint,et</span> <span class='ocrx_word' id='word_1_9' title='bbox 1618 578 1844 632; x_wconf 84' lang='lat' dir='ltr'>contra-</span> 
     </span>
    </p>
   </div>
   <div class='ocr_carea' id='block_1_5' title="bbox 1961 565 3601 648">
    <p class='ocr_par' dir='ltr' id='par_1_5' title="bbox 1961 565 3601 648">
     <span class='ocr_line' id='line_1_5' title="bbox 1961 565 3601 648; baseline 0.001 -22"><span class='ocrx_word' id='word_1_10' title='bbox 1961 571 2040 626; x_wconf 82' lang='grc' dir='ltr'>θεν</span> <span class='ocrx_word' id='word_1_11' title='bbox 2088 569 2561 640; x_wconf 74' lang='grc' dir='ltr'>ἀποπλανηθέντες</span> <span class='ocrx_word' id='word_1_12' title='bbox 2603 574 2704 640; x_wconf 82' lang='grc' dir='ltr'>τῆς</span> <span class='ocrx_word' id='word_1_13' title='bbox 2749 571 2850 626; x_wconf 76' lang='grc' dir='ltr'>τοῦ</span> <span class='ocrx_word' id='word_1_14' title='bbox 2924 565 3303 648; x_wconf 85' lang='grc' dir='ltr'>στερεώματος</span> <span class='ocrx_word' id='word_1_15' title='bbox 3359 571 3601 647; x_wconf 80' lang='grc' dir='ltr'>πορείας,</span> 
     </span>
    </p>
   </div>
   <div class='ocr_carea' id='block_1_6' title="bbox 199 658 860 734">
    <p class='ocr_par' dir='ltr' id='par_1_6' title="bbox 199 658 860 734">
     <span class='ocr_line' id='line_1_6' title="bbox 199 658 860 734; baseline 0.009 -20"><span class='ocrx_word' id='word_1_16' title='bbox 199 658 288 715; x_wconf 89' lang='lat' dir='ltr'>ria</span> <span class='ocrx_word' id='word_1_17' title='bbox 315 659 410 716; x_wconf 86' lang='lat' dir='ltr'>via</span> <span class='ocrx_word' id='word_1_18' title='bbox 437 660 860 734; x_wconf 81' lang='lat' dir='ltr'>ingrediantur.</span> 
     </span>
    </p>
   </div>
   <div class='ocr_carea' id='block_1_7' title="bbox 270 840 1844 917">
    <p class='ocr_par' dir='ltr' id='par_1_7' title="bbox 270 840 1844 917">
     <span class='ocr_line' id='line_1_7' title="bbox 270 840 1844 917; baseline 0.005 -24"><span class='ocrx_word' id='word_1_19' title='bbox 270 840 324 894; x_wconf 90' lang='lat'>8.</span> <span class='ocrx_word' id='word_1_20' title='bbox 359 840 495 896; x_wconf 92' lang='lat' dir='ltr'>Dico</span> <span class='ocrx_word' id='word_1_21' title='bbox 525 844 720 898; x_wconf 90' lang='lat' dir='ltr'>autem</span> <span class='ocrx_word' id='word_1_22' title='bbox 752 841 873 898; x_wconf 64' lang='lat' dir='ltr'>haec</span> <span class='ocrx_word' id='word_1_23' title='bbox 902 845 1096 915; x_wconf 85' lang='lat' dir='ltr'>quoad</span> <span class='ocrx_word' id='word_1_24' title='bbox 1125 845 1550 917; x_wconf 88' lang='lat' dir='ltr'>apparentiam,</span> <span class='ocrx_word' id='word_1_25' title='bbox 1582 845 1844 916; x_wconf 89' lang='lat' dir='ltr'>quando-</span> 
     </span>
    </p>
   </div>
   <div class='ocr_carea' id='block_1_8' title="bbox 200 928 1843 1003">
    <p class='ocr_par' dir='ltr' id='par_1_8' title="bbox 200 928 1843 1003">
     <span class='ocr_line' id='line_1_8' title="bbox 200 928 1843 1003; baseline 0.004 -20"><span class='ocrx_word' id='word_1_26' title='bbox 200 928 442 999; x_wconf 87' lang='lat' dir='ltr'>quidem</span> <span class='ocrx_word' id='word_1_27' title='bbox 475 929 666 985; x_wconf 91' lang='lat' dir='ltr'>solum</span> <span class='ocrx_word' id='word_1_28' title='bbox 701 931 957 1003; x_wconf 91' lang='lat' dir='ltr'>primum</span> <span class='ocrx_word' id='word_1_29' title='bbox 997 932 1206 988; x_wconf 79' lang='lat' dir='ltr'>coelum</span> <span class='ocrx_word' id='word_1_30' title='bbox 1237 950 1306 989; x_wconf 86' lang='lat' dir='ltr'>ex</span> <span class='ocrx_word' id='word_1_31' title='bbox 1333 934 1561 990; x_wconf 91' lang='lat' dir='ltr'>ortibus</span> <span class='ocrx_word' id='word_1_32' title='bbox 1589 933 1648 989; x_wconf 92' lang='lat' dir='ltr'>in</span> <span class='ocrx_word' id='word_1_33' title='bbox 1679 951 1843 990; x_wconf 87' lang='lat' dir='ltr'>occa-</span> 
     </span>
    </p>
   </div>
   <div class='ocr_carea' id='block_1_9' title="bbox 199 1018 1845 1094">
    <p class='ocr_par' dir='ltr' id='par_1_9' title="bbox 199 1018 1845 1094">
     <span class='ocr_line' id='line_1_9' title="bbox 199 1018 1845 1094; baseline 0.004 -22"><span class='ocrx_word' id='word_1_34' title='bbox 199 1034 301 1072; x_wconf 92' lang='lat' dir='ltr'>sus</span> <span class='ocrx_word' id='word_1_35' title='bbox 351 1018 484 1073; x_wconf 87' lang='lat' dir='ltr'>ferri</span> <span class='ocrx_word' id='word_1_36' title='bbox 544 1020 844 1092; x_wconf 89' lang='lat' dir='ltr'>cognitum</span> <span class='ocrx_word' id='word_1_37' title='bbox 877 1025 984 1087; x_wconf 89' lang='lat' dir='ltr'>est,</span> <span class='ocrx_word' id='word_1_38' title='bbox 1017 1023 1171 1094; x_wconf 89' lang='lat' dir='ltr'>quod</span> <span class='ocrx_word' id='word_1_39' title='bbox 1205 1039 1402 1078; x_wconf 86' lang='lat' dir='ltr'>secum</span> <span class='ocrx_word' id='word_1_40' title='bbox 1435 1022 1610 1078; x_wconf 89' lang='lat' dir='ltr'>etiam</span> <span class='ocrx_word' id='word_1_41' title='bbox 1643 1039 1845 1078; x_wconf 89' lang='lat' dir='ltr'>secun-</span> 
     </span>
    </p>
   </div>
   <div class='ocr_carea' id='block_1_10' title="bbox 196 1106 1842 1184">
    <p class='ocr_par' dir='ltr' id='par_1_10' title="bbox 196 1106 1842 1184">
     <span class='ocr_line' id='line_1_10' title="bbox 196 1106 1842 1184; baseline 0.003 -23"><span class='ocrx_word' id='word_1_42' title='bbox 196 1106 358 1175; x_wconf 90' lang='lat' dir='ltr'>dum,</span> <span class='ocrx_word' id='word_1_43' title='bbox 421 1124 631 1180; x_wconf 83' lang='lat' dir='ltr'>nempe</span> <span class='ocrx_word' id='word_1_44' title='bbox 680 1110 1138 1181; x_wconf 88' lang='lat' dir='ltr'>ﬁrmamentum,</span> <span class='ocrx_word' id='word_1_45' title='bbox 1197 1111 1561 1184; x_wconf 85' lang='lat' dir='ltr'>circumagit.</span> <span class='ocrx_word' id='word_1_46' title='bbox 1627 1112 1842 1167; x_wconf 84' lang='lat' dir='ltr'>Firma-</span> 
     </span>
    </p>
   </div>
   <div class='ocr_carea' id='block_1_11' title="bbox 199 1197 1842 1272">
    <p class='ocr_par' dir='ltr' id='par_1_11' title="bbox 199 1197 1842 1272">
     <span class='ocr_line' id='line_1_11' title="bbox 199 1197 1842 1272; baseline 0.004 -22"><span class='ocrx_word' id='word_1_47' title='bbox 199 1200 463 1251; x_wconf 88' lang='lat' dir='ltr'>mentum</span> <span class='ocrx_word' id='word_1_48' title='bbox 495 1197 651 1252; x_wconf 88' lang='lat' dir='ltr'>enim</span> <span class='ocrx_word' id='word_1_49' title='bbox 684 1199 880 1270; x_wconf 76' lang='lat' dir='ltr'>ipsum</span> <span class='ocrx_word' id='word_1_50' title='bbox 913 1217 1145 1272; x_wconf 91' lang='lat' dir='ltr'>quoque</span> <span class='ocrx_word' id='word_1_51' title='bbox 1182 1201 1252 1255; x_wconf 88' lang='lat' dir='ltr'>ab</span> <span class='ocrx_word' id='word_1_52' title='bbox 1303 1200 1607 1256; x_wconf 81' lang='lat' dir='ltr'>occasibus</span> <span class='ocrx_word' id='word_1_53' title='bbox 1648 1201 1718 1256; x_wconf 88' lang='lat' dir='ltr'>ad</span> <span class='ocrx_word' id='word_1_54' title='bbox 1752 1217 1842 1256; x_wconf 89' lang='lat' dir='ltr'>or-</span> 
     </span>
    </p>
   </div>
   <div class='ocr_carea' id='block_1_12' title="bbox 197 1286 1846 1359">
    <p class='ocr_par' dir='ltr' id='par_1_12' title="bbox 197 1286 1846 1359">
     <span class='ocr_line' id='line_1_12' title="bbox 197 1286 1846 1359; baseline 0.004 -21"><span class='ocrx_word' id='word_1_55' title='bbox 197 1287 295 1338; x_wconf 87' lang='lat' dir='ltr'>tus</span> <span class='ocrx_word' id='word_1_56' title='bbox 351 1301 486 1340; x_wconf 91' lang='lat' dir='ltr'>cum</span> <span class='ocrx_word' id='word_1_57' title='bbox 547 1286 735 1342; x_wconf 79' lang='lat' dir='ltr'>stellis</span> <span class='ocrx_word' id='word_1_58' title='bbox 786 1304 912 1359; x_wconf 73' lang='lat' dir='ltr'>quae</span> <span class='ocrx_word' id='word_1_59' title='bbox 961 1289 1286 1344; x_wconf 84' lang='lat' dir='ltr'>inerrantes</span> <span class='ocrx_word' id='word_1_60' title='bbox 1345 1289 1622 1345; x_wconf 88' lang='lat' dir='ltr'>dicuntur</span> <span class='ocrx_word' id='word_1_61' title='bbox 1663 1290 1846 1345; x_wconf 84' lang='lat' dir='ltr'>fertur</span> 
     </span>
    </p>
   </div>
   <div class='ocr_carea' id='block_1_13' title="bbox 199 1373 1845 1450">
    <p class='ocr_par' dir='ltr' id='par_1_13' title="bbox 199 1373 1845 1450">
     <span class='ocr_line' id='line_1_13' title="bbox 199 1373 1845 1450; baseline 0.004 -23"><span class='ocrx_word' id='word_1_62' title='bbox 199 1373 546 1429; x_wconf 85' lang='lat' dir='ltr'>naturaliter</span> <span class='ocrx_word' id='word_1_63' title='bbox 591 1377 674 1436; x_wconf 80' lang='lat'>37;</span> <span class='ocrx_word' id='word_1_64' title='bbox 729 1377 829 1431; x_wconf 87' lang='lat' dir='ltr'>sed</span> <span class='ocrx_word' id='word_1_65' title='bbox 873 1382 1108 1450; x_wconf 86' lang='lat' dir='ltr'>propter</span> <span class='ocrx_word' id='word_1_66' title='bbox 1157 1379 1563 1450; x_wconf 88' lang='lat' dir='ltr'>hujuscemodi</span> <span class='ocrx_word' id='word_1_67' title='bbox 1615 1378 1845 1434; x_wconf 87' lang='lat' dir='ltr'>erratici</span> 
     </span>
    </p>
   </div>
   <div class='ocr_carea' id='block_1_14' title="bbox 199 1467 1842 1539">
    <p class='ocr_par' dir='ltr' id='par_1_14' title="bbox 199 1467 1842 1539">
     <span class='ocr_line' id='line_1_14' title="bbox 199 1467 1842 1539; baseline 0.004 -23"><span class='ocrx_word' id='word_1_68' title='bbox 199 1467 393 1518; x_wconf 90' lang='lat' dir='ltr'>motus</span> <span class='ocrx_word' id='word_1_69' title='bbox 423 1480 717 1519; x_wconf 89' lang='lat' dir='ltr'>summam</span> <span class='ocrx_word' id='word_1_70' title='bbox 750 1467 1085 1522; x_wconf 87' lang='lat' dir='ltr'>tarditatem</span> <span class='ocrx_word' id='word_1_71' title='bbox 1143 1484 1385 1523; x_wconf 83' lang='lat' dir='ltr'>sensum</span> <span class='ocrx_word' id='word_1_72' title='bbox 1445 1468 1665 1539; x_wconf 74' lang='lat' dir='ltr'>effugit.</span> <span class='ocrx_word' id='word_1_73' title='bbox 1701 1473 1842 1522; x_wconf 91' lang='lat' dir='ltr'>Cum</span> 
     </span>
    </p>
   </div>
   <div class='ocr_carea' id='block_1_15' title="bbox 199 1551 1844 1628">
    <p class='ocr_par' dir='ltr' id='par_1_15' title="bbox 199 1551 1844 1628">
     <span class='ocr_line' id='line_1_15' title="bbox 199 1551 1844 1628; baseline 0.003 -21"><span class='ocrx_word' id='word_1_74' title='bbox 199 1551 354 1607; x_wconf 86' lang='lat' dir='ltr'>enim</span> <span class='ocrx_word' id='word_1_75' title='bbox 386 1551 444 1606; x_wconf 92' lang='lat' dir='ltr'>in</span> <span class='ocrx_word' id='word_1_76' title='bbox 478 1559 765 1610; x_wconf 89' lang='lat' dir='ltr'>trecentas</span> <span class='ocrx_word' id='word_1_77' title='bbox 794 1556 1094 1627; x_wconf 87' lang='lat' dir='ltr'>sexaginta</span> <span class='ocrx_word' id='word_1_78' title='bbox 1127 1563 1320 1628; x_wconf 86' lang='lat' dir='ltr'>partes</span> <span class='ocrx_word' id='word_1_79' title='bbox 1369 1557 1557 1628; x_wconf 88' lang='lat' dir='ltr'>quivis</span> <span class='ocrx_word' id='word_1_80' title='bbox 1588 1556 1844 1612; x_wconf 89' lang='lat' dir='ltr'>circulus</span> 
     </span>
    </p>
   </div>
   <div class='ocr_carea' id='block_1_16' title="bbox 197 1639 1845 1715">
    <p class='ocr_par' dir='ltr' id='par_1_16' title="bbox 197 1639 1845 1715">
     <span class='ocr_line' id='line_1_16' title="bbox 197 1639 1845 1715; baseline 0.004 -21"><span class='ocrx_word' id='word_1_81' title='bbox 197 1639 696 1708; x_wconf 88' lang='lat' dir='ltr'>dividatur,unam</span> <span class='ocrx_word' id='word_1_82' title='bbox 730 1649 955 1715; x_wconf 89' lang='lat' dir='ltr'>partem</span> <span class='ocrx_word' id='word_1_83' title='bbox 978 1663 1130 1701; x_wconf 91' lang='lat' dir='ltr'>anno</span> <span class='ocrx_word' id='word_1_84' title='bbox 1161 1647 1479 1702; x_wconf 88' lang='lat' dir='ltr'>centesimo</span> <span class='ocrx_word' id='word_1_85' title='bbox 1511 1646 1845 1702; x_wconf 88' lang='lat' dir='ltr'>ﬁrmamen-</span> 
     </span>
    </p>
   </div>
   <div class='ocr_carea' id='block_1_17' title="bbox 193 1729 1844 1800">
    <p class='ocr_par' dir='ltr' id='par_1_17' title="bbox 193 1729 1844 1800">
     <span class='ocr_line' id='line_1_17' title="bbox 193 1729 1844 1800; baseline 0.005 -18"><span class='ocrx_word' id='word_1_86' title='bbox 193 1733 322 1783; x_wconf 90' lang='lat' dir='ltr'>tum</span> <span class='ocrx_word' id='word_1_87' title='bbox 355 1729 674 1800; x_wconf 88' lang='lat' dir='ltr'>planetarie</span> <span class='ocrx_word' id='word_1_88' title='bbox 705 1733 956 1788; x_wconf 84' lang='lat' dir='ltr'>transire</span> <span class='ocrx_word' id='word_1_89' title='bbox 975 1734 1347 1789; x_wconf 91' lang='lat' dir='ltr'>observatum</span> <span class='ocrx_word' id='word_1_90' title='bbox 1369 1739 1459 1790; x_wconf 92' lang='lat' dir='ltr'>est</span> <span class='ocrx_word' id='word_1_91' title='bbox 1478 1734 1595 1774; x_wconf 66' lang='lat'>37-”</span> <span class='ocrx_word' id='word_1_92' title='bbox 1619 1751 1844 1790; x_wconf 91' lang='lat' dir='ltr'>:secun-</span> 
     </span>
    </p>
   </div>
   <div class='ocr_carea' id='block_1_18' title="bbox 194 1817 1840 1895">
    <p class='ocr_par' dir='ltr' id='par_1_18' title="bbox 194 1817 1840 1895">
     <span class='ocr_line' id='line_1_18' title="bbox 194 1817 1840 1895; baseline 0.004 -23"><span class='ocrx_word' id='word_1_93' title='bbox 194 1818 336 1873; x_wconf 92' lang='lat' dir='ltr'>dum</span> <span class='ocrx_word' id='word_1_94' title='bbox 359 1817 588 1890; x_wconf 89' lang='lat' dir='ltr'>aliquos</span> <span class='ocrx_word' id='word_1_95' title='bbox 609 1825 952 1888; x_wconf 89' lang='lat' dir='ltr'>autem,non</span> <span class='ocrx_word' id='word_1_96' title='bbox 975 1823 1330 1894; x_wconf 85' lang='lat' dir='ltr'>partem,sed</span> <span class='ocrx_word' id='word_1_97' title='bbox 1358 1823 1540 1895; x_wconf 90' lang='lat' dir='ltr'>partis</span> <span class='ocrx_word' id='word_1_98' title='bbox 1566 1839 1840 1895; x_wconf 87' lang='lat' dir='ltr'>segmen-</span> 
     </span>
    </p>
   </div>
   <div class='ocr_carea' id='block_1_19' title="bbox 193 1907 1919 2014">
    <p class='ocr_par' dir='ltr' id='par_1_19' title="bbox 193 1907 1919 2014">
     <span class='ocr_line' id='line_1_19' title="bbox 193 1907 1919 2014; baseline 0.004 -53"><span class='ocrx_word' id='word_1_99' title='bbox 193 1911 320 1961; x_wconf 90' lang='lat' dir='ltr'>tum</span> <span class='ocrx_word' id='word_1_100' title='bbox 381 1907 718 1963; x_wconf 89' lang='lat' dir='ltr'>minimum.</span> <span class='ocrx_word' id='word_1_101' title='bbox 768 1911 1129 1983; x_wconf 87' lang='lat' dir='ltr'>Quapropter</span> <span class='ocrx_word' id='word_1_102' title='bbox 1157 1912 1359 1984; x_wconf 89' lang='lat' dir='ltr'>utique</span> <span class='ocrx_word' id='word_1_103' title='bbox 1389 1929 1457 1967; x_wconf 84' lang='lat' dir='ltr'>cx</span> <span class='ocrx_word' id='word_1_104' title='bbox 1499 1912 1841 1985; x_wconf 87' lang='lat' dir='ltr'>hujusmodi</span> <span class='ocrx_word' id='word_1_105' title='bbox 1873 1950 1919 2014; x_wconf 81' lang='grc' dir='ltr'>Β</span> 
     </span>
    </p>
   </div>
   <div class='ocr_carea' id='block_1_20' title="bbox 196 1995 1839 2073">
    <p class='ocr_par' dir='ltr' id='par_1_20' title="bbox 196 1995 1839 2073">
     <span class='ocr_line' id='line_1_20' title="bbox 196 1995 1839 2073; baseline 0.004 -23"><span class='ocrx_word' id='word_1_106' title='bbox 196 1995 428 2068; x_wconf 87' lang='lat' dir='ltr'>proprio</span> <span class='ocrx_word' id='word_1_107' title='bbox 459 2001 516 2052; x_wconf 91' lang='lat' dir='ltr'>et</span> <span class='ocrx_word' id='word_1_108' title='bbox 543 1997 797 2054; x_wconf 86' lang='lat' dir='ltr'>naturali</span> <span class='ocrx_word' id='word_1_109' title='bbox 837 2005 1001 2055; x_wconf 92' lang='lat' dir='ltr'>motu</span> <span class='ocrx_word' id='word_1_110' title='bbox 1035 2001 1388 2056; x_wconf 88' lang='lat' dir='ltr'>ﬁrmamenti</span> <span class='ocrx_word' id='word_1_111' title='bbox 1423 2001 1679 2073; x_wconf 89' lang='lat' dir='ltr'>primum</span> <span class='ocrx_word' id='word_1_112' title='bbox 1728 2019 1839 2057; x_wconf 80' lang='lat' dir='ltr'>cce-</span> 
     </span>
    </p>
   </div>
   <div class='ocr_carea' id='block_1_21' title="bbox 194 2083 1841 2156">
    <p class='ocr_par' dir='ltr' id='par_1_21' title="bbox 194 2083 1841 2156">
     <span class='ocr_line' id='line_1_21' title="bbox 194 2083 1841 2156; baseline 0.005 -17"><span class='ocrx_word' id='word_1_113' title='bbox 194 2083 319 2139; x_wconf 92' lang='lat' dir='ltr'>lum</span> <span class='ocrx_word' id='word_1_114' title='bbox 368 2086 522 2156; x_wconf 91' lang='lat' dir='ltr'>quod</span> <span class='ocrx_word' id='word_1_115' title='bbox 582 2103 698 2142; x_wconf 91' lang='lat' dir='ltr'>non</span> <span class='ocrx_word' id='word_1_116' title='bbox 746 2088 977 2143; x_wconf 90' lang='lat' dir='ltr'>videtur</span> <span class='ocrx_word' id='word_1_117' title='bbox 1005 2089 1479 2145; x_wconf 88' lang='lat' dir='ltr'>animadversum</span> <span class='ocrx_word' id='word_1_118' title='bbox 1535 2095 1627 2146; x_wconf 90' lang='lat' dir='ltr'>est</span> <span class='ocrx_word' id='word_1_119' title='bbox 1655 2091 1728 2146; x_wconf 91' lang='lat' dir='ltr'>ab</span> <span class='ocrx_word' id='word_1_120' title='bbox 1767 2091 1841 2148; x_wconf 90' lang='lat' dir='ltr'>iis</span> 
     </span>
    </p>
   </div>
   <div class='ocr_carea' id='block_1_22' title="bbox 193 2173 1768 2246">
    <p class='ocr_par' dir='ltr' id='par_1_22' title="bbox 193 2173 1768 2246">
     <span class='ocr_line' id='line_1_22' title="bbox 193 2173 1768 2246; baseline 0.003 -17"><span class='ocrx_word' id='word_1_121' title='bbox 193 2173 295 2245; x_wconf 91' lang='lat' dir='ltr'>qui</span> <span class='ocrx_word' id='word_1_122' title='bbox 327 2173 385 2228; x_wconf 92' lang='lat' dir='ltr'>in</span> <span class='ocrx_word' id='word_1_123' title='bbox 418 2174 569 2230; x_wconf 90' lang='lat' dir='ltr'>hanc</span> <span class='ocrx_word' id='word_1_124' title='bbox 597 2174 1040 2246; x_wconf 89' lang='lat' dir='ltr'>inquisitionem</span> <span class='ocrx_word' id='word_1_125' title='bbox 1062 2178 1325 2234; x_wconf 86' lang='lat' dir='ltr'>studiose</span> <span class='ocrx_word' id='word_1_126' title='bbox 1355 2178 1768 2235; x_wconf 89' lang='lat' dir='ltr'>incubuerunt.</span> 
     </span>
    </p>
   </div>
   <div class='ocr_carea' id='block_1_23' title="bbox 261 2263 1843 2340">
    <p class='ocr_par' dir='ltr' id='par_1_23' title="bbox 261 2263 1843 2340">
     <span class='ocr_line' id='line_1_23' title="bbox 261 2263 1843 2340; baseline 0.006 -24"><span class='ocrx_word' id='word_1_127' title='bbox 261 2264 316 2317; x_wconf 86' lang='lat'>9.</span> <span class='ocrx_word' id='word_1_128' title='bbox 348 2263 656 2333; x_wconf 89' lang='lat' dir='ltr'>Proprium</span> <span class='ocrx_word' id='word_1_129' title='bbox 687 2281 824 2337; x_wconf 90' lang='lat' dir='ltr'>ergo</span> <span class='ocrx_word' id='word_1_130' title='bbox 857 2265 1012 2322; x_wconf 90' lang='lat' dir='ltr'>hunc</span> <span class='ocrx_word' id='word_1_131' title='bbox 1070 2272 1292 2322; x_wconf 91' lang='lat' dir='ltr'>motum</span> <span class='ocrx_word' id='word_1_132' title='bbox 1327 2267 1568 2340; x_wconf 74' lang='lat' dir='ltr'>planetae</span> <span class='ocrx_word' id='word_1_133' title='bbox 1625 2271 1843 2325; x_wconf 92' lang='lat' dir='ltr'>obeunt</span> 
     </span>
    </p>
   </div>
   <div class='ocr_carea' id='block_1_24' title="bbox 193 2350 1841 2422">
    <p class='ocr_par' dir='ltr' id='par_1_24' title="bbox 193 2350 1841 2422">
     <span class='ocr_line' id='line_1_24' title="bbox 193 2350 1841 2422; baseline 0.005 -17"><span class='ocrx_word' id='word_1_134' title='bbox 193 2350 428 2422; x_wconf 88' lang='lat' dir='ltr'>qualem</span> <span class='ocrx_word' id='word_1_135' title='bbox 473 2351 762 2421; x_wconf 87' lang='lat' dir='ltr'>dicimus;</span> <span class='ocrx_word' id='word_1_136' title='bbox 799 2353 976 2408; x_wconf 88' lang='lat' dir='ltr'>simul</span> <span class='ocrx_word' id='word_1_137' title='bbox 1031 2359 1226 2411; x_wconf 90' lang='lat' dir='ltr'>autem</span> <span class='ocrx_word' id='word_1_138' title='bbox 1285 2357 1461 2412; x_wconf 89' lang='lat' dir='ltr'>etiam</span> <span class='ocrx_word' id='word_1_139' title='bbox 1519 2375 1653 2413; x_wconf 92' lang='lat' dir='ltr'>cum</span> <span class='ocrx_word' id='word_1_140' title='bbox 1698 2357 1841 2414; x_wconf 78' lang='lat' dir='ltr'>ccelo</span> 
     </span>
    </p>
   </div>
   <div class='ocr_carea' id='block_1_25' title="bbox 199 2441 1841 2518">
    <p class='ocr_par' dir='ltr' id='par_1_25' title="bbox 199 2441 1841 2518">
     <span class='ocr_line' id='line_1_25' title="bbox 199 2441 1841 2518; baseline 0.004 -24"><span class='ocrx_word' id='word_1_141' title='bbox 199 2441 704 2512; x_wconf 84' lang='lat' dir='ltr'>circumaguntur,</span> <span class='ocrx_word' id='word_1_142' title='bbox 763 2459 896 2498; x_wconf 93' lang='lat' dir='ltr'>cum</span> <span class='ocrx_word' id='word_1_143' title='bbox 955 2444 1350 2501; x_wconf 88' lang='lat' dir='ltr'>conversionis</span> <span class='ocrx_word' id='word_1_144' title='bbox 1399 2445 1588 2518; x_wconf 88' lang='lat' dir='ltr'>ipsius</span> <span class='ocrx_word' id='word_1_145' title='bbox 1619 2446 1841 2518; x_wconf 90' lang='lat' dir='ltr'>impetu</span> 
     </span>
    </p>
   </div>
   <div class='ocr_carea' id='block_1_26' title="bbox 192 2529 1841 2607">
    <p class='ocr_par' dir='ltr' id='par_1_26' title="bbox 192 2529 1841 2607">
     <span class='ocr_line' id='line_1_26' title="bbox 192 2529 1841 2607; baseline 0.004 -23"><span class='ocrx_word' id='word_1_146' title='bbox 192 2529 346 2585; x_wconf 74' lang='lat'>879</span> <span class='ocrx_word' id='word_1_147' title='bbox 406 2535 777 2602; x_wconf 88' lang='lat' dir='ltr'>superantur.</span> <span class='ocrx_word' id='word_1_148' title='bbox 835 2533 904 2587; x_wconf 90' lang='lat' dir='ltr'>Et</span> <span class='ocrx_word' id='word_1_149' title='bbox 933 2531 1067 2588; x_wconf 90' lang='lat' dir='ltr'>hinc</span> <span class='ocrx_word' id='word_1_150' title='bbox 1098 2533 1276 2589; x_wconf 90' lang='lat' dir='ltr'>etiam</span> <span class='ocrx_word' id='word_1_151' title='bbox 1336 2534 1446 2603; x_wconf 89' lang='lat' dir='ltr'>sol,</span> <span class='ocrx_word' id='word_1_152' title='bbox 1478 2536 1577 2607; x_wconf 91' lang='lat' dir='ltr'>qui</span> <span class='ocrx_word' id='word_1_153' title='bbox 1625 2536 1841 2607; x_wconf 91' lang='lat' dir='ltr'>(annuo</span> 
     </span>
    </p>
   </div>
   <div class='ocr_carea' id='block_1_27' title="bbox 198 2619 1841 2696">
    <p class='ocr_par' dir='ltr' id='par_1_27' title="bbox 198 2619 1841 2696">
     <span class='ocr_line' id='line_1_27' title="bbox 198 2619 1841 2696; baseline 0.004 -22"><span class='ocrx_word' id='word_1_154' title='bbox 198 2619 411 2690; x_wconf 92' lang='lat' dir='ltr'>spatio)</span> <span class='ocrx_word' id='word_1_155' title='bbox 442 2620 743 2692; x_wconf 88' lang='lat' dir='ltr'>proprium</span> <span class='ocrx_word' id='word_1_156' title='bbox 803 2627 1029 2676; x_wconf 87' lang='lat' dir='ltr'>motum</span> <span class='ocrx_word' id='word_1_157' title='bbox 1085 2622 1498 2694; x_wconf 87' lang='lat' dir='ltr'>planetarium,</span> <span class='ocrx_word' id='word_1_158' title='bbox 1537 2623 1708 2680; x_wconf 89' lang='lat' dir='ltr'>illum</span> <span class='ocrx_word' id='word_1_159' title='bbox 1739 2624 1841 2696; x_wconf 90' lang='lat' dir='ltr'>qui</span> 
     </span>
    </p>
   </div>
   <div class='ocr_carea' id='block_1_28' title="bbox 199 2708 1840 2784">
    <p class='ocr_par' dir='ltr' id='par_1_28' title="bbox 199 2708 1840 2784">
     <span class='ocr_line' id='line_1_28' title="bbox 199 2708 1840 2784; baseline 0.005 -22"><span class='ocrx_word' id='word_1_160' title='bbox 199 2708 272 2763; x_wconf 90' lang='lat' dir='ltr'>ab</span> <span class='ocrx_word' id='word_1_161' title='bbox 305 2709 610 2764; x_wconf 91' lang='lat' dir='ltr'>occasibus</span> <span class='ocrx_word' id='word_1_162' title='bbox 641 2714 730 2764; x_wconf 89' lang='lat' dir='ltr'>est</span> <span class='ocrx_word' id='word_1_163' title='bbox 778 2711 848 2765; x_wconf 93' lang='lat' dir='ltr'>ad</span> <span class='ocrx_word' id='word_1_164' title='bbox 898 2715 1061 2766; x_wconf 89' lang='lat' dir='ltr'>ortus</span> <span class='ocrx_word' id='word_1_165' title='bbox 1115 2711 1344 2784; x_wconf 89' lang='lat' dir='ltr'>implet,</span> <span class='ocrx_word' id='word_1_166' title='bbox 1377 2729 1494 2768; x_wconf 91' lang='lat' dir='ltr'>uno</span> <span class='ocrx_word' id='word_1_167' title='bbox 1525 2714 1618 2768; x_wconf 92' lang='lat' dir='ltr'>die</span> <span class='ocrx_word' id='word_1_168' title='bbox 1649 2718 1707 2769; x_wconf 91' lang='lat' dir='ltr'>et</span> <span class='ocrx_word' id='word_1_169' title='bbox 1736 2732 1840 2770; x_wconf 91' lang='lat' dir='ltr'>no—</span> 
     </span>
    </p>
   </div>
   <div class='ocr_carea' id='block_1_29' title="bbox 196 2798 1840 2870">
    <p class='ocr_par' dir='ltr' id='par_1_29' title="bbox 196 2798 1840 2870">
     <span class='ocr_line' id='line_1_29' title="bbox 196 2798 1840 2870; baseline 0.005 -18"><span class='ocrx_word' id='word_1_170' title='bbox 196 2800 284 2853; x_wconf 88' lang='lat' dir='ltr'>cte</span> <span class='ocrx_word' id='word_1_171' title='bbox 317 2813 419 2868; x_wconf 88' lang='lat' dir='ltr'>per</span> <span class='ocrx_word' id='word_1_172' title='bbox 465 2798 818 2853; x_wconf 90' lang='lat' dir='ltr'>contrarium</span> <span class='ocrx_word' id='word_1_173' title='bbox 877 2800 1147 2870; x_wconf 91' lang='lat' dir='ltr'>[motum]</span> <span class='ocrx_word' id='word_1_174' title='bbox 1179 2818 1245 2856; x_wconf 84' lang='lat' dir='ltr'>ex</span> <span class='ocrx_word' id='word_1_175' title='bbox 1298 2802 1501 2857; x_wconf 85' lang='lat' dir='ltr'>eodem</span> <span class='ocrx_word' id='word_1_176' title='bbox 1554 2803 1626 2858; x_wconf 93' lang='lat' dir='ltr'>ad</span> <span class='ocrx_word' id='word_1_177' title='bbox 1686 2803 1840 2860; x_wconf 88' lang='lat' dir='ltr'>idem</span> 
     </span>
    </p>
   </div>
   <div class='ocr_carea' id='block_1_30' title="bbox 198 2887 1841 2965">
    <p class='ocr_par' dir='ltr' id='par_1_30' title="bbox 198 2887 1841 2965">
     <span class='ocr_line' id='line_1_30' title="bbox 198 2887 1841 2965; baseline 0.005 -25"><span class='ocrx_word' id='word_1_178' title='bbox 198 2890 490 2958; x_wconf 85' lang='lat' dir='ltr'>punctum</span> <span class='ocrx_word' id='word_1_179' title='bbox 523 2892 580 2942; x_wconf 89' lang='lat' dir='ltr'>et</span> <span class='ocrx_word' id='word_1_180' title='bbox 637 2887 938 2960; x_wconf 90' lang='lat' dir='ltr'>aliquanto</span> <span class='ocrx_word' id='word_1_181' title='bbox 969 2889 1225 2962; x_wconf 91' lang='lat' dir='ltr'>amplius</span> <span class='ocrx_word' id='word_1_182' title='bbox 1259 2891 1583 2962; x_wconf 89' lang='lat' dir='ltr'>revertitur,</span> <span class='ocrx_word' id='word_1_183' title='bbox 1646 2899 1711 2948; x_wconf 93' lang='lat' dir='ltr'>ut</span> <span class='ocrx_word' id='word_1_184' title='bbox 1739 2893 1841 2965; x_wconf 93' lang='lat' dir='ltr'>qui</span> 
     </span>
    </p>
   </div>
   <div class='ocr_carea' id='block_1_31' title="bbox 194 2974 1842 3053">
    <p class='ocr_par' dir='ltr' id='par_1_31' title="bbox 194 2974 1842 3053">
     <span class='ocr_line' id='line_1_31' title="bbox 194 2974 1842 3053; baseline 0.005 -23"><span class='ocrx_word' id='word_1_185' title='bbox 194 2974 322 3030; x_wconf 87' lang='lat' dir='ltr'>cceli</span> <span class='ocrx_word' id='word_1_186' title='bbox 376 2974 598 3047; x_wconf 90' lang='lat' dir='ltr'>impetu</span> <span class='ocrx_word' id='word_1_187' title='bbox 659 2976 928 3032; x_wconf 88' lang='lat' dir='ltr'>trahatur</span> <span class='ocrx_word' id='word_1_188' title='bbox 979 2983 1036 3034; x_wconf 92' lang='lat' dir='ltr'>et</span> <span class='ocrx_word' id='word_1_189' title='bbox 1092 2979 1545 3053; x_wconf 83' lang='lat' dir='ltr'>circumagatur.</span> <span class='ocrx_word' id='word_1_190' title='bbox 1597 2981 1842 3038; x_wconf 89' lang='lat' dir='ltr'>Proinde</span> 
     </span>
    </p>
   </div>
   <div class='ocr_carea' id='block_1_32' title="bbox 194 3065 1842 3139">
    <p class='ocr_par' dir='ltr' id='par_1_32' title="bbox 194 3065 1842 3139">
     <span class='ocr_line' id='line_1_32' title="bbox 194 3065 1842 3139; baseline 0.005 -21"><span class='ocrx_word' id='word_1_191' title='bbox 194 3065 652 3120; x_wconf 87' lang='lat' dir='ltr'>circumactione</span> <span class='ocrx_word' id='word_1_192' title='bbox 685 3082 814 3136; x_wconf 71' lang='lat' dir='ltr'>quae</span> <span class='ocrx_word' id='word_1_193' title='bbox 844 3066 957 3139; x_wconf 84' lang='lat' dir='ltr'>ipsi</span> <span class='ocrx_word' id='word_1_194' title='bbox 988 3084 1023 3123; x_wconf 92' lang='lat' dir='ltr'>a</span> <span class='ocrx_word' id='word_1_195' title='bbox 1061 3068 1200 3124; x_wconf 58' lang='lat' dir='ltr'>casio</span> <span class='ocrx_word' id='word_1_196' title='bbox 1225 3073 1334 3136; x_wconf 91' lang='lat' dir='ltr'>est,</span> <span class='ocrx_word' id='word_1_197' title='bbox 1389 3070 1618 3126; x_wconf 89' lang='lat' dir='ltr'>dierum</span> <span class='ocrx_word' id='word_1_198' title='bbox 1649 3076 1706 3126; x_wconf 91' lang='lat' dir='ltr'>et</span> <span class='ocrx_word' id='word_1_199' title='bbox 1735 3088 1842 3127; x_wconf 87' lang='lat' dir='ltr'>no—</span> 
     </span>
    </p>
   </div>
   <div class='ocr_carea' id='block_1_33' title="bbox 195 3153 1841 3232">
    <p class='ocr_par' dir='ltr' id='par_1_33' title="bbox 195 3153 1841 3232">
     <span class='ocr_line' id='line_1_33' title="bbox 195 3153 1841 3232; baseline 0.006 -25"><span class='ocrx_word' id='word_1_200' title='bbox 195 3153 380 3208; x_wconf 91' lang='lat' dir='ltr'>ctium</span> <span class='ocrx_word' id='word_1_201' title='bbox 412 3169 592 3210; x_wconf 89' lang='lat' dir='ltr'>causa</span> <span class='ocrx_word' id='word_1_202' title='bbox 619 3153 906 3224; x_wconf 85' lang='lat' dir='ltr'>efﬁcitur;</span> <span class='ocrx_word' id='word_1_203' title='bbox 940 3156 1193 3224; x_wconf 89' lang='lat' dir='ltr'>dierum,</span> <span class='ocrx_word' id='word_1_204' title='bbox 1225 3159 1366 3214; x_wconf 91' lang='lat' dir='ltr'>dum</span> <span class='ocrx_word' id='word_1_205' title='bbox 1417 3176 1597 3232; x_wconf 90' lang='lat' dir='ltr'>supra</span> <span class='ocrx_word' id='word_1_206' title='bbox 1625 3164 1841 3216; x_wconf 88' lang='lat' dir='ltr'>terram</span> 
     </span>
    </p>
   </div>
   <div class='ocr_carea' id='block_1_34' title="bbox 194 3242 1844 3321">
    <p class='ocr_par' dir='ltr' id='par_1_34' title="bbox 194 3242 1844 3321">
     <span class='ocr_line' id='line_1_34' title="bbox 194 3242 1844 3321; baseline 0.005 -25"><span class='ocrx_word' id='word_1_207' title='bbox 194 3242 399 3310; x_wconf 84' lang='lat' dir='ltr'>fertur,</span> <span class='ocrx_word' id='word_1_208' title='bbox 433 3242 714 3311; x_wconf 87' lang='lat' dir='ltr'>noctium,</span> <span class='ocrx_word' id='word_1_209' title='bbox 775 3245 916 3299; x_wconf 92' lang='lat' dir='ltr'>dum</span> <span class='ocrx_word' id='word_1_210' title='bbox 965 3245 1119 3301; x_wconf 79' lang='lat' dir='ltr'>infra</span> <span class='ocrx_word' id='word_1_211' title='bbox 1145 3250 1360 3303; x_wconf 87' lang='lat' dir='ltr'>terram</span> <span class='ocrx_word' id='word_1_212' title='bbox 1393 3265 1408 3302; x_wconf 89' lang='lat'><strong>:</strong></span> <span class='ocrx_word' id='word_1_213' title='bbox 1443 3249 1545 3304; x_wconf 92' lang='lat' dir='ltr'>sed</span> <span class='ocrx_word' id='word_1_214' title='bbox 1593 3253 1844 3321; x_wconf 87' lang='lat' dir='ltr'>quatuor</span> 
     </span>
    </p>
   </div>
   <div class='ocr_carea' id='block_1_35' title="bbox 195 3317 1918 3408">
    <p class='ocr_par' dir='ltr' id='par_1_35' title="bbox 195 3317 1918 3408">
     <span class='ocr_line' id='line_1_35' title="bbox 195 3317 1918 3408; baseline 0.006 -24"><span class='ocrx_word' id='word_1_215' title='bbox 195 3329 476 3386; x_wconf 87' lang='lat' dir='ltr'>horarum</span> <span class='ocrx_word' id='word_1_216' title='bbox 506 3347 609 3386; x_wconf 90' lang='lat' dir='ltr'>seu</span> <span class='ocrx_word' id='word_1_217' title='bbox 641 3335 930 3387; x_wconf 88' lang='lat' dir='ltr'>statorum</span> <span class='ocrx_word' id='word_1_218' title='bbox 960 3334 1099 3388; x_wconf 89' lang='lat' dir='ltr'>anni</span> <span class='ocrx_word' id='word_1_219' title='bbox 1130 3338 1485 3408; x_wconf 91' lang='lat' dir='ltr'>temporum,</span> <span class='ocrx_word' id='word_1_220' title='bbox 1517 3343 1680 3393; x_wconf 91' lang='lat' dir='ltr'>motu</span> <span class='ocrx_word' id='word_1_221' title='bbox 1711 3355 1842 3406; x_wconf 86' lang='lat' dir='ltr'>pro-</span> <span class='ocrx_word' id='word_1_222' title='bbox 1873 3317 1918 3386; x_wconf 67' lang='grc' dir='ltr'>(ἶ</span> 
     </span>
    </p>
   </div>
   <div class='ocr_carea' id='block_1_36' title="bbox 196 3417 1104 3490">
    <p class='ocr_par' dir='ltr' id='par_1_36' title="bbox 196 3417 1104 3490">
     <span class='ocr_line' id='line_1_36' title="bbox 196 3417 1104 3490; baseline 0.007 -17"><span class='ocrx_word' id='word_1_223' title='bbox 196 3419 323 3490; x_wconf 89' lang='lat' dir='ltr'>prio</span> <span class='ocrx_word' id='word_1_224' title='bbox 353 3417 676 3490; x_wconf 88' lang='lat' dir='ltr'>planetario</span> <span class='ocrx_word' id='word_1_225' title='bbox 707 3437 808 3476; x_wconf 89' lang='lat' dir='ltr'>seu</span> <span class='ocrx_word' id='word_1_226' title='bbox 837 3422 1104 3479; x_wconf 88' lang='lat' dir='ltr'>erratico.</span> 
     </span>
    </p>
   </div>
   <div class='ocr_carea' id='block_1_37' title="bbox 271 3506 1842 3581">
    <p class='ocr_par' dir='ltr' id='par_1_37' title="bbox 271 3506 1842 3581">
     <span class='ocr_line' id='line_1_37' title="bbox 271 3506 1842 3581; baseline 0.006 -19"><span class='ocrx_word' id='word_1_227' title='bbox 271 3508 358 3562; x_wconf 90' lang='grc'>10.</span> <span class='ocrx_word' id='word_1_228' title='bbox 392 3506 537 3562; x_wconf 88' lang='lat' dir='ltr'>Cum</span> <span class='ocrx_word' id='word_1_229' title='bbox 570 3507 730 3564; x_wconf 86' lang='lat' dir='ltr'>enim</span> <span class='ocrx_word' id='word_1_230' title='bbox 759 3509 1170 3581; x_wconf 88' lang='lat' dir='ltr'>hujuscemodi</span> <span class='ocrx_word' id='word_1_231' title='bbox 1201 3513 1293 3568; x_wconf 93' lang='lat' dir='ltr'>sui</span> <span class='ocrx_word' id='word_1_232' title='bbox 1333 3518 1528 3571; x_wconf 90' lang='lat' dir='ltr'>motus</span> <span class='ocrx_word' id='word_1_233' title='bbox 1559 3515 1842 3572; x_wconf 89' lang='lat' dir='ltr'>circulum</span> 
     </span>
    </p>
   </div>
   <div class='ocr_carea' id='block_1_38' title="bbox 196 3596 1843 3674">
    <p class='ocr_par' dir='ltr' id='par_1_38' title="bbox 196 3596 1843 3674">
     <span class='ocr_line' id='line_1_38' title="bbox 196 3596 1843 3674; baseline 0.005 -23"><span class='ocrx_word' id='word_1_234' title='bbox 196 3596 308 3651; x_wconf 91' lang='lat' dir='ltr'>sub</span> <span class='ocrx_word' id='word_1_235' title='bbox 339 3596 712 3653; x_wconf 88' lang='lat' dir='ltr'>ﬁrmamento</span> <span class='ocrx_word' id='word_1_236' title='bbox 765 3598 1002 3671; x_wconf 89' lang='lat' dir='ltr'>oblique</span> <span class='ocrx_word' id='word_1_237' title='bbox 1022 3601 1320 3671; x_wconf 86' lang='lat' dir='ltr'>jacentem</span> <span class='ocrx_word' id='word_1_238' title='bbox 1363 3602 1594 3674; x_wconf 89' lang='lat' dir='ltr'>habeat,</span> <span class='ocrx_word' id='word_1_239' title='bbox 1629 3609 1687 3660; x_wconf 85' lang='lat' dir='ltr'>et</span> <span class='ocrx_word' id='word_1_240' title='bbox 1716 3605 1843 3660; x_wconf 70' lang='lat' dir='ltr'>duae</span> 
     </span>
    </p>
   </div>
   <div class='ocr_carea' id='block_1_39' title="bbox 195 3683 1846 3757">
    <p class='ocr_par' dir='ltr' id='par_1_39' title="bbox 195 3683 1846 3757">
     <span class='ocr_line' id='line_1_39' title="bbox 195 3683 1846 3757; baseline 0.007 -19"><span class='ocrx_word' id='word_1_241' title='bbox 195 3683 356 3741; x_wconf 91' lang='lat' dir='ltr'>illius</span> <span class='ocrx_word' id='word_1_242' title='bbox 386 3688 582 3756; x_wconf 89' lang='lat' dir='ltr'>partes</span> <span class='ocrx_word' id='word_1_243' title='bbox 611 3702 739 3757; x_wconf 68' lang='lat' dir='ltr'>quae</span> <span class='ocrx_word' id='word_1_244' title='bbox 771 3693 910 3743; x_wconf 91' lang='lat' dir='ltr'>sunt</span> <span class='ocrx_word' id='word_1_245' title='bbox 940 3691 1265 3745; x_wconf 89' lang='lat' dir='ltr'>secundum</span> <span class='ocrx_word' id='word_1_246' title='bbox 1287 3691 1602 3748; x_wconf 91' lang='lat' dir='ltr'>dimetrum</span> <span class='ocrx_word' id='word_1_247' title='bbox 1635 3694 1846 3749; x_wconf 90' lang='lat' dir='ltr'>mediis</span> 
     </span>
    </p>
   </div>
   <div class='ocr_carea' id='block_1_40' title="bbox 197 3772 1848 3850">
    <p class='ocr_par' dir='ltr' id='par_1_40' title="bbox 197 3772 1848 3850">
     <span class='ocr_line' id='line_1_40' title="bbox 197 3772 1848 3850; baseline 0.005 -23"><span class='ocrx_word' id='word_1_248' title='bbox 197 3772 554 3829; x_wconf 82' lang='lat' dir='ltr'>firmamenti</span> <span class='ocrx_word' id='word_1_249' title='bbox 587 3775 852 3846; x_wconf 88' lang='lat' dir='ltr'>partibus</span> <span class='ocrx_word' id='word_1_250' title='bbox 901 3794 970 3832; x_wconf 86' lang='lat' dir='ltr'>ex</span> <span class='ocrx_word' id='word_1_251' title='bbox 997 3778 1239 3834; x_wconf 90' lang='lat' dir='ltr'>adverso</span> <span class='ocrx_word' id='word_1_252' title='bbox 1280 3779 1572 3837; x_wconf 64' lang='lat' dir='ltr'>collocata:</span> <span class='ocrx_word' id='word_1_253' title='bbox 1602 3787 1760 3850; x_wconf 89' lang='lat' dir='ltr'>sunt,</span> <span class='ocrx_word' id='word_1_254' title='bbox 1791 3785 1848 3837; x_wconf 90' lang='lat' dir='ltr'>et</span> 
     </span>
    </p>
   </div>
   <div class='ocr_carea' id='block_1_41' title="bbox 196 3862 1846 3942">
    <p class='ocr_par' dir='ltr' id='par_1_41' title="bbox 196 3862 1846 3942">
     <span class='ocr_line' id='line_1_41' title="bbox 196 3862 1846 3942; baseline 0.004 -25"><span class='ocrx_word' id='word_1_255' title='bbox 196 3862 457 3918; x_wconf 88' lang='lat' dir='ltr'>vicissim</span> <span class='ocrx_word' id='word_1_256' title='bbox 507 3863 757 3920; x_wconf 91' lang='lat' dir='ltr'>duarum</span> <span class='ocrx_word' id='word_1_257' title='bbox 788 3865 1037 3922; x_wconf 89' lang='lat' dir='ltr'>aliarum</span> <span class='ocrx_word' id='word_1_258' title='bbox 1089 3869 1367 3939; x_wconf 90' lang='lat' dir='ltr'>partium,</span> <span class='ocrx_word' id='word_1_259' title='bbox 1410 3887 1538 3942; x_wconf 72' lang='lat' dir='ltr'>quae</span> <span class='ocrx_word' id='word_1_260' title='bbox 1597 3876 1655 3926; x_wconf 89' lang='lat' dir='ltr'>et</span> <span class='ocrx_word' id='word_1_261' title='bbox 1705 3871 1846 3942; x_wconf 65' lang='lat' dir='ltr'>ipsae</span> 
     </span>
    </p>
   </div>
   <div class='ocr_carea' id='block_1_42' title="bbox 201 3953 1847 4024">
    <p class='ocr_par' dir='ltr' id='par_1_42' title="bbox 201 3953 1847 4024">
     <span class='ocr_line' id='line_1_42' title="bbox 201 3953 1847 4024; baseline 0.007 -19"><span class='ocrx_word' id='word_1_262' title='bbox 201 3954 343 4006; x_wconf 90' lang='lat' dir='ltr'>sunt</span> <span class='ocrx_word' id='word_1_263' title='bbox 373 3953 699 4008; x_wconf 88' lang='lat' dir='ltr'>secundum</span> <span class='ocrx_word' id='word_1_264' title='bbox 761 3954 1140 4024; x_wconf 88' lang='lat' dir='ltr'>diametrum,</span> <span class='ocrx_word' id='word_1_265' title='bbox 1191 3975 1310 4013; x_wconf 92' lang='lat' dir='ltr'>una</span> <span class='ocrx_word' id='word_1_266' title='bbox 1367 3960 1438 4014; x_wconf 92' lang='lat' dir='ltr'>ad</span> <span class='ocrx_word' id='word_1_267' title='bbox 1497 3959 1847 4016; x_wconf 87' lang='lat' dir='ltr'>borealiores</span> 
     </span>
    </p>
   </div>
   <div class='ocr_carea' id='block_1_43' title="bbox 201 4040 1844 4120">
    <p class='ocr_par' dir='ltr' id='par_1_43' title="bbox 201 4040 1844 4120">
     <span class='ocr_line' id='line_1_43' title="bbox 201 4040 1844 4120; baseline 0.007 -26"><span class='ocrx_word' id='word_1_268' title='bbox 201 4040 556 4096; x_wconf 88' lang='lat' dir='ltr'>ﬁrmamenti</span> <span class='ocrx_word' id='word_1_269' title='bbox 587 4046 803 4115; x_wconf 91' lang='lat' dir='ltr'>partes,</span> <span class='ocrx_word' id='word_1_270' title='bbox 864 4045 1046 4101; x_wconf 89' lang='lat' dir='ltr'>altera</span> <span class='ocrx_word' id='word_1_271' title='bbox 1075 4047 1148 4102; x_wconf 92' lang='lat' dir='ltr'>ad</span> <span class='ocrx_word' id='word_1_272' title='bbox 1192 4047 1569 4104; x_wconf 90' lang='lat' dir='ltr'>australiores</span> <span class='ocrx_word' id='word_1_273' title='bbox 1597 4055 1797 4120; x_wconf 88' lang='lat' dir='ltr'>vergat</span> <span class='ocrx_word' id='word_1_274' title='bbox 1831 4068 1844 4118; x_wconf 91' lang='lat'>;</span> 
     </span>
    </p>
   </div>
   <div class='ocr_carea' id='block_1_44' title="bbox 208 4131 1848 4210">
    <p class='ocr_par' dir='ltr' id='par_1_44' title="bbox 208 4131 1848 4210">
     <span class='ocr_line' id='line_1_44' title="bbox 208 4131 1848 4210; baseline 0.006 -26"><span class='ocrx_word' id='word_1_275' title='bbox 208 4131 684 4202; x_wconf 89' lang='lat' dir='ltr'>quandoquidem</span> <span class='ocrx_word' id='word_1_276' title='bbox 737 4149 837 4189; x_wconf 88' lang='lat' dir='ltr'>eas</span> <span class='ocrx_word' id='word_1_277' title='bbox 896 4140 1136 4207; x_wconf 88' lang='lat' dir='ltr'>peragat</span> <span class='ocrx_word' id='word_1_278' title='bbox 1193 4141 1408 4208; x_wconf 90' lang='lat' dir='ltr'>partes,</span> <span class='ocrx_word' id='word_1_279' title='bbox 1469 4155 1596 4210; x_wconf 65' lang='lat' dir='ltr'>quae</span> <span class='ocrx_word' id='word_1_280' title='bbox 1641 4139 1848 4194; x_wconf 91' lang='lat' dir='ltr'>mediis</span> 
     </span>
    </p>
   </div>
   <div class='ocr_carea' id='block_1_45' title="bbox 206 4219 1852 4300">
    <p class='ocr_par' dir='ltr' id='par_1_45' title="bbox 206 4219 1852 4300">
     <span class='ocr_line' id='line_1_45' title="bbox 206 4219 1852 4300; baseline 0.007 -27"><span class='ocrx_word' id='word_1_281' title='bbox 206 4219 566 4275; x_wconf 81' lang='lat' dir='ltr'>ﬁrmamenti</span> <span class='ocrx_word' id='word_1_282' title='bbox 635 4223 900 4292; x_wconf 88' lang='lat' dir='ltr'>partibus</span> <span class='ocrx_word' id='word_1_283' title='bbox 957 4225 1231 4294; x_wconf 75' lang='lat' dir='ltr'>subjectae</span> <span class='ocrx_word' id='word_1_284' title='bbox 1287 4231 1447 4297; x_wconf 90' lang='lat' dir='ltr'>sunt,</span> <span class='ocrx_word' id='word_1_285' title='bbox 1503 4228 1852 4300; x_wconf 62' lang='lat' dir='ltr'>aequinoctia</span> 
     </span>
    </p>
   </div>
   <div class='ocr_carea' id='block_1_46' title="bbox 206 4307 1850 4389">
    <p class='ocr_par' dir='ltr' id='par_1_46' title="bbox 206 4307 1850 4389">
     <span class='ocr_line' id='line_1_46' title="bbox 206 4307 1850 4389; baseline 0.005 -26"><span class='ocrx_word' id='word_1_286' title='bbox 206 4307 426 4376; x_wconf 85' lang='lat' dir='ltr'>efﬁcit;</span> <span class='ocrx_word' id='word_1_287' title='bbox 485 4326 751 4378; x_wconf 91' lang='lat' dir='ltr'>vernum,</span> <span class='ocrx_word' id='word_1_288' title='bbox 810 4327 944 4367; x_wconf 90' lang='lat' dir='ltr'>cum</span> <span class='ocrx_word' id='word_1_289' title='bbox 1006 4313 1079 4368; x_wconf 89' lang='lat' dir='ltr'>ab</span> <span class='ocrx_word' id='word_1_290' title='bbox 1132 4315 1489 4372; x_wconf 89' lang='lat' dir='ltr'>australibus</span> <span class='ocrx_word' id='word_1_291' title='bbox 1537 4317 1850 4389; x_wconf 84' lang='lat' dir='ltr'>[partibus]</span> 
     </span>
    </p>
   </div>
   <div class='ocr_carea' id='block_1_47' title="bbox 208 4397 1846 4474">
    <p class='ocr_par' dir='ltr' id='par_1_47' title="bbox 208 4397 1846 4474">
     <span class='ocr_line' id='line_1_47' title="bbox 208 4397 1846 4474; baseline 0.006 -23"><span class='ocrx_word' id='word_1_292' title='bbox 208 4397 493 4466; x_wconf 88' lang='lat' dir='ltr'>ascendit,</span> <span class='ocrx_word' id='word_1_293' title='bbox 530 4400 890 4468; x_wconf 87' lang='lat' dir='ltr'>autumnale,</span> <span class='ocrx_word' id='word_1_294' title='bbox 923 4418 1056 4456; x_wconf 91' lang='lat' dir='ltr'>cum</span> <span class='ocrx_word' id='word_1_295' title='bbox 1087 4420 1122 4458; x_wconf 89' lang='lat' dir='ltr'>a</span> <span class='ocrx_word' id='word_1_296' title='bbox 1147 4403 1482 4461; x_wconf 89' lang='lat' dir='ltr'>borealibus</span> <span class='ocrx_word' id='word_1_297' title='bbox 1513 4405 1846 4474; x_wconf 87' lang='lat' dir='ltr'>revertitur;</span> 
     </span>
    </p>
   </div>
   <div class='ocr_carea' id='block_1_48' title="bbox 208 4485 1852 4562">
    <p class='ocr_par' dir='ltr' id='par_1_48' title="bbox 208 4485 1852 4562">
     <span class='ocr_line' id='line_1_48' title="bbox 208 4485 1852 4562; baseline 0.007 -23"><span class='ocrx_word' id='word_1_298' title='bbox 208 4485 442 4556; x_wconf 90' lang='lat' dir='ltr'>quando</span> <span class='ocrx_word' id='word_1_299' title='bbox 473 4492 670 4543; x_wconf 86' lang='lat' dir='ltr'>autem</span> <span class='ocrx_word' id='word_1_300' title='bbox 721 4489 813 4544; x_wconf 89' lang='lat' dir='ltr'>sui</span> <span class='ocrx_word' id='word_1_301' title='bbox 863 4491 1084 4562; x_wconf 90' lang='lat' dir='ltr'>proprii</span> <span class='ocrx_word' id='word_1_302' title='bbox 1130 4491 1331 4548; x_wconf 88' lang='lat' dir='ltr'>circuli</span> <span class='ocrx_word' id='word_1_303' title='bbox 1377 4493 1852 4550; x_wconf 90' lang='lat' dir='ltr'>borealissimum</span> 
     </span>
    </p>
   </div>
   <div class='ocr_carea' id='block_1_49' title="bbox 208 4577 1853 4654">
    <p class='ocr_par' dir='ltr' id='par_1_49' title="bbox 208 4577 1853 4654">
     <span class='ocr_line' id='line_1_49' title="bbox 208 4577 1853 4654; baseline 0.006 -25"><span class='ocrx_word' id='word_1_304' title='bbox 208 4579 578 4646; x_wconf 88' lang='lat' dir='ltr'>segmentum</span> <span class='ocrx_word' id='word_1_305' title='bbox 601 4577 757 4633; x_wconf 79' lang='lat'>380</span> <span class='ocrx_word' id='word_1_306' title='bbox 787 4579 908 4650; x_wconf 82' lang='lat' dir='ltr'>(sic)</span> <span class='ocrx_word' id='word_1_307' title='bbox 934 4585 1324 4654; x_wconf 88' lang='lat' dir='ltr'>peragat,tum</span> <span class='ocrx_word' id='word_1_308' title='bbox 1356 4583 1615 4638; x_wconf 63' lang='lat' dir='ltr'>aestivam</span> <span class='ocrx_word' id='word_1_309' title='bbox 1646 4583 1853 4639; x_wconf 88' lang='lat' dir='ltr'>horam</span> 
     </span>
    </p>
   </div>
   <div class='ocr_carea' id='block_1_50' title="bbox 1952 659 3602 737">
    <p class='ocr_par' dir='ltr' id='par_1_50' title="bbox 1952 659 3602 737">
     <span class='ocr_line' id='line_1_50' title="bbox 1952 659 3602 737; baseline 0.002 -22"><span class='ocrx_word' id='word_1_310' title='bbox 1952 661 2042 716; x_wconf 84' lang='grc' dir='ltr'>καὶ</span> <span class='ocrx_word' id='word_1_311' title='bbox 2083 665 2178 716; x_wconf 81' lang='grc' dir='ltr'>τοῦ</span> <span class='ocrx_word' id='word_1_312' title='bbox 2219 661 2481 715; x_wconf 82' lang='grc' dir='ltr'>τοσούτου</span> <span class='ocrx_word' id='word_1_313' title='bbox 2528 665 2634 715; x_wconf 90' lang='grc' dir='ltr'>τῶν</span> <span class='ocrx_word' id='word_1_314' title='bbox 2686 659 2921 737; x_wconf 88' lang='grc' dir='ltr'>ἀστέρων</span> <span class='ocrx_word' id='word_1_315' title='bbox 2971 660 3162 734; x_wconf 77' lang='grc' dir='ltr'>ἑσμοῦ,</span> <span class='ocrx_word' id='word_1_316' title='bbox 3203 659 3295 717; x_wconf 85' lang='grc' dir='ltr'>καὶ</span> <span class='ocrx_word' id='word_1_317' title='bbox 3352 662 3451 731; x_wconf 78' lang='grc' dir='ltr'>τὴν</span> <span class='ocrx_word' id='word_1_318' title='bbox 3515 661 3602 718; x_wconf 82' lang='grc' dir='ltr'>έν-</span> 
     </span>
    </p>
   </div>
   <div class='ocr_carea' id='block_1_51' title="bbox 1957 748 2500 827">
    <p class='ocr_par' dir='ltr' id='par_1_51' title="bbox 1957 748 2500 827">
     <span class='ocr_line' id='line_1_51' title="bbox 1957 748 2500 827; baseline 0.002 -21"><span class='ocrx_word' id='word_1_319' title='bbox 1957 750 2135 806; x_wconf 89' lang='grc' dir='ltr'>αντίαν</span> <span class='ocrx_word' id='word_1_320' title='bbox 2172 748 2500 827; x_wconf 84' lang='grc' dir='ltr'>βαδίζοντες.</span> 
     </span>
    </p>
   </div>
   <div class='ocr_carea' id='block_1_52' title="bbox 2024 836 3600 916">
    <p class='ocr_par' dir='ltr' id='par_1_52' title="bbox 2024 836 3600 916">
     <span class='ocr_line' id='line_1_52' title="bbox 2024 836 3600 916; baseline 0 -20"><span class='ocrx_word' id='word_1_321' title='bbox 2024 841 2096 911; x_wconf 85' lang='grc' dir='ltr'>η’.</span> <span class='ocrx_word' id='word_1_322' title='bbox 2140 845 2314 895; x_wconf 79' lang='grc' dir='ltr'>Ταῦτα</span> <span class='ocrx_word' id='word_1_323' title='bbox 2363 836 2420 894; x_wconf 76' lang='grc' dir='ltr'>δὲ</span> <span class='ocrx_word' id='word_1_324' title='bbox 2468 837 2611 916; x_wconf 87' lang='grc' dir='ltr'>λέγω</span> <span class='ocrx_word' id='word_1_325' title='bbox 2658 839 2794 913; x_wconf 87' lang='grc' dir='ltr'>πρὸς</span> <span class='ocrx_word' id='word_1_326' title='bbox 2843 839 2906 894; x_wconf 90' lang='grc' dir='ltr'>τὸ</span> <span class='ocrx_word' id='word_1_327' title='bbox 2955 838 3302 916; x_wconf 86' lang='grc' dir='ltr'>φαινόμενον·</span> <span class='ocrx_word' id='word_1_328' title='bbox 3347 839 3464 895; x_wconf 80' lang='grc' dir='ltr'>ἐπει</span> <span class='ocrx_word' id='word_1_329' title='bbox 3509 841 3600 896; x_wconf 92' lang='grc' dir='ltr'>τοί</span> 
     </span>
    </p>
   </div>
   <div class='ocr_carea' id='block_1_53' title="bbox 1952 925 3596 1006">
    <p class='ocr_par' dir='ltr' id='par_1_53' title="bbox 1952 925 3596 1006">
     <span class='ocr_line' id='line_1_53' title="bbox 1952 925 3596 1006; baseline -0.001 -21"><span class='ocrx_word' id='word_1_330' title='bbox 1952 951 2012 1006; x_wconf 91' lang='grc' dir='ltr'>γε</span> <span class='ocrx_word' id='word_1_331' title='bbox 2064 929 2227 1002; x_wconf 80' lang='grc' dir='ltr'>μόνος</span> <span class='ocrx_word' id='word_1_332' title='bbox 2256 930 2285 983; x_wconf 99' lang='lat'>6</span> <span class='ocrx_word' id='word_1_333' title='bbox 2314 933 2531 1004; x_wconf 89' lang='grc' dir='ltr'>πρῶτος</span> <span class='ocrx_word' id='word_1_334' title='bbox 2579 927 2807 1002; x_wconf 82' lang='grc' dir='ltr'>οὐρανὸς</span> <span class='ocrx_word' id='word_1_335' title='bbox 2855 926 2906 999; x_wconf 84' lang='grc' dir='ltr'>έξ</span> <span class='ocrx_word' id='word_1_336' title='bbox 2955 925 3233 984; x_wconf 89' lang='grc' dir='ltr'>ἀνατολῶν</span> <span class='ocrx_word' id='word_1_337' title='bbox 3277 926 3355 991; x_wconf 69' lang='grc' dir='ltr'>είς</span> <span class='ocrx_word' id='word_1_338' title='bbox 3385 925 3596 1003; x_wconf 80' lang='grc' dir='ltr'>δυσμὰς</span> 
     </span>
    </p>
   </div>
   <div class='ocr_carea' id='block_1_54' title="bbox 1953 1015 3598 1097">
    <p class='ocr_par' dir='ltr' id='par_1_54' title="bbox 1953 1015 3598 1097">
     <span class='ocr_line' id='line_1_54' title="bbox 1953 1015 3598 1097; baseline -0.001 -24"><span class='ocrx_word' id='word_1_339' title='bbox 1953 1018 2252 1097; x_wconf 86' lang='grc' dir='ltr'>φερόμενος</span> <span class='ocrx_word' id='word_1_340' title='bbox 2339 1015 2600 1092; x_wconf 80' lang='grc' dir='ltr'>ἔγνωσται</span> <span class='ocrx_word' id='word_1_341' title='bbox 2680 1018 3059 1094; x_wconf 84' lang='grc' dir='ltr'>συμπεριάγων</span> <span class='ocrx_word' id='word_1_342' title='bbox 3130 1016 3302 1089; x_wconf 75' lang='grc' dir='ltr'>ἑαυτῷ</span> <span class='ocrx_word' id='word_1_343' title='bbox 3356 1018 3446 1072; x_wconf 84' lang='grc' dir='ltr'>καὶ</span> <span class='ocrx_word' id='word_1_344' title='bbox 3501 1019 3598 1073; x_wconf 89' lang='grc' dir='ltr'>τὸν</span> 
     </span>
    </p>
   </div>
   <div class='ocr_carea' id='block_1_55' title="bbox 1956 1105 3600 1184">
    <p class='ocr_par' dir='ltr' id='par_1_55' title="bbox 1956 1105 3600 1184">
     <span class='ocr_line' id='line_1_55' title="bbox 1956 1105 3600 1184; baseline -0.001 -21"><span class='ocrx_word' id='word_1_345' title='bbox 1956 1105 2226 1184; x_wconf 88' lang='grc' dir='ltr'>δεύτερον,</span> <span class='ocrx_word' id='word_1_346' title='bbox 2271 1109 2333 1162; x_wconf 89' lang='grc' dir='ltr'>τὸ</span> <span class='ocrx_word' id='word_1_347' title='bbox 2378 1108 2676 1181; x_wconf 84' lang='grc' dir='ltr'>στερέωμα.</span> <span class='ocrx_word' id='word_1_348' title='bbox 2728 1107 2806 1164; x_wconf 90' lang='grc' dir='ltr'>Τὸ</span> <span class='ocrx_word' id='word_1_349' title='bbox 2849 1105 2953 1182; x_wconf 82' lang='grc' dir='ltr'>γὰρ</span> <span class='ocrx_word' id='word_1_350' title='bbox 3003 1107 3284 1182; x_wconf 75' lang='grc' dir='ltr'>στερέωμα</span> <span class='ocrx_word' id='word_1_351' title='bbox 3328 1106 3418 1161; x_wconf 77' lang='grc' dir='ltr'>καὶ</span> <span class='ocrx_word' id='word_1_352' title='bbox 3465 1105 3600 1162; x_wconf 82' lang='grc' dir='ltr'>αὐτὸ</span> 
     </span>
    </p>
   </div>
   <div class='ocr_carea' id='block_1_56' title="bbox 1952 1193 3600 1271">
    <p class='ocr_par' dir='ltr' id='par_1_56' title="bbox 1952 1193 3600 1271">
     <span class='ocr_line' id='line_1_56' title="bbox 1952 1193 3600 1271; baseline -0.002 -19"><span class='ocrx_word' id='word_1_353' title='bbox 1952 1197 2089 1271; x_wconf 85' lang='grc' dir='ltr'>πρὸς</span> <span class='ocrx_word' id='word_1_354' title='bbox 2149 1194 2356 1270; x_wconf 75' lang='grc' dir='ltr'>δυσμὰς</span> <span class='ocrx_word' id='word_1_355' title='bbox 2419 1194 2470 1266; x_wconf 79' lang='grc' dir='ltr'>ἐξ</span> <span class='ocrx_word' id='word_1_356' title='bbox 2547 1194 2826 1251; x_wconf 89' lang='grc' dir='ltr'>ἀνατολῶν</span> <span class='ocrx_word' id='word_1_357' title='bbox 2893 1194 3029 1266; x_wconf 87' lang='grc' dir='ltr'>μετά</span> <span class='ocrx_word' id='word_1_358' title='bbox 3089 1199 3198 1249; x_wconf 90' lang='grc' dir='ltr'>τῶν</span> <span class='ocrx_word' id='word_1_359' title='bbox 3284 1193 3600 1271; x_wconf 85' lang='grc' dir='ltr'>λεγομένων</span> 
     </span>
    </p>
   </div>
   <div class='ocr_carea' id='block_1_57' title="bbox 1954 1280 3604 1362">
    <p class='ocr_par' dir='ltr' id='par_1_57' title="bbox 1954 1280 3604 1362">
     <span class='ocr_line' id='line_1_57' title="bbox 1954 1280 3604 1362; baseline -0.001 -22"><span class='ocrx_word' id='word_1_360' title='bbox 1954 1285 2208 1341; x_wconf 80' lang='grc' dir='ltr'>ἀπλανῶν</span> <span class='ocrx_word' id='word_1_361' title='bbox 2269 1285 2501 1361; x_wconf 88' lang='grc' dir='ltr'>ἀστέρων</span> <span class='ocrx_word' id='word_1_362' title='bbox 2549 1285 2762 1362; x_wconf 87' lang='grc' dir='ltr'>φέρεται</span> <span class='ocrx_word' id='word_1_363' title='bbox 2815 1288 3073 1361; x_wconf 75' lang='grc' dir='ltr'>φυσικῶς·</span> <span class='ocrx_word' id='word_1_364' title='bbox 3125 1280 3216 1338; x_wconf 81' lang='grc' dir='ltr'>διὰ</span> <span class='ocrx_word' id='word_1_365' title='bbox 3263 1281 3320 1338; x_wconf 77' lang='grc' dir='ltr'>δὲ</span> <span class='ocrx_word' id='word_1_366' title='bbox 3361 1283 3424 1338; x_wconf 87' lang='grc' dir='ltr'>τὸ</span> <span class='ocrx_word' id='word_1_367' title='bbox 3473 1285 3604 1359; x_wconf 82' lang='grc' dir='ltr'>βρα-</span> 
     </span>
    </p>
   </div>
   <div class='ocr_carea' id='block_1_58' title="bbox 1954 1370 3605 1444">
    <p class='ocr_par' dir='ltr' id='par_1_58' title="bbox 1954 1370 3605 1444">
     <span class='ocr_line' id='line_1_58' title="bbox 1954 1370 3605 1444; baseline -0.001 -15"><span class='ocrx_word' id='word_1_368' title='bbox 1954 1372 2176 1429; x_wconf 86' lang='grc' dir='ltr'>δύτατον</span> <span class='ocrx_word' id='word_1_369' title='bbox 2229 1381 2326 1444; x_wconf 76' lang='grc' dir='ltr'>τῆς</span> <span class='ocrx_word' id='word_1_370' title='bbox 2365 1372 2624 1444; x_wconf 78' lang='grc' dir='ltr'>τοιαύτης</span> <span class='ocrx_word' id='word_1_371' title='bbox 2670 1371 3012 1443; x_wconf 80' lang='grc' dir='ltr'>πλανητικῆς</span> <span class='ocrx_word' id='word_1_372' title='bbox 3061 1375 3326 1444; x_wconf 84' lang='grc' dir='ltr'>κινήσεως</span> <span class='ocrx_word' id='word_1_373' title='bbox 3379 1370 3605 1429; x_wconf 83' lang='grc' dir='ltr'>διαλαν-</span> 
     </span>
    </p>
   </div>
   <div class='ocr_carea' id='block_1_59' title="bbox 1954 1459 3605 1538">
    <p class='ocr_par' dir='ltr' id='par_1_59' title="bbox 1954 1459 3605 1538">
     <span class='ocr_line' id='line_1_59' title="bbox 1954 1459 3605 1538; baseline 0 -20"><span class='ocrx_word' id='word_1_374' title='bbox 1954 1465 2094 1527; x_wconf 78' lang='grc' dir='ltr'>θάνει</span> <span class='ocrx_word' id='word_1_375' title='bbox 2144 1465 2242 1532; x_wconf 77' lang='grc' dir='ltr'>τήν</span> <span class='ocrx_word' id='word_1_376' title='bbox 2293 1459 2559 1534; x_wconf 66' lang='grc' dir='ltr'>αἴσθησιν.</span> <span class='ocrx_word' id='word_1_377' title='bbox 2619 1461 2710 1524; x_wconf 79' lang='grc' dir='ltr'>Εἰς</span> <span class='ocrx_word' id='word_1_378' title='bbox 2767 1461 2961 1538; x_wconf 77' lang='grc' dir='ltr'>μοίρας</span> <span class='ocrx_word' id='word_1_379' title='bbox 3030 1463 3132 1538; x_wconf 81' lang='grc' dir='ltr'>γὰρ</span> <span class='ocrx_word' id='word_1_380' title='bbox 3198 1462 3458 1533; x_wconf 71' lang='grc' dir='ltr'>ἑξήκοντα</span> <span class='ocrx_word' id='word_1_381' title='bbox 3508 1462 3605 1518; x_wconf 87' lang='grc' dir='ltr'>καὶ</span> 
     </span>
    </p>
   </div>
   <div class='ocr_carea' id='block_1_60' title="bbox 1950 1547 3607 1628">
    <p class='ocr_par' dir='ltr' id='par_1_60' title="bbox 1950 1547 3607 1628">
     <span class='ocr_line' id='line_1_60' title="bbox 1950 1547 3607 1628; baseline -0.001 -21"><span class='ocrx_word' id='word_1_382' title='bbox 1950 1553 2266 1628; x_wconf 81' lang='grc' dir='ltr'>τριακοσίας</span> <span class='ocrx_word' id='word_1_383' title='bbox 2327 1556 2424 1607; x_wconf 80' lang='grc' dir='ltr'>τοῦ</span> <span class='ocrx_word' id='word_1_384' title='bbox 2491 1552 2689 1613; x_wconf 88' lang='grc' dir='ltr'>παντὸς</span> <span class='ocrx_word' id='word_1_385' title='bbox 2749 1549 2955 1606; x_wconf 83' lang='grc' dir='ltr'>κύκλου</span> <span class='ocrx_word' id='word_1_386' title='bbox 3026 1547 3430 1627; x_wconf 74' lang='grc' dir='ltr'>διαιρουμένου,</span> <span class='ocrx_word' id='word_1_387' title='bbox 3480 1551 3607 1625; x_wconf 87' lang='grc' dir='ltr'>μίαν</span> 
     </span>
    </p>
   </div>
   <div class='ocr_carea' id='block_1_61' title="bbox 1957 1637 3604 1718">
    <p class='ocr_par' dir='ltr' id='par_1_61' title="bbox 1957 1637 3604 1718">
     <span class='ocr_line' id='line_1_61' title="bbox 1957 1637 3604 1718; baseline -0.001 -22"><span class='ocrx_word' id='word_1_388' title='bbox 1957 1647 2147 1718; x_wconf 85' lang='grc' dir='ltr'>μοῖραν</span> <span class='ocrx_word' id='word_1_389' title='bbox 2232 1643 2348 1696; x_wconf 82' lang='grc' dir='ltr'>καθ’</span> <span class='ocrx_word' id='word_1_390' title='bbox 2417 1639 2643 1696; x_wconf 66' lang='grc' dir='ltr'>ἕκαστον</span> <span class='ocrx_word' id='word_1_391' title='bbox 2719 1638 2836 1702; x_wconf 83' lang='grc' dir='ltr'>ἔτος</span> <span class='ocrx_word' id='word_1_392' title='bbox 2909 1641 3205 1715; x_wconf 78' lang='grc' dir='ltr'>τετήρηται</span> <span class='ocrx_word' id='word_1_393' title='bbox 3287 1637 3604 1716; x_wconf 74' lang='grc' dir='ltr'>διέρχεσθαι</span> 
     </span>
    </p>
   </div>
   <div class='ocr_carea' id='block_1_62' title="bbox 1949 1727 3598 1804">
    <p class='ocr_par' dir='ltr' id='par_1_62' title="bbox 1949 1727 3598 1804">
     <span class='ocr_line' id='line_1_62' title="bbox 1949 1727 3598 1804; baseline -0.001 -18"><span class='ocrx_word' id='word_1_394' title='bbox 1949 1731 2302 1802; x_wconf 84' lang='grc' dir='ltr'>πλανητικῶς</span> <span class='ocrx_word' id='word_1_395' title='bbox 2347 1730 2408 1785; x_wconf 87' lang='grc' dir='ltr'>τὸ</span> <span class='ocrx_word' id='word_1_396' title='bbox 2455 1729 2752 1804; x_wconf 85' lang='grc' dir='ltr'>στερέωμα⁶</span> <span class='ocrx_word' id='word_1_397' title='bbox 2785 1731 2921 1784; x_wconf 82' lang='grc' dir='ltr'>κατά</span> <span class='ocrx_word' id='word_1_398' title='bbox 2967 1750 3118 1792; x_wconf 89' lang='grc' dir='ltr'>τινας</span> <span class='ocrx_word' id='word_1_399' title='bbox 3170 1727 3217 1784; x_wconf 91' lang='grc' dir='ltr'>δ’</span> <span class='ocrx_word' id='word_1_400' title='bbox 3263 1728 3325 1784; x_wconf 85' lang='grc' dir='ltr'>ού</span> <span class='ocrx_word' id='word_1_401' title='bbox 3374 1734 3598 1804; x_wconf 82' lang='grc' dir='ltr'>μοῖραν,</span> 
     </span>
    </p>
   </div>
   <div class='ocr_carea' id='block_1_63' title="bbox 1949 1817 3595 1895">
    <p class='ocr_par' dir='ltr' id='par_1_63' title="bbox 1949 1817 3595 1895">
     <span class='ocr_line' id='line_1_63' title="bbox 1949 1817 3595 1895; baseline 0 -21"><span class='ocrx_word' id='word_1_402' title='bbox 1949 1819 2096 1875; x_wconf 85' lang='grc' dir='ltr'>ἀλλὰ</span> <span class='ocrx_word' id='word_1_403' title='bbox 2164 1820 2363 1893; x_wconf 76' lang='grc' dir='ltr'>τμῆμα</span> <span class='ocrx_word' id='word_1_404' title='bbox 2427 1817 2622 1895; x_wconf 79' lang='grc' dir='ltr'>μοίρας</span> <span class='ocrx_word' id='word_1_405' title='bbox 2681 1817 2976 1895; x_wconf 83' lang='grc' dir='ltr'>ὀλίγιστον.</span> <span class='ocrx_word' id='word_1_406' title='bbox 3049 1818 3142 1873; x_wconf 87' lang='grc' dir='ltr'>Διὸ</span> <span class='ocrx_word' id='word_1_407' title='bbox 3202 1817 3270 1888; x_wconf 78' lang='grc' dir='ltr'>δὴ</span> <span class='ocrx_word' id='word_1_408' title='bbox 3335 1817 3441 1873; x_wconf 84' lang='grc' dir='ltr'>κάκ</span> <span class='ocrx_word' id='word_1_409' title='bbox 3491 1825 3595 1888; x_wconf 79' lang='grc' dir='ltr'>τῆς</span> 
     </span>
    </p>
   </div>
   <div class='ocr_carea' id='block_1_64' title="bbox 1949 1907 3598 1985">
    <p class='ocr_par' dir='ltr' id='par_1_64' title="bbox 1949 1907 3598 1985">
     <span class='ocr_line' id='line_1_64' title="bbox 1949 1907 3598 1985; baseline -0.001 -22"><span class='ocrx_word' id='word_1_410' title='bbox 1949 1909 2205 1979; x_wconf 82' lang='grc' dir='ltr'>τοιαύτης</span> <span class='ocrx_word' id='word_1_411' title='bbox 2238 1907 2377 1970; x_wconf 78' lang='grc' dir='ltr'>ἰδίας</span> <span class='ocrx_word' id='word_1_412' title='bbox 2404 1907 2493 1962; x_wconf 89' lang='grc' dir='ltr'>καὶ</span> <span class='ocrx_word' id='word_1_413' title='bbox 2542 1914 2772 1985; x_wconf 84' lang='grc' dir='ltr'>φυσικῆς</span> <span class='ocrx_word' id='word_1_414' title='bbox 2818 1909 3082 1978; x_wconf 79' lang='grc' dir='ltr'>κινήσεως</span> <span class='ocrx_word' id='word_1_415' title='bbox 3125 1911 3229 1962; x_wconf 78' lang='grc' dir='ltr'>τοῦ</span> <span class='ocrx_word' id='word_1_416' title='bbox 3285 1908 3598 1984; x_wconf 84' lang='grc' dir='ltr'>στερεώμα-</span> 
     </span>
    </p>
   </div>
   <div class='ocr_carea' id='block_1_65' title="bbox 1947 1993 3600 2073">
    <p class='ocr_par' dir='ltr' id='par_1_65' title="bbox 1947 1993 3600 2073">
     <span class='ocr_line' id='line_1_65' title="bbox 1947 1993 3600 2073; baseline -0.001 -20"><span class='ocrx_word' id='word_1_417' title='bbox 1947 2020 2064 2068; x_wconf 92' lang='grc' dir='ltr'>τος,</span> <span class='ocrx_word' id='word_1_418' title='bbox 2098 1999 2126 2052; x_wconf 89' lang='lat'>6</span> <span class='ocrx_word' id='word_1_419' title='bbox 2155 2001 2372 2071; x_wconf 90' lang='grc' dir='ltr'>πρῶτος</span> <span class='ocrx_word' id='word_1_420' title='bbox 2421 1993 2648 2072; x_wconf 75' lang='grc' dir='ltr'>οὐρανὸς</span> <span class='ocrx_word' id='word_1_421' title='bbox 2703 1997 2731 2050; x_wconf 91' lang='lat'>6</span> <span class='ocrx_word' id='word_1_422' title='bbox 2783 1996 2858 2069; x_wconf 82' lang='grc' dir='ltr'>μή</span> <span class='ocrx_word' id='word_1_423' title='bbox 2899 1996 3175 2073; x_wconf 84' lang='grc' dir='ltr'>ὁρώμενος</span> <span class='ocrx_word' id='word_1_424' title='bbox 3223 1997 3456 2072; x_wconf 66' lang='grc' dir='ltr'>ἑώραται</span> <span class='ocrx_word' id='word_1_425' title='bbox 3505 2017 3600 2051; x_wconf 87' lang='grc' dir='ltr'>νο-</span> 
     </span>
    </p>
   </div>
   <div class='ocr_carea' id='block_1_66' title="bbox 1951 2082 3598 2164">
    <p class='ocr_par' dir='ltr' id='par_1_66' title="bbox 1951 2082 3598 2164">
     <span class='ocr_line' id='line_1_66' title="bbox 1951 2082 3598 2164; baseline -0.001 -22"><span class='ocrx_word' id='word_1_426' title='bbox 1951 2093 2087 2164; x_wconf 90' lang='grc' dir='ltr'>ερῶς</span> <span class='ocrx_word' id='word_1_427' title='bbox 2130 2092 2247 2150; x_wconf 86' lang='grc' dir='ltr'>τοῖς</span> <span class='ocrx_word' id='word_1_428' title='bbox 2295 2087 2393 2156; x_wconf 73' lang='grc' dir='ltr'>τὴν</span> <span class='ocrx_word' id='word_1_429' title='bbox 2443 2085 2672 2157; x_wconf 83' lang='grc' dir='ltr'>ἐξέτασιν</span> <span class='ocrx_word' id='word_1_430' title='bbox 2717 2085 2918 2154; x_wconf 83' lang='grc' dir='ltr'>ταύτην</span> <span class='ocrx_word' id='word_1_431' title='bbox 2990 2082 3306 2163; x_wconf 78' lang='grc' dir='ltr'>φιλοπόνως</span> <span class='ocrx_word' id='word_1_432' title='bbox 3361 2106 3598 2156; x_wconf 87' lang='grc' dir='ltr'>ποιησα-</span> 
     </span>
    </p>
   </div>
   <div class='ocr_carea' id='block_1_67' title="bbox 1954 2175 2156 2248">
    <p class='ocr_par' dir='ltr' id='par_1_67' title="bbox 1954 2175 2156 2248">
     <span class='ocr_line' id='line_1_67' title="bbox 1954 2175 2156 2248; baseline -0.01 -18"><span class='ocrx_word' id='word_1_433' title='bbox 1954 2175 2156 2248; x_wconf 84' lang='grc' dir='ltr'>μένοις.</span> 
     </span>
    </p>
   </div>
   <div class='ocr_carea' id='block_1_68' title="bbox 2023 2259 3598 2336">
    <p class='ocr_par' dir='ltr' id='par_1_68' title="bbox 2023 2259 3598 2336">
     <span class='ocr_line' id='line_1_68' title="bbox 2023 2259 3598 2336; baseline -0.001 -17"><span class='ocrx_word' id='word_1_434' title='bbox 2023 2265 2086 2327; x_wconf 86' lang='grc' dir='ltr'>θ’.</span> <span class='ocrx_word' id='word_1_435' title='bbox 2117 2265 2222 2332; x_wconf 76' lang='grc' dir='ltr'>Τὴν</span> <span class='ocrx_word' id='word_1_436' title='bbox 2255 2264 2349 2336; x_wconf 77' lang='grc' dir='ltr'>μὲν</span> <span class='ocrx_word' id='word_1_437' title='bbox 2383 2259 2474 2317; x_wconf 81' lang='grc' dir='ltr'>οὖν</span> <span class='ocrx_word' id='word_1_438' title='bbox 2508 2259 2645 2316; x_wconf 80' lang='grc' dir='ltr'>ἷδίαν</span> <span class='ocrx_word' id='word_1_439' title='bbox 2686 2261 2894 2332; x_wconf 89' lang='grc' dir='ltr'>κίνησιν</span> <span class='ocrx_word' id='word_1_440' title='bbox 2950 2263 3002 2316; x_wconf 74' lang='grc' dir='ltr'>οἱ</span> <span class='ocrx_word' id='word_1_441' title='bbox 3049 2260 3318 2332; x_wconf 85' lang='grc' dir='ltr'>πλάνητες</span> <span class='ocrx_word' id='word_1_442' title='bbox 3367 2268 3598 2318; x_wconf 77' lang='grc' dir='ltr'>ποιοῦν-</span> 
     </span>
    </p>
   </div>
   <div class='ocr_carea' id='block_1_69' title="bbox 1949 2349 3605 2428">
    <p class='ocr_par' dir='ltr' id='par_1_69' title="bbox 1949 2349 3605 2428">
     <span class='ocr_line' id='line_1_69' title="bbox 1949 2349 3605 2428; baseline 0.001 -22"><span class='ocrx_word' id='word_1_443' title='bbox 1949 2373 2038 2408; x_wconf 90' lang='grc' dir='ltr'>ται</span> <span class='ocrx_word' id='word_1_444' title='bbox 2104 2351 2384 2421; x_wconf 74' lang='grc' dir='ltr'>τοιαύτην,</span> <span class='ocrx_word' id='word_1_445' title='bbox 2445 2349 2559 2406; x_wconf 63' lang='grc' dir='ltr'>οἵαν</span> <span class='ocrx_word' id='word_1_446' title='bbox 2641 2350 2956 2426; x_wconf 73' lang='grc' dir='ltr'>εἰρήκαμενο</span> <span class='ocrx_word' id='word_1_447' title='bbox 3024 2352 3479 2428; x_wconf 82' lang='grc' dir='ltr'>συμπεριάγονται</span> <span class='ocrx_word' id='word_1_448' title='bbox 3544 2350 3605 2408; x_wconf 77' lang='grc' dir='ltr'>δὲ</span> 
     </span>
    </p>
   </div>
   <div class='ocr_carea' id='block_1_70' title="bbox 1950 2433 3601 2518">
    <p class='ocr_par' dir='ltr' id='par_1_70' title="bbox 1950 2433 3601 2518">
     <span class='ocr_line' id='line_1_70' title="bbox 1950 2433 3601 2518; baseline 0 -21"><span class='ocrx_word' id='word_1_449' title='bbox 1950 2442 2040 2497; x_wconf 85' lang='grc' dir='ltr'>καὶ</span> <span class='ocrx_word' id='word_1_450' title='bbox 2087 2445 2165 2514; x_wconf 79' lang='grc' dir='ltr'>τῷ</span> <span class='ocrx_word' id='word_1_451' title='bbox 2211 2440 2422 2517; x_wconf 79' lang='grc' dir='ltr'>οὐρανῷ</span> <span class='ocrx_word' id='word_1_452' title='bbox 2468 2444 2537 2513; x_wconf 82' lang='grc' dir='ltr'>τῇ</span> <span class='ocrx_word' id='word_1_453' title='bbox 2591 2433 2736 2516; x_wconf 80' lang='grc' dir='ltr'>ῥύμῃ</span> <span class='ocrx_word' id='word_1_454' title='bbox 2777 2446 2876 2509; x_wconf 84' lang='grc' dir='ltr'>τῆς</span> <span class='ocrx_word' id='word_1_455' title='bbox 2905 2438 3069 2495; x_wconf 76' lang='grc' dir='ltr'>αὐτοῦ</span> <span class='ocrx_word' id='word_1_456' title='bbox 3099 2446 3270 2518; x_wconf 80' lang='grc' dir='ltr'>φορᾶς</span> <span class='ocrx_word' id='word_1_457' title='bbox 3303 2439 3601 2514; x_wconf 80' lang='grc' dir='ltr'>ἐκνικώμε-</span> 
     </span>
    </p>
   </div>
   <div class='ocr_carea' id='block_1_71' title="bbox 1951 2526 3604 2603">
    <p class='ocr_par' dir='ltr' id='par_1_71' title="bbox 1951 2526 3604 2603">
     <span class='ocr_line' id='line_1_71' title="bbox 1951 2526 3604 2603; baseline 0 -19"><span class='ocrx_word' id='word_1_458' title='bbox 1951 2553 2052 2588; x_wconf 90' lang='grc' dir='ltr'>νοι.</span> <span class='ocrx_word' id='word_1_459' title='bbox 2096 2531 2384 2586; x_wconf 80' lang='grc' dir='ltr'>Κάντεῦθεν</span> <span class='ocrx_word' id='word_1_460' title='bbox 2436 2531 2464 2584; x_wconf 94' lang='lat'>6</span> <span class='ocrx_word' id='word_1_461' title='bbox 2512 2527 2674 2599; x_wconf 79' lang='grc' dir='ltr'>ἥλιος</span> <span class='ocrx_word' id='word_1_462' title='bbox 2725 2526 2793 2584; x_wconf 90' lang='grc' dir='ltr'>δι’</span> <span class='ocrx_word' id='word_1_463' title='bbox 2835 2528 3080 2584; x_wconf 82' lang='grc' dir='ltr'>ἐνιαυτοῦ</span> <span class='ocrx_word' id='word_1_464' title='bbox 3139 2530 3241 2599; x_wconf 77' lang='grc' dir='ltr'>τὴν</span> <span class='ocrx_word' id='word_1_465' title='bbox 3308 2527 3446 2585; x_wconf 80' lang='grc' dir='ltr'>ἰδίαν</span> <span class='ocrx_word' id='word_1_466' title='bbox 3492 2529 3604 2603; x_wconf 81' lang='grc' dir='ltr'>(κί-</span> 
     </span>
    </p>
   </div>
   <div class='ocr_carea' id='block_1_72' title="bbox 1949 2616 3600 2696">
    <p class='ocr_par' dir='ltr' id='par_1_72' title="bbox 1949 2616 3600 2696">
     <span class='ocr_line' id='line_1_72' title="bbox 1949 2616 3600 2696; baseline -0.001 -21"><span class='ocrx_word' id='word_1_467' title='bbox 1949 2622 2122 2692; x_wconf 87' lang='grc' dir='ltr'>νησιν)</span> <span class='ocrx_word' id='word_1_468' title='bbox 2172 2617 2488 2696; x_wconf 77' lang='grc' dir='ltr'>ἐκπληρῶν,</span> <span class='ocrx_word' id='word_1_469' title='bbox 2521 2620 2620 2688; x_wconf 88' lang='grc' dir='ltr'>τήν</span> <span class='ocrx_word' id='word_1_470' title='bbox 2667 2617 3035 2689; x_wconf 79' lang='grc' dir='ltr'>πλανητικήν,</span> <span class='ocrx_word' id='word_1_471' title='bbox 3081 2619 3179 2687; x_wconf 80' lang='grc' dir='ltr'>τήν</span> <span class='ocrx_word' id='word_1_472' title='bbox 3251 2619 3310 2673; x_wconf 89' lang='grc' dir='ltr'>έκ</span> <span class='ocrx_word' id='word_1_473' title='bbox 3376 2616 3600 2692; x_wconf 84' lang='grc' dir='ltr'>δυσμῶν</span> 
     </span>
    </p>
   </div>
   <div class='ocr_carea' id='block_1_73' title="bbox 1953 2704 3597 2784">
    <p class='ocr_par' dir='ltr' id='par_1_73' title="bbox 1953 2704 3597 2784">
     <span class='ocr_line' id='line_1_73' title="bbox 1953 2704 3597 2784; baseline -0.001 -20"><span class='ocrx_word' id='word_1_474' title='bbox 1953 2710 2028 2772; x_wconf 85' lang='grc' dir='ltr'>εἰς</span> <span class='ocrx_word' id='word_1_475' title='bbox 2093 2707 2382 2780; x_wconf 85' lang='grc' dir='ltr'>ἀνατολὰς,</span> <span class='ocrx_word' id='word_1_476' title='bbox 2429 2708 2481 2764; x_wconf 81' lang='grc' dir='ltr'>ἐν</span> <span class='ocrx_word' id='word_1_477' title='bbox 2539 2707 2722 2784; x_wconf 78' lang='grc' dir='ltr'>ἡμέρᾳ</span> <span class='ocrx_word' id='word_1_478' title='bbox 2793 2712 2891 2780; x_wconf 86' lang='grc' dir='ltr'>μιᾷ</span> <span class='ocrx_word' id='word_1_479' title='bbox 2954 2707 3044 2762; x_wconf 88' lang='grc' dir='ltr'>καὶ</span> <span class='ocrx_word' id='word_1_480' title='bbox 3107 2707 3284 2776; x_wconf 85' lang='grc' dir='ltr'>νυκτὶ,</span> <span class='ocrx_word' id='word_1_481' title='bbox 3349 2704 3440 2762; x_wconf 82' lang='grc' dir='ltr'>διὰ</span> <span class='ocrx_word' id='word_1_482' title='bbox 3492 2709 3597 2778; x_wconf 87' lang='grc' dir='ltr'>τῆς</span> 
     </span>
    </p>
   </div>
   <div class='ocr_carea' id='block_1_74' title="bbox 1952 2795 3602 2860">
    <p class='ocr_par' dir='ltr' id='par_1_74' title="bbox 1952 2795 3602 2860">
     <span class='ocr_line' id='line_1_74' title="bbox 1952 2795 3602 2860; baseline -0.001 -6"><span class='ocrx_word' id='word_1_483' title='bbox 1952 2797 2188 2860; x_wconf 81' lang='grc' dir='ltr'>ἐναντίας</span> <span class='ocrx_word' id='word_1_484' title='bbox 2245 2797 2304 2852; x_wconf 86' lang='grc' dir='ltr'>ἐκ</span> <span class='ocrx_word' id='word_1_485' title='bbox 2355 2802 2453 2853; x_wconf 77' lang='grc' dir='ltr'>τοῦ</span> <span class='ocrx_word' id='word_1_486' title='bbox 2509 2796 2673 2853; x_wconf 79' lang='grc' dir='ltr'>αὐτοῦ</span> <span class='ocrx_word' id='word_1_487' title='bbox 2725 2796 2803 2858; x_wconf 86' lang='grc' dir='ltr'>εἷς</span> <span class='ocrx_word' id='word_1_488' title='bbox 2861 2796 2926 2851; x_wconf 88' lang='grc' dir='ltr'>τὸ</span> <span class='ocrx_word' id='word_1_489' title='bbox 2987 2796 3116 2851; x_wconf 81' lang='grc' dir='ltr'>αὐτὸ</span> <span class='ocrx_word' id='word_1_490' title='bbox 3182 2795 3272 2851; x_wconf 87' lang='grc' dir='ltr'>καί</span> <span class='ocrx_word' id='word_1_491' title='bbox 3320 2817 3374 2851; x_wconf 88' lang='grc' dir='ltr'>τι</span> <span class='ocrx_word' id='word_1_492' title='bbox 3431 2795 3602 2853; x_wconf 85' lang='grc' dir='ltr'>πλέον</span> 
     </span>
    </p>
   </div>
   <div class='ocr_carea' id='block_1_75' title="bbox 1955 2883 3599 2962">
    <p class='ocr_par' dir='ltr' id='par_1_75' title="bbox 1955 2883 3599 2962">
     <span class='ocr_line' id='line_1_75' title="bbox 1955 2883 3599 2962; baseline -0.001 -18"><span class='ocrx_word' id='word_1_493' title='bbox 1955 2888 2397 2960; x_wconf 82' lang='grc' dir='ltr'>ἀποκαθίσταται,</span> <span class='ocrx_word' id='word_1_494' title='bbox 2447 2885 2552 2941; x_wconf 82' lang='grc' dir='ltr'>ὐπὸ</span> <span class='ocrx_word' id='word_1_495' title='bbox 2614 2893 2714 2956; x_wconf 82' lang='grc' dir='ltr'>τῆς</span> <span class='ocrx_word' id='word_1_496' title='bbox 2763 2885 2995 2962; x_wconf 83' lang='grc' dir='ltr'>ούρανου</span> <span class='ocrx_word' id='word_1_497' title='bbox 3063 2883 3242 2962; x_wconf 80' lang='grc' dir='ltr'>ῥύμης</span> <span class='ocrx_word' id='word_1_498' title='bbox 3301 2884 3599 2959; x_wconf 70' lang='grc' dir='ltr'>ἑλκόμενος</span> 
     </span>
    </p>
   </div>
   <div class='ocr_carea' id='block_1_76' title="bbox 1953 2972 3600 3053">
    <p class='ocr_par' dir='ltr' id='par_1_76' title="bbox 1953 2972 3600 3053">
     <span class='ocr_line' id='line_1_76' title="bbox 1953 2972 3600 3053; baseline -0.001 -21"><span class='ocrx_word' id='word_1_499' title='bbox 1953 2979 2042 3033; x_wconf 86' lang='grc' dir='ltr'>καὶ</span> <span class='ocrx_word' id='word_1_500' title='bbox 2097 2975 2512 3053; x_wconf 84' lang='grc' dir='ltr'>περιαγόμενος.</span> <span class='ocrx_word' id='word_1_501' title='bbox 2572 2977 2670 3030; x_wconf 81' lang='grc' dir='ltr'>Διὰ</span> <span class='ocrx_word' id='word_1_502' title='bbox 2727 2976 2823 3048; x_wconf 74' lang='grc' dir='ltr'>μὲν</span> <span class='ocrx_word' id='word_1_503' title='bbox 2881 2972 2972 3030; x_wconf 81' lang='grc' dir='ltr'>οὖν</span> <span class='ocrx_word' id='word_1_504' title='bbox 3049 2981 3148 3044; x_wconf 84' lang='grc' dir='ltr'>τῆς</span> <span class='ocrx_word' id='word_1_505' title='bbox 3219 2973 3312 3030; x_wconf 80' lang='grc' dir='ltr'>σὺν</span> <span class='ocrx_word' id='word_1_506' title='bbox 3389 2974 3600 3052; x_wconf 81' lang='grc' dir='ltr'>οὐρανῷ</span> 
     </span>
    </p>
   </div>
   <div class='ocr_carea' id='block_1_77' title="bbox 1950 3062 3592 3142">
    <p class='ocr_par' dir='ltr' id='par_1_77' title="bbox 1950 3062 3592 3142">
     <span class='ocr_line' id='line_1_77' title="bbox 1950 3062 3592 3142; baseline -0.002 -20"><span class='ocrx_word' id='word_1_507' title='bbox 1950 3073 2300 3142; x_wconf 85' lang='grc' dir='ltr'>περιαγωγῆς</span> <span class='ocrx_word' id='word_1_508' title='bbox 2347 3062 2521 3128; x_wconf 61' lang='grc' dir='ltr'>αἷίτιος</span> <span class='ocrx_word' id='word_1_509' title='bbox 2569 3064 2771 3140; x_wconf 87' lang='grc' dir='ltr'>γίνεται</span> <span class='ocrx_word' id='word_1_510' title='bbox 2818 3067 2926 3119; x_wconf 89' lang='grc' dir='ltr'>τῶν</span> <span class='ocrx_word' id='word_1_511' title='bbox 2977 3066 3198 3140; x_wconf 83' lang='grc' dir='ltr'>ἡμερῶν</span> <span class='ocrx_word' id='word_1_512' title='bbox 3241 3085 3302 3119; x_wconf 91' lang='grc' dir='ltr'>τε</span> <span class='ocrx_word' id='word_1_513' title='bbox 3350 3065 3438 3120; x_wconf 80' lang='grc' dir='ltr'>καὶ</span> <span class='ocrx_word' id='word_1_514' title='bbox 3488 3067 3592 3118; x_wconf 88' lang='grc' dir='ltr'>τῶν</span> 
     </span>
    </p>
   </div>
   <div class='ocr_carea' id='block_1_78' title="bbox 1949 3151 3592 3232">
    <p class='ocr_par' dir='ltr' id='par_1_78' title="bbox 1949 3151 3592 3232">
     <span class='ocr_line' id='line_1_78' title="bbox 1949 3151 3592 3232; baseline -0.003 -21"><span class='ocrx_word' id='word_1_515' title='bbox 1949 3160 2181 3226; x_wconf 86' lang='grc' dir='ltr'>νυκτῶν,</span> <span class='ocrx_word' id='word_1_516' title='bbox 2250 3154 2536 3231; x_wconf 84' lang='grc' dir='ltr'>ὑπέργειος</span> <span class='ocrx_word' id='word_1_517' title='bbox 2602 3153 2899 3232; x_wconf 87' lang='grc' dir='ltr'>φερόμενος</span> <span class='ocrx_word' id='word_1_518' title='bbox 2969 3157 3078 3208; x_wconf 92' lang='grc' dir='ltr'>τῶν</span> <span class='ocrx_word' id='word_1_519' title='bbox 3146 3155 3395 3230; x_wconf 84' lang='grc' dir='ltr'>ἡμερῶν,</span> <span class='ocrx_word' id='word_1_520' title='bbox 3463 3151 3592 3208; x_wconf 84' lang='grc' dir='ltr'>ὑπό-</span> 
     </span>
    </p>
   </div>
   <div class='ocr_carea' id='block_1_79' title="bbox 1951 3239 3600 3321">
    <p class='ocr_par' dir='ltr' id='par_1_79' title="bbox 1951 3239 3600 3321">
     <span class='ocr_line' id='line_1_79' title="bbox 1951 3239 3600 3321; baseline -0.002 -21"><span class='ocrx_word' id='word_1_521' title='bbox 1951 3267 2100 3321; x_wconf 88' lang='grc' dir='ltr'>γειος</span> <span class='ocrx_word' id='word_1_522' title='bbox 2143 3248 2251 3299; x_wconf 89' lang='grc' dir='ltr'>τῶν</span> <span class='ocrx_word' id='word_1_523' title='bbox 2291 3247 2521 3299; x_wconf 76' lang='grc' dir='ltr'>νυκτῶνο</span> <span class='ocrx_word' id='word_1_524' title='bbox 2555 3239 2644 3298; x_wconf 79' lang='grc' dir='ltr'>διὰ</span> <span class='ocrx_word' id='word_1_525' title='bbox 2690 3239 2748 3298; x_wconf 78' lang='grc' dir='ltr'>δὲ</span> <span class='ocrx_word' id='word_1_526' title='bbox 2797 3249 2896 3307; x_wconf 86' lang='grc' dir='ltr'>τῆς</span> <span class='ocrx_word' id='word_1_527' title='bbox 2943 3241 3142 3305; x_wconf 81' lang='grc' dir='ltr'>οἰκείας</span> <span class='ocrx_word' id='word_1_528' title='bbox 3190 3244 3454 3314; x_wconf 82' lang='grc' dir='ltr'>κινήσεως</span> <span class='ocrx_word' id='word_1_529' title='bbox 3498 3248 3600 3312; x_wconf 85' lang='grc' dir='ltr'>τῆς</span> 
     </span>
    </p>
   </div>
   <div class='ocr_carea' id='block_1_80' title="bbox 1953 3331 2944 3408">
    <p class='ocr_par' dir='ltr' id='par_1_80' title="bbox 1953 3331 2944 3408">
     <span class='ocr_line' id='line_1_80' title="bbox 1953 3331 2944 3408; baseline 0 -18"><span class='ocrx_word' id='word_1_530' title='bbox 1953 3332 2298 3405; x_wconf 80' lang='grc' dir='ltr'>πλανητικῆς</span> <span class='ocrx_word' id='word_1_531' title='bbox 2326 3337 2434 3388; x_wconf 92' lang='grc' dir='ltr'>τῶν</span> <span class='ocrx_word' id='word_1_532' title='bbox 2460 3331 2731 3408; x_wconf 86' lang='grc' dir='ltr'>τεσσάρων</span> <span class='ocrx_word' id='word_1_533' title='bbox 2763 3333 2944 3408; x_wconf 88' lang='grc' dir='ltr'>ὡρῶν.</span> 
     </span>
    </p>
   </div>
   <div class='ocr_carea' id='block_1_81' title="bbox 2027 3509 3608 3588">
    <p class='ocr_par' dir='ltr' id='par_1_81' title="bbox 2027 3509 3608 3588">
     <span class='ocr_line' id='line_1_81' title="bbox 2027 3509 3608 3588; baseline -0.001 -22"><span class='ocrx_word' id='word_1_534' title='bbox 2027 3513 2077 3569; x_wconf 85' lang='grc' dir='ltr'>ι’.</span> <span class='ocrx_word' id='word_1_535' title='bbox 2111 3513 2296 3588; x_wconf 88' lang='grc' dir='ltr'>Ἔχων</span> <span class='ocrx_word' id='word_1_536' title='bbox 2357 3512 2460 3587; x_wconf 81' lang='grc' dir='ltr'>γὰρ</span> <span class='ocrx_word' id='word_1_537' title='bbox 2515 3509 2608 3565; x_wconf 87' lang='grc' dir='ltr'>τὸν</span> <span class='ocrx_word' id='word_1_538' title='bbox 2661 3517 2762 3580; x_wconf 88' lang='grc' dir='ltr'>τῆς</span> <span class='ocrx_word' id='word_1_539' title='bbox 2815 3509 3074 3582; x_wconf 87' lang='grc' dir='ltr'>τοιαύτης</span> <span class='ocrx_word' id='word_1_540' title='bbox 3119 3509 3286 3565; x_wconf 75' lang='grc' dir='ltr'>αὐτοῦ</span> <span class='ocrx_word' id='word_1_541' title='bbox 3333 3511 3608 3581; x_wconf 77' lang='grc' dir='ltr'>κινήσεως</span> 
     </span>
    </p>
   </div>
   <div class='ocr_carea' id='block_1_82' title="bbox 1952 3594 3608 3676">
    <p class='ocr_par' dir='ltr' id='par_1_82' title="bbox 1952 3594 3608 3676">
     <span class='ocr_line' id='line_1_82' title="bbox 1952 3594 3608 3676; baseline -0.002 -19"><span class='ocrx_word' id='word_1_542' title='bbox 1952 3601 2177 3670; x_wconf 84' lang='grc' dir='ltr'>κύκλον,</span> <span class='ocrx_word' id='word_1_543' title='bbox 2238 3600 2342 3654; x_wconf 84' lang='grc' dir='ltr'>ὑπὸ</span> <span class='ocrx_word' id='word_1_544' title='bbox 2397 3599 2460 3654; x_wconf 82' lang='grc' dir='ltr'>τὸ</span> <span class='ocrx_word' id='word_1_545' title='bbox 2509 3598 2792 3676; x_wconf 83' lang='grc' dir='ltr'>στερέωμα</span> <span class='ocrx_word' id='word_1_546' title='bbox 2846 3594 3189 3676; x_wconf 78' lang='grc' dir='ltr'>βεϐλημένον</span> <span class='ocrx_word' id='word_1_547' title='bbox 3243 3596 3441 3672; x_wconf 79' lang='grc' dir='ltr'>λοξῶς,</span> <span class='ocrx_word' id='word_1_548' title='bbox 3494 3603 3608 3654; x_wconf 89' lang='grc' dir='ltr'>τῶν</span> 
     </span>
    </p>
   </div>
   <div class='ocr_carea' id='block_1_83' title="bbox 1957 3685 3606 3765">
    <p class='ocr_par' dir='ltr' id='par_1_83' title="bbox 1957 3685 3606 3765">
     <span class='ocr_line' id='line_1_83' title="bbox 1957 3685 3606 3765; baseline -0.002 -20"><span class='ocrx_word' id='word_1_549' title='bbox 1957 3691 2053 3764; x_wconf 76' lang='grc' dir='ltr'>μὶν</span> <span class='ocrx_word' id='word_1_550' title='bbox 2103 3687 2197 3744; x_wconf 89' lang='grc' dir='ltr'>δύο</span> <span class='ocrx_word' id='word_1_551' title='bbox 2250 3693 2425 3765; x_wconf 87' lang='grc' dir='ltr'>μερῶν</span> <span class='ocrx_word' id='word_1_552' title='bbox 2469 3689 2636 3744; x_wconf 75' lang='grc' dir='ltr'>αὐτοῦ</span> <span class='ocrx_word' id='word_1_553' title='bbox 2681 3692 2790 3744; x_wconf 90' lang='grc' dir='ltr'>τῶν</span> <span class='ocrx_word' id='word_1_554' title='bbox 2838 3687 2975 3744; x_wconf 87' lang='grc' dir='ltr'>κατά</span> <span class='ocrx_word' id='word_1_555' title='bbox 3017 3685 3331 3764; x_wconf 84' lang='grc' dir='ltr'>διάμετρον,</span> <span class='ocrx_word' id='word_1_556' title='bbox 3380 3689 3606 3764; x_wconf 84' lang='grc' dir='ltr'>ἀντικρὺ</span> 
     </span>
    </p>
   </div>
   <div class='ocr_carea' id='block_1_84' title="bbox 1953 3775 3608 3856">
    <p class='ocr_par' dir='ltr' id='par_1_84' title="bbox 1953 3775 3608 3856">
     <span class='ocr_line' id='line_1_84' title="bbox 1953 3775 3608 3856; baseline -0.002 -21"><span class='ocrx_word' id='word_1_557' title='bbox 1953 3779 2292 3856; x_wconf 80' lang='grc' dir='ltr'>τεταγμένων</span> <span class='ocrx_word' id='word_1_558' title='bbox 2358 3783 2474 3840; x_wconf 88' lang='grc' dir='ltr'>τοῖς</span> <span class='ocrx_word' id='word_1_559' title='bbox 2544 3777 2730 3852; x_wconf 80' lang='grc' dir='ltr'>μέσοις</span> <span class='ocrx_word' id='word_1_560' title='bbox 2792 3783 2890 3832; x_wconf 78' lang='grc' dir='ltr'>τοῦ</span> <span class='ocrx_word' id='word_1_561' title='bbox 2956 3778 3332 3854; x_wconf 83' lang='grc' dir='ltr'>στερεώματος</span> <span class='ocrx_word' id='word_1_562' title='bbox 3395 3775 3608 3854; x_wconf 83' lang='grc' dir='ltr'>μέρεσι,</span> 
     </span>
    </p>
   </div>
   <div class='ocr_carea' id='block_1_85' title="bbox 1955 3864 3609 3943">
    <p class='ocr_par' dir='ltr' id='par_1_85' title="bbox 1955 3864 3609 3943">
     <span class='ocr_line' id='line_1_85' title="bbox 1955 3864 3609 3943; baseline -0.002 -19"><span class='ocrx_word' id='word_1_563' title='bbox 1955 3873 2061 3924; x_wconf 90' lang='grc' dir='ltr'>τῶν</span> <span class='ocrx_word' id='word_1_564' title='bbox 2117 3869 2310 3943; x_wconf 68' lang='grc' dir='ltr'>ἑτέρων</span> <span class='ocrx_word' id='word_1_565' title='bbox 2367 3864 2414 3921; x_wconf 88' lang='grc' dir='ltr'>δ’</span> <span class='ocrx_word' id='word_1_566' title='bbox 2460 3864 2526 3922; x_wconf 78' lang='grc' dir='ltr'>αὗ</span> <span class='ocrx_word' id='word_1_567' title='bbox 2576 3865 2672 3922; x_wconf 88' lang='grc' dir='ltr'>δύο</span> <span class='ocrx_word' id='word_1_568' title='bbox 2726 3871 2928 3943; x_wconf 89' lang='grc' dir='ltr'>μερῶν,</span> <span class='ocrx_word' id='word_1_569' title='bbox 2975 3866 3112 3923; x_wconf 87' lang='grc' dir='ltr'>κατά</span> <span class='ocrx_word' id='word_1_570' title='bbox 3153 3865 3444 3943; x_wconf 86' lang='grc' dir='ltr'>διάμετρον</span> <span class='ocrx_word' id='word_1_571' title='bbox 3512 3867 3609 3921; x_wconf 83' lang='grc' dir='ltr'>καὶ</span> 
     </span>
    </p>
   </div>
   <div class='ocr_carea' id='block_1_86' title="bbox 1955 3954 3610 4033">
    <p class='ocr_par' dir='ltr' id='par_1_86' title="bbox 1955 3954 3610 4033">
     <span class='ocr_line' id='line_1_86' title="bbox 1955 3954 3610 4033; baseline -0.002 -21"><span class='ocrx_word' id='word_1_572' title='bbox 1955 3956 2154 4025; x_wconf 77' lang='grc' dir='ltr'>αὐτῶν,</span> <span class='ocrx_word' id='word_1_573' title='bbox 2184 3959 2282 4010; x_wconf 75' lang='grc' dir='ltr'>τοῦ</span> <span class='ocrx_word' id='word_1_574' title='bbox 2332 3955 2427 4028; x_wconf 76' lang='grc' dir='ltr'>μὲν</span> <span class='ocrx_word' id='word_1_575' title='bbox 2479 3954 2831 4018; x_wconf 79' lang='grc' dir='ltr'>ὁπονεύοντος</span> <span class='ocrx_word' id='word_1_576' title='bbox 2886 3955 3024 4033; x_wconf 84' lang='grc' dir='ltr'>πρὸς</span> <span class='ocrx_word' id='word_1_577' title='bbox 3071 3960 3186 4018; x_wconf 88' lang='grc' dir='ltr'>τοῖς</span> <span class='ocrx_word' id='word_1_578' title='bbox 3239 3955 3610 4032; x_wconf 86' lang='grc' dir='ltr'>βορειοτέροις</span> 
     </span>
    </p>
   </div>
   <div class='ocr_carea' id='block_1_87' title="bbox 1954 4041 3610 4122">
    <p class='ocr_par' dir='ltr' id='par_1_87' title="bbox 1954 4041 3610 4122">
     <span class='ocr_line' id='line_1_87' title="bbox 1954 4041 3610 4122; baseline -0.002 -21"><span class='ocrx_word' id='word_1_579' title='bbox 1954 4050 2052 4102; x_wconf 79' lang='grc' dir='ltr'>τοῦ</span> <span class='ocrx_word' id='word_1_580' title='bbox 2119 4045 2515 4122; x_wconf 86' lang='grc' dir='ltr'>στερεώματος,</span> <span class='ocrx_word' id='word_1_581' title='bbox 2563 4049 2661 4100; x_wconf 78' lang='grc' dir='ltr'>τοῦ</span> <span class='ocrx_word' id='word_1_582' title='bbox 2730 4041 2788 4099; x_wconf 72' lang='grc' dir='ltr'>δὲ</span> <span class='ocrx_word' id='word_1_583' title='bbox 2848 4045 2986 4120; x_wconf 86' lang='grc' dir='ltr'>πρὸς</span> <span class='ocrx_word' id='word_1_584' title='bbox 3051 4048 3170 4106; x_wconf 89' lang='grc' dir='ltr'>τοῖς</span> <span class='ocrx_word' id='word_1_585' title='bbox 3235 4045 3610 4120; x_wconf 55' lang='grc' dir='ltr'>νοτιαγτέροιψ</span> 
     </span>
    </p>
   </div>
   <div class='ocr_carea' id='block_1_88' title="bbox 1958 4131 3611 4210">
    <p class='ocr_par' dir='ltr' id='par_1_88' title="bbox 1958 4131 3611 4210">
     <span class='ocr_line' id='line_1_88' title="bbox 1958 4131 3611 4210; baseline -0.003 -19"><span class='ocrx_word' id='word_1_586' title='bbox 1958 4135 2049 4191; x_wconf 83' lang='grc' dir='ltr'>ὅτε</span> <span class='ocrx_word' id='word_1_587' title='bbox 2098 4135 2192 4207; x_wconf 73' lang='grc' dir='ltr'>μὲν</span> <span class='ocrx_word' id='word_1_588' title='bbox 2240 4131 2513 4210; x_wconf 82' lang='grc' dir='ltr'>διέρχεται</span> <span class='ocrx_word' id='word_1_589' title='bbox 2560 4134 2628 4188; x_wconf 82' lang='grc' dir='ltr'>τὰ</span> <span class='ocrx_word' id='word_1_590' title='bbox 2675 4133 2778 4189; x_wconf 85' lang='grc' dir='ltr'>ὑπὸ</span> <span class='ocrx_word' id='word_1_591' title='bbox 2816 4133 2884 4188; x_wconf 84' lang='grc' dir='ltr'>τὰ</span> <span class='ocrx_word' id='word_1_592' title='bbox 2916 4131 3050 4207; x_wconf 87' lang='grc' dir='ltr'>μέσα</span> <span class='ocrx_word' id='word_1_593' title='bbox 3076 4137 3175 4188; x_wconf 82' lang='grc' dir='ltr'>τοῦ</span> <span class='ocrx_word' id='word_1_594' title='bbox 3205 4133 3611 4208; x_wconf 86' lang='grc' dir='ltr'>στερεώματος,</span> 
     </span>
    </p>
   </div>
   <div class='ocr_carea' id='block_1_89' title="bbox 1955 4220 3611 4300">
    <p class='ocr_par' dir='ltr' id='par_1_89' title="bbox 1955 4220 3611 4300">
     <span class='ocr_line' id='line_1_89' title="bbox 1955 4220 3611 4300; baseline -0.002 -21"><span class='ocrx_word' id='word_1_595' title='bbox 1955 4226 2052 4287; x_wconf 84' lang='grc' dir='ltr'>τὰς</span> <span class='ocrx_word' id='word_1_596' title='bbox 2112 4223 2400 4300; x_wconf 75' lang='grc' dir='ltr'>ἰσημερίας</span> <span class='ocrx_word' id='word_1_597' title='bbox 2459 4227 2624 4276; x_wconf 79' lang='grc' dir='ltr'>ποιεῖ·</span> <span class='ocrx_word' id='word_1_598' title='bbox 2652 4223 2752 4291; x_wconf 78' lang='grc' dir='ltr'>τὴν</span> <span class='ocrx_word' id='word_1_599' title='bbox 2807 4221 3046 4298; x_wconf 79' lang='grc' dir='ltr'>ἐαρινὴν,</span> <span class='ocrx_word' id='word_1_600' title='bbox 3078 4221 3186 4277; x_wconf 85' lang='grc' dir='ltr'>ἀπὸ</span> <span class='ocrx_word' id='word_1_601' title='bbox 3244 4225 3351 4276; x_wconf 90' lang='grc' dir='ltr'>τῶν</span> <span class='ocrx_word' id='word_1_602' title='bbox 3411 4220 3611 4276; x_wconf 88' lang='grc' dir='ltr'>νοτίων</span> 
     </span>
    </p>
   </div>
   <div class='ocr_carea' id='block_1_90' title="bbox 1960 4309 3613 4390">
    <p class='ocr_par' dir='ltr' id='par_1_90' title="bbox 1960 4309 3613 4390">
     <span class='ocr_line' id='line_1_90' title="bbox 1960 4309 3613 4390; baseline -0.003 -21"><span class='ocrx_word' id='word_1_603' title='bbox 1960 4311 2282 4390; x_wconf 78' lang='grc' dir='ltr'>ἐρχόμενος·</span> <span class='ocrx_word' id='word_1_604' title='bbox 2335 4311 2682 4388; x_wconf 83' lang='grc' dir='ltr'>ὑποστρέφων</span> <span class='ocrx_word' id='word_1_605' title='bbox 2730 4310 2790 4365; x_wconf 81' lang='grc' dir='ltr'>έκ</span> <span class='ocrx_word' id='word_1_606' title='bbox 2829 4314 2936 4366; x_wconf 93' lang='grc' dir='ltr'>τῶν</span> <span class='ocrx_word' id='word_1_607' title='bbox 2991 4309 3241 4386; x_wconf 87' lang='grc' dir='ltr'>βορείων,</span> <span class='ocrx_word' id='word_1_608' title='bbox 3270 4312 3370 4380; x_wconf 77' lang='grc' dir='ltr'>τὴν</span> <span class='ocrx_word' id='word_1_609' title='bbox 3423 4311 3613 4388; x_wconf 82' lang='grc' dir='ltr'>φθινο-</span> 
     </span>
    </p>
   </div>
   <div class='ocr_carea' id='block_1_91' title="bbox 1958 4399 3613 4479">
    <p class='ocr_par' dir='ltr' id='par_1_91' title="bbox 1958 4399 3613 4479">
     <span class='ocr_line' id='line_1_91' title="bbox 1958 4399 3613 4479; baseline -0.002 -21"><span class='ocrx_word' id='word_1_610' title='bbox 1958 4403 2227 4479; x_wconf 71' lang='grc' dir='ltr'>πωρινήνο</span> <span class='ocrx_word' id='word_1_611' title='bbox 2274 4399 2364 4456; x_wconf 82' lang='grc' dir='ltr'>ὅτε</span> <span class='ocrx_word' id='word_1_612' title='bbox 2411 4399 2470 4454; x_wconf 78' lang='grc' dir='ltr'>δὲ</span> <span class='ocrx_word' id='word_1_613' title='bbox 2514 4401 2577 4455; x_wconf 88' lang='grc' dir='ltr'>τὸ</span> <span class='ocrx_word' id='word_1_614' title='bbox 2624 4403 2722 4455; x_wconf 80' lang='grc' dir='ltr'>τοῦ</span> <span class='ocrx_word' id='word_1_615' title='bbox 2765 4399 2968 4456; x_wconf 86' lang='grc' dir='ltr'>οἰκείου</span> <span class='ocrx_word' id='word_1_616' title='bbox 3015 4399 3221 4456; x_wconf 89' lang='grc' dir='ltr'>κύκλου</span> <span class='ocrx_word' id='word_1_617' title='bbox 3282 4406 3484 4473; x_wconf 83' lang='grc' dir='ltr'>τμῆμα</span> <span class='ocrx_word' id='word_1_618' title='bbox 3545 4400 3613 4454; x_wconf 83' lang='grc' dir='ltr'>τὸ</span> 
     </span>
    </p>
   </div>
   <div class='ocr_carea' id='block_1_92' title="bbox 1966 4486 3610 4568">
    <p class='ocr_par' dir='ltr' id='par_1_92' title="bbox 1966 4486 3610 4568">
     <span class='ocr_line' id='line_1_92' title="bbox 1966 4486 3610 4568; baseline -0.002 -21"><span class='ocrx_word' id='word_1_619' title='bbox 1966 4490 2311 4568; x_wconf 85' lang='grc' dir='ltr'>βορειότατον</span> <span class='ocrx_word' id='word_1_620' title='bbox 2360 4487 2539 4561; x_wconf 87' lang='grc' dir='ltr'>δίεισι,</span> <span class='ocrx_word' id='word_1_621' title='bbox 2569 4489 2694 4544; x_wconf 87' lang='grc' dir='ltr'>τότε</span> <span class='ocrx_word' id='word_1_622' title='bbox 2740 4490 2838 4557; x_wconf 80' lang='grc' dir='ltr'>τήν</span> <span class='ocrx_word' id='word_1_623' title='bbox 2892 4490 3108 4565; x_wconf 76' lang='grc' dir='ltr'>θερινὴν</span> <span class='ocrx_word' id='word_1_624' title='bbox 3153 4487 3297 4565; x_wconf 83' lang='grc' dir='ltr'>ὥραν</span> <span class='ocrx_word' id='word_1_625' title='bbox 3330 4486 3610 4545; x_wconf 85' lang='grc' dir='ltr'>ἀποτελεῖ·</span> 
     </span>
    </p>
   </div>
   <div class='ocr_carea' id='block_1_93' title="bbox 1959 4576 3214 4656">
    <p class='ocr_par' dir='ltr' id='par_1_93' title="bbox 1959 4576 3214 4656">
     <span class='ocr_line' id='line_1_93' title="bbox 1959 4576 3214 4656; baseline 0 -20"><span class='ocrx_word' id='word_1_626' title='bbox 1959 4582 2058 4650; x_wconf 78' lang='grc' dir='ltr'>τὴν</span> <span class='ocrx_word' id='word_1_627' title='bbox 2091 4579 2413 4656; x_wconf 77' lang='grc' dir='ltr'>χειμερινὴν</span> <span class='ocrx_word' id='word_1_628' title='bbox 2445 4577 2634 4651; x_wconf 84' lang='grc' dir='ltr'>πάλιν,</span> <span class='ocrx_word' id='word_1_629' title='bbox 2666 4576 2758 4633; x_wconf 79' lang='grc' dir='ltr'>ὅτε</span> <span class='ocrx_word' id='word_1_630' title='bbox 2783 4578 2846 4632; x_wconf 83' lang='grc' dir='ltr'>τὸ</span> <span class='ocrx_word' id='word_1_631' title='bbox 2874 4579 3214 4655; x_wconf 86' lang='grc' dir='ltr'>νοτιώτερον.</span> 
     </span>
    </p>
   </div>
   <div class='ocr_carea' id='block_1_94' title="bbox 209 4663 1931 4752">
    <p class='ocr_par' dir='ltr' id='par_1_94' title="bbox 209 4663 1931 4752">
     <span class='ocr_line' id='line_1_94' title="bbox 209 4663 1931 4752; baseline 0.006 -35"><span class='ocrx_word' id='word_1_632' title='bbox 209 4663 520 4735; x_wconf 89' lang='lat' dir='ltr'>producit;</span> <span class='ocrx_word' id='word_1_633' title='bbox 581 4665 887 4723; x_wconf 90' lang='lat' dir='ltr'>hibernam</span> <span class='ocrx_word' id='word_1_634' title='bbox 941 4685 1171 4742; x_wconf 87' lang='lat' dir='ltr'>rursus,</span> <span class='ocrx_word' id='word_1_635' title='bbox 1203 4687 1337 4726; x_wconf 89' lang='lat' dir='ltr'>cum</span> <span class='ocrx_word' id='word_1_636' title='bbox 1388 4671 1708 4728; x_wconf 90' lang='lat' dir='ltr'>australius</span> <span class='ocrx_word' id='word_1_637' title='bbox 1760 4672 1853 4728; x_wconf 92' lang='lat' dir='ltr'>sui</span> <span class='ocrx_word' id='word_1_638' title='bbox 1885 4687 1931 4752; x_wconf 83' lang='lat' dir='ltr'><strong>D</strong></span> 
     </span>
    </p>
   </div>
   <div class='ocr_carea' id='block_1_95' title="bbox 209 4750 1157 4827">
    <p class='ocr_par' dir='ltr' id='par_1_95' title="bbox 209 4750 1157 4827">
     <span class='ocr_line' id='line_1_95' title="bbox 209 4750 1157 4827; baseline 0.005 -21"><span class='ocrx_word' id='word_1_639' title='bbox 209 4750 413 4807; x_wconf 85' lang='lat' dir='ltr'>circuli</span> <span class='ocrx_word' id='word_1_640' title='bbox 446 4758 818 4824; x_wconf 89' lang='lat' dir='ltr'>segmentum</span> <span class='ocrx_word' id='word_1_641' title='bbox 850 4756 1157 4827; x_wconf 88' lang='lat' dir='ltr'>percurrit.</span> 
     </span>
    </p>
   </div>
   <div class='ocr_carea' id='block_1_96' title="bbox 283 4841 1857 4914">
    <p class='ocr_par' dir='ltr' id='par_1_96' title="bbox 283 4841 1857 4914">
     <span class='ocr_line' id='line_1_96' title="bbox 283 4841 1857 4914; baseline 0.006 -20"><span class='ocrx_word' id='word_1_642' title='bbox 283 4841 368 4896; x_wconf 91' lang='grc'>11.</span> <span class='ocrx_word' id='word_1_643' title='bbox 399 4841 574 4897; x_wconf 89' lang='lat' dir='ltr'>Porro</span> <span class='ocrx_word' id='word_1_644' title='bbox 607 4843 650 4876; x_wconf 79' lang='grc'>³⁸</span> <span class='ocrx_word' id='word_1_645' title='bbox 690 4843 881 4914; x_wconf 91' lang='lat' dir='ltr'>prima</span> <span class='ocrx_word' id='word_1_646' title='bbox 909 4862 944 4900; x_wconf 92' lang='lat' dir='ltr'>a</span> <span class='ocrx_word' id='word_1_647' title='bbox 998 4846 1366 4902; x_wconf 86' lang='lat' dir='ltr'>ﬁrmamento</span> <span class='ocrx_word' id='word_1_648' title='bbox 1397 4847 1564 4904; x_wconf 88' lang='lat' dir='ltr'>abest</span> <span class='ocrx_word' id='word_1_649' title='bbox 1611 4848 1857 4904; x_wconf 91' lang='lat' dir='ltr'>erratica</span> 
     </span>
    </p>
   </div>
   <div class='ocr_carea' id='block_1_97' title="bbox 209 4928 1856 5009">
    <p class='ocr_par' dir='ltr' id='par_1_97' title="bbox 209 4928 1856 5009">
     <span class='ocr_line' id='line_1_97' title="bbox 209 4928 1856 5009; baseline 0.005 -25"><span class='ocrx_word' id='word_1_650' title='bbox 209 4928 379 4984; x_wconf 89' lang='lat' dir='ltr'>stella</span> <span class='ocrx_word' id='word_1_651' title='bbox 408 4931 720 4998; x_wconf 89' lang='lat' dir='ltr'>Saturnus,</span> <span class='ocrx_word' id='word_1_652' title='bbox 757 4934 854 5003; x_wconf 90' lang='lat' dir='ltr'>qui</span> <span class='ocrx_word' id='word_1_653' title='bbox 901 4934 1080 4989; x_wconf 90' lang='lat' dir='ltr'>etiam</span> <span class='ocrx_word' id='word_1_654' title='bbox 1140 4936 1386 4991; x_wconf 68' lang='lat' dir='ltr'>Phaanon</span> <span class='ocrx_word' id='word_1_655' title='bbox 1434 4941 1695 5005; x_wconf 90' lang='lat' dir='ltr'>vocatur,</span> <span class='ocrx_word' id='word_1_656' title='bbox 1726 4939 1856 5009; x_wconf 91' lang='lat' dir='ltr'>qui-</span> 
     </span>
    </p>
   </div>
   <div class='ocr_carea' id='block_1_98' title="bbox 210 5020 1857 5098">
    <p class='ocr_par' dir='ltr' id='par_1_98' title="bbox 210 5020 1857 5098">
     <span class='ocr_line' id='line_1_98' title="bbox 210 5020 1857 5098; baseline 0.005 -25"><span class='ocrx_word' id='word_1_657' title='bbox 210 5020 513 5091; x_wconf 90' lang='lat' dir='ltr'>proprium</span> <span class='ocrx_word' id='word_1_658' title='bbox 544 5020 829 5076; x_wconf 92' lang='lat' dir='ltr'>circulum</span> <span class='ocrx_word' id='word_1_659' title='bbox 851 5021 1139 5095; x_wconf 88' lang='lat' dir='ltr'>tringinta</span> <span class='ocrx_word' id='word_1_660' title='bbox 1166 5041 1454 5080; x_wconf 89' lang='lat' dir='ltr'>annorum</span> <span class='ocrx_word' id='word_1_661' title='bbox 1477 5026 1665 5098; x_wconf 88' lang='lat' dir='ltr'>spatio</span> <span class='ocrx_word' id='word_1_662' title='bbox 1697 5043 1857 5097; x_wconf 86' lang='lat' dir='ltr'>pera-</span> 
     </span>
    </p>
   </div>
   <div class='ocr_carea' id='block_1_99' title="bbox 209 5108 1856 5184">
    <p class='ocr_par' dir='ltr' id='par_1_99' title="bbox 209 5108 1856 5184">
     <span class='ocr_line' id='line_1_99' title="bbox 209 5108 1856 5184; baseline 0.006 -23"><span class='ocrx_word' id='word_1_663' title='bbox 209 5113 358 5180; x_wconf 85' lang='lat' dir='ltr'>grat.</span> <span class='ocrx_word' id='word_1_664' title='bbox 393 5110 550 5164; x_wconf 86' lang='lat' dir='ltr'>Infra</span> <span class='ocrx_word' id='word_1_665' title='bbox 579 5108 737 5165; x_wconf 89' lang='lat' dir='ltr'>hunc</span> <span class='ocrx_word' id='word_1_666' title='bbox 765 5115 856 5166; x_wconf 90' lang='lat' dir='ltr'>est</span> <span class='ocrx_word' id='word_1_667' title='bbox 910 5111 1159 5184; x_wconf 89' lang='lat' dir='ltr'>Jupiter,</span> <span class='ocrx_word' id='word_1_668' title='bbox 1205 5113 1306 5184; x_wconf 92' lang='lat' dir='ltr'>qui</span> <span class='ocrx_word' id='word_1_669' title='bbox 1337 5114 1512 5169; x_wconf 89' lang='lat' dir='ltr'>etiam</span> <span class='ocrx_word' id='word_1_670' title='bbox 1562 5115 1856 5172; x_wconf 89' lang='lat' dir='ltr'>Phaethon</span> 
     </span>
    </p>
   </div>
   <div class='ocr_carea' id='block_1_100' title="bbox 211 5195 1856 5273">
    <p class='ocr_par' dir='ltr' id='par_1_100' title="bbox 211 5195 1856 5273">
     <span class='ocr_line' id='line_1_100' title="bbox 211 5195 1856 5273; baseline 0.005 -23"><span class='ocrx_word' id='word_1_671' title='bbox 211 5195 443 5265; x_wconf 90' lang='lat' dir='ltr'>dicitur,</span> <span class='ocrx_word' id='word_1_672' title='bbox 523 5198 910 5269; x_wconf 88' lang='lat' dir='ltr'>planetariam</span> <span class='ocrx_word' id='word_1_673' title='bbox 968 5218 1140 5256; x_wconf 90' lang='lat' dir='ltr'>suam</span> <span class='ocrx_word' id='word_1_674' title='bbox 1197 5202 1502 5273; x_wconf 89' lang='lat' dir='ltr'>periodum</span> <span class='ocrx_word' id='word_1_675' title='bbox 1547 5204 1856 5260; x_wconf 91' lang='lat' dir='ltr'>duodecim</span> 
     </span>
    </p>
   </div>
   <div class='ocr_carea' id='block_1_101' title="bbox 210 5285 1856 5357">
    <p class='ocr_par' dir='ltr' id='par_1_101' title="bbox 210 5285 1856 5357">
     <span class='ocr_line' id='line_1_101' title="bbox 210 5285 1856 5357; baseline 0.005 -17"><span class='ocrx_word' id='word_1_676' title='bbox 210 5285 382 5340; x_wconf 89' lang='lat' dir='ltr'>annis</span> <span class='ocrx_word' id='word_1_677' title='bbox 442 5285 771 5343; x_wconf 88' lang='lat' dir='ltr'>absolvens.</span> <span class='ocrx_word' id='word_1_678' title='bbox 807 5289 945 5344; x_wconf 88' lang='lat' dir='ltr'>Post</span> <span class='ocrx_word' id='word_1_679' title='bbox 983 5289 1150 5345; x_wconf 89' lang='lat' dir='ltr'>illum</span> <span class='ocrx_word' id='word_1_680' title='bbox 1183 5295 1240 5345; x_wconf 92' lang='lat' dir='ltr'>et</span> <span class='ocrx_word' id='word_1_681' title='bbox 1294 5295 1404 5348; x_wconf 91' lang='lat' dir='ltr'>sub</span> <span class='ocrx_word' id='word_1_682' title='bbox 1437 5292 1535 5348; x_wconf 91' lang='lat' dir='ltr'>illo</span> <span class='ocrx_word' id='word_1_683' title='bbox 1566 5297 1656 5349; x_wconf 91' lang='lat' dir='ltr'>est</span> <span class='ocrx_word' id='word_1_684' title='bbox 1685 5297 1856 5357; x_wconf 84' lang='lat' dir='ltr'>Mars,</span> 
     </span>
    </p>
   </div>
   <div class='ocr_carea' id='block_1_102' title="bbox 212 5373 1860 5454">
    <p class='ocr_par' dir='ltr' id='par_1_102' title="bbox 212 5373 1860 5454">
     <span class='ocr_line' id='line_1_102' title="bbox 212 5373 1860 5454; baseline 0.007 -26"><span class='ocrx_word' id='word_1_685' title='bbox 212 5373 312 5446; x_wconf 91' lang='lat' dir='ltr'>qui</span> <span class='ocrx_word' id='word_1_686' title='bbox 335 5374 513 5430; x_wconf 90' lang='lat' dir='ltr'>etiam</span> <span class='ocrx_word' id='word_1_687' title='bbox 540 5375 742 5447; x_wconf 87' lang='lat' dir='ltr'>Pyrois</span> <span class='ocrx_word' id='word_1_688' title='bbox 772 5379 1005 5447; x_wconf 90' lang='lat' dir='ltr'>dicitur,</span> <span class='ocrx_word' id='word_1_689' title='bbox 1039 5381 1274 5437; x_wconf 90' lang='lat' dir='ltr'>duobus</span> <span class='ocrx_word' id='word_1_690' title='bbox 1304 5381 1475 5437; x_wconf 91' lang='lat' dir='ltr'>annis</span> <span class='ocrx_word' id='word_1_691' title='bbox 1509 5386 1566 5437; x_wconf 92' lang='lat' dir='ltr'>et</span> <span class='ocrx_word' id='word_1_692' title='bbox 1595 5383 1860 5454; x_wconf 89' lang='lat' dir='ltr'>quinque</span> 
     </span>
    </p>
   </div>
   <div class='ocr_carea' id='block_1_103' title="bbox 213 5463 1858 5544">
    <p class='ocr_par' dir='ltr' id='par_1_103' title="bbox 213 5463 1858 5544">
     <span class='ocr_line' id='line_1_103' title="bbox 213 5463 1858 5544; baseline 0.006 -26"><span class='ocrx_word' id='word_1_693' title='bbox 213 5463 520 5519; x_wconf 86' lang='lat' dir='ltr'>mensibus</span> <span class='ocrx_word' id='word_1_694' title='bbox 578 5481 643 5520; x_wconf 90' lang='lat' dir='ltr'>ac</span> <span class='ocrx_word' id='word_1_695' title='bbox 701 5466 1003 5538; x_wconf 89' lang='lat' dir='ltr'>aliquanto</span> <span class='ocrx_word' id='word_1_696' title='bbox 1064 5470 1286 5540; x_wconf 89' lang='lat' dir='ltr'>majore</span> <span class='ocrx_word' id='word_1_697' title='bbox 1340 5471 1530 5542; x_wconf 86' lang='lat' dir='ltr'>spatio</span> <span class='ocrx_word' id='word_1_698' title='bbox 1563 5472 1858 5544; x_wconf 89' lang='lat' dir='ltr'>propriam</span> 
     </span>
    </p>
   </div>
   <div class='ocr_carea' id='block_1_104' title="bbox 2040 4843 3616 4925">
    <p class='ocr_par' dir='ltr' id='par_1_104' title="bbox 2040 4843 3616 4925">
     <span class='ocr_line' id='line_1_104' title="bbox 2040 4843 3616 4925; baseline 0 -23"><span class='ocrx_word' id='word_1_699' title='bbox 2040 4855 2121 4907; x_wconf 86' lang='grc' dir='ltr'>ια’.</span> <span class='ocrx_word' id='word_1_700' title='bbox 2175 4848 2474 4925; x_wconf 77' lang='grc' dir='ltr'>Ἀφέστηκε</span> <span class='ocrx_word' id='word_1_701' title='bbox 2521 4843 2579 4901; x_wconf 71' lang='grc' dir='ltr'>δὲ</span> <span class='ocrx_word' id='word_1_702' title='bbox 2623 4849 2840 4922; x_wconf 89' lang='grc' dir='ltr'>πρῶτος</span> <span class='ocrx_word' id='word_1_703' title='bbox 2887 4849 2985 4901; x_wconf 78' lang='grc' dir='ltr'>τοῦ</span> <span class='ocrx_word' id='word_1_704' title='bbox 3049 4847 3425 4923; x_wconf 86' lang='grc' dir='ltr'>στερεώματος</span> <span class='ocrx_word' id='word_1_705' title='bbox 3464 4843 3616 4902; x_wconf 88' lang='grc' dir='ltr'>πλά-</span> 
     </span>
    </p>
   </div>
   <div class='ocr_carea' id='block_1_105' title="bbox 1963 4933 3617 5012">
    <p class='ocr_par' dir='ltr' id='par_1_105' title="bbox 1963 4933 3617 5012">
     <span class='ocr_line' id='line_1_105' title="bbox 1963 4933 3617 5012; baseline 0 -21"><span class='ocrx_word' id='word_1_706' title='bbox 1963 4958 2062 5007; x_wconf 92' lang='grc' dir='ltr'>νης</span> <span class='ocrx_word' id='word_1_707' title='bbox 2113 4937 2282 5012; x_wconf 72' lang='grc' dir='ltr'>ἀστὴρ</span> <span class='ocrx_word' id='word_1_708' title='bbox 2330 4935 2554 5011; x_wconf 82' lang='grc' dir='ltr'>Κρόνος,</span> <span class='ocrx_word' id='word_1_709' title='bbox 2607 4937 2635 4988; x_wconf 86' lang='lat'>6</span> <span class='ocrx_word' id='word_1_710' title='bbox 2681 4935 2771 4991; x_wconf 83' lang='grc' dir='ltr'>καὶ</span> <span class='ocrx_word' id='word_1_711' title='bbox 2819 4934 3034 4990; x_wconf 82' lang='grc' dir='ltr'>Φαίνων</span> <span class='ocrx_word' id='word_1_712' title='bbox 3109 4933 3472 5010; x_wconf 87' lang='grc' dir='ltr'>καλούμενος,</span> <span class='ocrx_word' id='word_1_713' title='bbox 3520 4937 3617 4992; x_wconf 88' lang='grc' dir='ltr'>τὸν</span> 
     </span>
    </p>
   </div>
   <div class='ocr_carea' id='block_1_106' title="bbox 1967 5021 3622 5102">
    <p class='ocr_par' dir='ltr' id='par_1_106' title="bbox 1967 5021 3622 5102">
     <span class='ocr_line' id='line_1_106' title="bbox 1967 5021 3622 5102; baseline 0.001 -22"><span class='ocrx_word' id='word_1_714' title='bbox 1967 5025 2166 5080; x_wconf 82' lang='grc' dir='ltr'>οἰκεῖον</span> <span class='ocrx_word' id='word_1_715' title='bbox 2216 5023 2417 5080; x_wconf 85' lang='grc' dir='ltr'>κύκλον</span> <span class='ocrx_word' id='word_1_716' title='bbox 2469 5022 2538 5079; x_wconf 85' lang='grc' dir='ltr'>δι’</span> <span class='ocrx_word' id='word_1_717' title='bbox 2579 5023 2710 5080; x_wconf 80' lang='grc' dir='ltr'>ἐτῶν</span> <span class='ocrx_word' id='word_1_718' title='bbox 2755 5023 3042 5101; x_wconf 77' lang='grc' dir='ltr'>τριάκοντα</span> <span class='ocrx_word' id='word_1_719' title='bbox 3085 5021 3460 5102; x_wconf 79' lang='grc' dir='ltr'>διεργόμενος.</span> <span class='ocrx_word' id='word_1_720' title='bbox 3511 5032 3622 5082; x_wconf 78' lang='grc' dir='ltr'>Κα-</span> 
     </span>
    </p>
   </div>
   <div class='ocr_carea' id='block_1_107' title="bbox 1955 5110 3621 5190">
    <p class='ocr_par' dir='ltr' id='par_1_107' title="bbox 1955 5110 3621 5190">
     <span class='ocr_line' id='line_1_107' title="bbox 1955 5110 3621 5190; baseline 0 -20"><span class='ocrx_word' id='word_1_721' title='bbox 1955 5113 2187 5190; x_wconf 84' lang='grc' dir='ltr'>τωτέρω</span> <span class='ocrx_word' id='word_1_722' title='bbox 2215 5113 2410 5169; x_wconf 91' lang='grc' dir='ltr'>τούτου</span> <span class='ocrx_word' id='word_1_723' title='bbox 2459 5113 2608 5184; x_wconf 84' lang='grc' dir='ltr'>Ζεὺς,</span> <span class='ocrx_word' id='word_1_724' title='bbox 2641 5115 2671 5168; x_wconf 88' lang='lat'>6</span> <span class='ocrx_word' id='word_1_725' title='bbox 2701 5112 2791 5168; x_wconf 83' lang='grc' dir='ltr'>καὶ</span> <span class='ocrx_word' id='word_1_726' title='bbox 2848 5113 3092 5184; x_wconf 82' lang='grc' dir='ltr'>Φαέθων,</span> <span class='ocrx_word' id='word_1_727' title='bbox 3129 5110 3461 5186; x_wconf 81' lang='grc' dir='ltr'>δωδεκαετίᾳ</span> <span class='ocrx_word' id='word_1_728' title='bbox 3516 5115 3621 5183; x_wconf 80' lang='grc' dir='ltr'>τὴν</span> 
     </span>
    </p>
   </div>
   <div class='ocr_carea' id='block_1_108' title="bbox 1969 5197 3622 5280">
    <p class='ocr_par' dir='ltr' id='par_1_108' title="bbox 1969 5197 3622 5280">
     <span class='ocr_line' id='line_1_108' title="bbox 1969 5197 3622 5280; baseline 0 -22"><span class='ocrx_word' id='word_1_729' title='bbox 1969 5203 2133 5258; x_wconf 76' lang='grc' dir='ltr'>αὐτοῦ</span> <span class='ocrx_word' id='word_1_730' title='bbox 2182 5201 2526 5274; x_wconf 81' lang='grc' dir='ltr'>πλανητικήν</span> <span class='ocrx_word' id='word_1_731' title='bbox 2575 5201 2882 5279; x_wconf 83' lang='grc' dir='ltr'>ἀπαρτίζων</span> <span class='ocrx_word' id='word_1_732' title='bbox 2933 5200 3208 5280; x_wconf 87' lang='grc' dir='ltr'>περίοδον.</span> <span class='ocrx_word' id='word_1_733' title='bbox 3255 5205 3390 5262; x_wconf 68' lang='grc' dir='ltr'>Μετ’</span> <span class='ocrx_word' id='word_1_734' title='bbox 3456 5197 3622 5259; x_wconf 81' lang='grc' dir='ltr'>αὐτόν</span> 
     </span>
    </p>
   </div>
   <div class='ocr_carea' id='block_1_109' title="bbox 1967 5290 3624 5369">
    <p class='ocr_par' dir='ltr' id='par_1_109' title="bbox 1967 5290 3624 5369">
     <span class='ocr_line' id='line_1_109' title="bbox 1967 5290 3624 5369; baseline 0.001 -22"><span class='ocrx_word' id='word_1_735' title='bbox 1967 5314 2027 5347; x_wconf 91' lang='grc' dir='ltr'>τε</span> <span class='ocrx_word' id='word_1_736' title='bbox 2072 5293 2164 5347; x_wconf 83' lang='grc' dir='ltr'>καὶ</span> <span class='ocrx_word' id='word_1_737' title='bbox 2223 5293 2312 5348; x_wconf 85' lang='grc' dir='ltr'>ὑπ’</span> <span class='ocrx_word' id='word_1_738' title='bbox 2359 5291 2518 5347; x_wconf 79' lang='grc' dir='ltr'>αὐτὸν</span> <span class='ocrx_word' id='word_1_739' title='bbox 2564 5294 2740 5368; x_wconf 70' lang='grc' dir='ltr'>’Ἄρης</span> <span class='ocrx_word' id='word_1_740' title='bbox 2789 5292 2820 5346; x_wconf 92' lang='lat'>6</span> <span class='ocrx_word' id='word_1_741' title='bbox 2865 5291 2956 5347; x_wconf 83' lang='grc' dir='ltr'>καὶ</span> <span class='ocrx_word' id='word_1_742' title='bbox 3017 5292 3248 5369; x_wconf 87' lang='grc' dir='ltr'>Πυρόεις</span> <span class='ocrx_word' id='word_1_743' title='bbox 3311 5291 3452 5348; x_wconf 80' lang='grc' dir='ltr'>ἔτεσι</span> <span class='ocrx_word' id='word_1_744' title='bbox 3523 5290 3624 5349; x_wconf 87' lang='grc' dir='ltr'>δύο</span> 
     </span>
    </p>
   </div>
   <div class='ocr_carea' id='block_1_110' title="bbox 1968 5379 3624 5461">
    <p class='ocr_par' dir='ltr' id='par_1_110' title="bbox 1968 5379 3624 5461">
     <span class='ocr_line' id='line_1_110' title="bbox 1968 5379 3624 5461; baseline 0.001 -24"><span class='ocrx_word' id='word_1_745' title='bbox 1968 5381 2060 5437; x_wconf 85' lang='grc' dir='ltr'>καὶ</span> <span class='ocrx_word' id='word_1_746' title='bbox 2113 5382 2249 5455; x_wconf 84' lang='grc' dir='ltr'>μησὶ</span> <span class='ocrx_word' id='word_1_747' title='bbox 2317 5380 2476 5436; x_wconf 90' lang='grc' dir='ltr'>πέντε</span> <span class='ocrx_word' id='word_1_748' title='bbox 2535 5381 2626 5436; x_wconf 80' lang='grc' dir='ltr'>καὶ</span> <span class='ocrx_word' id='word_1_749' title='bbox 2693 5379 2830 5458; x_wconf 88' lang='grc' dir='ltr'>πρὸς</span> <span class='ocrx_word' id='word_1_750' title='bbox 2892 5381 2994 5452; x_wconf 81' lang='grc' dir='ltr'>τήν</span> <span class='ocrx_word' id='word_1_751' title='bbox 3054 5379 3195 5438; x_wconf 80' lang='grc' dir='ltr'>ἰδίαν</span> <span class='ocrx_word' id='word_1_752' title='bbox 3251 5383 3624 5461; x_wconf 75' lang='grc' dir='ltr'>περιστροφὴν</span> 
     </span>
    </p>
   </div>
   <div class='ocr_carea' id='block_1_111' title="bbox 1970 5468 3625 5548">
    <p class='ocr_par' dir='ltr' id='par_1_111' title="bbox 1970 5468 3625 5548">
     <span class='ocr_line' id='line_1_111' title="bbox 1970 5468 3625 5548; baseline 0.001 -22"><span class='ocrx_word' id='word_1_753' title='bbox 1970 5468 2285 5545; x_wconf 81' lang='grc' dir='ltr'>ἐκπληρῶν,</span> <span class='ocrx_word' id='word_1_754' title='bbox 2317 5470 2450 5525; x_wconf 81' lang='grc' dir='ltr'>Εἶτα</span> <span class='ocrx_word' id='word_1_755' title='bbox 2493 5471 2750 5546; x_wconf 79' lang='grc' dir='ltr'>τέταρτος</span> <span class='ocrx_word' id='word_1_756' title='bbox 2803 5469 2893 5525; x_wconf 83' lang='grc' dir='ltr'>καὶ</span> <span class='ocrx_word' id='word_1_757' title='bbox 2949 5469 3088 5526; x_wconf 86' lang='grc' dir='ltr'>κατά</span> <span class='ocrx_word' id='word_1_758' title='bbox 3137 5471 3202 5526; x_wconf 85' lang='grc' dir='ltr'>τὸ</span> <span class='ocrx_word' id='word_1_759' title='bbox 3251 5474 3351 5528; x_wconf 74' lang='grc' dir='ltr'>τοῦ</span> <span class='ocrx_word' id='word_1_760' title='bbox 3401 5468 3625 5548; x_wconf 74' lang='grc' dir='ltr'>αἰθέρος</span> 
     </span>
    </p>
   </div>
   <div class='ocr_carea' id='block_1_112' title="bbox 284 5697 3632 5784">
    <p class='ocr_par' dir='ltr' id='par_1_112' title="bbox 284 5697 3632 5784">
     <span class='ocr_line' id='line_1_112' title="bbox 284 5697 3632 5784; baseline 0.005 -31"><span class='ocrx_word' id='word_1_761' title='bbox 284 5697 327 5732; x_wconf 80' lang='grc'>³⁷</span> <span class='ocrx_word' id='word_1_762' title='bbox 361 5697 953 5784; x_wconf 38' lang='grc' dir='ltr'>Ιῖὶοεῇοῐῐιοιιὰξιήξιο]ζ</span> <span class='ocrx_word' id='word_1_763' title='bbox 977 5701 1210 5784; x_wconf 70' lang='lat' dir='ltr'>Almag.</span> <span class='ocrx_word' id='word_1_764' title='bbox 1241 5703 1357 5784; x_wconf 84' lang='lat' dir='ltr'>lib._</span> <span class='ocrx_word' id='word_1_765' title='bbox 1372 5707 1712 5784; x_wconf 60' lang='lat' dir='ltr'>vn,_prop,g</span> <span class='ocrx_word' id='word_1_766' title='bbox 1736 5710 1793 5762; x_wconf 89' lang='lat' dir='ltr'>et</span> <span class='ocrx_word' id='word_1_767' title='bbox 1815 5722 1942 5784; x_wconf 80' lang='lat' dir='ltr'>seq.</span> <span class='ocrx_word' id='word_1_768' title='bbox 2017 5706 2137 5750; x_wconf 72' lang='lat'><strong>37-38</strong></span> <span class='ocrx_word' id='word_1_769' title='bbox 2169 5705 2545 5784; x_wconf 64' lang='lat' dir='ltr'>Beinboldjn</span> <span class='ocrx_word' id='word_1_770' title='bbox 2565 5707 2801 5768; x_wconf 86' lang='lat' dir='ltr'>tabulas</span> <span class='ocrx_word' id='word_1_771' title='bbox 2827 5706 3254 5784; x_wconf 57' lang='lat' dir='ltr'>Prutenicast.</span> <span class='ocrx_word' id='word_1_772' title='bbox 3283 5711 3340 5769; x_wconf 87' lang='lat'>2.</span> <span class='ocrx_word' id='word_1_773' title='bbox 3414 5708 3463 5746; x_wconf 77' lang='grc'>³⁸</span> <span class='ocrx_word' id='word_1_774' title='bbox 3479 5708 3632 5770; x_wconf 85' lang='lat' dir='ltr'>Vide</span> 
     </span>
    </p>
   </div>
   <div class='ocr_carea' id='block_1_113' title="bbox 215 5773 2441 5852">
    <p class='ocr_par' dir='ltr' id='par_1_113' title="bbox 215 5773 2441 5852">
     <span class='ocr_line' id='line_1_113' title="bbox 215 5773 2441 5852; baseline 0.004 -27"><span class='ocrx_word' id='word_1_775' title='bbox 215 5785 397 5843; x_wconf 90' lang='lat' dir='ltr'>supra</span> <span class='ocrx_word' id='word_1_776' title='bbox 425 5773 601 5827; x_wconf 88' lang='lat' dir='ltr'>etiam</span> <span class='ocrx_word' id='word_1_777' title='bbox 634 5789 690 5844; x_wconf 91' lang='lat' dir='ltr'>p.</span> <span class='ocrx_word' id='word_1_778' title='bbox 724 5773 868 5842; x_wconf 85' lang='lat'>282;</span> <span class='ocrx_word' id='word_1_779' title='bbox 897 5773 1075 5831; x_wconf 92' lang='lat' dir='ltr'>Macr.</span> <span class='ocrx_word' id='word_1_780' title='bbox 1107 5773 1224 5842; x_wconf 60' lang='lat' dir='ltr'>I.&#39;1,</span> <span class='ocrx_word' id='word_1_781' title='bbox 1253 5793 1302 5832; x_wconf 93' lang='lat' dir='ltr'>c.</span> <span class='ocrx_word' id='word_1_782' title='bbox 1338 5776 1405 5832; x_wconf 88' lang='grc'>19</span> <span class='ocrx_word' id='word_1_783' title='bbox 1425 5795 1438 5847; x_wconf 89' lang='grc'><strong>;</strong></span> <span class='ocrx_word' id='word_1_784' title='bbox 1459 5773 1810 5852; x_wconf 52' lang='lat' dir='ltr'>Mart-(Cap.</span> <span class='ocrx_word' id='word_1_785' title='bbox 1842 5773 1946 5836; x_wconf 79' lang='lat' dir='ltr'>lib.</span> <span class='ocrx_word' id='word_1_786' title='bbox 1975 5795 2078 5837; x_wconf 82' lang='lat' dir='ltr'><strong>VIII</strong></span> <span class='ocrx_word' id='word_1_787' title='bbox 2103 5779 2216 5836; x_wconf 91' lang='lat' dir='ltr'>sub</span> <span class='ocrx_word' id='word_1_788' title='bbox 2241 5779 2441 5837; x_wconf 85' lang='lat' dir='ltr'>ﬁnem.</span> 
     </span>
    </p>
   </div>
  </div>
