4072 6442
441 452 599 516 1309

1768 451 2119 517 EPITOME
2159 451 2521 517 PHYSICA.

3689 455 3847 522 I310

445 583 759 660 μεσαίτατον
813 584 976 657 ἥλιος
1037 583 1107 642 δι’
1165 587 1410 644 ἐνιαυτοῦ
1461 591 1697 665 περαιῶν
1766 590 1864 659 τὴν
1923 589 2084 644 αὐτοῦ

2200 591 2634 647 conversionem
2667 590 2924 664 explens.
2957 591 3177 649 Deinde
3214 595 3460 666 quartus
3505 596 3562 649 et
3601 592 3662 648 in
3710 606 3835 649 me-

440 674 800 751 περιέλευσιν·
884 673 1056 754 ἤγουν
1145 675 1229 734 διὸ
1309 681 1669 756 νυχθημέρων
1758 679 2080 756 τριακοσίων

443 765 704 838 ἐξήκοντα
745 767 900 823 πέντε
939 768 1030 823 καὶ
1075 769 1353 846 τετάρτου.
1386 771 1514 825 Μετ’
1557 769 1716 825 αύτὸν
1765 767 2081 848 Ἀφροδίτη,

441 855 532 910 καὶ
581 855 670 911 ὑπ’
714 856 880 927 αὐτὴν
927 858 1236 937 Ἐωσφόρος
1267 860 1295 914 6
1343 859 1514 936 ἀστὴρ
1561 859 1739 923 οὗτος.
1774 859 1950 916 Ἀλλὰ
1994 861 2084 914 καὶ

440 946 727 1020 Ἕσπερος·
779 947 843 1002 τὸ
894 947 988 1020 μὲν
1030 943 1132 1024 γάρ
1183 947 1294 1003 ἐστι
1340 950 1428 1004 καὶ
1478 947 1722 1005 καλεῖται
1769 956 1870 1019 τῆς
1919 948 2084 1020 ἡλίου

442 1033 789 1112 προανίσχων
862 1034 1142 1105 ἐπιτολῆς·
1200 1038 1262 1092 τὸ
1335 1035 1384 1092 δ’
1450 1037 1612 1093 αὐτοῦ
1680 1035 2084 1112 καταδυομένου

442 1123 762 1202 φαινόμενος
817 1125 952 1200 πρὸς
1008 1123 1254 1199 δυσμαῖς.
1289 1128 1420 1203 Περὶ
1474 1134 1575 1196 τῆς
1631 1127 1795 1182 αὐτοῦ
1853 1133 2086 1206 φυσικῆς

441 1215 707 1284 κινήσεως
775 1215 827 1269 οἱ
893 1214 1390 1292 ἀστρολογήσαντες
1453 1214 1810 1295 διεφώνησαν·
1873 1216 1963 1272 καὶ
2035 1217 2086 1271 οἱ

445 1303 538 1377 μὲν
572 1300 768 1379 ἔφασαν
817 1304 970 1360 αὐτὸν
1017 1303 1328 1382 ἷ¹σοδρομεῖν
1378 1311 1458 1379 τῷ
1505 1307 1673 1381 ἡλίῳ·
1709 1314 1824 1370 τοῖς
1874 1305 1931 1362 δὲ
1983 1329 2086 1381 μη-

441 1391 522 1446 σὶν
561 1391 704 1448 ὀκτὼ
734 1389 1074 1470 περιτρέχειν
1116 1396 1206 1450 τὸν
1255 1393 1392 1451 ἴδιον
1442 1395 1641 1452 κύκλον
1687 1393 1861 1467 ἔδοξεν
1904 1398 2082 1461 οὗτος.

439 1483 636 1545 Ἕκτος
663 1483 691 1536 6
721 1484 950 1556 Ἑρμῆς,
983 1485 1012 1538 ὁ
1040 1484 1129 1539 καὶ
1163 1480 1412 1541 Στίλϐων
1442 1485 1493 1540 ἐν
1629 1488 1761 1560 μησὶ
1809 1487 1898 1542 καὶ
1946 1487 2084 1561 ἡμέ-

442 1590 561 1644 ραις
617 1570 692 1642 ἓξ,
739 1572 839 1640 τὴν
898 1572 1034 1644 ὅλην
1086 1573 1248 1629 αὐτοῦ
1301 1575 1632 1648 ποιούμενος
1682 1576 2082 1653 περιπόρευσιν.

438 1658 554 1715 Τισὶ
630 1657 688 1714 δὲ
744 1665 853 1716 τῶν
940 1662 1289 1739 ἀστρολόγων
1364 1663 1685 1720 ἐνιαυσιαῖον
1756 1666 1847 1720 καὶ
1925 1667 2085 1728 οὗτος

436 1753 709 1815 ποιεῖσθαι
767 1752 859 1806 τὸν
913 1749 1117 1826 δρόμον
1179 1751 1530 1824 ὑπείληπται,
1560 1754 1797 1831 καθάπερ
1846 1755 2084 1824 ὁῆλιος.

438 1833 841 1918 Ἀκριϐέστεροι
893 1839 951 1896 δὲ
1003 1840 1214 1915 μᾶλλον
1286 1840 1534 1898 δοκοῦσιν
1599 1845 1651 1898 οἱ
1719 1844 1927 1901 ἐλάττω
1989 1849 2087 1901 τοῦ

437 1926 683 1984 ἐνιαυτοῦ
723 1934 841 1992 τοῖς
885 1930 1200 2007 εἰρημένοις
1249 1928 1368 1985 δυσί
1414 1933 1650 2004 πλάνησι
1700 1935 1790 1988 τὸν
1840 1937 1938 2004 τῆς
1991 1957 2086 2013 φυ-
2117 1965 2165 2031 Β

441 2023 599 2088 σικῆς
628 2019 895 2090 κινήσεως
941 2019 1138 2096 χρόνον
1186 2021 1618 2099 ἀποφηνάμενοι,
1651 2025 1788 2078 κατὰ
1842 2026 1942 2094 τὴν
1989 2027 2084 2080 τά-

439 2107 517 2178 ξιν
562 2114 662 2179 τῆς
719 2110 854 2184 πρὸς
908 2109 1038 2174 τοὺς
1108 2109 1312 2174 ἄλλους
1387 2112 1670 2182 πλάνητας
1750 2110 2082 2178 ὑποϐάσεως.

438 2199 586 2253 Μετά
627 2199 831 2261 πάντας
875 2199 1100 2273 ἀστέρας
1146 2202 1182 2269 ὴ
1226 2201 1430 2272 σελήνη
1472 2201 1724 2258 τέτακται
1767 2205 2083 2260 κατωτάτω·

437 2284 575 2356 πρὸς
607 2281 674 2354 δὴ
712 2285 774 2340 τὸ
816 2286 982 2362 πέρας
1034 2287 1165 2342 αὐτὸ
1211 2293 1308 2342 τοῦ
1339 2289 1555 2366 αἰθέρος
1582 2291 1645 2345 τό
1691 2312 1751 2368 γε
1778 2291 2087 2367 τεθολωμέ-

436 2393 548 2446 νον,
591 2374 666 2436 ὡς
710 2379 791 2447 τῷ
836 2375 1209 2450 ὑπεκκαύματι
1261 2379 1554 2455 συμμιγές.
1589 2379 1736 2452 Αὕτη
1791 2383 2087 2460 σμικρότα-

433 2483 526 2516 τον
559 2460 762 2539 ἔχουσα
787 2465 861 2526 ὡς
916 2465 1329 2542 χθαμαλωτάτη
1361 2469 1452 2522 καὶ
1511 2473 1906 2546 προσγειοτάτη
1968 2494 2088 2528 συν-

435 2550 622 2626 τόμως
681 2553 839 2609 αὐτὸν
899 2553 1068 2610 ἀνύειο
1131 2553 1199 2610 δι’
1257 2559 1479 2633 ἡμερῶν
1537 2560 1638 2635 γὰρ
1709 2560 1839 2615 ἑπτά
1894 2583 1951 2616 τε
1998 2563 2089 2617 καὶ

437 2637 608 2695 εἷ’κοσι
656 2642 744 2697 καί
790 2664 940 2706 τινος
987 2643 1220 2718 ἡμίσους
1269 2644 1506 2718 μάλιστά
1534 2670 1654 2710 πως
1682 2651 1892 2724 ἡμέρας
1943 2657 2090 2725 μιᾶς.

437 2731 532 2786 Διὸ
580 2731 670 2786 καὶ
718 2731 991 2796 πολλάκις
1042 2739 1137 2789 τοῦ
1175 2735 1418 2790 ἐνιαυτοῦ
1466 2737 1555 2792 καὶ
1598 2740 1784 2816 φθάνει
1836 2741 1926 2795 καὶ
1983 2763 2088 2796 πα-

440 2816 688 2896 ραμείϐει
717 2823 808 2877 τὸν
843 2822 1026 2892 ἥλιον.

2194 679 2288 734 dio
2319 680 2548 736 aetheris
2579 683 2938 737 constitutus
2968 686 3057 739 est
3086 682 3194 752 sol,
3227 683 3364 738 anni
3386 683 3597 750 spatio,
3621 698 3832 754 nempe

2194 769 2466 826 trecentis
2500 771 2801 843 sexaginta
2830 771 3088 844 quinque
3120 765 3326 828 diebus
3348 788 3482 828 cum
3505 772 3834 844 quadrante

2195 875 2368 913 suum
2401 860 2711 916 circuitum
2742 861 2972 917 ﬁniens.
3010 861 3146 917 Post
3178 860 3343 916 illum
3374 868 3419 902 ³9
3467 865 3524 917 et
3570 862 3682 918 sub
3731 861 3831 918 illo

2193 947 2392 1005 Venus
2421 953 2528 1018 est,
2564 967 2688 1021 quae
2720 950 2957 1022 quidem
2991 950 3160 1006 stella
3198 951 3482 1007 aurorifer
3526 956 3584 1007 et
3631 967 3840 1023 vesper

2195 1038 2560 1110 appellatur;
2594 1039 2879 1098 aurorifer
2907 1045 2998 1096 est
3035 1044 3092 1095 et
3118 1045 3382 1108 vocatur,
3411 1057 3543 1096 cum
3574 1044 3710 1096 ante
3740 1057 3836 1096 so-

2195 1127 2268 1184 lis
2299 1133 2492 1184 ortum
2525 1129 2822 1202 exsurgit;
2850 1146 3074 1201 vesper,
3107 1146 3241 1184 cum
3273 1129 3401 1202 ipso
3433 1129 3733 1185 occidente
3765 1129 3836 1184 ad

2197 1235 2469 1274 occasum
2503 1218 2881 1290 conspicitur.
2911 1221 2985 1274 De
3017 1217 3264 1274 naturali
3297 1218 3486 1290 ipsius
3535 1223 3702 1274 motu
3745 1217 3839 1272 in-

2195 1312 2284 1363 ter
2303 1325 2421 1374 eos,
2447 1307 2545 1380 qui
2571 1312 2862 1363 astrorum
2878 1307 3192 1381 cognitioni
3215 1309 3590 1378 studuerunt,
3613 1307 3843 1363 dissen-

2197 1397 2284 1452 sio
2315 1402 2439 1453 est:
2474 1414 2724 1468 quorum
2757 1397 2938 1468 aliqui
2971 1398 3160 1470 ipsam
3194 1398 3318 1470 pari
3351 1413 3485 1452 cum
3518 1395 3642 1452 sole
3684 1395 3842 1451 velo-

2197 1487 2367 1542 citate
2400 1503 2632 1542 currere
2663 1487 2976 1554 dixerunt;
3029 1485 3128 1541 alii
3174 1502 3302 1541 eam
3353 1490 3479 1541 octo
3531 1484 3838 1541 mensibus

2197 1594 2371 1632 suum
2433 1576 2735 1648 proprium
2791 1574 3078 1630 circulum
3135 1591 3471 1647 percurrere
3529 1578 3834 1647 putarunt.

2197 1667 2404 1722 Sextus
2435 1671 2524 1722 est
2550 1665 2890 1734 Mercurius,
2925 1666 3072 1722 391
3114 1665 3212 1737 qui
3244 1665 3420 1720 etiam
3462 1664 3688 1720 Stilbon
3745 1681 3840 1719 vo.

2197 1760 2381 1827 catur,
2405 1757 2738 1812 universam
2761 1772 2929 1811 suam
2955 1753 3534 1810 circummeationem
3557 1769 3658 1809 sex
3682 1769 3842 1808 men-

2197 1845 2362 1901 sibus
2393 1850 2451 1901 et
2477 1861 2579 1901 sex
2609 1844 2816 1900 diebus
2857 1844 3097 1900 faciens.
3151 1843 3263 1899 Sed
3312 1846 3370 1898 et
3411 1843 3483 1898 ab
3541 1842 3840 1914 aliquibus

2196 1933 2506 2007 astrologis
2539 1933 2658 1989 haec
2691 1949 2925 2006 quoque
2949 1932 3117 1988 stella
3162 1947 3424 1986 annuum
3456 1946 3696 1986 cursum
3728 1931 3841 1986 sic-

2195 2025 2282 2080 uti
2329 2023 2415 2081 sol
2447 2024 2609 2080 obire
2653 2022 2988 2079 existimata
3033 2025 3142 2077 est.
3187 2019 3590 2076 Accuratiores
3641 2023 3839 2075 autem

2195 2130 2324 2170 esse
2351 2113 2624 2168 videntur
2651 2111 2757 2182 illi,
2793 2111 2892 2183 qui
2925 2111 3098 2166 dictis
3155 2109 3316 2166 hisce
3360 2109 3594 2165 duobus
3643 2107 3840 2180 plane-

2194 2203 2275 2259 tis
2303 2207 2535 2274 tempus
2566 2200 2854 2256 naturalis
2884 2204 3081 2255 motus
3129 2216 3280 2254 anno
3325 2198 3524 2254 minus
3573 2197 3838 2270 assigna-

2197 2295 2352 2359 runt,
2390 2307 2492 2363 pro
2523 2290 2727 2346 ordine
2752 2288 3058 2354 nimirum,
3090 2305 3205 2360 quo
3243 2287 3397 2342 infra
3443 2285 3589 2342 alios
3635 2286 3838 2357 plane-

2197 2385 2289 2437 tas
2329 2379 2711 2436 descendunt.
2769 2380 2902 2434 Post
2942 2394 3148 2433 omnes
3195 2375 3393 2432 stellas
3444 2375 3585 2431 luna
3632 2375 3835 2431 inﬁmo

2198 2471 2476 2528 collocata
2506 2474 2596 2524 est
2624 2468 2849 2534 ordine,
2896 2467 2966 2523 ad
3025 2466 3216 2538 ipsam
3272 2464 3553 2520 nimirum
3609 2462 3842 2520 aetheris

2198 2560 2648 2627 extremitatem,
2671 2559 2965 2613 turbatam
2997 2555 3157 2611 illam
3189 2559 3512 2627 propterea,
3537 2554 3692 2626 quod
3716 2570 3843 2610 suc-

2200 2649 2458 2706 censioni
2489 2649 2746 2705 admista
2774 2652 2880 2702 est.
2916 2646 3045 2701 Haec
3084 2662 3216 2700 cum
3267 2644 3581 2699 minimum
3631 2643 3843 2700 habeat

2200 2739 2506 2796 circulum.
2559 2739 2714 2810 quod
2763 2735 2967 2791 inﬁma
3014 2739 3071 2790 et
3120 2738 3286 2789 terra:
3333 2731 3695 2789 vicinissima
3741 2730 3840 2799 sit,

2201 2829 2358 2888 brevi
2387 2830 2583 2901 ipsum
2612 2832 2873 2898 tempore
2919 2823 3172 2890 conﬁcit,
3220 2821 3422 2894 viginti
3469 2826 3694 2894 septem
3749 2821 3841 2874 ni-

435 2910 652 2992 mirum
683 2913 871 2984 spatio
893 2913 1142 2982 dierum,
1175 2919 1234 2970 et
1258 2915 1504 2973 dimidio
1527 2934 1705 2990 quam
1737 2922 1999 2992 proxime
2027 2923 2205 2980 unius
2235 2921 2370 2978 diei.
2404 2920 2764 2991 Quapropter
2818 2914 2995 2970 etiam
3025 2928 3177 2984 saepe
3207 2928 3309 2984 per
3346 2928 3568 2967 annum
3589 2914 3646 2966 et
3674 2914 3841 2967 ante-

434 2991 609 3048 vertit
628 2997 685 3048 et
716 2995 973 3064 praeterit
1001 2994 1205 3051 solem.

510 3079 600 3154 ιβ’.
631 3077 775 3134 Οὗσα
815 3078 871 3136 δὲ
917 3083 1213 3138 κατωτάτω
1259 3088 1358 3138 τοῦ
1405 3083 1623 3158 αἰθέρος
1672 3087 1762 3140 καὶ
1809 3089 1946 3144 κατὰ
1990 3090 2085 3153 τὰς

435 3165 602 3222 αὐτοῦ
661 3168 798 3244 πρὸς
851 3169 914 3224 τὸ
973 3171 1292 3245 ὑπέκκαυμα
1349 3174 1580 3251 συναφὰς
1637 3175 1728 3230 καὶ
1775 3176 2083 3251 συμμίξεις,

435 3254 511 3317 ὡς
562 3253 792 3332 εἷ’ρηται,
830 3260 1052 3337 ζοφερὸν
1104 3256 1223 3335 ἔχει
1263 3262 1320 3316 τὸ
1369 3265 1528 3335 σῶμα
1573 3263 1663 3318 καὶ
1711 3263 1863 3342 φύσει
1904 3266 2084 3342 ἀλαμ-

2271 3091 2355 3145 12.
2391 3090 2532 3145 Cum
2566 3089 2758 3142 autem
2805 3085 2865 3139 in
2925 3083 3130 3138 inﬁmo
3187 3081 3266 3137 sit
3311 3080 3546 3136 aetheris
3588 3079 3734 3149 loco,
3785 3082 3844 3134 et

2197 3180 2299 3236 ubi
2330 3178 2466 3234 hinc
2498 3193 2632 3232 cum
2663 3173 3041 3231 succensione
3070 3170 3444 3242 conjungitur
3481 3186 3549 3225 ac
3595 3168 3840 3226 commi-

2196 3273 2412 3334 scetur,
2444 3271 2510 3323 ut
2530 3265 2753 3321 dictum
2775 3267 2886 3332 est,
2911 3261 3298 3334 caliginosum
3321 3263 3378 3315 et
3398 3264 3610 3316 natura
3629 3259 3842 3314 obscu-

434 3345 553 3408 πές·
601 3344 661 3400 ἐκ
707 3344 765 3402 δὲ
809 3351 917 3402 τῶν
983 3345 1229 3419 ἡλιακῶν
1296 3349 1526 3406 ἀκτίνων
1590 3353 1901 3411 ἐπείσακτον
1968 3359 2084 3413 κατ’

2200 3375 2331 3413 rum
2361 3357 2536 3412 habet
2562 3369 2796 3426 corpus,
2828 3368 2899 3408 ex
2928 3350 3220 3408 solaribus
3261 3353 3459 3405 autem
3507 3348 3688 3404 radiis
3740 3348 3842 3404 ad-

435 3431 685 3505 ἷδιότητα
732 3434 936 3515 πέφυκε
981 3434 1232 3515 δέχεσθαι
1267 3439 1373 3514 (τὸ)
1415 3444 1552 3518 φῶς.
1599 3442 1692 3496 Διὸ
1739 3444 1828 3498 καὶ
1878 3443 2082 3517 σελήνη

430 3522 856 3598 κατονομάζεται
905 3523 993 3583 διὰ
1039 3527 1103 3581 τὸ
1155 3526 1314 3590 σέλας
1358 3527 1474 3583 νέον
1523 3525 1670 3606 ἔχειν
1718 3531 1822 3604 ἀεὶ,
1863 3533 1953 3588 καὶ
1999 3531 2084 3590 οῦ-

434 3631 569 3666 ποτε
622 3611 878 3688 παλαιὸν,
939 3611 1141 3671 ἄλλοτε
1190 3615 1378 3673 ἄλλων
1440 3623 1619 3695 μερῶν
1695 3624 2082 3698 φωτιζομένων

432 3700 573 3771 αὐτῆ
579 3722 625 3764 ς.

507 3877 764 3956 ιγ’.οὗσα
819 3883 923 3959 γὰρ
981 3881 1072 3937 καὶ
1131 3882 1262 3955 αὕτη
1325 3884 1676 3963 σφαιροειδής
1731 3888 1807 3951 ὡς
1845 3890 1874 3943 6
1922 3888 2085 3960 ἥλιος

433 3970 523 4023 καὶ
565 3975 670 4032 πᾶς
719 3968 894 4032 ἄλλος
942 3971 1140 4048 ἀστὴρ,
1173 3971 1264 4027 ὅτε
1313 3975 1405 4048 μὲν
1459 3977 1597 4030 κατά
1645 3975 1933 4054 διάμετρον
1969 3978 2088 4056 ἔχει

431 4058 524 4112 τὸν
576 4057 758 4133 ἥλιον,
802 4060 1137 4137 (ἐφεστηκυῖα
1179 4062 1278 4130 τήν
1327 4062 1588 4135 πλείστην
1617 4065 1804 4120 «αὐτοῦ
1848 4067 1937 4122 καὶ
1990 4091 2085 4142 με-

435 4146 625 4223 γίστην
711 4147 1029 4221 ἀπόστασιν,
1092 4148 1196 4204 ὅλα
1246 4147 1312 4220 δὴ
1388 4151 1512 4207 τότε
1559 4151 1974 4227 καταλάμπεται
2022 4158 2088 4212 τὰ

431 4234 579 4292 κάτω
640 4237 779 4314 μέρη
837 4237 928 4292 καὶ
975 4237 1114 4313 πρὸς
1171 4241 1344 4311 ἡμᾶς,
1395 4241 1484 4295 καὶ
1541 4241 1746 4317 γίνεται
1796 4247 2084 4322 παμφαήςο

431 4321 546 4399 ὅσῳ
595 4322 655 4381 δὲ
709 4329 790 4398 τῷ
836 4323 988 4399 ἡλίῳ
1016 4325 1264 4396 πελάζει,
1292 4327 1540 4402 τοσούτῳ
1573 4330 1811 4409 φαίνεται
1857 4321 2088 4411 τάίπρὸς

429 4415 579 4489 ἡμᾶς
637 4412 922 4489 ἀλαμπής’
979 4413 1040 4470 ἐκ
1092 4418 1200 4470 τῶν
1256 4416 1547 4492 ὁρωμένων
1625 4418 1824 4491 ταύτης
1914 4424 2086 4498 με(ρ)-

431 4507 507 4559 ῶν
597 4503 676 4566 εἰς
754 4505 824 4559 τὰ
900 4505 976 4578 μή
1036 4504 1292 4581 ὁρώμενα
1377 4502 1894 4583 μεταϐιϐαζομένων
1978 4515 2088 4566 τῶν

430 4589 680 4661 ἡλιακῶν
762 4593 1078 4669 αύγασμῶν.
1137 4595 1264 4649 ’Ὀτε
1339 4592 1398 4650 δὲ
1454 4595 1687 4672 συνέλθῃ
1769 4603 1850 4671 τῷ
1934 4597 2086 4674 ἡλίῳ

428 4681 566 4758 πρὸς
613 4683 707 4737 τὸν
745 4682 905 4738 αὐτὸν
938 4681 1077 4738 ὥστε
1106 4681 1408 4740 συνοδεύειν
1463 4685 1629 4759 αύτῷ,
1658 4687 1780 4742 τότε
1821 4688 1888 4742 τὰ
1938 4689 2079 4764 ὑψη-

431 4766 631 4846 λότερα
669 4769 806 4845 μέρη
867 4773 1037 4827 πάντα
1065 4774 1411 4850 φωτιζομένη
1445 4774 1513 4829 τὰ
1537 4775 1674 4851 πρὸς
1707 4776 1799 4831 τὸν
1834 4777 2082 4853 οὐρανὸν,

431 4858 736 4936 ἀφώτιστος
769 4860 1067 4938 εὑρίσκεται
1101 4859 1292 4918 διόλου
1323 4865 1392 4918 τὰ
1419 4865 1567 4919 κάτω
1595 4865 1686 4920 καὶ
1731 4867 1868 4942 πρὸς
1912 4870 2081 4940 ἡμᾶς·

431 4946 521 5004 ὅτε
580 4946 626 5003 δ’
682 4948 746 5004 αὖ
795 4951 1116 5027 παραμείψῃ
1161 4953 1253 5007 τὸν
1311 4952 1500 5026 ἥλιον,
1533 4950 1758 5030 ἄρχεται
1815 4957 1882 5011 τα
1937 4957 2085 5014 κάτω

429 5037 776 5115 φωτίζεσθαι,
807 5039 946 5116 πρὸς
995 5040 1157 5118 λόγον
1204 5049 1304 5112 τῆς
1351 5045 1740 5120 παραμείψεως
1789 5047 2083 5121 γινομένης

432 5125 514 5182 ἀεὶ
538 5133 640 5198 τῆς
672 5127 942 5206 φαύσεως.

507 5394 589 5453 ιδ’.
623 5399 772 5454 Ἔστι
807 5396 875 5468 δὴ
913 5399 1074 5472 μέσον
1115 5404 1212 5454 τοῦ
1262 5402 1635 5477 στερεώματος
1685 5401 1892 5467 πλάτος
1939 5404 2084 5460 πολὺ

428 5485 690 5542 κυκλικὸν
765 5485 854 5542 καὶ
923 5485 1102 5559 λοξόν’
1165 5489 1234 5567 ὑφ
1291 5491 1321 5542 '6
1378 5495 1661 5546 ποιοῦνται
1711 5495 1809 5563 τήν
1869 5493 2080 5564 κίνησιν

2193 3446 2503 3504 ventitium
2533 3461 2601 3500 ex
2630 3441 2984 3515 proprietate
3014 3439 3214 3495 lumen
3249 3439 3509 3510 accipere
3537 3437 3691 3510 potis
3731 3441 3842 3494 est.

2196 3539 2558 3608 Quapropter
2588 3534 2634 3569 ⁴⁰
2681 3532 2857 3588 etiam
2907 3528 3108 3599 σελήνη
3162 3528 3396 3594 Graecis,
3449 3526 3590 3583 luna
3636 3525 3842 3582 Latine

2196 3625 2558 3694 nominatur,
2608 3622 2764 3695 quod
2823 3620 3076 3676 subinde
3129 3615 3288 3678 σέλας
3376 3616 3518 3687 νέον,
3596 3615 3654 3672 id
3727 3618 3838 3683 est,

2196 3715 2352 3772 892
2387 3713 2586 3769 lumen
2619 3727 2835 3767 novum
2864 3709 3094 3774 habeat,
3125 3724 3426 3778 nunquam
3456 3708 3662 3775 vetus;
3695 3704 3839 3760 dum

2196 3803 2478 3858 nimirum
2513 3801 2659 3857 alias
2687 3799 2811 3856 alie
2842 3797 3004 3853 illius
3034 3802 3230 3869 partes
3261 3795 3697 3850 illuminantur.

2270 3893 2356 3946 13.
2385 3892 2531 3947 Cum
2563 3889 2721 3944 enim
2755 3888 2873 3943 haec
2903 3903 3139 3958 quoque
3180 3882 3529 3941 orbicularis
3565 3883 3664 3951 sit,
3716 3899 3846 3954 per-

2196 3981 2332 4036 inde
2362 3984 2430 4035 ut
2459 3979 2546 4035 sol
2577 3983 2635 4033 et
2664 3975 2886 4049 quavis
2916 3973 3032 4031 alia
3058 3973 3262 4041 stella;
3298 3989 3433 4028 cum
3467 3971 3703 4043 quidem
3754 3987 3848 4026 so-

2197 4069 2312 4124 lem
2341 4069 2518 4124 habet
2546 4083 2615 4122 ex
2646 4066 2954 4132 diametro,
2989 4062 3386 4119 remotissima
3417 4061 3490 4116 ab
3521 4076 3586 4116 eo
3616 4064 3674 4115 et
3721 4076 3847 4114 ma-

2195 4158 2354 4213 xima
2383 4156 2710 4212 consistens
2742 4152 3042 4217 distantia,
3079 4150 3370 4207 universis
3399 4154 3527 4204 tum
3578 4147 3844 4220 partibus

2196 4245 2573 4302 inferioribus
2601 4247 2660 4300 et
2688 4259 2816 4316 quae
2849 4241 2919 4297 ad
2963 4257 3070 4296 nos
3114 4239 3441 4310 respiciunt
3487 4235 3842 4306 illustratur,

2195 4339 2434 4406 totaque
2463 4333 2658 4388 lucida
2685 4330 2961 4388 efﬁcitur.
2988 4331 3284 4396 Quantum
3308 4332 3504 4383 autem
3529 4325 3846 4398 appropin-

2199 4429 2341 4498 quat
2370 4423 2498 4491 soli,
2550 4426 2778 4478 tantum
2843 4420 3034 4492 quoad
3092 4435 3200 4473 nos
3256 4419 3510 4473 obscura
3561 4419 3842 4488 apparet:

2197 4515 2430 4586 quando
2455 4515 2677 4568 solares
2707 4510 2857 4565 radii
2886 4525 2955 4564 ex
3012 4507 3280 4580 partibus
3322 4507 3451 4578 ejus
3498 4521 3627 4576 quae
3676 4503 3848 4559 nobis

2194 4604 2467 4659 videntur
2497 4602 2570 4657 ad
2600 4617 2700 4656 eas
2729 4616 2857 4671 quae
2889 4597 3060 4653 nobis
3109 4613 3228 4652 non
3275 4595 3552 4651 videntur
3593 4593 3849 4648 transfe-

2199 4697 2429 4748 runtur.
2464 4690 2706 4756 Quando
2738 4693 2934 4743 autem
2972 4703 3107 4742 cum
3162 4684 3287 4741 sole
3332 4684 3394 4739 in
3447 4683 3719 4739 eumdem
3768 4681 3851 4737 lo-

2199 4798 2333 4838 cum
2364 4779 2714 4845 convenerit,
2749 4781 2815 4832 ut
2845 4793 2979 4832 cum
3010 4775 3138 4848 ipso
3171 4777 3353 4841 coeat,
3387 4776 3530 4828 tunc
3568 4770 3846 4827 omnibus

2197 4871 2462 4942 partibus
2493 4868 2824 4935 altioribus,
2856 4882 2984 4938 qua;
3017 4865 3084 4920 ad
3121 4863 3332 4919 caelum
3363 4861 3687 4934 respiciunt
3715 4857 3854 4913 illu-

2196 4959 2439 5027 minata,
2460 4955 2838 5013 inferioribus
2857 4959 2916 5010 et
2936 4956 3007 5009 ad
3031 4969 3139 5009 nos
3161 4947 3851 5024 vergentibusillumina—

2195 5048 2372 5104 tionis
2437 5063 2642 5119 expers
2718 5042 3194 5117 deprehenditur.
3277 5039 3521 5104 Quando
3595 5038 3852 5109 denique

2191 5136 2451 5193 vicissim
2482 5136 2665 5190 solem
2724 5131 3087 5205 praeterierit,
3144 5127 3534 5185 inferioribus
3583 5125 3852 5198 partibus

2192 5224 2517 5282 illuminari
2546 5221 2771 5295 incipit,
2806 5226 2872 5276 ut
2903 5237 3136 5292 semper
3167 5235 3272 5291 pro
3306 5217 3532 5274 ratione
3589 5213 3852 5287 praeteri-

2192 5315 2370 5372 tionis
2402 5315 2508 5370 ﬁat
2537 5311 2878 5368 illustratio.

2269 5406 2353 5460 14.
2387 5403 2486 5458 Est
2510 5401 2791 5458 nimirum
2821 5402 2863 5435 ὀι
2895 5399 3156 5454 medium
3189 5395 3550 5453 ﬁrmamenti
3598 5393 3848 5450 latitudo

2195 5492 2495 5550 circularis
2525 5507 2742 5563 magna
2769 5495 2828 5545 et
2856 5487 3112 5560 obliqua,
3146 5485 3259 5542 sub
3279 5502 3395 5557 qua
3425 5500 3630 5540 omnes
3661 5479 3844 5539 stellis

498 5722 830 5802 3fRegiom.
1002 5739 1079 5802 I_x_,
1109 5739 1277 5802 prop.
1309 5725 1336 5780 1
1369 5725 1612 5802 i_n_Alm.
1647 5729 1789 5786 Ptol.
1835 5729 2003 5786 Mart.
2069 5729 2208 5802 Cap.
2253 5727 2355 5784 lib.
2387 5743 2512 5799 VIII,
2545 5742 2602 5800 p.
2635 5723 2806 5780 349⁴⁰
2830 5722 2977 5779 Vide
3008 5740 3188 5798 supra
3217 5739 3344 5797 cap.
3376 5722 3468 5793 27,
3500 5737 3562 5778 ιι.
3597 5720 3629 5776 4
3649 5719 3692 5758 ⁶¹
3724 5718 3845 5777 Ma-

429 5794 590 5853 crob.
619 5794 738 5867 III,
768 5811 824 5867 ο,
854 5795 926 5852 45
961 5820 978 5868 ;
1009 5794 1183 5856 Mart.
1217 5794 1352 5872 Cap.
1385 5797 1490 5857 lib.
1515 5817 1643 5859 VIII.
