4072 6426
182 432 336 501 1311

1437 445 1864 512 NICEPHORI
1904 443 2344 511 BLEMMIDE

3437 447 3603 513 1312

183 572 443 630 erratica
473 591 649 632 suum
679 579 909 634 motum
954 578 1192 636 obeunt.
1242 580 1439 653 Neque
1488 581 1645 637 enim
1699 580 1820 636 oni-

1941 578 2134 640 πάντες
2196 579 2247 634 οἱ
2300 577 2597 650 πλάνητες.
2659 576 2797 634 Οὐδὲ
2849 577 2951 654 γὰρ
3025 575 3090 634 τὸ
3152 577 3437 654 στερέωμα
3490 585 3604 636 πᾶν

183 678 418 719 versum
477 666 918 723 ﬁrmamentum
976 669 1443 726 subtercurrunt.
1486 671 1835 727 Latissimus

184 751 281 807 hic
311 753 594 826 obliquus
651 755 906 812 circulus
955 759 1110 815 398
1170 760 1355 815 multa
1412 761 1569 816 vehit
1619 760 1831 828 sidera,

1948 667 2333 744 ὑποτρέχουσι.
2395 669 2475 726 Τὸ
2529 674 2777 724 τοιοῦτον
2839 668 3180 724 πλατύτατον
3220 668 3491 744 κύκλωμα
3536 672 3603 727 τὸ

1944 755 2102 828 λοξὸν
2165 756 2332 834 ἄστρα
2388 759 2536 836 φέρει
2596 756 2804 826 πολλὰ,
2837 759 3274 834 σκιαγραφοῦντά
3301 780 3420 822 πως
3480 761 3601 829 ζῶά

185 857 312 912 quae
343 843 625 900 animalia
654 847 921 916 quaedam
945 849 1378 919 quodammodo
1401 851 1755 905 adumbrant
1775 855 1820 904 e1

1939 867 2077 901 τινα.
2131 848 2243 902 Κάκ
2295 854 2396 916 τῆς
2444 847 2705 917 τοιαύτης
2755 847 3111 924 σκιαγραφίας
3169 849 3269 916 τῆς
3322 867 3598 924 συγκεχυ-

184 936 616 1002 repraesentant
644 935 710 988 ‘9.
739 936 926 1008 Atque
947 953 1014 992 ex
1035 937 1144 992 hac
1166 938 1410 993 confusa
1426 942 1483 992 et
1505 939 1830 994 subobscu-

184 1036 251 1074 ra
309 1022 765 1080 adumbratione
822 1029 878 1080 et
923 1027 1430 1098 repraesentatione
1480 1027 1829 1083 vetustiores

185 1109 463 1178 astrologi
498 1113 977 1171 adumbrationes
1007 1115 1152 1171 istas
1177 1122 1234 1172 et
1256 1121 1825 1188 repraesentamenta,

184 1197 465 1256 animalia
496 1217 597 1256 seu
632 1201 800 1274 signa
829 1208 886 1258 et
942 1205 1275 1261 universam
1322 1222 1523 1260 eorum
1575 1204 1827 1276 comple-

184 1287 438 1358 xionem,
502 1289 785 1346 circulum
831 1294 1135 1349 zodiacum
1168 1310 1270 1350 seu
1319 1294 1660 1367 signiferum
1711 1311 1824 1350 non

183 1377 311 1432 sine
339 1395 553 1450 magno
585 1381 771 1436 abusu
805 1382 1110 1438 nominum
1131 1389 1431 1439 vocarunt.

257 1469 340 1522 15.
376 1470 493 1523 Sub
552 1469 768 1525 zodiaci
829 1472 1020 1528 medio
1075 1473 1160 1528 sol
1222 1473 1521 1544 aequaliter
1577 1473 1826 1528 subinde

182 1562 448 1612 movetur
476 1560 547 1614 ab
578 1576 785 1616 occasu
819 1561 890 1615 ad
921 1566 1124 1628 ortus;
1157 1564 1374 1618 caeteras
1424 1566 1622 1618 autem
1669 1579 1824 1618 erra-

181 1645 306 1700 ticaa
337 1647 539 1714 stellis,
574 1665 700 1719 quae
731 1649 1036 1706 convolute
1090 1656 1147 1706 et
1193 1655 1452 1706 tortuose
1494 1656 1822 1721 moventur,

181 1735 512 1792 universam
554 1738 797 1794 Zodiaco
855 1739 1182 1811 subjectam
1238 1740 1610 1795 latitudinem
1671 1740 1826 1795 varie

180 1829 580 1893 commutant;
643 1832 700 1882 et
747 1826 893 1884 alias
943 1828 1181 1899 quidem
1233 1831 1304 1884 ad
1355 1828 1617 1884 boreales
1666 1827 1826 1883 illius

179 1917 397 1984 partes,
433 1913 577 1970 alias
608 1915 679 1970 ad
712 1917 1018 1988 australes,
1051 1917 1196 1974 alias
1227 1918 1404 1973 etiam
1437 1918 1508 1973 ad
1565 1916 1822 1972 medium

176 2002 714 2074 deprehenduntur.
755 2005 1006 2062 Maxime
1054 2010 1248 2062 autem
1296 2007 1450 2062 inter
1495 2005 1640 2062 alias
1682 2004 1826 2061 luna

177 2096 300 2147 tam
357 2093 580 2148 variam
641 2095 1157 2151 commutationem
1217 2096 1479 2161 subiens,
1546 2095 1692 2150 alias
1747 2095 1818 2150 ad

177 2182 384 2238 boreas
415 2186 609 2254 partes
635 2183 917 2254 ascendit,
951 2183 1095 2240 alias
1126 2185 1194 2239 ad
1242 2183 1531 2240 australes
1579 2185 1818 2240 descen-

184 2269 288 2337 dit,
321 2269 468 2327 alias
515 2270 692 2327 etiam
737 2288 839 2344 per
891 2272 1151 2328 medium
1207 2273 1317 2328 sub
1368 2271 1544 2329 solari
1603 2272 1819 2330 circulo

178 2359 527 2431 ingreditur.

247 2449 337 2504 49.
371 2447 613 2512 Quando
644 2449 886 2522 proinde
915 2453 1177 2523 tempore
1213 2451 1645 2522 conjunctionis
1697 2467 1820 2507 suas

179 2555 313 2593 cum
347 2537 468 2594 sole
495 2538 783 2595 borealior
808 2543 898 2596 est
943 2543 1046 2596 aut
1085 2539 1416 2608 australior,
1466 2540 1820 2596 obumbrare

175 2632 235 2684 et
262 2627 553 2684 occultare
583 2627 766 2684 solem
798 2645 912 2684 non
943 2633 1155 2701 potest.
1189 2629 1430 2693 Quando
1461 2635 1657 2685 autem
1706 2629 1817 2685 sub

174 2715 368 2772 medio
432 2716 833 2789 [ﬁrmamenti]
893 2718 1352 2790 deprehenditur
1402 2722 1459 2774 et
1503 2722 1632 2774 tum
1676 2736 1814 2775 cum

172 2805 293 2861 sole
323 2806 394 2860 ad
455 2807 938 2878 perpendiculum
997 2806 1283 2878 consistit,
1343 2807 1603 2879 seipsum
1665 2807 1818 2864 intra

175 2893 358 2949 solem
391 2897 449 2949 et
478 2895 633 2950 894
664 2912 770 2951 nos
801 2899 1035 2968 septum
1085 2913 1150 2951 ac
1199 2895 1509 2952 maceriam
1561 2896 1815 2968 interpo-

174 2983 283 3053 nit,
319 2987 494 3055 atque
524 2982 608 3038 ita
653 2984 836 3040 solem
889 2985 1260 3041 abscondita
1284 2985 1474 3053 nobis,
1524 2990 1582 3041 et
1626 3003 1816 3058 neque

175 3071 370 3128 radios
395 3071 556 3127 illius
600 3072 740 3128 sinit
797 3074 867 3128 ad
928 3090 1121 3129 aerem
1171 3079 1439 3130 nostrum
1488 3074 1815 3147 pertingere

169 3161 484 3233 ipsumque
515 3161 868 3230 illuminare,
901 3180 1092 3234 neque
1140 3179 1247 3219 nos
1277 3163 1473 3234 ipsum
1506 3163 1688 3220 solem
1720 3163 1815 3218 in-

171 3250 347 3318 tueri,
379 3266 495 3322 qua
523 3251 633 3306 sub
656 3255 822 3324 parte
842 3253 1134 3308 decurrat.

244 3340 331 3394 1'7.
367 3343 555 3411 Atque
606 3340 757 3396 hanc
814 3341 903 3411 (ut
952 3340 1037 3396 ita
1090 3341 1307 3413 dicam)
1365 3341 1814 3398 coincidentiam
1847 3324 1890 3392 C

173 3429 467 3484 defectum
501 3428 644 3484 solis
675 3427 1136 3500 appellaverunt,
1169 3447 1284 3485 non
1316 3431 1470 3502 quod
1502 3447 1703 3487 revera
1731 3430 1818 3486 lu-

171 3517 398 3573 minare
429 3517 680 3573 deﬁciat.
718 3518 817 3573 sed
846 3518 1094 3574 deﬁcere
1120 3518 1422 3588 videatur;
1447 3536 1516 3575 ex
1545 3536 1612 3576 eo
1659 3520 1816 3591 quod

173 3621 364 3677 neque
396 3604 635 3678 fulgeat.
669 3622 858 3678 neque
892 3611 1184 3677 cernatur,
1234 3625 1368 3664 cum
1402 3608 1552 3664 lunae
1605 3625 1818 3680 corpus

173 3693 502 3764 prohibeat.

245 3783 332 3838 48.
365 3784 542 3840 Porro
579 3784 638 3839 in
696 3786 987 3856 ejusmodi
1036 3785 1192 3842 lunae
1236 3787 1818 3844 subtercursionibus

175 3871 263 3926 sol
296 3873 467 3928 nobis
513 3873 808 3930 interdum
867 3879 1027 3930 totus
1083 3875 1315 3931 videtur
1373 3876 1814 3948 inconspicuus,

173 3977 326 4034 saepe
355 3965 551 4018 autem
582 3979 652 4018 ex
680 3968 844 4036 parte
875 3981 982 4019 sua
1012 3964 1313 4037 quapiam,
1345 3981 1450 4037 pro
1480 3966 1815 4021 absconsio-

174 4049 264 4104 nis
297 4050 542 4108 ratione.
573 4053 873 4116 Quantum
904 4053 1061 4109 enim
1093 4053 1238 4110 luna
1265 4055 1534 4124 subierit,
1584 4059 1816 4110 tantum

174 4138 351 4195 etiam
382 4157 417 4196 a
449 4140 616 4196 nobis
645 4157 759 4197 non
791 4142 1088 4212 cernitur;
1135 4143 1312 4214 idque
1359 4143 1537 4199 etiam
1579 4145 1652 4200 ad
1709 4161 1818 4200 nos

170 4226 371 4284 lumen
402 4245 519 4285 non
549 4229 783 4286 emittit.

245 4318 426 4374 19-21.
442 4319 658 4375 Verum
674 4319 768 4376 hic
782 4319 880 4393 qui
897 4321 980 4376 ita
1000 4321 1216 4377 dicitur
1231 4321 1371 4378 solis
1391 4323 1674 4389 defectus,
1699 4338 1815 4377 non

172 4409 262 4461 est
283 4405 443 4462 illius
474 4409 796 4479 passio.Sol
827 4410 984 4464 enim
1013 4409 1212 4466 lumen
1245 4411 1639 4483 undequaque
1655 4409 1814 4466 omni

173 4499 434 4567 tempore
454 4496 862 4554 diminutionis
879 4513 1083 4571 expers
1096 4503 1152 4555 et
1171 4499 1468 4556 sincerum
1492 4499 1729 4556 obtinet.
1743 4501 1818 4556 At

170 4583 324 4640 luna:
354 4585 618 4642 defectus
645 4587 835 4660 ipsius
865 4588 1014 4644 lunae
1045 4587 1242 4660 passio
1283 4593 1373 4644 est
1421 4593 1480 4644 et
1530 4589 1813 4656 defectus,

1943 936 2111 1008 μένης
2162 937 2252 990 καὶ
2303 933 2550 1012 ἀμυδρᾶς
2599 940 2710 1006 ζῶα
2758 935 3086 1006 κεκλήκασιν
3136 936 3188 991 οἱ
3247 940 3356 992 τῶν
3398 938 3598 1014 ἀστρο-

1941 1022 2118 1100 λόγων
2161 1025 2512 1100 ἀρχαιότεροι
2554 1025 2623 1080 τὰ
2663 1026 3144 1102 σκιαγραφήματαο
3193 1025 3284 1080 καὶ
3328 1027 3428 1095 τήν
3492 1047 3599 1082 πε·-

1939 1115 2138 1190 ριοχήν
2169 1114 2342 1169 αὐτῶν
2399 1120 2570 1169 πᾶσαν
2607 1113 2809 1170 κύκλον
2865 1111 3152 1184 ζωδιακὸν,
3177 1113 3267 1169 καὶ
3318 1113 3440 1171 λίαν
3498 1136 3600 1171 κα-

1936 1204 2347 1278 ταχρησάμενοι
2377 1207 2496 1266 τοῖς
2528 1201 2809 1277 ὀνόμασιν.

2013 1476 2088 1525 ιε’.
2134 1470 2264 1524 Ὑπὸ
2311 1471 2372 1524 τὸ
2417 1475 2515 1525 τοῦ
2567 1467 2835 1538 ζωδιακοῦ
2883 1471 2944 1524 τὸ
2998 1468 3312 1542 μεσαίτατον
3364 1470 3598 1543 ὁμαλῶς

1937 1559 1966 1612 ὁ
1995 1556 2157 1625 ἥλιος
2215 1563 2441 1614 κινεῖται
2503 1557 2767 1628 διηνεκῶς
2812 1559 2912 1626 τὴν
2972 1558 3080 1612 ἀπὸ
3110 1555 3330 1631 δυσμῶν
3359 1559 3436 1620 εἷς
3468 1561 3598 1615 ἀναν

1933 1647 2121 1709 τολάς·
2151 1649 2201 1701 οἱ
2235 1646 2280 1702 δ’
2321 1645 2487 1703 ἄλλοι
2517 1647 2786 1718 πλάνητες
2837 1644 3151 1709 ὲλικοειδῶς
3195 1647 3489 1725 φερόμενοι
3527 1650 3597 1704 τὸ

1938 1737 2039 1790 ὑπὸ
2093 1737 2184 1790 τὸν
2244 1735 2507 1806 ζωδιακὸν
2569 1735 2778 1798 πλάτος
2854 1741 2958 1790 πᾶν
3038 1735 3445 1806 ἐξαλλάττουσι·
3501 1739 3599 1792 καὶ

1933 1825 2067 1880 ποτὲ
2125 1827 2220 1899 μὲν
2278 1825 2366 1881 ἐπὶ
2413 1826 2482 1880 τὰ
2513 1825 2702 1902 βόρεια
2737 1825 2980 1900 γίνονται
3010 1825 3227 1897 τούτου,
3255 1826 3390 1881 ποτὶ
3420 1822 3465 1880 δ’
3501 1825 3598 1881 ἐπὶ

1932 1916 2001 1969 τά
2051 1914 2224 1985 νότια,
2259 1915 2392 1970 ποτε
2449 1913 2507 1970 δὲ
2564 1915 2655 1970 καὶ
2711 1913 2850 1990 πρὸς
2898 1914 2964 1968 τὸ
3015 1915 3178 1987 μέσον
3228 1913 3596 1990 εὑρίσκονται.

1932 2003 2182 2060 Μάλιστα
2233 2001 2290 2058 δὲ
2341 2008 2449 2058 τῶν
2511 2002 2697 2059 ἄλλων
2751 2005 2788 2072 ἡ
2847 2001 3053 2074 σελήνη
3114 2002 3419 2076 ποιουμένη
3485 2005 3592 2074 τὴν

1925 2092 2184 2163 τοιαύτην
2237 2091 2565 2169 ἐξαλλαγὴν,
2595 2093 2729 2148 ποτὶ
2785 2091 2880 2166 μὲν
2936 2090 3132 2147 ἄνεισιν
3182 2092 3257 2154 ὡς
3313 2093 3451 2167 πρὸς
3486 2091 3587 2169 βότ

1929 2183 2222 2258 ρεια,ποτὲ
2271 2179 2330 2237 δὲ
2379 2183 2616 2237 κάτεισιν
2671 2182 2748 2244 ὡς
2805 2181 2944 2257 πρὸς
3003 2181 3173 2236 νότια’
3206 2181 3341 2237 ποτὶ
3389 2178 3450 2236 δὲ
3496 2164 3595 2237 καὶ

1925 2270 2019 2326 τὸν
2052 2269 2214 2344 μέσον
2245 2267 2420 2326 ὁδεύει
2446 2269 2536 2324 τὸν
2563 2269 2668 2324 ὑπὸ
2689 2269 2782 2324 τὸν
2813 2267 3068 2338 ἡλιακόν.

2001 2451 2086 2513 ις’.
2121 2449 2265 2504 Κατὰ
2287 2452 2415 2525 γοῦν
2445 2449 2545 2516 τήν
2579 2446 2748 2518 αὐτῆς
2793 2447 2929 2524 πρὸς
2977 2448 3071 2504 τὸν
3129 2446 3292 2516 ἥλιον
3353 2446 3586 2504 σύνοδον

1931 2537 2247 2614 βορειοτέρα
2279 2537 2374 2611 μὲν
2423 2535 2555 2592 οὖσα
2609 2536 2700 2592 καὶ
2746 2535 3061 2610 νοτιωτέρα,
3089 2537 3182 2592 τὸν
3233 2534 3395 2605 ἥλιον
3447 2538 3585 2593 ὑπο-

1926 2627 2138 2682 σκιάσαι
2186 2628 2277 2681 καὶ
2318 2625 2519 2703 κρύψαι
2567 2625 2629 2680 ού
2682 2622 2923 2683 δύναται.
2975 2626 3120 2681 Κατᾶ
3167 2623 3226 2680 δὲ
3270 2625 3362 2680 τὸν
3418 2625 3587 2698 μέσον

1927 2716 2284 2792 εὑρισκομένη
2343 2715 2433 2770 καὶ
2486 2719 2566 2787 τῷ
2620 2713 2770 2788 ἡλίῳ
2831 2715 3098 2790 γινομένη
3145 2713 3268 2770 τότε
3319 2711 3386 2784 δὴ
3439 2716 3581 2790 (καὶ)

1924 2806 2060 2860 κατά
2113 2805 2358 2876 κάθετον,
2418 2805 2665 2883 φραγμὸν
2720 2805 2914 2873 ἑαυτὴν
2965 2803 3054 2858 καὶ
3100 2801 3454 2879 διατείχισμα
3495 2804 3584 2859 τί·

1925 2906 2050 2964 θησι
2104 2893 2264 2967 μέσον
2317 2894 2484 2964 ἡλίου
2531 2894 2621 2948 καὶ
2670 2896 2856 2968 ἡμῶν,
2881 2893 2972 2948 καὶ
3016 2891 3192 2955 οὕτως
3243 2892 3585 2969 ἀποκρύπτει

1922 2985 2012 3039 τὸν
2065 2981 2226 3052 ἥλιον
2287 2984 2376 3061 ἀφ’
2404 2986 2586 3056 ἡμῶν·
2617 2983 2709 3037 καὶ
2765 2980 2878 3037 οὔτ’
2906 2981 3072 3036 αὐτοῦ
3127 2982 3226 3044 τὰς
3273 2982 3487 3043 ἀκτῖνας
3517 2981 3580 3052 ἐᾷ

1924 3071 2241 3128 διικνεῖσθαι
2295 3072 2433 3149 πρὸς
2484 3072 2577 3126 τὸν
2626 3073 2743 3126 καθ’
2780 3074 2930 3144 ἡμᾶς
2988 3071 3120 3147 ἀέρα
3177 3069 3266 3125 καὶ
3325 3069 3571 3150 φωτίζειν

1922 3160 2108 3234 αὐτὸν,
2140 3158 2254 3226 οὔθ’
2285 3163 2436 3234 ἡμᾶς
2465 3159 2559 3216 τὸν
2608 3158 2770 3230 ἥλιον
2803 3160 2921 3223 καθ’
2953 3157 3087 3236 ὅπερ
3145 3158 3206 3214 ἂν
3268 3157 3574 3236 ὑποδράμοι

1927 3251 2093 3326 μέρος
2125 3249 2282 3305 αύτὸν
2315 3250 2564 3322 καθορᾷν.

2000 3340 2084 3408 ιζ’.
2117 3337 2215 3394 Καὶ
2259 3339 2360 3408 τήν
2409 3337 2668 3408 τοιαύτην
2714 3336 3031 3411 σύμπτωσιν
3101 3334 3344 3411 ἔκλειψιν
3411 3335 3587 3406 ἡλίου

1925 3429 2426 3504 προσηγορεύκασιν
2485 3425 2548 3481 ού
2601 3430 2723 3488 ταῖς
2780 3423 3064 3497 ἀληθείαις
3143 3429 3242 3481 τοῦ
3291 3433 3589 3504 φωπῆρος

1927 3515 2300 3588 ἐκλείποντος,
2332 3514 2481 3571 ἀλλὰ
2535 3513 2827 3578 δοκοῦντος
2885 3513 3178 3583 ἐκλείπειν,
3209 3513 3271 3570 ἐκ
3322 3518 3422 3570 τοῦ
3455 3515 3591 3588 μήτ’

1927 3605 2174 3682 αύγάζειν
2206 3607 2336 3679 μήθ’
2363 3606 2609 3681 ὁρᾶσθαι.
2641 3609 2740 3660 τοῦ
2785 3604 2886 3673 τῆς
2945 3601 3186 3675 σελήνης
3246 3601 3588 3679 διείργοντος

1926 3695 2201 3768 σώματος.

2000 3785 2090 3854 ιη’.
2139 3785 2223 3838 Ἐν
2280 3781 2339 3838 δὲ
2383 3787 2503 3845 ταῖς
2554 3781 2831 3843 τοιαύταις
2880 3781 3082 3856 γίνεται
3165 3787 3268 3850 τῆς
3342 3779 3583 3851 σελήνης

1928 3870 2270 3949 ὑποδρομαῖς
2302 3874 2331 3927 ὁ
2361 3870 2524 3941 ἥλιος
2551 3874 2687 3944 ἡμῖν
2722 3871 2933 3948 ἀφανὴς
2962 3869 3132 3925 ἐνίοτε
3179 3870 3274 3943 μὲν
3333 3867 3489 3939 δ’λος,
3515 3870 3592 3924 τὰ

1925 3958 2200 4016 πολλὰδὲ
2229 3960 2365 4016 κατά
2390 3981 2442 4014 τι
2479 3958 2641 4036 μέρος
2681 3957 2847 4013 αὐτοῦ
2894 3959 3031 4030 πρὸς
3080 3957 3248 4033 λόγον
3298 3964 3402 4027 τῆς
3447 3958 3588 4013 ὑπο-

1925 4050 2197 4125 κρύψεως,
2245 4052 2404 4104 Ὅσον
2461 4049 2564 4125 γὰρ
2617 4041 2956 4117 ὑποϐέϐηκεν
2986 4048 3022 4115 ἡ
3053 4044 3291 4118 σελήνη,
3317 4050 3584 4100 τοσοῦτον

1925 4140 2016 4195 καὶ
2061 4142 2197 4213 ἡμῖν
2251 4137 2606 4212 ἀκαθόρατον·
2634 4140 2797 4192 τοῦτο
2848 4134 2939 4192 καὶ
2986 4135 3126 4209 πρὸς
3155 4137 3305 4209 ἡμᾶς
3357 4133 3460 4189 οὐκ
3503 4133 3591 4190 έκ-

1925 4230 2131 4303 πέμπει
2159 4228 2223 4284 τὸ
2254 4233 2393 4299 φῶς.

2002 4319 2190 4382 ιθ’-κα’.
2224 4315 2380 4374 Ἀλλ’
2408 4318 2444 4385 ἠ
2482 4317 2576 4390 μὲν
2610 4312 2878 4392 λεγομένη
2911 4311 3048 4369 κατὰ
3071 4311 3165 4367 τὸν
3207 4310 3369 4382 ἥλιον
3401 4308 3588 4368 ἓκλειιη

1924 4409 2017 4480 ψις
2076 4405 2177 4461 οὐκ
2234 4401 2345 4459 ἔστι
2403 4403 2577 4468 πάθος
2631 4402 2818 4459 αὐτοῦ.
2851 4400 3033 4471 Πάντη
3092 4401 3194 4478 γὰρ
3246 4399 3519 4474 ἀμείωτον
3553 4400 3586 4454 ὁ

1924 4495 2088 4565 ἥλιος
2119 4490 2236 4570 ἔχει
2285 4493 2350 4548 τὸ
2381 4497 2496 4571 φῶς
2529 4493 2612 4548 ἀεὶ
2639 4491 2730 4547 καὶ
2779 4489 3090 4566 εἲλικρινές.
3121 4491 3186 4545 Ἣ
3233 4486 3293 4545 δὲ
3330 4495 3434 4559 τῆς
3493 4509 3584 4543 σε-

1926 4583 2105 4656 λήνης
2162 4580 2404 4656 ἔκλειψις
2464 4581 2635 4652 αὐτῆς
2690 4587 2792 4651 τῆς
2840 4579 3079 4652 σελήνης
3107 4578 3279 4644 πάθος
3323 4577 3454 4633 ἐστί·
3489 4576 3585 4633 καί

172 4673 274 4746 qui
307 4690 504 4743 revera
531 4675 614 4729 ita
644 4675 768 4744 ﬁat,
801 4693 907 4732 nec
933 4677 1060 4732 ﬁeri
1089 4676 1340 4732 videtur.
1375 4675 1616 4740 Quando
1657 4675 1814 4732 enim

1936 4680 2039 4728 κατ’
2103 4671 2386 4743 ἀλήθειαν,
2457 4669 2584 4726 ἀλλ’
2659 4668 2720 4726 ού
2789 4668 2928 4724 κατὰ
3003 4666 3228 4759 δόκησιν
3311 4663 3585 4759 ἔκλειψις.

169 4761 314 4818 luna
327 4763 398 4818 ad
418 4763 601 4818 solem
623 4780 692 4818 ex
703 4764 986 4821 diametro
1009 4765 1405 4834 constituitur,
1423 4765 1717 4836 siquidem
1741 4765 1813 4820 ad

171 4851 434 4908 boreales
452 4858 509 4908 et
530 4853 819 4909 australes
839 4860 1032 4925 partes
1056 4853 1299 4910 Zodiaco
1318 4854 1616 4926 subjectas
1647 4869 1812 4925 repe-

169 4942 376 5010 riatur,
398 4946 524 4998 tota
542 4941 739 4999 lucida
759 4947 1062 5014 permanet
1083 4959 1187 4998 nec
1212 4942 1539 5015 quidquam
1563 4943 1810 5015 patiens.

167 5031 265 5086 Sin
300 5035 496 5088 autem
526 5033 586 5086 in
619 5031 812 5087 medio
865 5033 1015 5089 895
1069 5032 1416 5101 constiterit,
1460 5035 1518 5087 et
1565 5029 1814 5086 solarem

168 5119 454 5176 circulum
471 5121 951 5191 subtendat,tunc
961 5126 1116 5178 terra
1128 5121 1315 5177 instar
1327 5121 1475 5192 septi
1494 5135 1555 5176 se
1569 5119 1816 5190 interpo-

168 5213 344 5264 nente
373 5208 628 5281 fulgores
659 5227 693 5265 a
723 5211 845 5266 sole
875 5227 992 5266 non
1023 5210 1257 5282 recipit;
1291 5214 1349 5264 et
1369 5226 1486 5282 qua
1511 5213 1673 5280 parte
1697 5224 1814 5264 non

170 5298 399 5370 recipit,
433 5315 547 5353 non
579 5298 948 5355 illuminatur
977 5300 1186 5368 etiam;
1218 5304 1276 5355 et
1307 5299 1460 5370 quod
1493 5298 1553 5352 in
1585 5298 1814 5354 defectu

169 5388 272 5460 qui
303 5385 514 5443 solaris
545 5387 762 5444 dicitur
783 5388 846 5444 in
877 5389 1288 5460 conjunctione
1314 5388 1512 5456 efﬁcit,
1543 5391 1608 5442 ut
1629 5386 1812 5442 solem

169 5493 204 5531 a
225 5475 393 5532 nobis
414 5480 654 5544 avertat,
671 5477 827 5532 idem
849 5478 909 5532 in
935 5479 1220 5534 diametro
1238 5495 1272 5533 a
1296 5481 1451 5534 terra
1472 5475 1810 5549 perpetitur.

169 5562 316 5619 Cum
347 5561 505 5618 enim
536 5563 690 5618 intra
718 5563 900 5620 solem
930 5569 990 5620 et
1015 5564 1219 5622 lunam
1245 5570 1400 5621 terra
1435 5569 1564 5622 tum
1620 5563 1813 5621 medio

245 5781 290 5819 ¹²
319 5780 573 5842 Macrob.
603 5782 644 5843 l.
678 5799 719 5854 1,
743 5798 793 5839 c.
821 5781 912 5838 21.

1923 4764 2050 4817 Ὅτε
2105 4760 2208 4838 γὰρ
2239 4762 2274 4829 ἡ
2306 4759 2511 4830 σελήνη
2569 4763 2649 4831 τῷ
2705 4757 2856 4831 ἡλίῳ
2911 4756 3051 4814 κατὰ
3100 4755 3389 4833 διάμετρον
3435 4755 3584 4832 γίνε-

1921 4871 2029 4923 ται,
2062 4851 2198 4927 πρὸς
2258 4849 2354 4923 μὲν
2406 4855 2527 4911 τοῖς
2585 4847 2690 4904 ὑπὸ
2742 4849 2836 4903 τὸν
2895 4845 3159 4917 ζωδιακὸν
3217 4846 3582 4923 εὖρισκομένη
3671 4849 3674 4851 λ

1927 4937 2166 5015 βορείοις
2223 4938 2314 4993 καὶ
2382 4936 2612 5008 νοτίοις,
2667 4937 2816 5010 μένει
2875 4933 3045 5011 μηδὲν
3098 4934 3383 5012 πάσχουσα
3429 4956 3584 5010 παμ-

1923 5030 2089 5107 φαής.
2119 5033 2206 5083 Ἐν
2232 5032 2314 5100 τῷ
2349 5028 2498 5101 μέσῳ
2529 5024 2589 5081 δὲ
2612 5030 2860 5102 τυχοῦσα
2885 5025 2977 5082 καὶ
3021 5026 3114 5081 τὸν
3168 5023 3400 5096 ἡλιακὸν
3446 5024 3583 5082 ὕπο-

1920 5115 2188 5188 τείνουσα,
2221 5115 2345 5171 τότε
2401 5123 2502 5185 τῆς
2556 5121 2662 5191 γῆς
2721 5113 3183 5190 διατειχιζούςης,
3239 5113 3304 5169 οὐ
3363 5111 3584 5189 δέχεται

1920 5206 1989 5262 τὰ
2023 5206 2075 5278 ἐξ
2105 5205 2274 5276 ⁴ἡλίου
2305 5203 2492 5282 αὐγάς·
2521 5205 2611 5260 καὶ
2667 5204 2787 5268 καθ’
2815 5205 2846 5259 ὃ
2882 5204 3047 5279 μέρος
3089 5201 3157 5257 οὐ
3193 5199 3412 5278 δέχεται
3457 5200 3587 5258 ταύ-

1922 5317 2036 5368 τας,
2072 5293 2199 5352 ούδὲ
2225 5294 2536 5374 φωτίζεταιο
2592 5295 2684 5350 καὶ
2716 5292 2850 5369 ὅπερ
2896 5291 3032 5363 αὕτη
3078 5291 3218 5347 κατᾶ
3271 5293 3370 5361 τὴν
3419 5288 3585 5368 λεγο-

1928 5386 2096 5458 μένην
2157 5383 2400 5454 ἡλιακήν
2453 5381 2696 5457 ἔκλειψιν
2753 5381 2806 5438 έν
2863 5379 3071 5454 συνόδῳ
3117 5385 3287 5452 ποιεῖ,
3319 5378 3582 5456 διαφράτ-

1923 5493 2091 5529 τουσα
2117 5473 2209 5528 τὸν
2242 5471 2405 5542 ἥλιον
2438 5469 2489 5544 ἐξ
2527 5473 2714 5545 ἡμῶν,
2741 5474 2888 5526 τοῦτ’
2930 5469 2983 5524 έν
3045 5466 3322 5546 διαμέτρῳ
3377 5469 3588 5544 πάσχει

1920 5563 2070 5639 παρὰ
2121 5569 2224 5632 τῆς
2281 5567 2406 5638 γῆς.
2435 5560 2628 5620 Ἠλίου
2685 5563 2789 5639 γὰρ
2827 5557 2918 5616 καί
2946 5557 3190 5632 σελήνης
3218 5558 3578 5634 εὖρισκομένη
