4072 6436
467 368 622 433 1313

1797 359 2147 424 ΕΡΙΤΟΜΕ
2188 357 2552 428 PHYSIGA.

3715 366 3874 432 1314

458 502 758 574 τηνικαῦτα
813 495 977 572 μέσον
1013 492 1050 565 ἡ
1099 497 1196 570 γῆ,
1254 496 1390 550 κατὰ
1440 487 1564 570 μίαν
1627 491 1850 566 εὐθεῖαν,
1905 489 2110 548 κωλύει

2228 497 2552 568 reperiatur
2603 499 2663 555 in
2712 500 2916 556 eadem
2964 498 3117 556 linea
3153 504 3330 572 recta,
3364 503 3634 574 prohibet
3663 502 3868 562 lunam

456 593 556 661 τὴν
613 587 850 659 σελήνην
901 589 1024 648 ταῖς
1075 583 1127 655 ἐξ
1173 584 1343 649 ἡλίου
1389 581 1740 658 λαμπηδόσιν
1772 580 2111 657 αὐγάζεσθαι.

467 680 566 735 Καὶ
624 677 750 733 ὅσον
822 675 991 745 αὐτῆς
1070 673 1233 749 μέρος
1285 678 1406 736 ταῖς
1479 671 1738 743 ἡλιακαῖς
1788 671 1995 727 ἀκτῖσιν
2055 669 2117 724 ού

461 765 900 842 καταλάμπεται,
990 762 1132 836 μένει
1217 767 1377 818 τοῦτο
1473 763 1698 836 πάμπαν
1790 761 2113 839 ἀφώτιστον.

461 857 668 914 Ἐνίοτε
697 854 756 910 δὲ
786 854 875 909 καὶ
905 856 1049 908 πᾶσα
1083 855 1361 928 ζοφοῦται,
1393 851 1483 907 καὶ
1521 851 1583 906 τὸ
1614 855 1730 928 φῶς
1788 848 1918 904 ὅλον
1949 848 2118 904 ἀπόλ-

464 945 642 1019 λυσιν,
675 945 752 1007 ὡς
781 943 871 999 καὶ
903 940 1082 998 δοκεῖν
1109 943 1461 1020 ἡφαντῶσθαι
1489 941 1579 996 καὶ
1624 937 1766 1014 μηδὲ
1819 940 1910 994 τὸν
1951 939 2117 994 τόπον

463 1035 517 1092 ἐν
575 1037 723 1112 ᾧπερ
779 1033 848 1103 ἦν
906 1030 1052 1094 ὅλως
1100 1029 1566 1106 διαγινώσκεσθαι,
1625 1034 1706 1102 τῷ
1769 1026 1910 1102 μηδὲ
1962 1030 2112 1084 σγιὰν

462 1125 631 1194 αὐτῆς
686 1122 782 1178 κᾶν
841 1125 969 1199 γοῦν
1023 1117 1268 1198 ἀμυδράν
1324 1140 1451 1175 τινα
1478 1119 1890 1196 περισώζεσθαι.
1923 1117 2115 1172 Τοιαύ-

459 1235 562 1286 της
591 1213 682 1269 καὶ
712 1214 878 1286 ἡμεῖς
905 1208 1236 1282 σεληνιακῆς
1290 1207 1585 1284 ἐκλείψεως
1641 1207 1902 1264 αὐτόπται
1951 1206 2114 1284 γεγό-

461 1324 654 1377 ναμεν.

527 1393 634 1470 κβ’.
668 1393 725 1444 Ὁ
758 1391 852 1465 μὲν
881 1387 974 1444 οὗν
1003 1386 1169 1458 ἥλιος
1213 1387 1276 1443 ἐκ
1312 1392 1418 1442 σῶν
1464 1385 1808 1466 φαινομένων
1839 1385 1964 1461 περὶ
2015 1387 2112 1448 τὰς

453 1483 556 1550 τῆς
587 1479 826 1550 σελήνης
858 1476 1132 1551 ἐκλείψεις
1175 1481 1376 1550 μεῖζων
1417 1483 1518 1546 τῆς
1576 1479 1677 1554 γῆς
1726 1472 2111 1547 ἀνενδοιάστως

454 1569 799 1645 γινώσκεται·
850 1565 943 1622 καὶ
1002 1565 1092 1622 διὸ⁴
1145 1570 1306 1621 τοῦτο
1364 1566 1655 1642 γινόμενος
1710 1565 1813 1620 ὑπὸ
1861 1571 1988 1640 γῆν,
2049 1563 2111 1619 οὐ

453 1656 725 1714 κωλύεται
777 1657 906 1733 παρ’
936 1654 1105 1726 αὐτῆς
1164 1655 1242 1718 εἷς
1298 1656 1359 1710 τὸ
1414 1658 1512 1711 τοῦ
1568 1653 1780 1731 αἰθέρος
1827 1653 1965 1728 ὕψος
2014 1654 2112 1716 τὰς

455 1746 660 1810 οἰκείας
691 1744 988 1820 ἐκπέμπειν
1021 1743 1211 1820 αὐγὰς.
1248 1743 1658 1822 Περιεχομένης
1712 1743 1814 1820 γὰρ
1875 1743 1977 1798 ὑπὸ
2014 1747 2112 1798 τοῦ

2226 601 2300 640 ne
2351 586 2662 658 splendore
2711 589 2852 644 solis
2899 588 3242 646 illustretur.
3299 593 3370 646 Et
3416 597 3633 662 quanta
3681 594 3872 666 ipsius

2225 690 2362 744 pars
2393 675 2686 732 solaribus
2733 677 2912 732 radiis
2964 695 3081 733 non
3131 677 3518 747 illuminatur,
3549 685 3716 738 tanta
3743 699 3868 738 om-

2226 762 2366 818 nino
2425 763 2876 822 illuminationis
2934 783 3138 839 expers
3193 769 3498 840 reperitur.
3569 771 3870 827 Interdum

2227 855 2423 907 autem
2454 856 2578 909 tota
2607 855 2975 923 obscuratur,
3009 860 3066 912 et
3103 873 3276 912 omne
3307 856 3506 914 lumen
3537 859 3774 928 amittit,
3808 863 3874 916 ut

2226 939 2404 995 etiam
2427 943 2736 999 evanuisse
2755 944 3038 1012 videatur,
3057 950 3113 1000 et
3135 962 3323 1018 neque
3343 945 3507 1002 locus
3527 947 3587 1002 in
3610 965 3724 1020 quo
3748 952 3873 1002 erat

2225 1029 2466 1086 omnino
2496 1030 2895 1103 dignoscatur,
2925 1037 3232 1105 propterea
3260 1035 3414 1106 quod
3444 1052 3631 1107 neque
3663 1036 3874 1092 umbra

2222 1117 2382 1175 illius
2421 1121 2799 1191 quantumvis
2841 1122 3007 1177 exilis
3057 1127 3114 1178 et
3143 1123 3452 1180 imbecillis
3483 1123 3869 1197 relinquatur.

2223 1207 2568 1276 Cujusmodi
2598 1208 2865 1267 lunarem
2896 1211 3187 1267 defectum
3217 1217 3276 1268 et
3306 1230 3414 1269 nos
3443 1213 3722 1271 vidimus.

2292 1387 2382 1442 22.
2416 1387 2514 1443 Sol
2562 1389 2807 1460 proinde
2838 1406 2904 1445 ex
2938 1389 3056 1445 illis
3088 1408 3213 1463 quae
3254 1391 3313 1446 in
3365 1391 3516 1447 luna}
3548 1393 3871 1451 defectibus

2223 1480 2526 1548 apparent,
2561 1478 2688 1533 sine
2717 1479 2896 1534 dubio
2927 1483 3081 1534 terra
3111 1480 3301 1548 major
3329 1497 3457 1536 esse
3487 1482 3868 1555 intelligitur;

2222 1569 2279 1620 et
2308 1571 2614 1638 propterea
2644 1583 2776 1622 cum
2810 1568 2964 1624 infra
2991 1573 3206 1624 terram
3239 1574 3346 1637 est,
3380 1587 3496 1625 non
3526 1571 3874 1642 prohibetur

2223 1654 2296 1709 ab
2344 1671 2412 1710 ea
2463 1672 2578 1727 quo
2629 1655 2827 1712 minus
2869 1673 3009 1713 suos
3041 1657 3235 1714 radios
3276 1657 3335 1714 in
3381 1659 3615 1716 aetheris
3644 1661 3872 1717 emittat

2222 1742 2615 1800 altitudinem.
2671 1745 2817 1800 Cum
2876 1745 3033 1801 enim
3088 1749 3243 1802 terra
3297 1752 3534 1820 propter
3588 1749 3872 1823 exiguita-

452 1837 622 1908 ἡλίου
662 1838 762 1905 τῆς
807 1841 911 1912 γῆς
961 1832 1051 1889 διὰ
1094 1834 1194 1904 τὴν
1243 1832 1444 1904 ταύτης
1493 1832 1852 1908 σμικρότητα,
1884 1836 2003 1895 πῶς
2049 1832 2109 1936 ἂν

2228 1837 2337 1888 tem
2371 1849 2541 1888 suam
2591 1851 2625 1889 a
2675 1834 2795 1890 sole
2841 1835 3224 1906 contineatur,
3259 1837 3553 1908 quomodo
3602 1839 3748 1894 radii
3799 1841 3872 1897 ab

449 1925 748 1981 κωλυθεῖεν
807 1925 862 1979 αἱ
920 1925 1132 1986 ἀκτῖνες
1185 1921 1246 1978 ἐκ
1300 1927 1408 1978 τῶν
1467 1921 1647 1999 ἄκρων
1706 1922 1872 1991 αὐτῆς
1912 1921 1990 1984 εἷς
2043 1921 2109 1976 τὸ

449 2019 547 2069 τοῦ
593 2013 808 2090 αἰθέρος
870 2012 1006 2087 ὕψος
1065 2006 1467 2081 διαϐιϐάζεσθαι
1493 2032 1508 2083 ;
1539 2011 1632 2066 Διὸ
1687 2011 1776 2066 καὶ
1823 2009 2106 2083 καταλάμ-

451 2125 610 2159 πεται
662 2103 729 2158 τὰ
786 2101 1100 2178 ὑψηλότερα
1151 2107 1250 2156 τοῦ
1280 2101 1488 2176 κόσμου
1518 2102 1612 2157 κάν
1643 2106 1724 2174 τῷ
1759 2101 1863 2156 ὑπὸ
1892 2103 1994 2176 γῆν
2028 2102 2106 2155 εἴ-

449 2214 537 2248 ναι
593 2194 685 2248 τὸν
743 2189 929 2262 ἥλιον⁶
965 2191 1018 2247 ἐν
1069 2192 1222 2246 νυκτὶ
1283 2188 1340 2246 δέ
1389 2191 1490 2246 εἰσι
1519 2190 1738 2246 τότετά
1794 2187 2108 2265 χθαμαλώ-

449 2303 582 2360 τερα
631 2303 693 2338 τε
747 2282 837 2336 καὶ
893 2279 1298 2358 προσγειότερα.
1345 2279 1451 2351 Νὺξ
1503 2279 1605 2357 γὰρ
1663 2277 1817 2334 οὐδὲν
1857 2275 2040 2356 ἕτερον
2069 2279 2106 2347 ἢ

447 2378 549 2442 τῆς
575 2378 681 2447 γῆς
713 2371 749 2441 ἡ
781 2371 926 2427 σκιά.

521 2462 623 2537 κγ’.
655 2465 766 2530 Τῆς
814 2459 1074 2530 τοιαύτης
1133 2455 1226 2513 οὖν
1279 2463 1433 2521 σκιᾶς
1490 2455 1580 2513 διὰ
1635 2457 1699 2513 τὸ
1760 2456 1981 2534 μέγεθος
2007 2461 2107 2512 τοῦ

452 2548 618 2620 ἡλίου
645 2547 941 2626 γινομένης
970 2545 1320 2620 κωνοειδοῦς,
1347 2546 1436 2602 καὶ
1464 2548 1566 2615 τὴν
1598 2548 1690 2621 μὲν
1748 2547 1902 2623 βάσιν
1945 2545 2107 2623 ἐχού·

457 2660 558 2711 σης
604 2637 868 2694 πλατεῖαν
910 2637 1493 2714 συμπαρεκτεταμένην
1524 2641 1606 2710 τῷ
1641 2635 1790 2712 μέρει
1846 2643 1950 2707 τῆς
2003 2643 2108 2711 γῆς

455 2726 582 2782 ὅσον
619 2726 682 2782 οὐ
711 2725 1058 2800 καταλάμπει
1089 2725 1121 2781 ὅ
1148 2723 1333 2797 ἥλιος,
1361 2726 1461 2794 τὴν
1514 2722 1572 2779 δὲ
1625 2726 1870 2803 κορυφήν
1909 2725 1988 2788 εἷς
2016 2725 2108 2797 ὁξὺ

453 2815 753 2892 λήγουσαν
781 2815 852 2871 τὰ
914 2816 1008 2889 μὲν
1067 2812 1175 2869 ἅνω
1215 2821 1318 2884 τῆς
1349 2812 1588 2885 σελήνης
1641 2814 1733 2868 καὶ
1793 2814 2110 2890 ὑψηλότερα

450 2907 552 2976 τήν
610 2904 868 2976 τοιαύτην
922 2903 1014 2959 καὶ
1091 2904 1228 2958 κατὰ
1298 2909 1476 2976 μῆκος
1561 2898 1870 2979 ὑπερϐαίνει
1927 2905 2105 2961 σκιάν.

455 2995 610 3050 Ὅθεν
663 2990 842 3055 οὐδεὶς
897 2991 1174 3069 ἱστόρηταί
1231 3011 1365 3047 ποτε
1404 2995 1513 3046 τῶν
1551 2991 1789 3068 ἀστέρων
1815 2991 1984 3066 ταύτῃ
2011 3013 2108 3047 πε-

457 3087 716 3160 ριπεσεῖν.
746 3084 818 3138 Ἦ
865 3079 968 3158 γὰρ
1025 3079 1085 3136 ἃν
1146 3079 1314 3159 ἐφάνη
1358 3079 1738 3157 λαμπρότερος
1799 3081 2010 3136 ἑαυτοῦ·
2041 3083 2110 3137 τὰ

454 3175 610 3249 φῶτα
661 3170 763 3246 γὰρ
821 3169 874 3226 ἐν
900 3169 1050 3225 νυκτὶ
1083 3167 1296 3242 μᾶλλον
1329 3169 1366 3240 ἢ
1400 3168 1453 3224 ἐν
1512 3167 1695 3247 ἡμέρᾳ
1753 3165 2110 3249 Λαμπρότερα

2219 1921 2408 1993 ipsius
2456 1923 2928 1978 extremitatibus
2979 1923 3273 1995 prohiberi
3311 1925 3465 1980 896
3503 1932 3765 1999 possent,
3799 1945 3872 1985 ne

2218 2010 2278 2065 in
2336 2010 2568 2066 aetheris
2622 2011 3000 2068 altitudinem
3061 2013 3660 2069 transmitterentur?
3715 2016 3873 2079 Qua-

2218 2103 2456 2171 propter
2483 2100 2661 2156 etiam
2702 2099 2938 2156 altiores
2983 2102 3189 2156 mundi
3236 2106 3428 2172 partes
3476 2102 3868 2176 illustrantur,

2219 2189 2454 2260 quando
2485 2189 2574 2244 sol
2605 2191 2715 2245 sub
2748 2195 2903 2245 terra
2931 2195 3060 2256 est;
3104 2190 3407 2246 inferiores
3438 2199 3634 2248 autem
3673 2198 3730 2249 et
3757 2198 3872 2250 ter-

2219 2295 2294 2332 ra).
2325 2278 2633 2334 viciniores
2665 2283 2806 2334 tunc
2839 2279 2899 2334 in
2945 2285 3112 2335 nocte
3143 2284 3301 2335 sunt.
3335 2281 3492 2336 Nihil
3522 2282 3680 2338 enim
3712 2283 3868 2340 aliud

2219 2382 2335 2421 nox
2367 2371 2476 2433 est,
2509 2384 2689 2438 quam
2720 2373 2888 2422 terra;
2926 2369 3156 2425 umbra.

2289 2456 2380 2512 23.
2413 2459 2557 2511 Cum
2611 2472 2748 2528 ergo
2798 2457 2920 2512 haec
2963 2458 3175 2514 umbra
3208 2463 3440 2531 propter
3468 2460 3610 2517 solis
3641 2463 3868 2536 magni-

2221 2544 2488 2600 tudinem
2517 2544 2816 2600 turbinata
2847 2545 2944 2615 sit,
2976 2551 3032 2601 et
3075 2547 3243 2602 basin
3282 2549 3520 2619 quidem
3551 2549 3734 2606 latam
3766 2551 3871 2606 ha-

2219 2635 2372 2702 beat,
2403 2638 2767 2690 coextentam
2800 2651 2935 2690 cum
2966 2640 3133 2691 terrae
3174 2641 3340 2708 parte
3391 2654 3566 2709 quam
3614 2639 3701 2696 sol
3751 2657 3868 2698 non

2217 2720 2536 2790 illuminat,
2564 2722 2838 2778 verticem
2872 2727 3067 2779 autem
3098 2724 3198 2796 qui
3238 2725 3298 2780 in
3338 2731 3581 2782 acutum
3612 2729 3867 2799 desinat,

2218 2828 2287 2868 ea
2317 2828 2444 2883 quae
2474 2829 2656 2884 supra
2685 2814 2887 2868 lunam
2919 2818 2974 2868 et
3003 2811 3213 2870 altiora
3241 2820 3383 2870 sunt
3411 2815 3562 2872 hanc
3591 2819 3866 2874 umbram

2218 2900 2394 2956 etiam
2418 2901 2742 2956 secundum
2771 2899 3196 2974 longitudinem
3219 2907 3661 2963 transcendunt.
3681 2908 3870 2972 Quare

2218 2991 2290 3045 de
2322 2988 2486 3045 nulla
2511 2989 2678 3045 stella
2704 3006 2967 3062 unquam
2998 2990 3211 3048 litteris
3239 2997 3328 3048 est
3356 2995 3679 3066 proditum,
3709 2998 3864 3069 quod

2218 3079 2277 3133 in
2329 3078 2481 3134 hanc
2529 3077 2820 3135 inciderit.
2852 3078 3011 3135 Alias
3059 3080 3214 3136 enim
3266 3082 3462 3154 seipea
3505 3084 3868 3156 splendidior

2217 3171 2533 3238 conspecta
2589 3166 2836 3236 fuisset;
2892 3167 3105 3240 quippe
3161 3169 3388 3226 lumina
3445 3179 3622 3229 noctu
3671 3175 3867 3246 potius

456 3242 840 3339 (pulverea-nmo
899 3258 990 3314 καὶ
1049 3257 1101 3313 οἱ
1157 3256 1397 3335 ἀστέρες,
1429 3242 1641 3332 αἰθρίας
1700 3242 1870 3330 οὔσης
1909 3242 1961 3314 ἐν
1991 3242 2110 3314 ἀσε-

2228 3247 2406 3327 quam
2458 3255 2709 3311 interdiu
2763 3255 3162 3328 splendidiora
3208 3242 3691 3333 conspiciuntur:
3712 3265 3870 3328 Qua-

465 3349 622 3422 λήνῳ
650 3346 821 3422 νυκτὶ,
851 3345 1020 3404 πλέον
1052 3344 1240 3424 ἔχουσι
1270 3347 1335 3402 τὸ
1367 3346 1620 3422 λαμπρὸν
1639 3347 1675 3418 ἢ
1720 3355 1821 3419 τῆς
1881 3347 2118 3420 σελήνης

465 3435 886 3513 διαυγαζούσης.
920 3436 985 3490 Οἱ
1027 3435 1122 3509 μὲν
1177 3433 1270 3491 οὖν
1329 3434 1544 3513 ἀστέρες
1600 3433 1830 3500 ἅπαντες
1889 3437 2119 3515 ὑπερφέ-

464 3546 648 3602 ρονται
675 3531 778 3595 τῆς
804 3530 980 3597 σκιᾶς,
1016 3526 1092 3599 μὴ
1125 3523 1430 3603 φθανούσης
1471 3525 1548 3587 εἷς
1605 3525 1668 3580 τὸ
1727 3524 1864 3599 ὕψος
1920 3525 2116 3581 αὐτῶν

459 3617 496 3686 ἡ
525 3613 584 3670 δὲ
615 3617 821 3685 σελήνη
849 3613 1144 3690 πρόσγειος
1175 3611 1327 3686 οὖσα,
1361 3618 1442 3686 τῷ
1480 3620 1584 3684 τῆς
1636 3620 1740 3690 γῆς
1798 3614 2119 3691 ἐντυγχάνει

457 3705 623 3779 κώνῳ
652 3704 779 3781 περὶ
805 3703 871 3758 τὸ
901 3703 1088 3780 ἄκρον,
1123 3701 1212 3758 ὅτε
1241 3699 1607 3779 διαμετροῦσα
1649 3702 1745 3758 τὸν
1793 3701 1956 3773 ἥλιον
2009 3699 2118 3760 ὑπὸ

455 3793 550 3849 τὸν
605 3792 772 3848 αὐτοῦ
827 3793 1047 3870 φέροιτο
1103 3790 1328 3864 κύκλον,
1390 3793 1530 3866 μήτε
1588 3793 1726 3869 πρὸς
1782 3793 1849 3847 τὰ
1906 3793 2115 3870 βόρεια,

463 3885 604 3957 μήτε
633 3880 774 3959 πρὸς
803 3881 871 3938 τὰ
903 3881 1056 3938 νότια
1084 3880 1327 3938 νεύουσα.

527 4057 626 4120 κδ’.
660 4057 840 4132 Δῆλον
871 4057 918 4116 δ’
947 4059 1207 4134 ἐντεῦθεν,
1242 4057 1328 4114 ὅτι
1373 4058 1464 4115 καὶ
1513 4057 1662 4115 πολὺ
1708 4061 1938 4137 σμικρὸν
1987 4059 2112 4116 ὅσον

455 4151 596 4226 πρὸς
652 4152 752 4221 τὴν
810 4155 916 4226 γῆν
942 4149 1006 4204 τὸ
1037 4152 1198 4224 σῶμα
1236 4154 1339 4218 τῆς
1382 4145 1622 4221 σελήνης
1679 4147 1840 4206 ἐστίν’
1876 4146 1930 4204 εἷ’
1948 4171 2013 4226 γε
2047 4151 2116 4206 τὰ

455 4239 581 4316 περὶ
626 4240 693 4296 τὸ
750 4237 915 4314 ἄκρον
968 4243 1069 4308 τῆς
1128 4235 1188 4293 ἐκ
1242 4243 1348 4313 γῆς
1403 4242 1556 4301 σκιᾶς
1613 4237 1704 4294 καὶ
1764 4241 1954 4302 νυκτὸς
1980 4237 2112 4295 ὅλον

455 4329 589 4386 αὐτὸ
620 4325 872 4386 δύναιντο
900 4331 1208 4404 περισχεῖν.

523 4420 621 4478 κε’.
657 4418 759 4475 Καὶ
785 4417 936 4474 τοῦθ’
965 4418 1104 4490 ἡμῖν
1132 4413 1221 4471 ἐπὶ
1249 4419 1367 4478 τοῖς
1407 4411 1771 4494 δεδειγμένοις
1823 4415 1887 4472 οὐ
1941 4438 2116 4495 γραμ-

458 4511 638 4582 μικῶς
696 4505 845 4563 ἀλλᾶ
902 4503 1170 4582 λογικῶς,
1201 4502 1339 4560 ἔστω
1399 4501 1466 4575 δὴ
1499 4505 1763 4582 πόρισμα.
1795 4510 1970 4562 Ταῦτα
2015 4507 2110 4582 μὲν

457 4595 518 4652 ἐκ
544 4603 647 4669 τῆς
678 4596 757 4660 είς
785 4596 879 4652 τὸν
912 4590 1109 4672 ὄγδοον
1141 4591 1362 4670 ψαλμὸν
1393 4592 1722 4672 ἐξηγήσεως.

525 4777 625 4840 κς’.
659 4773 812 4830 Ἐπεὶ
872 4772 930 4830 δὲ
986 4773 1112 4852 περὶ
1174 4764 1483 4849 ὑψωμάτων
1542 4773 1633 4828 καὶ
1679 4771 2104 4848 ταπεινωμάτων

454 4861 544 4918 καὶ
601 4861 767 4919 οἷ’κων
821 4864 913 4918 καὶ
971 4861 1386 4935 ἐναντιωμάτων
1439 4865 1548 4916 τῶν
1589 4861 1639 4916 ἐν
1669 4867 1788 4924 τοῖς
1835 4860 2105 4934 πλάνησιν

455 4949 700 5028 ἔφθημεν
761 4947 1175 5030 προδιαλαϐεἶν,
1209 4949 1291 5022 εἷή
1355 4951 1415 5006 ἂν
1474 4948 1652 5006 διττὸν
1695 4951 1758 5006 τὸ
1787 4949 1992 5025 ὕψωμα
2017 4951 2108 5006 καὶ

452 5043 794 5117 ταπείνωμα·
855 5042 919 5096 τὸ
953 5041 1046 5116 μὲν
1078 5041 1216 5096 κατά
1240 5040 1304 5094 τὸ
1361 5039 1770 5115 ὑπεργειότερον
1816 5039 1906 5094 καὶ
1936 5060 2106 5116 πρυσ-

453 5131 729 5208 γειότερον
785 5135 894 5186 τῶν
946 5129 998 5186 ἐν
1057 5135 1174 5193 τοῖς
1231 5127 1470 5199 πλάνησι
1528 5132 1769 5207 σφαιρῶν
1812 5124 2107 5203 (ἔκκεντροι

453 5219 558 5299 γάρ
617 5219 750 5276 εἰσιν
803 5221 857 5275 αἱ
911 5224 1079 5275 πᾶσαι
1135 5219 1272 5294 πρὸς
1329 5218 1431 5287 τὴν
1462 5222 1691 5297 σφαῖραν
1733 5221 1830 5272 τοῦ
1879 5218 2108 5293 στερεώ-

456 5332 650 5386 ματος,
679 5310 770 5366 καὶ
823 5307 963 5388 πρδς
1017 5306 1294 5380 ἀλλήλας·
1324 5305 1540 5362 καὶ·τά
1598 5307 1690 5382 μὲν
1737 5311 1916 5382 μερῶν
1949 5305 2108 5383 ἔχου-

452 5421 534 5457 σιν
567 5397 900 5477 ὑψηλότερα,
931 5399 1000 5455 τὰ
1047 5395 1106 5453 δὲ
1132 5395 1532 5473 ταπεινότερα),
1562 5396 1626 5450 τὸ
1683 5393 1743 5451 δὲ
1790 5395 2110 5470 ταπείνωμα

451 5489 544 5546 καὶ
602 5488 828 5565 ὕψωμα,
875 5487 1011 5544 κατά
1080 5487 1182 5556 τήν
1235 5488 1334 5541 τοῦ
1394 5481 1667 5554 ζωδιακοῦ
1723 5483 2105 5559 ὑπεεάλλαξιν.

517 5705 569 5748 ⁴³
599 5706 839 5790 Origan.
868 5704 1177 5781 Ephemer.
1210 5707 1375 5778 parte
1403 5720 1446 5775 ι,
1475 5720 1540 5780 p.
1565 5704 1695 5768 251.

2229 3349 2467 3417 propter
2493 3345 2672 3400 etiam
2702 3345 2904 3415 stellae,
2937 3347 2986 3402 si
3035 3351 3200 3404 nocte
3247 3347 3419 3406 illuni
3463 3351 3671 3408 coelum
3711 3370 3871 3411 sere-

2228 3451 2370 3490 num
2419 3435 2516 3505 sit,
2562 3433 2696 3507 plus
2749 3434 3076 3507 splendoris
3124 3436 3360 3506 habent,
3412 3456 3591 3512 quam
3645 3441 3872 3500 lucente

2225 3522 2387 3579 luna.
2448 3522 2637 3580 Stella:
2696 3523 2942 3595 proinde
2998 3523 3279 3582 universae
3333 3544 3515 3600 supra
3572 3533 3868 3603 umbram,

2227 3629 2353 3684 quae
2392 3612 2465 3668 ad
2505 3613 2768 3684 ipsarum
2797 3611 3166 3670 altitudinem
3197 3633 3314 3672 non
3345 3618 3642 3692 pertingit,
3674 3623 3870 3679 ferun-

2224 3705 2366 3770 tur;
2416 3700 2559 3756 luna
2586 3705 2780 3758 autem
2821 3718 2954 3758 cum
2997 3705 3162 3759 terrae
3204 3703 3284 3760 sit
3327 3706 3534 3776 vicina,
3567 3709 3628 3764 in
3658 3727 3872 3769 conum

2225 3789 2381 3846 circa
2431 3791 2858 3847 extremitatem
2904 3791 3132 3861 incidit,
3166 3795 3402 3866 quando
3454 3797 3637 3855 solem
3683 3801 3871 3858 dime-

2225 3878 2376 3935 tiens
2407 3880 2518 3936 sub
2547 3879 2677 3950 ejus
2709 3879 2926 3935 circulo
2957 3881 3038 3937 ita
3069 3887 3353 3955 movetur,
3386 3889 3452 3940 ut
3489 3903 3594 3944 nec
3643 3891 3715 3946 ad
3766 3891 3871 3948 bo-

2225 3967 2431 4039 reales,
2463 3982 2570 4023 nec
2599 3968 2673 4024 ad
2719 3968 3008 4026 australes
3037 3975 3232 4041 partes
3258 3979 3476 4046 vergat.

2293 4057 2383 4112 24.
2418 4055 2797 4113 Manifestum
2839 4057 2991 4113 897
3040 4063 3234 4116 autem
3283 4061 3420 4118 inde
3465 4065 3678 4136 evadit,
3712 4069 3871 4140 quod

2222 4143 2374 4201 lunae
2406 4161 2618 4218 corpus
2657 4146 2729 4201 ad
2758 4150 2975 4204 terram
3005 4147 3173 4205 valde
3213 4149 3294 4206 sit
3332 4151 3648 4225 exiguum;
3681 4157 3871 4230 siqui-

2222 4235 2356 4291 dem
2385 4234 2585 4307 ipsum
2614 4237 2805 4292 totum
2844 4236 3240 4295 extremitates
3291 4241 3516 4299 umbrae
3568 4248 3626 4301 et
3679 4248 3869 4305 noctis

2221 4327 2388 4380 terra:
2417 4326 2719 4396 contegere
2748 4330 3018 4396 possunt.

2290 4413 2383 4469 25.
2417 4412 2486 4468 Et
2522 4412 2644 4468 haec
2674 4413 2758 4470 ita
2787 4414 3188 4474 demonstrata
3215 4417 3336 4475 sint
3363 4421 3554 4491 nobis,
3586 4441 3703 4482 non
3734 4427 3866 4499 qui-

2222 4503 2354 4559 dem
2383 4501 2680 4558 lineariter
2707 4519 2812 4558 seu
2846 4505 3216 4577 geometrice,
3248 4509 3350 4564 sed
3383 4509 3589 4583 logice.
3621 4513 3870 4587 Sintque

2143 4614 2191 4680 D
2220 4592 2425 4649 eadem
2472 4591 2849 4648 corollarium
2898 4609 3207 4667 exegeseos
3254 4596 3314 4652 in
3363 4600 3662 4671 psalmum
3709 4608 3868 4661 octa-

2218 4699 2379 4738 vum.

2285 4772 2376 4826 26.
2409 4770 2692 4836 Quoniam
2739 4775 2936 4828 autem
2985 4773 3056 4829 de
3105 4773 3561 4836 exaltationibus
3610 4785 3669 4837 et
3715 4783 3868 4854 deje-

2219 4859 2510 4915 ctionibus
2550 4863 2610 4915 et
2651 4860 2923 4916 domibus
2970 4867 3028 4917 et
3077 4863 3524 4924 adversitatibus
3557 4885 3660 4924 seu
3690 4870 3868 4926 detri-

2217 4949 2433 5004 mentis
2462 4949 2527 5020 ‘3,
2581 4965 2709 5020 quae
2753 4948 2971 5005 habent
2999 4950 3182 5007 stellae
3215 4955 3492 5025 erratica,
3527 4957 3692 5029 prius
3721 4959 3868 5015 dixi-

2217 5055 2373 5102 mus,
2405 5036 2618 5110 duplex
2648 5055 2789 5093 sane
2819 5039 2993 5094 fuerit
3021 5040 3296 5098 exaltatio
3327 5048 3382 5099 et
3411 5045 3658 5117 dejectio
3693 5065 3706 5104 :
3749 5066 3870 5105 una

2217 5127 2456 5200 quidem
2487 5127 2643 5196 inde,
2677 5127 2834 5198 quod
2877 5128 3182 5185 stellarum
3213 5133 3596 5191 erraticarum
3625 5137 3866 5210 sphaera

2217 5232 2286 5272 ex
2341 5220 2504 5288 parte
2559 5233 2594 5272 a
2645 5220 2804 5272 terra
2859 5217 3272 5291 distantiores,
3331 5238 3400 5278 ex
3457 5229 3622 5296 parte
3676 5226 3868 5284 eidem

2215 5305 2522 5362 viciniores
2555 5309 2696 5362 sunt
2723 5307 2951 5379 (omnes
2989 5309 3146 5364 enim
3195 5314 3254 5365 et
3302 5312 3373 5367 ad
3425 5313 3718 5386 sphaeram
3767 5317 3869 5372 ﬁr-

2216 5395 2498 5452 mamenti
2550 5400 2608 5452 et
2653 5397 2726 5451 ad
2775 5413 2838 5452 se
2889 5397 3138 5455 invicem
3191 5406 3333 5457 sunt
3378 5405 3753 5475 eccentricze;
3811 5409 3869 5462 et

2217 5485 2363 5543 alias
2393 5484 2632 5560 quidem
2663 5490 2860 5558 partes
2914 5486 3132 5546 habent
3178 5488 3438 5564 altiores,
3469 5491 3616 5553 alias
3666 5499 3865 5555 autem
