4072 6432
176 370 334 435 1315

1432 373 1854 438 NICEPHOBI
1897 373 2336 438 BLEMMID/E

3429 378 3590 442 1316

173 503 544 576 humiliores)
577 513 590 560 ξ
642 505 825 563 altera
852 515 988 562 vero
1017 507 1293 565 exaltatio
1343 513 1400 564 et
1449 508 1692 580 dejectio
1723 524 1810 563 ex-

1933 505 2134 569 Πάντες
2190 507 2294 583 γὰρ
2327 507 2378 561 οἱ
2426 506 2698 578 πλάνητες
2757 507 2904 578 πλην
2959 512 3057 564 τοῦ
3114 506 3279 578 ἡλίου
3335 510 3427 564 καὶ
3467 532 3590 574 τοις

167 593 307 652 inde
365 603 482 663 est,
543 597 699 668 quod
755 596 1071 652 Zodiacum
1139 597 1364 654 inferne
1430 604 1815 655 commutant.

171 685 387 742 Omnes
418 686 578 742 enim
609 686 868 742 erratice
900 685 1102 755 stelle,
1135 692 1372 759 excepto
1402 688 1543 753 sole,
1577 706 1710 744 cum
1744 690 1816 744 ad

169 773 456 841 boreales,
487 779 616 831 tum
663 775 733 830 ad
787 774 1074 832 australes
1123 782 1336 848 partes,
1371 777 1511 833 dum
1559 784 1820 834 tortuose

171 869 502 932 moventur,
550 864 856 920 accedunt.

239 972 330 1026 27.
364 975 440 1026 De
498 970 607 1026 hac
665 969 1016 1042 dejectione,
1072 975 1129 1027 et
1185 972 1254 1027 de
1312 971 1421 1027 hac
1469 974 1818 1030 exaltatione

171 1061 379 1133 opinor
409 1060 736 1131 astrologos
766 1059 1107 1117 disserendo
1147 1078 1625 1130 commemorare,
1660 1064 1815 1135 quod

169 1149 366 1222 aliqua
393 1149 564 1221 signa
605 1150 726 1204 sint
765 1149 1145 1206 erraticarum
1177 1150 1482 1207 stellarum
1515 1153 1814 1208 exaltatio-

171 1257 295 1308 nes,
324 1238 477 1294 898
508 1243 566 1294 et
597 1237 709 1294 alia
738 1256 944 1295 rursus
975 1239 1350 1312 dejectiones.

240 1347 331 1400 28.
385 1345 686 1411 Quomodo
751 1347 907 1401 enim
965 1346 1109 1402 alias
1164 1348 1393 1404 Taurus
1452 1355 1607 1404 esset
1663 1350 1813 1405 lune

173 1433 470 1502 exaltatio,
502 1433 616 1490 nisi
647 1435 803 1506 quod
835 1451 968 1490 cum
1002 1437 1111 1492 sub
1151 1436 1279 1509 ipso
1310 1438 1706 1504 constituitur,
1742 1440 1813 1494 ad

173 1522 434 1580 boreales
461 1523 704 1579 Zodiaco
735 1524 1030 1596 subjectae
1069 1531 1263 1598 partes
1291 1525 1528 1582 exaltari
1565 1528 1815 1599 incipit?

175 1613 424 1668 Lunaris
453 1613 607 1668 enim
651 1613 888 1685 sphere
934 1615 1193 1669 medium
1244 1633 1358 1670 non
1411 1621 1500 1671 est
1549 1618 1604 1670 id
1659 1619 1812 1689 quod

171 1702 284 1757 sub
335 1702 526 1756 Tauro
576 1706 683 1768 est,
732 1707 796 1756 ut
843 1703 1072 1758 Taurus
1120 1709 1275 1760 esset
1321 1703 1472 1759 lune
1522 1706 1810 1774 exaltatio,

167 1792 358 1864 quoad
391 1791 678 1864 spheram
710 1791 920 1864 ipsius,
952 1792 1232 1864 quoniam
1266 1809 1369 1848 nec
1409 1796 1562 1866 quod
1595 1795 1813 1850 Cancro

1932 597 2167 670 βορείοις
2198 597 2430 659 καὶτοῖς
2453 597 2655 659 νοτίοις
2693 597 2826 670 Ῑκαὶ)
2854 603 2970 659 τοῖς
3013 597 3116 652 ὑπὸ
3171 599 3265 654 τὸν
3323 597 3588 669 ζωδιακὸν

1929 684 1979 740 ἐν
2011 691 2089 758 τῷ
2117 683 2434 749 ἐλικοειδῶς
2467 688 2730 742 κινεῖσθαι
2759 687 3180 764 προσέρχονται.

1997 973 2096 1041 κζ’.
2149 972 2279 1045 Περὶ
2336 971 2532 1028 τούτου
2587 977 2684 1027 τοῦ
2739 973 3150 1045 ταπεινώματος
3204 972 3294 1027 καὶ
3378 972 3581 1028 τούτου

1924 1065 2020 1115 τοῦ
2052 1061 2346 1136 ὑψώματος
2380 1064 2538 1135 οἶμαι
2573 1062 2701 1125 τοὺς
2749 1059 3118 1138 ἀστρολόγους
3176 1057 3583 1135 διαλαμϐάνον-

1925 1170 2017 1211 τας
2053 1147 2375 1226 διηγεῖσθαι
2438 1153 2528 1206 καὶ
2589 1152 2857 1225 ὑψώματα
2910 1155 3016 1205 τῶν
3076 1147 3368 1221 πλανήτων
3443 1151 3581 1206 εἶναί

1922 1260 2044 1294 τινα
2075 1237 2243 1308 ζώδια
2271 1240 2360 1295 καὶ
2392 1237 2535 1295 ἄλλα
2566 1237 2632 1310 δὴ
2663 1241 3072 1314 ταπεινώματα.

1995 1348 2102 1416 κη’.
2139 1351 2259 1409 Πῶς
2318 1349 2418 1423 γὰρ
2483 1346 2540 1401 ἂν
2596 1345 2783 1410 ἄλλως
2814 1345 2896 1418 εἷή
2931 1349 2959 1401 6
2983 1351 3187 1422 Ταῦρος
3247 1345 3450 1420 ὕψωμα
3477 1354 3582 1417 τῆς

1926 1432 2185 1505 σελήνης,
2222 1434 2271 1490 εἲ
2301 1437 2376 1508 μὴ
2439 1435 2624 1512 ὅτιπερ
2679 1437 2768 1490 ὑπ’
2797 1435 2955 1491 αὐτὸν
3012 1435 3273 1511 γινομένη
3330 1435 3469 1512 πρὸς
3511 1436 3584 1492 τὰ

1929 1523 2242 1600 βορειότεροι
2269 1525 2335 1578 τὰ
2366 1525 2469 1580 ὑπὸ
2506 1523 2597 1579 τὸν
2661 1523 2921 1594 ζωδιακὸν
2981 1525 3246 1599 ὑψοῦσθαι
3305 1523 3578 1602 ἄρχεται;

1922 1618 2028 1680 Τῆς
2083 1614 2185 1687 γὰρ
2243 1613 2570 1684 σεληνιακῆς
2619 1615 2843 1692 σφαίρας
2902 1615 2962 1668 τὸ
3024 1615 3184 1687 μέσον
3241 1613 3342 1669 οὐκ
3369 1612 3479 1670 ἔστι
3513 1616 3578 1670 τὸ

1927 1702 2028 1754 ὑπὸ
2056 1702 2146 1755 τὸν
2175 1707 2398 1777 Ταῦρον⁶
2425 1700 2497 1756 ’ίν’
2529 1703 2556 1756 ὁ
2585 1708 2787 1779 Ταῦρος
2822 1702 2901 1774 εἴη
2935 1709 3036 1772 τῆς
3070 1702 3308 1773 σελήνης
3370 1702 3581 1776 ὕψωμα

1923 1790 2058 1844 κατά
2085 1791 2182 1858 τήν
2218 1797 2441 1868 σφαῖραν
2474 1792 2659 1862 αὐτῆςο
2695 1792 2808 1847 ἐπεὶ
2865 1789 3005 1865 μηδὲ
3055 1793 3118 1846 τὸ
3178 1792 3280 1846 ὑπὸ
3308 1792 3400 1847 τὸν
3434 1798 3577 1868 Καρ-

162 1881 494 1952 subjectum
542 1886 653 1946 est,
703 1879 927 1936 lunaris
977 1881 1219 1953 sphere
1266 1888 1355 1938 est
1403 1882 1802 1953 altissimum;

1933 1884 2057 1933 ιῖνον
2107 1886 2206 1949 τῆς
2257 1878 2582 1952 σεληνιακῆ)
2634 1880 2862 1960 σφαίρας
2908 1882 2971 1936 τὸ
3025 1879 3392 1956 ὑψηλότατον⁸
3425 1879 3577 1937 ἀλλὰ

160 1970 260 2025 sed
293 1969 554 2024 medium
576 1969 812 2042 quidem
846 1969 1005 2025 illius
1035 1976 1145 2040 est,
1167 1972 1322 2043 quod
1357 1973 1466 2028 sub
1495 1974 1668 2028 Libra
1698 1978 1806 2040 est,

162 2057 518 2114 altissimum
548 2073 704 2126 vero,
738 2059 893 2129 quod
925 2059 1035 2114 sub
1067 2059 1399 2130 Sagittario.
1425 2060 1810 2122 Quemadmo-

168 2147 310 2202 dum
358 2147 515 2203 enim
571 2147 658 2203 sol
709 2163 844 2203 cum
893 2149 1002 2204 sub
1051 2148 1315 2204 Geminis
1361 2155 1643 2218 versatur,
1691 2169 1810 2206 sue

169 2236 408 2308 sphere
439 2235 798 2292 altissimum
830 2241 1075 2309 occupat
1108 2255 1121 2292 :
1173 2238 1256 2294 ita
1295 2238 1436 2294 luna
1464 2256 1599 2295 cum
1629 2242 1812 2296 currit

167 2326 277 2381 sub
310 2325 640 2398 Sagittario,
673 2326 803 2398 ipsa
849 2343 1083 2399 quoque
1131 2327 1368 2400 sphere
1421 2346 1539 2385 sue
1588 2330 1813 2386 obtinet

166 2414 548 2470 altissimum.

230 2521 321 2577 29.
355 2521 449 2576 Sol
487 2521 728 2592 proinde
759 2539 892 2577 cum
942 2523 1053 2578 sub
1098 2523 1288 2579 medio
1320 2525 1550 2581 Zodiaci
1584 2545 1814 2599 semper

164 2610 456 2679 decurrat,
489 2611 557 2666 ad
605 2611 956 2667 borealiores
1009 2617 1066 2668 et
1115 2613 1350 2670 altiores
1381 2616 1584 2670 mundi
1617 2624 1812 2688 partes

169 2700 410 2770 accedit,
444 2716 579 2755 cum
610 2701 718 2756 sub
762 2701 947 2773 signis
996 2703 1180 2758 currit
1222 2703 1688 2774 borealioribus;
1737 2708 1811 2762 ad

169 2789 546 2844 australiores
603 2793 796 2844 autem
864 2796 920 2845 et
983 2789 1286 2847 inferiores
1355 2794 1560 2848 mundi
1618 2801 1810 2866 partes

169 2878 490 2948 descendit,
539 2894 674 2933 cum
733 2878 1080 2936 australiora
1135 2881 1326 2953 [signa
1370 2885 1702 2954 percurrit.]

239 2987 329 3057 30,
361 2986 449 3040 31.
481 2985 589 3041 Sed
620 2990 676 3041 et
706 3003 824 3041 sue
856 2985 1093 3059 spbere
1121 2987 1478 3045 altissimum
1510 2991 1582 3046 ad
1614 2991 1810 3048 borea-

162 3073 309 3129 liora
340 3073 510 3145 signa
538 3072 732 3129 habet.
757 3075 826 3129 Et
853 3081 1159 3148 eapropter
1188 3077 1298 3132 sub
1322 3077 1516 3134 Ariete
1545 3096 1804 3151 versans,

162 3162 452 3234 duplicem
484 3162 661 3218 habet
691 3163 1098 3219 exaltationem
1149 3166 1205 3220 in
1263 3167 1469 3222 Ariele.
1505 3169 1618 3223 Nec
1651 3169 1805 3224 enim

1924 1966 2082 2041 μέσον
2121 1968 2215 2041 μὲν
2246 1969 2466 2041 ταύτης,
2496 1969 2559 2024 τὸ
2605 1970 2707 2024 ὑπὸ
2755 1971 2845 2024 τὸν
2893 1969 3078 2045 Ζυγόν·
3115 1969 3459 2044 ὑψηλότατον
3513 1967 3575 2024 δὲ

1917 2059 1980 2111 τὸ
2014 2057 2116 2112 ὑπὸ
2161 2057 2253 2113 τὸν
2295 2058 2557 2129 Τοξότην.
2588 2062 2790 2136 Ὥσπερ
2839 2059 2939 2136 γὰρ
2991 2061 3018 2114 6
3065 2056 3230 2128 ἥλιος
3283 2057 3387 2114 ὑπὸ
3444 2057 3572 2121 τοὺς

1920 2145 2192 2220 Διδύμους
2220 2146 2504 2223 γινόμενος
2535 2150 2632 2217 τῆς
2691 2146 2891 2210 οἰκείας
2939 2147 3168 2226 σφαίρας
3215 2142 3574 2221 καταλαμϐά-

1919 2256 1998 2289 νει
2026 2237 2087 2289 τὸ
2121 2234 2491 2309 ὑψηλότατου,
2524 2235 2698 2299 οὕτως
2729 2239 2764 2306 ἡ
2798 2235 3001 2308 σελήνη
3035 2237 3126 2291 τὸν
3159 2236 3400 2308 Τοξότην
3435 2237 3570 2291 ὑπο-

1919 2323 2111 2378 θέουσα
2137 2332 2237 2394 τῆς
2271 2325 2474 2387 οἷ’κείας
2508 2325 2732 2404 σφαίρας
2764 2321 2879 2401 ἔχει
2925 2326 3017 2381 καὶ
3064 2324 3197 2396 αὕτη
3247 2327 3311 2380 τὸ
3364 2322 3576 2400 ὑψηλό-

1917 2435 2098 2468 τατον.

1988 2523 2086 2584 κθ’.
2141 2522 2196 2575 Ὀ
2249 2521 2341 2594 μὲν
2395 2519 2486 2575 οὖν
2542 2520 2704 2590 ἥλιος
2753 2522 2842 2576 τὸν
2898 2522 3056 2595 μέσον
3119 2521 3440 2597 ὑποτρέχων
3490 2519 3574 2577 ἀεὶ

1917 2615 2014 2664 τοῦ
2067 2607 2354 2680 ζωδιακοῦ,
2395 2611 2532 2688 πρὸς
2579 2611 2646 2665 τὰ
2694 2615 2792 2666 τοῦ
2854 2611 3065 2685 κόσμου
3117 2610 3433 2688 βορειότερα
3481 2611 3574 2666 καὶ

1922 2697 2235 2774 ὑψηλότερα
2263 2699 2488 2774 γίνεται,
2522 2697 2610 2754 διὰ
2636 2706 2739 2768 τῆς
2777 2703 2886 2754 τῶν
2942 2699 3299 2775 βορειοτέρων
3355 2697 3570 2768 ζωδίων

1922 2785 2267 2864 ὑποδρομῆς,
2301 2785 2388 2842 διὰ
2419 2785 2476 2842 δὲ
2503 2795 2604 2857 τῆς
2633 2792 2742 2842 τῶν
2783 2789 3120 2863 νοτιωτέρων
3177 2789 3314 2866 πρὸς
3357 2787 3424 2842 τὰ
3474 2809 3567 2843 νο-

1916 2876 2148 2953 τιώτερά
2177 2897 2232 2931 τε
2260 2878 2349 2931 καὶ
2379 2877 2749 2954 ταπεινότερα.

1990 2982 2341 3060 λ’,λα’.’Έχει
2366 2981 2424 3038 δὲ
2446 2983 2537 3039 καί
2556 2983 2616 3039 τὰ
2650 2981 2991 3056 ὑψηλότατον
3023 2987 3121 3053 τῆς
3155 2983 3382 3062 σφαίρας
3399 2982 3560 3039 αὑτοῦ

1915 3069 2051 3147 πρὸς
2099 3073 2165 3126 τὰ
2217 3072 2530 3149 βορειότερα
2581 3071 2768 3142 ζώδιω
2819 3072 2908 3128 καὶ
2961 3070 3051 3128 διὰ
3091 3077 3252 3128 τοῦτο
3283 3075 3557 3150 γινόμενος

1918 3161 2020 3215 ὑπὸ
2074 3162 2164 3216 τὸν
2223 3163 2401 3236 Κριὸν,
2435 3159 2550 3236 ἔχει
2601 3158 2829 3216 διπλοῦν
2887 3161 3090 3236 ὕψωμα
3133 3162 3224 3217 τὸν
3272 3162 3456 3238 Κριόν.
3485 3161 3558 3216 Οὐ

160 3256 390 3307 tantum
449 3251 520 3306 ad
569 3251 803 3308 altiores
853 3254 1059 3308 mundi
1110 3260 1304 3326 partes
1353 3256 1488 3311 hinc
1537 3259 1806 3314 accedere

1933 3250 2082 3305 ιόνον
2111 3251 2212 3326 γὰρ
2240 3255 2358 3312 τοῖς
2403 3249 2764 3326 ὑψηλοτέροις
2811 3255 2908 3306 τοῦ
2955 3250 3163 3324 κόσμου
3217 3252 3432 3327 μέρεσιν
3479 3249 3566 3306 ἐν-

162 3341 390 3412 incipit,
414 3341 512 3396 sed
536 3341 714 3395 etiam
746 3342 983 3413 sphere
1018 3344 1260 3415 proprie
1292 3344 1496 3400 altiora
1527 3363 1802 3418 querere,

163 3435 338 3501 atque
367 3430 438 3484 ad
469 3430 743 3485 Geminos
791 3448 976 3502 usque
1024 3437 1176 3488 totos
1209 3435 1360 3488 399
1392 3434 1447 3488 in
1499 3436 1806 3491 altitudine

165 3519 472 3574 exaltatur.
506 3519 747 3584 Quando
797 3524 990 3574 autem
1041 3523 1151 3576 sub
1201 3527 1416 3577 Canero
1450 3524 1648 3589 currit,
1691 3541 1806 3580 non

162 3607 321 3662 subit
346 3606 581 3678 quidem
605 3607 987 3678 dejectionem
1012 3611 1082 3664 ad
1118 3612 1322 3665 mundi
1345 3619 1538 3683 partes
1569 3613 1807 3685 (quippe

160 3695 282 3751 hec
311 3713 380 3751 ex
411 3695 599 3752 Leone
629 3697 734 3768 fit),
767 3699 867 3752 sed
903 3702 1132 3754 tantum
1164 3718 1198 3755 a
1236 3717 1472 3757 summa
1502 3701 1809 3759 altitudine

160 3784 400 3856 sphere
431 3785 678 3858 proprie
710 3787 884 3858 dejici
915 3787 1142 3859 incipit.

231 3892 319 3945 32.
383 3893 747 3964 Quapropter
801 3895 978 3950 etiam
1036 3913 1168 3951 cum
1237 3897 1477 3970 propius
1537 3899 1807 3956 verticem

164 3985 431 4036 nostrum
476 3983 553 4037 sit
593 3999 662 4037 ex
711 3985 917 4039 mundi
957 3984 1352 4055 inclinatione,
1387 3992 1443 4042 et
1474 3993 1636 4043 terre
1668 3989 1807 4044 vici-

164 4071 312 4141 nior,
347 4074 406 4126 et
447 4071 618 4127 nobis
657 4073 1041 4146 propinquior
1085 4077 1276 4147 quoad
1327 4077 1809 4150 perpendiculum

163 4159 288 4214 ﬁeri
319 4159 578 4232 incipiat,
611 4177 863 4233 cumque
893 4162 1319 4220 calidissimum
1352 4166 1654 4238 signorum
1695 4167 1808 4222 sibi

166 4248 599 4304 conterminum
649 4248 880 4305 habeat.
916 4252 1165 4307 Leonem
1219 4254 1485 4325 inquam,
1518 4257 1809 4326 majorum

165 4341 255 4391 est
285 4340 532 4392 estuum
564 4355 761 4407 causa,
786 4356 962 4411 quam
989 4357 1122 4396 cum
1156 4348 1526 4414 segmentum
1553 4343 1810 4398 Geminis

167 4424 499 4495 subjectum
531 4424 882 4483 altissimam
939 4447 1056 4484 sue
1107 4430 1347 4502 sphere
1388 4435 1612 4503 partem
1645 4448 1810 4503 pera-

165 4514 391 4586 grabat.
423 4515 494 4570 Et
529 4515 612 4570 ita
642 4516 876 4588 quidem
909 4519 993 4574 sol
1025 4535 1088 4574 se
1117 4519 1310 4575 habet.

237 4621 326 4675 33.
357 4622 584 4677 Cetere
616 4627 812 4679 autem
845 4624 1026 4680 stelle
1073 4626 1352 4692 erratice,
1397 4643 1531 4681 cum
1581 4627 1652 4682 ad
1709 4645 1812 4683 au-
1843 4622 1890 4686 D

165 4709 463 4766 straliores
517 4716 716 4782 partes
763 4713 1008 4768 Zodiaco
1057 4714 1352 4784 subjectas
1401 4715 1616 4770 moveri
1667 4716 1810 4771 inci-

163 4799 355 4869 piunt,
379 4799 549 4870 dejici
580 4800 890 4870 dicuntur;
927 4819 1058 4857 cum
1082 4807 1277 4858 autem
1310 4803 1443 4858 inde
1466 4805 1810 4872 ascendunt,

164 4887 359 4943 medio
378 4893 792 4961 permutato,et
809 4893 879 4946 ad
900 4886 1249 4947 borealiores
1261 4892 1503 4948 Zodiaco
1517 4893 1813 4964 subjectas

165 4981 360 5048 partes
410 4977 792 5051 inclinantur,
840 4980 1078 5036 exaltari
1131 4981 1444 5048 dicuntur;
1496 4986 1671 5053 atque
1728 4983 1812 5037 si-

163 5083 347 5137 gnum
378 5067 488 5123 sub
513 5085 629 5139 quo
661 5069 732 5124 ad
764 5069 1118 5126 borealiores
1148 5079 1342 5142 partes
1373 5070 1812 5127 inclinationem

165 5156 353 5211 facere
383 5157 589 5230 incipit
619 5158 872 5230 planeta,
908 5159 1179 5216 exaltatio
1224 5159 1385 5215 illius
1433 5160 1677 5232 planete
1727 5161 1812 5215 di-

165 5245 358 5314 citur;
413 5247 523 5301 sub
573 5264 689 5319 quo
740 5249 811 5304 ad
861 5250 1148 5306 australes
1191 5254 1384 5321 partes
1412 5249 1619 5322 incipit
1649 5249 1812 5304 incli-

167 5334 316 5402 nari,
351 5333 460 5388 hoc
489 5335 754 5406 dejectio.

237 5421 325 5474 34.
372 5423 547 5493 Atqui
606 5425 842 5496 signum
912 5427 1065 5498 quod
1135 5431 1354 5482 nature
1423 5426 1663 5499 planete
1726 5433 1815 5484 est

169 5511 542 5579 conveniens,
574 5515 808 5583 domus,
841 5517 994 5586 quod
1045 5521 1133 5572 est
1174 5522 1368 5572 autem
1400 5517 1812 5572 inconveniens

167 5603 225 5654 et
255 5598 537 5668 alienum,
573 5603 892 5659 adversitas
921 5605 1166 5677 planete
1193 5609 1464 5661 vocatum
1495 5610 1601 5661 est.

242 5706 402 5764 400
435 5706 526 5778 35,
557 5708 646 5766 36.
679 5709 866 5776 Quare
904 5710 1046 5769 solis
1096 5711 1355 5784 quidem,
1389 5711 1488 5784 qui
1535 5716 1626 5769 est
1675 5713 1814 5770 cali-

1914 3342 2092 3394 τεῦθεν
2127 3338 2350 3416 ἄρχεται
2383 3345 2737 3418 προσφοιτᾷν,
2772 3337 2918 3394 ἀλλά
2962 3339 3053 3394 καὶ
3099 3341 3167 3395 τὰ
3209 3347 3312 3409 τῆς
3361 3339 3568 3403 οἰκείας

1916 3429 2142 3506 σφαίρας
2196 3435 2371 3499 ζητεῖν
2430 3427 2760 3504 ὑψηλότερα·
2790 3429 2878 3484 καὶ
2935 3428 3070 3503 ὕψος
3121 3430 3348 3504 ὑψοῦται
3403 3429 3570 3505 μέχρι

1918 3515 2170 3590 Διδύμων
2199 3515 2362 3572 ὅλων.
2398 3518 2504 3574 Τὸν
2539 3515 2595 3570 δὲ
2625 3522 2886 3592 Καρκῖνον
2917 3516 3256 3594 ὑποτρέχων,
3289 3517 3350 3572 ού
3391 3522 3572 3572 ποιεῖ-

1915 3628 2002 3660 ται
2066 3607 2159 3678 μὲν
2220 3607 2356 3682 πρὸς
2412 3607 2479 3661 τὰ
2533 3611 2628 3660 τοῦ
2686 3606 2897 3680 κόσμου
2957 3607 3095 3683 μέρη
3127 3607 3452 3662 ταπείνωσιν
3485 3605 3575 3679 (ἐκ

1919 3695 2146 3757 Λέοντος
2187 3697 2288 3772 γὰρ
2335 3695 2514 3768 αὕτη),
2559 3703 2657 3764 τῆς
2709 3693 2753 3750 δ’
2802 3695 3004 3758 οἰκείας
3047 3696 3276 3774 σφαίρας
3339 3694 3572 3771 ἄρχεται

1915 3788 2292 3847 ταπεινοῦσθαι
2322 3789 2419 3838 τοῦ
2452 3783 2749 3857 ἀκροτάτου
2784 3785 3098 3858 ὑψώματος.

1992 3891 2078 3946 λ,
2158 3898 2170 3910 ν
2217 3890 2230 3908 .
2269 3888 2292 3907 κ
2330 3891 2343 3908 ς
2448 3895 2474 3905 ..
2643 3890 2656 3906 ς
2811 3891 2825 3908 ε
3074 3893 3087 3909 .
3193 3889 3206 3908 κ
3390 3895 3418 3906 ..
3515 3891 3528 3912 ,

2033 3892 2099 3967 β.
2133 3897 2232 3945 kat
2265 3903 2354 3944 οια
2382 3911 2542 3946 τουτο
2571 3911 2660 3945 και
2699 3912 2835 3945 κατα
2885 3912 3126 3969 κορυφην
3175 3893 3246 3946 ὼν
3298 3894 3458 3966 ἡμων
3511 3913 3573 3946 εκ

1916 3987 2016 4050 τῆς
2065 3985 2163 4035 τοῦ
2207 3979 2416 4054 κόσμου
2448 3979 2742 4056 ἐγκλίσεως
2791 3980 2880 4034 καὶ
2931 3980 3351 4058 προσγειότερος
3395 3980 3569 4056 ἀρχό-

1923 4091 2078 4143 μενος
2135 4069 2396 4145 γίνεσοαι,
2445 4068 2532 4124 καί
2590 4071 2750 4142 ἡμῶν
2812 4069 3078 4147 ἐγγυτέρω
3134 4070 3271 4125 κατά
3323 4069 3570 4139 κάθετον,

1917 4159 2006 4213 καὶ
2062 4159 2125 4213 τὸ
2199 4159 2527 4234 Θερμότατον
2583 4157 2632 4212 ἐν
2689 4155 2909 4227 ζωδίοις
2975 4156 3116 4235 ἔχων
3201 4158 3571 4234 ἐγγειτονοῦν,

1922 4247 2065 4324 λέγω
2125 4245 2190 4316 δὴ
2249 4247 2341 4302 τὸν
2403 4248 2623 4317 Λέοντα,
2689 4247 2952 4320 μειζόνων
3011 4247 3218 4322 γίνεται
3273 4249 3570 4322 καυμάτων

1919 4334 2113 4409 αἷθειος,
2271 4335 2360 4390 ὅτε
2414 4336 2477 4391 τὸ
2536 4337 2638 4391 ὑπὸ
2691 4335 2823 4399 τοὺς
2906 4333 3175 4410 Διδύμους
3237 4337 3574 4413 περιενόστει

1917 4433 2134 4499 τμῆμα,
2179 4432 2278 4494 τῆς
2330 4423 2531 4487 οἰκείας
2591 4425 2816 4503 σφαίρας
2860 4427 2922 4480 τὸ
2973 4424 3340 4500 ὑψηλότατον.
3391 4426 3492 4480 Καὶ
3541 4426 3572 4479 6

1924 4515 2017 4588 μὲν
2045 4513 2207 4584 ἥλιος
2241 4513 2433 4577 οὕτως.

1995 4619 2094 4698 λγ¹.
2127 4622 2190 4675 Οἱ
2250 4619 2307 4676 δὲ
2362 4618 2550 4675 λοιποὶ
2581 4618 2875 4694 πλάνητες,
2907 4620 3046 4697 πρὸς
3107 4621 3201 4694 μὲν
3256 4621 3325 4675 τὰ
3377 4621 3572 4676 νοτιώ-

1921 4731 2050 4786 τερα
2105 4710 2209 4764 ὑπὸ
2253 4710 2344 4764 τὸν
2400 4707 2660 4778 ζωδιακὸν
2695 4710 2994 4784 ἀρχόμενοι
3027 4710 3298 4788 φέρεσθαι,
3331 4708 3570 4786 λέγοιντ’

1924 4801 1982 4855 ἂν
2033 4804 2430 4862 ταπεινοῦσθαι⁶
2487 4798 2556 4874 τῇ
2617 4797 2662 4853 δ’
2721 4799 2954 4855 ἐντεῦθεν
3014 4797 3194 4872 ἀνόδῳ
3253 4799 3388 4873 μετά
3468 4800 3568 4868 τὴν

1920 4894 2017 4944 τοῦ
2075 4887 2239 4962 μέσου
2292 4887 2654 4964 παραλλαγὴν
2715 4891 2851 4964 πρὸς
2905 4889 2972 4944 τὰ
3031 4890 3133 4944 ὑπο
3175 4891 3267 4944 τὸν
3304 4884 3568 4958 ζωδιακὸν

1927 4977 2240 5056 βορειότερα
2293 4977 2557 5049 νεύοντες,
2617 4976 2851 5054 λέγοιντ’
2920 4979 2978 5033 ἃν
3041 4979 3324 5053 ὑψοῦσθαι“
3366 4977 3456 5032 καὶ
3507 4977 3571 5033 τὸ

1926 5066 2120 5138 ζώδιον
2154 5068 2239 5145 ὑφ’
2281 5067 2310 5120 ’ὁ
2357 5067 2456 5135 τὴν
2501 5067 2638 5141 πρὸς
2675 5067 2742 5121 τὰ
2793 5067 3108 5144 βορειότερα
3155 5071 3330 5122 νεῦσιν
3365 5067 3393 5120 6
3425 5064 3571 5122 πλά-

1921 5179 2019 5228 νης
2053 5154 2278 5233 ἄρχεται
2309 5157 2596 5227 ποιεῖσθαι,
2627 5153 2832 5231 λέγοιτ’
2863 5155 2921 5210 ἂν
2961 5161 3058 5212 τοῦ
3113 5155 3367 5210 τοιούτου
3423 5151 3493 5209 π)
3508 5155 3573 5208 ά-

1920 5268 2084 5317 νητος
2127 5245 2347 5320 ὕψωμα·
2393 5245 2455 5299 τὸ
2505 5241 2552 5298 δ’
2606 5245 2692 5320 ὑφ’
2747 5245 2776 5299 ’ὀ
2823 5244 2988 5300 νεύειν
3037 5242 3265 5322 ἄρχεται
3313 5244 3449 5320 πρὸς
3505 5241 3575 5299 τὰ

1921 5337 2095 5407 νότια,
2125 5340 2285 5390 τοῦτο
2316 5333 2655 5408 ταπείνωμα.

1994 5423 2061 5479 λδ
2084 5471 2095 5484 .
2126 5425 2197 5478 Τὸ
2231 5424 2412 5496 μέντοι
2443 5422 2512 5498 τῇ
2541 5423 2693 5501 φύσει
2735 5429 2831 5478 τοῦ
2883 5423 3162 5496 πλάνητος
3218 5423 3419 5479 οἰκεῖον
3471 5423 3576 5491 ζώ-

1925 5514 2037 5570 διον
2073 5514 2219 5575 οἶκος
2248 5513 2412 5568 αὐτοῦ
2440 5516 2538 5568 τοῦ
2569 5513 2846 5585 πλάνητος
2893 5514 3177 5586 κέκληται’
3236 5513 3299 5568 τὸ
3353 5509 3400 5566 δ’
3430 5510 3574 5566 ἀνοί-

1922 5626 2065 5660 κειον
2092 5605 2182 5658 καὶ
2213 5603 2516 5680 ἀπροσφυὶς
2547 5601 2876 5679 ἐναντίωμα.

1995 5711 2201 5789 λε’,λς’.
2234 5711 2349 5767 Διὸ’
2376 5713 2476 5767 τοῦ
2533 5711 2628 5789 μὶν
2669 5709 2837 5785 ἡλίου
2863 5717 2961 5769 τοῦ
2990 5709 3328 5793 θερμοτάτου
3353 5709 3419 5766 τὸ
3449 5711 3574 5796 θερ-
