4072 6440
397 388 557 454 1317

1729 369 2078 444 EPITOME
2123 371 2487 446 PHYSICA.

3650 372 3810 454 {3'18

407 522 640 598 μότατον
667 515 861 590 ζώδιον
883 515 1032 571 οἶκον
1061 511 1269 571 ἕθεντον
1289 513 1343 569 οἱ
1363 511 1808 590 ἁστρολόγοι,τὸν
1831 513 2052 568 Λέοντα·

2192 507 2473 582 lissimus,
2498 517 2924 574 calidissimum
2941 515 3177 591 signum
3198 517 3473 594 astrologi
3495 524 3540 557 “
3563 523 3808 579 domum

402 611 607 687 ὕψωμα
640 609 734 664 τὸν
762 605 946 682 Κριόν⁸
977 603 1298 678 ταπείνωμα
1341 603 1432 658 τὸν
1483 601 1670 678 Ζυγόν·
1723 602 2048 676 ἐναντίωμα,

402 702 494 757 τὸν
545 695 863 774 Ὑδροχόον,
895 694 958 750 τὸ
1003 699 1112 750 τῶν
1164 690 1372 762 ζωδίων
1415 691 1776 769 ψυχρότατον.
1813 693 1953 768 Πρὸς
1994 689 2052 746 δὲ

406 791 497 845 τὸν
547 787 893 864 ψυχρότατον
943 782 1145 859 Κρόνον
1191 778 1500 855 τοῦμπαλιν
1551 783 1936 853 πεποιήκασιν,
1969 781 2049 835 οἷ-

403 899 498 934 κον
559 876 706 949 αὐτῷ
765 871 946 935 δόντες
1003 872 1093 926 τὸν
1147 868 1456 947 ’Υδροχόονο
1517 870 1662 925 οἶκον
1721 867 1902 945 ἕτερον
1958 867 2050 924 τὸν

407 965 746 1043 Δίγόκερων,
777 963 867 1018 καὶ
900 961 1059 1017 αὐτὸν
1091 960 1403 1038 χειμερινὸν
1457 956 1650 1028 ζώδιον
1681 959 1772 1014 καὶ
1817 958 2051 1034 ψυχρόν·

409 1055 558 1113 ἀλλά
605 1052 672 1123 δὴ
719 1052 810 1108 καὶ
863 1051 1024 1127 ξηρὸν
1075 1051 1126 1105 ἐν
1178 1055 1296 1112 τοῖς
1327 1048 1490 1104 αὑτοῦ
1520 1048 1770 1104 πλείουσι
1815 1049 2050 1124 μέρεσιν·

411 1145 616 1219 ὕψωμα
658 1144 750 1198 τὸν
803 1139 990 1218 Ζυγόψ
1023 1138 1342 1214 ταπείνωμα
1385 1139 1476 1193 τὸν
1525 1137 1702 1213 Κριόν·
1755 1136 2058 1210 ἐναντίωμα

406 1234 500 1289 τὸν
534 1233 759 1288 Λέονταο
799 1230 947 1286 Ἐπεὶ
979 1227 1024 1284 δ’
1057 1231 1084 1284 6
1113 1228 1315 1305 Κρόνος
1365 1227 1455 1283 καὶ
1502 1229 1701 1290 ἱκανῶς
1760 1227 1945 1304 ξηρὸς,
1977 1223 2058 1281 δε-

413 1321 644 1377 δώκασιν
693 1321 842 1393 αὖτῷ
885 1320 975 1374 καὶ
1026 1315 1208 1395 ἓτερον
1253 1317 1574 1392 ἐναντίωμα,
1623 1317 1715 1372 τὸν
1771 1321 2056 1393 Καρκῖνον,

418 1409 613 1481 ζώδιον
643 1409 956 1488 ὑγρότατον.

483 1498 585 1570 λζ’.
619 1499 778 1562 Οἶκος
824 1499 949 1560 Διὸς
995 1501 1093 1551 τοῦ
1141 1494 1194 1551 ἐν
1247 1495 1506 1569 μεσότητι
1555 1494 1795 1572 κράσεως
1826 1495 2060 1565 Τοξότης

413 1589 504 1644 καὶ
549 1587 780 1665 Ἰχθύες·
839 1586 1042 1661 ὕψωμα
1123 1592 1407 1661 Καρκῖνος·
1455 1585 1773 1657 ταπείνωμα
1833 1583 2062 1659 Αίγόκε-

415 1696 542 1756 ρως·
577 1677 949 1750 ἐναντιώματα
977 1673 1206 1749 Δίδυμοι
1237 1675 1326 1729 καὶ
1358 1675 1649 1748 Παρθένος.

487 1784 593 1856 λη’.
643 1784 795 1840 Οἷκοι
843 1785 1060 1860 Ἀρεος,
1106 1786 1205 1836 τοῦ
1252 1785 1454 1858 θερμοῦ
1502 1781 1592 1836 καὶ
1641 1778 1809 1836 πλέον
1872 1781 2061 1854 ξηροῦ,

415 1874 580 1952 Κριὸς
631 1873 722 1929 καὶ
770 1872 1064 1948 Σκορπίος·
1115 1871 1318 1946 ὕψωμα
1365 1869 1697 1947 Αίγόκερως*
1746 1869 2065 1943 ταπείνωμα

417 1967 697 2039 Καρκῖνος·
734 1960 1107 2035 ἐναντιώματα
1135 1963 1350 2037 Ταῦρος
1379 1960 1469 2015 καὶ
1501 1959 1687 2036 Ζυγός.

493 2067 596 2134 λθ.
649 2068 803 2124 Οίκοι
853 2064 1182 2146 Ἀφροδίτης
1234 2073 1338 2137 τῆς
1387 2065 1439 2121 ἐν
1502 2065 1757 2140 μεσότητι
1823 2065 2064 2143 κράσεως

421 2162 636 2235 Ταῦρος
690 2158 782 2213 καὶ
834 2157 1022 2233 Ζυγός·
1056 2155 1259 2231 ὕψωμα
1285 2153 1514 2230 Ἰχθύες·
1560 2155 1880 2230 ταπείνωμα
1921 2162 2066 2231 Παρ-

421 2246 596 2311 θένοςο
629 2245 1004 2320 ἐναντιώματα
1032 2246 1194 2322 Κριὸς
1225 2245 1315 2300 καὶ
1349 2243 1639 2320 Σκορπίος.

493 2427 567 2500 μ’.
617 2425 770 2480 Οἶκοι
812 2425 1019 2502 Ἑρμοῦ
1067 2422 1339 2500 εὐκράτως
1389 2418 1614 2498 ἔχοντος
1688 2419 1918 2496 Δίδυμοι
1978 2424 2068 2478 καὶ

422 2513 713 2592 Παρθένος·
796 2516 831 2584 ἡ
906 2511 1171 2590 Παρθένος
1263 2512 1354 2568 καὶ
1447 2510 1669 2587 ὕψωμα*
1753 2511 2072 2586 ταπείνωμα

419 2603 652 2680 Ἰχθύες,
711 2603 763 2657 οἱ
820 2601 974 2657 αὐτοὶ
1029 2601 1118 2658 καὶ
1151 2600 1473 2673 ἐναντίωμα·
1542 2597 1724 2677 ἓτερον
1770 2599 2072 2674 ἐναντίωμα

425 2691 681 2763 Τοξότης.

502 2800 609 2874 μα’.
676 2797 868 2860 Οίκος⁷
911 2796 1152 2868 σελήνης
1225 2803 1326 2866 τῆς
1405 2795 1706 2872 ὑγροτάτης
1783 2801 2070 2872 Καρκῖνος·

427 2887 632 2964 ὕψωμα
711 2889 945 2964 Ταῦρος·
1014 2885 1334 2959 ταπείνωμα
1419 2883 1711 2960 Σκορπίος·
1769 2883 2076 2960 ἐναντίωμα

427 2977 760 3055 Αἷγόκερως.

504 3093 615 3169 μβ’.
668 3095 890 3167 Πρῶτον
947 3089 1141 3160 ζώδιον
1193 3087 1404 3166 ἐαρινὸν
1451 3087 1766 3166 ἰσημερινὸν
1813 3089 1842 3143 6
1889 3090 2076 3166 Κριὸς,

430 3183 529 3252 τήν
609 3186 796 3257 κρᾶσιν
869 3179 1090 3256 θερμόν.
1168 3177 1260 3234 Διὸ
1334 3177 1425 3233 καὶ
1503 3177 1650 3241 οἶκος
1724 3185 1920 3254 ’Ἄρεος
2003 3179 2079 3242 ὡς

2159 605 2546 678 assignarunt
2577 607 2825 663 Leonem
2855 625 2866 661 :
2899 607 3172 676 Arietem,
3222 609 3632 668 exaltationem
3660 630 3673 681 ;
3711 613 3804 667 Li-

2163 693 2330 749 bram
2362 696 2744 766 dejectionem
2773 721 2787 762 ;
2831 697 3628 768 Aquarium,adversitatem.
3661 701 3800 757 Vico

2162 799 2330 839 versa
2367 785 2628 840 fecerunt
2672 785 2730 840 in
2762 786 3012 842 Saturno
3043 787 3446 859 frigidissimo,
3479 790 3571 846 cui
3602 797 3800 863 Aqua-

2162 871 2315 928 rium
2346 874 2589 930 domum
2622 874 2992 942 tribuerunt;
3025 881 3082 932 et
3109 877 3280 931 aliam
3313 878 3576 941 domum.
3609 880 3807 952 Capri-

2156 977 2405 1016 cornum
2429 980 2442 1029 ;
2470 962 2612 1034 quin
2631 968 2688 1018 et
2711 963 2833 1034 ipse
2873 963 3109 1036 signum
3137 964 3447 1022 hibernum
3471 972 3557 1022 est
3573 972 3631 1023 et
3649 968 3806 1041 frigi-

2165 1052 2307 1106 dum
2334 1068 2348 1118 ;
2372 1051 2511 1122 quin
2533 1056 2589 1107 et
2609 1051 2828 1107 siccum
2853 1051 3121 1123 pluribus
3140 1054 3229 1108 sui
3253 1056 3802 1127 partibus.Libram,

2166 1138 2618 1206 exaltationem;
2692 1141 2968 1211 Arietem,
3037 1143 3456 1214 dejectionem;
3531 1147 3804 1218 Leonem,

2167 1228 2599 1284 adversitatem.
2631 1231 2702 1284 Et
2747 1230 2885 1302 quia
2931 1247 3065 1287 vero
3114 1232 3402 1290 Saturnus
3440 1234 3584 1290 satis
3613 1235 3808 1292 siccus

2168 1322 2278 1383 est,
2311 1317 2484 1374 aliam
2536 1318 2651 1390 ipsi
2699 1335 2929 1390 quoque
2977 1321 3391 1379 adversitatem
3452 1324 3806 1392 tribuerunt,

2169 1408 2480 1474 Cancrum,
2513 1409 2612 1480 qui
2646 1414 2734 1464 est
2763 1410 2997 1481 signum
3031 1410 3538 1468 humidissimum.

2241 1497 2330 1551 37.
2364 1496 2585 1552 Domus
2613 1497 2774 1553 Jovis
2817 1497 2877 1553 in
2922 1498 3321 1556 mediocritate
3363 1503 3813 1575 temperamenti

2170 1587 2460 1641 versantis
2516 1591 2605 1641 est
2677 1586 3024 1658 Sagittarius
3101 1593 3158 1642 et
3222 1589 3456 1658 Pisces;
3515 1593 3813 1664 exaltatio,

2172 1675 2424 1742 Cancer;
2471 1675 2734 1744 deiectio,
2785 1677 3208 1748 Capricornus:
3259 1678 3662 1748 adversitates,
3702 1682 3811 1738 Ge-

2173 1764 2318 1819 mini
2348 1769 2405 1820 et
2433 1763 2628 1837 Virgo.

2243 1854 2332 1907 38.
2379 1853 2600 1908 Domus
2653 1853 2858 1912 Martis
2905 1855 3006 1927 qui
3060 1855 3287 1912 calidus
3333 1862 3392 1913 et
3438 1858 3572 1930 plus
3621 1859 3813 1918 siccus

2097 1921 2144 1985 Β
2175 1947 2283 2011 est,
2332 1942 2496 1997 Aries
2557 1946 2615 1997 et
2668 1921 2979 2014 Scorpius:
3035 1943 3327 2013 exaltatio,
3385 1921 3815 2020 Capricornus;

2177 2029 2444 2100 dejectio,
2475 2033 2728 2099 Cancer;
2763 2031 3164 2101 adversitates,
3193 2033 3421 2089 Taurus
3449 2040 3508 2090 et
3537 2033 3709 2092 libra.

2248 2119 2336 2173 39.
2362 2123 2582 2175 Domus
2601 2118 2843 2176 Veneris
2864 2120 2924 2175 in
2949 2121 3347 2178 mediocritate
3367 2127 3820 2196 temperamenti

2177 2207 2572 2263 consistentis.
2620 2208 2850 2265 Taurus
2897 2215 2954 2265 et
3001 2210 3191 2280 libra;
3240 2211 3532 2282 exultatio,
3577 2214 3814 2286 Pisces;

2178 2296 2445 2368 dejectio,
2494 2297 2714 2370 Virgo;
2765 2299 3164 2368 adversitates,
3218 2299 3382 2356 Aries
3427 2307 3485 2357 et
3513 2301 3814 2376 Scorpius.

2250 2387 2338 2440 40.
2370 2390 2590 2442 Domus
2638 2387 2911 2442 Mercurii
2960 2387 3059 2460 qui
3105 2389 3251 2445 bene
3298 2395 3658 2464 temperatus
3705 2398 3815 2464 est,

2179 2479 2319 2531 sunt
2373 2474 2600 2530 Gemini
2657 2481 2712 2531 et
2767 2477 2980 2549 Virgo:
3059 2477 3232 2550 Virgo
3289 2480 3464 2534 etiam
3523 2482 3818 2539 exaltatio.

2180 2565 2329 2618 401
2366 2564 2638 2635 Dejectio,
2691 2564 2925 2633 Pisces;
2958 2565 3060 2638 qui
3111 2573 3168 2622 et
3198 2568 3310 2640 ipsi
3341 2573 3480 2624 sunt
3508 2570 3683 2626 etiam
3714 2572 3816 2627 ad-

2180 2653 2424 2708 versitas
2453 2671 2466 2720 ;
2501 2653 2680 2709 altera
2705 2655 3044 2724 adversitas,
3079 2656 3453 2729 Sagittarius.

2256 2741 2344 2796 41.
2377 2741 2598 2798 Domue
2627 2741 2781 2798 lunae
2810 2743 3260 2815 humidissimaa,
3303 2751 3555 2818 Cancer;
3588 2746 3823 2804 cxaltati

2185 2831 2413 2886 Taurus
2443 2847 2454 2885 :
2489 2831 2754 2902 dejectio,
2785 2833 3058 2906 Scorpius
3083 2853 3096 2903 ;
3143 2835 3488 2904 adversitas,
3519 2837 3818 2910 Capricor-

2184 2935 2317 2976 nus.

2256 3011 2344 3064 42.
2398 3009 2660 3066 Primum
2715 3011 2950 3084 signum
3006 3014 3239 3070 vernale
3283 3015 3684 3086 aequinoctiale
3732 3020 3823 3073 est

2188 3099 2375 3168 Aries,
2414 3110 2494 3170 Υ,
2541 3105 3002 3172 temperamento
3055 3103 3308 3160 calidum
3358 3105 3423 3159 ‘5.
3462 3105 3830 3178 Quapropter

2188 3199 2362 3254 etiam
2383 3200 2594 3255 domus
2619 3199 2820 3256 Martis
2834 3208 2941 3266 est,
2958 3201 3308 3273 quatenusis
3331 3208 3420 3258 est
3438 3202 3662 3260 calidus
3687 3221 3699 3258 :
3724 3204 3834 3260 Ve-

435 3271 661 3346 θερμοῦ’
720 3275 821 3339 τῆς
853 3265 899 3323 δ’
931 3265 1263 3346 Ἀφροδίτης
1289 3265 1627 3366 κέναντίωμα
1669 3267 2073 3344 γνωριζομένης

2195 3289 2351 3344 neris
2380 3289 2820 3356 detrimentum,
2877 3295 2941 3346 ut
2981 3307 3161 3362 quam
3203 3292 3510 3348 mediocris
3542 3298 3832 3366 tempera-

436 3356 487 3411 ἐν
560 3357 816 3431 μεσότητι
883 3357 1142 3433 κράσεως·
1285 3353 1352 3426 δὴ
1426 3355 1682 3429 μεσότητι
1746 3355 1810 3411 τὸ
1879 3357 2076 3431 θερμὸν

435 3446 746 3502 ἀντίκειταιο
790 3446 1029 3524 καθάπερ
1059 3445 1148 3501 καὶ
1177 3442 1357 3500 τᾶλλα
1396 3446 1462 3500 τὰ
1508 3445 1698 3522 πόρῥω
1755 3445 2076 3520 μεσότητος.

434 3536 690 3612 Δεύτερον
770 3531 964 3605 ζώδιον
1029 3535 1057 3588 6
1114 3537 1342 3611 Ταῦρος,
1392 3532 1444 3588 ἐν
1534 3533 1791 3606 μεσότητι
1878 3555 2077 3611 γνωρι-

437 3624 665 3699 ζόμενος
719 3624 981 3699 κράσεως.
1043 3624 1135 3678 Διὸ
1185 3623 1276 3678 καὶ
1356 3630 1455 3693 τῆς
1515 3621 1850 3701 ’Δφροδίτης
1929 3623 2080 3688 οἶκος

434 3714 462 3767 ὁ
516 3718 744 3788 Ταῦρος⁸
803 3715 996 3789 ’Δρεος
1057 3710 1103 3767 δ’
1163 3711 1470 3786 ἐναντίωμα
1540 3713 1604 3766 τὸ
1654 3719 1756 3782 τῆς
1837 3710 2080 3786 κράσεως

437 3801 596 3876 μέσον
678 3801 777 3858 οὐκ
840 3798 1088 3878 ἔχοντος.
1141 3801 1335 3878 Τρίτον
1397 3801 1448 3855 οἱ
1507 3798 1758 3874 Δίδυμοι,
1811 3800 2079 3858 τούπίπαν

434 3889 716 3968 εὐκρασίας
766 3890 981 3966 μεστόν,
1032 3889 1127 3945 Διὸ
1173 3889 1263 3944 καὶ
1298 3889 1448 3952 οἶκός
1479 3887 1618 3945 ἐστιν
1648 3891 1872 3966 Ἑρμοῦ.
1907 3890 2078 3967 Φέρον

434 3975 492 4034 δὲ
536 3980 604 4035 τὰ
647 3979 802 4035 νότια
842 3980 1016 4057 θερμὰ
1043 3978 1134 4034 καὶ
1164 3979 1302 4053 ξηρὰ
1345 3981 1464 4034 κατ’
1518 3977 1781 4052 ἐπίτασιν,
1811 3983 1909 4034 τοῦ
1956 3979 2080 4043 Διός

435 4065 576 4124 ἐστιν
643 4067 963 4142 ἐναντίωμα,
1027 4065 1301 4142 μεσότητα
1362 4066 1604 4144 κράσεως
1663 4067 1912 4143 ἔχοντες.
1980 4068 2079 4126 Τέ-

433 4177 626 4234 ταρτον
682 4159 711 4214 6
767 4162 1052 4234 Καρκῖνος,
1116 4153 1310 4225 ζώδιον
1400 4156 1687 4234 ὑγρότατον
1763 4163 1864 4226 τῆς
1922 4157 2082 4234 ὑγρο-

433 4247 602 4318 τάτης
633 4245 871 4318 σελήνης
921 4244 1091 4308 οἶκοςο
1145 4243 1446 4317 ἐναντίωμα
1491 4241 1550 4299 δὲ
1595 4249 1692 4300 τοῦ
1740 4243 1944 4321 Κρόνου
1985 4249 2083 4300 τοῦ

434 4334 527 4391 σὺν
581 4335 934 4410 ἐπιτεταμένῃ
980 4332 1288 4409 ψυχρότητι
1336 4332 1427 4388 καὶ
1479 4331 1698 4404 πολλὴν
1747 4333 2082 4408 κεκτημένου

435 4425 729 4502 ξηρότητα.
761 4425 1018 4499 Πέμπτον
1047 4424 1077 4478 6
1106 4423 1275 4494 Λέων,
1307 4422 1370 4477 τὸ
1399 4427 1506 4478 τῶν
1539 4421 1685 4479 ὅλων
1720 4421 1928 4492 ζωδίων
1962 4435 2082 4497 θερ-

443 4513 697 4588 μότατον,
739 4512 904 4584 ἡλίου
968 4513 1062 4588 μὲν
1111 4511 1263 4574 οἶκος
1298 4516 1396 4566 τοῦ
1442 4513 1799 4586 θερμοτάτου,
1831 4511 2084 4568 ἐναντίω-

440 4624 516 4676 μα
545 4601 604 4659 δὲ
634 4603 840 4681 Κρόνου
864 4607 962 4658 τοῦ
992 4602 1361 4680 ψυχροτάτου.
1387 4602 1576 4657 Ἕκτον
1607 4603 1643 4672 ἡ
1676 4601 1971 4679 Παρθένος,
2005 4602 2086 4657 εὐ-

435 4691 648 4766 κράτως
679 4688 883 4768 ἔχουσα
909 4691 1047 4747 κατὰ
1079 4691 1217 4767 μέρη
1246 4692 1316 4746 τα
1343 4688 1514 4763 νότια,
1547 4689 1636 4744 καὶ
1669 4687 1759 4744 διὰ,
1784 4695 1946 4746 τοῦτο
1969 4687 2087 4745 δεύ-

434 4800 594 4857 τερος
623 4780 772 4844 οἶκος
800 4784 1002 4857 Ἑρμοῦ
1026 4781 1388 4856 τυγχάνουσα’
1439 4779 1576 4833 κατὰ
1601 4775 1782 4834 τᾶλλα
1829 4776 1888 4833 δὲ
1943 4778 2081 4852 μέρη

437 4868 573 4941 αὕτη
639 4870 730 4925 καὶ
786 4869 1087 4947 θερμοτέρα
1141 4873 1238 4923 τοῦ
1327 4868 1547 4945 μετρίου
1621 4869 1713 4923 καὶ
1798 4868 2081 4944 ὑγροτέρα.

436 4959 592 5024 Ὅθεν
651 4958 742 5014 καὶ
795 4959 920 5021 Διὸς
975 4957 1297 5032 ἐναντίωμα.
1329 4953 1606 5032 Ἕϐδομον
1657 4958 1685 5012 ὁ
1736 4957 1927 5029 Ζυγὸς,
1982 4957 2085 5026 ζώ-

434 5044 550 5103 διον
598 5047 993 5127 φθινοπωρινὸν
1041 5047 1355 5124 ἰσημερινὸν
1401 5047 1492 5101 καὶ
1540 5047 1614 5109 ὡς
1663 5045 1853 5101 ἐπίπαν
1896 5043 2089 5121 εὕκρα-

435 5155 550 5191 τον.
585 5139 742 5201 Ὅθεν
801 5134 1129 5216 Ἀφροδίτης
1184 5132 1367 5213 ἕτερος
1425 5136 1594 5205 οἶκος,
1627 5141 1824 5211 ’Ἄρεος
1865 5132 1910 5189 δ’
1941 5134 2088 5190 ἐναν-

429 5225 637 5300 τίωμα.
697 5223 927 5302 ’Ὄγδοον
989 5227 1018 5281 ὁ
1091 5225 1384 5300 Σκορπίος,
1447 5222 1640 5295 ζώδιον
1716 5225 1914 5301 θερμὸν
2001 5226 2092 5280 καὶ

441 5315 626 5394 ξηρὸν,
679 5315 958 5372 κάντεῦθεν
1019 5316 1211 5390 ’Ἄρεος
1293 5313 1476 5391 ἕτερος
1560 5315 1729 5377 οἶκος’
1791 5313 2096 5388 ἐναντίωμα

444 5402 493 5459 δ’
553 5401 903 5483 ’Δφροδίτης.
965 5409 1188 5460 Ἔνατον
1243 5405 1272 5459 6
1323 5403 1584 5477 Τοξότης,
1648 5403 1868 5481 μετρίας
1939 5404 2095 5478 μετέ-

436 5513 555 5570 χων
622 5494 948 5572 ὑγρότητος,
973 5493 1066 5549 καὶ
1123 5491 1341 5569 μετρίας
1396 5493 1734 5570 θερμότητος
1763 5493 1816 5548 ἐν
1847 5498 1966 5555 τοῖς
1997 5491 2094 5568 ἔμ-

2191 3379 2371 3433 menti
2400 3394 2530 3433 esse
2561 3382 2808 3446 constat,
2865 3379 2957 3434 cui
3014 3379 3398 3436 mediocritati
3446 3381 3667 3437 scilicet
3696 3381 3831 3438 cali-

2189 3467 2327 3523 dum
2358 3467 2709 3539 opponitur:
2738 3469 3236 3540 quemadmodum
3270 3470 3446 3526 etiam
3469 3475 3672 3527 caetera
3701 3489 3828 3544 quas

2189 3574 2224 3612 a
2271 3555 2670 3613 mediocritate
2717 3559 3010 3614 recedunt.
3062 3559 3394 3614 Secundum
3445 3560 3682 3633 signum
3739 3565 3830 3617 est

2190 3647 2441 3716 Taurus,
2500 3647 2599 3721 ὅ,
2654 3648 2755 3720 qui
2800 3648 3112 3703 mediocris
3168 3665 3296 3704 esse
3380 3651 3830 3720 temperamenti

2190 3748 2550 3821 agnoscitur.
2582 3750 2944 3819 QuaprOpter
2973 3747 3150 3802 etiam
3186 3747 3425 3802 Veneris
3455 3747 3666 3802 domus
3696 3753 3785 3803 est
3813 3764 3838 3812 ε,

2191 3837 2394 3893 Martis
2429 3841 2648 3906 autem,
2683 3835 2784 3908 qui
2811 3835 3252 3908 temperamenti
3285 3835 3685 3890 mediocritate
3715 3853 3832 3892 non

2193 3929 2283 3981 est
2311 3925 2615 3997 praeditus,
2645 3924 3084 3980 detrimentum.
3117 3923 3376 3979 Tertium
3407 3928 3548 3978 sunt
3577 3924 3831 3995 Gemini,

2201 4021 2268 4085 ιτ,
2301 4015 2458 4085 quod
2489 4030 2770 4086 magnum
2801 4017 3025 4085 partem
3055 4013 3206 4068 bono
3251 4016 3712 4084 temperamento
3743 4029 3833 4069 re-

2191 4109 2411 4166 fertum
2442 4116 2549 4168 est.
2584 4111 2947 4182 Quapropter
2975 4109 3152 4165 etiam
3175 4109 3456 4165 Mercurri
3481 4109 3694 4166 domus
3723 4115 3832 4167 est.

2193 4199 2340 4263 Quia
2369 4205 2566 4256 autem
2593 4199 2880 4255 australes
2907 4204 3102 4271 partes
3124 4197 3298 4253 habet
3319 4196 3535 4253 calidas
3565 4203 3623 4254 et
3651 4199 3840 4256 inten-

2193 4304 2258 4344 se
2286 4289 2494 4358 siccas,
2542 4289 2703 4345 Jovis
2751 4288 2850 4360 qui
2891 4287 3353 4343 mediocritatem
3383 4289 3834 4359 temperamenti

2193 4377 2371 4435 habet
2398 4378 2812 4434 detrimentum
2843 4383 2949 4434 est.
2982 4379 3287 4448 Quartum,
3315 4378 3555 4444 Cancer,
3586 4387 3694 4446 (ζο,
3755 4378 3835 4433 si-

2194 4495 2376 4552 gnum
2406 4476 2916 4547 humidissimum,
2949 4475 3380 4532 humidissimae
3409 4474 3564 4532 lunae
3597 4475 3835 4548 domus,

2195 4568 2295 4624 sed
2327 4566 2563 4623 Saturni
2594 4566 3035 4632 detrimentum,
3069 4565 3168 4638 qui
3200 4581 3336 4620 cum
3367 4564 3598 4621 intenso
3631 4564 3844 4637 frigore

2115 4657 2161 4721 D
2193 4655 2512 4730 plurimum
2545 4655 2720 4710 etiam
2752 4653 3038 4710 siccitatis
3091 4652 3331 4710 obtinet.
3365 4654 3520 4710 402
3553 4654 3836 4718 Quintum

2198 4749 2333 4815 Leo,
2368 4746 2458 4825 Ω,
2527 4744 2937 4800 universorum
3012 4745 3316 4817 signorum
3389 4741 3839 4810 calidissimum,

2194 4846 2541 4904 calidissimi
2586 4846 2824 4918 quidem
2865 4843 3005 4900 solis
3052 4845 3285 4913 domus,
3334 4841 3434 4896 sed
3468 4839 3838 4912 frigidissimi

2197 4937 2434 4992 Saturni
2465 4937 2904 4992 detrimentum.
2965 4934 3204 4989 Sextum
3235 4930 3439 5004 Virgo,
3467 4949 3546 5015 ττι
3623 4947 3750 5004 quae
3780 4931 3842 4986 in

2199 5035 2465 5107 partibus
2497 5034 2855 5090 australibus
2885 5038 3202 5106 temperate
3239 5051 3301 5088 se
3331 5033 3526 5104 habet,
3576 5041 3632 5090 et
3663 5049 3837 5108 prop-

2201 5130 2360 5180 terea
2389 5123 2567 5179 altera
2617 5123 2895 5178 Mercurri
2926 5124 3138 5179 domus
3187 5123 3432 5180 exsistit.
3482 5124 3544 5179 In
3575 5122 3706 5179 aliis
3736 5139 3841 5177 au-

2201 5217 2319 5268 tem
2351 5213 2618 5284 partibus
2666 5218 2724 5268 et
2771 5212 2892 5267 hac
2931 5229 3112 5284 supra
3163 5213 3624 5269 mediocritatem
3655 5211 3848 5268 calida

2203 5306 2293 5358 est
2325 5312 2383 5360 et
2429 5304 2746 5361 humidior.
2797 5304 2961 5360 Unde
3014 5303 3189 5358 etiam
3237 5301 3394 5358 Jovis
3427 5302 3846 5358 detrimentum

2205 5395 2316 5446 est.
2349 5392 2678 5465 Septimum
2711 5396 2799 5447 est
2823 5391 3015 5458 Libra,
3049 5411 3144 5470 ἦ,
3199 5391 3435 5464 signum
3485 5389 3851 5447 autummale

2208 5491 2637 5564 aequinoctiale,
2682 5495 2739 5547 et
2781 5490 2896 5547 fere
2946 5497 3356 5566 temperatum.
3387 5493 3574 5555 Quare
3604 5488 3848 5546 Veneris

507 5605 564 5678 “7
583 5603 730 5661 Ptol.
746 5603 957 5678 quadr.
977 5607 1096 5678 1.1,
1120 5601 1208 5672 18,
1227 5604 1286 5658 et
1305 5619 1432 5675 11,c.
1461 5602 1516 5678 ᾇ.
1535 5603 1705 5661 Card.
1727 5603 1789 5660 in
1809 5603 2035 5678 Comm:
2051 5601 2197 5678 ibid.
2226 5599 2346 5658 Jul.
2371 5600 2547 5678 lf‘irm.
2570 5602 2870 5678 AstronLI.
2890 5618 2953 5678 ιι,
2977 5617 3028 5668 c,
3045 5601 3270 5678 _2,_3_,‘l_0
3296 5617 3312 5668 ;
3403 5598 3576 5678 φορτ.
3601 5598 3842 5678 Isagoge

451 5675 512 5732 in
538 5670 782 5751 Astron:
804 5695 844 5751 1,
876 5694 906 5733 c
932 5675 989 5743 4,
1022 5670 1127 5746 15;
1162 5670 1235 5732 tr.
1270 5691 1333 5747 11,
1350 5670 1415 5732 ὀ.
1449 5674 1474 5731 ί
1506 5693 1520 5746 ;
1551 5681 1626 5733 tr.
1661 5692 1748 5747 111,
1779 5692 1830 5732 θ.
1867 5677 1917 5731 1.
1993 5675 2036 5712 ⁴⁶
2066 5677 2213 5732 Ptol.
2247 5674 2454 5747 quadr.
2490 5672 2589 5728 lib.
2615 5689 2655 5741 1,
2689 5689 2741 5728 c.
2773 5673 2881 5742 23;
2913 5670 3084 5730 Card.
3119 5673 3261 5728 ibid.
3290 5690 3304 5742 ;
3336 5671 3454 5728 Jul.
3489 5670 3667 5726 Firm.
3701 5670 3742 5726 Ι.
3775 5687 3841 5744 11,

453 5765 505 5807 θ.
528 5749 616 5808 12.
