4072 6436
268 346 423 407 1319

1518 335 1940 403 NICEPHORI
1985 331 2426 416 BLEMMIDIE

3524 334 3702 416 4390

267 479 450 535 altera
476 479 710 548 domus,
741 471 944 534 Martis
995 473 1414 531 detrimentum
1463 478 1572 530 est.
1623 475 1905 530 Octavum

2032 472 2246 547 προσθεν
2311 471 2526 546 μέρεσιν
2585 469 2618 524 ἃ
2686 467 3076 546 προηγούμενα
3134 468 3403 546 λέγονται⁹
3461 469 3696 540 πολλῆς

267 568 358 619 est
408 563 821 640 Scorpiusml,
873 565 1110 637 signum
1158 563 1413 619 calidum
1462 570 1519 619 et
1563 563 1824 620 siccum:
1859 568 1918 618 et

266 662 404 718 hinc
435 663 639 719 Martis
671 665 883 719 domus
914 662 1135 718 altera:
1173 663 1434 729 Veneris,
1469 663 1914 717 detrimentum.

265 752 498 807 Nonum
529 754 619 806 est
661 747 1028 823 Sagittarius,
1077 763 1185 816 ομ,
1245 746 1344 818 qui
1402 747 1460 800 in
1523 746 1917 801 anterioribus

269 850 555 923 partibus,
607 865 730 918 quae
779 847 1188 903 antecedentes
1236 847 1531 912 dicuntur,
1565 843 1915 899 mediocrem

266 939 577 996 humorem
599 942 654 992 et
667 937 1020 991 mediocrem
1039 935 1313 1003 calorem,
1335 934 1586 988 multum
1607 937 1802 988 autem
1823 933 1918 987 bo-

267 1029 327 1085 ni
343 1025 865 1100 temperamentiin
888 1025 1349 1080 mediisobtinet.
1375 1023 1538 1078 Unde
1561 1021 1734 1077 etiam
1757 1019 1917 1076 Jovis

268 1118 427 1192 prior
440 1119 651 1172 domus
664 1113 1060 1178 est.Qu0niam
1077 1131 1207 1169 vero
1221 1112 1569 1185 posteriores
1583 1117 1777 1183 partes
1790 1126 1917 1180 quae

271 1209 700 1277 consequentes
733 1203 1028 1269 dicuntur,
1052 1203 1227 1258 habet
1248 1203 1472 1274 igneas,
1492 1201 1699 1256 boreas
1721 1204 1917 1254 autem

271 1297 457 1352 siccas
470 1300 525 1351 et
537 1292 823 1350 australes
836 1293 1111 1347 humidas
1127 1291 1543 1364 :propterhanc
1560 1289 1613 1344 in
1625 1289 1919 1358 aequalita-

270 1391 389 1440 tem
413 1383 683 1440 Mercurii
707 1381 1125 1436 detrimentum
1148 1385 1258 1436 est.
1292 1381 1588 1435 Decimum
1613 1385 1701 1433 est
1718 1377 1916 1448 Capri-

273 1488 509 1538 cornus,
556 1475 602 1534 h
618 1471 746 1542 ,qui
762 1475 956 1542 partes
979 1471 1218 1542 quidem
1237 1467 1770 1540 aliquashumidas,
1791 1466 1919 1537 plu-

274 1587 367 1626 res
381 1573 576 1626 autem
591 1570 776 1626 siccas
791 1569 985 1638 habet,
1002 1569 1155 1624 408
1177 1571 1234 1623 et
1247 1567 1306 1622 in
1322 1583 1558 1622 summa
1574 1583 1607 1620 a
1621 1565 1921 1620 mediocri-

272 1664 390 1715 tate
419 1659 737 1715 recedendo
779 1657 1029 1731 frigidus
1059 1663 1167 1714 est.
1225 1656 1389 1713 Unde
1416 1657 1652 1711 Saturni
1685 1655 1918 1721 domus,

270 1747 426 1804 lunae
457 1753 651 1804 autem
702 1748 1122 1803 detrimentum
1153 1751 1278 1802 est:
1331 1750 1398 1800 ut
1427 1763 1555 1817 quae
1604 1743 1827 1799 nullam
1860 1743 1918 1796 in

2027 559 2074 614 δ’
2131 561 2412 637 εὐκρασίας
2471 559 2522 614 ἐν
2570 565 2685 621 τοῖς
2749 559 2955 633 μέσοις.
2991 561 3084 614 Διὸ
3144 559 3234 613 καὶ
3282 563 3500 635 πρῶτος
3533 560 3690 623 οἶκος

2028 659 2173 720 Διός.
2208 659 2354 713 Ἐπεὶ
2395 655 2453 713 δὲ
2500 654 2728 734 πυρώδη
2779 657 2926 736 φέρει
2976 658 3041 712 τὰ
3091 652 3331 727 ὄπισθεν,
3364 657 3501 732 ἅπερ
3551 658 3692 714 ἑπό-

2031 768 2164 821 μενα
2195 747 2463 824 λέγονται,
2497 747 2636 822 ξηρὰ
2677 744 2736 801 δὲ
2781 747 2848 801 τὰ
2899 745 3085 822 βόρεια
3133 745 3222 801 καὶ
3269 747 3338 801 τὰ
3380 746 3536 802 νότια
3583 749 3689 804 κά-

2028 849 2217 912 θυγρα,
2252 834 2341 891 διὰ
2377 837 2475 905 τὴν
2506 835 2763 906 τοιαύτην
2821 835 3135 908 ἀνωμαλίαν
3181 834 3489 909 ἐναντίωμά
3542 835 3690 892 ἐστιν

2027 937 2254 1012 Ἑρμοῦ.
2315 935 2542 990 Δέκατον
2631 936 2658 989 6
2741 933 3084 1010 Αἷγόκερως,
3138 935 3261 989 τινὰ
3349 935 3444 1007 μὲν
3536 931 3690 1011 ἔχων

2028 1022 2222 1100 ἕνυγρα
2281 1023 2446 1100 μὲρη,
2498 1023 2567 1078 τὰ
2617 1022 2794 1079 πλείω
2850 1020 2908 1078 δὲ
2965 1023 3120 1098 ξηρὰ,
3179 1024 3268 1078 καὶ
3323 1023 3385 1078 τὸ
3467 1022 3695 1097 σύμπαν

2025 1113 2218 1189 πόρῥω
2263 1118 2362 1168 τοῦ
2415 1111 2636 1188 μετρίου
2685 1111 2920 1187 ψυχρός·
2955 1111 3073 1176 ὅθεν
3115 1111 3265 1174 οἶκος
3315 1117 3413 1167 τοῦ
3451 1112 3691 1189 Κρόνου·

2023 1210 2124 1272 τῆς
2159 1198 2216 1256 δὲ
2257 1201 2498 1272 σελήνης
2551 1200 2875 1274 ἐναντίωμα,
2907 1198 3176 1274 μηδεμίαν
3220 1200 3459 1277 ἐχούσης
3506 1201 3558 1257 ἐν
3592 1206 3696 1277 ψυ-

2027 1291 2258 1368 χρότητι
2302 1296 2518 1366 μοῖραν,
2551 1289 2678 1344 ἀλλ’
2708 1288 2818 1359 ἤδη
2849 1290 2939 1344 καὶ
2973 1289 3312 1364 θερμότητός
3343 1312 3492 1353 τινος
3529 1312 3690 1365 μετε-

2025 1381 2235 1457 Χούσης
2292 1379 2352 1434 ἐκ
2404 1384 2501 1433 τοῦ
2560 1377 2726 1448 ἡλίου
2782 1380 2897 1433 κατ’
2943 1378 3340 1456 ἐπεισαγωγῆνι
3372 1379 3569 1457 πόρῥω
3632 1402 3688 1435 τε

2026 1479 2203 1549 πάσης
2275 1476 2440 1547 οὔσης
2520 1477 2846 1552 ξηρότητος.
2908 1475 3218 1534 Ἐνδέκατον
3279 1479 3307 1534 6
3364 1476 3679 1555 Ὑδροχόος,

2032 1566 2225 1637 ζώδιον
2314 1566 2677 1642 ψυχρότατον,
2765 1567 2970 1643 Κρόνου
3061 1567 3156 1641 μὲν
3242 1564 3426 1644 ἕτερος
3509 1569 3680 1642 οἶκος,

2027 1663 2190 1736 ἡλίου
2266 1662 2312 1718 δ’
2391 1662 2716 1738 ἐναντίωμα.
2804 1661 3115 1720 Δωδέκατον
3212 1666 3265 1720 οἱ
3324 1664 3560 1742 Ἰχθύες,
3615 1665 3684 1721 τὰ

2028 1751 2420 1830 προηγούμενα
2497 1751 2634 1826 μέρη
2721 1753 2974 1831 φέροντες
3052 1751 3300 1828 εὕκρατα’
3363 1751 3568 1832 δίυγρα
3631 1751 3693 1810 δέ

272 1837 591 1910 frigiditate
641 1841 867 1908 partem
915 1835 1148 1905 habeat,
1200 1835 1303 1890 sed
1341 1834 1470 1905 jam
1511 1833 1686 1888 etiam
1737 1849 1770 1886 a
1800 1831 1919 1887 sole

2032 1864 2145 1905 πως
2201 1843 2269 1896 τὰ
2325 1843 2459 1914 μὲσα
2513 1863 2572 1895 τε
2613 1842 2702 1896 καὶ
2756 1841 2932 1909 νότια,
2957 1843 3238 1898 κάντεῦθεν
3295 1831 3505 1919 ἓτεροςγ
3536 1843 3688 1907 οἶκες

271 1943 374 1998 per
402 1927 874 1998 importationem
925 1923 1133 1980 caloris
1173 1923 1395 1995 aliquid
1443 1923 1724 1989 obtineat,
1757 1927 1814 1976 et
1845 1921 1916 1976 ab

269 2015 431 2070 omni
463 2014 725 2072 siccitate
773 2019 996 2069 remota
1040 2013 1136 2067 sit.
1190 2011 1577 2067 Undecimum
1610 2015 1697 2065 est
1724 2012 1918 2080 Aqua-

271 2104 418 2174 rius,
454 2131 582 2176 πρε,
599 2105 835 2177 signum
851 2101 1299 2175 frigidissimum
1324 2147 1339 2171 ,
1364 2099 1546 2155 altera
1568 2099 1802 2170 quidem
1821 2098 1920 2152 Sa-

269 2205 431 2261 turni
460 2205 694 2270 domus,
727 2202 827 2259 sed
850 2200 992 2257 solis
1019 2200 1458 2255 detrimentum.
1479 2197 1918 2263 Duodecimum,

270 2295 570 2366 Pisces,‘,(.
623 2292 724 2365 qui
777 2295 971 2364 partes
1028 2290 1465 2354 antecedentes,
1498 2287 1644 2342 bene
1697 2291 1918 2356 tempe-

2027 1937 2177 2002 ὄντες
2225 1939 2369 2001 Διός.
2413 1939 2561 1994 Ἐπεὶ
2612 1937 2669 1994 δὲ
2717 1939 2897 1995 τᾶλλα
2949 1940 3087 2016 μέρη
3141 1946 3250 1996 τῶν
3302 1940 3535 2018 ’ἰχθύων
3581 1963 3689 1996 πυ-

2029 2027 2178 2108 ροῦδη
2239 2050 2299 2083 τε
2354 2029 2443 2082 καὶ
2500 2025 2779 2099 καυσώδη,
2832 2030 2968 2083 κατά
3048 2034 3216 2085 ταῦτα
3267 2031 3374 2102 (τὸ)
3429 2035 3689 2086 τοιοῦτου

2032 2119 2224 2190 ζώδιον
2279 2120 2484 2192 Ἑρμοῦ
2540 2117 2677 2172 ἐστιν
2756 2117 3084 2192 ἐναντίωμα,
3145 2121 3408 2198 Γράφεται
3468 2117 3526 2175 δὲ
3594 2121 3690 2176 καὶ

2031 2219 2204 2280 οὕτως
2262 2219 2290 2271 ὁ
2344 2221 2441 2271 τοῦ
2525 2220 2691 2291 Κριοῦ
2755 2218 3061 2292 χαρακτὴρ,
3121 2217 3210 2272 καὶ
3269 2215 3445 2279 οὕτως
3503 2219 3532 2272 ὁ
3590 2222 3691 2273 τοῦ

2029 2306 2259 2381 Ταύρου,
2291 2307 2380 2360 καὶ
2411 2303 2701 2368 ἀπολύτως
2733 2307 2760 2360 ὁ
2791 2310 2886 2360 τοῦ
2917 2303 3240 2382 Ὑδροχόου.

271 2419 431 2470 ratas
461 2411 720 2467 habent:
752 2407 978 2464 medias
1009 2409 1204 2462 autem
1234 2409 1293 2461 et
1351 2402 1659 2467 australes,
1693 2403 1972 2458 humidae
2003 2398 2462 2472 quodammodo,
2496 2397 2652 2453 unde
2682 2397 2860 2453 etiam
2892 2395 3074 2453 altera
3100 2397 3256 2453 Iovis
3288 2397 3504 2454 domus
3524 2401 3696 2456 sunt.

269 2503 558 2568 Quoniam
588 2515 722 2554 vero
777 2496 1016 2567 reliqua
1076 2495 1329 2551 Piscium
1389 2498 1584 2566 partes
1641 2493 1823 2565 igneae
1881 2495 1939 2547 et
1990 2494 2250 2544 aestuosae
2308 2490 2467 2554 sunt,
2528 2487 2721 2558 quoad
2779 2485 2913 2542 illas
2971 2485 3080 2542 hoc
3136 2486 3374 2559 signum
3415 2487 3696 2543 Mercurii

270 2593 687 2649 detrimentum
719 2590 827 2643 est.
886 2587 1172 2642 Caeterum
1230 2583 1442 2639 Arietis
1498 2583 1799 2638 character
1856 2580 1938 2636 sic
1977 2578 2154 2635 etiam
2212 2575 2609 2649 pingitur,‘c,’,
2640 2579 2698 2631 et
2752 2575 2840 2631 sic
2867 2574 3182 2643 Tauri,g,

271 2687 534 2763 Aquarii,
565 2727 672 2763 ac:
685 2727 698 2740 .

343 2819 432 2873 43.
462 2817 594 2874 Haec
623 2817 862 2890 quidem
903 2831 1006 2887 pro
1054 2817 1255 2868 nostro
1305 2811 1367 2865 in
1417 2807 1630 2864 litteris
1661 2807 1922 2879 profectu

269 2907 455 2975 tenui,
480 2911 536 2962 et
556 2922 839 2980 perquam
871 2903 1081 2976 exigua
1111 2898 1445 2956 liberalium
1477 2896 1922 2968 disciplinarum

270 2995 868 3063 scientia,litterarum
903 2998 960 3048 et
998 2989 1450 3062 disciplinarum
1482 2985 1765 3042 studiosis
1795 2984 1924 3039 edi-

269 3090 330 3141 ta
360 3089 500 3142 sunt
527 3102 561 3140 a
602 3085 792 3154 nobis,
846 3082 948 3154 qui
997 3098 1102 3153 pro
1147 3077 1480 3151 effugienda
1531 3074 1838 3147 imperitia:
1869 3077 1923 3128 et

271 3174 646 3232 hebetudinis
677 3171 1126 3245 reprehensione
1166 3168 1236 3223 ad
1289 3164 1671 3238 philologiam
1703 3161 1923 3234 aliquid

273 3265 532 3320 conferre
579 3263 750 3319 nobis
801 3259 1238 3334 proposuimus,
1291 3257 1447 3312 404
1497 3253 1648 3326 quod
1698 3252 1925 3308 ratione

271 3353 517 3426 dignum
548 3357 724 3409 esset.
758 3351 921 3414 Quod
955 3350 1006 3404 si
1036 3365 1169 3403 vero
1188 3347 1361 3402 etiam
1393 3341 1688 3415 gratitudo
1718 3345 1808 3396 est
1839 3357 1926 3394 ra-

272 3443 475 3510 tionis,
496 3441 787 3512 quomodo
808 3438 1088 3513 philologi
1106 3431 1627 3508 reprehenderint?
1647 3431 1788 3504 quin
1805 3430 1922 3485 imo

272 3533 467 3606 potius
493 3531 611 3588 Deo
641 3529 862 3603 gratias
893 3528 1200 3584 nobiscum
1231 3524 1477 3598 egerint.

3282 2575 3340 2627 et
3421 2572 3696 2630 absolute

2111 2799 2220 2874 μγ’.
2249 2802 2427 2853 Ταῦτα
2467 2796 2606 2872 πρὸς
2653 2797 2752 2865 τὴν
2781 2797 3052 2872 ἡμετέραν
3106 2795 3158 2850 ἐν
3202 2791 3415 2871 λόγοις
3441 2790 3549 2864 ἕξιν
3599 2791 3691 2848 ἐκ·

2033 2889 2317 2961 τεθειμένα
2341 2889 2442 2956 τήν
2501 2884 2707 2962 ἀδρανῆ
2763 2886 2854 2940 καὶ
2913 2885 3192 2962 ὀλιγίστην
3255 2882 3309 2938 ἐν
3367 2884 3689 2956 μαθήμασιν

2033 2978 2236 3050 εἷ’δησιν
2294 2983 2412 3039 τοῖς
2469 2973 2795 3053 φιλολόγοις
2824 2975 2915 3030 καὶ
2943 2973 3302 3054 φιλομαθὲσιν
3350 2968 3680 3028 ἐκδέδοντειι⁸

2029 3073 2126 3123 τοῦ
2183 3069 2282 3136 τήν
2342 3065 2423 3120 ἐπ’
2456 3064 2660 3139 ἀμαθίᾳ
2714 3065 2804 3119 καὶ
2848 3061 3014 3142 ἀφυίᾳ
3071 3059 3350 3138 διαδρᾶναι
3405 3058 3679 3129 κατάγνω-

2032 3180 2112 3212 σιν
2165 3157 2228 3210 τὸ
2286 3159 2356 3230 τῇ
2405 3152 2708 3232 φιλολογίᾳ
2759 3174 2812 3208 τι
2865 3155 3280 3227 συνεισενεγκεῖν
3336 3146 3678 3226 προθεμένων

2030 3249 2190 3319 ἡμῶν
2249 3245 2323 3306 ὡς
2381 3241 2549 3318 λόγου
2589 3240 2755 3312 ἄξιον.
2787 3241 2852 3296 Εἴ
2883 3238 2940 3296 δὲ
2995 3240 3166 3316 λόγου
3213 3237 3305 3295 καῖ
3335 3241 3370 3309 ἡ
3404 3237 3691 3313 εὐγνωμο-

2031 3336 2187 3407 σύνη,
2218 3338 2336 3395 πῶς
2369 3333 2428 3387 ἂν
2460 3336 2777 3406 καταγνοῖεν
2835 3332 2888 3386 οἱ
2940 3327 3273 3409 φιλολόγοι;
3311 3324 3525 3402 μᾶλλον
3593 3326 3693 3400 μὶν

2031 3423 2124 3481 οὖν
2154 3424 2243 3479 καὶ
2276 3423 2437 3499 χάριν
2468 3422 2874 3497 ὁμολογήσαιεν
2913 3424 2992 3492 τῷ
3022 3423 3158 3490 Θεῷ.
