4072 6418
290 372 442 434 1321

1512 367 1933 429 EXPOSITIO
1978 367 2054 428 ΙΝ
2101 367 2490 432 PSALMOS.

3550 374 3579 433 1
3590 372 3708 434 322

301 557 3695 588 ππ

1568 772 1696 824 ΤΟΥ
1734 769 2144 827 ΣΟΦΩΤΑΤΟΥ
2179 769 2396 828 ΚΥΡΟΥ

647 996 2056 1174 ΝΙΚΗΦΟΡΟΥ
2191 997 3366 1271 ΜΟΝΑΧΟΥ

1459 1320 1713 1419 ΤΟΥ
1792 1319 2547 1418 ΒΛΕΜΜΙΔΟΥ

782 1574 1643 1707 ΕΞΗΓΗΣΙΣ
1704 1571 2055 1703 ΤΟΥ
2116 1570 3210 1704 ΨΑΛΤΗΡΙΟΥ.

710 1866 814 1940 (Ex
841 1864 1034 1923 tribus
1062 1865 1233 1921 codd.
1264 1863 1362 1921 Gr.
1394 1860 1581 1920 Paris.
1613 1861 1753 1935 Reg.
1787 1861 1912 1929 150,
1941 1860 2050 1917 810
2079 1863 2138 1917 et
2163 1859 2401 1919 Coislin.
2437 1861 2541 1918 102
2569 1877 2725 1919 nunc
2770 1861 3029 1936 primum
3072 1861 3277 1936 edita.)

306 2250 313 2257 ~
353 2211 675 2289 Ψαλτήριον
734 2210 937 2288 κυρίως
989 2207 1132 2274 εἶδος
1178 2208 1410 2286 ὀργάνου
1475 2207 1588 2265 ἐστὶ
1651 2210 1936 2282 μουσικοῦ,
1967 2208 2024 2277 Α
2054 2227 2244 2282 ματος,
2274 2207 2338 2263 τὸ
2388 2207 2470 2263 ἀεὶ
2523 2205 2910 2288 διαγράφουσιν
2944 2209 2997 2264 ἐν
3026 2207 3243 2274 τούτοις
3286 2214 3405 2274 τοῖς
3454 2207 3702 2288 διαλείμ-

277 2302 453 2360 ναῦλα
496 2302 625 2380 παρ’
670 2295 945 2377 Ἑϐραίοις
1008 2299 1438 2375 ὀνομαζόμενον,
1487 2295 1700 2374 εἷ’ρηται
1757 2293 1817 2352 86
1874 2295 1935 2352 έκ

270 2397 370 2448 106
425 2388 678 2468 ψάλλειν,
722 2389 797 2454 ὡς
865 2390 926 2446 ἐκ
985 2393 1084 2445 106
1129 2385 1381 2465 εὔχεσθαι
1447 2386 1758 2464 εόκτήριον,
1801 2406 1932 2461 μετ-

277 2481 488 2558 ηνέχθη
522 2478 581 2537 86
609 2481 644 2550 ἡ
675 2477 873 2549 κλῆσις
901 2477 990 2534 καὶ
1023 2477 1214 2534 ἐκτῶν
1252 2472 1467 2554 βίϐλων
1485 2480 1590 2532 τῶν
1615 2473 1853 2552 ψαλμῶν
1875 2471 1936 2528 έκ

279 2575 381 2627 106
407 2568 538 2633 τοὺς
567 2565 825 2644 ψαλμοὺς
854 2571 1039 2644 τηρεῖν
1074 2565 1273 2624 αὐτῶν.

348 2664 621 2722 ’Ἅπαντες
652 2653 711 2712 86
741 2657 795 2713 οἱ
823 2654 1054 2730 Ψαλμοὶ
1093 2657 1381 2729 ποιήματα
1406 2658 1504 2710 τοῦ
1554 2649 1740 2709 Δαυΐδ’
1788 2649 1936 2707 ἀλλὰ

276 2770 419 2813 τινες
478 2747 654 2805 αὐτῶν
709 2750 831 2809 τοῖς
888 2745 1029 2808 υἱοῖς
1058 2745 1219 2821 Κορὲ,
1258 2743 1349 2800 καὶ
1398 2748 1477 2817 τῷ
1505 2742 1676 2822 Ἀσάφ
1731 2739 1934 2816 ἕτεροι,

274 2837 366 2895 καὶ
397 2834 561 2894 ἄλλοι
593 2834 787 2898 ἄλλοις
838 2831 1079 2890 ἐδίδοντο
1119 2832 1257 2910 πρὸς
1304 2829 1658 2908 ψαλμῳδίαν.
1719 2829 1937 2902 Ἐξελέ-

274 2927 402 3000 ξατο
449 2926 553 3003 γὰρ
604 2925 632 2981 6
681 2922 844 2980 Δαυῒδ
895 2920 1093 3000 ἄνδρας
1134 2922 1284 2985 τινὰς
1330 2920 1392 2977 ἐκ
1440 2919 1621 3000 φυλῆς
1660 2920 1811 2994 Λευῒ,
1842 2918 1933 2975 καὶ

272 3014 653 3092 ἐπεκλήρωσεν
698 3011 893 3075 αὐτοὺς
943 3011 1019 3074 εἰς
1064 3012 1128 3068 τὸ
1177 3011 1361 3084 ὑμνεῖν
1409 3010 1502 3066 τὸν
1548 3010 1676 3066 Θεὸν
1709 3009 1760 3065 ἐν
1813 3006 1932 3064 δια-

277 3103 469 3184 φόροις
519 3101 771 3181 ὀργάνοις
843 3105 1149 3175 μουσικοῖς.
1198 3099 1421 3158 Τούτων
1485 3097 1771 3177 χοράρχας
1840 3096 1933 3153 καὶ

278 3189 570 3269 ἀρχῳδοὺς
606 3191 975 3262 κατεστήσατο
1028 3187 1159 3252 τοὺς
1207 3189 1362 3252 υἱοὺς
1412 3188 1569 3265 Κορὶ,
1618 3189 1712 3243 τὸν
1759 3188 1933 3264 Ἀσὰφ

272 3281 368 3337 τὸν
398 3277 627 3344 Ἰδιθοὺν
676 3279 767 3335 καὶ
827 3276 1077 3341 λοιπούς.
1123 3278 1210 3332 Ἐν
1258 3276 1545 3355 συμφωνίᾳ
1587 3280 1717 3354 γοῦν
1761 3274 1931 3350 έψαλ-

279 3367 498 3445 μῲ¹δουν
540 3368 770 3431 ἅπαντες
804 3368 948 3441 ὁμοῦ
992 3367 1122 3429 τοὺς
1170 3365 1450 3439 Ψαλμοὺς
1496 3364 1932 3442 προεξάρχοντος

271 3464 371 3515 106
420 3456 605 3515 Δαυΐδ⁶
667 3455 756 3513 ὅτε
811 3454 871 3512 δέ
911 3476 1018 3512 τινι
1073 3457 1333 3532 χοράρχῃ
1380 3453 1602 3528 ψαλμὸς
1663 3450 1931 3524 ἐξεδιδοτο

272 3548 410 3626 πρὸς
477 3543 805 3623 ψαλμῳδίαν
888 3544 1228 3620 προεξῆρχεν
1301 3542 1524 3633 ἐκεῖνος,
1582 3547 1682 3598 τοῦ
1766 3539 1931 3633 ᾼαυῒδ

201 3645 208 3653 ’
275 3637 552 3708 εἷκονίζων
625 3636 690 3691 τὸ
764 3633 1083 3713 πρόσωπον.
1166 3635 1322 3698 Ὅθεν
1391 3628 1445 3688 ἔν
1496 3628 1611 3687 τισι
1686 3628 1933 3706 ψαλμοῖς

279 3726 674 3807 ἐπιγράφονται
730 3724 799 3780 τὰ
847 3721 1093 3798 ὀνόματα
1142 3743 1252 3777 των
1300 3724 1601 3799 χοραρχῶν
1650 3721 1733 3785 οἷς
1785 3717 1937 3776 ἐκδέ-

277 3813 462 3873 δονται
489 3816 544 3871 οἱ
569 3817 812 3871 τοιοῦτοι
860 3809 1076 3888 ψαλμοὶ
1122 3811 1214 3867 καὶ
1260 3810 1314 3867 οἳ
1359 3812 1707 3888 προεξῆρχον
1766 3808 1819 3864 ἐν
1862 3812 1935 3885 τῇ

273 3901 666 3980 ψαλμῳδήσει,
693 3902 818 3959 τότε
864 3901 955 3957 καὶ
981 3901 1074 3956 τὸν
1101 3899 1271 3956 τόπον
1306 3898 1535 3976 ἐτήρουν
1588 3903 1690 3955 τοῦ
1748 3895 1932 3955 Δαυΐδο

285 3993 468 4069 ὥσπερ
521 3992 587 4047 τὸ
634 3994 736 4046 106
794 3987 958 4045 Δαυλιδ
1001 3983 1180 4063 ὄνομα
1243 3988 1408 4063 μόνον
1469 3989 1748 4067 ἐκφέρεται
1802 3988 1941 4043 κατὰ

277 4082 377 4144 τὰς
407 4080 712 4159 ἐπιγραφὰς
741 4077 960 4134 ἐκείνων
1010 4073 1078 4148 δὴ
1126 4081 1238 4133 τῶν
1286 4080 1586 4156 χοραρχῶν
1626 4076 1722 4140 οὓς
1778 4075 1939 4138 αὐτὸς

284 4167 356 4227 δι’
413 4170 606 4226 ἑαυτοῦ
654 4165 820 4224 Δαυῒδ
852 4167 928 4244 ὡς
962 4163 1420 4244 ἀρχῳδοὺς.......
1473 4163 1745 4236 δησε......
1793 4164 1938 4228 τινὲς

282 4258 343 4317 86
396 4263 509 4316 τῶν
566 4240 920 4335 ψαλμῶν....ί
1136 4254 1214 4318 εἰς
1283 4250 1460 4328 ὄνομα
1514 4254 1632 4318 ἑνὸς

278 4351 424 4415 τινὲς
483 4347 543 4406 86
570 4347 661 4404 καὶ
726 4347 1027 4420 ἀνώνυμοι,
1075 4341 1217 4400 διότι
1270 4343 1350 4407 εἷς
1399 4343 1492 4398 τὸν
1540 4343 1729 4421 κόριον
1786 4343 1937 4421 εἷ’ρη-

280 4460 392 4497 ται.
453 4437 655 4496 Ἄλλοι
716 4433 775 4491 86
832 4431 1149 4506 ἀλληλούϊα
1202 4435 1427 4512 φέρουσι
1473 4432 1540 4488 τὸ
1597 4432 1937 4510 ἐπίγραμμα,

284 4527 375 4585 διὰ
423 4526 489 4584 τὸ
538 4526 673 4582 εῖναι
721 4523 923 4587 αὐτοὺς
988 4522 1192 4596 ὕμνους
1247 4521 1339 4577 καὶ
1397 4520 1744 4599 εὐχαριστίαν
1801 4522 1942 4596 πρὸς

280 4617 372 4673 τὸν
425 4615 575 4671 Θεόν.
625 4615 697 4668 Τὸ
738 4614 841 4691 γὰρ
880 4609 1218 4683 ἀλληλούϊα,
1260 4610 1473 4668 Αἰνεῖτε
1519 4610 1614 4667 τὸν
1644 4605 1795 4685 ὄντα,
1828 4609 1941 4666 ἐστὶ

289 4702 853 4783 μεθερμηνευόμενον.

356 4792 680 4866 Ψαλτήριον
735 4790 830 4865 μὲν
881 4787 974 4846 οὖν
1013 4791 1049 4860 ἡ
1112 4784 1307 4866 βίϐλος
1356 4787 1570 4866 λέγεται
1614 4791 1722 4845 τῶν
1781 4787 1941 4844 Ψαλ-

291 4887 430 4959 μῶν,
461 4879 683 4957 ψαλμὸς
743 4878 802 4935 86
856 4878 987 4934 αὐτὸ
1031 4878 1097 4934 τὸ
1151 4876 1371 4952 ποίημα
1397 4877 1488 4933 καὶ
1516 4878 1580 4933 τὸ
1639 4874 1806 4951 μέλος
1846 4875 1942 4931 αὐ-

2051 2317 2211 2369 μασιν
2269 2296 2347 2359 ὡς
2394 2295 2455 2352 ἂν
2503 2295 2741 2361 ἐντεῦθεν
2792 2294 3118 2369 δηλώσωσιν
3164 2296 3511 2357 ἀδιάλειπτον
3562 2301 3698 2359 εἶναι

2040 2388 2139 2439 106
2189 2383 2457 2458 παναγίου
2506 2385 2825 2459 Πνεόματος
2871 2387 2970 2456 τὴν
3028 2385 3335 2458 ἐπίπνοιαν,
3377 2388 3474 2445 κᾶν
3525 2390 3554 2445 6
3603 2388 3699 2447 λό-

2043 2494 2141 2549 γος
2171 2473 2223 2530 ἐν
2249 2470 2636 2549 διαλείμμασιν
2665 2474 2732 2545 ἧν
2785 2474 3282 2553 ἀπασχολουμένου
3308 2482 3408 2534 τοῦ
3464 2477 3700 2554 ψαλμῳ-

2044 2561 2142 2619 806
2191 2563 2329 2639 πρὸς
2376 2565 2475 2634 τὴν
2524 2567 2622 2619 106
2668 2563 2985 2639 Πνεύματος
3030 2564 3343 2644 καινοτέραν
3390 2566 3695 2644 ὑπήχησιν,

2042 2652 2220 2708 καὶτὸ
2274 2648 2442 2727 μέλος
2490 2649 2580 2708 διὰ
2627 2657 2789 2708 τοῦτο
2836 2656 3313 2730 κατασιγάζοντος·
3361 2655 3454 2712 καὶ
3503 2654 3696 2721 ἁπλῶς

2045 2741 2235 2814 εἰπεῖν,
2281 2742 2345 2796 τὸ
2394 2738 2680 2816 διάψαλμα
2727 2739 2881 2798 οὐδὲν
2932 2738 3115 2821 ἕτερον
3157 2743 3408 2819 σημαίνει
3461 2743 3698 2823 ὁλοσχε-

2045 2834 2154 2907 ρῶς
2183 2829 2219 2900 ἢ
2267 2827 2574 2905 διάλειμμα
2599 2828 2951 2905 ψαλμῳδίας.
2984 2833 3063 2888 Δι’
3094 2829 3303 2905 εἷ’δησιν
3352 2831 3444 2890 οὖν
3502 2832 3698 2892 λεπτο-

2048 2918 2368 2997 μερεστέραν
2396 2924 2864 2997 παρεσημειοῢντο
2893 2920 3064 2978 πάλαι
3094 2923 3186 2978 καὶ
3213 2922 3280 2979 τὰ
3306 2928 3550 2985 τοιαῦτα.

2116 3011 2409 3085 Διενήνοχε
2458 3005 2517 3064 86
2563 3009 2786 3084 ψαλμὸς
2832 3010 2923 3067 καὶ
2982 3008 3100 3085 ᾠδὴ
3162 3011 3253 3068 καὶ
3313 3010 3535 3088 ψαλμὸς
3597 3015 3693 3089 μὲν

2041 3097 2244 3174 κυρίως
2276 3096 2417 3154 ἐστὶν
2451 3099 2479 3152 6
2512 3098 2646 3173 μετᾶ
2680 3103 2780 3154 τοῦ
2829 3099 3118 3177 ὀργανικοῦ
3169 3100 3481 3180 ψαλτηρίου
3528 3102 3697 3178 ἐμμε-

2042 3183 2158 3249 λῶς
2200 3184 2631 3265 ἐκφωνούμενος·
2674 3184 2791 3261 ᾠδὴ
2844 3185 2904 3243 86
2967 3189 3121 3266 φωνὴ
3175 3191 3411 3264 μουσικὴ
3461 3190 3697 3268 έναρμό·

2040 3295 2154 3338 νιος
2188 3274 2338 3349 μόνῳ
2368 3272 2604 3350 ἀδομένη
2634 3280 2714 3350 τῷ
2761 3276 3011 3351 στόματι.
3045 3279 3271 3355 Λέγεται
3324 3276 3383 3336 86
3434 3280 3524 3336 καὶ
3573 3278 3694 3356 ᾠδὴ

2041 3362 2281 3438 ψαλμός.
2339 3365 2440 3419 Καὶ
2500 3365 2528 3420 6
2597 3364 2818 3440 ψαλμὸς
2894 3364 3011 3440 ᾠδὴ
3089 3371 3691 3448 καταχρηστικώτερον·

2041 3451 2377 3529 ἀρχαιοτέρα
2407 3451 2466 3509 66
2495 3456 2531 3524 ἡ
2563 3452 2704 3527 ᾠδὴ,
2736 3455 2827 3511 καὶ
2872 3456 2974 3533 γὰρ
3021 3463 3258 3528 Μωϋσῆς
3308 3457 3513 3536 ἤρξατο
3563 3461 3697 3516 ταῦ-

1963 3563 2164 3648 Bina,
2212 3541 2303 3598 καί
2380 3540 2660 3648 διήρκεσεν
2727 3540 2832 3608 ἓως
2904 3543 3090 3603 Δαυΐδ.
3144 3544 3309 3603 Δαυίδ
3367 3545 3427 3604 86
3478 3553 3701 3623 πρῶτος

2043 3627 2246 3707 ἤρξατο
2301 3636 2407 3689 τῶν
2463 3630 2723 3707 ψαλμῶνο
2780 3633 2872 3689 καὶ
2925 3636 3120 3712 πρώην
3179 3635 3486 3714 ψαλτήριον
3544 3633 3705 3716 ὄργα-

2045 3741 2158 3793 νον,
2221 3719 2345 3777 ἀλλ’
2415 3720 2662 3798 ἀτέχνως
2720 3722 2812 3778 καὶ
2876 3719 3152 3780 ἰδιωτικὸν
3206 3723 3299 3780 καί
3356 3725 3497 3803 πρὸς
3559 3727 3700 3802 μόνα

2045 3805 2333 3882 ψάλλοντα
2358 3809 2425 3864 τὰ
2452 3809 2700 3884 ποίμνια.
2734 3807 2899 3867 Δαυῒδ
2930 3808 2989 3867 86
3030 3816 3194 3869 10610
3246 3815 3558 3891 σοφώτερον
3603 3836 3702 3873 κα-

2046 3896 2333 3953 τεσκεύασε
2377 3898 2468 3954 καὶ
2522 3900 2623 3969 τὴν
2686 3902 2886 3976 χρῆσιν
2955 3899 3121 3957 αὐτοῦ
3194 3903 3509 3978 μεθήρμοσε
3560 3904 3704 3980 πρὸς

2049 3984 2199 4041 Θεόν.
2230 3989 2318 4059 Τῷ
2347 3983 2513 4042 Δαυῒδ
2544 3984 2602 4042 86
2639 3986 2873 4061 ψαλμῶν
2927 3986 3299 4061 ὑποληπτέον,
3330 3989 3422 4046 ὅτε
3464 3992 3706 4068 προτάσ-

2049 4094 2196 4129 σεται
2250 4075 2346 4148 μὲν
2395 4077 2433 4146 ἡ
2482 4072 2552 4131 δι’
2599 4076 2835 4153 ὀργάνου
2884 4078 3143 4151 μουσικὴ,
3180 4074 3367 4135 ἕπεται
3416 4076 3476 4136 86
3526 4082 3563 4153 ὴ
3615 4077 3706 4138 διὰ

2049 4160 2320 4237 στόματος
2352 4165 2525 4242 φωνήο
2561 4162 2782 4240 ψαλμὸν
2813 4162 2872 4221 86
2925 4162 3072 4239 ᾠδὰς
3116 4164 3207 4222 6'16
3253 4164 3568 4243 τοῦμπαλιν
3614 4169 3708 4248 γί-

2048 4271 2218 4308 νεται.
2285 4253 2502 4324 Ῥητέον
2571 4251 2630 4309 86
2694 4254 2784 4310 καὶ
2839 4254 2964 4331 περὶ
3018 4253 3191 4330 ὕμνου
3246 4255 3338 4312 καὶ
3402 4253 3557 4314 αἶ’νου
3611 4257 3706 4316 καὶ

2050 4340 2502 4419 έξομολογήσεως
2530 4350 2849 4420 προσευχῆς
2877 4344 2967 4399 καὶ
2999 4342 3171 4421 εὐχῆς
3220 4346 3308 4402 καὶ
3363 4342 3705 4423 ἀναϐαθμοῦ.

2121 4432 2324 4504 ”Υμνος
2367 4431 2462 4504 μὲν
2512 4429 2605 4487 οὖν
2661 4431 2877 4509 λέγεται
2903 4434 2939 4503 ὴ
2972 4431 3329 4509 έπιτεταμένη
3391 4432 3704 4513 δοξολογία·

2051 4518 2197 4583 αἶνος
2248 4517 2307 4575 δὲ
2372 4520 2421 4575 ὁ·
2474 4518 2743 4596 σύντομος
2811 4519 3051 4586 ἔπαινος
3102 4522 3503 4601 ἐξομολόγησις
3564 4523 3624 4583 86
3668 4528 3706 4598 ἡ

2050 4609 2167 4664 κατ’
2227 4607 2467 4665 ἐπίτασιν
2525 4608 2798 4688 ὁμολογία
2827 4611 2862 4681 ἢ
2896 4608 3080 4668 καλῶν
3139 4613 3213 4668 ὧν
3271 4613 3638 4691 πεπόνθαμεν,
3668 4616 3706 4688 ἢ

2049 4701 2230 4753 κακῶν
2281 4699 2355 4753 ὧν
2415 4700 2799 4776 πεπράχαμεν.
2848 4701 2949 4755 Καὶ
3013 4703 3297 4779 προσευχὴ
3351 4703 3446 4779 μὲν
3491 4706 3527 4775 ἡ
3578 4701 3706 4776 δέη-

2051 4807 2154 4856 σις,
2203 4786 2344 4863 εὐχὴ
2395 4785 2454 4844 86
2490 4790 2526 4859 ἡ
2579 4788 2893 4866 ὑπόσχεσις,
2939 4786 3419 4865 παραλαμϐάνεται
3486 4790 3546 4849 δέ
3598 4815 3706 4850 που

2050 4875 2139 4930 καὶ
2170 4876 2207 4945 ἡ
2268 4875 2406 4952 εὐχὴ
2468 4876 2584 4933 ἀντὶ
2648 4880 2748 4949 τῆς
2816 4876 3070 4950 δεήσεως.
3120 4879 3303 4935 Πάντα
3350 4878 3409 4937 86
3458 4879 3710 4960 λέγονται

281 4956 401 5028 τοῦο
432 4956 739 5047 ψαλμῳδὸς
771 4965 829 5023 86
859 4968 887 5023 6
916 4967 1157 5039 ποιητὴς
1183 4965 1415 5022 τούτων·
1473 4963 1769 5044 ψαλτῳδνὸς
1812 4962 1871 5020 86
1918 4965 1947 5019 6
1978 4956 2022 5024 C
2058 4963 2196 5041 πρὸς
2252 4964 2402 5020 Θεόν.
2435 4966 2492 5019 '0
2534 4961 2849 5041 ἀναϐαθμὸς
2902 4964 2961 5023 86
3000 4969 3118 5024 καθ’
3168 4967 3413 5047 ἱστορίαν
3603 4970 3711 5044 δη·-

284 5059 516 5137 ψάλλων
565 5062 729 5114 τοῦτο
782 5060 1080 5131 μουσικῶς.
1130 5057 1188 5110 Ὃ
1234 5053 1442 5131 ψαλτὸς
1494 5053 1553 5111 86
1599 5057 1628 5110 6
1677 5052 1943 5129 ᾆδόμενος

286 5146 436 5214 Θεός·
467 5149 531 5206 τὸ
563 5146 621 5204 86
669 5144 957 5221 διάψαλμα
983 5148 1020 5216 ἢ
1059 5139 1371 5221 μεταϐολὴν
1419 5144 1478 5200 ἂν
1522 5143 1763 5219 σημαίνῃ
1810 5145 1944 5215 νοή-

292 5261 461 5317 ματος
506 5240 543 5309 ἢ
612 5234 812 5311 μέλους
883 5233 1186 5312 ἐναλλαγὴν
1235 5233 1272 5304 ἢ
1315 5228 1589 5304 ἀναϐολήν
1658 5253 1777 5289 τινα
1846 5237 1945 5287 106

287 5330 621 5408 κρούματος’
648 5326 685 5398 ἢ
721 5322 936 5401 μᾶλλον
992 5321 1261 5399 ἀσχολίαν
1310 5322 1431 5378 τινὰ
1476 5326 1574 5377 106
1634 5318 1946 5396 ψαλμῳδοῦ

287 5419 379 5476 καὶ
431 5417 777 5496 ὑπηρέμησιν
824 5413 875 5469 ὲν
923 5417 1004 5486 τῷ
1054 5411 1249 5486 μεταξὺ
1292 5418 1393 5481 τῆς
1437 5409 1766 5485 ψαλμῳδίας
1806 5432 1947 5484 συμ-

289 5503 597 5581 ϐαίνουσαν,
648 5505 725 5568 ὡς
779 5503 1126 5581 ἐγγινομένης
1174 5506 1473 5571 τηνικαῦτα
1525 5504 1595 5575 τῇ
1645 5497 1949 5574 ψαλμῳδίᾳ

292 5595 610 5672 καινοτέρας
672 5593 819 5656 τινὸς
886 5591 1033 5660 παρὰ
1079 5594 1177 5645 106
1243 5588 1404 5664 ἁγίου
1473 5589 1787 5662 Πνεόματος
1855 5585 1947 5643 έλ-

299 5688 563 5763 λάμψεως
590 5683 681 5741 καὶ
732 5682 1006 5758 μυήσεως.
1036 5678 1188 5741 Τινὲς
1232 5677 1323 5733 οὗν
1391 5677 1507 5734 ἀντὶ
1560 5682 1661 5735 106
1719 5673 1948 5751 διαψάλ-

581 5817 846 5873 vnum"
897 5810 1005 5869 Gn.
1055 5807 1283 5869 CXLII.

2054 5050 2155 5108 λοῖ
2179 5054 2280 5123 τὴν
2322 5052 2381 5109 ἐκ
2418 5049 2748 5118 Βαϐυλῶνος
2776 5052 2967 5112 ἄνοδον
3000 5056 3141 5133 πρὸς
3169 5059 3269 5128 τὴν
3318 5058 3706 5136 Ἰερουσαλὴμ,

2054 5143 2462 5221 χθαμαλωτέρα
2518 5145 2623 5222 γὰρ
2681 5146 2716 5215 ἡ
2783 5140 3065 5217 Βαϐυλὼν,
3124 5147 3159 5217 ὴ
3230 5144 3289 5202 86
3343 5147 3711 5225 Ἰερουσαλὴμ

2058 5231 2371 5309 ὑψηλότερα
2426 5235 2526 5303 τὴν
2583 5232 2703 5289 θέαν
2777 5233 2922 5289 θέσιν
2980 5234 3143 5294 ἐστίν.
3204 5236 3593 5315 Ἀναγωγικῶς
3653 5237 3713 5296 86

2056 5321 2314 5395 σημαίνει
2366 5322 2467 5392 τὴν
2513 5322 2654 5398 πρὸς
2702 5322 2930 5401 Θεωρίαν
2999 5320 3252 5381 ἀνάϐασιν
3296 5327 3326 5381 6
3372 5322 3710 5404 ἀναϐαθμὸς,

2054 5409 2146 5464 καὶ
2173 5411 2274 5480 τὴν
2303 5408 2363 5466 ἐκ
2390 5418 2491 5481 τῆς
2529 5418 2734 5488 γεηρᾶς
2767 5411 3046 5469 πολιτείαν
3096 5414 3186 5470 καὶ
3245 5413 3522 5489 έμπαθοῦς
3573 5417 3714 5494 πρὸς

2054 5499 2154 5569 τὴν
2184 5498 2620 5577 ἀπηλλαγμένην
2647 5498 2926 5579 διαγωγὴν
2953 5503 3043 5558 καὶ
3075 5503 3347 5582 οὐράνιον.
3379 5504 3614 5581 Ψαλμὸς
3658 5504 3717 5562 86

2055 5588 2146 5643 καὶ
2177 5586 2295 5661 ᾠδὴ
2326 5593 2416 5644 καί
2447 5591 2729 5667 προσευχὴ
2760 5590 2851 5647 καὶ
2874 5588 2929 5647 εἷ’
2944 5613 2995 5647 τι
3025 5589 3206 5670 ἕτερον
3231 5593 3283 5650 έν
3304 5600 3423 5659 τοῖς
3440 5597 3714 5671 ποιήμασι

2054 5681 2153 5732 106
2201 5675 2365 5733 Δαυῒδ
2411 5679 2480 5733 τὰ
2524 5677 2698 5735 πάντα
2761 5678 3066 5756 κοινότερον
3122 5680 3417 5740 καλοῦνται
3470 5681 3711 5760 ψαλμοί.

3355 5815 3431 5872 42
