4072 6422
380 395 537 455 1323

1634 390 2056 454 NICEPHORI
2101 390 2541 453 BLEMMlD/E

3640 393 3817 454 1324

446 528 561 580 Τῶν
610 521 1041 599 ψαλτῳδούντων
1089 520 1147 579 δὲ
1189 524 1357 600 χορὸν
1404 518 1627 579 ἕκαστον
1680 522 1741 579 ἐκ
1788 520 1884 578 δύο
1930 520 2021 578 καὶ
2052 525 2106 592 Α
2135 525 2244 577 τῶν
2294 529 2397 593 τῆς
2449 526 2548 578 τοῦ
2606 521 2809 598 Κυρίου
2866 521 3350 599 ένανθρωπήσεως.
3379 523 3530 579 Μετὰ
3574 520 3637 579 δὲ
3665 523 3816 602 χρό-

375 608 755 687 ἐϐδομήκοντα
802 613 1146 669 συνεστάσθαι
1205 612 1333 691 φασὶ
1407 609 1734 688 ψαλτῳδῶν,
1786 612 1840 667 οἳ
1895 612 2026 666 πάν-

375 722 464 765 τες
514 700 777 780 σάλπιγγι
823 699 915 757 καὶ
976 699 1245 775 τυμπάνῳ
1299 697 1675 776 μελῳδοῦντες
1724 699 1884 772 ἦσαν,
1931 698 2025 755 καὶ

380 790 599 854 λοιποῖς
639 790 882 869 ὀργάνων
933 788 1095 846 εἴδεσι
1147 793 1442 865 μουσικῶν.
1473 789 1653 854 Μόνος
1704 787 1763 845 δὲ
1800 790 1829 845 6
1859 786 2023 845 Δαυίδ

378 880 441 937 τὸ
501 879 783 957 βασιλικὸν
831 884 1082 957 κατεῖχεν
1119 876 1349 958 ὄργανον
1397 880 1460 935 τὸ
1508 879 1834 955 ψαλτήριον.
1885 878 2026 936 Σάλ-

377 990 566 1048 πιγγες
619 970 715 1044 μὲν
767 967 857 1026 οῦν
916 968 1006 1026 καί
1055 969 1309 1047 σύριγγες
1361 968 1707 1044 ἐμπνευσταὶ,
1749 967 1910 1046 λύραι
1969 965 2028 1024 δὲ

377 1059 469 1115 καὶ
500 1058 696 1135 κιθάρα
755 1059 985 1132 ἐνταταὶ,
1019 1054 1279 1133 κύμϐαλα
1326 1055 1383 1113 δὲ
1422 1057 1513 1114 καὶ
1558 1060 1814 1132 τύμπανα
1860 1078 2025 1134 κρου-

379 1149 495 1207 στά.
545 1150 625 1206 Τὸ
672 1146 977 1223 ψαλτήριον
1028 1145 1086 1202 δὲ
1144 1151 1253 1202 τῶν
1299 1146 1530 1202 ἐντατῶν
1601 1147 1694 1221 μὲν
1750 1146 1817 1217 ἦν
1875 1144 2023 1217 πλὴν

379 1234 587 1315 ὄρθιον,
618 1236 708 1316 καὶ
740 1233 938 1292 ἄνωθεν
968 1235 1085 1313 εἶχε
1122 1240 1229 1291 τῶν
1292 1236 1539 1315 φθογγῶν
1596 1237 1693 1299 τὰς
1751 1234 2023 1316 ἀφορμάς·

381 1323 509 1382 δέκα
553 1326 654 1403 γὰρ
711 1320 964 1399 κόλαϐοι,
1020 1325 1267 1381 τουτέστι
1320 1323 1703 1398 πασσαλίσκοι,
1752 1323 1878 1402 περί
1933 1325 2022 1380 τὸν

378 1420 565 1491 τῶχυν
605 1418 704 1470 τοῦ
751 1411 1062 1491 ψαλτηρίου
1104 1412 1457 1493 στρεφόμενοι
1507 1411 1763 1470 ἐνέτεινόν
1821 1434 1883 1470 τε
1935 1412 2025 1469 καὶ

380 1502 601 1579 ἐχάλων
626 1503 724 1566 τὰς
755 1499 961 1579 χορδὰς
990 1501 1130 1577 πρός
1167 1524 1228 1557 τε
1280 1502 1381 1571 τὴν
1431 1508 1533 1572 τῆς
1583 1502 1845 1578 ἁρμονίας
1897 1501 2023 1579 ῥυθη

386 1593 485 1667 μὸν
512 1591 601 1647 καὶ
629 1596 728 1647 τοῦ
781 1590 1304 1669 μεταχειριζομένου
1356 1591 1418 1645 τὸ
1480 1589 1758 1667 βούλημα,
1791 1589 1920 1646 δέκα
1966 1612 2028 1668 γε

383 1678 546 1744 οὔσας
597 1681 687 1736 καὶ
738 1680 903 1743 αὐτάς
944 1680 1034 1735 καὶ
1082 1678 1479 1757 ἀντιφθόγγους
1518 1677 1815 1751 ἀλλήλοις.
1848 1679 1946 1736 Καὶ
1988 1682 2025 1751 ἡ

389 1771 481 1843 μὲν
543 1770 688 1844 δεξιὰ
732 1771 856 1847 χεὶρ
899 1773 1123 1845 κατεῖχε
1167 1770 1230 1824 τὸ
1277 1767 1580 1846 πλῆκτρον,
1613 1772 1648 1839 ἡ
1681 1766 1729 1824 δ’
1773 1769 2029 1846 ἀριστερᾶ

381 1863 490 1914 τῶν
541 1856 760 1936 χορδῶν
819 1850 1016 1922 ἄνωθεν
1076 1856 1419 1936 ἐφαπτομένη
1506 1859 1643 1913 κατὰ
1725 1854 2049 1922 διαστάσεις

380 1950 472 2004 καὶ
519 1949 695 2026 συχνὰ
751 1952 868 2011 τοῖς
938 1944 1228 2009 δακτύλοις
1298 1951 1661 2022 μετατιθεῖσα,
1710 1946 1874 2024 βαρὺν
1938 1948 2029 2003 καὶ

383 2037 505 2109 ὀξὺν
537 2037 574 2107 ἢ
604 2037 940 2115 κεκραμένον
1000 2035 1235 2114 φθόγγον
1293 2035 1590 2113 εἰργάζετο,
1622 2037 1760 2112 πρὸς
1814 2035 1878 2093 τὸ
1930 2041 2029 2093 τοῦ

379 2125 797 2202 ψαλτῳδοῦντος
882 2122 1213 2201 μελῴδημα·
1301 2122 1700 2201 διδασκομένων
1789 2124 2026 2190 ἐντεῦθεν

378 2219 542 2291 ἡμῶν
600 2216 677 2280 ὡς
736 2212 819 2271 δεῖ
846 2214 936 2271 καὶ
967 2216 1116 2289 ἡμᾶς
1146 2211 1327 2290 ὥσπερ
1361 2212 1411 2288 ἐξ
1471 2209 1844 2292 ἀντιφθόγγων
1904 2211 2032 2270 δέκα

379 2303 601 2383 χορδῶν
654 2308 764 2362 τῶν
820 2306 859 2359 ε’
898 2300 1177 2378 δυνάμεων
1223 2310 1324 2374 τῆς
1365 2305 1574 2380 ψυχῆς,
1630 2304 1721 2359 καὶ
1774 2307 1880 2359 τῶν
1932 2307 2030 2359 τοῦ

379 2395 635 2468 σώματος
682 2394 1007 2466 αἰσθήσεων,
1038 2391 1358 2469 ἐναρμόνιον
1421 2392 1587 2467 μέλος
1646 2392 2031 2471 ἀνακρούεσθαι

377 2482 459 2558 τῷ
509 2488 646 2557 Θεῷ,
703 2482 793 2539 καὶ
850 2488 953 2538 πᾶν
1014 2478 1171 2560 ἔργον
1224 2482 1316 2537 καὶ
1371 2480 1557 2557 νόημα
1620 2480 1822 2540 ἄνωθεν
1881 2479 2028 2562 ἔχειν

378 2575 528 2650 παρᾶ
556 2577 712 2645 Θεοῦ,
740 2572 831 2629 καὶ
853 2570 1021 2635 ὅλους
1050 2570 1189 2646 πρὸς
1217 2570 1378 2627 αὐτὸν
1406 2571 1798 2632 ἀποτείνεσθαι.

451 2686 566 2737 Τῶν
597 2678 832 2756 ψαλμῶν
866 2676 925 2735 δὲ
952 2682 989 2750 ἡ
1019 2678 1166 2751 τάξις
1199 2678 1261 2735 οὐ
1291 2677 1481 2756 γέγονε
1526 2680 1704 2744 καθὼς
1749 2680 1802 2753 ἐξ
1848 2679 2030 2759 ἀρχῆς

383 2770 743 2843 ἐποιήθησαν,
794 2767 943 2826 ἀλλὰ
988 2769 1109 2833 καθ’
1158 2766 1338 2844 ὥσπερ
1399 2769 1713 2845 εὑρέθησαν.
1752 2774 1867 2827 Τῶν
1926 2771 2031 2848 γὰρ

381 2857 659 2918 Ἰουδαίων
711 2858 1230 2938 καταφρονησάντων
1285 2862 1440 2930 Θεοῦ,
1499 2856 1677 2932 λήθην
1724 2881 1788 2917 τε
1832 2855 2033 2917 λαϐόν-

377 2971 487 3006 των
541 2953 651 3006 τῶν
707 2947 951 3024 πατρίων
999 2947 1155 3021 ἐθῶν,
1213 2946 1302 3003 καὶ
1378 2945 1524 3004 πολὺ
1603 2946 1842 3023 μάλιστα
1921 2953 2029 3007 τῶν

377 3042 617 3118 γραφῶν,
667 3037 782 3094 εἶτα
826 3035 916 3094 καί
970 3040 1186 3093 πυκνῶν
1264 3034 1665 3112 αἰγμαλωσιῶν
1735 3037 2030 3116 γεγενημέ-

376 3150 484 3184 νων
532 3128 670 3184 κατὰ
713 3124 960 3204 καιροὺς,
1010 3124 1389 3205 παρεῤῥύησαν
1439 3126 1496 3182 αἱ
1543 3121 1731 3203 βίϐλοι
1785 3128 1878 3183 καὶ
1927 3124 2033 3184 διε-

378 3218 677 3297 φθάρησαν,
714 3216 814 3291 ὀψὲ
843 3212 902 3271 δέ
930 3236 1065 3271 ποτε
1090 3215 1192 3286 τὴν
1241 3215 1367 3292 περὶ
1413 3216 1513 3285 τήν
1559 3214 1736 3273 αὐτῶν
1789 3237 2033 3294 συναγω-

375 3268 513 3383 «HT
528 3268 557 3361 ἒ
572 3268 587 3272 ⁷
602 3268 925 3385 ξιᾏᾷεἱᾷθῆς
939 3268 1000 3360 ⁷⁷6
1018 3268 1029 3271 ⁷
1044 3268 1813 3383 gasmg‘mgggEm;
1829 3268 1848 3272 ⁷
1865 3268 2031 3379 ’ᾧζῖς-
2060 3268 2105 3338 C

378 3397 563 3475 θροισε
616 3393 709 3449 καὶ
753 3391 1102 3471 τρισχιλίους
1143 3390 1399 3466 ψαλμοὺς
1444 3391 1670 3469 ἐπιθεὶς,
1705 3394 1892 3459 αὐτοῖς
1938 3394 2030 3451 καὶ

378 3482 526 3557 τάξιν
555 3482 750 3545 θέσεως
779 3483 878 3558 (al.
907 3483 971 3538 τὸ
1002 3482 1313 3557 συνθέσεως)
1353 3481 1491 3560 πρὸς
1531 3482 1625 3538 τὸν
1682 3484 1869 3560 καιρὸν
1926 3491 2032 3555 τῆς

384 3571 608 3629 ἐκάστου
661 3571 869 3627 τούτων
927 3571 1210 3649 εὑρέσεως.
1266 3570 1517 3649 Ὕστερον
1576 3568 1635 3627 δὲ
1690 3571 1719 3628 6
1774 3571 2030 3648 βασιλεὺς

382 3660 625 3732 Ἐζεκίας
679 3661 778 3731 τὴν
848 3659 1105 3733 τοιαύτην
1184 3662 1499 3738 συναγωγὴν
1582 3658 1846 3733 ἐπελθὼν,
1901 3660 2030 3725 τοὺς

370 3750 619 3814 πολλοὺς
682 3751 776 3825 μὲν
831 3750 1064 3823 ἠθέτησε
1118 3753 1226 3807 τῶν
1281 3748 1538 3825 ψαλμῶψ
1586 3749 1716 3814 τοὺς
1749 3751 1794 3827 ρ’
1823 3747 1882 3807 δὲ
1939 3750 2031 3806 καὶ

370 3843 415 3898 ν’
449 3839 612 3915 μόνον
669 3841 905 3918 ἐνέκρινε
954 3841 1031 3915 μὴ
1081 3837 1381 3911 ἐναλλάξας
1435 3839 1537 3911 τὴν
1596 3838 1741 3913 τάξιν
1789 3842 1890 3911 τῆς
1942 3841 2029 3897 θέ-

375 3951 534 4002 σεως,
566 3927 713 3987 ἀλλᾶ
738 3929 866 3993 τοὺς
912 3929 1166 4005 πρώτους
1226 3929 1472 4005 τηρήσας
1519 3928 1611 3985 καὶ
1654 3927 1807 3995 αὖθις
1874 3930 2028 4007 πρώ-

365 4041 519 4092 τους,
548 4020 640 4075 καί
671 4019 749 4084 εἰς
797 4020 896 4089 τήν
957 4019 1080 4091 ἑξῆς
1135 4019 1327 4095 χώραν
1389 4016 1547 4082 ἐάσας
1601 4018 1731 4083 τοὺς
1782 4020 1899 4094 μετ’
1938 4018 2031 4075 αὖ·

367 4108 518 4172 τούς.
577 4109 686 4181 Τὴν
743 4107 1002 4181 τοιαύτην
1061 4104 1122 4163 δὲ
1177 4104 1449 4185 διάκρισιν
1502 4106 1747 4178 Ἐζεκίας
1804 4107 2032 4181 ἐποίησε

366 4197 459 4254 καὶ
518 4196 607 4254 ἐπὶ
657 4202 754 4254 τοῦ
813 4198 1182 4270 Σολομῶντος
1240 4193 1651 4272 συγγράμμασι·
1730 4195 1857 4274 τρία
1924 4196 2029 4273 γὰρ

372 4284 727 4362 ἐκλεξάμενος
781 4286 873 4342 καὶ
934 4284 1093 4360 μόνα,
1121 4285 1220 4348 τὰς
1277 4283 1607 4361 Παροιμίας,
1637 4285 1728 4341 τὸν
1799 4283 2032 4357 Ἐκκλη-

371 4377 614 4449 σιαστὴν,
654 4376 744 4433 καὶ
799 4377 862 4433 τὸ
909 4377 1096 4449 ᾏσμα
1150 4377 1257 4429 τῶν
1311 4371 1589 4447 ᾀσμάτων,
1620 4371 1800 4430 τᾶλλα
1854 4376 2030 4431 πάντα

373 4462 793 4541 ἀπεδοκίμασεν,
840 4462 985 4539 ᾠδὰς
1040 4459 1334 4542 διαφόρους
1375 4462 1466 4517 καὶ
1511 4463 1638 4538 περὶ
1696 4466 1877 4542 φυτῶν
1937 4463 2030 4520 καὶ

374 4552 544 4612 λίθων
578 4555 672 4612 καὶ
698 4562 797 4627 τῆς
825 4554 1000 4611 αὐτῶν
1033 4549 1317 4627 δυνάμεως
1335 4548 1665 4629 παραδόσεις
1684 4549 2028 4617 πολυειδεῖς.

2131 629 2258 674 νους
2288 611 2335 688 γ’
2381 610 2471 665 καὶ
2529 610 2580 667 λ’
2630 613 2732 681 τῆς
2786 609 3044 682 τοιαύτης
3100 607 3364 675 ἐκδόσεως
3423 612 3453 668 6
3513 612 3817 677 Σινωπεὺς

2134 697 2371 762 Ἀκύλας
2426 696 2566 755 ἰδίαν
2622 697 2917 771 ἐποιήσατο
2976 695 3189 755 ἔκδοσιν
3250 698 3341 755 ἐπὶ
3390 699 3811 778 αὐτοκράτορος

2131 788 2419 863 Ῥωμαίων
2480 786 2769 867 Ἀδριανοῦ
2822 792 2920 844 τοῦ
2996 786 3393 866 λεπρωθέντος,
3457 791 3578 865 μεθ’
3634 792 3699 862 ἣν
3767 794 3806 861 ἡ

2130 880 2230 932 τοῦ
2280 877 2339 932 ἐκ
2399 878 2714 955 Σαμαρείας
2773 875 3085 954 Συμμάχου
3147 877 3369 955 γέγονεν
3429 875 3647 943 ἔκδοσις
3710 880 3811 936 ἐπὶ

2139 963 2406 1042 βασιλέως
2440 961 2689 1043 Σεϐήρου
2737 969 2836 1037 τῆς
2865 970 2963 1022 τοῦ
3017 964 3220 1024 Ἀκύλα
3269 964 3536 1033 ἐκδόσεως
3582 967 3811 1047 ὑστερί-

2137 1058 2302 1123 ζουσα
2349 1054 2569 1132 χρόνοις
2620 1057 2664 1120 ς’
2722 1055 2813 1111 καὶ
2851 1057 2915 1114 ν’.
2979 1054 3187 1128 Ταύτην
3237 1052 3541 1135 προέλαϐεν
3602 1060 3641 1129 ἡ
3700 1064 3811 1115 τοῦ

2135 1141 2382 1221 Ἐφεσίου
2441 1142 2801 1208 Θεοδοτίωνος
2846 1142 2934 1200 ἐπὶ
2988 1144 3259 1221 βασιλέως
3309 1153 3565 1223 γεγονυῖα
3617 1149 3812 1222 Κομότ

2136 1228 2253 1286 δου·
2288 1231 2576 1308 εὑρέθησαν
2633 1231 2691 1289 δὲ
2743 1235 2834 1291 καὶ
2863 1235 2919 1289 αἱ
2953 1232 3143 1291 λοιπαὶ
3204 1232 3301 1290 δύο
3358 1232 3601 1299 ἐκδόσεις
3662 1236 3811 1292 ἀνώ-

2133 1340 2321 1394 νυμοι,
2380 1323 2416 1395 ἡ
2482 1322 2576 1396 μὲν
2644 1319 2734 1377 ἐπὶ
2785 1320 3112 1399 Καρακάλου
3167 1322 3446 1400 ἡγεμόνος
3505 1325 3802 1401 Ῥωμαίων

2134 1407 2186 1464 ἐν
2249 1410 2465 1486 Ἰεριχῷ
2520 1416 2873 1490 κεκρυμμένη
2937 1411 2988 1468 ἐν
3028 1412 3197 1487 πίθῳ,
3230 1415 3265 1483 ἡ
3295 1410 3354 1468 δὲ
3381 1411 3434 1469 ἐν
3492 1413 3793 1472 Νικοπόλει

2133 1497 2360 1554 κατὰτὸ
2391 1501 2611 1557 ’Ἀκτιον
2675 1500 2764 1558 ἐπὶ
2795 1498 3155 1579 Ἀλεξάνδρου
3210 1506 3306 1558 τοῦ
3355 1509 3456 1574 τῆς
3515 1504 3785 1579 Μαμαίας.

2135 1587 2391 1662 Ὕοτερον
2446 1584 2504 1642 δὲ
2559 1589 2588 1643 6
2651 1588 2821 1666 μέγας
2873 1590 3117 1660 ἀσκητὴς
3172 1589 3263 1644 καὶ
3326 1592 3535 1665 μάρτυς
3568 1600 3787 1648 Λουκια-

2135 1675 2226 1738 νὸς
2279 1674 2595 1754 φιλοπόνως
2652 1676 2895 1735 ἐπελθὼν
2922 1679 3017 1742 τᾶς
3073 1672 3301 1756 βίϐλους
3351 1684 3460 1736 τῶν
3494 1679 3795 1757 Ἰουδαίων,

2138 1762 2337 1829 ἐκεῖθεν
2369 1764 2530 1829 αὐτὸς
2590 1766 2669 1830 εἰς
2722 1769 2822 1837 τὴν
2856 1765 3154 1840 Ἑλληνίδα
3202 1765 3488 1826 διάλεκτον
3533 1773 3638 1841 τήν
3695 1792 3801 1828 πα-

2140 1850 2296 1909 λαιὰν
2343 1855 2562 1933 Γραφήν
2626 1857 2980 1933 μετενήνοχε.
3015 1857 3119 1914 Καὶ
3178 1860 3551 1936 συμφωνήσας
3602 1860 3801 1936 εὑρέθη

2136 1946 2254 2005 τοῖς
2310 1937 2713 2017 ἐϐδομήκοντα.
2761 1949 2878 2001 Τῶν
2939 1943 3152 2001 λοιπῶν
3210 1944 3476 2003 ἐκδόσεων
3530 1950 3802 2023 κεκτημέ-

2137 2052 2244 2088 νων
2285 2029 2473 2087 πολλὰ
2500 2032 2566 2088 τὰ
2595 2030 2934 2112 διεφθορότα.
2970 2036 3167 2112 Γέγονε
3222 2032 3280 2092 δὲ
3332 2040 3433 2093 τοῦ
3492 2037 3802 2112 θαυμασίου

2139 2125 2442 2176 Λουκιανοῦ
2489 2123 2524 2191 ἡ
2571 2118 2782 2186 ἕκδοσις
2842 2122 2930 2180 ἐπὶ
2976 2131 3077 2196 τῆς
3140 2122 3419 2200 βασιλείας
3473 2125 3805 2200 Διοκλητια-

2138 2213 2236 2264 νοῦ
2290 2210 2381 2265 καὶ
2439 2210 2780 2285 Μαξιμιανοῦ
2863 2217 2971 2269 τῶν
3050 2215 3348 2291 τυράννων
3404 2212 3531 2285 ἥτις
3606 2218 3803 2294 εὑρέθη

2139 2299 2268 2375 παρ’
2324 2296 2612 2363 Ἰουδαίοις
2670 2300 2721 2354 ἐν
2780 2299 3125 2376 Νικομηδείᾳ
3207 2301 3494 2380 πυργίσκῳ
3567 2327 3809 2382 κεκρυμ-

2145 2388 2279 2461 μένη
2312 2388 2677 2464 κεκονιαμένῳ
2704 2394 2802 2446 τοῦ
2835 2391 3075 2469 μεγάλου
3104 2392 3504 2449 Κωνσταντίνου
3546 2400 3652 2450 τοῦ
3680 2396 3809 2451 τότε

2138 2478 2239 2548 τὴν
2274 2477 2550 2554 βασιλείαν
2594 2477 2899 2544 διέποντος.

2214 2584 2373 2661 Φέρει
2426 2582 2485 2641 δὲ
2526 2586 2662 2661 ἡμῖν
2714 2586 2967 2666 ἀσάφειαν
3012 2589 3048 2658 ἡ
3098 2587 3436 2666 παλαιγενὴς
3480 2589 3609 2668 ἀγία
3665 2597 3804 2670 Γρα-

2142 2675 2239 2753 φὴ’
2272 2673 2409 2730 κατὰ
2439 2671 2536 2730 δύο
2564 2676 2632 2731 τὰ
2655 2673 2821 2750 αἶ’τια,
2855 2676 2942 2733 ὅτι
2995 2698 3056 2733 τε
3102 2673 3592 2756 συμϐολικώτερον
3653 2678 3801 2759 λέγει

2139 2763 2265 2839 περὶ
2296 2764 2554 2840 Χριστοῦ,
2585 2764 2677 2820 καὶ
2708 2762 2901 2830 ἀπλῶς
2950 2771 3056 2822 τῶν
3113 2766 3240 2844 περὶ
3294 2773 3401 2837 τῆς
3455 2767 3583 2831 νέας
3638 2770 3803 2847 χάρι-

2138 2873 2233 2917 τος
2261 2852 2330 2909 τὰ
2356 2851 2534 2910 πλείω
2577 2855 3041 2930 συνεσκιασμένως
3091 2852 3371 2928 ὑποδηλοῖ
3401 2854 3492 2913 διὰ
3532 2858 3634 2929 τὴν
3688 2864 3801 2915 τῶν

2141 2943 2421 3018 ἀκροατῶν
2482 2942 2753 3001 ἀπείθειαν
2814 2945 2905 3000 καὶ
2962 2942 3337 3020 σκληρότητα,
3397 2946 3488 3002 καὶ
3545 2944 3634 3000 ⁴ἵνα
3710 2950 3792 3019 μὴ

2143 3028 2232 3089 διὰ
2258 3034 2359 3105 τήν
2392 3034 2593 3091 ἑαυτῶν
2643 3031 3008 3113 κακοτροπίαν
3068 3035 3432 3114 ἀφανισθῶσιν
3485 3036 3537 3090 αἰ
3594 3028 3790 3112 βίϐλοι

2138 3121 2348 3193 τέλεον,
2376 3123 2469 3179 καὶ
2524 3121 2607 3180 ὅτι
2669 3122 2751 3198 τῷ
2838 3123 3312 3200 μεταγλωττισμῷ
3359 3128 3441 3198 τῷ
3492 3119 3790 3181 διαλέκτων

2142 3211 2543 3292 συνεισφέρεταί
2571 3234 2689 3277 πως
2716 3213 2779 3269 τὸ
2809 3213 3029 3292 ἀσαφὲς,
3061 3213 3138 3276 ὡς
3168 3209 3350 3284 ἄλλης
3369 3212 3620 3291 γλώττης
3650 3210 3807 3271 ἄλλα

2139 3300 2263 3357 τινὰ
2290 3302 2631 3377 κεκτημένης
2667 3300 2960 3377 ἰδιώματα,
2988 3302 3078 3358 καὶ
3105 3307 3226 3366 ταῖς
3276 3301 3487 3380 ἑτέραις
3528 3301 3809 3380 γλώτταις

2140 3390 2485 3463 ἀκοινώνητα
2512 3389 2602 3448 καί
2631 3391 2920 3466 ἀμέθεκτα.

2211 3487 2265 3538 Ὁ
2300 3482 2395 3556 μὲν
2454 3479 2546 3537 οὗν
2604 3481 2911 3555 θεόληπτος
2993 3480 3250 3560 βασιλεὺς
3329 3483 3424 3539 καὶ
3507 3485 3813 3563 προφήτης

2142 3568 2327 3644 Δαυῒδ,
2386 3571 2567 3633 καθὼς
2617 3569 2836 3646 ἐμυεῖτο
2894 3572 3042 3650 παρᾶ
3088 3576 3188 3627 τοῦ
3246 3570 3587 3646 Πνεύματος,
3646 3573 3814 3651 ἐξήγ-

2140 3657 2310 3737 γελλε
2366 3656 2456 3715 διὰ
2504 3663 2615 3716 τῶν
2674 3657 2932 3736 ψαλμῶν,
2988 3660 3130 3739 πρός
3184 3681 3244 3718 τε
3297 3662 3396 3737 τὰς
3451 3662 3572 3715 κατ’
3632 3660 3814 3735 αὐτῆς

2139 3746 2398 3812 ποικίλας
2460 3750 2804 3825 περιπετείας
2865 3749 3096 3814 τούτους
3163 3748 3462 3830 ἐφήρμοζε.
3513 3752 3814 3824 Δυνάμεθα

2142 3833 2200 3893 δέ
2255 3837 2346 3893 καὶ
2400 3839 2565 3914 ἡμεῖς
2623 3838 2984 3915 μεθαρμόζειν
3045 3840 3260 3903 έαυτοῖς
3313 3837 3444 3903 τοὺς
3514 3840 3818 3906 τοιούτους

2139 3923 2417 4002 ψαλμοὺς,
2470 3927 2703 4005 ἐχθροὺς
2764 3929 2858 4004 μὲν
2918 3934 3156 4007 Χριστοῦ
3211 3932 3470 3993 νοοῦντες
3522 3927 3655 3992 τοὺς
3719 3930 3822 4010 ἐχ-

2141 4013 2304 4090 θροὺς
2358 4019 2467 4073 τῶν
2544 4022 2880 4093 Χριστιανῶν
2967 4015 3275 4083 δαίμονας·Δ
3310 4018 3541 4096 Χριστὸν
3602 4015 3664 4074 δὲ
3720 4021 3822 4076 καὶ

2139 4101 2303 4160 Δαυῒδ
2358 4106 2449 4161 καὶ
2510 4105 2738 4183 βασιλέα
2791 4106 2885 4163 τὸν
2942 4109 3062 4164 καθ’
3092 4104 3318 4165 ἕκαστον
3371 4110 3561 4183 ἡμῶν.
3597 4106 3823 4188 fama?

2137 4192 2239 4270 γὰρ
2269 4193 2473 4258 ἐκεῖνος
2506 4193 2730 4271 ἐχρίσθη
2773 4200 2854 4271 τῷ
2886 4194 3058 4271 ἐλαίῳ
3114 4200 3213 4268 τῆς
3267 4197 3454 4276 ἀρχῆς
3512 4196 3590 4260 εἰς
3658 4198 3827 4274 βασι-

2141 4278 2318 4353 λείαν,
2375 4282 2519 4339 οὕτω
2569 4283 2661 4339 καὶ
2707 4287 2875 4360 ἡμεῖς
2928 4290 3008 4361 τῷ
3042 4285 3213 4360 ἐλαίῳ
3264 4291 3364 4343 τοῦ
3427 4284 3823 4364 βαπτίσματος

2139 4370 2219 4434 εἰς
2250 4371 2527 4449 βασιλείαν
2573 4371 2911 4451 ἐχρίσθημεν
2965 4377 3069 4447 τήν
3128 4374 3181 4432 ἐν
3234 4375 3514 4453 οὐρανοῖς.
3549 4376 3658 4433 Καὶ
3702 4379 3820 4435 πά-

2140 4458 2227 4516 λιν
2287 4460 2472 4517 Σαοὺλ
2532 4461 2626 4536 μὲν
2666 4462 2758 4518 καὶ
2784 4458 3155 4539 Ἀϐεσσαλὼμ
3207 4462 3300 4521 καὶ
3360 4461 3417 4521 εἷ’
3435 4486 3518 4527 τις
3546 4464 3821 4540 τύραννος

2139 4546 2299 4605 αὐτὸν
2327 4548 2526 4606 ἐτύπου
2583 4552 2675 4608 τὸν
2724 4547 3010 4631 διάϐολον,
3059 4548 3393 4618 ἐπιϐούλους
3439 4550 3500 4610 δὲ
3543 4554 3637 4610 καὶ
3688 4552 3821 4620 θλί-

446 4662 869 4741 Μετηνέχθησαν
930 4658 989 4717 δὲ
1043 4660 1099 4715 οι
1153 4657 1385 4732 Ψαλμοὶ
1425 4658 1516 4714 καὶ
1546 4659 1583 4729 ἡ
1616 4656 1764 4731 ἄλλη
1821 4658 2032 4716 παλαιᾶ
2057 4640 2106 4708 D
2138 4631 2333 4741 50y?“
2379 4638 2470 4695 καὶ
2518 4638 2983 4741 κῇζταδιώκοξταςε
3012 4642 3104 4741 καὶ
3154 4641 3256 4699 ὅσα
3303 4647 3556 4741 Τοιαῦξαι
3615 4642 3689 4741 fi
3750 4641 3818 4702 δὲ

372 4752 561 4832 Γραφὴ
615 4750 677 4807 ἐκ
713 4758 815 4822 τῆς
861 4745 1148 4827 Ἐϐραίδος
1198 4743 1486 4803 διαλέκτου
1529 4746 1669 4823 πρὸς
1697 4749 1797 4819 τὴν
1827 4747 2028 4806 Ἐλλά-

373 4837 441 4896 δα
498 4838 804 4914 διάλεκτον,
863 4842 1083 4917 πρῶτον
1141 4835 1236 4911 μὲν
1294 4834 1384 4892 ἐπὶ
1447 4839 1548 4891 τοῦ
1610 4837 1724 4911 μετ’
1777 4835 2027 4911 Ἀλέξαν-

373 4927 500 5006 δρον
557 4930 651 4986 τὸν
705 4928 990 4986 Φιλίππου
1046 4932 1146 4997 τῆς
1202 4923 1478 5003 Αἰγύπτου
1562 4925 2028 5003 ἡγεμονεύσαντος

370 5018 721 5094 Πτολεμαίου
775 5023 874 5075 τοῦ
925 5012 1280 5092 Φιλαδέλφου
1331 5014 1434 5071 ὑπὸ
1491 5019 1672 5094 σοφῶν
1727 5013 1935 5095 ἄνδρῶν
1982 5019 2027 5074 ο¹

369 5105 691 5185 παραδόξως
755 5104 1236 5188 συμφωνησάντων
1292 5104 1394 5174 τὴν
1458 5106 1885 5181 μεθερμήνευσιν
1933 5106 2024 5163 καὶ

370 5197 470 5253 οὐκ
500 5195 731 5255 ἄλλοθεν
764 5198 799 5269 ἢ
832 5198 1045 5260 πάντως
1073 5194 1134 5250 ἐκ
1160 5196 1259 5265 τῆς
1306 5198 1405 5249 τοῦ
1459 5193 1725 5270 παναγίου
1779 5194 2027 5269 Πνεύμα-

367 5306 460 5348 τος
516 5287 865 5365 ὑφηγήσεως.
897 5287 1044 5342 Κατᾶ
1102 5282 1198 5340 δύο
1250 5283 1378 5359 γὰρ,
1423 5280 1499 5346 ὥς
1547 5304 1709 5361 φησιν
1762 5282 2025 5349 Ἰουδαῖος

370 5376 401 5430 6
432 5374 646 5432 Φίλωνο
692 5377 765 5440 ὡς
797 5373 843 5431 δ’
872 5377 901 5432 6
956 5377 1098 5437 θεῖος
1155 5371 1506 5451 ἀποφαίνεται
1565 5374 1853 5438 Ἰουστῖνος
1905 5376 2024 5430 καθ’

368 5461 463 5520 ἕνα
519 5462 869 5543 διαιρεθέντες
921 5470 1093 5520 πᾶσαν
1147 5463 1247 5533 τὴν
1292 5458 1531 5518 παλαιὰν
1583 5464 1802 5542 Γραφὴν
1865 5461 2022 5528 ἰδίως

373 5554 847 5630 μεθηρμήνευσαν.
878 5556 1032 5627 Μήτε
1077 5552 1210 5609 κατᾶ
1257 5551 1359 5622 τήν
1405 5548 1631 5624 ἔννοιαν,
1694 5554 1835 5627 μήτε
1883 5553 2022 5610 κατᾶ

363 5643 464 5712 τὴν
498 5641 641 5716 λέξιν
668 5642 935 5717 ἀλλήλων
964 5640 1363 5721 διενεγκόντιυν.
1395 5642 1590 5717 Γέγονε
1645 5638 1704 5697 δὲ
1751 5644 1787 5712 ἡ
1836 5640 2020 5698 τοιαύ-

362 5751 432 5804 τη
497 5733 923 5809 μεθερμήνευσις
972 5729 1079 5807 πρὸ
1136 5729 1253 5794 ἐνὸς
1311 5728 1401 5783 καὶ
1457 5727 1784 5804 τριακοσίων
1843 5728 2018 5787 ἐνιαυ-

2144 4728 2220 4802 μή
2276 4729 2732 4807 προσαρμόζοντα
2786 4736 2896 4789 τῶν
2956 4731 3163 4811 ῥητῶν.
3231 4731 3323 4789 καὶ
3396 4736 3568 4788 ταῦτα
3620 4730 3813 4813 ἐκφω-

2136 4821 2336 4892 νοῦμεν
2393 4817 2585 4882 ἀπλῶς
2639 4819 2715 4883 ὡς
2770 4823 2953 4900 φωνὰς
2995 4827 3094 4879 τοῦ
3146 4816 3306 4900 ἆγίου
3334 4821 3679 4897 Πνεύματος,
3713 4820 3815 4880 διὰ

2135 4907 2343 4963 τούτων
2376 4908 2688 4985 ἀγιάζοντος
2721 4908 2778 4965 δὲ
2809 4911 3052 4976 ἑαυτούς.
3774 4904 3781 4909 ⁷

2208 4995 2430 5059 Πολλὰς
2465 4995 2524 5053 δὲ
2551 4999 2630 5071 τῷ
2662 4994 2779 5055 ὅντι
2814 4996 3122 5075 μεταϐολὰς
3156 5002 3185 5058 6
3216 5005 3361 5068 θεῖος
3420 4996 3555 5080 ἔσχε
3598 4990 3809 5081 ,Δαυίξο

2134 5086 2270 5142 ποτὶ
2302 5086 2396 5160 μὶν
2433 5066 2624 5165 ἔφευγε
2654 5066 2982 5164 πολεμίους,
3015 5092 3150 5147 ποτέ
3180 5066 3240 5147 δέ
3291 5066 3531 5154 ἄλλαις.
3918 5128 3931 5135 -

2134 5196 2235 5232 πτε
2264 5182 2593 5253 συμφοραῖς·
2628 5177 2762 5265 ποτὶ
2793 5175 2841 5235 δ’
2870 5178 2935 5234 αὖ
2987 5178 3394 5259 θυμηρεστέραν
3444 5164 3595 5257 εἶχε

2133 5264 2240 5321 Καὶ
2290 5267 2384 5320 νῦν
2441 5264 2535 5338 μὲν
2594 5263 2764 5322 ὥδευε
2816 5268 2916 5338 τὴν
2979 5270 3124 5335 Θείαν
3157 5267 3307 5343 ὁδὸν,
3336 5266 3451 5325 νυνὶ
3481 5264 3542 5325 δὲ
3597 5250 3807 5351 “5.51:3

2131 5353 2485 5431 προσέπταιεν
2521 5355 2656 5426 ἅπαξ
2688 5356 2895 5413 ἅπαντα
2925 5347 3165 5415 συνελὼν
3192 5355 3447 5437 ἤθροισεν
3479 5354 3532 5413 ἐν

2131 5445 2359 5518 ψαλμῷ,
2421 5442 2471 5499 ἐν
2531 5445 2576 5516 ᾧ
2639 5447 2913 5519 μέμνηται
2970 5448 3145 5523 νόμου
3228 5449 3321 5504 καὶ
3388 5440 3645 5525 ἐντολῶῆ

2135 5532 2463 5612 μαρτυρίων,
2495 5534 2775 5610 κριμάτων
2803 5557 2862 5592 τε
2889 5536 2982 5593 καὶ
3016 5532 3425 5615 δικαιωμάτων.
3590 5532 3595 5535 ⁷

2202 5646 2295 5697 Δεῖ
2343 5636 2433 5696 οὖν
2494 5637 2688 5696 εἰδέναι
2749 5641 2835 5699 ὅτι
2866 5643 2896 5700 ό
2942 5644 3115 5725 νόμος
3176 5646 3271 5721 μὲν
3326 5640 3549 5722 κυρίως

2127 5728 2369 5795 καθόλου
2425 5732 2531 5783 τῶν
2591 5729 2824 5789 ἐντολῶν
2880 5720 3247 5814 περιεκτικδς,
3276 5732 3355 5799 ὡς
3388 5720 3497 5807 [τὸ.
3524 5753 3558 5805 σ

3410 6208 3441 6239 ἠ
3512 6204 3623 6243 ρξῑῖ
3662 6204 3745 6239 537'"
3780 6216 3815 6241 ζ
3842 6230 3867 6243 ,ν

3430 6246 3509 6283 ῖλ-ιῖ
3542 6236 3653 6286 ³
3886 6250 3971 6289 ῖ-ᾙ.

3382 6296 3405 6309 ν.
3424 6288 3429 6291 ‘
3450 6286 3495 6315 ιζέ-
3541 6297 3584 6320 :5!
3599 6277 3726 6320 433.311
3741 6285 3823 6314 ,ξδ’-τ’
3849 6289 3868 6306 ‘-'
3885 6313 3888 6316 .

3330 6316 3478 6360 κληῒς
3785 6329 3796 6338 -
3813 6329 3822 6340 --

3318 6357 3574 6400 ﬁla-1.3.155:
3625 6365 3646 6386 δ’
3695 6365 3722 6374 '"

3318 6396 3345 6401 "'
3377 6403 3392 6414 _...-
3429 6389 3470 6408 ’ὃ
3483 6393 3526 6412 ζ..ῖί
3563 6401 3576 6408 ιι.
3611 6395 3654 6412 ...ί
3673 6403 3676 6406 .
3713 6403 3730 6412 ,-
3749 6393 3756 6398 ’
3977 6409 3980 6412 _
4018 6396 4064 6422 -Λ
