4072 6454
294 475 448 534 1325

1514 474 1931 537 EXPOSITIO
1975 477 2052 537 IN
2101 475 2487 538 PSALMOS.

3533 482 3690 541 1326

278 626 379 677 μος
429 603 529 660 διὰ
579 605 816 667 Μωσέως
866 602 1024 674 ἐδόθη
1082 628 1103 656 ι
1142 623 1155 636 ·
1209 603 1425 660 ἐντολαὶ
1477 602 1534 660 δὲ
1582 605 1638 659 αἱ
1665 603 1803 660 κατᾶ
1839 605 1933 678 μέ·
1961 609 2014 674 Α
2049 624 2176 677 μου.
2210 626 2241 655 ››
2274 605 2331 658 Ὅ
2361 600 2576 659 διώκων
2612 624 2678 678 με
2708 600 2967 674 δηλονότι
2998 621 3009 636 ⁸
3034 608 3290 682 ,χρῆσθαι
3320 604 3378 662 δὲ
3418 607 3507 663 καὶ
3550 629 3688 684 προ-

273 714 366 767 ρος
401 713 414 726 ·
467 693 578 748 οἷον
628 695 711 767 τὸ,
768 717 788 744 ι
825 693 898 748 Οὐ
951 691 1247 771 φονεύσεις.
1300 715 1329 745 ››
1361 693 1666 770 Μαρτύριον
1699 691 1756 748 δὲ
1787 693 1918 770 ὅπερ

274 783 302 837 6
351 781 654 856 νομοθέτης
704 788 1076 858 παρεγγυᾶται
1123 785 1241 844 τοῖς
1299 780 1555 837 ἀκούουσι
1605 783 1739 854 μετὰ
1804 779 1920 837 δια-

277 870 572 947 μαρτυρίου
620 870 766 932 τινός
799 891 813 904 θ
865 871 942 934 ὡς
987 872 1077 926 καὶ
1121 871 1148 925 6
1198 877 1402 941 Μωσῆς
1451 870 1575 926 ὅταν
1626 869 1760 947 λέγῃ
1786 870 1924 948 πρὸς

270 959 362 1014 τὸν
399 958 553 1016 λαόν·
621 984 650 1012 ‹‹
702 960 823 1015 Ἐὰν
874 958 965 1014 καὶ
1013 959 1079 1014 τὰ
1123 957 1213 1014 καί
1257 960 1325 1014 τὰ
1369 962 1656 1032 ποιήσητε,
1691 958 1922 1036 διαμαρ-

267 1047 504 1123 τύρομαι
557 1048 684 1122 ὑμῖν
733 1049 977 1126 σήμερον
1031 1048 1124 1103 τὸν
1170 1047 1393 1123 οὐρανὸν
1433 1050 1523 1104 καὶ
1571 1051 1671 1119 τὴν
1709 1056 1812 1125 γῆν
1842 1047 1927 1103 ὅτι

273 1136 520 1209 ἀπωλείᾳ
576 1135 854 1193 ἀπολεῖσε.
917 1161 946 1188 ››
1003 1137 1103 1194 Καὶ
1178 1137 1353 1214 κρίμα
1439 1139 1532 1212 μὲν
1617 1137 1748 1215 ὅπερ
1829 1141 1928 1193 τοῦ

272 1229 406 1280 Θεοῦ
435 1225 721 1302 κρίναντος
755 1225 960 1304 ἐγράφη
1005 1227 1244 1303 καθάπερ
1297 1225 1385 1280 ἐπὶ
1443 1231 1538 1281 τοῦ
1591 1225 1927 1306 βλασφημήτ

272 1300 572 1375 σαντοςττὸ
638 1300 866 1392 φοϐερὸν
901 1300 1094 1369 *αὐτοῦ
1151 1300 1348 1388 ὄνομα.
1405 1300 1610 1386 Μωσῆς
1657 1300 1762 1392 γάρ
1825 1300 1931 1370 ἐπὶ

269 1403 361 1458 τὸν
419 1403 548 1458 Θεὸν
604 1403 703 1474 τὴν
759 1402 936 1478 κρίσιν
997 1403 1244 1475 ἀνέθηκε.
1304 1408 1410 1459 Τοῦ
1464 1401 1523 1460 δὲ
1569 1404 1930 1468 κελούσαντος

272 1491 478 1547 ἐκεῖνον
522 1486 978 1566 λιθοϐοληθῆναι,
1029 1497 1203 1570 κρῖμα
1246 1497 1408 1548 τοῦτο
1457 1494 1547 1549 καὶ
1578 1493 1708 1570 ὅρος
1742 1493 1926 1571 ἐγεγό-

258 1601 351 1636 νει
428 1581 564 1636 κατὰ
649 1579 981 1659 βλασφήμου
1056 1582 1276 1645 παντός.
1346 1584 1698 1656 Δικαιώματα
1755 1581 1813 1639 δὲ
1863 1584 1933 1640 τά

266 1674 490 1726 τοιαῦτα
565 1666 962 1746 προστάγματα
1014 1669 1263 1748 λέγονται
1298 1691 1311 1704 ·
1374 1672 1486 1727 οἷον
1555 1671 1645 1729 ἐὰν
1735 1679 1929 1744 κτῆσις

271 1757 477 1814 παίδων
536 1754 803 1835 Ἐϐραίων
863 1757 914 1832 ἐξ
974 1757 1066 1831 ἔτη
1136 1758 1404 1837 δουλεύσῃ
1479 1781 1583 1817 σοι’
1653 1759 1931 1826 δικαίωαις

269 1848 370 1924 γὰρ
421 1847 656 1903 ἐντεῦθεν
705 1852 786 1920 τῷ
829 1845 984 1904 παιδὶ
1035 1846 1282 1924 Ἰουδάίῳ
1337 1851 1412 1924 μὴ
1463 1850 1768 1928 περαιτέρω
1801 1848 1930 1907 δου-

283 1936 485 1995 λεύειν.
549 1937 610 1991 Ἢ
663 1937 756 2010 μὲν
818 1937 909 1992 οὗν
967 1935 1224 2015 διαίρεσις
1281 1939 1356 1993 ὧν
1397 1934 1720 2014 διελάϐομεν
1754 1939 1928 2012 αὕτηο

273 2025 507 2080 τίθενται
567 2023 625 2080 δὲ
677 2025 745 2080 τά
795 2023 1038 2100 ὀνόματα
1083 2026 1175 2082 καὶ
1227 2023 1537 2105 ἀδιαφόρως
1584 2027 1674 2084 ἐπὶ
1712 2028 1928 2084 πάντων

275 2119 382 2169 τῶν
415 2118 517 2170 τοῦ
550 2119 685 2170 Θεοῦ
717 2113 1090 2188 ἐνταλμάτων.

344 2223 460 2298 Χρή
515 2218 573 2277 δὲ
621 2226 904 2298 πανταχοῦ
950 2227 1058 2277 τῶν
1118 2221 1370 2296 Ψαλμῶν
1421 2229 1540 2286 ταῖς
1617 2225 1710 2299 μὲν
1773 2224 1931 2302 ἀραῖς

269 2313 407 2366 κατᾶ
463 2309 739 2384 δαιμύνῶν
799 2313 1128 2387 κεχρῆσθαι,
1190 2311 1341 2368 οὗτοι
1417 2313 1523 2389 γὰρ
1601 2310 1928 2390 διεγείρουσι

271 2399 361 2454 καὶ
410 2398 537 2462 τοὺς
587 2399 968 2472 πολεμοῦντας
1021 2399 1342 2477 ἀνθρώπους
1389 2404 1524 2474 ἡμῖν
1562 2420 1575 2435 °
1627 2408 1746 2466 τοῖς
1793 2401 1929 2458 ὀνεί-

270 2486 385 2544 δεσι
441 2486 498 2544 δὲ
540 2489 656 2543 κατ’
711 2487 886 2543 αὐτῶν
914 2492 1021 2544 τῶν
1054 2490 1189 2562 ἡμῖν
1224 2484 1691 2546 ἐπιϐουλευόντων
1720 2491 1930 2566 ἀνθρώ-

271 2599 389 2633 πων
424 2596 437 2610 ’
495 2577 563 2632 τὰ
589 2578 992 2654 κατορθώματα
1024 2575 1083 2633 δὲ
1111 2579 1248 2633 κατά
1275 2577 1570 2655 πρόσωπον
1617 2583 1719 2634 τοῦ
1764 2576 1928 2635 Δαυῗδ

273 2665 642 2742 ἀπαγγελλειν
728 2668 1017 2738 κινηθῆναι
1077 2667 1214 2742 πρὸς
1278 2665 1534 2741 μίμησιν.
1609 2668 1759 2726 Ἐπεὶ
1838 2669 1930 2725 καὶ

277 2754 441 2812 Δαυ³ιδ
500 2755 552 2810 ἐν
609 2757 691 2818 οἷς
749 2756 880 2832 ὑπὲρ
953 2756 1146 2811 ἑαυτοῦ
1223 2756 1465 2835 φαίνεται
1539 2754 1926 2833 διηγούμενος,

278 2846 340 2902 οὗ
395 2844 761 2922 μεγαλαυχῶν
809 2844 975 2900 ταῦτά
1026 2865 1209 2923 φησιν,
1258 2842 1386 2900 ἀλλ’
1437 2845 1499 2901 ἐκ
1524 2849 1622 2900 τοῦ
1651 2847 1770 2911 καθ’
1800 2847 1932 2902 ἐαυ-

273 2936 365 2991 τὸν
427 2933 832 3010 ὑποδείγματος
883 2937 1032 3007 ἡμᾶς
1089 2931 1332 2990 παιδεύει
1400 2933 1468 2990 τὰ
1537 2931 1744 2992 δέοντα.
1825 2935 1926 2990 Καὶ

278 3022 368 3080 ὅτε
423 3021 481 3080 δὲ
540 3024 840 3100 ἀνθρώπων
899 3023 1243 3098 κατεύχεται,
1302 3022 1638 3100 προρῥήσεις
1687 3029 1926 3080 ποιεῖται

281 3113 492 3187 μᾶλλον
546 3109 634 3167 διὰ
679 3117 777 3168 τοῦ
829 3117 1179 3168 κατευκτιιιοῦ
1223 3111 1398 3168 τύπου
1419 3117 1518 3169 τοῦ
1547 3108 1922 3189 ἐπισυμϐησο-

280 3204 374 3276 μέν
382 3223 455 3258 ων
483 3200 690 3264 αὐτοῖς.

350 3308 546 3364 Ἰστέον
601 3305 660 3362 δὲ
706 3305 790 3362 ὅτι
843 3305 1080 3370 πολλαῖς
1131 3305 1464 3386 ἐναλλαγαῖς
1514 3307 1757 3385 ἐντυχεῖν
1789 3310 1925 3366 κατὰ

270 3398 372 3468 τὴν
429 3401 702 3474 παροῦσαν
757 3392 980 3473 βίϐλον,
1030 3396 1119 3452 καὶ
1171 3399 1521 3476 περιφράσεσι
1552 3398 1643 3454 καὶ
1691 3419 1924 3477 μεταφο-

276 3492 415 3564 ραῖς,
463 3486 554 3541 καὶ
605 3482 947 3564 ἀδιαφορίαις
999 3490 1108 3540 τῶν
1156 3486 1449 3557 συντάξεων
1499 3487 1589 3542 καὶ
1639 3485 1928 3543 συντάδέσ-

276 3597 393 3651 μων
425 3575 817 3649 πλεονασμοῖς,
850 3573 940 3630 καὶ
977 3574 1212 3648 μάλιστα
1237 3579 1355 3648 τοῦ,
1406 3575 1519 3647 καὶ,
1572 3575 1663 3630 καὶ
1705 3581 1802 3631 τοῦ
1845 3575 1928 3632 ὅτι

271 3664 363 3721 καὶ
414 3668 511 3720 τοῦ
556 3664 657 3741 γάρ
705 3663 796 3718 καὶ
847 3662 1047 3734 λέξεων
1093 3666 1466 3740 καταχρήσεσι
1511 3664 1602 3719 καὶ
1670 3664 1928 3742 ἀντιγρο-

271 3754 417 3817 νίαις
475 3753 566 3809 καὶ
622 3752 682 3807 ἐκ
734 3749 1114 3829 παραλλήλων
1171 3757 1279 3807 τῶν
1337 3752 1512 3808 αὐτῶν
1545 3753 1930 3830 ἀπαγγελίαις,

280 3839 454 3898 εἴτουν
509 3839 912 3917 ταυτολογίαις,
974 3841 1067 3897 καὶ
1124 3841 1231 3896 ἀπὸ
1282 3848 1470 3898 κοινοῦ
1528 3846 1782 3920 χρήσεσι,
1841 3844 1934 3902 καὶ

283 3929 522 3996 θελείαις
597 3929 969 4005 παραλήψεσι,
1057 3931 1440 4009 καινοπρεπέσι
1511 3953 1570 3986 τε
1650 3930 1932 4010 διαφόροις

280 4025 702 4096 σχηματισμοῖς
750 4020 842 4074 καὶ
889 4021 1200 4096 προσώπων
1257 4019 1611 4096 ἐναλλαγαῖς,
1661 4022 1735 4084 ὡς
1802 4022 1936 4077 ποτε

289 4109 386 4184 μὲν
444 4108 576 4184 ὑπὲρ
631 4107 848 4178 τούτου,
905 4107 1038 4162 ποτὶ
1093 4105 1153 4163 δὲ
1207 4108 1339 4182 ὑπὲρ
1400 4109 1606 4164 ἐκείνου
1637 4107 1816 4185 λέγειν
1843 4109 1934 4165 καὶ

290 4195 626 4272 μεταπηδᾷν,
659 4198 749 4253 καὶ
779 4201 940 4252 τοῦτο
985 4196 1221 4270 μάλιστα
1273 4197 1572 4274 τεκμήριόν
1630 4197 1793 4272 ἐστιν,
1852 4198 1936 4254 ὅτι

282 4286 523 4364 καθάπερ
573 4285 796 4364 ὅργανον
848 4287 877 4341 6
924 4287 1238 4363 προφήτης,
1291 4284 1421 4362 ὅπερ
1472 4286 1725 4363 ἐνηχεῖτο
1791 4287 1938 4364 παρὰ

282 4381 381 4432 τοῦ
440 4376 777 4450 Πνεύματος,
835 4379 1004 4431 ταῦτα
1069 4375 1159 4431 καὶ
1234 4375 1622 4453 ἀπεφθέγγετο.
1699 4376 1938 4448 Σύνηθες

290 4464 350 4521 δὲ
377 4467 448 4540 τῇ
478 4461 726 4542 Ἑϐραῖδι
759 4463 1028 4537 διαλέκτῳ
1056 4465 1120 4520 τὸ
1149 4461 1487 4540 συζευγνύειν
1542 4469 1662 4528 τοῖς
1718 4466 1937 4543 ἄρθροις

289 4557 388 4618 τὰς
448 4554 790 4629 ἀντωνυμίας
848 4555 925 4617 ὡς
981 4555 1065 4627 τὸ,
1125 4577 1154 4606 ‹‹
1206 4555 1512 4630 ιΜακάριος
1581 4554 1644 4609 οῦ
1727 4556 1756 4609 6
1832 4556 1936 4610 Ἰα-

293 4638 412 4702 κὼϐ
469 4644 666 4720 βοηθὸς
721 4643 908 4714 αὐτοῦ,
964 4642 1054 4698 καὶ
1111 4642 1176 4698 τὸ
1231 4647 1348 4706 τοῖς
1409 4642 1668 4717 ὀνόμασιν
1706 4643 1941 4699 ἀντωνυ-
2052 4638 2236 4715 λξιίίπ
2283 4638 3414 4720 Ἠδυυδλυῖηξχωιιημαληυῖἐιξωνᾳῖῗι
3450 4638 3572 4720 ‘Pf’,

1977 4719 2022 4784 D
2053 4697 2228 4752 αὐτῶν
2285 4700 2569 4772 προσευχῇ
2624 4693 2714 4750 διὰ
2765 4701 2928 4752 τοῦτο
2974 4703 3093 4761 τοῖς
3120 4703 3384 4756 τοῦ-Θεοῦ
3412 4705 3513 4757 τοῦ
3541 4699 3697 4765 ὅντος

302 4733 426 4807 μίαν
456 4731 725 4795 πολλάκις
781 4733 1076 4811 ἐπιφέρειν,
1134 4732 1232 4804 ὡς,
1295 4755 1324 4785 ‹‹
1379 4732 1478 4787 Τὸν

299 4821 472 4899 λάθρα
513 4823 604 4877 τὸν
659 4820 895 4893 πλησίον
944 4821 1110 4877 αὐτοῦ
1147 4827 1338 4878 τοῦτον
1371 4818 1674 4893 ἐξεδίωκον.
1711 4847 1732 4874 ι
1769 4820 1947 4878 Ἀλλὰ

297 4912 391 4968 καὶ
441 4906 764 4988 ὗπερϐατοῖς
815 4913 1053 4987 χρῆσθαι
1099 4909 1372 4974 πολλάκις
1428 4910 1517 4965 καὶ
1569 4910 1947 4985 ἀντιπτώσεσι,

299 5001 392 5057 καὶ
441 4997 833 5076 ἀντεγκλίσεσι,
893 5001 983 5056 καὶ
1044 4998 1256 5075 μᾶλλον
1305 5005 1422 5064 τοῖς
1471 5001 1767 5076 ὁριστικοῖς
1819 4999 1952 5074 μέλ-

304 5090 494 5146 λουσιν
555 5089 672 5145 ἀντὶ
739 5090 1025 5164 εὐκτικῶν,
1099 5089 1189 5146 καὶ
1255 5095 1373 5152 τοῖς
1449 5088 1716 5152 εὐκτικοῖς
1788 5088 1953 5145 πάλιν

309 5178 628 5257 μελλόντων
688 5180 972 5256 ὁριστικῶν
1020 5184 1138 5242 τοῖς
1182 5176 1612 5256 παρῳλημένοις
1661 5178 1777 5234 ἀντὶ
1815 5178 1956 5253 -μελ-

304 5265 542 5342 λόντων,
573 5274 692 5332 τοῖς
727 5268 1023 5342 μέλλουσιν
1056 5267 1175 5324 ἀντὶ
1205 5269 1653 5345 παρῳχημένων,
1685 5267 1955 5347 ἐπιφέρειν

301 5382 366 5416 τε
395 5365 512 5422 τοῖς
561 5359 758 5421 ἐνικοῖς
810 5361 1130 5435 προσώποις
1175 5355 1516 5428 πληθυντικά
1550 5377 1562 5388 ·
1616 5359 1729 5412 οἷον
1775 5358 1956 5414 εἶπεν·

309 5474 339 5504 ι(
407 5451 632 5527 Ἄφρων
691 5447 742 5503 ἐν
800 5446 997 5524 καρδίᾳ
1058 5449 1133 5520 μὴ
1198 5446 1329 5501 εἶναι
1387 5446 1536 5504 Θεὸν.
1586 5446 1959 5525 Λιεφθάρησαν

303 5538 399 5594 ’καὶ
449 5533 826 5614 ἐϐδελύχησαν
875 5539 926 5592 οἱ
959 5530 1440 5609 ὑπολαμϐάνοντες
1471 5532 1685 5606 δηλαδὴ
1723 5536 1798 5608 μὴ
1834 5537 1963 5592 εἶναι

307 5626 456 5683 Θεόν.
491 5650 519 5679 ››
571 5626 750 5682 ’Λλλά
795 5627 885 5682 καὶ
936 5625 1167 5695 ἐναλλάξ
1222 5629 1340 5686 τοῖς
1389 5622 1785 5693 πληθυντικοῖς
1835 5623 1965 5680 ἐπά-

307 5736 393 5793 γει
452 5715 602 5770 ἐνικά
634 5733 648 5748 ·
707 5717 840 5788 εἴον,
905 5739 934 5768 ‹‹
987 5716 1082 5769 Ἐκ
1128 5715 1344 5768 πάντων
1387 5717 1496 5767 τῶν
1560 5710 1866 5769 διωκόντων
1902 5738 1970 5789 με

295 5801 480 5881 ’ῥῦσαί
539 5825 625 5878 με,
686 5807 916 5875 Μήποτε
972 5801 1183 5880 ἀρπάσῃ
1238 5802 1315 5864 ὡς
1391 5799 1530 5857 λέων
1604 5801 1704 5872 τὴν
1787 5806 1971 5881 ψυχήν

2039 694 2176 756 θέσει
2222 691 2335 747 ἀντὶ
2386 692 2695 769 προθέσεων
2765 694 2858 747 καὶ
2918 690 3108 748 συνδέσ
3196 693 3210 748 ί
3314 695 3327 714 ’
3403 695 3420 740 ἶ
3575 694 3627 752 δέ
3666 729 3689 740 -

2671 735 2714 766 ς,
3114 714 3240 766 μος
3303 715 3420 750 αντ.
3475 717 3566 750 συν
3608 719 3666 752 εσ

2039 785 2156 854 μῶν
2192 821 2205 836 .
2258 779 2406 844 ὅλως
2458 802 2516 836 τε
2563 782 2816 858 περιττὰς
2874 783 3078 837 τιθέναι
3143 784 3422 856 προθέσεις
3455 826 3468 840 .
3528 786 3640 840 οἷον
3670 803 3687 822 ο

2033 892 2064 922 ‹‹
2114 871 2198 924 Ἐν
2250 873 2328 942 τῷ
2376 866 2525 942 ἡλίῳ
2573 865 2720 924 ἔθετο
2769 871 3037 943 σκήνωμα
3066 870 3271 927 αὐτοῦ·
3325 895 3353 924 ››
3401 872 3518 928 ἀντὶ
3568 878 3687 946 τοῦ,

2031 951 2118 1012 Ἐν
2169 961 2248 1030 τῷ
2295 957 2447 1032 ἡλίῳ
2495 956 2644 1022 ἔθετο
2701 959 2801 1028 τὴν
2851 959 3127 1015 κατοικίαν
3178 959 3385 1033 αὐτόθι,
3435 963 3471 1031 ἢ
3523 961 3573 1018 ἐν
3605 961 3685 1036 τῷ

2036 1045 2182 1120 ὕψειθ
2229 1048 2292 1101 τὸ
2339 1047 2441 1124 γὰρ
2489 1046 2656 1102 αὐτοῦ
2707 1048 2826 1102 ἂντνὶ
2870 1052 2968 1103 τοῦ
3015 1048 3198 1104 αὐτόθι
3257 1048 3400 1105 ἐστὶν
3466 1049 3690 1108 ἐνταῦθα

2037 1134 2484 1212 ἐπιῤῥηματικῶς
2512 1155 2526 1170 ο
2572 1135 2662 1191 καὶ
2706 1135 2872 1192 πάλιν
2899 1154 2911 1168 ’
2970 1160 2998 1190 ι(
3049 1139 3138 1208 Μὴ
3195 1137 3692 1214 συνελκύσῃς-μετιὶ

2039 1219 2245 1279 ἀσεϐῶν
2275 1225 2374 1293 τήν
2415 1226 2601 1300 ψυχήν
2648 1244 2773 1298 μου·
2806 1248 2835 1277 ››
2867 1225 2984 1280 ἀντὶ
3023 1230 3119 1282 τοῦ
3149 1228 3237 1296 Μὴ
3271 1224 3501 1302 ἐλκύσῃς
3525 1249 3537 1262 ·
3572 1229 3686 1303 καὶ,

2042 1335 2071 1365 ‹‹
2138 1313 2203 1367 Εἰ
2283 1311 2635 1368 ἀνταπέδωκα
2679 1355 2692 1368 .
2768 1313 2884 1369 ἀντὶ
2954 1320 3072 1386 τοῦ,
3159 1313 3400 1386 Ἔδωκα,
3476 1315 3690 1380 ἀπλῶς.

2041 1399 2267 1476 Ἰδίωμα
2313 1409 2415 1472 τῆς
2464 1401 2702 1465 παλαιᾶς
2753 1409 2970 1482 Γραφῆς
3010 1403 3101 1459 καὶ
3147 1405 3210 1460 τὸ
3240 1401 3690 1482 παραλαμϐάνειν

2145 1492 2159 1512 ν
2251 1490 2264 1511 9
2334 1496 2358 1507 υ
2525 1492 2540 1512 ‘
2608 1487 2635 1513 ,θ
2842 1489 2908 1515 (δ’
3073 1493 3087 1515 Ι
3607 1497 3650 1515 ’ἢ

2040 1512 2140 1546 κατ
2215 1493 2419 1546 ευθειαν
2486 1513 2548 1547 το
2607 1513 2783 1566 ονομα
2839 1509 2893 1546 οι
2969 1492 3286 1568 ἐνθύμησιν,
3345 1494 3435 1550 καὶ
3489 1497 3553 1551 τὸ
3591 1517 3692 1566 την

2039 1578 2276 1656 πλαγίαν
2328 1581 2599 1659 ἐπιφέρειν
2650 1581 3012 1655 ἀντωνυμίαν,
3059 1583 3150 1637 καὶ
3199 1582 3342 1639 οὕτω
3394 1583 3597 1656 δηλοῦν
3629 1586 3691 1641 τὸ

2039 1669 2399 1746 προκείμενον
2426 1689 2438 1702 ·
2492 1671 2607 1725 οἷον
2650 1694 2681 1725 ‹‹
2727 1671 2756 1726 6
2786 1671 2917 1734 Θεὸς
2948 1669 3182 1745 ἄμωμος
3211 1670 3402 1742 ἠ’ὁδὸς
3431 1672 3618 1730 αὐτοῦ’
3661 1698 3691 1727 ››

2038 1757 2152 1832 καὶ,
2217 1760 2537 1833 νΑνθρωπος
2597 1759 2725 1814 ὡσεὶ
2771 1759 2976 1836 χόρτος
3024 1761 3080 1814 αἱ
3126 1761 3330 1839 ἡμέραι
3395 1761 3598 1818 αὐτοῦ·
3660 1785 3692 1815 κ

2041 1849 2292 1903 συνάπτει
2348 1845 2407 1903 δὲ
2451 1847 2542 1903 καὶ
2603 1849 2702 1918 τὴν
2772 1848 2848 1907 εἷς
2918 1848 3172 1924 πρόθεσιν
3236 1849 3532 1926 αἰτιατικῇ,
3600 1853 3690 1908 καὶ

2041 1944 2280 2013 χρῆσθαι
2333 1937 2448 1992 ἀντὶ
2501 1936 2673 2011 μόνης
2719 1935 2924 2002 εὐθείας
2951 1958 2963 1971 ·
3025 1938 3100 2001 ὡς
3133 1939 3196 1994 τὸ
3221 1963 3260 1993 ’((
3289 1944 3452 1995 Γενοῦ
3485 1960 3579 2014 μοι
3612 1939 3690 2004 εἷς

2039 2024 2169 2080 Θεὸν
2230 2024 2672 2101 ὑπερασπιστήν·
2742 2024 2861 2080 ἀντὶ
2919 2029 3041 2097 τοῦ,
3103 2026 3235 2090 Θεὸς
3297 2027 3689 2104 ὑπεραπιστής.

2040 2112 2220 2170 Ἀλλὰ
2246 2114 2336 2169 καὶ
2391 2115 2492 2184 τὴν
2542 2113 2595 2176 ἐς
2649 2113 2902 2188 πρόθεσιν
2953 2111 3144 2190 δοτικῇ
3183 2115 3274 2171 καὶ
3301 2119 3538 2192 χρῆσθαι
3572 2115 3689 2174 ἀντὶ

2039 2201 2346 2272 αἰτιατικῆς
2373 2221 2387 2234 ’
2441 2202 2516 2264 ὡς
2565 2203 2617 2258 ἐν
2661 2201 3020 2280 Εὐαγγελίοις
3065 2204 3150 2271 τὸ,
3198 2229 3227 2257 (ι
3258 2205 3352 2268 "Oc
3384 2206 3446 2260 ἄν
3478 2204 3688 2279 ὁμολο-

2037 2292 2183 2367 γήσῃ
2212 2289 2264 2346 ἐν
2298 2289 2445 2365 ἐμοὶ,
2498 2312 2526 2344 ι
2578 2290 2694 2346 ἀντὶ
2739 2297 2858 2361 τοῦ,
2893 2287 2992 2366 ἐμέ
3014 2311 3028 2327 ·
3072 2292 3124 2348 ἐν
3159 2290 3218 2349 δὲ
3243 2299 3361 2357 τοῖς
3392 2292 3688 2369 Ψαλμοῖς⁶

2040 2380 2116 2443 ὡς
2145 2379 2230 2450 τὸ,
2287 2402 2316 2432 ‹‹
2345 2385 2432 2434 Ἐν
2478 2383 2559 2452 τῷ
2597 2375 3038 2457 ἕξολοθρεύεσθαι
3076 2381 3444 2459 ἁμαρτωλοὺς
3483 2377 3626 2458 ὄψει.
3660 2405 3690 2435 »

2023 2469 2284 2525 ,τουτέστι
2330 2469 2429 2538 τὴν
2481 2466 2849 2544 ἐξολόθρευσιν
2899 2469 2991 2525 καὶ
3040 2469 3317 2527 ἀπώλειαν
3361 2476 3472 2527 τῶν
3512 2473 3688 2548 ἁμαρ-

2038 2555 2234 2614 τωλῶν
2285 2557 2528 2616 θεάσ.....
2576 2553 2862 2633 Ἑϐραῖκόν
2902 2559 3015 2615 ἐστι
3054 2559 3146 2615 καὶ
3188 2560 3252 2617 τὸ
3298 2560 3427 2625 τοὺς
3485 2561 3692 2637 ἀνθρώ-

2037 2668 2175 2710 πους
2236 2646 2391 2710 υἱοὺς
2448 2646 2750 2722 ἀνθρώπῶν
2815 2646 3100 2721 ὀνομάζειν
3130 2669 3144 2684 ο
3204 2650 3294 2704 καὶ
3347 2649 3444 2713 τὰς
3501 2651 3693 2727 χώρας

2035 2734 2204 2792 πάλιν
2307 2735 2598 2812 θυγατέρας
2683 2740 2792 2791 τῶν
2852 2735 3116 2792 τοιούτων
3183 2742 3351 2815 χωῶν
3385 2756 3399 2772 ⁰
3469 2739 3546 2802 ὡς
3601 2739 3688 2812 τὸ,

2042 2848 2072 2879 ‹‹
2120 2825 2239 2879 Υἱοὶ
2298 2825 2596 2901 ἀνθρώπων
2661 2823 2761 2887 ἕως
2816 2825 2950 2881 πότε
3008 2825 3403 2904 βαρυκάρδιοι;
3464 2851 3495 2881 ››
3568 2827 3687 2883 ἀντὶ

2034 2918 2155 2983 τοῦ,
2185 2915 2252 2968 Ὦ
2295 2913 2596 2989 ἄνθρωποι,
2649 2912 2814 2991 μέχρι
2861 2915 3016 2978 πίνος
3061 2914 3239 2981 ἔσεσθε
3267 2920 3589 2996 φρονοῦντες
3618 2919 3687 2972 τὰ

2034 3005 2205 3080 γήϊα;
2245 3001 2335 3058 καὶ
2363 3003 2440 3065 ὡς
2492 3004 2577 3075 τὸ,
2631 3026 2660 3056 ‹‹
2705 3002 2952 3081 Θυγάτηρ
2984 3000 3307 3068 Βαϐυλωνος
3335 3009 3370 3077 ἡ
3401 3003 3684 3062 ταλαίπω-

2036 3111 2170 3166 ρος.
2223 3091 2340 3146 ἀντὶ
2381 3096 2500 3164 τοῦ,
2537 3093 2606 3145 Ὧ
2649 3086 2914 3148 Βαϐυλὼν
2962 3091 3160 3157 ἀθλίω
3211 3091 3302 3149 διὰ
3348 3096 3417 3150 τά
3464 3090 3684 3170 συμϐη-

2033 3180 2238 3255 σόμενά
2279 3201 2363 3236 σοι
2410 3178 2670 3252 δηλονότι
2721 3181 2862 3236 κακὰ
2899 3189 3000 3252 τῆς
3047 3182 3308 3255 τοιαύτης
3365 3181 3676 3255 διαλέκτου,

2032 3269 2132 3325 Καὶ
2186 3272 2250 3326 τὸ
2305 3267 2580 3333 πολλάκις
2632 3271 2693 3325 τὸ
2743 3270 2895 3348 ῥῆμα
2966 3268 3401 3347 μεταλαμϐάνειν
3465 3269 3677 3348 ὄνομα⁹

1954 3349 1998 3416 C
2037 3359 2112 3423 ὡς
2159 3360 2244 3432 τὸ,
2294 3381 2325 3412 ‹‹
2383 3357 2726 3430 Ἐπήλπισας
2775 3359 2850 3422 εἰς
2902 3361 3001 3429 τὴν
3043 3359 3259 3417 ἐλπίδα·
3295 3387 3325 3414 ››
3356 3364 3494 3436 οἷον,
3522 3364 3679 3434 Μνή-

2035 3460 2193 3520 σθητι
2239 3453 2348 3504 τῶν
2397 3448 2582 3525 λόγων
2633 3469 2729 3504 σου
2772 3452 2852 3521 τῷ
2893 3445 3077 3524 δούλῳ
3125 3471 3220 3506 σου
3265 3451 3342 3506 ὧν
3373 3451 3682 3524 ἐπήλπισάς

2043 3559 2128 3613 με,
2196 3537 2350 3610 -Αὕτη
2403 3559 2469 3612 με
2515 3537 2896 3613 παρεκάλεσεν,
2947 3538 3082 3611 αὕτη
3141 3537 3357 3611 δηλαδὴ
3406 3543 3442 3612 ἡ
3504 3539 3681 3605 ἐλπίς.

2041 3629 2140 3683 Καὶ
2170 3627 2333 3684 πάλιν
2387 3627 2452 3682 τὸ
2501 3626 2775 3702 ἐμνήσθην
2824 3627 2942 3684 ἀντὶ
2991 3633 3088 3684 τοῦ
3122 3632 3336 3704 μνήμη,
3371 3631 3484 3686 οἷον
3518 3629 3691 3706 ἐμνήο

2042 3729 2198 3788 σθην,
2258 3716 2308 3771 ἐν
2360 3717 2511 3772 νυκτὶ
2555 3721 2652 3773 τοῦ
2702 3716 2969 3791 ὀνόματός
3010 3739 3106 3773 σου
3136 3718 3270 3790 αὕτη
3303 3719 3530 3796 ἐγενήθη
3567 3741 3687 3795 μοι,

2041 3806 2177 3878 αὕτη
2221 3803 2493 3876 δηλονότι
2541 3807 2577 3874 ἡ
2631 3807 2846 3878 μνήμη.
2900 3807 2999 3862 Καὶ
3056 3806 3246 3871 ἁπλῶς
3276 3807 3446 3864 εἷπεῖν
3471 3807 3690 3872 πολλὰς

2045 3893 2382 3971 ἷδιοτροπίας
2431 3896 2459 3949 6
2503 3900 2604 3963 τῆς
2651 3892 2955 3965 Ἰουδαϊκῆς
3003 3901 3220 3974 Γραφῆς
3263 3897 3518 3969 κέκτηται
3581 3917 3687 3973 χα-

2045 3987 2274 4062 ρακτήρ.
2324 3984 2449 4060 Χρή
2496 3987 2625 4059 γοῦν
2671 3987 2832 4038 τοῦτο
2883 3983 3140 4062 φέροντας
3188 3987 3337 4060 ἡμᾶς
3379 3988 3515 4043 κατὰ
3559 3990 3686 4042 νοῦν

2048 4075 2125 4147 μή
2161 4077 2339 4142 ζητεῖν
2371 4072 2422 4126 ἐν
2452 4073 2619 4146 ταύνῃ
2645 4072 2737 4127 τὸν
2770 4070 3096 4144 Ἑλληνικὸν
3127 4070 3542 4151 ἐξακριϐασμόν.

2113 4168 2174 4218 Ἡ
2220 4166 2328 4216 τῶν
2387 4159 2638 4234 Ψαλμῶν
2689 4160 2946 4239 ἐξήγησις
2993 4161 3229 4220 πλουσία
3271 4164 3361 4220 καὶ
3413 4167 3687 4240 θαυμασιὴ

2044 4251 2192 4329 παρὰ
2239 4255 2348 4306 τῶν
2420 4251 2806 4325 ποιησαμένων
2884 4251 3052 4322 αὐτὴν
3108 4252 3514 4330 ἐκτετέλεσται,
3594 4257 3688 4312 καὶ

2047 4342 2076 4396 6
2107 4339 2408 4419 φιλόπονος
2457 4338 2583 4416 ἔχοι
2632 4340 2692 4394 ἄν
2734 4339 2786 4411 ἐξ
2817 4339 2987 4411 αὐτῆς
3013 4345 3122 4398 τῶν
3153 4341 3446 4418 ψαλμικῶν
3474 4345 3689 4420 νοημά-

2045 4451 2153 4485 των
2209 4427 2468 4490 ἀνενδεῶς
2529 4434 2858 4506 μετασχεῖνθ
2917 4429 3032 4487 ἐπεὶ
3089 4429 3147 4488 δέ
3201 4454 3344 4497 τινες
3389 4435 3540 4508 μετὰ
3587 4440 3690 4505 τῆς

2047 4517 2387 4596 πλατυτέρας
2445 4515 2706 4589 εἰδήσεως
2769 4520 2871 4589 τήν
2927 4520 3360 4597 συνεπτυγμένην
3421 4523 3499 4586 ὡς
3555 4517 3694 4598 πρό-

2048 4627 2236 4684 χειρον
2283 4603 2668 4682 ἀποδέχονται,
2715 4606 2808 4662 καὶ
2858 4606 3073 4681 μᾶλλον
3100 4647 3102 4649 »
3125 4609 3172 4664 εἰ
3201 4608 3414 4684 συνᾳδει
3450 4613 3522 4684 τῇ
3547 4617 3694 4691 σφῶν

2054 4787 2220 4859 ἡμεῖς
2267 4783 2624 4860 χαριζόμενοι
2673 4783 2762 4840 καί
2799 4787 2901 4856 τήν
2931 4790 3040 4842 τῶν
3072 4791 3207 4862 ἡμῖν
3238 4786 3699 4866 παιδαγωγουμέ-

2055 4895 2161 4930 νων
2212 4872 2314 4928 οὐκ
2360 4873 2774 4946 ἀποπέμποντες
2824 4871 3057 4948 αἴτησιν,
3104 4877 3243 4952 πρὸς
3296 4878 3389 4935 τὸν
3450 4883 3700 4936 τοιοῦτον

2060 4963 2259 5019 σκοπὸν
2312 4959 2627 5035 ἁπείδομεν.
2680 4962 2778 5016 Καὶ
2829 4964 2922 5036 μέν
2955 4965 3244 5040 σαφηνείας
3273 4965 3350 5030 ὡς
3379 4966 3493 5022 οἶόν
3524 4987 3585 5024 τε
3612 4965 3705 5023 καὶ

2066 5050 2444 5130 βραχυλογίας
2475 5051 2774 5126 ὑπόμνησιν
2811 5055 3040 5127 μερικὴν
3068 5052 3122 5110 ἔν
3150 5076 3261 5110 τισι
3308 5059 3417 5112 τῶν
3466 5054 3704 5133 ψαλμῶν

2062 5144 2395 5212 ποιήσασθαι
2443 5141 2782 5217 προεθέμεθα
2825 5142 2894 5196 τὰ
2947 5140 3135 5198 πολλά
3181 5144 3277 5218 μὲν
3329 5144 3391 5200 ἐκ
3440 5151 3546 5216 τῆς
3592 5149 3705 5202 τῶν

2064 5231 2170 5307 πρὸ
2218 5233 2380 5304 ἡμῶν
2429 5228 2735 5305 ἐξηγήσεως
2764 5237 2890 5300 τῆς
2952 5231 3338 5308 ἆφθονωτάτης
3399 5232 3713 5312 ἐρανιζόμε-

2065 5342 2172 5392 νοι,
2224 5318 2459 5382 σπάνίως
2509 5316 2568 5373 δὲ
2621 5318 2711 5374 καὶ
2757 5319 2998 5396 ἡμέτερά
3069 5343 3190 5377 τινα
3237 5324 3474 5402 πενιχρά
3537 5343 3714 5380 συντι-

2068 5411 2307 5483 θέμενοι.
2340 5407 2439 5462 Καὶ
2469 5409 2498 5462 ’ὀ
2528 5429 2590 5484 γε
2615 5409 2715 5477 τὴν
2749 5408 3108 5486 ἀρχαιοτέραν
3145 5411 3400 5489 ἐξήγησιν
3451 5411 3716 5487 ἐπελθὼν,

2072 5497 2351 5560 λυσιτελὲς
2384 5494 2442 5552 δὲ
2469 5501 2628 5551 τοῦιιο
2659 5497 2748 5551 κᾶἱ
2798 5501 3197 5574 χρησιμώτατα
3249 5499 3446 5559 εἷ’σεται
3503 5503 3720 5564 πάντως

2071 5589 2163 5644 καὶ
2195 5584 2248 5643 εἷ’
2269 5589 2323 5643 τί
2352 5607 2457 5642 που
2496 5585 2808 5663 καινότερον
2840 5589 2966 5663 παρ’
3004 5591 3164 5663 ἡμῶν
3196 5591 3577 5663 εἰσενήνεκται.

2527 5717 2640 5766 ΕΙΣ
2680 5716 2808 5767 TON
2849 5715 2908 5769 A'
2955 5720 3271 5773 ΨΑΛΜΟΝ.

2148 5809 2206 5859 '0
2255 5807 2473 5878 πρῶτος
2521 5799 2744 5876 ψαλμὸς
2794 5802 2987 5872 ἠθικός
3036 5803 3145 5861 ἐστι
3203 5809 3292 5863 καὶ
3345 5803 3730 5883 δογματικ6ς⁶⁴
