4072 6430
354 447 507 507 1327
781 474 790 481 -
1601 427 2024 492 NICEPHORI

2156 423 2506 503 .EMMIDIE
3609 417 3790 480 1328

353 575 547 645 ⁴ἠθικὸς
600 570 694 646 μὲν
744 569 817 632 ὡς
896 564 1175 642 σεμνύνων
1228 563 1360 626 τοὺς
1425 560 1679 638 ἀγαθοὺς,
1729 557 2007 615 κάντεῦθεν
2036 561 2089 629 Α
2118 556 2384 612 κτίσαντα.
2422 551 2780 610 Συντέτακταί
2825 572 2943 616 πως
2992 551 3177 614 αὐτοῖς
3248 551 3340 606 καὶ
3389 552 3419 607 6
3477 547 3788 627 διεστραμ-

356 638 435 728 εῖς
483 638 679 740 ἀρετὴν
724 638 1193 735 προτρεπόμενος,
1246 652 1370 715 τοὺς
1425 650 1706 727 πονηροὺς
1767 646 1825 704 δέ
1872 668 2006 727 φαυ-
2121 647 2284 720 μένας
2317 640 2624 719 ὑπολήψεις
2654 638 2798 740 ἔχων
2822 642 2946 719 περὶ
2968 644 3125 713 Θεοῦ,
3145 639 3238 696 καὶ
3270 639 3362 696 διὰ
3415 642 3578 696 τοῦτο
3607 658 3797 715 προσ-

357 725 549 824 λίζων,
606 725 711 806 κάκ
762 725 960 804 τούτου
1005 725 1208 801 πείθων
1264 748 1366 813 τῆς
1418 725 1607 802 κακίας
1653 725 1956 814 ἀναχωρεῖν
1990 755 2004 769 ·
2115 733 2258 824 άγων
2283 822 2294 824 _
2323 733 2416 807 μὲν
2473 733 2537 824 τὸ
2595 725 2755 794 σέϐας
2783 729 2975 824 ἀὐτῇ
3034 729 3181 800 πλὴν
3350 726 3789 824 προσηκόντως,

360 814 692 919 δογματικὸς
739 834 798 893 δὲ
870 834 1008 891 διότι
1078 832 1203 911 περὶ
1280 829 1616 892 ἀναστάσεως
1680 826 2006 904 διαγορεύει,
2118 819 2235 878 οὐδ’
2265 822 2342 885 ὡς
2371 821 2574 898 χρεών.
2609 814 2881 919 Δυσσεϐῆς
2914 819 2943 874 6
2971 822 3220 919 τοιοῦτος
3252 815 3464 919 λέγοιτῖ
3487 818 3547 873 ἄν
3581 816 3799 895 κυριώο

358 904 749 1007 καξ“χρίσεως,
795 925 902 1003 οὑχ
951 924 1025 986 ὡς
1074 904 1221 995 δ’,ία
1254 922 1418 997 ’Δνήρ
1463 918 1515 975 ἐν
1552 917 1728 995 βουλῇ
1756 921 1864 972 τῶν
1897 917 2015 970 ἀσε-
2121 931 2299 1007 τερον.
2350 908 2904 1007 Ἀ-ρίστηνωέπζήξατο
2952 904 3199 1007 κρηπῖδα
3233 905 3663 1007 μακαριότητος,
3724 904 3794 970 ες

361 1017 472 1076 ϐῶν
522 992 623 1074 οὐκ
666 992 954 1094 ἐπορεύθη,
1005 1036 1034 1065 »
1091 992 1182 1067 καὶ
1228 992 1399 1087 μέχρι.
1420 992 1618 1065 τούτου
1646 1007 1882 1085 πέφθακε
1916 1004 2014 1078 μό·
2122 999 2319 1094 πάντ-ας
2365 997 2559 1062 αὐτοὺς
2607 992 2929 1071 ἐϐδελύξατο
2977 996 3075 1053 κάν
3111 1000 3186 1094 τῇ
3260 994 3440 1074 βουλῇ
3485 995 3666 1052 αὐτῶν
3719 995 3790 1050 οὐ

359 1129 458 1165 νου
493 1082 954 1184 μακάριόίέστιν,
980 1100 1108 1157 ἀλλ’
1141 1101 1169 1155 6
1199 1082 1453 1161 καῖ’-τοῖς
1499 1094 1693 1159 ἄλλοις
1730 1082 2013 1173 -περιστοι-
2124 1088 2473 1164 πεπόρευται.
2557 1088 2808 1143 Τουτέστι
2894 1090 3014 1149 τοῖς
3109 1083 3373 1163 δόγμασιν
3440 1082 3618 1141 αὑτῶν
3685 1084 3795 1140 οὑκ

362 1173 657 1276 ’χιζόμενος
714 1173 953 1273 ἀγαθοῖς.
1009 1188 1243 1258 Τοιαύτη
1302 1187 1403 1263 γὰρ
1462 1186 1675 1276 ἠλπᾶσα
1720 1187 1818 1239 τοῦ
1848 1180 2017 1276 λόγου
2128 1176 2376 1276 ἐπένευσε
2406 1196 2420 1211 ο
2462 1175 2651 1276 ,βουλή
2698 1175 2789 1276 καί
2834 1175 3205 1276 ήβυναγωγή
3253 1173 3344 1276 καὶ
3394 1175 3430 1244 ἡ
3485 1174 3615 1276 περὶ
3639 1194 3793 1237 τινος

363 1265 684 1364 πρότασιςὸ
742 1265 879 1359 ἀνὴρ
931 1278 989 1343 ὅς
1040 1277 1139 1334 οὐκ
1184 1274 1452 1364 ἐπορεύθη
1506 1271 1788 1364 ἐνλβουλῇ
1815 1265 2019 1364 ἀσεϐῶν

363 1355 455 1432 καὶ
504 1373 555 1429 ἐν
605 1370 716 1446 ὑδῷ
760 1355 1102 1447 ἁμαρτωλῶν
1154 1366 1253 1421 οὐκ
1301 1363 1450 1435 ἔστη,
1505 1362 1595 1417 καὶ
1656 1360 1744 1416 ἐπὶ
1783 1355 2017 1436 καθέδρᾳ

368 1463 582 1539 λοιμῶν
614 1461 712 1517 οὐκ
759 1459 1018 1533 ἐκάθισεν,
1077 1454 1204 1512 ἀλλ’
1250 1455 1287 1525 ἢ
1338 1452 1390 1508 ἐν
1434 1450 1515 1525 τῷ
1544 1452 1700 1539 νόμῳ
1729 1449 1931 1526 Κυρίου
1958 1448 2022 1539 τὸ

369 1536 592 1626 θέλημα
619 1549 806 1618 αὑτοῦ,
850 1547 941 1604 καὶ
992 1546 1044 1602 ἐν
1072 1549 1153 1618 τῷ
1182 1543 1337 1618 νόμῳ
1366 1540 1532 1598 αὑτοῦ
1565 1537 1853 1614 μελετήσει
1882 1536 2022 1611 ἡμέ-

375 1663 473 1719 ρας
501 1640 592 1696 καὶ
641 1638 856 1708 νυκτὸς,
912 1633 1175 1712 μακάριός
1225 1632 1385 1688 ἐστιν.
1445 1629 1594 1685 Ἐπεὶ
1632 1627 1690 1684 δὲ
1873 1631 2023 1719 πρῶ-

373 1714 463 1787 τὸν
497 1726 761 1786 ἐκκλίνειν
811 1726 918 1781 ἀπὸ
971 1727 1141 1780 κακοῦ
1186 1722 1275 1778 καὶ
1322 1719 1465 1776 οὕτω
1511 1723 1687 1775 ποιεῖν
1713 1718 1777 1773 τὸ
1806 1714 2021 1793 ἀγαθόν·

377 1828 652 1906 χείριστον
703 1823 762 1880 δὲ
817 1825 1033 1880 πάντων
1076 1824 1184 1877 τῶν
1232 1823 1410 1875 κακῶν
1460 1810 1786 1906 ἠᾼάσέϐεια,
1845 1814 2024 1877 καθὼς

2128 1267 2313 1340 σκέψις
2368 1266 2689 1341 πράγματος
2710 1282 2724 1298 ⁸
2761 1263 3061 1340 ἁρμόζουσι
3089 1267 3169 1336 τῷ
3198 1261 3465 1338 ψαλμικῷ
3514 1260 3669 1337 ῥητῷ
3696 1262 3792 1317 καὶ

2130 1355 2429 1433 ἀμφότερα.
2488 1359 2598 1424 Τῆς
2666 1352 2772 1430 γὰρ
2845 1354 3165 1430 συναγωγῆς
3234 1356 3344 1407 τῶν
3432 1345 3643 1406 ἀσεϐῶν
3710 1351 3787 1413 ὡς

2131 1439 2339 1500 ἀσεϐῶν
2371 1437 2539 1513 ἀσεϐῆ
2580 1441 2670 1498 καὶ
2715 1444 2783 1498 τὰ
2834 1444 3145 1517 σκέμματα,
3188 1440 3278 1496 καὶ
3324 1442 3361 1511 ἡ
3412 1440 3539 1518 περὶ
3574 1443 3670 1495 τοῦ
3696 1459 3782 1494 σε-

2132 1529 2412 1608 ϐάσματος
2442 1532 2614 1587 αὐτῶν
2652 1526 3007 1588 κοινοϐουλία
3056 1529 3329 1607 ὀλέθριος.
3376 1529 3451 1584 Τὸ
3501 1533 3630 1606 γοῦν
3674 1550 3779 1601 μη-

2135 1621 2415 1679 δοπωσοῦν
2462 1621 2639 1676 αὐτῶν
2692 1626 2981 1698 μετασχεῖν
3036 1619 3217 1697 ἀρχὴν
3263 1619 3466 1695 εἰσάγει
3528 1617 3787 1694 μακαριό-

2133 1733 2318 1784 τητος.
2366 1708 2727 1789 Ἀμαρτωλὸς
2778 1708 2835 1766 δέ
2887 1709 3029 1765 ἐστιν
3080 1711 3109 1765 6
3167 1709 3244 1783 μὴ
3273 1707 3370 1771 τὰς
3398 1711 3500 1763 τοῦ
3531 1711 3666 1764 Θεοῦ
3693 1728 3794 1778 τη-

2139 1806 2245 1877 ρῶν
2278 1798 2524 1874 ἐντολὰς,
2570 1799 2662 1855 καὶ
2696 1799 2876 1870 οὗτος,
2915 1800 2963 1854 εἱ
3005 1799 3101 1874 μὲν
3138 1797 3274 1872 μετά
3300 1816 3448 1860 τινος
3482 1795 3802 1867 ὑποστολῆς

381 1884 678 1995 ὑπέρτατον
726 1918 834 1970 τῶν
880 1910 1028 1968 ’ὑλων
1073 1910 1283 1988 ἀγαθῶν
1331 1910 1367 1978 ἡ
1412 1901 1649 1977 ἀσέϐεια,
1693 1906 2026 1981 μακαριστοῦ
2058 1933 2106 2000 Β
2139 1890 2467 2000 ἀμαρτάγιζιχ
2494 1888 2585 1944 καὶ
2650 1892 2729 1962 τῷ
2785 1886 3011 1967 φαύλως
3075 1888 3231 1997 βιοῦζ
3261 1884 3679 2000 ἐπναισχῦνοιτο,
3708 1886 3802 1941 καὶ

1284 1993 1308 2000 Α
1348 1997 1357 2000 -
1478 1997 1489 2000 -
1742 1996 1751 2000 -
1984 1991 1996 2000 ι
2152 1999 2157 2000 ,
2337 1999 2341 2000 ν
2446 1999 2451 2000 ,
2572 1998 2581 2000 -
2626 1982 2749 2000 _~,-
2817 1976 2839 2000 \
2864 1998 2887 2000 κ,
2919 1977 2983 2000 nl.
3022 1997 3090 2000 -.η
3179 1997 3197 2000 _
3226 1998 3253 2000 __
3334 1996 3370 2000 -__
3424 1978 3581 2000 __‘_..._-
3644 1974 3802 2000 -_1_-;-.

379 1991 594 2077 τίθησιν
643 2004 846 2083 ἀρχὴν,
894 2003 994 2072 τήν
1044 2008 1146 2071 τῆς
1180 1993 1421 2060 ἀσεϐείας
1467 1996 1807 2072 ἀποτροπήν·
1858 1991 2028 2083 μακάξ

383 2118 500 2176 ριος
556 2095 652 2171 μὶν
684 2081 794 2149 ἠοῦν
844 2090 1047 2168 κυρίως
1096 2090 1124 2144 6
1175 2087 1306 2176 Θεὸς
1351 2088 1379 2142 6
1423 2084 1576 2164 φύσει
1622 2084 1893 2176 ἀκήρατος
1942 2081 2032 2176 καῖ

390 2170 727 2257 ἀνώλεθρος.
780 2185 950 2237 Τοῦτο
1007 2181 1112 2256 γὰρ
1170 2174 1338 2249 δηλοῖ
1390 2176 1475 2246 τὸ,
1520 2199 1549 2227 ‹‹
1582 2174 1863 2250 Μακάριος
1894 2170 2035 2257 ὁάεὶ

388 2273 485 2349 ὢν,
517 2256 615 2331 καὶ
653 2271 851 2350 ἀγαθὸς
900 2264 973 2325 ὥν
1000 2287 1014 2302 ·
1070 2291 1099 2320 ‹‹
1148 2268 1211 2323 τὸ
1252 2265 1353 2342 γὰρ
1407 2263 1570 2320 κακὸν
1618 2262 1718 2318 οὑκ
1754 2258 1894 2319 ἔστιν
1926 2256 1984 2317 ὅν
2021 2281 2034 2295 ⁸

389 2365 480 2421 καὶ
510 2363 740 2428 καθόσον
789 2380 871 2422 τις
922 2358 974 2414 ἐν
1018 2362 1098 2430 τῷ
1144 2360 1294 2428 κακῷ
1346 2353 1572 2430 γίνεται,
1621 2352 1757 2409 κατά
1784 2354 2040 2407 τοσοῦτον

395 2452 645 2510 ἐκπίπτει
691 2454 791 2507 τοῦ
839 2444 1018 2511 ὄντος.
1069 2444 1312 2511 Καθόσον
1361 2440 1408 2497 δ’
1467 2440 1532 2498 αὖ
1563 2442 1614 2498 ἐν
1644 2446 1724 2516 τῷ
1748 2441 1930 2519 ἀγαθῶ
1957 2439 2038 2503 τίς

395 2543 562 2611 ἐστιν,
607 2541 744 2596 κατὰ
786 2541 1046 2593 τοσοῦτον
1108 2532 1325 2610 μετέχει
1355 2536 1453 2587 τυῦ
1479 2526 1658 2602 ὄντος,
1688 2530 1777 2585 καὶ
1805 2534 1885 2603 τῷ
1912 2529 2043 2600 ἀκη-

399 2630 546 2709 ράτῳ
591 2630 681 2685 καὶ
732 2625 1029 2699 ἀνωλέθρῳ
1078 2621 1398 2695 πλησιάζων
1449 2620 1769 2695 εὑρίσκεται.
1831 2618 1923 2674 Διὸ
1948 2617 2043 2709 κάὶ

395 2704 451 2777 ἐν
509 2704 816 2794 ἀνθρώποις
867 2714 1127 2789 μακάριος
1176 2712 1205 2766 6
1264 2708 1562 2783 διηνεκέσιν
1617 2709 1840 2785 ἀγαθοῖς
1882 2704 2043 2794 ,ἀδη-

394 2790 674 2883 νούμενος,
726 2805 789 2862 ού
842 2802 1092 2860 δοκοῦσιν
1151 2797 1279 2856 ἀλλ’
1326 2798 1494 2871 οὖσιν,
1543 2799 1714 2875 ἤγουν
1743 2799 1771 2853 ὁ
1806 2790 2045 2873 βεϐαίοις

394 2898 611 2974 ἀρεταῖς
637 2896 729 2951 καὶ
761 2891 1171 2967 ἀμεταπτώτοις
1208 2886 1587 2963 κοσμούμενος
1627 2885 1718 2942 καὶ
1762 2884 1900 2941 κατά
1948 2884 2045 2974 μέ-

395 2972 531 3061 θεξιν
584 2981 945 3063 χρηματίζων
1004 2980 1156 3051 Θεὸς,
1215 2979 1332 3033 ὁθεν
1384 2977 1476 3033 καὶ
1512 2977 1596 3049 τὸ,
1635 2999 1657 3027 α
1690 2975 1781 3045 Μὴ
1821 2972 2046 3063 μακαρί-

397 3081 496 3153 of}:
556 3061 841 3151 ἄνθρωπον
906 3071 1014 3144 πρὸ
1068 3065 1352 3137 τελευτῆς,
1411 3089 1440 3119 »
1490 3063 1739 3120 τοιοῦτόν
1769 3084 1822 3118 τι
1854 3061 2041 3135 δηλοῖ.

398 3175 490 3245 Μὴ
522 3171 799 3247 ἐκθειάσῃς
830 3168 1119 3246 ἀνθρώπου
1147 3166 1254 3242 πρὸ
1289 3168 1387 3220 τοῦ
1416 3166 1515 3218 τοῦ
1544 3163 1634 3218 τὸν
1667 3159 1871 3238 δρόμον
1897 3159 2047 3217 τελε-

394 3263 590 3339 σθῆναι
616 3267 719 3332 τῆς
748 3258 914 3315 αὑτοῦ
948 3257 1138 3334 βιοτῆς
1168 3252 1259 3310 διὰ
1278 3253 1341 3309 τὸ
1371 3249 1578 3324 ἄδηλον
1612 3250 1664 3306 ἐν
1693 3249 2041 3328 τρεπτότητι.

397 3359 613 3417 Πολλοὶ
677 3357 779 3435 γὰρ
859 3354 912 3411 ἐν
995 3351 1181 3427 λιμένι
1258 3348 1581 3428 θαῤῥσαντες
1668 3348 1879 3411 ἑαυτοῖς
1955 3344 2047 3402 καὶ

402 3448 899 3526 ἀπροσεκτήσαντες
959 3440 1295 3517 ἐναυάγησαν
1330 3457 1345 3471 ⁸
1423 3435 1508 3493 διὸ
1557 3435 1647 3493 καὶ
1692 3440 1827 3526 ,τῶν
1884 3435 2045 3526 ἀναγ-

399 3523 699 3596 καιοτάτων
744 3533 854 3589 ἐστὶ
899 3532 962 3587 τὸ
1003 3532 1193 3609 νήφειν
1245 3528 1327 3583 ἀεὶ
1370 3528 1463 3583 τὸν
1512 3531 1625 3582 κατ’
1679 3524 1873 3602 ἀρετὴν
1926 3523 2045 3579 ἐθέ-

400 3627 567 3685 λοντα
597 3628 717 3700 ζῇν,
771 3622 862 3679 καὶ
898 3623 998 3691 τῆς
1048 3618 1126 3683 εἰς
1173 3618 1299 3674 Θεὸν
1351 3614 1632 3687 διηνεκοῦς
1670 3613 1953 3677 ἀτενίσεως
1991 3611 2044 3669 ἐν

400 3716 541 3795 ἄκρᾳ
604 3712 924 3770 ταπεινώσει
990 3713 1176 3785 ψυχῆς
1243 3703 1507 3782 μηδόλως
1540 3702 1909 3795 ἀφίστασθαι.
1975 3702 2046 3757 Τὸ

399 3804 447 3862 δ’
476 3792 634 3882 ⁷ἀνὴρ
691 3802 810 3858 ἀντὶ
865 3804 963 3856 τοῦ
1020 3797 1305 3875 ἄνθρωπος
1376 3792 1779 3870 συνεκδοχικῶς
1835 3792 1895 3849 ἐκ
1947 3796 2046 3882 τοῦ

399 3879 745 3972 ὑπάρχοντος
796 3886 1028 3967 εἷ’ρηται.
1077 3886 1154 3946 Οὐ
1211 3886 1316 3963 γὰρ
1360 3882 1773 3972 ἀποκληροῦται
1829 3884 1910 3955 τῷ
1955 3879 2047 3957 ἆῤ-

398 3969 598 4065 ῥενι
659 3979 943 4057 μακάριον.
992 3975 1142 4033 Ἐπεὶ
1194 3979 1301 4031 τῶν
1351 3973 1527 4029 αὐτῶν
1553 3969 1803 4037 ἐπάθλων
1834 3972 1871 4041 ἡ
1902 3974 2047 4025 πᾶσα

396 4058 503 4131 τῶν
563 4072 858 4149 ἀνθρώπων
915 4066 1071 4147 φύσιν
1131 4065 1183 4121 ἐν
1243 4068 1362 4127 τοῖς
1421 4062 1605 4125 αὐτοῖς
1659 4059 1860 4138 ἀγῶσιν
1902 4058 2042 4115 ἐστιν

396 4146 735 4232 ἐπιδεκτική.
787 4146 942 4229 Πλὴν
991 4155 1127 4212 κατὰ
1170 4153 1334 4232 λόγον
1380 4152 1433 4209 ἐν
1481 4157 1599 4215 ταῖς
1640 4157 1742 4221 τῆς
1792 4146 2044 4205 διδασκα-

398 4252 523 4317 λίας
552 4249 739 4327 ἄρχειν
788 4251 887 4304 τοῦ
933 4246 1070 4302 κατὰ
1115 4244 1243 4300 Θεὸν
1291 4240 1695 4315 πολιτεύματος
1722 4239 1953 4294 τέθειται
1981 4237 2045 4293 τὸ

394 4343 553 4419 ἀνήρ·
587 4326 950 4417 ἀρῥενότητος
980 4336 1084 4411 γὰρ
1133 4330 1217 4389 δεῖ
1261 4336 1551 4419 γνωμικῆς
1599 4328 1689 4384 καὶ
1734 4326 2048 4419 γενναιότη-

392 4415 782 4504 τος-ψυχικῆς
838 4422 1000 4479 παντὶ
1048 4420 1187 4497 γένει
1243 4424 1326 4493 τῷ
1391 4415 1838 4491 πολιτευσομένω
1910 4415 2046 4470 κατὰ

395 4518 550 4591 Θεὸν,
601 4515 664 4571 οὗ
718 4510 1051 4585 θηλύτητος,
1100 4508 1163 4565 οὐ
1216 4507 1577 4586 χανυότητος.
1618 4505 1883 4579 Ἀδόκιμα
1938 4504 2043 4591 γὰρ

393 4590 564 4663 ταῦτα
607 4603 746 4683 πρὸς
791 4601 984 4679 ἀρετὴν
1033 4599 1125 4655 καὶ
1168 4592 1477 4667 ἀπόϐλητα.
1524 4596 1643 4671 Χρὴ
1687 4593 1868 4650 τοίνυν
1923 4590 2045 4669 βιά-

2137 1979 2204 2033 τά
2283 1976 2470 2033 πολλὰ
2521 1982 2759 2053 πειρῷτο
2817 1976 3117 2049 λανθάνειν,
3177 1973 3260 2046 εἴη
3312 1972 3372 2030 ἄν
3421 1978 3587 2030 τοῦτο
3640 1974 3805 2049 μόνον

2142 2066 2510 2144 ἁμαρτωλός·
2581 2067 2628 2122 εί
2684 2065 2732 2122 δ’
2808 2066 3236 2142 ἀνερυθριάστως
3309 2067 3649 2147 παρανομῶν
3709 2063 3803 2119 καὶ

2144 2157 2381 2233 πονηρὸν
2433 2153 2741 2232 ὑπόδειγμα
2798 2153 2962 2217 τιθεῖς
3019 2155 3241 2225 ἑαυτῶν,
3301 2150 3397 2208 εἴτ’
3454 2150 3664 2231 ἔργοις,
3695 2151 3806 2208 εἴτε

2144 2245 2237 2301 καὶ
2286 2243 2477 2322 λόγοις
2525 2252 2624 2315 τῆς
2667 2243 2870 2307 οἰκείας
2931 2239 3251 2317 μεταδιδοίη
3305 2236 3656 2321 φαυλότητος
3684 2248 3809 2305 τοῖς

2149 2335 2295 2408 αὑτῷ
2340 2333 2831 2412 προσπελάζουσιν,
2876 2334 2905 2388 6
2951 2336 3202 2394 τοιοῦτος
3255 2328 3323 2400 δὴ
3371 2331 3464 2386 καὶ
3494 2330 3699 2405 λοιμὸς
3732 2332 3809 2394 ὡς

2147 2428 2217 2500 τῇ
2277 2422 2544 2499 λοιμώδει
2601 2424 2746 2497 νόσῳ
2797 2422 3127 2484 πεοσεοικώς
3194 2424 3275 2493 τῷ
3346 2421 3588 2494 τοιούτῳ
3670 2419 3815 2495 μηδὲ

2152 2511 2514 2591 συυεδριάζειν
2578 2510 2696 2569 δέον
2757 2510 2889 2569 ἐστί.
2934 2515 3106 2566 Τοῦτο
3165 2510 3271 2587 γὰρ
3319 2510 3380 2565 ἄν
3435 2509 3697 2589 ἐμφαίνοι
3725 2513 3813 2583 τὸ,

2152 2629 2183 2658 ‹‹
2211 2603 2332 2659 Ἐπὶ
2382 2599 2623 2680 καθάδρᾳ
2666 2599 2882 2676 λοιμῶν
2942 2601 3042 2655 οὐκ
3092 2596 3370 2655 ἐκάθισεν
3433 2623 3464 2652 ‹‹
3520 2597 3697 2675 ἤγουν
3748 2600 3813 2656 οὑ

2153 2688 2515 2768 συγκάθεδρος
2565 2690 2774 2767 ἐγένετο
2816 2693 2935 2752 τοῖς
2980 2686 3224 2763 λοιμοῖς.
3255 2687 3355 2742 Διά
3380 2684 3478 2742 κᾶν
3517 2690 3815 2762 μονάζονες

2154 2781 2258 2836 εἶεν
2312 2780 2483 2854 οὗτοι,
2542 2777 2638 2835 κᾶν
2670 2779 2948 2856 ἱεράρχαι,
2990 2775 3086 2833 κᾶν
3126 2797 3187 2832 τε
3215 2780 3323 2832 τῶν
3355 2773 3410 2832 ἔν
3441 2797 3583 2831 τισιν
3612 2774 3814 2839 ἂλλοις

2157 2869 2386 2945 ὀνόμασι
2416 2868 2508 2924 καὶ
2566 2868 2824 2943 ὑψώμασι
2870 2865 3085 2943 πόρῥω,
3139 2863 3395 2944 φευκτέον
3444 2864 3581 2921 κατά
3627 2871 3809 2920 πᾶσαν

2155 2957 2312 3036 ἰσχὺν
2345 2957 2398 3030 ἐξ
2427 2957 2623 3017 αὐτῶν.

2229 3089 2259 3119 ‹‹
2312 3064 2587 3142 Μακάριος
2645 3063 2779 3139 ἀνὴρ
2854 3061 2913 3126 ὅς
2980 3061 3081 3118 οὐκ
3152 3059 3418 3138 ἐπορεύθη
3486 3059 3538 3116 ἐν
3608 3055 3797 3136 βουλῇ

2152 3149 2379 3215 ἀσεϐῶν,
2442 3178 2472 3209 ››
2528 3187 2600 3198 -
2651 3155 2747 3217 "Oc
2785 3150 3028 3227 ἀνδρεῖον
3092 3148 3236 3227 ἔχων
3295 3151 3361 3206 τὸ
3417 3148 3666 3229 φρόνημα
3691 3149 3803 3216 τῆς

2153 3247 2362 3321 ψυχῆς,
2413 3241 2527 3300 οὔτ’
2570 3240 2799 3314 οἷ’κοθεν,
2853 3237 2978 3298 οὔτε
3030 3236 3445 3317 πιθανολογίαις
3490 3256 3810 3315 παρακρου-

2155 3334 2299 3397 σθεὶς
2347 3335 2384 3404 ἢ
2442 3333 2701 3396 θωπείαις
2744 3330 2834 3388 καὶ
2883 3328 3083 3408 δώροις
3129 3329 3221 3385 καὶ
3265 3334 3454 3404 τιμαῖς
3483 3325 3816 3404 χαυνωθεὶς,

2151 3421 2190 3494 ἤ
2248 3421 2498 3487 ἀπειλαῖς
2558 3419 2975 3495 ἐκδειματωθεὶς
3031 3419 3061 3490 ἢ
3118 3416 3414 3496 τιμωρίαις
3483 3411 3817 3486 ἐκϐιασθεὶς,

2153 3511 2396 3584 ἀπῆλθεν
2455 3511 2508 3568 ἐν
2549 3515 2619 3587 τῇ
2666 3516 2774 3567 τῶν
2835 3503 3172 3565 ἀσεϐούντων
3223 3510 3535 3584 συναγωγῇ.
3599 3506 3819 3564 Ταυτὸν

2155 3599 2202 3657 δ’
2234 3601 2425 3672 εἰπεῖν,
2453 3603 2553 3665 Ὃς
2604 3600 2704 3656 οὐκ
2746 3600 2996 3677 ἀπήγαγε
3041 3598 3140 3667 τήν
3193 3593 3433 3653 διάνοιαν
3475 3595 3529 3651 ἐν
3564 3597 3646 3659 οἷς
3685 3596 3820 3672 βου-

2154 3689 2399 3747 λεύονται
2429 3690 2520 3746 καὶ
2550 3688 2865 3766 λογίζονται
2897 3687 3021 3765 περὶ
3051 3691 3184 3743 Θεοῦ
3203 3693 3303 3757 τῆς
3347 3684 3522 3740 αὐτῶν
3561 3679 3820 3747 ἀσεϐείας

2156 3780 2317 3852 ἀξίως
2367 3780 2419 3836 οἳ
2478 3773 2706 3848 ἀσεϐεῖς,
2766 3775 2913 3834 ἀλλὰ
2961 3777 3155 3855 πάγιος
3186 3773 3238 3831 ἐν
3272 3769 3490 3847 ἀσεϐείᾳ
3519 3768 3816 3849 (εὐσεϐείᾳ)

2152 3871 2242 3925 καὶ
2271 3867 2664 3944 ἀμετακίνητος
2692 3865 2979 3944 ῆδρασται.

2227 3984 2257 4012 ‹‹
2289 3958 2388 4014 Καὶ
2447 3957 2500 4014 ἐν
2559 3955 2671 4031 ὁδῶ
2722 3953 3065 4034 ἁμαρτωλῶν
3126 3953 3227 4010 οὐκ
3281 3951 3430 4025 ἔστη.
3493 3975 3523 4005 ››

2156 4046 2208 4104 ἐν
2235 4052 2305 4124 τῇ
2347 4046 2600 4119 πολιτείᾳ
2646 4045 2735 4102 καὶ
2784 4043 3035 4122 διαγωγῇ
3081 4048 3189 4099 τῶν
3234 4041 3652 4121 ἁμαρτανόντων
3712 4039 3825 4098 οὐκ

2154 4137 2357 4212 ἔμεινεν
2387 4134 2499 4193 οὔτ’
2555 4134 2716 4198 αὐτὸς
2768 4129 3116 4213 παραϐαίνων
3173 4132 3375 4208 νόμους
3430 4129 3817 4204 δεσποτικοὺς,

2155 4226 2279 4285 οὔτε
2322 4232 2439 4290 τοῖς
2494 4220 2917 4302 παραϐαίνουσιν
2979 4222 3353 4297 συντιθέμενος
3389 4239 3403 4253 ·
3465 4219 3593 4277 ἀλλ’
3650 4219 3705 4276 εἴ
3755 4221 3818 4276 τί

2154 4339 2289 4375 ποτε
2343 4316 2432 4373 καὶ
2488 4316 2565 4378 ὡς
2614 4313 2902 4389 ἄνθρωπος
2950 4311 3164 4375 εὐτελὲς
3197 4308 3607 4387 ἐπλημμέλησε
3644 4308 3823 4388 παρέ-

2155 4404 2357 4484 δραμεν
2390 4403 2541 4467 εὐθὺς
2570 4402 2670 4460 οὑκ
2698 4400 3021 4480 έγχρονίσας
3045 4405 3123 4474 τῷ
3148 4399 3264 4471 πλη
3274 4397 3463 4473 μμελή
3475 4418 3624 4473 ματι,

2226 4520 2255 4549 ‹‹
2286 4494 2388 4551 Καὶ
2418 4493 2504 4549 ἐπὶ
2561 4490 2793 4568 καθέδρᾳ
2850 4495 3065 4569 γοιμῶν
3125 4489 3225 4545 οὐκ
3253 4487 3514 4545 ἐκάθισεν.
3545 4511 3577 4541 »
3611 4520 3679 4530 —
3712 4490 3822 4544 Καὶ

2153 4583 2465 4661 ἀνθρώποις
2513 4578 2737 4656 λοιμοῖς
2771 4577 2898 4635 οὐδὲ
2928 4576 3249 4656 συνηδρίασε
3278 4575 3585 4654 στυγητοὺς
3615 4575 3821 4641 αὐτοὺς

3580 3986 3651 3995 -
3709 3951 3819 4010 Καὶ

399 4702 506 4768 ζειν
547 4666 663 4765 σιτῆνΙ
694 4666 851 4772 φύσιν
897 4666 981 4745 ἀεὶ
1029 4688 1121 4744 τὸν
1172 4666 1413 4757 ἀληθοῦς
1463 4666 1811 4761 μακαρισμοῦ
1853 4666 2042 4760 τυχεῖν
2075 4672 2122 4741 D
2152 4666 2295 4748 ἔχων
2326 4669 2416 4724 καὶ
2447 4666 2849 4746 ἀποτροπαίους
2879 4687 3233 4741 ποιουμενος.

397 4769 718 4866 ἀφιέμενον,
758 4779 850 4836 καὶ
906 4777 1123 4866 πάντων
1182 4777 1448 4854 ὑπερορᾷν
1478 4776 1570 4831 τὸν
1626 4773 1765 4852 πρὸς
1795 4769 1991 4866 ,ἄνεσιν
2027 4790 2041 4805 ο

392 4859 726 4953 προϐλέπειν
781 4868 905 4925 τινὰ
965 4865 1257 4943 βλαπικὰ,
1313 4869 1396 4938 τῷ
1454 4864 1633 4943 φέρειν
1691 4859 2040 4953 ⁸ἀνύστιλικτον

391 4950 456 5021 τὸ
485 4970 587 5035 τῆς
615 4962 800 5037 ψυχῆς
827 4956 985 5031 όμμά
1023 4952 1334 5028 διαπαντὸς,
1365 4954 1457 5010 καὶ
1501 4954 1600 5016 τὰς
1647 4950 1823 5007 αὐτῶν
1867 4951 2044 5027 ἀρχὰς

395 5050 788 5129 ἀποκρούεσθαι
842 5045 1144 5124 πόρρωθεν.
1200 5043 1268 5103 Εἰ
1322 5041 1380 5099 δέ
1433 5043 1557 5098 ποτ’
1611 5041 1760 5129 αύτῷ
1833 5039 1929 5129 καί
1987 5060 2041 5096 τι

395 5128 620 5223 σφάλμα
673 5132 940 5212 συμϐαίη,
988 5133 1085 5191 κᾶν
1140 5132 1332 5223 μικρὸν
1388 5132 1497 5207 εἴη,
1557 5128 1830 5223 μηδαμῶς
1875 5128 2041 5223 αὐτοῦ

392 5216 742 5311 καταφρονεῖν
797 5226 872 5289 ὡς
925 5227 1145 5299 μικροῦ,
1197 5220 1326 5297 μηδ’
1368 5220 1639 5296 ἐπιμένειν
1672 5217 1819 5281 ὅλως
1849 5216 1996 5291 αὑτῷ
2023 5236 2037 5251 ·

391 5329 614 5406 ταχάως
647 5324 695 5382 δ’
746 5321 1004 5381 ἐκκλίνειν
1057 5320 1111 5393 ἐξ
1147 5321 1314 5376 αὑειοῦ
1343 5319 1434 5376 καὶ
1465 5321 1788 5398 ἀποφοιτᾷν,
1819 5315 1908 5371 καὶ
1944 5336 2039 5389 με-

395 5417 573 5496 γάλην
601 5415 870 5472 ποιεῖσθαι
897 5412 988 5468 καὶ
1015 5415 1096 5484 τῷ
1144 5410 1324 5488 μικρῷ
1370 5410 1469 5479 τὴν
1514 5407 1853 5496 διόρθωσινε-.
1869 5408 2040 5460 Τοῦτο

396 5487 503 5584 γὰρ
534 5487 595 5560 όὶν
648 5500 731 5574 εἷή
781 5501 867 5572 τὸ,
918 5524 949 5554 ‹‹
1000 5502 1088 5561 Ἐν
1142 5496 1254 5572 6δῷ
1282 5494 1625 5584 ἁμαρτωλῶν
1677 5494 1770 5584 εὑκ
1826 5487 1975 5567 ἔστη,
2009 5515 2039 5546 »

398 5582 626 5667 δηλοῦν.
671 5585 899 5661 Ἀσεϐής
951 5586 1010 5644 δέ
1059 5586 1202 5644 ἐστιν
1259 5589 1288 5643 6
1350 5588 1425 5663 μὴ
1481 5583 1624 5664 ἔχων
1684 5583 1832 5646 ὅλως
1861 5582 1991 5638 Θεόν
2023 5601 2037 5615 ·

395 5687 539 5758 ὁμοῦ
587 5680 635 5737 δ’
685 5680 832 5752 αὖτῷ
872 5677 963 5734 καὶ
1011 5678 1041 5732 ὁ
1077 5678 1153 5753 μὴ
1183 5678 1273 5734 τὸν
1299 5673 1468 5741 ὅντως
1487 5675 1617 5732 Θεὸν
1647 5674 1737 5729 καὶ
1768 5671 1833 5745 δη
1845 5692 2041 5750 μιουρ-

396 5775 488 5853 γὸν
532 5768 679 5849 ἔχων
722 5769 873 5840 Θεὸν,
903 5764 1050 5823 ἀλλὰ
1210 5766 1378 5822 κτίσει
1428 5764 1703 5842 λατρεύων
1762 5761 1906 5839 παρά
1949 5762 2043 5817 τὸν

2225 4802 2253 4832 ι(
2286 4774 2444 4835 Ἀλλ’
2476 4776 2526 4833 ἐν
2558 4780 2638 4849 τῷ
2664 4774 2822 4848 νόμῳ
2851 4773 3051 4851 Κυρίου
3080 4772 3145 4831 τὸ
3176 4770 3398 4845 θέλημα
3447 4771 3638 4831 αὑτοῦ.
3671 4797 3705 4826 ››
3737 4807 3811 4817 -

2153 4866 2311 4925 Ἀλλ’
2342 4866 2394 4922 ἐν
2416 4870 2540 4946 ,ταῖς
2574 4863 2818 4927 ἐντολαῖς
2848 4868 2946 4921 τοῦ
2978 4867 3112 4920 Θεοῦ
3144 4863 3286 4919 ἐστιν
3315 4865 3351 4935 ἡ
3402 4864 3591 4939 σχέσις
3641 4860 3812 4918 αὐτοῦ

2149 4957 2241 5012 καὶ
2272 4957 2502 5033 στοργή.

2224 5069 2256 5100 ‹‹
2310 5045 2417 5102 Καὶ
2476 5044 2528 5101 ἐν
2572 5047 2651 5117 τῷ
2698 5042 2856 5117 νόμῳ
2902 5042 3067 5098 αὐτοῦ
3119 5039 3408 5117 μελετήσει
3454 5042 3668 5120 ἡμέρας
3719 5040 3815 5097 καὶ

2149 5134 2366 5193 νυκτόσ.
2424 5162 2454 5187 υ
2505 5166 2573 5177 -ο
2619 5132 2721 5188 Καὶ
2765 5130 2816 5186 ἐν
2854 5137 2973 5194 τοῖς
3000 5131 3379 5209 προστάγμασι
3405 5130 3621 5207 Κμρίου
3657 5127 3818 5205 μελε-

2148 5227 2301 5298 τήσει
2358 5224 2496 5279 κατά
2550 5222 2723 5278 πάντα
2777 5223 2964 5298 καιρὸν
3022 5219 3174 5284 ὅπως
3228 5221 3580 5298 ἐξερευνήσας
3636 5219 3813 5276 πάντα

2148 5314 2239 5370 καὶ
2269 5311 2433 5390 γνοὺς
2465 5305 2703 5387 ἀκριϐῶς
2734 5312 2940 5385 ποιήσῃ
2970 5309 3105 5366 αὑτά
3137 5312 3402 5388 μακάριος
3438 5310 3748 5385 ἄνθρωπος,
3782 5309 3810 5363 6

2146 5408 2316 5459 ταῦτα
2342 5404 2517 5459 πάντα
2543 5401 2945 5476 κατωρθωκώς.

2228 5514 2251 5544 ι
2279 5492 2377 5547 Καὶ
2435 5490 2581 5548 ἔσται
2637 5490 2701 5545 τὸ
2762 5488 2921 5562 ξύλον
2970 5489 3033 5546 τὸ
3090 5487 3487 5568 πεφυτευμένον
3534 5489 3683 5566 παρά
3709 5487 3811 5551 τὰς

2150 5579 2423 5654 διεξόδους
2477 5584 2584 5636 τῶν
2644 5576 2875 5635 ὑδάτων.
2936 5601 2966 5631 ››
3020 5612 3092 5622 -
3140 5580 3245 5638 Καὶ
3303 5577 3450 5634 ἔσται
3490 5578 3806 5640 ὁτοιοῦτος

2150 5671 2227 5734 ὡς
2259 5668 2477 5748 δένδρον
2534 5668 2617 5724 ἀεὶ
2673 5666 3056 5742 ποτιζόμενον,
3116 5665 3208 5724 διὰ
3258 5668 3322 5724 τὸ
3381 5667 3813 5746 εἶναιπεφυτευ-

2153 5760 2310 5835 μένον
2372 5758 2492 5815 ἔνθα
2531 5758 2601 5814 τὰ
2657 5755 2825 5813 ὕδατα
2883 5754 3281 5835 διεξάρχονται.
3339 5757 3533 5823 Καθὼς
3577 5754 3697 5832 γὰρ
3741 5755 3811 5812 τὰ

3558 6304 3559 6307 η
3594 6302 3599 6307 π
3716 6302 3721 6303 γ
3838 6296 3843 6297 ν
3854 6292 3901 6305 τ’·-ηι

3550 6354 3555 6359 ι
3632 6328 3665 6365 "’-
3682 6346 3691 6365 ς
3706 6320 3789 6361 θεσῖ

3548 6368 3561 6375 ..
3602 6372 3615 6379 ,
3642 6378 3645 6381 λ
3764 6368 3769 6371 .

3538 6374 3699 6426 Ἐμέ-π
