  <div class='ocr_page' id='page_1' title='image "/cluster/home/n/w/nwhite01/storage/ocr_20150623/142/coo.31924054870476/672.png"; bbox 0 0 4072 6440; ppageno 0'>
   <div class='ocr_carea' id='block_1_1' title="bbox 336 416 3748 484">
    <p class='ocr_par' dir='ltr' id='par_1_1' title="bbox 336 416 3748 484">
     <span class='ocr_line' id='line_1_1' title="bbox 336 416 3748 484; baseline 0 -4"><span class='ocrx_word' id='word_1_1' title='bbox 336 421 493 484; x_wconf 77' lang='grc'>1329</span> <span class='ocrx_word' id='word_1_2' title='bbox 1551 416 1966 480; x_wconf 83' lang='lat' dir='ltr'>EXPOSlTlO</span> <span class='ocrx_word' id='word_1_3' title='bbox 2010 416 2091 478; x_wconf 87' lang='lat' dir='ltr'><strong>IN</strong></span> <span class='ocrx_word' id='word_1_4' title='bbox 2137 419 2526 481; x_wconf 83' lang='lat' dir='ltr'>PSALMOS.</span> <span class='ocrx_word' id='word_1_5' title='bbox 3591 420 3748 482; x_wconf 81' lang='lat'>1330</span> 
     </span>
    </p>
   </div>
   <div class='ocr_carea' id='block_1_2' title="bbox 336 544 3743 627">
    <p class='ocr_par' dir='ltr' id='par_1_2' title="bbox 336 544 3743 627">
     <span class='ocr_line' id='line_1_2' title="bbox 336 544 3743 627; baseline -0.001 -21"><span class='ocrx_word' id='word_1_6' title='bbox 336 548 503 606; x_wconf 81' lang='grc' dir='ltr'>ὕδατα</span> <span class='ocrx_word' id='word_1_7' title='bbox 532 549 611 622; x_wconf 80' lang='grc' dir='ltr'>τῷ</span> <span class='ocrx_word' id='word_1_8' title='bbox 639 547 878 619; x_wconf 79' lang='grc' dir='ltr'>πλησίον</span> <span class='ocrx_word' id='word_1_9' title='bbox 932 547 1107 604; x_wconf 86' lang='grc' dir='ltr'>αὐτῶν</span> <span class='ocrx_word' id='word_1_10' title='bbox 1140 546 1347 627; x_wconf 87' lang='grc' dir='ltr'>δένδρῳ</span> <span class='ocrx_word' id='word_1_11' title='bbox 1379 545 1601 619; x_wconf 82' lang='grc' dir='ltr'>διηνεκῆ</span> <span class='ocrx_word' id='word_1_12' title='bbox 1631 549 1730 617; x_wconf 82' lang='grc' dir='ltr'>τὴν</span> <span class='ocrx_word' id='word_1_13' title='bbox 1764 544 1977 624; x_wconf 85' lang='grc' dir='ltr'>ἀρδείαν</span> <span class='ocrx_word' id='word_1_14' title='bbox 2009 549 2066 617; x_wconf 82' lang='grc' dir='ltr'><strong>Α</strong></span> <span class='ocrx_word' id='word_1_15' title='bbox 2092 545 2228 602; x_wconf 85' lang='grc' dir='ltr'>κατά</span> <span class='ocrx_word' id='word_1_16' title='bbox 2281 548 2408 605; x_wconf 84' lang='grc' dir='ltr'>Θεὸν</span> <span class='ocrx_word' id='word_1_17' title='bbox 2471 550 2734 620; x_wconf 75' lang='grc' dir='ltr'>ζήσαντας</span> <span class='ocrx_word' id='word_1_18' title='bbox 2794 544 3018 620; x_wconf 84' lang='grc' dir='ltr'>ὀνόματι</span> <span class='ocrx_word' id='word_1_19' title='bbox 3101 550 3268 619; x_wconf 88' lang='grc' dir='ltr'>κοινῷ</span> <span class='ocrx_word' id='word_1_20' title='bbox 3347 544 3588 611; x_wconf 79' lang='grc' dir='ltr'>δικαίους</span> <span class='ocrx_word' id='word_1_21' title='bbox 3629 545 3743 606; x_wconf 81' lang='grc' dir='ltr'>οἶδε</span> 
     </span>
    </p>
   </div>
   <div class='ocr_carea' id='block_1_3' title="bbox 333 630 3738 716">
    <p class='ocr_par' dir='ltr' id='par_1_3' title="bbox 333 630 3738 716">
     <span class='ocr_line' id='line_1_3' title="bbox 333 630 3738 716; baseline -0 -21"><span class='ocrx_word' id='word_1_22' title='bbox 333 639 653 716; x_wconf 82' lang='grc' dir='ltr'>παρέχουσι·</span> <span class='ocrx_word' id='word_1_23' title='bbox 709 637 1113 715; x_wconf 83' lang='grc' dir='ltr'>παραπλησίως</span> <span class='ocrx_word' id='word_1_24' title='bbox 1168 638 1258 693; x_wconf 85' lang='grc' dir='ltr'>καὶ</span> <span class='ocrx_word' id='word_1_25' title='bbox 1322 639 1391 694; x_wconf 79' lang='grc' dir='ltr'>τὰ</span> <span class='ocrx_word' id='word_1_26' title='bbox 1472 639 1588 693; x_wconf 90' lang='grc' dir='ltr'>θεῖα</span> <span class='ocrx_word' id='word_1_27' title='bbox 1671 630 1977 712; x_wconf 74' lang='grc' dir='ltr'>διδάγματα</span> <span class='ocrx_word' id='word_1_28' title='bbox 2083 634 2331 708; x_wconf 83' lang='grc' dir='ltr'>καλεῖνή</span> <span class='ocrx_word' id='word_1_29' title='bbox 2365 636 2480 702; x_wconf 84' lang='grc' dir='ltr'>θεία</span> <span class='ocrx_word' id='word_1_30' title='bbox 2531 637 2742 715; x_wconf 84' lang='grc' dir='ltr'>Γραφή,</span> <span class='ocrx_word' id='word_1_31' title='bbox 2773 636 2912 691; x_wconf 86' lang='grc' dir='ltr'>κατά</span> <span class='ocrx_word' id='word_1_32' title='bbox 2955 635 3058 705; x_wconf 75' lang='grc' dir='ltr'>τὴν</span> <span class='ocrx_word' id='word_1_33' title='bbox 3103 634 3341 691; x_wconf 83' lang='grc' dir='ltr'>καθόλου</span> <span class='ocrx_word' id='word_1_34' title='bbox 3390 632 3738 710; x_wconf 84' lang='grc' dir='ltr'>δικαιοσύνην</span> 
     </span>
    </p>
   </div>
   <div class='ocr_carea' id='block_1_4' title="bbox 331 721 3736 804">
    <p class='ocr_par' dir='ltr' id='par_1_4' title="bbox 331 721 3736 804">
     <span class='ocr_line' id='line_1_4' title="bbox 331 721 3736 804; baseline -0 -20"><span class='ocrx_word' id='word_1_35' title='bbox 331 726 593 796; x_wconf 80' lang='grc' dir='ltr'>διηνεκῶς</span> <span class='ocrx_word' id='word_1_36' title='bbox 623 732 950 804; x_wconf 85' lang='grc' dir='ltr'>ζωογονοῦσι</span> <span class='ocrx_word' id='word_1_37' title='bbox 988 728 1088 798; x_wconf 77' lang='grc' dir='ltr'>τὴν</span> <span class='ocrx_word' id='word_1_38' title='bbox 1121 726 1292 791; x_wconf 77' lang='grc' dir='ltr'>οὕτως</span> <span class='ocrx_word' id='word_1_39' title='bbox 1348 727 1530 790; x_wconf 84' lang='grc' dir='ltr'>αὐτοῖς</span> <span class='ocrx_word' id='word_1_40' title='bbox 1587 725 1972 801; x_wconf 86' lang='grc' dir='ltr'>ἐμμελετῶσαν</span> <span class='ocrx_word' id='word_1_41' title='bbox 2080 726 2180 796; x_wconf 82' lang='grc' dir='ltr'>τήν</span> <span class='ocrx_word' id='word_1_42' title='bbox 2239 725 2419 797; x_wconf 80' lang='grc' dir='ltr'>πάσης</span> <span class='ocrx_word' id='word_1_43' title='bbox 2476 728 2673 803; x_wconf 74' lang='grc' dir='ltr'>ἀρετῆς</span> <span class='ocrx_word' id='word_1_44' title='bbox 2732 723 3158 802; x_wconf 87' lang='grc' dir='ltr'>περιληπτικήν·</span> <span class='ocrx_word' id='word_1_45' title='bbox 3194 721 3577 803; x_wconf 86' lang='grc' dir='ltr'>δικαιοπραγεῖ</span> <span class='ocrx_word' id='word_1_46' title='bbox 3630 729 3736 803; x_wconf 76' lang='grc' dir='ltr'>γὰρ</span> 
     </span>
    </p>
   </div>
   <div class='ocr_carea' id='block_1_5' title="bbox 328 811 3735 895">
    <p class='ocr_par' dir='ltr' id='par_1_5' title="bbox 328 811 3735 895">
     <span class='ocr_line' id='line_1_5' title="bbox 328 811 3735 895; baseline 0 -22"><span class='ocrx_word' id='word_1_47' title='bbox 328 820 532 895; x_wconf 81' lang='grc' dir='ltr'>ψυχήν.</span> <span class='ocrx_word' id='word_1_48' title='bbox 2082 812 2159 877; x_wconf 65' lang='grc' dir='ltr'>εἴς</span> <span class='ocrx_word' id='word_1_49' title='bbox 2213 837 2274 871; x_wconf 90' lang='grc' dir='ltr'>τε</span> <span class='ocrx_word' id='word_1_50' title='bbox 2317 817 2420 886; x_wconf 81' lang='grc' dir='ltr'>τὴν</span> <span class='ocrx_word' id='word_1_51' title='bbox 2463 814 2618 895; x_wconf 86' lang='grc' dir='ltr'>φύσιν</span> <span class='ocrx_word' id='word_1_52' title='bbox 2668 812 2760 870; x_wconf 76' lang='grc' dir='ltr'>καί</span> <span class='ocrx_word' id='word_1_53' title='bbox 2803 814 2897 870; x_wconf 90' lang='grc' dir='ltr'>τὸν</span> <span class='ocrx_word' id='word_1_54' title='bbox 2947 820 3046 885; x_wconf 90' lang='grc' dir='ltr'>τῆς</span> <span class='ocrx_word' id='word_1_55' title='bbox 3094 813 3307 892; x_wconf 87' lang='grc' dir='ltr'>φύσεως</span> <span class='ocrx_word' id='word_1_56' title='bbox 3339 811 3673 893; x_wconf 85' lang='grc' dir='ltr'>δημιουργὸν</span> <span class='ocrx_word' id='word_1_57' title='bbox 3706 817 3735 873; x_wconf 89' lang='grc' dir='ltr'><strong>ὁ</strong></span> 
     </span>
    </p>
   </div>
   <div class='ocr_carea' id='block_1_6' title="bbox 401 902 3734 983">
    <p class='ocr_par' dir='ltr' id='par_1_6' title="bbox 401 902 3734 983">
     <span class='ocr_line' id='line_1_6' title="bbox 401 902 3734 983; baseline -0 -21"><span class='ocrx_word' id='word_1_58' title='bbox 401 932 429 962; x_wconf 90' lang='grc'><em>‹‹</em></span> <span class='ocrx_word' id='word_1_59' title='bbox 459 910 521 962; x_wconf 91' lang='grc' dir='ltr'><em>Ὃ</em></span> <span class='ocrx_word' id='word_1_60' title='bbox 548 909 640 963; x_wconf 91' lang='grc' dir='ltr'>τὸν</span> <span class='ocrx_word' id='word_1_61' title='bbox 672 906 878 983; x_wconf 90' lang='grc' dir='ltr'>καρπὸν</span> <span class='ocrx_word' id='word_1_62' title='bbox 928 905 1094 962; x_wconf 81' lang='grc' dir='ltr'>αὐτοῦ</span> <span class='ocrx_word' id='word_1_63' title='bbox 1124 903 1285 961; x_wconf 87' lang='grc' dir='ltr'>δώσει</span> <span class='ocrx_word' id='word_1_64' title='bbox 1319 905 1369 961; x_wconf 83' lang='grc' dir='ltr'>ἐν</span> <span class='ocrx_word' id='word_1_65' title='bbox 1414 908 1588 982; x_wconf 80' lang='grc' dir='ltr'>καιρῷ</span> <span class='ocrx_word' id='word_1_66' title='bbox 1658 903 1827 959; x_wconf 78' lang='grc' dir='ltr'>αὐτοῦ</span> <span class='ocrx_word' id='word_1_67' title='bbox 1882 904 1972 959; x_wconf 83' lang='grc' dir='ltr'>καὶ</span> <span class='ocrx_word' id='word_1_68' title='bbox 2081 906 2340 983; x_wconf 78' lang='grc' dir='ltr'>φρονήσει</span> <span class='ocrx_word' id='word_1_69' title='bbox 2396 904 2487 960; x_wconf 86' lang='grc' dir='ltr'>καὶ</span> <span class='ocrx_word' id='word_1_70' title='bbox 2544 902 2763 980; x_wconf 83' lang='grc' dir='ltr'>ἀνδρείᾳ</span> <span class='ocrx_word' id='word_1_71' title='bbox 2819 904 2908 959; x_wconf 76' lang='grc' dir='ltr'>καὶ</span> <span class='ocrx_word' id='word_1_72' title='bbox 2965 902 3288 982; x_wconf 71' lang='grc' dir='ltr'>σωφροσύνῃ</span> <span class='ocrx_word' id='word_1_73' title='bbox 3323 904 3414 959; x_wconf 84' lang='grc' dir='ltr'>καὶ</span> <span class='ocrx_word' id='word_1_74' title='bbox 3469 908 3538 979; x_wconf 82' lang='grc' dir='ltr'>τῇ</span> <span class='ocrx_word' id='word_1_75' title='bbox 3594 906 3734 982; x_wconf 92' lang='grc' dir='ltr'>πρὸς</span> 
     </span>
    </p>
   </div>
   <div class='ocr_carea' id='block_1_7' title="bbox 324 990 3733 1075">
    <p class='ocr_par' dir='ltr' id='par_1_7' title="bbox 324 990 3733 1075">
     <span class='ocr_line' id='line_1_7' title="bbox 324 990 3733 1075; baseline -0.001 -22"><span class='ocrx_word' id='word_1_76' title='bbox 324 997 388 1053; x_wconf 85' lang='grc' dir='ltr'>τὸ</span> <span class='ocrx_word' id='word_1_77' title='bbox 442 994 651 1075; x_wconf 80' lang='grc' dir='ltr'>φύλλον</span> <span class='ocrx_word' id='word_1_78' title='bbox 717 997 883 1051; x_wconf 80' lang='grc' dir='ltr'>αὑτοῦ</span> <span class='ocrx_word' id='word_1_79' title='bbox 961 995 1062 1051; x_wconf 80' lang='grc' dir='ltr'>οὐκ</span> <span class='ocrx_word' id='word_1_80' title='bbox 1116 994 1537 1071; x_wconf 72' lang='grc' dir='ltr'>ἀποῤῥυήσεται.</span> <span class='ocrx_word' id='word_1_81' title='bbox 1587 1017 1619 1047; x_wconf 84' lang='grc'><strong>››</strong></span> <span class='ocrx_word' id='word_1_82' title='bbox 1675 1026 1744 1036; x_wconf 94' lang='grc'><strong><em>-</em></strong></span> <span class='ocrx_word' id='word_1_83' title='bbox 1796 992 1969 1056; x_wconf 78' lang='grc' dir='ltr'>Οὗτος</span> <span class='ocrx_word' id='word_1_84' title='bbox 2078 992 2278 1057; x_wconf 85' lang='grc' dir='ltr'>πάντας</span> <span class='ocrx_word' id='word_1_85' title='bbox 2327 992 2640 1068; x_wconf 77' lang='grc' dir='ltr'>δικαιοσύνῃ</span> <span class='ocrx_word' id='word_1_86' title='bbox 2704 991 3105 1067; x_wconf 82' lang='grc' dir='ltr'>κοσμούμενος.</span> <span class='ocrx_word' id='word_1_87' title='bbox 3172 994 3248 1047; x_wconf 87' lang='grc' dir='ltr'>Τά</span> <span class='ocrx_word' id='word_1_88' title='bbox 3295 990 3355 1048; x_wconf 77' lang='grc' dir='ltr'>δὲ</span> <span class='ocrx_word' id='word_1_89' title='bbox 3407 993 3504 1048; x_wconf 87' lang='grc' dir='ltr'>τοῦ</span> <span class='ocrx_word' id='word_1_90' title='bbox 3562 993 3733 1071; x_wconf 76' lang='grc' dir='ltr'>ῥητοῦ</span> 
     </span>
    </p>
   </div>
   <div class='ocr_carea' id='block_1_8' title="bbox 323 1077 3735 1160">
    <p class='ocr_par' dir='ltr' id='par_1_8' title="bbox 323 1077 3735 1160">
     <span class='ocr_line' id='line_1_8' title="bbox 323 1077 3735 1160; baseline -0.001 -19"><span class='ocrx_word' id='word_1_91' title='bbox 323 1084 413 1141; x_wconf 88' lang='grc' dir='ltr'>καὶ</span> <span class='ocrx_word' id='word_1_92' title='bbox 468 1086 593 1148; x_wconf 81' lang='grc' dir='ltr'>τοὺς</span> <span class='ocrx_word' id='word_1_93' title='bbox 669 1084 834 1140; x_wconf 83' lang='grc' dir='ltr'>αὐτοῦ</span> <span class='ocrx_word' id='word_1_94' title='bbox 915 1083 1175 1159; x_wconf 76' lang='grc' dir='ltr'>καρποὺς,</span> <span class='ocrx_word' id='word_1_95' title='bbox 1253 1081 1511 1154; x_wconf 88' lang='grc' dir='ltr'>δηλονότι</span> <span class='ocrx_word' id='word_1_96' title='bbox 1586 1083 1684 1146; x_wconf 82' lang='grc' dir='ltr'>τὰς</span> <span class='ocrx_word' id='word_1_97' title='bbox 1752 1081 1968 1158; x_wconf 74' lang='grc' dir='ltr'>ἀρετὰς,</span> <span class='ocrx_word' id='word_1_98' title='bbox 2079 1083 2395 1139; x_wconf 85' lang='grc' dir='ltr'>συντακτέον</span> <span class='ocrx_word' id='word_1_99' title='bbox 2468 1077 2804 1160; x_wconf 82' lang='grc' dir='ltr'>ὑπερϐατῶς.</span> <span class='ocrx_word' id='word_1_100' title='bbox 2864 1082 2964 1137; x_wconf 82' lang='grc' dir='ltr'>Διά</span> <span class='ocrx_word' id='word_1_101' title='bbox 3042 1085 3205 1137; x_wconf 90' lang='grc' dir='ltr'>τοῦτο</span> <span class='ocrx_word' id='word_1_102' title='bbox 3264 1080 3316 1137; x_wconf 92' lang='grc' dir='ltr'>ἐν</span> <span class='ocrx_word' id='word_1_103' title='bbox 3385 1081 3555 1158; x_wconf 89' lang='grc' dir='ltr'>κρίσει</span> <span class='ocrx_word' id='word_1_104' title='bbox 3635 1082 3735 1139; x_wconf 82' lang='grc' dir='ltr'>οὐκ</span> 
     </span>
    </p>
   </div>
   <div class='ocr_carea' id='block_1_9' title="bbox 323 1166 3731 1252">
    <p class='ocr_par' dir='ltr' id='par_1_9' title="bbox 323 1166 3731 1252">
     <span class='ocr_line' id='line_1_9' title="bbox 323 1166 3731 1252; baseline -0.001 -22"><span class='ocrx_word' id='word_1_105' title='bbox 323 1173 558 1252; x_wconf 89' lang='grc' dir='ltr'>ἀκαίρως</span> <span class='ocrx_word' id='word_1_106' title='bbox 610 1172 772 1229; x_wconf 88' lang='grc' dir='ltr'>δώσει</span> <span class='ocrx_word' id='word_1_107' title='bbox 827 1175 916 1229; x_wconf 84' lang='grc' dir='ltr'>καὶ</span> <span class='ocrx_word' id='word_1_108' title='bbox 947 1172 1165 1239; x_wconf 84' lang='grc' dir='ltr'>θάλλων</span> <span class='ocrx_word' id='word_1_109' title='bbox 1200 1168 1345 1229; x_wconf 79' lang='grc' dir='ltr'>ἔσται</span> <span class='ocrx_word' id='word_1_110' title='bbox 1378 1170 1685 1235; x_wconf 84' lang='grc' dir='ltr'>διαπαντός.</span> <span class='ocrx_word' id='word_1_111' title='bbox 1714 1174 1970 1233; x_wconf 89' lang='grc' dir='ltr'>Τοιοῦτος</span> <span class='ocrx_word' id='word_1_112' title='bbox 2075 1171 2459 1244; x_wconf 74' lang='grc' dir='ltr'>ἀναστήσονται</span> <span class='ocrx_word' id='word_1_113' title='bbox 2529 1166 2739 1234; x_wconf 84' lang='grc' dir='ltr'>ἀσεϐεῖς</span> <span class='ocrx_word' id='word_1_114' title='bbox 2810 1168 2935 1227; x_wconf 76' lang='grc' dir='ltr'>οὐδὲ</span> <span class='ocrx_word' id='word_1_115' title='bbox 3014 1169 3341 1247; x_wconf 81' lang='grc' dir='ltr'>ἁμαρτωλοὶ</span> <span class='ocrx_word' id='word_1_116' title='bbox 3415 1170 3468 1227; x_wconf 89' lang='grc' dir='ltr'>ἐν</span> <span class='ocrx_word' id='word_1_117' title='bbox 3555 1171 3731 1247; x_wconf 81' lang='grc' dir='ltr'>βουλῇ</span> 
     </span>
    </p>
   </div>
   <div class='ocr_carea' id='block_1_10' title="bbox 322 1258 3732 1339">
    <p class='ocr_par' dir='ltr' id='par_1_10' title="bbox 322 1258 3732 1339">
     <span class='ocr_line' id='line_1_10' title="bbox 322 1258 3732 1339; baseline -0.001 -21"><span class='ocrx_word' id='word_1_118' title='bbox 322 1264 426 1339; x_wconf 81' lang='grc' dir='ltr'>γὰρ</span> <span class='ocrx_word' id='word_1_119' title='bbox 482 1264 511 1318; x_wconf 98' lang='lat'>6</span> <span class='ocrx_word' id='word_1_120' title='bbox 566 1261 861 1327; x_wconf 88' lang='grc' dir='ltr'>σπουδαῖος</span> <span class='ocrx_word' id='word_1_121' title='bbox 916 1264 1014 1318; x_wconf 88' lang='grc' dir='ltr'>κάν</span> <span class='ocrx_word' id='word_1_122' title='bbox 1077 1267 1196 1325; x_wconf 90' lang='grc' dir='ltr'>τοῖς</span> <span class='ocrx_word' id='word_1_123' title='bbox 1260 1261 1529 1339; x_wconf 88' lang='grc' dir='ltr'>ἀλγεινοῖς</span> <span class='ocrx_word' id='word_1_124' title='bbox 1592 1259 1800 1337; x_wconf 90' lang='grc' dir='ltr'>χαίρων</span> <span class='ocrx_word' id='word_1_125' title='bbox 1875 1259 1966 1315; x_wconf 80' lang='grc' dir='ltr'>καὶ</span> <span class='ocrx_word' id='word_1_126' title='bbox 2076 1259 2320 1334; x_wconf 78' lang='grc' dir='ltr'>δικαίων,</span> <span class='ocrx_word' id='word_1_127' title='bbox 2374 1258 2547 1337; x_wconf 77' lang='grc' dir='ltr'>ἤγουν</span> <span class='ocrx_word' id='word_1_128' title='bbox 2596 1260 2731 1315; x_wconf 86' lang='grc' dir='ltr'>κατά</span> <span class='ocrx_word' id='word_1_129' title='bbox 2784 1260 2876 1315; x_wconf 90' lang='grc' dir='ltr'>τὸν</span> <span class='ocrx_word' id='word_1_130' title='bbox 2954 1265 3052 1331; x_wconf 90' lang='grc' dir='ltr'>τῆς</span> <span class='ocrx_word' id='word_1_131' title='bbox 3117 1258 3430 1323; x_wconf 84' lang='grc' dir='ltr'>τελευταίας</span> <span class='ocrx_word' id='word_1_132' title='bbox 3500 1260 3732 1335; x_wconf 91' lang='grc' dir='ltr'>κρίσεως</span> 
     </span>
    </p>
   </div>
   <div class='ocr_carea' id='block_1_11' title="bbox 320 1346 3734 1429">
    <p class='ocr_par' dir='ltr' id='par_1_11' title="bbox 320 1346 3734 1429">
     <span class='ocr_line' id='line_1_11' title="bbox 320 1346 3734 1429; baseline -0.001 -21"><span class='ocrx_word' id='word_1_133' title='bbox 320 1346 724 1428; x_wconf 84' lang='grc' dir='ltr'>ἀγαλλόμενος,</span> <span class='ocrx_word' id='word_1_134' title='bbox 773 1352 857 1409; x_wconf 78' lang='grc' dir='ltr'>ὅτι</span> <span class='ocrx_word' id='word_1_135' title='bbox 908 1357 1016 1408; x_wconf 91' lang='grc' dir='ltr'>τῶν</span> <span class='ocrx_word' id='word_1_136' title='bbox 1083 1351 1341 1429; x_wconf 81' lang='grc' dir='ltr'>ἀλγεινῶν</span> <span class='ocrx_word' id='word_1_137' title='bbox 1405 1351 1825 1428; x_wconf 87' lang='grc' dir='ltr'>καθυπερτερεῖ;</span> <span class='ocrx_word' id='word_1_138' title='bbox 1875 1348 1965 1405; x_wconf 81' lang='grc' dir='ltr'>καὶ</span> <span class='ocrx_word' id='word_1_139' title='bbox 2071 1357 2173 1421; x_wconf 89' lang='grc' dir='ltr'>τῆς</span> <span class='ocrx_word' id='word_1_140' title='bbox 2226 1349 2571 1427; x_wconf 89' lang='grc' dir='ltr'>παγκοσμίου</span> <span class='ocrx_word' id='word_1_141' title='bbox 2627 1349 2814 1424; x_wconf 85' lang='grc' dir='ltr'>καιρὸν</span> <span class='ocrx_word' id='word_1_142' title='bbox 2873 1349 2972 1404; x_wconf 84' lang='grc' dir='ltr'>ούκ</span> <span class='ocrx_word' id='word_1_143' title='bbox 3054 1348 3448 1420; x_wconf 76' lang='grc' dir='ltr'>ἀναστήσονται</span> <span class='ocrx_word' id='word_1_144' title='bbox 3504 1348 3557 1405; x_wconf 80' lang='grc' dir='ltr'>οἷ</span> <span class='ocrx_word' id='word_1_145' title='bbox 3616 1350 3734 1405; x_wconf 84' lang='grc' dir='ltr'>ἀσε-</span> 
     </span>
    </p>
   </div>
   <div class='ocr_carea' id='block_1_12' title="bbox 318 1434 3729 1518">
    <p class='ocr_par' dir='ltr' id='par_1_12' title="bbox 318 1434 3729 1518">
     <span class='ocr_line' id='line_1_12' title="bbox 318 1434 3729 1518; baseline -0 -23"><span class='ocrx_word' id='word_1_146' title='bbox 318 1444 420 1518; x_wconf 80' lang='grc' dir='ltr'>γὰρ</span> <span class='ocrx_word' id='word_1_147' title='bbox 466 1440 567 1497; x_wconf 80' lang='grc' dir='ltr'>οὐκ</span> <span class='ocrx_word' id='word_1_148' title='bbox 616 1439 757 1498; x_wconf 74' lang='grc' dir='ltr'>ἔστιν</span> <span class='ocrx_word' id='word_1_149' title='bbox 807 1439 961 1497; x_wconf 72' lang='grc' dir='ltr'>οὐδὲν</span> <span class='ocrx_word' id='word_1_150' title='bbox 1010 1440 1410 1518; x_wconf 78' lang='grc' dir='ltr'>ἐρασμιώτερον</span> <span class='ocrx_word' id='word_1_151' title='bbox 1482 1439 1636 1518; x_wconf 91' lang='grc' dir='ltr'>φύσει</span> <span class='ocrx_word' id='word_1_152' title='bbox 1690 1441 1788 1493; x_wconf 86' lang='grc' dir='ltr'>τοῦ</span> <span class='ocrx_word' id='word_1_153' title='bbox 1847 1439 1965 1493; x_wconf 88' lang='grc' dir='ltr'>κατ’</span> <span class='ocrx_word' id='word_1_154' title='bbox 2074 1434 2209 1510; x_wconf 83' lang='grc' dir='ltr'>ϐεῖς,</span> <span class='ocrx_word' id='word_1_155' title='bbox 2243 1437 2366 1496; x_wconf 68' lang='grc' dir='ltr'>οὔτε</span> <span class='ocrx_word' id='word_1_156' title='bbox 2397 1440 2506 1513; x_wconf 78' lang='grc' dir='ltr'>μὴν</span> <span class='ocrx_word' id='word_1_157' title='bbox 2549 1440 2603 1495; x_wconf 76' lang='grc' dir='ltr'>οἱ</span> <span class='ocrx_word' id='word_1_158' title='bbox 2630 1437 2955 1515; x_wconf 86' lang='grc' dir='ltr'>ἀμαρτωλοὶ</span> <span class='ocrx_word' id='word_1_159' title='bbox 2988 1436 3076 1493; x_wconf 87' lang='grc' dir='ltr'>ἐπὶ</span> <span class='ocrx_word' id='word_1_160' title='bbox 3106 1441 3187 1510; x_wconf 81' lang='grc' dir='ltr'>τῷ</span> <span class='ocrx_word' id='word_1_161' title='bbox 3218 1442 3453 1492; x_wconf 89' lang='grc' dir='ltr'>συνεῖναι</span> <span class='ocrx_word' id='word_1_162' title='bbox 3506 1441 3574 1512; x_wconf 77' lang='grc' dir='ltr'>τῇ</span> <span class='ocrx_word' id='word_1_163' title='bbox 3620 1443 3729 1494; x_wconf 89' lang='grc' dir='ltr'>τῶν</span> 
     </span>
    </p>
   </div>
   <div class='ocr_carea' id='block_1_13' title="bbox 317 1524 3732 1607">
    <p class='ocr_par' dir='ltr' id='par_1_13' title="bbox 317 1524 3732 1607">
     <span class='ocr_line' id='line_1_13' title="bbox 317 1524 3732 1607; baseline -0.001 -22"><span class='ocrx_word' id='word_1_164' title='bbox 317 1529 513 1605; x_wconf 71' lang='grc' dir='ltr'>ἀρετήν</span> <span class='ocrx_word' id='word_1_165' title='bbox 549 1530 670 1607; x_wconf 84' lang='grc' dir='ltr'>βίου</span> <span class='ocrx_word' id='word_1_166' title='bbox 697 1530 790 1587; x_wconf 86' lang='grc' dir='ltr'>καὶ</span> <span class='ocrx_word' id='word_1_167' title='bbox 839 1525 1009 1594; x_wconf 80' lang='grc' dir='ltr'>ὅντως</span> <span class='ocrx_word' id='word_1_168' title='bbox 1057 1527 1342 1606; x_wconf 76' lang='grc' dir='ltr'>ἡδύτερον.</span> <span class='ocrx_word' id='word_1_169' title='bbox 1376 1524 1607 1605; x_wconf 85' lang='grc' dir='ltr'>Εἷ¹ρηται</span> <span class='ocrx_word' id='word_1_170' title='bbox 1665 1525 1723 1582; x_wconf 82' lang='grc' dir='ltr'>δὲ</span> <span class='ocrx_word' id='word_1_171' title='bbox 1778 1526 1961 1591; x_wconf 89' lang='grc' dir='ltr'>καλῶς</span> <span class='ocrx_word' id='word_1_172' title='bbox 2073 1526 2295 1586; x_wconf 89' lang='grc' dir='ltr'>δικαίων</span> <span class='ocrx_word' id='word_1_173' title='bbox 2380 1532 2689 1606; x_wconf 79' lang='grc' dir='ltr'>συναγωγῇ,</span> <span class='ocrx_word' id='word_1_174' title='bbox 2775 1526 3014 1604; x_wconf 88' lang='grc' dir='ltr'>καθάπερ</span> <span class='ocrx_word' id='word_1_175' title='bbox 3090 1531 3183 1582; x_wconf 89' lang='grc' dir='ltr'>νῦν</span> <span class='ocrx_word' id='word_1_176' title='bbox 3259 1525 3311 1581; x_wconf 82' lang='grc' dir='ltr'>ἐν</span> <span class='ocrx_word' id='word_1_177' title='bbox 3383 1531 3463 1600; x_wconf 80' lang='grc' dir='ltr'>τῷ</span> <span class='ocrx_word' id='word_1_178' title='bbox 3535 1526 3732 1603; x_wconf 85' lang='grc' dir='ltr'>κόσμῷ</span> 
     </span>
    </p>
   </div>
   <div class='ocr_carea' id='block_1_14' title="bbox 316 1613 3728 1696">
    <p class='ocr_par' dir='ltr' id='par_1_14' title="bbox 316 1613 3728 1696">
     <span class='ocr_line' id='line_1_14' title="bbox 316 1613 3728 1696; baseline -0.001 -21"><span class='ocrx_word' id='word_1_179' title='bbox 316 1620 407 1675; x_wconf 84' lang='grc' dir='ltr'>καὶ</span> <span class='ocrx_word' id='word_1_180' title='bbox 450 1621 536 1689; x_wconf 88' lang='grc' dir='ltr'>τὸ,</span> <span class='ocrx_word' id='word_1_181' title='bbox 570 1642 600 1671; x_wconf 86' lang='grc'><strong>››</strong></span> <span class='ocrx_word' id='word_1_182' title='bbox 630 1619 681 1675; x_wconf 87' lang='grc' dir='ltr'>ἐν</span> <span class='ocrx_word' id='word_1_183' title='bbox 728 1618 903 1696; x_wconf 88' lang='grc' dir='ltr'>καιρῷ</span> <span class='ocrx_word' id='word_1_184' title='bbox 948 1618 1136 1693; x_wconf 80' lang='grc' dir='ltr'>αὐτοῦ,</span> <span class='ocrx_word' id='word_1_185' title='bbox 1169 1643 1198 1673; x_wconf 83' lang='grc'><strong>››</strong></span> <span class='ocrx_word' id='word_1_186' title='bbox 1245 1615 1384 1674; x_wconf 88' lang='grc' dir='ltr'>διότι</span> <span class='ocrx_word' id='word_1_187' title='bbox 1429 1618 1566 1673; x_wconf 86' lang='grc' dir='ltr'>κατά</span> <span class='ocrx_word' id='word_1_188' title='bbox 1601 1616 1693 1672; x_wconf 88' lang='grc' dir='ltr'>τὸν</span> <span class='ocrx_word' id='word_1_189' title='bbox 1751 1617 1962 1692; x_wconf 79' lang='grc' dir='ltr'>προσ-ή-</span> <span class='ocrx_word' id='word_1_190' title='bbox 2067 1616 2250 1692; x_wconf 86' lang='grc' dir='ltr'>τούτῳ</span> <span class='ocrx_word' id='word_1_191' title='bbox 2307 1615 2615 1692; x_wconf 69' lang='grc' dir='ltr'>σύμπαντες</span> <span class='ocrx_word' id='word_1_192' title='bbox 2674 1616 2806 1673; x_wconf 83' lang='grc' dir='ltr'>εἰσιν</span> <span class='ocrx_word' id='word_1_193' title='bbox 2882 1616 3098 1696; x_wconf 83' lang='grc' dir='ltr'>ἀναμίξ.</span> <span class='ocrx_word' id='word_1_194' title='bbox 3159 1613 3322 1672; x_wconf 90' lang='grc' dir='ltr'>Ἀλλ’</span> <span class='ocrx_word' id='word_1_195' title='bbox 3373 1616 3403 1670; x_wconf 95' lang='lat'>6</span> <span class='ocrx_word' id='word_1_196' title='bbox 3464 1617 3559 1690; x_wconf 73' lang='grc' dir='ltr'>μὲν</span> <span class='ocrx_word' id='word_1_197' title='bbox 3616 1620 3728 1673; x_wconf 92' lang='grc' dir='ltr'>τῶν</span> 
     </span>
    </p>
   </div>
   <div class='ocr_carea' id='block_1_15' title="bbox 314 1695 3726 1785">
    <p class='ocr_par' dir='ltr' id='par_1_15' title="bbox 314 1695 3726 1785">
     <span class='ocr_line' id='line_1_15' title="bbox 314 1695 3726 1785; baseline -0.001 -21"><span class='ocrx_word' id='word_1_198' title='bbox 314 1729 479 1764; x_wconf 87' lang='grc' dir='ltr'>κοντα</span> <span class='ocrx_word' id='word_1_199' title='bbox 515 1709 727 1785; x_wconf 89' lang='grc' dir='ltr'>καιρὸν,</span> <span class='ocrx_word' id='word_1_200' title='bbox 757 1695 887 1766; x_wconf 87' lang='grc' dir='ltr'>ἀλλ’</span> <span class='ocrx_word' id='word_1_201' title='bbox 933 1708 1032 1764; x_wconf 83' lang='grc' dir='ltr'>οὐκ</span> <span class='ocrx_word' id='word_1_202' title='bbox 1078 1706 1291 1783; x_wconf 89' lang='grc' dir='ltr'>ἀθρόως</span> <span class='ocrx_word' id='word_1_203' title='bbox 1337 1726 1421 1770; x_wconf 91' lang='grc' dir='ltr'>τις</span> <span class='ocrx_word' id='word_1_204' title='bbox 1476 1706 1807 1783; x_wconf 83' lang='grc' dir='ltr'>κατορθώσει</span> <span class='ocrx_word' id='word_1_205' title='bbox 1863 1706 1962 1768; x_wconf 80' lang='grc' dir='ltr'>τὰς</span> <span class='ocrx_word' id='word_1_206' title='bbox 2071 1704 2293 1763; x_wconf 88' lang='grc' dir='ltr'>δικαίων</span> <span class='ocrx_word' id='word_1_207' title='bbox 2324 1708 2571 1784; x_wconf 88' lang='grc' dir='ltr'>χορηγὸς</span> <span class='ocrx_word' id='word_1_208' title='bbox 2604 1705 2657 1762; x_wconf 83' lang='grc' dir='ltr'>ἐν</span> <span class='ocrx_word' id='word_1_209' title='bbox 2688 1695 2975 1782; x_wconf 71' lang='grc' dir='ltr'>προσώπω</span> <span class='ocrx_word' id='word_1_210' title='bbox 3005 1709 3139 1761; x_wconf 90' lang='grc' dir='ltr'>Θεοῦ</span> <span class='ocrx_word' id='word_1_211' title='bbox 3180 1706 3276 1767; x_wconf 73' lang='grc' dir='ltr'>τὰς</span> <span class='ocrx_word' id='word_1_212' title='bbox 3327 1705 3726 1784; x_wconf 84' lang='grc' dir='ltr'>ἀνεκφράστους</span> 
     </span>
    </p>
   </div>
   <div class='ocr_carea' id='block_1_16' title="bbox 313 1789 3727 1875">
    <p class='ocr_par' dir='ltr' id='par_1_16' title="bbox 313 1789 3727 1875">
     <span class='ocr_line' id='line_1_16' title="bbox 313 1789 3727 1875; baseline -0.001 -22"><span class='ocrx_word' id='word_1_213' title='bbox 313 1798 527 1874; x_wconf 86' lang='grc' dir='ltr'>ἀρετάς.</span> <span class='ocrx_word' id='word_1_214' title='bbox 571 1798 688 1874; x_wconf 83' lang='grc' dir='ltr'>Χρή</span> <span class='ocrx_word' id='word_1_215' title='bbox 736 1798 862 1875; x_wconf 77' lang='grc' dir='ltr'>γάρ,</span> <span class='ocrx_word' id='word_1_216' title='bbox 907 1798 1023 1875; x_wconf 83' lang='grc' dir='ltr'>χρή</span> <span class='ocrx_word' id='word_1_217' title='bbox 1078 1796 1492 1874; x_wconf 87' lang='grc' dir='ltr'>προηγήσασθαι</span> <span class='ocrx_word' id='word_1_218' title='bbox 1558 1793 1811 1859; x_wconf 78' lang='grc' dir='ltr'>πολλοὺς</span> <span class='ocrx_word' id='word_1_219' title='bbox 1876 1793 1961 1850; x_wconf 79' lang='grc' dir='ltr'>ὅτι</span> <span class='ocrx_word' id='word_1_220' title='bbox 2065 1796 2158 1851; x_wconf 89' lang='grc' dir='ltr'>καὶ</span> <span class='ocrx_word' id='word_1_221' title='bbox 2186 1794 2519 1873; x_wconf 85' lang='grc' dir='ltr'>ἀπεράντους</span> <span class='ocrx_word' id='word_1_222' title='bbox 2563 1792 2892 1858; x_wconf 71' lang='grc' dir='ltr'>ἀπολαύσεις</span> <span class='ocrx_word' id='word_1_223' title='bbox 2945 1793 3316 1870; x_wconf 84' lang='grc' dir='ltr'>κληρώσεται·</span> <span class='ocrx_word' id='word_1_224' title='bbox 3349 1797 3457 1849; x_wconf 88' lang='grc' dir='ltr'>τῶν</span> <span class='ocrx_word' id='word_1_225' title='bbox 3517 1789 3727 1851; x_wconf 88' lang='grc' dir='ltr'>ἀσεϐῶν</span> 
     </span>
    </p>
   </div>
   <div class='ocr_carea' id='block_1_17' title="bbox 309 1883 1955 1962">
    <p class='ocr_par' dir='ltr' id='par_1_17' title="bbox 309 1883 1955 1962">
     <span class='ocr_line' id='line_1_17' title="bbox 309 1883 1955 1962; baseline -0.001 -21"><span class='ocrx_word' id='word_1_226' title='bbox 309 1884 585 1960; x_wconf 82' lang='grc' dir='ltr'>καμάτους</span> <span class='ocrx_word' id='word_1_227' title='bbox 615 1886 706 1942; x_wconf 83' lang='grc' dir='ltr'>καὶ</span> <span class='ocrx_word' id='word_1_228' title='bbox 732 1885 932 1949; x_wconf 89' lang='grc' dir='ltr'>πόνους</span> <span class='ocrx_word' id='word_1_229' title='bbox 970 1892 1073 1957; x_wconf 88' lang='grc' dir='ltr'>τῆς</span> <span class='ocrx_word' id='word_1_230' title='bbox 1112 1884 1518 1962; x_wconf 87' lang='grc' dir='ltr'>τελεσιουργίας</span> <span class='ocrx_word' id='word_1_231' title='bbox 1562 1887 1670 1939; x_wconf 89' lang='grc' dir='ltr'>τῶν</span> <span class='ocrx_word' id='word_1_232' title='bbox 1730 1883 1955 1959; x_wconf 83' lang='grc' dir='ltr'>ἀρετῶν.</span> 
     </span>
    </p>
   </div>
   <div class='ocr_carea' id='block_1_18' title="bbox 310 1972 1958 2053">
    <p class='ocr_par' dir='ltr' id='par_1_18' title="bbox 310 1972 1958 2053">
     <span class='ocr_line' id='line_1_18' title="bbox 310 1972 1958 2053; baseline -0.001 -24"><span class='ocrx_word' id='word_1_233' title='bbox 310 1972 534 2030; x_wconf 82' lang='grc' dir='ltr'>Φύλλον</span> <span class='ocrx_word' id='word_1_234' title='bbox 566 1972 625 2031; x_wconf 81' lang='grc' dir='ltr'>δέ</span> <span class='ocrx_word' id='word_1_235' title='bbox 650 1996 794 2039; x_wconf 89' lang='grc' dir='ltr'>τινες</span> <span class='ocrx_word' id='word_1_236' title='bbox 846 1977 947 2045; x_wconf 80' lang='grc' dir='ltr'>τὴν</span> <span class='ocrx_word' id='word_1_237' title='bbox 993 1973 1494 2053; x_wconf 77' lang='grc' dir='ltr'>ταπεινοφροσύνην</span> <span class='ocrx_word' id='word_1_238' title='bbox 1543 1972 1851 2047; x_wconf 84' lang='grc' dir='ltr'>ὠνόμασαν,</span> <span class='ocrx_word' id='word_1_239' title='bbox 1883 1973 1958 2036; x_wconf 86' lang='grc' dir='ltr'>ὡς</span> 
     </span>
    </p>
   </div>
   <div class='ocr_carea' id='block_1_19' title="bbox 306 2062 1959 2141">
    <p class='ocr_par' dir='ltr' id='par_1_19' title="bbox 306 2062 1959 2141">
     <span class='ocr_line' id='line_1_19' title="bbox 306 2062 1959 2141; baseline -0.002 -22"><span class='ocrx_word' id='word_1_240' title='bbox 306 2064 668 2133; x_wconf 79' lang='grc' dir='ltr'>σκεπαπικήν</span> <span class='ocrx_word' id='word_1_241' title='bbox 712 2065 805 2119; x_wconf 75' lang='grc' dir='ltr'>καὶ</span> <span class='ocrx_word' id='word_1_242' title='bbox 868 2064 1269 2141; x_wconf 79' lang='grc' dir='ltr'>συντηρητικὴν</span> <span class='ocrx_word' id='word_1_243' title='bbox 1324 2066 1432 2118; x_wconf 91' lang='grc' dir='ltr'>τῶν</span> <span class='ocrx_word' id='word_1_244' title='bbox 1510 2064 1756 2134; x_wconf 82' lang='grc' dir='ltr'>καρπῶν.</span> <span class='ocrx_word' id='word_1_245' title='bbox 1808 2062 1959 2124; x_wconf 73' lang='grc' dir='ltr'>Τινὲς</span> 
     </span>
    </p>
   </div>
   <div class='ocr_carea' id='block_1_20' title="bbox 307 2149 1959 2229">
    <p class='ocr_par' dir='ltr' id='par_1_20' title="bbox 307 2149 1959 2229">
     <span class='ocr_line' id='line_1_20' title="bbox 307 2149 1959 2229; baseline -0.002 -21"><span class='ocrx_word' id='word_1_246' title='bbox 307 2150 368 2208; x_wconf 77' lang='grc' dir='ltr'>δὲ</span> <span class='ocrx_word' id='word_1_247' title='bbox 412 2153 510 2223; x_wconf 76' lang='grc' dir='ltr'>τὴν</span> <span class='ocrx_word' id='word_1_248' title='bbox 559 2149 758 2209; x_wconf 80' lang='grc' dir='ltr'>ἐλπίδα</span> <span class='ocrx_word' id='word_1_249' title='bbox 802 2159 906 2224; x_wconf 86' lang='grc' dir='ltr'>τῆς</span> <span class='ocrx_word' id='word_1_250' title='bbox 953 2152 1226 2229; x_wconf 87' lang='grc' dir='ltr'>σωτηρίας</span> <span class='ocrx_word' id='word_1_251' title='bbox 1283 2152 1359 2215; x_wconf 85' lang='grc' dir='ltr'>ὡς</span> <span class='ocrx_word' id='word_1_252' title='bbox 1415 2149 1815 2206; x_wconf 82' lang='grc' dir='ltr'>ἐπιθάλπουσαν</span> <span class='ocrx_word' id='word_1_253' title='bbox 1867 2149 1959 2205; x_wconf 87' lang='grc' dir='ltr'>καὶ</span> 
     </span>
    </p>
   </div>
   <div class='ocr_carea' id='block_1_21' title="bbox 304 2236 1961 2321">
    <p class='ocr_par' dir='ltr' id='par_1_21' title="bbox 304 2236 1961 2321">
     <span class='ocr_line' id='line_1_21' title="bbox 304 2236 1961 2321; baseline -0.001 -24"><span class='ocrx_word' id='word_1_254' title='bbox 304 2245 413 2298; x_wconf 84' lang='grc' dir='ltr'>τῶν</span> <span class='ocrx_word' id='word_1_255' title='bbox 481 2242 715 2317; x_wconf 87' lang='grc' dir='ltr'>ἀνιαρῶν</span> <span class='ocrx_word' id='word_1_256' title='bbox 791 2241 1193 2321; x_wconf 85' lang='grc' dir='ltr'>ὑφαιρουμένην</span> <span class='ocrx_word' id='word_1_257' title='bbox 1257 2242 1357 2311; x_wconf 75' lang='grc' dir='ltr'>τὴν</span> <span class='ocrx_word' id='word_1_258' title='bbox 1420 2236 1688 2310; x_wconf 58' lang='grc' dir='ltr'>αἷέτθησιν.</span> <span class='ocrx_word' id='word_1_259' title='bbox 1733 2240 1961 2310; x_wconf 85' lang='grc' dir='ltr'>Μήποτε</span> 
     </span>
    </p>
   </div>
   <div class='ocr_carea' id='block_1_22' title="bbox 308 2325 1962 2411">
    <p class='ocr_par' dir='ltr' id='par_1_22' title="bbox 308 2325 1962 2411">
     <span class='ocr_line' id='line_1_22' title="bbox 308 2325 1962 2411; baseline -0.002 -25"><span class='ocrx_word' id='word_1_260' title='bbox 308 2327 354 2386; x_wconf 88' lang='grc' dir='ltr'>δ’</span> <span class='ocrx_word' id='word_1_261' title='bbox 385 2326 446 2386; x_wconf 80' lang='grc' dir='ltr'>ἄν</span> <span class='ocrx_word' id='word_1_262' title='bbox 496 2328 582 2402; x_wconf 62' lang='grc' dir='ltr'>εἴη</span> <span class='ocrx_word' id='word_1_263' title='bbox 637 2329 872 2405; x_wconf 86' lang='grc' dir='ltr'>μάλιστα</span> <span class='ocrx_word' id='word_1_264' title='bbox 918 2329 1127 2411; x_wconf 79' lang='grc' dir='ltr'>φύλλον</span> <span class='ocrx_word' id='word_1_265' title='bbox 1160 2330 1322 2404; x_wconf 83' lang='grc' dir='ltr'>ᾦτὸν</span> <span class='ocrx_word' id='word_1_266' title='bbox 1365 2328 1572 2386; x_wconf 87' lang='grc' dir='ltr'>δίκαιον</span> <span class='ocrx_word' id='word_1_267' title='bbox 1616 2325 1855 2385; x_wconf 74' lang='grc' dir='ltr'>ἐνέδυσεν</span> <span class='ocrx_word' id='word_1_268' title='bbox 1901 2328 1962 2384; x_wconf 87' lang='grc' dir='ltr'>ἐκ</span> 
     </span>
    </p>
   </div>
   <div class='ocr_carea' id='block_1_23' title="bbox 306 2415 1958 2498">
    <p class='ocr_par' dir='ltr' id='par_1_23' title="bbox 306 2415 1958 2498">
     <span class='ocr_line' id='line_1_23' title="bbox 306 2415 1958 2498; baseline -0.003 -22"><span class='ocrx_word' id='word_1_269' title='bbox 306 2424 567 2498; x_wconf 76' lang='grc' dir='ltr'>περισσοῦ</span> <span class='ocrx_word' id='word_1_270' title='bbox 612 2419 702 2476; x_wconf 85' lang='grc' dir='ltr'>καὶ</span> <span class='ocrx_word' id='word_1_271' title='bbox 758 2419 1160 2494; x_wconf 84' lang='grc' dir='ltr'>κατεκόσμησεν</span> <span class='ocrx_word' id='word_1_272' title='bbox 1188 2420 1217 2474; x_wconf 90' lang='lat'>6</span> <span class='ocrx_word' id='word_1_273' title='bbox 1249 2419 1382 2482; x_wconf 84' lang='grc' dir='ltr'>Θεὸς</span> <span class='ocrx_word' id='word_1_274' title='bbox 1438 2421 1474 2489; x_wconf 81' lang='grc' dir='ltr'>ἠ</span> <span class='ocrx_word' id='word_1_275' title='bbox 1536 2417 1589 2474; x_wconf 89' lang='grc' dir='ltr'>ἐν</span> <span class='ocrx_word' id='word_1_276' title='bbox 1639 2421 1718 2490; x_wconf 80' lang='grc' dir='ltr'>τῷ</span> <span class='ocrx_word' id='word_1_277' title='bbox 1765 2415 1958 2491; x_wconf 88' lang='grc' dir='ltr'>κόσμῳ</span> 
     </span>
    </p>
   </div>
   <div class='ocr_carea' id='block_1_24' title="bbox 305 2506 1958 2585">
    <p class='ocr_par' dir='ltr' id='par_1_24' title="bbox 305 2506 1958 2585">
     <span class='ocr_line' id='line_1_24' title="bbox 305 2506 1958 2585; baseline -0.002 -19"><span class='ocrx_word' id='word_1_278' title='bbox 305 2509 486 2584; x_wconf 89' lang='grc' dir='ltr'>τούτῳ</span> <span class='ocrx_word' id='word_1_279' title='bbox 537 2507 664 2582; x_wconf 80' lang='grc' dir='ltr'>δόξα</span> <span class='ocrx_word' id='word_1_280' title='bbox 709 2530 770 2565; x_wconf 90' lang='grc' dir='ltr'>τε</span> <span class='ocrx_word' id='word_1_281' title='bbox 811 2509 903 2565; x_wconf 88' lang='grc' dir='ltr'>καὶ</span> <span class='ocrx_word' id='word_1_282' title='bbox 964 2511 1122 2585; x_wconf 90' lang='grc' dir='ltr'>τιμή·</span> <span class='ocrx_word' id='word_1_283' title='bbox 1175 2509 1265 2565; x_wconf 83' lang='grc' dir='ltr'>καὶ</span> <span class='ocrx_word' id='word_1_284' title='bbox 1317 2507 1530 2584; x_wconf 82' lang='grc' dir='ltr'>μᾶλλον</span> <span class='ocrx_word' id='word_1_285' title='bbox 1569 2510 1605 2579; x_wconf 80' lang='grc' dir='ltr'><strong>ἡ</strong></span> <span class='ocrx_word' id='word_1_286' title='bbox 1638 2508 1765 2583; x_wconf 86' lang='grc' dir='ltr'>παρ’</span> <span class='ocrx_word' id='word_1_287' title='bbox 1822 2506 1958 2563; x_wconf 86' lang='grc' dir='ltr'>ἐκεί-</span> 
     </span>
    </p>
   </div>
   <div class='ocr_carea' id='block_1_25' title="bbox 307 2595 1958 2678">
    <p class='ocr_par' dir='ltr' id='par_1_25' title="bbox 307 2595 1958 2678">
     <span class='ocr_line' id='line_1_25' title="bbox 307 2595 1958 2678; baseline -0.003 -23"><span class='ocrx_word' id='word_1_288' title='bbox 307 2620 440 2673; x_wconf 86' lang='grc' dir='ltr'>νων,</span> <span class='ocrx_word' id='word_1_289' title='bbox 472 2599 525 2656; x_wconf 87' lang='grc' dir='ltr'>ἐν</span> <span class='ocrx_word' id='word_1_290' title='bbox 559 2599 638 2662; x_wconf 84' lang='grc' dir='ltr'>οἶς</span> <span class='ocrx_word' id='word_1_291' title='bbox 669 2599 769 2655; x_wconf 79' lang='grc' dir='ltr'>οὐκ</span> <span class='ocrx_word' id='word_1_292' title='bbox 816 2596 928 2655; x_wconf 78' lang='grc' dir='ltr'>ἔστι</span> <span class='ocrx_word' id='word_1_293' title='bbox 973 2596 1294 2678; x_wconf 86' lang='grc' dir='ltr'>διαστροφή.</span> <span class='ocrx_word' id='word_1_294' title='bbox 1328 2623 1358 2652; x_wconf 89' lang='grc'><strong>‹‹</strong></span> <span class='ocrx_word' id='word_1_295' title='bbox 1389 2597 1550 2654; x_wconf 89' lang='grc' dir='ltr'>Γένεα</span> <span class='ocrx_word' id='word_1_296' title='bbox 1595 2596 1722 2674; x_wconf 82' lang='grc' dir='ltr'>γὰρ,</span> <span class='ocrx_word' id='word_1_297' title='bbox 1772 2595 1958 2673; x_wconf 85' lang='grc' dir='ltr'>φησὶν,</span> 
     </span>
    </p>
   </div>
   <div class='ocr_carea' id='block_1_26' title="bbox 308 2685 1958 2764">
    <p class='ocr_par' dir='ltr' id='par_1_26' title="bbox 308 2685 1958 2764">
     <span class='ocr_line' id='line_1_26' title="bbox 308 2685 1958 2764; baseline -0.002 -19"><span class='ocrx_word' id='word_1_298' title='bbox 308 2688 508 2755; x_wconf 79' lang='grc' dir='ltr'>εὐθέως</span> <span class='ocrx_word' id='word_1_299' title='bbox 566 2687 1020 2764; x_wconf 82' lang='grc' dir='ltr'>εὐλογηθήσεται.</span> <span class='ocrx_word' id='word_1_300' title='bbox 1054 2713 1083 2742; x_wconf 85' lang='grc'>››</span> <span class='ocrx_word' id='word_1_301' title='bbox 1114 2688 1268 2759; x_wconf 76' lang='grc' dir='ltr'>Πλὴν</span> <span class='ocrx_word' id='word_1_302' title='bbox 1320 2685 1447 2744; x_wconf 87' lang='grc' dir='ltr'>ἀλλ’</span> <span class='ocrx_word' id='word_1_303' title='bbox 1494 2687 1540 2742; x_wconf 78' lang='grc' dir='ltr'>εί</span> <span class='ocrx_word' id='word_1_304' title='bbox 1587 2687 1679 2741; x_wconf 81' lang='grc' dir='ltr'>καὶ</span> <span class='ocrx_word' id='word_1_305' title='bbox 1734 2687 1802 2742; x_wconf 81' lang='grc' dir='ltr'>τὰ</span> <span class='ocrx_word' id='word_1_306' title='bbox 1854 2691 1958 2755; x_wconf 85' lang='grc' dir='ltr'>τῆς</span> 
     </span>
    </p>
   </div>
   <div class='ocr_carea' id='block_1_27' title="bbox 313 2772 1958 2855">
    <p class='ocr_par' dir='ltr' id='par_1_27' title="bbox 313 2772 1958 2855">
     <span class='ocr_line' id='line_1_27' title="bbox 313 2772 1958 2855; baseline -0.004 -20"><span class='ocrx_word' id='word_1_307' title='bbox 313 2777 600 2855; x_wconf 84' lang='grc' dir='ltr'>βασκανίας</span> <span class='ocrx_word' id='word_1_308' title='bbox 644 2777 924 2853; x_wconf 85' lang='grc' dir='ltr'>πνεύματα</span> <span class='ocrx_word' id='word_1_309' title='bbox 973 2777 1147 2835; x_wconf 89' lang='grc' dir='ltr'>πάντα</span> <span class='ocrx_word' id='word_1_310' title='bbox 1211 2776 1573 2854; x_wconf 77' lang='grc' dir='ltr'>συρῥεύσειαν,</span> <span class='ocrx_word' id='word_1_311' title='bbox 1625 2772 1739 2832; x_wconf 80' lang='grc' dir='ltr'>οὐδ’</span> <span class='ocrx_word' id='word_1_312' title='bbox 1785 2774 1958 2836; x_wconf 79' lang='grc' dir='ltr'>οὕτως</span> 
     </span>
    </p>
   </div>
   <div class='ocr_carea' id='block_1_28' title="bbox 302 2861 1958 2946">
    <p class='ocr_par' dir='ltr' id='par_1_28' title="bbox 302 2861 1958 2946">
     <span class='ocr_line' id='line_1_28' title="bbox 302 2861 1958 2946; baseline -0.004 -21"><span class='ocrx_word' id='word_1_313' title='bbox 302 2868 368 2926; x_wconf 87' lang='grc' dir='ltr'>τὸ</span> <span class='ocrx_word' id='word_1_314' title='bbox 403 2872 507 2924; x_wconf 87' lang='grc' dir='ltr'>τοῦ</span> <span class='ocrx_word' id='word_1_315' title='bbox 541 2867 796 2923; x_wconf 89' lang='grc' dir='ltr'>τοιούτου</span> <span class='ocrx_word' id='word_1_316' title='bbox 844 2864 1068 2943; x_wconf 86' lang='grc' dir='ltr'>δένδρου</span> <span class='ocrx_word' id='word_1_317' title='bbox 1116 2864 1325 2946; x_wconf 82' lang='grc' dir='ltr'>φύλλον</span> <span class='ocrx_word' id='word_1_318' title='bbox 1384 2865 1807 2944; x_wconf 79' lang='grc' dir='ltr'>ἀπορῥυήσεται·</span> <span class='ocrx_word' id='word_1_319' title='bbox 1867 2861 1958 2919; x_wconf 78' lang='grc' dir='ltr'>καί</span> 
     </span>
    </p>
   </div>
   <div class='ocr_carea' id='block_1_29' title="bbox 301 2952 1957 3034">
    <p class='ocr_par' dir='ltr' id='par_1_29' title="bbox 301 2952 1957 3034">
     <span class='ocr_line' id='line_1_29' title="bbox 301 2952 1957 3034; baseline -0.003 -21"><span class='ocrx_word' id='word_1_320' title='bbox 301 2957 405 3034; x_wconf 79' lang='grc' dir='ltr'>γὰρ</span> <span class='ocrx_word' id='word_1_321' title='bbox 435 2954 665 3013; x_wconf 79' lang='grc' dir='ltr'>αἰδεῖται</span> <span class='ocrx_word' id='word_1_322' title='bbox 693 2958 793 3028; x_wconf 77' lang='grc' dir='ltr'>τὴν</span> <span class='ocrx_word' id='word_1_323' title='bbox 826 2957 1021 3034; x_wconf 80' lang='grc' dir='ltr'>ἀρετὴν</span> <span class='ocrx_word' id='word_1_324' title='bbox 1069 2957 1160 3012; x_wconf 83' lang='grc' dir='ltr'>καὶ</span> <span class='ocrx_word' id='word_1_325' title='bbox 1211 2955 1503 3030; x_wconf 81' lang='grc' dir='ltr'>πολέμιος,</span> <span class='ocrx_word' id='word_1_326' title='bbox 1535 2956 1624 3010; x_wconf 84' lang='grc' dir='ltr'>καὶ</span> <span class='ocrx_word' id='word_1_327' title='bbox 1682 2952 1957 3016; x_wconf 87' lang='grc' dir='ltr'>πολλάκις</span> 
     </span>
    </p>
   </div>
   <div class='ocr_carea' id='block_1_30' title="bbox 301 3041 1953 3120">
    <p class='ocr_par' dir='ltr' id='par_1_30' title="bbox 301 3041 1953 3120">
     <span class='ocr_line' id='line_1_30' title="bbox 301 3041 1953 3120; baseline -0.004 -17"><span class='ocrx_word' id='word_1_328' title='bbox 301 3047 393 3103; x_wconf 86' lang='grc' dir='ltr'>καὶ</span> <span class='ocrx_word' id='word_1_329' title='bbox 449 3044 713 3120; x_wconf 85' lang='grc' dir='ltr'>πολεμῶν</span> <span class='ocrx_word' id='word_1_330' title='bbox 771 3046 922 3110; x_wconf 85' lang='grc' dir='ltr'>ἐντὸς</span> <span class='ocrx_word' id='word_1_331' title='bbox 973 3045 1065 3102; x_wconf 82' lang='grc' dir='ltr'>καὶ</span> <span class='ocrx_word' id='word_1_332' title='bbox 1123 3046 1260 3101; x_wconf 87' lang='grc' dir='ltr'>κατά</span> <span class='ocrx_word' id='word_1_333' title='bbox 1314 3041 1618 3115; x_wconf 87' lang='grc' dir='ltr'>συνείδησιν</span> <span class='ocrx_word' id='word_1_334' title='bbox 1694 3042 1953 3117; x_wconf 81' lang='grc' dir='ltr'>θαυμάζει</span> 
     </span>
    </p>
   </div>
   <div class='ocr_carea' id='block_1_31' title="bbox 300 3128 1953 3212">
    <p class='ocr_par' dir='ltr' id='par_1_31' title="bbox 300 3128 1953 3212">
     <span class='ocr_line' id='line_1_31' title="bbox 300 3128 1953 3212; baseline -0.002 -22"><span class='ocrx_word' id='word_1_335' title='bbox 300 3136 392 3192; x_wconf 89' lang='grc' dir='ltr'>τὸν</span> <span class='ocrx_word' id='word_1_336' title='bbox 440 3132 787 3212; x_wconf 87' lang='grc' dir='ltr'>ἀρεταίνοντα</span> <span class='ocrx_word' id='word_1_337' title='bbox 833 3138 924 3190; x_wconf 82' lang='grc' dir='ltr'><strong>καί</strong></span> <span class='ocrx_word' id='word_1_338' title='bbox 970 3135 1069 3204; x_wconf 79' lang='grc' dir='ltr'>τήν</span> <span class='ocrx_word' id='word_1_339' title='bbox 1140 3134 1309 3188; x_wconf 82' lang='grc' dir='ltr'>αὐτοῦ</span> <span class='ocrx_word' id='word_1_340' title='bbox 1375 3131 1657 3209; x_wconf 89' lang='grc' dir='ltr'>καρτερίαν</span> <span class='ocrx_word' id='word_1_341' title='bbox 1713 3128 1953 3203; x_wconf 86' lang='grc' dir='ltr'>ἐκπλήτ-</span> 
     </span>
    </p>
   </div>
   <div class='ocr_carea' id='block_1_32' title="bbox 2068 1876 3722 1963">
    <p class='ocr_par' dir='ltr' id='par_1_32' title="bbox 2068 1876 3722 1963">
     <span class='ocr_line' id='line_1_32' title="bbox 2068 1876 3722 1963; baseline 0 -24"><span class='ocrx_word' id='word_1_342' title='bbox 2068 1881 2127 1939; x_wconf 80' lang='grc' dir='ltr'>δὲ</span> <span class='ocrx_word' id='word_1_343' title='bbox 2169 1884 2258 1940; x_wconf 87' lang='grc' dir='ltr'>καὶ</span> <span class='ocrx_word' id='word_1_344' title='bbox 2299 1887 2408 1940; x_wconf 89' lang='grc' dir='ltr'>τῶν</span> <span class='ocrx_word' id='word_1_345' title='bbox 2459 1882 2800 1963; x_wconf 83' lang='grc' dir='ltr'>ἁμαρτωλῶν</span> <span class='ocrx_word' id='word_1_346' title='bbox 2833 1884 2862 1938; x_wconf 92' lang='lat'>6</span> <span class='ocrx_word' id='word_1_347' title='bbox 2893 1881 3112 1956; x_wconf 83' lang='grc' dir='ltr'>σύμπας</span> <span class='ocrx_word' id='word_1_348' title='bbox 3156 1876 3334 1958; x_wconf 74' lang='grc' dir='ltr'>ὄχλος</span> <span class='ocrx_word' id='word_1_349' title='bbox 3383 1881 3445 1938; x_wconf 89' lang='grc' dir='ltr'>ἐκ</span> <span class='ocrx_word' id='word_1_350' title='bbox 3499 1884 3722 1960; x_wconf 88' lang='grc' dir='ltr'>προσώ-</span> 
     </span>
    </p>
   </div>
   <div class='ocr_carea' id='block_1_33' title="bbox 2065 1968 3720 2051">
    <p class='ocr_par' dir='ltr' id='par_1_33' title="bbox 2065 1968 3720 2051">
     <span class='ocr_line' id='line_1_33' title="bbox 2065 1968 3720 2051; baseline -0.001 -22"><span class='ocrx_word' id='word_1_351' title='bbox 2065 1995 2171 2029; x_wconf 89' lang='grc' dir='ltr'>που</span> <span class='ocrx_word' id='word_1_352' title='bbox 2231 1978 2364 2029; x_wconf 88' lang='grc' dir='ltr'>Θεοῦ</span> <span class='ocrx_word' id='word_1_353' title='bbox 2419 1974 2557 2051; x_wconf 90' lang='grc' dir='ltr'>πρὸς</span> <span class='ocrx_word' id='word_1_354' title='bbox 2610 1978 2709 2037; x_wconf 75' lang='grc' dir='ltr'>τὰς</span> <span class='ocrx_word' id='word_1_355' title='bbox 2762 1972 3118 2034; x_wconf 77' lang='grc' dir='ltr'>ἀνυποίστους</span> <span class='ocrx_word' id='word_1_356' title='bbox 3205 1970 3297 2027; x_wconf 87' lang='grc' dir='ltr'>καὶ</span> <span class='ocrx_word' id='word_1_357' title='bbox 3381 1968 3720 2051; x_wconf 84' lang='grc' dir='ltr'>ἀλωφήτους</span> 
     </span>
    </p>
   </div>
   <div class='ocr_carea' id='block_1_34' title="bbox 2071 2059 2807 2141">
    <p class='ocr_par' dir='ltr' id='par_1_34' title="bbox 2071 2059 2807 2141">
     <span class='ocr_line' id='line_1_34' title="bbox 2071 2059 2807 2141; baseline 0.001 -24"><span class='ocrx_word' id='word_1_358' title='bbox 2071 2059 2265 2125; x_wconf 82' lang='grc' dir='ltr'>ὀδύνας</span> <span class='ocrx_word' id='word_1_359' title='bbox 2298 2062 2626 2141; x_wconf 85' lang='grc' dir='ltr'>ἀποπεμφθή</span> <span class='ocrx_word' id='word_1_360' title='bbox 2636 2082 2807 2118; x_wconf 90' lang='grc' dir='ltr'>σεται.</span> 
     </span>
    </p>
   </div>
   <div class='ocr_carea' id='block_1_35' title="bbox 2144 2146 3726 2227">
    <p class='ocr_par' dir='ltr' id='par_1_35' title="bbox 2144 2146 3726 2227">
     <span class='ocr_line' id='line_1_35' title="bbox 2144 2146 3726 2227; baseline 0.002 -24"><span class='ocrx_word' id='word_1_361' title='bbox 2144 2175 2166 2203; x_wconf 84' lang='grc' dir='ltr'>ι</span> <span class='ocrx_word' id='word_1_362' title='bbox 2198 2154 2317 2207; x_wconf 74' lang='grc' dir='ltr'>’Ὀτι</span> <span class='ocrx_word' id='word_1_363' title='bbox 2382 2151 2634 2227; x_wconf 89' lang='grc' dir='ltr'>γινώσκει</span> <span class='ocrx_word' id='word_1_364' title='bbox 2708 2149 2905 2226; x_wconf 82' lang='grc' dir='ltr'>Κύριος</span> <span class='ocrx_word' id='word_1_365' title='bbox 2962 2146 3087 2204; x_wconf 88' lang='grc' dir='ltr'>ὁδὸν</span> <span class='ocrx_word' id='word_1_366' title='bbox 3148 2147 3395 2208; x_wconf 87' lang='grc' dir='ltr'>δικαίων.</span> <span class='ocrx_word' id='word_1_367' title='bbox 3446 2172 3478 2203; x_wconf 91' lang='grc'><strong>››</strong></span> <span class='ocrx_word' id='word_1_368' title='bbox 3524 2183 3594 2194; x_wconf 91' lang='grc'><strong><em>-</em></strong></span> <span class='ocrx_word' id='word_1_369' title='bbox 3649 2150 3726 2206; x_wconf 82' lang='grc' dir='ltr'>Τὰ</span> 
     </span>
    </p>
   </div>
   <div class='ocr_carea' id='block_1_36' title="bbox 2067 2237 3720 2317">
    <p class='ocr_par' dir='ltr' id='par_1_36' title="bbox 2067 2237 3720 2317">
     <span class='ocr_line' id='line_1_36' title="bbox 2067 2237 3720 2317; baseline 0 -22"><span class='ocrx_word' id='word_1_370' title='bbox 2067 2237 2241 2295; x_wconf 87' lang='grc' dir='ltr'>πάντα</span> <span class='ocrx_word' id='word_1_371' title='bbox 2300 2240 2394 2314; x_wconf 72' lang='grc' dir='ltr'>μὲν</span> <span class='ocrx_word' id='word_1_372' title='bbox 2452 2239 2543 2294; x_wconf 81' lang='grc' dir='ltr'>καὶ</span> <span class='ocrx_word' id='word_1_373' title='bbox 2597 2239 2666 2295; x_wconf 78' lang='grc' dir='ltr'>τὰ</span> <span class='ocrx_word' id='word_1_374' title='bbox 2729 2240 2899 2312; x_wconf 88' lang='grc' dir='ltr'>μήπω</span> <span class='ocrx_word' id='word_1_375' title='bbox 2928 2237 3189 2315; x_wconf 86' lang='grc' dir='ltr'>γεγονότα</span> <span class='ocrx_word' id='word_1_376' title='bbox 3216 2238 3472 2314; x_wconf 88' lang='grc' dir='ltr'>γινώσκει</span> <span class='ocrx_word' id='word_1_377' title='bbox 3501 2237 3720 2317; x_wconf 72' lang='grc' dir='ltr'>Κύριος*</span> 
     </span>
    </p>
   </div>
   <div class='ocr_carea' id='block_1_37' title="bbox 2068 2324 3723 2405">
    <p class='ocr_par' dir='ltr' id='par_1_37' title="bbox 2068 2324 3723 2405">
     <span class='ocr_line' id='line_1_37' title="bbox 2068 2324 3723 2405; baseline 0 -21"><span class='ocrx_word' id='word_1_378' title='bbox 2068 2328 2196 2384; x_wconf 75' lang='grc' dir='ltr'>ἀλλ’</span> <span class='ocrx_word' id='word_1_379' title='bbox 2226 2328 2338 2405; x_wconf 91' lang='grc' dir='ltr'>ἐρεῖ</span> <span class='ocrx_word' id='word_1_380' title='bbox 2372 2350 2535 2384; x_wconf 89' lang='grc' dir='ltr'>τισιν·</span> <span class='ocrx_word' id='word_1_381' title='bbox 2572 2328 2683 2384; x_wconf 82' lang='grc' dir='ltr'>Ούκ</span> <span class='ocrx_word' id='word_1_382' title='bbox 2712 2325 2833 2383; x_wconf 73' lang='grc' dir='ltr'>οἶδα</span> <span class='ocrx_word' id='word_1_383' title='bbox 2872 2328 3035 2402; x_wconf 77' lang='grc' dir='ltr'>ὑμᾶς,</span> <span class='ocrx_word' id='word_1_384' title='bbox 3086 2328 3165 2391; x_wconf 86' lang='grc' dir='ltr'>ὡς</span> <span class='ocrx_word' id='word_1_385' title='bbox 3211 2324 3356 2404; x_wconf 78' lang='grc' dir='ltr'>ἔχων</span> <span class='ocrx_word' id='word_1_386' title='bbox 3404 2327 3480 2392; x_wconf 84' lang='grc' dir='ltr'>εἷς</span> <span class='ocrx_word' id='word_1_387' title='bbox 3526 2326 3723 2392; x_wconf 76' lang='grc' dir='ltr'>αὐτοὺς</span> 
     </span>
    </p>
   </div>
   <div class='ocr_carea' id='block_1_38' title="bbox 2067 2415 3720 2494">
    <p class='ocr_par' dir='ltr' id='par_1_38' title="bbox 2067 2415 3720 2494">
     <span class='ocr_line' id='line_1_38' title="bbox 2067 2415 3720 2494; baseline -0.001 -22"><span class='ocrx_word' id='word_1_388' title='bbox 2067 2416 2375 2488; x_wconf 88' lang='grc' dir='ltr'>ἀνοικείως,</span> <span class='ocrx_word' id='word_1_389' title='bbox 2461 2415 2551 2473; x_wconf 85' lang='grc' dir='ltr'>διά</span> <span class='ocrx_word' id='word_1_390' title='bbox 2629 2418 2727 2480; x_wconf 75' lang='grc' dir='ltr'>τὰς</span> <span class='ocrx_word' id='word_1_391' title='bbox 2797 2416 3019 2494; x_wconf 78' lang='grc' dir='ltr'>πράξεις</span> <span class='ocrx_word' id='word_1_392' title='bbox 3093 2415 3290 2471; x_wconf 80' lang='grc' dir='ltr'>αὐτῶν·</span> <span class='ocrx_word' id='word_1_393' title='bbox 3358 2417 3450 2472; x_wconf 84' lang='grc' dir='ltr'>καὶ</span> <span class='ocrx_word' id='word_1_394' title='bbox 3532 2416 3720 2473; x_wconf 76' lang='grc' dir='ltr'>πάλινο</span> 
     </span>
    </p>
   </div>
   <div class='ocr_carea' id='block_1_39' title="bbox 2066 2500 3722 2585">
    <p class='ocr_par' dir='ltr' id='par_1_39' title="bbox 2066 2500 3722 2585">
     <span class='ocr_line' id='line_1_39' title="bbox 2066 2500 3722 2585; baseline 0.001 -24"><span class='ocrx_word' id='word_1_395' title='bbox 2066 2509 2249 2583; x_wconf 89' lang='grc' dir='ltr'>Ἔγνω</span> <span class='ocrx_word' id='word_1_396' title='bbox 2307 2505 2505 2585; x_wconf 88' lang='grc' dir='ltr'>Κύριος</span> <span class='ocrx_word' id='word_1_397' title='bbox 2557 2505 2685 2569; x_wconf 79' lang='grc' dir='ltr'>τοὺς</span> <span class='ocrx_word' id='word_1_398' title='bbox 2743 2500 2900 2569; x_wconf 69' lang='grc' dir='ltr'>ὄντας</span> <span class='ocrx_word' id='word_1_399' title='bbox 2960 2504 3146 2562; x_wconf 77' lang='grc' dir='ltr'>αὐτοῦ’</span> <span class='ocrx_word' id='word_1_400' title='bbox 3206 2506 3407 2582; x_wconf 88' lang='grc' dir='ltr'>γνώσει</span> <span class='ocrx_word' id='word_1_401' title='bbox 3479 2510 3549 2582; x_wconf 82' lang='grc' dir='ltr'>τῇ</span> <span class='ocrx_word' id='word_1_402' title='bbox 3605 2508 3722 2562; x_wconf 84' lang='grc' dir='ltr'>κατ’</span> 
     </span>
    </p>
   </div>
   <div class='ocr_carea' id='block_1_40' title="bbox 2068 2594 3721 2673">
    <p class='ocr_par' dir='ltr' id='par_1_40' title="bbox 2068 2594 3721 2673">
     <span class='ocr_line' id='line_1_40' title="bbox 2068 2594 3721 2673; baseline 0 -21"><span class='ocrx_word' id='word_1_403' title='bbox 2068 2595 2363 2653; x_wconf 80' lang='grc' dir='ltr'>οἶκείωσιν.</span> <span class='ocrx_word' id='word_1_404' title='bbox 2421 2595 2577 2651; x_wconf 71' lang='grc' dir='ltr'>Οὕτω</span> <span class='ocrx_word' id='word_1_405' title='bbox 2661 2595 2750 2652; x_wconf 85' lang='grc' dir='ltr'>καὶ</span> <span class='ocrx_word' id='word_1_406' title='bbox 2828 2598 2995 2670; x_wconf 85' lang='grc' dir='ltr'>ἡμεῖς</span> <span class='ocrx_word' id='word_1_407' title='bbox 3080 2594 3319 2658; x_wconf 80' lang='grc' dir='ltr'>ἐκείνους</span> <span class='ocrx_word' id='word_1_408' title='bbox 3402 2596 3540 2673; x_wconf 90' lang='grc' dir='ltr'>πρὸς</span> <span class='ocrx_word' id='word_1_409' title='bbox 3626 2595 3721 2660; x_wconf 77' lang='lat'>0&#39;64</span> 
     </span>
    </p>
   </div>
   <div class='ocr_carea' id='block_1_41' title="bbox 2068 2683 3720 2763">
    <p class='ocr_par' dir='ltr' id='par_1_41' title="bbox 2068 2683 3720 2763">
     <span class='ocr_line' id='line_1_41' title="bbox 2068 2683 3720 2763; baseline 0 -21"><span class='ocrx_word' id='word_1_410' title='bbox 2068 2685 2283 2749; x_wconf 80' lang='grc' dir='ltr'>οἰκείως</span> <span class='ocrx_word' id='word_1_411' title='bbox 2343 2683 2546 2763; x_wconf 80' lang='grc' dir='ltr'>ἔχομεν</span> <span class='ocrx_word' id='word_1_412' title='bbox 2603 2683 2878 2759; x_wconf 83' lang='grc' dir='ltr'>καλοῦμεν</span> <span class='ocrx_word' id='word_1_413' title='bbox 2937 2684 3238 2762; x_wconf 88' lang='grc' dir='ltr'>γνωστούς·</span> <span class='ocrx_word' id='word_1_414' title='bbox 3265 2684 3491 2755; x_wconf 89' lang='grc' dir='ltr'>τοιαύτη</span> <span class='ocrx_word' id='word_1_415' title='bbox 3522 2686 3720 2762; x_wconf 86' lang='grc' dir='ltr'>γνώσει</span> 
     </span>
    </p>
   </div>
   <div class='ocr_carea' id='block_1_42' title="bbox 2065 2771 3720 2853">
    <p class='ocr_par' dir='ltr' id='par_1_42' title="bbox 2065 2771 3720 2853">
     <span class='ocr_line' id='line_1_42' title="bbox 2065 2771 3720 2853; baseline 0.001 -24"><span class='ocrx_word' id='word_1_416' title='bbox 2065 2776 2321 2851; x_wconf 88' lang='grc' dir='ltr'>γινώσκει</span> <span class='ocrx_word' id='word_1_417' title='bbox 2380 2775 2575 2852; x_wconf 86' lang='grc' dir='ltr'>Κύριος</span> <span class='ocrx_word' id='word_1_418' title='bbox 2638 2775 2738 2845; x_wconf 79' lang='grc' dir='ltr'>τὴν</span> <span class='ocrx_word' id='word_1_419' title='bbox 2792 2777 2900 2830; x_wconf 90' lang='grc' dir='ltr'>τῶν</span> <span class='ocrx_word' id='word_1_420' title='bbox 2979 2771 3201 2830; x_wconf 87' lang='grc' dir='ltr'>δικαίων</span> <span class='ocrx_word' id='word_1_421' title='bbox 3283 2772 3583 2853; x_wconf 78' lang='grc' dir='ltr'>διαγωγὴν,</span> <span class='ocrx_word' id='word_1_422' title='bbox 3642 2776 3720 2840; x_wconf 85' lang='grc' dir='ltr'>ὡς</span> 
     </span>
    </p>
   </div>
   <div class='ocr_carea' id='block_1_43' title="bbox 2065 2863 3195 2943">
    <p class='ocr_par' dir='ltr' id='par_1_43' title="bbox 2065 2863 3195 2943">
     <span class='ocr_line' id='line_1_43' title="bbox 2065 2863 3195 2943; baseline 0 -23"><span class='ocrx_word' id='word_1_423' title='bbox 2065 2863 2408 2943; x_wconf 84' lang='grc' dir='ltr'>πεφιλμένην</span> <span class='ocrx_word' id='word_1_424' title='bbox 2442 2863 2609 2937; x_wconf 81' lang='grc' dir='ltr'>αύτῷ.</span> <span class='ocrx_word' id='word_1_425' title='bbox 3188 2932 3195 2939; x_wconf 26' lang='grc' dir='ltr'><strong>θ</strong></span> 
     </span>
    </p>
   </div>
   <div class='ocr_carea' id='block_1_44' title="bbox 2138 2947 3717 3034">
    <p class='ocr_par' dir='ltr' id='par_1_44' title="bbox 2138 2947 3717 3034">
     <span class='ocr_line' id='line_1_44' title="bbox 2138 2947 3717 3034; baseline 0.002 -27"><span class='ocrx_word' id='word_1_426' title='bbox 2138 2978 2167 3007; x_wconf 87' lang='grc'>‹‹</span> <span class='ocrx_word' id='word_1_427' title='bbox 2200 2952 2299 3009; x_wconf 81' lang='grc' dir='ltr'>Καὶ</span> <span class='ocrx_word' id='word_1_428' title='bbox 2330 2951 2456 3017; x_wconf 86' lang='grc' dir='ltr'>ὁδὸς</span> <span class='ocrx_word' id='word_1_429' title='bbox 2485 2947 2691 3008; x_wconf 86' lang='grc' dir='ltr'>ἀσεϐῶν</span> <span class='ocrx_word' id='word_1_430' title='bbox 2718 2950 3055 3013; x_wconf 79' lang='grc' dir='ltr'>ἀπολεῖται.</span> <span class='ocrx_word' id='word_1_431' title='bbox 3098 2974 3129 3005; x_wconf 85' lang='grc'>››</span> <span class='ocrx_word' id='word_1_432' title='bbox 3161 2985 3228 2996; x_wconf 91' lang='grc'><strong>-</strong></span> <span class='ocrx_word' id='word_1_433' title='bbox 3267 2955 3386 3009; x_wconf 90' lang='grc' dir='ltr'>Τῶν</span> <span class='ocrx_word' id='word_1_434' title='bbox 3434 2951 3536 3031; x_wconf 78' lang='grc' dir='ltr'>γὰρ</span> <span class='ocrx_word' id='word_1_435' title='bbox 3585 2952 3717 3034; x_wconf 89' lang='grc' dir='ltr'>φαύ-</span> 
     </span>
    </p>
   </div>
   <div class='ocr_carea' id='block_1_45' title="bbox 2067 3040 3710 3120">
    <p class='ocr_par' dir='ltr' id='par_1_45' title="bbox 2067 3040 3710 3120">
     <span class='ocr_line' id='line_1_45' title="bbox 2067 3040 3710 3120; baseline 0.001 -21"><span class='ocrx_word' id='word_1_436' title='bbox 2067 3041 2179 3099; x_wconf 90' lang='grc' dir='ltr'>λων</span> <span class='ocrx_word' id='word_1_437' title='bbox 2214 3044 2512 3120; x_wconf 88' lang='grc' dir='ltr'>ἀνθρώπων</span> <span class='ocrx_word' id='word_1_438' title='bbox 2543 3044 2580 3113; x_wconf 78' lang='grc' dir='ltr'>ἡ</span> <span class='ocrx_word' id='word_1_439' title='bbox 2612 3042 2851 3118; x_wconf 89' lang='grc' dir='ltr'>πονηρία</span> <span class='ocrx_word' id='word_1_440' title='bbox 2896 3043 3016 3098; x_wconf 88' lang='grc' dir='ltr'>καθ’</span> <span class='ocrx_word' id='word_1_441' title='bbox 3059 3044 3121 3113; x_wconf 80' lang='grc' dir='ltr'>ἣν</span> <span class='ocrx_word' id='word_1_442' title='bbox 3155 3040 3343 3119; x_wconf 82' lang='grc' dir='ltr'>διῆγον</span> <span class='ocrx_word' id='word_1_443' title='bbox 3403 3042 3710 3120; x_wconf 79' lang='grc' dir='ltr'>οἰχήσεται·</span> 
     </span>
    </p>
   </div>
   <div class='ocr_carea' id='block_1_46' title="bbox 2060 3129 3713 3208">
    <p class='ocr_par' dir='ltr' id='par_1_46' title="bbox 2060 3129 3713 3208">
     <span class='ocr_line' id='line_1_46' title="bbox 2060 3129 3713 3208; baseline 0.002 -22"><span class='ocrx_word' id='word_1_444' title='bbox 2060 3136 2169 3187; x_wconf 91' lang='grc' dir='ltr'>τῶν</span> <span class='ocrx_word' id='word_1_445' title='bbox 2243 3129 2301 3187; x_wconf 79' lang='grc' dir='ltr'>δὲ</span> <span class='ocrx_word' id='word_1_446' title='bbox 2383 3130 2605 3188; x_wconf 88' lang='grc' dir='ltr'>δικαίων</span> <span class='ocrx_word' id='word_1_447' title='bbox 2661 3134 2697 3202; x_wconf 81' lang='grc' dir='ltr'><strong>ἡ</strong></span> <span class='ocrx_word' id='word_1_448' title='bbox 2757 3132 2919 3208; x_wconf 85' lang='grc' dir='ltr'>ἀρετή</span> <span class='ocrx_word' id='word_1_449' title='bbox 2994 3133 3114 3196; x_wconf 87' lang='grc' dir='ltr'>καθ’</span> <span class='ocrx_word' id='word_1_450' title='bbox 3187 3133 3250 3203; x_wconf 80' lang='grc' dir='ltr'>ἣν</span> <span class='ocrx_word' id='word_1_451' title='bbox 3330 3129 3713 3191; x_wconf 79' lang='grc' dir='ltr'>ἐπολιτεύοντο</span> 
     </span>
    </p>
   </div>
   <div class='ocr_carea' id='block_1_47' title="bbox 302 3218 3717 3299">
    <p class='ocr_par' dir='ltr' id='par_1_47' title="bbox 302 3218 3717 3299">
     <span class='ocr_line' id='line_1_47' title="bbox 302 3218 3717 3299; baseline 0.001 -23"><span class='ocrx_word' id='word_1_452' title='bbox 302 3242 469 3281; x_wconf 91' lang='grc' dir='ltr'>τεται.</span> <span class='ocrx_word' id='word_1_453' title='bbox 518 3221 762 3297; x_wconf 87' lang='grc' dir='ltr'>Τοιούτῳ</span> <span class='ocrx_word' id='word_1_454' title='bbox 806 3221 1003 3297; x_wconf 86' lang='grc' dir='ltr'>φύλλῳ</span> <span class='ocrx_word' id='word_1_455' title='bbox 1056 3222 1355 3292; x_wconf 87' lang='grc' dir='ltr'>κατεικάζει</span> <span class='ocrx_word' id='word_1_456' title='bbox 1406 3221 1536 3284; x_wconf 87' lang='grc' dir='ltr'>Θεὸς</span> <span class='ocrx_word' id='word_1_457' title='bbox 1592 3219 1719 3284; x_wconf 78' lang='grc' dir='ltr'>τοὺς</span> <span class='ocrx_word' id='word_1_458' title='bbox 1775 3218 1954 3297; x_wconf 82' lang='grc' dir='ltr'>ἔργοις</span> <span class='ocrx_word' id='word_1_459' title='bbox 2064 3222 2336 3297; x_wconf 85' lang='grc' dir='ltr'>θησαυρὸς</span> <span class='ocrx_word' id='word_1_460' title='bbox 2389 3221 2575 3284; x_wconf 76' lang='grc' dir='ltr'>αὐτοῖς</span> <span class='ocrx_word' id='word_1_461' title='bbox 2607 3218 2753 3277; x_wconf 79' lang='grc' dir='ltr'>ἔσται</span> <span class='ocrx_word' id='word_1_462' title='bbox 2786 3220 3019 3294; x_wconf 87' lang='grc' dir='ltr'>μόνιμος</span> <span class='ocrx_word' id='word_1_463' title='bbox 3046 3221 3137 3276; x_wconf 86' lang='grc' dir='ltr'>καὶ</span> <span class='ocrx_word' id='word_1_464' title='bbox 3190 3219 3494 3298; x_wconf 85' lang='grc' dir='ltr'>ἀνώλεθρος</span> <span class='ocrx_word' id='word_1_465' title='bbox 3527 3224 3717 3299; x_wconf 86' lang='grc' dir='ltr'>χάριτι</span> 
     </span>
    </p>
   </div>
   <div class='ocr_carea' id='block_1_48' title="bbox 301 3299 3720 3388">
    <p class='ocr_par' dir='ltr' id='par_1_48' title="bbox 301 3299 3720 3388">
     <span class='ocr_line' id='line_1_48' title="bbox 301 3299 3720 3388; baseline 0 -22"><span class='ocrx_word' id='word_1_466' title='bbox 301 3330 363 3366; x_wconf 90' lang='grc' dir='ltr'>τε</span> <span class='ocrx_word' id='word_1_467' title='bbox 408 3310 497 3366; x_wconf 85' lang='grc' dir='ltr'>καὶ</span> <span class='ocrx_word' id='word_1_468' title='bbox 547 3309 741 3388; x_wconf 89' lang='grc' dir='ltr'>λόγοις</span> <span class='ocrx_word' id='word_1_469' title='bbox 781 3316 1059 3386; x_wconf 87' lang='grc' dir='ltr'>τιμῶντας</span> <span class='ocrx_word' id='word_1_470' title='bbox 1108 3310 1290 3381; x_wconf 79' lang='grc' dir='ltr'>αὐτὸν,</span> <span class='ocrx_word' id='word_1_471' title='bbox 1348 3310 1440 3366; x_wconf 89' lang='grc' dir='ltr'>καὶ</span> <span class='ocrx_word' id='word_1_472' title='bbox 1488 3307 1826 3383; x_wconf 78' lang='grc' dir='ltr'>δοξάζοντας,</span> <span class='ocrx_word' id='word_1_473' title='bbox 1864 3309 1955 3364; x_wconf 83' lang='grc' dir='ltr'>καὶ</span> <span class='ocrx_word' id='word_1_474' title='bbox 1987 3299 2029 3367; x_wconf 76' lang='grc' dir='ltr'><strong>Ο</strong></span> <span class='ocrx_word' id='word_1_475' title='bbox 2064 3314 2162 3366; x_wconf 90' lang='grc' dir='ltr'>τοῦ</span> <span class='ocrx_word' id='word_1_476' title='bbox 2192 3311 2392 3387; x_wconf 87' lang='grc' dir='ltr'>Κυρίου</span> <span class='ocrx_word' id='word_1_477' title='bbox 2421 3310 2512 3367; x_wconf 86' lang='grc' dir='ltr'>καὶ</span> <span class='ocrx_word' id='word_1_478' title='bbox 2542 3315 2675 3366; x_wconf 88' lang='grc' dir='ltr'>Θεοῦ</span> <span class='ocrx_word' id='word_1_479' title='bbox 2699 3309 2789 3365; x_wconf 82' lang='grc' dir='ltr'>καὶ</span> <span class='ocrx_word' id='word_1_480' title='bbox 2823 3317 3084 3387; x_wconf 84' lang='grc' dir='ltr'>Σωτῆρος</span> <span class='ocrx_word' id='word_1_481' title='bbox 3114 3312 3296 3386; x_wconf 77' lang='grc' dir='ltr'>ἡμῶν,</span> <span class='ocrx_word' id='word_1_482' title='bbox 3329 3312 3376 3384; x_wconf 83' lang='grc' dir='ltr'>ᾦ</span> <span class='ocrx_word' id='word_1_483' title='bbox 3406 3313 3441 3383; x_wconf 87' lang='grc' dir='ltr'>ἡ</span> <span class='ocrx_word' id='word_1_484' title='bbox 3476 3310 3603 3384; x_wconf 83' lang='grc' dir='ltr'>δόξα</span> <span class='ocrx_word' id='word_1_485' title='bbox 3641 3312 3720 3376; x_wconf 65' lang='grc' dir='ltr'>εἷς</span> 
     </span>
    </p>
   </div>
   <div class='ocr_carea' id='block_1_49' title="bbox 306 3397 1955 3478">
    <p class='ocr_par' dir='ltr' id='par_1_49' title="bbox 306 3397 1955 3478">
     <span class='ocr_line' id='line_1_49' title="bbox 306 3397 1955 3478; baseline -0.002 -23"><span class='ocrx_word' id='word_1_486' title='bbox 306 3398 565 3456; x_wconf 78' lang='grc' dir='ltr'>οὐδέποτε</span> <span class='ocrx_word' id='word_1_487' title='bbox 617 3404 714 3455; x_wconf 89' lang='grc' dir='ltr'>τοῦ</span> <span class='ocrx_word' id='word_1_488' title='bbox 770 3400 918 3478; x_wconf 88' lang='grc' dir='ltr'>παρά</span> <span class='ocrx_word' id='word_1_489' title='bbox 972 3401 1069 3465; x_wconf 81' lang='grc' dir='ltr'>τὰς</span> <span class='ocrx_word' id='word_1_490' title='bbox 1127 3397 1400 3472; x_wconf 80' lang='grc' dir='ltr'>διεξόδους</span> <span class='ocrx_word' id='word_1_491' title='bbox 1437 3402 1545 3455; x_wconf 92' lang='grc' dir='ltr'>τῶν</span> <span class='ocrx_word' id='word_1_492' title='bbox 1604 3397 1770 3454; x_wconf 80' lang='grc' dir='ltr'>αὐτοῦ</span> <span class='ocrx_word' id='word_1_493' title='bbox 1824 3419 1955 3470; x_wconf 91' lang='grc' dir='ltr'>νοη-</span> 
     </span>
    </p>
   </div>
   <div class='ocr_carea' id='block_1_50' title="bbox 313 3487 1958 3570">
    <p class='ocr_par' dir='ltr' id='par_1_50' title="bbox 313 3487 1958 3570">
     <span class='ocr_line' id='line_1_50' title="bbox 313 3487 1958 3570; baseline -0.001 -27"><span class='ocrx_word' id='word_1_494' title='bbox 313 3487 495 3564; x_wconf 89' lang='grc' dir='ltr'>μάτων</span> <span class='ocrx_word' id='word_1_495' title='bbox 535 3488 905 3567; x_wconf 77' lang='grc' dir='ltr'>ἐρῥιζωμένου</span> <span class='ocrx_word' id='word_1_496' title='bbox 935 3495 1104 3570; x_wconf 89' lang='grc' dir='ltr'>φυτοῦ</span> <span class='ocrx_word' id='word_1_497' title='bbox 1143 3490 1206 3546; x_wconf 90' lang='grc' dir='ltr'>τὸ</span> <span class='ocrx_word' id='word_1_498' title='bbox 1251 3494 1499 3546; x_wconf 89' lang='grc' dir='ltr'>τοιοῦτον</span> <span class='ocrx_word' id='word_1_499' title='bbox 1556 3487 1958 3565; x_wconf 78' lang='grc' dir='ltr'>ἀποῤῥυήσεται</span> 
     </span>
    </p>
   </div>
   <div class='ocr_carea' id='block_1_51' title="bbox 306 3576 1955 3659">
    <p class='ocr_par' dir='ltr' id='par_1_51' title="bbox 306 3576 1955 3659">
     <span class='ocr_line' id='line_1_51' title="bbox 306 3576 1955 3659; baseline 0 -27"><span class='ocrx_word' id='word_1_500' title='bbox 306 3576 541 3659; x_wconf 86' lang='grc' dir='ltr'>φύλλον,</span> <span class='ocrx_word' id='word_1_501' title='bbox 569 3577 695 3634; x_wconf 77' lang='grc' dir='ltr'>οὐδὲ</span> <span class='ocrx_word' id='word_1_502' title='bbox 755 3580 889 3654; x_wconf 81' lang='grc' dir='ltr'>μετὰ</span> <span class='ocrx_word' id='word_1_503' title='bbox 940 3581 1040 3650; x_wconf 86' lang='grc' dir='ltr'>τήν</span> <span class='ocrx_word' id='word_1_504' title='bbox 1098 3579 1333 3636; x_wconf 87' lang='grc' dir='ltr'>ἐντεῦθεν</span> <span class='ocrx_word' id='word_1_505' title='bbox 1395 3578 1559 3634; x_wconf 82' lang='grc' dir='ltr'>αὐτοῦ</span> <span class='ocrx_word' id='word_1_506' title='bbox 1614 3578 1955 3652; x_wconf 73' lang='grc' dir='ltr'>μετάστασινο</span> 
     </span>
    </p>
   </div>
   <div class='ocr_carea' id='block_1_52' title="bbox 306 3665 1587 3745">
    <p class='ocr_par' dir='ltr' id='par_1_52' title="bbox 306 3665 1587 3745">
     <span class='ocr_line' id='line_1_52' title="bbox 306 3665 1587 3745; baseline -0.001 -22"><span class='ocrx_word' id='word_1_507' title='bbox 306 3668 382 3731; x_wconf 85' lang='grc' dir='ltr'>εἰς</span> <span class='ocrx_word' id='word_1_508' title='bbox 418 3667 763 3743; x_wconf 89' lang='grc' dir='ltr'>μνημόσυνον</span> <span class='ocrx_word' id='word_1_509' title='bbox 796 3668 901 3745; x_wconf 80' lang='grc' dir='ltr'>γὰρ</span> <span class='ocrx_word' id='word_1_510' title='bbox 931 3669 1150 3725; x_wconf 76' lang='grc' dir='ltr'>αἰώνιον</span> <span class='ocrx_word' id='word_1_511' title='bbox 1181 3665 1325 3724; x_wconf 78' lang='grc' dir='ltr'>ἔσται</span> <span class='ocrx_word' id='word_1_512' title='bbox 1358 3666 1587 3730; x_wconf 87' lang='grc' dir='ltr'>δίκαιος.</span> 
     </span>
    </p>
   </div>
   <div class='ocr_carea' id='block_1_53' title="bbox 375 3755 1958 3834">
    <p class='ocr_par' dir='ltr' id='par_1_53' title="bbox 375 3755 1958 3834">
     <span class='ocr_line' id='line_1_53' title="bbox 375 3755 1958 3834; baseline -0.001 -25"><span class='ocrx_word' id='word_1_513' title='bbox 375 3782 405 3811; x_wconf 81' lang='grc'><em>‹‹</em></span> <span class='ocrx_word' id='word_1_514' title='bbox 439 3757 539 3814; x_wconf 83' lang='grc' dir='ltr'>Καὶ</span> <span class='ocrx_word' id='word_1_515' title='bbox 588 3758 763 3814; x_wconf 88' lang='grc' dir='ltr'>πάντα</span> <span class='ocrx_word' id='word_1_516' title='bbox 810 3757 909 3813; x_wconf 81' lang='grc' dir='ltr'>ὅσα</span> <span class='ocrx_word' id='word_1_517' title='bbox 952 3759 1012 3814; x_wconf 83' lang='grc' dir='ltr'>ἃν</span> <span class='ocrx_word' id='word_1_518' title='bbox 1060 3761 1195 3834; x_wconf 86' lang='grc' dir='ltr'>ποιῇ</span> <span class='ocrx_word' id='word_1_519' title='bbox 1245 3755 1764 3828; x_wconf 88' lang='grc' dir='ltr'>κατευοδωθήσεται.</span> <span class='ocrx_word' id='word_1_520' title='bbox 1819 3780 1846 3808; x_wconf 91' lang='grc'><strong>››</strong></span> <span class='ocrx_word' id='word_1_521' title='bbox 1888 3789 1958 3799; x_wconf 88' lang='lat'>—</span> 
     </span>
    </p>
   </div>
   <div class='ocr_carea' id='block_1_54' title="bbox 302 3843 1955 3924">
    <p class='ocr_par' dir='ltr' id='par_1_54' title="bbox 302 3843 1955 3924">
     <span class='ocr_line' id='line_1_54' title="bbox 302 3843 1955 3924; baseline -0.001 -23"><span class='ocrx_word' id='word_1_522' title='bbox 302 3847 364 3902; x_wconf 87' lang='grc' dir='ltr'>Τί</span> <span class='ocrx_word' id='word_1_523' title='bbox 410 3846 511 3924; x_wconf 75' lang='grc' dir='ltr'>γὰρ</span> <span class='ocrx_word' id='word_1_524' title='bbox 553 3850 660 3902; x_wconf 89' lang='grc' dir='ltr'>τῶν</span> <span class='ocrx_word' id='word_1_525' title='bbox 716 3847 792 3922; x_wconf 83' lang='grc' dir='ltr'>μή</span> <span class='ocrx_word' id='word_1_526' title='bbox 841 3846 1232 3924; x_wconf 87' lang='grc' dir='ltr'>προσηκόντων</span> <span class='ocrx_word' id='word_1_527' title='bbox 1282 3848 1312 3902; x_wconf 87' lang='lat'>6</span> <span class='ocrx_word' id='word_1_528' title='bbox 1351 3850 1485 3904; x_wconf 90' lang='grc' dir='ltr'>Θεοῦ</span> <span class='ocrx_word' id='word_1_529' title='bbox 1542 3843 1674 3908; x_wconf 80' lang='grc' dir='ltr'>ὅλος</span> <span class='ocrx_word' id='word_1_530' title='bbox 1728 3851 1955 3916; x_wconf 89' lang='grc' dir='ltr'>ποιῆσαι</span> 
     </span>
    </p>
   </div>
   <div class='ocr_carea' id='block_1_55' title="bbox 304 3932 1959 4010">
    <p class='ocr_par' dir='ltr' id='par_1_55' title="bbox 304 3932 1959 4010">
     <span class='ocr_line' id='line_1_55' title="bbox 304 3932 1959 4010; baseline -0.001 -20"><span class='ocrx_word' id='word_1_531' title='bbox 304 3932 524 4006; x_wconf 88' lang='grc' dir='ltr'>θελήσει</span> <span class='ocrx_word' id='word_1_532' title='bbox 566 3936 700 3991; x_wconf 73' lang='grc' dir='ltr'>ποτὲ</span> <span class='ocrx_word' id='word_1_533' title='bbox 755 3936 930 4010; x_wconf 86' lang='grc' dir='ltr'>μένων</span> <span class='ocrx_word' id='word_1_534' title='bbox 981 3934 1115 3999; x_wconf 80' lang='grc' dir='ltr'>ὅλος</span> <span class='ocrx_word' id='word_1_535' title='bbox 1166 3940 1351 4006; x_wconf 88' lang='grc' dir='ltr'>Θεοῦ;</span> <span class='ocrx_word' id='word_1_536' title='bbox 1390 3932 1476 3990; x_wconf 91' lang='grc' dir='ltr'>διὸ</span> <span class='ocrx_word' id='word_1_537' title='bbox 1521 3936 1659 3990; x_wconf 87' lang='grc' dir='ltr'>κατά</span> <span class='ocrx_word' id='word_1_538' title='bbox 1707 3933 1863 3999; x_wconf 77' lang='grc' dir='ltr'>πάνθ’</span> <span class='ocrx_word' id='word_1_539' title='bbox 1893 3932 1959 3989; x_wconf 84' lang='lat'>6&#39;0</span> 
     </span>
    </p>
   </div>
   <div class='ocr_carea' id='block_1_56' title="bbox 304 4020 1953 4101">
    <p class='ocr_par' dir='ltr' id='par_1_56' title="bbox 304 4020 1953 4101">
     <span class='ocr_line' id='line_1_56' title="bbox 304 4020 1953 4101; baseline 0.001 -24"><span class='ocrx_word' id='word_1_540' title='bbox 304 4021 364 4077; x_wconf 81' lang='grc' dir='ltr'>ἂν</span> <span class='ocrx_word' id='word_1_541' title='bbox 394 4027 531 4098; x_wconf 78' lang='grc' dir='ltr'>ποιῇ</span> <span class='ocrx_word' id='word_1_542' title='bbox 561 4022 1080 4098; x_wconf 85' lang='grc' dir='ltr'>κατευοδωθήσεται,</span> <span class='ocrx_word' id='word_1_543' title='bbox 1112 4024 1182 4101; x_wconf 72' lang='grc' dir='ltr'>τῇ</span> <span class='ocrx_word' id='word_1_544' title='bbox 1212 4028 1310 4081; x_wconf 92' lang='grc' dir='ltr'>τοῦ</span> <span class='ocrx_word' id='word_1_545' title='bbox 1340 4028 1475 4080; x_wconf 87' lang='grc' dir='ltr'>Θεοῦ</span> <span class='ocrx_word' id='word_1_546' title='bbox 1517 4020 1665 4096; x_wconf 80' lang='grc' dir='ltr'>δεξιᾷ</span> <span class='ocrx_word' id='word_1_547' title='bbox 1717 4023 1953 4099; x_wconf 84' lang='grc' dir='ltr'>βοηθού-</span> 
     </span>
    </p>
   </div>
   <div class='ocr_carea' id='block_1_57' title="bbox 308 4110 1144 4192">
    <p class='ocr_par' dir='ltr' id='par_1_57' title="bbox 308 4110 1144 4192">
     <span class='ocr_line' id='line_1_57' title="bbox 308 4110 1144 4192; baseline 0.001 -26"><span class='ocrx_word' id='word_1_548' title='bbox 308 4110 465 4186; x_wconf 83' lang='grc' dir='ltr'>μενός</span> <span class='ocrx_word' id='word_1_549' title='bbox 491 4133 550 4169; x_wconf 88' lang='grc' dir='ltr'>τε</span> <span class='ocrx_word' id='word_1_550' title='bbox 574 4114 666 4170; x_wconf 89' lang='grc' dir='ltr'>καὶ</span> <span class='ocrx_word' id='word_1_551' title='bbox 695 4112 1144 4192; x_wconf 80' lang='grc' dir='ltr'>συνεργούμενος.</span> 
     </span>
    </p>
   </div>
   <div class='ocr_carea' id='block_1_58' title="bbox 378 4197 1956 4279">
    <p class='ocr_par' dir='ltr' id='par_1_58' title="bbox 378 4197 1956 4279">
     <span class='ocr_line' id='line_1_58' title="bbox 378 4197 1956 4279; baseline -0.003 -19"><span class='ocrx_word' id='word_1_552' title='bbox 378 4226 406 4254; x_wconf 77' lang='grc' dir='ltr'><em>υ</em></span> <span class='ocrx_word' id='word_1_553' title='bbox 435 4201 558 4279; x_wconf 77' lang='grc' dir='ltr'>Ούχ</span> <span class='ocrx_word' id='word_1_554' title='bbox 612 4202 787 4267; x_wconf 62' lang='grc' dir='ltr'>οὕτως</span> <span class='ocrx_word' id='word_1_555' title='bbox 841 4203 894 4259; x_wconf 80' lang='grc' dir='ltr'>οἱ</span> <span class='ocrx_word' id='word_1_556' title='bbox 940 4197 1174 4275; x_wconf 85' lang='grc' dir='ltr'>ἀσεϐεῖς,</span> <span class='ocrx_word' id='word_1_557' title='bbox 1222 4200 1331 4278; x_wconf 78' lang='grc' dir='ltr'>οὐχ</span> <span class='ocrx_word' id='word_1_558' title='bbox 1379 4200 1575 4264; x_wconf 78' lang='grc' dir='ltr'>οὕτως.</span> <span class='ocrx_word' id='word_1_559' title='bbox 1622 4224 1652 4254; x_wconf 84' lang='grc'><strong>››</strong></span> <span class='ocrx_word' id='word_1_560' title='bbox 1699 4233 1770 4244; x_wconf 88' lang='grc'><strong>-</strong></span> <span class='ocrx_word' id='word_1_561' title='bbox 1817 4198 1956 4258; x_wconf 71' lang='grc' dir='ltr'>Οὔτε</span> 
     </span>
    </p>
   </div>
   <div class='ocr_carea' id='block_1_59' title="bbox 298 4287 1951 4372">
    <p class='ocr_par' dir='ltr' id='par_1_59' title="bbox 298 4287 1951 4372">
     <span class='ocr_line' id='line_1_59' title="bbox 298 4287 1951 4372; baseline -0.002 -24"><span class='ocrx_word' id='word_1_562' title='bbox 298 4294 839 4372; x_wconf 87' lang='grc' dir='ltr'>καρποφορήσουσιν,</span> <span class='ocrx_word' id='word_1_563' title='bbox 899 4287 1028 4347; x_wconf 67' lang='grc' dir='ltr'>οὔτε</span> <span class='ocrx_word' id='word_1_564' title='bbox 1089 4292 1152 4347; x_wconf 91' lang='grc' dir='ltr'>τὸ</span> <span class='ocrx_word' id='word_1_565' title='bbox 1216 4289 1427 4370; x_wconf 78' lang='grc' dir='ltr'>φύλλον</span> <span class='ocrx_word' id='word_1_566' title='bbox 1495 4287 1702 4361; x_wconf 74' lang='grc' dir='ltr'>ἕξουσιν</span> <span class='ocrx_word' id='word_1_567' title='bbox 1755 4289 1951 4366; x_wconf 86' lang='grc' dir='ltr'>ἀναπό-</span> 
     </span>
    </p>
   </div>
   <div class='ocr_carea' id='block_1_60' title="bbox 301 4376 1953 4455">
    <p class='ocr_par' dir='ltr' id='par_1_60' title="bbox 301 4376 1953 4455">
     <span class='ocr_line' id='line_1_60' title="bbox 301 4376 1953 4455; baseline -0.002 -19"><span class='ocrx_word' id='word_1_568' title='bbox 301 4377 533 4452; x_wconf 82' lang='grc' dir='ltr'>ϐλητον,</span> <span class='ocrx_word' id='word_1_569' title='bbox 574 4376 688 4436; x_wconf 66' lang='grc' dir='ltr'>οὗθ’</span> <span class='ocrx_word' id='word_1_570' title='bbox 737 4381 841 4436; x_wconf 87' lang='grc' dir='ltr'>ὑπὸ</span> <span class='ocrx_word' id='word_1_571' title='bbox 888 4384 1024 4436; x_wconf 90' lang='grc' dir='ltr'>Θεοῦ</span> <span class='ocrx_word' id='word_1_572' title='bbox 1066 4376 1628 4450; x_wconf 81' lang='grc' dir='ltr'>κατευοδωθήσονται.</span> <span class='ocrx_word' id='word_1_573' title='bbox 1668 4381 1795 4440; x_wconf 88' lang='grc' dir='ltr'>Πῶς</span> <span class='ocrx_word' id='word_1_574' title='bbox 1850 4377 1953 4455; x_wconf 78' lang='grc' dir='ltr'>γὰρ</span> 
     </span>
    </p>
   </div>
   <div class='ocr_carea' id='block_1_61' title="bbox 301 4465 1955 4544">
    <p class='ocr_par' dir='ltr' id='par_1_61' title="bbox 301 4465 1955 4544">
     <span class='ocr_line' id='line_1_61' title="bbox 301 4465 1955 4544; baseline -0.003 -19"><span class='ocrx_word' id='word_1_575' title='bbox 301 4465 512 4533; x_wconf 85' lang='grc' dir='ltr'>ἀσεϐεῖς</span> <span class='ocrx_word' id='word_1_576' title='bbox 572 4467 619 4525; x_wconf 88' lang='grc' dir='ltr'>δ’</span> <span class='ocrx_word' id='word_1_577' title='bbox 672 4468 897 4526; x_wconf 88' lang='grc' dir='ltr'>ἐνταῦθα</span> <span class='ocrx_word' id='word_1_578' title='bbox 949 4472 1144 4532; x_wconf 89' lang='grc' dir='ltr'>κοινῶς</span> <span class='ocrx_word' id='word_1_579' title='bbox 1199 4468 1252 4523; x_wconf 72' lang='grc' dir='ltr'>οἱ</span> <span class='ocrx_word' id='word_1_580' title='bbox 1306 4466 1700 4544; x_wconf 72' lang='grc' dir='ltr'>προειρημένοι</span> <span class='ocrx_word' id='word_1_581' title='bbox 1757 4465 1955 4528; x_wconf 90' lang='grc' dir='ltr'>πάντες</span> 
     </span>
    </p>
   </div>
   <div class='ocr_carea' id='block_1_62' title="bbox 304 4553 1949 4637">
    <p class='ocr_par' dir='ltr' id='par_1_62' title="bbox 304 4553 1949 4637">
     <span class='ocr_line' id='line_1_62' title="bbox 304 4553 1949 4637; baseline -0.002 -24"><span class='ocrx_word' id='word_1_582' title='bbox 304 4556 650 4631; x_wconf 83' lang='grc' dir='ltr'>ἐκλήθησαν;</span> <span class='ocrx_word' id='word_1_583' title='bbox 702 4559 765 4637; x_wconf 12' lang='grc' dir='ltr'>οἱ,</span> <span class='ocrx_word' id='word_1_584' title='bbox 801 4560 905 4635; x_wconf 73' lang='grc' dir='ltr'>γὰρ</span> <span class='ocrx_word' id='word_1_585' title='bbox 955 4556 1148 4635; x_wconf 89' lang='grc' dir='ltr'>λόγοις</span> <span class='ocrx_word' id='word_1_586' title='bbox 1201 4557 1297 4632; x_wconf 73' lang='grc' dir='ltr'>μὲν</span> <span class='ocrx_word' id='word_1_587' title='bbox 1338 4553 1742 4634; x_wconf 88' lang='grc' dir='ltr'>ὁμολογοῦντες</span> <span class='ocrx_word' id='word_1_588' title='bbox 1799 4556 1949 4621; x_wconf 90' lang='grc' dir='ltr'>Θεὸν,</span> 
     </span>
    </p>
   </div>
   <div class='ocr_carea' id='block_1_63' title="bbox 2064 3396 3043 3472">
    <p class='ocr_par' dir='ltr' id='par_1_63' title="bbox 2064 3396 3043 3472">
     <span class='ocr_line' id='line_1_63' title="bbox 2064 3396 3043 3472; baseline 0.002 -18"><span class='ocrx_word' id='word_1_589' title='bbox 2064 3398 2193 3462; x_wconf 76' lang='grc' dir='ltr'>τοὺς</span> <span class='ocrx_word' id='word_1_590' title='bbox 2226 3399 2424 3463; x_wconf 75' lang='grc' dir='ltr'>αἰῶνας</span> <span class='ocrx_word' id='word_1_591' title='bbox 2450 3402 2556 3455; x_wconf 88' lang='grc' dir='ltr'>τῶν</span> <span class='ocrx_word' id='word_1_592' title='bbox 2589 3396 2809 3456; x_wconf 73' lang='grc' dir='ltr'>αἰώνον.</span> <span class='ocrx_word' id='word_1_593' title='bbox 2838 3400 3043 3472; x_wconf 79' lang='grc' dir='ltr'>Ἀμήν.</span> 
     </span>
    </p>
   </div>
   <div class='ocr_carea' id='block_1_64' title="bbox 2685 3491 3092 3545">
    <p class='ocr_par' dir='ltr' id='par_1_64' title="bbox 2685 3491 3092 3545">
     <span class='ocr_line' id='line_1_64' title="bbox 2685 3491 3092 3545; baseline 0.005 -2"><span class='ocrx_word' id='word_1_594' title='bbox 2685 3491 2980 3545; x_wconf 86' lang='grc' dir='ltr'><strong>ΨΑΛΜΟΣ</strong></span> <span class='ocrx_word' id='word_1_595' title='bbox 3021 3494 3092 3545; x_wconf 90' lang='lat' dir='ltr'>B&#39;.</span> 
     </span>
    </p>
   </div>
   <div class='ocr_carea' id='block_1_65' title="bbox 2134 3574 3724 3656">
    <p class='ocr_par' dir='ltr' id='par_1_65' title="bbox 2134 3574 3724 3656">
     <span class='ocr_line' id='line_1_65' title="bbox 2134 3574 3724 3656; baseline 0.001 -24"><span class='ocrx_word' id='word_1_596' title='bbox 2134 3583 2190 3632; x_wconf 79' lang='lat'>‘0</span> <span class='ocrx_word' id='word_1_597' title='bbox 2237 3575 2487 3655; x_wconf 85' lang='grc' dir='ltr'>δεύτερος</span> <span class='ocrx_word' id='word_1_598' title='bbox 2551 3576 2776 3653; x_wconf 76' lang='grc' dir='ltr'>ψαλμὸς</span> <span class='ocrx_word' id='word_1_599' title='bbox 2837 3578 2937 3647; x_wconf 84' lang='grc' dir='ltr'>τὴν</span> <span class='ocrx_word' id='word_1_600' title='bbox 2984 3580 3094 3633; x_wconf 90' lang='grc' dir='ltr'>τῶν</span> <span class='ocrx_word' id='word_1_601' title='bbox 3140 3574 3419 3634; x_wconf 90' lang='grc' dir='ltr'>Ἰουδαίων</span> <span class='ocrx_word' id='word_1_602' title='bbox 3488 3598 3724 3656; x_wconf 89' lang='grc' dir='ltr'>προαγο-</span> 
     </span>
    </p>
   </div>
   <div class='ocr_carea' id='block_1_66' title="bbox 2066 3665 3721 3744">
    <p class='ocr_par' dir='ltr' id='par_1_66' title="bbox 2066 3665 3721 3744">
     <span class='ocr_line' id='line_1_66' title="bbox 2066 3665 3721 3744; baseline 0.001 -22"><span class='ocrx_word' id='word_1_603' title='bbox 2066 3666 2209 3743; x_wconf 90' lang='grc' dir='ltr'>ρεύει</span> <span class='ocrx_word' id='word_1_604' title='bbox 2255 3667 2445 3742; x_wconf 87' lang='grc' dir='ltr'>μανίαν</span> <span class='ocrx_word' id='word_1_605' title='bbox 2495 3668 2558 3738; x_wconf 75' lang='grc' dir='ltr'>ἢν</span> <span class='ocrx_word' id='word_1_606' title='bbox 2607 3666 2743 3723; x_wconf 90' lang='grc' dir='ltr'>κατά</span> <span class='ocrx_word' id='word_1_607' title='bbox 2788 3670 2887 3722; x_wconf 88' lang='grc' dir='ltr'>τοῦ</span> <span class='ocrx_word' id='word_1_608' title='bbox 2954 3673 3216 3744; x_wconf 87' lang='grc' dir='ltr'>Σωτῆρος</span> <span class='ocrx_word' id='word_1_609' title='bbox 3277 3665 3573 3742; x_wconf 79' lang='grc' dir='ltr'>ἐμάνησαν,</span> <span class='ocrx_word' id='word_1_610' title='bbox 3629 3669 3721 3723; x_wconf 84' lang='grc' dir='ltr'>καὶ</span> 
     </span>
    </p>
   </div>
   <div class='ocr_carea' id='block_1_67' title="bbox 2063 3754 3722 3832">
    <p class='ocr_par' dir='ltr' id='par_1_67' title="bbox 2063 3754 3722 3832">
     <span class='ocr_line' id='line_1_67' title="bbox 2063 3754 3722 3832; baseline -0.001 -20"><span class='ocrx_word' id='word_1_611' title='bbox 2063 3759 2164 3828; x_wconf 78' lang='grc' dir='ltr'>τήν</span> <span class='ocrx_word' id='word_1_612' title='bbox 2219 3756 2318 3827; x_wconf 83' lang='grc' dir='ltr'>τῆς</span> <span class='ocrx_word' id='word_1_613' title='bbox 2362 3760 2600 3831; x_wconf 72' lang='grc' dir='ltr'>νομικῆς</span> <span class='ocrx_word' id='word_1_614' title='bbox 2647 3756 2949 3832; x_wconf 79' lang='grc' dir='ltr'>ἡγεμονίας</span> <span class='ocrx_word' id='word_1_615' title='bbox 3014 3754 3226 3812; x_wconf 88' lang='grc' dir='ltr'>τελείαν</span> <span class='ocrx_word' id='word_1_616' title='bbox 3281 3755 3575 3812; x_wconf 83' lang='grc' dir='ltr'>κατάλυσιν</span> <span class='ocrx_word' id='word_1_617' title='bbox 3628 3757 3722 3812; x_wconf 83' lang='grc' dir='ltr'>καὶ</span> 
     </span>
    </p>
   </div>
   <div class='ocr_carea' id='block_1_68' title="bbox 2062 3844 3721 3921">
    <p class='ocr_par' dir='ltr' id='par_1_68' title="bbox 2062 3844 3721 3921">
     <span class='ocr_line' id='line_1_68' title="bbox 2062 3844 3721 3921; baseline -0.001 -19"><span class='ocrx_word' id='word_1_618' title='bbox 2062 3847 2162 3917; x_wconf 75' lang='grc' dir='ltr'>τὴν</span> <span class='ocrx_word' id='word_1_619' title='bbox 2194 3846 2370 3901; x_wconf 77' lang='grc' dir='ltr'>αὐτῶν</span> <span class='ocrx_word' id='word_1_620' title='bbox 2403 3844 2698 3917; x_wconf 84' lang='grc' dir='ltr'>καταδίκην</span> <span class='ocrx_word' id='word_1_621' title='bbox 2738 3844 2790 3901; x_wconf 90' lang='grc' dir='ltr'>ἐν</span> <span class='ocrx_word' id='word_1_622' title='bbox 2820 3850 2997 3921; x_wconf 83' lang='grc' dir='ltr'>καιρῷ</span> <span class='ocrx_word' id='word_1_623' title='bbox 3052 3849 3133 3918; x_wconf 85' lang='grc' dir='ltr'>τῷ</span> <span class='ocrx_word' id='word_1_624' title='bbox 3189 3852 3289 3916; x_wconf 89' lang='grc' dir='ltr'>τῆς</span> <span class='ocrx_word' id='word_1_625' title='bbox 3342 3845 3573 3920; x_wconf 89' lang='grc' dir='ltr'>κρίσεως</span> <span class='ocrx_word' id='word_1_626' title='bbox 3619 3845 3721 3915; x_wconf 79' lang='grc' dir='ltr'>τὴν</span> 
     </span>
    </p>
   </div>
   <div class='ocr_carea' id='block_1_69' title="bbox 2064 3932 3718 4010">
    <p class='ocr_par' dir='ltr' id='par_1_69' title="bbox 2064 3932 3718 4010">
     <span class='ocr_line' id='line_1_69' title="bbox 2064 3932 3718 4010; baseline -0.001 -20"><span class='ocrx_word' id='word_1_627' title='bbox 2064 3934 2117 3990; x_wconf 88' lang='grc' dir='ltr'>ἐν</span> <span class='ocrx_word' id='word_1_628' title='bbox 2174 3933 2409 4006; x_wconf 83' lang='grc' dir='ltr'>Ἰουδαίᾳ</span> <span class='ocrx_word' id='word_1_629' title='bbox 2468 3932 2817 3990; x_wconf 87' lang='grc' dir='ltr'>διδασκαλίαν</span> <span class='ocrx_word' id='word_1_630' title='bbox 2894 3937 3150 4008; x_wconf 81' lang='grc' dir='ltr'>Χριστοῦ,</span> <span class='ocrx_word' id='word_1_631' title='bbox 3202 3935 3301 4004; x_wconf 79' lang='grc' dir='ltr'>τήν</span> <span class='ocrx_word' id='word_1_632' title='bbox 3387 3934 3718 4010; x_wconf 89' lang='grc' dir='ltr'>προαιώνιον</span> 
     </span>
    </p>
   </div>
   <div class='ocr_carea' id='block_1_70' title="bbox 2064 4019 3722 4100">
    <p class='ocr_par' dir='ltr' id='par_1_70' title="bbox 2064 4019 3722 4100">
     <span class='ocr_line' id='line_1_70' title="bbox 2064 4019 3722 4100; baseline -0.001 -21"><span class='ocrx_word' id='word_1_633' title='bbox 2064 4019 2312 4100; x_wconf 82' lang='grc' dir='ltr'>γέννησιν</span> <span class='ocrx_word' id='word_1_634' title='bbox 2359 4022 2544 4093; x_wconf 81' lang='grc' dir='ltr'>αὐτοῦ,</span> <span class='ocrx_word' id='word_1_635' title='bbox 2590 4024 2683 4078; x_wconf 83' lang='grc' dir='ltr'>καὶ</span> <span class='ocrx_word' id='word_1_636' title='bbox 2731 4020 2886 4088; x_wconf 78' lang='grc' dir='ltr'>αὗθις</span> <span class='ocrx_word' id='word_1_637' title='bbox 2933 4023 3034 4092; x_wconf 81' lang='grc' dir='ltr'>τὴν</span> <span class='ocrx_word' id='word_1_638' title='bbox 3089 4020 3143 4077; x_wconf 87' lang='grc' dir='ltr'>ἐν</span> <span class='ocrx_word' id='word_1_639' title='bbox 3191 4021 3579 4098; x_wconf 88' lang='grc' dir='ltr'>ἀνθρώποισιν,</span> <span class='ocrx_word' id='word_1_640' title='bbox 3622 4023 3722 4093; x_wconf 82' lang='grc' dir='ltr'>τὴν</span> 
     </span>
    </p>
   </div>
   <div class='ocr_carea' id='block_1_71' title="bbox 2061 4110 3723 4187">
    <p class='ocr_par' dir='ltr' id='par_1_71' title="bbox 2061 4110 3723 4187">
     <span class='ocr_line' id='line_1_71' title="bbox 2061 4110 3723 4187; baseline -0.002 -18"><span class='ocrx_word' id='word_1_641' title='bbox 2061 4117 2169 4169; x_wconf 86' lang='grc' dir='ltr'>τῶν</span> <span class='ocrx_word' id='word_1_642' title='bbox 2204 4112 2367 4168; x_wconf 89' lang='grc' dir='ltr'>ἐθνῶν</span> <span class='ocrx_word' id='word_1_643' title='bbox 2410 4112 2705 4183; x_wconf 81' lang='grc' dir='ltr'>οἰκείωσιν,</span> <span class='ocrx_word' id='word_1_644' title='bbox 2733 4111 2824 4167; x_wconf 89' lang='grc' dir='ltr'>καὶ</span> <span class='ocrx_word' id='word_1_645' title='bbox 2869 4113 2970 4181; x_wconf 84' lang='grc' dir='ltr'>τὴν</span> <span class='ocrx_word' id='word_1_646' title='bbox 3020 4110 3186 4167; x_wconf 82' lang='grc' dir='ltr'>αὐτοῦ</span> <span class='ocrx_word' id='word_1_647' title='bbox 3233 4117 3508 4187; x_wconf 87' lang='grc' dir='ltr'>θεοπρεπῆ</span> <span class='ocrx_word' id='word_1_648' title='bbox 3562 4112 3723 4187; x_wconf 88' lang='grc' dir='ltr'>βασι-</span> 
     </span>
    </p>
   </div>
   <div class='ocr_carea' id='block_1_72' title="bbox 2064 4199 3718 4276">
    <p class='ocr_par' dir='ltr' id='par_1_72' title="bbox 2064 4199 3718 4276">
     <span class='ocr_line' id='line_1_72' title="bbox 2064 4199 3718 4276; baseline -0.001 -18"><span class='ocrx_word' id='word_1_649' title='bbox 2064 4200 2212 4258; x_wconf 89' lang='grc' dir='ltr'>λείαν</span> <span class='ocrx_word' id='word_1_650' title='bbox 2247 4201 2322 4264; x_wconf 87' lang='grc' dir='ltr'>εἰς</span> <span class='ocrx_word' id='word_1_651' title='bbox 2352 4202 2523 4257; x_wconf 85' lang='grc' dir='ltr'>πάντα</span> <span class='ocrx_word' id='word_1_652' title='bbox 2549 4202 2640 4258; x_wconf 89' lang='grc' dir='ltr'>τὸν</span> <span class='ocrx_word' id='word_1_653' title='bbox 2672 4200 2879 4275; x_wconf 87' lang='grc' dir='ltr'>κόσμον</span> <span class='ocrx_word' id='word_1_654' title='bbox 2924 4201 3015 4256; x_wconf 88' lang='grc' dir='ltr'>καὶ</span> <span class='ocrx_word' id='word_1_655' title='bbox 3062 4201 3199 4256; x_wconf 86' lang='grc' dir='ltr'>κατά</span> <span class='ocrx_word' id='word_1_656' title='bbox 3242 4199 3307 4257; x_wconf 90' lang='grc' dir='ltr'>τὸ</span> <span class='ocrx_word' id='word_1_657' title='bbox 3354 4200 3718 4276; x_wconf 73' lang='grc' dir='ltr'>ἀνθρώπινονο</span> 
     </span>
    </p>
   </div>
   <div class='ocr_carea' id='block_1_73' title="bbox 2059 4286 3718 4368">
    <p class='ocr_par' dir='ltr' id='par_1_73' title="bbox 2059 4286 3718 4368">
     <span class='ocr_line' id='line_1_73' title="bbox 2059 4286 3718 4368; baseline -0.002 -22"><span class='ocrx_word' id='word_1_658' title='bbox 2059 4290 2157 4354; x_wconf 80' lang='grc' dir='ltr'>τὰς</span> <span class='ocrx_word' id='word_1_659' title='bbox 2212 4294 2320 4346; x_wconf 90' lang='grc' dir='ltr'>τῶν</span> <span class='ocrx_word' id='word_1_660' title='bbox 2372 4287 2652 4346; x_wconf 86' lang='grc' dir='ltr'>Ἰουδαίων</span> <span class='ocrx_word' id='word_1_661' title='bbox 2704 4288 2987 4368; x_wconf 80' lang='grc' dir='ltr'>συμφορὰς</span> <span class='ocrx_word' id='word_1_662' title='bbox 3041 4287 3133 4344; x_wconf 77' lang='grc' dir='ltr'>καὶ</span> <span class='ocrx_word' id='word_1_663' title='bbox 3182 4289 3282 4359; x_wconf 80' lang='grc' dir='ltr'>τήν</span> <span class='ocrx_word' id='word_1_664' title='bbox 3340 4286 3718 4365; x_wconf 83' lang='grc' dir='ltr'>πανωλεθρίαν</span> 
     </span>
    </p>
   </div>
   <div class='ocr_carea' id='block_1_74' title="bbox 2061 4376 3718 4455">
    <p class='ocr_par' dir='ltr' id='par_1_74' title="bbox 2061 4376 3718 4455">
     <span class='ocr_line' id='line_1_74' title="bbox 2061 4376 3718 4455; baseline -0.001 -21"><span class='ocrx_word' id='word_1_665' title='bbox 2061 4378 2258 4436; x_wconf 75' lang='grc' dir='ltr'>αὐτῶν.</span> <span class='ocrx_word' id='word_1_666' title='bbox 2319 4379 2454 4435; x_wconf 77' lang='grc' dir='ltr'>Εἶτα</span> <span class='ocrx_word' id='word_1_667' title='bbox 2524 4376 2764 4435; x_wconf 85' lang='grc' dir='ltr'>διδάσκει</span> <span class='ocrx_word' id='word_1_668' title='bbox 2828 4380 2898 4434; x_wconf 87' lang='grc' dir='ltr'>τά</span> <span class='ocrx_word' id='word_1_669' title='bbox 2956 4377 3108 4449; x_wconf 75' lang='grc' dir='ltr'>ἔθνηο</span> <span class='ocrx_word' id='word_1_670' title='bbox 3176 4377 3415 4434; x_wconf 88' lang='grc' dir='ltr'>πιστεύει</span> <span class='ocrx_word' id='word_1_671' title='bbox 3474 4378 3580 4455; x_wconf 80' lang='grc' dir='ltr'>γὰρ</span> <span class='ocrx_word' id='word_1_672' title='bbox 3639 4378 3718 4443; x_wconf 76' lang='grc' dir='ltr'>εἰς</span> 
     </span>
    </p>
   </div>
   <div class='ocr_carea' id='block_1_75' title="bbox 2062 4464 3716 4545">
    <p class='ocr_par' dir='ltr' id='par_1_75' title="bbox 2062 4464 3716 4545">
     <span class='ocr_line' id='line_1_75' title="bbox 2062 4464 3716 4545; baseline -0.002 -20"><span class='ocrx_word' id='word_1_673' title='bbox 2062 4467 2263 4545; x_wconf 91' lang='grc' dir='ltr'>Κύριον</span> <span class='ocrx_word' id='word_1_674' title='bbox 2343 4468 2435 4524; x_wconf 83' lang='grc' dir='ltr'>γαὶ</span> <span class='ocrx_word' id='word_1_675' title='bbox 2517 4468 2613 4532; x_wconf 79' lang='grc' dir='ltr'>τὰς</span> <span class='ocrx_word' id='word_1_676' title='bbox 2689 4468 2855 4524; x_wconf 79' lang='grc' dir='ltr'>αὐτοῦ</span> <span class='ocrx_word' id='word_1_677' title='bbox 2928 4472 3088 4544; x_wconf 90' lang='grc' dir='ltr'>τηρεῖ</span> <span class='ocrx_word' id='word_1_678' title='bbox 3162 4464 3408 4537; x_wconf 72' lang='grc' dir='ltr'>ἐντολὰς,</span> <span class='ocrx_word' id='word_1_679' title='bbox 3464 4467 3556 4522; x_wconf 84' lang='grc' dir='ltr'>καὶ</span> <span class='ocrx_word' id='word_1_680' title='bbox 3638 4469 3716 4541; x_wconf 79' lang='grc' dir='ltr'>μή</span> 
     </span>
    </p>
   </div>
   <div class='ocr_carea' id='block_1_76' title="bbox 2067 4554 3718 4633">
    <p class='ocr_par' dir='ltr' id='par_1_76' title="bbox 2067 4554 3718 4633">
     <span class='ocr_line' id='line_1_76' title="bbox 2067 4554 3718 4633; baseline 0 -21"><span class='ocrx_word' id='word_1_681' title='bbox 2067 4556 2245 4633; x_wconf 84' lang='grc' dir='ltr'>βιοῦσι</span> <span class='ocrx_word' id='word_1_682' title='bbox 2300 4555 2487 4621; x_wconf 89' lang='grc' dir='ltr'>καλῶς</span> <span class='ocrx_word' id='word_1_683' title='bbox 2535 4555 2753 4613; x_wconf 88' lang='grc' dir='ltr'>ἀπειλεῖ</span> <span class='ocrx_word' id='word_1_684' title='bbox 2805 4556 3030 4614; x_wconf 87' lang='grc' dir='ltr'>κόλασιν</span> <span class='ocrx_word' id='word_1_685' title='bbox 3099 4557 3151 4612; x_wconf 88' lang='grc' dir='ltr'>ἐν</span> <span class='ocrx_word' id='word_1_686' title='bbox 3206 4555 3394 4633; x_wconf 75' lang='grc' dir='ltr'>ἡμέρᾳ</span> <span class='ocrx_word' id='word_1_687' title='bbox 3466 4554 3718 4632; x_wconf 81' lang='grc' dir='ltr'>ἐτάσεως,</span> 
     </span>
    </p>
   </div>
   <div class='ocr_carea' id='block_1_77' title="bbox 305 4642 3719 4737">
    <p class='ocr_par' dir='ltr' id='par_1_77' title="bbox 305 4642 3719 4737">
     <span class='ocr_line' id='line_1_77' title="bbox 305 4642 3719 4737; baseline 0 -36"><span class='ocrx_word' id='word_1_688' title='bbox 305 4642 485 4722; x_wconf 81' lang='grc' dir='ltr'>ἔργοις</span> <span class='ocrx_word' id='word_1_689' title='bbox 514 4645 911 4737; x_wconf 13' lang='grc' dir='ltr'>δ’λάρνούμενοι</span> <span class='ocrx_word' id='word_1_690' title='bbox 1167 4647 1247 4737; x_wconf 73' lang='grc' dir='ltr'>Δτᾶι</span> <span class='ocrx_word' id='word_1_691' title='bbox 1294 4645 1428 4724; x_wconf 85' lang='grc' dir='ltr'>φίλα</span> <span class='ocrx_word' id='word_1_692' title='bbox 1472 4644 1724 4723; x_wconf 82' lang='grc' dir='ltr'>πράττειν</span> <span class='ocrx_word' id='word_1_693' title='bbox 1783 4643 1952 4718; x_wconf 82' lang='grc' dir='ltr'>αὐτῷ,</span> <span class='ocrx_word' id='word_1_694' title='bbox 1983 4668 2032 4737; x_wconf 82' lang='lat' dir='ltr'><strong>D</strong></span> <span class='ocrx_word' id='word_1_695' title='bbox 2060 4643 2149 4737; x_wconf 82' lang='grc' dir='ltr'>καί</span> <span class='ocrx_word' id='word_1_696' title='bbox 2198 4645 2388 4737; x_wconf 9' lang='grc' dir='ltr'>τέλος,</span> <span class='ocrx_word' id='word_1_697' title='bbox 2418 4646 2699 4737; x_wconf 71' lang='grc' dir='ltr'>μακαρίζει</span> <span class='ocrx_word' id='word_1_698' title='bbox 2754 4645 2883 4709; x_wconf 78' lang='grc' dir='ltr'>τοὺς</span> <span class='ocrx_word' id='word_1_699' title='bbox 2956 4644 3279 4737; x_wconf 79' lang='grc' dir='ltr'>ἐλπίζοντας</span> <span class='ocrx_word' id='word_1_700' title='bbox 3347 4645 3437 4701; x_wconf 87' lang='grc' dir='ltr'>ἐπὶ</span> <span class='ocrx_word' id='word_1_701' title='bbox 3498 4644 3719 4737; x_wconf 59' lang='grc' dir='ltr'>ῐςύριον.</span> 
     </span>
    </p>
   </div>
   <div class='ocr_carea' id='block_1_78' title="bbox 302 4730 1310 4813">
    <p class='ocr_par' dir='ltr' id='par_1_78' title="bbox 302 4730 1310 4813">
     <span class='ocr_line' id='line_1_78' title="bbox 302 4730 1310 4813; baseline 0.002 -24"><span class='ocrx_word' id='word_1_702' title='bbox 302 4740 421 4798; x_wconf 89' lang='grc' dir='ltr'>πῶς</span> <span class='ocrx_word' id='word_1_703' title='bbox 449 4735 651 4813; x_wconf 86' lang='grc' dir='ltr'>κυρίως</span> <span class='ocrx_word' id='word_1_704' title='bbox 682 4735 914 4813; x_wconf 88' lang='grc' dir='ltr'>λέγοιντ’</span> <span class='ocrx_word' id='word_1_705' title='bbox 942 4736 1001 4791; x_wconf 76' lang='grc' dir='ltr'>ἂν</span> <span class='ocrx_word' id='word_1_706' title='bbox 1034 4730 1270 4798; x_wconf 81' lang='grc' dir='ltr'>εὐσεϐεῖς</span> <span class='ocrx_word' id='word_1_707' title='bbox 1297 4756 1310 4803; x_wconf 91' lang='lat'><strong>;</strong></span> 
     </span>
    </p>
   </div>
   <div class='ocr_carea' id='block_1_79' title="bbox 375 4822 1955 4903">
    <p class='ocr_par' dir='ltr' id='par_1_79' title="bbox 375 4822 1955 4903">
     <span class='ocr_line' id='line_1_79' title="bbox 375 4822 1955 4903; baseline 0.001 -26"><span class='ocrx_word' id='word_1_708' title='bbox 375 4848 404 4878; x_wconf 87' lang='lat'>«</span> <span class='ocrx_word' id='word_1_709' title='bbox 434 4823 590 4883; x_wconf 86' lang='grc' dir='ltr'>Ἀλλ’</span> <span class='ocrx_word' id='word_1_710' title='bbox 636 4825 673 4895; x_wconf 75' lang='grc' dir='ltr'><strong>ἢ</strong></span> <span class='ocrx_word' id='word_1_711' title='bbox 722 4825 850 4881; x_wconf 84' lang='grc' dir='ltr'>ὡσεὶ</span> <span class='ocrx_word' id='word_1_712' title='bbox 899 4829 1066 4903; x_wconf 87' lang='grc' dir='ltr'>χνοῦς</span> <span class='ocrx_word' id='word_1_713' title='bbox 1115 4826 1173 4881; x_wconf 85' lang='grc' dir='ltr'>’ὸν</span> <span class='ocrx_word' id='word_1_714' title='bbox 1222 4824 1461 4900; x_wconf 82' lang='grc' dir='ltr'>ἐκρίπτει</span> <span class='ocrx_word' id='word_1_715' title='bbox 1510 4825 1539 4881; x_wconf 88' lang='lat'>6</span> <span class='ocrx_word' id='word_1_716' title='bbox 1570 4822 1788 4900; x_wconf 71' lang='grc' dir='ltr'>’ἄνεμος</span> <span class='ocrx_word' id='word_1_717' title='bbox 1848 4823 1955 4879; x_wconf 88' lang='grc' dir='ltr'>ἀπὸ</span> 
     </span>
    </p>
   </div>
   <div class='ocr_carea' id='block_1_80' title="bbox 301 4911 1952 4992">
    <p class='ocr_par' dir='ltr' id='par_1_80' title="bbox 301 4911 1952 4992">
     <span class='ocr_line' id='line_1_80' title="bbox 301 4911 1952 4992; baseline -0.001 -22"><span class='ocrx_word' id='word_1_718' title='bbox 301 4915 601 4991; x_wconf 84' lang='grc' dir='ltr'>προσώπου</span> <span class='ocrx_word' id='word_1_719' title='bbox 657 4921 757 4986; x_wconf 87' lang='grc' dir='ltr'>τῆς</span> <span class='ocrx_word' id='word_1_720' title='bbox 813 4922 940 4992; x_wconf 87' lang='grc' dir='ltr'>γῆς.</span> <span class='ocrx_word' id='word_1_721' title='bbox 1000 4939 1030 4969; x_wconf 86' lang='grc'>››</span> <span class='ocrx_word' id='word_1_722' title='bbox 1087 4947 1158 4958; x_wconf 91' lang='lat'>-—-</span> <span class='ocrx_word' id='word_1_723' title='bbox 1215 4912 1374 4971; x_wconf 84' lang='lat' dir='ltr'>’A11’</span> <span class='ocrx_word' id='word_1_724' title='bbox 1431 4911 1641 4971; x_wconf 79' lang='grc' dir='ltr'>ἔσονται</span> <span class='ocrx_word' id='word_1_725' title='bbox 1712 4914 1952 4990; x_wconf 85' lang='grc' dir='ltr'>καθάπερ</span> 
     </span>
    </p>
   </div>
   <div class='ocr_carea' id='block_1_81' title="bbox 300 5002 1953 5083">
    <p class='ocr_par' dir='ltr' id='par_1_81' title="bbox 300 5002 1953 5083">
     <span class='ocr_line' id='line_1_81' title="bbox 300 5002 1953 5083; baseline -0.001 -23"><span class='ocrx_word' id='word_1_726' title='bbox 300 5006 580 5083; x_wconf 89' lang='grc' dir='ltr'>κονιορτὸς</span> <span class='ocrx_word' id='word_1_727' title='bbox 627 5004 685 5061; x_wconf 81' lang='grc' dir='ltr'>’ὸν</span> <span class='ocrx_word' id='word_1_728' title='bbox 731 5003 969 5083; x_wconf 87' lang='grc' dir='ltr'>ἐκρίπτει</span> <span class='ocrx_word' id='word_1_729' title='bbox 1020 5005 1049 5060; x_wconf 91' lang='lat'>6</span> <span class='ocrx_word' id='word_1_730' title='bbox 1093 5002 1291 5079; x_wconf 78' lang='grc' dir='ltr'>ἄνεμος</span> <span class='ocrx_word' id='word_1_731' title='bbox 1342 5004 1449 5060; x_wconf 88' lang='grc' dir='ltr'>ἀπὸ</span> <span class='ocrx_word' id='word_1_732' title='bbox 1493 5007 1591 5075; x_wconf 83' lang='grc' dir='ltr'>τῆς</span> <span class='ocrx_word' id='word_1_733' title='bbox 1642 5003 1953 5082; x_wconf 86' lang='grc' dir='ltr'>ἐπιφανείας</span> 
     </span>
    </p>
   </div>
   <div class='ocr_carea' id='block_1_82' title="bbox 296 5091 1952 5173">
    <p class='ocr_par' dir='ltr' id='par_1_82' title="bbox 296 5091 1952 5173">
     <span class='ocr_line' id='line_1_82' title="bbox 296 5091 1952 5173; baseline -0.001 -23"><span class='ocrx_word' id='word_1_734' title='bbox 296 5101 398 5164; x_wconf 87' lang='grc' dir='ltr'>τῆς</span> <span class='ocrx_word' id='word_1_735' title='bbox 446 5100 549 5170; x_wconf 85' lang='grc' dir='ltr'>γῆς</span> <span class='ocrx_word' id='word_1_736' title='bbox 607 5092 696 5149; x_wconf 84' lang='grc' dir='ltr'>καὶ</span> <span class='ocrx_word' id='word_1_737' title='bbox 746 5091 1199 5152; x_wconf 84' lang='grc' dir='ltr'>διασκεδάννυσιν.</span> <span class='ocrx_word' id='word_1_738' title='bbox 1258 5093 1442 5157; x_wconf 75' lang='grc' dir='ltr'>Οὕτως</span> <span class='ocrx_word' id='word_1_739' title='bbox 1481 5093 1952 5173; x_wconf 83' lang='grc' dir='ltr'>ἀποτεφρωθέντες</span> 
     </span>
    </p>
   </div>
   <div class='ocr_carea' id='block_1_83' title="bbox 297 5179 1950 5262">
    <p class='ocr_par' dir='ltr' id='par_1_83' title="bbox 297 5179 1950 5262">
     <span class='ocr_line' id='line_1_83' title="bbox 297 5179 1950 5262; baseline 0 -24"><span class='ocrx_word' id='word_1_740' title='bbox 297 5181 770 5262; x_wconf 73' lang='grc' dir='ltr'>ἀφανισθήσονταιο</span> <span class='ocrx_word' id='word_1_741' title='bbox 823 5184 913 5240; x_wconf 82' lang='grc' dir='ltr'>καὶ</span> <span class='ocrx_word' id='word_1_742' title='bbox 960 5181 1248 5239; x_wconf 89' lang='grc' dir='ltr'>ἀπολεῖται</span> <span class='ocrx_word' id='word_1_743' title='bbox 1304 5183 1477 5240; x_wconf 81' lang='grc' dir='ltr'>αὐτῶν</span> <span class='ocrx_word' id='word_1_744' title='bbox 1527 5183 1618 5239; x_wconf 84' lang='grc' dir='ltr'>καὶ</span> <span class='ocrx_word' id='word_1_745' title='bbox 1670 5183 1734 5238; x_wconf 89' lang='grc' dir='ltr'>τὸ</span> <span class='ocrx_word' id='word_1_746' title='bbox 1790 5179 1950 5259; x_wconf 82' lang='grc' dir='ltr'>ἔργον</span> 
     </span>
    </p>
   </div>
   <div class='ocr_carea' id='block_1_84' title="bbox 301 5269 1952 5352">
    <p class='ocr_par' dir='ltr' id='par_1_84' title="bbox 301 5269 1952 5352">
     <span class='ocr_line' id='line_1_84' title="bbox 301 5269 1952 5352; baseline -0.001 -24"><span class='ocrx_word' id='word_1_747' title='bbox 301 5271 354 5328; x_wconf 82' lang='grc' dir='ltr'>ἐν</span> <span class='ocrx_word' id='word_1_748' title='bbox 410 5277 480 5349; x_wconf 85' lang='grc' dir='ltr'>τῇ</span> <span class='ocrx_word' id='word_1_749' title='bbox 537 5272 741 5352; x_wconf 80' lang='grc' dir='ltr'>γεέννῃ,</span> <span class='ocrx_word' id='word_1_750' title='bbox 773 5273 966 5329; x_wconf 76' lang='grc' dir='ltr'>καὶτὸ</span> <span class='ocrx_word' id='word_1_751' title='bbox 1022 5272 1390 5347; x_wconf 83' lang='grc' dir='ltr'>μνημόσυνον’</span> <span class='ocrx_word' id='word_1_752' title='bbox 1446 5271 1601 5328; x_wconf 79' lang='grc' dir='ltr'>αὐτοὶ</span> <span class='ocrx_word' id='word_1_753' title='bbox 1659 5269 1718 5327; x_wconf 76' lang='grc' dir='ltr'>δὲ</span> <span class='ocrx_word' id='word_1_754' title='bbox 1773 5274 1952 5343; x_wconf 89' lang='grc' dir='ltr'>σωθή-</span> 
     </span>
    </p>
   </div>
   <div class='ocr_carea' id='block_1_85' title="bbox 299 5361 1953 5441">
    <p class='ocr_par' dir='ltr' id='par_1_85' title="bbox 299 5361 1953 5441">
     <span class='ocr_line' id='line_1_85' title="bbox 299 5361 1953 5441; baseline 0 -24"><span class='ocrx_word' id='word_1_755' title='bbox 299 5383 485 5419; x_wconf 90' lang='grc' dir='ltr'>σονται</span> <span class='ocrx_word' id='word_1_756' title='bbox 532 5363 624 5419; x_wconf 83' lang='grc' dir='ltr'>καὶ</span> <span class='ocrx_word' id='word_1_757' title='bbox 675 5365 1164 5441; x_wconf 82' lang='grc' dir='ltr'>σωτηρηθήσονται</span> <span class='ocrx_word' id='word_1_758' title='bbox 1195 5363 1295 5435; x_wconf 85' lang='grc'>(1),</span> <span class='ocrx_word' id='word_1_759' title='bbox 1326 5362 1509 5426; x_wconf 83' lang='grc' dir='ltr'>καθώς</span> <span class='ocrx_word' id='word_1_760' title='bbox 1556 5383 1719 5441; x_wconf 85' lang='grc' dir='ltr'>φησιν</span> <span class='ocrx_word' id='word_1_761' title='bbox 1751 5361 1780 5416; x_wconf 91' lang='lat'>6</span> <span class='ocrx_word' id='word_1_762' title='bbox 1809 5363 1953 5424; x_wconf 83' lang='grc' dir='ltr'>θεῖος</span> 
     </span>
    </p>
   </div>
   <div class='ocr_carea' id='block_1_86' title="bbox 300 5449 1819 5528">
    <p class='ocr_par' dir='ltr' id='par_1_86' title="bbox 300 5449 1819 5528">
     <span class='ocr_line' id='line_1_86' title="bbox 300 5449 1819 5528; baseline 0.001 -22"><span class='ocrx_word' id='word_1_763' title='bbox 300 5451 639 5516; x_wconf 84' lang='grc' dir='ltr'>Ἀπόστολος</span> <span class='ocrx_word' id='word_1_764' title='bbox 673 5453 748 5517; x_wconf 88' lang='grc' dir='ltr'>εἷς</span> <span class='ocrx_word' id='word_1_765' title='bbox 779 5453 840 5508; x_wconf 92' lang='grc' dir='ltr'>τὸ</span> <span class='ocrx_word' id='word_1_766' title='bbox 871 5449 961 5507; x_wconf 75' lang='grc' dir='ltr'>διὰ</span> <span class='ocrx_word' id='word_1_767' title='bbox 988 5452 1158 5528; x_wconf 89' lang='grc' dir='ltr'>πυρὸς</span> <span class='ocrx_word' id='word_1_768' title='bbox 1208 5450 1446 5514; x_wconf 85' lang='grc' dir='ltr'>αἰωνίως</span> <span class='ocrx_word' id='word_1_769' title='bbox 1475 5449 1819 5521; x_wconf 85' lang='grc' dir='ltr'>κολάζεσθαι.</span> 
     </span>
    </p>
   </div>
   <div class='ocr_carea' id='block_1_87' title="bbox 379 5535 1950 5616">
    <p class='ocr_par' dir='ltr' id='par_1_87' title="bbox 379 5535 1950 5616">
     <span class='ocr_line' id='line_1_87' title="bbox 379 5535 1950 5616; baseline 0.001 -23"><span class='ocrx_word' id='word_1_770' title='bbox 379 5565 400 5593; x_wconf 73' lang='grc' dir='ltr'>ι</span> <span class='ocrx_word' id='word_1_771' title='bbox 437 5543 536 5598; x_wconf 87' lang='grc' dir='ltr'>Διά</span> <span class='ocrx_word' id='word_1_772' title='bbox 592 5547 754 5599; x_wconf 89' lang='grc' dir='ltr'>τοῦτο</span> <span class='ocrx_word' id='word_1_773' title='bbox 813 5540 913 5597; x_wconf 82' lang='grc' dir='ltr'>οὐκ</span> <span class='ocrx_word' id='word_1_774' title='bbox 969 5541 1353 5611; x_wconf 87' lang='grc' dir='ltr'>ἀναστήσονται</span> <span class='ocrx_word' id='word_1_775' title='bbox 1404 5535 1617 5603; x_wconf 87' lang='grc' dir='ltr'>ἀσεϐεῖς</span> <span class='ocrx_word' id='word_1_776' title='bbox 1649 5539 1701 5596; x_wconf 85' lang='grc' dir='ltr'>ἐν</span> <span class='ocrx_word' id='word_1_777' title='bbox 1755 5539 1950 5616; x_wconf 89' lang='grc' dir='ltr'>κρίσει,</span> 
     </span>
    </p>
   </div>
   <div class='ocr_carea' id='block_1_88' title="bbox 302 5626 1951 5709">
    <p class='ocr_par' dir='ltr' id='par_1_88' title="bbox 302 5626 1951 5709">
     <span class='ocr_line' id='line_1_88' title="bbox 302 5626 1951 5709; baseline -0.001 -24"><span class='ocrx_word' id='word_1_778' title='bbox 302 5628 430 5686; x_wconf 73' lang='grc' dir='ltr'>οὐδὲ</span> <span class='ocrx_word' id='word_1_779' title='bbox 457 5629 781 5709; x_wconf 78' lang='grc' dir='ltr'>ἁμαρτωλοὶ</span> <span class='ocrx_word' id='word_1_780' title='bbox 812 5629 863 5687; x_wconf 92' lang='grc' dir='ltr'>ἐν</span> <span class='ocrx_word' id='word_1_781' title='bbox 901 5629 1082 5707; x_wconf 81' lang='grc' dir='ltr'>βουλῇ</span> <span class='ocrx_word' id='word_1_782' title='bbox 1115 5626 1360 5687; x_wconf 87' lang='grc' dir='ltr'>δικαίων.</span> <span class='ocrx_word' id='word_1_783' title='bbox 1396 5651 1425 5682; x_wconf 80' lang='grc'><strong>&gt;&gt;</strong></span> <span class='ocrx_word' id='word_1_784' title='bbox 1458 5662 1526 5673; x_wconf 91' lang='grc'><strong><em>-</em></strong></span> <span class='ocrx_word' id='word_1_785' title='bbox 1570 5631 1780 5692; x_wconf 87' lang='grc' dir='ltr'>Πάντας</span> <span class='ocrx_word' id='word_1_786' title='bbox 1824 5628 1951 5692; x_wconf 78' lang='grc' dir='ltr'>τοὺς</span> 
     </span>
    </p>
   </div>
   <div class='ocr_carea' id='block_1_89' title="bbox 374 5752 1949 5832">
    <p class='ocr_par' dir='ltr' id='par_1_89' title="bbox 374 5752 1949 5832">
     <span class='ocr_line' id='line_1_89' title="bbox 374 5752 1949 5832; baseline -0.001 -18"><span class='ocrx_word' id='word_1_787' title='bbox 374 5756 454 5832; x_wconf 88' lang='grc'>(1)</span> <span class='ocrx_word' id='word_1_788' title='bbox 480 5759 637 5816; x_wconf 76' lang='lat' dir='ltr'>Fort.</span> <span class='ocrx_word' id='word_1_789' title='bbox 651 5760 785 5814; x_wconf 85' lang='grc' dir='ltr'>σῶοι</span> <span class='ocrx_word' id='word_1_790' title='bbox 808 5752 1040 5830; x_wconf 81' lang='grc' dir='ltr'>ἔσονται,</span> <span class='ocrx_word' id='word_1_791' title='bbox 1053 5757 1279 5827; x_wconf 74' lang='lat' dir='ltr'>servati,</span> <span class='ocrx_word' id='word_1_792' title='bbox 1293 5760 1566 5815; x_wconf 79' lang='lat' dir='ltr'>reservati</span> <span class='ocrx_word' id='word_1_793' title='bbox 1586 5759 1707 5830; x_wconf 77' lang='lat' dir='ltr'><strong><em>igni</em></strong></span> <span class='ocrx_word' id='word_1_794' title='bbox 1723 5765 1949 5816; x_wconf 56' lang='lat' dir='ltr'>(eterna.</span> 
     </span>
    </p>
   </div>
   <div class='ocr_carea' id='block_1_90' title="bbox 2065 4733 3716 4813">
    <p class='ocr_par' dir='ltr' id='par_1_90' title="bbox 2065 4733 3716 4813">
     <span class='ocr_line' id='line_1_90' title="bbox 2065 4733 3716 4813; baseline 0 -23"><span class='ocrx_word' id='word_1_795' title='bbox 2065 4736 2169 4798; x_wconf 83' lang='grc' dir='ltr'>Ὥς¹</span> <span class='ocrx_word' id='word_1_796' title='bbox 2198 4735 2459 4813; x_wconf 89' lang='grc' dir='ltr'>γεγονότα</span> <span class='ocrx_word' id='word_1_797' title='bbox 2489 4733 2547 4791; x_wconf 74' lang='grc' dir='ltr'>δὲ</span> <span class='ocrx_word' id='word_1_798' title='bbox 2590 4734 2861 4813; x_wconf 88' lang='grc' dir='ltr'>διηγεῖται</span> <span class='ocrx_word' id='word_1_799' title='bbox 2911 4736 2980 4790; x_wconf 83' lang='grc' dir='ltr'>τὰ</span> <span class='ocrx_word' id='word_1_800' title='bbox 3023 4734 3381 4812; x_wconf 66' lang='grc' dir='ltr'>γενησόμενω</span> <span class='ocrx_word' id='word_1_801' title='bbox 3431 4734 3565 4790; x_wconf 74' lang='grc' dir='ltr'>ποτὲ</span> <span class='ocrx_word' id='word_1_802' title='bbox 3621 4735 3716 4809; x_wconf 80' lang='grc' dir='ltr'>μὲν</span> 
     </span>
    </p>
   </div>
   <div class='ocr_carea' id='block_1_91' title="bbox 2065 4823 3719 4903">
    <p class='ocr_par' dir='ltr' id='par_1_91' title="bbox 2065 4823 3719 4903">
     <span class='ocr_line' id='line_1_91' title="bbox 2065 4823 3719 4903; baseline 0 -23"><span class='ocrx_word' id='word_1_803' title='bbox 2065 4826 2171 4902; x_wconf 83' lang='grc' dir='ltr'>γὰρ</span> <span class='ocrx_word' id='word_1_804' title='bbox 2239 4824 2316 4888; x_wconf 81' lang='grc' dir='ltr'>ὡς</span> <span class='ocrx_word' id='word_1_805' title='bbox 2381 4823 2607 4899; x_wconf 83' lang='grc' dir='ltr'>ἐσόμενα</span> <span class='ocrx_word' id='word_1_806' title='bbox 2660 4824 3142 4903; x_wconf 87' lang='grc' dir='ltr'>προαναφωνοῦσιν</span> <span class='ocrx_word' id='word_1_807' title='bbox 3203 4824 3255 4879; x_wconf 75' lang='grc' dir='ltr'>οἱ</span> <span class='ocrx_word' id='word_1_808' title='bbox 3319 4829 3598 4903; x_wconf 88' lang='grc' dir='ltr'>προφῆται</span> <span class='ocrx_word' id='word_1_809' title='bbox 3650 4824 3719 4880; x_wconf 80' lang='grc' dir='ltr'>τὰ</span> 
     </span>
    </p>
   </div>
   <div class='ocr_carea' id='block_1_92' title="bbox 2068 4911 3720 4992">
    <p class='ocr_par' dir='ltr' id='par_1_92' title="bbox 2068 4911 3720 4992">
     <span class='ocr_line' id='line_1_92' title="bbox 2068 4911 3720 4992; baseline -0.001 -22"><span class='ocrx_word' id='word_1_810' title='bbox 2068 4911 2345 4989; x_wconf 88' lang='grc' dir='ltr'>μέλλοντα</span> <span class='ocrx_word' id='word_1_811' title='bbox 2390 4919 2488 4970; x_wconf 89' lang='grc' dir='ltr'>τοῦ</span> <span class='ocrx_word' id='word_1_812' title='bbox 2552 4913 2712 4990; x_wconf 83' lang='grc' dir='ltr'>ἁγίου</span> <span class='ocrx_word' id='word_1_813' title='bbox 2771 4915 3088 4988; x_wconf 89' lang='grc' dir='ltr'>Πνεύματος</span> <span class='ocrx_word' id='word_1_814' title='bbox 3136 4913 3546 4992; x_wconf 80' lang='grc' dir='ltr'>ὑφηγουμένου,</span> <span class='ocrx_word' id='word_1_815' title='bbox 3583 4914 3720 4969; x_wconf 74' lang='grc' dir='ltr'>ποτὲ</span> 
     </span>
    </p>
   </div>
   <div class='ocr_carea' id='block_1_93' title="bbox 2065 4998 3719 5079">
    <p class='ocr_par' dir='ltr' id='par_1_93' title="bbox 2065 4998 3719 5079">
     <span class='ocr_line' id='line_1_93' title="bbox 2065 4998 3719 5079; baseline 0 -20"><span class='ocrx_word' id='word_1_816' title='bbox 2065 5000 2124 5059; x_wconf 73' lang='grc' dir='ltr'>δὲ</span> <span class='ocrx_word' id='word_1_817' title='bbox 2168 5008 2379 5079; x_wconf 88' lang='grc' dir='ltr'>νοεροῖς</span> <span class='ocrx_word' id='word_1_818' title='bbox 2437 4998 2680 5077; x_wconf 71' lang='grc' dir='ltr'>ὸμμασιν</span> <span class='ocrx_word' id='word_1_819' title='bbox 2740 5003 2815 5066; x_wconf 88' lang='grc' dir='ltr'>ὡς</span> <span class='ocrx_word' id='word_1_820' title='bbox 2853 5000 3211 5076; x_wconf 86' lang='grc' dir='ltr'>τετελεσμένα</span> <span class='ocrx_word' id='word_1_821' title='bbox 3264 5000 3719 5066; x_wconf 86' lang='grc' dir='ltr'>κατοπτεύσαντες</span> 
     </span>
    </p>
   </div>
   <div class='ocr_carea' id='block_1_94' title="bbox 2061 5088 3718 5170">
    <p class='ocr_par' dir='ltr' id='par_1_94' title="bbox 2061 5088 3718 5170">
     <span class='ocr_line' id='line_1_94' title="bbox 2061 5088 3718 5170; baseline 0.001 -23"><span class='ocrx_word' id='word_1_822' title='bbox 2061 5095 2230 5148; x_wconf 89' lang='grc' dir='ltr'>ταῦτα</span> <span class='ocrx_word' id='word_1_823' title='bbox 2274 5096 2371 5147; x_wconf 89' lang='grc' dir='ltr'>τοῦ</span> <span class='ocrx_word' id='word_1_824' title='bbox 2427 5091 2593 5148; x_wconf 82' lang='grc' dir='ltr'>αὐτοῦ</span> <span class='ocrx_word' id='word_1_825' title='bbox 2638 5091 2785 5148; x_wconf 85' lang='grc' dir='ltr'>θείου</span> <span class='ocrx_word' id='word_1_826' title='bbox 2854 5091 3165 5166; x_wconf 89' lang='grc' dir='ltr'>Πνεύματος</span> <span class='ocrx_word' id='word_1_827' title='bbox 3207 5088 3718 5170; x_wconf 73' lang='grc' dir='ltr'>διαζωγραφήσαν-</span> 
     </span>
    </p>
   </div>
   <div class='ocr_carea' id='block_1_95' title="bbox 2060 5180 3159 5259">
    <p class='ocr_par' dir='ltr' id='par_1_95' title="bbox 2060 5180 3159 5259">
     <span class='ocr_line' id='line_1_95' title="bbox 2060 5180 3159 5259; baseline 0.002 -22"><span class='ocrx_word' id='word_1_828' title='bbox 2060 5202 2179 5249; x_wconf 92' lang='grc' dir='ltr'>τος,</span> <span class='ocrx_word' id='word_1_829' title='bbox 2210 5180 2354 5237; x_wconf 64' lang='grc' dir='ltr'>οὕτω</span> <span class='ocrx_word' id='word_1_830' title='bbox 2386 5181 2603 5259; x_wconf 85' lang='grc' dir='ltr'>λέγουσι</span> <span class='ocrx_word' id='word_1_831' title='bbox 2634 5183 2811 5244; x_wconf 88' lang='grc' dir='ltr'>καθὼς</span> <span class='ocrx_word' id='word_1_832' title='bbox 2842 5180 3159 5259; x_wconf 67' lang='grc' dir='ltr'>ἑωράκασιν.</span> 
     </span>
    </p>
   </div>
   <div class='ocr_carea' id='block_1_96' title="bbox 2137 5268 3716 5350">
    <p class='ocr_par' dir='ltr' id='par_1_96' title="bbox 2137 5268 3716 5350">
     <span class='ocr_line' id='line_1_96' title="bbox 2137 5268 3716 5350; baseline 0.001 -26"><span class='ocrx_word' id='word_1_833' title='bbox 2137 5294 2166 5324; x_wconf 87' lang='grc'>‹‹</span> <span class='ocrx_word' id='word_1_834' title='bbox 2197 5273 2314 5329; x_wconf 83' lang='grc' dir='ltr'>Ἵνα</span> <span class='ocrx_word' id='word_1_835' title='bbox 2366 5270 2420 5327; x_wconf 89' lang='grc' dir='ltr'>τί</span> <span class='ocrx_word' id='word_1_836' title='bbox 2471 5270 2731 5350; x_wconf 82' lang='grc' dir='ltr'>ἐφρύαξαν</span> <span class='ocrx_word' id='word_1_837' title='bbox 2790 5269 2913 5342; x_wconf 80' lang='grc' dir='ltr'>ἔθνη</span> <span class='ocrx_word' id='word_1_838' title='bbox 2970 5269 3062 5326; x_wconf 82' lang='grc' dir='ltr'>καὶ</span> <span class='ocrx_word' id='word_1_839' title='bbox 3113 5268 3278 5339; x_wconf 87' lang='grc' dir='ltr'>λαοί;</span> <span class='ocrx_word' id='word_1_840' title='bbox 3326 5292 3356 5322; x_wconf 84' lang='lat'><strong>»</strong></span> <span class='ocrx_word' id='word_1_841' title='bbox 3412 5303 3484 5313; x_wconf 94' lang='lat'><strong>—</strong></span> <span class='ocrx_word' id='word_1_842' title='bbox 3538 5269 3716 5347; x_wconf 87' lang='grc' dir='ltr'>Βαρύ-</span> 
     </span>
    </p>
   </div>
   <div class='ocr_carea' id='block_1_97' title="bbox 2061 5357 3719 5437">
    <p class='ocr_par' dir='ltr' id='par_1_97' title="bbox 2061 5357 3719 5437">
     <span class='ocr_line' id='line_1_97' title="bbox 2061 5357 3719 5437; baseline -0.001 -22"><span class='ocrx_word' id='word_1_843' title='bbox 2061 5377 2227 5432; x_wconf 87' lang='grc' dir='ltr'>τητος</span> <span class='ocrx_word' id='word_1_844' title='bbox 2259 5362 2288 5416; x_wconf 92' lang='lat'>6</span> <span class='ocrx_word' id='word_1_845' title='bbox 2318 5358 2482 5437; x_wconf 84' lang='grc' dir='ltr'>λόγος</span> <span class='ocrx_word' id='word_1_846' title='bbox 2518 5361 2713 5434; x_wconf 87' lang='grc' dir='ltr'>μεστὸς</span> <span class='ocrx_word' id='word_1_847' title='bbox 2742 5357 3134 5437; x_wconf 88' lang='grc' dir='ltr'>σχετλιασμοῦ.</span> <span class='ocrx_word' id='word_1_848' title='bbox 3170 5360 3267 5415; x_wconf 83' lang='grc' dir='ltr'>Διὰ</span> <span class='ocrx_word' id='word_1_849' title='bbox 3291 5358 3347 5415; x_wconf 92' lang='grc' dir='ltr'>τί</span> <span class='ocrx_word' id='word_1_850' title='bbox 3399 5359 3504 5435; x_wconf 80' lang='grc' dir='ltr'>γὰρ</span> <span class='ocrx_word' id='word_1_851' title='bbox 3544 5357 3719 5421; x_wconf 76' lang='grc' dir='ltr'>οὕτως</span> 
     </span>
    </p>
   </div>
   <div class='ocr_carea' id='block_1_98' title="bbox 2063 5444 3720 5528">
    <p class='ocr_par' dir='ltr' id='par_1_98' title="bbox 2063 5444 3720 5528">
     <span class='ocr_line' id='line_1_98' title="bbox 2063 5444 3720 5528; baseline -0.003 -21"><span class='ocrx_word' id='word_1_852' title='bbox 2063 5449 2278 5527; x_wconf 84' lang='grc' dir='ltr'>ἀλόγως</span> <span class='ocrx_word' id='word_1_853' title='bbox 2335 5444 2690 5526; x_wconf 78' lang='grc' dir='ltr'>ἐθορύϐησαν,</span> <span class='ocrx_word' id='word_1_854' title='bbox 2750 5449 2936 5528; x_wconf 78' lang='grc' dir='ltr'>φησὶν,</span> <span class='ocrx_word' id='word_1_855' title='bbox 2987 5446 3223 5504; x_wconf 83' lang='grc' dir='ltr'>Ιουδαῖοι</span> <span class='ocrx_word' id='word_1_856' title='bbox 3276 5448 3371 5503; x_wconf 71' lang='grc' dir='ltr'>σὺν</span> <span class='ocrx_word' id='word_1_857' title='bbox 3426 5446 3720 5520; x_wconf 83' lang='grc' dir='ltr'>ἀλαζονείᾳ</span> 
     </span>
    </p>
   </div>
   <div class='ocr_carea' id='block_1_99' title="bbox 2061 5537 3713 5618">
    <p class='ocr_par' dir='ltr' id='par_1_99' title="bbox 2061 5537 3713 5618">
     <span class='ocr_line' id='line_1_99' title="bbox 2061 5537 3713 5618; baseline -0.002 -23"><span class='ocrx_word' id='word_1_858' title='bbox 2061 5540 2151 5595; x_wconf 83' lang='grc' dir='ltr'>καὶ</span> <span class='ocrx_word' id='word_1_859' title='bbox 2183 5542 2368 5617; x_wconf 86' lang='grc' dir='ltr'>θράσει</span> <span class='ocrx_word' id='word_1_860' title='bbox 2396 5538 2597 5616; x_wconf 85' lang='grc' dir='ltr'>Κυρίου</span> <span class='ocrx_word' id='word_1_861' title='bbox 2646 5544 2920 5616; x_wconf 86' lang='grc' dir='ltr'>Χριστοῦ;</span> <span class='ocrx_word' id='word_1_862' title='bbox 2953 5542 3114 5594; x_wconf 89' lang='grc' dir='ltr'>τοῦτο</span> <span class='ocrx_word' id='word_1_863' title='bbox 3162 5540 3263 5615; x_wconf 79' lang='grc' dir='ltr'>γὰρ</span> <span class='ocrx_word' id='word_1_864' title='bbox 3320 5539 3383 5595; x_wconf 89' lang='grc' dir='ltr'>τὸ</span> <span class='ocrx_word' id='word_1_865' title='bbox 3434 5537 3713 5618; x_wconf 82' lang='grc' dir='ltr'>ἐφρύαξαν.</span> 
     </span>
    </p>
   </div>
   <div class='ocr_carea' id='block_1_100' title="bbox 2062 5626 3716 5706">
    <p class='ocr_par' dir='ltr' id='par_1_100' title="bbox 2062 5626 3716 5706">
     <span class='ocr_line' id='line_1_100' title="bbox 2062 5626 3716 5706; baseline -0.001 -23"><span class='ocrx_word' id='word_1_866' title='bbox 2062 5628 2156 5683; x_wconf 90' lang='grc' dir='ltr'>Διό</span> <span class='ocrx_word' id='word_1_867' title='bbox 2204 5650 2256 5684; x_wconf 90' lang='grc' dir='ltr'>τι</span> <span class='ocrx_word' id='word_1_868' title='bbox 2315 5626 2586 5703; x_wconf 85' lang='grc' dir='ltr'>ὠμμάτου</span> <span class='ocrx_word' id='word_1_869' title='bbox 2632 5626 2897 5706; x_wconf 78' lang='grc' dir='ltr'>τυφλοὺς,</span> <span class='ocrx_word' id='word_1_870' title='bbox 2927 5627 3171 5702; x_wconf 84' lang='grc' dir='ltr'>ἀνώρθου</span> <span class='ocrx_word' id='word_1_871' title='bbox 3224 5626 3489 5705; x_wconf 81' lang='grc' dir='ltr'>χωλούς;</span> <span class='ocrx_word' id='word_1_872' title='bbox 3519 5627 3716 5702; x_wconf 75' lang='grc' dir='ltr'>ἠρτίου</span> 
     </span>
    </p>
   </div>
  </div>
