4072 6432
275 378 428 440 1331
1542 373 1964 436 NlCEPHORI
2008 372 2450 438 BLEMMIDE
3551 388 3731 449 i332

273 504 517 571 κυλλούς
619 505 868 584 ἐκάθαιρε
978 504 1240 584 λεπροὺς,
1328 505 1647 584 συνέσφιγγε
1739 524 1930 582 παρει-
1961 503 2445 592 Απροστάγματι.
2479 510 2584 568 Καὶ
2632 513 2751 574 πῶς
2802 510 2865 567 06
2917 513 3190 590 θεομάχοι
3221 512 3524 592 προδήλως
3554 517 3721 589 ἑστὲ;

279 596 516 673 μένους;
546 594 788 659 ἀλάλους
844 594 936 652 καὶ
998 594 1217 674 κωφοὺς
1265 594 1568 673 ἐθεράπευε,
1600 600 1704 651 πᾶν
1758 595 1930 658 πάθος
2043 590 2207 657 πόθεν
2260 600 2364 664 τῆς
2440 594 2902 673 παραδοξοποιίας
2959 602 2994 670 ἡ
3047 590 3317 674 δύναμις;
3369 601 3474 658 0631
3533 602 3725 660 οἴδασι

277 683 468 749 ἁπλῶς
505 686 598 742 καὶ
625 690 797 742 πᾶσαν
828 684 984 741 νόσον
1016 683 1078 739 ἐκ
1120 688 1229 741 τῶν
1275 683 1423 758 αὑτῷ
1468 682 1933 761 προσερχομένων
2044 679 2238 748 ταύτην
2309 680 2370 738 ἐκ
2418 687 2518 740 τοῦ
2594 689 2729 741 Θεοῦ
2797 685 3105 760 σύμπαντες
3173 687 3487 766 ἄνθρωποι;
3538 694 3720 765 Κοινὴ

279 774 613 850 ἀπήλαυνεν,
671 775 710 845 ἢ
762 772 849 830 6'11
895 772 1084 829 ἀνίστα
1130 773 1390 851 νεκρούς;
1438 774 1473 843 ἢ
1526 773 1608 829 6'11
1672 770 1934 846 δαίμονας
2048 766 2227 825 ἔννοια
2275 776 2460 845 τοῦτο,
2520 774 2612 829 καὶ
2670 774 2699 829 ὁ
2757 774 3053 853 ἀντιλέγων
3110 774 3307 841 οὐδείς.
3366 781 3461 836 Διὸ
3524 780 3721 846 καλῶς

281 861 629 944 ἐφυγάδευε;
685 861 739 918 τί
795 862 860 918 τὸ
912 859 1083 918 αἴτιον
1145 865 1244 932 τῆς
1312 862 1389 924 εἷς
1459 862 1619 918 αὐτὸν
1667 860 1936 931 τοσαύτης

281 952 501 1027 τόλμης
526 974 587 1009 τε
615 950 705 1007 καὶ
738 950 1111 1028 θρασύτητος;
1145 951 1419 1028 Φρύαγμα
1478 950 1536 1006 δέ
1593 950 1735 1006 ἐστιν
1765 953 1793 1005 ὁ
1822 954 1938 1012 τοῖς

277 1040 481 1105 ’ίπποις
568 1040 922 1118 ἐγγινόμενος
1007 1040 1058 1112 ἐξ
1141 1040 1447 1117 ἀγερωχίας
1530 1040 1619 1095 καὶ
1688 1040 1939 1117 θράσους,

285 1131 681 1210 χρεμετισμός.
738 1128 909 1185 Καλεῖ
964 1127 1023 1185 δὲ
1075 1128 1203 1192 τοὺς
1239 1128 1538 1193 Ἰουδαίους
1570 1129 1598 1184 6
1628 1130 1940 1208 προφήτης,

287 1220 413 1292 ἔθνη
452 1241 514 1276 τε
557 1219 648 1275 καὶ
699 1217 890 1282 λαούς·
938 1216 1105 1281 λαοὺς
1151 1219 1267 1293 μὲν,
1299 1219 1373 1281 ὡς
1429 1218 1533 1275 ὑπὸ
1563 1217 1734 1293 νόμον
1762 1211 1944 1287 ὄντας,

294 1308 421 1381 ἔθνη
477 1307 537 1366 δὲ
591 1306 683 1365 διὰ
731 1309 827 1372 τὰς
885 1307 1234 1385 παρανόμους
1308 1308 1529 1384 πράξεις
1603 1306 1778 1364 αὐτῶν
1853 1305 1946 1363 καὶ

298 1398 537 1474 μάλιστα
586 1399 686 1467 τήν
742 1396 821 1460 εἰς
901 1396 1131 1473 Χριστὸν
1212 1396 1547 1477 μιαιφονίαν,
1589 1396 1654 1453 τὸ
1734 1396 1948 1452 πάντων

294 1488 673 1563 ἀνομημάτων
705 1485 1024 1565 κεφάλαιον.

372 1600 403 1631 ‹‹
433 1574 807 1651 Ἐμελέτησαν
863 1574 1006 1633 κενά.
1040 1599 1070 1629 ››
1101 1609 1173 1619 —
1225 1573 1439 1633 Ματαία
1494 1576 1600 1653 γὰρ
1656 1576 1701 1646 ἡ·
1744 1572 1947 1651 μελέτη

2048 855 2262 933 εἷ’ρηκεν
2292 860 2321 914 ὁ
2369 864 2683 941 προφήτης,
2717 861 2801 919 ὅτι
2842 886 2869 920 α
2915 868 3135 941 Πρῶτον
3184 866 3325 923 κατὰ
3361 872 3461 923 τοῦ
3509 869 3726 946 Κυρίου

2050 949 2383 1025 συνήχθητε,
2443 950 2501 1006 ὃν
2578 951 2669 1007 καὶ
2755 952 2909 1008 αὐτοὶ
2977 953 3172 1031 Κύριον
3248 954 3561 1030 ὀνομάζετε,
3626 957 3727 1014 καὶ

2048 1034 2174 1091 τότε
2216 1039 2353 1093 κατά
2388 1044 2486 1095 τοῦ
2536 1046 2772 1118 Χριστοῦ
2822 1042 3007 1103 αὐτοῦ,
3043 1068 3067 1099 ι
3123 1047 3302 1102 Τοῦτο
3350 1043 3418 1116 δή
3466 1048 3532 1103 τὸ
3581 1050 3729 1104 3101151

2049 1129 2147 1182 106
2195 1127 2402 1204 Κυρίου
2449 1129 2540 1184 καὶ
2587 1130 2725 1186 κατὰ
2786 1136 2884 1187 τοῦ
2953 1137 3188 1207 Χριστοῦ
3245 1132 3411 1190 016106
3474 1134 3731 1207 ληπτέον

2053 1211 2161 1270 ἀπὸ
2244 1220 2431 1273 κοινοῦ
2498 1218 2590 1274 καὶ
2657 1219 2976 1276 συντακτέω
3042 1220 3190 1295 αὐτῷ
3269 1223 3409 1278 κατά
3480 1246 3544 1301 γε
3618 1227 3725 1297 τὴν

2056 1301 2285 1374 ἔννοιαν,
2332 1306 2423 1362 καὶ
2482 1307 2544 1363 τὸ
2596 1306 2881 1386 ἐφρύαξαν,
2921 1310 3012 1364 καὶ
3081 1309 3143 1365 τὸ
3199 1310 3568 1387 παρέστησαν,
3630 1315 3728 1370 καὶ

2052 1392 2118 1448 τὸ
2174 1395 2542 1471 στνήχθησαν·
2594 1394 2669 1452 ’ἶν’
2723 1398 2763 1470 ᾗ
2833 1403 2950 1463 καθ’
3027 1393 3327 1476 ὑπερϐατὸν
3404 1400 3497 1457 καὶ
3565 1402 3721 1459 ἀσυν-

2059 1479 2227 1545 δέτως
2280 1483 2317 1553 ἦ
2395 1482 2638 1557 σύνταξις
2715 1490 2823 1542 τῶν
2900 1486 3285 1562 ἐκτεθειμένων
3363 1488 3570 1566 ῥητῶν,
3624 1493 3714 1548 καὶ

2056 1569 2287 1643 τοιαύτη
2328 1574 2464 1629 κατὰ
2504 1574 2569 1630 τὸ
2617 1576 2864 1651 συνεχές.
2914 1577 3033 1632 Ἵνα
3071 1576 3125 1632 τί
3173 1575 3299 1650 ἔθνη
3351 1579 3443 1634 καὶ
3493 1577 3619 1637 λαοὶ
3661 1582 3717 1637 οἱ

295 1665 389 1723 καὶ
417 1664 603 1740 σκέψις
639 1664 817 1721 αὐτῶν
856 1665 947 1720 καὶ
995 1662 1194 1740 βουλὴ.
1225 1665 1286 1720 τὸ
1314 1665 1405 1720 τὸν
1438 1664 1634 1742 Κύριον
1668 1662 1729 1720 ἐκ
1783 1664 1951 1738 μέσου
2064 1658 2311 1737 βασιλεῖς
2352 1664 2454 1732 τῆς
2501 1669 2609 1738 γῆς
2658 1663 2750 1719 καὶ
2805 1664 2859 1720 οἱ
2926 1661 3193 1743 ἄρχοντες
3253 1666 3543 1745 ἐφρύαξαν,
3590 1690 3725 1747 παρ-

296 1756 649 1827 ποιήσασθαι,
681 1754 774 1809 καὶ
818 1754 919 1823 τήν
969 1752 1045 1816 εἷς
1095 1752 1255 1809 αὐτὸν
1303 1751 1481 1809 πίστιν
1538 1750 1810 1830 περιελεῖν
1863 1749 1955 1808 διὰ
2062 1747 2310 1821 ἐστησαν,
2344 1753 2695 1828 συνήχθησαν
2749 1751 2839 1809 ἐπὶ
2882 1753 2947 1810 16
2993 1753 3148 1824 αὐτὰ,
3196 1756 3335 1812 κατά
3378 1762 3481 1814 τοῦ
3524 1759 3729 1838 Κυρίου

296 1849 396 1902 τοῦ
453 1842 610 1899 αὑτὸν
670 1841 903 1899 ἀνελεῖψ
966 1845 1031 1917 ζῇ
1096 1843 1198 1920 γάρ
1255 1841 1478 1905 ἀναστὰς
1549 1843 1642 1898 καὶ
1716 1839 1952 1919 κυριεύει
1988 1883 2034 1926 n
2060 1837 2151 1895 καὶ
2197 1839 2335 1896 κατά
2389 1845 2487 1896 τοῦ
2544 1845 2785 1918 Χριστοῦ
2859 1840 3046 1917 αὐτοῦ,
3097 1843 3213 1899 εἶτα
3266 1845 3330 1901 16
3387 1845 3735 1926 ἐπιφώνημα

298 1937 397 1990 τοῦ
453 1933 656 1995 παντὸς
709 1931 786 1995 ὡς
845 1932 994 2003 Θεὸς,
1025 1930 1117 1987 καὶ
1176 1933 1229 1987 οἱ
1284 1933 1628 1995 πιστεύοντες
1674 1930 1751 1995 εἷς
1798 1929 1958 1985 αὑτὸν
1985 1928 2034 1950 ⁵³
2065 1929 2184 1984 κατ’
2257 1928 2546 2008 ἀπόφασιν,
2603 1953 2633 1983 ι(
2698 1930 3031 2005 ἐμελέτησαν
3102 1932 3249 1989 κενά·
3311 1958 3342 1987 ››
3422 1939 3729 2012 τουτέστιν,

303 2020 872 2099 ὑπερεπληθύνθησαν,
905 2022 995 2076 καὶ
1025 2021 1101 2083 ὡς
1129 2021 1197 2077 10‘1
1226 2018 1394 2098 ἄστρα
1440 2025 1539 2077 τοῦ
1597 2019 1826 2097 ούρανοῦ
1867 2019 1959 2075 καὶ
2069 2012 2240 2081 ὅντως
2295 2018 2497 2092 μάταια
2543 2017 2899 2092 ἐμελέτησαν,
2932 2020 3010 2084 ὡς
3062 2020 3198 2077 αύτά
3258 2023 3430 2098 βοῶσι
3468 2026 3541 2097 τὰ
3584 2029 3731 2103 πρά-

306 2113 381 2175 ὡς
414 2113 451 2181 ἡ
482 2108 671 2185 ἄμμος
699 2111 735 2181 ἡ
764 2110 912 2186 παρά
940 2111 1011 2183 τῇ
1043 2106 1282 2185 θαλάσσῃ
1315 2109 1588 2187 γεγόνασι.

383 2242 414 2273 (ι
445 2217 792 2292 Παρέστησαν
823 2217 878 2273 οἱ
910 2213 1154 2293 βασιλεῖς
1182 2222 1283 2287 τῆς
1302 2222 1406 2294 γῆς
1424 2216 1516 2273 καὶ
1547 2217 1600 2273 οἱ
1630 2211 1958 2294 ἄρχοντες.»

315 2341 387 2355 —
435 2305 826 2384 Παρετάξαντο,
872 2306 1000 2383 παρ’
1056 2304 1186 2361 01616
1238 2306 1302 2361 16
1358 2302 1516 2381 ἔργον
1570 2304 1817 2378 ἔστησαν,
1865 2304 1968 2361 0631

316 2394 523 2457 ἔδωκαν
552 2390 799 2471 ἀναϐολῇ
827 2396 892 2452 16
921 2394 1250 2473 ἐγχείρημα.
1293 2393 1542 2459 Βασιλεῖς
1590 2394 1649 2452 δὲ
1701 2401 1804 2466 τῆς
1860 2401 1966 2470 γῆς

317 2486 447 2549 τοὺς
502 2484 781 2562 ἀρχιερεῖς
845 2503 1031 2564 φησιν’
1091 2485 1169 2547 ὡς
1226 2481 1385 2554 δῆθεν
1457 2486 1594 2541 κατὰ
1668 2478 1969 2541 θεοσέϐειαν

319 2574 601 2652 ἡγεμόνας
653 2572 864 2645 ἀπάσης
910 2573 1037 2631 τότε
1089 2576 1188 2645 τῆς
1247 2577 1368 2651 γῆς.
1405 2575 1489 2648 Ἐξ
1543 2573 1684 2645 ὅλης
1713 2575 1815 2650 γὰρ
1866 2578 1968 2643 τῆς

320 2663 650 2738 οἰκουμένης
707 2663 762 2718 οἱ
815 2664 1251 2740 προσερχόμενοι
1323 2666 1409 2736 τῷ,
1456 2667 1615 2732 ζῶντι
1671 2666 1789 2735 Θεῷ
1842 2662 1971 2738 παρ’

319 2752 501 2811 αὐτῶν
527 2751 623 2815 τὰς
654 2751 930 2824 ὑποθήκας
960 2747 1290 2826 ἐλάμϐανον,
1325 2750 1472 2814 ὅπως
1528 2753 1640 2829 χρὴ
1700 2749 1968 2807 πιστεύειν

320 2841 400 2906 εἰς
452 2841 546 2897 τὸν
599 2839 729 2897 Θεδν
794 2841 885 2919 καὶ
943 2841 1094 2904 ὅπως
1146 2842 1259 2918 χρὴ
1319 2839 1596 2919 λατρεύειν
1656 2840 1824 2914 αὐτῷ,
1880 2838 1973 2895 καὶ

320 2930 504 2993 αὐτοῖς
557 2929 914 2987 ὑπετάττοντο
979 2933 1117 2987 κατὰ
1174 2930 1342 3004 νόμον
1407 2930 1498 2986 καὶ
1556 2928 1810 2986 Ἰουδαῖοι
1881 2928 1971 2985 καὶ

319 3020 517 3083 πάντες
548 3018 600 3074 ἐν
658 3018 731 3096 γῇ
787 3018 931 3095 πάσῃ
974 3018 1341 3096 προσήλυτοι.
1372 3019 1532 3083 Βάσις
1580 3019 1760 3075 τοίνυν
1820 3014 1972 3082 ὄντες

324 3106 461 3165 λαοῦ
516 3109 665 3164 κατὰ
706 3107 931 3172 τούτους
988 3108 1117 3172 τοὺς
1173 3106 1375 3185 λόγους
1431 3109 1484 3165 οἱ
1543 3109 1820 3185 ἀρχιερεῖς
1876 3107 1977 3164 0631

323 3196 624 3260 ἀπεικότως
691 3196 997 3269 ἐκλήθησαν
1061 3196 1323 3274 βασιλεῖς·
1384 3195 1500 3254 ἐπεὶ
1577 3197 1668 3253 καὶ
1747 3196 1975 3273 μικροὺς

321 3286 607 3362 τοπάρχας
663 3287 716 3341 οἱ
776 3285 1127 3363 ἀρχαιότεροι
1199 3286 1439 3361 βασιλεῖς
1510 3285 1797 3360 ὀνομάζειν
1854 3287 1975 3342 εἰώ-

327 3386 503 3440 θεσαν.
532 3373 668 3438 Τοὺς
695 3380 1040 3451 γραμματεῖς
1089 3373 1148 3431 δὲ
1191 3375 1282 3431 καὶ
1332 3374 1458 3439 τοὺς
1510 3380 1608 3432 τοῦ
1646 3374 1783 3433 λαοῦ
1815 3397 1981 3452 πρεσ-

329 3461 603 3539 θυτέρους,
637 3462 732 3518 εἴτ’
763 3463 854 3518 οὖν
887 3462 1284 3540 ἐντιμοτέρους,
1315 3465 1378 3520 16
1423 3464 1701 3540 ψαλμικὸν
1752 3466 1983 3542 γράμμα

327 3550 593 3621 κέκληκεν
661 3549 952 3629 ἄρχοντας.
1015 3552 1170 3609 Οὕτω
1235 3551 1282 3609 δ’
1325 3553 1519 3617 αὐτοὺς
1565 3553 1724 3611 καλεῖ
1776 3554 1863 3610 καὶ
1919 3555 1983 3611 τὸ

329 3639 692 3717 Εὑαγγέλιον,
744 3639 930 3717 λέγον,
968 3664 992 3696 ε
1024 3644 1208 3705 Ὅπως
1257 3664 1318 3698 τε
1361 3641 1678 3720 παρέδωκαν
1723 3643 1882 3700 αὐτὸν
1932 3645 1986 3699 οἱ

332 3729 608 3806 ἀρχιερεῖς
636 3728 726 3785 καὶ
757 3730 812 3786 οἱ
839 3727 1100 3807 ἄρχοντες
1128 3733 1291 3805 ἡμῶν
1318 3730 1395 3795 εἷς
1436 3737 1612 3808 κρῖμα
1667 3733 1918 3791 θανάτου.
1952 3757 1983 3785 ››

404 3857 435 3888 ι(
467 3836 829 3914 Συνήχθησαν
900 3835 991 3893 ἐπὶ
1043 3835 1107 3892 10‘
1172 3836 1303 3893 01616
1370 3838 1462 3893 καὶ
1506 3841 1604 3893 τοῦ
1642 3838 1847 3915 Κυρίου
1894 3837 1985 3894 καὶ

330 3927 431 3981 τοῦ
478 3928 714 4001 Χριστοῦ
758 3923 945 3983 016100.
980 3948 1011 3978 »
1058 3959 1130 3969 -—-
1170 3929 1536 4002 Συνήχθησαν
1595 3928 1737 4001 ὁμοῦ
1792 3927 1987 3990 πάντες

335 4013 412 4075 εἱς
439 4012 532 4069 τὸν
562 4012 722 4070 αὐτὸν
750 4013 920 4070 τόπον
954 4013 1347 4090 βουλευόμενοι
1394 4015 1531 4072 κατὰ
1575 4021 1674 4072 τοῦ
1729 4021 1983 4091 Χριστοῦ·

336 4098 587 4180 διασαφεῖ
638 4103 730 4158 καὶ
792 4102 920 4181 περὶ
984 4102 1181 4160 τούτου
1249 4104 1316 4161 τὸ
1372 4104 1725 4181 Εὑαγγέλιον*
1761 4130 1792 4159 ‹‹
1857 4104 1989 4162 Τότε

335 4192 682 4267 συνήχθησαν
726 4193 780 4247 οἱ
829 4194 1105 4269 ἀρχιερεῖς
1151 4193 1241 4249 καὶ
1297 4194 1351 4249 οἱ
1389 4199 1732 4270 γραμματεῖς
1787 4194 1878 4250 καὶ
1934 4194 1990 4250 οἱ

336 4274 692 4358 πρεσϐύτεροι
720 4284 820 4337 τοῦ
845 4280 984 4338 λαοῦ
1034 4284 1110 4346 εἷς
1155 4284 1256 4354 τὴν
1302 4281 1476 4353 αὐλὴν
1533 4289 1630 4340 τοῦ
1686 4283 1990 4361 ἀρχιερέως
2025 4280 2031 4289 ’

2068 2126 2269 2183 γματα.

2150 2235 2176 2265 ι
2209 2213 2594 2291 Διαρῥήξωμεν
2650 2213 2795 2278 τοὺς·
2838 2212 3072 2290 δεσμοὺς
3129 2217 3305 2275 αὐτῶν
3387 2220 3481 2277 καὶ
3559 2222 3736 2301 ἀποβ-

2077 2302 2323 2382 ῥίψωμεν
2382 2304 2473 2382 ἀφ’
2522 2305 2685 2378 ἡμῶν
2741 2304 2806 2360 16
2865 2306 3025 2382 ζυγὸν
3084 2306 3285 2367 αὐτῶν.
3346 2332 3378 2362 ››
3432 2344 3506 2356 --
3560 2318 3745 2369 Ταῦτα

2074 2392 2356 2469 προσώπῳ
2408 2396 2517 2450 τῶν
2577 2392 2630 2464 ἐξ
2690 2393 2968 2452 Ἰουδαίων
3042 2398 3445 2455 πιστευσάντων
3505 2402 3590 2465 εἰς
3645 2405 3741 2459 τὸν

2077 2480 2329 2559 Χριστόν.
2370 2483 2576 2559 Ὥσπερ
2636 2479 2695 2538 δὲ
2739 2483 2804 2540 τὸ
2860 2482 3121 2562 ἐφρύαξαν
3178 2486 3257 2551 εἰς
3310 2489 3414 2558 τὴν
3474 2489 3743 2549 ἀπόνοιαν

2077 2569 2169 2631 καὶ
2219 2570 2528 2649 θρασύτητα
2572 2570 2663 2628 καὶ
2712 2567 3005 2646 θορύϐησιν
3068 2577 3383 2653 μετηνέχθη
3439 2584 3555 2639 τῶν
3611 2583 3747 2639 Ἰου-

2081 2657 2244 2717 δαίων
2299 2660 2407 2717 ἀπὸ
2460 2665 2559 2716 τοῦ
2613 2665 2724 2718 τῶν
2770 2659 2956 2718 ’ίππων
3008 2666 3385 2742 φρυάγματος,
3446 2667 3600 2726 οὕτω
3647 2673 3740 2728 καὶ

2077 2749 2147 2806 τὰ
2205 2749 2445 2823 ὀνόματα
2469 2753 2658 2824 ταῦτα,
2686 2751 2751 2807 τὸ
2793 2756 2901 2807 τῶν
2953 2750 3165 2826 δεσμῶν
3216 2753 3368 2832 λέγω
3425 2754 3494 2828 δὴ
3528 2760 3621 2815 καὶ
3677 2763 3746 2817 1‘3

2078 2843 2178 2896 106
2238 2844 2423 2916 ζυγοῦ,
2488 2845 2868 2919 μεταφορικῶς
2923 2839 3238 2921 ἐλήφθησαν
3296 2846 3408 2902 ἀπὸ
3473 2853 3572 2904 τοῦ
3626 2855 3742 2905 τῶν

2087 2929 2229 3005 βοῶν
2292 2931 2457 3003 ζυγοῦ
2507 2928 2598 2985 καὶ
2646 2933 2755 2985 τῶν
2812 2929 3081 3007 ζευγλῶν,
3111 2933 3201 2989 καὶ
3257 2940 3368 2993 τῶν
3442 2935 3499 2993 ἐν
3544 2938 3740 3002 αὑταῖς

2082 3016 2325 3091 ἱμάντων
2358 3017 2435 3080 εἷς
2464 3018 2565 3087 τὴν
2615 3019 2751 3075 κατὰ
2797 3019 2964 3095 νόμον
3018 3021 3297 3098 ὑποταγὴν
3346 3025 3438 3081 καὶ
3481 3028 3577 3089 τὰς
3618 3032 3729 3083 τῶν

2081 3103 2566 3180 νομοδιδασκάλων
2635 3107 2917 3185 ἐπιταγάς.
2968 3110 3122 3166 Ἐπεὶ
3191 3108 3251 3167 δὲ
3313 3114 3406 3170 τὸν
3471 3114 3625 3191 ζυγὸν
3674 3117 3736 3171 οἱ

2088 3195 2212 3273 βόες
2241 3200 2351 3252 τῶν
2398 3195 2611 3253 οἰκείων
2662 3196 2910 3274 αὐχένων
2955 3198 3058 3255 06x.
3100 3199 3465 3277 ἀποτίθενται,
3517 3205 3594 3277 μὴ
3638 3205 3745 3269 τὰς

2093 3283 2321 3363 ζεύγλας
2368 3286 2765 3363 συντρίψαντες,
2797 3287 2835 3358 ἢ
2878 3287 3006 3352 τοὺς
3055 3288 3286 3363 ἱμάντας
3327 3291 3456 3356 τοὺς
3515 3291 3569 3348 ἐν
3648 3294 3750 3350 αὖ·

2088 3380 2208 3438 ταῖς
2295 3371 2704 3447 διασπάσαντες,
2787 3374 2877 3432 διὰ
2946 3382 3109 3434 τοῦτο
3192 3379 3460 3457 πρότερον
3538 3381 3755 3456 εἴρηκε,

2093 3463 2479 3542 Διαρῥήξωμεν
2527 3464 2655 3528 τοὺς
2703 3463 2935 3541 δεσμοὺς
2980 3466 3180 3542 αὐτῶν,
3219 3470 3317 3533 τὰς
3383 3471 3619 3548 ζεύγλας
3662 3476 3762 3529 καὶ

2091 3554 2219 3617 τοὺς
2262 3550 2514 3627 ἱμάντας,
2545 3558 2729 3628 κοινῷ.
2758 3553 2909 3633 λόγῳ
2957 3553 3190 3631 δεσμοὺς
3241 3558 3480 3635 εἰρηκὼς
3541 3560 3613 3617 δι’
3668 3565 3753 3618 ῶν

2095 3644 2237 3717 ὁμοῦ
2290 3640 2675 3718 συνδεδεμένος
2732 3645 2762 3700 6
2822 3645 2979 3722 ζυγὸς
3015 3652 3136 3711 τοῖς
3189 3652 3298 3704 τῶν
3353 3650 3499 3726 βοῶν
3558 3652 3767 3728 αὐχέσι

2092 3731 2185 3787 καὶ
2260 3733 2679 3811 συνεσφιγμένος
2752 3733 3057 3811 συνέχεται.
3121 3735 3250 3794 Εἶτα
3315 3737 3583 3815 ἐπήγαγε,
3656 3743 3767 3798 Καὶ

2094 3819 2489 3899 ἀποῤῥίψωμεν
2550 3823 2644 3901 ἀφ’
2717 3825 2877 3898 ἡμῶν
2938 3822 3033 3881 τὸν
3108 3826 3270 3903 ζυγὸν
3326 3827 3527 3887 αὐτῶν.
3584 3833 3766 3907 Ζυγὸς

2099 3911 2194 3985 μὲν
2227 3908 2320 3966 οῦν
2352 3912 2381 3966 6
2428 3911 2599 3986 νόμος
2649 3912 2964 3970 ὑποτάττων
3012 3915 3188 3989 ἑαυτῷ
3229 3915 3360 3981 τοὺς
3408 3919 3513 3974 ὑπὸ
3560 3921 3766 3994 νόμον,

2095 3999 2187 4055 καὶ
2235 3997 2512 4057 δουλεύειν
2556 4001 2970 4079 καταναγκάζων
3009 4008 3131 4067 ταῖς
3175 4012 3429 4080 νομικαῖς
3479 4006 3764 4074 ἐντολαῖς.

2098 4089 2297 4164 Δεσμοὶ
2347 4087 2407 4145 δὲ
2453 4092 2769 4166 συνέχοντες
2815 4091 2908 4148 τὸν
2953 4092 3129 4167 νόμον
3172 4100 3292 4158 τοῖς
3344 4096 3446 4153 ὑπὸ
3487 4098 3662 4171 νόμον
3704 4103 3769 4156 αἱ

2095 4182 2205 4268 τῶν
2280 4177 2580 4257 ἀρχιερέων
2649 4181 2740 4236 καὶ
2822 4184 3189 4259 γραμματέων
3273 4184 3549 4263 ἐπιταγαίσ
3627 4192 3769 4268 φασὶ

2095 4267 2274 4325 τοίνυν
2316 4269 2371 4324 οἱ
2415 4275 2519 4339 τῆς
2564 4277 2795 4344 νομικῆς
2839 4267 3157 4349 δυσχερείας
3199 4274 3292 4331 τὸν
3353 4278 3599 4352 χρηστὸν
3644 4267 3769 4334 τοῦ

336 4356 435 4425 τοῦ
508 4356 809 4448 λεγομένου
881 4372 1114 4451 Καϊάφα,
1189 4372 1281 4429 καὶ
1343 4356 1863 4429 συνεϐουλεύσαντοῖ
1897 4370 1992 4429 ⁹ίνα
2098 4356 2301 4451 ξιφίου
2363 4359 2536 4451 ,ζυγᾷν
2613 4358 2998 4451 ἀνθξλόμενοιί
3039 4362 3411 4451 ,Διαλύσωμεν
3479 4366 3576 4430 τὰς
3646 4374 3768 4425 τῶν

337 4457 431 4514 τὸν
461 4458 477 4482 ’
507 4463 703 4529 Ιησοῦν
778 4457 930 4533 δόλῳ
1006 4463 1318 4538 κρατήσωσι
1399 4464 1490 4518 καὶ
1578 4461 1986 4518 ἀποκτείνωσιν·

341 4543 592 4604 Ἐπεὶ-δὲ
648 4548 785 4604 κατὰ
837 4552 939 4605 τοῦ
992 4553 1226 4626 Χριστοῦ
1283 4551 1651 4626 συνήχθησαν,
1679 4547 1851 4621 δῆλον
1904 4547 1989 4606 6'11

2099 4445 2304 4522 ἀγρίων
2356 4448 2540 4521 θηρῶν
2607 4445 2821 4521 μᾶλλον
2880 4447 2919 4519 ἢ
2976 4446 3317 4508 διδασκάλων
3368 4450 3652 4529 ἐπιταγάςα
3685 4456 3772 4518 ὡς

2100 4532 2254 4591 οὐδὲν
2321 4534 2487 4600 αὑτὰς
2544 4536 2887 4613 ἡγησάμενοι
2934 4538 3028 4595 καὶ
3085 4539 3178 4595 τὸν
3237 4539 3411 4615 νόμον
3463 4541 3611 4614 αύτῷ
3673 4544 3775 4612 ἀφ’

339 4635 431 4693 καὶ
487 4638 627 4710 μετά
671 4642 770 4693 τοῦ
821 4624 1111 4714 χρίσαντος
1178 4637 1360 4695 αὐτόν.
1420 4624 1485 4695 ὁὶ
1538 4640 1643 4717 γὰρ
1699 4640 1837 4697 κατά
1888 4625 2063 4697 106D
2360 4624 2775 4717 §mvaétbpeoa_
2837 4625 2931 4717 Ῥδν
3018 4627 3205 4703 βαρύν·
3272 4629 3636 4707 ’Δρμόζουσιν
3708 4636 3771 4690 οἱ

340 4725 577 4800 Χριστοῦ
650 4724 853 4803 Κυρίου
924 4725 1255 4801 μελετῶντες
1319 4726 1582 4805 πρότερον
1644 4730 1760 4784 κατ’
1824 4728 1990 4785 αὑτοῦ

335 4818 435 4871 τοῦ
513 4813 719 4889 Κυρίου
794 4816 860 4871 τὸ
937 4819 1187 4871 τοιοῦτον
1266 4813 1552 4891 μελέτημα
1639 4819 1988 4883 συντιθέασινο

337 4898 832 4977 ἀποδοκιμάζοντες
874 4903 976 4974 τὴν
1035 4903 1213 4982 κρίσιν
1276 4904 1443 4961 αὑτοῦ
1499 4907 1590 4963 καὶ
1645 4909 1746 4979 τὴν
1807 4907 1986 4985 χρίσιν

336 4989 708 5070 φαυλίζοντες.
764 4997 934 5049 Τοῦτο
990 4992 1152 5049 ποίαν
1211 4993 1320 5071 οὐχ
1377 4991 1684 5070 ὑπερϐαίνει
1757 5018 1992 5074 παρανο-

339 5078 473 5155 μίας,
550 5077 911 5158 ὑπερϐολήν;
989 5084 1147 5140 ποίαν
1218 5088 1280 5141 ού
1352 5084 1663 5161 παρήλοσεν
1748 5082 1991 5151 ἀσεϐείας

337 5169 647 5244 ἀκρότητα;
723 5170 815 5228 διὰ
897 5178 1061 5230 τοῦτο
1155 5176 1586 5252 προηγουμένως
1658 5171 1779 5247 ἔθνη
1861 5175 1990 5241 τοὺς

334 5256 628 5324 Ἰουδαίους
691 5262 721 5318 6
772 5265 1060 5341 προφήτης
1115 5261 1413 5336 ὠνόμασεν.
1471 5263 1707 5336 Ἐξαίσια
1757 5270 1992 5322 τοσαῦτα

334 5348 672 5424 καθορῶντες
727 5350 810 5406 ἀεὶ
872 5352 1149 5428 γινόμενα,
1207 5354 1423 5410 πάντων
1494 5353 1656 5413 ἐθνῶν
1725 5353 1991 5413 ἀσυνετώ·

335 5453 487 5492 τατοι
515 5438 607 5493 καὶ
664 5437 1132 5516 ἀπαιδευτότατοι,
1165 5445 1301 5499 κατά
1345 5447 1443 5499 τοῦ
1495 5449 1990 5522 τερατουργοῦντος

338 5527 690 5604 συνήρχεσθε,
749 5530 1045 5605 θεοσημίας
1114 5531 1406 5608 βλέποντες
1473 5533 1863 5609 ἐνεργουμένας
1913 5536 1984 5592 ὧν

2101 4711 2263 4789 λόγοι
2293 4713 2384 4771 καὶ
2421 4720 2553 4771 πᾶσι
2610 4718 2731 4778 τοῖς
2758 4714 2810 4790 ἐξ
2842 4714 3036 4777 ἐθνῶν.
3076 4718 3148 4772 Οἱ
3191 4717 3297 4795 γὰρ
3345 4721 3422 4793 μὴ
3471 4724 3553 4793 τῷ
3598 4719 3770 4796 νόμῳ

2098 4803 2378 4879 προσιέναι
2434 4801 2784 4879 θελήσαντες,
2844 4801 2993 4862 ἀλλὰ
3056 4805 3119 4862 τὸ
3175 4804 3511 4884 Εὗαγγέλιον
3577 4808 3768 4866 ἀσπα-

2100 4891 2323 4967 σάμενοι
2377 4892 2474 4956 τάς
2535 4914 2595 4949 τε
2666 4897 2774 4951 τῶν
2847 4894 2985 4950 κατά
3057 4894 3228 4970 νόμον
3305 4896 3607 4974 ἀρχιερέων
3666 4901 3765 4956 καὶ

2097 4980 2463 5058 γραμματέων
2521 4979 2769 5060 διδαχὰς,
2831 4981 3104 5058 μηδαμῶς
3162 4982 3255 5049 οῦς
3301 4984 3490 5044 αὐταῖς
3542 4986 3766 5046 ἐπικλί-

2097 5091 2307 5135 ναντες.
2359 5074 2742 5147 Παρῃτήσαντο
2795 5073 2887 5129 καὶ
2935 5073 3029 5129 τὸν
3081 5073 3256 5149 νύμον
3315 5073 3474 5131 αὑτὸν
3534 5075 3586 5150 ἐξ
3637 5076 3765 5133 6016-

2096 5164 2206 5217 τῶν
2246 5161 2596 5219 ἀπεσείσαντο
2653 5158 2943 5218 δουλεῦσαι
2996 5162 3176 5238 τούτῳ
3238 5164 3313 5239 μὴ
3366 5163 3763 5241 ἀνασχόμενοι.

2170 5292 2200 5322 ι(
2231 5270 2288 5325 Ὁ
2343 5272 2610 5326 κατοικῶν
2673 5268 2725 5325 ἐν
2783 5268 3036 5344 οὐρανοῖς
3118 5270 3463 5347 ἐκγελάσεται
3539 5272 3764 5345 αὐτοὺς,

2096 5357 2187 5415 καὶ
2218 5358 2477 5438 ὁΚύριος
2535 5357 2891 5437 ἐκμυκτηριεῖ
2945 5358 3216 5424 αύτούς.ι
3277 5393 3349 5406 --
3403 5361 3476 5418 Τὸ
3531 5361 3763 5440 ἐκγελά-

2098 5468 2245 5505 σεται
2324 5447 2417 5505 καὶ
2491 5449 2554 5505 16
2630 5447 2986 5526 ἐκμυκτηριεῖ
3041 5451 3158 5507 κατ’
3214 5449 3455 5507 ἐπίτασιν
3542 5450 3760 5527 εἴρηται

2093 5544 2195 5609 τῆς
2272 5536 2333 5595 ἐκ
2406 5538 2737 5616 προθέσεως,
2795 5535 3070 5610 δηλούσης
3152 5538 3416 5614 ἐπίτασιν,
3473 5541 3758 5600 τουτέστιν

337 5614 428 5708 καὶ
483 5616 547 5708 16
597 5619 900 5708 μεμνῆσθαι
963 5620 1128 5695 μόνον
1216 5622 1413 5701 φρίκην
1491 5621 1730 5697 ἐμποιεῖ,
1791 5622 1989 5689 δόλους
2097 5614 2459 5704 ἐκγελάστους
2514 5625 2644 5698 ἤτοι
2700 5626 3135 5704 καταγελάστους
3218 5630 3372 5702 θήσει
3429 5629 3758 5708 ἁπανταχοῦ

342 5701 667 5762 ἐτεκταίνετε
730 5707 865 5762 κατᾶ
946 5714 1044 5765 τοῦ
1124 5711 1321 5775 ταύτας
1405 5710 1746 5776 ἐκτελοῦντος
1835 5714 1985 5787 μόνω
2093 5701 2183 5774 καί
2270 5716 2752 5793 ἐκμυκτηρίοτους,
2809 5701 2979 5796 ἤγουν
3034 5701 3295 5796 πλήρεις,
3358 5701 3754 5798 μυπηρωμοῦ
