4072 6446
328 398 493 459 1333.
1549 393 1968 457 EXPOSITIO

2101 446 2106 469 ι
2136 395 2521 461 PSALMOS.
3596 400 3758 461 1334

329 525 421 583 διὰ
464 528 711 597 τήνῺτῆς
760 524 941 588 ἀνοίας
986 523 1161 580 αὐτῶν
1217 524 1309 581 καὶ
1368 523 1681 603 ἀφροσύνης
1741 519 1974 603 ὑπερϐο-
2005 526 2188 599 Ατήν
2242 526 2362 584 ἄνευ
2418 534 2645 604 σπορᾶς,
2722 530 3152 606 ἒνανθρώπησιν.
3234 530 3305 585 Τὸ
3380 526 3439 584 δὲ
3511 531 3750 606 σήμερον

332 615 459 688 λήν,
529 614 612 672 ὅτι
681 636 740 670 τε
783 614 876 670 τὸν
927 613 1131 670 οἷ’κεῖον
1181 613 1466 692 εὐεργέτην
1517 615 1855 683 ἀπέκτειναν,
1917 614 1981 670 τὸ
2088 613 2203 672 ἀντὶ
2248 620 2347 672 τοῦ
2390 621 2672 694 χρονικῶς
2704 640 2717 656 ·
2763 616 2895 695 ἐγὼ,
2946 619 3130 698 φησὶν,
3181 618 3530 696 προαιωνίως
3570 619 3752 696 γεγέν-

323 703 468 761 ’ίδιον
505 703 792 783 μεγαλεῖον
820 704 911 760 καὶ
955 701 1117 766 κλέος
1159 703 1248 758 καὶ
1294 703 1581 781 καύχημα,
1629 703 1721 760 καὶ
1765 702 1848 760 ὅτι
1877 705 1977 774 τὴν

332 798 429 851 τοῦ
461 799 595 851 Θεοῦ
649 790 856 871 βουλὴν
907 793 1005 863 τὴν
1055 792 1161 849 ὐπὸ
1208 794 1482 849 τοσούτων
1508 796 1806 873 προφητῶν
1837 814 1981 871 προ-

330 881 783 960 κατηγγελμένην
843 881 1084 952 ἤλπισαν
1140 881 1292 938 αὐτοὶ
1350 880 1595 938 κωλῦσαι
1654 882 1824 960 πέρας
1883 881 1980 940 λα-

331 968 444 1028 ϐεῖν
479 992 492 1005 ⁸
551 971 736 1050 κύριον
798 968 857 1027 δὲ
895 971 988 1027 τὸν
1040 972 1245 1049 πατέρα
1294 974 1470 1051 φήσας
1520 971 1600 1027 ὅτ’
1644 970 1799 1050 ἔλεγε
1843 974 1981 1029 κατὰ

327 1066 426 1118 τοῦ
485 1059 683 1134 Κυρίου
740 1059 832 1116 καὶ
878 1062 1015 1116 κατᾶ
1066 1064 1166 1116 τοῦ
1220 1063 1458 1138 Χριστοῦ
1513 1059 1698 1135 αὐτοῦ,
1777 1060 1976 1137 Κύριόν

330 1150 590 1229 φησι
642 1151 735 1205 τὸν
793 1149 938 1225 Υἱὸν,
992 1150 1068 1213 ὡς
1131 1155 1257 1225 μιᾶς
1312 1148 1641 1228 κυριότητος
1700 1145 1869 1222 ούο-ης
1924 1151 1976 1206 ἐν

327 1240 497 1316 Πατρὶ
554 1239 644 1296 καὶ
699 1239 834 1313 Υἱῷ,
892 1238 982 1295 καὶ
1041 1241 1222 1304 καθὼς
1283 1239 1397 1296 ἐκεῖ
1421 1239 1521 1309 τὴν
1548 1240 1686 1295 κατὰ
1711 1243 1810 1295 τοῦ
1842 1245 1980 1315 Χρι-

329 1331 458 1384 στοῦ
510 1326 766 1401 μελέτην.
816 1328 1062 1408 Ἔφημεν
1112 1327 1245 1384 εἶναι
1289 1327 1381 1383 καὶ
1427 1328 1564 1383 κατὰ
1612 1331 1712 1385 τοῦ
1765 1328 1977 1404 Πατρὸς

329 1416 419 1473 καὶ
452 1414 715 1494 πρότερον
762 1418 900 1473 κατὰ
937 1421 1035 1472 τοῦ
1082 1415 1316 1495 Πατρὸς,
1362 1415 1506 1473 οὕτω
1552 1414 1823 1473 κάνταῦθα
1875 1418 1976 1487 τὴν

327 1508 437 1562 τῶν
491 1504 763 1563 Ἰουδαίων
823 1504 1164 1579 ἐξουδένωσιν
1220 1507 1322 1578 τὴν
1380 1505 1529 1583 παρὰ
1580 1510 1837 1585 Χριστοῦ,
1886 1506 1981 1562 καὶ

328 1596 476 1673 παρὰ
497 1599 596 1651 τοῦ
641 1596 852 1674 Πατρὸς
902 1595 1039 1652 εἶναί
1084 1617 1216 1676 φησι
1262 1595 1355 1652 καὶ
1396 1594 1660 1673 πρότερον
1707 1595 1856 1673 παρὰ
1876 1599 1980 1652 τοῦ

328 1685 562 1762 Πατρὸς,
622 1685 741 1759 ἅμα
782 1705 844 1741 τε
895 1685 995 1755 τὴν
1055 1684 1372 1760 ὁμοτιμίαν,
1432 1684 1524 1740 καὶ
1562 1684 1626 1741 τὸ
1653 1685 1848 1741 ταυτὸν
1876 1690 1980 1755 τῆς

329 1773 601 1850 ἐνεργείας
658 1771 711 1830 ἐν
770 1774 943 1852 Πατρὶ
999 1774 1090 1830 καὶ
1139 1776 1252 1849 Υἱῷ
1308 1778 1584 1851 παριστῶν
1641 1773 1733 1829 καὶ
1797 1773 1976 1852 ἀρχὴν

329 1860 568 1935 οὐσιώδη
625 1862 719 1918 τὸν
770 1863 982 1938 Πατέρα
1029 1860 1239 1927 δεικνὺς
1295 1867 1393 1919 τοῦ
1438 1863 1586 1936 Υῖοῦ,
1634 1861 1726 1918 τὸν
1773 1862 1981 1939 πατέρα

329 1950 389 2009 δέ
417 1973 550 2031 φησι
578 1956 845 2009 κατοικεῖν
898 1951 951 2008 ἐν
1001 1951 1273 2028 οὐρανοῖς,
1322 1951 1431 2029 οὐχ
1459 1951 1536 2015 ὡς
1565 1949 1713 2015 ὅλως
1744 1950 1797 2007 έν
1823 1950 1978 2025 τόπῷ

330 2040 751 2119 περιεχόμενον,
811 2038 960 2097 ἀλλὰ
1014 2039 1106 2097 διὰ
1157 2042 1221 2097 τὸ
1274 2040 1780 2118 ὑπερανῳκισμένον
1824 2039 1977 2117 φύσει

329 2132 421 2188 καὶ
455 2128 665 2207 ὑψηλὸν
712 2137 810 2202 τῆς
857 2129 1117 2204 θεότητος
1162 2130 1254 2187 καὶ
1299 2131 1362 2187 τὸ
1391 2137 1493 2201 τῆς
1524 2129 1675 2201 ἀξίας
1703 2129 1793 2185 καὶ
1820 2128 1983 2201 δόξης

333 2214 808 2294 ὑπεραναϐεϐηκὸς
855 2219 946 2276 καὶ
999 2220 1311 2296 ὑπέρτατον,
1373 2219 1481 2297 οὐχ
1538 2219 1727 2296 ὅτιπερ
1777 2221 1806 2275 6
1856 2219 1983 2282 Υἱὸς

333 2308 624 2388 ὑστέρηται
671 2313 779 2365 τῶν
828 2310 1004 2371 αὐτῶν
1031 2329 1045 2344 ο
1100 2308 1419 2387 ἐπουράνιος
1495 2310 1599 2385 γὰρ
1659 2308 1752 2364 καὶ
1826 2307 1988 2372 αὐτὸς

332 2399 409 2463 ὡς
440 2398 573 2461 Θεὸς
592 2399 684 2454 τὸν
716 2397 877 2454 αὐτὸν
906 2397 1109 2476 τρόπον
1142 2397 1199 2456 ὅν
1233 2400 1262 2455 6
1292 2399 1501 2476 Πατὴρ,
1534 2395 1660 2454 ἀλλ’
1701 2395 1784 2453 ὅτι
1821 2395 1987 2472 μόνος

332 2489 362 2544 6
393 2489 518 2551 Υἱὸς
547 2486 636 2544 ἐπὶ
665 2490 767 2559 τῆς
795 2490 900 2564 γῆς
932 2486 1089 2569 ᾢφθη
1117 2507 1131 2522 ·
1164 2488 1256 2545 καὶ
1284 2493 1403 2551 τοῖς
1433 2487 1739 2565 ἀνθρώποις
1767 2506 1989 2543 συνανε-

339 2575 553 2655 στράφη
566 2646 571 2651 ο
584 2598 662 2633 σω
670 2580 912 2652 μᾳτικῶς
922 2621 935 2636 .

410 2689 440 2720 ‹‹
470 2666 602 2735 Τότε
659 2665 891 2739 λαλήσει
949 2666 1089 2744 πρὸς
1144 2664 1339 2733 αὐτοὺς
1398 2665 1450 2722 ἐν
1510 2665 1653 2744 ὀργῇ
1705 2664 1872 2721 αὐτοῦ
1900 2663 1991 2720 καὶ

333 2755 388 2814 ἐν
443 2759 525 2829 τῷ
581 2758 741 2830 θυμῷ
797 2754 964 2812 αὐτοῦ
1019 2754 1237 2833 ταράξει
1295 2754 1511 2818 αὐτούς·
1572 2777 1603 2808 ››
1650 2758 1857 2819 -Νῦν
1895 2753 1990 2827 μὲν

334 2846 366 2913 6
421 2845 621 2922 Κύριος
681 2845 895 2918 Ἰησοῦς
952 2843 1184 2908 ἀναστὰς
1245 2843 1305 2900 ἐκ
1359 2848 1558 2921 νεκρῶν
1617 2842 1708 2899 καὶ
1739 2842 1988 2918 ἆγελθὼν

334 2934 413 2998 εἷς
466 2933 597 3003 τοὺς
655 2932 929 3012 οὐρανοὺς
974 2935 1064 2989 καὶ
1119 2940 1220 3005 τῆς
1279 2931 1623 3010 ἐπιγνώσεως
1679 2931 1845 2987 αὐτοῦ
1899 2931 1992 2987 καὶ

332 3023 568 3087 πίστεως
614 3024 713 3078 τοῦ
768 3021 981 3096 κόσμου
1036 3021 1424 3098 πέπληρωκὼς
1483 3018 1765 3098 χλευάσης
1795 3019 1989 3084 αὐτούς

331 3111 423 3168 καὶ
469 3107 794 3185 κωμῳδίας,
850 3108 1122 3183 ἐμπλήσει
1165 3109 1257 3165 καὶ
1312 3111 1605 3184 τωθασμοῦ
1662 3109 1753 3164 καὶ
1817 3111 1993 3182 μυκή-

2086 703 2229 775 νηκά
2287 726 2347 760 σε
2402 706 2476 769 ὡς
2533 706 2685 781 Θεὸν,
2745 706 2856 784 ἐγὼ
2909 711 3187 784 χρονικῶς
3235 707 3533 785 γεγέννηκά
3587 729 3647 763 σε
3673 708 3750 772 ὡς

2088 790 2370 869 ἄνθρωπον
2398 812 2412 828 ·
2465 792 2636 852 ἄλλον
2688 797 2792 873 γὰρ
2843 796 2943 853 οὐκ
2987 794 3143 875 ἔσχες
3188 796 3337 866 πλὴν
3369 796 3504 871 ἐμοῦ
3533 795 3747 874 Πατέρα

2086 882 2149 937 τὸ
2178 882 2429 958 σύνολον,
2489 883 2638 941 ἀλλᾶ
2683 886 2773 942 καὶ
2820 885 2958 941 κατὰ
3001 886 3101 957 τήν
3159 885 3300 950 θείαν
3351 883 3599 961 γέννησιν
3652 885 3744 941 καὶ

2085 973 2224 1028 κατὰ
2265 974 2365 1044 τὴν
2423 973 2770 1051 ἀνθρωπίνην
2831 975 2941 1051 ἐγώ
2983 996 3078 1031 σου
3114 975 3279 1050 μόνος
3309 976 3497 1051 Πατήρ
3532 1019 3546 1032 .
3605 976 3743 1031 κατᾶ

2087 1062 2186 1131 τὴν
2246 1060 2391 1126 θείαν
2455 1064 2549 1138 μὲν
2619 1061 2920 1139 οὐσιωδῶς,
2977 1066 3113 1121 κατὰ
3167 1066 3265 1135 τήν
3307 1062 3652 1141 ἀνθρωπίνην
3685 1060 3746 1119 δὲ

2090 1147 2528 1230 δημιουργικῶς.

2162 1281 2193 1312 ‹‹
2250 1255 2483 1331 Αἷ¹τησαι
2536 1262 2665 1342 παρ’
2740 1260 2897 1341 ἐμοῦ,
2954 1259 3046 1316 καὶ
3103 1258 3264 1316 δώσω
3325 1281 3409 1317 σοι
3458 1256 3587 1332 ἔθνη
3638 1262 3742 1333 τὴν

2085 1345 2462 1427 κληρονομίαν
2494 1371 2592 1406 σου
2638 1350 2728 1405 καὶ
2773 1351 2873 1421 τὴν
2917 1348 3238 1426 κατάσχεσίν
3285 1371 3383 1406 σου
3429 1351 3498 1406 τὰ
3541 1349 3749 1429 πέρατα

2084 1439 2186 1508 τῆς
2229 1440 2357 1514 γῆς.
2416 1462 2446 1492 ››
2504 1471 2576 1484 --
2624 1439 2879 1517 Ἐπείπερ
2940 1438 3048 1517 ἐγώ
3113 1460 3210 1494 σου
3262 1439 3451 1516 Πατὴρ
3508 1438 3598 1496 καὶ
3650 1439 3753 1496 οὐκ

2092 1522 2265 1590 ἄλλος
2319 1524 2519 1601 οὐδεὶς,
2565 1527 2682 1585 ἐπεὶ
2738 1529 2829 1585 καὶ
2880 1528 2970 1585 ὑπ’
3018 1528 3155 1603 ἐμοῦ
3203 1528 3535 1600 κατεστάθης
3595 1529 3750 1606 βασι-

2100 1612 2251 1690 λεὺς,
2303 1613 2521 1689 αἶ’τηςαι
2570 1618 2699 1696 παρ’
2745 1617 2881 1692 ἐμοῦ
2910 1637 2924 1688 ;
2980 1617 3071 1673 καὶ
3099 1613 3260 1672 δώσω
3291 1638 3375 1672 σοι
3406 1617 3483 1681 ὡς
3515 1617 3609 1692 μὲν
3636 1618 3750 1692 Υἱῷ

2085 1703 2485 1783 κληρονομίαν,
2546 1707 2620 1770 ὡς
2690 1705 2906 1783 βασιλεῖ
2962 1703 3022 1762 δὲ
3076 1705 3423 1781 κατάσχεσιν.
3484 1706 3639 1762 Δίτεῖ
3688 1704 3749 1763 δὲ

2087 1795 2535 1872 προτρεπόμενος
2574 1795 2721 1871 παρᾶ
2771 1798 2869 1851 τοῦ
2922 1794 3153 1872 Πατρός.
3185 1817 3215 1847 ‹‹
3244 1794 3317 1850 Οὐ
3352 1792 3583 1870 δύναμαι
3613 1794 3736 1871 γὰρ,

2087 1883 2273 1963 φησὶν,
2332 1884 2438 1962 ἐγὼ
2491 1890 2668 1941 ποιεῖν
2729 1884 2821 1940 ἀπ’
2871 1883 3109 1960 ἐμαυτοῦ
3163 1881 3344 1941 οὐδέν.
3401 1906 3430 1937 »
3497 1884 3647 1940 Ἐπεὶ
3687 1882 3748 1940 δὲ

2087 1971 2227 2049 πρὸς
2276 1970 2572 2037 Ἰουδαίους
2616 1972 2968 2046 ἀπέσταλται,
3024 1972 3171 2050 λέγει
3219 1973 3365 2049 γάρ;
3425 1995 3457 2026 α
3504 1972 3616 2028 Οὐκ
3643 1972 3747 2028 άπ-

2089 2059 2321 2134 εστάλην
2380 2062 2427 2118 εἰ
2478 2063 2554 2136 μή
2608 2063 2684 2126 είς
2729 2064 2797 2118 τὰ
2842 2057 3092 2140 πρόϐατα
3133 2062 3201 2117 τὰ
3231 2058 3567 2117 ἀπολωλότα
3593 2058 3746 2117 οἷόιου

2092 2149 2480 2229 Ἰερουσαλήμ.
2534 2175 2564 2204 ››
2615 2153 2668 2208 οἱ
2717 2150 2775 2208 δὲ
2823 2151 2980 2208 αὐτὸν
3029 2150 3131 2207 οὐκ
3167 2147 3433 2223 ἐδέξαντο,
3469 2147 3559 2205 διὰ
3586 2154 3747 2206 τοῦτο

2091 2241 2160 2296 τὰ
2216 2238 2339 2312 ἔθνη
2398 2239 2776 2318 κληρονομίαν
2835 2240 2974 2296 αἰτεῖ
3026 2238 3144 2296 κατ’
3213 2236 3457 2295 εὐδοκίαν
3515 2239 3747 2317 Πατρὸς,

2093 2333 2190 2384 καῖ
2239 2326 2663 2406 κληροδοτεῖται
2716 2334 2907 2403 ταῦτα,
2966 2329 3044 2392 ὡς
3121 2329 3407 2404 ἅνθρωπος
3476 2326 3569 2383 καὶ
3649 2328 3748 2396 τὴν

2099 2417 2337 2493 ἐξουσίαν
2394 2418 2560 2474 αὐτοῦ
2616 2420 2709 2474 καὶ
2757 2419 2821 2474 τὸ
2896 2418 3094 2497 κράτος
3168 2411 3437 2492 λαμϐάνει
3512 2415 3754 2493 παγκόσ-

2103 2528 2250 2581 μιον,
2305 2503 2412 2571 ἕως
2469 2508 2560 2563 καὶ
2618 2507 2795 2563 αὐτῶν
2846 2510 2955 2563 τῶν
3013 2506 3264 2583 περάτων
3324 2508 3426 2577 τῆς
3472 2524 3575 2582 γης
3607 2503 3754 2567 διικ-

2099 2594 2354 2671 νόύμεννν
2365 2639 2378 2654 .

2176 2709 2205 2738 ‹‹
2236 2690 2533 2760 Ποιμανεῖς
2589 2684 2785 2749 αὐτοὺς
2832 2683 2885 2741 ἐν
2938 2679 3126 2762 ῥάϐδῳ
3174 2680 3394 2761 σιδηρᾷ.
3445 2707 3477 2738 »
3523 2716 3594 2728 -—
3624 2682 3750 2740 ’Δύ-

2099 2775 2227 2839 τοὺς
2286 2773 2344 2831 δὲ
2411 2774 2539 2839 τοὺς
2624 2772 2920 2838 Ἰουδαίους
2996 2772 3048 2831 έν
3148 2771 3367 2851 μάστιγι
3444 2770 3754 2838 παιδεύσεις

2102 2864 2318 2943 περῥᾷ,
2376 2862 2506 2928 τοὺς
2567 2865 2643 2938 μὴ
2714 2861 3038 2937 δεξαμένους
3090 2862 3184 2918 τὸν
3240 2862 3407 2938 λόγον
3447 2883 3566 2937 σου,
3597 2882 3751 2919 συνε-

2100 2959 2222 3032 χεῖς
2276 2954 2367 3009 καὶ
2451 2951 2689 3033 σφοδρὰς
2771 2952 3043 3031 τιμωρίας
3122 2951 3339 3016 τούτοις
3424 2951 3747 3031 ἐπενεγκών.

2100 3040 2354 3099 Παιδεύει
2413 3043 2508 3117 μὶν
2560 3043 2651 3099 καὶ
2710 3043 2740 3099 6
2768 3043 2978 3117 ποιμὴν
3033 3040 3086 3098 ἐν
3118 3040 3427 3118 ἡμερότητι
3453 3042 3553 3099 παὶ
3580 3042 3749 3119 πραό-

2097 3154 2223 3205 τητι
2253 3132 2344 3188 καὶ
2399 3132 2475 3196 εἰς
2535 3130 2806 3206 σωτηρίαν
2863 3132 2928 3188 τὸ
2983 3129 3242 3205 ποίμνιον
3274 3148 3292 3168 ⁶
3346 3129 3493 3189 ἀλλᾶ
3535 3131 3599 3187 σὺ
3626 3153 3751 3188 παι-

335 3221 493 3300 σεωξθ
552 3196 1027 3300 (ξυνεξδοδξρῧντος,
1060 3197 1208 3300 “Eu?
1259 3203 1359 3254 τοῦ
1408 3197 1655 3300 ,Πατρέξς
1716 3197 1853 3271 Τότε.
1932 3196 1991 3300 δέ
2020 3268 2063 3300 η
2103 3196 2307 3285 δεύσεις
2365 3220 2560 3285 αὐτοὺς
2616 3196 2698 3277 ἐν.¹
2739 3220 2876 3299 ὀργῇ
2928 3220 3018 3276 καὶ
3078 3196 3236 3295 δυμῷ
3287 3219 3379 3276 καὶ
3423 3223 3499 3285 εἷς
3530 3219 3750 3300 διαφθο-

335 3268 489 3347 κατὰ¹
516 3289 617 3360 τὴν
667 3268 937 3364 δευτέραν,
968 3285 1134 3343 αὐτοῦ
1179 3268 1509 3364 νπορουσίαν,
1538 3268 1820 3363 ’ἐλέγχων
1848 3268 1853 3271 ⁷
1892 3285 1987 3342 αὐ-
2019 3268 2064 3339 C

335 3376 466 3443 τοὺς
498 3375 550 3433 ἐν
587 3375 744 3454 ὀργῇ,
775 3377 866 3433 καὶ
924 3379 1124 3448 στήσας
1156 3376 1342 3440 αὐτοῖς
1387 3378 1489 3448 τὴν
1538 3374 1766 3451 ἀνομίαν
1817 3374 1992 3432 αὐτῶν

337 3466 475 3534 κατὰ
516 3465 834 3543 πρόσωπον,
903 3466 1248 3523 καταδικάσει
1314 3464 1530 3536 αὐτοὺς,
1585 3465 1677 3521 καὶ
1734 3462 1995 3545 σφοδραῖς

336 3555 630 3633 τιμωρίαις
683 3550 953 3621 ὑποϐαλεῖ
995 3552 1066 3611 δι’
1113 3557 1189 3610 ὧν
1249 3556 1332 3610 ἀεὶ
1379 3556 1814 3632 ταραχθήσονται
1866 3551 1991 3609 ὀδυ-

339 3646 575 3723 νώμενοι
637 3641 913 3719 μηδεμίαν
978 3645 1294 3721 ἆνακωχὴν,
1358 3642 1633 3718 μηδεμίαν
1719 3644 1992 3720 γαλήνην,

340 3734 546 3808 ἐξοντες
574 3734 820 3809 πώποτε.
847 3733 963 3803 Τὴν
992 3733 1088 3809 μὲν
1112 3731 1204 3788 οὖν
1238 3730 1530 3805 καταδίκην
1555 3730 1770 3811 εἷ’ρηκεν
1796 3732 1991 3809 ὀργὴν,

339 3824 434 3886 τὰς
467 3820 736 3903 σφοδορὰς
769 3818 827 3878 δὲ
850 3822 1121 3901 τιμωρίας
1154 3821 1346 3896 θυμόν.

416 3954 444 3983 ‹‹
474 3930 617 4006 Ἐγὼ
664 3927 722 3987 δὲ
770 3928 1097 4000 κατεστάθην
1152 3927 1408 4005 βασιλεὺς
1457 3928 1547 3984 ὑπ’
1600 3927 1785 3986 αὐτοῦ.
1836 3950 1865 3979 ››
1924 3960 1992 3970 -

339 4022 515 4073 Ταῦτα
556 4018 839 4094 προσώπῳ
886 4020 1124 4096 Χριστοῦ
1157 4041 1171 4053 ·
1220 4014 1515 4089 κατεστάθη
1575 4016 1681 4094 γὰρ
1735 4014 1991 4094 βασιλεὺς

341 4107 448 4164 ὑπὸ
491 4113 589 4164 τοῦ
638 4108 851 4184 Πατρὸς
897 4106 988 4163 καὶ
1037 4107 1114 4171 ὡς
1161 4103 1444 4185 ἅνθρωπος
1470 4126 1485 4140 ο
1527 4106 1602 4169 ὡς
1632 4107 1736 4183 γὰρ
1769 4106 1900 4169 Θεὸς
1920 4105 1988 4176 ἦν

343 4197 424 4252 ἀει
459 4195 739 4275 βασιλεύς.
964 4188 968 4193 ’

412 4287 594 4344 «Ἐπὶ
627 4288 771 4344 Σιὼν
829 4280 959 4364 ὅρος
1012 4284 1078 4342 τὸ
1134 4286 1285 4363 ἅγιον
1345 4284 1511 4341 αὐτοῦ
1559 4281 1902 4362 διαγγέλλων
1927 4283 1991 4339 τὸ

338 4376 667 4455 πρόσταγμα
722 4375 947 4454 Κυρίου.
1002 4399 1031 4429 ››
1092 4407 1164 4419 --
1218 4376 1318 4431 Διὰ
1359 4379 1457 4431 τοῦ
1512 4374 1649 4430 κατὰ
1701 4374 1802 4444 τήν
1859 4375 1992 4429 Ἰου-

340 4462 493 4523 δαίαν
544 4465 706 4543 ὅρους
763 4466 841 4529 εἷς
901 4465 1210 4538 ἐπιστήμην
1263 4467 1361 4520 τοῦ
1415 4462 1760 4539 καλουμένου
1820 4462 1988 4534 Σιὼν,

340 4561 512 4611 πᾶσαν
557 4557 658 4626 τὴν
709 4552 968 4610 Ἰουδαίαν
1018 4550 1351 4625 δεδήλωκεν
1401 4554 1591 4630 ⁸¹Αγιον
1642 4549 1701 4609 δὲ
1726 4556 1824 4608 τοῦ
1855 4554 1989 4608 Θεοῦ

2279 3308 2370 3367 διὰ
2413 3312 2514 3382 τὴν
2574 3312 2739 3388 ἄκραν
2798 3308 2974 3367 αὐτῶν
3007 3310 3387 3388 ἆνοσιουργίαν
3416 3309 3509 3367 καὶ
3536 3308 3747 3367 τελείαν

2102 3399 2372 3457 ἀπείθειαν
2382 3441 2395 3456 .

2177 3511 2208 3543 ‹‹
2253 3495 2342 3553 Ὡς
2398 3488 2562 3560 σκεύη
2622 3489 2906 3567 κεραμέως
2964 3489 3269 3567 συντρίψεις
3324 3487 3538 3553 αὐτούς.
3596 3512 3626 3543 ››
3684 3522 3755 3533 -

2101 3579 2195 3641 Ὧς
2245 3578 2316 3635 τὰ
2368 3577 2607 3657 κεράμια
2651 3576 2814 3650 σκεύη
2870 3578 3255 3658 καταθραύσεις
3312 3578 3528 3650 αὐτοὺς,
3569 3579 3661 3634 καὶ
3690 3575 3753 3634 οῦ

2211 3669 2222 3689 ν
2289 3668 2313 3684 τ’
2402 3667 2435 3723 ἀ
2486 3669 2496 3687 ν
2539 3666 2573 3725 λ
2758 3662 2784 3688 ’θ
3002 3687 3018 3702 ο
3197 3668 3209 3688 Ι
3429 3667 3443 3689 9
3490 3670 3503 3691 9
3670 3672 3695 3684 ει

2102 3689 2205 3723 ποτ
2283 3689 2344 3724 αν
2436 3689 2537 3724 νακ
2578 3689 2698 3739 ησιν
2756 3670 2979 3743 οψοιντο
3077 3671 3316 3746 καθαπερ
3388 3666 3485 3724 ουδ
3583 3668 3756 3724 ἐκεινα

2103 3751 2449 3832 συντριϐέντα
2498 3758 2594 3832 μὲν
2647 3755 2710 3812 τὸ
2763 3759 3153 3832 καμινευθῆναι
3211 3758 3303 3814 καὶ
3375 3756 3752 3815 λεπτυνθέντα.

2176 3884 2206 3913 ‹‹
2252 3861 2352 3917 Καὶ
2406 3865 2496 3917 νῦν
2571 3859 2837 3938 βασιλεῖς,
2898 3862 3104 3934 σύνετε,
3148 3860 3497 3936 παιδεύθητε,
3557 3864 3753 3927 πάντες

2101 3951 2155 4006 οἱ
2177 3950 2453 4027 κρίνοντες
2481 3951 2583 4020 τὴν
2611 3958 2740 4027 γῆν.
2774 3973 2805 4003 α
2829 3984 2901 3994 -
2937 3956 3107 4008 Τοῦτο
3135 3952 3276 4027 πρὸς
3330 3951 3459 4015 τοὺς
3508 3947 3752 4019 ἔθνικοὺς

2100 4039 2154 4095 έν
2185 4043 2329 4115 πάσῃ
2381 4042 2453 4115 τῇ
2504 4044 2578 4117 γῇ
2633 4039 2876 4115 βασιλεῖς
2930 4061 2990 4096 τε
3045 4041 3136 4098 καὶ
3166 4039 3444 4117 ἡγεμόνας
3475 4041 3504 4096 ὁ
3532 4043 3752 4120 προφή-

2096 4150 2198 4200 της
2251 4127 2408 4208 φησὶ,
2454 4128 2545 4185 καὶ
2605 4126 2676 4184 δι’
2730 4128 2906 4185 αὐτῶν
2943 4129 3034 4186 καὶ
3067 4131 3202 4206 πρὸς
3225 4128 3356 4192 τοὺς
3386 4120 3754 4204 ὑποταττομὲ

2097 4239 2223 4282 νους
2271 4217 2477 4282 αὐτοῖς.
2528 4217 2664 4282 Τοὺς
2718 4217 2914 4282 αὐτοὺς
2951 4216 3011 4275 δὲ
3062 4218 3224 4277 καλεῖ
3260 4218 3351 4275 καὶ
3386 4217 3630 4294 βασιλεῖς
3659 4219 3751 4275 καὶ

2096 4308 2304 4385 κριτὰς,
2338 4304 2537 4364 ἐἷ’τουν
2598 4304 2873 4372 δικαστάς·
2932 4306 3207 4367 Βασιλέων
3266 4309 3371 4385 γὰρ
3460 4308 3552 4363 καὶ
3621 4310 3754 4385 ἡγε-

2103 4395 2281 4472 μόνων
2340 4395 2452 4454 ἐστὶ
2507 4397 2570 4453 τὸ
2627 4394 2954 4469 δικαστικὸν,
3000 4396 3116 4453 ἐπεὶ
3163 4397 3254 4453 καὶ
3281 4398 3345 4453 τὸ
3375 4397 3753 4472 νομοθετικὸν,

2096 4486 2160 4541 τὸ
2192 4482 2251 4541 δὲ
2302 4485 2394 4541 καὶ
2444 4489 2537 4542 νῦν
2592 4482 2762 4558 δηλοῖ
2810 4487 2904 4561 μὲν
2947 4487 3040 4542 καὶ
3078 4486 3141 4542 τὸ
3170 4483 3260 4542 διὰ
3284 4490 3468 4560 τοῦτο,
3502 4483 3671 4558 δηλοῖ
3695 4484 3755 4542 δὲ

2097 4575 2189 4632 καὶ
2236 4575 2298 4632 τὸ
2351 4575 2456 4632 ἀπὸ
2511 4572 2670 4633 τοῦδε
2710 4576 2803 4632 καὶ
2852 4576 3044 4633 λοιπόν
3096 4596 3232 4655 φησι
3280 4574 3473 4639 πάντες
3504 4575 3663 4650 ὑμεῖς
3700 4576 3756 4632 οἱ

339 4645 404 4744 ’ξὸ
457 4649 712 4744 τοξοῦτξοῖ
764 4639 914 4744 ὅρος]
974 4643 1051 4744 (ἒς
1097 4641 1506 4744 δεξαξτξιωμένοῆ
1536 4646 1653 4744 θεῷ
1684 4661 1697 4675 ’
1746 4642 1839 4744 ’ξξιὶ
1885 4642 1988 4744 τάξ
2019 4643 2068 4725 D
2097 4668 2205 4722 τῶν
2264 4663 2431 4722 ἐθνῶν
2487 4665 2734 4743 βασιλεῖς
2786 4667 2840 4722 οἱ
2903 4639 3181 4744 κρίνοντες
3248 4671 3421 4722 πᾶσαν
3474 4639 3575 4736 τὴν
3624 4672 3753 4742 γῆν,

341 4733 394 4790 ἐν
448 4738 567 4798 τοῖς
624 4731 799 4810 ὁρίοις
851 4732 1017 4803 αὐτοῦ
1071 4732 1162 4789 καὶ
1208 4733 1567 4811 Ἱερουσακήμ
1610 4734 1647 4803 ἡ
1704 4730 1870 4797 πόλις
1899 4733 1992 4789 καὶ

342 4822 372 4878 6
421 4822 569 4893 ναὸς,
620 4821 671 4878 ἐν
721 4822 767 4895 ᾦ
812 4827 960 4877 πᾶσα
1009 4818 1233 4899 λατρεία
1277 4822 1589 4899 προσήγετο
1622 4818 1883 4889 διηνεκῶς
1911 4825 1992 4895 τῷ

341 4917 478 4986 Θεῷ.
535 4912 644 4981 Τήν
698 4911 864 4967 αὐτοῦ
921 4908 981 4966 δὲ
1037 4909 1386 4968 διδασκαλίαν
1450 4911 1780 4988 πρόσταγμα
1832 4909 1993 4967 καλεῖ

337 5006 438 5058 τοῦ
483 4999 718 5077 Πατρὸς,
767 5001 842 5064 ὡς
891 4998 1094 5065 οἰκείας
1139 5001 1319 5078 ἀρχῆς
1354 5020 1369 5034 ·
1417 4999 1562 5057 οὕτω
1607 5001 1713 5078 γὰρ
1743 5000 1841 5057 κᾶν
1870 5005 1991 5064 τοῖς

337 5088 692 5168 Εὐαγγελίοις
720 5088 881 5169 φησίν
917 5109 931 5124 ο
983 5114 1013 5145 ‹‹
1043 5095 1100 5146 ’0
1131 5087 1300 5165 λόγος
1331 5088 1390 5145 δν
1420 5088 1644 5146 ἀκούετε
1699 5088 1800 5146 οὐκ
1847 5087 1989 5146 ἔστιν

338 5180 494 5256 ἐμὸς,
523 5176 667 5236 ἀλλά
695 5180 794 5234 τοῦ
822 5177 1136 5253 πέμψαντός
1173 5201 1241 5254 με
1270 5178 1503 5255 Πατρός.
1537 5202 1568 5232 ››

411 5310 443 5341 ‹‹
471 5287 671 5365 Κύριος
703 5285 817 5353 εἶπε
846 5286 985 5362 πρός
1020 5307 1108 5360 με,
1171 5282 1294 5349 Υἱός
1344 5307 1451 5361 μου
1499 5286 1552 5341 εἷ
1592 5284 1676 5342 σύ.
1711 5309 1734 5339 ι
1795 5317 1867 5330 --
1894 5285 1992 5351 Εἰς

334 5377 679 5456 παράστασιν.
730 5382 830 5447 τῆς
887 5373 1147 5445 ἀληθείας
1201 5373 1370 5441 ταῦτά
1426 5397 1561 5454 φησι
1613 5375 1752 5453 πρὸς
1816 5377 1991 5451 ἡμᾶς,

337 5467 428 5525 ἴνα
480 5471 695 5545 γνῶμεν
755 5464 838 5521 ὅτι
890 5464 997 5542 πρὸ
1050 5468 1158 5520 τῶν
1218 5464 1426 5520 αἰώνων
1488 5465 1775 5543 θοπρεπῶς
1808 5467 1990 5544 γεγέν-

337 5577 498 5637 νηται
555 5555 703 5633 παρὰ
727 5559 824 5611 τοῦ
855 5557 988 5610 Θεοῦ
1016 5553 1107 5609 καὶ
1135 5553 1368 5631 Πατρὸς,
1401 5554 1492 5610 καὶ
1542 5555 1667 5619 Υἱὸς
1717 5559 1815 5611 τοῦ
1860 5559 1993 5611 Θεοῦ

338 5648 456 5721 κατ’
485 5644 668 5705 οὐσίαν
703 5644 864 5703 ἐστίν.
1068 5685 1073 5689 η

419 5736 617 5823 «Ἐγώ
676 5736 923 5814 σήμερον
977 5731 1276 5812 γεγέννηκά
1330 5755 1407 5793 σε.
1473 5758 1496 5786 ιι
1557 5768 1627 5778 —
1674 5738 1845 5791 ’Ῑῖοῦτο
1904 5732 1993 5791 διὰ

2099 4750 2277 4831 ἤγουτ
2335 4755 2388 4810 οἱ
2445 4753 2499 4811 ἐν
2555 4753 2675 4829 ὅλῳ
2728 4759 2809 4829 τῷ
2853 4754 3050 4831 κόσμῳ
3080 4751 3411 4826 δικάζοντες,
3439 4754 3556 4811 ἐνπεὶ
3585 4753 3753 4828 ἐκλη-

2102 4843 2318 4920 ρώθητε
2369 4846 2450 4917 τῷ
2504 4844 2743 4920 Χριστῷ,
2799 4845 2891 4900 καὶ
2944 4841 3203 4900 Ἰουδαῖοι
3259 4842 3626 4923 ἆπεῤῥίφησαν
3660 4844 3753 4900 καὶ

2102 4929 2249 4988 δεινὰ
2301 4932 2469 5010 μυρία
2520 4932 2869 5006 πεπόνθασιν,
2930 4933 3006 4997 ὡς
3058 4934 3150 4990 τὸν
3204 4934 3432 5011 Χριστὸν
3459 4932 3755 5006 ἀθετήσαν-

2098 5042 2206 5095 τες,
2268 5019 2386 5077 ἐπεὶ
2432 5023 2584 5087 ταῦθ’
2637 5021 2812 5087 οὕτως
2868 5018 3008 5100 ἔχει,
3066 5021 3247 5079 σύνετε
3303 5022 3394 5078 καὶ
3421 5018 3753 5093 παιδεύθητε

2099 5112 2191 5167 καὶ
2236 5110 2313 5175 ὡς
2369 5111 2551 5187 κριταὶ
2606 5111 2699 5167 καὶ
2757 5110 3053 5186 νομοθέται
3108 5113 3200 5168 καὶ
3254 5111 3386 5175 τοὺς
3465 5111 3553 5191 ὑφ’
3607 5111 3752 5188 ὑμᾶς

2102 5199 2270 5264 λαοὺς
2329 5197 2719 5278 διορθώσασθε.
2781 5202 2879 5257 Διά
2935 5202 3029 5277 μὲν
3085 5199 3178 5258 οὖν
3232 5205 3331 5258 τοῦ
3388 5200 3568 5280 σύνετε
3610 5202 3751 5279 πρὸς

2101 5283 2372 5345 εὐσέϐειαν
2423 5288 2600 5368 ἐνάγει
2654 5289 2874 5361 αὐτοὺς,
2932 5288 3023 5346 διὰ
3105 5287 3164 5347 δὲ
3241 5294 3339 5347 τοῦ
3423 5287 3756 5368 παιδεύθητε

2097 5378 2237 5454 πρὸς
2297 5379 2500 5454 σεμνὴν
2526 5360 2538 5368 ⁷
2567 5380 2660 5434 καὶ
2714 5382 2986 5457 σωτήριον
3044 5377 3346 5456 διαγωγήν.
3407 5360 3755 5458 ΩΥπερϐατῶς

2101 5465 2161 5525 δὲ
2188 5467 2281 5523 καὶ
2335 5463 2638 5533 άσυνδέτως
2695 5471 2731 5541 ἡ
2790 5468 3034 5541 σύνταξις
3065 5489 3078 5503 ·
3130 5493 3161 5522 ‹‹
3211 5468 3313 5524 Καὶ
3355 5473 3472 5539 νῦν,
3510 5460 3757 5545 βασιλεῖς

2098 5556 2296 5621 πάντες
2353 5558 2406 5614 οἱ
2455 5558 2732 5636 κρίνοντες
2789 5560 2887 5630 τήν
2944 5566 3075 5635 γῆν,
3143 5557 3342 5629 σύνετε,
3427 5554 3756 5628 παιδεύθητε

2101 5648 2156 5702 οἱ
2199 5647 2395 5721 πρώην
2446 5645 2596 5712 ὄντες
2647 5647 2891 5704 ἀσύνετοι
2937 5649 3029 5705 καὶ
3081 5646 3396 5705 ἀπαίδευτοι
3431 5667 3447 5682 ⁸
3500 5671 3529 5702 ››
3573 5648 3756 5704 ἀσύνε-

2097 5756 2184 5792 τοι
2246 5736 2340 5811 μὲν
2398 5738 2474 5800 ὡς
2544 5739 2621 5812 μή
2683 5736 2949 5802 συνιέντες
2990 5738 3083 5794 τὸν
3116 5730 3248 5817 ὅντα
3275 5736 3427 5811 Θεὸν,
3459 5735 3607 5794 ἀλλὰ
3633 5742 3751 5800 τοῖς
