4072 6422
296 421 450 481 1335
1543 413 1946 478 ΝΙΟΕΡΗΟΒῙ

2067 410 2455 472 LEMMID/E
3561 417 3731 477 1336

292 548 391 606 ούκ
446 545 564 604 οῦσι
624 551 768 613 θεοῖς
839 547 1107 611 ἀσυνέτως
1183 546 1554 624 λατρεύοντες,
1613 541 1941 600 ἀπαίδευτοι’
1971 547 2153 614 Ατῆς
2201 538 2448 603 παιδείας
2496 539 2787 616 ἀναγκαῖόν
2834 541 3000 616 ἐστῖν,
3051 540 3146 598 εἴτ’
3190 543 3284 598 οὗν
3327 543 3494 617 ὀξέως
3541 545 3732 624 ἁρπά-

292 635 350 694 δὲ
407 638 482 701 ὡς
544 638 620 712 μὴ
679 635 1099 712 πεπαιδευμένοι
1155 642 1234 710 τῷ
1288 633 1441 711 νόμῳ
1496 640 1575 708 τῷ
1630 634 1797 712 ὀρθῷ,
1830 630 1938 687 ἀλλ

291 724 628 790 ἀπαιδεύτως
684 727 751 782 τὰ
806 726 1097 804 παράνομα
1154 726 1502 803 πράττοντες.
1561 724 1755 779 Σύνετε
1827 721 1942 792 τὸν,

297 818 344 891 ᾧ
399 815 754 894 κεκλήρωσθε
816 816 1013 894 Κύριον
1068 815 1156 871 καί
1214 817 1361 886 Θεὸν,
1419 815 1509 870 καὶ
1563 814 1742 878 καθὼς
1789 811 1946 872 αὐτὸς

298 903 557 978 ἐδίδαξεν,
607 901 782 968 οὕτως
831 905 978 979 αὐτῷ
1025 906 1088 961 τὸ
1139 899 1299 966 σέϐας
1351 905 1670 979 προσάγετε.
1722 897 1948 956 Παιδεύ-

297 997 429 1068 θητε
479 999 596 1059 τοῖς
655 995 819 1050 αὐτοῦ
879 993 1234 1070 διατάγμασιν
1271 1013 1284 1027 ο
1337 995 1427 1048 καὶ
1457 994 1636 1054 καθὼς
1664 995 1831 1046 ταῦτα
1861 1002 1945 1054 θε-

299 1084 601 1157 σπίζουσιν,
654 1083 798 1140 οὓτω
851 1083 942 1140 καὶ
1000 1082 1348 1140 πολιτεύεσθε
1379 1103 1391 1114 ·
1449 1082 1629 1144 πίστις
1659 1081 1762 1156 γὰρ
1795 1079 1946 1142 ἐκτὸς

297 1173 466 1252 ἔργων
496 1173 780 1246 ἀνόνητος.

372 1302 403 1332 ‹‹
435 1275 770 1334 Δουλεύσατε
821 1282 901 1350 τῷ
955 1278 1138 1354 Κυρίῳ
1194 1277 1245 1332 ἐν
1278 1276 1456 1356 φόβῳ.
1519 1299 1548 1328 ››
1607 1310 1676 1319 -
1716 1275 1946 1347 Δοῦλος,

298 1366 506 1430 ἐκεῖνός
566 1365 706 1423 ἐστιν
767 1368 795 1422 6
855 1362 1150 1442 δεῃγμένος
1210 1366 1339 1428 ’ὸλος
1386 1371 1466 1439 τῷ
1523 1371 1620 1421 τοῦ
1687 1362 1948 1420 δεσπότου

299 1455 594 1530 θελήματι.
654 1457 746 1511 Διὸ
791 1455 860 1511 τὰ
917 1454 1200 1530 θελήματα
1281 1460 1378 1510 τοῦ
1463 1454 1662 1530 Κυρίου
1744 1455 1952 1509 ποιεῖτε

301 1550 602 1623 τηροῦντες
659 1545 822 1600 αὐτοῦ
889 1545 956 1600 τὰ
1012 1544 1440 1621 προστάγματα·
1500 1543 1648 1614 πλὴν
1715 1543 1822 1620 οὐχ
1877 1542 1952 1604 ὡς

301 1632 514 1709 ἔτυχεν,
554 1632 681 1689 ἀλλ’
712 1633 764 1688 ἐν
814 1629 992 1712 φόϐῳ,
1042 1631 1277 1695 δεδιότες
1339 1635 1538 1706 μήπως
1594 1632 1729 1687 αὐτὰ
1780 1652 1952 1707 παρα-

303 1718 489 1786 ϐάντες
537 1719 759 1777 κολάσει
815 1722 1270 1798 καθυπαχθείητε.
1330 1723 1428 1777 Καὶ
1487 1722 1647 1784 οὗτος
1709 1721 1801 1795 μὲν
1836 1726 1952 1782 τοῖς

302 1810 676 1888 είσαγόμένοις
728 1813 758 1867 6
811 1806 980 1890 φόϐος
1024 1811 1348 1888 ἐπιπρεπής,
1405 1812 1468 1866 τὸ
1513 1812 1608 1873 τὰς
1679 1809 1951 1884 τιμωρίας

302 1899 573 1983 δεδιέναι,
609 1901 677 1956 τὰ
727 1907 829 1971 τῆς
887 1896 1240 1976 παραϐάσεως
1297 1901 1565 1974 ἐπιτίμια.
1629 1900 1736 1989 ,Καὶ
1793 1898 1951 1975 λέγε-
1983 1923 2033 1989 Β

297 2011 386 2046 ται
441 1989 872 2066 ποιχειωτικὸς,
932 1990 1007 2052 ὡς
1073 1995 1171 2046 τοῦ
1227 1991 1365 2044 κατά
1395 1990 1523 2045 Θεὸν
1552 1987 1955 2061 πολιτεύματος

304 2080 451 2156 ἀρχὴ
501 2079 591 2134 καὶ
649 2078 1018 2154 στοιχείωσις,
1075 2077 1166 2133 καί
1219 2079 1246 2133 6
1302 2083 1493 2134 τοῦτον
1555 2075 1699 2154 ἔχων
1729 2078 1822 2132 τὸν
1855 2076 1954 2152 φό-

306 2163 402 2224 ϐον
436 2167 489 2224 ἐν
545 2165 766 2230 δούλοις
807 2167 1100 2223 τέτακται·
1154 2164 1357 2223 δούλου
1405 2169 1506 2244 γὰρ
1558 2167 1621 2221 τὸ
1673 2161 1955 2244 φοϐεῖσθαι

304 2254 542 2334 πληγάς.
589 2258 738 2312 Ἔστι
787 2255 876 2311 καὶ
917 2254 1090 2318 ἄλλος
1122 2250 1313 2334 φόϐος,
1347 2256 1374 2310 6
1407 2254 1706 2332 λεγόμενος
1736 2253 1957 2310 τελειω-

301 2345 476 2417 τικός,
508 2344 632 2402 ὅταν
662 2367 745 2408 τις
777 2345 838 2400 ού
871 2343 961 2400 διὰ
989 2339 1157 2422 φόϐον
1188 2344 1489 2417 κολάσεων,
1523 2344 1585 2400 οὐ
1643 2342 1713 2399 δι’
1761 2341 1958 2400 ἐλπίδα

307 2433 470 2507 δόξης
527 2435 620 2490 καὶ
675 2432 1052 2507 ἀπολαύσεων,
1111 2432 1258 2489 ἀλλὰ
1310 2431 1398 2488 διὰ
1451 2435 1551 2504 τὴν
1611 2433 1748 2510 πρὸς
1831 2433 1959 2488 Θεὸν

303 2523 441 2581 αἷδὼ
500 2522 703 2599 σπεύδῃ
756 2523 1065 2601 θεραπεύειν
1125 2522 1307 2594 ούτὸν,
1371 2528 1447 2597 μὴ
1495 2523 1631 2578 κατά
1659 2521 1826 2596 νόμον
1863 2519 1959 2595 μό-

303 2634 394 2670 νον
452 2613 600 2671 ἀλλὲι
653 2613 743 2670 καὶ
801 2613 933 2690 ὑπὲρ
991 2610 1159 2687 νόμον
1219 2611 1668 2685 πολιτευόμενος,
1714 2611 1870 2672 οὗτος
1902 2609 1953 2665 ἐν

313 2705 457 2767 υἱοῖς
489 2701 684 2782 ἔφθασε
707 2700 1056 2778 κατειλέχθαι
1107 2706 1261 2759 Θεοῦ.
1321 2702 1419 2756 Καὶ
1478 2699 1669 2764 δεδιὼς
1717 2699 1954 2756 ἐκπεσεῖν

303 2800 406 2864 τῆς
456 2793 532 2857 εἷς
583 2792 744 2848 αὐτὸν
811 2791 1065 2862 υἱότητός
1104 2813 1162 2848 τε
1207 2792 1296 2846 καὶ
1342 2791 1699 2868 γνησιότητος
1755 2789 1956 2866 ἀγωνί-

309 2889 452 2953 ζεται
508 2880 794 2938 συντείνων
849 2883 940 2937 καὶ
999 2882 1131 2957 ὑπὲρ
1209 2879 1434 2955 δύναμιν
1517 2881 1724 2950 ἐαυτὸν,
1801 2880 1959 2955 ὑπερ-

314 2969 515 3028 ϐαίνειν
572 2971 618 3027 εἰ
677 2971 790 3027 οἶόν
844 2993 904 3028 τε
978 2972 1066 3026 καὶ
1141 2972 1277 3026 ἅπαν
1375 2968 1690 3045 διάταγμα·
1778 2970 1956 3034 καθὼς

308 3061 478 3118 ἐποίει
535 3060 752 3124 Παῦλος
802 3061 829 3116 6
883 3060 1049 3136 μέγας
1099 3059 1189 3115 καὶ
1235 3062 1332 3129 τῆς
1373 3057 1598 3128 ἐντολῆς
1627 3057 1956 3127 κελευούσης

309 3150 562 3225 ἄμισθον,
594 3148 719 3206 ἀλλ’
749 3149 847 3206 οὐκ
877 3147 1146 3206 ἀδάπανον
1197 3149 1330 3204 εἶναι
1383 3149 1447 3204 τὸ
1503 3150 1759 3226 κήρυγμα
1791 3168 1803 3180 °
1865 3147 1952 3203 καὶ

301 3241 404 3316 γὰρ
463 3239 608 3310 ἄξιός
665 3237 805 3294 ἐστιν
865 3240 893 3293 6
948 3237 1200 3314 ἐργάτης,
1261 3239 1414 3314 φησὶ,
1472 3244 1572 3308 τῆς
1627 3237 1792 3292 αὐτοῦ
1829 3257 1953 3313 τρο-

299 3336 406 3408 φῆς
439 3348 451 3361 ·
484 3328 643 3390 αὐτὸς
671 3329 761 3382 καὶ
806 3327 906 3396 τήν
955 3327 1163 3404 τροφὴν
1218 3325 1276 3380 ἐκ
1329 3330 1425 3380 τοῦ
1475 3325 1643 3400 μόνου
1700 3331 1808 3380 τῶν
1867 3325 1948 3380 οἰ-

297 3416 459 3472 κείων
488 3421 691 3493 χειρῶν
727 3415 1010 3489 ἐκομίζετο
1046 3435 1058 3448 ⁸
1092 3414 1182 3469 καὶ
1215 3414 1326 3491 οὐχ
1357 3416 1529 3488 ἑαυτῴ
1581 3413 1767 3489 μόνον,
1825 3411 1952 3470 ἀλλ’

296 3503 408 3578 ἤδη
441 3527 505 3582 γε
535 3505 625 3561 καὶ
664 3510 779 3567 τοῖς
836 3503 927 3558 σὺν
989 3504 1154 3577 αὐτῷ.
1207 3506 1433 3579 Λέγεται
1494 3502 1552 3558 δὲ
1605 3501 1952 3565 τελειωτικὸς

298 3596 514 3658 οὗτοςὸ
545 3589 734 3674 φόϐος,
775 3592 857 3649 ὅτι
916 3593 1006 3649 τὸν
1057 3593 1361 3668 ἠξιωμένον
1424 3589 1569 3669 ἔχειν
1629 3592 1806 3660 αὐτὸν,
1864 3613 1950 3646 τε·

297 3682 441 3740 λειοῖ
493 3685 594 3754 τήν
651 3685 769 3739 κατ’
841 3679 1124 3760 ἄνθρωπον
1210 3681 1536 3754 τελειότητα
1569 3703 1580 3715 ·
1661 3682 1838 3744 καθὼς
1921 3681 1949 3736 6

295 3772 705 3850 στειχειωτικὸς
762 3778 1026 3850 ςτοιχειοῖ
1089 3773 1224 3850 πρὸς
1282 3773 1476 3850 ἀρετήν
1533 3772 1625 3826 τὸν
1674 3771 1948 3844 κτησάμε-

294 3883 413 3921 νον.
467 3860 567 3934 Εί¹η
630 3863 691 3918 ἂν
747 3860 838 3919 καί
898 3863 1058 3937 μέσος
1109 3883 1192 3925 τις
1249 3857 1416 3938 φόϐος
1449 3861 1864 3938 στοίχειωτικοῦ
1892 3880 1952 3914 τε

295 3951 388 4008 καὶ
457 3949 828 4024 τελιωτειτοῦ,
884 3953 1062 4014 καθὼς
1127 3949 1216 4006 καί
1271 3950 1406 4026 μέση
1464 3972 1546 4013 τις
1601 3947 1766 4020 τάξις.
1829 3946 1951 4003 δου-

299 4039 450 4097 λείαις
503 4061 562 4096 τε
614 4040 703 4096 καὶ
762 4039 1032 4112 υἱότητος.
1092 4041 1417 4116 Μισθαρνίαν
1479 4038 1692 4116 λέγονσι
1722 4037 1948 4108 ταύτην.

301 4133 504 4207 ’Ὠσπερ
556 4129 648 4186 οῦν
706 4131 844 4208 πρὸς
892 4131 957 4186 τὸ
1015 4125 1200 4187 λαϐεῖν
1253 4132 1354 4208 ὁρᾷ
1381 4131 1471 4185 καὶ
1506 4131 1704 4204 μοχθεῖ
1733 4125 1822 4183 διὰ
1847 4130 1948 4198 τήν

300 4217 565 4276 ἀντίδοσιν
620 4221 648 4275 6
696 4218 748 4276 ἐν
803 4222 1096 4294 μισθωτοῖς
1145 4215 1550 4297 εὑρισκόμενος,
1607 4218 1779 4279 οὕτως
1828 4212 1887 4271 ἄν
1920 4217 1949 4270 6

301 4308 462 4371 αὐτὸς
517 4308 606 4365 καὶ
656 4303 908 4388 φοϐοῖτο,
945 4311 1019 4384 μή
1055 4331 1172 4372 πως
1203 4310 1454 4386 ἀποτύχῃ
1481 4315 1582 4378 τῆς
1615 4303 1946 4382 μισθαποδο-

299 4398 417 4461 σίας
440 4396 724 4473 ἀμελήσας
749 4403 848 4454 τοῦ
888 4395 1046 4476 ἔργου
1074 4401 1164 4454 καὶ
1193 4399 1429 4477 καθυφίῃ
1455 4405 1556 4468 τῆς
1587 4393 1849 4467 σπουδῆς.

370 4530 399 4559 ‹‹
431 4504 536 4564 Καὶ
565 4503 900 4581 ἀγαλλιᾶσθε
930 4505 1078 4580 αύτῷ
1112 4504 1162 4561 ἐν
1185 4505 1400 4583 τρόμῳ.
1431 4529 1461 4557 ››
1500 4538 1560 4548 -
1613 4503 1713 4558 Καὶ
1759 4501 1945 4579 χαίρε-

294 4615 355 4650 τε
408 4593 555 4667 αύτῷ
602 4598 681 4666 τῷ
727 4593 908 4671 Κυρίῳ
961 4596 1035 4668 μὴ
1089 4593 1142 4649 ἐν
1190 4592 1336 4669 λύπῃ
1391 4593 1481 4648 καὶ
1527 4591 1717 4669 πικρίᾳ
1763 4596 1948 4667 ψυχῆς

295 4685 389 4746 τὰς
417 4683 582 4739 αὐτοῦ
638 4687 918 4745 ποιοῦντες
971 4681 1194 4745 ἐντολὰς
1243 4681 1368 4739 ἀλλ’
1421 4681 1472 4736 ἐν
1504 4680 1824 4737 ἀκαλλιάσει
1855 4680 1944 4736 καὶ

296 4771 626 4848 ἱλαρότητι·
678 4769 826 4841 πλὴν
882 4768 1019 4827 ἔστω
1075 4771 1163 4827 καὶ
1208 4771 1413 4847 τρόμος
1454 4770 1509 4826 ἐυ
1588 4771 1714 4844 ὑμῖν
1763 4772 1799 4840 ἡ
1847 4774 1946 4824 τοῦ

297 4857 473 4940 φόϐου
522 4860 784 4934 ἐπίτασις,
837 4859 930 4916 ’ίνα
984 4860 1370 4939 προσεκτικοὺς
1447 4861 1584 4934 ὑμᾶς
1657 4858 1946 4936 ἐργάζηται

296 4951 386 5006 καὶ
437 4950 845 5012 συννενευκότας
890 4951 966 5014 εἷς
1024 4953 1122 5020 τήν
1188 4955 1297 5006 τῶν
1367 4948 1602 5006 ἐντολῶν
1672 4947 1942 5026 φυλακήνο

295 5042 395 5097 Καὶ
444 5039 629 5097 ἄλλων
683 5038 740 5096 δὲ
788 5038 1117 5118 ἀγαλλιᾶσθε
1183 5039 1330 5114 αύτῷ
1394 5045 1474 5112 τῷ
1543 5036 1818 5094 δουλεύειν
1866 5042 1944 5110 τῷ

293 5129 479 5207 Κυρίῳ
525 5136 696 5186 πᾶσαν
747 5131 920 5206 χαρὰν
972 5126 1191 5206 ἔχοντες
1230 5130 1282 5185 ἐν
1306 5131 1542 5192 ἑαυτοῖς·
1579 5127 1662 5184 ὅτι
1690 5125 1942 5183 τοιούτου

290 5220 492 5296 Κυρίου
525 5217 712 5276 δοῦλοι
743 5221 982 5296 γενέσθαι
1013 5220 1404 5296 κατηξιώθητε.

363 5295 391 5361 «ξ
460 5309 724 5382 Δράξασθε
760 5295 1013 5370 παιδείας
1065 5295 1278 5382 μήποτε
1323 5309 1550 5385 ἀργισθῇ
1607 5306 1804 5383 Κύριος
1850 5305 1940 5360 καὶ

288 5396 582 5462 ἀπολεῖσθε
643 5397 694 5469 ἐξ
762 5394 890 5453 ὁδοῦ
966 5396 1195 5461 δικαίας.
1259 5423 1288 5452 »
1354 5430 1426 5440 —-
1481 5393 1732 5452 Παιδείαν
1795 5394 1939 5472 λέγει

289 5488 390 5556 τὴν
448 5487 749 5563 πρακτικὴν
798 5487 1016 5564 ἀρετήν.
1065 5489 1134 5543 Τὸ
1184 5485 1243 5543 δὲ
1287 5486 1546 5565 δράξασθε
1601 5484 1696 5540 δύο
1750 5483 1936 5559 δηλοῖ,

289 5577 353 5631 τὸ
397 5576 610 5652 ταχέως
659 5570 868 5648 λαϐεῖν,
921 5576 1010 5631 καὶ
1054 5578 1115 5631 τὸ
1147 5582 1436 5654 κατασχεῖν
1471 5575 1746 5655 ἀσφαλῶς.
1799 5571 1940 5632 Οὐδὲ

287 5686 386 5742 γαρ
444 5665 558 5742 χρὴ
612 5669 789 5736 ζητεῖν
843 5664 1136 5739 ἀνειμένως
1163 5669 1262 5736 τήν
1297 5667 1489 5743 ἀρετὴν
1595 5665 1710 5740 μετ’
1739 5658 1935 5720 ἀναϐο-

289 5749 414 5828 λῆς,
446 5753 593 5811 ἀλλα
622 5753 888 5816 συντόνως
935 5756 1023 5809 καὶ
1079 5757 1194 5829 μετ’
1235 5755 1557 5832 ἐπειγωλῆς.
1613 5755 1934 5828 Δράττεσθαι

2057 635 2162 700 ζειν
2221 629 2389 701 αὐτὴν
2439 631 2530 686 καὶ
2580 630 2884 700 εἰσοικίζειν
2929 631 2982 686 ἐν
3031 632 3264 696 ἑαυτοῖς.
3317 634 3389 690 Τὸ
3446 633 3548 712 γὰρ
3579 655 3734 713 χρο-

2054 720 2212 790 νίζειν
2273 720 2326 775 ἐν
2385 725 2464 793 τῷ
2521 725 2671 793 κακῷ
2726 722 2961 798 πονηρὸν
3014 716 3134 786 ἔθος
3189 721 3357 778 τίκτει
3416 725 3509 779 καὶ
3559 747 3730 781 συνα-

2053 804 2357 881 πόϐλητονο
2410 815 2612 884 ’Ὠσπερ
2665 809 2768 886 γὰρ
2828 808 2879 880 ἐξ
2927 808 3081 874 ἔθους
3120 813 3156 881 ἡ
3190 812 3354 886 ἀρετὴ
3377 813 3439 867 τὸ
3474 813 3730 889 μύνιμον

2057 896 2173 974 ἔχει
2230 897 2320 952 καὶ
2378 897 2599 974 πάγιον,
2661 894 2804 953 οὕτω
2867 898 2960 954 καὶ
3017 902 3052 970 ἡ
3110 899 3270 956 κακία
3325 898 3734 979 δυσέκτριπτός

2058 986 2194 1042 ἐστιν
2243 986 2628 1063 ἐγχρονίσασα.
2683 988 2788 1045 Καὶ
2834 988 2901 1042 τὰ
2947 986 3136 1044 πολλά
3181 994 3300 1052 τοῖς
3351 989 3523 1060 αὐτῆς
3567 991 3734 1069 ἐργά-

2056 1097 2174 1140 ταις
2221 1075 2665 1153 συγκαταλύεται.
2710 1078 2804 1146 Μὴ
2856 1075 3101 1148 σπουδῆς
3141 1078 3224 1134 ὅτι
3258 1077 3480 1151 πολλῆς
3515 1080 3734 1137 εἰσενε-

2059 1161 2287 1240 χθείσης
2343 1164 2418 1226 εἷς
2462 1165 2560 1234 τήν
2609 1164 2813 1236 ταύτης
2873 1160 3159 1236 ἀποϐολήν
3224 1167 3316 1222 καὶ
3376 1169 3479 1238 τὴν
3524 1173 3729 1239 κτῆσιν

2055 1256 2154 1308 τοῦ
2209 1252 2430 1329 ἀγαθοῦ.
2495 1251 2762 1326 Δράξασθε
2815 1251 3082 1327 παιδείας,
3147 1257 3263 1329 μετ’
3323 1256 3729 1333 ἐπιτεταμένης

2057 1347 2366 1417 ταχυτῆτος
2442 1337 2700 1405 λαϐόντες
2771 1343 2958 1414 αὐτὴν,
3020 1343 3178 1408 ὅλαις
3238 1342 3391 1420 δραξὶ
3453 1350 3723 1426 κατάσχε-

2058 1450 2117 1485 τε
2172 1430 2261 1484 καὶ
2343 1429 2628 1508 φυλάξατε,
2701 1431 2984 1509 προθυμίᾳ
3055 1434 3338 1510 χρώμενοι
3413 1435 3559 1511 πάσῃ
3625 1439 3714 1492 καὶ

2059 1519 2235 1596 ἀγῶνι
2289 1517 2509 1593 πολλῷ,
2570 1521 2659 1576 καὶ
2717 1521 3170 1597 στναντιλήψεται
3248 1524 3472 1598 Κύριος,
3534 1524 3568 1595 ἤ
3619 1527 3710 1599 μὲν

2063 1609 2443 1684 ὀργισθήσεται
2527 1610 2617 1664 καὶ
2693 1610 2834 1667 ἐάσει
2907 1612 3068 1685 ὑμᾶς,
3147 1612 3238 1668 καὶ
3305 1613 3600 1671 ἀπολεῖσθε
3657 1616 3720 1672 ἐκ

2059 1701 2158 1768 τῆς
2211 1695 2340 1753 ὁδοῦ
2395 1705 2496 1768 τῆς
2558 1697 2770 1764 δίκαίας
2820 1720 2832 1731 ·
2903 1700 2970 1771 ἥν
3043 1697 3177 1778 ἔγνῶ
3232 1703 3324 1758 καὶ
3382 1703 3722 1777 ᾠκειώσατο.

2060 1786 2272 1856 Ταύτης
2332 1787 2647 1852 ἐκπεσόντες
2696 1785 2753 1844 δὲ
2810 1795 2912 1859 τῆς
2969 1787 3122 1863 ὁδοῦ,
3191 1790 3281 1845 καὶ
3338 1796 3435 1846 τοῦ
3510 1791 3733 1871 κλήρου

2059 1880 2169 1931 τῶν
2226 1873 2447 1931 δικαίων
2507 1879 2910 1933 συνεκπεσεῖσθε
2962 1878 3099 1934 κατά
3164 1881 3264 1950 τὴν
3337 1879 3553 1958 ἡμέραν
3625 1890 3729 1954 τῆς

2063 1964 2312 2041 κρίσεως.
2373 1966 2532 2043 Λέγοι
2589 1964 2635 2022 δ’
2692 1964 2752 2022 ἄν
2808 1965 2937 2029 ἷ¹σως
3014 1967 3104 2022 καὶ
3179 1969 3242 2023 τὸ
3308 1973 3416 2024 τῶν
3494 1967 3725 2027 δικαίων

2063 2053 2246 2130 τάγμα
2299 2052 2506 2110 δικαίαν
2571 2053 2718 2114 ὁδόν.
2773 2055 3055 2129 Εἶώθαμεν
3104 2057 3211 2134 γὰρ
3259 2059 3350 2112 καὶ
3381 2060 3552 2133 ἡμεῖς
3581 2057 3731 2116 ῗδόν-

2063 2164 2150 2205 τες
2215 2143 2488 2206 πολλάκις
2544 2142 2754 2217 ἀνδρῶν
2800 2140 3042 2200 εύλαϐῶν
3101 2145 3420 2221 ἀθροισμὸν.
3500 2149 3539 2218 ἢ
3631 2151 3729 2223 μὲν

2066 2231 2363 2304 ἀκηκοότες
2393 2232 2514 2307 περὶ
2547 2232 2722 2288 αὐτῶν
2747 2232 2947 2309 λέγειν,
2972 2232 3126 2304 Καλῆ
3145 2232 3418 2312 διαγωγὴ,
3441 2237 3725 2316 Θεοφιλής

2065 2320 2339 2394 πολιτεία,
2386 2326 2452 2396 τῇ
2501 2325 2658 2397 κοινῇ
2706 2327 2804 2377 τοῦ
2853 2321 3010 2400 ἔργου
3039 2324 3386 2402 προσηγορία
3414 2325 3543 2389 τοὺς
3576 2327 3737 2405 ἐργα-

2071 2409 2329 2486 ζομένους
2361 2408 2833 2485 διαθημαίνοντες.

2139 2525 2170 2553 ‹‹
2200 2504 2360 2556 Ὅταν
2390 2500 2624 2575 ἐκκαυθῇ
2650 2500 2702 2554 ἐν
2731 2499 2890 2578 τάχει
2925 2501 2952 2556 ὁ
2993 2502 3165 2574 θυμὸς
3220 2501 3407 2561 αὐτοῦ.
3471 2537 3544 2548 -—
3596 2506 3731 2562 Τότε

2065 2591 2168 2668 γὰρ
2222 2590 2435 2666 ταχέως
2491 2591 2520 2644 6
2576 2591 2747 2665 θυμὸς
2794 2589 2959 2646 αὐτοῦ
3003 2590 3343 2663 ἐκκαήσεταιο
3397 2593 3596 2670 Χώραν
3630 2595 3731 2652 οὐκ

2066 2675 2298 2756 ἔχοντος
2325 2684 2423 2734 τοῦ
2449 2684 2816 2755 μακροθυμεῖν
2851 2697 2865 2711 ⁸
2900 2677 2990 2735 διὰ
3012 2682 3075 2735 τὸ
3105 2679 3508 2758 συγκεκλῆσθαι
3554 2684 3731 2740 πάντα

2063 2775 2164 2839 τῆς
2197 2768 2479 2842 μετανοίας
2509 2767 2720 2845 καιρόν.

2139 2881 2170 2911 ‹‹
2223 2857 2493 2934 Μακάριοι
2535 2858 2731 2919 πάντες
2788 2857 2839 2912 οἱ
2895 2858 3214 2922 πεποιθότες
3290 2860 3375 2916 ἐπ’
3444 2861 3627 2919 αὐτόν.
3699 2888 3728 2913 n

2065 2980 2134 2990 —
2191 2948 2255 3001 Οἱ
2300 2945 2620 3011 πεποιθότες
2669 2945 3014 3024 ἐμπράκτως,
3067 2947 3130 3002 ού
3179 2947 3373 3024 λόγοις
3436 2950 3620 3023 μόνοις
3679 2952 3716 3020 ἢ

2063 3036 2154 3092 καὶ
2215 3033 2442 3092 διαθέσει
2490 3034 2843 3111 πεπλασμένῃ
2893 3036 3032 3111 μόνῃ
3079 3041 3287 3114 ψυχῆςο
3343 3039 3497 3096 ’Δλλ’
3538 3040 3589 3093 οἱ
3619 3060 3711 3094 τε-

2063 3124 2394 3201 θαρρηκότες
2422 3123 2569 3198 αύτῷ
2603 3123 2693 3179 διὰ
2719 3123 2784 3180 τὸ
2820 3130 2998 3181 ποιεῖν
3046 3125 3213 3182 αὐτοῦ
3254 3129 3323 3183 τὰ
3380 3125 3655 3199 θελήματα
3686 3147 3701 3160 ⁸

2060 3213 2146 3276 τίς
2189 3215 2314 3291 γὰρ,
2362 3213 2544 3289 Κύριε,
2606 3214 2789 3291 Κύριε,
2859 3213 3036 3289 λέγων
3113 3216 3257 3292 ἦχον
3328 3215 3567 3272 διάκενον
3620 3219 3723 3272 καὶ

2063 3308 2284 3378 καρπῶν
2347 3301 2575 3380 ἔρημον,
2635 3306 2736 3374 τὴν
2800 3304 2967 3381 ὀργὴν
3037 3305 3203 3360 αὐτοῦ
3278 3305 3725 3382 παρελεύσεται;

2059 3394 2178 3469 Χρή
2227 3392 2429 3465 τοίνυν,
2483 3391 2708 3461 ἀληθῶς
2755 3392 2994 3464 ἐλπίζειν
3028 3396 3177 3468 ἡμᾶς
3209 3395 3297 3450 ἐπί
3327 3395 3555 3472 Κύριον,
3585 3398 3730 3452 πάν-

2058 3504 2166 3537 των
2223 3486 2331 3537 τῶν
2397 3486 2609 3559 γεηρῶν
2666 3481 2999 3547 ἀποστάντας
3056 3484 3146 3539 καὶ
3187 3485 3327 3557 πρὸς
3358 3485 3520 3541 αύτὸν
3554 3485 3734 3559 μόνον

2064 3571 2387 3648 βλέποντας,
2441 3571 2533 3627 ἳνα
2576 3571 2667 3627 καὶ
2724 3579 2825 3641 τῆς
2873 3571 3118 3643 ἀληθοῦς
3169 3573 3487 3647 ἀξιωθῶμεν
3553 3597 3735 3647 μακα-

2061 3659 2336 3736 ριότητος.
2400 3661 2486 3714 Ἐν
2540 3660 2688 3734 αὐτῷ
2742 3664 2822 3733 τῷ
2875 3660 3057 3737 Κυρίῳ
3108 3661 3200 3716 καὶ
3238 3667 3355 3736 Θεῷ
3385 3665 3571 3736 ἡμῶν,
3608 3663 3656 3738 ᾧ
3692 3667 3731 3734 ἡ

2061 3747 2188 3820 δόξα
2218 3748 2294 3811 εἷς
2317 3748 2445 3812 τοὺς
2478 3749 2673 3812 αἰῶνας
2703 3755 2810 3805 τῶν
2840 3749 3070 3808 αἱῶνων.
3106 3752 3305 3825 Ἀμήν.

2671 3879 2922 3932 1IJ'AAMO
2933 3880 2968 3930 ’Ξ
3010 3881 3081 3932 Γ¹.

2131 3965 2331 4038 Ὠσπερ
2391 3967 2499 4038 πῦρ
2556 3963 2728 4040 κρίνει
2779 3964 3008 4041 χρυσὸν,
3072 3962 3180 4020 εἷίτε
3251 3963 3544 4039 κίϐδηλος,
3615 3965 3735 4026 έῗτε

2060 4049 2311 4126 δόκιμος,
2360 4051 2504 4107 οὕτω
2553 4051 2642 4107 καὶ
2691 4054 2875 4129 ψυχὴν
2921 4054 3248 4130 πειρασμὸς,
3319 4051 3427 4110 εἰίτε
3493 4059 3725 4130 σαθρὸν,

2060 4139 2167 4196 εἴτε
2222 4141 2476 4216 σταθερὸν
2535 4140 2670 4212 αὕτη
2729 4143 2877 4221 φέρει
2933 4141 2997 4198 τὸ
3071 4141 3348 4221 φρόνημα.
3426 4145 3533 4213 Τὴν
3621 4146 3732 4219 μὲν

2057 4231 2162 4308 γὰρ
2216 4228 2500 4287 δειλαίνειν
2560 4229 2651 4286 καὶ
2707 4231 3058 4287 καταπίπτειν
3122 4237 3290 4306 ποιεῖ,
3350 4233 3448 4301 τὴν
3511 4230 3558 4288 δ’
3617 4235 3725 4289 ἀν-

2059 4317 2331 4396 δρίζεσθαι
2379 4321 2468 4376 καὶ
2528 4315 2872 4397 βεϐαιότερον
2922 4319 3194 4392 ἵστασθαι,
3263 4325 3331 4396 τῇ
3408 4321 3525 4395 θείᾳ
3582 4317 3726 4398 κρα-

2056 4407 2384 4484 ταιουμένην
2443 4409 2639 4487 χειρί·
2700 4411 2883 4488 Χωρὶς
2963 4411 3067 4488 γὰρ
3142 4409 3300 4485 ἐμοῦ,
3375 4411 3562 4490 φησὶν,
3656 4414 3730 4469 οὐ

2059 4497 2277 4554 δύνασθε
2330 4504 2510 4554 ποιεῖν
2549 4497 2701 4555 οὐδέν
2738 4517 2750 4531 ⁶
2816 4523 2846 4552 ››
2890 4499 2975 4556 διὸ
3021 4501 3134 4578 χρὴ
3183 4501 3274 4556 καὶ
3329 4499 3560 4557 πάντοτε
3619 4504 3725 4576 μὶν

2057 4589 2174 4663 ὅλῳ
2223 4592 2409 4665 ψυχῆς
2466 4589 2723 4659 ἀτενίζειν
2778 4585 2987 4664 ὄμματι
3026 4588 3165 4668 πρὸς
3198 4591 3352 4663 Θεὸν,
3386 4589 3502 4646 ἐπεὶ
3532 4592 3625 4646 καὶ
3653 4594 3721 4648 τὸ

2052 4677 2462 4743 κατευθύνεσθαι
2519 4677 2696 4734 θεόθεν
2777 4679 2868 4734 καὶ
2951 4677 3016 4735 τὰ
3093 4678 3452 4758 φυλάττεσθαι
3486 4699 3500 4712 ⁸
3561 4683 3718 4757 παρὰ

2054 4768 2257 4846 Κυρίου
2309 4769 2413 4844 γὰρ
2461 4767 2529 4823 τὰ
2589 4762 2905 4841 διαϐήματα
2974 4769 3262 4845 ἀνθρώπου
3311 4769 3719 4844 κατευθύνεται,

2052 4859 2143 4916 καὶ
2191 4857 2251 4915 ἄν
2307 4859 2382 4933 μὴ
2433 4858 2638 4935 Κύριος
2688 4856 2897 4937 φυλάξῃ
2943 4858 3133 4928 πόλιν,
3189 4858 3264 4921 εἷς
3328 4858 3502 4933 μάτην
3545 4859 3717 4936 ἀγρύ-

2052 4969 2246 5016 πνησεν
2293 4949 2321 5002 6
2371 4945 2680 5026 φυλάσσων,
2742 4949 3028 5024 ἐξαιρέτως
3086 4947 3145 5005 δὲ
3189 4950 3327 5004 κατά
3374 4950 3504 5012 τοὺς
3546 4947 3719 5006 πολέ-

2057 5060 2172 5112 μων
2227 5036 2450 5112 καιροὺς
2498 5036 2588 5092 καὶ
2633 5041 2741 5092 τῶν
2798 5036 3062 5112 θλίψεων.
3129 5040 3306 5097 Τοῦτο
3369 5038 3472 5115 γὰρ
3546 5038 3713 5110 μόνον

2052 5125 2288 5206 ἀσφαλὲς
2388 5126 2438 5183 ἐν
2517 5126 2731 5203 ἐχθρῶν
2826 5126 3115 5198 ἐπιθέσεσι,
3189 5127 3252 5183 τὸ
3352 5127 3714 5206 καταφεύγειν

2052 5217 2353 5294 ὁλοψύχως
2407 5216 2495 5271 ἐπὶ
2536 5217 2627 5272 τὸν
2670 5216 2888 5291 Κύριον.
2938 5213 3011 5272 Εἴ
3051 5238 3110 5272 τε
3161 5214 3251 5273 διὰ
3300 5221 3481 5295 σοφῶν
3534 5217 3715 5274 αὐτῶν

2051 5307 2104 5362 οἱ
2151 5306 2338 5378 νοητοὶ
2394 5304 2690 5379 πολεμοῖεν
2740 5306 2830 5360 καὶ
2879 5301 3121 5362 θλίϐοιεν
3165 5303 3449 5381 δυσμενέῖς
3483 5303 3591 5361 εἷ’τε
3620 5307 3717 5362 καὶ

2051 5391 2141 5449 διὰ
2193 5398 2300 5448 τῶν
2357 5393 2571 5448 οἱκείων
2625 5391 2894 5469 ὀργάνων,
2945 5392 3094 5470 λέγω
3146 5392 3213 5464 δὴ
3261 5398 3368 5449 τῶν
3423 5394 3710 5470 βασκάνων

2049 5483 2349 5560 ἀνθρώπων
2395 5482 2485 5538 καὶ
2544 5486 2825 5559 πονηρῶν.
2881 5488 3058 5538 Ταῦτα
3113 5485 3204 5539 καὶ
3263 5485 3291 5538 ὁ
3334 5483 3712 5561 προφήτηςέξ

2048 5575 2120 5629 ὧν
2189 5572 2359 5629 ἐποίει
2419 5569 2655 5628 διδάσκει
2723 5575 2814 5627 νῦν
2886 5570 2974 5628 διὰ
3033 5578 3130 5628 τοῦ
3195 5572 3382 5649 τρίτου
3448 5571 3705 5648 ψαλμοῦ,

2046 5662 2472 5741 προηγοςμένως
2521 5659 2578 5716 δὲ
2629 5661 2753 5739 περὶ
2802 5665 2911 5718 τῶν
2949 5663 3196 5740 ἀοράτων
3232 5662 3443 5738 ἐχθρῶν
3477 5662 3506 5717 6
3539 5660 3714 5738 λόγος

2045 5752 2212 5825 αύτῷ,
2247 5753 2334 5808 καὶ
2369 5754 2502 5825 ἡμῖν
2533 5752 3002 5829 προσερχομένοις
3031 5749 3474 5828 ἀρμοδιώτατος.

4045 3117 4059 3388 ξ

4043 3421 4052 3528 ἓ

3775 6347 3808 6362 ι,
3853 6349 3856 6352 ~
3897 6353 3916 6356 ..

3307 6419 3340 6422 _
3442 6417 3480 6422 —_
3540 6413 3616 6422 ~——_
3686 6401 3798 6422 4"}
3913 6397 4072 6422 Ἰ-ι-.”κι.
