4072 6444
347 429 499 490 1337

1565 422 1978 485 EXPOSITIO
2021 423 2100 485 IN
2144 423 2533 488 PSALMOS.

3611 420 3766 481 1338

418 558 662 636 «Κύριε,
721 555 774 612 τί
851 551 1265 626 ἐπληθύνθησαν
1340 554 1391 610 οἱ
1465 547 1747 617 θλίϐοντές
1809 572 1912 629 με;
1968 578 1991 607 ι
2028 558 2180 630 Atii
2208 559 2306 610 τοῦ
2356 553 2556 631 Κυρίου
2609 553 2897 629 ἀντιλήψει
2950 550 3322 630 τεθαρρηκώς.
3381 551 3476 606 Ἐκ
3523 550 3619 626 μὶν
3667 547 3760 606 οῦν

448 646 521 703 Ού
608 641 633 667 ”
860 643 877 680 ⁵
977 643 992 664 ⁸
1151 640 1163 658 ⁵
1248 646 1276 658 “’
1371 643 1456 699 ἐ“
1516 642 1550 699 λ
1673 642 1688 665 ’
1878 644 1966 698 ἀ*

349 681 418 692 -
525 668 559 702 κ
608 666 724 723 εχω
769 665 879 700 τιν.
935 665 1003 699 τα
1039 664 1164 719 περι
1210 663 1317 699 των
1401 664 1469 718 με
1554 664 1832 699 υπουντων
1911 665 1995 698 νο-

349 742 578 814 νεγκεῖν,
611 735 658 793 εἰ
712 736 787 810 μὴ
843 734 930 789 σοὶ
975 737 1056 806 τῷ
1099 731 1288 809 Κυρίῳ
1342 754 1446 808 μου
1472 731 1553 806 τῷ
1586 733 1736 807 μόνῳ
1792 731 1999 806 δυνατῷ

355 825 623 905 βοηθῆσαί
680 845 796 898 μοι.
865 823 938 878 Τὸ
1005 819 1063 878 δέ
1122 822 1176 877 τί
1239 817 1624 896 θαυμαστικόν.
1692 817 1882 897 Βαϐαῖ,
1944 821 1999 877 τί

351 915 764 987 ἐπληθύνθησαν
808 913 862 968 οἱ
905 906 1185 974 θλίϐοντές
1217 913 1319 986 μεί
1352 907 1521 968 Βαϐαῖ
1567 911 1735 967 πόσον
1782 910 1999 982 πλῆθός

351 1006 455 1062 εἶσι
477 1007 491 1063 ί

424 1119 455 1150 ‹‹
485 1091 698 1150 Πολλοὶ
750 1090 1124 1148 ἐπανίστανται
1174 1090 1256 1146 ἐπ’
1307 1090 1427 1165 ἐμέ.
1460 1115 1490 1144 ››
1522 1124 1587 1136 -—
1618 1089 1832 1148 Πολλοὶ
1875 1089 1998 1146 ἐπε-

347 1181 617 1260 γείρονταί
665 1202 760 1256 μοι
809 1178 1095 1254 πολέμιοι.
1128 1181 1204 1236 Τά
1245 1179 1382 1235 αὐτὰ
1425 1177 1485 1235 δὲ
1532 1178 1696 1236 πάλιν
1746 1178 1906 1258 φησὶν
1940 1179 2012 1235 ἐκ

348 1269 755 1346 παθαινομένης
807 1272 1019 1346 ψυχῆς,
1065 1269 1156 1324 τὸ)
1222 1270 1350 1325 Θεὸν
1415 1268 1848 1342 ἐπικαλούμενος
1921 1269 1997 1332 εἷς

353 1362 634 1438 βοήθειαν.

421 1474 452 1504 ‹‹
485 1450 698 1507 Πολλοὶ
731 1449 948 1527 λέγουσι
976 1453 1046 1524 τῇ
1079 1451 1232 1525 ψυχῇ
1272 1470 1399 1522 μου,
1431 1448 1542 1504 Ούκ
1593 1446 1706 1503 ἔστι
1761 1447 2004 1525 σωτηρία

347 1539 497 1613 αύτῷ
553 1539 604 1595 ἐν
661 1539 743 1613 τῷ
808 1538 926 1612 Θεῷ
966 1539 1151 1598 αὐτοῦ,
1185 1562 1215 1592 ››
1243 1571 1317 1584 —
1345 1537 1604 1614 Λέγουσιν
1639 1537 1691 1593 ἐν
1747 1541 1817 1613 τῇ
1847 1541 2002 1613 ψυχῇ

354 1650 460 1703 μου
491 1626 562 1684 δι’
592 1628 709 1701 ἐμὲ,
742 1631 950 1705 νοερῶς
991 1627 1054 1683 οὐ
1113 1625 1268 1703 λόγῳ
1315 1629 1638 1707 προφορικῷ
1695 1627 2002 1698 συνωθῆσαί

353 1739 421 1794 με
467 1715 789 1781 σπεύδοντες
838 1717 916 1781 εἰς
964 1716 1294 1794 ἀπόγνωσιν.
1344 1717 1461 1775 Οὐκ
1510 1714 1652 1772 ἔστιν
1702 1715 1849 1789 αύτῷ
1895 1739 2001 1772 σω-

350 1809 512 1879 θῆναι
579 1807 728 1884 παρὰ
783 1811 881 1863 τοῦ
931 1811 1063 1862 Θεοῦ
1118 1806 1284 1862 αὐτοῦ
1330 1807 1388 1862 ’ὸν
1461 1805 1800 1862 ἐπικαλεῖται
1852 1807 2001 1879 Θεὸν,

2103 649 2212 699 τῶν
2273 643 2573 722 ἔμπροσθεν
2637 643 2868 720 λέγοιντ’
2928 642 2986 698 ἂν
3041 642 3093 698 οἱ
3163 637 3413 714 δαίμονες
3469 637 3760 715 πολεμεῖν,

2107 733 2198 789 ὅτε
2269 735 2405 790 κατά
2473 729 2766 811 πρόσωπον
2840 734 2954 788 οἷον
3028 731 3273 802 ἐστῶτες,
3350 733 3592 808 φανερῶς
3665 730 3756 786 καὶ

2107 821 2579 899 ἀπαρακαλύπτως
2639 823 2716 886 εἷς
2772 821 2962 878 κακίαν
3002 816 3370 897 ’ὀτρύνουσιψ
3424 818 3484 874 ἐκ
3539 817 3596 874 δὲ
3651 825 3760 874 τῶν

2109 906 2324 967 ὄπισθεν
2397 911 2561 968 ὑπότε
2616 909 2895 988 λαθραίως
2955 910 3047 966 καὶ
3099 911 3313 988 ἀφανῶς
3389 907 3478 964 ἐπὶ
3559 907 3764 986 βουλὰς

2107 1001 2198 1056 καὶ
2257 999 2454 1064 δόλους
2508 1000 2869 1056 τεκταίνουσιν
2933 1002 3073 1071 οἷον,
3134 999 3180 1053 εἰ
3235 1003 3313 1071 τῷ
3376 1005 3478 1070 τῆς
3545 998 3758 1075 ἀγάπης

2109 1085 2470 1166 προϐλήματι
2566 1091 2703 1167 πρὸς
2799 1089 3000 1153 πόθους
3091 1087 3340 1166 ἀσελγεῖς
3415 1087 3467 1143 ἐν
3541 1092 3764 1164 κρυπτῷ

2113 1178 2484 1256 συλαγωγοῖεν
2533 1181 2670 1234 κατὰ
2753 1179 2967 1256 μικρὸν,
3011 1179 3047 1248 ἢ
3108 1180 3214 1252 μὴν
3294 1179 3428 1252 πρὸς
3495 1177 3771 1252 συμπόσια

2109 1268 2324 1332 καὶτὰς
2356 1268 2408 1323 ἐν
2467 1267 2652 1331 αὐτοῖς
2703 1265 3022 1346 ἀδιαφορίας
3071 1265 3396 1323 ἐκκαλοῖντο
3451 1266 3541 1322 καὶ
3600 1263 3773 1344 φλυα-

2113 1356 2252 1434 ρίας,
2283 1355 2472 1414 πολλά
2533 1362 2757 1413 τοιαῦτα
2814 1354 3132 1430 κατείδομεν
3183 1355 3242 1411 ἐκ
3296 1361 3404 1411 τῶν
3454 1354 3666 1429 δεξιῶν,
3697 1355 3776 1419 ὡς

2112 1446 2201 1502 ὅτε
2231 1445 2319 1502 διὰ
2346 1453 2447 1518 τῆς
2479 1447 2530 1522 ἐξ
2562 1448 2858 1524 ἀνθρώπων
2893 1443 3056 1517 δόξης
3106 1445 3182 1508 είς
3233 1443 3446 1517 οἷειησιν
3493 1442 3765 1516 ἕλκουσιν,

2111 1537 2148 1606 ἢ
2212 1534 2300 1591 διὰ
2354 1541 2450 1592 τοῦ
2506 1537 2624 1592 κατ’
2700 1537 2896 1613 ἀρετὴν
2977 1533 3136 1605 δῆθεν
3219 1533 3618 1610 ὑποδείγματος
3693 1533 3769 1596 εἷς

2115 1627 2418 1696 ὑπόκρισιν·
2474 1627 2534 1683 ἐκ
2587 1627 2694 1683 τῶν
2755 1628 3078 1704 ἀριστερῶν,
3137 1625 3227 1682 ὅτε
3293 1625 3605 1681 τούναντίον
3681 1621 3772 1679 διὰ

2111 1723 2212 1788 τῆς
2246 1716 2306 1772 ἐκ
2332 1722 2438 1772 τῶν
2470 1716 2698 1774 πολλῶν
2730 1714 3008 1793 λοιδορίας
3059 1715 3151 1772 καί
3199 1713 3531 1792 διακραυγῆς
3586 1715 3621 1784 ἢ
3675 1713 3768 1770 καὶ

2114 1805 2324 1862 λοιπῶν
2399 1805 2684 1883 ἐπαγωγῆς
2772 1803 3072 1883 δυσχερῶν,
3129 1803 3329 1882 ἄλογος
3412 1803 3774 1880 ἀπαραμύθη-

348 1897 440 1954 καὶ
489 1897 565 1960 ὡς
611 1895 763 1972 λέγει
813 1895 896 1952 ὅτι
955 1895 1088 1958 Θεός
1140 1917 1245 1970 μου
1294 1896 1343 1951 εἶ
1397 1894 1480 1952 σύ.
1514 1895 1625 1951 Ούκ
1671 1894 1811 1952 ἔστιν
1856 1895 2003 1969 αύτῷ
2034 1916 2203 2003 Βτον
2259 1895 2626 1974 ἐπιφέρουσιν,
2659 1896 2693 1966 ἢ
2725 1895 2815 1950 καὶ
2875 1893 2944 1950 δι’
3001 1894 3270 1970 ἁμαρτίας
3330 1893 3409 1956 είς
3468 1891 3776 1970 ἀπόγνωσιν

433 1987 493 2003 ι.-
731 1982 1194 2003 .,..‹κιν
1462 1985 1665 2003 ,,,
2185 1984 2310 2003 κ,
2451 1984 2465 2003 1
2936 1984 2948 2003 Ι
3117 1983 3133 2003 θ
3367 1981 3462 2003 \r-
3717 1983 3773 2003 m

349 1987 586 2055 σωθῆναι
615 1986 744 2061 παρ’
773 1985 959 2041 αὐτοῦ·
989 1983 1130 2040 διότι
1158 1982 1399 2060 ἥμαρτεν
1433 1985 1509 2048 εἷς
1538 1985 1720 2042 αὐτόν.

423 2099 453 2128 ‹‹
487 2073 564 2130 Σὺ
613 2073 693 2144 δὲ,
725 2074 908 2151 Κύριε,
941 2073 1297 2150 ἀντιλήπτωρ
1352 2097 1457 2148 μου
1507 2075 1574 2132 εἶ.
1609 2097 1638 2126 ››
1681 2107 1751 2118 —
1794 2075 1857 2130 Οἱ
1909 2076 2004 2150 μὲν

347 2163 632 2226 τοιούτους
719 2163 1108 2240 ὑποσπείρουσι
1178 2161 1506 2238 λογισμοὺς,
1558 2159 1870 2238 ἐκθορυϐεῖν
1941 2185 2009 2238 με

348 2252 440 2308 καὶ
481 2251 761 2329 ταράττειν
829 2250 1246 2322 σπουδάζοντες·
1316 2251 1426 2327 ἐγὼ
1495 2250 1555 2308 δὲ
1621 2251 1791 2329 λῆρον
1861 2250 2004 2308 ἅντι-

353 2363 485 2419 κρυς
532 2343 628 2404 τὰς
672 2340 927 2404 τοιαύτας
964 2341 1141 2396 αὐτῶν
1212 2341 1522 2415 ἡγούμενος
1587 2337 1903 2418 προσϐολὰς
1953 2344 2011 2398 σὲ

359 2430 522 2505 μόνον
574 2430 944 2510 ἐπιγράφομαι
995 2428 1084 2487 διὰ
1129 2431 1328 2492 παντὸς
1383 2429 1777 2507 ἀντιλήπτορα,
1829 2429 2010 2506 μηδα-

334 2520 518 2595 μόθεν
570 2517 802 2576 ἄλλοθεν
852 2521 951 2590 τὴν
1003 2521 1216 2576 οἱανοῦν
1282 2519 1572 2595 ἀντίληψιν
1647 2521 1722 2584 εἷς
1779 2521 2009 2594 ἐμαυτὸν

361 2608 781 2688 φανταζόμενος·
810 2607 932 2664 οἶδα
975 2609 1077 2686 γὰρ
1126 2609 1212 2666 δτι
1254 2612 1496 2687 χρηστὸς
1547 2609 1595 2665 εἶ
1648 2611 1739 2666 καὶ
1770 2611 2012 2682 ἀνεξίκα-

361 2719 479 2772 κος,
510 2699 602 2754 καὶ
631 2693 1012 2774 ἀντιλαμϐάνῃ
1037 2703 1145 2755 τῶν
1176 2699 1605 2779 ἐπιστρεφόντων
1647 2699 1726 2764 είς
1756 2700 1832 2756 σέ.

439 2831 461 2859 ι
490 2805 626 2877 Δόξα
668 2827 773 2880 μου
813 2806 905 2861 καὶ
965 2806 1113 2880 ὑψῶν
1159 2807 1260 2876 τήν
1300 2804 1544 2885 κεφαλήν
1599 2828 1724 2881 μου.
1759 2831 1789 2859 ››
1817 2840 1888 2851 -—-
1939 2808 2016 2863 Σὺ

363 2896 411 2951 εἶ
440 2893 569 2968 δόξα
601 2917 706 2969 μου
740 2895 922 2969 μόνος,
954 2895 983 2950 6
1011 2895 1139 2958 τοὺς
1184 2895 1416 2973 ἐχθρούς
1468 2917 1573 2970 μου
1617 2896 2018 2973 τροπούμενος,

365 2985 457 3040 καὶ
515 2982 754 3056 δοξάζων
809 3006 877 3058 με
921 2984 1015 3040 τὸν
1087 2984 1224 3059 πρὸς
1274 2983 1530 3058 οὐδεμίαν
1584 2987 1795 3062 ὁρῶντα
1862 2984 2017 3060 δόξαν

361 3072 674 3150 ἐγκόσμιον.
729 3073 805 3128 Σὺ
857 3073 907 3128 εἴ
947 3074 1045 3142 τήν
1094 3073 1339 3151 κεφαλήν
1399 3096 1503 3148 μου
1544 3075 1714 3149 ὑψῶν·
1748 3077 1776 3130 6
1805 3075 2020 3152 παῤῥη-

366 3163 486 3226 σίας
533 3183 628 3235 μοι
679 3162 769 3216 καὶ
820 3161 1051 3238 θάῤῥους
1125 3159 1466 3235 μεταδιδοὺς,
1514 3162 1576 3218 ἐκ
1634 3169 1732 3218 τοῦ
1802 3165 2018 3240 βοηθεῖν

368 3271 463 3324 μοι
517 3249 798 3320 διηνεκῶς,
844 3251 935 3306 καὶ
988 3252 1064 3324 μή
1116 3249 1215 3305 ἐῶν
1265 3272 1400 3306 ποτε
1445 3252 1546 3321 τὴν
1592 3251 1731 3326 ἐμὴν
1777 3253 2018 3328 κεφαλήν

361 3339 836 3412 κατακάμπτεσθαι
883 3344 962 3412 τῷ
1014 3338 1167 3415 βάρει
1211 3344 1320 3395 τῶν
1370 3345 1687 3419 συμφορῶν,
1739 3340 1886 3398 ἀλλὰ
1945 3347 2015 3418 τῇ

359 3429 496 3506 πρὸς
532 3429 590 3484 σὲ
619 3430 940 3499 πεποιθήσει
971 3429 1245 3506 κουφίζων
1277 3429 1368 3484 καὶ
1397 3430 1606 3507 ἀνάγων
1639 3430 1830 3503 αὐτήν.

437 3560 459 3588 α
493 3539 662 3610 Φωνῇ
717 3557 822 3608 μου
869 3536 1007 3612 πρὸς
1040 3536 1235 3610 Κύριον
1286 3535 1559 3610 ἐκέκραξα,
1612 3537 1702 3593 καὶ
1751 3538 2020 3610 ἐπήκουσέ

363 3646 468 3700 μου
526 3624 579 3696 ἐξ
626 3619 790 3701 ὅρους
840 3624 993 3702 ἀγίου
1045 3624 1231 3682 αὐτοῦ.
1266 3648 1296 3676 ››
1325 3658 1395 3668 —-
1426 3626 1566 3703 Πρὸς
1617 3627 1802 3683 ἑαυτὸν
1850 3633 2019 3683 ταῦτα

359 3715 678 3790 θαρσοποιά.
729 3713 969 3791 Πέπειρα
1015 3714 1107 3770 καί
1157 3736 1288 3794 φησι
1342 3720 1441 3770 αοῦ
1479 3715 1725 3772 πλούτου
1763 3723 1864 3787 τῆς
1920 3723 2016 3774 τοῦ

359 3804 561 3880 Κυρίου
608 3803 1013 3880 χρηστότητος,
1057 3802 1152 3859 καί
1200 3801 1405 3860 ἄλλοτε
1455 3802 1668 3876 δεηθεὶς
1721 3807 1810 3862 καὶ
1873 3807 2014 3862 εἰσα-

357 3892 626 3958 κουσθείς,
683 3894 881 3963 Φωνὴν
968 3891 1027 3948 δὲ
1102 3892 1251 3969 λέγει
1330 3895 1430 3963 τὴν
1501 3897 1690 3972 νοεράν
1765 3893 2012 3968 ἔντευξιν·

357 3983 676 4058 κεκραγέναι
728 3983 828 4052 τήν
907 3981 1148 4038 ἐπίτασιν
1220 3985 1320 4052 τῆς
1386 3984 1646 4055 τοιαύτης
1710 3983 2012 4059 ἐντεύξεως·

359 4067 653 4126 ἐπακοῦσαι
708 4072 774 4127 τὸ
826 4069 1130 4147 ἐκπερῶσαι
1194 4073 1294 4141 τὴν
1356 4069 1592 4144 αἶ’τησιν.
1651 4076 1816 4150 Ὅρος
1866 4076 2016 4152 ἅγιον

358 4157 522 4214 αὐτοῦ
577 4161 640 4216 τὸ
692 4159 828 4234 ὕψος
884 4166 986 4230 τῆς
1043 4158 1335 4234 ἁγιότητος
1394 4161 1474 4216 ἐπ’
1537 4159 1757 4239 ἄπειρόν
1825 4182 2010 4242 φησιν·

353 4248 592 4323 Ὑψηλὸς
624 4247 698 4305 ὢν
721 4250 750 4304 6
783 4248 979 4326 Κύριος
1011 4249 1064 4304 ἐν
1091 4248 1363 4326 ἀγιότητι,
1395 4251 1494 4320 τὴν
1547 4249 1684 4324 ἐμὴν
1735 4251 1786 4307 ἐν
1837 4254 2013 4330 ἀμαρ-

352 4337 497 4402 τίαις
546 4339 609 4395 ού
659 4335 883 4417 παρεῖδε
926 4337 1277 4395 ταπείνωσιν.
1326 4336 1484 4394 Ἀλλ’
1532 4339 1760 4412 ἔντευξιν
1819 4341 2012 4412 ἐποιη-

357 4429 532 4501 σάμην
584 4425 742 4491 ὅλαις
789 4429 988 4504 ὁρμαῖς
1029 4431 1125 4482 νοῦ
1181 4428 1318 4504 πρὸς
1369 4427 1551 4502 αὐτὸν,
1593 4432 1680 4486 καὶ
1745 4429 2014 4503 ἐπήκουσέ

362 4538 468 4592 μου
500 4516 553 4588 ἐξ
592 4515 762 4592 ὕψους
794 4516 1091 4592 ἁγιότητος
1119 4516 1306 4573 αὐτοῦ.

435 4607 635 4684 «Ἐγὼ
709 4605 1015 4680 ἐκοιμήθην
1087 4607 1178 4662 καὶ
1252 4605 1494 4680 ὕπνωσα,
1555 4607 1852 4684 ἐξηγέρθην
1927 4604 2012 4665 ὅτι

359 4693 558 4771 Κύριος
608 4693 970 4771 ἀντιλήψεταί
1019 4717 1142 4770 μου.
1177 4719 1208 4749 ››
1237 4728 1310 4741 --
1365 4691 1696 4753 Ἑσκότωταί
1746 4719 1853 4773 μου
1896 4705 2016 4762 ταῖς

360 4783 672 4858 ἀθυμίαιςὸ
728 4782 1026 4860 λογισμὸς,
1074 4787 1165 4841 καὶ
1210 4793 1314 4856 τῆς
1369 4784 1716 4858 ἐπαλλήλοις
1770 4789 2014 4866 κεκάρω-

363 4893 462 4946 μαι
562 4879 891 4952 συμφοραῖς,
971 4874 1063 4930 καὶ
1159 4873 1432 4952 ἄπρακτος
1507 4875 1770 4953 ἐγενόμην
1856 4875 2013 4949 δίκην

361 4963 655 5026 ὑπνοῦντος
733 4962 824 5018 καὶ
905 4963 1257 5041 ἀνενέργητος
1351 4965 1402 5020 ἐν
1491 4965 1780 5042 ἀμηχανίᾳ
1873 4968 2016 5043 πάσῃ

356 5051 638 5115 καταστάς.
699 5050 858 5108 Ἀλλ’
917 5051 1170 5124 ἐννοήσας
1231 5052 1331 5126 ὅση
1389 5059 1488 5109 τοῦ
1545 5054 1818 5130 Κυρίουὴ
1868 5056 2012 5112 ἀντί-

358 5138 528 5218 ληψις
557 5141 648 5198 καὶ
693 5139 906 5211 μᾶλλον
957 5141 1008 5197 ἐν
1050 5147 1166 5206 τοῖς
1197 5142 1448 5219 ἀπόροις,
1498 5142 1585 5198 ἐπὶ
1614 5142 1743 5207 τοὺς
1790 5144 1866 5208 εἷς
1913 5145 2015 5201 αὐ-

354 5231 448 5286 τὸν
528 5231 986 5309 καταφεύγοντας,
1048 5231 1284 5307 ἀνένηψά
1364 5254 1424 5288 τε
1506 5232 1596 5287 καὶ
1678 5231 2016 5312 ἀνεθάρρησα

355 5320 645 5383 πιστεύσας
678 5318 760 5374 ὅτι
791 5320 971 5394 κάμοῦ
995 5319 1189 5397 Κύριος
1218 5319 1598 5396 ἀντιλήψεται.

428 5434 458 5463 ‹‹
493 5409 566 5465 Ού
599 5404 991 5489 φοϐηθήσομαι
1023 5409 1130 5464 ἀπὸ
1164 5407 1443 5486 μυριάδων
1478 5409 1613 5466 λαοῦ
1653 5413 1762 5466 τῶν
1818 5409 2010 5485 κύκλῳ

358 5499 844 5573 συνεπιτιθεμένων
906 5519 1023 5572 μοι.
1066 5521 1097 5550 ››
1133 5529 1200 5543 —
1251 5500 1456 5555 Λοιπὸν
1517 5498 1734 5578 ἐπείπερ
1777 5498 2008 5572 ἀντιλή-

358 5589 514 5663 ψεταί
569 5590 733 5662 μουὸ
788 5587 1010 5666 Κύριος,
1061 5585 1124 5642 οὒ
1181 5583 1570 5667 φοϐηθήσομαι
1623 5589 1731 5646 ἀπὸ
1789 5587 2007 5646 πολλοῦ

358 5677 606 5747 πλήθους
657 5677 872 5754 ἐχθρῶν
921 5679 1027 5730 τῶν
1084 5674 1144 5731 ἐκ
1191 5679 1391 5741 παντὸς
1426 5677 1622 5753 μέρους
1660 5677 2008 5752 ὁμοθυμαδὸν

361 5765 762 5823 ἐπιπιπτόντων
821 5766 911 5822 καὶ
964 5765 1294 5842 μαχομένων
1353 5790 1467 5842 μοι.
1521 5773 1696 5824 Ταῦτα
1745 5766 1804 5824 δὲ
1861 5768 2011 5846 λέγω

2112 1985 2203 2041 καὶ
2285 1984 2650 2062 ἀπαγόρευσιν
2740 1984 3012 2062 σωτηρίας
3115 1981 3632 2060 ἐκτραχηλίζουσιν.
3717 1983 3775 2036 '0

2119 2074 2304 2148 μέντοι
2344 2072 2574 2142 ,συνετὰς
2630 2073 2720 2129 καὶ
2795 2071 3088 2136 σπουδαῖος
3161 2071 3618 2146 προκατοπτεύσει
3673 2071 3772 2134 τάς

2115 2161 2290 2218 αὐτῶν
2349 2163 2602 2239 μηχανὰς
2657 2162 2748 2218 καὶ
2797 2160 3058 2218 οὐδέποτε
3127 2163 3516 2233 πτοηθήσεται·
3577 2161 3771 2232 στήσε-

2114 2272 2203 2307 ται
2263 2249 2321 2306 δὲ
2375 2251 2465 2306 καὶ
2521 2250 3000 2328 ἀντιπαρατάξεται
3055 2251 3192 2326 πρὸς
3251 2257 3422 2306 πᾶσαν
3487 2245 3770 2323 μεθοδείαν

2117 2336 2421 2410 ἐπιϐουλῆς
2465 2345 2760 2418 νουνεχῶς,
2805 2339 2894 2395 καὶ
2939 2340 3078 2416 πρὸς
3122 2339 3217 2402 τὰς
3267 2338 3401 2401 ὅλας
3458 2337 3769 2412 πολεμικὰς

2121 2428 2444 2504 συμπλοκὰς
2475 2427 2766 2505 ἀνδρικῶς·
2803 2429 2908 2485 ὑπὸ
2957 2433 3092 2484 Θεοῦ
3141 2426 3515 2507 φωτίζόμενός
3570 2449 3629 2483 τε
3683 2427 3774 2482 καὶ

2121 2517 2484 2597 σοφιζόμενος
2539 2517 2629 2574 καὶ
2689 2517 2793 2573 ὑπὸ
2846 2523 2950 2588 τῆς
3005 2516 3353 2593 ἀντιλήψεως
3411 2515 3577 2572 αὐτοῦ
3622 2514 3778 2572 δυνα-

2131 2606 2400 2682 μούμενός
2427 2628 2486 2662 τε
2515 2606 2604 2662 καὶ
2648 2606 3069 2684 κρατυνόμενος,
3099 2605 3189 2662 καὶ
3245 2607 3341 2668 τὰς
3400 2607 3496 2679 μὶν
3553 2605 3614 2661 ἐκ
3667 2609 3776 2660 τῶν

2127 2693 2430 2772 ἔμπροσθεν
2484 2692 2802 2774 προσϐολὰς
2847 2697 3170 2752 ταπεινώσει
3214 2698 3399 2772 ψυχῆς
3447 2694 3538 2751 καὶ
3585 2694 3778 2758 πόνοις

2128 2786 2382 2859 σώματος
2431 2783 2843 2860 ἀποκρούσεται,
2899 2786 2998 2848 τὰς
3046 2783 3093 2839 δ’
3146 2781 3206 2839 Ex
3263 2789 3370 2838 τῶν
3423 2778 3638 2838 ὄπισθεν
3692 2782 3783 2838 διὰ

2123 2881 2224 2945 τῆς
2279 2873 2638 2953 προφυλακῆς
2682 2873 2772 2930 καὶ
2813 2878 2911 2929 τοῦ
2959 2873 3434 2951 συντετηρημένην
3502 2871 3650 2949 ἔχειν
3696 2871 3780 2929 ἀεὶ

2124 2964 2226 3033 τὴν
2279 2960 2538 3034 διάνοιαν,
2593 2962 2683 3018 καὶ
2741 2959 3179 3037 πεπαιδευμένην
3239 2960 3378 3034 ὅλην
3431 2964 3532 3032 τὴν
3581 2959 3780 3033 αἶ’σθη-

2129 3073 2233 3126 σιν,
2265 3051 2360 3115 τάς
2419 3050 2480 3107 ἐκ
2532 3055 2637 3106 τῶν
2697 3049 2888 3125 δοξῶν,
2919 3056 2999 3125 τῷ
3047 3049 3244 3108 εἰδέναι
3282 3051 3364 3107 δτι
3397 3049 3552 3107 οὐδέν
3613 3050 3779 3120 ἐστιν,

2129 3138 2256 3197 οὔτε
2306 3141 2570 3214 πλοῦτος,
2619 3139 2730 3196 οὒτ’
2804 3139 3046 3210 ἔπαινος,
3105 3139 3217 3197 οὔτ’
3281 3141 3518 3215 ἀξίωμα,
3577 3135 3697 3204 οὔθ’
3745 3141 3781 3209 ἡ

2129 3230 2371 3305 κοσμικῆ
2416 3229 2714 3304 ματαιότης
2760 3233 2795 3302 ἠ
2845 3229 3122 3305 σύμπασα,
3163 3231 3258 3294 τὰς
3305 3229 3365 3286 ἐκ
3406 3234 3515 3286 τῶν
3567 3230 3784 3308 ἀριστε-

2131 3325 2258 3399 ρῶν,
2317 3318 2398 3394 τῷ
2443 3321 2580 3395 πρὸς
2659 3318 2826 3395 μηδὲν
2902 3319 3243 3397 ἀνθρώπινον
3325 3317 3570 3395 βλέπειν,
3628 3319 3780 3374 ἱστά-

2132 3429 2290 3484 μενον
2340 3410 2416 3472 ὡς
2466 3410 2518 3464 ἐν
2566 3411 2725 3485 τάχει
2772 3407 3152 3482 διαλυόμενον,
3186 3407 3335 3465 ἀλλά
3379 3409 3519 3484 πρὸς
3573 3408 3673 3478 τήν
3723 3407 3784 3464 ἐκ

2127 3504 2261 3555 Θεοῦ
2319 3499 2409 3554 καὶ
2472 3498 2637 3572 μόνον
2694 3496 2972 3554 δικαίωσιν
3035 3497 3236 3561 ἀτενῶς
3285 3499 3376 3554 καὶ
3445 3494 3781 3559 ἀδιαστάτως

2129 3589 2275 3666 ὁρᾷν,
2327 3589 2404 3652 ὡς
2462 3586 2870 3666 ἀσφαλεστάτην
2929 3609 2989 3644 τε
3045 3587 3136 3644 καὶ
3202 3588 3614 3663 μονιμωτάτην.
3673 3586 3784 3643 Καὶ

2124 3699 2186 3756 γε
2239 3681 2340 3749 τὴν
2398 3678 2565 3734 αὐτοῦ
2622 3677 2956 3754 ἀγαθότητα,
2991 3675 3062 3734 δι’
3105 3679 3168 3748 ἣν
3201 3679 3451 3752 ἀσμένως
3506 3677 3597 3732 καὶ
3652 3677 3782 3738 τοὺς

2127 3767 2178 3842 ἐξ
2239 3767 2403 3824 αὐτοῦ
2466 3767 2838 3842 μακρύναντας
2896 3769 2986 3824 καὶ
3043 3765 3195 3832 αὖθις
3226 3767 3301 3830 ὡς
3331 3769 3512 3843 χρεὼν
3543 3765 3787 3844 ἐπιστρέ-

2128 3879 2350 3936 φοντας,
2383 3855 2622 3933 δέχεται.

2198 3964 2511 4038 «Ἄνάστα,
2587 3963 2770 4040 Κύριε,
2849 3962 3019 4018 σῶσόν
3101 3983 3188 4037 με,
3263 3963 3292 4017 6
3367 3961 3500 4026 Θεός
3571 3983 3699 4036 μου.
3761 3986 3782 4014 ιι

2126 4053 2408 4109 -Είπὼν
2469 4054 2605 4130 πρὸς
2665 4053 2851 4109 ἑαυτὸν
2908 4053 2975 4108 τὰ
3022 4051 3345 4130 θαρσοποιὰ,
3413 4048 3558 4129 λέγει
3617 4049 3786 4108 πάλιν

2124 4144 2261 4220 πρὸς
2317 4143 2410 4198 τὸν
2470 4142 2622 4200 Θεόν.
2665 4143 2806 4220 Ἐγὼ
2860 4145 2930 4217 τῇ
2985 4142 3131 4218 παρά
3190 4146 3286 4196 σοῦ
3355 4140 3600 4217 σωτηρίᾳ
3654 4141 3780 4218 θαρο

2125 4231 2233 4310 ῥῶν
2289 4233 2516 4296 τούτους
2567 4231 2910 4311 ἐφθεγξάμην
2967 4230 3096 4294 τοὺς
3139 4229 3358 4308 λόγους.
3393 4230 3598 4287 Λοιπὸν
3653 4230 3779 4286 ἀνά-

2123 4342 2241 4392 στα,
2303 4321 2473 4377 σῶσόν
2537 4343 2624 4397 με,
2687 4323 2716 4376 6
2774 4319 2903 4383 Θεός
2964 4342 3089 4395 μου·
3139 4320 3230 4375 καὶ
3288 4321 3340 4375 οἱ
3397 4317 3466 4376 δι’
3524 4319 3622 4394 ἐμὲ
3696 4319 3786 4376 λέ-

2122 4431 2330 4487 γοντες,
2386 4411 2501 4470 Οὐκ
2557 4409 2669 4467 ἔστί
2726 4411 2971 4486 σωτηρία
3028 4409 3176 4483 αύτῷ
3207 4408 3257 4464 ἐν
3285 4414 3366 4483 τῷ
3420 4413 3536 4484 Θεῷ
3593 4409 3780 4483 αὐτοῦ,

2121 4501 2410 4577 γνώτωσαν
2464 4499 2546 4556 ὅτι
2598 4500 2684 4571 σὺ,
2715 4501 2744 4555 6
2794 4499 2922 4563 Θεός
2975 4521 3102 4574 μου,
3150 4497 3356 4563 ἔσωσάς
3412 4521 3498 4574 με.
3546 4496 3779 4576 Εἴρηται

2123 4587 2182 4646 δὲ
2236 4591 2298 4645 τὸ
2355 4590 2554 4646 ἀνάστα
2606 4593 3008 4669 μεταφορικῶς,
3039 4589 3149 4645 ἀπὸ
3200 4593 3307 4644 τῶν
3373 4588 3434 4645 ἐκ
3459 4595 3558 4659 τῆς
3619 4589 3779 4653 καθέ-

2045 4684 2092 4749 D
2125 4676 2254 4757 δρας
2312 4679 2680 4754 ἀνισταμένων
2734 4680 2824 4735 καὶ
2883 4680 3220 4754 κινουμένων
3277 4677 3353 4742 εἵς
3413 4678 3477 4734 τὸ
3511 4679 3781 4755 βοηθῆσαί

2121 4789 2285 4825 τισιν.

2200 4881 2229 4910 ‹‹
2254 4861 2374 4913 Ὅτι
2405 4857 2467 4913 σὺ
2498 4858 2762 4930 ἐπάταξας
2815 4861 3018 4921 πάντας
3067 4857 3196 4920 τοὺς
3249 4856 3640 4936 ἐχθραίνοντάς
3683 4878 3776 4931 μοι

2128 4946 2394 5021 ματαίως.
2429 4973 2456 5000 ››
2488 4980 2558 4990 -
2587 4951 2728 5019 Ὅτι,
2761 4945 2848 5002 ἐὰν
2884 4947 3048 5021 μόνον
3082 4947 3314 5021 ἀναστῇς
3373 4945 3451 5009 εἷς
3496 4945 3561 5001 τὸ
3609 4946 3779 5002 σῶσαί

2129 5057 2215 5111 με,
2245 5036 2548 5112 παραυτίκα
2576 5035 2639 5091 σὺ
2669 5035 2866 5100 πάντας
2898 5036 3160 5108 ἐπάταξας
3188 5034 3316 5097 τοὺς
3363 5034 3489 5109 ἐμοὶ
3533 5036 3777 5108 ματαίως

2125 5122 2250 5180 ἄνευ
2277 5126 2423 5189 τινὸς
2454 5125 2629 5190 αίτίας
2657 5125 3060 5203 ἐχθραίνοντας.
3091 5125 3152 5182 Τί
3181 5125 3285 5202 γὰρ
3316 5123 3606 5196 ἠδίκηνται
3652 5128 3782 5204 παρ’

2125 5213 2262 5290 ἐμοῦ
2286 5235 2300 5286 ;

2200 5345 2230 5375 ‹‹
2261 5319 2510 5386 Ὀδόντας
2565 5320 2908 5401 ἀμαρτώλῶν
2968 5321 3310 5400 συνέτριψας.
3341 5347 3369 5376 ›)
3431 5353 3502 5363 -
3562 5320 3778 5386 Εὐθέως

2122 5411 2224 5482 τήν
2256 5411 2414 5489 ἰσχὺν
2442 5416 2550 5468 τῶν
2601 5409 2945 5488 ἁμαρτωλῶν
3009 5413 3398 5491 ἐξημφάνισας,
3431 5410 3660 5474 ἀναστὰς
3713 5413 3778 5468 τὸ

2123 5505 2293 5557 σῶσαι
2358 5501 2450 5556 τὸν
2508 5500 2705 5558 δοῦλόν
2762 5523 2879 5560 σου.
2912 5502 3012 5558 Καὶ
3069 5506 3230 5558 τοῦτο
3293 5499 3351 5557 δὲ
3395 5505 3776 5580 μεταφορικῶς

2125 5591 2232 5646 ἀπὸ
2281 5594 2388 5647 τῶν
2457 5590 2661 5668 θηρίων
2711 5596 2819 5647 τῶν
2879 5591 2931 5648 ἐν
2984 5597 3064 5666 τῶ
3121 5588 3330 5648 δάκνειν
3383 5588 3623 5666 ἐχόντων
3671 5592 3772 5660 τὴν

2124 5677 2375 5754 δυναμιν,
2434 5680 2469 5735 ἃ
2518 5680 2647 5744 τοὺς
2762 5679 2984 5746 ὀδόντας
3086 5676 3452 5757 συντριϐέντα,
3519 5678 3773 5753 μένουσιν

2124 5767 2328 5846 ἀδρανῆ
2387 5771 2476 5825 καὶ
2562 5770 2842 5849 ἀνίσχυρα.
2909 5773 3197 5851 Προσφυής
3253 5773 3287 5841 ἡ
3351 5769 3652 5847 μεταφορά.
3711 5770 3773 5826 Τί
