4072 6432
364 396 517 457 1341

1590 393 2004 457 EXPOSITIO
2046 395 2127 457 ΙΝ
2171 396 2560 459 PSALMOS.

3625 395 3785 458 1342

366 528 482 598 Θεῷ
510 522 639 583 ἀλλ’
686 519 1014 600 ὁλοκλήρως
1053 525 1154 578 τοῦ
1199 527 1356 596 Θεοῦ,
1405 544 1588 596 πασης
1640 524 2010 601 ὁπερανῳκισ-
2041 528 2097 597 Α
2124 525 2192 583 τὰ
2227 527 2400 603 ἀγαθά
2448 531 2617 583 ταῦτα
2662 526 2730 583 τὰ
2776 523 3233 601 πολυθρύλλητα,
3277 527 3378 596 τήν
3426 527 3524 582 τοῦ
3582 524 3783 603 Κυρίου

370 615 533 689 μένος
589 614 861 687 κοσμικῆς
914 612 1282 689 προσπαθείας
1352 615 1443 671 καὶ
1501 612 1742 690 σχέσεως
1804 614 1896 669 καὶ
1951 614 2015 670 τὸ

366 701 678 777 πολίτευμα
727 697 873 778 ἔχων
926 700 977 757 ἐν
1025 700 1275 779 οὐρανοῖς
1309 706 1412 773 ζῶν
1447 703 1592 773 ζωὴν
1626 702 2015 778 ὐπερκόσμιον.

439 841 470 871 ιι
503 815 702 894 Κύριος
732 814 1100 872 εἰσακούσεταί
1125 839 1230 892 μου
1252 817 1304 874 ἐν
1326 822 1407 891 τῷ
1434 819 1749 896 κεκραγέναι
1785 839 1852 893 με
1880 819 2021 894 πρὸς

368 905 550 964 αὐτόν’
585 928 615 958 ››
643 938 710 951 —-
758 905 909 961 Ἐπεὶ
956 907 1133 963 πάντα
1185 908 1277 963 τὸν
1311 906 1702 986 ἀφωσιωμένον
1733 906 1881 981 αὐτῷ
1908 907 2018 967 Κύ-

369 1016 489 1073 ριος
538 994 970 1069 ἐθαυμάστωσεν,
1019 996 1304 1070 ἀνάκειμαι
1338 994 1396 1053 δὲ
1422 997 1578 1074 κάγὼ
1606 1002 1687 1071 τῷ
1716 997 1900 1073 Κυρίῳ
1927 997 2020 1053 καὶ

366 1085 466 1154 τὴν
499 1080 696 1140 ἐλπίδα
719 1104 824 1158 μου
873 1089 1044 1140 πᾶσαν
1092 1084 1174 1140 ἐπ’
1203 1084 1352 1159 αὐτῷ
1381 1086 1673 1161 κέκτημαι,
1710 1083 1879 1161 μηδὲν
1910 1090 2018 1142 τῶν

370 1172 425 1229 ἐν
505 1171 697 1246 κόσμῳ
769 1173 1101 1248 ποιούμενος
1194 1172 1660 1251 περισπούδαστον
1690 1195 1704 1209 ·
1783 1174 2022 1232 πιστεύω

372 1255 607 1339 βεὸαίως
661 1281 723 1319 τε
773 1260 865 1317 καὶ
922 1259 1203 1342 ἀσφαλῶς,
1265 1262 1347 1320 ὅτι
1423 1263 1629 1342 Κύριος
1697 1263 2023 1343 κεκραγότος

370 1371 477 1425 μου
501 1351 639 1427 πρὸς
666 1349 849 1421 αὐτὸν,
881 1349 1252 1411 εἷσακούσεται
1286 1371 1301 1386 ο
1356 1350 1443 1409 διὸ
1469 1354 1560 1410 καὶ
1614 1355 1770 1428 ὑμεῖς
1821 1355 1873 1409 οἱ
1928 1355 2024 1430 βα-

368 1437 629 1518 ρυκάρδοι
682 1440 786 1509 τὴν
849 1440 1190 1515 ματαιότητα
1236 1441 1328 1499 καὶ
1381 1440 1447 1498 τὰ
1503 1440 1703 1518 ψεῦδος
1777 1443 2027 1505 ἐάσαντες

365 1528 459 1587 καὶ
509 1528 647 1606 πρὸς
698 1527 794 1587 τὸν
861 1528 1059 1607 Κύριον
1120 1529 1444 1607 στρέψαντες
1505 1529 1808 1611 ὁλοψύχως
1877 1531 2025 1589 εἰσα-

368 1619 757 1689 κουσθήσεσθε.

441 1755 475 1786 (ι
502 1731 817 1810 ὀργίζεσθε
868 1731 960 1790 καὶ
1020 1735 1101 1810 μὴ
1150 1735 1508 1813 ἁμαρτάνετε.
1563 1759 1585 1789 ι
1637 1770 1709 1781 —
1755 1738 1828 1793 Οὸ
1857 1759 2031 1816 προσ-

367 1821 645 1894 τακτικὸν,
676 1819 805 1879 ἀλλ’
849 1821 1287 1899 ἐρωτηματικὸν,
1319 1826 1410 1881 τὸν
1441 1825 1744 1903 ὀργίζεσθε·
1775 1832 2032 1893 τοιοῦτος

371 1910 477 1989 γὰρ
507 1911 537 1966 6
576 1909 781 1988 λόγος’
835 1910 903 1968 Εἰ
946 1912 1037 1968 καὶ
1090 1912 1371 1991 ὀργίζεσθε
1403 1911 1655 1972 διαλύετε
1682 1917 1782 1987 τήν
1819 1916 1987 1994 όργήν
2014 1936 2029 1950 ·
2060 1904 2110 1973 Β

370 2001 551 2064 καθὼς
598 1998 904 2056 ἐντέλλεται
953 2002 1046 2058 καὶ
1091 2003 1158 2059 τὸ
1205 2002 1564 2082 Εὐαγγέλιον,
1614 2029 1642 2057 (ι
1709 2006 1797 2075 Μὴ
1845 2004 2030 2062 ἐπιδυ-

372 2089 498 2163 έτω,
558 2087 783 2168 φάσκον,
833 2091 862 2146 6
910 2087 1074 2161 ἥλιος
1131 2092 1221 2149 ἐπὶ
1270 2091 1350 2167 τῷ
1392 2099 1757 2172 παροργισμῷ
1790 2095 1966 2169 ὑμῶν.
1997 2119 2028 2150 »

367 2177 441 2234 T6
471 2175 531 2233 δὲ
576 2176 667 2234 καὶ
720 2179 797 2252 μὴ
844 2179 1181 2257 ἁμαρτάνετε
1225 2182 1474 2239 τοιοῦτόν
1526 2183 1657 2239 ἐστι·
1711 2184 1788 2258 μή
1817 2183 2028 2241 τελείαν

368 2267 460 2321 καὶ
502 2265 914 2344 ’ἀπηρτισμένην
986 2268 1267 2346 ἐργάζεσθε
1329 2271 1430 2342 τὴν
1500 2271 1763 2349 ἁμαρτίαν
1832 2272 1886 2329 ἐν
1950 2277 2032 2347 τῷ

369 2361 683 2412 κακοποιεῖν
737 2356 774 2427 ἢ
819 2355 871 2411 ἐν
921 2361 1001 2431 τῷ
1048 2364 1421 2433 μνησικακεῖν,
1474 2359 1590 2416 ἐπεί
1636 2361 1722 2419 τοί
1758 2383 1824 2439 γε
1850 2363 2032 2419 καὶτὸ

373 2443 687 2522 ἀργίζεσθαι
734 2445 974 2521 ἁμαρνία
1020 2446 1153 2508 ἐστί.
1208 2448 1342 2526 Περὶ
1390 2447 1450 2506 δὲ
1493 2457 1594 2522 τῆς
1645 2450 1815 2529 ὀργῆς
1847 2448 2031 2508 διδάσ-

368 2554 455 2590 κει
506 2540 609 2607 τῆς
653 2534 924 2612 ἐπιψόγου
971 2535 1062 2592 καὶ
1116 2536 1426 2614 βλαπτικῆς
1477 2538 1528 2612 ἐξ
1574 2542 1641 2611 ῆς
1691 2536 1889 2619 ἔριδες,
1936 2539 2035 2615 μά-

373 2642 493 2702 χαι,
545 2621 784 2700 πληγαὶ,
810 2623 903 2680 καὶ
945 2624 1126 2684 τᾶλλα
1160 2627 1230 2684 τὰ
1254 2627 1322 2684 τά
1349 2628 1709 2707 παραπλήσια
1731 2630 1799 2687 τὰ
1825 2651 1885 2686 τε
1912 2630 2033 2708 χεί-

377 2732 577 2790 ραι-τα.⁸
608 2714 677 2769 τὸ
720 2713 825 2791 γὰρ
870 2735 993 2771 τινα
1034 2717 1320 2787 κινηθῆναι
1367 2719 1507 2795 πρὸς
1545 2717 2032 2795 πλημμελούντων

377 2799 668 2878 διόρθωσιν
719 2801 820 2858 οὐκ
866 2801 1006 2860 ἔστιν
1057 2804 1215 2882 ὀργὴ,
1262 2804 1413 2862 ἀλλά
1441 2806 1608 2879 ζῆλος
1642 2808 1915 2873 ἐπαινετὸς
1943 2809 2035 2864 καὶ

383 2888 694 2970 ὠφέλιμος.

457 3019 488 3049 ‹‹
515 2998 589 3052 "A
619 2994 802 3073 λέγετε
849 2996 902 3053 ἐν
945 3003 1068 3062 ταῖς
1121 2997 1370 3077 καρδίαις
1425 3001 1576 3076 ὑμῶν
1627 3002 1716 3059 ἐπὶ
1757 3009 1876 3069 ταῖς
1915 3004 2039 3061 κοίά

380 3105 500 3148 ταις
534 3085 685 3158 ὑμῶν
709 3084 1061 3164 κατανύγητε.
1096 3111 1126 3139 ››
1151 3122 1217 3131 -
1249 3090 1348 3144 ’Δι’
1379 3091 1413 3145 ἅ
1442 3089 1632 3167 λέγετε
1654 3093 1746 3148 καὶ
1779 3094 2040 3168 μελετᾶτε

383 3170 437 3229 ἐν
504 3177 626 3236 ταῖς
681 3171 928 3251 καρδίαις
987 3175 1140 3250 ὑμῶν
1195 3178 1461 3251 ἀμυντικά
1504 3179 1595 3235 καὶ
1672 3182 2035 3260 ἁμαρτητικὴ

379 3261 506 3338 περὶ
551 3265 662 3316 τῶν
710 3262 973 3318 τοιούτων
1023 3265 1128 3342 γὰρ
1179 3267 1208 3321 6
1259 3266 1446 3343 λόγος,
1515 3268 1605 3324 ἐπὶ
1662 3275 1786 3334 ταῖς
1829 3271 2036 3337 κοίταις
2067 3279 2112 3346 ρ

381 3350 551 3423 ὑμῶν.
603 3351 743 3406 κατά
815 3351 907 3407 τὸν
976 3358 1078 3423 τῆς
1154 3351 1357 3419 ἐνδείας
1412 3358 1622 3434 καιρὸν,
1700 3381 2039 3437 κατανυγητε

380 3439 471 3494 καὶ
531 3437 838 3512 λυπήθητε,
894 3442 986 3496 καὶ
1047 3446 1428 3517 μετανοήσατε·
1490 3448 1683 3503 ταυτὸν
1762 3445 1809 3505 δ’
1867 3449 2036 3506 εἰπεῖν

372 3527 498 3617 περί
555 3528 629 3617 ῶν
689 3528 907 3585 ἀτόπων
965 3530 1057 3587 καὶ
1114 3532 1262 3609 παρά
1314 3535 1413 3604 τὴν
1473 3535 1725 3609 ἐντολὴν,
1760 3536 1813 3594 ἐν
1849 3540 2035 3617 ἡμέρᾳ

372 3612 767 3693 διαλογίζεσθε,
868 3620 1008 3676 κατὰ
1077 3622 1180 3692 τὴν
1280 3620 1531 3681 ἐπιοῦσαν
1632 3625 1789 3693 εὐθὺς
1872 3612 2039 3686 νύκτα

371 3706 695 3778 πενθήσατε,
751 3713 976 3785 ταχεῖαν
1034 3709 1359 3787 ποιούμενοι
1407 3714 1498 3769 καὶ
1558 3714 1735 3772 αὐτῶν
1782 3722 1891 3775 τῶν
1927 3716 2039 3775 δια-

372 3791 663 3885 λογισμῶν
711 3795 813 3885 τὴν
866 3793 1178 3874 διόρθωσιν.
1220 3800 1493 3858 Ἐντεῦθεν
1525 3799 1583 3859 δὲ
1610 3804 1848 3881 τρόπους
1882 3807 2034 3885 ἀκρι-

372 3875 505 3945 ϐοῦς
565 3883 848 3957 μετανοίας
893 3887 922 3941 6
972 3889 1259 3966 φροφήτης
1317 3892 1455 3964 ἡμῖν
1520 3875 1884 3971 παραδίδωσι,
1953 3875 2034 3970 μὴ

372 3970 498 4062 περὶ
542 3976 677 4062 τῶν.
717 3973 977 4047 πράξεων
1021 3975 1210 4050 μόνον,
1260 3976 1409 4036 ἀλλά
1447 3980 1538 4036 καὶ
1587 3970 1713 4057 περὶ
1756 3988 1865 4039 τῶν
1905 3986 2034 4062 βου-

377 4055 664 4134 λευμάτων
750 4068 1028 4142 παραινῶν
1105 4067 1543 4135 κατανύσσεσθαι.
1646 4055 1858 4129 Τούτου
1905 4055 2033 4152 ’γὰρ

379 4149 667 4226 γινομένου
751 4153 945 4229 πρᾶξις
1020 4154 1337 4232 ἁμαρτίας,
1382 4157 1482 4214 οὐκ
1555 4155 1616 4215 ἄν
1691 4149 2031 4234 ἐκτελεσθείη

377 4238 532 4298 ποτέ.
562 4245 679 4297 Τῶν
725 4240 843 4320 γὰρ.
886 4242 1076 4320 ἀρχῶν
1126 4245 1554 4322 ἀναιρυομένων,
1611 4249 1704 4306 κάὶ
1765 4252 1834 4306 τά
1894 4249 2028 4325 τέλη

374 4334 798 4409 συναναιρεῖται.
861 4332 1287 4393 Κατανύσσεσθαι
1344 4333 1404 4392 δέ
1476 4336 1589 4395 ἐστι
1643 4339 1708 4395 τὸ
1770 4360 2034 4397 κατακεν-

373 4420 563 4475 τᾶσθαι
628 4420 731 4491 τὴν
784 4417 1008 4496 καρδίαν
1067 4425 1136 4497 τῇ
1189 4425 1381 4500 μνήμῃ
1444 4429 1554 4483 τῶν
1632 4425 2029 4505 ἐπταισμένων.

371 4506 778 4595 Ἐντεῦθενκαὶ
826 4511 869 4582 ἡ
911 4508 1193 4586 κατάνυξις
1244 4509 1477 4590 εἷ’ρηται,
1532 4515 1678 4588 νύξις
1724 4520 1829 4594 γάρ
1903 4540 2032 4595 καρ-

371 4593 488 4661 δίας
541 4598 620 4655 είς
667 4597 854 4676 βάθος,
905 4599 1141 4678 Ἔρῥηξε
1187 4599 1435 4681 δακρύων
1465 4607 1670 4683 πηγήν.
1702 4593 1747 4678 ἢ
1771 4593 1818 4664 δί
1849 4593 2028 4688 an“?
2057 4649 2107 4715 Β
2142 4593 2232 4614 own
2265 4593 2449 4686 :uvwv
2471 4593 2523 4685 γα,

371 4684 632 4735 ’πημάτων
666 4686 944 4735 (inin)qu
969 4688 1289 4735 valda-“n.1,.
2214 4683 2255 4718 α.
2292 4669 2384 4719 οτι
2440 4686 2523 4735 ζου,

369 4702 439 4757 τη
449 4684 632 4760 μάτων
666 4686 944 4745 ἀπέπλυνε
969 4688 1310 4767 κολασμούς.

451 4824 473 4852 ι
525 4799 728 4858 Θύσατε
792 4802 974 4861 θυσίαν
1026 4802 1397 4880 δικαιοσύνης,
1455 4808 1545 4865 καὶ
1612 4807 1872 4868 ἐλπίσατε
1939 4813 2031 4869 ἐπὶ

375 4886 597 4966 Κύριον.
631 4912 660 4942 ››
716 4923 788 4935 -—-
843 4889 1112 4950 Ἀδικεῖτε
1172 4893 1383 4969 μηδένα
1435 4894 1647 4971 διόλου,
1703 4906 1912 4957 ποιεῖτε
1966 4902 2031 4958 τὸ

373 4974 605 5050 δίκαιον,
636 4978 728 5035 καὶ
758 4977 1091 5039 ἔσταιτοῦτο
1122 4985 1277 5041 θυσία
1330 4985 1720 5063 εὐπρόσδεκτος
1767 4994 1846 5063 τῷ
1892 4995 2029 5064 Θεῷ.

290 5113 295 5118 .
370 5068 479 5139 Τὴν
507 5067 765 5141 τοιαύτην
799 5067 890 5127 οῦν
938 5072 1121 5137 θυσίαν
1166 5076 1267 5146 τὴν
1313 5078 1411 5146 τῆς
1462 5073 1812 5151 δικαιοσύνης
1844 5078 2031 5145 θύσαν-

370 5176 480 5230 τες,
515 5154 794 5230 ἐλπίσαθε,
827 5158 915 5216 ἐπὶ
946 5162 1141 5239 Κύριον
1187 5164 1279 5219 καὶ
1325 5167 1424 5235 τῆς
1473 5164 1637 5222 αὐτοῦ
1684 5165 2029 5245 ἀντιλήψεως

369 5244 898 5337 τεύξασθεκἸξαύτης
944 5247 1003 5306 δὲ
1048 5258 1151 5323 τῆς
1204 5253 1391 5318 θυσίας
1437 5254 1706 5329 ἀπούσης,
1757 5258 1787 5313 6
1852 5244 2027 5337 λέγων

373 5332 615 5407 ἐλπίζειν
649 5334 738 5392 ἐπὶ
770 5336 967 5416 Κύριον
998 5340 1274 5414 ἠπάτησεν
1307 5342 1516 5402 ἑαυτόν.

443 5476 473 5504 ‹‹
505 5449 718 5509 Πολλοὶ
776 5450 1039 5530 λέγουσι·
1099 5456 1190 5522 Τίς
1249 5455 1406 5531 δείξει
1463 5461 1599 5534 ἡμῖν
1643 5461 1712 5518 τὰ
1739 5462 1955 5538 ἀγαθάς
1995 5488 2027 5519 ››

373 5572 442 5584 --
472 5541 535 5596 Οἱ
557 5541 771 5631 πολλοι
816 5549 933 5609 τοῖς
983 5543 1168 5623 λόγοις
1214 5552 1315 5604 τοῦ
1362 5553 1495 5609 Θεοῦ
1529 5551 1606 5624 μὴ
1636 5551 2026 5631 προσέχοντες,

373 5635 493 5720 ταῖς
533 5628 907 5720 ’ἐπαγγελίαις
971 5633 1136 5690 αὐτοῦ
1203 5637 1280 5710 μὴ
1352 5628 1716 5715 πιστεύοντες,
1795 5628 2030 5720 ἀγνωσία

375 5718 465 5773 καὶ
522 5717 773 5792 ἀσυνεσίᾳ
816 5717 1209 5797 διοικούμενοι,
1261 5724 1353 5790 Τίς
1400 5724 1560 5800 δείξει
1597 5732 1755 5804 ἡμῖν,
1785 5717 2026 5809 λέγουσι,

2124 613 2439 691 ἀντίληψιν,
2488 617 2587 685 τὴν
2633 620 2739 673 τῶν
2795 614 3115 673 λυπούντων
3159 612 3509 691 ἀπαλλαγὴν,
3558 613 3648 672 καὶ
3675 615 3777 686 τὴν

2125 705 2394 781 ἀκήρατον
2437 703 2643 776 ἐκείνην
2680 707 2824 777 ζωήν
2861 724 2875 775 ;

2199 816 2227 845 ι(
2261 794 2609 868 Ἐσημειώθη
2667 794 2754 873 ὑφ’
2807 796 2958 868 ἡμᾶς
3011 793 3076 849 τὸ
3131 796 3247 873 φῶς
3309 796 3407 848 τοῦ
3475 793 3775 870 προσώπου

2128 903 2246 956 σου,
2297 882 2477 959 Κύριε.
2531 907 2562 935 ››
2611 917 2678 927 -
2725 888 2957 939 Ἐκεῖνοι
3007 882 3106 939 οὐκ
3154 877 3387 959 ἔγνωσαν
3452 879 3580 938 οὐδὲ
3628 889 3787 953 συνῆ-

2126 992 2247 1045 καν,
2316 971 2368 1028 ἐν
2417 971 2599 1029 σκότει
2666 969 3117 1046 διαπορεύονταιο
3173 969 3255 1050 ἐφ’
3295 973 3446 1045 ἡμᾶς
3495 970 3787 1045 ἐνεσημάν-

2131 1072 2199 1132 θη
2240 1062 2304 1116 τὸ
2353 1065 2465 1140 φῶς
2511 1069 2613 1132 τῆς
2664 1067 2766 1132 σῆς
2810 1060 3113 1132 ἐπισκοπῆς
3161 1061 3252 1117 καὶ
3281 1057 3649 1135 ἀντιλήψεως,
3681 1059 3788 1118 K6-

2133 1169 2234 1227 ριε.
2285 1149 2428 1214 Τοὺς
2482 1151 2581 1220 τὴν
2630 1151 2730 1220 σὴν
2796 1150 3168 1227 ἐπεγνωκότας
3246 1148 3622 1226 χρηστότητα,
3696 1150 3788 1205 καὶ

2133 1238 2368 1318 φέρομεν
2440 1238 2570 1294 αὐτὸ
2637 1236 2927 1303 διαπαντὸς
2991 1238 3044 1295 ἐν
3123 1239 3337 1301 ἑαυτοῖς
3403 1233 3787 1307 ἀναπόϐλητον

2132 1327 2223 1384 καὶ
2260 1332 2366 1383 τῶν
2400 1328 2648 1385 ἐνταυθοῖ
2675 1329 3068 1407 πεπειραμένοι
3096 1332 3207 1384 τῶν
3236 1329 3470 1405 ἀγαθῶν,
3503 1324 3643 1399 οὐδὲ,
3663 1327 3789 1405 περὶ

2131 1420 2240 1473 τῶν
2273 1415 2443 1473 ἐκεῖσε
2472 1414 2815 1492 διστάζομεν.

2211 1529 2241 1560 κ
2270 1502 2521 1569 Ἔδωκας
2553 1505 2889 1586 εὐφροσύνην
2922 1505 2999 1569 εἰς
3044 1506 3145 1576 τήν
3191 1503 3414 1582 καρδίαν
3469 1527 3597 1581 μου.
3642 1528 3672 1558 ››
3719 1536 3791 1549 --

2139 1592 2421 1675 Εὕφρανας
2479 1596 2579 1667 τὴν
2642 1597 2828 1673 ψυχήν
2881 1616 2988 1669 μου
3034 1601 3155 1659 ταῖς
3197 1593 3416 1673 μυρίαις
3462 1593 3792 1671 εὐεργεσίαις

2138 1706 2258 1743 σου.
2293 1707 2325 1738 ιι
2352 1683 2460 1741 Καὶ
2488 1689 2607 1747 ταῖς
2635 1681 2917 1759 ἀψευδέσιν
2951 1683 3303 1761 ἐπαγγελίαις
3332 1705 3449 1742 σου.

2213 1815 2243 1846 ‹‹
2274 1790 2411 1848 Ἀπὸ
2449 1796 2661 1868 καρποῦ
2705 1796 2804 1847 τοῦ
2853 1789 3002 1848 ο⁹ίνου
3051 1791 3143 1847 καὶ
3196 1790 3381 1848 ἐλαίου
3406 1790 3583 1848 αὐτῶν
3616 1790 3790 1864 ἐπλη-

2140 1878 2429 1952 θύνθησαν.
2489 1903 2520 1933 ››
2566 1913 2635 1924 -
2689 1882 2877 1954 Ἡμεῖς
2929 1881 3024 1955 μὲν
3073 1879 3133 1936 ἐκ
3176 1883 3276 1951 τῆς
3329 1886 3430 1950 σῆς
3489 1878 3790 1951 ἐπισκοπῆς

2139 1976 2242 2041 τῆς
2268 1990 2330 2025 τε
2358 1973 2448 2024 νῦν
2482 1966 2652 2040 οὔσης
2685 1968 2736 2025 ἐν
2769 1970 2906 2044 ἡμῖν
2949 1969 3040 2026 καὶ
3094 1975 3196 2041 τῆς
3254 1968 3493 2033 αἰωνίως
3524 1969 3790 2044 ἐσομένης

2141 2057 2195 2122 ἐς
2253 2058 2472 2136 ὕστερον
2531 2057 2906 2137 ἐφωτίσθημεν
2988 2057 3079 2115 καὶ
3146 2057 3555 2136 εὐφράνθημενη
3605 2058 3669 2117 Οἱ
3743 2056 3793 2114 δ’

2141 2146 2509 2222 ἐσκοτισμένοι
2537 2154 2639 2218 τῆς
2666 2155 2791 2225 γῆς,
2826 2146 2945 2205 ὅσοι
2972 2151 3240 2226 κεχήνασι
3293 2149 3417 2227 περί
3464 2152 3624 2226 χοῦν,
3671 2152 3791 2211 ταῖς

2140 2241 2477 2313 σωματικαῖς
2579 2235 2882 2300 εὐπαθείαις
2984 2239 3084 2309 τὴν
3161 2234 3505 2311 εὐδαιμονίαν
3582 2237 3789 2295 ἅπασαν

2138 2327 2495 2404 περιώρισαν,
2553 2325 2645 2382 καὶ
2703 2327 2840 2383 κατά
2893 2327 2997 2397 τὴν
3051 2330 3199 2406 σφῶν
3259 2326 3435 2383 αὐτῶν
3456 2325 3655 2404 κρίσιν,
3686 2327 3791 2382 ἀπὸ

2140 2419 2352 2490 καρποῦ
2382 2414 2557 2473 αὐτῶν
2591 2414 2818 2491 ὁλικῶς,
2848 2412 3016 2494 ἤγουν
3065 2415 3171 2472 ἀπὸ
3217 2419 3326 2472 τῶν
3371 2415 3473 2472 ἀνά
3518 2420 3622 2473 πᾶν
3674 2413 3793 2479 ἔτος

2142 2502 2557 2583 συλλεγομένων
2615 2503 2801 2569 αὐτοῖς
2857 2509 3079 2583 καρπῶν
3139 2505 3305 2584 ἄρτου
3353 2504 3447 2562 καὶ
3503 2501 3656 2563 οἷ’νου
3700 2502 3792 2561 καὶ

2143 2593 2348 2669 ἐλαίου,
2382 2591 2628 2670 δαψιλῶς
2659 2593 3083 2670 ἐνεπλήσθησαν,
3125 2597 3228 2666 τήν
3288 2594 3465 2673 σάρκα¹
3510 2593 3795 2651 καταπιαί-

2142 2704 2326 2747 νοντες
2369 2683 2461 2740 καὶ
2508 2683 2705 2739 τούτου
2760 2685 3069 2763 περαιτέρῳ
3122 2681 3290 2760 μηδέν
3356 2705 3409 2739 τι
3476 2681 3796 2759 διανοούμε-

2144 2794 2249 2829 νοι·
2277 2771 2376 2829 Διά
2432 2770 2490 2828 δὲ
2533 2775 2635 2843 τῆς
2681 2776 2790 2829 τῶν
2826 2772 3297 2851 ἀπηριθμημένων
3335 2770 3670 2848 πλησμονῆς
3720 2774 3796 2837 ὡς
3840 2832 3845 2843 λ

2144 2861 2552 2939 πολυχρήστων
2607 2863 2699 2919 καὶ
2753 2864 2853 2934 τὴν
2913 2862 3091 2937 ἄλλην
3147 2864 3357 2943 τροφὴν
3399 2860 3670 2942 ἐνέφηνεν.
3731 2864 3795 2919 Ἦ

2146 2949 2389 3023 σύνταξις
2416 2951 2537 3007 καθ’
2586 2946 2906 3029 ὑπερϐατὸν,
2951 2952 3058 3008 ἀπὸ
3104 2955 3315 3030 καρποῦ
3361 2950 3561 3026 αὐτῶν,
3619 2950 3793 3024 σίτου,

2148 3036 2298 3096 ο⁹ίνου
2327 3040 2418 3095 καὶ
2448 3038 2653 3113 ἐκαίου,
2686 3040 3120 3114 έπληθύνθησαν,
3162 3038 3258 3098 εἴτ’
3315 3037 3405 3098 οῦν
3458 3040 3534 3105 εἷς
3583 3038 3797 3113 πλῆθος

2149 3127 2567 3206 ἐνεφορήθησαν.
2617 3128 2930 3208 Οὐδετέρως
2989 3127 3049 3188 δὲ
3091 3129 3155 3187 τὸ
3212 3135 3358 3187 σῖτον
3415 3128 3792 3211 παραληφθὲν,

2148 3214 2181 3273 6'
2209 3215 2378 3289 δηλοῖ
2437 3218 2530 3274 τὸν
2598 3215 2758 3297 ἄρτον
2824 3219 3251 3297 προηγουμένων
3318 3221 3796 3299 (προηγουμένως)

2150 3305 2438 3382 ἑπομάνως
2467 3304 2525 3363 δὲ
2551 3307 2641 3364 καὶ
2670 3305 2778 3364 πᾶδ
2831 3309 3031 3386 βρῶμα
3076 3308 3167 3364 καὶ
3219 3313 3390 3365 πᾶσαν
3436 3309 3670 3388 τροφὴν,
3721 3307 3797 3372 είς

2144 3397 2245 3466 την
2289 3399 2387 3453 τοῦ
2433 3395 2584 3452 σίτου
2618 3397 2863 3454 κέκλιται
2908 3399 3151 3475 γενικήν⁸
3199 3398 3257 3453 Ὀ
3278 3398 3383 3476 γὰρ
3413 3403 3560 3462 σῖτος
3587 3418 3796 3473 καρπος

2145 3483 2287 3541 ἐστιν
2321 3484 2419 3541 οὐκ
2446 3486 2553 3542 ἀπὸ
2593 3491 2826 3564 καρποῦ,
2868 3488 3107 3565 καθάπερ
3154 3487 3206 3560 ἐξ
3254 3485 3440 3554 ἐλαίας
3483 3488 3546 3544 τὸ
3594 3482 3798 3561 ἔλαιον,

2144 3574 2237 3630 καὶ
2267 3576 2296 3630 ὁ
2326 3575 2471 3639 οἶνος
2501 3573 2565 3635 ἐκ
2589 3573 2894 3655 σταφυλῆς.

2223 3689 2246 3718 ι
2284 3666 2369 3723 Ἐν
2421 3664 2613 3741 εἰρήνῃ
2642 3663 2731 3721 ἐπὶ
2795 3665 2861 3721 τὸ
2919 3666 3050 3721 αὐτὸ
3116 3668 3492 3741 κοιμθήσομαι
3557 3667 3649 3724 καὶ
3715 3667 3802 3722 ὑπ’

2144 3755 2327 3813 νώσω.
2364 3779 2386 3807 ι
2422 3788 2492 3798 —
2539 3756 2608 3813 Οἱ
2664 3754 2757 3830 μὲν
2807 3752 2899 3810 οὖν
2944 3753 3171 3825 πολλοὶ,
3203 3757 3381 3819 καθὼς
3413 3754 3606 3833 εἷ’ρηκα
3633 3754 3802 3812 διετέ-

2146 3845 2338 3917 θησαν,
2383 3842 2512 3901 ἀλλ⁹
2558 3845 2673 3921 ἐγὼ
2715 3843 2984 3915 τοσαύτης
3033 3844 3085 3899 ἐν
3131 3849 3212 3918 τῷ
3255 3845 3450 3920 κόσμῳ
3494 3845 3675 3920 τούτῳ
3703 3853 3802 3917 τῆς

2145 3933 2296 4008 παρά
2337 3932 2434 3988 σόῦ
2481 3934 2728 4013 μετέχων
2799 3931 3058 4005 διηνεκῶς
3122 3932 3486 4010 ἀντιλήψεως,
3544 3933 3801 4000 πλείονος

2147 4019 2206 4077 δὲ
2257 4020 2482 4095 ταύτης,
2532 4021 2623 4079 καὶ
2665 4019 2998 4097 τελεωτέρας
3049 4022 3186 4096 μετὰ
3237 4023 3338 4093 τήν
3372 4021 3509 4094 ἐμὴν
3546 4021 3803 4098 μετάστα-

2145 4132 2226 4167 σιν
2259 4109 2312 4167 ἐν
2352 4111 2606 4188 οὐρανοῖς
2651 4110 2897 4181 ἐλπίζων,
2939 4108 3217 4189 ἐπιτυχεῖν
3267 4110 3473 4188 εἰρήνῃ¹
3512 4113 3801 4190 σωματικῇ

2140 4222 2202 4257 τε
2227 4200 2318 4256 καὶ
2370 4203 2585 4277 ψυχικῇ
2631 4201 2733 4271 τὴν
2786 4199 3099 4258 τελευταίαν
3146 4200 3407 4276 κοίμησιν
3454 4204 3800 4276 κοιμηθήσο-

2148 4310 2267 4364 μαι,
2325 4290 2417 4347 καὶ
2475 4289 2677 4362 ταύτην
2711 4288 2813 4347 ἐπὶ.
2864 4289 3069 4367 μακρὸν
3124 4289 3353 4347 ἐκτενῶο
3401 4295 3564 4348 τοῦτο
3590 4292 3693 4370 γὰρ
3737 4293 3801 4349 τὸ

2143 4378 2415 4435 ὐπνώσω·
2470 4376 2561 4435 διά
2612 4377 2673 4436 δὲ
2714 4383 2814 4435 τοῦ
2858 4380 3275 4454 κοιμηθήσομαι
3313 4379 3404 4437 καὶ
3436 4380 3797 4452 ὑπνώσωτήν

2142 4466 2431 4525 ἀνάστασεν
2498 4466 2802 4548 προδήλως
2847 4469 3132 4545 ἐσήμανεν.
3183 4470 3241 4525 Ὀ
3286 4470 3392 4547 γὰρ
3446 4471 3799 4546 κοιμώμενος

2140 4558 2232 4614 καὶ
2268 4559 2449 4614 ὑπνῶν
2481 4559 2756 4616 ἀνίσταται
2785 4556 2951 4617 πάλιν
2981 4557 3033 4617 ἐν
3068 4563 3228 4631 ζῶσιν
3261 4555 3359 4618 ὢν.

2573 4663 2758 4741 Κύριε,
2807 4664 2944 4722 κατά
2994 4663 3160 4739 μόνας
3225 4664 3309 4723 ἐπ’
3374 4662 3556 4724 ἐλπίδι
3620 4669 3797 4742 mnf»-

2140 4753 2297 4816 κισάς
2357 4774 2448 4826 με.
2499 4780 2530 4807 υ
2579 4787 2651 4797 —
2695 4755 2795 4810 Διά
2838 4754 2892 4809 τί
2944 4776 3130 4834 φησιν,
3173 4755 3295 4815 Ἐπὶ
3334 4756 3399 4811 τὸ
3454 4755 3608 4831 αὐτὸ,
3653 4762 3799 4815 τοῦτ’

2141 4838 2284 4899 ἔστιν
2336 4840 2494 4917 ἐμοῦ,
2542 4845 2728 4921 ψυχῆς
2778 4842 2830 4899 ἐν
2884 4843 3074 4921 εἰρήνῃ
3122 4844 3213 4903 καὶ
3244 4845 3521 4920 σώματος,
3549 4847 3651 4918 τὴν
3682 4845 3796 4903 ἐπί-

2139 4951 2311 5009 κηρον
2338 4929 2630 4987 καταλύσω
2663 4933 2848 5004 ζωήν;
2882 4929 3022 4988 διότι
3073 4931 3159 5007 σὺ,
3210 4933 3397 5011 Κύριε,
3443 4935 3581 5005 κατὰ
3628 4934 3798 5011 μόνας

2139 5016 2265 5092 ἤτοι
2319 5018 2711 5095 μεμονωμένον
2756 5025 2837 5095 τῷ
2879 5019 3070 5097 τρόπῳ
3111 5021 3201 5078 καὶ
3246 5026 3317 5098 τῇ
3367 5024 3579 5105 γνώμῃ.
3617 5045 3799 5105 κεχω-

2141 5111 2395 5186 ρισμένον
2445 5108 2520 5166 ὧν
2565 5111 2716 5167 εἶπον
2765 5109 2999 5189 ἀνδρῶν,
3049 5111 3104 5166 ἐν
3158 5117 3240 5187 τῷ
3292 5099 3801 5190 κόσμῳνμετούτῳ

2138 5205 2460 5269 κατοικῆσαι
2509 5198 2837 5273 πεποίηκας,
2883 5198 2967 5255 ἐπ’
3024 5196 3209 5256 ἐλπίδι
3264 5206 3367 5271 τῆς
3415 5207 3515 5273 σῆς
3568 5192 3796 5276 ἀντιλη..

2137 5290 2302 5363 ψεως,
2354 5284 2425 5343 δι’
2465 5289 2530 5358 ῆς
2575 5289 2668 5346 καὶ
2713 5292 2822 5345 τῶν
2875 5293 3202 5364 σωματικῶν
3252 5287 3534 5368 δυσχερῶν
3597 5312 3659 5359 τε
3702 5292 3793 5361 καὶ

2140 5377 2397 5453 λυπηρῶν
2450 5375 2920 5455 ἀπαλλαγήσομαι
2961 5377 3173 5453 τέλεον,
3220 5381 3312 5436 καὶ
3355 5380 3425 5436 τὰ
3462 5382 3564 5453 τὴν
3607 5383 3795 5465 ψυχὴν

2139 5465 2531 5544 ἐκταράττοντα
2614 5467 2905 5542 πνεύματα,
2988 5467 3259 5547 πονηρίας
3343 5465 3787 5546 ἀποσοϐήσομαι,

2136 5556 2226 5612 καὶ
2279 5553 2433 5632 διττῇ
2481 5556 2701 5635 γαλήνῇ
2740 5558 2830 5615 καὶ
2875 5555 3121 5638 θυμηδία
3164 5559 3507 5624 καταπαύσας
3535 5561 3626 5617 τὸν
3660 5559 3786 5638 δρό-

2141 5666 2240 5722 μον
2287 5650 2479 5702 τοῦτον
2541 5644 2610 5717 δὴ
2666 5648 2757 5704 τὸν
2808 5636 3121 5725 ἐγκώμιον,
3168 5646 3398 5726 ἅσμενος
3444 5650 3584 5730 πρὸς
3628 5636 3795 5719 τάήσά

2141 5738 2524 5814 μεταχωρήσω
2582 5738 2936 5812 σκηνώματα,
3006 5740 3141 5817 πρὸς
3199 5738 3234 5795 ἄ
3285 5744 3365 5814 τῷ
3420 5740 3576 5814 πόθῳ
3632 5740 3790 5821 φερό-
