4072 6434
265 407 420 469 1343

1514 408 1940 470 NICEPHORI
1983 379 2418 472 BLEMMIDxE

3515 411 3684 470 13M

265 558 442 609 μενος,
474 537 526 591 ἐν
584 538 665 599 οἷς
720 537 803 593 ἀεὶ
859 542 1064 614 νοερῶς
1120 537 1503 613 αὐλιζόμενος,
1558 541 1659 609 τὴν
1718 540 1793 604 εἷς
1849 540 1908 596 σὲ
1935 544 1991 610 Α
2091 543 2509 620 ιΑποιιντραφήσῇ
2557 538 2616 595 δὲ
2672 537 2967 614 οὐδαμῶς·
3025 536 3449 615 παραστήσομαί
3479 557 3566 591 σοι
3597 535 3682 598 ὡς

261 627 351 680 καὶ
415 625 577 698 μόνον
638 623 832 682 ἐλπίδο
880 631 985 681 τῶν
1041 626 1090 680 έν
1147 626 1253 703 βίῳ
1299 627 1776 705 περισπουδάστων
1823 629 1910 685 ἀι-

1067 716 1158 771 καὶ
1204 720 1364 773 τοῦτο
1405 715 1463 773 δὲ
1490 720 1637 795 παρὰ
1666 724 1762 774 σοῦ
1797 736 1810 750 °
1846 718 1909 774 σὺ

259 804 362 878 γὰρ
424 824 491 875 με
545 804 683 857 κατὰ
743 803 910 876 μόνας
957 805 1282 878 κατῴκισας.
1332 810 1506 862 Ταῦτα
1555 804 1613 862 δὲ
1658 807 1830 884 λέγων
1881 808 1910 862 6

874 892 1038 948 αὐτοῦ
1103 900 1274 949 πᾶσαν
1343 896 1538 970 ἀρετὴν
1623 896 1907 968 ἀνατίθησι

257 982 338 1052 τῷ
396 985 534 1053 Θεῷ,
591 982 876 1053 ποιητικὸν
953 980 1123 1038 αίίτιον
1200 984 1401 1060 ἀγαθοῦ
1475 985 1672 1049 παντὸς
1748 984 1908 1050 εἰδὼς

262 715 474 769 πάντων
526 712 957 788 ἀντηλλαζάμην
994 734 1007 748 °

259 893 570 969 προφήτης,
671 898 771 962 τῆν

255 1070 347 1124 τὸν
403 1069 557 1143 Οεὸν,
788 1068 916 1142 δόξα
973 1071 1050 1134 εἰς
1103 1071 1231 1135 τοὺς
1287 1073 1486 1138 αἰῶνας
1535 1080 1640 1130 τῶν
1670 1075 1904 1133 αἰώνων.

258 1159 464 1231 Ἀμήν.

877 1273 1172 1322 ΨΑΛΜΟΣ
1213 1269 1288 1326 Ε’.

324 1369 542 1432 Ἱκέσιος
598 1369 672 1426 ὥν
717 1371 746 1425 6
792 1371 1040 1446 πέμπτος
1086 1372 1330 1448 ψαλμὸς,
1389 1376 1578 1431 ὁποῖον
1622 1376 1755 1432 εἶναι
1789 1379 1902 1454 χρὴ

251 1461 343 1514 τὸν
404 1459 794 1536 ἐντυγχάνοντα
835 1459 916 1533 τῷ
961 1467 1078 1534 Θεῷ
1127 1468 1310 1541 σαφῶς
1357 1485 1417 1518 τε
1479 1465 1568 1520 καὶ
1617 1461 1902 1540 συντόμως

255 1549 598 1625 παρίστησιν,
655 1547 827 1624 ἤγουν
887 1550 1090 1613 ὁλικῶς
1151 1552 1244 1625 μὲν
1302 1554 1440 1608 κατὰ
1511 1553 1640 1618 τοὺς
1727 1555 1902 1619 θείους

252 1637 452 1709 νόμους
499 1635 949 1712 πολιτευόμενον,
990 1639 1232 1716 ἐξαίρετα
1261 1639 1319 1696 δὲ
1347 1663 1508 1712 κεκτη
1522 1644 1679 1716 μένον
1706 1645 1772 1698 τὰ
1803 1642 1900 1701 δύο

249 1731 438 1796 ταῦτα,
470 1726 531 1782 τὸ
559 1726 831 1805 ἀπόνηρον
865 1727 918 1784 ἐν
951 1733 1018 1804 τῇ
1051 1732 1204 1806 ψυχῇ
1234 1729 1325 1785 καὶ
1354 1733 1417 1786 τὸ
1446 1729 1672 1807 ἀψευδὲς
1722 1732 1774 1788 ἐν
1821 1738 1901 1808 τῷ

253 1813 344 1869 στό
355 1835 502 1888 ματι.

2026 628 2242 706 βασιλεῖ
2303 652 2431 704 μου.
2493 635 2620 692 Τοῖς
2677 635 2792 692 σοῖς
2850 628 3009 686 ἐκὼν.
3070 628 3146 689 ὡς
3203 626 3359 706 ἔφην,
3405 625 3686 700 ἐπόμενος

2021 717 2396 796 διατάγμασιν·
2452 722 2508 775 '0
2564 719 2664 796 γὰρ
2726 719 2803 792 μὴ
2861 714 3036 786 οὕτως
3093 713 3239 795 ἔχων
3290 717 3352 773 οὐ
3385 714 3680 787 δυνήσεται

2019 810 2356 886 παραστῆναί
2382 830 2488 866 σοι.
3385 803 3388 808 ’

2091 923 2120 951 ‹‹
2152 901 2268 954 Ὅτι
2301 898 2430 975 οὐχὶ
2462 899 2590 962 Θεὸς
2622 897 2794 964 θέλων
2827 897 3054 972 ἀνομίαν
3085 895 3148 952 σὺ
3201 895 3270 954 εἴ.
3333 919 3362 948 ››
3421 928 3490 938 -
3546 896 3679 948 ’Ότι

2019 987 2203 1064 οὐχὶὸ
2237 990 2365 1051 Θεὸς
2424 988 2486 1043 σὺ
2542 988 2713 1053 θέλων
2766 990 2891 1058 ἢτοι
2937 984 3377 1063 καταδεχόμενος
3434 981 3677 1058 ἀνομίαν

2020 1076 2067 1131 εἶ
2101 1097 2111 1108 ·
2147 1075 2411 1132 δείκνυται
2444 1075 2502 1132 δὲ
2532 1075 2621 1133 διὰ
2644 1077 2855 1134 τούτων
2884 1076 2960 1140 ὡς
2991 1077 3019 1131 6
3051 1080 3156 1146 ζῶν
3189 1073 3460 1148 εὐνόμως.
3492 1075 3676 1128 Ἐκεῖ-

2016 1187 2106 1229 νος
2167 1164 2384 1222 δύναται
2442 1167 2797 1242 παρίστασθαι
2853 1171 2932 1239 τῷ
2989 1169 3126 1238 Θεῷ.
3183 1167 3260 1238 Τῇ
3308 1163 3413 1240 γὰρ
3450 1168 3552 1218 τοῦ
3583 1163 3679 1217 οἱ-

2016 1255 2165 1311 κείου
2213 1255 2385 1329 νόμου
2436 1252 2740 1333 παραϐάσει
2769 1257 2898 1318 Θεὸς
2929 1254 3029 1311 οὐκ
3076 1251 3378 1310 ἐνδίδωσιν·
3411 1247 3676 1323 ἀποϐλή-

2015 1367 2143 1407 τους
2193 1344 2308 1421 ἔχει
2356 1346 2484 1409 τοὺς
2527 1347 2634 1409 τὰς
2673 1345 2838 1402 αὐτοῦ
2896 1338 3322 1422 παραϐαίνοντας
3391 1339 3618 1404 ἐντολάς
3656 1361 3672 1374 ⁸

2017 1433 2170 1489 αὐτοὶ
2221 1434 2322 1510 γὰρ
2380 1433 2599 1496 ἑαυτοὺς
2652 1433 2953 1512 ἐμάκρυναν
3011 1433 3102 1488 ἀπ’
3159 1431 3324 1487 αὐτοῦ
3350 1453 3362 1466 ο
3421 1435 3542 1492 πῶς
3573 1431 3661 1485 οὖν

2017 1520 2211 1578 λσιπὸν
2271 1523 2419 1596 αὐτῷ
2470 1525 2900 1600 παραστήσονται
2951 1523 3027 1596 μὴ
3071 1519 3160 1577 διὰ
3210 1518 3498 1595 μετανοίας
3529 1519 3663 1575 εἱλι-

2016 1617 2230 1688 κρινοῦς
2264 1613 2341 1675 εἰς
2367 1613 2525 1668 αὐτὸν
2559 1611 2970 1690 ἐπιστρέψαντες
3002 1631 3017 1682 ;

2090 1744 2116 1770 «
2141 1717 2213 1774 Οὐ
2261 1720 2578 1795 παρεικήσει
2647 1740 2736 1774 σοι
2781 1717 3244 1795 πονηρευόμενος,
3294 1714 3422 1772 οὐδὲ
3480 1713 3670 1790 διαμεο

2012 1812 2163 1863 νοῦσι
2212 1809 2519 1882 παράνομοι
2568 1810 2848 1864 κατέναντι
2900 1811 3007 1863 τῶν
3043 1805 3343 1885 ὀφθαλμῶν
3381 1827 3500 1862 σου.
3536 1830 3568 1858 ››
3598 1838 3671 1849 -

323 1928 352 1955 ‹‹
384 1904 459 1958 Τᾶ
489 1903 710 1981 ῥήματά
760 1927 866 1979 μου
914 1905 1188 1981 ἐνώτισαι,
1240 1907 1421 1984 Κύριε,
1471 1933 1501 1961 ››
1546 1942 1616 1952 -.
1663 1912 1908 1986 Ῥήματα
1940 1897 2092 1985 ΒΟὐ
2142 1900 2288 1973 παρᾶ
2335 1897 2420 1952 σοὶ
2460 1896 2675 1986 οἰκήσει
2723 1895 3184 1986 πονηρευόμενος,
3234 1893 3403 1986 ἤγουν
3429 1894 3493 1986 οὐ
3512 1894 3676 1986 ,πλη-

253 1993 396 2070 λέγει
426 1994 524 2056 τὰς
553 1994 754 2057 ἱκεσίας
781 1995 874 2057 τὰς
905 1993 996 2051 διὰ
1025 1995 1201 2073 λόγου
1229 2004 1569 2077 προφορικοῦ
1593 2019 1607 2033 ·
1653 1999 1901 2056 ἐνώτισαι

253 2079 312 2138 δὲ
337 2084 400 2138 τὸ
431 2081 507 2145 εἰς
535 2083 602 2138 τὰ
631 2085 744 2139 ὦτα
773 2082 1088 2160 παράδεξαι.

326 2197 354 2225 ι(
387 2171 551 2234 Σύνες
593 2179 694 2242 τῆς
749 2181 992 2250 κραυγῆς
1048 2196 1176 2247 μου,
1223 2175 1464 2253 πρόσχες
1510 2182 1578 2253 τῇ
1620 2183 1774 2258 φωνῇ
1805 2188 1903 2251 τῆς

254 2258 494 2332 δεήσεως
558 2283 682 2337 μου.
747 2285 775 2313 ››
814 2295 885 2306 —
931 2265 1041 2326 Τὰς
1082 2264 1274 2341 νοεράς
1341 2264 1600 2338 ἐντεύξεις
1655 2273 1898 2346 κραυγήν

251 2372 385 2429 φησι
443 2349 532 2406 καὶ
587 2352 771 2429 φωνὴν
832 2351 909 2415 ὠς
957 2353 1258 2429 κραζούσας
1306 2351 1572 2420 συντόνως
1635 2359 1726 2413 καὶ
1791 2381 1903 2436 φω-

247 2440 444 2503 νούσας
494 2437 774 2511 διαδήλως
832 2442 969 2518 πρὸς
1023 2444 1114 2498 τὸν
1173 2445 1321 2503 Θεὸν.
1373 2446 1418 2500 εἰ
1475 2447 1564 2502 καὶ
1595 2446 1899 2525 ἀνθρώποις

247 2528 349 2585 οὐκ
406 2529 743 2603 ἐξακούονται
779 2549 792 2564 °
851 2531 915 2587 τὸ
961 2531 1114 2596 σύνες
1165 2533 1280 2588 ἀντὶ
1328 2540 1424 2590 τοῦ
1472 2540 1704 2601 συνετῶς
1737 2536 1900 2593 ἄκου-

247 2639 365 2692 σον,
394 2615 522 2688 ἤτοι
577 2623 858 2696 γνωστῶς,
911 2619 1092 2697 ὣσπερ
1140 2621 1190 2676 εἲ
1244 2621 1417 2701 ἔλεγε,
1469 2624 1711 2696 Θέλησον
1756 2631 1897 2703 γνῶ-

245 2729 328 2762 ναι
376 2709 500 2782 περὶ
546 2708 695 2771 τίνος
746 2710 1068 2786 πράγματος
1117 2711 1341 2768 ἱκετεύω
1396 2734 1455 2768 σε
1485 2733 1500 2748 ’
1540 2714 1604 2770 τὰ
1634 2715 1895 2793 πρόσχες,

249 2798 602 2874 προσεκτικὸς
649 2803 768 2861 τοῖς
825 2798 1152 2875 λεγομένοις
1207 2807 1386 2879 γενοῦ,
1445 2803 1536 2858 καὶ
1594 2803 1724 2867 ὅλος
1797 2813 1897 2876 τῆς

249 2888 377 2963 παρ’
408 2886 544 2961 ἐμοῦ
612 2909 698 2943 σοι
751 2888 1203 2967 προσφερομένης
1260 2889 1517 2963 δεήσεως.
1562 2893 1658 2949 Διᾶ
1688 2891 1747 2949 δὲ
1773 2895 1900 2950 τού-

247 2997 355 3031 των
389 2975 562 3041 οῧτως
614 2976 952 3050 ἐπαλλήλως
1003 2979 1281 3050 τεθέντων,
1312 2983 1412 3051 τήν
1442 2987 1549 3038 τῶν
1577 2983 1896 3059 αἰτηματων

246 3063 545 3140 ἐπιτηδεύει
603 3065 928 3144 περάτωσιν.
995 3071 1201 3147 ’Ὠσπερ
1279 3067 1338 3126 δέ
1399 3071 1692 3150 πολλαχοῦ
1777 3080 1897 3138 ταῖς

248 3159 576 3232 μεταφοραῖς
631 3155 661 3209 6
726 3155 1131 3234 ψαλμογράφος
1206 3159 1502 3233 εὑρίσκεται
1581 3163 1896 3238 χρώμενος,

242 3242 385 3298 οὕτω
435 3240 502 3312 δὴ
561 3243 826 3299 κάνταῦθα
871 3251 1040 3316 ποιεῖ,
1107 3247 1197 3301 καὶ
1245 3247 1352 3303 ἀπὸ
1397 3253 1507 3304 τῶν
1558 3250 1636 3313 εἰς
1680 3251 1897 3328 ἀνθρώ-

243 3352 381 3394 πους
438 3331 760 3408 γινομένων,
818 3341 1141 3414 σκιαγραφεῖ
1195 3335 1284 3391 καὶ
1333 3337 1399 3392 τὰ
1457 3338 1533 3401 εἷς
1578 3340 1706 3394 Θεὸν
1737 3340 1896 3396 νοού-

251 3442 380 3494 μενα
413 3419 672 3490 δηλονότι
707 3423 1022 3498 θεοπρεπῶς
1044 3445 1056 3457 ·
1091 3425 1143 3479 οἱ
1172 3425 1273 3501 γὰρ
1330 3425 1535 3489 ἱκεσίας
1596 3432 1756 3482 τινῶν
1811 3429 1897 3484 ἐκ-

245 3508 496 3586 πληροῦν
554 3511 985 3588 προαιρούμενοι
1038 3512 1174 3577 τούς
1235 3535 1294 3568 τε
1351 3513 1552 3590 λόγους
1615 3515 1792 3572 αὐτῶν
1848 3517 1901 3572 ἐν

250 3605 366 3662 σοῖς
424 3599 524 3654 ὡσὶ
582 3599 1005 3678 παραδέχονται,
1061 3602 1153 3658 καὶ
1207 3604 1304 3667 τὰς
1369 3604 1610 3675 αἰτήσεις
1696 3609 1897 3682 γνῶναι

247 3686 607 3758 σπουδάζουσι
655 3689 745 3744 καὶ
789 3696 1160 3766 προσεκτικῶς
1208 3696 1316 3748 τῶν
1365 3692 1679 3770 λεγομένων
1731 3695 1898 3751 ἀκού-

243 3798 416 3849 ουσιν,
448 3777 630 3857 ὥσπερ
661 3776 727 3834 αὗ
771 3779 1085 3836 τούναντίον
1145 3783 1198 3836 οἱ
1240 3781 1380 3859 πρός
1428 3804 1580 3847 τινας
1613 3784 1712 3840 οὐκ
1741 3781 1898 3861 ἕχον-

241 3889 331 3930 τες
362 3867 602 3941 εὐμενῶς
664 3866 788 3925 οὐτε
836 3875 956 3934 τοῖς
1003 3872 1131 3948 παρ’
1161 3871 1337 3927 αὐτῶν
1371 3871 1697 3950 λεγομένοις
1727 3896 1897 3952 προσ-

246 3957 464 4033 ἐχουσιν
521 3957 646 4014 οὐτε
698 3964 895 4036 γνῶναι
960 3959 1253 4036 βούλονται
1308 3961 1433 4038 περὶ
1489 3963 1650 4020 τίνων
1711 3963 1900 4020 ἐκδυσ-

248 4052 510 4120 ωποῦσιν,
561 4045 675 4103 οὔτ’
716 4047 912 4112 αὐτοὺς
961 4049 1247 4126 ἀνέχονται
1289 4051 1418 4114 τοὺς
1448 4050 1647 4130 λόγους
1679 4053 1756 4116 εἷς
1787 4056 1900 4110 ὦτα

249 4134 512 4207 δέξασθαι,
550 4136 762 4211 μᾶλλον
795 4138 978 4211 μέντοι
1008 4139 1097 4195 καὶ
1129 4137 1600 4218 δυσχοραίνουοιν,
1632 4143 1706 4205 ὡς
1738 4141 1898 4220 ἐνοχ-

251 4225 516 4300 λούμενοι
544 4248 603 4282 τε
629 4228 720 4282 καὶ
752 4222 1167 4304 θορυϐούμενοι.

319 4339 347 4367 ‹‹
379 4316 442 4372 Ὁ
493 4315 749 4392 βασιλεύς
801 4338 906 4390 μου
955 4316 1046 4372 καὶ
1085 4318 1114 4372 6
1144 4317 1275 4381 Θεός
1309 4339 1434 4392 μου.
1458 4351 1528 4365 —-
1556 4321 1613 4374 Ὁ
1644 4317 1811 4396 λόγος
1837 4320 1896 4376 ἐκ

242 4412 540 4482 στοργικῆς
594 4403 900 4478 διαθέσεως,
959 4407 988 4462 6
1043 4409 1428 4482 πεποθημένος
1479 4429 1583 4482 μου
1619 4407 1893 4486 βασιλεὺς,

243 4495 307 4550 06
361 4501 479 4557 τοῖς
507 4493 726 4570 ςνόμοις
757 4496 984 4572 ζᾶγομαι
1033 4496 1123 4552 καὶ
1165 4502 1284 4559 τοῖς
1332 4497 1686 4571 θεσπίσμασιν
1744 4499 1892 4575 αἱρε-

237 4589 347 4646 τῶς
380 4602 392 4619 °
433 4583 573 4640 διότι
603 4583 666 4638 σύ
700 4585 806 4659 μού
836 4585 966 4649 Θεὸς
997 4585 1045 4641 εἷ
1071 4585 1162 4641 καὶ
1195 4584 1559 4662 δημιουργός.

320 4677 503 4728 «Ὅτι
556 4672 696 4750 πρός
758 4694 816 4729 σε
869 4673 1260 4750 προσεύξομαι,
1316 4674 1502 4752 Κύριε.
1554 4697 1582 4729 ι»
1637 4676 1895 4731 -Εῗσά-
1927 4665 1974 4730 D

173 4817 178 4824 ,
247 4762 442 4820 κυυσόν
507 4784 632 4836 μου,
687 4761 771 4818 ὅτι
819 4764 956 4838 πρὸς
1012 4765 1072 4819 σὶ
1123 4761 1214 4818 διὰ
1257 4765 1458 4827 παντὸς
1505 4765 1892 4842 προσεύξομαι,

245 4854 427 4930 Κύριε.
489 4851 658 4916 Πόθεν
716 4873 820 4929 γαρ
874 4874 968 4925 μοι
1017 4851 1247 4908 ἄλλοθεν
1309 4851 1465 4916 ἐλπὶς
1530 4852 1894 4928 ἀντιλήψεως.

247 4969 277 4997 ‹‹
307 4945 377 4999 Τὸ
405 4939 553 5017 πρωί
584 4941 870 5017 εἷσακούσῃ
895 4949 997 5011 τῆς
1027 4948 1216 5020 φωνῆς
1252 4963 1357 5015 μου
1383 4965 1395 4978 ·
1431 4965 1462 4994 ››
1492 4941 1680 5013 ἐπειδή
1718 4943 1893 5017 εἶπας,

242 5035 362 5090 Ἔτι
418 5030 719 5095 λαλοῦντός
775 5053 872 5087 σου
929 5030 1058 5108 ἐρῶ,
1119 5028 1257 5087 Ἰδοὺ
1303 5033 1530 5108 πάρειμι
1577 5040 1681 5103 τῆς
1709 5032 1895 5087 τοιαύ-

240 5143 346 5193 της
403 5120 736 5198 ἐπαγγελίας
792 5141 889 5177 σου
963 5119 1312 5195 μεμνημένος
1369 5118 1652 5192 διηνεκῶς.
1730 5121 1898 5176 Πεπί-

244 5232 438 5267 στευκα
497 5206 751 5287 βεϐαίως,
812 5208 895 5266 ὅτι
951 5217 1052 5281 τῆς
1085 5217 1272 5290 φωνῆς
1305 5208 1594 5285 εἰσακούσῃ
1629 5231 1732 5280 μου
1762 5210 1899 5267 κατὰ

241 5303 305 5356 τὸ
337 5301 504 5376 πρωῒ,
533 5299 776 5356 τουτέστι
806 5299 942 5356 κατὰ
969 5299 1034 5355 τὸ
1062 5298 1206 5375 ταχὺ
1242 5297 1580 5376 βραδυτῆτος
1614 5299 1765 5362 ἐκτὸς
1806 5300 1895 5355 καὶ

251 5389 430 5464 μελλή
439 5410 596 5453 σεως.

323 5505 353 5533 ιι
383 5481 453 5534 Τὸ
477 5479 625 5556 πρωῒ
653 5477 1071 5555 παραστήσομαί
1119 5499 1226 5553 σοι,
1285 5479 1376 5534 καὶ
1418 5477 1611 5554 ἐπόψει
1646 5500 1733 5553 με.
1765 5502 1796 5533 »
1827 5511 1898 5526 --

251 5570 351 5624 Διὰ
377 5573 537 5624 τοῦτο
576 5570 726 5645 κάγὼ
755 5569 967 5646 ταχέως
1008 5569 1098 5624 καὶ
1129 5569 1253 5646 ἄτερ
1285 5563 1561 5640 ἀναϐολῆς
1617 5571 1895 5644 παραστή-

247 5658 413 5730 σομαί
472 5680 557 5713 σοι
616 5657 690 5721 ὠς
750 5655 946 5722 δοῦλός
1006 5680 1102 5714 σου
1153 5657 1484 5735 παράστασιν
1548 5658 1772 5736 νοεράν⁶
1807 5659 1897 5714 καὶ

245 5745 325 5800 ἐπ’
371 5745 467 5822 ἐμὲ
529 5745 644 5822 ἰδῇς
703 5746 1123 5822 ἐπισκεψάμενός
1177 5768 1244 5823 με
1291 5751 1359 5823 τῇ
1409 5751 1479 5823 σῇ
1529 5747 1891 5825 χρηστότητι.

2014 1988 2183 2042 σιάσει
2235 2008 2342 2056 σοι,
2388 1984 2514 2042 οὐδέ
2565 1994 2667 2056 τῆς
2715 1993 2815 2056 σῆς
2873 1985 3176 2054 ἐπισκοπῆς
3249 1984 3341 2039 καὶ
3394 1983 3670 2054 οῒκήσεως

2011 2096 2325 2153 παρφνομοι
2379 2076 2677 2149 τεύξονται,
2726 2075 2870 2152 Πρὸς
2928 2074 3023 2148 μὶν
3079 2070 3172 2130 οὖν
3223 2073 3285 2128 τὸ
3311 2075 3670 2149 παραστήσο-

2016 2165 2112 2237 μαί
2168 2186 2252 2220 σοι
2307 2167 2370 2222 τὸ
2422 2165 2486 2220 οὐ
2541 2167 2868 2240 παροικήσει
2937 2185 3022 2219 σοι
3075 2161 3516 2236 πονηρευόμενος
3579 2162 3669 2216 ἀν-

2008 2255 2295 2309 τιτέθειται
2329 2272 2344 2287 ⁸
2393 2254 2531 2329 πρὸς
2591 2249 2650 2308 δὲ
2704 2253 2768 2308 τὸ
2823 2251 3013 2326 ἐπόψει
3065 2271 3132 2324 με
3158 2250 3222 2305 τὸ
3251 2248 3315 2305 οὐ
3348 2247 3668 2322 διαμενοῦσι

2009 2344 2320 2417 παράνομοι
2386 2340 2661 2397 κατέναντι
2734 2345 2843 2396 τῶν
2929 2338 3232 2418 ἀφθαλμῶν
3299 2359 3420 2394 σου.
3487 2338 3672 2411 Παρά-

2007 2453 2181 2504 νομος
2236 2432 2329 2505 μὶν
2381 2429 2471 2486 οὗν
2522 2430 2662 2486 ἐστιν
2709 2431 2737 2485 6
2775 2424 3095 2504 παραϐάτης
3135 2431 3298 2484 τινῶν
3326 2423 3666 2482 δεσποτικῶν

2010 2520 2266 2590 ἐντολῶν,
2315 2522 2517 2594 ἄνομος
2574 2517 2632 2575 δὲ
2687 2521 2716 2575 6
2764 2523 2874 2574 τῶν
2929 2517 3085 2574 θείων
3143 2516 3324 2590 νόμων
3385 2515 3464 2579 εἷς
3501 2513 3669 2578 τέλος

2007 2610 2296 2681 ἀθετητής.
2357 2610 2616 2665 Ἐνταῦθα
2675 2606 2858 2682 μέντοι
2914 2606 3006 2662 καὶ
3062 2604 3382 2683 παράνομος
3439 2601 3668 2674 καίτὴν

2007 2699 2235 2773 ἀνομίαν
2287 2697 2671 2776 ἐργαζόμενος,
2723 2699 2752 2752 6
2800 2696 3019 2767 αὐτοὺς,
3052 2697 3081 2752 6
3111 2696 3187 2770 μὴ
3219 2693 3466 2768 ἐννόμως
3496 2691 3665 2750 πολι-

2004 2788 2293 2862 τευόμεντς
2323 2787 2412 2844 καὶ
2444 2787 2645 2864 ὀρθῶς.

2083 2903 2105 2930 α
2140 2877 2439 2951 Ἐμίσησας
2475 2878 2678 2940 πάντας
2730 2873 2860 2938 τοὺς
2917 2872 3319 2952 ἐργαζομένους
3375 2873 3478 2942 τήν
3531 2871 3664 2927 ἀνο-

2011 2967 2158 3042 μίαν.
2192 2991 2222 3019 ››
2251 2999 2321 3009 -
2348 2967 2448 3022 Καὶ
2481 2965 2704 3028 εἰκότως
2728 2985 2740 2999 ·
2779 2963 2894 3020 ἐπεὶ
2939 2966 3043 3042 γάρ
3075 2961 3138 3019 οὐ
3185 2961 3337 3028 θέλες
3385 2963 3486 3032 τὴν
3543 2961 3662 3016 ἀνο-

2011 3056 2158 3130 μίαν,
2189 3057 2317 3118 τοὺς
2349 3055 2380 3111 6'
2413 3057 2488 3130 μὴ
2521 3053 2697 3117 θέλεις
2728 3052 3123 3131 ἐργαζομένους
3156 3049 3444 3126 ἐμίσησας,
3473 3048 3652 3124 ὥσπερ

2003 3145 2131 3208 τοὺς
2163 3149 2469 3218 ποιοῦντας,
2503 3143 2533 3200 6'
2563 3141 2739 3207 θέλεις
2770 3141 3084 3219 ἠγάπησας.

2083 3277 2110 3305 (ι
2143 3249 2399 3314 Ἀπολεῖς
2428 3252 2629 3313 πάντας
2657 3249 2784 3312 τοὺς
2818 3247 3120 3311 λαλοῦντας
3158 3247 3224 3303 τὸ
3252 3244 3472 3322 ψεῦδος.
3528 3269 3556 3297 ››
3586 3277 3658 3287 —-

2007 3347 2178 3397 T0610
2237 3340 2496 3396 δείκνυσιν
2547 3339 2787 3415 ἐναργῶς
2843 3339 2919 3400 ὡς
2968 3335 3148 3400 οὐδεὶς
3204 3341 3312 3392 τῶν
3368 3340 3448 3408 τῷ
3475 3331 3665 3410 ψεύδει

2009 3431 2314 3508 χρωμένων
2375 3431 2697 3502 σωθήσεται,
2756 3427 2852 3483 κᾶν
2913 3423 2966 3482 εἷ’
3013 3447 3065 3480 τι
3125 3427 3230 3500 ἄρα
3290 3425 3382 3481 καὶ
3439 3423 3666 3500 λέγοιτο

2007 3525 2182 3575 ποιεῖν
2243 3519 2460 3596 ἀγαθὸν.
2519 3515 2666 3573 ἀλλὰ
2717 3516 2852 3590 μετᾶ
2914 3519 3011 3571 τοῦ
3066 3515 3272 3591 πατρὸς
3347 3512 3515 3569 αὐτοῦ
3568 3512 3666 3568 καὶ

2010 3606 2338 3664 διδασκάλου
2393 3611 2491 3662 τοῦ
2541 3612 2753 3661 Σατανᾶ
2794 3603 3145 3679 πληρώσεται
3202 3603 3302 3672 τὴν
3349 3601 3666 3658 ἀπώλειανο

2009 3697 2182 3772 ὣσαερ
2239 3698 2343 3773 γὰρ
2401 3697 2430 3751 6
2486 3697 2612 3757 Θεὸς
2671 3693 2929 3765 ἀληθείας
2982 3695 3164 3767 πατήρ
3221 3691 3332 3748 ἐστι
3379 3691 3469 3746 καὶ
3499 3693 3671 3761 καθη-

2007 3787 2206 3862 γητής,
2239 3785 2410 3847 οὕτως
2467 3785 2496 3840 6
2533 3784 2846 3854 ἀποστάτης
2895 3781 2987 3838 καὶ
3034 3781 3401 3856 ἀντικείμενος
3424 3777 3666 3855 ψεύδους

2010 3874 2229 3946 Λενέτης
2285 3876 2602 3950 γινώσκεται
2659 3873 2750 3928 καὶ
2819 3869 3194 3949 μυσταγωγόςο
3272 3869 3371 3926 Καὶ
3430 3871 3485 3925 οἱ.
3564 3871 3666 3943 μὲν

2007 3962 2238 4033 ἀληθείᾷ
2283 3965 2549 4031 συζῶντες
2603 3961 2737 4034 μετά
2791 3964 2926 4015 Θεοῦ
2979 3960 3286 4028 τάττονται,
3316 3962 3454 4014 Θεοῦ
3488 3970 3672 4032 μαθη-

2007 4052 2093 4106 ταὶ
2142 4051 2601 4127 χρηματίζοντες,
2651 4050 2704 4104 οἱ
2758 4046 2818 4104 δὲ
2863 4049 2926 4104 τὸ
2973 4045 3172 4124 ψεῦδος
3233 4045 3534 4110 λαλοῦντες
3565 4047 3672 4103 οὐκ

2007 4138 2213 4210 ἀδηλον
2265 4140 2410 4202 τίνος
2461 4139 2563 4195 εἶσὶ
2615 4138 2810 4213 μύσται
2855 4138 2946 4194 καὶ
2993 4135 3099 4193 τίνι
3149 4135 3486 4215 συνάγονται.
3516 4137 3672 4208 Ῥίζα

2005 4228 2068 4284 τὸ
2099 4227 2294 4302 ψεῦδος
2326 4226 2791 4304 ὁμολογουμένως
2828 4229 3010 4298 πάσης
3039 4225 3314 4303 αἱρέσεως,
3368 4221 3666 4299 διαϐολῆς,

2008 4315 2349 4390 δολιότητος,
2386 4317 2596 4387 ἀπάτης
2620 4335 2632 4348 ’
2667 4315 2721 4371 τί
2752 4317 2867 4392 χρὴ
2893 4315 2960 4370 τὰ
2985 4316 3123 4371 κατά
3157 4316 3322 4394 μέρος
3373 4312 3625 4388 διεξιέναι
3651 4336 3666 4386 ;

2006 4409 2182 4478 πάσης
2241 4411 2431 4469 κακῖας
2491 4406 2662 4482 ἀρχὴ,
2747 4404 2924 4473 πάσης
3001 4400 3280 4468 ἀσεϐείας’
3354 4405 3667 4480 πρώτιστον

2006 4494 2200 4552 αἷεειον·
2233 4500 2347 4551 Ποῦ
2395 4517 2574 4550 τοινυν
2626 4494 2726 4550 οὐκ
2774 4493 2921 4550 ἔσται
2963 4494 3127 4550 κακὸν
3158 4495 3222 4574 τὸ
3251 4492 3428 4557 οὕτως
3457 4493 3662 4563 κακόν;

2009 4586 2106 4641 Διά
2150 4585 2312 4641 τοῦτὸ
2360 4606 2519 4663 φησιν
2568 4586 2596 4640 ὁ
2643 4586 2934 4662 προφήτης
2965 4583 3018 4640 ἐν
3052 4584 3192 4660 ἁγίῳ
3217 4583 3492 4656 Πνεύματι
3521 4585 3667 4660 πρὸς

2006 4677 2096 4731 τὸν
2156 4674 2375 4751 Κύριον,
2430 4700 2457 4727 ‹‹
2499 4673 2754 4738 Ἀπολεῖς
2800 4672 3000 4737 πάντας
3045 4674 3173 4736 τοὺς
3245 4671 3551 4736 λαλοῦντας
3597 4675 3668 4728 τὸ

2007 4762 2202 4840 ψεῦδος
2234 4788 2262 4816 ››
2309 4764 2370 4819 οὐ
2418 4763 2565 4826 τινάς
2629 4764 2742 4836 μὲν,
2771 4764 2920 4825 τινας
2953 4760 3001 4818 δ’
3030 4758 3149 4834 οὐκ,
3180 4759 3329 4818 ἀλλά
3363 4761 3493 4826 τοὺς
3521 4761 3664 4817 πάν-

2004 4876 2100 4917 τας
2125 4855 2285 4928 ὁμοῦ.

2079 4969 2108 4996 ι(
2170 4940 2378 5019 ’Ἄνδρα
2436 4940 2680 5015 αἱμάτων
2729 4941 2820 4996 καὶ
2869 4939 3062 4997 δόλιον
3134 4938 3489 5017 βδελύσσεται
3553 4941 3665 4997 Κύ-

2008 5053 2148 5110 ριος.
2185 5056 2212 5085 ››
2268 5067 2337 5075 -
2388 5035 2506 5088 Ὅτι
2562 5032 2656 5106 μὲν
2709 5030 2802 5086 τὸν
2851 5028 3202 5109 ἀνδροφόνον,
3254 5029 3412 5093 οὗτος
3441 5029 3544 5106 γὰρ
3575 5032 3666 5086 αἱ-

2012 5122 2194 5197 μάτων
2245 5122 2402 5198 ἀνὴρ,
2449 5119 2801 5194 βδελύσσεται
2852 5120 3050 5197 Κύριος
3095 5119 3180 5182 τίς
3233 5123 3343 5175 τῶν
3413 5119 3664 5176 ἁπάντων

2008 5207 2315 5290 ἃμφιϐαλεῖ
2345 5230 2358 5244 ο
2393 5211 2608 5287 καὶγὰρ
2639 5214 2748 5266 τῶν
2784 5210 3086 5284 ἀνθρώπων
3119 5207 3237 5264 ὅσοι
3285 5209 3477 5285 μικρὸν
3529 5214 3665 5285 γοῦν

2008 5301 2282 5372 ἐπιεικεῖς,
2329 5300 2421 5356 τὸν
2479 5304 2726 5355 τοιοῦτον
2780 5304 3159 5372 μυσάττονται·
3210 5296 3368 5367 Πλὴν
3425 5297 3670 5355 ἐντοῦθεν

2011 5391 2370 5464 μανθάνομεν,
2421 5387 2504 5445 ὅτι
2551 5389 2640 5444 καὶ
2689 5389 2718 5444 6
2769 5386 2956 5451 δόλιος
3006 5387 3343 5458 συνέζευκται
3386 5392 3463 5460 τῷ
3511 5394 3672 5465 φονεῖ

2007 5481 2153 5556 παρά
2197 5487 2298 5550 τῆς
2346 5479 2487 5545 θείας
2538 5486 2796 5556 Γραφῆς’
2849 5476 3108 5534 τοσοῦτόν
3179 5475 3292 5534 ἐστι
3358 5477 3450 5534 καὶ
3505 5478 3668 5542 οὗτος

2008 5568 2379 5645 ἀποτρόπαιος
2409 5569 2488 5641 τῷ
2519 5573 2655 5641 Θεῷ.

2081 5683 2109 5711 ‹‹
2144 5660 2282 5736 Ἐγὼ
2331 5656 2387 5714 δὲ
2435 5657 2486 5712 ἐν
2537 5663 2614 5730 τῷ
2663 5656 2866 5729 πλήθει
2915 5660 3012 5711 τοῦ
3060 5655 3248 5719 ἐλέους
3277 5677 3398 5724 σου,
3431 5656 3668 5714 εἰσελεύ-

2009 5769 2174 5822 σομαι
2231 5748 2309 5812 εἷς
2367 5747 2458 5804 τὸν
2516 5746 2665 5803 οἶκόν
2731 5765 2867 5803 σου·
2929 5748 3289 5822 προσκυνήσω
3345 5747 3482 5825 πρὸς
3539 5749 3666 5805 ναὸν
