4072 6422
343 417 370 472 1
384 410 504 471 345

1572 401 1987 466 EXPOSITIO
2031 402 2108 464 IN
2154 403 2512 466 PSALMOS
2525 448 2541 464 .

3601 413 3759 473 I346

346 539 498 618 ἅγιόν
549 559 646 595 σου
695 537 746 594 ἐν
798 531 954 616 φόϐῳ
1004 557 1122 594 σου,
1157 557 1188 588 ››
1219 538 1483 590 -οΤοῦτο
1529 533 1996 612 μετριοφροσύνης
2025 545 2080 612 Α
2109 533 2200 588 ἀπ’
2248 535 2426 610 ἀρχῆς
2473 535 2562 589 καὶ
2614 530 2800 591 οὔποτ’
2844 535 2978 606 ἦσαν
3025 538 3100 610 μὴ
3155 535 3527 612 δολιούμενοι.
3571 541 3758 597 Γλῶσ-

345 627 656 704 ὑπόδειγμά
716 648 776 683 τε
831 624 920 681 καὶ
983 622 1238 702 δίδαγμα.
1302 624 1486 695 Πάσης
1559 623 1661 700 γὰρ
1734 622 1997 699 πονηρίας

347 721 497 775 ὁτοῦ
545 720 680 774 Θεοῦ
730 713 1013 790 ἄνθρωπος
1063 711 1344 790 ἀμέτοχος
1394 719 1490 785 ὢν,
1543 711 1594 767 ἐν
1661 716 1740 784 τῷ
1795 709 1999 782 πλήθει

340 829 438 863 του
469 805 657 869 ἐλέους
702 825 799 860 σου
851 801 1229 877 εἰσελεύσομαι
1261 801 1339 865 εἷς
1386 801 1479 857 τὸν
1509 799 1656 857 οἶκόν
1716 821 1834 870 σου,
1867 801 2000 880 φησί

347 897 485 974 πρὸς
516 896 670 968 Θεὸν,
699 891 869 970 ἤγουν
911 891 972 948 οὐ
1005 889 1094 948 διὰ
1138 893 1239 961 τὴν
1279 891 1418 965 ἐμὴν
1467 890 1686 968 ἀρετὴν,
1719 888 1866 946 ἀλλὰ
1913 888 2002 944 διὰ

347 986 409 1042 τὸ
439 982 656 1055 πλῆθος
685 987 788 1038 τοῦ
819 981 1005 1045 ἐλέους
1039 1001 1135 1036 σου
1163 987 1265 1051 τῆς
1311 980 1574 1050 τοιαύτης
1623 979 2001 1052 ἀξιωθήσομαι

347 1074 604 1152 χάριτος.
640 1072 800 1128 Οἷκον
825 1069 885 1127 δὲ
911 1072 1002 1127 καὶ
1029 1071 1153 1126 ναὸν
1206 1070 1298 1126 καὶ
1345 1071 1437 1125 τὸν
1482 1069 1736 1139 αἰσθητὸν
1789 1068 2002 1139 ὑπολη-

345 1162 508 1220 πτέον
536 1163 630 1218 τὸν
658 1161 712 1217 ἐν
740 1164 811 1236 τῇ
842 1161 1042 1237 γῇ,καὶ
1071 1157 1272 1232 πολλῷ
1305 1157 1544 1234 μάλιστα
1567 1159 1660 1214 τὸν
1691 1159 1882 1230 νοητὸν
1911 1156 2002 1212 καὶ

351 1252 763 1329 ὑπερουράνιον,
793 1251 930 1326 πρὸς
977 1252 1036 1306 ὃν
1094 1247 1220 1305 ὅποι
1279 1255 1380 1327 γῆς
1409 1247 1627 1319 ἔστηκεν
1661 1249 1690 1304 6
1715 1245 2000 1326 θεοφιλὴς,

349 1345 548 1419 νοερῶς
599 1340 986 1418 εἰσερχόμενος
1027 1338 1078 1394 ἐν
1124 1333 1301 1417 φόϐῳ,
1333 1337 1422 1394 καὶ
1470 1333 1727 1409 εὐλαϐείᾳ
1765 1357 2002 1414 προσκυ-

348 1437 430 1486 νεῖ
454 1431 547 1486 τὸν
577 1429 728 1487 Θεόν.

427 1541 451 1571 ι
485 1519 666 1597 Κύριε,
731 1515 1004 1594 ὀδήγησόν
1061 1537 1129 1592 με
1193 1516 1246 1570 ἐν
1303 1519 1372 1591 τῇ
1430 1513 1741 1589 δικαιοσύνῃ
1800 1535 1917 1586 σου,
1950 1514 2002 1570 ἐν

355 1615 476 1673 ταῖς
509 1607 755 1670 ἐντολαῖς
802 1628 898 1663 σου
927 1605 979 1663 ἐν
1011 1607 1096 1669 αἷς
1125 1611 1298 1662 πᾶσαν
1332 1603 1601 1668 διδάσκεις
1658 1603 2003 1677 δικαιοσύνην

351 1696 765 1776 χειραγώγησόν
798 1717 882 1771 με.
919 1719 949 1748 »
978 1728 1050 1739 —
1079 1699 1189 1752 Σοῦ
1237 1696 1341 1771 γὰρ
1379 1695 1454 1769 μή
1485 1695 2005 1771 χειραγωγήσαντος

347 1785 458 1851 ἕως
486 1786 704 1858 τέλους,
751 1788 851 1858 τὴν
881 1780 1069 1862 τρίϐον
1097 1786 1206 1841 τῶν
1239 1789 1346 1839 σῶν
1379 1783 1613 1840 ἐντολῶν
1648 1782 2006 1859 ἀπροσκόπως

352 1875 586 1934 διελθεῖν
615 1875 677 1932 οὐ
711 1873 1036 1948 δυνήσομαι.

432 1986 685 2039 «Ἕνεκα
734 1986 843 2038 τῶν
914 1981 1124 2058 ἐχθρῶν
1205 2001 1309 2054 μου
1377 1979 1700 2044 κατεύθυνον
1775 1977 2006 2035 ἐνώπιόν

357 2094 454 2129 σου
507 2073 606 2141 τὴν
667 2068 790 2127 ὁδόν
846 2089 978 2145 μου.
1013 2095 1143 2122 ››-
1187 2067 1344 2132 Ὁδὸς
1398 2080 1434 2139 η
1495 2067 1763 2145 διαγωγήο
1812 2068 1902 2124 καὶ
1961 2067 2008 2124 εί

361 2163 456 2237 μὲν
492 2161 630 2217 κατὰ
665 2159 795 2224 τοὺς
847 2159 1021 2224 θείους
1074 2157 1280 2233 νόμους
1330 2155 1505 2214 ὁδεύει
1532 2180 1638 2230 τις,
1669 2160 1704 2229 ἡ
1737 2155 1864 2221 ὁδὸς
1919 2157 2011 2213 αὐ-

353 2254 453 2306 τοῦ
511 2249 652 2305 ἐστιν
724 2247 955 2303 ἐνώπιον
1011 2252 1110 2302 τοῦ
1155 2251 1312 2316 Θεοῦ,
1351 2247 1492 2310 θείας
1540 2247 1824 2310 ἐποπτείας
1891 2246 2011 2319 ἀξία

354 2338 716 2417 τυγχάνουσα.
768 2339 912 2402 Καθᾶ
959 2335 1182 2414 ἅμωρος
1240 2337 1329 2392 καὶ
1382 2337 1578 2414 ἀρεστὴ
1627 2342 1706 2410 τῷ
1757 2341 1871 2409 Θεῷ
1921 2337 2011 2392 καὶ

357 2430 495 2484 κατὰ
541 2428 770 2490 τούτους
809 2426 939 2490 τοὺς
989 2424 1191 2502 λόγους
1236 2426 1616 2502 ἐπεγνωσμένη
1651 2431 1786 2500 Θεῷ,
1819 2427 2013 2502 γινώσ-

359 2537 442 2572 κει
487 2518 592 2593 γὰρ
641 2514 840 2593 Κύριος
889 2513 1014 2571 ὁδόν
1065 2513 1308 2572 δικαίων·
1362 2514 1408 2570 εἰ
1468 2512 1526 2570 δὲ
1581 2514 1728 2591 παρὰ
1779 2516 1878 2584 τὴν
1934 2514 2012 2568 ἐν-

360 2606 533 2676 τολὴν
561 2603 707 2678 ὁδὸς,
742 2605 842 2660 οὐκ
871 2603 1012 2660 ἔστιν
1044 2604 1276 2661 ἐνώπιον
1329 2609 1427 2660 τοῦ
1467 2609 1622 2675 Θεοῦ,
1653 2606 1754 2676 τήν
1783 2625 1844 2660 τε
1898 2610 2012 2660 κατ’

363 2695 635 2752 οἷκείωσιν
710 2699 908 2772 γνῶσιν
991 2693 1052 2750 οὐ
1112 2696 1431 2771 γινώσκεται
1499 2695 1646 2770 παρά
1698 2698 1797 2750 τοῦ
1855 2699 2010 2751 Θεοῦ.

363 2786 524 2861 Λέγει
571 2783 746 2839 τοίνυν
798 2785 826 2839 6
873 2784 1335 2860 προσευχόμενος,
1389 2784 1452 2838 Οἱ
1500 2782 1690 2860 ἐχθροί
1745 2805 1851 2856 μου
1900 2804 2016 2838 πει-

369 2879 564 2952 ρῶνται
610 2871 873 2945 διηνεκῶς
917 2872 1231 2945 ἀποπλανᾷν
1269 2893 1336 2947 με
1380 2874 1481 2942 τῆς
1534 2872 1704 2946 μέσης
1751 2869 1886 2928 ὁδοῦ
1913 2879 2014 2943 τῆς

369 2963 538 3040 ὀρθῆς
581 2962 674 3019 καὶ
720 2968 835 3019 κατ’
882 2963 1100 3040 ἀρετὴν,
1148 2961 1239 3018 καὶ
1285 2962 1323 3032 ἢ
1364 2961 1499 3038 πρὸς
1548 2958 1693 3032 δεξιὰ
1741 2960 2015 3037 ἐκτρέπειν

367 3054 404 3122 ἢ
463 3052 600 3130 πρὸς
654 3050 925 3129 ἀριστερὰ,
986 3049 1054 3107 δι’
1111 3045 1430 3128 ὑπερϐολῶν
1485 3050 1523 3120 ἢ
1583 3047 1654 3105 δι’
1718 3047 2016 3126 ἐλλείψεων

368 3140 596 3218 ἀπάγειν
644 3147 746 3210 τῆς
790 3141 986 3217 ἀρετῆς
1041 3144 1456 3217 μηχανῶμενοι,
1506 3139 1596 3195 καὶ
1643 3137 1768 3195 ὅσον
1821 3141 1890 3196 τὰ
1935 3139 2017 3196 ἐπ’

367 3228 550 3292 αὐτοῖς
599 3227 700 3284 οὐκ
743 3227 871 3284 ἐῶσι
919 3228 1162 3304 γίνεσθαι
1208 3230 1307 3298 τὴν
1359 3227 1498 3303 ἐμὴν
1550 3226 1830 3305 διαγωγὴν
1882 3228 2015 3284 ἐνώ-

373 3282 550 3292 “’“’“⁷⁷
607 3282 697 3284 ἡ⁷⁷ή
750 3282 867 3284 iVV'V
935 3282 1159 3304 IVV—VV'V
1227 3282 1297 3298 ⁷³⁷
1365 3282 1488 3303 “ΙΠΊ’
1560 3282 1821 3305 “⁷ῨἸ⁷“ΙΙ’
1888 3282 1978 3284 ““““

364 3317 490 3374 πιόν
533 3338 652 3376 σου.
702 3315 779 3372 Σὺ
827 3321 957 3392 γοῦν
1007 3317 1165 3380 αὐτὸς
1207 3313 1364 3374 ἕνεκα
1415 3320 1526 3374 τῶν
1582 3318 1700 3373 κατ’
1730 3317 1864 3393 ἐμοῦ
1921 3315 2013 3374 δο-
2046 3282 2089 3352 C

366 3405 697 3481 λιευομένων
729 3405 942 3483 ἐχθρῶν
978 3402 1218 3483 ὅρθωσον
1263 3407 1362 3477 τήν
1411 3403 1689 3483 διαγωγήν
1737 3428 1840 3482 μου
1888 3407 2016 3462 ἐνώ-

364 3495 488 3552 πιόν
561 3517 657 3552 σου
734 3497 966 3552 πάντοτε
1039 3494 1277 3572 γίνεσθαι
1353 3493 1776 3572 ἀπαρέγκλιτον.
1854 3499 2013 3552 Ὅσον

361 3585 464 3661 γάρ
506 3606 590 3648 τις
647 3584 881 3642 ἐκκλίνει
932 3591 1034 3655 σῆς
1073 3584 1290 3662 ἀρετῆς,
1338 3589 1598 3640 τοσοῦτον
1659 3585 1852 3663 ἀπάγει
1912 3587 2012 3655 τὴν

364 3672 492 3730 ὁδὸν
554 3673 719 3732 αὐτοῦ
773 3675 866 3730 καὶ
911 3672 1183 3751 διαγωγὴν
1211 3679 1308 3730 τοῦ
1339 3673 1471 3730 εἶναι
1505 3674 1731 3730 ἐνώπιον
1757 3680 1853 3730 τοῦ
1882 3679 2014 3730 Θεοῦ

367 3763 772 3840 μακρυνόμενος
823 3765 929 3820 ἀπὸ
955 3767 1054 3820 τοῦ
1096 3767 1252 3820 Θεοῦ.
1285 3761 1458 3834 Δῆλοι
1518 3761 1575 3819 δὲ
1620 3762 1915 3841 πολλαχοῦ
1951 3765 2014 3820 τὸ

363 3851 590 3910 ἐνώπιον
649 3858 747 3910 τοῦ
803 3857 938 3910 Θεοῦ
993 3853 1084 3909 καὶ
1112 3857 1175 3908 τὸ
1230 3851 1524 3926 ἀλάθητον,
1573 3853 1647 3916 ὡς
1690 3855 1755 3908 τὸ
1805 3853 2015 3924 «Ἐξη-

368 3943 642 4018 μάρτομεν
701 3941 932 3998 ἐνώπιόν
988 3963 1105 4010 σου,
1157 3964 1187 3993 ››
1238 3942 1352 4011 καὶ,
1397 3963 1421 3994 ι
1452 3942 1524 3997 Τὸ
1589 3943 1828 4020 πονηρὸν
1879 3943 2012 3998 ἐνώ-

361 4029 486 4086 πιόν
534 4053 630 4088 σου
680 4030 930 4102 ἐποίησα,
962 4054 991 4084 ››
1031 4031 1210 4093 καθὼς
1255 4030 1345 4086 καὶ
1388 4032 1424 4100 ἡ
1471 4035 1667 4106 γνῶσις
1707 4033 1806 4101 τὴν
1867 4029 2013 4104 εἷ’δη-

363 4140 468 4190 σιν,
492 4119 569 4184 ὡς
595 4120 683 4192 τὸ,
707 4144 736 4174 ‹‹
766 4119 964 4194 Κύριος
993 4119 1245 4196 γινώσκει
1273 4119 1402 4181 τοὺς
1443 4117 1838 4196 διαλογισμοὺς
1902 4125 2009 4176 τῶν

363 4209 661 4288 ἀνθρώπων
695 4207 778 4265 ὅτι
809 4208 912 4264 εἶσὶ
947 4209 1186 4282 μάταιοι.
1225 4231 1246 4260 ο

432 4324 462 4352 ‹‹
492 4302 612 4356 ’Ότι
671 4297 772 4354 οὐκ
830 4295 970 4353 ἔστιν
1033 4296 1085 4352 ἐν
1139 4301 1220 4370 τῷ
1267 4296 1495 4371 στόματι
1526 4298 1700 4354 αὐτῶν
1760 4299 2009 4368 ἀλήθειαο

359 4389 396 4458 ἡ
427 4385 625 4464 καρδία
674 4386 851 4444 αὐτῶν
913 4385 1133 4461 ματαία.
1164 4409 1193 4440 »
1225 4418 1294 4429 —
1339 4391 1579 4442 Ψεῦσται
1627 4387 1716 4443 καὶ
1765 4389 2012 4444 ἀπατεῶ-

359 4478 445 4542 νές
498 4478 653 4537 εἰσιν.
712 4477 1049 4532 Ὑποτιθέασι
1122 4473 1275 4546 δῆθέν
1350 4496 1469 4531 τινα
1545 4477 1881 4535 συνοίσοντα.
1939 4479 2014 4534 Τὰ

361 4563 420 4622 δέ
478 4566 580 4622 εἶσι
645 4564 938 4643 βλαπτικά.
972 4564 1071 4622 Διά
1118 4562 1176 4621 δὲ
1219 4571 1321 4636 τῆς
1350 4562 1572 4640 καρδίας
1627 4567 1723 4629 τὰς
1783 4565 2012 4641 μελέτας

361 4655 537 4712 αὐτῶν
571 4653 821 4728 ἐδήλωσε
867 4654 1136 4730 μελετῶσι
1163 4655 1282 4711 κατ’
1326 4653 1464 4729 ἐμοῦ
1522 4657 1680 4713 κακά.
1730 4657 1800 4711 Τὸ
1846 4658 2010 4712 κακὸν
2044 4656 2092 4721 D

361 4740 420 4799 δὲ
452 4744 677 4818 μάταιον
706 4744 781 4807 ὡς
811 4743 1148 4820 ἀνύπαρκτον
1180 4742 1319 4800 ὥστε
1344 4743 1408 4800 τὸ
1452 4743 1677 4819 μάταιον
1731 4745 1794 4800 οὑ
1841 4745 2007 4818 μόνον

360 4831 450 4888 ἐπὶ
475 4837 574 4889 τοῦ
604 4833 903 4890 ἀσυστάτου
926 4828 1405 4908 παραλαμϐάνεται
1455 4834 1545 4888 καὶ
1574 4829 1831 4909 ψευδοῦς,
1863 4832 2010 4890 ἀλλὰ

357 4923 448 4978 καὶ
497 4922 586 4978 ἐπὶ
631 4927 729 4978 τοῦ
778 4921 968 4980 δολίου
1011 4922 1103 4979 καὶ
1149 4923 1442 5001 περιέργου
1483 4923 1572 4979 καὶ
1635 4928 1882 5001 πονηροῦ
1917 4923 2008 4979 καὶ

358 5009 717 5076 ἀλυσιτελοῦς
744 5012 835 5068 καὶ
865 5010 1012 5076 δ’λως
1041 5017 1232 5070 κακοῦ.

432 5143 461 5174 ιι
491 5117 677 5199 Τάφος
725 5120 1072 5196 ἀνεῳγμένος
1101 5122 1130 5176 6
1161 5117 1362 5196 λάρυγξ
1412 5121 1605 5176 αὐτῶν.
1636 5143 1666 5171 ››
1697 5152 1764 5163 -
1803 5123 2006 5197 Ὥσπερ

357 5209 387 5264 6
417 5208 761 5284 ἀνεῳγμένος
807 5211 994 5289 τάφος,
1028 5209 1057 5264 6
1088 5207 1233 5286 ἔχων
1283 5207 1336 5264 ἐν
1385 5207 1533 5281 αὐτῷ
1583 5211 1742 5283 σῶμα
1792 5206 2008 5288 διαφθο-

359 5303 478 5376 ρᾶς,
535 5297 744 5378 ἐκφέρει
802 5296 1068 5355 δυσωδίαν
1130 5297 1428 5376 ἀφόρητον,
1489 5296 1633 5353 οὕτω
1681 5295 1749 5368 δὴ
1817 5299 1908 5354 καὶ
1957 5299 2008 5354 οἱ

357 5385 635 5462 δαίμονες,
685 5390 950 5463 ἀσέμνους
1029 5387 1352 5460 ἐνθυμήσεις
1426 5387 1869 5462 ἀναπεμπάζουσι
1937 5392 2006 5464 τῇ

356 5480 512 5554 ψυχῇ
565 5479 656 5534 καὶ
712 5477 1079 5557 βλασφημιῶν
1139 5475 1433 5552 αῗσχίστων
1495 5475 1861 5554 ἐξερεύγονται
1913 5477 2010 5556 ῥή-

359 5588 522 5641 ματα.

427 5662 614 5720 «Ταῖς
670 5656 947 5734 γλώτταις
1002 5653 1178 5709 αὐτῶν
1243 5651 1587 5714 ἐδολιοῦσαν.
1645 5679 1675 5708 ››
1723 5688 1793 5698 --
1851 5653 2008 5712 Ἐδο-

355 5744 602 5800 λιεύοντο
658 5748 776 5802 κατ’
827 5745 980 5821 ἐμοῦ,
1013 5744 1102 5800 καὶ
1139 5744 1201 5799 τὸ
1259 5741 1412 5822 ἔργον
1453 5745 1629 5800 αὐτῶν
1662 5746 1691 5800 ὁ
1738 5744 1902 5807 δόλος
1935 5746 2004 5814 ἧν

2109 643 2195 677 σαι
2227 619 2286 677 δὲ
2313 623 2402 678 καὶ
2431 621 2628 700 καρδία
2656 623 2745 679 καὶ
2775 624 2952 699 στόμα
2979 625 3071 681 καὶ
3098 623 3298 706 λάρυγξ
3335 629 3422 685 ἐπὶ
3482 627 3755 705 δαιμόνων

2109 709 2353 787 εἷ’ρηνται
2379 711 2571 786 τρόπῳ
2611 719 2939 792 μεταφορᾶς,

2182 824 2211 853 ‹‹
2238 805 2432 878 Κρῖνον
2485 801 2704 873 αὐτοὺς,
2736 804 2764 858 6
2813 803 2960 868 Θεός.
2995 827 3025 857 ››
3055 835 3123 850 --
3153 806 3338 882 Κρίσιν
3387 807 3760 882 ποιησάμενος

2111 888 2195 945 ἐπ’
2235 889 2420 953 αὐτοῖς
2472 888 2680 947 δικαίαν
2711 893 2848 949 κατὰ
2870 893 2939 949 τὰ
2985 893 3117 971 ἔργα
3165 894 3364 967 αὐτῶν,
3419 895 3619 961 ἀπόδος
3664 899 3759 954 αὐ-

2107 979 2246 1050 τοῖς,
2295 981 2324 1035 6
2372 978 2581 1044 δίκαιος
2629 982 2780 1045 Θεός.
2834 984 3278 1041 Ἀποπεσέτωσαν
3329 985 3436 1042 ἀπὸ
3495 992 3602 1043 τῶν
3648 985 3762 1044 δια-

2111 1063 2351 1124 ϐουλίων
2410 1070 2604 1140 αὐτῶν,
2657 1070 3022 1129 ἐκπεσέτωσαν
3082 1079 3188 1129 τῶν
3255 1076 3374 1131 κατ’
3416 1075 3552 1150 ἐμοῦ
3633 1079 3760 1152 βου-

2111 1155 2398 1231 λευμάτων
2449 1157 2646 1233 αὐτῶν,
2699 1157 2869 1234 μηδὲν
2935 1161 3275 1219 ἀνυσάτωσαν
3344 1165 3420 1219 ὧν
3469 1167 3585 1222 κατ’
3625 1166 3762 1241 ἐμοῦ

2117 1246 2415 1320 μελετῶσιν
2449 1248 2966 1326 ἀπρακτησάτωσαν.

2186 1379 2216 1408 ‹‹
2247 1357 2393 1410 Κατά
2446 1355 2510 1411 τὸ
2565 1357 2783 1428 πλῆθος
2823 1363 2931 1414 τῶν
2995 1357 3252 1416 ἀσεϐειῶν
3321 1361 3495 1418 αὐτῶν
3565 1363 3762 1436 ἕξωσον

2113 1442 2331 1508 αὐτούς.
2388 1468 2416 1498 »
2464 1479 2536 1488 —-
2586 1443 2801 1504 Πολλαί
2861 1447 3035 1505 αὐτῶν
3086 1451 3141 1505 αἱ
3207 1447 3465 1508 ἀσέϐειαι·
3515 1454 3606 1509 καὶ
3661 1455 3764 1534 γὰρ

2114 1532 2196 1588 ἀεὶ
2249 1531 2669 1612 βλασφημοῦσιν
2713 1535 2790 1600 είς
2841 1537 2919 1605 σὲ,
2949 1537 3040 1592 καὶ
3086 1539 3222 1594 κατᾶ
3266 1545 3374 1596 τῶν
3421 1546 3528 1597 σῶν
3579 1531 3764 1616 διηνε-

2114 1626 2226 1686 κῶς
2283 1622 2743 1700 ἐκστρατεύουσιν,
2794 1624 3204 1703 αἰχμαλωτίσαι
3278 1629 3594 1695 σπεύδοντες
3668 1633 3764 1689 αὐ-

2113 1711 2240 1774 τοὺς
2300 1712 2407 1768 ἀπὸ
2455 1717 2571 1769 σοῦ.
2624 1713 2770 1772 Κατὰ
2822 1720 2952 1793 γοῦν
3001 1717 3064 1772 τὸ
3102 1715 3314 1788 πλῆθος
3341 1723 3450 1774 τῶν
3506 1717 3766 1778 ἀσεϐειῶν

2116 1800 2290 1856 αὐτῶν
2348 1801 2578 1874 ποίησον
2638 1803 2845 1878 αὐτοῖς,
2876 1805 2966 1860 καὶ
3025 1809 3116 1861 νῦν
3181 1807 3276 1881 μὲν
3335 1805 3534 1878 ἕξωσον
3567 1811 3764 1875 αὐτοὺς

2036 1917 2086 1983 Β
2117 1891 2192 1983 ἀφ
2447 1893 2924 1983 ἡττημένους-καὶ
2973 1893 3385 1970 ᾐσχυμμένους,
3418 1896 3469 1952 ἐν
3517 1903 3598 1971 τῷ
3644 1921 3764 1955 και-

2120 1978 2199 2057 ρῷ
2226 1977 2284 2035 δὲ
2309 1983 2410 2050 τῆς
2438 1981 2665 2058 κρίσεως
2706 1979 2962 2054 ἐκδίωξον
3009 1983 3206 2047 αὐτοὺς
3250 1983 3327 2048 εἷς
3381 1988 3480 2056 τήν
3524 1989 3762 2064 γέενναν.

2116 2069 2216 2124 Καὶ
2286 2071 2752 2143 ἀποκατάστησον,
2812 2072 2890 2135 εἰς
2966 2072 3031 2128 τὸ
3100 2073 3506 2149 ἡτοιμασμένον
3582 2077 3768 2143 αὐτοῖς

2119 2157 2338 2214 αἶ’ώνιον
2369 2162 2501 2236 πῦρ,
2534 2159 2609 2222 ὡς
2638 2159 2698 2216 ἃν
2731 2159 2964 2224 αἰωνίως
2989 2159 3332 2233 κολάζοιντο.

2192 2250 2368 2336 αὍτι
2395 2247 2796 2325 παρεπίκρανάν
2829 2271 2907 2322 σε,
2940 2250 3121 2328 Κύριε.
3156 2277 3185 2305 ››
3218 2283 3287 2296 --
3329 2258 3442 2309 Σοῦ
3488 2257 3592 2333 γὰρ
3643 2259 3768 2336 περὶ

2119 2334 2306 2392 πολλὰ
2348 2336 2634 2411 τιθεμένου
2681 2339 2779 2408 τὴν
2832 2339 3103 2415 σωτηρίαν
3131 2343 3292 2415 ἡμῶν
3350 2344 3440 2400 καὶ
3496 2334 3772 2410 ποικίλοις

2117 2425 2345 2499 τρόποις
2395 2425 2814 2500 οἶκονομοῦντος
2874 2428 3040 2498 αὐτὴν
3097 2430 3563 2509 ἀντεπιχειροῦσιν
3618 2436 3768 2492 οὗτοι

2119 2513 2208 2569 καὶ
2258 2513 2693 2591 ἀντιπράττουσι,
2741 2515 2833 2572 καὶ
2907 2517 3182 2582 παντοίως
3246 2527 3602 2597 μηχανῶνται
3668 2527 3769 2595 τήν

2118 2608 2225 2658 τῶν
2294 2603 2593 2681 ἀνθρώπων
2657 2605 2955 2661 ἀπώλειαν·
3005 2612 3459 2687 παραπτκρασμὸν
3532 2611 3590 2668 δὲ
3640 2637 3772 2685 νοη-

2119 2692 2239 2748 τέον
2293 2695 2392 2763 τὴν
2449 2698 2558 2750 τῶν
2619 2695 2895 2769 δαιμόνων
2965 2697 3323 2772 ἀντιστασίαν,
3382 2701 3504 2756 ὅσον
3571 2704 3636 2758 τὸ
3695 2706 3774 2768 είς

2123 2780 2319 2844 αὐτοὺς
2348 2783 2483 2852 ἧκον
2507 2784 2645 2860 πρὸς
2673 2783 2737 2839 τὸ
2771 2782 3033 2861 βούλημα
3060 2792 3159 2842 τοῦ
3189 2793 3342 2844 Θεοῦ·
3373 2789 3436 2845 τὰ
3484 2792 3589 2869 γὰρ
3632 2795 3774 2850 θεῖον

2123 2871 2326 2934 παντὸς
2352 2869 2558 2934 πάθοὺς
2586 2871 2878 2949 ἀνώτερον.

2198 3002 2228 3032 ‹‹
2258 2978 2358 3032 Καὶ
2434 2977 2853 3058 εὐφρανθείησαν
2932 2980 3125 3045 πάντες
3182 2984 3236 3038 οἱ
3303 2984 3613 3057 ἐλπίζοντες
3685 2988 3774 3044 ἐπὶ

2127 3065 2204 3124 σέ.
2237 3091 2266 3121 ››
2301 3100 2370 3111 —
2396 3069 2654 3124 Ἐνταῦθα
2685 3069 2781 3144 μὲν
2828 3069 3262 3149 ἐπικρατέστεροι
3317 3079 3386 3150 τῇ
3437 3080 3505 3151 σῇ
3550 3079 3777 3153 βοηθείᾳ

2124 3163 2224 3226 τῆς
2298 3160 2407 3212 τῶν
2485 3155 2760 3231 δαιμόνων
2817 3159 3146 3236 πανουργίας
3205 3163 3504 3238 γενόμενοι,
3552 3165 3663 3223 ἐκεῖ
3719 3165 3777 3224 δὲ

2124 3250 2232 3301 τῶν
2299 3249 2405 3302 σῶν
2483 3246 2856 3325 ἀνεκφράστων
2934 3248 3147 3325 ἀγαθῶν
3226 3251 3652 3326 ἀπολαύσαντες,
3698 3257 3776 3320 εἷς

2127 3332 2300 3390 αῗῶνα
2354 3332 2804 3412 ἀγαλλιάσονται,
2848 3338 3094 3393 τουτέστι
3169 3337 3434 3412 διηνεκῶς
3507 3348 3596 3399 νῦν
3679 3347 3773 3419 μὲν

2122 3423 2268 3500 παρὰ
2308 3430 2480 3481 πᾶσαν
2539 3424 2712 3481 αὐτῶν
2761 3427 2862 3496 τὴν
2895 3428 3060 3498 ζωὴν,
3095 3428 3200 3484 ὑπὸ
3258 3435 3353 3485 σοῦ
3407 3433 3776 3509 κραταιούμε-

2122 3534 2230 3586 νοι,
2289 3513 2378 3568 καὶ
2438 3514 2616 3586 πάσης
2665 3510 2965 3586 ἐπιϐουλῆς
3025 3516 3308 3595 ὑπέρτεροι
3371 3523 3776 3596 καθιστάμενοι,

2121 3601 2246 3658 τότε
2295 3600 2352 3657 δὲ
2395 3604 2494 3674 τὴν
2545 3602 2780 3681 ἄῤῥητον
2843 3603 3049 3677 ἐκείνην
3106 3606 3426 3684 ἀγαλλίασιν
3488 3611 3772 3682 αἷωνίζου-

2124 3711 2218 3746 σαν
2273 3689 2724 3769 κληρωσάμενοι,
2782 3693 2873 3749 καὶ
2949 3697 3386 3767 κατασκηνώσεις
3453 3699 3505 3755 ἐν
3563 3700 3772 3773 αὐτοῖς,

2121 3784 2214 3835 νῦν
2277 3781 2370 3854 μὲν
2428 3787 2546 3844 ταῖς
2612 3782 2788 3838 αὐτῶν
2844 3783 3117 3862 θεοφιλέσι
3177 3789 3381 3862 ψυχαῖς
3440 3787 3779 3845 ἐπαναπαυό-

2127 3890 2310 3943 μενος,
2342 3869 2467 3925 τότε
2500 3868 2559 3925 δὲ
2594 3874 2696 3940 τῆς
2745 3877 2844 3942 σῆς
2888 3869 3050 3943 δόξης
3107 3894 3165 3928 τε
3199 3874 3290 3928 καὶ
3341 3875 3620 3947 θειότητος
3678 3878 3775 3933 αὐ-

2120 3958 2249 4022 τοὺς
2309 3957 2623 4032 ἐμπιπλῶν,
2676 3959 2726 4014 ἐν
2785 3959 2972 4025 αὐτοῖς
3027 3983 3087 4018 τε
3141 3968 3431 4036 κατοικῶν,
3487 3971 3568 4038 τῷ
3617 3964 3774 4042 λόγῳ

2119 4053 2222 4116 τῆς
2274 4045 2602 4111 οἶκειώσεως
2658 4048 2788 4112 Θεὸς
2841 4049 2894 4104 ἐν
2956 4051 3105 4124 μέσῳ
3181 4055 3316 4116 θεῶν
3374 4054 3779 4130 γνωριζόμενος

2122 4135 2152 4190 6
2199 4137 2314 4190 κατ’
2373 4133 2559 4192 οὐσίαν
2620 4141 2726 4192 τῶν
2773 4139 2910 4193 κατὰ
2971 4138 3198 4212 μέθεξιν,
3256 4141 3346 4196 καὶ
3402 4145 3778 4219 καυχήσονται

2121 4223 2172 4280 ἐν
2206 4224 2292 4280 σοὶ
2323 4226 2376 4280 οἱ
2405 4225 2722 4302 ἀγαπῶντες
2752 4227 2816 4282 τὸ
2847 4221 3023 4301 ὄνομά
3050 4249 3166 4288 σου.
3202 4234 3307 4284 Νῦν
3367 4231 3462 4303 μὲν
3522 4233 3624 4288 ὑπὸ
3679 4239 3776 4289 σοῦ

2123 4311 2524 4388 δυναμωθέντες
2573 4315 2664 4372 καὶ
2723 4316 2939 4386 νικηταὶ
2985 4319 3340 4382 καταστάντες
3395 4321 3447 4376 ἐν
3501 4322 3587 4376 σοὶ
3639 4344 3775 4378 καυ-

2123 4405 2414 4478 χήσονταιο
2466 4404 2590 4460 τότε
2635 4401 2684 4461 δ’
2735 4406 2911 4462 ἐκεῖνα
2959 4406 3089 4484 γέρα
3134 4409 3200 4464 τὰ
3248 4409 3381 4486 ὑπὲρ
3430 4409 3634 4467 ἅπασαν
3695 4411 3776 4468 ἕν-

2122 4513 2297 4561 νοιαν,
2346 4493 2493 4568 παρά
2561 4493 2728 4568 μόνου
2797 4498 2894 4550 σοῦ
2942 4497 3306 4570 κομισάμενοί
3357 4519 3417 4554 σε
3472 4501 3563 4555 καὶ
3616 4501 3777 4576 μόνον

2121 4577 2302 4652 ἕξουσι
2347 4581 2633 4659 καύχημα.
2686 4585 2784 4638 Διὰ
2848 4581 2907 4640 δέ
2967 4589 3066 4640 τοῦ
3125 4587 3294 4642 εἰπεῖν
3363 4589 3416 4643 οἳ
3466 4589 3780 4664 ἀγαπῶντες

2121 4672 2185 4726 τὸ
2243 4667 2419 4744 ὄνομά
2469 4693 2565 4728 σου
2618 4673 2682 4728 τὸ
2739 4677 2836 4730 τοῦ
2893 4673 3066 4729 πόθου
3125 4673 3387 4752 διάπυρον
3459 4675 3676 4752 ἓδειξεψ
3727 4680 3779 4734 οἳ

2119 4761 2224 4837 γὰρ
2282 4762 2570 4824 ποθοῦντες
2599 4758 2850 4839 σφοδρῶς
2879 4763 2972 4816 καὶ
3025 4767 3105 4837 τῷ
3132 4768 3230 4819 τοῦ
3279 4767 3626 4840 ποθουμένου
3653 4789 3777 4845 τρυ-

2119 4853 2289 4928 φῶσιν
2335 4848 2583 4924 όνόματι,
2629 4851 2722 4906 καὶ
2792 4851 3068 4928 ἀγαπῶσιν
3129 4851 3259 4910 αὐτὸ
3317 4852 3660 4930 λαλούμενόν
3717 4878 3778 4914 τε

2118 4937 2208 4994 καὶ
2258 4938 2615 5014 ἀκουόμενον,
2667 4938 2750 4996 ὅτι
2801 4939 2866 4996 σὺ
2917 4939 3238 5017 εὐλογήσεις
3307 4940 3536 5016 δίκαιον,
3591 4945 3774 5023 Κύριε,

2119 5028 2293 5084 πάντα
2327 5024 2580 5100 δηλονότι
2627 5029 2717 5084 τὸν
2771 5027 3002 5086 δίκαιον·
3033 5035 3127 5087 νῦν
3174 5033 3268 5105 μὲν
3321 5035 3426 5110 γὰρ
3475 5036 3527 5090 οἱ
3573 5033 3774 5094 δίκαιοι

2117 5124 2218 5188 τῆς
2269 5125 2368 5188 an“:
2416 5117 2668 5196 εὐλογίας
2714 5118 2805 5176 καὶ
2854 5120 3082 5197 χάριτος
3126 5120 3425 5194 τεύξονται.
3476 5125 3578 5182 Καὶ
3617 5125 3776 5182 ἐπαι-

2117 5208 2435 5278 νεθήσονται
2493 5208 2639 5286 παρά
2693 5229 2752 5264 τε
2809 5208 2900 5264 καὶ
2954 5214 3074 5273 τοῖς
3117 5215 3256 5280 σοῖς,
3287 5211 3411 5268 τότε
3469 5211 3515 5268 δ’
3547 5213 3776 5272 ἐνώπιον

2117 5296 2465 5372 παγκοσμίου
2532 5296 2894 5375 ἀθροίσματος
2948 5299 3040 5353 καὶ
3103 5299 3400 5377 ἀνθρώπων
3460 5304 3550 5358 καὶ
3609 5305 3773 5380 ἀγγέ-

2119 5384 2232 5441 λων
2261 5385 2603 5460 ἀκούσονται,
2637 5411 2667 5439 ‹‹
2703 5391 2884 5461 Δεῦτε,
2920 5389 2973 5443 οἱ
3004 5386 3367 5466 εὐλογημένοι
3424 5397 3522 5447 τοῦ
3560 5395 3772 5470 Πατρός

2123 5496 2249 5549 μου,
2300 5472 2756 5560 κληρονομήσατε
2811 5477 2910 5546 τὴν
2971 5479 3386 5553 ἡτοιμασμένην
3451 5483 3577 5556 ὑμῖν
3625 5485 3774 5560 βασι-

2121 5561 2266 5619 λείαν
2319 5563 2426 5619 ἀπὸ
2501 5559 2817 5636 καταϐολῆς
2891 5564 3123 5640 κόσμου·
3181 5569 3256 5631 ὡς
3317 5566 3477 5643 ὅπλῳ
3527 5559 3772 5634 εὐδοκίας

2118 5652 2486 5731 έστέφανωσας
2535 5655 2712 5727 ἡμᾶς.
2770 5676 2801 5706 ››
2844 5653 3282 5734 Εὐχαριστήριον
3335 5657 3663 5738 ἐπιφώνημα
3706 5662 3772 5716 τὸ

2117 5742 2191 5804 ὡς
2241 5742 2358 5797 ἀντὶ
2406 5747 2502 5797 τοῦ
2550 5741 2695 5811 λίαν,
2751 5744 3135 5816 θαυμαστικῶς
3189 5749 3223 5816 ἡ
3272 5746 3596 5824 ἀνάγνωσις,
3650 5749 3769 5805 λίαν
