4072 6436
297 441 450 502 1347

1532 423 1955 492 NICEPHORI
2001 419 2440 484 BLEMMIDE

3549 420 3730 482 (3'48

288 568 696 646 περιετείχισας
757 568 908 639 ἡμᾶς
966 565 1054 619 καὶ
1111 564 1442 641 περιφράξας
1473 561 1631 634 ὅπλῳ
1686 557 1776 616 καὶ
1808 558 1941 634 ὁχυ-
1973 553 2147 646 ΑτὸΑν
2219 548 2373 608 ἓκτον
2451 557 2641 610 τοῦτον
2687 551 2936 628 ’ψαλμὸν
3005 551 3334 607 συντέθεικεν
3387 549 3725 629 ἱλαστήριον

287 660 500 734 ρώματι
546 654 815 725 εὐδοκίας,
866 654 1070 729 ἀγαθοῦ
1130 650 1389 722 δηλονότι
1447 650 1784 724 θελήματος·
1841 651 1937 703 σοῦ

286 749 388 824 γὰρ
416 751 514 802 τοῦ
543 746 745 823 ἀγαθοῦ
800 743 864 798 τὸ
923 741 1120 818 ἀγαθὸν
1184 741 1260 803 εἰς
1317 743 1464 814 ἡμᾶς
1521 739 1737 813 θέλημα
1765 737 1937 817 φυλα-

289 838 538 911 κτήριον,
588 832 759 890 ὅπλον
816 831 1036 909 γέγονεν
1095 833 1232 904 ἡμῖν
1308 829 1698 907 ἀῤῥαγέστατον
1768 828 1941 904 ἀτρώ-

287 946 413 989 τους
444 927 595 998 ἡμᾶς
627 924 686 978 ἐκ
712 926 818 978 τῶν
850 919 1134 994 πολεμίων
1165 917 1477 996 διατηροῦν,
1511 918 1638 980 τοὺς
1666 918 1802 994 πρὸς
1840 916 1939 984 τήν

291 1015 390 1084 σήν
439 1013 530 1069 καὶ
590 1012 761 1085 μόνην
831 1011 1032 1082 σκέπην
1085 1007 1431 1079 ἐλπίζοντας.
1500 1001 1844 1083 Ὑπερϐατῶς
1900 1007 1936 1075 ἡ

287 1103 530 1174 σύνταξις
579 1126 607 1154 (ι
660 1102 733 1164 ὡς
781 1098 1152 1179 ἐστεφάνωσας
1198 1100 1348 1173 ἡμᾶς
1396 1095 1556 1172 ὅπλῳ
1606 1094 1872 1166 εὐδοκίας,
1907 1118 1936 1147 ››

273 1189 394 1248 λίαν
435 1187 1050 1268 περιεκύκλωσαςὴμᾶς
1077 1187 1152 1250 ὡς
1208 1187 1258 1242 ἐν
1315 1188 1546 1265 στεφάνῃ
1597 1186 1937 1261 κυκλοτερεῖ,

280 1286 361 1355 τῷ
403 1279 562 1354 ὅπλῳ
589 1282 686 1350 τῆς
717 1275 961 1341 εὐδοκίας
1005 1297 1122 1348 σου,
1153 1276 1244 1331 καὶ
1288 1277 1560 1353 κραταιῶς
1607 1275 1713 1330 ἀπὸ
1759 1273 1939 1343 πάσης

288 1365 504 1448 βλάϐης
540 1365 940 1439 διέσωσας.Εἱ⁶η
973 1388 1056 1423 σοι
1089 1363 1217 1438 δόξα
1242 1370 1322 1439 τῷ
1351 1365 1603 1441 εὐεργέτῃ
1630 1363 1721 1420 καί
1753 1363 1939 1440 Κυρίῳ

287 1461 454 1533 ἡμῶν
480 1458 570 1515 καὶ
599 1463 734 1532 Θεῷ,
765 1461 856 1512 νῦν
888 1457 978 1513 καὶ
1012 1454 1094 1512 ἀεὶ
1121 1455 1212 1511 καὶ
1261 1454 1337 1519 εἰς
1388 1456 1518 1518 τοὺς
1575 1453 1774 1517 αἰῶνας
1821 1456 1939 1508 ’τῶν

292 1548 524 1606 αἰώνων.
558 1549 763 1622 Ἀμήν.

907 1658 1204 1709 ΨΑΑΜΟΣ
1249 1654 1309 1722 ζ’.

365 1765 429 1818 Οἱ
474 1762 765 1836 πειρασμοὶ
813 1765 928 1822 τοῖς
975 1760 1302 1836 ἀνθρώποις,
1361 1757 1496 1812 ποτὶ
1552 1758 1644 1831 μὲν
1705 1755 1764 1811 ἐκ
1811 1753 1940 1833 φθό-

291 1875 386 1910 νου
428 1850 702 1926 δαιμόνων
749 1848 1049 1926 ἐγείρονται
1104 1849 1195 1904 καὶ
1253 1847 1402 1903 οὗτοι
1453 1845 1685 1923 τάχιστα
1738 1844 1940 1899 παύον-

288 1964 398 2013 ται,
447 1945 544 1997 τοῦ
592 1939 988 2016 πειραζομένου
1039 1935 1469 2016 καταφεύγοντος
1519 1934 1606 1989 ἐπὶ
1661 1935 1753 1988 τὸν
1813 1933 1942 1988 Θεὸν
1971 1935 2017 2002 Β

289 2031 393 2107 ὅλῃ
443 2033 598 2106 ψυχῇ
647 2028 737 2084 καὶ
793 2027 936 2102 πάσῃ
987 2023 1220 2102 σπουδῇ,
1251 2026 1340 2080 καὶ
1386 2025 1486 2094 τήν
1547 2023 1742 2078 ἐκεῖθεν
1789 2020 1942 2084 εὐθὺς

292 2120 676 2193 ἐπισπωμένου
713 2117 990 2194 βοήθειαν,
1021 2117 1154 2172 ποτὲ
1184 2113 1243 2170 δὲ
1287 2112 1376 2170 διὰ
1417 2111 1738 2186 δοκιμασίαν
1791 2111 1945 2184 ἐπέρ-

290 2230 506 2286 χονται.
556 2211 682 2263 Ὅτε
730 2203 797 2276 δὴ
842 2207 934 2260 καὶ⁹
985 2203 1268 2281 καρτερίαν
1321 2203 1348 2258 6
1407 2197 1799 2278 πειραζόμενος
1848 2200 1938 2255 ἀν-

291 2297 483 2376 δρικὴν
573 2294 988 2368 ἐνστησάμενος,
1061 2291 1289 2349 ποΛλῶν
1362 2291 1611 2346 ἐπάθλων
1685 2290 1943 2367 τυγχάνει

288 2387 436 2464 παρᾶ
484 2390 582 2441 τοῦ
653 2384 948 2458 ἆθλοτέρου
1006 2386 1140 2439 Θεοῦ
1195 2382 1424 2452 νικητὴς
1482 2378 1942 2457 ἀναγορευόμενος

285 2478 375 2532 ὑπ’
434 2475 600 2530 αὐτοῦ
658 2473 750 2530 καὶ
817 2471 1060 2550 ἀριστεὺς
1127 2469 1527 2548 γενναιότατος’
1580 2471 1632 2524 οὶ
1700 2471 1942 2523 τοιοῦτοι

287 2563 346 2620 δὲ
404 2563 701 2640 πειρασμοὶ
755 2562 823 2617 τὰ
877 2558 1066 2616 πολλά
1121 2558 1505 2636 παραμόνιμοι
1578 2557 1669 2613 καὶ
1725 2556 1943 2633 χρόνιοι

287 2653 380 2710 καὶ
437 2651 694 2729 διαρκεῖς,
739 2648 1120 2712 ἐπταπλασίως
1177 2649 1252 2711 ὡς
1309 2649 1374 2703 τὰ
1431 2646 1592 2725 λόγια
1649 2649 1940 2722 πυροῦντες

292 2744 385 2800 τὸν
435 2741 821 2820 μεγαλόψυχον
873 2739 964 2795 καὶ
1006 2737 1372 2815 καθαίροντες,
1421 2737 1512 2792 καὶ
1561 2734 1940 2812 λαμπρότερον

300 2829 601 2894 δεικνύντες
658 2831 748 2886 καὶ
799 2828 1148 2904 τιμιώτερον.
1192 2827 1256 2882 Οἱ
1310 2824 1514 2882 πολλοὶ
1567 2822 1624 2880 δὲ
1667 2829 1775 2880 τῶν
1823 2844 1944 2879 πει-

305 2925 528 2998 ρασμῶν
617 2916 708 2974 διά
789 2939 940 2981 τινας
1015 2917 1475 2994 προηγησαμένας
1529 2911 1941 2989 πλημμελείας,

299 3010 596 3086 ἐπάγονται
627 3009 765 3086 πρὸς
795 3007 1066 3084 ἡμετέραν
1127 3005 1414 3086 ὠφέλειαν.
1449 3007 1547 3060 Διά
1601 3008 1705 3059 τῶν
1760 3001 1946 3058 τοιού-

297 3120 407 3156 των
438 3102 756 3175 πειρασμῶν
784 3095 1007 3173 ἐλέγχει
1056 3095 1147 3151 καὶ
1203 3091 1446 3150 παιδεύει
1501 3096 1599 3164 τῆς
1627 3095 1786 3165 ἡμῶν
1837 3111 1946 3146 σω-

295 3188 492 3265 τηρίας
551 3188 580 3242 6
637 3183 894 3259 κηδεμὼν
972 3185 1024 3242 ἐν
1086 3183 1354 3260 πραότητι
1425 3182 1515 3240 καὶ
1581 3181 1941 3259 χρηστότητι’

300 3275 523 3355 ἐλέγχει
576 3275 694 3376 μὲν,
743 3273 1160 3376 παρασκευάζων
1219 3273 1390 3376 ἡμὰς,
1425 3271 1485 3328 ἐκ
1690 3275 1798 3326 τῶν
1849 3268 1946 3376 ἀλ·
1975 3308 2020 3376 C

302 3371 494 3442 γεινῶν
591 3363 895 3442 ἐπιφορᾶς,
987 3363 1066 3425 εἴς
1157 3361 1497 3432 συναίσθησιν
1588 3359 1760 3424 ἐλθεῖν
1873 3358 1946 3413 ὧν

303 3453 648 3527 ἐπταίκαμεν,
722 3450 813 3507 καὶ
891 3449 1172 3526 μετανοίας
1236 3450 1426 3513 πόνοις
1497 3448 1564 3504 τὰ
1639 3447 1952 3520 πταίσματα

300 3544 393 3598 καὶ
476 3538 701 3618 καρδίας
785 3545 1106 3616 στεναγμοῖς
1189 3538 1624 3616 ἀποτρίψασθαι·
1708 3533 1949 3592 παιδεύει

304 3629 362 3686 δὲ
393 3631 770 3711 σωφρονίζων,
801 3629 890 3685 καὶ
949 3627 1099 3692 δίκας
1159 3629 1491 3706 εἰσπράττων
1544 3628 1617 3682 ὧν
1670 3623 1949 3699 τετολμή-

307 3741 502 3795 καμεν,
551 3721 650 3789 τὴν
707 3716 994 3796 διόρθωσιν
1054 3720 1167 3792 ἅμα
1219 3717 1308 3772 καὶ
1365 3717 1429 3772 τὸ
1485 3714 1818 3791 ἀνέγκλητον
1867 3713 1950 3768 οἰ-

303 3815 554 3885 κονομῶν
607 3812 755 3883 ’ἡμῖν
816 3807 875 3864 ἐκ
941 3815 1043 3878 τῆς
1118 3807 1378 3878 τοιαύτης
1457 3804 1802 3879 εἰσπράξεως.
1865 3805 1951 3859 Ἐν

305 3900 399 3973 μὲν
449 3896 542 3954 οὖν
593 3899 666 3970 τῇ
710 3895 826 3972 ζωῇ
891 3895 1060 3964 ταύτῃ
1131 3893 1528 3974 φιλανθρώπως
1588 3893 1806 3968 ἐλέγχει
1863 3890 1953 3946 καὶ

302 3985 544 4044 παιδεύει
596 3987 748 4059 Θεὸς,
780 3987 856 4048 ὡς
907 3983 1237 4058 δεδήλωται,
1270 3985 1406 4040 κατά
1457 3981 1515 4038 δὲ
1559 3984 1659 4052 τὴν
1713 3980 1954 4055 μέλλου-

307 4099 402 4133 σαν
474 4072 764 4132 ἀναϐίωσιν
805 4075 876 4130 εἰ
944 4073 1102 4149 θυμῷ
1172 4079 1292 4138 τοῖς
1369 4072 1646 4128 ἐπταικόσι
1719 4071 1808 4126 καὶ
1843 4098 1846 4100 τ
1877 4071 1952 4144 μή

307 4166 793 4240 τεθεραπευμένοις
849 4165 878 4219 6
927 4161 1182 4241 ἔλεγχος,
1223 4162 1518 4237 τιθεμένων
1574 4166 1680 4216 τῶν
1741 4159 1954 4215 οἰκείων

309 4255 720 4330 ἁμαρτημάτων
796 4253 876 4315 εἷς
948 4252 1264 4328 πρόσωπον,
1311 4252 1425 4324 μεθ’
1490 4248 1625 4321 ὅσης
1691 4248 1958 4323 αἰσχύνης

309 4344 410 4400 οὐκ
471 4340 612 4400 ἔστιν
690 4341 880 4410 εἰπεῖν,
925 4342 1016 4396 καὶ
1075 4343 1111 4411 ἡ
1158 4338 1438 4402 παίδευσις
1517 4339 1568 4394 ἐν
1648 4338 1805 4414 ὀργῇ·
1867 4336 1959 4393 καὶ

307 4435 409 4510 γάρ
469 4431 532 4487 οὐ
587 4431 938 4509 πρόσκαιρος.
974 4427 1090 4486 οὐδ’
1119 4429 1196 4492 εἰς
1229 4428 1609 4508 σωφρονισμὸν
1661 4427 1752 4482 καὶ
1811 4424 1959 4503 διόρ-

311 4535 499 4592 θωσιν,
550 4519 678 4576 ἀλλ’
729 4519 805 4583 εἷς
857 4519 1077 4588 αἰῶνος,
1125 4516 1253 4573 ἀλλ’
1298 4517 1373 4580 εἰς
1405 4516 1662 4593 κλῆρον,
1717 4521 1810 4570 καῖ
1861 4519 1963 4585 τῆς

311 4611 483 4681 αὐτῆς
533 4608 802 4683 μενούσης
853 4607 920 4678 δὴ
971 4610 1366 4678 καταστάσεως,
1422 4609 1560 4678 μήτε
1622 4611 1724 4674 τῆς
1770 4603 1961 4680 αἰσχύ-

2051 639 2316 697 διδάσκων
2375 643 2466 696 καὶ
2514 645 2661 716 ἡμᾶς
2718 641 3204 719 περιπεπτωκότας
3261 641 3370 696 τινὶ
3442 640 3723 715 πλημμε-

2049 729 2284 806 λήματι,
2331 733 2398 786 τά
2441 733 2489 787 τ’
2545 731 2888 807 ἐπερχόμενα
2958 730 3136 810 φέρειν
3198 730 3426 792 εὐτόνως
3495 732 3722 804 ἀνιαρὰ.

2047 821 2138 875 καὶ
2179 817 2388 875 οἷ’κοθεν
2441 819 2494 875 ἐν
2542 820 2699 894 κόπῳ
2742 820 2832 876 καὶ
2878 821 3032 894 πόνῳ
3076 819 3166 876 καὶ
3224 819 3404 876 πένθει
3455 819 3548 876 τὸν
3583 822 3723 875 Θεὸν

2047 907 2435 984 ἐξιλάσκεσθαι,
2466 911 2555 966 καὶ
2600 909 2764 974 ὅλους
2813 910 3051 987 γίνεσθαι
3102 910 3166 966 τὸ
3222 915 3409 988 φυγεῖν
3449 909 3519 966 τά
3568 909 3722 966 ἐκεῖ-

2047 1019 2106 1054 σε
2135 995 2518 1076 δικαιωτήρια.

2121 1131 2149 1159 ‹‹
2181 1105 2362 1183 Κύριε,
2401 1108 2475 1180 μὴ
2533 1111 2613 1180 τῷ
2669 1108 2827 1182 θυμῷ
2890 1128 2986 1162 σου
3047 1104 3268 1182 ἐλέγξῃς
3328 1127 3414 1180 με,
3451 1103 3597 1180 μηδὲ
3642 1111 3720 1182 τῇ

2049 1195 2188 1272 ὀργῇ
2220 1201 2316 1251 σοῦ
2346 1193 2634 1270 παιδεύσῃς
2668 1218 2752 1270 με.
2787 1221 2816 1250 »
2850 1229 2919 1238 —
2947 1197 3018 1251 Τὸ
3047 1201 3204 1252 Θεῖον
3238 1197 3437 1261 ἀπαθὲς
3488 1195 3722 1270 ὡμολό-

2047 1306 2232 1361 γηται.
2292 1287 2472 1360 Θυμὸς
2529 1286 2619 1340 οὗν
2683 1285 2770 1341 ἐπὶ
2821 1290 2960 1344 Οεοῦ
2990 1285 3082 1340 καὶ
3120 1284 3260 1360 ὀργὴ
3290 1285 3391 1354 τὴν
3425 1285 3503 1348 εἷς

2049 1371 2139 1430 διὰ
2220 1375 2314 1438 τὰς
2394 1374 2659 1452 ἁμαρτίας
2739 1377 2898 1450 ἡμῶν
2990 1374 3386 1448 ἐπιτεταμένην
3473 1376 3712 1430 κάκωσιν

2051 1463 2442 1542 ὑπεμφαίνουσι
2498 1462 2588 1518 καὶ
2648 1467 2754 1518 ποῦ
2816 1464 2910 1536 μὲν
2969 1464 3075 1538 πρὸ
3127 1466 3227 1532 τῆς
3279 1465 3454 1538 ὀργῆς
3509 1463 3700 1518 τίθεται

2049 1553 2078 1607 6
2109 1553 2302 1625 θυμὸς,
2335 1551 2516 1629 ὥσπερ
2570 1551 2816 1623 ἐνταῦθα,
2848 1557 2954 1607 ποῦ
3013 1550 3060 1607 δ’
3094 1548 3338 1626 ἔμπαλιν
3396 1551 3475 1615 ὡς
3534 1551 3584 1608 ἐν
3627 1557 3705 1624 τῷ

2050 1639 2284 1718 δευτέρῳ
2341 1640 2547 1716 ψαλμῷ
2602 1641 2726 1697 τότε
2778 1639 3007 1712 λαλήσει
3061 1642 3201 1718 πρὸς
3254 1640 3452 1704 αὐτοὺς
3486 1641 3538 1697 ἐν
3575 1640 3706 1719 ὀργῇ

2048 1730 2236 1799 αὐτοῦ,
2267 1731 2356 1785 καὶ
2403 1731 2454 1786 ἐν
2499 1735 2579 1804 τῷ
2627 1736 2784 1804 θυμῷ
2829 1729 2994 1786 αὐτοῦ
3040 1730 3261 1807 ταράξει
3309 1729 3532 1794 αὐτούς.
3567 1731 3718 1786 Ἐκεῖ

2053 1820 2146 1893 μὲν
2174 1821 2275 1896 γὰρ
2329 1825 2408 1892 τῷ
2452 1819 2672 1896 ἐλέγχῳ
2723 1820 2811 1875 καὶ
2858 1824 2927 1894 τῇ
2976 1817 3244 1895 καταδίκῃ
3291 1821 3641 1875 συντέτακται
3677 1823 3717 1890 ἡ

2050 1909 2210 1985 ὀργὴ,
2238 1912 2306 1981 τῇ
2343 1909 2557 1984 βασάνῳ
2589 1906 2646 1963 δὲ
2675 1909 2703 1963 6
2733 1909 2925 1982 θυμός·
2961 1905 3069 1964 ὦδε
3098 1905 3156 1964 δὲ
3204 1912 3284 1980 τῷ
3339 1909 3434 1982 μὶν
3487 1907 3719 1986 ἐλέγχῳ

2051 1993 2394 2067 συνέζευκται
2441 1999 2469 2052 6
2517 1998 2709 2071 θυμὸς,
2740 2001 2809 2072 τῇ
2868 1997 3090 2054 κολάσει
3137 1995 3195 2054 δὲ
3239 2000 3275 2068 ἡ
3327 1999 3492 2076 ὁργή.
3551 2003 3722 2055 "Qa-:5

2053 2084 2347 2165 ἀδιάφορος
2405 2089 2441 2157 ἡ
2497 2087 2645 2158 τάξις
2707 2086 2901 2146 αὐτῶν.
2937 2085 3001 2142 Εἰ
3057 2087 3147 2142 καὶ
3201 2085 3340 2160 ἄξια,
3397 2087 3585 2166 φησὶν,
3610 2090 3717 2143 θυ-

2057 2180 2163 2250 μοῦ
2221 2176 2311 2231 καὶ
2366 2177 2544 2254 λὸργῆς
2600 2175 3033 2251 ἐπλημμέλησα,
3096 2173 3288 2250 δέομαί
3345 2197 3466 2243 σου,
3525 2175 3716 2252 Κύριε,

2051 2269 2168 2333 νῦν,
2227 2261 2440 2341 ἕλεγξόν
2502 2285 2570 2338 με
2619 2265 2708 2320 καὶ
2754 2262 3041 2321 παίδευσον
3103 2265 3153 2321 ἐν
3214 2265 3530 2341 οἷκτιρμοῖς
3575 2287 3716 2343 προ-

2058 2355 2418 2428 μηθευτικῶς,
2455 2355 2531 2428 μὴ
2588 2354 2723 2409 κατὰ
2778 2355 2869 2410 τὸν
2927 2355 3113 2431 καιρὸν
3172 2360 3271 2426 τῆς
3307 2353 3542 2425 ὑστάτης
3593 2354 3717 2410 ἐτά-

2053 2464 2187 2505 σεως
2244 2443 2296 2499 ἐν
2348 2448 2506 2516 θυμῷ
2559 2442 2776 2520 ἐλέγξῃς
2826 2445 2917 2499 καὶ
2975 2443 3028 2500 ἐν
3070 2445 3209 2520 ὀργῇ
3240 2441 3536 2520 παιδεύσῃς
3571 2445 3717 2502 ἀπο-

2049 2530 2435 2610 κληρωτικῶς·
2481 2533 2544 2588 οὑ
2601 2538 2971 2609 παραιτοῦμαι
3024 2531 3117 2588 τὸν
3197 2533 3248 2588 ἐν
3333 2539 3414 2606 τῷ
3477 2534 3718 2607 παρόντι

2057 2622 2162 2698 βίῳ
2191 2622 2471 2698 γινόμενον
2513 2618 2742 2698 ἔλεγχον
2800 2625 2938 2698 πρὸς
2976 2624 3075 2692 τὴν
3135 2622 3381 2678 ἐνταυθοῖ
3431 2621 3712 2698 παιδείαν,

2053 2710 2115 2766 οὐ
2146 2708 2548 2786 δυσανασχετῶ’
2576 2712 2873 2785 πέπεισμαι
2934 2713 3036 2788 γὰρ
3096 2710 3179 2767 ὅτι
3233 2713 3408 2766 πάντα
3462 2714 3533 2767 τά
3578 2709 3709 2768 δυσ-

2052 2807 2194 2876 χερῆ
2253 2801 2390 2877 πρὸς
2447 2799 2682 2878 ἰατρείαν
2743 2799 2926 2879 ἐπάγει
2983 2805 3091 2857 τῶν
3165 2804 3265 2872 τῆς
3341 2805 3531 2878 ψυχῆς
3601 2824 3710 2877 μου

2050 2889 2283 2966 πληγῶν
2295 2932 2307 2946 .

2130 3004 2151 3032 ι
2183 2977 2440 3050 Ἐλέησόν
2479 3000 2565 3053 με,
2593 2978 2778 3056 Κύριε,
2803 2977 2887 3034 ὅτι
2919 2980 3144 3051 ἀσθενής
3179 2979 3315 3052 εἰμι’
3362 3003 3383 3030 ι
3434 2981 3496 3035 τὸ
3547 2976 3701 3032 ἔλεός

2054 3089 2172 3141 σου,
2221 3067 2405 3144 Κύριε,
2440 3068 2767 3145 βοηθησάτω
2823 3069 3115 3142 μοι.Διότι
3166 3069 3393 3140 ἀσθενής
3445 3067 3550 3140 εἰμι
3602 3066 3692 3120 καὶ

2050 3158 2150 3227 τήν
2183 3158 2369 3233 ψυχὴν
2427 3158 2516 3212 καὶ
2563 3157 2626 3212 τὸ
2683 3162 2861 3230 σῶμα,
2893 3159 2994 3227 τὴν
3055 3158 3149 3231 μὲν
3199 3157 3278 3220 εἰς
3304 3157 3369 3212 τὸ
3427 3152 3692 3211 συντονίαν

2058 3242 2383 3316 ἐνδείξασθαι
2436 3245 2729 3316 τοσαύτην,
2763 3244 2861 3312 ὅση
2920 3267 3005 3308 τις
3062 3245 3181 3319 ἀξία
3232 3247 3331 3316 τὴν
3382 3264 3707 3323 προηγησα-

2063 3335 2229 3409 μένην
2286 3333 2560 3412 χαύνωσιν
2621 3335 3036 3406 ἀνακτήσασθαι,
3077 3335 3140 3390 τὸ
3197 3332 3244 3390 δ’
3302 3335 3378 3398 εἷς
3435 3335 3499 3390 τὸ
3555 3354 3719 3389 κοπε-

2055 3422 2184 3486 τοὺς
2233 3423 2324 3478 καὶ
2383 3421 2612 3487 λοιποὺς
2667 3423 2908 3500 μόχθους
2959 3423 3299 3500 εἰσενεγκεῖν,
3353 3422 3574 3486 ἱκανοὺς
3631 3422 3722 3477 ἀν·

2056 3513 2408 3586 τιπράξασθαι
2461 3518 2579 3576 τοῖς
2657 3512 2813 3586 ἐμοῖς
2888 3513 3267 3588 ἀμαρτήμασι’
3325 3518 3406 3586 τῷ
3479 3514 3585 3590 γὰρ
3665 3510 3720 3574 ἐς

2059 3600 2204 3657 πολὺ
2263 3601 2579 3676 μολυνθέντι
2637 3600 2856 3672 πολλῆς
2918 3600 3001 3657 δεῖ
3036 3605 3127 3658 καὶ
3156 3610 3256 3674 τῆς
3287 3602 3348 3658 ἐκ
3374 3602 3562 3658 κόπων
3622 3602 3719 3658 καὶ

2060 3691 2242 3747 πόνων
2272 3690 2362 3745 καὶ
2393 3693 2603 3768 θρήνων
2634 3693 2966 3768 καθάρσεως.

2137 3803 2164 3832 ‹‹
2194 3780 2369 3836 ’Ίασαί
2404 3801 2490 3854 με,
2522 3780 2706 3857 Κύριε,
2740 3780 2823 3835 ὅτι
2883 3779 3152 3858 ἐταράχθη
3203 3782 3272 3835 τά
3329 3779 3462 3835 ὀστᾶ
3521 3801 3649 3854 μου.
3692 3805 3714 3832 ι

2062 3902 2132 3913 —-
2162 3871 2325 3927 Ὀστᾶ
2358 3867 2503 3946 λέγει
2538 3870 2634 3932 τὰς
2689 3870 2787 3938 τήν
2838 3871 3022 3946 ψυχὴν
3083 3867 3392 3946 ἐρειδούσας
3453 3867 3718 3943 δυνάμεις

2065 3958 2399 4034 λογιστικάς·
2435 3957 2579 4014 ἷ¹ασαί
2614 3979 2699 4034 με,
2733 3960 2915 4036 Κύριε,
2947 3959 3027 4031 τῷ
3076 3958 3217 4014 ἐλέει
3269 3980 3387 4016 σου.
3418 3959 3593 4015 ’Ίασαί
3649 3980 3722 4033 με

2063 4046 2457 4124 πεπληγμένον
2504 4049 2575 4123 τῇ
2634 4049 2871 4124 ἁμαρτίᾳ
2931 4047 3140 4111 δεινῶς
3190 4047 3336 4103 ἴασαί
3391 4069 3477 4122 με,
3511 4049 3616 4104 ”ὀτι
3661 4049 3723 4103 ὀἱ

2067 4137 2328 4214 λογισμοί
2391 4159 2495 4212 μου
2540 4141 2609 4212 τῇ
2672 4140 2860 4213 μνήμῃ
2912 4143 3021 4194 τῶν
3107 4137 3477 4212 ἐπταισμένων
3544 4135 3724 4192 σάλου

2065 4226 2394 4299 πλησθέντες
2427 4225 2609 4282 στάσιν
2643 4227 2742 4282 οὐκ
2772 4226 2981 4304 ἔχουσι.
3414 4237 3416 4239 ’

2140 4359 2169 4388 ‹‹
2202 4335 2301 4390 Καὶ
2330 4337 2366 4406 ἡ
2407 4336 2560 4410 ψυχή
2599 4356 2703 4408 μου
2733 4334 3006 4413 ἐταράχθη
3036 4332 3262 4414 σφόδρα.
3295 4359 3326 4388 ››
3358 4368 3425 4380 -
3455 4334 3732 4392 Κατεκλο·

2067 4427 2207 4496 νήθη
2269 4424 2360 4479 καὶ
2417 4423 2665 4500 γαλήνην
2728 4423 2876 4487 ὅλως
2942 4421 3087 4502 ἄγειν
3159 4425 3221 4480 οὐ
3301 4421 3545 4497 δύναται,
3605 4430 3734 4489 τοῖς

2071 4513 2324 4590 ἐλέγχοις
2392 4511 2769 4589 ἐνοχλουμένη
2830 4516 2928 4584 τῆς
3006 4513 3390 4586 συνειδήσεως.
3449 4517 3610 4592 Λέγει
3670 4512 3736 4571 δὲ

2073 4599 2346 4680 διαφόρως
2411 4602 2479 4656 τὰ
2549 4601 2703 4672 αὐτὰ,
2761 4603 2863 4672 τὴν
2943 4600 3246 4679 θρηνῳδίαν
3319 4602 3561 4674 ἐπαύξων
3636 4604 3737 4658 καὶ

311 4721 412 4770 νης
443 4682 682 4776 ἐχούσης
713 4696 900 4774 πέρας,
939 4699 1066 4771 μήτ’
1103 4695 1272 4766 αὐτῆς
1295 4722 1300 4728 ·
1321 4693 1598 4756 κολάσεως
1661 4695 1800 4767 μήτε
1859 4694 1964 4767 μὴν
1992 4682 2039 4747 D
2069 4690 2341 4754 ποικίλως
2370 4691 2433 4746 τὸ
2459 4689 2684 4769 σφάλμα
2711 4689 3166 4768 κατοδυρόμενος.

309 4795 416 4844 τῶν
483 4785 883 4860 δεδεκασμένων
940 4787 1078 4860 πρὸς
1141 4786 1204 4840 τὸ
1255 4788 1496 4860 κρεῖττον
1527 4781 1959 4856 ⁴ἅιλλοιουμένων

313 4879 373 4936 ἐκ
419 4885 520 4949 τῆς
574 4874 930 4947 παιδεύσεως,
981 4880 1145 4932 τοῦτο
1195 4872 1253 4930 δὲ
1313 4873 1474 4948 μόνον
1507 4872 1835 4942 σννιέντων,
1885 4872 1960 4935 ὡς

315 4968 636 5042 ἐκομίσαντο
687 4963 871 5020 δίκαια
931 4965 1077 5042 παρὰ
1123 4967 1246 5018 Δτοῦ
1325 4961 1535 5018 δικαίου
1607 4965 1847 5038 κριττοῦ,
1894 4963 1964 5016 τὰ

310 5059 418 5112 τῶν
481 5056 666 5119 αὐτοῖς
731 5053 1222 5131 διαπεπραγμένων
1292 5051 1564 5127 ἐπίχειρα.
1623 5050 1812 5105 Τοίνυν
1871 5049 1963 5106 καὶ

315 5145 478 5203 Δαυῒδ
539 5147 566 5202 ὁ
633 5144 888 5220 βασιλεὺς
945 5143 1258 5221 περιτυχὼν
1311 5139 1400 5196 διά
1461 5162 1513 5194 τι
1567 5137 1966 5213 πλημμέλημα

315 5240 621 5312 πειρασμῷ,
699 5234 844 5291 πολὺ
929 5235 1024 5310 μὲν
1107 5234 1212 5288 ἀπὸ
1285 5235 1393 5287 τῶν
1459 5228 1647 5302 ἔξωθεν
1722 5225 1964 5298 ἐϐιάζετο

319 5329 636 5403 συμφορῶν,
686 5323 831 5380 πολὺ
881 5321 927 5379 δ’
976 5323 1034 5379 ἐκ
1060 5330 1160 5393 τῆς
1214 5325 1323 5378 τῶν
1385 5318 1694 5392 νοουμένων
1753 5319 1963 5394 ἐχθρῶν

319 5411 632 5480 ἐπιθέσεως,
661 5409 828 5465 πλέον
864 5408 922 5466 δὲ
967 5412 1182 5466 πάντων
1232 5413 1303 5483 τῇ
1355 5406 1532 5478 ἐννοίᾳ
1585 5413 1684 5476 τῆς
1733 5405 1783 5460 ἐν
1842 5406 1966 5483 κρί-

318 5522 396 5555 σει
451 5496 769 5570 καταδίκης,
828 5500 919 5554 καὶ
967 5504 1076 5555 τῶν
1156 5498 1496 5575 πικροτάτων
1582 5493 1799 5550 ἐκείνων
1877 5495 1967 5550 καὶ

322 5586 632 5665 ἀπεράντων
699 5594 983 5666 τιμωριῶν
1053 5587 1520 5661 κατατεινόμενος,
1571 5583 1831 5654 ἐπιέζετο·
1884 5581 1968 5639 διὸ

324 5677 392 5750 δὴ
441 5678 531 5734 καὶ
587 5679 859 5754 κακουχίᾳ
915 5679 1169 5753 σώματος
1207 5677 1299 5733 καὶ
1351 5679 1667 5751 στνεαγμοῖς
1727 5673 1817 5728 καὶ
1857 5671 1971 5729 ’δά-

317 5787 507 5848 κρυσιν
535 5767 600 5826 οὐ
630 5764 898 5824 διέλειπεν
939 5765 1314 5842 ἐξιλεούμενος
1365 5766 1457 5820 τὸν
1525 5761 1675 5820 Θεόν’
1717 5761 1835 5819 ὅθεν
1878 5763 1969 5820 καὶ

2142 4805 2170 4834 (ι
2204 4780 2302 4835 Καὶ
2357 4779 2440 4850 σὺ,
2500 4780 2683 4856 Κύριε,
2730 4777 2836 4844 ἕως
2889 4781 3058 4853 πότε;
3096 4806 3123 4833 ››
3173 4815 3244 4826 --
3299 4778 3731 4854 Ἐλλειπτικῶς,

2069 4873 2213 4931 Ἕως
2267 4867 2400 4925 πότε
2456 4870 2803 4949 ἀποστρέφῃ;
2870 4872 2945 4945 μὴ
3025 4870 3228 4947 στέγων
3311 4868 3370 4927 δὲ
3419 4872 3521 4942 τήν
3577 4871 3730 4927 θείαν

2071 4959 2419 5037 ἀποστροφὴν
2477 4961 2645 5014 ταῦτά
2693 4981 2860 5037 ⁴φησιν
2920 4960 2979 5016 ἐκ
3053 4958 3273 5030 πολλῆς
3348 4957 3548 5032 ὀδύνης
3623 4963 3734 5035 ψυ-

2072 5069 2205 5126 χης.

2147 5137 2585 5215 «Ἐπίστρεψον,
2663 5137 2846 5213 Κύριε,
2927 5137 3080 5214 ῥῦσαι
3147 5139 3248 5208 τὴν
3321 5140 3512 5214 ψυχήν
3597 5159 3734 5218 μου,

2073 5227 2246 5283 σῶσόν
2308 5249 2375 5302 με
2428 5224 2601 5283 ένεκεν
2656 5231 2753 5282 τοῦ
2811 5226 2998 5291 ἐλέους
3058 5249 3172 5285 σου.
3210 5251 3240 5280 ››
3269 5259 3342 5272 -
3370 5223 3739 5305 ’Δσυνδέτως,

2073 5317 2464 5396 Ἐπιστράφηθι
2520 5317 2658 5391 πρός
2712 5337 2797 5390 με,
2859 5316 3044 5393 Κύριε.
3108 5316 3393 5392 Λύτρωσαι
3465 5313 3567 5386 τὴν
3627 5320 3742 5393 ψυ-

2075 5408 2184 5483 χήν
2247 5428 2351 5480 μου
2397 5413 2498 5476 τῆς
2549 5405 2749 5481 ἐνοχῆς
2780 5411 2886 5460 τῶν
2915 5408 3268 5480 πταισμάτων
3318 5427 3422 5480 μου
3453 5405 3744 5483 σωτηρίας

2081 5517 2147 5571 με
2203 5496 2555 5570 καταξίωσον.
2615 5500 2791 5550 Ταῦτα
2845 5495 3016 5550 πάντα
3071 5494 3303 5566 ποίησόν
3349 5517 3475 5569 μου,
3531 5492 3627 5551 διὰ
3673 5495 3745 5551 τὸ

2078 5585 2228 5648 ἔλεός
2283 5607 2401 5654 σου,
2460 5583 2522 5638 οὐ
2581 5581 2669 5638 διὰ
2732 5586 2832 5654 τήν
2890 5585 3174 5658 μετάνοιάν
3235 5605 3364 5657 μου.
3422 5584 3744 5664 Ἐγὼδταρ

2079 5675 2248 5749 εἷπον,
2302 5673 2385 5729 ὅτι
2445 5674 2669 5745 ἀσθενής
2726 5673 2860 5748 εἶμι.
2929 5675 3124 5746 Ἀξίως
3183 5672 3257 5728 ὧν
3317 5670 3745 5748 ἐπλημμέλησά

2082 5770 2407 5840 μετανοῆσαι
2463 5762 2531 5819 οὐ
2587 5760 2838 5839 δύναμαι.
2873 5765 2998 5824 ’Ότι
3048 5763 3149 5822 οὐκ
3207 5759 3349 5820 ἔστιν
3403 5759 3458 5819 ἐν
3507 5765 3593 5836 τῷ

3771 6321 3832 6350 ιθ,
3870 6317 3914 6346 "._

3601 6373 3604 6376 .
3659 6345 3786 6380 ,θεώ-ιδ,

3507 6391 3512 6396 ι
3635 6327 3920 6434 ανέμῄ

3801 6413 3804 6416 .
3879 6409 3916 6418 --

3363 6427 3392 6432 _
3478 6423 3524 6430 Ἴ.
3578 6423 3628 6430 »τ
3674 6423 3728 6432 η
3778 6423 3803 6429 ..
