4072 6428
320 372 465 433 1351

1572 366 1994 430 NIGEPHORI
2038 365 2478 431 BLEMMIDJE

3576 372 3759 435 1382

312 504 377 561 16
435 500 689 573 ἀδικῆσαι
730 502 820 558 καὶ
867 502 929 556 τὸ
987 497 1281 557 ἀποδοῦναι
1313 505 1435 564 τοῖς
1489 500 1911 556 κακοποιάσασιν
1947 540 1963 556 .
1991 504 2049 573 Α
2077 501 2265 575 Πατὴρ
2325 497 2477 576 λέγει
2532 497 2685 558 αὐτά.
2745 497 2943 563 Καλως
3001 495 3061 556 δὲ
3115 499 3380 578 πρότερον
3426 497 3619 578 εἴρηκε
3642 503 3754 560 τὸν

315 594 362 650 εί
462 592 695 664 ἐποίησα
747 595 938 663 τοῦτο,
995 590 1059 646 τὸ
1115 594 1313 660 ποῖον;
1371 590 1437 645 Εἰ
1494 586 1635 645 ἔστιν
1699 585 1882 644 ἀδικία
1910 586 1964 645 ἐν
2076 585 2240 665 λόγον
2300 592 2536 665 Χριστοῦ
2589 588 2919 667 πρόσταγμα
2972 593 3071 644 τοῦ
3132 589 3346 667 Πατρὸς
3378 586 3567 654 διδους
3596 593 3753 666 ἡμῖν

311 682 499 761 πράξει
537 703 641 757 μου
667 703 680 717 ’
740 678 830 737 διὰ
881 679 984 757 γὰρ
1041 684 1148 735 τῶν
1208 682 1412 757 χειρῶν
1440 678 1540 749 τὴν
1599 677 1788 754 πρᾶξιν
1838 674 1963 749 ἐδή-

313 772 488 829 λωσεν
524 790 538 805 ·
590 771 637 827 εἰ
675 770 984 847 ἀνθρώποις
1030 766 1286 825 ἀπέδωκα
1330 772 1445 832 τοῖς
1489 766 1588 842 ἐμὲ
1634 770 1963 823 κακοποιοῦ-

312 883 417 934 σιν,
468 857 522 916 εἷ’
563 882 619 917 τι
665 863 913 916 τοιοῦτον
967 855 1360 934 διεπραξάμην,
1406 860 1510 913 τῶν
1583 855 1796 934 ἐχθρῶν
1842 852 1959 911 δαι-

315 950 494 1024 μόνων
542 950 618 1024 μὴ
663 946 1075 1025 κατισχύσαιμι,
1122 946 1267 1003 ἀλλὰ
1313 946 1465 1009 κενὸς
1510 946 1600 1001 ἀπ’
1632 943 1804 1000 αὐτῶν
1831 943 1963 999 ἀπο-

310 1039 562 1111 πέσοιμι,
611 1039 687 1112 μὴ
744 1038 1081 1115 τρεψάμενος
1126 1034 1322 1098 αὐτοὺς
1375 1032 1505 1110 μηδ’
1534 1033 1730 1097 ἀνύσας
1765 1029 1957 1108 μηδέν.

2072 676 2135 732 τὸ
2191 673 2364 733 αἴτιον
2423 677 2646 737 ἐννοεῖν.
2707 677 2857 734 Ἐπεὶ
2912 676 3089 735 τοίνυν
3153 678 3294 756 πρὸς
3368 677 3453 742 οἷς
3528 678 3751 757 ἑτέροις

2072 761 2307 838 ἐδίδαξεν
2363 767 2392 822 6
2448 767 2702 840 Χριστὸς,
2764 764 2998 838 ἐδίδαξεν
3053 768 3139 824 ὃτι
3194 766 3287 823 καὶ
3345 768 3747 844 ἀναστήσεται,

2071 851 2222 932 λέγει
2252 856 2389 930 πρὸς
2445 856 2605 913 αὐτὸν
2659 858 2688 913 6
2744 858 3034 936 προφήτης
3083 856 3333 920 ἶκετικῶς
3362 856 3456 913 καὶ
3485 878 3746 936 προαγο-

2071 949 2331 1019 ρευτικῶς
2410 945 2751 1023 Ἐξεγέρθητι
2813 945 2921 1002 ἀπὸ
2992 949 3101 1002 τῶν
3172 950 3402 1023 νεκρῶν,
3479 946 3661 1024 Κύριε
3714 949 3748 1004 6

2069 1032 2199 1097 Θεός
2260 1055 2385 1109 μου,
2445 1031 2536 1090 διὰ
2587 1035 2679 1091 τὸν
2738 1034 2904 1111 λόγον
2965 1033 3024 1091 ὅν
3075 1033 3297 1113 εἴρηκας
3328 1033 3411 1091 ὅτι
3442 1035 3739 1108 ἀναστήσῃ

306 1126 407 1182 Διᾶ
465 1123 523 1181 6‘s
562 1125 771 1181 τούτων
836 1126 971 1199 ἡμῖν
1044 1128 1315 1203 παραινεῖ,
1387 1121 1619 1186 δικαίοις
1676 1121 1810 1179 εἶναι
1866 1119 1958 1177 καὶ
2067 1121 2391 1201 πρόσταγμα
2427 1121 2487 1179 δέ
2538 1124 2631 1179 τὸν
2677 1121 2846 1201 λόγον
2896 1125 3053 1203 φησὶ,
3097 1123 3189 1180 καὶ
3231 1124 3296 1180 τὸ
3326 1124 3604 1201 εἰρηκέναι
3630 1126 3740 1181 τὸν

304 1213 636 1287 ἀνεξικάκοις
686 1214 777 1271 καὶ
829 1213 966 1270 κατά
1026 1214 1126 1283 τήν
1184 1209 1413 1283 ἐντολὴν
1481 1210 1538 1268 εῦ
1593 1216 1770 1268 ποιεῖν
1827 1209 1955 1274 τοὺς
2063 1212 2313 1266 τοιοῦτον
2358 1207 2544 1288 λόγον,
2593 1209 2946 1285 ἐντείλασθαι,
3006 1208 3098 1267 διὰ
3147 1210 3212 1267 16
3273 1210 3589 1289 βασιλικὸν,
3642 1210 3745 1270 διὰ

309 1310 599 1379 μισοῦντας
803 1301 1107 1366 λυπόῦντας
1163 1304 1334 1377 ἡμᾶς.
1403 1298 1740 1373 Καταδιώξαι
1795 1301 1899 1376 ἄρα
1926 1298 1956 1355 6
2061 1297 2128 1355 16
2210 1298 2536 1374 ἀμετάθετον
2571 1321 2586 1335 ·

308 1393 504 1471 ἐχθρὸς
546 1395 645 1464 τὴν
692 1394 877 1470 ψυχήν
927 1413 1032 1467 μου
1078 1390 1171 1448 καὶ
1216 1385 1538 1463 καταλάϐοι,
1594 1389 1687 1447 καὶ
1714 1409 1956 1445 καταπα·

2671 1305 2776 1364 πᾶς
2859 1302 2962 1378 γὰρ
3048 1305 3287 1377 Χριστοῦ
3369 1301 3550 1365 ὃντως
3638 1302 3745 1379 βα-

2065 1385 2249 1452 σιλέας
2309 1387 2481 1465 λόγος
2537 1387 2735 1460 ἐντολὴ
2814 1389 2906 1445 καὶ
2977 1389 3303 1469 πρόσταγμα
3375 1391 3469 1446 καὶ
3554 1390 3731 1465 νόμος

306 1486 467 1555 τήσαι
527 1483 604 1545 εἰς
658 1484 760 1557 γῆν
815 1482 916 1553 τὴν
977 1482 1124 1553 ζωήν
1187 1501 1315 1555 μου,
1373 1480 1463 1537 καὶ
1518 1480 1618 1549 τήν
1660 1476 1814 1550 δόξαν
1849 1497 1955 1552 μου
2064 1476 2198 1535 ἐστί.
2228 1478 2329 1534 Καὶ
2358 1477 2421 1535 ού
2475 1480 2551 1553 μὴ
2598 1478 2844 1556 παρέλθῃ
2888 1483 2988 1535 τοῦ
3036 1483 3274 1556 Χριστοῦ
3323 1478 3498 1556 λόγος
3524 1478 3719 1552 οὐδεὶς,

308 1571 384 1635 εἷς
442 1576 576 1648 χοῦν
629 1571 1065 1641 κατασκηκώσαι.
1145 1566 1326 1646 Ἐἶίπερ
1385 1565 1640 1641 ἡδίκησα,
1699 1567 1862 1646 φησὶν
1915 1567 1952 1637 ἢ
2065 1566 2112 1621 εί
2159 1566 2249 1622 καὶ
2297 1568 2327 1623 ὁ
2375 1568 2603 1643 οὐρανὸς
2638 1568 2730 1623 καὶ
2778 1571 2814 1640 ἡ
2861 1575 2933 1645 γῆ
2965 1566 3413 1646 παρελεύσονται,
3473 1568 3565 1624 καὶ
3594 1589 3716 1624 συν-

304 1666 625 1723 κακοποιοῖς
684 1656 1055 1733 ἀνταπέδωκα,
1111 1659 1187 1733 μὴ
1251 1656 1415 1733 μόνον
1476 1656 1749 1733 ἄπρακτος
1796 1653 1954 1712 ἐκπέ-

304 1771 459 1823 σοιμι
515 1754 620 1803 τῶν
671 1748 906 1825 ἐχθρῶν,
951 1745 1099 1805 ἀλλὰ
1141 1747 1234 1804 καὶ
1263 1748 1293 1803 6
1322 1744 1520 1824 ἐχθρὰς
1552 1740 1814 1808 διάϐολος
1841 1743 1957 1799 ἐπι-

301 1837 653 1914 κρατέστερός
725 1858 829 1912 μου
886 1835 1205 1913 γενόμενος,
1268 1832 1596 1906 καταδιώξαι
1676 1854 1782 1909 μου
1851 1833 1951 1903 τὴν

345 1929 486 1984 υχῆν

301 1932 486 2003 ψυχὴν
568 1932 882 2000 ἡττημένου
959 1932 1052 1982 καὶ
1119 1932 1319 1996 ταύτην
1381 1932 1471 1980 διὰ
1523 1932 1626 1994 τῆς
1685 1932 1950 1998 ἁμαρτίας

301 2018 653 2094 χειρώσαιτο,
739 2014 829 2071 καὶ
899 2012 1427 2088 καταπεπατημένην
1503 2013 1621 2084 θείη
1687 2032 1793 2087 μου
1848 2012 1950 2082 τήν

305 2108 473 2178 ζωήν,
507 2103 595 2161 διὰ
640 2109 739 2160 τοῦ
781 2103 857 2169 είς
904 2110 1010 2179 γῆν
1056 2103 1148 2160 καὶ
1193 2105 1263 2159 τὰ
1309 2102 1487 2179 γεηρὰ
1513 2098 1808 2178 πράγματα
1858 2100 1951 2156 καὶ

1983 1882 2031 1949 Β

568 1925 882 2000 ἡττημένου
959 1926 1052 1982 καὶ
1119 1924 1319 1996 ταύτην
1381 1921 1471 1980 διὰ
1523 1926 1626 1994 τῆς
1685 1921 1952 1998 ἁμαρτίας
1983 1921 2031 1949 ³³
2062 1921 2472 1995 οἷκειωθήσεταί
2526 1945 2632 1982 σοι.
2692 1924 2791 1979 Διά
2845 1923 2951 2001 γὰρ
3005 1928 3104 1979 τοῦ
3178 1921 3455 1981 κυκλώσει
3513 1945 3577 1981 σε
3631 1926 3730 1981 καὶ

2062 1657 2253 1733 αγωγή
2314 1656 2460 1713 λαῶν
2526 1657 2799 1715 κυκλώσει
2884 1679 2962 1727 σε,
3019 1658 3109 1714 καὶ
3168 1656 3410 1729 συνάξεις
3470 1655 3565 1714 διὰ
3614 1664 3724 1729 τῆς

2061 1743 2293 1809 πίστεως
2339 1743 2400 1802 ἐκ
2447 1745 2647 1809 παντὸς
2690 1751 2789 1802 τοῦ
2827 1746 3040 1821 κόσμου
3066 1744 3237 1810 λαοὺς
3266 1745 3395 1823 περὶ
3423 1746 3505 1817 σὲ,
3564 1747 3657 1803 καὶ
3686 1750 3729 1820 ἡ

2058 1832 2284 1905 τοιαύτη
2330 1836 2621 1911 συναγωγὴ
2670 1834 2762 1891 καὶ
2810 1833 2934 1891 λίαν
3003 1836 3273 1911 ἀγαπήσει
3332 1856 3413 1909 σε,
3469 1834 3564 1892 καὶ
3599 1834 3732 1893 λίαν

2061 2006 2228 2090 ἄμφω
2279 2008 2608 2085 δεδήλωταιο
2667 2013 2731 2068 Οἱ
2785 2012 2888 2090 γὰρ
2937 2033 3061 2069 τινα
3132 2010 3341 2092 σφόδρα
3396 2015 3722 2094 φιλοῦντες,

2060 2098 2333 2178 ἐφιέμενοι
2378 2105 2477 2157 τοῦ
2518 2098 2841 2175 πλησιάζειν
2899 2102 3068 2176 αὐτῷ,
3120 2099 3547 2180 περικυκλοῦσιν
3623 2102 3728 2160 αὖ·

303 2193 693 2267 σπουδάσματα
762 2189 1056 2267 κατασῦραί
1136 2211 1204 2265 με
1275 2189 1368 2245 καὶ
1436 2189 1536 2258 τήν
1596 2187 1736 2261 ἐμὴν
1797 2184 1953 2258 δόξαν
2057 2187 2151 2244 τόν
2187 2210 2202 2225 ’
2252 2190 2513 2255 ὡσαύτως
2560 2191 2590 2247 6
2631 2190 2769 2266 πρός
2812 2211 2966 2255 τινας
3013 2189 3229 2255 οῒκείως
3284 2187 3455 2268 ἔχων,
3507 2189 3720 2248 ἐθέλων

296 2287 397 2353 τήν
457 2284 515 2338 ἐκ
567 2291 668 2353 τῆς
723 2281 919 2357 ἀρετῆς
1002 2286 1221 2350 αοιῆσαι
1305 2276 1795 2351 κατεσκηνωμένην
1873 2275 1951 2338 εἷς
2058 2275 2257 2340 αὐτοὺς
2313 2278 2688 2357 προσεγγίζειν
2745 2277 2913 2353 αύτῷ,
2969 2276 3162 2354 κύκλῳ
3228 2285 3471 2336 ποιεῖται
3526 2279 3721 2337 αὐτοῦ.

296 2378 456 2452 χοῦν,
522 2372 851 2449 κατενεγκὼν
923 2370 1091 2440 αὐτὴν
1155 2369 1246 2425 καὶ
1313 2363 1659 2437 καταϐαλὼν,
1718 2364 1809 2422 διὰ
1850 2370 1949 2421 τοῦ

296 2470 415 2527 τοῖς
463 2463 683 2517 πάθεσιν
736 2463 835 2529 τῆς
884 2459 1105 2533 ἀτιμίας
1155 2457 1285 2514 ὅλον
1319 2456 1604 2534 συγχῶσαί
1639 2476 1724 2529 με.
1755 2458 1949 2510 Τοιαῦ-

292 2574 361 2608 τα
412 2554 486 2626 μὴ
541 2549 886 2620 δικαιοσύνην
937 2545 1306 2626 φυλάσσοντες
1370 2544 1513 2623 μηδ’,
1572 2545 1945 2616 ἀνεξικακοῦν-

294 2662 382 2703 τες
441 2643 643 2696 ἑαυτῶν
699 2637 1096 2713 κατευχόμεθα.
1158 2634 1383 2708 Συνᾴδει
1408 2641 1523 2697 τοῖς
1580 2637 1946 2712 προφητικοῖς

294 2731 386 2786 κ·ιὶ
445 2729 577 2804 ὅπερ
637 2727 816 2803 λέγειν
864 2729 1013 2800 ἡμᾶς
1067 2724 1546 2802 προσευχομένους
1605 2725 1634 2779 ὁ
1677 2722 1944 2799 ἡμέτερος

294 2819 609 2894 καθηγητὴς
657 2816 747 2871 καὶ
795 2815 993 2892 Κύριος
1052 2811 1439 2891 ραραδέδωκεν·
1490 2836 1521 2866 ‹‹
1587 2814 1756 2890 Ἀφες
1804 2813 1941 2885 ἡμῖν

292 2910 361 2963 τὶ
420 2905 770 2986 ὀφειλήματα
815 2907 1000 2979 ἡμῶν,
1059 2903 1134 2967 ὡς
1187 2903 1277 2960 καὶ
1334 2905 1501 2977 ἡμεῖς
1556 2902 1780 2981 ἀφίεμεν
1823 2905 1942 2965 τοῖς

295 2995 609 3075 ὀφειλέταις
655 2997 840 3069 ἡμῶν.
871 3017 901 3047 ››
949 2994 1020 3049 Τὸ
1049 2995 1155 3069 γὰρ
1186 2993 1399 3071 ἀφιέναι
1461 2996 1579 3054 τοῖς
1611 2990 1939 3070 ὀφειλέταις,

292 3087 383 3141 καὶ
439 3087 503 3141 τὸ
559 3089 677 3146 τοῖς
732 3079 1147 3139 ἀνταποδιδοῦσι
1176 3084 1335 3155 κακά,
1388 3082 1462 3156 μή
1503 3077 1938 3149 ἀνταποδιδόναι,

287 3175 481 3231 ταυτόν
531 3173 693 3231 έστιν.
743 3172 897 3227 Οὕτω
954 3175 1085 3248 γοῦν
1140 3171 1217 3235 ὡς
1282 3160 1649 3246 ἐδιδάχθημεν
1706 3188 1937 3243 προσευ-

290 3265 543 3341 χόμενοι,
602 3266 734 3325 Τοῖς
778 3258 828 3317 δ’
884 3260 1190 3317 ἐπταικόσιν
1253 3260 1331 3322 εἰς
1385 3261 1537 3332 ἡμᾶς
1610 3257 1939 3332 ἀμυνόμενοι
1970 3249 2014 3319 C

289 3358 515 3411 τοιαῦτα
600 3351 835 3427 λέγομεν
932 3350 1184 3427 ἄντικρυς
1217 3367 1231 3382 °
1338 3346 1693 3423 ἀποτίσαιμεν
1789 3344 1942 3410 δίκας

295 3442 542 3499 ἁπάντων
630 3442 810 3515 ὧνπερ
870 3437 1218 3512 ἐπταίσαμεν,
1285 3437 1401 3493 ἐπεὶ
1459 3437 1550 3492 καὶ
1625 3439 1790 3510 ἡμεῖς
1845 3437 1946 3492 οὑκ

291 3530 518 3608 ἀφίεμεν
566 3535 684 3593 τοῖς
731 3526 926 3591 ἄλλοις
976 3528 1044 3583 τὰ
1082 3526 1161 3591 εἷς
1188 3528 1338 3601 ἡμᾶς
1367 3525 1543 3582 αὐτῶν
1596 3523 1944 3599 πλημμελή-

294 3639 458 3693 ματα.

359 3770 387 3797 ‹‹
440 3745 750 3815 ’Δνάστηθι,
806 3739 989 3817 Κύριε,
1049 3740 1102 3797 ἐν
1163 3741 1301 3818 ἀργῆ
1352 3761 1471 3798 σου.
1513 3764 1542 3794 ››
1574 3744 1777 3811 -Τῆς
1831 3743 1941 3795 τῶν

286 3832 563 3908 δαιμόνων
627 3831 981 3906 μεμνημένος
1051 3828 1244 3905 μανίας
1312 3833 1643 3908 προφητεῦει
1700 3827 1944 3908 προσφό-

287 3944 396 4002 ρων
455 3923 544 3978 καὶ
599 3920 727 3998 περὶ
782 3927 885 3992 τῆς
940 3923 1037 3975 τοῦ
1088 3915 1352 3975 δεσπότου
1412 3921 1647 3996 Χριστοῦ
1722 3917 1946 3974 ἀναστά-

285 4032 445 4086 σεως,
508 4009 578 4067 δι’
629 4012 699 4081 ἦς
762 4003 951 4081 έσϐέθη
1009 4009 1073 4065 τὸ
1130 4006 1331 4086 κράτος
1388 4007 1585 4063 αὐτῶν.
1631 4006 1943 4080 ’Δνάστηθι,

287 4099 469 4177 Κύριε,
529 4095 732 4177 λέγων,
791 4097 843 4154 ἐν
897 4096 1034 4176 ὀργῇ
1087 4119 1183 4152 σου
1225 4101 1296 4173 τῇ
1342 4097 1478 4153 κατά
1523 4100 1631 4151 τῶν
1663 4098 1814 4170 ἡμᾶς
1839 4116 1942 4152 κα-

292 4188 534 4245 κούντων
592 4187 912 4243 ἀποστατῶν
966 4187 1169 4262 Ἦγουν
1224 4184 1300 4248 εἷς
1373 4185 1435 4240 τὸ
1504 4186 1741 4240 κάκωσιν
1811 4205 1944 4261 σφο-

297 4275 425 4351 δρὰν
484 4275 668 4340 αὐτοῖς
725 4275 973 4352 ἀγαγεῖν,
1023 4271 1113 4330 διὰ
1157 4278 1257 4331 τοῦ
1310 4274 1411 4345 τὴν
1462 4273 1632 4346 τιμὴν
1661 4272 1836 4329 αὐτῶν
1865 4273 1943 4337 εἰς

293 4364 555 4442 αἰσχύνην
621 4368 981 4440 μετενεγκεῖν,
1056 4361 1147 4419 καὶ
1203 4362 1301 4431 τὴν
1360 4361 1537 4417 αὐτῶν
1625 4360 1783 4437 ἰσχὺν
1869 4362 1945 4426 εἰς

294 4454 588 4511 ἀσθένειαν.
648 4454 920 4529 Ὑψώθητι
976 4451 1029 4507 ἐν
1085 4455 1205 4514 τοῖς
1288 4450 1481 4525 πέρασι
1538 4453 1646 4505 τῶν
1730 4449 1943 4529 ἐχθρῶν

296 4566 414 4602 σου.
440 4541 679 4618 Ὑψηλὸς
713 4543 780 4611 εἷ,
811 4543 903 4597 καὶ
929 4542 993 4597 τὸ
1036 4539 1170 4615 ὕψος
1219 4546 1317 4609 τῆς
1367 4535 1529 4610 δόξης
1576 4560 1670 4595 σου
1709 4539 1945 4616 γενέσθω

2059 2366 2158 2421 Καὶ
2208 2366 2341 2441 ὑπὲρ
2395 2367 2597 2440 ταύτης
2655 2368 2731 2432 εἷς
2784 2367 2919 2442 ὕψος
2978 2367 3319 2445 ἐπίστρεψον.
3379 2371 3561 2427 Τοῦτο
3591 2369 3723 2446 περὶ

2054 2461 2159 2526 τῆς
2217 2456 2537 2533 ἀναλήψεως
2591 2457 2681 2513 καὶ
2738 2458 2871 2536 ὑπὲρ
2901 2458 3104 2530 ταύτης
3150 2480 3247 2515 σου
3306 2465 3411 2530 τῆς
3469 2480 3719 2536 συναγω-

2056 2550 2163 2618 γῆς
2194 2544 2271 2608 εἷς
2304 2544 2565 2620 οὐρανοὺς
2597 2546 2704 2603 ἀπὸ
2733 2553 2839 2623 γῆς
2870 2546 3255 2627 ἐπιστράφηθι,
3289 2546 3380 2603 ἴνα
3397 2546 3491 2602 καὶ
3511 2548 3718 2619 ταύτην

2055 2632 2326 2711 ἀναγάγῃς
2377 2634 2489 2691 ἐκεῖ
2532 2637 2620 2692 καὶ
2651 2643 2749 2707 τῆς
2781 2636 3032 2713 οὐρανίου
3063 2636 3398 2712 καταξιώσῃς
3438 2636 3721 2714 βασιλείας

2054 2722 2143 2777 καὶ
2176 2720 2339 2796 δόξης
2376 2746 2494 2783 σου.

2131 2850 2155 2881 ι
2189 2829 2388 2907 Κύριος
2435 2836 2611 2908 κρινεῖ
2651 2830 2842 2897 λαούς.
2895 2855 2919 2886 ι
2971 2865 3043 2876 --
3077 2837 3247 2889 Τοῦτο
3278 2834 3406 2911 περὶ
3436 2839 3539 2904 τῆς
3568 2853 3713 2906 παγ-

2050 2918 2285 2994 κοσμίου
2340 2920 2572 2999 κρίσεως
2630 2920 2840 3000 εἷ’ρηται
2895 2923 3031 2998 πρὸς
3080 2924 3250 2997 ἡμὰς.
3313 2922 3489 2987 Αὐτὸς
3537 2924 3566 2978 ὁ
3603 2921 3709 2978 Κύ-

2052 3028 2169 3086 Ριος
2218 3009 2435 3074 ἀναθεὶς
2485 3012 2514 3067 ὁ
2585 3009 2824 3068 ἀνελθὼν
2873 3011 2952 3075 εἷς
3009 3011 3137 3077 τοὺς
3197 3011 3481 3090 οὐρανοὺς,
3535 3011 3695 3066 αὑτὸν

2047 3102 2223 3174 κρινεῖ
2292 3098 2419 3162 τοὺς
2491 3096 2679 3163 λαούς.
2758 3098 3090 3159 Ἀποδώσων
3168 3102 3380 3176 ἑκάστῳ
3441 3104 3515 3173 τῷ
3567 3098 3688 3154 κατ’

2050 3185 2239 3258 ἀξίαν..

2124 3319 2153 3349 ››
2187 3294 2381 3370 Κρῖνόν
2443 3318 2559 3371 μοι,
2612 3296 2798 3374 Κύριε,
2853 3298 2990 3352 κατά
3042 3298 3144 3368 τήν
3203 3294 3549 3368 δικαιοσύνην
3602 3316 3711 3371 μου

2049 3383 2141 3438 καὶ
2169 3386 2307 3441 κατὰ
2350 3385 2451 3456 τήν
2505 3385 2727 3443 ἀκακίαν
2758 3406 2863 3459 μου
2893 3384 2976 3441 ἐπ’
3006 3385 3156 3461 ἐμοί,
3185 3410 3213 3441 ››
3247 3419 3318 3429 -
3348 3385 3712 3458 Δικαιοσύνην

2053 3470 2197 3550 λέγει
2243 3474 2344 3543 τὴν
2400 3477 2653 3550 μερικὴν,
2713 3473 2935 3530 ἀκακίαν
2986 3473 3044 3532 δὲ
3083 3477 3184 3546 τήν
3217 3475 3582 3547 ἀνεξικακίαν,
3620 3475 3718 3532 καὶ

2049 3563 2112 3618 τὸ
2173 3564 2248 3637 μὴ
2309 3560 2725 3620 ἀνταποδιδόναι
2783 3569 2984 3628 κακῶς.
3057 3568 3228 3620 ταῦτα
3281 3566 3387 3642 γὰρ
3446 3563 3713 3641 ἀνωτέρω

2048 3651 2118 3706 τὰ
2165 3648 2261 3706 δύο
2316 3653 2836 3730 προσεμαρτύρησεν
2894 3655 3088 3727 ἐαυτῷ,
3145 3654 3221 3727 μὴ
3278 3657 3389 3709 τῶν
3449 3652 3715 3730 μεγάλων

2050 3740 2357 3818 ἡγούμετος
2396 3741 2551 3802 αὐτὰ.
2600 3742 2661 3798 Τί
2718 3745 2823 3820 γὰρ
2879 3742 2932 3799 ἐν
2991 3742 3209 3806 τούτοις
3266 3742 3330 3798 τὸ
3392 3743 3568 3819 μέγα;
3601 3746 3720 3800 τῶν

2052 3829 2488 3906 ἀναγκαιοτάτων
2548 3828 2607 3888 δὲ
2661 3833 2752 3888 καὶ
2830 3832 3215 3910 ἀπαραιτήτων
3288 3836 3370 3905 τῷ
3436 3852 3502 3908 γε
3575 3834 3721 3888 κατά

2052 3918 2180 3974 Θεὸν
2232 3918 2380 3983 ὅλως
2422 3921 2843 3997 προαιρουμένῳ
2900 3923 3111 3998 βιοῦν.”
3140 3921 3219 3979 Τὸ
3268 3925 3456 3998 κρῖνον
3495 3917 3556 3976 δὲ
3590 3942 3720 3976 συν-

2049 4008 2273 4065 τακτέον
2332 4009 2437 4065 ἀπὸ
2491 4015 2678 4065 κοινοῦ
2724 4010 2815 4066 καὶ
2865 4016 2945 4084 τῷ
3003 4010 3156 4085 ἐμοὶ,
3192 4010 3284 4066 καὶ
3312 4014 3392 4083 τῷ
3416 4009 3497 4066 ἐπ’
3527 4009 3663 4084 ἐμοί
3702 4055 3718 4069 .

2052 4097 2293 4174 Κρίσεως
2345 4099 2448 4175 γάρ
2508 4098 2857 4173 μνημονεύας
2916 4099 3126 4170 ἐκείνης
3179 4106 3283 4171 τῆς
3349 4098 3400 4155 ἐν
3459 4098 3719 4165 ὑπάτοις

2051 4191 2286 4262 καιροῖς,
2344 4186 2584 4264 ἀκαίρως
2639 4187 2730 4243 καὶ
2787 4193 2877 4246 νῦν
2913 4194 3070 4245 κακεῖ
3120 4189 3214 4247 τὸν
3274 4187 3472 4265 Κύριον
3510 4189 3719 4267 κριτὴν

2052 4273 2105 4330 ἐν
2173 4274 2320 4349 αύτῷ
2388 4296 2449 4331 τε
2494 4277 2585 4332 καὶ
2654 4275 2738 4333 ἐπ’
2784 4277 2930 4352 αύτῷ
2952 4296 2965 4310 ·
3016 4283 3202 4354 κρῖνον
3258 4276 3312 4334 ἐν
3346 4277 3472 4352 ἐμοὶ
3503 4274 3717 4354 λέγων,

2050 4363 2237 4420 καθότι
2295 4364 2396 4421 οὐκ
2446 4362 2705 4437 ἠδίκησα,
2766 4366 2948 4445 Κύριε,
3007 4368 3099 4424 καὶ
3147 4364 3291 4443 μηδὲ
3344 4366 3409 4424 σὺ
3439 4387 3719 4444 παραχω-

2054 4456 2221 4531 ρήσῃς
2248 4450 2572 4527 ἀδικηθῆναί
2605 4476 2673 4529 με
2702 4462 2850 4533 παρᾶ
2894 4460 3002 4512 τῶν
3068 4456 3303 4535 ἐχθρῶν.
3364 4456 3469 4515 Καὶ
3515 4455 3719 4532 πάλιν,

2051 4544 2189 4599 κατά
2242 4544 2342 4614 τὴν
2398 4544 2730 4616 ἀνεξικακίαν
2793 4567 2899 4621 μου
2954 4551 3138 4624 κρῖνον
3195 4546 3278 4603 ἐπ’
3309 4546 3457 4621 ἐμοὶ,
3488 4545 3582 4601 καὶ
3610 4567 3719 4603 κα·-

295 4629 557 4702 διάδηλον
594 4630 646 4687 ἐν
676 4636 793 4695 τοῖς
840 4626 1019 4686 τέλεσι
1066 4632 1175 4684 τῶν
1224 4625 1437 4703 ἐχθρῶν
1498 4647 1594 4682 σου
1645 4623 1941 4703 δαιμόνων,
1972 4622 2020 4689 D
2050 4633 2160 4696 θὼς
2206 4631 2290 4687 ἐπ’
2337 4632 2534 4697 ἄλλοις
2582 4633 2797 4691 ἐποίουν
2858 4622 3001 4711 ἐγῶ,
3049 4637 3125 4710 μὴ
3174 4639 3357 4699 κακῶς
3404 4634 3595 4700 αὐτοῖς
3623 4634 3728 4693 ἀν-

292 4718 486 4797 ἤγουν,
534 4719 587 4776 ἐν
627 4720 707 4794 τῷ
751 4720 852 4790 τὴν
910 4717 1084 4774 αὐτῶν
1168 4713 1459 4794 τυραννίδα
1511 4714 1670 4780 τέλος
1728 4712 1941 4793 λαϐεῖν,

292 4810 383 4866 καὶ
438 4814 848 4887 καταργηθῆναι
903 4808 968 4864 τὸ
1025 4802 1115 4863 διὰ
1166 4812 1267 4877 τῆς
1296 4801 1752 4881 εἶδωλολατρείας
1782 4801 1942 4871 σέϐας

292 4898 492 4958 αὐτῶν.
581 4897 681 4955 Καὶ
748 4895 1078 4975 ἐξεγέρθητι,
1165 4893 1349 4972 Κύριε,
1409 4894 1438 4949 6
1504 4894 1633 4958 Θεός
1693 4916 1819 4969 μου,
1887 4894 1940 4952 ἐν

291 4989 670 5067 προστάγματι
754 4988 802 5062 ᾧ
885 4983 1162 5042 ἐνετείλω.
1208 4983 1392 5040 Εἰπὼν
1444 4983 1496 5039 ἐν
1551 4988 1632 5057 τῷ
1707 4982 1942 5060 δευτέρῳ

289 5076 500 5152 ψαλμῷ
556 5076 841 5156 προσώπῳ
886 5079 1148 5151 Χριστοῦ,
1205 5070 1543 5152 διαγγέλλων
1601 5073 1665 5129 τὸ
1702 5074 1938 5149 πρόστα-

292 5187 409 5243 γμα
458 5168 664 5244 Κυρίου
711 5160 1043 5242 πρόσταγμα
1063 5166 1162 5220 τοῦ
1210 5161 1450 5237 Πατέρος
1505 5162 1604 5232 τήν
1660 5162 1941 5241 εὐαγγελι-

293 5256 397 5325 κῆν
440 5252 789 5312 διδασκαλίαν
849 5253 1129 5329 ὠνόμασεν
1156 5274 1169 5287 ο
1222 5250 1452 5315 ἐκταῦθα
1508 5248 1566 5307 δὲ
1619 5252 1718 5322 τὴν
1770 5252 1937 5325 αὐτὴν

295 5342 617 5421 πρόσταγμα
645 5343 804 5401 καλεῖ
830 5349 928 5401 τοῦ
983 5344 1111 5399 Υἱοῦ
1143 5361 1157 5374 ·
1208 5341 1299 5397 καὶ
1358 5335 1621 5404 εῗκότωςο
1685 5340 1784 5416 μία
1833 5343 1937 5419 γὰρ

298 5431 549 5509 βασιλεία
577 5434 786 5511 Πατρὸς
812 5433 903 5489 καὶ
959 5433 1111 5502 Υἱοῦ,
1161 5429 1253 5486 καὶ
1312 5429 1641 5506 πρόσταγμα
1682 5431 1746 5487 τὸ
1784 5431 1914 5489 αὐτό

291 5520 394 5576 Καῖ
423 5522 526 5598 γὰρ
559 5522 587 5577 6
636 5523 763 5587 Υἱὸς
811 5521 1172 5584 ἐνυπόστατος
1214 5518 1390 5597 Λόγος
1439 5517 1513 5574 ὣν
1577 5525 1673 5576 τοῦ
1725 5522 1936 5598 Πατρὸς

291 5607 600 5688 ἐξαγγέλλει
657 5610 830 5669 πάντα
881 5612 949 5669 τὰ
1002 5614 1099 5667 τοῦ
1154 5608 1388 5686 Πατρὸς,
1436 5607 1527 5663 καὶ
1582 5608 1682 5665 ὅσα
1729 5608 1875 5689 λέγει
1906 5613 1936 5669 6

290 5699 503 5776 Πατὴρ,
549 5698 578 5756 6
636 5700 757 5766 Υἱὸς
795 5699 948 5780 λέγει
1005 5699 1162 5771 ἀύτά,
1191 5695 1286 5755 καὶ
1332 5696 1431 5754 ὅσα
1480 5696 1630 5774 λέγει
1672 5701 1702 5755 6
1732 5701 1860 5766 Υἱὸς
1906 5705 1935 5759 6

2048 4718 2399 4795 ταποδιδοὺς,
2450 4723 2594 4780 οὕτω
2640 4723 2732 4780 καὶ
2784 4723 2847 4780 σὺ
2894 4725 3125 4798 ποίησον
3190 4724 3275 4781 ἐπ’
3323 4724 3472 4800 ἐμοὶ,
3502 4726 3597 4781 καὶ
3629 4728 3716 4801 μὴ

2050 4810 2355 4887 ἀπαιτήσῃς
2410 4833 2478 4887 με
2522 4811 2725 4889 λόγους
2778 4814 2852 4870 ὧν
2896 4812 3172 4894 διαφόρως
3221 4814 3299 4878 εἷς
3353 4815 3414 4870 σὲ
3440 4811 3716 4889 πεπλημ-

2054 4898 2293 4974 μέληκα,
2338 4901 2429 4957 καὶ
2488 4898 2578 4957 διὰ
2631 4905 2792 4958 τοῦτο
2848 4909 2966 4968 τοῖς
3026 4903 3250 4982 ἐχθροῖς
3308 4903 3465 4980 ἐάσῃς
3522 4902 3720 4959 ἀνεπί-

2048 4989 2344 5068 κούρητον.
2394 4990 2542 5047 Μετά
2590 4992 2686 5066 μὲν
2741 4990 2833 5048 οὗν
2877 4995 2979 5065 τὴν
3047 4991 3396 5066 δικαιοσύνην
3449 5014 3579 5069 μου,
3625 4991 3717 5050 δτι

2051 5079 2150 5135 οὐκ
2175 5077 2317 5136 ἔστιν
2362 5078 2546 5136 ἀδικία
2591 5079 2645 5136 ἐν
2695 5082 2854 5159 χερσί
2907 5105 3036 5157 μου,
3088 5077 3383 5140 δικαίωσόν
3432 5104 3520 5157 με,
3570 5083 3717 5139 κατά

2051 5165 2109 5224 δὲ
2156 5170 2255 5240 τήν
2308 5169 2528 5226 ἀκακίαν
2583 5191 2712 5245 μου,
2757 5170 2840 5227 ὅτι
2893 5172 2991 5229 οὐκ
3046 5170 3401 5229 ἀνταπέδωκα
3441 5177 3562 5236 τοῖς
3614 5171 3714 5229 ἀν-

2047 5254 2399 5314 ταποδιδοῦσί
2448 5279 2543 5334 μοι
2584 5260 2744 5330 κακὰ,
2794 5260 3176 5335 ἀνεξικάκησον
3235 5261 3319 5318 ἐπ’
3371 5261 3521 5336 ἐμοί.
3565 5266 3714 5317 Συν-

2046 5346 2353 5419 τελεσθήτω
2403 5345 2469 5419 δή
2518 5349 2754 5425 πονηρία
2802 5351 3182 5429 ἁμαρτωλῶν·
3239 5349 3403 5414 τέλος
3459 5347 3709 5421 λαϐέτω,

2045 5439 2465 5513 καταροηθήτω.
2520 5436 2750 5510 Πολλῆς
2800 5437 2859 5496 δὲ
2902 5449 3006 5513 τῆς
3045 5442 3106 5498 ἐκ
3130 5445 3239 5497 τῶν
3298 5445 3558 5518 πονηρῶν
3592 5438 3712 5497 δαί-

2051 5526 2229 5601 μόνων
2277 5526 2369 5581 καὶ
2413 5530 2521 5582 τῶν
2575 5528 2991 5606 ὑπηρετούντων
3048 5530 3233 5594 αὐτοῖς
3300 5530 3710 5607 πεπειραμένος

2045 5610 2404 5686 ἐπιϐϐουλῆς,
2458 5614 2629 5692 εὐχῆς
2668 5617 2825 5693 τύπῳ
2874 5619 3236 5699 προαγορεύει
3283 5618 3466 5690 πάσης
3531 5639 3712 5689 πονη-

2045 5704 2167 5784 ρίας
2221 5703 2524 5783 ἀφανισμὸν
2579 5704 2632 5763 ἐν
2709 5706 2867 5766 αἰῶνι
2933 5707 3015 5785 τῷ
3074 5706 3359 5785 μέλλοντι.
3423 5711 3533 5766 Νῦν
3596 5708 3707 5785 γὰρ

3406 6212 3417 6221 ,ν
3442 6212 3471 6233 με
3504 6228 3511 6231 Α
3528 6212 3587 6223 ηομ
3601 6221 3606 6224 ,

3460 6236 3469 6243 ν
3490 6240 3491 6243 η
3621 6237 3626 6240 .
3684 6236 3693 6237 κ
3732 6234 3737 6239 .

3374 6268 3377 6275 ι
3422 6240 3652 6290 "fata-3;;
3669 6253 3678 6266 ‘
3707 6251 3728 6284 ἐξ
3795 6281 3806 6292 ,
3830 6280 3835 6281 γ

3661 6287 3736 6312 επ*
3817 6287 3834 6306 -ο

3300 6326 3504 6369 “Hyl??-
3523 6357 3526 6360 -
3595 6331 3604 6358 .-

3310 6366 3359 6395 ‘w
3372 6368 3373 6371 η
3387 6365 3480 6406 ηρ
3880 6370 3887 6379 ῖ

3296 6402 3350 6415 ma
3457 6399 3484 6414 τ
3541 6411 3560 6416 ._.
3665 6419 3670 6422 _
3857 6409 3870 6424 ε
