4072 6422
317 383 476 446 1353

1537 380 1956 444 EXPOSITIO
1996 382 2078 445 IN
2123 381 2510 446 PSALMOS.

3571 392 3730 453 1354

314 512 447 570 εἶναι
505 510 573 583 δὴ
620 512 684 569 τὸ
729 509 1025 568 ἀντίπαλον
1077 507 1167 567 διὰ
1218 509 1348 575 τοὺς
1398 510 1719 588 ἀγωνιστάς.
1783 536 1813 567 ‹‹
1860 512 1962 569 Καὶ
1993 516 2049 585 Α
2078 510 2224 584 ἄλλη
2337 511 2603 590 ἀναίρεσιν
2713 510 3079 589 ἀπαραίτητον
3188 517 3281 573 καὶ
3375 515 3499 575 λίαν
3588 518 3732 576 ἐπώ-

312 604 651 665 κατευθυνεῖς
705 599 931 658 δίκαιον.
965 626 994 655 ››
1029 601 1134 658 Καὶ
1199 602 1368 675 μήπω
1431 599 1489 657 δὲ
1543 610 1645 674 τῆς
1703 603 1972 679 πονηρίας

311 690 749 761 συντελεσθείσης
836 690 1062 768 ἐξαίρων
1155 688 1215 747 ἐκ
1300 691 1467 765 μέσου
1521 692 1590 748 τὰ
1677 690 1972 766 σκάνδαλα,

312 782 731 858 παρασκευάσεις
813 780 905 836 τὸν
989 777 1222 851 δίκαιον,
1298 781 1474 857 ὀρθῶς
1570 777 1797 855 δραμεῖν
1876 781 1976 850 τὴν

311 866 499 948 τρίϐον
543 877 646 942 τῆς
690 871 908 945 ἀρετῆς.
943 893 974 924 «ι
1020 870 1368 933 Κατευθυνεῖς
1422 867 1480 925 δὲ
1540 869 1632 926 τὸν
1680 866 1909 942 δίκαιον,
1947 893 1971 922 ι

315 956 552 1036 εἴρηκεν,
614 958 698 1032 οὐ,
759 959 1257 1030 Κατευθυνθήσεται
1317 955 1544 1030 δίκαιος,
1601 956 1686 1014 ὅτι
1759 957 1973 1015 πάντων

314 1052 423 1105 τῶν
482 1048 695 1126 ἀγαθῶν
750 1044 924 1112 αἴτιος
973 1049 1002 1104 6
1056 1047 1206 1111 Θεός·
1260 1047 1323 1104 οὐ
1374 1047 1477 1125 γὰρ
1541 1051 1641 1103 τοῦ
1697 1046 1975 1121 θέλοντος,

317 1138 505 1217 φησὶν,
537 1135 663 1193 οὐδὲ
689 1141 786 1193 τοῦ
813 1136 1129 1215 τρέχοντος,
1163 1135 1309 1193 ἀλλά
1334 1141 1434 1192 τοῦ
1477 1135 1761 1201 ἐλεοῦντος
1817 1140 1974 1193 Θεοῦ.

319 1228 426 1284 Καὶ
486 1226 676 1284 πάλινο
729 1249 752 1281 ι
800 1228 874 1284 06
939 1225 1164 1283 δύνασθε
1213 1227 1391 1303 χωρὶς
1458 1224 1594 1301 ἐμοῦ
1662 1231 1838 1283 ποιεῖν
1890 1225 1980 1282 οὐ-

320 1315 430 1375 δέν.
478 1340 508 1371 »
560 1318 794 1388 Ἐτάζων
855 1315 1080 1394 καρδίας
1149 1317 1241 1372 καὶ
1311 1315 1541 1395 νεφροὺς
1608 1317 1638 1372 6
1699 1316 1849 1390 Θεὸς,
1900 1313 1980 1371 δι-

316 1405 485 1469 καίως
516 1407 552 1478 ἡ
597 1407 824 1483 βοήθειά
879 1426 984 1480 μου
1035 1406 1182 1479 παρά
1236 1409 1335 1460 τοῦ
1378 1409 1514 1461 Θεοῦ
1561 1410 1658 1461 τοῦ
1708 1406 1979 1476 σώζοντος

312 1496 445 1560 τοὺς
496 1495 668 1561 εὐθεῖς
708 1499 779 1571 τῇ
849 1493 1064 1573 καρδίᾳ.
1116 1495 1383 1565 Ἐρευνῶν
1459 1494 1599 1551 ἐστιν
1662 1490 1904 1572 ἀκριϐῶς
1948 1495 1977 1551 6

317 1586 449 1648 Θεὸς
499 1586 594 1648 τὰς
640 1590 748 1640 τῶν
809 1584 1109 1663 ἀνθρώπων
1174 1583 1399 1661 βουλάς·
1450 1588 1613 1640 τοῦτο
1679 1585 1783 1662 γὰρ
1848 1581 1976 1656 ἐδή-

318 1674 465 1731 λωσε
496 1670 586 1730 διὰ
632 1679 743 1730 τῶν
786 1672 1050 1751 καρδιῶν,
1082 1674 1173 1729 καὶ
1222 1672 1356 1729 αὐτὰ
1407 1671 1465 1729 δὲ
1510 1674 1579 1729 τὰ
1630 1677 1739 1729 τῶν
1792 1673 1976 1751 λογισ-

321 1767 439 1837 μῶν
484 1760 688 1841 ἔσχατα
742 1765 834 1819 καὶ
898 1763 1190 1839 βαθύτατα,
1219 1767 1381 1819 τοῦτο
1437 1759 1527 1819 διὰ
1578 1767 1689 1819 τῶν
1745 1767 1975 1843 νεφρῶν.

2085 599 2264 659 δυνον.

2158 713 2188 745 ι(
2214 692 2290 745 Τὰ
2349 690 2485 767 βέλη
2547 689 2710 745 αὐτοο
2766 694 2885 754 τοῖς
2940 691 3251 765 καιομένοις
3310 692 3667 772 ἐξειργάσατο.
3703 718 3735 751 ››

2083 814 2154 824 -—
2189 780 2265 836 Τὰ
2312 779 2448 836 αὐτά
2484 780 2575 836 καὶ
2621 779 2788 850 σκεύη
2839 781 3067 836 θανάτου
3113 782 3203 837 καὶ
3255 780 3392 859 βέλη
3443 785 3626 862 φησὶν,
3659 785 3737 849 ὡς

2085 869 2403 947 εἰρήκαμεν,
2434 869 2470 924 ἃ
2497 874 2613 933 τοῖς
2652 869 2754 925 οὐκ
2796 869 3207 950 ἐπιστρέφουσιν
3257 872 3599 950 ἐξειργάσατο
3647 874 3738 931 καὶ

2087 959 2371 1037 ἀπήρτισε.
2426 959 2661 1022 Τούτους
2720 960 2824 1036 γὰρ
2908 957 3236 1034 καιομένους
3302 961 3578 1038 ὠνόμασεν
3661 965 3740 1028 ὡς

2087 1044 2310 1111 ἀτόποις
2339 1048 2651 1123 ἐπιθυμίαις
2679 1068 2739 1104 τε
2762 1049 2852 1104 καὶ
2884 1049 3108 1123 θυμοῖς,
3140 1050 3191 1125 ἐξ
3243 1051 3319 1107 ὧν
3362 1058 3507 1109 πᾶσα
3553 1052 3741 1117 κακίας

2084 1140 2298 1213 πρᾶξις,
2328 1137 2703 1217 φλεγομένους
2736 1135 3041 1201 διαπαντός.

2165 1265 2188 1295 ι
2220 1242 2360 1301 Ἰδοὺ
2392 1241 2658 1316 ὠδίνησεν
2698 1241 2935 1317 ἀδικίαν,
2966 1278 3037 1289 —-
3066 1246 3239 1303 Πάλιν
3284 1248 3421 1325 πρὸς
3471 1249 3564 1305 τὸν
3609 1250 3739 1307 Θεὸν

2084 1338 2323 1390 ποιεῖται
2376 1333 2505 1397 τοὺς
2564 1328 2791 1409 λόγους,
2847 1333 2938 1390 καὶ
2992 1340 3091 1391 τοῦ
3148 1332 3412 1395 διαϐόλου
3469 1334 3738 1397 καταϐοᾶ-

2084 1444 2194 1497 ται,
2240 1423 2340 1493 τήν
2386 1422 2463 1486 εἰς
2512 1422 2629 1497 ἐμὲ,
2672 1421 2869 1501 λέγων,
2918 1421 3130 1481 ἀδικίαν
3182 1426 3211 1481 6
3262 1423 3519 1492 διάϐολος
3565 1428 3739 1504 ἐμμε-

2086 1510 2319 1584 λετήσας
2350 1511 2402 1568 ἐν
2431 1512 2627 1585 ἐαυτῷ,
2657 1511 2751 1568 καὶ
2814 1510 2933 1568 ἰδοὺ
2987 1512 3417 1593 τελεσφορήσας,
3449 1514 3739 1589 ώδίνησεν.

2083 1602 2338 1678 Ἐκρῆξαι
2421 1600 2622 1673 ταύτην
2696 1599 2914 1658 σπεύδει
2988 1600 3206 1678 λοιπὸν,
3263 1604 3354 1660 καὶ
3429 1605 3507 1670 εἰς
3583 1602 3741 1684 ἔργον

2087 1692 2309 1768 ἀγαγεῖν
2390 1691 2779 1768 κατεπείγεται.
2841 1691 2933 1755 Τίς
2990 1694 3026 1763 ἡ
3084 1690 3307 1765 ἀδικία;
3375 1699 3581 1770 πτῶμα
3651 1696 3745 1753 καὶ

2086 1775 2307 1845 ὄλισθον
2334 1780 2661 1858 προξενῆσαί
2695 1802 2814 1855 μοι,
2842 1780 2934 1837 καὶ
2963 1786 3061 1838 τοῦ
3107 1781 3313 1857 Κυρίου
3366 1782 3449 1840 ἐπ’
3479 1785 3747 1863 αἰσχύνης

318 1853 475 1916 ποθεν
502 1852 678 1963 πάντα
704 1852 773 1961 τὰ
796 1851 851 1963 iv
901 1851 1080 1926 σκότῳ
1124 1850 1225 1963 ’καὶ
1270 1850 1475 1963 κρύςφιικα
1518 1855 1767 1963 καθορῶν
1823 1850 1977 1927 ἐναρ-
2012 1896 2063 1963 Β
2089 1850 2422 1940 ἀποξενῶσάί
2458 1850 2545 1944 με,

319 1945 431 2018 γῶς
490 1939 606 1997 οἶδε
648 1942 740 1997 καὶ
795 1940 879 1997 ὅτι
934 1941 1174 2019 πονηρία
1220 1940 1312 1998 καὶ
1363 1938 1527 2005 δόλος
1573 1940 1673 1997 οὐκ
1700 1936 1810 1996 ἔστι
1865 1961 1980 2016 μοι.

325 2029 562 2094 Δικαίως
609 2030 701 2085 οὗν
745 2030 837 2087 καὶ
885 2028 1127 2108 εὐλόγως
1173 2028 1453 2101 ἐλπίζεται
1499 2029 1589 2086 καὶ
1635 2028 1776 2086 ἔστιν
1808 2032 1845 2101 ἡ
1907 2029 1984 2093 εἰς

327 2118 427 2194 ἐμὲ
461 2121 805 2196 βοήθειαῆιαὶ
835 2119 1082 2197 σωτηρία
1108 2119 1257 2196 παρά
1299 2124 1399 2176 τοῦ
1448 2123 1583 2176 Θεοῦ
1628 2123 1729 2175 τοῦ
1779 2120 1985 2189 σώζον-

325 2230 423 2272 τος
448 2208 579 2273 τοὺς
617 2209 927 2287 ἀπονήρους
976 2208 1067 2265 καὶ
1115 2206 1351 2273 ἀδόλους
1396 2212 1466 2285 τῇ
1522 2206 1721 2286 καρδίᾳ
1771 2208 1984 2285 τυγχά-

327 2320 542 2363 νοντας.

403 2449 432 2479 ‹‹
462 2426 519 2479 Ὀ
567 2424 695 2488 Θεὸς
743 2436 934 2502 κριτηί,
982 2421 1193 2488 δίκαιος
1236 2423 1327 2479 καὶ
1379 2422 1606 2501 ἰσχυρὸς
1646 2424 1737 2479 καὶ
1787 2421 1988 2499 μακρό-

330 2516 523 2590 θυμος.
576 2536 606 2567 ››
655 2514 860 2591 Κριτὴς
918 2509 992 2569 ὢν
1052 2510 1261 2576 δίκαιος
1307 2513 1409 2583 τὴν
1455 2510 1564 2568 τῶν
1614 2511 1825 2589 ἐχθρῶν
1883 2533 1987 2586 μου

332 2602 606 2678 δαιμόνων
655 2599 865 2658 ἀδικίαν
925 2597 1270 2673 ἀποσοϐῆσαι
1327 2606 1524 2679 κρινεῖ,
1551 2600 1643 2657 καὶ
1705 2603 1783 2676 μὴ
1836 2599 1986 2656 ἐᾶσαι

327 2693 530 2764 ταύτην
576 2692 652 2755 εἷς
703 2691 864 2755 τέλος
914 2689 1109 2748 ἐλθεῖνο
1144 2690 1373 2768 ἰσχυρὸς
1422 2687 1497 2747 ὣν
1558 2689 1769 2767 ἰσχύσει
1824 2694 1987 2746 τοῦτο

328 2789 556 2853 ποιῆσαι
612 2782 703 2838 καὶ
762 2777 1088 2857 διατηρῆσαί
1146 2802 1215 2855 με
1268 2781 1371 2851 τῆς
1424 2779 1598 2836 αὐτῶν
1658 2778 1989 2859 κακουργίας

330 2871 624 2948 ἀνώτερον’
681 2868 1037 2947 μακρόθυμος
1088 2877 1161 2924 ῶν
1205 2870 1458 2943 ἀναμενεῖ
1498 2870 1601 2939 τήν
1666 2867 1804 2943 ἐμὴν
1878 2869 1990 2925 ἐπι·

334 2961 596 3040 στροφὴν,
638 2958 729 3015 καὶ
785 2958 852 3014 οὐ
897 2958 1044 3033 πορὰ
1089 2955 1261 3021 πόδας
1307 2959 1408 3028 τήν
1455 2955 1748 3030 καταδίκην
1808 2958 1987 3031 ἐπάξει

339 3071 455 3124 μοι,
508 3050 598 3105 καὶ
660 3048 737 3122 μὴ
797 3049 969 3124 ὀργὴν
1029 3046 1242 3126 ἐπάγων
1292 3049 1410 3104 καθ’
1466 3048 1693 3119 ἑκάστην
1750 3049 1985 3125 ἡμέραν.

338 3140 536 3215 Ὀργήν
577 3135 724 3215 λέγει
761 3138 862 3207 τὴν
907 3138 1167 3195 κάκωσιν.
1200 3138 1579 3214 Ἐπεξηγεῖται
1637 3134 1716 3211 δὲ,
1745 3136 1799 3193 τί
1847 3135 1988 3193 ἐστιν

338 3228 367 3282 6
402 3225 774 3301 μακρόθυμος·
826 3225 855 3280 6
906 3227 981 3300 μὴ
1040 3225 1253 3304 ἐπάγων
1297 3228 1417 3291 καθ’
1467 3225 1695 3298 ἐκάστην
1757 3224 1988 3303 ἡμέραν,

337 3312 463 3387 ἤτοι
520 3316 657 3371 κατὰ
710 3313 883 3371 πάντα
927 3316 1139 3392 καιρὸν,
1167 3319 1284 3378 τοῖς
1327 3314 1695 3392 ἁμαρτάνουσι
1733 3316 1991 3389 κάκωσιν,

336 3404 464 3462 ἀλλ’
539 3404 870 3482 ἀνεχόμενος
938 3404 1029 3461 καὶ
1106 3406 1208 3476 τὴν
1287 3404 1464 3461 αὐτῶν
1544 3404 1827 3481 μετάνοιαν
1900 3406 1992 3461 καὶ

336 3492 626 3571 διόρθωσιν
655 3492 1041 3571 ἐκδεχόμενος.

408 3662 437 3691 ‹‹
470 3637 591 3693 Ἐὰν
672 3638 748 3712 μὴ
829 3635 1212 3716 ἐπιστραφῆτε,
1299 3639 1401 3709 τήν
1480 3636 1751 3717 ῥομφαίαν
1824 3637 1990 3694 αὐτοῦ

338 3722 642 3784 στιλϐάσει.
678 3751 708 3780 ››
734 3727 806 3781 Τὸ
860 3725 1015 3798 τόξον
1075 3726 1239 3784 αὐτοῦ
1297 3725 1523 3783 ἐνέτεινε
1569 3728 1660 3784 καὶ
1690 3726 1989 3804 ἡτοίμασεν

335 3816 465 3873 αὐτὸ
512 3818 548 3888 ἡ
589 3811 886 3880 στίλϐωσις
941 3808 1043 3887 τῆς
1095 3816 1367 3895 ῥομφαίας
1411 3816 1503 3874 καὶ
1551 3819 1589 3889 ἡ
1636 3812 1841 3881 ἔντασις
1892 3822 1992 3874 τοῦ

331 3905 513 3979 τόξου.
555 3903 655 3959 Καὶ
705 3906 740 3975 ἡ
792 3903 1080 3978 ἐτοιμασία
1125 3905 1262 3980 πρὸς
1310 3905 1516 3977 τοξείαν
1559 3903 1794 3978 ἀπειλῆς
1851 3907 1994 3982 ὁμοῦ

333 3992 422 4047 καὶ
480 3990 768 4066 μελήσεως
842 3986 1118 4067 σύμϐολα.
1181 3998 1441 4071 Παραινεῖ
1513 3992 1572 4050 δὲ
1637 3996 1730 4050 καὶ
1800 3992 1996 4058 ἄλλοις

337 4079 428 4136 σὺν
480 4082 654 4155 ἐαυτῷ
714 4080 1095 4159 μακροθυμίας
1155 4087 1291 4137 Θεοῦ
1351 4084 1428 4156 μὴ
1459 4088 1834 4163 καταφρονεῖνο
1870 4085 1992 4140 Ἐἀν

335 4169 460 4247 γὰρ,
518 4170 674 4249 φησὶ,
739 4171 816 4245 μή
874 4168 1245 4249 ἐπιστφαφῆτε
1294 4171 1433 4246 πρὸς
1487 4172 1616 4228 Θεὸν
1679 4174 1731 4227 οἱ
1765 4193 1997 4247 μακρυν-

339 4260 515 4324 θέντες
570 4259 662 4315 ἀπ’
722 4258 886 4315 αὐτοῦ
940 4255 1028 4314 διὰ
1082 4266 1184 4331 τῆς
1247 4264 1357 4316 τῶν
1434 4259 1672 4317 ἐντολῶν
1746 4257 1997 4339 παραϐά-

338 4370 494 4423 σεως,
573 4348 620 4404 εἰ
695 4348 786 4405 καὶ
865 4349 940 4424 μὴ
1033 4348 1267 4425 τάχιστα
1356 4349 1447 4405 καὶ
1524 4350 1662 4406 κατά
1730 4349 1996 4428 σπουδὴν,

334 4443 471 4501 τέως
547 4434 593 4493 δ’
654 4435 745 4493 οῦν
796 4437 849 4493 ἐν
907 4441 1082 4516 καιρῷ
1149 4434 1345 4512 δέοντι,
1404 4443 1614 4518 πικρῶς
1681 4438 1998 4519 ἐξολοθρευ-

337 4527 581 4599 θήσεσθε.

2164 1983 2195 2012 ‹‹
2228 1954 2716 2031 Συνέλαϐσπόνον
2763 1958 2854 2016 καὶ
2908 1957 3082 2017 ἔτεκεν
3142 1960 3393 2037 ἀνομίαν.
3447 1986 3476 2016 ››
3525 1994 3595 2008 -
3643 1961 3750 2021 Δί’-

2088 2068 2207 2105 τιον
2257 2052 2336 2122 τῷ
2392 2043 2639 2122 διαϐόλῳ
2695 2055 2798 2121 τῆς
2870 2049 3131 2122 τοιαύτης
3211 2048 3422 2116 ἀδικίας
3494 2059 3597 2124 τῆς
3671 2054 3751 2119 εἷς

2095 2136 2193 2211 ἐμὲ
2247 2137 2312 2192 τὸ
2362 2136 2493 2212 ἐμὸν
2548 2134 2714 2216 ἄλγος
2763 2139 2811 2212 ᾧ
2874 2138 3058 2216 χαίρει
3114 2140 3207 2196 καὶ
3281 2141 3449 2219 οὗπερ
3523 2142 3747 2221 ἐφίεται·

2091 2227 2184 2283 καὶ
2238 2226 2343 2303 γὰρ
2399 2226 2452 2297 ἐξ
2511 2222 2678 2304 ἄκρας
2762 2227 3054 2303 βασκανίας
3112 2227 3391 2304 ἐπιθυμῶν
3463 2235 3563 2287 τοῦ
3613 2231 3749 2309 πόρ-

2096 2315 2175 2393 ῥω
2202 2320 2308 2371 τῶν
2367 2317 2692 2390 σωζομένων
2738 2315 3107 2396 ἀποῤῥιφῆναί
3160 2340 3247 2392 με,
3299 2318 3390 2375 καὶ
3437 2319 3604 2376 πόνον
3657 2320 3749 2378 καὶ

2095 2402 2312 2475 ὀδύνην,
2373 2402 2424 2460 ἐν
2479 2409 2560 2477 τῷ
2614 2409 2789 2482 καιρῷ
2842 2403 3228 2482 κληρώσασθαι
3301 2414 3403 2479 τῆς
3470 2408 3746 2485 ἐκτίσεως,

2091 2494 2184 2550 τὸν
2235 2497 2482 2549 τοιοῦτον
2537 2492 2702 2549 πόνον
2764 2491 2944 2569 ὥσπερ
2999 2496 3123 2551 τινὰ
3168 2495 3369 2574 σπόρον
3422 2496 3475 2553 ἐν
3535 2496 3752 2572 διανοίᾳ

2096 2577 2379 2657 συνέλαϐε,
2408 2581 2499 2639 καὶ
2528 2583 2627 2653 τὴν
2656 2589 2758 2654 τῆς
2787 2578 3092 2656 ἐπιϐουλῆς
3140 2585 3369 2660 ἀνομίαν
3424 2587 3752 2651 συσκευάσας

2097 2670 2370 2728 ἀπέτεκεν.

2170 2784 2199 2815 ‹‹
2230 2759 2440 2817 Λάκκον
2519 2758 2690 2838 ὤρυξε
2771 2763 2862 2817 καὶ
2944 2761 3238 2839 ἀνέσκαψεν
3320 2764 3502 2822 αὐτόν.
3566 2790 3597 2820 ››
3681 2799 3754 2812 ~—

2098 2852 2309 2907 Λάκκον
2368 2849 2513 2927 λέγει
2569 2850 2669 2919 τὴν
2748 2852 3003 2927 μηχανὴν
3082 2853 3172 2909 καὶ
3248 2852 3567 2929 ἀνάσκαψιν,
3625 2851 3753 2924 ⁴ἤτοι

2099 2937 2348 3016 δευτέραν
2379 2938 2644 3016 ἀνόρυξιν,
2674 2938 2738 2994 τὸ
2784 2946 2886 3009 τῆς
2957 2947 3211 3018 μηχανῆς
3266 2938 3601 3000 δολιώτατον
3659 2943 3749 3000 καὶ

2104 3028 2423 3105 βαθύτατον.
2499 3034 2678 3084 Πᾶσαν
2756 3027 3093 3103 ἐτεκτήνατο,
3167 3030 3322 3108 φησὶ,
3407 3034 3524 3087 κατ’
3610 3032 3747 3107 ἐμοῦ

2103 3118 2384 3193 μηχανὴν,
2435 3117 2524 3172 καὶ
2584 3117 2816 3196 ἄφυκτον
2875 3117 3066 3191 αὐτὴν,
3119 3119 3180 3174 τό
3236 3142 3297 3197 γε
3342 3120 3477 3190 ἧκον
3536 3121 3611 3185 εἷς
3662 3121 3755 3178 αὐ-

2101 3208 2212 3281 τὸν,
2272 3207 2657 3284 ἀπειργάσατο,
2707 3206 2798 3263 καὶ
2878 3206 3191 3282 ἐμπεσεῖται
3270 3208 3347 3273 εἷς
3428 3210 3621 3288 βόθρον
3696 3212 3757 3269 ’ὸν

2023 3270 2068 3338 C
2104 3296 2410 3374 εἷ’ργάσατο.
2496 3295 2787 3371 Ἐμπίπτει
2864 3302 2982 3361 τοῖς
3086 3297 3250 3353 αὐτοῦ
3357 3302 3752 3377 μηχανήμασιν

2100 3386 2130 3442 6
2162 3381 2447 3461 διάϐολος,
2479 3384 2571 3443 ὅτε
2622 3385 2811 3443 πολλὰ
2859 3386 2995 3443 κατᾶ
3030 3392 3136 3443 τῶν
3196 3392 3329 3444 Θεοῦ
3387 3386 3601 3448 δούλων
3658 3412 3754 3447 συ-

2101 3476 2518 3551 σκευασόμενος,
2602 3474 2663 3531 ἐκ
2731 3477 2944 3532 πάντων
3015 3476 3347 3555 ἀπρακτήσει
3423 3479 3515 3535 καὶ
3585 3500 3750 3556 κατῃ-

2100 3564 2423 3643 σχυμμένος
2456 3565 2832 3642 ὑποχωρήσειο
2878 3567 2980 3637 τὴν
3034 3566 3137 3643 γὰρ
3187 3566 3455 3643 αἰσχύνην
3506 3568 3575 3639 ῆν
3629 3573 3749 3634 τοῖς

2099 3650 2617 3729 ἐπιϐουλευομένοις
2663 3653 2982 3730 ἐμηχανᾶτο
3030 3652 3121 3712 διὰ
3162 3664 3266 3728 τῆς
3308 3656 3577 3732 ἁμαρτίας
3625 3658 3748 3714 ἐπε-

2099 3749 2329 3822 νεγκεῖν,
2362 3743 2651 3801 ἐπισπᾶται
2691 3748 2864 3800 πᾶσαν
2924 3743 3108 3818 αὐτὸς,
3142 3746 3370 3820 μάταιος
3426 3746 3479 3819 ἐξ
3536 3746 3753 3805 ἐκείνων

2101 3832 2514 3910 ἀποκρουσθείς.

2175 3964 2205 3994 ‹‹
2235 3938 2577 4017 Ἐπιστρέψει
2635 3939 2665 3993 6
2720 3937 2889 4002 πόνος
2965 3939 3129 3995 αὐτοῦ
3205 3939 3284 4003 εἷς
3352 3938 3597 4020 κεφαλὴν
3662 3940 3759 3997 αὐ-

2100 4033 2220 4087 τοῦ.
2279 4050 2309 4086 ο
2367 4061 2437 4071 --
2493 4029 2552 4085 Ὀ
2607 4022 2774 4090 πόνος
2828 4029 2887 4084 ’ὀν
2966 4027 3091 4101 ἐμοὶ
3164 4028 3440 4105 προύξένει
3512 4026 3604 4086 διὰ
3656 4037 3759 4101 τῆς

2105 4116 2405 4192 ἀπωλείας,
2458 4119 2823 4195 στραφήσεται
2867 4117 3005 4194 πρὸς
3074 4117 3254 4191 αὐτὸν,
3304 4119 3396 4174 καὶ
3462 4119 3523 4173 τὸ
3588 4117 3761 4195 ἄλγος

2108 4204 2309 4280 δέξεται
2363 4207 2600 4283 καίριον,
2655 4203 2828 4282 ἤγουν
2886 4205 3227 4265 ἀνύποιστον.
3285 4208 3385 4263 Καὶ
3455 4206 3543 4263 ἐπὶ
3599 4228 3762 4283 κορυ-

2109 4299 2216 4377 φὴν
2282 4296 2447 4353 αὐτοῦ
2522 4298 2558 4367 ἠ
2625 4292 2808 4351 ἀδικία
2883 4294 3047 4352 αὐτοῦ
3125 4291 3508 4369 καταϐήσεται.
3568 4296 3671 4355 Καὶ
3727 4300 3764 4369 ἡ

2109 4385 2292 4442 ἀδικία
2321 4387 2384 4456 ἢν
2421 4380 2672 4441 ἔσπευδεν
2711 4381 2967 4457 ἀδικῆσαί
3020 4405 3087 4460 με
3132 4386 3223 4442 καὶ
3265 4390 3364 4442 τοῦ
3408 4385 3546 4461 ἐμοῦ
3599 4385 3769 4443 δεσπό

2106 4497 2206 4532 του
2267 4473 2533 4552 μακρῦναί
2593 4496 2681 4548 με,
2754 4474 2847 4531 καὶ
2915 4482 3019 4546 τῆς
3094 4475 3259 4532 αὐτοῦ
3330 4474 3493 4548 δόξης
3575 4482 3769 4549 θεῖναι,

2110 4566 2307 4622 ἄνωθεν
2372 4564 2435 4620 ἐκ
2481 4566 2669 4643 ψήφου
2717 4564 2864 4629 θείας
2915 4564 2994 4628 εἰς
3040 4564 3202 4621 αὐτὸν
3254 4562 3642 4638 καταϐήσεται,
3680 4566 3772 4621 καὶ

411 4677 440 4706 ι(
473 4651 575 4708 Καὶ
634 4650 686 4707 ἐν
747 4651 895 4726 αὐτῷ
949 4651 1225 4727 ἡτοίμασε
1281 4652 1445 4726 σκεύη
1503 4652 1755 4711 θανάτου.
1788 4677 1819 4708 ››
1877 4657 2001 4713 Τῶν
2030 4646 2077 4711 D
2107 4655 2172 4711 16
2203 4655 2570 4731 μακρυνθῆναι
2598 4657 2733 4709 Θεοῦ
2758 4653 2850 4708 καὶ
2906 4659 3014 4709 τῶν
3073 4659 3173 4710 τοῦ
3228 4661 3383 4729 θεοῦ,
3415 4656 3776 4732 καιριώτατον

338 4740 390 4797 ἐν
446 4746 564 4805 τοῖς
628 4740 815 4818 βέλεσι
868 4740 1151 4821 γλυφίδων
1207 4748 1328 4806 ταῖς
1390 4748 1499 4799 τῶν
1555 4743 1725 4817 τόξων
1782 4749 1999 4819 νευραῖς

340 4829 633 4905 ἐνιεμένων
695 4829 748 4887 ἐν
796 4835 915 4893 τοῖς
962 4831 1142 4903 τόξοις
1187 4830 1563 4906 ἐτοιμάζεσθαι
1606 4834 1676 4888 τὰ
1710 4832 1847 4910 βέλη
1906 4831 1996 4889 λέ-

338 4940 550 4997 γονται·
614 4917 741 4975 ἀλλ’
798 4916 949 4996 εἷ’περ
997 4921 1209 5000 φέροιεν
1269 4922 1349 4977 ἱὸν
1409 4923 1447 4992 ἢ
1504 4925 1637 4999 πῦρ,
1700 4922 1777 4986 ὡς
1830 4923 2001 4978 ταῦτά

337 5030 486 5074 τινες
537 5007 727 5073 αὐτοῖς
787 5009 1096 5084 ἐντιθέασιν,
1157 5011 1210 5068 οἱ
1265 5011 1362 5086 μὶν
1421 5010 1585 5083 ὀξέως
1640 5011 1732 5067 καὶ
1785 5016 1998 5087 πικρῶς

341 5096 572 5173 ἀνελεῖν,
605 5098 659 5154 οἱ
688 5095 747 5154 δὲ
784 5099 1137 5176 πυρπολῆσαι
1188 5100 1538 5177 προθέμενοι,
1568 5100 1694 5157 τότε
1741 5102 1810 5158 τὰ
1861 5100 1998 5179 βέλη

340 5188 433 5245 καὶ
498 5185 663 5259 σκεύη
741 5187 985 5265 γίνονται
1067 5186 1139 5244 δι’
1192 5187 1229 5243 ἃ
1281 5186 1686 5267 περιφέρουσιν.
1745 5189 1905 5246 Ὅθεν
1962 5190 2000 5259 ἡ

342 5277 599 5355 ψαλμικὴ
655 5275 814 5355 ῥῆσις
866 5277 999 5343 τοὺς
1048 5277 1286 5356 τρόπους
1340 5282 1439 5335 τοῦ
1496 5276 1726 5343 θανάτου
1756 5276 1886 5341 τοὺς
1943 5276 2007 5334 ἐκ

339 5376 442 5441 τῆς
498 5367 644 5432 θείας
698 5367 871 5446 ὀργῆς
917 5370 1011 5425 καὶ
1072 5367 1209 5446 βέλη
1258 5369 1352 5425 καὶ
1416 5367 1580 5440 σκεύη
1644 5369 1874 5425 θανάτου
1921 5369 2007 5425 κέ-

340 5458 519 5531 κληκε
580 5462 979 5538 μεταφορικῶς.
1040 5457 1199 5536 Λέγει
1255 5463 1388 5534 γοῦν
1447 5457 1538 5514 καὶ
1597 5457 1650 5514 ἐν
1726 5458 1873 5532 αὐτῷ
1925 5463 2007 5533 τῷ

340 5547 485 5623 τόξῳ
542 5547 771 5606 θανάτου
830 5547 1073 5622 τρόπους
1139 5547 1429 5622 ἡτοίμασε,
1489 5554 1595 5623 γῆς
1672 5548 2003 5624 συγχώσεις,

342 5637 515 5713 πυρὸς
623 5635 954 5717 φλογώσεις,
1068 5633 1262 5700 ὕδατος
1378 5635 1733 5709 ἐπικλύσεις,
1846 5637 2004 5714 ἀέρος

347 5727 577 5805 φθορὰς,
655 5727 754 5790 τὰς
857 5724 920 5784 ἐκ
1005 5725 1293 5804 πολεμίων
1376 5726 1606 5810 σφαγὰς,
1666 5726 1759 5787 καὶ
1830 5733 2005 5787 πᾶσαν

637 5855 908 5922 Pauor.
955 5857 1070 5925 Gn.
1114 5856 1350 5926 CXLII.

2107 4744 2456 4821 κληρώσεται
2512 4742 2605 4799 καὶ
2660 4741 2980 4821 ἀκρότατον*
3039 4743 3250 4821 καίριον
3315 4745 3411 4819 μὲν
3471 4746 3579 4822 γὰρ
3622 4747 3658 4812 ἡ
3688 4764 3774 4802 κε.

2110 4832 2283 4913 φαλή,
2314 4834 2377 4888 τὸ
2408 4833 2500 4887 ἀπ’
2529 4830 2760 4909 αὐχένος
2808 4828 2920 4887 ἅνω
2978 4830 3168 4904 διῆκον
3221 4833 3391 4911 μέρος
3434 4838 3534 4890 τοῦ
3582 4834 3772 4908 σώμα-

2106 4942 2220 4986 τος·
2251 4925 2314 4979 τὸ
2345 4920 2405 4978 δὲ
2452 4921 2657 4993 ταύτης
2708 4918 2874 4997 ἄκρον
2932 4924 2968 4993 ἡ
3033 4924 3245 5002 κορυφή
3304 4924 3666 5001 καιριώτατον
3722 4922 3774 4979 ἐν

2108 5014 2154 5087 ᾧ
2182 5012 2273 5069 καὶ
2304 5013 2332 5068 6
2363 5008 2687 5091 ἐγκέφαλος,
2721 5009 2840 5076 ὅθεν
2875 5007 3124 5083 αἴσθησις
3183 5018 3328 5068 πᾶσα
3382 5012 3474 5069 καὶ
3532 5011 3781 5081 κίνησις-

2113 5102 2213 5158 Διά
2264 5101 2476 5158 τούτων
2538 5097 2598 5155 δὲ
2651 5101 2717 5155 τὰ
2775 5098 3004 5175 ἐσόμενα
3039 5099 3189 5177 λέγει
3225 5099 3441 5176 μᾶλλον
3472 5101 3509 5173 ἢ
3569 5100 3780 5178 ἐπαρᾶ-

2109 5210 2219 5248 ται·
2279 5194 2359 5264 τῷ
2412 5183 2659 5262 διαϐόλῳ
2712 5188 2818 5265 γὰρ
2873 5189 2963 5246 καὶ
3019 5195 3138 5253 τοῖς
3176 5189 3434 5269 ἀγγέλοις
3492 5189 3660 5248 αὐτοῦ
3712 5190 3778 5246 τὸ

2112 5281 2335 5337 αἰώνιον
2392 5278 2720 5353 ἡτοίμασται
2766 5283 2875 5355 πῦρ
2934 5279 2964 5334 ὃ
3016 5276 3084 5349 δὴ
3117 5279 3207 5335 καὶ
3256 5278 3450 5343 σκότος
3509 5278 3774 5357 ἐξώτερον

2111 5370 2202 5427 καὶ
2255 5370 2462 5445 μακρὰν
2511 5369 2685 5439 πάντη
2717 5366 2862 5431 θείας
2918 5367 3243 5439 ἐπισκοπῆς.
3303 5392 3333 5422 ››
3386 5367 3777 5443 Έξομολογή.

2115 5480 2281 5535 σομαι
2356 5458 2437 5531 τῷ
2494 5456 2676 5535 Κυρίῳ
2731 5458 2868 5512 κατά
2931 5458 3030 5528 τὴν
3087 5457 3436 5529 δικαιοσύνην
3496 5457 3684 5515 αὐτοῦ.
3747 5481 3776 5509 ι)

2113 5551 2220 5620 Τὴν
2252 5552 2330 5621 τῷ
2382 5542 2629 5619 διαϐόλῳ
2671 5544 2762 5602 καὶ
2821 5550 2937 5609 τοῖς
2998 5546 3252 5621 δαίμοσιν
3309 5545 3783 5624 ἐπαχθησομένην

2114 5637 2340 5696 κόλασίν
2393 5657 2453 5692 τε
2506 5635 2596 5691 καὶ
2650 5635 2886 5690 κάκωσιν
2935 5635 3070 5713 ἀρᾶς
3117 5635 3273 5711 τύπῳ
3332 5633 3785 5713 διηγησάμενος,

2115 5727 2518 5807 Εὐχαριοτήσω
2586 5724 2793 5805 Κυρίῳ,
2842 5725 3030 5806 φησὶν,
3078 5724 3254 5784 ἕνεκεν
3304 5733 3409 5799 τῆς
3473 5726 3643 5783 αὐτοῦ
3701 5722 3784 5780 δι·-

3424 5856 3504 5915 43
