4072 6426
282 373 443 476 1858

1534 392 1962 459 NICEPHORI
2005 389 2449 453 BLEMMIDE

3545 385 3709 447 1356

282 542 593 614 καιοσύνης,
628 537 711 595 6'1:
750 538 818 594 τά
863 536 980 592 κατ’
1011 532 1158 605 ἀξίαν
1210 529 1575 607 άπεπλήρωσε
1618 531 1736 590 τοῖς
1791 523 1930 580 ἀλά-
1961 530 2018 598 Α
2047 528 2147 592 σῆς
2183 518 2682 614 μεγαλουργίας-ἡ·
2711 519 2872 593 ἀρετή
2906 517 2997 574 καὶ
3067 515 3338 614 ὑπεράνω.
3363 520 3472 614 τῶν
3536 518 3707 614 ηὕρα-

284 651 523 778 “(Falli
576 719 738 795 ψαλῶ
789 721 870 790 τῷ
927 713 1155 788 ὀνόματι
1213 710 1412 787 Κυρίου
1463 713 1561 765 τοῦ
1621 707 1932 795 ὑψιστου.υ

282 846 352 860 --—
401 811 502 868 Καὶ
559 791 722 885 ψαλῶ
782 803 872 862 διὰ
952 807 1052 874 τὴν
1136 801 1395 872 τοιαύτην
1461 795 1802 867 δικαιοσύνην
1859 791 1938 866 τῷ

284 901 471 980 Κυρίῳ
498 882 583 971 τῷτ
629 896 836 972 ὑψίστῳ
891 895 1348 971 περιφραστικῶς,
1379 886 1503 959 ήτοι
1559 884 1654 980 διὰ
1702 882 1936 980 ψαλμῶν

285 971 452 1048 αἶνόν-
518 985 801 1065 προσοίσω
883 985 975 1039 τὸν
1063 981 1449 1058 Χαριστήριον.
1503 976 1680 1065 ᾼέγει-
1735 971 1793 1028 δὲ
1836 972 1938 1065 ,τὸν

284 1079 486 1156 Κύριον
565 1060 816 1150 ίίίψιστον,
884 1073 960 1134 ὡς
1040 1072 1181 1144 ὁμοῦ
1264 1068 1480 1156 πάντων
1535 1064 1591 1156 ἐς
1658 1060 1941 1156 ἀπειράκις

288 1148 510 1245 ἄπειρον
597 1148 965 1240 ὑψηλότατον,
1022 1161 1201 1230 πάσης
1283 1155 1432 1231 ἀξίας
1504 1153 1629 1245 καὶ-
1668 1148 1944 1245 βασιλείας

286 1256 381 1315 καὶ
420 1239 850 1332 ’κραταιότητος
896 1251 1075 1322 πάσης
1135 1245 1297 1318 δόξης
1354 1265 1413 1302 τε
1466 1243 1556 1301 καὶ
1615 1239 1943 1332 λαμπρότη-

286 1365 406 1418 τος,
461 1331 640 1415 πάσης
695 1339 885 1420 σοφίας
933 1338 1023 1395 καὶ
1079 1341 1270 1414 νοερᾶς
1355 1332 1710 1409 ἐξοχότητος,
1767 1331 1946 1400 πάσης

294 1432 691 1514 μεγαλοσύνης,
722 1431 901 1500 πάσης
963 1424 1323 1502 ὑμνολογίας,
1382 1424 1560 1514 πάσης
1614 1424 1806 1514 τιμῆς,
1846 1420 1945 1514 τῆς

291 1509 345 1596 ἐξ
373 1509 695 1600 ἀνθρώπων,
725 1527 828 1590 τῆς
860 1518 911 1589 ἐξ
953 1515 1220 1594 ἀγγέλων,
1249 1515 1348 1583 τῆς
1379 1511 1431 1582 ἐξ
1472 1509 1625 1600 ὅλης
1659 1510 1801 1581 ὁμοῦ
1846 1513 1944 1575 τῆς

289 1613 540 1685 κτίσεως,
571 1610 662 1667 καὶ
720 1613 814 1664 νῦν
869 1605 960 1663 καὶ
1018 1604 1103 1660 ἀεὶ
1157 1601 1248 1659 καὶ
1305 1601 1382 1665 εἷς
1420 1600 1548 1664 τοὺς
1581 1599 1776 1660 αἰῶνας
1841 1599 1950 1651 τῶν

290 1701 528 1760 αἰώνων.
560 1700 768 1773 Ἀμήν.

907 1805 1205 1860 ΨΑΛΜΟΣ
1243 1801 1323 1856 Η’.

369 1921 486 1974 «Ἥ
541 1917 640 1970 τοῦ
698 1913 934 1990 Χριστοῦ
994 1906 1372 1983 θαυμαστότης
1417 1902 1654 1983 ἄρρητός
1682 1901 1794 1957 ἐστι
1851 1899 2028 1976 πά-Β

296 2027 361 2082 σῃ
416 2003 572 2084 φύσει
629 1999 721 2058 καὶ
780 1997 1188 2072 ἀκατάληπτος.
1222 2019 1251 2050 ››
1283 1991 1422 2055 Οὔτε
1476 1996 1580 2072 γὰρ
1643 1993 1947 2068 ἄνθρωπος,

292 2077 390 2150 κάν
429 2077 522 2156 ἐίς
580 2089 742 2168 ἄκρον
797 2086 882 2161 εἴη
942 2085 1134 2166 σοφίας
1193 2082 1515 2166 ἀφιγμένος,
1549 2077 1947 2156 σὺτ’ἅγγελος,

296 2180 348 2240 εἷ’
370 2180 461 2240 καὶ
487 2184 598 2239 τῶν
630 2179 888 2236 ἀνωτάτω
911 2176 1002 2233 καὶ
1031 2180 1248 2256 πρῶτος
1282 2174 1462 2244 οὗτος,
1489 2183 1501 2243 '_
1517 2169 1764 2241 ἐννοῆσαί
1820 2187 1953 2223 ποτε

295 2272 360 2330 τὸ
426 2269 630 2345 ταύτης
705 2264 948 2343 ίσχύσειε
1025 2266 1272 2344 μέγεθος,
1333 2263 1498 2337 μήτοι
1555 2261 1644 2316 καὶ
1694 2255 1950 2333 διαγάσα-

298 2371 442 2426 σθαι.
474 2359 628 2430 Πλὴν
658 2357 957 2436 ἀχαρίστου
1001 2354 1210 2434 τρόπου
1251 2351 1342 2409 καὶ
1393 2345 1712 2421 ἀποϐλήτου
1749 2347 1812 2436 τὸ
1873 2347 1950 2420 μὴ

296 2449 434 2506 κατά
486 2449 549 2506 τὸ
603 2435 882 2525 ἐγχωροῦν
953 2443 1120 2512 αὐτὴν
1208 2441 1473 2515 ἐξυμνεῖν.
1535 2436 1694 2494 Ἀλλ’
1750 2435 1832 2491 6'1:
1887 2435 1952 2490 16

296 2538 413 2596 κατ’
453 2537 596 2610 ἀξίαν
631 2534 914 2603 ἀδύνατον,
953 2530 1063 2604 ἤδη
1117 2531 1207 2588 καὶ
1261 2531 1324 2587 τὸ
1377 2528 1569 2605 μικρὸν
1619 2527 1694 2604 μὴ
1753 2527 1954 2600 προσά-

297 2649 411 2706 γειν
463 2627 554 2683 καὶ
617 2627 855 2702 μέτριον,
912 2627 1073 2679 τοῦτο
1130 2621 1220 2677 καὶ
1270 2621 1298 2675 6
1346 2618 1702 2694 προκείμενος
1758 2610 1951 2692 ὄγδοος

299 2705 544 2797 ἐμφαίνει
576 2713 818 2792 ψαλμὸς,
855 2713 1193 2788 ὑμνητήριος
1225 2707 1297 2765 ὢν
1350 2709 1426 2772 είς
1471 2708 1628 2763 αὐτὸν
1677 2705 1950 2774 Δεσπότην

297 2795 548 2884 Χριστόν.
581 2804 848 2881 Ἀπείρων
888 2803 992 2879 γὰρ
1031 2796 1200 2856 ὄντων
1253 2799 1303 2854 ἐν
1359 2801 1576 2874 Χριστῷ
1630 2799 1738 2850 τῶν
1791 2795 1953 2870 ὑπερ-

300 2900 472 2976 φυῶν,
509 2893 767 2970 μνησθεὶς
797 2892 888 2948 καὶ
922 2889 1334 2968 ὑπερθαυμάσας
1374 2886 1434 2943 ἐκ
1472 2885 1680 2942 τούτων
1727 2885 1826 2953 τήν
1858 2886 1955 2938 τοῦ

300 2974 506 3064 Κυρίου
550 2980 972 3060 μεγαλειότητα,
1004 2980 1096 3035 τὸν
1129 2978 1297 3054 ὕμνον
1325 2974 1634 3064 κεφαλαιοῖ.

369 3072 599 3152 «Κύριε
654 3073 683 3127 6
734 3070 933 3149 Κύριος
986 3072 1172 3144 ἡμῶν.
1235 3093 1257 3122 ιι
1321 3100 1390 3110 ν-
1449 3063 1691 3152 Κυριεύει
1777 3063 1956 3152 πάσης

303 3164 445 3238 ὁμοῦ
501 3159 784 3223 κτίσεωςὸ
832 3156 1064 3235 Χριστός
1119 3157 1193 3219 ὡς
1248 3157 1376 3218 Θεὸς
1431 3157 1523 3210 καὶ
1581 3151 1947 3228 δημιουργός’

304 3249 453 3308 ἀλλά
505 3249 596 3306 καὶ
649 3249 726 3312 ὡς
784 3244 1068 3324 ἅνθρωπος
1124 3251 1231 3301 τῶν
1279 3243 1579 3322 γεγονότων
1613 3239 1758 3297 ὅλων
1785 3239 1954 3316 γινώ-

305 3361 485 3396 σκεται
514 3338 704 3416 κύριος
737 3335 828 3394 διὰ
854 3339 953 3407 τήν
982 3333 1198 3393 ἕνωσιν.
1237 3356 1260 3385 ιι
1293 3331 1484 3402 Ἐδόθη
1523 3352 1614 3408 μοι
1640 3331 1767 3408 γὰρ,
1800 3328 1955 3406 φησὶ,

305 3435 451 3486 πᾶσα
503 3427 714 3502 ἐξουσία
767 3427 819 3482 ἐν
875 3425 1089 3503 οὐρανῷ
1143 3423 1232 3479 καὶ
1282 3421 1368 3478 ἐπὶ
1399 3429 1526 3499 γῆς.
1562 3444 1591 3472 ››
1622 3419 1818 3496 Κύριος
1866 3416 1956 3473 καὶ

303 3523 412 3576 τῶν
476 3520 680 3574 πιστῶν
713 3515 1022 3592 ὁΧριστὸς,
1079 3512 1216 3569 κατά
1271 3533 1331 3568 τε
1369 3512 1460 3566 τὸν
1513 3509 1800 3585 εἰρημένον
1861 3506 1958 3564 λό-

299 3628 417 3683 γον,
449 3605 540 3661 καὶ
571 3611 686 3660 κατ’
743 3603 1052 3680 ἐπίγνωσιν·
1116 3600 1254 3656 ὥστε
1306 3598 1459 3672 διττή
1513 3599 1651 3654 ἐστιν
1710 3597 1760 3653 ἐν
1818 3599 1953 3671 ἡμῖν

296 3699 332 3767 ἡ
365 3694 626 3772 κυριότης
674 3692 860 3750 αὐτοῦ.
895 3692 1046 3750 Κατᾶ
1093 3691 1185 3765 μὲν
1234 3688 1325 3746 οὐν
1375 3691 1466 3745 τὸν
1513 3692 1729 3766 πρῶτον
1792 3685 1952 3764 λόγον

291 3787 385 3841 καὶ
442 3781 711 3840 θελόντων
765 3780 858 3839 καί
924 3783 999 3856 μὴ
1086 3775 1372 3848 θελόντων,
1435 3776 1681 3847 δεσπόζει
1737 3777 1953 3832 πάντων

290 3873 542 3950 Χριστός·
603 3873 738 3928 κατὰ
795 3870 854 3927 δὲ
909 3871 1002 3927 τὸν
1062 3868 1225 3946 λόγον
1278 3877 1379 3940 τῆς
1438 3867 1778 3944 ἐπιγνώσεως
1813 3867 1955 3941 αἳρε-

289 3965 355 4035 τή
417 3963 558 4019 ἐστιν
617 3963 653 4032 ὴ
715 3965 951 4036 Χριστοῦ
1020 3957 1306 4015 δεσποτεία
1360 3963 1476 4020 τοῖς
1557 3955 1647 4012 διὰ
1719 3955 1954 4018 πίστεως

286 4051 654 4129 ἐπεγνωκόσιν
711 4049 896 4108 αὐτόν’
956 4047 1040 4105 6'1:
1097 4047 1252 4128 φύσει
1332 4045 1607 4116 δεσπόζων
1684 4045 1774 4100 καὶ
1850 4043 1954 4099 Κύ-

289 4161 428 4216 ριος.
487 4140 556 4196 Τὸ
615 4139 778 4217 Κύριε
829 4141 1118 4216 τοιγαροῦν
1177 4143 1279 4208 τῆς
1357 4135 1548 4198 ἁπλῶς
1625 4133 1952 4208 κυριότητος

287 4232 522 4287 τέθειται
603 4227 1021 4306 παραστατικὸν,
1081 4233 1182 4297 τῆς
1241 4225 1318 4288 εἷς
1370 4225 1475 4281 ὅλα
1539 4225 1606 4298 τὰ
1660 4222 1948 4297 κτίσματα·

285 4320 350 4374 τὸ
383 4316 430 4374 δ’
461 4319 488 4375 6
519 4318 722 4394 Κύριος
761 4320 945 4392 ἡμῶν,
979 4322 1079 4387 τῆς
1107 4313 1438 4392 ῗδιοτρόπως
1485 4313 1562 4376 είς
1618 4315 1768 4387 ἡμᾶς
1821 4309 1951 4373 τοὺς

287 4407 516 4471 πιστοὺς
567 4408 607 4477 ἢ
664 4407 754 4462 καὶ
809 4407 926 4462 κατ’
979 4405 1268 4484 ἐπίγνωσιν
1326 4403 1417 4459 καὶ
1505 4403 1622 4458 κατ’
1678 4401 1950 4457 οἰκείωσιν

289 4496 528 4575 λέγεταιο
562 4498 681 4552 κατ’
706 4495 993 4572 ἐπίγνωσιν
1047 4497 1209 4568 ἡμῶν
1269 4494 1406 4571 πρὸς
1457 4491 1637 4563 αὐτὸν,
1697 4493 1812 4546 κατ’
1871 4490 1948 4545 οἰ-

282 4586 503 4641 κείωσιν
537 4585 702 4641 αὐτοῦ
732 4586 868 4658 πρὸς
900 4587 1072 4658 ἡμᾶς.

2045 616 2152 667 νῶν
2196 612 2528 688 ὑπερυψώθη
2589 609 2695 664 ἀπὸ
2749 615 2849 678 τῆς
2908 614 3030 684 γῆς·
3095 605 3228 683 ἔργα
3278 607 3382 682 γὰρ
3443 605 3708 677 ἐποίησας

2047 703 2138 758 καὶ
2195 707 2371 764 ποιεῖς
2422 698 2824 778 ὑπερφυέστατα
2883 698 2972 754 καὶ
3043 697 3126 752 σοὶ
3191 696 3340 772 μόνῳ
3397 701 3478 769 τῷ
3536 693 3709 761 ὅντως

2055 790 2279 868 μεγάλῳ
2310 789 2607 867 πρέποντα⁸
2654 783 2788 864 ἔργα
2836 785 2894 842 δὲ
2939 790 3172 863 Χριστοῦ
3220 788 3289 841 τά
3337 807 3396 840 τε
3441 783 3713 861 διδάγμα-

2048 903 2136 954 τα,
2178 881 2244 936 τά
2289 901 2348 936 τε
2394 878 2662 952 θαύματα.
2707 882 2794 950 Τῷ
2847 875 3084 949 τοιούτῳ
3148 874 3298 952 ῥητῷ
3346 873 3561 947 συνᾴδει
3620 876 3714 931 καὶ

2049 970 2113 1025 τὸ
2155 973 2252 1025 τοῦ
2321 963 2659 1042 Ἀϐϐακοὺμ,
2714 990 2743 1020 ‹‹
2790 968 3086 1040 Ἐκάλυψεν
3147 964 3409 1039 οὐρανοὺς
3457 967 3494 1035 ἡ
3545 965 3712 1042 ἀρετὴ

2053 1059 2239 1117 αὐτοῦ.
2276 1083 2298 1114 ι
2338 1061 2610 1116 Τοσοῦτον
2659 1052 2776 1133 ἔχει
2825 1057 2887 1112 τὸ
2926 1062 3028 1126 τῆς
3081 1053 3241 1127 δόξης
3282 1055 3443 1130 ὕψος,
3476 1056 3512 1124 ἡ
3545 1054 3714 1131 ἀρετή

2050 1153 2148 1205 τοῦ
2195 1150 2454 1227 Χριστοῦ,
2486 1149 2522 1218 ἡ
2576 1145 3038 1225 μεγαλοπρέπεια.
3083 1143 3308 1220 Νομίζω
3358 1141 3406 1200 δ’
3453 1143 3566 1220 ἐγὼ
3622 1143 3717 1200 καὶ

2052 1239 2308 1314 περὶτῆς
2359 1235 2685 1307 δεσποτικῆς
2729 1233 3058 1310 ἀναλήψεως
3107 1234 3159 1289 ἐν
3205 1234 3352 1307 αὐτῷ
3401 1227 3714 1309 διαλαμϐά-

2052 1350 2159 1385 νειν
2205 1329 2268 1384 τὸ
2313 1327 2670 1404 προκείμενον
2717 1323 3016 1401 ψαλμικόν.
3067 1324 3214 1380 Κατὰ
3256 1328 3450 1382 τοῦτον
3496 1320 3588 1379 οὐν
3619 1322 3710 1379 τὸν

2055 1416 2220 1494 λόγον
2268 1419 2329 1473 τὸ
2376 1418 2470 1492 μὶν
2514 1419 2550 1488 ἡ
2601 1413 3043 1492 μεγαλοπρέπειά
3108 1435 3203 1470 σου
3269 1414 3497 1484 νοητέον
3563 1411 3709 1490 εῗρῆ-

2059 1519 2180 1573 σθαι
2211 1507 2348 1563 κατὰ
2375 1505 2723 1586 περίφρασιν,
2752 1505 2814 1560 τὸ
2855 1502 2901 1559 δ’
2951 1502 3080 1560 ὅλον
3131 1502 3275 1560 οὕτω
3334 1502 3703 1583 σαφηνιστέονο

2059 1597 2142 1655 6'1:
2201 1597 2482 1671 Ἐπήρθης
2540 1595 2630 1652 καὶ
2715 1595 2940 1668 ὑψώθης
3019 1595 3047 1648 6
3139 1593 3565 1671 μεγαλοπρεπὴς
3621 1592 3712 1648 καὶ

2063 1684 2469 1764 μεγαλουργὸς,
2503 1685 2532 1740 6
2583 1688 2687 1738 τῶν
2738 1682 2982 1755 ἐξαισίων
3035 1681 3124 1738 καὶ
3177 1683 3461 1760 ὑπερφυῶν
3521 1684 3717 1754 θεοση-

2065 1779 2205 1850 μιῶν
2255 1773 2575 1850 αὐτουργὸς,
2606 1773 2669 1828 οὗ
2709 1771 2872 1850 χάρις
2922 1772 2974 1827 ἐν
3024 1769 3267 1850 χείλεσιν
3333 1770 3560 1848 ἐξεχύθη
3633 1769 3718 1826 δι-

2063 1863 2377 1935 δάσκοντος,
2409 1863 2508 1919 οὐκ
2537 1863 2615 1925 εἷς
2661 1864 2724 1918 τὸ
2782 1861 3062 1938 στερέωμα
3127 1861 3286 1936 μόνον
3345 1861 3436 1917 τὸν
3496 1865 3719 1939 πρῶτον

2057 1956 2195 2033 πρὸς
2273 1956 2423 2030 ἡμᾶς
2505 1952 2752 2027 οὐρανὸν,
2815 1950 2930 2008 οὐδ’
2990 1951 3120 2008 αὐτὸ
3185 1947 3396 2025 διαϐάς,
3475 1952 3552 2014 εἷς
3621 1951 3720 2007 τὸν

2059 2044 2317 2101 ἀνωτάτω
2363 2045 2704 2116 κατήντησας
2769 2041 3018 2120 οὐρανὸν,
3067 2039 3214 2097 ἀλλᾶ
3271 2039 3723 2120 διαπεφοιτηκὼς

2057 2135 2150 2190 καὶ
2213 2135 2372 2191 αὐτὸν
2443 2134 2692 2210 ὑπεράνω
2753 2133 2844 2189 καὶ
2909 2130 3231 2211 ἀμφοτέρων
3301 2136 3408 2187 τῶν
3469 2130 3719 2207 οὐρανῶν

2060 2222 2423 2297 ἀνελήλυθας,
2499 2229 2669 2279 πᾶσαν
2764 2222 2864 2292 τὴν
2939 2221 3109 2278 κτίσιν
3200 2215 3721 2298 ὑπεραναϐεϐηκὼς,

2065 2315 2199 2389 μετά
2254 2315 2532 2388 σώματος,
2582 2313 2659 2376 ὡς
2719 2309 2982 2382 δεσπότης
3039 2311 3104 2367 τὸ
3162 2309 3291 2366 ὅλον
3348 2313 3563 2383 ἁπάσης
3619 2317 3726 2381 τῆς

2058 2403 2304 2468 κτίσεως.
2352 2429 2381 2458 ‹‹
2432 2405 2524 2460 Ἐκ
2595 2402 2862 2477 στόματος
2941 2401 3156 2472 νηπίων
3214 2400 3305 2456 καὶ
3367 2400 3719 2472 θηλαζόντων

2059 2493 2371 2566 κατηρτίσω
2418 2493 2589 2550 αἶνον.
2624 2517 2654 2546 ››
2685 2497 2852 2548 Αῖνον
2913 2491 3345 2567 κατηρτισμένον
3406 2489 3724 2568 ἀπειργάσω

2059 2581 2151 2637 καὶ
2208 2579 2418 2636 τέλειον
2477 2579 2567 2636 καὶ
2643 2580 2902 2658 βρεφικῆς
2979 2577 3220 2642 διανοίας
3290 2578 3381 2635 καὶ
3458 2580 3724 2655 γλώττης

2065 2670 2376 2746 ὑπέρτερον.
2409 2671 2487 2728 T6
2547 2667 2604 2725 δὲ
2659 2671 2839 2743 θαῦμα
2901 2669 3240 2726 καινότατον·
3276 2669 3337 2724 οὐ
3392 2668 3557 2742 μόνον
3615 2669 3721 2746 γὰρ

2059 2763 2252 2831 νήπιοι
2299 2761 2389 2816 καὶ
2435 2757 2760 2830 θηλάζοντες
2812 2758 2890 2814 ἔτι
2936 2756 3126 2823 παῖδες
3158 2754 3320 2834 ᾔνουν
3365 2759 3457 2816 τὸν
3522 2759 3720 2835 Κύριον

2063 2849 2326 2923 εὐκρινῶς
2406 2847 2720 2921 λαλοῦντες,
2792 2845 3060 2925 διατόρως
3136 2848 3426 2924 κράζοντες
3509 2845 3723 2911 τελείας

2065 2940 2286 3017 ῥήματα
2338 2938 2612 3014 γνώσεως,
2673 2935 2819 2994 ἀλλά
2873 2936 2964 2994 καὶ
3016 2936 3093 3000 ὡς
3140 2937 3269 2994 Θεὸν
3320 2933 3482 3012 ᾔνουν
3535 2937 3718 3008 αὐτὸν,

2063 3029 2154 3085 καὶ
2213 3025 2498 3105 θεολογίας
2565 3027 2790 3103 ἀρίστης
2865 3024 3221 3104 ἀπήγγελλον
3301 3025 3568 3104 δόγματα·
3626 3025 3714 3082 διὰ

2060 3123 2223 3176 τοῦτο
2281 3117 2371 3173 καὶ
2421 3119 2473 3172 οἱ
2520 3117 2796 3194 ἀρχιερεῖς
2845 3118 2936 3172 καὶ
2974 3117 3027 3172 οἱ
3057 3123 3403 3194 γραμματεῖς
3432 3116 3712 3179 ἀκούοντες

2064 3205 2469 3283 ἠγανάκτησανο
2523 3207 2587 3263 τὸ
2663 3205 2788 3282 γὰρ,
2851 3228 2874 3258 α
2921 3206 3146 3262 Ὡσαννά
3194 3208 3224 3262 6
3261 3206 3317 3262 ἐν
3371 3207 3634 3282 ὑψίστοις,
3684 3229 3714 3258 »

2067 3297 2315 3353 τοιοῦτύν
2365 3296 2497 3353 ἐστι·
2550 3300 2735 3352 Σῶσον
2788 3293 2856 3366 δὴ
2905 3297 2932 3350 ὁ
2983 3296 3034 3352 ἐν
3083 3295 3358 3373 οὐρανοῖς,
3391 3297 3420 3352 6
3470 3294 3725 3376 φαινόμε-

2065 3407 2157 3451 νος
2215 3386 2302 3442 ἐπὶ
2358 3389 2459 3464 γῆς
2518 3386 2593 3449 ὡς
2655 3383 2956 3462 ἄνθρωπος,
2986 3385 3076 3442 καὶ
3109 3382 3180 3442 ὢν
3215 3386 3267 3443 ἐν
3325 3391 3444 3449 τοῖς
3474 3386 3725 3463 οὐρανοῖς

2067 3478 2142 3540 ὡς
2200 3476 2351 3540 Θεός.
2391 3500 2412 3528 ι
2465 3475 2860 3551 Εὐλογημένος
2920 3476 2948 3530 6
3008 3475 3315 3552 ἐρχόμενος
3375 3475 3426 3531 ἐν
3493 3475 3728 3549 ὀνόματι

2067 3566 2290 3643 Κυρίου.
2336 3585 2363 3617 η
2418 3563 2711 3643 Εὐφημίας
2760 3563 2904 3638 ἄξιος
2955 3564 2984 3619 ὁ
3031 3563 3122 3619 καὶ
3189 3565 3344 3629 αὖθις
3401 3563 3726 3641 ἐρχόμενος,

2068 3653 2156 3711 ἐπὶ
2202 3659 2283 3727 τῷ
2335 3659 2514 3731 κρῖναι
2567 3653 2659 3708 τὸν
2728 3652 2935 3728 κόσμον
2987 3653 3062 3716 ὡς
3094 3652 3312 3730 Κύριος·
3351 3651 3491 3710 διότι
3551 3650 3730 3726 ὅνομά

2066 3765 2153 3799 σοι
2209 3742 2432 3820 Κύριος.
2486 3745 2648 3798 Ὥστε
2702 3741 2791 3797 καὶ
2852 3749 3073 3820 σωτῆρα
3116 3741 3205 3798 καὶ
3233 3742 3362 3799 Θεὸν
3392 3743 3482 3798 καὶ
3528 3745 3726 3820 κριτήν

2063 3832 2152 3888 καὶ
2211 3831 2407 3909 Κύριον
2469 3831 2798 3908 ὡμολόγουν
2860 3833 2912 3887 οἱ
2961 3833 3175 3903 νήπιοι,
3241 3833 3333 3888 καὶ
3390 3831 3729 3903 θηλάζοντες

2067 3922 2278 3998 μεγάλῃ
2344 3925 2552 3999 κραυγῇ
2627 3923 2717 3978 τὸν
2794 3921 3043 3999 Χριστόν·
3115 3921 3234 3988 ὅθεν
3311 3922 3362 3978 οἱ
3447 3922 3731 3999 ἀρχιερεῖς

2062 4011 2152 4066 κοιῖ
2184 4012 2236 4066 οἱ
2267 4016 2611 4088 γραμματεῖς
2667 4013 2768 4082 τήν
2816 4010 3072 4083 τοιαύτην
3107 4011 3206 4067 οὐκ
3257 4009 3506 4089 ἔστεργον
3578 4009 3724 4068 αἰκε-

2062 4120 2166 4174 σιν,
2219 4101 2309 4155 καὶ
2372 4100 2589 4174 μάλισθ’
2649 4100 2731 4157 6'1:
2789 4101 2884 4157 κάν
2939 4105 3018 4174 τῷ
3068 4102 3201 4178 ἱερῷ
3249 4098 3487 4157 ἐτελεῖτο
3517 4102 3646 4176 παρ’
3677 4103 3724 4175 ᾧ

2065 4189 2229 4262 μόνος
2278 4190 2307 4245 6
2355 4190 2489 4253 Θεὸς
2562 4188 2881 4264 αἷνούμενος
2936 4190 3005 4260 ἦν
3061 4190 3152 4247 καὶ
3209 4190 3492 4269 παρρησίᾳ
3545 4189 3725 4248 πολυ-

2059 4277 2308 4351 πληθοῦς
2337 4280 2691 4355 ἀκροωμένου
2722 4277 2880 4338 λαοῦ.

2135 4429 2157 4456 α
2192 4410 2386 4460 Ἕνεκα
2441 4408 2548 4462 τῶν
2605 4404 2818 4483 ἐχθρῶν
2869 4426 2969 4461 σου
3018 4409 3114 4462 τοῦ
3171 4403 3470 4462 καταλῦσαι
3522 4405 3722 4484 ἐχθρὸν

2055 4492 2144 4548 καὶ
2205 4492 2571 4564 ἐκδικητικόν.
2608 4495 2836 4551 ››--Οὐ
2893 4495 3032 4570 πρὸς
3087 4497 3170 4570 τὸ,
3205 4521 3237 4549 «
3294 4497 3392 4553 Ἐκ
3446 4495 3724 4569 στόματος

2055 4583 2268 4652 νηπίων
2325 4583 2417 4638 καὶ
2457 4579 2809 4654 θηλαζόντων
2856 4583 3171 4660 κατηρτίσω
3220 4584 3368 4640 αἶνον
3404 4611 3427 4639 ιι
3463 4585 3725 4663 ἀναφέρε-

358 4700 388 4728 ‹‹
415 4678 506 4738 Ὡς
538 4657 846 4748 θαυμαστὸν
877 4657 956 4729 τὸ
984 4669 1161 4746 ὄνομά
1216 4692 1312 4726 σου
1369 4669 1420 4726 ἐν
1461 4669 1605 4744 πάσῃ
1659 4672 1728 4744 τῇ
1916 4693 1944 4721 ››
1979 4657 2024 4722 D
2051 4692 2140 4727 ται
2190 4675 2374 4728 τοῦτο·
2441 4671 2591 4729 ἀλλὰ
2668 4674 2807 4750 πρὸς
2880 4673 2966 4743 τὸ,
3004 4657 3047 4727 ⁷‹‹
3089 4674 3334 4751 Ἐτσήρθη
3380 4676 3416 4745 ἡ
3477 4657 3725 4750 μεγαλο-

288 4795 358 4809 --
388 4762 520 4820 Λίαν
580 4763 691 4819 ἐστὶ
749 4761 1057 4837 θαυμαστὸν
1114 4762 1177 4816 τὸ
1232 4756 1410 4835 ὄνομά
1464 4781 1560 4815 σου
1594 4757 1645 4814 ἐν
1692 4757 1810 4832 ὅλῳ
1863 4762 1944 4832 τῷ

283 4852 500 4928 κόσμῳ.
532 4849 622 4908 διὰ
675 4851 771 4914 τὰς
819 4848 1167 4912 διδασκαλίας
1219 4870 1337 4921 σου,
1372 4847 1463 4904 διὰ
1515 4847 1610 4911 τὰς
1647 4846 1943 4920 θεοσημίας

287 4963 404 4998 σουο
466 4941 529 5005 ἃς
586 4938 929 5003 ἐκτετέλεκας
987 4938 1057 4996 δι’
1111 4941 1301 4995 ἐαυτοῦ
1351 4960 1410 4994 τε
1481 4938 1570 4994 καὶ
1649 4941 1756 4992 τῶν
1833 4941 1940 4993 σῶν

289 5035 569 5106 μαθητῶν,
623 5030 714 5086 καὶ
781 5027 934 5094 αὖθις
1007 5027 1243 5091 ἐκτελεῖς
1312 5025 1400 5083 διὰ
1470 5031 1577 5082 τῶν
1666 5024 1940 5104 διαδόχων

285 5119 461 5176 αὐτῶν
492 5118 629 5176 κατά
664 5140 724 5175 τε
753 5118 929 5175 πίστιν
962 5117 1054 5174 καὶ
1087 5118 1306 5195 ἀρετήν.

360 5234 389 5263 ‹‹
421 5212 540 5264 "01:
599 5209 809 5285 ἐπήρθη
877 5210 913 5279 ἡ
991 5204 1438 5284 μεγαλοπρέπειά
1517 5226 1612 5261 σου
1695 5204 1940 5281 ὑπεράνω

282 5303 392 5354 τῶν
450 5298 708 5373 οὐρανῶν.
773 5323 794 5354 ι
831 5331 902 5342 --
939 5299 1104 5354 Ἔστι
1153 5296 1246 5352 καὶ
1303 5295 1355 5351 ἐν
1411 5295 1718 5372 ἀνθρώποις
1774 5295 1937 5372 ἀρετή

281 5390 578 5464 πρακτική·
639 5385 955 5461 καλουμένη
1019 5385 1484 5463 μεγαλοπρέπεια,
1520 5385 1609 5440 ὅτε
1663 5405 1750 5448 τις
1807 5382 1940 5462 ἔργα

281 5476 503 5552 πράττει
585 5474 1087 5552 μεγαλοπρέποντα.
1149 5475 1336 5529 Τοίνυν
1412 5474 1648 5551 εἰρηκὼς
1723 5475 1750 5529 6
1808 5495 1940 5549 προ-

284 5568 464 5641 φήτης
521 5564 657 5640 πρὸς
711 5565 800 5620 τὸν
860 5565 1110 5640 Χριστὸν,
1143 5563 1227 5619 ὅτι
1261 5589 1288 5616 ‹‹
1319 5563 1391 5618 Τὸ
1445 5563 1535 5618 σὸν
1583 5558 1761 5636 ὄνομα
1816 5563 1935 5619 λίαν

285 5653 589 5727 θαυμαστόν
649 5653 791 5710 ἐστιν
853 5653 904 5709 ἐν
962 5653 1106 5728 πάσῃ
1162 5655 1230 5727 τῇ
1288 5656 1382 5730 γῇ,
1420 5677 1440 5704 ι
1491 5657 1581 5708 νῦν
1633 5653 1778 5728 λέγει
1837 5653 1935 5722 τὴν

286 5741 458 5800 αἰτίαν
521 5739 592 5798 δι’
645 5744 709 5812 ἣν
769 5741 971 5798 οὑτωσὶ
1031 5741 1361 5816 θαυμαστόν·
1397 5737 1558 5812 διότι,
1619 5741 1776 5819 φησὶ,
1834 5747 1937 5811 τῆς

2054 4760 2285 4838 πρέπειά
2333 4783 2430 4817 σου
2479 4761 2724 4839 ὑπεράνω
2765 4766 2876 4818 τῶν
2929 4761 3190 4840 οὐρανῶν,
3243 4788 3267 4818 ι
3316 4760 3392 4818 ἵν’
3439 4761 3570 4819 ὅλον
3627 4762 3719 4836 εῗίή

2051 4855 2328 4906 τοιοῦτον*
2387 4851 2534 4907 Κατὰ
2588 4851 2650 4906 τὸ
2719 4852 2943 4929 συνεχὲς
3017 4846 3217 4925 ἀνέϐης
3297 4852 3546 4930 ὑπεράνω
3606 4857 3720 4908 τῶν

2054 4939 2299 5017 οὐρανῶν
2349 4936 2505 4995 ἕνεκα
2555 4944 2664 4995 τῶν
2739 4940 2950 5016 ἐχθρῶν
3031 4961 3150 5015 σου,
3209 4938 3350 4997 ὥστε
3416 4939 3721 4999 καταλῦσαι

2051 5029 2141 5085 καὶ
2197 5030 2287 5085 τὸν
2347 5030 2784 5107 προηγουμένως
2850 5029 3045 5108 ἐχθρὸν
3125 5030 3218 5088 τὸν
3281 5025 3562 5105 διάϐολον,
3625 5031 3721 5088 καὶ

2049 5117 2141 5175 τὸν
2176 5117 2465 5191 ἐκδικητὴν
2498 5119 2662 5174 αὐτοῦ
2711 5118 2802 5175 καὶ
2853 5120 3148 5197 σύμμαχον
3210 5121 3494 5178 θεοκτόνον
3557 5119 3718 5178 λαόν.

2049 5210 2197 5264 Κατᾶ
2223 5213 2322 5264 τοῦ
2354 5204 2618 5264 διαϐόλου
2646 5208 2748 5286 γὰρ
2779 5206 3042 5280 ἐλήλυθεν
3091 5209 3178 5266 ἐπὶ
3225 5218 3332 5286 γῆς
3379 5212 3408 5267 6
3461 5212 3719 5288 Χριστὸς,

2045 5294 2135 5354 θίνα
2190 5297 2468 5374 καταλύσῃ
2520 5299 2582 5354 τὸ
2632 5299 2829 5376 κράτος
2885 5299 3052 5355 αὑτοῦ
3110 5299 3200 5355 καὶ
3243 5301 3345 5370 τήν
3404 5297 3720 5357 εἰδωλολα-

2047 5387 2228 5465 τρείαν
2329 5386 2632 5467 ἐξαφανίσῃ.
2717 5393 2886 5444 Τοῦτο
2975 5386 3033 5444 δέ
3117 5388 3309 5466 γέγονε
3396 5390 3532 5464 μετὰ
3613 5392 3716 5461 τὴν

2052 5476 2302 5551 ὑπεράνω
2357 5482 2466 5532 τῶν
2536 5477 2774 5552 οὐρανῶν
2857 5477 3207 5557 ἆναφοίτησιν
3283 5483 3379 5534 τοῦ
3454 5483 3716 5556 Χριστοῦ·

2047 5565 2170 5622 τότε
2200 5565 2303 5642 γὰρ
2337 5566 2366 5621 6
2407 5566 2772 5641 Παράκλητος
2829 5565 3143 5642 ἐνδημήσας
3190 5573 3308 5631 τοῖς
3378 5567 3717 5634 ἀποστόλοις

2051 5654 2102 5711 ἐν
2147 5653 2275 5712 εἷ’δει
2305 5655 2545 5732 πυρίνων
2579 5654 2847 5735 γλωσσῶν
2890 5657 2979 5714 καὶ
3039 5660 3328 5733 στομώσας
3374 5657 3570 5722 αὐτοὺς
3623 5661 3719 5716 καὶ

2047 5742 2221 5823 λόγου
2275 5745 2366 5803 καὶ
2423 5745 2612 5829 σοφίας
2679 5746 2772 5806 καὶ
2825 5745 3059 5828 θάρσους
3127 5747 3218 5805 καὶ
3274 5749 3719 5825 τερατουργικὴς
