4072 6446
371 407 527 470 i351
1594 407 2010 473 EXPOSITIO
2053 409 2133 474 IN
2177 412 2566 478 PSALMOS.

3633 424 3793 488 1358

371 536 692 629 ἐμφορήσας
792 532 1094 629 δυνάμεως,
1172 533 1490 629 ἀπετέλεσεΔ
1529 539 1852 618 καθαιρέτας
1927 544 2027 598 τοῦ
2055 547 2111 615 Α
2139 546 2560 625 συνεκφωνήσας
2605 543 2804 617 ταύτην
2847 550 2966 611 τοῖς
3021 544 3268 626 ἄστρασι,
3328 547 3399 606 δι’
3427 552 3461 606 ἅ
3492 551 3632 629 πρὸς
3659 553 3794 619 τοὺς

371 622 657 723 διαϐόλου,
689 631 784 684 καῖ
809 633 910 697 τῆς
941 624 1156 723 πλάνης
1191 625 1541 705 ὀλοθρευτάς.
1596 629 1730 723 Εἶτα
1774 630 1866 686 καὶ
1912 635 2021 687 τῶν
2134 622 2357 710 ἀστέρας
2414 635 2754 707 ἀκοινώνητα
2809 639 2958 715 φέρει
3013 622 3222 712 πολλὰ,
3253 622 3376 703 -τάς
3451 622 3550 698 τοῦ
3607 643 3790 723 φωτὸς

374 714 653 773 Ἰουδαίων
710 719 746 788 ἡ
803 721 949 810 πᾶσα
993 714 1179 810 δόξα.
1221 719 1550 810 καθήρηται.
1610 717 1709 810 ξαί
1766 722 1802 790 ἡ
1861 720 2025 784 πόλις
2134 721 2382 796 αὐξήσεις
2437 725 2528 780 καὶ
2589 714 2863 800 μειώσεις,
2912 726 3244 804 ἀποκρύψεις
3297 750 3359 785 τε
3411 730 3502 787 καὶ
3562 714 3792 810 πληρώ-

367 807 456 862 καὶ
487 807 517 862 6
573 806 702 871 ναὸς
759 805 849 862 καὶ
906 809 942 878 ἡ
993 804 1219 884 λατρεία
1270 807 1362 863 καὶ
1415 813 1540 883 πᾶν,
1581 805 1637 863 εἷ’
1655 807 1709 865 τί
1737 830 1838 885 περ
1869 810 1936 881 ἦν
1969 809 2020 866 ἐν
2132 833 2263 886 σεις,
2315 811 2404 870 καὶ
2452 812 2584 878 τοὺς
2629 815 2920 880 ποικίλους
2968 817 3415 894 σχηματισμοὺς,
3466 821 3556 876 καὶ
3604 804 3788 900 ἔτιπερ

367 895 902 989 αὐτοῖς-ὑπερέχον,
956 895 1047 952 καὶ
1123 897 1480 989 ἡγεμονικὸν,
1564 893 1970 989 καταϐέϐληται
2005 915 2018 934 ⁸
2132 899 2312 967 οὐδεὶς
2366 908 2476 961 τῶν
2535 903 2772 980 ἀστέρων
2830 893 3039 980 ἔξωθεν
3083 905 3200 984 ἔχει
3258 893 3322 964 τὸ
3370 912 3508 989 φῶς,
3541 908 3619 974 ὡς
3645 893 3781 984 αὕτη

365 981 517 1076 ἕνεκα
563 983 623 1076 66
664 989 773 1076 τῶν
807 985 1038 1076 ,ἐχθρῶν
1069 989 1397 1076 σουῗφήσας,
1430 984 1603 1045 διεῖλε
1627 987 1756 1052 τοὺς
1787 986 2022 1067 ἐχθροὺς
2129 993 2248 1048 κατ’
2321 991 2699 1072 ἐπεισαγωγήν
2742 1013 2757 1028 ⁸
2835 994 2962 1054 ἀλλ’
3046 981 3258 1064 οἷ’κοθεν
3342 981 3564 1076 ἔχουσιν
3653 981 3784 1058 αὐτδ

366 1073 444 1139 εἰς
472 1095 532 1131 τε
560 1074 652 1130 τὸν
680 1074 953 1150 πολέμιον
1003 1070 1290 1145 διάϐολον,
1340 1077 1432 1134 καὶ
1479 1076 1556 1142 εἰς
1584 1078 1676 1134 τὸν
1711 1077 1857 1152 αὐτῷ
1887 1099 2024 1152 συμ-

369 1165 721 1242 μαχήσαντα.
780 1163 882 1222 Καὶ
942 1165 1045 1243 γὰρ
1101 1164 1192 1222 καὶ
1251 1165 1281 1222 6
1337 1169 1417 1238 τῷ
1470 1165 1656 1244 ἐχθρῷ
1708 1172 2021 1245 συμμαχῶν

365 1250 565 1330 ἐχθρὸς
613 1251 704 1310 καὶ
752 1251 911 1318 οὗτός
961 1251 1125 1313 ἐστιν.
1175 1253 1288 1311 Οὐκ
1333 1252 1648 1329 ὠνόμασται
1691 1251 1748 1312 δὲ
1774 1260 1872 1313 τοῦ
1902 1253 2019 1313 δια-

365 1335 539 1399 ϐόλου
569 1339 868 1421 σύμμαχος
900 1343 929 1399 ὁ
957 1346 1065 1400 τῶν
1099 1341 1374 1403 Ἰουδαίων
1407 1342 1594 1419 ἐσμὸς,
1625 1343 1753 1402 ἀλλ’
1798 1342 2020 1419 ἐκδικη-

366 1431 489 1502 τὴς,
542 1430 632 1488 καὶ
682 1429 806 1488 λίαν
856 1430 1170 1511 ἐπιπρεπῶς
1197 1451 1212 1464 ·
1274 1432 1433 1498 αὐτὸς
1493 1435 1598 1512 γὰρ
1652 1432 1858 1491 ἀνελὼν
1929 1437 2022 1492 τὸν

365 1519 619 1596 Χριστὸν,
669 1520 761 1578 τὸν
801 1520 852 1578 ἐν
901 1527 981 1595 τῷ
1027 1521 1219 1598 κόσμῳ
1255 1522 1435 1598 τούτῳ
1463 1522 1600 1580 κατᾶ
1625 1529 1724 1580 τοῦ
1755 1519 2018 1582 διαϐόλου

364 1609 832 1686 παραγενόμενον,
881 1607 1180 1688 προδήλως
1220 1612 1409 1690 γέγονε
1451 1617 1550 1669 τοῦ
1580 1609 1844 1671 διαϐόλου
1875 1612 2020 1670 ἐκδι-

362 1701 560 1772 κητής.
621 1698 726 1756 Δύο
791 1697 836 1754 δ’
893 1698 946 1756 ἐν
973 1706 1154 1775 ταυτῷ
1203 1699 1526 1776 δηλοῦντος,
1577 1702 1652 1767 ὡς
1683 1705 2017 1781 προειρήκα-

363 1810 485 1863 μεν,
567 1793 666 1846 τοῦ
744 1787 976 1866 ἐπῆρθαι
1031 1792 1132 1861 τήν
1219 1796 1456 1869 Χριστοῦ
1545 1792 2016 1872 μεγαλοπρέπειαν

359 1876 612 1956 ὑπεράνω
639 1882 750 1935 τῶν
793 1878 1032 1958 οὐρανῶν
1060 1879 1123 1937 τό
1149 1901 1212 1938 τε
1255 1880 1608 1958 ὑπερύψηλον
1650 1889 1755 1954 τῆς
1803 1884 1864 1940 ἐκ
1907 1888 2017 1940 τῶν

358 1965 709 2045 διδαγμάτων
768 1968 861 2025 καὶ
918 1973 1026 2025 τῶν
1089 1970 1380 2045 θαυμάτων
1441 1969 1604 2043 δόξης
1667 1971 1854 2044 αὐτοῦ,
1929 1972 2020 2029 καὶ

357 2059 457 2128 τήν
515 2058 652 2114 κατά
709 2059 968 2134 σώματος
1029 2059 1274 2138 ὑπεράνω
1322 2065 1431 2116 τῶν
1488 2061 1727 2136 οὐρανῶν
1803 2061 2022 2142 ἀναφοί-

358 2168 537 2221 τησιν,
591 2151 672 2221 τῷ
725 2147 821 2222 μὲν
874 2147 1082 2226 πρώτῳ
1127 2151 1522 2226 σημαινομένῳ
1563 2151 1649 2223 τὸ,
1699 2175 1730 2206 ‹‹
1779 2153 1873 2207 Ἐκ
1901 2150 2022 2208 στό-

366 2258 534 2314 ματος
593 2237 803 2308 νηπίων
860 2238 953 2294 καὶ
1000 2236 1352 2310 θηλαζόντων
1406 2239 1718 2319 κατηρτίσω
1775 2240 1946 2315 αἶνον,
1987 2265 2017 2297 ››

363 2328 704 2402 συνάπτεται,
800 2325 1055 2406 λέγοντος
1155 2332 1254 2385 τοῦ
1338 2332 1624 2409 προφήτου
1704 2331 1845 2408 πρὸς
1927 2331 2016 2388 τὸν

369 2416 627 2494 Χριστὸν,
686 2420 952 2473 Τοσοῦτον
1011 2417 1229 2496 γέγονεν
1285 2420 1322 2489 ἡ
1401 2416 1531 2491 δόξα
1604 2441 1701 2476 σου
1793 2419 2018 2498 μεγίστη

361 2505 453 2564 καὶ
485 2503 951 2583 ὑπερθαύμαστος.
987 2505 1127 2562 ὥστε
1179 2507 1270 2564 καὶ
1325 2505 1517 2572 παῖδες
1563 2503 1642 2565 ἔτι
1692 2506 2021 2582 θηλάζοντες

365 2594 567 2667 ταύτην
623 2595 909 2673 ἐκήρυξαν,
980 2593 1136 2673 λόγῳ
1211 2595 1304 2653 καὶ
1373 2599 1611 2672 νοήματι
1683 2598 2023 2677 κεχρημένοι

361 2685 781 2762 κατηρτίσμένῳ
809 2684 903 2742 καὶ
932 2684 1189 2763 ἀνδρικῷ.
1250 2690 1328 2762 Τῇ
1387 2685 1611 2764 δευτέρᾳ
1666 2685 1724 2744 δὲ
1781 2686 2023 2760 δηλώσει

373 2777 476 2845 τῆς
527 2775 924 2853 ὗπερυψώσεως
970 2779 1068 2831 τοῦ
1108 2780 1366 2854 Χριστοῦ,
1396 2777 1460 2832 τὸ
1492 2774 1646 2832 ἔνεκα
1671 2782 1778 2834 τῶν
1807 2777 2019 2854 ἐχθρῶν

357 2885 454 2920 σου
513 2863 815 2946 συμφύεται
897 2865 988 2921 καὶ
1057 2866 1126 2920 τὰ
1206 2864 1404 2922 τούτου
1481 2866 1736 2944 ἐχόμενα,
1833 2863 2024 2923 καθὼσ

363 2953 618 3033 ἀνωτέρω
667 2951 1124 3031 διετρανώσαμεν.
1173 2955 1311 3013 Ὃσα
1357 2952 1415 3010 δέ
1456 2976 1541 3019 τις
1596 2956 1656 3011 ἄν
1717 2954 2018 3028 ἐννοήσειεν

371 3041 523 3100 αἶ’τια
548 3049 652 3114 τῆς
686 3042 934 3121 ὑπεράνω
989 3048 1097 3099 τῶν
1156 3043 1402 3119 οὐρανῶν
1461 3044 1867 3124 ἀναφοινήσεως
1923 3051 2022 3102 τοῦ

361 3131 804 3211 Χριστοῦ,πάντο.
829 3137 968 3212 πρὸς
988 3134 1089 3204 τὴν
1118 3137 1217 3190 τοῦ
1248 3133 1451 3211 ἐχθροῦ
1475 3133 1770 3192 κατάλυσιν
1793 3134 2020 3214 ἀφορῴη

367 3219 459 3277 καὶ
491 3223 753 3280 κάκωσιν.

442 3348 621 3402 «Ὅτι
677 3341 886 3422 ὄψομαι
932 3345 1060 3410 τοὺς
1106 3347 1371 3426 οὐρανοὺς
1410 3345 1538 3427 ἔργα
1583 3353 1692 3406 τῶν
1738 3346 2018 3406 δαγτύλων

369 3456 487 3494 σου.
548 3457 580 3488 ››
611 3466 682 3478 α-
727 3437 867 3514 Ἒφη
921 3437 1012 3492 καὶ
1063 3435 1340 3514 ἀλλαχοῦ,
1396 3461 1426 3492 ‹‹
1475 3444 1651 3516 ’Έργα
1680 3443 1786 3495 τῶν
1818 3443 2018 3516 γειρῶν

368 3523 467 3580 σού
499 3523 632 3580 εἰσιν
664 3523 718 3580 οἱ
776 3524 1038 3601 οὐρανοί.
1102 3548 1133 3580 »
1189 3531 1298 3583 τῶν
1337 3525 1578 3604 οὐρανῶν
1630 3525 1687 3583 6‘:
1711 3528 1802 3584 καὶ
1844 3528 2022 3606 ἀμφο-

365 3611 538 3691 τέρων
603 3613 882 3688 μνησθεὶς,
943 3611 1280 3692 δημιουργὸν
1352 3617 1562 3688 ἁπάσης
1633 3619 1732 3686 τῆς
1797 3615 2020 3679 κτίσεως

364 3701 594 3781 ἐκήρυξε
646 3703 738 3758 τὸν
792 3704 1047 3781 Χριστὸν,
1104 3707 1174 3779 τῇ
1233 3708 1474 3782 περιοχῇ
1530 3705 1600 3761 τὰ
1653 3704 2024 3782 περιεχόμενα

363 3786 820 3870 συμπεριλαϐών.
868 3793 926 3846 Ὁ
979 3791 1086 3870 γὰρ
1144 3795 1426 3871 καταρχὰς
1479 3794 1722 3870 γεγονὼς
1773 3794 2022 3871 οὐρανὸς,

364 3880 580 3961 ὁφύστι
637 3885 859 3956 πρῶτος
920 3880 1014 3938 καὶ
1073 3879 1356 3960 ἄναστρος,
1413 3884 1656 3960 περιοχή
1711 3882 1852 3940 ἐστιν
1885 3883 2023 3939 άπά-

363 3990 464 4042 σης
519 3966 752 4034 κτίσεως
801 3968 1068 4042 αἰσθητῆς
1115 3991 1176 4028 τε
1219 3972 1312 4028 καὶ
1340 3979 1569 4046 νοητῆς.
1601 3972 1702 4029 Καὶ
1731 3971 1887 4028 αὐτοὶ
1916 3973 2022 4050 γὰρ

364 4059 417 4114 οἱ
445 4059 566 4123 νόες
611 4063 692 4134 τῷ
736 4058 976 4134 τοιούτῳ
1014 4061 1360 4138 περιέχονται
1411 4060 1718 4136 σύμπαντες
1758 4061 1970 4139 οὐρανῷ
2005 4081 2019 4094 ο

366 4147 530 4222 μόνον
581 4145 641 4204 δὶ
696 4147 762 4203 τὸ
819 4149 962 4204 θεῖον
1020 4149 1422 4227 ἀπεριόριστον.
1482 4150 1725 4225 Ὀψομαι
1778 4147 1837 4206 δὶ
1865 4149 2022 4230 φύσιν

363 4235 480 4294 ἀντὶ
520 4241 620 4294 τοῦ
669 4237 955 4315 γνώσομαι
986 4255 1003 4271 ’
1059 4241 1188 4302 νοῦς
1237 4238 1343 4316 γὰρ
1400 4237 1687 4316 ὀφθαλμὸς
1721 4239 1910 4314 ψυχῆς
1949 4243 2022 4296 ῶν

363 4332 613 4404 κρεῖττον
673 4325 779 4404 ὁρᾷ
835 4329 942 4381 τῶν
998 4331 1326 4401 σωματικῶν
1377 4325 1703 4408 ὀφθαλμων.
1739 4327 2026 4403 Γνώσομαι

364 4414 494 4479 τοὺς
553 4412 813 4492 οὐρανοὺς
871 4411 1007 4490 ἔργα
1061 4414 1149 4487 σὰ,
1211 4419 1592 4492 μεταφορικῶς
1641 4437 1702 4473 τε
1755 4413 1847 4472 καί
1877 4436 2029 4493 περι-

2128 1080 2326 1146 πάντες
2386 1083 2476 1140 καὶ
2525 1079 2930 1160 ἀναπόϐλητον,
2982 1083 3030 1142 εἰ
3076 1086 3168 1144 καὶ
3221 1088 3334 1164 μεθ’
3365 1089 3575 1168 ἡμέραν
3609 1088 3786 1166 ὁρῶν-

2126 1190 2216 1226 ται
2271 1177 2375 1242 τῆς
2429 1170 2669 1245 ἡλιακῆς
2727 1171 2922 1239 αὐτοὺς
2988 1173 3443 1254 ἀποκρυπτούσης
3499 1175 3786 1255 πλησμίου

2129 1259 2477 1340 φωτοχυσίας
2509 1262 2600 1318 καὶ
2632 1257 3088 1340 ὑπερϐαλλούσης
3120 1263 3534 1342 λαμπρότητοςο

2196 1371 2251 1422 '0
2310 1366 2406 1442 μέν
2465 1366 2558 1424 οὖν
2605 1366 2769 1440 ἤλιος
2823 1367 3167 1448 ὑψηλότερός
3222 1372 3334 1431 ἐστι
3387 1380 3489 1446 τῆς
3539 1373 3785 1449 σελήνης

2127 1453 2392 1513 ἐπιπλέον
2446 1457 2482 1528 ἥ
2531 1457 2654 1516 ὅσον
2704 1457 2999 1539 ἀφέστηκεν
3049 1461 3184 1534 αὕτη
3230 1469 3334 1534 τῆς
3379 1469 3484 1540 γῆς
3532 1465 3622 1521 καὶ
3651 1463 3790 1522 πολ-

2129 1543 2320 1623 λαχῶς
2352 1545 2629 1604 ἐπιπλέον·
2659 1551 2694 1619 ἡ
2729 1547 2786 1604 δὲ
2840 1548 3255 1627 χθαμαλωτάτῃ
3309 1553 3510 1617 παντὸς
3563 1554 3788 1633 ἀστέρος

2125 1637 2469 1712 γινώσκεταιο
2528 1641 2645 1693 Τῶν
2675 1639 2778 1717 γὰρ
2832 1638 3073 1720 ἀστέφων
3129 1641 3184 1696 οἱ
3237 1641 3331 1717 μὲν
3391 1639 3671 1719 ἀπλανεῖς,
3732 1645 3788 1701 οἰ

2129 1721 2188 1781 δὲ
2237 1723 2513 1799 πλάνητες
2565 1725 2833 1806 λέγονται.
2885 1729 2986 1786 Καὶ
3035 1731 3088 1786 οἱ
3140 1728 3236 1806 μέν
3295 1728 3562 1796 ἀπλανεῖς
3595 1731 3788 1808 ὁμοτί-

2132 1835 2249 1888 μως
2307 1813 2644 1890 ὑψηλότατοι
2700 1818 2900 1884 πάντες
2957 1819 3048 1875 καὶ
3101 1817 3478 1894 πάμπολλοι·
3535 1821 3598 1878 τὸ
3628 1823 3787 1898 χύμα

2049 1928 2098 1996 Β
2129 1902 2274 1981 λέγω
2300 1909 2410 1996 τῶν
2441 1904 2678 1996 ἀστέρων
2710 1907 2840 1996 αὐτὸ
2872 1909 2934 1965 τὸ
2964 1905 3323 1980 πολυπληθές
3357 1929 3370 1942 ·
3405 1908 3458 1966 οὶ
3489 1906 3548 1965 δὲ
3574 1909 3786 1984 πλάνη-

2127 2013 2216 2056 τες
2279 1994 2412 2063 μετὰ
2457 1995 2548 2051 καὶ
2585 2002 2686 2068 τῆς
2742 1994 2980 2068 σελήνης
3031 1997 3184 2071 ἔπτὰ,
3230 1997 3320 2055 καὶ
3353 1997 3530 2056 ἄλλου
3559 2010 3784 2080 χθαμα-

2132 2080 2372 2160 λώτερός
2394 2104 2454 2139 τε
2482 2082 2572 2140 καὶ
2604 2084 3014 2162 προγειότερος.

2207 2189 2221 2205 ⁸
2253 2175 2360 2227 Τοῦ
2391 2172 2767 2250 στερεώματος
2816 2170 2876 2233 δὲ
2915 2173 3190 2240 κυκλικῶς
3217 2173 3544 2250 κινουμένου
3572 2175 3782 2250 κίνησιν

2135 2257 2394 2331 ὀξυτάτην
2453 2261 2542 2316 καὶ
2599 2259 2862 2336 ἄληκτον,
2913 2260 2966 2338 ἐξ
3014 2262 3294 2321 ἀνατολῶν
3343 2264 3420 2330 εἰς
3472 2262 3678 2342 δυσμὰς
3707 2266 3786 2332 ὡς

2129 2349 2266 2426 πρὸς
2312 2345 2583 2424 αἶ’σθησιν,
2633 2350 3125 2432 συμπεριφέρονται
3173 2353 3264 2411 καὶ
3311 2352 3510 2420 πάντες
3567 2355 3784 2435 ἀστέρες

2130 2437 2297 2512 αὐτῷ,
2328 2438 2417 2494 καὶ
2450 2439 2668 2514 σύμπας
2699 2441 2887 2518 αἰθήρ.

2202 2525 2352 2583 Πολὸ
2384 2525 2441 2584 δὲ
2465 2527 2606 2584 πάνυ
2635 2529 2725 2586 καὶ
2759 2529 2953 2608 μυρίον
2982 2531 3045 2586 τὸ
3094 2535 3193 2589 τοῦ
3243 2531 3461 2611 αίθέρος
3509 2528 3788 2608 διάστημα

2128 2616 2192 2672 τὸ
2243 2615 2304 2672 ἐκ
2357 2621 2455 2672 τοῦ
2513 2619 2891 2696 στερεώματος
2957 2619 3068 2684 ἓως
3138 2625 3236 2677 τοῦ
3323 2620 3732 2696 ὑάεκκαύματος
3768 2635 3782 2654 ⁶

2132 2705 2267 2782 ὅπερ
2323 2704 2645 2782 ὑπέκκαυμα
2699 2708 2762 2762 τὸ
2816 2713 2925 2786 πῦρ
2981 2708 3091 2766 ἐστι
3147 2711 3210 2766 τὸ
3269 2714 3546 2787 στοιχεῖον
3630 2701 3782 2766 αὐτό.

2131 2792 2206 2848 Τὸ
2236 2793 2341 2870 γὰρ
2367 2795 2504 2868 ἡμῖν
2535 2795 2940 2871 γινωσκόμενον
2971 2801 3078 2873 πῦρ
3109 2793 3294 2872 ἔξαψίς
3318 2797 3428 2854 ἐστι
3459 2803 3556 2854 τοῦ
3599 2796 3785 2854 τοιού-

2129 2903 2227 2938 του
2258 2881 2648 2960 στοιχειώδους
2678 2886 2872 2960 πυρὸς,
2905 2884 3220 2964 ὑπερϐολὴν
3276 2883 3406 2964 ἔχον
3452 2893 3557 2958 τῆς
3596 2887 3785 2964 πυρώ-

2135 2968 2261 3035 δους
2307 2972 2668 3051 θερμότητος,
2717 2972 2900 3051 ὥσπερ
2949 2977 2978 3032 6
3024 2973 3368 3054 κρύσταλλος
3414 2982 3517 3047 τῆς
3547 2975 3600 3032 ἐν
3630 2973 3785 3032 ὕδατι

2134 3060 2517 3138 θεωρουμένης
2543 3061 2915 3140 ψυχρότητος.

2205 3169 2270 3224 Οἱ
2331 3167 2424 3243 μὶν
2485 3166 2578 3225 οὖν
2635 3167 2898 3234 ἀπλανεῖς
2951 3170 3167 3248 ἀστέρες
3224 3173 3534 3248 πεπήγασιν
3573 3169 3640 3250 ,ἐν
3706 3175 3788 3244 τῷ

2136 3258 2473 3334 στερεώματι
2525 3258 2616 3314 καὶ
2665 3258 2759 3314 σὺν
2806 3259 2954 3333 αὐτῷ
3005 3259 3156 3335 μόνῳ
3203 3259 3477 3340 φέρονται,
3515 3257 3786 3335 μηδεμίαν

2138 3343 2277 3404 ἰδίαν
2325 3347 2463 3404 κατὰ
2509 3346 2676 3404 τόπον
2729 3347 3051 3423 ποιούμενοι
3097 3348 3326 3422 κίνησινο
3374 3349 3426 3405 οἱ
3473 3346 3533 3405 δὲ
3578 3352 3787 3420 πλάνη-

2129 3457 2216 3492 τες
2266 3435 2330 3493 οὐ
2381 3438 2690 3513 πεπήγασιν
2735 3435 2787 3493 έν
2831 3442 2913 3510 τῷ
2968 3439 3305 3516 στερεώματι
3339 3456 3354 3471 ⁸
3403 3435 3788 3516 κατωτέρωδέ

2128 3525 2326 3582 τούτου
2383 3527 2521 3582 κατά
2582 3547 2735 3590 τινας
2793 3525 3059 3604 βαθμίδας
3107 3526 3160 3584 ἐν
3189 3532 3270 3601 τῷ
3309 3526 3482 3606 αἰθέρι
3517 3528 3784 3605 μετέωροι

2131 3615 2405 3693 φέρονται,
2453 3614 2546 3670 καὶ
2591 3619 2690 3670 τοῦ
2733 3616 3108 3694 στερεώματος
3157 3615 3460 3695 φερομένου
3512 3616 3647 3692 μετά
3679 3616 3783 3688 τῆς

2130 3707 2236 3759 τῶν
2285 3701 2543 3760 ἀπλανῶν
2595 3703 2989 3778 παμπληθείας
3037 3703 3090 3776 ἐξ
3138 3703 3415 3762 ἀνατολῶν
3466 3703 3543 3768 εἰς
3571 3701 3784 3779 δυσμὰς

2132 3791 2210 3856 ὡς
2287 3793 2324 3862 ἡ
2401 3791 2673 3864 αἴσθησις,
2730 3791 2886 3849 αὐτοὶ
2941 3791 3249 3849 τούναντίον
3308 3791 3370 3849 ἐκ
3425 3789 3644 3867 δυσμῶν
3704 3790 3783 3855 εἰς

2131 3877 2400 3944 ἀνατολὰς
2485 3877 2630 3937 ἰδίπν
2717 3878 3108 3958 σχολαιοτέραν
3183 3885 3459 3938 κινοῦνται
3539 3879 3777 3952 κίνησιν.

2131 3971 2286 4035 Ὅθεν
2333 3969 2424 4024 καὶ
2472 3967 2748 4042 πλάνητες
2797 3968 3192 4044 ὠνομασθησαν
3227 3987 3240 4003 ·
3301 3969 3376 4033 ὥς
3432 3965 3590 4039 δῆθεν
3643 3967 3782 4024 ἀπο-

2133 4057 2501 4130 πλανηθέντες
2562 4065 2666 4129 τῆς
2713 4061 2813 4114 τοῦ
2849 4057 3227 4133 στερεώματος
3273 4057 3522 4135 πορείας,
3559 4057 3650 4113 καὶ
3686 4058 3785 4113 τοῦ

2131 4147 2396 4204 τοσούτου
2454 4151 2562 4204 τῶν
2616 4147 2856 4226 ἀστέρων
2911 4146 3104 4222 ἐσμοῦ,
3158 4147 3250 4204 καὶ
3288 4147 3388 4217 τὴν
3419 4144 3657 4204 ἐναντίαν
3693 4145 3787 4222 βαι

2135 4234 2395 4308 δίζοντες.

2203 4330 2381 4382 Ταῦτα
2429 4323 2488 4381 δὲ
2535 4322 2680 4404 λέγω
2729 4325 2867 4399 πρὸς
2911 4325 2976 4382 τὸ
3023 4325 3372 4405 φαινόμενον’
3423 4323 3540 4382 ἐπεί
3587 4344 3673 4382 τοι
3727 4341 3791 4402 γε

2140 4415 2305 4490 μόνος
2351 4416 2381 4471 6
2434 4419 2656 4494 πρῶτος
2711 4413 2936 4493 οὐρανὸς
2994 4414 3046 4486 ἐξ
3104 4413 3386 4472 ἀνατολῶν
3441 4415 3521 4479 εἰς
3577 4412 3788 4489 δυσμὰς

371 4502 702 4584 φραστίκῶς,
751 4506 914 4581 γνῶς.
960 4504 1246 4581 γνώσομαι
1295 4502 1606 4579 διαπαντὸς,
1658 4500 1720 4561 ού
1765 4524 1898 4561 ποτε
1923 4512 2026 4576 τῆς
2137 4503 2437 4586 φερόμενος
2495 4503 2760 4580 ἔγνωσται
2824 4505 3212 4582 συμπεριάγων
3295 4503 3470 4580 ἑαυτῷ
3537 4503 3628 4560 καὶ
3694 4502 3787 4560 τὸν

370 4591 632 4666 τοιαύτης
689 4593 1026 4668 ἐκστήσομαι
1082 4597 1338 4670 γνώσεως
1371 4639 1386 4654 .
1441 4596 1524 4652 ὃτι
1581 4593 1646 4650 σὺ
1686 4591 2026 4672 δημιουργὸς
2140 4593 2387 4671 δεύτερον
2443 4591 2506 4650 τὰ
2565 4591 2893 4667 στερέωμα·
2951 4593 3016 4648 τὸ
3072 4595 3176 4670 γὰρ
3227 4593 3512 4671 στερέωμα
3537 4591 3629 4649 καὶ
3660 4591 3792 4648 αὐτὸ

383 4681 434 4738 εἶ
473 4685 573 4738 τοῦ
618 4681 836 4744 παντός.
892 4684 1306 4759 Διηγηματικὸν
1353 4681 1412 4739 δὲ
1437 4684 1501 4740 τὸ
1557 4681 1642 4740 ὅτι
1671 4683 1761 4740 καὶ
1797 4679 2030 4760 βεϐαιω-
2063 4673 2274 4760 Βπρὸς
2335 4680 2544 4756 δυσμὰς
2601 4680 2653 4752 ἐξ
2727 4677 3006 4738 ἀνατολῶν
3087 4681 3223 4756 μετὰ
3295 4686 3402 4738 τῶν
3483 4681 3794 4760 Αεγομένων

379 4769 558 4841 τικὸν,
604 4770 706 4828 οὐκ
757 4770 1152 4850 αἰτιολογικόν.
1199 4775 1336 4832 Ἀπὸ
1382 4777 1570 4830 κοινοῦ
1623 4773 1909 4851 γνώσομαι
1935 4772 2035 4842 τήν
2143 4771 2399 4828 ἀπλανῶν
2444 4771 2683 4849 ἀστέρων
2734 4769 2950 4851 φέρεται
2995 4776 3254 4850 φυσικῶς’
3305 4769 3396 4827 διὰ
3441 4767 3501 4827 δὲ
3543 4771 3608 4826 τὸ
3661 4769 3794 4846 βρα-

384 4857 620 4932 σελήνην
667 4858 759 4915 καὶ
807 4859 941 4925 τοὺς
996 4861 1222 4938 ἀστέρας
1265 4861 1400 4942 ἔργα
1441 4867 1551 4920 τῶν
1602 4859 1882 4918 δακτύλων
1915 4882 2034 4932 σου,
2144 4860 2369 4918 δύτατον
2415 4867 2517 4931 τῆς
2561 4857 2822 4932 τοιαύτης
2870 4861 3217 4932 πλανητικῆς
3257 4861 3522 4931 κινήσεως
3572 4855 3795 4914 διαλαν-

385 4946 541 5006 ὂὶτινα
593 4945 661 5004 σὺ
716 4948 1158 5026 τεθεμελιωμένα
1201 4951 1294 5008 καὶ
1347 4951 1559 5027 μόνιμα
1600 4951 1690 5006 καὶ
1737 4951 1837 5020 τὴν
1867 4950 2036 5020 αὐτὴν
2145 4951 2287 5018 θάνει
2343 4951 2444 5021 τὴν
2492 4948 2761 5020 αἴσθησινο
2823 4947 2919 5011 Εἰς
2968 4948 3165 5026 μοίρας
3211 4948 3318 5026 γὰρ
3387 4949 3651 5021 ἱξήκοντα
3701 4945 3800 5002 καὶ

385 5037 729 5118 φυλάττοντα
779 5039 928 5113 τάξιν
986 5039 1292 5114 πεποίηκας
1347 5040 1426 5106 εἰς
1482 5039 1514 5098 6'
1568 5037 1840 5115 διαμένειν
1925 5037 2038 5096 έθέ-
2142 5037 2457 5118 τριακοσίας
2509 5040 2609 5094 τοῦ
2664 5035 2865 5101 παντὸς
2937 5034 3144 5093 κύκλου
3212 5033 3598 5114 διαιρουμένου
3672 5032 3800 5109 μίαν

386 5127 510 5193 λοις
548 5127 614 5186 τὸ
655 5133 785 5188 πᾶν.
834 5125 1122 5187 Διαλαϐὼν
1167 5128 1226 5187 δὲ
1271 5131 1398 5208 περὶ
1449 5127 1688 5204 σελήνης
1735 5129 1827 5186 καὶ
1883 5127 2041 5184 ἀστέ-
2150 5131 2345 5207 μοῖραν
2399 5125 2518 5183 καθ’
2600 5121 2820 5182 ἕκαστον
2907 5121 3029 5190 ἔτος
3110 5126 3407 5203 τετήρηται
3494 5121 3806 5202 διέρχεσθαι

388 5236 522 5293 ρων,
582 5214 645 5274 οὐ
700 5223 916 5290 παρῆκε
966 5219 1060 5276 τὸν
1122 5218 1323 5291 ῆλιον·
1384 5217 1499 5293 ἅμα
1565 5219 1660 5294 μέν
1724 5219 1859 5293 μετὰ
1929 5221 2039 5274 τῶν
2146 5217 2500 5288 πλανητικῶς
2545 5215 2610 5269 τὸ
2652 5212 2955 5288 στερέωμα’
3001 5212 3138 5269 κατά
3182 5234 3335 5278 τινας
3394 5209 3441 5267 δ’
3484 5212 3546 5269 οὐ
3583 5216 3803 5289 μοῖραν,

387 5305 628 5384 ἀστέρων
686 5306 847 5378 τάξας
901 5308 978 5372 ὡς
1034 5307 1231 5388 ἀστέρα
1279 5308 1371 5365 καὶ
1403 5307 1561 5364 αὐτὸν
1594 5305 1932 5383 ἐξοχώτατον
1952 5305 2041 5364 καὶ
2149 5306 2296 5366 ἀλλὰ
2334 5307 2532 5380 τμῆμα
2581 5302 2776 5382 μοίρας
2829 5300 3147 5380 ὀλίγιστον..
3178 5304 3272 5359 Διὸ
3321 5301 3390 5374 δὴ
3418 5302 3524 5358 κὰκ
3553 5307 3656 5372 τῆς
3686 5321 3807 5355 τοι-

393 5393 825 5472 βασιλικώτατον
878 5399 970 5454 καὶ
1055 5395 1442 5475 λαμπρότατον
1516 5395 1608 5452 καὶ
1699 5395 2041 5474 ἀστεράρχην
2151 5395 2320 5467 αύτης
2369 5391 2511 5457 ἰδίας
2557 5390 2648 5448 καὶ
2705 5392 2940 5471 φυσικῆς
2979 5393 3250 5464 κινήσεως
3298 5396 3396 5448 τοῦ
3425 5389 3808 5466 στερεώματος

391 5483 785 5558 ὠνομασμένον
843 5485 946 5543 ὑπό
1001 5507 1162 5544 τινων
1216 5489 1533 5566 προσφυῶς,
1596 5485 1710 5560 ἅμα
1758 5482 1804 5541 δ’
1862 5486 1936 5550 ὡς
1975 5490 2044 5562 τῇ
2153 5487 2422 5561 ὁπρῶτος
2479 5480 2705 5559 οὐρανὸς
2755 5481 2784 5536 6
2837 5479 2913 5554 μὴ
2967 5479 3250 5558 ὁρώμενος
3301 5481 3539 5558 έώραται
3602 5481 3809 5566 νοερῶς

391 5571 598 5649 σελήνῃ
657 5571 1144 5649 συνεξακουόμενόν
1200 5597 1262 5632 τε
1331 5565 1423 5631 καὶ
1499 5573 1917 5650 συννοούμενον,
1999 5572 2054 5631 εἷ’
2151 5580 2270 5639 τοῖς
2333 5575 2434 5644 τήν
2513 5570 2744 5645 ἐξέτασιν
2819 5567 3024 5644 ταύτην
3108 5570 3424 5651 φιλοπόνως
3507 5565 3818 5642 ποιησαμέ-

391 5682 454 5740 γε
503 5661 673 5739 ταύτῃ
727 5663 793 5719 τὸ
849 5668 964 5743 φῶς
1016 5665 1069 5738 ἐξ
1115 5663 1282 5722 αὐτοῦ
1324 5665 1456 5721 καθὸ
1505 5661 1682 5743 φαίνει
1729 5662 1820 5719 καὶ
1858 5663 1959 5720 οὐκ
1989 5663 2050 5722 ἐκ
2155 5686 2298 5729 νοις.

391 5749 628 5832 φύσεως.
683 5749 821 5832 ’ἰδίᾳ
867 5752 931 5814 66
971 5755 1102 5838 περὶ
1141 5761 1247 5832 τῆς
1299 5752 1543 5830 σελήνης
1584 5748 1766 5833 εἴρηκε
1797 5769 1811 5784 °
1842 5754 1934 5810 καὶ
1967 5755 2048 5831 μὴ
2226 5754 2336 5824 Τὴν
2379 5751 2476 5829 μὲν
2528 5746 2620 5807 οὖν
2667 5744 2808 5806 ἰδίαν
2854 5746 3067 5822 κίνησιν
3110 5751 3165 5811 οἱ
3209 5749 3484 5824 πλάνητες
3532 5751 3819 5808 ποιοῦνται
