4072 6452
297 412 458 474 1359

1545 401 1971 467 NICEPHORI
2013 398 2456 463 BLEMMIDAE

3557 403 3725 467 i360

293 538 576 614 τοιαύτην,
639 535 755 594 οτίαν
819 536 1113 613 εἰρήκαμεν
1147 552 1162 569 ⁸
1220 533 1681 611 συμπεριάγονται
1739 531 1798 589 δὲ
1851 531 1942 588 καὶ
1972 539 2031 607 Α
2129 529 2272 587 Οῦσα
2299 529 2359 588 δέ
2401 528 2695 588 κατωτάτω
2741 534 2838 585 τοῦ
2887 529 3102 606 αἰθέρος
3149 529 3241 586 καὶ
3289 533 3427 588 κατὰ
3475 533 3573 597 τὰς
3618 535 3718 591 αὐ-

292 635 374 702 τῷ
421 629 635 704 οὐρανῷ
676 631 746 702 τῇ
797 625 942 703 ῥύμῃ
983 627 1082 694 τῆς
1137 624 1300 680 αὑτοῦ
1345 628 1515 703 φορᾶς
1565 623 1939 695 ἐκνικώμενοι.

295 719 587 784 Κάντεῦθεν
637 717 666 773 6
714 713 878 786 ἥλιος
929 712 1001 770 δι’
1044 714 1290 770 ἐνιαυτοῦ
1337 714 1435 783 τήν
1506 710 1642 768 ἰδίαν
1687 711 1944 786 (κίνησιν)

296 806 612 882 ἐκπληρῶν,
658 807 760 877 τὴν
803 804 1168 877 πλανητικὴν,
1216 803 1314 873 τήν
1365 801 1426 858 ἐκ
1462 798 1682 877 δυσμῶν
1715 801 1792 864 εἷς
1824 801 1946 857 ἀνα-

292 897 484 968 τολὰς,
537 897 590 954 ἐν
639 897 825 974 ἡμέρᾳ
874 899 975 970 μιᾷ
1017 893 1107 951 καὶ
1155 892 1304 950 νυκτὶ
1353 889 1444 948 διὰ
1480 899 1582 964 τῆς
1613 889 1854 954 ἐναντίας
1885 889 1946 946 ἐκ

291 991 390 1044 τοῦ
436 986 604 1043 αὑτοῦ
652 985 728 1050 εἰς
771 985 836 1042 τὸ
887 985 1052 1042 αὑτοῦ
1098 983 1188 1041 καί
1213 1004 1266 1040 τι
1296 980 1466 1039 πλέον
1497 979 1940 1054 ἀποκαθίσταται,

295 1077 401 1134 ὑπὸ
444 1083 548 1148 τῆς
591 1078 825 1152 αύρανοῦ
875 1072 1056 1152 ῥύμης
1107 1071 1403 1146 ἑλκόμενος
1453 1072 1543 1128 καὶ
1615 1069 1942 1150 περιεγόμε-

291 1187 409 1230 νος.
455 1166 555 1221 Διά
605 1166 699 1240 μὲν
751 1161 842 1220 οὗν
888 1171 991 1234 τῆς
1024 1163 1115 1218 σὺν
1146 1162 1358 1239 οὐρανῷ
1387 1168 1734 1240 περιαγωγῆς
1769 1157 1942 1224 αἷίιτιος

291 1254 496 1333 γίνεται
531 1259 641 1311 τῶν
690 1257 912 1332 ἡμερῶν
957 1273 1016 1310 τε
1057 1253 1149 1308 καὶ
1189 1256 1297 1308 τῶν
1347 1256 1578 1324 νυκτῶν,
1653 1251 1942 1326 ὑπέργειος

291 1347 590 1426 φερόμενος
618 1349 728 1402 τῶν
759 1347 1010 1422 ἡμερῶν,
1047 1341 1300 1420 ὑπόγειος
1328 1346 1436 1398 τῶν
1465 1345 1694 1398 νυκτῶνο
1738 1338 1828 1396 διὰ
1886 1337 1944 1396 δὲ

288 1443 389 1509 τῆς
435 1434 639 1501 οἰκείας
669 1436 934 1508 κινήσεως
983 1439 1085 1504 τῆς
1111 1431 1456 1504 πλανητικῆς
1506 1434 1614 1487 τῶν
1661 1428 1940 1508 τρσσάρων

292 1526 476 1603 ὡρῶν.

361 1633 549 1710 Ἐχων
593 1629 695 1710 γὰρ
741 1630 834 1687 τὸν
881 1637 982 1702 τῆς
1032 1628 1295 1700 τοιαύτης
1342 1627 1508 1685 αὑτοῦ
1553 1629 1818 1700 κινήσεως
1849 1625 1943 1682 κύ-

289 1720 444 1780 κλον·
507 1719 613 1777 ὑπὸ
687 1721 750 1776 τὸ
809 1721 1064 1798 στρέωμα
1153 1714 1498 1795 βεϐλημένον
1583 1717 1783 1791 λοξῶς,
1831 1721 1940 1772 τῶν

295 1810 393 1883 μὲν
443 1808 538 1866 δύο
591 1800 771 1888 μερῶν
821 1809 986 1866 αὑτοῦ
1029 1813 1140 1865 τῶν
1185 1809 1322 1865 κατά
1370 1805 1680 1885 διάμετρον,
1721 1804 1941 1883 ἀντικρὺ

2051 625 2149 677 τοῦ
2200 622 2337 698 πρὸς
2382 622 2445 676 τὸ
2495 620 2816 694 ὑπέκκαυμα
2862 620 3097 699 συναφὰς
3146 621 3236 676 καὶ
3287 622 3598 697 συμμίξεις,
3639 624 3718 690 ὠς

2055 707 2286 787 εἷ’ρηται,
2343 709 2567 789 ζοφερὸν
2621 705 2737 785 ἔχει
2794 709 2859 764 τὸ
2917 715 3078 784 σῶμα
3104 710 3193 766 καὶ
3225 710 3379 790 φύσει
3412 711 3664 786 ἀλαμπές
3698 735 3715 750 ’

2053 798 2114 854 ἐκ
2156 797 2214 855 δὲ
2249 802 2359 856 τῶν
2410 799 2659 870 ἡλιακῶν
2707 798 2936 855 ἀκτίνων
2970 797 3282 855 ἐπείσακτον
3311 801 3428 856 κατ’
3464 799 3717 874 ἰδιότητα

2051 887 2257 968 πέφυκε
2312 885 2564 965 δέχεσθαι
2615 887 2677 944 τὸ
2725 891 2860 968 φῶς.
2911 887 3006 943 Διὸ
3033 887 3124 944 καὶ
3166 888 3366 961 σελήνη
3400 890 3716 966 κατανομά-

2054 981 2197 1047 ζεται
2229 975 2320 1034 διὰ
2347 979 2410 1034 τὸ
2435 977 2596 1042 σέλας
2623 976 2744 1033 νέον
2775 972 2922 1055 ἔχειν
2948 973 3051 1051 ἀεί,
3082 977 3172 1034 καὶ
3204 974 3405 1035 οὔποτε
3447 979 3712 1058 παλαιόν,

2052 1063 2256 1123 ἄλλοτε
2284 1064 2471 1123 ἄλλων
2508 1070 2690 1144 μερῶν
2722 1067 3112 1145 φωτιζομένων
3147 1065 3333 1138 αὐτῆς.

2121 1171 2265 1230 Οὗσα
2313 1176 2415 1253 γὰρ
2475 1174 2566 1230 καὶ
2625 1173 2760 1244 αὕτη
2821 1170 3182 1254 σφαιροειδὴς
3237 1173 3312 1237 ὠς
3345 1175 3375 1230 6
3405 1173 3570 1245 ἥλιος
3619 1174 3713 1232 καὶ

2050 1269 2156 1327 πᾶς
2204 1263 2379 1327 ἄλλος
2437 1264 2629 1341 ἀστὴρ,
2677 1262 2767 1319 ὅτε
2823 1263 2917 1337 μὶν
2968 1263 3105 1319 κατὰ
3145 1261 3436 1339 διάμετρον
3470 1263 3706 1342 ἔχειτὸν

2049 1351 2210 1424 ἥλιον
2265 1354 2600 1433 ἀφεστηκυῖα
2642 1354 2744 1423 τήν
2789 1350 3050 1424 πλείστην
3101 1352 3265 1409 αὐτοῦ
3311 1355 3403 1410 καὶ
3449 1355 3708 1433 μεγίστην

2050 1441 2362 1516 ἀπόστασιν,
2425 1441 2532 1500 ὅλα
2606 1439 2673 1512 δὴ
2748 1441 2872 1497 τότε
2949 1440 3358 1517 καταλάμπεται
3425 1446 3494 1499 τὰ
3565 1465 3706 1500 κατω

2056 1533 2194 1610 μέρη
2239 1533 2329 1589 καὶ
2375 1531 2514 1610 πρὸς
2557 1533 2728 1607 ἡμᾶς,
2778 1531 2868 1588 καὶ
2917 1531 3120 1610 γίνεται
3152 1534 3422 1612 παμφαής
3458 1575 3472 1590 .
3505 1533 3620 1608 ὅσῳ
3651 1532 3705 1591 δὲ

2047 1627 2128 1696 τῷ
2173 1621 2325 1696 ἡλίῳ
2371 1621 2618 1694 πελάζει,
2666 1620 2916 1694 τοσούτῳ
2961 1621 3204 1701 φαίνεται
3246 1623 3316 1678 τὰ
3365 1625 3506 1699 πρὸς
3559 1626 3710 1698 ἡμᾶς

2050 1709 2314 1787 ἀλαμπής
2348 1756 2363 1772 .
2449 1709 2510 1767 ἐκ
2601 1714 2710 1767 τῶν
2818 1711 3114 1786 ὁρωμένων
3211 1711 3417 1784 ταύτης
3525 1717 3708 1788 μεσῶν

2053 1800 2129 1864 εἰς
2229 1801 2298 1857 τὰ
2401 1801 2479 1875 μὴ
2584 1800 2838 1878 ὁρώμενα
2959 1795 3478 1876 μεταϐιϐαζομένων
3597 1807 3709 1859 τῶν

288 1902 634 1978 τεταγμένων
666 1887 803 1964 τοῖς
868 1899 1055 1974 μέσοις
1109 1902 1209 1955 τοῦ
1285 1898 1662 1984 στερεώματος
1736 1895 1938 1971 μέρεσι,
1971 1917 2020 1984 Β
2051 1888 2306 1984 ἡλιακῶν.
2350 1889 2646 1984 αύγασμῶν
2682 1889 2834 1984 ’-ὅτε
2872 1887 2931 1946 δὲ
2980 1888 3216 1984 ςυδέλθη
3257 1892 3348 1984 τῷ-
3387 1891 3542 1984 ἡλίω
3570 1893 3712 1984 πρὸς

287 1995 397 2047 τῶν
436 1977 651 2066 ἐτέρων
704 1987 753 2046 δ’
809 1989 874 2045 αὗ
930 1985 1027 2044 δύο
1089 1991 1266 2065 μερῶν
1321 1987 1456 2044 κατά
1511 1983 1800 2060 διάμετρον
1847 1985 1939 2042 καὶ
1971 1977 2015 1984 ”
2047 1979 2140 2036 τὸν
2190 1978 2348 2035 αὑτὸν
2395 1978 2535 2035 ὥστε
2583 1977 2885 2036 συνοδεύειν
2934 1978 3101 2053 αύτῷ,
3141 1980 3268 2036 τότε
3295 1981 3364 2036 τὰ
3394 1979 3714 2059 ὑψηλότερα

288 2079 464 2136 αὐτῶν
511 2083 610 2136 τοῦ
661 2079 758 2154 μὲν
807 2077 1164 2140 ὑπονεύοντος
1213 2075 1350 2152 πρὸς
1397 2082 1516 2140 τοῖς
1574 2075 1940 2153 βορειοτέροις

285 2173 384 2225 τοῦ
414 2169 810 2244 στερεώματος,
862 2171 961 2224 τοῦ
1012 2164 1069 2222 δὲ
1116 2166 1253 2242 πρὸς
1298 2171 1416 2229 τοῖς
1446 2166 1816 2239 νοτιωτέροις·
1851 2163 1941 2220 ὅτε

290 2257 386 2331 μὲν
447 2255 720 2335 διέρχεται
773 2257 843 2314 τὰ
901 2257 1004 2313 ὑπὸ
1058 2256 1129 2312 κὰ
1181 2255 1317 2330 μέσα
1385 2258 1484 2312 τοῦ
1543 2255 1936 2329 στερεώματος,

285 2347 384 2410 τὰς
433 2345 718 2424 ἰσημερίας
763 2349 953 2402 ποιεῖ·
1001 2347 1101 2416 τὴν
1151 2344 1393 2422 ἐαρινὴν,
1439 2343 1545 2399 ἀπὸ
1600 2347 1710 2399 τῶν
1742 2341 1937 2398 νοτίων

289 2433 590 2510 ἐρχόμενος
625 2452 638 2465 ·
691 2435 1040 2513 ὑποστρέφων
1091 2433 1152 2490 ἐκ
1193 2437 1300 2488 τῶν
1355 2431 1606 2510 βορείων,
1669 2433 1769 2503 τήν
1816 2443 1940 2512 φθι-

287 2525 598 2600 νοπωρινήν
631 2539 646 2556 ⁸
706 2521 796 2580 ὅτε
843 2520 902 2578 δὶ
945 2522 1010 2579 τὸ
1055 2526 1154 2579 τοῦ
1185 2521 1388 2578 οἰκείου
1417 2519 1624 2578 κύκλου
1649 2527 1850 2594 τμῆμα
1877 2521 1940 2576 τὸ

293 2611 638 2688 βορειότατον
662 2609 843 2682 δίεισι,
874 2611 999 2668 τότε
1033 2612 1136 2682 τὴν
1181 2613 1396 2687 θερινήν
1448 2608 1591 2688 ὣραν
1641 2607 1936 2666 ἀποτελεῖ·

286 2700 388 2772 τήν
419 2703 739 2779 ’χειμερινήν
772 2700 956 2775 πάλιν,
989 2699 1080 2757 ὅτε
1105 2701 1167 2756 τὸ
1192 2700 1537 2775 νοτιώτερον.

362 2809 664 2888 Ἀφέστηκε
721 2806 780 2865 δέ
834 2813 1052 2885 πρῶτος
1105 2812 1204 2865 τοῦ
1279 2808 1656 2885 στερεώματος
1729 2805 1940 2879 πλάνης

288 2896 459 2975 ἀστὴρ
507 2897 738 2972 Κρόνος,
787 2899 816 2954 6
854 2897 944 2954 καὶ
977 2895 1194 2953 Φαίνων
1221 2896 1585 2970 καλούμενος,
1615 2897 1708 2953 τὸν
1737 2897 1936 2953 οἰκεῖον

286 2985 490 3043 κύκλον
552 2985 622 3043 δι’
682 2987 816 3043 ἐτῶν
869 2988 1158 3064 τριάκοντα
1203 2983 1581 3063 διερχόμενος.
1638 2987 1938 3062 Κατωτέρω

285 3075 481 3132 τούτου
539 3077 685 3148 Ζεὺς,
743 3077 772 3132 6
829 3076 918 3132 καὶ
977 3074 1199 3132 Φαέθων
1269 3073 1597 3148 δωδεκαετίᾳ
1647 3077 1715 3145 τή
1773 3075 1938 3131 αὑτοῦ

283 3163 624 3237 πλανητικῆν
676 3165 983 3241 ἀπαρτίζων
1033 3163 1310 3242 περίοδον.
1360 3165 1488 3221 Μετ’
1535 3163 1696 3220 αὐτόν
1744 3185 1804 3220 τε
1847 3163 1936 3220 καὶ

286 3251 376 3309 ὑπ’
428 3253 586 3310 αὐτὸν
619 3257 812 3331 νΑρης,
856 3255 886 3309 6
937 3254 1028 3310 καὶ
1075 3252 1318 3330 πυρόεις,
1370 3247 1506 3309 ἔτεσι
1549 3251 1645 3309 δύο
1674 3253 1764 3309 καὶ
1801 3253 1936 3328 μησὶ
1966 3292 2011 3360 c

284 3343 444 3398 πέντε
497 3342 589 3398 καὶ
644 3343 781 3418 πρὸς
835 3343 935 3414 τὴν
999 3340 1138 3399 ἰδίαν
1188 3343 1556 3422 περιστροφὴν
1619 3341 1933 3420 ἐκπληρῶν.

286 3430 417 3487 Εἶτα
463 3431 718 3508 τέταρτος
775 3432 864 3488 καὶ
919 3431 1057 3488 κατᾶ
1109 3432 1172 3488 τὸ
1225 3436 1327 3487 τοῦ
1357 3431 1573 3509 αἰθέρος
1617 3431 1933 3507 μεσαίτατον

283 3517 449 3589 ἥλιος
482 3517 550 3575 δι²
610 3520 850 3576 ἐνιαυτοῦ
897 3520 1135 3598 περαίῶν
1193 3521 1293 3590 τὴν
1353 3520 1518 3577 αὐτοῦ
1569 3519 1932 3598 περιέλευσιν’

2053 2069 2191 2146 μέρη
2242 2071 2413 2125 πάντα
2460 2067 2804 2149 φωτιζομένη
2858 2070 2926 2125 τὰ
2973 2070 3110 2147 πρὸς
3139 2069 3231 2125 τὸν
3267 2069 3519 2148 οὐρανὸν,
3563 2071 3712 2149 ἀφώ-

2046 2180 2228 2223 τιστος
2287 2158 2584 2235 εὑρίσκεται
2645 2155 2835 2215 διόλου
2882 2157 2951 2214 τὰ
2996 2160 3144 2214 κάτω
3195 2159 3284 2215 καὶ
3355 2161 3493 2237 πρὸς
3562 2163 3714 2235 ἡμᾶς

2049 2246 2138 2304 ὅτε
2171 2245 2218 2302 δ’
2271 2246 2337 2303 αὗ
2393 2248 2713 2326 παραμείψῃ
2795 2248 2886 2303 τὸν
2945 2247 3132 2322 ἥλιον,
3192 2246 3418 2326 ἄρχεται
3462 2251 3533 2306 τά
3563 2252 3716 2308 κάτω

2050 2337 2370 2416 φωτίζεσθαι
2414 2339 2553 2415 πρὸς
2602 2335 2766 2414 λόγον
2812 2344 2912 2408 τῆς
2961 2337 3352 2416 παραμείψεως
3411 2338 3717 2418 γινομένης

2051 2427 2132 2484 ἀεὶ
2162 2434 2263 2498 τῆς
2293 2425 2556 2506 φαύσεως.

2121 2523 2272 2573 ’Ἐστι
2331 2513 2397 2588 δὴ
2462 2517 2624 2591 μέσον
2691 2520 2794 2572 τοῦ
2861 2517 3240 2595 στερεώματος
3296 2515 3510 2582 πλάτος
3564 2517 3716 2577 πολὺ

2047 2606 2305 2664 κυκλικὸν
2333 2606 2424 2662 καὶ
2475 2606 2634 2678 λοξὸν
2698 2606 2784 2685 ὑφ’
2816 2604 2849 2662 ὅ
2874 2610 3156 2664 ποιοῦνται
3185 2608 3286 2678 τὴν
3317 2607 3534 2679 κίνησιν
3566 2611 3711 2666 πάν-

2046 2719 2134 2759 τες
2192 2697 2243 2752 οἱ
2290 2694 2585 2767 πλάνητες.
2637 2694 2772 2752 Οὐδὲ
2818 2697 2920 2775 γὰρ
2966 2695 3030 2752 τὸ
3079 2696 3362 2774 στερέωμα
3407 2704 3513 2755 πᾶν
3582 2699 3716 2756 ὑπο-

2047 2784 2326 2864 τρέχουσι.
2375 2786 2446 2840 Τὸ
2491 2790 2739 2841 τοιοῦτον
2792 2784 3135 2843 πλατύτατον
3185 2786 3462 2862 κύκλωμα
3507 2789 3575 2845 τὸ
3618 2787 3716 2846 λο-

2049 2877 2134 2948 ξὸν
2195 2873 2362 2952 ἄστρα
2417 2874 2565 2954 φέρει
2633 2873 2845 2945 πολλὰ,
2913 2875 3353 2955 σκιαγραφοῦντά
3426 2899 3548 2941 πως
3600 2877 3714 2948 ζῶά

2047 2987 2187 3025 τινα.
2221 2965 2334 3020 Κάκ
2360 2971 2460 3033 τῆς
2489 2963 2748 3036 τοιαύτης
2777 2965 3137 3044 σκιαγραφίας
3166 2968 3264 3036 τῆς
3295 2967 3709 3043 συγκεχυμένης

2046 3056 2135 3112 καὶ
2187 3051 2465 3130 ἀμυδορᾶς
2525 3057 2636 3123 ζῶα
2685 3051 3014 3126 κεκλήκασιν
3077 3056 3130 3110 οἱ
3183 3059 3291 3110 τῶν
3350 3055 3699 3134 ἀστρολόγων

2049 3143 2398 3222 ἀρχαιότεροι
2445 3142 2513 3197 τὰ
2559 3147 3017 3222 σκιαγραφήματα
3056 3163 3070 3176 ·
3129 3144 3221 3200 καὶ
3268 3145 3372 3215 τὴν
3431 3145 3694 3222 περιοχὴν

2046 3234 2222 3289 αὐτῶν
2252 3237 2424 3288 πᾶσαν
2457 3229 2658 3287 κύκλον
2691 3229 2978 3305 ζωδιακὸν,
3011 3233 3102 3290 καὶ
3135 3231 3257 3290 λίαν
3286 3233 3702 3312 ταταχρησάμε-

2045 3345 2130 3380 νοι
2158 3327 2278 3385 τοῖς
2310 3321 2597 3396 ὀνόμασιν.

2115 3415 2245 3471 Ὑπὸ
2301 3415 2365 3471 τὸ
2414 3417 2512 3471 τοῦ
2573 3409 2845 3484 ζωδιακοῦ
2908 3413 2972 3469 τὸ
3068 3411 3384 3488 μεσαίτατον
3461 3409 3693 3488 ὁμαλῶς

2045 3503 2073 3560 6
2115 3501 2278 3574 ἥλιος
2326 3511 2549 3561 κινεῖται
2602 3503 2864 3575 δηνεκῶς,
2906 3503 3006 3572 τὴν
3063 3501 3170 3558 ἀπὸ
3212 3499 3432 3582 δυσμῶν
3467 3501 3545 3565 εἰς
3581 3504 3707 3559 ἀνα-

283 3609 457 3684 ἤγουν
519 3606 608 3664 διὰ
660 3589 1024 3686 νυχθημέρων
1077 3609 1400 3686 τριακοσίων
1465 3589 1727 3682 ἐξήκοντα
1775 3611 1936 3666 πέντε
2040 3593 2243 3686 τῩλᾴςί
2291 3595 2352 3686 οῖ-
2401 3592 2448 3650 δ’
2497 3593 2667 3686 ἄλλοί
2694 3593 2974 3686 πλάνητες
3026 3589 3347 3686 amet???
3409 3591 3706 3686 φερόμενοξ

282 3679 374 3753 xi}
429 3679 926 3776 τετάρτου.”’Μέτ”
957 3679 1122 3755 αὐτίκ’
1171 3679 1608 3778 ’Δφρόδίτη,’,ξαὶ
1634 3701 1722 3755 ὑπ’
1763 3699 1928 3770 αὐτὴν
2039 3683 2102 3738 τὸ
2151 3681 2257 3738 ὑπὸ
2302 3684 2394 3738 τὸν
2445 3681 2711 3754 ζωδιακὸν
2762 3681 2975 3745 πλάτος
3009 3687 3113 3737 πᾶν
3143 3679 3533 3753 ἐξαλλάττουσι
3565 3701 3579 3714 ·
3612 3680 3707 3738 καὶ

277 3767 588 3865 Ἐωσφόρος
645 3788 675 3842 6
727 3786 901 3865 ἀστὴρ
954 3788 1130 3850 οὗτος.
1185 3767 1364 3846 Ἀλλὰ
1543 3791 1834 3866 Ἕσπερος·
1865 3767 1931 3844 ιέὸ
2039 3772 2174 3866 ποτὲ
2205 3772 2312 3866 ,μὲν
2364 3771 2452 3828 ἐπὶ
2491 3772 2806 3866 τὰμβόρειμα
2853 3769 3096 3866 γίνονται
3125 3769 3348 3866 τούτου,
3372 3771 3506 3866 ποτε
3537 3767 3583 3825 δ’
3614 3769 3705 3826 ἐπὶ

279 3875 374 3949 μὲν
431 3858 536 3953 γάρ
594 3877 704 3933 ἐστι
755 3858 1147 3934 καίκαλεῖται
1206 3879 1307 3947 τῆς
1365 3876 1528 3949 ἡλίου
1575 3858 1925 3955 προανίσχων
2035 3859 2520 3955 τάηνότιανῂποτὶ
2578 3859 2781 3955 86AM?-
2838 3861 2973 3955 πρὸς
3030 3859 3104 3955 [τὸ-
3142 3858 3303 3934 μέσον
3336 3859 3700 3955 εὑρίξτκοντεξι·

275 3947 554 4047 ἐπιτοιλῆς·
587 3966 649 4020 τὸ
680 3964 729 4022 δ’
767 3966 932 4023 αὑτοῦ
977 3947 1397 4042 καταδυομένουγ
1425 3947 1748 4047 φαινόμενος
1791 3947 1928 4046 πρὸς
2037 3949 2284 4047 Μάλξστα
2429 3956 2558 4047 fa)"
2588 3948 2829 4047 ﬁDMNV‘
2872 3953 2908 4021 ἦ
2934 4040 2946 4047 ι
2971 3947 3174 4047 σελήνη
3230 3949 3538 4047 ποξουμένᾩ

263 4044 522 4128 δυσμαῖς.
582 4055 711 4132 Περὶ
773 4063 877 4126 τῆς
959 4056 1124 4112 αὐτοῦ
1210 4036 1448 4136 φυσικῆς
1525 4036 1790 4128 κινήσεως
1836 4036 1926 4113 ὀἱ
2033 4039 2288 4112 τοιαύτην
2323 4039 2665 4136 -έξίξλλαγῆν,
2709 4041 2845 4136 ποτὲ
2896 4036 3238 4136 μὲν-ἄνεξσιν
3298 4039 3376 4103 ὡς
3432 4039 3570 4136 τξΡξξ
3606 4037 3701 4136 βός

270 4125 769 4221 ἀστρολογήσαντες
829 4125 1342 4225 διεφώνησαν.,’Καὶ
1399 4125 1468 4202 ὀι
1550 4125 1644 4220 μὲν
1726 4144 1922 4226 ἔφασαν
2034 4149 2170 4226 PF“:
2207 4128 2472 4226 3016‘s?
2501 4131 2734 4226 κάτεισξν
2765 4129 2872 4226 ,ὡς
2920 4128 3057 4226 τῗξὸς
3087 4128 3240 4226 νέτια
3271 4146 3284 4161 ’
3346 4128 3482 4184 ποτὲ
3513 4125 3572 4184 δὲ
3601 4126 3701 4183 καὶ

269 4217 427 4288 αὐτὸν
463 4217 774 4310 ἰσοδρομεῖν
803 4239 884 4308 τῷ
913 4217 1085 4308 ἡλίιμ·
1115 4240 1234 4297 τοῖς
1267 4232 1326 4290 δὲ
1360 4235 1524 4310 μησὶν
1552 4217 1720 4292 -ὁκτὼ
1765 4217 1925 4310 ’περι-
2029 4218 2122 4274 τὸν
2158 4220 2317 4294 μέσον
2351 4217 2526 4275 ὁδεύει
2555 4220 2647 4275 τὸν
2686 4220 2788 4276 ὑπὸ
2816 4218 2908 4275 τὸν
2937 4218 3191 4290 ἡλιακόν·
3562 4284 3568 4289 .

267 4321 484 4396 τρέχειν
539 4321 633 4378 τὸν
685 4321 821 4379 ἴδιον
869 4321 1072 4379 κύκλον
1138 4321 1314 4394 ἔδοξεν
1387 4321 1564 4388 οὗτος.
1645 4327 1844 4388 Ἕκτος
1893 4315 1921 4380 6
2102 4326 2247 4383 Κατά
2305 4331 2434 4404 γοῦν
2481 4329 2582 4398 τὴν
2637 4327 2804 4398 αὐτῆς
2847 4326 2985 4404 πρὸς
3039 4326 3132 4382 τὸν
3207 4324 3372 4397 ἥλιον
3441 4324 3697 4398 σύνρδον,

267 4409 498 4496 Ἑρμῆς,
553 4411 581 4466 6
641 4407 700 4466 δὲ
757 4407 1030 4484 Στίλϐων,
1073 4411 1125 4468 ἐν
1177 4410 1229 4483 ἐξ
1281 4412 1415 4487 μησὶ
1464 4413 1554 4468 καὶ
1601 4414 1836 4496 ἡμέραις
1867 4410 1919 4485 ἔξ
2033 4415 2347 4494 βορειοτέρα
2397 4417 2492 4491 μέν
2551 4417 2684 4474 οὖσα
2731 4417 2821 4474 καὶ
2870 4418 3187 4492 νοτιωτέρα,
3225 4416 3320 4472 τὸν
3348 4415 3512 4486 ἥλιον
3548 4415 3690 4472 ὑπο-

268 4498 369 4567 τὴν
428 4495 566 4570 ὅλην
614 4499 779 4555 αὑτοῦ
833 4499 1164 4574 ποιούμενος
1220 4500 1623 4579 περιπόρευσιν.
1683 4504 1802 4558 Τισὶ
1862 4501 1920 4559 δὲ
2027 4506 2240 4560 σκιάσαι
2283 4507 2373 4562 καὶ
2420 4506 2621 4582 κρύψαι
2668 4506 2731 4562 οὑ
2780 4504 3000 4565 δύναται
3036 4524 3050 4539 '
3101 4507 3237 4562 κατά
3285 4503 3345 4561 δὲ
3393 4506 3693 4579 τὸν,μέσον

267 4605 374 4642 των
429 4587 781 4665 ἀστρολόγων
856 4589 1179 4644 ἐνιαυσιαῖον
1253 4590 1344 4646 καὶ
1419 4591 1579 4654 οὗτος
1633 4594 1916 4648 ’ποιεῖσθαι
1949 4669 1978 4673 _
2027 4593 2395 4668 εὑρισκομένηι
2430 4595 2533 4664 ,καὶ
2587 4599 2668 4669 τῷ
2724 4595 2876 4670 ἡλίῳ
2931 4594 3195 4673 γινομένη
3245 4595 3373 4651 τότε
3431 4593 3498 4673 δὴ
3554 4595 3697 4669 (καὶ)

263 4676 356 4732 τὸν
388 4675 591 4765 δρόμον
645 4678 1016 4750 ὑπείληπται,
1050 4679 1288 4756 καθάπερ
1339 4679 1367 4734 6
1414 4679 1599 4750 ἥλιος.
1669 4677 1915 4759 Ἀκριϐέ-
1947 4669 1992 4734 D
2021 4685 2158 4740 κατά
2231 4684 2476 4758 κάθετον,
2552 4685 2804 4765 φραγμὸν
2852 4669 3086 4755 νέαυτήν
3162 4683 3254 4740 καὶ
3334 4669 3698 4759 διατέίχισμα

267 4786 446 4844 στεροι
499 4763 556 4824 δὲ
616 4766 830 4842 μᾶλλον
891 4765 1140 4824 δοκοῦσιν
1203 4769 1256 4824 οἱ
1309 4767 1517 4826 ἐλάττω
1545 4775 1642 4826 τοῦ
1671 4770 1918 4828 ἐνιαυτοῦ
2025 4771 2207 4842 τίθησι
2264 4773 2424 4847 μέσον
2466 4763 2630 4844 ἡλίον
2669 4774 2762 4830 καὶ
2810 4775 2996 4847 ἡμῶν,
3049 4772 3139 4829 καὶ
3209 4772 3385 4836 οὕτως
3454 4771 3695 4848 ἀποκρύ-

262 4861 380 4920 τοῖς
430 4857 738 4932 εἰρημένοις
790 4856 909 4914 δυσί
959 4855 1202 4929 πλάνησι
1246 4858 1339 4914 τὸν
1407 4866 1510 4930 τῆς
1560 4867 1792 4938 φυσικῆς
1835 4883 1917 4918 κι-
2025 4881 2147 4916 πτει
2197 4863 2290 4917 τὸν
2336 4860 2498 4932 ἥλιον
2550 4864 2638 4943 ἀφ’
2667 4859 2850 4937 ἡμῶν·
2883 4863 2976 4919 καὶ
3012 4860 3125 4918 οὔτ’
3156 4861 3322 4918 αὑτοῦ
3345 4863 3440 4925 τὰς
3469 4860 3691 4924 ἀκτῖνας

261 4949 470 5017 νήσεως
520 4946 721 5025 χρόνον
769 4947 1204 5027 ἀποφηνάμενοι,
1265 4947 1403 5003 κατά
1467 4951 1568 5018 τήν
1614 4948 1762 5020 τάξιν
1811 4957 1912 5020 τῆς
2022 4948 2083 5020 ἐᾷ
2112 4947 2424 5006 διικνεῖσθαι
2455 4953 2607 5028 πρὸςκ
2625 4952 2716 5008 τὸν
2745 4953 2866 5018 καθ’
2909 4954 3062 5025 ἡμᾶς
3109 4951 3241 5028 ἀέρα
3289 4943 3382 5026 καῖ
3432 4948 3691 5027 φωτίζείν

259 5037 398 5112 πρὸς
439 5035 566 5098 τοὺς
613 5033 821 5099 ἄλλους
869 5035 1142 5110 πλάςητα,
1197 5030 1537 5098 ὑποϐάσεως.
1589 5037 1735 5092 Μετά
1783 5037 1913 5094 πάν·
2021 5038 2204 5108 αὑτὸν,
2232 5035 2520 5114 οὕσ’ἡμᾶς
2559 5041 2651 5096 τὸν
2691 5039 2850 5112 ἣλιον
2901 5041 3022 5106 καθ’
3069 5041 3202 5117 ὅπερ
3253 5036 3319 5094 ἄν’
3369 5034 3687 5114 ὑποδράμοι

256 5143 352 5188 τας
383 5125 608 5202 ἀστέρας
638 5128 674 5196 ἡ
707 5124 910 5196 σελήνη
941 5124 1189 5181 τέτακται
1221 5125 1536 5181 κατωτάτω·
1579 5127 1719 5204 πρὸς
1751 5124 1818 5196 δὴ
1845 5128 1909 5184 τὸ
2024 5128 2189 5206 μέρος
2217 5127 2377 5184 αὑτὸν
2407 5135 2663 5207 καθορᾷν.
3269 5144 3274 5149 ’

257 5216 424 5292 πέρας
472 5215 601 5273 αὐτὸ
648 5220 747 5271 τοῦ
797 5215 1014 5293 αἰθέρος
1061 5214 1124 5271 τό
1173 5235 1238 5292 γε
1271 5213 1655 5289 τεθολωμένον
1704 5216 1778 5279 ὡς
1827 5221 1907 5291 τῷ
2088 5217 2186 5273 Καὶ
2214 5218 2315 5287 τῆν
2365 5217 2624 5292 τοιαύτην
2659 5218 2976 5294 σύμπτωςιν
3026 5217 3270 5295 ἔκλειψιν
3300 5215 3473 5288 ἡλίου
3505 5236 3684 5295 προσ-

257 5303 631 5377 ὑπεκκαύματι
686 5305 975 5382 συμμιγές.
1036 5303 1185 5376 Αὕτη
1261 5303 1622 5382 σμικρότατον
1703 5303 1905 5383 ἔχουσα
2013 5306 2365 5385 ηγορεύκασιν
2459 5307 2522 5364 οὑ
2631 5314 2752 5374 ταῖς
2853 5308 3138 5383 ἀληθείαις
3201 5311 3309 5376 ,τοῦ
3387 5309 3684 5386 φωστῆρος

253 5392 329 5454 ὡς
387 5391 792 5468 χθαλαλωτάτη
839 5394 930 5450 καὶ
986 5394 1382 5470 προσγειοτάτη
1444 5393 1726 5468 συντόμως
1770 5395 1901 5452 αὐτὸ
2014 5395 2378 5470 ἐκλείποντος,
2410 5395 2558 5455 ἀλλά
2606 5395 2895 5462 δοκοῦντος
2945 5397 3242 5469 ἐκλείπειν,
3297 5394 3358 5452 ἐκ
3398 5399 3498 5451 τοῦ
3554 5395 3685 5470 μήτ’

252 5480 421 5537 ἀνύει.
480 5484 558 5538 Δι’
614 5486 834 5559 ἡμερῶν
885 5485 988 5560 γὰρ
1037 5483 1172 5538 έπτά
1216 5504 1276 5538 τε
1312 5483 1403 5540 καὶ
1433 5481 1602 5539 εἷϐιοσι
1633 5483 1723 5540 καί
1749 5506 1899 5550 τινος
2012 5485 2261 5561 αὑγάζειν
2290 5488 2416 5561 μήθ’
2456 5487 2701 5564 ὁρᾶσθαι,
2749 5493 2851 5545 τοῦ
2903 5491 3003 5559 τῆς
3051 5485 3292 5560 σελήνης
3341 5481 3685 5562 διείργοντος

248 5567 487 5642 ἡμίσους
542 5571 778 5647 μάλιστά
824 5594 943 5636 πως
999 5574 1211 5648 ἡμέρας
1244 5579 1394 5649 μιᾶς.
1443 5575 1536 5630 Διὸ
1561 5574 1652 5630 καὶ
1681 5572 1896 5632 πολλά·
2009 5575 2286 5649 σώματος.

243 5677 332 5748 xi:
378 5663 476 5715 τοῦ
528 5661 770 5720 ἐναντίου
825 5664 917 5718 καὶ
973 5663 1157 5741 φθάνει
1213 5662 1306 5720 καὶ
1388 5659 1716 5739 παραμείϐει
1802 5666 1895 5722 τὸν
2078 5666 2163 5721 Ἐν
2215 5661 2275 5720 δὲ
2321 5670 2443 5729 ταῖς
2491 5667 2769 5733 τοιαύταις
2815 5669 3022 5748 γίνεται
3072 5673 3176 5738 τῆς
3245 5663 3482 5736 σελήνης
3530 5662 3678 5719 ὕπο·-

227 5740 428 5814 πῆλιον,
988 5740 993 5741 ν
2001 5751 2234 5833 δρομαῖς
2291 5753 2507 5827 ὁῆλιος
2560 5759 2698 5835 ἡμῖν
2750 5740 2965 5844 ἀφανὴς
3009 5755 3186 5817 ἐνίοτε
3241 5755 3342 5832 μὶν
3403 5751 3562 5824 ὅλος,
3601 5753 3677 5810 τὰ
