4072 6436
370 424 528 490 1361

1597 427 2018 494 EXPOBITIO
2060 429 2141 495 IN
2184 431 2575 501 PSALMOS.

3643 433 3806 496 i362

371 557 559 617 πολλά
591 555 649 614 δὲ
677 557 814 614 κατά
839 578 893 612 τι
929 555 1092 635 μέρος
1134 555 1298 613 αὑτοῦ
1344 557 1480 635 πρὸς
1521 556 1685 635 λόγον
1730 565 1832 630 τῆς
1889 561 2022 617 ὑπο·
2053 564 2108 632 Α
2137 560 2262 618 ὅσον
2323 563 2463 636 πρὸς
2519 565 2620 634 τὴν
2678 571 2779 642 γῆν
2837 564 2902 622 τὸ
2960 567 3120 638 σῶμα
3178 565 3277 634 τῆς
3334 561 3571 635 σελήνης
3631 562 3794 624 ἐστίν.

370 649 642 728 κρύψεως.
701 649 860 704 Ὅσον
923 649 1023 726 γάρ
1093 642 1431 720 ὑποϐέϐηκεν
1486 651 1522 718 ἡ
1575 647 1800 721 σελήνη,
1841 655 2031 706 τοσοῦ-

366 760 457 796 τον
507 739 598 795 καὶ
645 740 782 810 ἡμῖν
828 737 1182 815 ἀκαθόρατονο
1213 741 1377 793 τοῦτο
1426 737 1517 793 καὶ
1564 737 1703 814 πρὸς
1746 739 1896 811 ἡμᾶς
1931 738 2032 795 ούκ

367 829 638 904 ἐκπέμπει
664 827 728 884 τὸ
759 831 895 904 φῶς.

434 934 597 993 Ἀλλ’
647 937 683 1006 ἡ
737 935 832 1008 μὲν
895 933 1165 1012 λεγομένη
1220 934 1359 990 κατά
1409 933 1502 989 τὸν
1558 931 1723 1005 ⁴ἥλιον
1782 930 2026 1010 ἔκλειψις

365 1025 466 1083 ούκ
499 1021 611 1082 ἔστι
659 1025 832 1086 πάθος
880 1023 1068 1079 αὐτοῦ’
1101 1023 1276 1096 πάντη
1333 1024 1436 1100 γάρ
1494 1024 1761 1098 ἀμείωτον
1795 1024 1823 1079 6
1860 1021 2026 1094 ἥλιος

365 1115 484 1192 ἔχει
512 1115 578 1170 τὸ
607 1117 723 1193 φῶς
775 1111 858 1168 ἀεὶ
907 1111 998 1167 καὶ
1061 1111 1370 1188 εἰλικρινές,
1402 1113 1466 1168 Ἡ
1523 1110 1582 1168 δὲ
1634 1119 1735 1184 τῆς
1789 1110 2026 1184 σελήνης

365 1202 610 1278 ἔκλειψις
664 1201 834 1272 αὐτῆς
889 1208 990 1272 τῆς
1041 1200 1283 1273 σελήνης
1339 1200 1512 1265 πάθος
1571 1200 1700 1257 ἐστί·
1760 1202 1851 1258 καὶ
1906 1209 2026 1258 κατ’

365 1293 647 1365 ἀλήθειαν,
680 1290 808 1349 ἀλλ’
839 1290 900 1348 ού
930 1292 1066 1347 κατά
1095 1289 1319 1363 δόκησιν
1347 1286 1611 1367 ἔκλειψις.

435 1401 566 1458 ’Ότε
595 1399 700 1476 γὰρ
739 1402 775 1471 ἡ
811 1398 1017 1470 σελήνη
1047 1402 1128 1470 τῷ
1165 1395 1316 1472 ἡλίῳ
1343 1399 1480 1455 κατά
1537 1396 1824 1474 διάμετρον
1881 1399 2020 1476 γίνε-

361 1511 452 1548 ται
509 1490 648 1566 πρὸς
703 1488 798 1562 μέν
853 1492 970 1550 τοῖς
1032 1487 1136 1543 ὑπὸ
1189 1487 1282 1542 τὸν
1343 1484 1608 1557 ζωδιακὸν
1660 1487 2017 1562 εὑρισκομένη

365 1578 612 1658 βορείοις
667 1577 758 1634 καὶ
805 1576 1028 1649 νοτίοις,
1086 1576 1229 1650 μένει
1283 1573 1454 1651 μηδὲν
1512 1578 1801 1653 πάσχουσα
1870 1599 2020 1652 παμ-

364 1671 528 1749 φαήςο
562 1667 616 1722 ἐν
643 1671 722 1738 τῷ
756 1665 905 1741 μέσῳ
935 1664 994 1721 δὲ
1023 1670 1271 1742 τυχοῦσα
1309 1667 1399 1720 καὶ
1445 1667 1537 1721 τὸν
1593 1665 1826 1736 ἡλιακὸν
1886 1667 2022 1722 ὑπο-

360 1758 628 1827 τείνουσα,
659 1755 781 1811 τότε
834 1761 938 1826 τῆς
995 1762 1102 1831 γῆς
1159 1753 1621 1832 διατειχιζούσης,
1683 1755 1744 1811 ού
1805 1755 2021 1832 δέχεται

358 1849 455 1911 τὰς
513 1846 564 1921 ἐξ
622 1845 789 1916 ἡλίου
855 1843 1044 1922 αὐγάς·
1101 1845 1194 1900 καὶ
1239 1845 1419 1900 καθ’ὃ
1463 1844 1626 1922 μέρος
1685 1847 1748 1900 ού
1804 1843 2018 1922 δέχεται

2142 648 2252 729 εἰ¹γε
2297 653 2364 708 τά
2416 653 2542 731 περὶ
2588 655 2652 710 τὸ
2699 653 2862 732 ἄκρον
2907 656 3010 724 τῆς
3041 653 3101 710 ἐκ
3136 656 3240 730 γῆς
3271 659 3423 717 σκιᾶς
3453 654 3544 710 καὶ
3600 655 3795 718 νυκτὸς

2139 739 2269 797 ὅλον
2311 741 2443 798 αὐτὸ
2501 741 2750 800 δύναιντο
2806 748 3109 821 περισχεῖν.
3141 742 3246 800 Καὶ
3299 744 3447 798 τοῦθ’
3503 745 3641 818 ἡμῖν
3699 743 3790 798 ἐπὶ

2135 836 2254 894 τοῖς
2282 829 2645 908 δεδειγμένοις
2689 831 2752 890 ού
2800 836 3130 912 γραμμικῶς
3169 829 3316 889 ἀλλᾶ
3363 829 3602 908 λογικῶς
3651 830 3790 890 ἔστω

2138 916 2206 991 δὴ
2237 920 2505 998 πόρισμα.

2211 1027 2333 1084 «Τί
2390 1027 2530 1084 ἐστιν
2607 1026 2908 1103 ἅνθρωπος,
2985 1027 3070 1085 ὅτι
3148 1030 3426 1104 μιμνήσκῃ
3499 1027 3703 1100 αύτοῦς
3756 1053 3789 1084 ››

2135 1115 2208 1171 Ού
2241 1113 2390 1173 δοκεῖ
2422 1114 2638 1191 μοιδιά
2681 1119 2782 1188 τὴν
2823 1115 3170 1195 ἀνθρωπίνην
3221 1115 3494 1174 εὐτέλειαν
3543 1117 3787 1194 εἰρῆσθαι

2132 1210 2293 1262 τοῦτο
2353 1203 2779 1283 διαπορητικῶς⁶
2835 1207 2904 1262 τὰ
2958 1208 3062 1284 γὰρ
3119 1207 3243 1280 ἑξῆς
3305 1206 3406 1275 τήν
3463 1203 3785 1282 διαπόρησιν

2132 1294 2359 1372 ἀναιρεῖ.
2400 1295 2499 1351 Καὶ
2547 1296 2652 1373 γάρ
2703 1295 2748 1351 εἰ
2802 1294 2981 1374 βραχύ
3029 1317 3081 1351 τι
3130 1296 3258 1371 παρ’
3306 1292 3578 1372 ἀγγέλους
3607 1294 3782 1367 ἠλάτ-

2130 1404 2298 1440 τωται
2357 1383 2663 1461 ἄνθρωπος,
2721 1384 2812 1440 καὶ
2869 1381 2996 1459 δόξῃ
3049 1383 3140 1440 καὶ
3194 1387 3333 1459 τιμῇ
3397 1383 3781 1464 ἐστεφάνωται,

2129 1472 2220 1528 καὶ
2297 1472 2550 1551 βασιλεὺς
2620 1478 2729 1529 τῶν
2797 1472 3052 1550 ἐπιγείων
3117 1471 3587 1550 κεχειροτόνηται,
3639 1474 3782 1551 μέγα

2129 1562 2344 1626 πάντως
2375 1564 2404 1619 ὁ
2463 1563 2768 1640 ἄνθρωπος’
2830 1561 2969 1618 ὥστε
3028 1561 3240 1637 μᾶλλον
3297 1563 3661 1636 θαυμαστικὸν
3720 1563 3781 1620 ἂν

2132 1649 2216 1724 εἴη
2271 1653 2335 1708 τὸ
2383 1651 2436 1708 τί
2486 1652 2619 1709 ἐστι.
2672 1647 2839 1708 Βαϐαῖ
2886 1651 3055 1708 πόσον
3116 1650 3256 1708 ἐστέν
3325 1649 3643 1730 ἅνθρωποςί
3694 1651 3780 1711 ὅτι

2127 1740 2395 1813 τοσαύτην
2428 1741 2577 1819 ἔχεις
2609 1741 2839 1818 στοργήν
2876 1741 2952 1803 εἰς
2985 1739 3166 1811 αὑτὸν,
3199 1739 3282 1796 ὅτι
3313 1742 3546 1796 πάντοτε
3595 1742 3782 1816 μνείαν

2129 1831 2296 1888 αὐτοῦ
2347 1835 2502 1906 ποιῇ·
2551 1831 2643 1886 καὶ
2695 1829 2960 1906 πρότερον
3005 1830 3102 1904 μὶν
3158 1829 3265 1886 ἀπὸ
3311 1834 3408 1885 νοῦ
3455 1830 3789 1905 μακρυνθέν-

356 1913 579 2008 ταύτας,
641 1913 768 1990 οὐδὲ
820 1913 1136 2012 φωτίζεται.
1198 1933 1298 1989 Καὶ
1351 1913 1484 2010 ὅπερ
1534 1913 1680 2006 ἀὕτη
1739 1913 2021 2004 κατά-τὴν
2055 1940 2102 2006 Β
2131 1941 2226 1982 τος
2280 1917 2370 1975 διὰ
2423 1925 2525 1990 τῆς
2593 1913 2952 1996 παραϐάσεως
3017 1917 3080 1974 οὗ
3149 1915 3415 1982 διέλειπες
3484 1917 3788 1994 οἷκονομῶν

361 2024 661 2103 λεγομένην
721 2021 961 2094 ἡλιακὴν
1021 2021 1265 2098 ἔκλειψιν
1321 2021 1374 2078 ἐν
1425 2021 1638 2097 συνόδῳ
1695 2029 1867 2097 ποιεῖ,
1908 2021 2026 2078 δια-

364 2113 672 2194 φράττουσα
723 2113 816 2169 τὸν
881 2110 1043 2182 ἥλιον
1090 2111 1140 2186 ἐξ
1197 2114 1380 2187 ἡμῶν,
1434 2113 1582 2168 τοῦτ’
1641 2113 1693 2169 ἐν
1747 2109 2029 2189 διαμέτρῳ

364 2205 566 2280 πάσχει
597 2202 744 2278 παρά
765 2209 868 2272 τῆς
919 2208 1044 2278 γῆς’
1094 2200 1260 2272 ἡλίου
1298 2203 1401 2280 γάρ
1446 2201 1536 2258 καὶ
1592 2201 1832 2274 σελήνης
1883 2203 2028 2280 εὑρι-

368 2292 607 2368 σκομένη
637 2296 936 2364 τηνικαῦτα
969 2291 1131 2366 μέσον
1191 2294 1226 2364 ἡ
1285 2294 1379 2368 γῆ,
1429 2293 1567 2349 κατὰ
1616 2291 1741 2366 μίαν
1795 2291 2026 2365 εὐθεῖαν,

365 2381 572 2440 κωλύει
601 2382 699 2452 τήν
733 2379 970 2453 σελήνην
1009 2385 1130 2444 ταῖς
1187 2379 1239 2455 ἐξ
1295 2377 1461 2452 ἡλίου
1522 2379 1873 2455 λαμπηδόσιν
1932 2381 2028 2438 αύ-

367 2472 648 2549 γάζεσθαι.

441 2561 540 2617 Καὶ
599 2559 724 2616 ὅσον
785 2559 952 2631 αὐτῆς
1017 2557 1180 2636 μέρος
1227 2564 1348 2624 ταῖς
1407 2558 1666 2631 ἡλιακαῖς
1724 2559 1932 2616 ἀκτῖσιν
1967 2560 2030 2616 ού

371 2648 811 2723 καταλάμπεται,
900 2646 1048 2723 μένει
1138 2652 1306 2704 τοῦτο
1389 2649 1618 2723 πάμπαν
1702 2648 2028 2718 ἀφώτιστον.

373 2740 578 2797 Ἐνίοτε
636 2737 695 2795 δέ
750 2737 841 2794 καὶ
899 2743 1045 2794 πᾶσα
1104 2742 1361 2817 ζοφοῦται
1418 2738 1508 2794 καὶ
1574 2739 1639 2795 τὸ
1709 2743 1823 2816 φῶς
1899 2737 2030 2795 ὅλον

369 2827 702 2902 ἀπόλλυσιν,
729 2829 805 2893 ὡς
837 2827 927 2884 καὶ
962 2825 1140 2883 δοκεῖν
1187 2829 1534 2907 ἠφαντῶσθαι
1587 2827 1678 2883 καὶ
1741 2825 1883 2902 μηδέ
1937 2829 2030 2884 τὸν

367 2919 540 2975 τόπον
597 2918 651 2974 ἐν
699 2918 849 2996 ᾧπερ
895 2918 962 2988 ἦν
1012 2915 1158 2982 ὅλως
1221 2914 1689 2993 διαγινώσκεσθαι,
1747 2915 1829 2991 τῷ
1889 2914 2034 2991 μηδέ

367 3008 522 3065 σκιὰν
583 3006 754 3077 αὐτῆς
810 3007 907 3064 κᾶν
959 3010 1091 3082 γοῦν
1150 3003 1394 3082 ἆμυδράν
1448 3027 1569 3061 τινα
1615 3007 2029 3082 περισώζεσθαι.

367 3096 636 3167 Τοιαύτης
689 3096 780 3152 καὶ
828 3097 992 3170 ἡμεῖς
1039 3093 1370 3166 σεληνιακῆς
1413 3093 1711 3170 ἐκλείψεως
1769 3094 2031 3152 αὐτόπται

369 3185 696 3264 γεγόναμεν.

2136 2007 2302 2064 αὐτοῦ
2377 2009 2478 2079 τὴν
2557 2005 2877 2080 ἀνάκλησιν,
2945 2006 3036 2062 καὶ
3110 2011 3199 2062 νῦν
3263 2006 3662 2082 ἁμαρτάνοντος
3727 2009 3792 2067 06

2135 2097 2282 2174 παύῃ
2340 2099 2440 2168 τήν
2511 2097 2678 2154 αὑτοῦ
2739 2095 2905 2154 πάλιν
2973 2095 3490 2174 πραγματευόμενος
3547 2095 3795 2176 ἐπιστρο-

2139 2188 2244 2266 φὴν
2293 2185 2384 2243 καὶ
2435 2182 2738 2258 διόρθωσιν.
2773 2185 2861 2247 Ὠς
2906 2183 3166 2261 γεγονότα
3215 2181 3274 2240 δὲ
3334 2184 3404 2240 τὰ
3453 2183 3795 2262 γενησόμενα

2137 2273 2382 2354 προῖδὼν
2414 2273 2727 2352 ἐξαγγέλλει
2756 2277 2945 2347 ταῦτα,
2975 2273 3154 2336 καθὼς
3184 2273 3442 2350 ἑώρακεν.

2209 2406 2240 2435 ι(
2267 2381 2394 2446 Υἱὸς
2471 2381 2763 2459 ἀνθρώπου
2829 2378 2914 2437 ὅτι
2988 2379 3282 2456 ἐπισκέπτῃ
3349 2379 3526 2440 αὐτόν.
3574 2405 3604 2436 ››
3657 2382 3790 2440 Ἀπὸ

2137 2476 2347 2545 κοινοῦ,
2396 2471 2517 2535 Υἱὸς
2579 2471 2868 2548 ἀνθρώπου
2915 2469 2970 2526 τί
3017 2468 3180 2543 ἐστιν,
3211 2468 3294 2526 ὅτι
3345 2469 3521 2535 οὕτως
3577 2469 3788 2528 ἐπισκέ-

2138 2583 2247 2636 πτῃ
2299 2559 2500 2632 αύτόν;
2535 2559 2711 2623 Αὐτὸς
2758 2558 2821 2614 σὺ
2865 2558 3005 2636 πρὸς
3047 2558 3208 2616 αὐτὸν
3265 2559 3662 2638 ἀφικνούμενος
3717 2559 3790 2618 δι’

2141 2649 2622 2724 ἐνανθρωπήσεως,
2667 2645 2761 2703 ’ίνα
2805 2645 3220 2722 πεπλανημένον
3287 2647 3657 2724 ἐπανασώσῃς,
3710 2647 3789 2706 ἔτι

2139 2760 2199 2796 τε
2229 2737 2496 2810 διηνεκῶς
2525 2737 2686 2794 αὐτὸν
2719 2735 2949 2816 ἐφορῶν,
2977 2735 3068 2792 καὶ
3107 2734 3479 2814 σωτηριωδῶς
3527 2735 3786 2816 διεξάγων

2136 2828 2208 2886 τά
2253 2828 2369 2884 κατ’
2410 2824 2592 2884 αὐτόν.
2639 2824 2710 2882 Τό
2760 2823 2820 2880 δέ
2869 2825 2987 2888 υἱὸς
3025 2825 3337 2902 ἀνθρώπου,
3365 2826 3457 2882 καὶ
3511 2825 3642 2883 αὐτὸ
3693 2848 3789 2884 πε-

2145 2920 2510 2996 ριφραστικῶς
2537 2913 2651 2970 ἀντὶ
2696 2917 2796 2970 τοῦ
2843 2914 3130 2989 ἄνθρωπος
3177 2912 3412 2992 εἴρηταν
3442 2914 3793 2982 Ἦλάττωσας

2142 3006 2301 3063 αὐτὸν
2363 3003 2544 3083 βραχύ
2592 3025 2648 3061 τι
2703 3005 2833 3081 παρ’
2886 3002 3174 3080 ἀγγέλους.
3215 3028 3245 3059 ››
3303 3003 3567 3082 Ἄγγελον
3618 3002 3792 3062 ἄλλον

2144 3095 2408 3168 ἐποίησας
2454 3092 2612 3150 αὐτὸν
2659 3096 2738 3166 τῷ
2789 3091 3060 3170 μεγαλείῳ
3103 3099 3207 3164 τῆς
3268 3095 3615 3170 νοερότητοςο
3666 3093 3796 3152 ἀλλ’

2149 3183 2335 3262 ὀλίγον
2403 3181 2768 3254 ἐλαττονήσας
2831 3186 2952 3245 ταῖς
3020 3180 3279 3258 ἀνάγκαις
3342 3187 3439 3237 τοῦ
3514 3183 3792 3257 σώματος,

442 3275 499 3329 '0
561 3274 656 3348 μὲν
716 3272 809 3328 06v
864 3271 1025 3344 ἥλιος
1083 3272 1144 3328 ἐκ
1193 3276 1301 3329 τῶν
1361 3271 1703 3351 φαινομένων
1753 3270 1879 3350 περί
1934 3271 2032 3336 τὰς
2064 3308 2108 3376 C
2147 3274 2274 3350 δόξῃ
2309 3272 2400 3329 καὶ
2427 3275 2566 3347 τιμῇ
2599 3269 2968 3376 ἐστεφάνωσας
2996 3270 3176 3376 αὐτόν,
3213 3296 3234 3324 ι
3271 3269 3401 3346 δόξῃ
3444 3269 3535 3328 διὰ
3581 3271 3646 3327 τὸ
3694 3269 3792 3327 λο-

371 3366 470 3434 τῆς
535 3361 773 3434 σελήνης
845 3360 1114 3437 ἐκλείψεις
1174 3361 1372 3436 μείζων
1423 3363 1524 3431 τῆς
1606 3368 1709 3439 γῆς
1767 3359 2038 3417 ἀνενδοιά-

374 3473 515 3515 στως
569 3452 910 3528 γινώσκεται·
964 3452 1056 3506 καὶ
1109 3447 1199 3506 διὰ
1239 3455 1402 3506 τοῦτο
1454 3449 1744 3526 γινόμενος
1797 3451 1899 3507 ὑπὸ
1936 3453 2040 3527 γῆν

378 3540 440 3597 ού
496 3538 767 3596 κωλύεται
826 3539 954 3612 παρ’
1006 3537 1173 3610 αὐτῆς
1223 3539 1300 3602 εἰς
1357 3539 1420 3595 τὸ
1473 3543 1572 3594 τοῦ
1635 3537 1846 3616 αἰθέρος
1901 3539 2036 3615 ὕψος

377 3631 474 3692 τὰς
537 3627 740 3691 οἰκείας
819 3627 1113 3702 ἐκπέμπειν
1196 3627 1384 3702 αὐγάς.
1443 3627 1853 3704 Περιεχομένης
1932 3629 2036 3706 γὰρ

383 3718 488 3774 ὑπὸ
516 3721 614 3773 τοῦ
646 3715 814 3787 ἡλίου
843 3723 944 3787 τῆς
975 3719 1080 3793 γῆς
1122 3713 1212 3771 διά
1261 3717 1363 3786 τὴν
1415 3716 1617 3788 ταύτης
1675 3717 2034 3795 σμικρότητα,

380 3811 500 3870 πῶς
555 3805 616 3861 ἂν
665 3804 958 3862 κωλυθεῖεν
1009 3806 1066 3860 αἱ
1113 3805 1325 3868 ἀκτῖνες
1357 3804 1418 3861 ἐκ
1471 3809 1580 3861 τῶν
1637 3804 1815 3880 ἄκρων
1871 3806 2040 3878 αὐτῆς

385 3895 462 3959 εἰς
488 3893 552 3950 τὰ
589 3899 690 3950 τοῦ
719 3894 934 3971 αἰθέρος
993 3893 1128 3969 ὕψος
1182 3889 1632 3965 διαϐιϐάζεσθαι;
1666 3894 1752 3951 διὸ
1789 3895 1880 3952 καὶ
1939 3917 2037 3952 κα-

381 3983 724 4058 ταλάμπεται
783 3983 851 4038 τὰ
899 3981 1214 4060 ὑψηλότερα
1258 3987 1358 4039 τοῦ
1411 3984 1622 4058 κόσμου
1651 3983 1746 4040 κᾶν
1805 3989 1883 4057 τῷ
1934 3984 2038 4042 ὑπὸ

382 4075 483 4152 γῆν
518 4073 652 4128 εἶναι
682 4073 774 4127 τὸν
807 4069 991 4142 ἥλιον.
1026 4072 1111 4128 Ἐν
1151 4071 1302 4127 νυκτὶ
1353 4069 1412 4128 δέ
1461 4072 1564 4128 εἰσι
1605 4071 1731 4129 τότε
1775 4075 1844 4128 τά
1899 4075 2038 4150 χθα-

390 4161 682 4237 μαλώτερά
723 4181 784 4217 τε
827 4160 918 4216 καὶ
965 4158 1374 4238 προσγειότερα.
1407 4160 1513 4232 Νὺξ
1560 4161 1664 4237 γὰρ
1723 4159 1876 4217 οὐδὲν
1924 4160 2041 4217 ἓτε-

388 4271 480 4328 ρον
528 4253 565 4320 ὴ
611 4255 713 4320 τῆς
754 4255 857 4326 γῆς
901 4251 938 4319 ἡ
971 4249 1116 4306 σκιά.
1161 4254 1272 4319 Τῆς
1320 4249 1582 4321 τοιαύτης
1632 4247 1722 4305 οῦν
1755 4255 1908 4314 σκιᾶς
1952 4249 2043 4306 διὰ

383 4341 448 4395 τὸ
499 4338 723 4418 μέγεθος
779 4341 876 4394 τοῦ
923 4336 1091 4407 ἡλίου
1161 4336 1462 4413 γινομένης
1546 4335 1896 4409 κωνοειδοῦς,
1951 4339 2042 4395 καὶ

385 4429 486 4500 τὴν
551 4429 644 4503 μὲν
700 4425 852 4502 βάσιν
925 4425 1163 4503 ἐχούσης
1210 4423 1473 4483 πλατεῖαν
1536 4429 2044 4506 συμπαρεκτεταμέο

388 4538 487 4590 νην
518 4521 599 4589 τῷ
633 4515 784 4593 μέρει
812 4521 914 4586 τῆς
939 4522 1043 4592 γῆς
1073 4514 1196 4571 ὅσον
1241 4513 1304 4571 ού
1361 4514 1709 4591 καταλάμπει
1768 4517 1798 4573 6
1854 4515 2040 4588 ἥλιος,

390 4608 491 4676 τὴν
553 4603 610 4662 δὲ
637 4605 882 4686 κορυφὴν
916 4604 990 4669 εἰς
1024 4602 1115 4675 ὀξὺ
1147 4601 1445 4681 λήγουσαν,
1492 4605 1561 4660 τά
1623 4605 1716 4680 μὲν
1765 4603 1877 4661 ἄνω
1940 4613 2043 4676 τῆς

2144 3364 2296 3443 γικόν
2328 3383 2388 3418 τε
2412 3360 2502 3418 καὶ
2532 3360 2718 3438 νοερὸν
2748 3358 2840 3416 καί
2865 3359 2930 3416 τὸ
2959 3358 3320 3434 αὐτεξούσιον·
3367 3361 3420 3416 τί
3466 3360 3572 3437 γὰρ
3624 3358 3794 3438 λόγου

2144 3453 2236 3510 καὶ
2272 3452 2398 3514 νοὸς
2446 3449 2536 3506 καὶ
2583 3447 3056 3521 αύτεξουσιότητος
3103 3447 3444 3524 ἐνδοξότερον
3507 3452 3648 3524 τιμῇ
3703 3446 3796 3506 διὰ

2143 3544 2244 3612 τὴν
2274 3545 2384 3598 τῶν
2413 3539 2600 3597 ἄλλων
2635 3539 2788 3608 ζώων
2820 3539 3094 3616 ὑποταγην
3126 3539 3263 3616 πρὸς
3295 3539 3455 3596 αὐτὸν
3513 3539 3602 3594 val
3648 3537 3792 3614 μᾶλ-

2147 3630 2244 3688 λον
2296 3628 2386 3686 διὰ
2426 3629 2523 3692 τὰς
2569 3627 2782 3704 ἀρετάς·
2831 3627 2884 3683 τί
2940 3627 3042 3705 γὰρ
3091 3628 3286 3704 ἀρετῆς
3330 3627 3699 3705 τίμιώτεροη
3747 3627 3798 3684 εἷ’

2143 3742 2207 3798 γε
2236 3721 2306 3776 δι’
2334 3718 2502 3790 αὐτῆς
2535 3719 2563 3773 6
2604 3713 2888 3794 ἅνθρωπος
2932 3719 3220 3791 ὁμοιοῦται
3258 3722 3393 3791 Θεῷ.
3430 3741 3460 3771 (ι
3488 3717 3592 3776 Καὶ
3637 3717 3793 3774 κατέ-

2146 3825 2346 3881 στησας
2375 3807 2534 3864 αὐτὸν
2567 3806 2752 3863 ἐπὶτά
2779 3804 2908 3884 ἔργα
2958 3810 3069 3862 τῶν
3117 3811 3320 3884 χειρῶν
3371 3828 3466 3862 σου
3496 3830 3524 3859 ››
3577 3804 3794 3878 δηλαδὴ

2144 3900 2214 3954 τὰ
2241 3895 2344 3952 ὑπδ
2374 3897 2474 3965 τὴν
2503 3892 2771 3968 αἶ’σθησιν,
2804 3893 2885 3971 ἐφ’
2930 3893 2965 3948 ἃ
3010 3895 3240 3965 κατέστη
3304 3891 3580 3963 δεσπόζειν
3623 3894 3652 3948 6
3702 3891 3795 3950 ἄν·

2149 3997 2391 4064 θρωπος.
2419 3985 2597 4040 Πάντα
2628 3983 2887 4054 ὑπέταξας
2919 3983 3170 4039 ὑποκάτω
3217 3986 3327 4039 τῶν
3379 3979 3564 4038 ποδῶν
3609 3981 3801 4068 αὐτοῦ,

2146 4070 2398 4152 πρόϐατα
2437 4071 2528 4128 καὶ
2589 4071 2721 4149 βόας
2765 4070 2992 4134 ἀπάσας.
3042 4066 3384 4148 Ὑπερϐατῶς
3440 4072 3615 4128 πάντα
3663 4066 3803 4146 πρό-ἔ

2151 4160 2288 4219 ϐατα
2319 4161 2410 4218 καὶ
2446 4161 2577 4238 βόας
2609 4161 2815 4224 ἀπάσας
2846 4181 2874 4214 ι
2912 4158 3170 4232 ὑπέταξας
3219 4159 3366 4232 αύτῷ
3410 4161 3511 4230 τὴν
3567 4158 3804 4237 ἐσχάτην

2152 4252 2454 4327 ὑποταγήν·
2503 4253 2665 4306 τοῦτο
2713 4249 2818 4326 γὰρ
2887 4245 3054 4320 δηλοῖ
3097 4249 3160 4303 τὸ
3228 4248 3483 4303 ὑποκάτω
3535 4251 3645 4304 τῶν
3703 4269 3806 4304 πο-

2151 4339 2258 4397 δῶν
2308 4339 2498 4398 αὑτοῦ.
2529 4338 2628 4397 Διὰ
2674 4335 2733 4394 δέ
2777 4342 2886 4393 τῶν
2933 4331 3223 4415 προϐάτων
3275 4337 3366 4392 καὶ
3401 4341 3510 4392 τῶν
3546 4338 3690 4415 βοῶν
3738 4338 3810 4394 τὰ

2149 4429 2334 4507 ἥμερα
2382 4433 2613 4506 χερσαῖα
2670 4431 2785 4498 ζῶα
2845 4427 3021 4483 πάντα
3087 4423 3423 4499 δεδήλωκεν*
3473 4425 3554 4482 ἔτι
3600 4423 3660 4482 δὲ
3713 4425 3807 4483 καὶ

2149 4520 2220 4576 τά
2242 4519 2414 4590 κτήνη
2446 4521 2546 4574 τοῦ
2574 4513 2785 4573 πεδίου.
2817 4517 2998 4587 Κτήνη
3038 4517 3138 4570 τοῦ
3182 4511 3372 4571 πεδίου
3418 4511 3545 4593 φησὶ
3599 4511 3671 4570 τὰ
3716 4511 3810 4570 αύ-

2151 4606 2382 4681 τόνομα,
2431 4607 2498 4662 τὰ
2547 4604 2746 4669 άνέτως
2796 4603 2848 4660 ἐν
2900 4608 2980 4677 τῷ
3033 4600 3208 4677 πεδίῳ
3263 4603 3560 4678 νεμόμενα.
3618 4603 3805 4675 Κτήνη

395 4695 635 4767 σελήνης
677 4681 1132 4771 καὶὺψηλότερα
1175 4694 1274 4763 τὴν
1321 4694 1578 4765 τοιαύτην
1628 4695 1719 4750 καὶ
1766 4695 1904 4752 κατὰ
1943 4702 2047 4769 μῆ·
2077 4681 2123 4744 D
2154 4697 2258 4774 γὰρ
2313 4696 2404 4751 καὶ
2459 4696 2527 4751 τὰ
2576 4693 2760 4771 θηρία,
2801 4697 2883 4767 τῷ
2927 4691 3075 4748 κάτω
3132 4691 3304 4749 νεύειν
3367 4691 3458 4748 καὶ
3526 4692 3803 4761 νυκτάζειν

393 4806 491 4848 κος
551 4779 861 4858 ὑπερϐαίνει
919 4783 1092 4840 σκιάν.
1125 4785 1281 4848 Ὅθεν
1341 4780 1519 4847 οὐδεὶς
1577 4783 1863 4861 ἱστόρηταί
1913 4805 2046 4840 ποτε

393 4877 503 4929 τῶν
561 4872 796 4948 ἀστέρων
873 4871 1042 4946 ταύτῃ
1107 4877 1437 4949 περιπεσεῖν
1486 4873 1522 4942 ἦ
1577 4873 1680 4949 γὰρ
1746 4872 1810 4929 ἃτ
1875 4872 2040 4952 ἐφάνη

397 4960 781 5040 λαμπρότερος
841 4961 1052 5018 ἐαυτοῦ·
1084 4962 1153 5018 τά
1209 4967 1363 5040 φῶτα
1417 4964 1522 5040 γὰρ
1566 4962 1617 5018 ἐν
1644 4962 1795 5019 νυκτὶ
1831 4961 2045 5036 μᾶλλον

394 5053 430 5122 ἢ
463 5051 516 5108 ἐν
547 5053 732 5127 ἡμέρᾳ
781 5048 1137 5128 λαμπρότερα
1181 5051 1445 5129 φαίνεται.
1492 5053 1586 5108 Διὸ
1643 5053 1733 5108 καὶ
1791 5053 1843 5108 οἱ
1890 5052 2050 5108 ἀστέ-

397 5163 509 5220 ρες,
541 5140 751 5219 αἰθρίας
809 5139 974 5212 οὔσης
1024 5140 1081 5196 ἐτ
1129 5139 1380 5215 ἀσελήνῳ
1427 5141 1602 5212 νυκτὶ,
1632 5140 1802 5198 πλέον
1860 5141 2052 5218 ἔχουσι

391 5233 456 5288 τὸ
478 5231 735 5309 λαμπρὸν
769 5230 804 5302 ἢ
835 5237 938 5302 τῆς
967 5227 1205 5302 σελήνης
1253 5227 1670 5308 διαυγαζούσης.
1703 5232 1767 5286 Ol
1813 5232 1910 5306 μὶν
1958 5229 2050 5287 οὗν

396 5321 611 5399 ἀστέρες
667 5321 894 5383 ἅπαντες
947 5320 1338 5398 ὑπερφέρονται
1398 5328 1501 5390 τῆς
1560 5326 1736 5394 σκιᾶς,
1792 5323 1867 5396 μὴ
1923 5332 2054 5401 φθα-

397 5410 596 5484 νούσης
655 5409 731 5473 εἰς
786 5409 851 5464 τὸ
897 5407 1032 5484 ὕψος
1085 5406 1283 5463 αὐτῶν·
1315 5411 1351 5483 ἡ
1403 5407 1461 5465 δὲ
1507 5407 1710 5482 σελήνῃ
1760 5409 2053 5486 πρόσγειος

399 5499 552 5570 οῦσα,
581 5504 660 5573 τῷ
717 5505 818 5569 τῆς
879 5505 984 5574 γῆς
1045 5495 1354 5574 ἐντυγχάνει
1411 5499 1575 5572 κώνῳ
1625 5499 1748 5576 περὶ
1777 5501 1840 5554 τὸ
1870 5500 2053 5576 ἄκρον,

2155 4786 2233 4850 είς
2289 4791 2414 4861 γῆν.
2468 4783 2697 4840 Δύναται
2742 4779 2801 4838 δὲ
2843 4782 2935 4838 καὶ
2988 4781 3196 4838 τούτων
3257 4778 3348 4836 διὰ
3400 4786 3500 4850 τῆς
3553 4779 3807 4856 γνώσεως

2153 4873 2422 4952 κυριεύειν
2469 4873 2498 4928 ὁ
2550 4872 2837 4947 ἅνθρωπος
2901 4871 2992 4928 καὶ
3051 4875 3220 4926 ταῦτα
3264 4869 3712 4939 καθυποτάττειν,
3759 4867 3807 4924 εἰ

2156 4964 2245 5020 καὶ
2280 4963 2524 5037 μὴκατὰ
2559 4962 2627 5018 τά
2675 4961 2858 5039 ἥμερα
2906 4965 3017 5031 ζῶα
3062 4961 3164 5031 τὴν
3212 4959 3447 5038 ἐσχάτην
3497 4959 3803 5034 ὑποταγήν*

2159 5051 2210 5110 ἐν
2263 5050 2320 5108 δέ
2369 5055 2446 5125 τῷ
2493 5050 2686 5121 εἰπεῖν,
2737 5048 2814 5106 ἔτι
2875 5047 2934 5106 δέ
2979 5053 3088 5106 τῶν
3134 5051 3384 5126 ἡμερῶν,
3419 5045 3620 5105 διεῖλεν
3680 5045 3818 5102 αὐτὰ

2158 5141 2249 5200 καὶ
2306 5148 2409 5213 τῆς
2465 5140 2681 5197 ἐκείνων
2733 5140 3198 5216 χειροηθεστάτης
3230 5139 3504 5216 ὑποταγῆς
3533 5137 3634 5208 τὴν
3687 5135 3818 5194 τού·-

2159 5253 2268 5288 των
2303 5231 2575 5306 ὑποταγὴν
2607 5228 3077 5306 παρηλλαγμένην
3110 5227 3188 5292 ὡς
3233 5227 3296 5285 τὸ
3355 5226 3523 5291 εἰκός.
3560 5250 3591 5279 ››
3617 5226 3694 5282 Ta
3721 5246 3818 5282 πε-

2159 5319 2307 5376 τεινά
2331 5322 2430 5375 τοῦ
2459 5317 2712 5396 ούρανοῦ.
2741 5344 2764 5374 ι
2798 5318 2906 5375 Τὸν
2935 5316 3160 5394 ούρανὸν
3192 5316 3319 5394 ὅρον
3364 5313 3477 5372 ἅνω
3533 5314 3670 5372 εἶναι
3726 5314 3819 5373 καὶ

2162 5412 2199 5480 ἡ
2231 5408 2518 5480 ἀνάπτυξις
2553 5405 2721 5480 δηλοῖ
2763 5411 2862 5464 τοῦ
2888 5406 3186 5480 ὀνόματος·
3218 5405 3576 5483 περιορισμὸς
3606 5406 3710 5481 γάρ
3741 5404 3825 5461 ἐσ-

2163 5519 2248 5554 τιν
2295 5497 2373 5560 εἰς
2417 5495 2480 5552 τὸ
2524 5494 2636 5553 ἄνω
2683 5496 2819 5554 κατά
2859 5497 2922 5552 τὸ
2971 5493 3104 5570 ἄνω,
3150 5496 3289 5552 κατὰ
3335 5500 3440 5551 πᾶν
3499 5494 3665 5572 μέρος
3720 5497 3821 5550 τοῦ

401 5590 490 5646 ὅτε
547 5587 911 5665 διαμετροῦσα
965 5588 1056 5642 τὸν
1109 5585 1271 5657 ἥλιον
1330 5588 1432 5644 ὑπὸ
1488 5589 1579 5644 τὸν
1637 5589 1801 5644 αὐτοῦ
1833 5589 2056 5667 φέροιτο
2164 5586 2361 5650 παντὸς
2414 5586 2624 5661 κόσμου
2679 5584 2822 5662 ἔχων
2867 5586 2942 5642 τὸ“
2987 5585 3263 5641 ἀνωτάτω·
3297 5589 3388 5640 καὶ
3435 5583 3567 5640 αὑτὸ
3623 5583 3727 5660 γὰρ
3755 5584 3820 5639 τὸ

401 5679 628 5753 κύκλον,
663 5680 803 5752 μήτε
857 5677 993 5754 πρὸς
1051 5676 1118 5732 τά
1179 5676 1366 5753 βόρεια
1425 5680 1565 5752 μήτε
1619 5676 1757 5756 πρὸς
1809 5678 1878 5734 τὰ
1904 5676 2059 5732 νότια
2169 5675 2362 5734 δοκοῦν
2387 5681 2504 5739 τοῖς
2533 5673 2772 5739 πολλοῖς
2805 5676 3059 5732 ὑποκάτω
3089 5673 3180 5731 καὶ
3231 5674 3334 5730 ὑπὸ
3390 5676 3490 5751 γῆν
3549 5673 3822 5752 ἡμισφαί-

400 5768 648 5828 νεύουσα.
706 5765 884 5840 Δῆλον
941 5764 990 5825 δ’
1045 5765 1306 5842 ἐντεῦθεν,
1345 5767 1429 5826 ὅτι
1481 5768 1572 5826 καὶ
1630 5767 1776 5825 πολὺ
1827 5767 2056 5846 σμικρὸν
2169 5787 2284 5825 σιον
2337 5765 2585 5846 ὑπεράνω
2631 5769 2746 5822 κατ’
2774 5762 3036 5836 ἀλήθειαν
3083 5757 3464 5840 τυγχάνεικαί
3513 5759 3648 5837 ὑπὲρ
3695 5765 3820 5839 γῆν.
