4072 6434
285 455 450 518 1363

1525 438 1954 510 NIGEPHORI
1996 431 2440 501 BLEMMIDE

3550 435 3722 499 1381

279 586 354 644 Τὸ
384 583 488 664 γὰρ
520 584 670 647 ἐκτὸς
698 589 802 653 τῆς
863 589 970 660 γῆς
1031 581 1281 638 ὁπωσοῦν
1346 577 1457 636 ἄνω
1515 579 1678 647 ἐστὶν,
1716 571 1936 647 ἐπείπερ
1965 573 2020 641 Α
2048 567 2244 664 τούτου
2275 565 2365 664 διὰ
2403 567 2624 664 παντὸς,
2759 565 3190 664 οὗᾼγεγόναμεν,
3360 569 3530 664 οὗπερ
3570 568 3718 664 ,ἀνα-

412 681 442 693 ~
563 673 577 694 κ
671 673 687 695 κ
901 673 914 694 7
962 675 990 690 ’ν
1101 673 1114 694 Ῑ
1398 670 1413 692 \
1563 667 1580 722 ὶ
1679 665 1692 687 ν
1748 667 1762 686 \
1887 664 1902 682 κ

283 677 320 749 ἡ
370 696 443 751 γη
491 695 580 732 και
629 695 697 731 τα
745 673 796 728 ἐν
857 694 992 747 αυτῃ
1046 692 1278 746 σωματα
1323 691 1414 726 και
1456 690 1557 747 περ
1636 685 1802 735 αυτην
1847 684 1939 720 τον

285 766 435 822 κάτω
491 767 677 842 χῶρον
729 758 902 818 εἷ’τουν
950 761 1040 817 τὸν
1096 760 1256 835 μέσον
1322 761 1721 834 κεκΛήρωνται.
1770 758 1946 809 Ταῦτα

291 855 388 929 μὲν
421 854 496 916 ὡς
525 851 578 909 έν
603 851 682 925 τῷ
741 849 976 926 δευτέρῳ
1040 845 1250 928 βιϐλίῳ
1303 856 1406 918 τῆς
1449 849 1575 923 παρ’
1607 849 1766 921 ἡμῶν
1822 864 1945 899 συν-

288 941 618 1021 τεταγμένης
687 941 1050 1018 εἰσαγωγικῆς
1131 939 1399 1013 ἐπιτομῆς
1489 937 1654 992 εἰπεῖν
1715 931 1943 1013 έπεφθά-

291 1053 506 1106 κειμεν,
559 1029 704 1086 οὕτω
768 1029 1038 1085 κάνταῦθα
1085 1029 1225 1105 πρὸς
1281 1024 1423 1100 λέξιν
1479 1026 1795 1100 εἰρήκαμενο
1851 1026 1944 1078 νῦν

295 1119 343 1179 δ’
379 1122 410 1193 ἢ
440 1119 694 1196 ψαλμικὴ
738 1118 894 1196 ῥῆσις
921 1117 1013 1174 τὸν
1065 1115 1196 1195 ἀέρα
1241 1115 1506 1187 κέκληκεν
1557 1115 1801 1192 οὐρανὸν,
1835 1113 1950 1186 ἅμα

299 1210 394 1287 μὲν
455 1207 546 1266 διὰ
597 1209 662 1264 τὸ
719 1208 832 1264 ἅνω
879 1205 972 1263 καὶ
1028 1205 1189 1262 αὑτὸν
1248 1206 1382 1262 εἰναι
1435 1207 1538 1276 τῆς
1565 1209 1671 1282 γῆς
1699 1201 1790 1258 καὶ
1841 1205 1950 1257 τῶν

291 1298 419 1377 περὶ
467 1303 593 1375 γῆν,
643 1296 719 1361 ὡς
761 1296 1060 1374 ἀναφεροῦς
1110 1295 1408 1372 μετέχοντα
1455 1293 1692 1372 φύσεως,
1726 1293 1839 1366 ἅμα
1891 1287 1950 1346 δὶ

296 1389 386 1446 καὶ
418 1385 508 1444 διὰ
531 1387 632 1457 τὴν
663 1386 864 1449 παντὸς
897 1385 1151 1460 σώματος
1187 1388 1286 1440 τοῦ
1333 1381 1529 1457 μεταξὺ
1585 1389 1691 1459 γῆς
1746 1402 1805 1438 τε
1861 1378 1950 1436 καί

294 1477 672 1555 στερεώματος
719 1476 857 1551 πρὸς
905 1473 1035 1530 αὐτὸ
1099 1474 1160 1530 τὸ
1213 1472 1496 1548 στερέωμα
1555 1470 1746 1528 διόλου
1803 1468 1950 1526 συνέ-

295 1587 475 1645 χειαν,
538 1563 814 1641 μηδεμιᾶς
864 1584 970 1619 που
1059 1565 1440 1639 θεωρουμένης
1521 1562 1834 1632 κενότητος.
1893 1561 1949 1614 '0

302 1665 400 1740 μὶν
454 1661 558 1742 γὰρ
616 1663 778 1739 αἰθὴρ
839 1661 996 1726 εὐθὺς
1057 1661 1192 1734 μετὰ
1249 1661 1312 1716 τὸ
1343 1659 1624 1737 στερέωμα
1678 1660 1949 1726 τέτακται,

296 1752 478 1824 πάσης
538 1749 974 1827 ἀπηλλαγμένος
1045 1756 1300 1827 ταραχῆς
1354 1749 1444 1805 καὶ
1505 1743 1841 1823 μεταϐολῆς,
1893 1747 1955 1804 έκ

295 1845 395 1899 τοῦ
439 1841 546 1898 αἰεὶ
614 1845 723 1906 θεῖν
792 1839 1186 1915 ὠνομασμένος
1245 1838 1430 1916 αἰθήρ·
1488 1838 1796 1910 ἀεικίνητος
1848 1837 1952 1914 γὰρ

296 1933 400 2002 τὴν
478 1928 573 1986 σὺν
644 1929 860 2022 οὐρανῷ
917 1926 1231 2022 ταχυτάτην
1291 1926 1611 2022 φερόμενος.
1666 1925 1815 2022 Μετά
1861 1927 1954 2022 τὸν
1983 1953 2034 2022 Β

297 2019 486 2098 αἰθέρα
540 2018 605 2076 τὸ
655 2015 995 2092 ὑπέκκαυμα,
1043 2017 1217 2094 θερμή
1289 2037 1374 2080 τις
1431 2015 1588 2073 οὐσία
1641 2014 1733 2071 καὶ
1792 2014 1951 2091 ξηρά,

296 2107 574 2166 κάντεῦθεν
651 2103 935 2179 ἐπιτηδεία
993 2106 1132 2184 πρὸς
1195 2102 1464 2163 ἔκκαυσιν.
1516 2105 1610 2162 Διὸ
1673 2103 1764 2160 καὶ
1818 2102 1955 2160 κατά

293 2217 416 2256 τινα
471 2196 609 2274 μέρη
668 2197 971 2260 συστάσεως
1056 2193 1358 2272 μετέχοντα
1424 2195 1516 2251 καὶ
1591 2192 1953 2265 πυκνότητος,

299 2286 627 2361 ἱκκαιομένη
675 2283 950 2348 πολλάκις
1001 2283 1104 2340 ὑπὸ
1149 2289 1250 2354 τῆς
1296 2287 1402 2339 τῶν
1469 2280 1735 2360 οὖρανίων
1767 2283 1954 2358 σωμά-

297 2396 408 2433 των
457 2377 746 2447 κινήσεως,
778 2372 925 2430 αἰτία
981 2374 1184 2449 γίνεται
1235 2369 1560 2446 διᾳττόντων
1621 2371 1713 2428 καὶ
1767 2393 1953 2446 κομη-

298 2469 430 2536 τῶν,
483 2463 574 2520 καὶ
626 2461 838 2520 λοιπῶν
897 2464 1192 2544 φασμάτων
1263 2459 1625 2543 φλογοειδῶν,
1691 2459 1957 2538 ἐχόμενος

298 2568 398 2620 τοῦ
446 2559 880 2636 ὑπεκκαύματος.
912 2562 970 2616 Ὀ
1019 2561 1126 2636 ἀὴρ
1178 2561 1352 2635 θερμή
1393 2581 1478 2624 τις
1535 2559 1690 2615 οὐσία
1717 2559 1808 2615 καὶ
1854 2559 1954 2614 αὖ·

302 2652 420 2716 τός.
450 2650 605 2723 Πλὴν
635 2649 746 2728 οὐχ
792 2651 868 2712 ὡς
916 2649 980 2706 τὸ
1033 2649 1370 2724 ὑπέκκαυμα*
1420 2653 1580 2705 τοῦτο
1634 2650 1734 2727 γάρ
1782 2648 1956 2726 πυρὸς

305 2739 550 2818 ἔγγιστα,
590 2739 682 2796 καὶ
732 2743 839 2814 πῦρ
897 2738 1236 2815 στοιχιακόν.
1296 2739 1354 2794 Ὅ
1412 2736 1462 2794 δ’
1514 2738 1620 2812 ἀήρ
1681 2734 1825 2814 ἔχων
1886 2735 1953 2808 δὴ

302 2833 440 2888 κατά
494 2828 672 2906 φύσιν,
721 2829 1038 2906 συμμέτρου
1093 2829 1309 2904 μετέχει
1374 2828 1464 2884 καὶ
1513 2827 1786 2905 ζωογόνου
1837 2837 1957 2904 θερ-

306 2919 546 2995 μότητος
599 2918 736 2975 κατά
806 2917 968 2973 ταυτὸ
1032 2918 1122 2974 καὶ
1200 2916 1526 2994 ὑγρότητος·
1584 2917 1722 2992 πρὸς
1785 2914 1843 2972 δὲ
1895 2916 1958 2972 τὸ

301 3010 449 3086 παρᾶ
494 3007 652 3089 φύσιν
703 3006 969 3086 ἀγόμενος
1014 3006 1105 3062 καὶ
1155 3006 1392 3083 ψύχεται
1448 3005 1540 3062 καὶ
1599 3004 1961 3084 ὑπερθερμαί-

300 3119 470 3170 νεται,
500 3094 825 3160 ωὶπολλάς
855 3099 1058 3174 πάσχει
1093 3092 1424 3171 μεταϐολὰς,
1458 3095 1533 3159 ὡς
1575 3096 1815 3166 παθητὸς
1869 3093 1959 3150 καὶ

301 3185 631 3250 ἀλλοιωτός·
667 3184 834 3260 μόνος
871 3185 974 3263 γὰρ
1015 3185 1044 3240 6
1075 3184 1238 3262 αἰθὴρ
1290 3185 1504 3256 ἀπαθής
1547 3205 1609 3240 τε
1653 3185 1744 3239 καὶ
1801 3184 1962 3239 ἀναλ-

304 3274 539 3340 λοίωτος
591 3275 666 3338 ὡς
714 3273 767 3330 έν
815 3274 1084 3348 σώμασιν.
1136 3273 1224 3345 Ἐξ
1284 3273 1445 3352 ἀέρος
1511 3274 1808 3351 ἀρξάμενος
1865 3271 1956 3328 καὶ

305 3365 334 3420 6
363 3365 509 3426 θεῖος
565 3361 874 3425 ἀπόστολος
921 3360 1155 3438 ούρανοῦ
1200 3359 1569 3436 κεκλημένου,
1600 3361 1691 3417 καὶ
1734 3362 1957 3438 πρώτου

304 3447 460 3515 ὄντος
509 3453 584 3515 ὡς
640 3451 776 3526 πρὸς
821 3452 994 3524 ἡμᾶς,
1045 3449 1137 3505 καὶ
1191 3451 1256 3505 τὸ
1307 3448 1574 3528 έχόμενον
1640 3450 1959 3525 ὑπέκκαυμα

307 3542 544 3615 συνάψας
601 3539 749 3612 αὐτῷ
793 3545 892 3609 τῆς
942 3537 1113 3608 αὑτῆς
1155 3537 1295 3610 ὕλης
1344 3540 1422 3609 ὃν,
1469 3539 1517 3596 εἰ
1563 3540 1654 3594 καὶ
1703 3539 1957 3610 ποιότητι

306 3628 614 3708 διενῆνοχε,
685 3627 932 3705 δεύτερον
1007 3626 1236 3705 οὐρανὸν
1313 3624 1464 3700 ἔταξε
1534 3629 1598 3684 τὸ
1655 3628 1955 3704 στερέωμα,

306 3719 416 3779 Τὸν
476 3714 604 3776 ὄντα
651 3719 806 3798 φύσει
868 3714 1117 3792 δεύτερον
1167 3716 1257 3772 καὶ
1305 3716 1483 3780 οὕτως
1541 3718 1636 3774 τὸν
1696 3717 1747 3774 έν
1808 3719 1956 3796 ἀρχῇ

308 3806 845 3886 δεδημιουργημένον
907 3805 1012 3862 ὑπὸ
1068 3809 1223 3878 Θεοῦ,
1290 3805 1471 3882 τρίτον
1543 3806 1845 3882 ὠνόμασεν,
1900 3807 1960 3864 ἐκ

303 3901 414 3955 τῶν
461 3898 578 3954 καθ’
623 3899 796 3970 ἡμᾶς,
828 3895 906 3958 ὡς
952 3891 1108 3973 ἔφην,
1158 3894 1478 3972 ἀρξάμενος.
1511 3897 1671 3954 Ὅθεν
1711 3895 1800 3950 καὶ
1860 3897 1961 3966 τήν

304 3981 586 4056 ἀνάϐασιν,
614 3986 716 4056 τήν
755 3981 850 4041 εἴπ’
901 3983 954 4040 έν
1002 3984 1216 4057 σώματι
1267 3984 1358 4040 καὶ
1388 3985 1508 4040 κατ’
1555 3981 1829 4059 αἴσθησιν,
1864 3983 1960 4041 εἴτ’

305 4075 462 4139 έκτὸς
540 4078 640 4131 τοῦ
700 4075 956 4148 σώματος
1019 4073 1153 4149 ὑπὲρ
1221 4070 1466 4145 αἴσθησιν
1523 4072 1838 4146 ἐποιήσατοο
1892 4073 1962 4129 τά

299 4169 370 4242 τῇ
414 4164 569 4245 φύσει
612 4165 716 4241 γάρ
761 4163 1001 4240 πρότερα
1047 4164 1183 4236 ἡμῖν
1236 4162 1452 4237 ὕστερα,
1485 4163 1576 4219 καὶ
1606 4163 1675 4219 τά
1727 4168 1797 4237 τῇ
1856 4163 1960 4243 φύ-

299 4277 380 4312 σει
415 4253 610 4332 ὕστερα
633 4255 772 4327 ἡμῖν
800 4252 1058 4329 πρότερα.
1096 4273 1121 4304 α
1152 4251 1254 4307 Καὶ
1309 4251 1441 4315 τοὺς
1473 4251 1669 4329 ἰχθύας
1728 4255 1830 4322 τῆς
1871 4254 1962 4308 θα-

301 4342 512 4416 λάσσης
559 4367 590 4396 ‹‹
645 4342 714 4399 τὰ
768 4339 1201 4418 διαπορευόμενα
1276 4337 1506 4418 τρίϐους
1562 4339 1869 4413 θάλασσῶν,
1928 4365 1959 4395 ››

299 4436 370 4509 τῇ
425 4431 665 4507 θαλάσσῃ
711 4427 802 4487 καὶ
849 4427 946 4494 τὰς
991 4429 1192 4504 λίμνας
1223 4425 1630 4507 συμπεριέλαϐε
1683 4430 1774 4487 καὶ
1829 4430 1960 4496 τοὺς

301 4528 604 4604 ποταμοὺς,
647 4526 707 4586 έκ
757 4531 857 4583 τοῦ
913 4526 1163 4601 μείζονος
1224 4533 1396 4583 πᾶσαν
1447 4525 1640 4591 ὕδατος
1699 4526 1960 4601 δηλώσας

302 4619 648 4698 συναγωγήν.
682 4615 895 4694 Ῑχθύων
926 4613 984 4672 δὲ
1017 4615 1297 4690 μνησθεὶς,
1330 4615 1443 4672 ἐπεὶ
1497 4616 1586 4672 καὶ
1635 4614 1781 4674 ἄλλα
1835 4618 1958 4675 τινὰ

2053 655 2370 732 κεκλήμεθα
2427 657 2517 714 καὶ
2553 659 2910 731 (σεσώσμεθα.
2963 657 3217 727 Κατῆλθε
3267 659 3503 735 Χριστὸς
3560 655 3718 716 ἀδια-

2055 748 2267 810 στάτως
2333 746 2393 802 ἐκ
2448 751 2546 802 τοῦ
2603 747 2814 824 Πατρὸς
2871 747 3010 823 πρὸς
3063 746 3164 817 τήν
3218 745 3489 823 ἡμετέραν
3535 747 3725 804 ταπεί-

2054 858 2239 907 νωσιν,
2285 837 2374 892 καὶ
2435 834 2502 892 δι’
2546 839 2698 911 ἡμᾶς
2751 832 3068 912 γενόμενος,
3138 837 3256 891 καθ’
3301 839 3477 910 ἡμᾶς,
3528 835 3574 893 ὣ
3622 841 3724 894 τοῦ

2055 924 2332 1002 πελάγους
2363 933 2466 996 τῆς
2499 925 2918 1004 φιλανθρωπίας
2949 924 3146 982 αὑτοῦί
3177 925 3318 1002 πρὸς
3363 926 3457 982 τὸν
3508 928 3728 1004 Πατέρα

2055 1013 2222 1071 πάλιν
2259 1016 2394 1090 μετὰ
2429 1021 2532 1086 τῆς
2579 1013 2854 1092 ἡμετέρας
2892 1013 3079 1078 οὐσίας
3128 1013 3263 1092 ὑπὲρ
3302 1016 3467 1088 ἡμῶν
3525 1014 3726 1090 ἀνελή-

2057 1103 2214 1161 λυθεν
2266 1105 2295 1160 6
2347 1102 2625 1180 μηδέποτε
2667 1107 2779 1161 τῶν
2818 1102 3043 1160 κόλπων
3090 1101 3282 1168 ἂπάς
3330 1107 3430 1160 τοῦ
3479 1105 3722 1184 Πατρός.

2058 1193 2336 1266 Κατῆλθεν
2383 1194 2460 1258 εἰς
2506 1193 2600 1250 τὸν
2663 1192 2944 1270 ἄνθρωπον
2986 1194 3017 1249 6
3061 1192 3214 1257 Θεός·
3264 1191 3396 1251 οὑδὶ
3438 1215 3546 1274 γῃρ
3600 1194 3726 1267 ἠνέ-

2060 1303 2226 1362 σχετο
2265 1281 2513 1362 παριδεῖν
2558 1280 2942 1358 ἀπολλύμενεν
2997 1286 3256 1340 τοσοῦτον
3314 1280 3497 1362 ἔργον,
3529 1286 3722 1364 σοφίας

2063 1373 2323 1450 μεγέθους
2380 1371 2470 1428 καί
2517 1370 2736 1431 πολλοῦ
2791 1371 3039 1444 πλήθους
3095 1373 3477 1451 χρηστότητος
3518 1377 3715 1452 γνώρι-

2061 1484 2192 1536 σμα.
2254 1462 2348 1519 Διὸ
2403 1459 2470 1533 δὴ
2530 1464 2827 1537 συμπαθῶς
2875 1464 2988 1537 ἅμα
3035 1463 3125 1518 καὶ
3181 1468 3364 1543 σοφῶς
3415 1463 3576 1521 αὑτὸν
3603 1464 3716 1520 έπε-

2062 1553 2315 1628 σκέψατο·
2369 1551 2459 1608 καὶ
2518 1549 2943 1628 ἐπισκεψάμενος
3010 1554 3363 1624 ἀνεκτήσατο,
3421 1555 3512 1610 καὶ
3573 1556 3717 1630 βασι·-

2062 1641 2210 1704 λείας
2268 1641 2508 1720 οὐρανῶν
2563 1641 2762 1714 ἠξίωσε
2819 1641 2908 1699 καὶ
2965 1641 3161 1705 θέσεως
3219 1643 3569 1718 ὁκράτιστος
3631 1643 3722 1702 καὶ

2067 1732 2320 1808 μέγιστος
2381 1731 2632 1808 βασιλεὺς
2686 1731 2779 1788 καὶ
2828 1731 2982 1805 Θεὸς,
3011 1733 3060 1800 ᾧ
3102 1735 3138 1803 ἡ
3187 1729 3317 1804 δόξα
3344 1739 3492 1791 πᾶσα
3538 1733 3632 1791 καὶ
3686 1736 3725 1805 ἡ

2062 1820 2433 1898 προσκύνησις
2487 1825 2580 1876 νῦν
2631 1819 2720 1878 καὶ
2772 1820 2857 1878 ἀεὶ
2911 1822 3000 1880 καὶ
3055 1821 3132 1887 εἰς
3179 1821 3311 1888 τοὺς
3357 1823 3559 1891 αἰῶνας
3614 1828 3724 1882 τῶν

2063 1909 2301 1970 αἴώνων.
2334 1911 2540 1986 Ἀμήν.

2669 2020 2967 2076 ΨΑΛΜΟΣ
3006 2018 3083 2079 Θ’.

2133 2125 2190 2180 '0
2237 2125 2426 2197 παρὼν
2477 2118 2696 2188 ἔννατος
2747 2123 2974 2201 ψαλμὸς
3036 2125 3402 2204 χαριστήριός
3449 2126 3596 2185 ἐστὶν
3642 2128 3722 2197 εἰς

2060 2215 2154 2271 τὸν
2205 2213 2482 2285 Δεσπότην
2537 2213 2768 2292 Χριστὸν
2829 2214 2961 2288 ὑπὲρ
3017 2219 3127 2271 τῶν
3184 2215 3262 2281 είς
3310 2217 3462 2294 ἡμᾶς
3513 2219 3729 2294 θαυμα-

2063 2302 2195 2361 σίων
2229 2303 2413 2376 αὑτοῦ,
2447 2301 2811 2380 διηγούμενος
2838 2303 2991 2369 ὅπως
3039 2306 3076 2375 ἡ
3121 2308 3228 2362 τῶν
3268 2305 3574 2382 ἀνθρώπων
3621 2308 3732 2388 φύ-

2066 2414 2148 2455 σις
2197 2393 2298 2463 τήν
2357 2394 2664 2470 ἀκροτάτην
2719 2393 3019 2472 εὐεργεσίαν
3081 2393 3272 2472 εὕρατο
3349 2397 3478 2474 παρ’
3537 2397 3726 2457 αὑτοῦ.

2066 2482 2170 2541 Καὶ
2198 2489 2301 2552 τῆς
2325 2487 2422 2538 τοῦ
2454 2482 2656 2559 ἐχθροῦ
2688 2478 2952 2540 διαϐόλου
2982 2483 3300 2561 τυραννίδος
3359 2485 3729 2563 λελύτρωται,

2065 2571 2155 2627 καὶ
2200 2579 2303 2641 τῆς
2351 2575 2456 2626 τῶν
2506 2569 2780 2647 δαιμόνων
2835 2570 3286 2638 καταδυναστείας
3317 2576 3407 2630 καὶ
3461 2575 3735 2650 ἰταμότη-

2064 2682 2157 2724 τος
2213 2659 2610 2736 ἡλευθέρωται,
2655 2659 2747 2718 καῖ
2803 2670 2905 2732 τῆς
2974 2660 3433 2740 είδωλολατρείας
3495 2665 3732 2738 ἀπέστη,

2064 2751 2155 2806 καὶ
2211 2757 2312 2820 τῆς
2367 2750 2587 2821 πλάνης
2643 2749 3020 2824 ἀπήλλακται.
3067 2753 3284 2830 Προϊὼν
3347 2750 3406 2810 δὶ
3462 2761 3568 2825 τῆς
3622 2759 3738 2811 τῶν

2066 2843 2323 2916 πονηρῶν
2375 2839 2676 2918 ἀνθρώπων
2744 2836 3079 2897 καταϐοᾶται
3128 2842 3447 2916 πλεονεξίας
3504 2844 3597 2900 καὶ
3643 2845 3743 2923 ἀρ-

2067 2936 2272 3005 παγῆς,
2332 2928 2422 2984 καὶ
2505 2930 2642 2985 κατά
2719 2934 2828 2985 τῶν
2909 2929 3310 3010 ὑποδεεστέρων
3367 2931 3731 3011 θρασύτητος,

2067 3018 2157 3074 καὶ
2187 3019 2323 3094 πρὸς
2357 3016 2564 3092 ἄμυναν
2601 3016 2764 3075 καλεῖ
2791 3020 2882 3076 τὸν
2921 3020 3086 3095 μόνον
3120 3019 3346 3078 δυνατὸν
3398 3022 3488 3080 καὶ
3521 3021 3723 3080 δίκαιον

2068 3107 2289 3186 Κύριον,
2347 3107 2602 3164 ἱκετεύων
2655 3107 2814 3164 αὐτὸν
2880 3106 3144 3183 μηδόλως
3223 3109 3492 3187 ὑπεριδεῖν
3554 3133 3715 3167 κατα-

2067 3196 2415 3271 πονουμένων
2469 3201 2577 3253 τῶν
2608 3203 2896 3273 ταπεινῶν,
2930 3200 3107 3263 καθὼς
3165 3197 3279 3255 οὐδ’
3314 3201 3419 3258 ὑπὸ
3457 3195 3720 3257 διαϐόλου

1987 3323 2032 3391 C
2065 3287 2158 3342 καὶ
2217 3285 2490 3391 δαιμόνων
2546 3284 3064 3362 καταδουλουμέλης
3154 3288 3408 3367 ὑπερεῖδε
3473 3292 3570 3360 τῆς
3624 3294 3727 3346 τοῦ

2069 3376 2275 3433 οἰκείου
2305 3373 2628 3452 πλάσματος
2652 3375 2884 3456 φύσεως.
2920 3376 3342 3457 Ἐμφιλοχωρεῖ
3398 3376 3458 3436 δὲ
3483 3383 3564 3451 τῷ
3621 3383 3731 3436 νῶν

2067 3461 2274 3521 ἀσεϐῶν
2335 3462 2508 3522 εἷίτουν
2567 3470 2822 3540 πονηρῶν
2910 3467 3206 3546 φαυλισμῴ
3271 3468 3361 3524 καὶ
3415 3468 3730 3534 πολυειδῶς

2067 3553 2376 3624 στηλιτεύει
2435 3556 2534 3624 τήν
2612 3554 2801 3612 κακίαν
2871 3555 3070 3630 αὐτῶν,
3128 3553 3398 3614 διδάσκων
3483 3557 3729 3614 ἐντεῦθεν

2069 3645 2320 3720 ἁρπαγῆς
2379 3643 2469 3699 καὶ
2528 3643 2841 3718 πλεονεξίας
2897 3645 3101 3708 πάντας
3155 3646 3479 3724 ἀπέχεσθαι.
3517 3671 3548 3700 ‹‹
3582 3649 3741 3720 Ἐξο-

2072 3732 2463 3810 μολογήσομαί
2521 3754 2626 3803 σοι,
2660 3732 2845 3810 Κύριε,
2878 3732 2930 3789 έν
2994 3729 3099 3810 ὅλῃ
3158 3733 3358 3812 καρδίᾳ
3421 3757 3550 3811 μου.
3585 3760 3615 3789 »
3659 3739 3744 3795 T6

2064 3829 2165 3892 τῆς
2201 3821 2650 3898 έξομολογήσεως
2682 3820 3152 3898 ἀναπτυσσόμενον
3199 3818 3377 3897 ὄνομα
3408 3826 3509 3895 τήν
3573 3823 3734 3890 ἐκτὸς

2068 3910 2146 3975 εἰς
2174 3911 2238 3967 τὸ
2300 3909 2521 3989 φανερδν
2577 3910 2878 3990 ὁμολογίαν
2937 3909 3124 3985 δηλοῖ.
3153 3913 3247 3969 Διὸ
3304 3919 3382 3984 πῆ
3447 3914 3542 3990 μὶν
3603 3915 3727 3972 ἀντὶ

2064 4007 2165 4071 τῆς
2232 3999 2544 4077 έξαγορείας
2621 4001 2694 4056 ῶν
2785 4005 2966 4064 κακῶς
3041 4000 3404 4079 πεπράχαμεν
3490 4003 3582 4060 καὶ
3649 4005 3727 4060 ὧν

2067 4087 2415 4163 ἐπταίκαμεν,
2444 4089 2666 4162 τίθεται,
2699 4096 2776 4160 πῆ
2813 4087 2860 4145 δ’
2903 4089 3020 4147 ἀντὶ
3077 4093 3176 4162 τῆς
3235 4090 3592 4172 έκφαντορίας
3648 4094 3724 4149 ὧν

2069 4178 2126 4234 εὗ
2184 4177 2525 4252 πεπόνθαμεν
2575 4178 2666 4234 καὶ
2728 4179 2908 4256 ὧνπερ
2949 4178 3363 4258 εύηργετήμεθα
3418 4182 3598 4245 καθὼς
3655 4181 3740 4238 έν-

2065 4273 2276 4332 ταυθοῖ·
2334 4267 2436 4336 τὴν
2512 4266 2863 4345 εὐχαριστίαν
2919 4267 3023 4345 γὰρ
3083 4270 3112 4325 6
3169 4272 3484 4348 προφήτης,
3544 4270 3738 4346 έξομο-

2069 4356 2298 4433 λόγησιν
2355 4353 2559 4433 εἷ’ρηκε.
2589 4360 2666 4432 Τῇ
2719 4355 2946 4426 τοιαύτη
2991 4357 3049 4415 δὲ
3078 4359 3322 4433 σημασίᾳ
3375 4361 3475 4428 τῆς
3531 4358 3734 4436 λέξεως

2071 4443 2184 4502 οἶδε
2225 4445 2528 4522 κεχρῆσθαι
2572 4446 2640 4502 τὰ
2696 4445 2952 4522 μάλιστα,
2985 4449 3085 4520 τὴν
3138 4447 3321 4525 ἑτέραν
3369 4445 3614 4522 δήλωσιν
3673 4450 3729 4507 έν

2073 4534 2372 4613 ὀλιγίστοις
2418 4534 2556 4590 πάνυ
2603 4535 2904 4609 τιθέμενος.
2948 4537 3351 4615 Εὑχαριστήσω
3405 4559 3513 4611 σοι,
3567 4540 3728 4618 φησὶ,

2067 4622 2249 4701 Κύριε,
2282 4622 2372 4678 καὶ
2433 4622 2541 4700 οὐχ
2596 4624 2810 4700 ἁπλῶς,
2846 4623 2972 4681 ἀλλ’
3030 4626 3082 4699 ἐξ
3137 4623 3275 4698 ὅλης
3311 4623 3537 4703 καρδίας
3595 4649 3728 4702 μου.

305 4713 418 4779 ζῶα
461 4715 562 4778 τῆς
620 4706 788 4777 αὑτῆς
845 4711 961 4768 τοῖς
1009 4705 1222 4781 ἰχθύσιν
1255 4705 1596 4778 ἀκοινώνητα
1624 4706 1835 4785 φύσεως
1866 4707 1950 4762 ἐν·
1981 4700 2028 4765 Ῐ)
2061 4700 2407 4789 Διηγήσομαι
2462 4714 2637 4769 πάντα
2691 4714 2758 4770 τὰ
2823 4713 3096 4789 θαυμάσιά
3152 4736 3269 4788 σου,
3316 4700 3393 4772 τὰ.
3439 4700 3727 4790 θαυμαστά

303 4795 614 4854 διαιτῶνται
651 4801 770 4858 τοῖς
814 4792 1021 4867 ὕδασιν,
1056 4795 1143 4850 οἷα
1189 4792 1500 4858 πολύποδες
1555 4795 1647 4850 καὶ
1702 4801 1952 4872 καρκῖνοι

298 4887 392 4945 καὶ
441 4883 619 4964 ἕτερα,
664 4883 754 4940 διά
788 4885 940 4940 ταῦτ’
993 4883 1254 4960 ἐπήγαγε,
1313 4907 1341 4940 α
1385 4885 1454 4939 τά
1519 4881 1955 4962 διαπορευόμενοι

295 4972 520 5055 τρίϐους
571 4972 876 5039 θαλασσῶν·
909 4995 939 5026 ››
972 4972 1047 5035 ὡς
1093 4971 1145 5027 εἷ’
1181 4970 1360 5050 ἔλεγε,
1408 4971 1582 5029 πάντα
1620 4973 1690 5029 τὰ
1729 4971 1951 5052 διερχό-

301 5087 432 5144 μενα
483 5062 778 5126 διελεύσεις
825 5060 876 5117 έν
929 5059 1136 5133 ὕδασιν,
1164 5057 1272 5117 εἷίτε
1316 5063 1416 5132 τῆς
1457 5061 1664 5139 ἰχθύων
1699 5062 1800 5117 εῗσὶ
1850 5063 1951 5143 φύ-

297 5175 433 5219 σεως
485 5150 584 5218 εἴθ’
626 5153 814 5230 ἑτέρας
858 5149 1029 5213 τινός.
1063 5175 1093 5204 (ι
1137 5149 1322 5228 Κύριε,
1355 5152 1383 5207 6
1419 5151 1616 5229 Κύριος
1661 5155 1847 5227 ἡμῶν,
1879 5154 1954 5217 ὡς

296 5243 603 5320 θαυμαστὸν
657 5242 719 5300 τὸ
768 5234 944 5314 ὄνομά
988 5261 1084 5295 σου
1132 5239 1183 5296 έν
1246 5241 1390 5316 πάσῃ
1444 5244 1514 5316 τῇ
1699 5241 1763 5296 τὸ
1815 5262 1951 5318 προ-

296 5331 478 5408 οίμιον
539 5330 831 5402 ἐποιήσατο
892 5327 982 5386 καὶ
1051 5327 1332 5406 ἐπίλογον,
1384 5329 1444 5384 ἐκ
1506 5335 1602 5386 τοῦ
1661 5329 1952 5404 θαυμάζειν

293 5422 593 5500 ἀρξάμενος
648 5420 748 5490 τὴν
800 5423 898 5475 τοῦ
956 5419 1163 5496 Κυρίου
1216 5417 1754 5496 μεγαλειότητα,καί
1812 5421 1950 5496 πρὸς

295 5512 425 5569 αὐτὸ
454 5511 516 5567 τὸ
563 5508 857 5583 θαυμάζειν
901 5507 1104 5579 ταύτην
1159 5505 1325 5563 πάλιν
1384 5511 1760 5582 κατηντηκώς.
1794 5509 1948 5566 Οὕτω

295 5611 411 5687 χρὴ
441 5608 530 5664 καὶ
562 5609 711 5681 ἡμᾶς
742 5607 802 5663 ἐκ
829 5611 963 5662 Θεοῦ
991 5610 1098 5662 τῶν
1131 5606 1315 5684 ὕμνων
1347 5608 1436 5663 καὶ
1467 5605 1622 5687 λόγῳ
1677 5609 1768 5664 καὶ
1815 5607 1949 5687 πρά-

296 5704 372 5776 εει
421 5699 805 5774 κατάρχεσθαι,
849 5697 940 5750 καὶ
990 5697 1127 5772 πρὸς
1194 5697 1322 5753 Θεὸν
1370 5703 1651 5772 καταντᾷν,
1700 5698 1851 5762 ἐκτὸς
1900 5696 1947 5753 δ’

297 5788 462 5846 αὑτοῦ
520 5787 708 5865 μήπου
777 5781 1143 5861 μηδοπωσοῦν
1212 5784 1486 5866 έκφοιτᾷν,
1543 5786 1672 5846 ἀλλ’
1725 5786 1946 5866 ἔχεσθαι

2066 4824 2160 4858 σου
2191 4801 2326 4857 κατά
2370 4806 2476 4858 τῶν
2526 4807 2732 4874 νοητῶν
2791 4803 3000 4880 ἐχθρῶν
3037 4825 3142 4878 μου
3194 4808 3718 4882 τροπαιουχήματαο

2064 4891 2506 4972 εύφρανθήσομαι
2582 4892 2672 4947 καὶ
2748 4891 3158 4969 ἀγαλλιάσομαι
3229 4893 3280 4950 ἐν
3341 4894 3448 4950 σοίο
3511 4894 3610 4951 οὐκ
3663 4896 3718 4952 έν

2064 4972 2190 5056 δόξῃ
2245 4981 2334 5036 καὶ
2391 4979 2620 5054 πλούτῳ
2666 4980 2757 5036 καὶ
2803 4986 2920 5044 τοῖς
2964 4980 3156 5059 ῥέουσι
3187 4981 3526 5060 πράγμασιν,
3587 4983 3719 5042 ἀλλ’

2062 5068 2114 5126 έν
2166 5069 2273 5143 σοὶ,
2329 5073 2409 5144 τῷ
2481 5065 2654 5133 ὅντως
2729 5069 3030 5149 εὐφροσύνῃ
3093 5071 3184 5128 καὶ
3248 5069 3594 5148 ἀγαλλιάσει·
3656 5073 3722 5130 σὺ

2061 5161 2166 5236 γὰρ
2237 5156 2326 5214 διὰ
2388 5165 2489 5230 τῆς
2557 5165 2656 5230 σῆς
2720 5158 3066 5236 ἀντιλήψεως
3133 5160 3436 5238 εὐφραίνεις
3496 5161 3723 5234 ἀληθῶς

2059 5249 2154 5311 τὰς
2236 5247 2461 5324 καρδίας
2541 5253 2650 5305 τῶν
2722 5248 3040 5325 ἠξιωμένων
3124 5246 3272 5328 ἔχειν
3353 5272 3412 5308 σε
3498 5251 3723 5326 ἀντιλή-

2060 5359 2254 5414 πτορα.

2132 5453 2161 5480 ‹‹
2193 5426 2369 5483 Ψαλῶ
2398 5432 2478 5501 τῷ
2510 5427 2738 5503 ὀνόματί
2767 5450 2886 5499 σου,
2926 5431 3184 5506 ⁰Ψψιστε.
3223 5454 3245 5482 ι
3296 5431 3383 5487 Ἐν
3430 5434 3511 5504 τῷ
3564 5429 3715 5488 τέλει

2057 5521 2153 5572 τοῦ
2186 5512 2426 5592 ἑϐδόμου
2452 5516 2700 5593 ψαλμοῦ,
2730 5519 2855 5591 περὶ
2882 5519 3086 5576 τούτου
3126 5518 3460 5592 διείληπται.

2131 5632 2160 5660 ιι
2192 5608 2275 5662 Ἐν
2301 5612 2382 5680 τῷ
2415 5609 2827 5688 ἀποστραφῆναι
2858 5609 2948 5664 τὸν
2977 5609 3172 5687 ἐχθρόν
3207 5630 3314 5684 μου
3348 5609 3424 5672 είς
3469 5609 3538 5664 τά
3585 5609 3713 5666 ὀπί-

2057 5718 2155 5770 σω,
2180 5696 2529 5768 ἀσθενήσουσι
2559 5697 2650 5754 καὶ
2689 5697 3022 5754 ἀπολοῦνται
3065 5699 3174 5755 ἀπὸ
3220 5699 3644 5776 προσώπουσου.
3676 5725 3708 5754 ››

2053 5788 2316 5864 ’Ἃρχεται
2372 5788 2471 5858 τῆς
2528 5783 2835 5865 διηγήσεως
2879 5791 2990 5845 τῶν
3047 5787 3362 5865 θαυμασίων
3443 5788 3706 5867 Χριστοῦ.

3845 6357 3860 6362 ¹’
3903 6361 3952 6368 ·-..
4070 6357 4072 6366 l

3755 6365 3768 6372 ‘
3793 6369 3966 6390 τινων-»ἀδ-
4070 6371 4072 6386 ¹

3797 6381 3848 6402 πὶ..
3885 6381 3890 6384 -
3909 6379 3952 6410 με.

3797 6379 3924 6428 ι¹ὡ“

3385 6421 3428 6426 "—
3520 6418 3568 6426 7"
3648 6419 3708 6428 '-‘
3754 6415 3822 6426 “-⁴“
3850 6415 3917 6428 Ἦ“
3951 6417 4004 6434 κὴ.
4070 6423 4072 6427 .
