4072 6452
370 434 528 498 i365

1594 430 2021 499 EXPOSITIO
2064 435 2146 499 ΙΝ
2189 436 2578 505 PBALMOS.

3641 446 3804 510 1386

371 566 471 625 Διὰ
503 567 598 643 μὲν
630 561 853 652 οὖντοῦ
895 564 1062 622 εἰπεῖν
1105 565 1202 652 τὸν
1252 562 1448 652 ἐχθρόν
1507 585 1613 638 μου
1654 563 1846 629 ἑνικῶς
1897 564 2027 639 ἐδή-
2059 573 2113 641 Α
2145 566 2538 648 ἐξωλὸθρευται
2575 592 2590 607 ⁸
2648 575 2677 630 6
2731 572 2790 631 δὲ
2842 572 3043 652 Κύριος
3113 579 3306 647 Ιησοῦς
3362 575 3440 640 εἷς
3493 577 3587 633 τὸν
3627 576 3801 635 αἰῶνα

372 656 518 712 λωσε
568 655 662 712 τὸν
722 648 979 711 διάϐολον
1014 675 1027 690 ⁸
1097 651 1187 710 διὰ
1243 651 1302 710 δὲ
1354 657 1451 709 τοῦ
1526 653 1876 727 ἀσθενήσουσι
1933 656 2024 712 καὶ

370 743 726 813 ἀπολοῦνται,
779 741 1163 813 πληθυντικῶς
1223 743 1540 821 εἰρημένου,
1615 743 1746 808 τοὺς
1832 741 2025 819 δαίμο-

367 855 483 899 νας.
535 834 832 912 Πρόσωπον
884 829 943 888 δὲ
992 831 1145 908 λέγει
1172 834 1273 903 τὴν
1307 831 1638 912 ἐπιφάνειαν⁸
1670 832 2022 912 ἐπιφανέντος

366 924 467 1001 γὰρ
512 924 564 980 ἐν
613 927 693 996 τῷ
737 919 839 998 ᾅδῃ
874 926 972 978 τοῦ
1021 922 1296 979 Δεσπότου
1326 926 1585 1001 Χριστοῦ,
1623 923 1702 997 μὴ
1732 922 1963 999 ἐνεγκὼν
1992 925 2021 980 6

367 1008 625 1077 διαϐολος
678 1012 776 1083 τὴν
816 1012 1093 1087 ἀστραπὴν
1142 1020 1243 1084 τῆς
1307 1012 1590 1085 θεότητος,
1641 1011 1878 1093 ἐστράφη
1945 1014 2022 1077 εἰς

364 1102 433 1159 τά
474 1102 671 1173 ὀπίσω,
721 1100 1291 1178 κατατέτροπωμένος.
1337 1099 1543 1160 Τούτου
1595 1098 1643 1158 δ’
1689 1100 1832 1158 οὕτω
1864 1124 2021 1182 στρα-

364 1193 575 1271 φέντος,
624 1188 938 1265 ’ἧττημένου
984 1191 1076 1248 καὶ
1150 1190 1631 1269 κατῃσχυμμένου,
1698 1192 1896 1257 πάντες
1966 1193 2020 1249 οἱ

369 1279 624 1356 δαίμονες
673 1279 998 1353 ἡσθὲνησαν,
1048 1282 1105 1338 αἱ
1155 1278 1411 1355 δυνάμεις
1473 1282 1663 1353 αὐτοῦ,
1720 1281 1812 1337 καὶ
1873 1282 2022 1339 ἀπώ-

362 1369 543 1428 λοντο.
642 1371 905 1429 Τουτέστι
1011 1368 1519 1446 διεσκορπίσθησαν,
1619 1369 2014 1449 ἠφανίσθησανο

248 1464 251 1467 ’
362 1455 677 1536 ὑπερϐατῶς
730 1463 767 1531 ῆ
829 1458 1094 1532 σύνταξις·
1144 1484 1176 1514 ‹‹
1219 1466 1306 1518 Ἐν
1352 1463 1433 1534 τῷ
1480 1460 1891 1540 ἀποστραφῆναι
1922 1461 2013 1518 τὸν

361 1547 558 1627 ἐχθρόν
620 1569 724 1624 μου
774 1549 853 1612 εἰς
898 1549 967 1604 τὰ
1015 1547 1191 1606 ὀπίσω
1240 1548 1347 1606 ἀπὸ
1374 1550 1674 1625 προσώπου
1704 1570 1825 1621 σου,
1853 1552 2016 1616 ἀσθε-

357 1638 582 1709 νήσουσι
628 1635 723 1693 καί
768 1636 1129 1694 ἀπολοῦνται⁸
1175 1659 1207 1692 ››
1254 1636 1459 1704 Πάντες
1532 1637 1588 1695 οἱ
1650 1640 1777 1717 περὶ
1850 1638 2009 1698 αὐτὸν

358 1722 620 1798 δηλονότι
649 1724 739 1782 καὶ
772 1725 860 1782 ὑπ’
888 1723 1071 1784 αὐτόν.

436 1839 466 1869 ι(
496 1817 615 1872 Ὅτι
665 1814 926 1889 ἐποίησας
972 1817 1072 1887 τῆν
1124 1816 1300 1895 κρίσιν
1354 1837 1460 1893 μου
1523 1817 1616 1874 καὶ
1681 1818 1782 1890 τὴν
1852 1815 2007 1892 δίκην

362 1926 490 1979 μου.
550 1929 582 1958 ››
631 1904 924 1978 Ἐποίησας
980 1905 1081 1977 τήν
1139 1906 1265 1984 περὶ
1324 1907 1460 1983 ἐμοῦ
1514 1905 1688 1986 κρίσιν
1749 1906 1840 1963 καὶ
1905 1910 2006 1979 τὴν

358 1992 636 2050 δικαίωσίν
692 2015 818 2070 μου.
869 1995 969 2051 Καὶ
1016 1996 1107 2052 τὸν
1179 1997 1275 2071 μὲν
1337 1994 1596 2073 τύραννον
1670 1993 2006 2075 κατέκρινας,

354 2082 453 2159 ἐμὲ
512 2081 559 2140 δ’
615 2081 934 2148 ἐδικαίωσας
989 2091 1093 2156 τῆς
1168 2086 1331 2142 αὐτοῦ
1397 2085 1622 2160 θέμενος
1695 2085 2009 2165 τυραννίδος

353 2170 652 2252 ἐλεύθερον.
687 2173 841 2229 Οὕτω
871 2173 959 2230 οιαὶ
988 2173 1052 2230 τὸ
1083 2174 1419 2251 Εὐαγγέλιον
1455 2170 1754 2249 διατρανοῖ.
1789 2199 1819 2229 ‹‹
1851 2181 1958 2233 Νῦν
1978 2178 2007 2233 6

352 2258 537 2341 ἄρχων
564 2267 662 2318 τοῦ
691 2262 902 2337 κόσμου
931 2260 1126 2318 τούτου
1157 2264 1423 2344 κέκριται.
1456 2290 1481 2320 ι

421 2395 451 2423 «
484 2370 766 2436 Ἐκάθισας
823 2370 913 2426 ἐπὶ
974 2370 1170 2448 θρόνου
1229 2373 1258 2428 6
1314 2371 1515 2449 κρίτων
1571 2370 1940 2446 δικαιοσύνην.
1974 2396 2004 2426 ››

351 2456 614 2517 Ἀνελθὼν
679 2461 815 2535 μετά
853 2471 954 2531 την
1030 2460 1315 2518 ἀνάστασιν
1367 2461 1445 2526 εἷς
1511 2460 1641 2526 τοὺς
1718 2462 2004 2538 οὐρανοὺς,

351 2547 440 2605 ἐπὶ
488 2541 683 2625 θρόνου
741 2545 902 2620 δόξης
949 2547 1201 2617 ἐκάθισας
1251 2551 1386 2626 μετὰ
1415 2550 1694 2626 σώματος.
1725 2552 1789 2609 Ὀ
1819 2550 2004 2628 κρίνας

351 2633 595 2711 δικαίως,
648 2638 741 2695 καὶ
795 2637 888 2693 τὸν
950 2638 1259 2710 ἀποστάτην
1322 2634 1569 2696 ἐκϐαλὼν
1630 2637 1752 2716 ἔξω,
1812 2639 1910 2715 ἐμὲ
1958 2638 2005 2696 δ’

352 2725 457 2783 ὑπὸ
505 2726 605 2796 τὴν
649 2728 747 2797 σὴν
799 2723 1110 2784 δεσποτείαν
1159 2728 1482 2806 εἰσαγαγὼν,
1533 2730 1563 2786 6
1598 2730 1691 2787 καὶ
1744 2729 1871 2787 τότε
1914 2729 2005 2786 καί

348 2819 440 2872 νῦν
470 2815 561 2872 καὶ
610 2813 701 2873 διὰ
743 2817 943 2880 παντὸς
994 2813 1200 2881 δίκαιος
1251 2818 1513 2896 ὑπάρχων
1556 2820 1772 2896 κριτὴς,
1823 2817 2004 2876 ἐπετί-

351 2925 528 2982 μησας
584 2903 773 2976 ἔθνεσι,
819 2905 911 2961 καὶ
958 2904 1213 2963 ἀπώλετο
1264 2901 1481 2979 ἀσεϐής.
1531 2908 1697 2979 Ἔθνη
1729 2911 1821 2964 νῦν
1850 2907 2001 2984 λέγει

341 2993 470 3059 τοὺς
502 2991 782 3069 δαίμονας,
816 2995 890 3058 ὡς
922 2995 1158 3071 πρώτως
1190 2995 1448 3069 ἀνόμους,
1479 2995 1569 3052 καὶ
1600 3000 1722 3069 τῆς,
1771 2998 2000 3072 ἀνομίας

345 3080 736 3161 δθμιουργούς.
786 3084 1153 3157 Ἐπετίμησας
1196 3090 1314 3148 τοῖς
1365 3083 1586 3160 δαίμοσι
1632 3082 1723 3142 διὰ
1765 3090 1864 3141 τοῦ
1890 3091 1998 3143 τῶν

343 3172 665 3229 ἀποστόλων
719 3170 1097 3249 κηρύγματος,
1145 3173 1387 3250 ἐχόντων
1439 3173 1679 3248 ἐξουσίαν
1743 3173 1996 3250 ἐπιτιμᾷν

345 3258 590 3335 δαίμόσι,
620 3261 710 3316 καὶ
736 3265 1060 3317 καταπατεῖν
1099 3267 1271 3318 πᾶσαν
1300 3264 1399 3333 τῆν
1449 3260 1674 3338 δύναμιν
1719 3267 1818 3320 τοῦ
1867 3262 1996 3341 ἐχθ-

343 3325 462 3426 ροῦ..
494 3325 595 3405 Διά
617 3356 721 3421 τῆς
749 3349 1007 3422 τοιαύτης
1034 3350 1214 3407 τοίνυν
1276 3325 1648 3427 ἐπιτιμήσεως
1707 3351 1770 3409 οὐ
1833 3325 1997 3428 μόνον
2025 3325 2069 3393 C

342 3435 598 3512 δαίμονες
627 3437 1036 3514 ἐδραπέτευσαν,
1072 3438 1220 3497 ἀλλὰ
1245 3442 1337 3499 καὶ
1368 3441 1397 3497 6
1445 3441 1621 3499 αὐτῶν
1677 3441 1866 3521 ἀρχων
1905 3443 1997 3501 καὶ

339 3531 558 3604 πρῶτος
586 3523 788 3600 ἀσεϐἡν
822 3527 1190 3608 ἐξηφάνισται.

409 3659 440 3691 ‹‹
486 3636 558 3691 Τὸ
607 3629 783 3709 ϐνομα
849 3635 1014 3693 αὐτοῦ
1068 3635 1357 3713 ἐξήλειψας
1410 3637 1486 3701 εἰς
1533 3636 1627 3694 τὸν
1673 3638 1848 3696 αἰῶνα
1907 3639 1997 3696 καὶ

336 3722 417 3788 εἰς
471 3724 563 3780 τὸν
619 3724 792 3781 αἰῶνα
843 3729 942 3782 τοῦ
1000 3724 1222 3790 αἰῶνος.
1268 3748 1297 3780 ‹‹
1328 3724 1482 3783 Πολὺ
1509 3728 1574 3784 τὸ
1602 3732 1701 3784 τοῦ
1731 3723 1997 3786 διαϐόλου

334 3808 514 3889 ὄνομα
541 3812 623 3888 τῷ
651 3813 845 3888 κόσμῳ
895 3811 987 3871 διὰ
1028 3821 1130 3886 τῆς
1177 3812 1636 3893 εἰδωλολατρείας
1675 3815 1994 3897 ἐφήπλωτο.

334 3902 413 3959 Σὺ
464 3900 523 3960 δὶ
569 3907 732 3960 τοῦτο
780 3904 1010 3977 πάμπαν
1060 3903 1352 3981 ἐξήλειψας
1386 3903 1609 3962 αἰωνίου
1638 3904 1722 3962 ἄεί
1753 3925 1767 3940 ⁸
1797 3907 1862 3964 τὸ
1891 3908 1996 3985 γὰρ

336 3990 415 4055 εἰς
477 3993 568 4047 τὸν
654 3991 825 4048 αἰῶνα
896 3997 996 4048 τοῦ
1079 3993 1277 4058 αἰῶνος
1365 3991 1670 4065 διηνεκείας
1752 3994 1999 4076 ἐμφαίνει

335 4079 601 4141 ἐπίτασιν.

411 4194 440 4225 ‹‹
469 4174 577 4228 Τοῦ
607 4170 811 4248 ἐχθροῦ
842 4166 1091 4244 ἐξέλιπον
1123 4170 1178 4226 αἱ
1228 4169 1499 4250 ῥομφαῖαι
1546 4172 1623 4237 εἰς
1671 4170 1856 4247 τέλος,
1905 4174 1997 4231 καὶ

336 4257 530 4324 πολεις
583 4258 856 4324 καθεῖλες.
916 4282 946 4312 ››
989 4260 1066 4314 Τὰ
1111 4262 1220 4314 τῶν
1271 4259 1559 4333 Ἑλλήνων
1593 4258 1724 4326 ἄθεα
1752 4259 1998 4339 δόγματα

341 4347 615 4429 ῥομφαίας
662 4352 759 4404 τοῦ
807 4342 1071 4404 διαϐόλου
1121 4347 1255 4427 φησί
1286 4366 1299 4381 ⁸
1355 4349 1431 4403 ὧν
1482 4348 1643 4412 αὐτὸς
1675 4350 1704 4405 6
1735 4346 1995 4416 διάϐολος

334 4439 432 4502 τὰς
462 4442 571 4495 τῶν
620 4437 922 4514 ἀνθρώπων
963 4436 1152 4515 ἀνῄρει
1203 4438 1384 4514 ψυχάς
1419 4457 1432 4470 ⁸
1482 4436 1676 4501 πολεις
1709 4436 1769 4495 δὲ
1794 4439 1863 4495 τὰ
1885 4445 1993 4496 τῶν

343 4524 897 4605 εἰδωλολατρούντων
958 4529 1298 4602 συστήματα,
1355 4526 1447 4583 καὶ
1500 4534 1602 4599 τῆς
1661 4527 1835 4586 αὐτῶν
1862 4540 1995 4608 θρη-

336 4615 516 4680 σκείας
543 4615 612 4673 τὰ
641 4615 1005 4693 ὀχυρώματα.

2144 659 2289 733 μὲνει
2340 662 2660 737 τιμώμενός
2716 684 2777 720 τε
2832 663 2924 719 καὶ
2981 664 3475 740 προσκυνούμενος,
3558 665 3649 723 καὶ
3730 667 3795 725 τὸ

2135 747 2300 804 αὐτοῦ
2352 751 2617 828 πανάγιον
2679 747 2861 826 ὄνομα
2917 750 3182 824 διηνεκῶς
3264 753 3618 831 μεγαλύνεται
3700 753 3794 811 καὶ

2134 837 2559 904 ἀκαταπαύστως
2672 838 2972 913 δοξάζεται,
3068 840 3160 897 καὶ
3260 849 3361 913 τῆς
3459 841 3791 916 Ἐκκλησίας

2133 924 2298 981 αὐτοῦ
2342 927 2515 986 πύλαι
2561 924 2694 1001 ᾅδου
2743 929 2806 985 οὐ
2853 928 3297 1007 κατισχύσουσιν.
3341 929 3663 1005 ’Πτοίμασεν
3732 931 3786 989 ἐν

2129 1013 2301 1092 κρίσει
2350 1017 2441 1074 τὸν
2492 1017 2681 1093 θρόνον
2732 1018 2917 1075 αὐτοῦ.
2966 1020 3281 1096 Προώρισεν
3330 1017 3382 1076 ἐν
3431 1019 3606 1098 κρίσει
3634 1021 3787 1078 καθί-

2129 1124 2217 1160 σαι
2264 1106 2401 1162 κατὰ
2450 1107 2542 1164 τὸν
2591 1115 2695 1180 τῆς
2741 1105 3048 1172 συντελείας
3090 1112 3188 1165 τοῦ
3217 1108 3414 1174 αἰῶνος
3442 1109 3639 1168 τούτου
3666 1132 3786 1167 και-

2130 1193 2245 1271 ρόν.
2295 1194 2396 1252 Καὶ
2445 1195 2607 1261 αὐτὸς
2655 1203 2832 1273 κρινεῖ
2873 1199 2974 1268 τὴν
3024 1196 3370 1273 οἰκουμένην.
3405 1222 3437 1252 ιι
3464 1200 3551 1255 Ἐν
3585 1196 3790 1258 δικαιο-

2129 1281 2260 1359 σύνῃ
2305 1282 2476 1361 κρίνει
2544 1283 2712 1350 λαοὺς
2768 1285 2821 1343 ἐν
2875 1285 3151 1360 εὐθύτητι.
3236 1310 3268 1342 ››
3341 1292 3519 1346 Ταῦτα
3599 1286 3783 1368 διαγο-

2128 1374 2375 1449 ρεύουσιν
2426 1374 2486 1432 ἐκ
2529 1374 2899 1453 παραλλήλου
2943 1377 3009 1434 τὸ
3052 1380 3153 1434 τοῦ
3195 1376 3543 1453 παγκοσμίου
3593 1383 3784 1457 κριτοῦ

2127 1458 2336 1520 δίκαιον
2362 1463 2453 1522 καὶ
2482 1463 2904 1544 ἀπαρέγκλιτον.
2956 1489 2988 1520 (ι
3018 1465 3119 1522 Καὶ
3149 1464 3358 1543 ἐγένετο
3388 1467 3587 1545 Κύριος
3613 1488 3784 1526 κατα-

2124 1553 2266 1630 φυγὴ
2297 1556 2378 1626 τῷ
2422 1553 2636 1625 πένητι.
2688 1576 2719 1609 ››
2768 1584 2841 1600 --
2886 1553 3102 1627 Πένητα
3132 1553 3284 1632 λέγει
3311 1556 3405 1613 τὸν
3434 1555 3783 1631 ἀνθρωπίνης

2126 1638 2438 1726 δυναστείας
2487 1643 2580 1700 καὶ
2645 1642 2976 1723 προστασίας
3048 1643 3407 1722 ἐστερημένόν
3441 1662 3456 1678 ⁸
3529 1643 3781 1726 διασαφεῖ

2126 1725 2186 1786 δὲ
2216 1727 2307 1786 διὰ
2331 1730 2539 1789 τούτων
2596 1733 2661 1789 τὸ
2714 1736 2813 1790 τοῦ
2868 1731 3073 1811 Κύρίυυ
3124 1733 3402 1809 συμπαθὲς
3448 1733 3538 1791 καὶ
3567 1725 3775 1811 ἀπρόσ-

2120 1817 2455 1892 ωπόληπτον
2489 1839 2505 1855 ⁸
2581 1820 2741 1886 αὐτὸς
2814 1822 2844 1879 6
2916 1820 3117 1901 Κύριος
3192 1822 3223 1878 6
3295 1821 3638 1901 παγκόσμιος
3722 1822 3779 1882 ἐν

2121 1910 2371 1988 ὑστάροις
2437 1910 2650 1988 καιροῖς
2723 1908 2969 1986 δικστὴς,
3038 1910 3200 1975 αὐτὸς
3271 1912 3363 1970 καὶ
3422 1916 3517 1969 νῦν
3583 1912 3774 1991 γέγονε

2115 2000 2401 2078 καταφυγὴ
2459 2005 2541 2074 τῷ
2595 2001 2799 2073 πένητι
2834 2018 2848 2033 ⁸
2905 2000 3110 2078 βοηθὸς
3188 2000 3242 2059 ἐν
3327 1999 3646 2077 εὐκαιρίαις,
3714 2003 3770 2060 ἐν

2116 2086 2385 2165 θλίψεσιν,
2445 2087 2658 2166 ἐγένετο
2710 2088 2908 2167 Κύριος
2961 2089 3045 2163 τῷ
3102 2093 3338 2163 ταπεινῷ
3378 2089 3469 2146 καὶ
3499 2090 3773 2169 ἀπροστα-

2113 2177 2310 2253 τεύτῳ,
2364 2177 2570 2255 βοηθὸς
2616 2177 2668 2234 ἐν
2725 2183 2846 2243 ταῖς
2898 2177 3168 2254 θλίψεσιν,
3200 2177 3489 2258 εὐκαίρως,
3516 2180 3690 2258 ἤγουν
3717 2179 3771 2236 ἐν

2115 2271 2290 2344 καιρῷ
2315 2266 2397 2342 τῷ
2426 2269 2786 2344 προσήκοντι.

2186 2396 2219 2427 (ι
2275 2374 2376 2430 Καὶ
2453 2373 2827 2431 ἐλπισάτωσαν
2895 2372 2985 2431 ἐπὶ
3046 2375 3106 2431 σὶ
3162 2373 3217 2431 οἰ
3267 2375 3627 2452 γινώσκοντες
3705 2375 3769 2433 τὸ

2115 2460 2293 2538 ὄνομά
2344 2484 2462 2537 σου,
2509 2462 2593 2521 ὅτι
2659 2462 2761 2521 οὐκ
2818 2461 3169 2540 ἐγκατέλιπες
3223 2462 3355 2528 τοὺς
3412 2462 3770 2535 ἐκζητοῦντάς

2113 2573 2194 2623 σε,
2251 2550 2435 2632 Κύριε.
2494 2575 2525 2608 ››
2583 2550 2686 2609 Καὶ
2740 2550 2938 2610 λοιπὸν
2995 2552 3218 2632 ἐπείπερ
3273 2552 3378 2610 οὐκ
3416 2551 3769 2631 ἐγκατέλιπες

2111 2639 2242 2706 τοὺς
2286 2641 2534 2719 ἐκψυχῆς
2589 2642 2883 2714 ζητοῦντάς
2938 2660 3017 2713 σε,
3065 2639 3253 2721 Κύριε,
3286 2638 3497 2698 δίκαιον
3526 2639 3768 2713 ἐλπίζειν

2113 2728 2203 2787 ἐπὶ
2284 2732 2345 2786 σέ
2395 2730 2763 2808 γινώσκοντάς
2819 2750 2878 2789 σε
2929 2729 3062 2795 τοὺς
3127 2730 3207 2794 εἰς
3282 2730 3343 2787 ci
3414 2728 3766 2794 πιστεύοντας

2113 2814 2373 2884 εὐσεϐῶς.
2437 2844 2460 2873 ι
2521 2818 2747 2877 Ψάλατε
2797 2823 2881 2895 τῷ
2935 2819 3122 2898 Κυρίῳ
3172 2824 3253 2894 τῷ
3309 2822 3658 2876 κατοικοῦντι
3708 2818 3763 2877 ἐν

2111 2909 2282 2981 Σιὼν,
2329 2933 2359 2962 ››
2413 2914 2493 2984 τῷ
2548 2912 2887 2967 κατοικοῦντι
2940 2909 3083 2967 κακᾶ
3129 2910 3222 2967 τὸν
3277 2911 3380 2978 τῆς
3436 2905 3764 2973 οἰκειώσεως

2111 2997 2279 3074 λόγον
2316 2996 2368 3053 ἐν
2397 3002 2467 3073 τῇ
2499 3003 2608 3054 τῶν
2633 3002 2840 3055 πιστῶν
2871 2996 3190 3073 Ἐκκλησία,
3226 2996 3317 3053 καὶ
3347 2994 3439 3054 διὰ
3462 3001 3625 3054 τοῦτο
3671 2995 3764 3054 καὶ

2110 3086 2162 3144 ἐν
2196 3085 2274 3144 ἐνὶ
2299 3087 2508 3162 ἑκάστῳ
2536 3091 2732 3161 πιστῷ.

2177 3200 2208 3231 ‹‹
2265 3176 2651 3255 Ἀναγγείλατε
2705 3176 2757 3234 ἐν
2813 3180 2933 3242 τοῖς
2985 3174 3159 3242 ἔθνεσι
3231 3175 3303 3233 τὰ
3355 3172 3766 3249 ἐπιτηδεύματα

2106 3264 2293 3324 αὐτοῦ.
2322 3291 2350 3321 ››
2389 3266 2463 3322 Τὸ
2517 3266 2870 3344 ἀναγγέλλειν
2912 3267 2983 3323 τὰ
3027 3264 3157 3344 ἔργα
3200 3263 3292 3322 καὶ
3317 3264 3418 3329 τὰς
3448 3262 3765 3340 οἰκονομίας

2103 3359 2202 3411 τοῦ
2259 3358 2515 3432 Χριστοῦ,
2575 3357 2675 3426 τὴν
2734 3356 3164 3432 ἐνανθρώπησιν,
3222 3354 3293 3410 τὰ
3379 3352 3631 3428 θαύματα
3695 3353 3764 3411 τὰ

2104 3442 2520 3521 προστάγματα,
2575 3442 2670 3501 καὶ
2724 3445 2872 3518 αὐτῷ
2922 3442 3152 3519 στόματι
3208 3443 3301 3501 καὶ
3359 3440 3430 3499 δι’
3459 3441 3762 3500 ἐπιστολῶν

2103 3532 2196 3590 καὶ
2240 3538 2482 3613 γραφῶν,
2534 3532 2588 3589 ἐν
2635 3538 2755 3599 τοῖς
2800 3532 2901 3590 οὐκ
2946 3530 3146 3589 εἰδόσιν
3209 3527 3380 3590 ἔθνεσι
3428 3536 3617 3605 ταῦτα,
3665 3530 3759 3589 καὶ

2104 3623 2234 3679 πὰσι
2295 3624 2364 3698 μὲ
2413 3620 2604 3701 ἔχουσι
2671 3621 2842 3701 λόγου
2915 3620 3141 3698 δύναμιν
3216 3621 3447 3698 ἁρμόζει
3517 3624 3754 3694 πιστοῖς,

2103 3710 2387 3789 ἐξαιρέτως
2444 3709 2503 3768 δὲ
2556 3715 2673 3775 τοῖς
2726 3710 3081 3783 ἀποστόλοις,
3140 3709 3225 3775 οἷς
3280 3709 3424 3768 εἶπεν
3474 3710 3504 3768 6
3533 3707 3757 3789 Κύριος,

2107 3823 2140 3855 ιι
2165 3803 2523 3876 Πορεοθέντες
2559 3799 2927 3876 μαθηνεύσατε
2950 3798 3126 3856 πάντα
3147 3799 3217 3855 τὰ
3239 3796 3389 3871 ἔθνη.
3422 3823 3447 3856 ι

2177 3932 2206 3961 «
2237 3909 2359 3963 Ὅτι
2403 3908 2433 3963 6
2491 3906 2733 3979 ἐκζητῶν
2781 3908 2853 3962 τὰ
2896 3903 3102 3982 αἵματα
3146 3902 3323 3962 αὐτῶν
3364 3903 3627 3982 ἐμνήσθθ,
3657 3902 3759 3962 οὐκ

2105 3995 2397 4054 ἐπελάθετο
2451 4002 2554 4068 τῆς
2612 4002 2861 4075 κραυγῆς
2950 3998 3061 4053 τῶν
3158 3996 3429 4067 πενήτων.
3494 4017 3524 4050 ιι
3599 4001 3756 4053 Ουτω

2105 4087 2423 4143 συντακτέον
2447 4103 2464 4120 ⁸
2521 4087 2803 4160 Ἐμνήσθη
2858 4092 2963 4157 τῆς
3014 4091 3256 4163 κραυγῆς
3317 4086 3426 4142 τῶν
3483 4084 3754 4159 πενήτων,

2105 4175 2206 4231 οὐκ
2261 4174 2552 4232 ἐπελάθετο
2582 4193 2597 4209 ⁸
2655 4174 2748 4231 καὶ
2802 4174 2905 4252 γὰρ
2961 4174 3014 4231 οἰ
3059 4171 3289 4246 πένητες
3358 4173 3561 4237 παντὸς
3632 4173 3758 4251 ἀγα-

2105 4266 2203 4329 θοῦ
2260 4265 2330 4337 τῇ
2387 4260 2682 4339 δαιμονικῇ
2734 4260 3007 4340 τυραννίδι
3061 4259 3577 4339 ταλαιπωρούμὶνοι
3657 4261 3753 4337 μὲ-

2102 4352 2202 4431 χρι
2247 4359 2457 4433 σφαγῆς
2500 4353 2592 4408 καὶ
2637 4355 2738 4425 τῆς
2778 4355 2889 4408 τῶν
2937 4351 3152 4409 οἰκείων
3201 4351 3448 4426 αἱμάτων
3479 4350 3754 4428 ἐκχύσεως

2103 4439 2327 4519 ἔκραζον
2378 4441 2547 4498 οἱονεὶ
2595 4442 2736 4519 πρὸς
2790 4442 2884 4497 τὸν
2939 4439 3090 4499 Θεόν.
3136 4443 3198 4497 Ἦ
3243 4440 3437 4515 πρᾶξις
3465 4439 3685 4518 γὰρκαὶ
3714 4441 3752 4511 ἡ

2101 4530 2337 4603 πάθησις
2365 4530 2456 4587 καὶ
2485 4534 2592 4587 τῶν
2622 4529 2969 4604 πραττόντων
3008 4527 3047 4601 ἤ
3092 4528 3419 4605 πασχόντων
3471 4528 3752 4605 σιγώντων

2102 4614 2413 4677 αὐτοϐοῶσι
2467 4620 2610 4699 πφὸς
2649 4619 2743 4676 τὸν
2819 4619 2950 4676 Θεὸν
3008 4619 3102 4675 τὸν
3171 4615 3354 4675 εἰδότα
3415 4617 3593 4674 πάντα
3661 4616 3755 4674 καὶ

418 4728 441 4758 α
488 4703 773 4764 Ἀπώλετο
829 4706 893 4762 τὸ
955 4705 1307 4781 μνημόσυνον
1363 4703 1532 4761 αὐτοῦ
1594 4706 1709 4782 μετ’
1763 4703 1935 4785 ἤχου.
1970 4731 1994 4763 ι
2029 4693 2076 4760 Ι)
2106 4707 2235 4787 πρὶν
2292 4693 2578 4784 γενέσεως.
2639 4708 2698 4762 '0
2750 4706 2934 4764 τοίνυν
2990 4707 3058 4762 νὰ
3112 4702 3319 4781 αἵματα
3394 4704 3572 4762 αὐτῶν
3642 4708 3754 4762 τῶν

345 4797 457 4867 Τῆς

349 4882 603 4956 ἀηώλετο
665 4883 780 4956 μετ’
838 4880 990 4961 ἤχου
1037 4883 1101 4939 τὸ
1150 4886 1249 4939 τοῦ
1308 4877 1572 4940 διαϐόλου
1622 4883 1992 4959 μνημόσυνον,

339 4973 613 5044 τουτέστι,
671 4967 1003 5048 περιϐόητος
1059 4972 1153 5029 καὶ
1210 4972 1529 5044 ἐξάκουστος
1584 4974 1621 5043 ἡ
1650 4978 1754 5039 τῆς
1809 4969 1997 5031 διαϐο-

341 5061 507 5133 λικῆς
571 5063 797 5138 μνήμης
855 5060 1105 5119 ἀπώλεια
1150 5060 1367 5140 γέγονεν
1398 5082 1412 5098 ⁸
1484 5060 1561 5125 εἰς
1639 5067 1810 5119 πᾶσαν
1890 5064 1997 5141 γὰρ

338 5154 679 5231 περιήχηται
747 5158 876 5230 γῆν,
924 5150 1001 5219 ὡς
1052 5148 1488 5231 εἰδωλολατρεία
1539 5151 1853 5231 καθῄρηται
1906 5154 1998 5209 καὶ

343 5243 657 5323 ἠφάνισται.

416 5331 577 5390 «Καὶ
634 5332 664 5387 6
713 5330 913 5407 Κύριος
972 5331 1050 5396 εἰς
1104 5332 1196 5388 τὸν
1254 5332 1425 5387 αἰῶνα
1485 5351 1655 5406 μενει.
1721 5355 1753 5384 ››
1810 5334 2000 5388 -Διά

343 5426 527 5496 τοῦτο,
585 5428 686 5493 τῆς
757 5416 1029 5484 εὐσεϐείας
1078 5418 1329 5493 ἐδήλωσε
1388 5420 1766 5495 μόνιμονίκαὶ
1797 5418 1996 5479 ἀίδιον.

346 5513 446 5569 Καὶ
505 5513 533 5567 6
591 5511 685 5585 μὲν
742 5505 942 5580 ἀσεϐής
1000 5509 1255 5565 ἀπώλετο
1330 5510 1420 5565 καὶ
1478 5511 1541 5567 τὸ
1600 5509 1767 5567 αὐτοῦ
1823 5510 2002 5586 ὅνομα

345 5601 520 5674 πάντη
570 5599 904 5676 πάνταχόθεν
958 5596 1146 5662 ἆϊδίως
1200 5597 1539 5674 ἐξήλειπται,
1584 5601 1766 5657 αἰτοῦ
1796 5599 1999 5679 ἐχθροῦ

348 5690 615 5771 ῥομφαῖαι
663 5690 741 5753 εἰς
788 5687 948 5750 τέλος
1005 5686 1275 5758 ἐξέλιπον,
1319 5689 1374 5744 αἱ
1423 5689 1617 5754 πόλεις
1645 5689 1811 5746 αὐτοῦ
1839 5710 2001 5746 κατα-

346 5775 664 5855 θέϐληνται,
724 5778 790 5835 τὸ
865 5771 1215 5854 μηνμόσυνον
1290 5777 1457 5837 αὐτοῦ
1543 5779 1680 5855 μετᾶ
1758 5784 1999 5858 κραυγῆς

584 4792 1042 4870 εἰδωλολατρείας
1156 4793 1524 4872 ἁπανταχόθεν
1625 4793 1995 4872 ἀναιρεθείσης

2106 4796 2269 4854 ἐθνῶν
2314 4795 2556 4867 ἐκζητῶν
2612 4794 2813 4874 Κύριος
2864 4795 2935 4852 τὰ
2987 4794 3041 4851 ἐν
3100 4799 3223 4859 ταῖς
3286 4797 3395 4852 τῶν
3476 4789 3752 4869 δαιμόνων

2104 4885 2396 4963 ἐκρεόμενα
2450 4883 2677 4956 θυσίαις,
2733 4881 2906 4963 ἤγουν
2962 4885 2993 4940 6
3051 4880 3207 4948 δίκας
3264 4880 3598 4959 εἰσπράττων
3653 4886 3756 4955 τῆς

2106 4975 2324 5031 ἀνοσιου
2378 4973 2582 5045 ταύτης
2632 4977 2741 5030 τῶν
2816 4970 3065 5049 αἰμάτων
3139 4970 3438 5050 ἐκχύσεως,
3507 4971 3751 5046 ἐμνήσθη

2101 5067 2202 5135 τῆς
2258 5067 2366 5119 τῶν
2436 5062 2819 5142 σφαττομένων
2898 5061 3147 5119 ἐλεεινῶν
3220 5061 3313 5117 καὶ
3384 5060 3753 5139 ταλαιπώρων

2107 5153 2406 5230 ἀνθρώπων
2456 5158 2722 5228 κραυγῆς,
2771 5150 2864 5208 καὶ
2913 5150 3016 5207 οὐκ
3065 5147 3378 5209 ἐπελάθετο.
3431 5171 3464 5204 ‹‹
3495 5147 3756 5222 Ἐλέησόν

2112 5263 2199 5317 με,
2256 5240 2440 5318 Κύριε,
2498 5238 2582 5297 ἰδε
2625 5241 2727 5311 τήν
2773 5238 3093 5296 ταπείνωσίν
3143 5258 3251 5314 μου
3308 5236 3370 5295 ἐκ
3401 5241 3513 5295 τῶν
3542 5237 3755 5317 ἐχθρῶν

2110 5353 2238 5405 μου,
2271 5332 2301 5387 6
2333 5331 2479 5405 ὑψῶν
2524 5350 2594 5405 με
2620 5330 2681 5386 ἐκ
2703 5334 2811 5386 τῶν
2843 5327 3033 5384 πυλῶν
3058 5332 3157 5384 τοῦ
3187 5325 3439 5393 θανάτου.
3472 5349 3504 5381 ››
3547 5335 3755 5406 Διηγη-

2110 5420 2343 5494 σάμενος
2386 5419 2514 5497 περὶ
2577 5420 2651 5475 ὦν
2698 5419 3057 5496 κατώρθωσεν
3104 5414 3134 5472 6
3182 5416 3458 5488 Δεσπότης
3516 5416 3751 5495 Χριστὸς

2109 5507 2200 5565 δῖά
2271 5515 2372 5579 τῆς
2435 5506 2640 5572 οἰκείας
2712 5507 3169 5584 ἐνανθρωπήσεως
3231 5505 3325 5561 καὶ
3377 5508 3478 5562 τοῦ
3546 5503 3757 5570 πάθους

2109 5598 2273 5655 αὐτοῦ
2302 5598 2392 5654 καὶ
2418 5604 2521 5670 τῆς
2552 5594 2889 5659 ἀνάστάσεως
2935 5594 3027 5653 καὶ
3077 5593 3451 5679 ἀναλήψεωςλ
3491 5592 3755 5672 ἐπήγαγεν

2110 5687 2460 5763 ἁρμοζόντως
2517 5685 2600 5744 ὅτι
2658 5685 2818 5750 αὐτὸς
2873 5680 3020 5743 ἔσται
3075 5682 3171 5740 καὶ
3240 5689 3343 5754 τῆς
3428 5680 3757 5758 οἰκουμένης

2109 5777 2322 5850 ἀπάσης
2368 5777 2562 5854 κριτὴς
2608 5772 2815 5840 δίκαιος
2860 5772 2955 5832 καὶ
3006 5769 3428 5852 ἀπαρέγκλιτος.
3490 5770 3629 5831 Εἶτα
3686 5772 3752 5828 τὸ
