4072 6432
335 438 492 500 1367

1590 429 2012 495 NICEPHORI
2055 426 2498 493 BLEMMIDIE

3591 439 3777 502 1368

329 569 606 642 συμπαθὲς
681 566 846 622 αὐτοῦ
924 566 1012 620 καὶ
1090 564 1558 642 ἀπροσωπόλητον
1639 563 1973 641 ἀνακηρύξας
2005 565 2060 631 Α
2087 563 2122 632 ἡ
2153 565 2262 616 τῶν
2310 561 2672 640 Εὗαγγελίω,·
2729 557 2920 640 βίϐλος
2971 561 3204 637 διέξεισι.
3237 571 3364 630 Ταῖς
3396 567 3621 625 οἶκείατν
3657 569 3770 626 οῦν

343 657 432 713 διά
457 662 576 728 τοῦ,
611 682 638 709 ‹‹
675 656 776 714 Καὶ
819 655 1022 732 ἐγένετο
1050 655 1246 729 Κύριος
1277 657 1559 734 καταφυγή
1592 659 1672 727 τῷ
1702 653 1916 725 πένητι,
1944 677 1971 705 ››

322 745 487 802 πάλιν
550 746 627 807 εἰς
692 746 782 800 τὸν
869 744 993 820 περὶ
1069 747 1167 812 τῆς
1240 745 1557 818 οἰκονομίας
1635 742 1979 817 ἐπανέκαμψε

325 835 493 911 λόγον
551 834 742 906 εἰπὼν,
795 857 824 886 ‹‹
869 831 1252 909 Ἀναγγείλατε
1302 831 1353 887 ἐν
1399 837 1515 896 τοῖς
1567 831 1734 888 ἔθνεσι
1762 834 1830 887 τὰ
1859 831 1977 886 ἐπι-

323 922 642 998 τηδεύματα
696 923 884 994 αὐτοῦ,
941 945 972 974 ››
1029 921 1120 976 καὶ
1195 918 1261 992 δή
1345 928 1446 992 τῆς
1519 926 1626 978 τῶν
1705 918 1979 995 δαιμόνων

346 1013 602 1088 μνησθεὶς
656 1011 1010 1086 ἰταμότητος,
1061 1009 1211 1074 ὅπως
1260 1015 1368 1067 τῶν
1417 1011 1504 1066 ὑπ’
1553 1010 1725 1065 αὐτῶν
1786 1031 1983 1086 τυραν-

331 1102 615 1176 νουμένων
675 1099 804 1162 τοὺς
868 1100 962 1174 μὲν
1033 1101 1107 1162 εἰς
1178 1101 1240 1155 τὸ
1313 1100 1697 1178 κατασφάττειν
1776 1097 1982 1177 ἤγαγον

332 1192 462 1254 τοὺς
537 1189 851 1269 φιλτάτους⁶
909 1188 1034 1251 τοὺς
1111 1187 1158 1245 δ’
1244 1190 1345 1245 ὑπὸ
1455 1195 1561 1244 τῶν
1641 1189 1984 1246 οἰκειοτάτων

333 1283 598 1351 ποιήκασι
699 1280 1176 1357 κατασφάττεσθαι,
1263 1279 1352 1334 καὶ
1435 1279 1577 1334 οὕτω
1661 1280 1802 1334 θύειν
1900 1279 1990 1334 καὶ

336 1370 549 1425 θύεσθαι
583 1367 764 1432 θυσίαν
816 1367 1014 1440 ἃνομον
1059 1367 1148 1422 καὶ
1201 1367 1584 1441 ἀπάνθκωπον,
1630 1367 1846 1444 πικρίάς
1901 1368 1992 1424 καὶ

340 1457 584 1534 δακρύων
644 1458 733 1511 καὶ
791 1458 1004 1533 θρήνων
1061 1455 1150 1510 καὶ
1206 1462 1473 1530 κοπετῶν,
1532 1454 1612 1512 ἔτι
1669 1479 1728 1512 τε
1774 1456 1991 1533 βλέπων

340 1548 473 1617 ὅσην
501 1545 873 1622 ἀναισχυντίαν
926 1545 1175 1624 φέρουσιν
1227 1547 1279 1601 οὶ
1331 1545 1643 1622 ἀλάστορει,
1692 1545 1774 1602 ὅτι
1808 1546 1992 1602 καὶτὸ

341 1638 537 1712 κράτος
601 1633 945 1713 ἀφῃρημένοι
1000 1633 1090 1688 καὶ
1140 1636 1239 1705 τὴν
1291 1634 1451 1711 ἰσχὸν
1503 1635 1990 1712 ἐκνενευρισμένοι,

339 1725 430 1781 καὶ
481 1725 631 1786 αὖθις
678 1729 794 1785 τοῖς
844 1728 1078 1794 πιστοῖς,
1132 1723 1222 1779 καὶ
1272 1720 1520 1780 θλίϐουσι
1587 1727 1677 1781 καὶ
1743 1730 1998 1781 κακοῦσιν

341 1812 560 1886 αὐτοὺς,
604 1812 679 1875 εἷς
730 1809 880 1868 ἔλεον
928 1811 1230 1869 ἐκκαλεῖται
1286 1813 1377 1868 τὸν
1417 1814 1632 1891 Κύριον,
1670 1840 1690 1867 α
1743 1814 2000 1887 Ἐλέησόν

2093 658 2366 728 μηχαναῖς
2459 653 2547 707 καὶ
2635 651 2894 710 Ἰουδαῖοι
2981 656 3068 710 καὶ
3151 655 3408 730 δαίμονες
3496 659 3771 738 ἀφύκτως

2093 740 2374 797 ἑάλωσαν·
2429 741 2703 816 δαιμόνων
2750 745 2844 817 μέν
2895 745 2998 822 γὰρ
3067 742 3276 816 ἀπέσϐη
3326 747 3389 803 τὸ
3462 744 3644 823 σέϐας,
3709 752 3774 806 οἱ

2092 830 2370 886 θεοκτόνοι
2422 829 2481 888 δὲ
2525 833 2894 911 κατέστρεψαν
2942 840 3153 912 πικρῶς
3201 837 3302 904 τὴν
3343 838 3511 910 ζωὴν,
3546 859 3767 915 συγκα-

2090 919 2483 1000 ταστραφείσης
2550 921 2736 986 αὐτοῖς
2798 921 2889 978 καὶ
2958 931 3062 994 τῆς
3134 921 3398 1002 πατρίδος
3476 927 3570 981 καὶ
3651 936 3776 999 τῆς

2094 1008 2420 1082 ἱερωσύνης,
2476 1010 2567 1066 καὶ
2645 1011 2826 1083 πάσης
2893 1010 3073 1084 ἄλλης
3146 1013 3494 1086 σεμνότητος.
3579 1020 3778 1072 Γινώ-

2097 1118 2278 1153 σκεται
2341 1099 2539 1176 Κύριος
2597 1100 2837 1176 κρίματα
2892 1105 3090 1158 ποιῶν.
3145 1103 3215 1157 Τὸ
3271 1102 3402 1159 αὐτὸ
3455 1105 3547 1159 καὶ
3584 1111 3780 1182 κρῖμα

2097 1187 2188 1242 καὶ
2245 1188 2421 1263 κρίσιν
2497 1192 2532 1259 ἡ
2610 1192 2928 1268 προφητικῆ
2996 1189 3146 1266 λέγει
3225 1195 3436 1270 Γραφή.
3513 1197 3776 1259 Γνωστός

2101 1276 2241 1331 ἐστιν
2293 1279 2320 1333 6
2367 1277 2585 1352 Κύριος,
2632 1279 2714 1335 ὅτι
2764 1280 2972 1356 κρίσεις
3000 1286 3151 1336 ποιεῖ
3183 1325 3196 1338 .
3241 1279 3326 1336 διὸ
3355 1283 3417 1337 τὸ
3448 1283 3576 1346 τοὺς
3609 1285 3774 1362 εἰρη-

2108 1365 2298 1439 μένους
2357 1366 2595 1441 ἀνόμους
2641 1374 2760 1431 ταῖς
2807 1368 3034 1433 οἰκείαις
3066 1369 3316 1442 ἐμπεσεῖν
3352 1367 3672 1437 ἐπιϐουλαῖς
3706 1397 3774 1430 τε

2103 1455 2195 1510 καὶ
2232 1463 2510 1532 μηχαναῖς
2543 1456 2601 1512 ἐκ
2631 1457 2774 1521 θείας
2804 1457 2994 1535 γέγονε
3025 1459 3276 1536 κρίσεως.

2183 1587 2205 1614 ι
2240 1563 2326 1617 Ἐν
2384 1568 2502 1626 τοῖς
2550 1562 2730 1641 ἔργοις
2780 1569 2887 1620 τῶν
2937 1570 3142 1643 χειρῶν
3189 1567 3354 1622 αὐτοῦ
3387 1567 3689 1647 συνελήφθη
3726 1573 3758 1626 6

2107 1651 2457 1729 ἁμαρτωλός.
2489 1643 2521 1706 ››’
2571 1650 2710 1724 Ἤδη
2763 1658 2842 1726 τῷ
2886 1655 3024 1709 κατά
3067 1659 3173 1710 τῶν
3218 1661 3472 1731 πονηρῶν
3506 1643 3766 1715 ἐκϐάλλει

2106 1741 2198 1796 καὶ
2267 1740 2588 1820 κακούργων
2652 1739 2862 1819 ἀνδρῶν
2943 1742 3250 1819 διηγήματι
3331 1743 3550 1822 λέγων·
3616 1749 3771 1804 Ἐπεὶ

2108 1831 2450 1906 γινώσκομεν
2509 1829 2594 1886 ὅτι
2649 1830 2814 1908 κρίνει
2897 1833 2925 1889 6
3010 1832 3230 1908 Κύριος,
3319 1835 3548 1899 εἰκότως
3629 1839 3777 1902 ἅπας

348 1925 433 1978 με,
486 1902 667 1979 Κύριε,
728 1899 928 1977 λέγων,
979 1899 1061 1956 ἴδε
1112 1924 1218 1976 μου
1281 1904 1380 1973 τὴν
1429 1904 1768 1974 ταπείνωσιν,
1822 1928 1851 1957 »
1907 1903 2438 2010 εἷθ’Βὰμαρτωλὸς
2496 1919 2586 1975 καὶ
2633 1922 2974 1995 παράνομος,
3027 1921 3079 1977 ἐν
3131 1924 3213 1986 οἷς
3264 1923 3340 1986 εἷς
3393 1925 3610 2001 ἐτέρους
3657 1927 3774 2004 εἷρ-

380 1993 405 2010 ν
541 1991 552 2010 ,
604 1995 628 2006 ..
829 1993 838 2004 .
937 1991 951 2008 ς
1072 1996 1098 2006 η
1207 1991 1221 2010 .
1280 1997 1308 2008 η
1434 1992 1447 2010 ,
1507 2005 1522 2010 ,
1573 1998 1601 2008 ..
1719 1994 1734 2010 η
2422 2009 2429 2010 ,

343 1993 434 2047 οὖν
492 1991 724 2046 κάκῶσιν
781 1993 880 2060 τήν
933 1991 993 2046 ἐκ
1033 1996 1140 2046 τῶν
1204 1991 1350 2065 ἐμῶν
1429 1992 1642 2069 ἐχθρῶν
1716 1994 2000 2073 ἐπενηνεγ-

350 2080 514 2156 μένην
578 2101 695 2154 μοι,
745 2078 834 2135 ἳδε
883 2080 966 2153 οὺ,
1020 2081 1047 2134 6
1099 2080 1313 2156 ἀνάγων
1363 2103 1430 2154 με
1479 2081 1540 2137 ἐκ
1599 2088 1708 2138 τῶν
1774 2082 1999 2140 εῗσύδων

348 2170 522 2226 αὐτῶν
552 2175 658 2225 τῶν
695 2171 1023 2245 εἱσαγουσῶν
1053 2170 1189 2247 πρὸς
1231 2171 1321 2226 τὸν
1372 2172 1618 2229 θάνατον.
1669 2171 1853 2236 Πύλας
1897 2174 2000 2250 γὰρ

356 2261 584 2314 θανάτου
653 2258 782 2321 τοὺς
845 2258 1114 2336 ἀφύκτους
1183 2257 1466 2323 κινδύνους
1535 2261 1816 2335 ὠνόμασεν
1898 2260 2003 2318 εἷίτε

353 2350 562 2422 ψυχῆς,
613 2344 720 2402 εἴτε
765 2347 1042 2420 υώματος.
1092 2371 1120 2400 ‹‹
1152 2351 1337 2410 Ὅπως
1381 2350 1441 2405 ἄν
1481 2349 1796 2427 ἐξαγγέλλω
1829 2353 2001 2415 πάσας

354 2437 450 2498 τάς
514 2436 740 2498 αἰνέσεις
802 2457 896 2490 σου
964 2436 1016 2491 ἐν
1075 2441 1194 2500 ταῖς
1277 2435 1477 2500 πύλαις
1558 2446 1658 2510 τῆς
1742 2442 2002 2517 θυγατρὸς

362 2525 532 2582 Σιών.
579 2547 611 2578 ››
655 2525 864 2602 Ἦγομν
917 2525 970 2580 ἐν
1013 2531 1128 2589 τοῖς
1175 2525 1275 2580 ὠσὶ
1303 2531 1410 2582 τῶν
1446 2532 1650 2584 πιστῶν
1686 2531 1846 2587 ,Κιὼν
1898 2532 2002 2608 γάρ

360 2613 705 2686 ὑποληπτέον
757 2614 976 2670 ἐνταῦθα
1039 2615 1285 2691 λέγεσθαι
1330 2619 1431 2686 τήν
1476 2618 1638 2675 πόλιν
1688 2620 1776 2674 καὶ
1825 2641 2006 2676 κατοι-

353 2705 474 2760 κίαν
521 2708 629 2760 τῶν
683 2705 1006 2777 σωζομένων
1057 2705 1156 2774 τήν
1203 2704 1521 2780 ἐπουράνιον
1558 2725 1570 2739 ·
1634 2707 1900 2786 θυγατέρα
1948 2705 2006 2764 δὲ

353 2794 445 2850 καὶ
492 2792 844 2868 κληρονόμον
893 2792 1096 2864 ταύτης
1151 2801 1251 2864 τῆς
1306 2794 1524 2858 πόλεως
1577 2801 1748 2852 πᾶσαν
1816 2799 2003 2874 ψυχὴν

353 2877 521 2952 ἀσεϐῆ
569 2883 659 2937 καὶ
709 2880 936 2961 θεοφιλῆ
969 2901 983 2916 ο
1033 2880 1211 2945 πύλας
1260 2881 1318 2938 δὲ
1364 2888 1550 2960 ψυχῆς
1607 2885 1696 2940 καὶ
1764 2883 2006 2950 εἰσόδους

351 2972 420 3026 τὰ
466 2971 579 3026 ὦτα
626 2969 695 3026 δι’
735 2973 808 3026 ὧν
857 2971 1160 3049 εἰσέρχεται
1207 2971 1374 3050 λόγος
1419 2980 1524 3037 πᾶς
1555 2973 1606 3030 ἐν
1639 2978 1818 3051 ψυχῇ.
1847 2975 2005 3052 Λέγει

349 3061 548 3134 τοίνυν,
602 3086 630 3114 ‹‹
684 3060 944 3130 Ἐλέησον
997 3083 1082 3134 με,
1138 3063 1320 3137 Κύριε,
1368 3062 1460 3118 καὶ
1506 3065 1574 3119 τά
1623 3063 1748 3141 ἔργα
1794 3086 1889 3120 σου
1916 3064 2007 3120 καὶ

350 3152 418 3205 τὰ
448 3151 722 3223 θαυμάσιά
773 3171 869 3205 σου
919 3147 988 3205 δι’
1039 3151 1072 3204 ἃ
1120 3152 1300 3226 χρεὼν
1344 3152 1604 3208 αἷνεῖσθαί
1656 3175 1714 3208 σε
1745 3151 2007 3230 διηγήσο-

357 3259 474 3314 μαι,
518 3238 609 3294 καὶ
655 3238 786 3300 τοὺς
835 3239 961 3300 σοὺς
1011 3238 1260 3302 ἐπαίνους
1307 3241 1407 3296 οὐκ
1455 3243 1530 3304 είς
1597 3241 1709 3298 ὦτα
1778 3242 2010 3314 λαλήσω

357 3323 590 3405 βέϐηλα,
642 3325 824 3389 διδοὺς
870 3329 937 3384 τά
986 3325 1110 3403 ἅγια
1153 3335 1270 3391 τοῖς
1327 3331 1503 3404 κυσὶν,
1555 3331 1682 3387 ἀλλ⁹
1755 3332 1830 3396 εἰς
1897 3331 2012 3388 ὦτα

353 3420 561 3473 πιστῶν
592 3416 682 3470 καὶ
711 3414 1006 3494 θεοφιλῶν,
1057 3415 1126 3470 δι’
1174 3419 1248 3472 ὧν
1292 3419 1356 3473 τὸ
1400 3413 1577 3493 ὄνομα
1626 3441 1720 3475 σου
1773 3421 2007 3498 μεγαλυν

357 3507 599 3576 θήσεται.
653 3503 1140 3580 ’Δγαλλιασόμεθα
1192 3505 1282 3561 ἐπὶ
1327 3512 1408 3580 τῷ
1471 3509 1728 3584 σωτηρίῳ
1792 3531 1908 3569 σου.
1981 3533 2010 3563 ››

359 3592 747 3670 Ἐπανατρέχει
807 3591 973 3649 πάλιν
1052 3594 1128 3656 εἷς
1183 3596 1282 3665 τήν
1356 3597 1623 3673 σωτηρίον
1693 3598 2012 3673 οἰκονομίαν

359 3687 616 3759 Χριστοῦ,
667 3681 843 3758 λέγων
896 3683 1031 3756 πρὸς
1087 3683 1245 3740 αὐτόν
1281 3703 1293 3714 ·
1339 3709 1370 3738 ‹‹
1430 3685 1546 3741 Έᾶὶ
1588 3690 1658 3762 τῇ
1722 3690 1869 3766 παρά
1915 3693 2011 3744 σοῦ

360 3770 604 3848 σωτηρίᾳ
661 3769 779 3826 λίαν
839 3771 1339 3851 εὐφρὰνθησόμεθα.
1403 3799 1426 3827 ι
1485 3776 1583 3846 τὴν
1657 3779 1761 3854 γὰρ
1841 3777 2010 3855 ἀγαλ-

361 3859 537 3917 λίασιν
589 3858 935 3931 ὑποληπτέον
990 3868 1091 3930 τῆς
1168 3861 1501 3941 εὐφροσύνης
1580 3864 1844 3939 ἐπίτασιν,
1921 3866 2012 3923 ὅτε

355 3971 440 4012 τις
473 3949 565 4028 ὑφί
615 3947 820 4020 ἡδονῆς
866 3950 998 4024 ἄγαν
1047 3948 1274 4007 ἅλλεται
1302 3953 1393 4008 καὶ
1426 3959 1615 4031 σκιρτᾷ
1647 3956 1725 4030 μή
1755 3956 2006 4034 κατέχειν

357 4039 543 4095 ἑαυτὸν
577 4036 867 4113 δυνάμενος
897 4040 1002 4095 ἀπὸ
1031 4046 1132 4110 τῆς
1163 4047 1356 4118 χαρᾶς.

432 4167 462 4196 ‹‹
515 4144 876 4221 Ἐνεπάγησαν
934 4144 1060 4217 ἔθνη
1113 4147 1165 4202 ἐν
1226 4146 1492 4228 διαφθορᾷ
1547 4154 1586 4222 ἧ
1634 4152 1914 4220 εποίησαν.
1977 4177 2008 4208 ››

357 4234 522 4304 Ἔθνη
555 4233 714 4290 καλεῖ
741 4235 831 4289 καὶ
859 4235 987 4299 τοὺς
1030 4234 1310 4310 δαίμονας,
1364 4237 1438 4301 ὡς
1490 4239 1715 4313 ἀνομίας
1766 4239 2009 4318 ἐργάτας,

358 4321 449 4377 καὶ
494 4322 622 4386 τοὺς
667 4321 967 4388 Ἰουδαίους
1018 4326 1094 4389 ὡς
1142 4327 1492 4404 παρανόμους
1541 4328 1631 4384 καὶ
1675 4334 1754 4402 τῷ
1791 4329 2007 4386 πάντων

363 4409 726 4483 ἀνομθμάτων
777 4412 1058 4490 κεφαλαίῳ
1141 4414 1212 4490 τῇ
1293 4414 1558 4490 ἀναιρέσει
1630 4421 1728 4471 τοῦ
1808 4418 2010 4495 Κυρίου

362 4501 928 4574 καθυπουργήσανται.
1003 4505 1164 4579 Λέγει
1218 4503 1419 4578 τοίνυν,
1474 4506 1679 4581 *Ὠσπερ
1749 4504 1804 4562 εἷ’
1869 4529 2007 4564 τισιν

361 4584 529 4656 ἥλοις
581 4588 618 4656 ἢ
677 4587 976 4654 παττάλοις
1036 4590 1338 4668 ἐπάγησαν,
1399 4593 1543 4649 οὓτω
1611 4595 2008 4672 κατεσχέθησαν

2110 2030 2312 2086 γασατο
2382 2009 2729 2085 βλαπτικοῖς,
2786 2010 3004 2074 τούτοις
3052 2010 3213 2074 αὐτὸς
3270 2013 3484 2090 γέγονεν
3529 2013 3776 2084 ἀλωτὸς,

2111 2099 2158 2154 εἰ
2205 2099 2296 2154 καὶ
2350 2100 2426 2173 μὴ
2475 2099 2612 2154 κατά
2655 2099 2719 2154 τὸ
2767 2101 2960 2177 παρὸν,
3017 2099 3144 2156 ἀλλ’
3195 2100 3475 2179 ἐσύστερον
3524 2104 3622 2167 τὰς
3686 2103 3777 2160 δί-

2111 2208 2209 2250 κας
2256 2187 2458 2250 τιννύς⁶
2515 2185 2844 2264 ἁμαρτωλὸν
2900 2185 2957 2244 δέ
3013 2187 3173 2244 καλεῖ
3235 2191 3326 2245 τὸν
3400 2189 3611 2265 ἄδικον,
3678 2195 3774 2250 τὸν

2113 2278 2456 2352 ἁρπακτῆρα,
2513 2277 2604 2332 τὸν
2652 2276 3013 2349 πλεονέκτην,
3062 2279 3152 2334 καὶ
3205 2277 3294 2334 διὰ
3341 2285 3513 2337 ταῦτα
3581 2279 3776 2338 δολιό-

2109 2365 2312 2442 τροπόν
2345 2387 2403 2421 τε
2430 2366 2520 2421 καὶ
2551 2364 2976 2444 πολυμήχανον.

2185 2479 2216 2509 ‹‹
2266 2456 2800 2535 Ἀποστραφήτωσαν
2850 2457 2902 2511 οἱ
2948 2456 3272 2535 ἁμαρτωλοὶ
3329 2459 3407 2523 εἷς
3463 2459 3558 2515 τὸν
3611 2459 3769 2533 ᾅδην.

2115 2543 2298 2600 Πάντα
2351 2545 2418 2600 τὰ
2465 2542 2592 2614 ἔθνη
2634 2545 2702 2600 τὰ
2743 2543 3210 2620 ἐπιλανθανόμενα
3261 2553 3360 2602 τοῦ
3430 2554 3592 2618 Θεοῦ,
3637 2553 3774 2607 ποτὲ

2119 2634 2212 2707 μὲν
2274 2635 2464 2697 ένικῶς
2524 2631 2617 2690 εἶτ’
2675 2632 2765 2689 οῦν
2825 2640 3059 2710 γενικῶς
3105 2632 3464 2710 διαλαμϐάνει
3505 2638 3630 2716 περί
3659 2646 3770 2696 τῶν

2113 2728 2369 2799 πονηρῶν
2432 2720 2538 2779 εἷίιτε
2582 2729 2688 2779 τῶν
2745 2723 3020 2794 ἐπιεικῶν,
3082 2727 3215 2780 ποτὲ
3264 2724 3323 2781 δὲ
3385 2724 3774 2798 πληθυντικῶς

2115 2814 2240 2888 περὶ
2297 2817 2404 2868 τῶν
2455 2813 2649 2871 αὐτῶν.
2695 2816 2859 2886 ’Έθνη
2928 2812 2986 2870 δὲ
3028 2815 3117 2870 καὶ
3186 2815 3549 2893 ἁμαρτωλοὺς
3613 2817 3780 2876 καλεῖ

2114 2904 2315 2966 πάντας
2373 2902 2503 2966 τοὺς
2562 2902 2782 2966 σκαιοὺς
2858 2904 3176 2982 ἀνθρώπους
3253 2906 3344 2961 καὶ
3433 2909 3726 2984 μοχηρούς
3758 2929 3772 2943 ·

2119 2989 2242 3062 ἔθνη
2298 2992 2415 3065 μὲν,
2460 2991 2536 3056 ὡς
2585 2991 2820 3066 ἀνόμους
2873 2993 2963 3047 καὶ
3016 2993 3357 3071 μοχθηροὺς,
3410 2991 3643 3070 ἀνέμους
3673 2997 3766 3053 ἐπὶ

2115 3086 2221 3136 τῶν
2275 3083 2431 3145 θείων
2476 3081 2658 3154 νόμων
2711 3080 2993 3159 ἠλόγησαν
3027 3101 3040 3114 ⁸
3095 3078 3217 3154 ἔθνη
3265 3085 3381 3157 μὲν,
3413 3085 3487 3148 ὡς
3516 3087 3771 3161 ἁμαρτω-

2119 3169 2251 3232 λοὺς
2284 3167 2330 3225 δ’
2360 3167 2446 3244 αὖ,
2481 3172 2557 3233 ὡς
2605 3175 2703 3226 τοῦ
2751 3167 2962 3226 δικαίου
3009 3169 3330 3250 σφαλέντας,
3361 3175 3450 3230 καὶ
3471 3179 3564 3230 τοῦ
3592 3196 3769 3250 προσ-

2123 3262 2351 3331 ήκοντος
2412 3261 2842 3337 ἀστοχήσαντας.
2897 3262 3057 3336 ’Δρᾶς
3134 3259 3192 3316 δὲ
3255 3261 3412 3336 τύπῳ
3472 3261 3774 3340 διαγορεύει

2120 3350 2188 3404 τά
2247 3346 2523 3422 μέλλοντα
2581 3346 2804 3413 δικαίως
2872 3349 3068 3412 αὐτοὺς
3141 3348 3290 3406 δεινά
3359 3352 3771 3428 καταλήψεσθαι

2118 3441 2218 3508 τῆς
2268 3436 2441 3493 αὐτῶν
2490 3438 2864 3516 ἀνοσιουργίας
2915 3438 3124 3510 ἐπάξια.
3196 3464 3226 3492 ‹‹
3286 3444 3776 3516 Κατακριθήτωσαν

2121 3528 2174 3583 οἱ
2229 3530 2465 3604 πονηροὶ
2521 3529 2611 3585 καὶ
2663 3530 2769 3586 ἀπὸ
2827 3537 2927 3601 τῆς
2973 3531 3204 3608 κρίσεως
3237 3531 3312 3594 εἷς
3341 3532 3434 3587 τὸν
3469 3527 3606 3603 ᾅδην
3640 3533 3781 3589 ἀπο-

2122 3620 2534 3698 στραφήτωσαν.
2595 3643 2626 3672 ‹‹
2685 3617 2854 3692 ’ᾍδην
2913 3617 2972 3676 δὲ
3029 3619 3176 3698 λέγεί
3232 3621 3299 3676 τά
3356 3621 3459 3676 ὑπὸ
3516 3629 3618 3698 γῆν
3653 3621 3784 3688 ἔνθα

2120 3712 2224 3762 πᾶν
2276 3705 2642 3783 κολαστήριον
2678 3727 2692 3739 ·
2745 3712 2934 3785 χῶρος
2983 3709 3088 3785 γὰρ
3147 3708 3502 3765 ἀπολαύσεων
3551 3713 3581 3766 6
3615 3711 3782 3787 οὐρα-

2118 3795 2232 3859 νός.
2293 3795 2740 3860 Ἐπιλανθάνεται
2806 3795 2864 3852 δέ
2910 3803 3008 3853 τοῦ
3057 3803 3192 3858 Θεοῦ
3239 3804 3344 3861 πᾶς
3391 3800 3420 3854 6
3449 3803 3556 3854 τῶν
3588 3799 3779 3873 νόμων

2120 3884 2285 3940 άὺτοῦ
2336 3887 2775 3964 καταφρονητὴς,
2835 3886 2862 3941 6
2925 3888 3000 3960 μὴ
3059 3886 3410 3962 μεμνημένος
3463 3892 3573 3943 τῶν
3632 3887 3779 3946 ἐντο-

2120 3971 2232 4030 λῶν
2265 3974 2451 4046 αὐτοῦ,
2483 3979 2581 4029 τοῦ
2612 3974 3058 4046 ποιῆσαραύτάς.

2191 4104 2222 4133 ‹‹
2253 4082 2375 4138 ’Ότι
2426 4079 2526 4136 οὐκ
2566 4080 2642 4144 εἶς
2690 4081 2855 4145 τέλος
2906 4081 3331 4154 ἐπιλησθήσεται
3373 4084 3401 4139 6
3431 4084 3683 4160 πτωχός.
3716 4087 3777 4140 ἹΙ

2121 4169 2404 4242 ὑπομονὴν
2435 4174 2542 4224 τῶν
2574 4172 2820 4242 πενήτων
2853 4171 2954 4226 οὐκ
2984 4169 3266 4228 ἀπολεῖται
3300 4171 3374 4236 είς
3414 4173 3597 4236 τέλος.
3634 4198 3656 4226 ι
3711 4207 3782 4216 -

2119 4259 2353 4334 Πτωχὸς
2409 4259 2499 4314 καὶ
2555 4259 2724 4330 πένης
2774 4261 2803 4315 6
2848 4261 3119 4333 ταπεινὸς,
3152 4262 3180 4316 6
3209 4260 3389 4333 πάσης
3419 4260 3629 4338 ἕρημος
3657 4261 3778 4318 ἐπι-

2117 4347 2340 4423 κουρίας
2395 4347 2768 4423 ἀνθρωπικῆς.
2817 4345 3003 4405 Δῖίτιον
3055 4347 3113 4405 δὲ
3161 4350 3347 4422 τίθησι
3391 4358 3492 4422 τῆς
3531 4350 3584 4406 ἐν
3616 4351 3776 4425 τόπῳ

2124 4437 2370 4514 βασάνων
2424 4437 2778 4517 ἀποστροφῆς
2831 4441 3031 4502 παντὸς
3086 4444 3334 4513 πονηροῦ
3391 4441 3452 4496 τὸ
3525 4442 3600 4513 μὴ
3679 4442 3776 4497 τὸν

2117 4526 2369 4581 ταπεινὸν
2422 4525 2883 4599 ἐπιλησθήσεσθαι
2933 4527 3217 4591 παντελῶς
3263 4529 3410 4604 παρά
3466 4534 3564 4584 τοῦ
3614 4535 3778 4600 Θεοῦ,

2126 4616 2264 4688 μήτε
2313 4616 2420 4687 μὴν
2470 4615 2523 4678 ἒς
2571 4616 2633 4671 τὸ
2689 4613 2932 4686 διηνεκὲς
2983 4614 3304 4673 ἀπολεῖσθαι
3341 4619 3575 4687 τὴντῶν
3605 4621 3780 4690 πενή-

366 4674 460 4729 σὺν
503 4680 620 4738 τοῖς
671 4677 975 4742 θεοκτόνοῖς
1025 4682 1079 4735 οῖ
1130 4679 1384 4755 δαίμονες
1431 4683 1483 4738 οῖ
1514 4684 1614 4753 τῆς
1641 4685 1831 4740 κακίαν
1858 4707 2008 4760 πρω·
2038 4674 2226 4759 1ί)τῶν
2285 4704 2590 4777 ὑπομονὴν,
2651 4701 2719 4775 ῆν
2781 4705 3047 4779 ὑπέμενον
3101 4710 3209 4762 τῶν
3259 4703 3412 4762 ἰδίων
3447 4707 3781 4782 ἀποστερού-

571 4763 587 4782 ε
755 4766 766 4782 ρ
1028 4770 1043 4782 .
1114 4769 1194 4782 ι..
1465 4770 1480 4782 .
1550 4773 1583 4782 ..
1860 4775 1871 4782 .

363 4763 588 4840 τουργοὶ
636 4766 958 4841 κατάσχεσιν
1017 4769 1393 4844 ἀνεξάλυκτον,
1461 4770 1512 4826 ἐν
1621 4775 2007 4830 κατεσκεύασαν

364 4853 502 4907 κατά
548 4857 646 4908 τοῦ
696 4860 956 4931 Σωτῆρος
1003 4854 1337 4936 διαφθοράνο
1389 4856 1691 4935 διαφθεῖραι
1721 4863 1826 4939 γὰρ
1852 4863 2011 4918 αὐτὸν

363 4941 455 4996 καὶ
511 4939 760 5019 ἀφανίσαι
821 4941 892 4997 δι’
958 4944 1280 5021 ἀναιρέσεως
1351 4946 1785 5024 ἐπισπεύσαντες,
1854 4951 2008 5007 αὐτοὶ

364 5028 576 5104 μᾶλλον
632 5027 992 5109 διεφθάρησαν
1049 5034 1138 5089 καὶ
1210 5035 1518 5110 ἀπώλοντο,
1590 5034 1844 5111 δαίμονες
1912 5041 2007 5112 μὲν

357 5118 739 5194 καθῃρημένου
785 5124 883 5175 τοῦ
931 5121 1162 5196 κράτους
1210 5124 1408 5198 αὐτῶν,
1459 5124 1710 5182 Ἰουδαῖοι
1743 5125 1800 5183 δὲ
1828 5149 2009 5184 πανω-

357 5205 574 5282 λεθρίαν
623 5207 933 5284 εὑράμενοι.
993 5213 1223 5287 Χριστὸς
1301 5211 1358 5268 δὲ
1453 5212 1744 5292 διαφθορᾶς
1823 5218 2007 5290 μείνας

357 5295 624 5370 ἀνώτερος
685 5297 896 5368 ἀνέστη,
947 5299 1037 5353 καὶ
1092 5299 1292 5364 αἰῶνας
1355 5307 1418 5376 ζῇ
1467 5303 1557 5358 καὶ
1608 5301 1853 5375 δεσπόζει
1901 5307 2006 5362 πά-

357 5403 458 5454 σης
483 5390 584 5452 τῆς
616 5384 843 5448 κτίσεως
873 5387 963 5441 καὶ
994 5388 1070 5450 ὡς
1102 5388 1231 5452 Θεδς
1256 5391 1346 5445 καὶ
1376 5391 1452 5456 ὡς
1485 5389 1789 5468 ἅνθρωπος·

430 5511 459 5540 ‹‹
492 5491 579 5546 ’Ev
631 5488 817 5566 παγίδι
846 5494 1012 5568 ταύτῃ
1057 5497 1095 5563 ἦ
1139 5491 1370 5570 ἔκρυψαν
1420 5497 1730 5578 συνελήφθη
1788 5503 1816 5556 6
1863 5503 2004 5565 ποῦς

361 5574 556 5658 αὐτῶν.
603 5599 633 5628 ››
683 5610 750 5621 -
793 5579 1004 5655 Παγίδα
1049 5583 1285 5656 κέκληκε
1319 5587 1409 5641 τὸν
1443 5584 1604 5644 δόλον
1635 5574 1724 5644 καὶ
1753 5591 1852 5658 τήν
1885 5589 2001 5646 ἐπι-

364 5657 571 5734 ϐουλὴν
623 5662 712 5720 διὰ
756 5668 816 5722 τὸ
866 5667 1125 5746 λαθραῖον
1158 5691 1170 5704 ·
1223 5671 1711 5734 συνεϐουλεύσαντο
1760 5679 1864 5756 γὰρ
1921 5677 1999 5735 τίνι

362 5750 454 5805 τὸν
508 5754 715 5824 Ἰησοῦν
765 5752 916 5830 δόλῳ
963 5763 1274 5836 κρατήσωσι
1324 5765 1414 5820 καὶ
1473 5750 1880 5838 ἀποκτείνωσιν,
1932 5769 2006 5832 ὡς

2123 4812 2296 4866 μενοι,
2349 4795 2440 4847 καὶ
2496 4794 2596 4862 τήν
2682 4790 2956 4865 ἐκδίκησιν
3023 4793 3474 4872 καραδοκοῦντες,
3549 4795 3778 4870 κομίσε-

2118 4893 2238 4946 σθαι
2297 4879 2342 4937 δ’
2388 4881 2580 4945 σύτοὺς
2629 4880 2921 4946 ἀντιδόσεις
2987 4882 3077 4940 καί
3119 4884 3493 4960 παρακλήσεις
3543 4886 3654 4940 ἀνθ’
3697 4882 3776 4942 ὧν

2118 4969 2424 5049 ἀφῄρηῧται
2481 4970 2571 5025 καὶ
2632 4968 2993 5043 λελύπηνται,
3057 4979 3174 5037 τοῖς
3236 4971 3295 5030 δέ
3341 4995 3406 5050 γε
3455 4974 3772 5030 κακώσασιν

2116 5059 2501 5122 ἀντικακώσεις
2586 5060 2904 5136 ἐπιπρεπεῖς
2990 5061 3417 5140 ἐπαχθήσεσθαι.
3508 5086 3538 5115 ‹‹
3616 5061 3777 5118 Ἀνά-

2116 5150 2295 5220 στηθι,
2356 5148 2559 5225 Κύριε’
2617 5151 2693 5223 μὴ
2743 5151 3120 5228 κραταιούσθω
3168 5150 3474 5228 ἅνθρωπος.
3531 5174 3562 5205 »
3608 5151 3777 5226 Ἀρᾶς

2114 5238 2270 5310 τύπῳ
2319 5233 2598 5292 διαλαϐὼν
2649 5239 2773 5315 περὶ
2821 5244 2931 5296 τῶν
2977 5240 3457 5316 καταληψομένων
3504 5243 3634 5304 τοὺς
3669 5261 3782 5297 πο-

2114 5326 2317 5402 νηροὺς
2369 5324 2460 5381 καί
2519 5326 2850 5392 πλεονέκτας
2907 5329 2959 5384 ἐν
3014 5329 3196 5403 ἐκείνῳ
3248 5329 3330 5404 τῷ
3388 5329 3585 5404 κόσμῳ
3663 5325 3781 5386 δει-

2113 5420 2242 5488 νῶν,
2303 5415 2524 5472 ἱκετεύει
2597 5417 2689 5472 τὸν
2751 5419 2902 5491 Θεὸν,
2963 5418 3209 5476 ἐνταυθοῖ
3252 5418 3390 5475 κατά
3414 5419 3508 5476 τὸν
3561 5417 3778 5493 κόσμον

2112 5509 2302 5560 τοῦτον
2361 5508 2687 5577 ποιήσασθαι
2745 5515 2846 5578 τῆς
2895 5508 3088 5572 κακίας
3144 5508 3450 5578 ἀναστολῆν
3509 5508 3602 5564 καὶ
3659 5529 3777 5564 τω-

2115 5594 2361 5670 φρονίσαι
2434 5594 2563 5657 τοὺς
2653 5595 2992 5673 μοχθηροὺς,
3076 5597 3167 5652 καὶ
3267 5597 3778 5674 παραμυθήσασθαι

2111 5681 2240 5745 τοὺς
2299 5682 2574 5747 ἐπιεικεῖς.
2631 5682 2856 5763 Εἴρηται
2916 5683 2975 5742 δὲ
3027 5687 3092 5742 τὸ
3149 5685 3407 5759 ἀνάστηθι
3480 5706 3780 5765 μεταφορι-

2114 5775 2223 5833 κῶς
2281 5773 2385 5828 ἀπὸ
2441 5777 2550 5830 τῶν
2604 5773 2664 5830 ἐκ
2711 5773 2976 5854 καθέδρας
3033 5774 3400 5852 ἐγειρομένων
3461 5775 3542 5840 εἷς
3594 5780 3772 5834 τινῶν
