4072 6436
330 425 490 488 1369

1545 421 1962 488 EXPOSITIO
2008 420 2088 484 IN
2135 421 2522 484 PSALMOS.

3584 425 3748 489 I370

340 556 434 631 μὲν
463 552 754 630 τιμωρίαν,
795 555 954 609 τινῶν
1003 551 1064 609 δὲ
1114 554 1386 630 βοήθειαν.
1418 557 1504 625 Μὴ
1562 555 1843 629 μελλήσῃς
1902 552 1978 615 εἷς
2009 554 2064 620 Α
2095 550 2124 605 ὁ
2173 548 2502 628 ἁμαρτωλὸς
2562 549 2614 607 ἐν
2669 555 2786 616 ταῖς
2836 551 3148 627 ἐπιθυμίαις
3194 560 3294 624 τῆς
3338 556 3524 632 ψυχῆς
3585 556 3750 611 αὐτοῦ

337 644 540 719 ἄμυναν
574 643 702 700 ἅψαι
733 649 830 699 τοῦ
877 643 1216 721 πράγματος·
1261 643 1371 717 ἤδη
1419 640 1693 701 κατάϐαλε
1745 645 1846 713 τήν
1885 646 1983 698 τοῦ

341 734 605 804 ἀλαζόνος
655 733 822 812 ὀφρύν
869 733 1191 811 ’Ἄνθρωπός
1240 734 1349 790 ἐστι
1391 735 1480 791 καὶ
1529 735 1690 797 αὐτὸς
1731 735 1982 804 ἀσθενής.

340 825 406 881 Εἰ
435 825 524 880 καὶ
554 828 919 902 κατοφρυᾶται
946 823 1036 878 καὶ
1061 821 1503 880 καταδυναστεύει
1532 829 1641 880 τῶν
1675 831 1774 894 τῆς
1817 822 1984 892 αὐτῆς

343 913 490 987 αὐτῷ
537 911 765 992 φύσεως,
817 912 1098 986 ἀνάστηθι,
1133 918 1383 971 σπεῦσον.
1413 913 1752 970 Ταπείνωσον
1803 912 1986 985 αὐτὸν,

347 1005 423 1078 μὴ
485 1002 807 1080 ἐπαιρέσθω,
846 1003 922 1076 μὴ
973 1003 1328 1080 θρασυνέσθω,
1378 1004 1630 1082 κραταιὸν
1679 1002 1988 1079 ἡγούμενος

343 1093 528 1149 ἑαυτὸν
555 1091 643 1146 καὶ
673 1091 1128 1168 ἀκαταγώνιστον⁶
1159 1093 1353 1171 γνώτω
1403 1091 1450 1149 δ’
1482 1091 1670 1170 ὅτιπερ
1719 1090 1990 1156 ἀσθένειαν

344 1181 688 1259 ἀνθρωπίνην
716 1180 1035 1258 περίκειται,

419 1330 448 1359 ‹‹
479 1308 835 1383 Κριθήτωσαν
910 1305 1030 1378 ἔθνη
1107 1307 1336 1364 ἐνώπιόν
1391 1329 1508 1367 σου.
1567 1333 1595 1362 ››
1645 1309 1832 1372 Καθὼς
1901 1308 1991 1364 καὶ

348 1397 603 1473 ἀνωτέρω
651 1394 979 1470 δεδήλωται,
1028 1395 1157 1460 τοὺς
1207 1397 1425 1461 σκαιοὺς
1493 1398 1583 1453 καὶ
1647 1397 1994 1473 τυραννικοὺς

351 1485 668 1562 ἀνθρώπους
747 1481 872 1557 ἔθνη
941 1485 1102 1542 καλεῖ
1173 1484 1262 1542 διά
1339 1489 1436 1550 τὰς
1502 1487 1731 1562 ἀνομίας
1797 1487 1993 1544 αὐτῶν.

348 1577 836 1651 Κατακριθήτωσαν
869 1576 922 1631 οἱ
972 1571 1169 1650 ἄνομοι
1219 1581 1315 1632 σοῦ
1359 1576 1664 1656 ἐφορῶντος
1712 1579 1780 1632 τὰ
1825 1597 1994 1651 πρατ-

347 1664 552 1738 τόμενα
597 1665 726 1741 παρ’
791 1664 990 1722 αὐτῶν.
1053 1670 1220 1721 Τοῦτο
1287 1666 1390 1743 γὰρ
1457 1667 1521 1722 τὸ
1583 1665 1812 1723 ἐνώπιόν
1877 1689 1994 1737 σου,

350 1751 403 1807 ἐν
457 1756 526 1827 τῇ
574 1751 791 1830 ἐφορείᾳ
837 1775 954 1823 σου,
1006 1753 1056 1810 ἐν
1107 1759 1176 1829 τῇ
1227 1755 1497 1830 ἐπισκοπῇ
1553 1760 1650 1811 τοῦ
1697 1757 1998 1833 προσώπου

350 1861 468 1896 σου·
525 1843 817 1917 πρόσωπον
891 1844 994 1920 γὰρ
1073 1845 1274 1922 Κυρίου
1333 1844 1420 1901 ἐπὶ
1490 1850 1781 1910 ποιοῦντας
1838 1847 1996 1902 κακά’

351 1929 460 2006 οὐχ
509 1931 586 1993 ὡς
633 1930 721 1986 ἐπὶ
776 1930 904 1994 τοὺς
957 1930 1351 2010 ἐργαζομένους
1417 1935 1486 1990 τὰ
1551 1935 1728 2013 ἀγαθά
1794 1936 2002 2014 εὐεργε-

351 2020 467 2075 σίαν
525 2021 836 2094 ποιητικὸν,
886 2019 1030 2078 ἀλλά
1094 2027 1192 2078 τοῦ
1258 2021 1625 2101 ἐξολεθρεῦσαι
1674 2025 1733 2080 ἐκ
1780 2031 1887 2100 γῆς
1941 2025 2004 2080 τὸ

356 2106 696 2182 μνημόσυνον
740 2107 936 2166 αὐτῶν.
975 2132 1004 2160 ‹‹
1053 2110 1423 2183 Κατάστησον,
1467 2111 1647 2188 Κύριε,
1700 2112 2003 2185 νομοθέτην

355 2196 441 2252 ἐπ’
511 2196 732 2260 αὐτούς.
786 2221 816 2249 ››
865 2197 1181 2272 Νομοθέτην
1259 2201 1391 2277 φησὶ
1454 2201 1547 2256 τὸν
1605 2200 2010 2277 προστάσσοντα

359 2284 658 2357 δεσπότην⁸
691 2285 857 2360 νόμος
909 2287 1014 2364 γὰρ
1042 2292 1122 2360 τῷ
1165 2286 1349 2363 δούλῳ
1394 2288 1459 2344 τὸ
1504 2294 1602 2344 τοῦ
1653 2289 2009 2361 δεσπόζοντος

358 2376 701 2453 πρόσταγμα.
766 2377 872 2446 Τὴν
937 2375 1262 2451 αὐτονομίαν
1329 2377 1505 2433 αὐτῶν
1572 2377 1792 2454 περίελε
1855 2401 2011 2457 περι-

362 2460 547 2520 ϐαλὼν
617 2464 812 2528 αὐτοὺς
879 2463 1255 2543 δυσπραγίαις,
1325 2474 1652 2547 συμφοραῖς,
1717 2467 2012 2546 αἲχμαλω-

365 2552 525 2623 σίαις,
575 2560 802 2618 πυκναῖς
876 2554 1239 2632 περιστάσεσι,
1304 2558 1395 2612 καὶ
1457 2557 1824 2630 καθυποτάξας
1900 2559 2013 2614 ἐτέ-

373 2663 512 2720 ροις,
545 2642 632 2698 ἐπὶ
673 2643 1001 2722 συμφέροντι
1055 2647 1291 2716 πάντως,
1337 2643 1410 2701 ἵν’
1452 2644 1706 2711 ἕλκοντες
1766 2646 2014 2711 δουλείας

372 2734 553 2808 ζυγὸν,
607 2735 963 2806 μεταμάθοιεν
1013 2733 1066 2807 ἐξ
1118 2735 1192 2791 ὧν
1245 2735 1540 2812 πάσχουσι,
1570 2738 1634 2792 τὸ
1671 2737 1878 2812 ἥμερον
1925 2737 2017 2793 καὶ

369 2821 770 2901 φιλάνθρωπον.

439 2941 793 2994 «Γνώτωσαν
865 2935 988 3009 ἔθνη
1068 2939 1153 2996 ὅτι
1219 2941 1496 3018 ἄνθρωποί
1550 2942 1705 3000 εἰσιν.
1759 2966 1787 2996 ››
1835 2975 1908 2987 -
1957 2941 2021 2998 Οἱ

368 3029 566 3101 ἄνομοι
627 3029 922 3103 γνώτωσαν
980 3029 1080 3098 τήν
1158 3029 1358 3085 οῗκείαν
1435 3029 1702 3087 ἀσθένειαν
1773 3031 1864 3086 καὶ
1944 3032 2018 3106 μὴ

371 3113 920 3192 μαγαλαυχείτωσαν,
971 3125 1073 3187 τῆς
1145 3122 1252 3173 τῶν
1333 3120 1630 3196 ἀνθρώπων
1701 3123 2025 3196 καθυπεραι-

371 3203 588 3280 ρόμενοι
639 3203 866 3282 φύσεως.
917 3203 1232 3269 ΠοΛυειδῶς
1285 3204 1342 3262 δὲ
1412 3209 1511 3278 τήν
1578 3205 1863 3285 συντριϐἡν
1932 3209 2022 3264 καὶ

366 3294 708 3348 κατάπτωσιν
757 3299 865 3348 τῶν
917 3290 1274 3352 ἐκθλιϐόντων
1331 3295 1461 3360 τοὺς
1535 3298 1820 3362 ταπεινοὺς
1881 3299 2022 3355 αἰτεῖ
2051 3302 2094 3369 C
2131 3323 2429 3400 προσώπου

491 3383 506 3400 .
608 3387 635 3398 ..
673 3389 705 3400 Α
772 3387 799 3398 ..

368 3383 516 3459 παρά
542 3387 639 3437 τοῦ
668 3387 824 3441 Θεοῦ.

445 3523 474 3551 ‹‹
505 3499 622 3554 ’Ίνα
674 3498 749 3554 τί.
791 3489 991 3576 ¹Κύριε,
1042 3499 1346 3578 ἀφέστηκας
1408 3502 1699 3578 μακρόθεν,
1759 3503 2026 3581 ὑπερορᾷς

375 3587 426 3642 ἐν
457 3585 772 3662 εὐκαιρίαις,
832 3586 884 3642 ἐν
942 3586 1186 3663 θλίψεσιν
1217 3608 1232 3659 ;
1266 3615 1294 3642 ››
1326 3623 1396 3635 —-
1434 3589 2026 3668 Ἐλεεινολογουμένου

372 3674 462 3732 καί
493 3673 936 3739 δεινοπαθοῦντος
990 3678 1060 3732 τὰ
1118 3678 1355 3754 ῥήματα,
1391 3681 1492 3749 τήν
1551 3680 1630 3743 εἲς
1676 3681 1804 3745 τοὺς
1850 3704 2028 3753 πονη-

375 3763 503 3840 ροὺς
563 3761 622 3819 δὲ
673 3764 1046 3840 μακροθυμίαν
1106 3770 1205 3821 τοῦ
1249 3770 1381 3822 Θεοῦ
1432 3769 1521 3822 καὶ
1574 3769 1673 3839 τὴν
1742 3777 1845 3840 τῆς
1895 3772 2030 3847 βοη-

375 3853 517 3916 θείας
564 3847 840 3922 ἀναϐολήν
892 3853 970 3917 εἷς
1016 3853 1142 3918 τοὺς
1203 3854 1514 3933 πάσχοντας
1571 3857 1862 3914 ἀπόστασιν
1928 3880 2029 3932 μαι

375 3942 563 4019 κρόθεν
621 3943 710 3997 καὶ
771 3942 1092 4018 ὑπερόρασιν
1170 3943 1418 4000 ἐκάλεσεν
1492 3945 1544 4001 ἐν
1601 3953 1722 4010 ταῖς
1791 3947 2028 4022 θλίψεσι.

377 4031 474 4086 Διά
524 4030 600 4095 τί,
631 4030 815 4108 Κύριε,
865 4032 1056 4108 πόρῥω
1131 4032 1356 4109 ἀπέχεις
1425 4039 1524 4090 τοῦ
1589 4037 1860 4113 βοηθῆσαι
1914 4043 2031 4102 τοῖς

375 4119 668 4198 πάσχουσι,
708 4120 799 4176 καὶ
847 4120 975 4183 τοὺς
1024 4123 1300 4196 πονηροὺς
1346 4127 1802 4196 τιμωρήσασθαις
1838 4126 1936 4182 Διά
1979 4127 2032 4182 τί

376 4206 424 4265 δ’
472 4210 738 4285 ὑπερορᾷς
802 4209 853 4264 ἐν
919 4215 1038 4272 ταῖς
1104 4209 1319 4285 θλίψεσι
1368 4217 1478 4267 τῶν
1528 4213 1902 4288 κακουμένων,
1954 4217 2030 4289 μὴ

374 4299 715 4374 παραμυθίαν
774 4298 960 4362 αὐτοῖς
1019 4296 1226 4373 διδοὺς,
1281 4306 1396 4364 τοῖς
1459 4307 1684 4358 κακοῦσι
1744 4301 1802 4358 δὲ
1853 4305 2034 4359 κάκω-

373 4410 478 4461 σιν,
529 4388 617 4443 καὶ
665 4389 814 4443 ταῦτ’
864 4386 915 4442 ἐν
969 4386 1304 4464 εὐκαιρίαις
1356 4390 1556 4465 Ἠγουν
1604 4397 1816 4468 καιροῖς
1864 4412 2033 4468 προσ-

375 4479 598 4549 ήκουσιν
633 4479 710 4540 εἱς
749 4475 1045 4548 ἐκδίκησιν’
1098 4476 1363 4554 ὐπερορᾷν
1418 4476 1475 4534 δέ
1519 4479 1629 4536 ἐστι
1673 4481 1737 4536 τὸ
1787 4481 1919 4555 ὑπὲρ
1971 4483 2034 4538 τὸ

375 4567 621 4641 κείμενον
700 4567 789 4622 ὑπ’
860 4562 982 4642 ὄψιν
1061 4567 1212 4645 ὁρᾷν,
1273 4566 1324 4623 ἐν
1397 4572 1477 4640 τῷ
1556 4575 2034 4649 περιφρονητικῶς

377 4653 524 4732 ἔχειν
556 4656 721 4711 αὐτοῦ
751 4656 840 4712 καὶ
885 4656 1152 4733 ἀσχέτως,
1184 4657 1274 4712 καὶ
1309 4655 1398 4712 διὰ
1424 4662 1585 4714 τοῦτο
1635 4658 1764 4722 τοὺς
1815 4659 2022 4739 ὀφθαλ-

381 4745 516 4818 μοὺς
541 4743 710 4822 α’ίρειν
745 4743 1019 4822 ἀλλαχοῦ,
1049 4746 1139 4801 καὶ
1189 4745 1380 4824 πόρῥω
1436 4751 1534 4802 τοῦ
1583 4746 1806 4824 ἔγγιστα
1849 4755 2024 4805 ποιεῖ-

378 4837 496 4889 σθαι
540 4836 641 4904 τήν
689 4833 894 4911 ὅρασιν.
949 4837 1032 4891 Ἐν
1080 4840 1160 4908 τῷ
1219 4835 1708 4915 ὑπερηφανεύεσθαι
1760 4837 1852 4894 τὸν
1905 4839 2024 4894 ἀσεο

307 4954 311 4957 -
377 4919 471 4996 ϐῆ,
506 4923 855 5001 ἐμπυρίζεται
887 4926 915 4980 6
944 4924 1188 5002 πτωχόςο
1221 4926 1250 4980 ὁ
1292 4925 1345 4981 ἐν
1397 4921 1608 4982 ἀσεϐέσι
1657 4929 1883 5004 πτωχὸς
1926 4930 2026 4998 τὴν

376 5011 615 5070 διάνοιαν
669 5014 758 5068 καὶ
819 5015 1186 5092 μικρόψυχος,
1229 5016 1506 5089 θεώμενος
1559 5015 1651 5071 τὸν
1705 5012 1872 5087 ἀσεϐῆ
1933 5017 2023 5073 καὶ

372 5104 612 5177 πονηρὸν
692 5100 1068 5178 εύοδούμενον,
1136 5103 1411 5160 κάντεῦθεν
1492 5105 2025 5185 ὑπερηφανευόμενον

371 5191 625 5271 φλέγεται
650 5194 719 5247 τὰ
748 5191 921 5262 ἐντὸς,
949 5196 1018 5266 τῇ
1050 5190 1258 5272 σφοδρᾷ
1289 5192 1434 5269 λύπῃ
1461 5194 1551 5249 καὶ
1595 5199 1674 5268 τῷ
1728 5195 1882 5269 ζήλῳ
1924 5197 2022 5265 τὴν

371 5280 596 5360 καρδίαν
620 5282 1069 5356 κατακαιόμενος.

447 5431 476 5462 ιι
521 5401 1009 5479 Συλλαμϐάνονται
1085 5405 1136 5460 ἐν
1226 5401 1566 5470 διαϐουλίοις
1621 5409 1703 5471 οἷς
1783 5405 2030 5486 διαλογί-

377 5501 559 5565 ζονται
613 5495 696 5551 ὅτι
756 5496 1049 5550 ἐπαινεῖται
1107 5495 1136 5548 6
1196 5495 1522 5571 ἀμαρτωλὸς
1553 5495 1612 5551 ἐκ
1664 5503 1784 5560 ταῖς
1844 5497 2026 5564 ἐπιθυ-

382 5586 532 5659 μίαις
583 5592 684 5654 τῆς
751 5587 938 5659 ψυχῆς
986 5583 1171 5656 αὐτοῦ,
1225 5583 1315 5639 καὶ
1373 5585 1401 5640 6
1450 5585 1652 5640 αδικῶν
1721 5585 2024 5664 ἐνευλογεῖ-

375 5695 482 5730 ται.
527 5699 556 5727 ››
606 5676 690 5729 Ἐν
739 5678 856 5736 τοῖς
908 5667 1244 5749 διαϐουλλίοις
1290 5673 1378 5728 καὶ
1427 5672 1796 5749 μελετήμασιν
1846 5678 1932 5740 οἷς
1974 5678 2027 5732 οἱ

377 5761 596 5840 πτωγοὶ
645 5763 745 5832 τὴν
804 5758 1040 5820 διάνοιαν
1101 5747 1527 5839 δίαλογίζονται,
1586 5747 1672 5819 ὅτι
1729 5764 2020 5823 ἐπαινεῖται

2166 638 2182 660 \
2369 641 2383 660 ν
2489 645 2517 656 ³⁵⁸
2891 648 2914 659 υ
3374 643 3384 662 Ι
3735 645 3751 665 \

2092 660 2183 694 και
2251 641 2278 694 6
2359 638 2558 697 αδικων
2635 641 3024 718 ἐνευλογειται,
3098 639 3570 718 συλλαμϐάνονται
3660 667 3755 702 και

2097 728 2429 804 ἁλίσκονται,
2506 731 2629 808 περὶ
2705 738 2806 801 τῆς
2891 732 3149 807 προνοίας
3235 731 3746 808 σκανδαλιζόμενοι.

2098 817 2401 882 Βλέποντες
2467 822 2571 896 γὰρ
2631 819 2712 876 ὅτι
2767 828 2867 892 τῆς
2958 821 3270 898 μοχθηρίας
3328 821 3380 877 ἐν
3442 824 3750 898 ἀνθρώποις

2097 906 2492 984 ἐπικρατούσης
2549 909 2846 966 ἐπαινεῖται
2903 911 2932 965 6
2999 909 3328 987 ἁμαρτωλὸς
3393 910 3446 966 ἐν
3503 916 3583 985 τῷ
3651 915 3748 978 τὰς

2099 996 2334 1060 ἀτόπους
2402 997 2692 1072 ἐπιθυμίας
2746 999 2911 1055 «6106
2955 1000 3047 1055 καὶ
3095 997 3443 1077 παραλόγους
3489 1001 3753 1074 ἀποπλη-

2101 1090 2225 1163 ροῦν
2287 1084 2406 1142 δέον
2460 1088 2519 1143 ’ὸν
2573 1087 2731 1144 αὐτὸν
2795 1085 3282 1162 όν,ειδίζεσθαι,καὶ
3339 1088 3424 1145 ὅτι
3473 1091 3501 1146 6
3550 1089 3749 1148 ἀδικῶν

2100 1176 2483 1254 ἐνευφημεῖται
2529 1183 2647 1240 ταῖς
2694 1176 2926 1241 ἀδικίαις
2968 1178 3134 1234 «6106
3184 1177 3301 1234 δέον
3351 1179 3410 1236 ὃν
3443 1180 3602 1236 αὐτὸν
3636 1179 3759 1238 δυσ-

2101 1269 2419 1345 φημεῖσθαι,
2481 1263 2620 1322 διότι
2699 1265 2892 1340 ἀδικεῖ,
2943 1265 3346 1344 διαλογίζονται
3406 1269 3757 1346 βουλεύματά

2100 1377 2159 1411 τε
2213 1356 2304 1411 καὶ
2365 1354 2719 1430 μελετήματα
2771 1353 2860 1411 διὰ
2913 1355 2966 1410 τί
3021 1356 3130 1412 ἐστι
3159 1361 3342 1413 τοῦτο’
3372 1358 3462 1413 καὶ
3495 1362 3572 1432 μὴ
3607 1360 3755 1437 εὑρί-

2105 1466 2321 1508 σκοντες
2381 1445 2552 1501 αἰτίαν
2609 1449 2707 1502 τοῦ
2763 1445 3083 1524 πράγματος
3141 1443 3368 1523 ε’ύλογον
3433 1445 3557 1503 ὅσον
3618 1450 3756 1525 πρὸς

2102 1536 2166 1591 τὸ
2251 1534 2590 1614 φαινόμενον,
2664 1534 2788 1613 περὶ
2865 1537 2965 1606 τὴν
3052 1535 3312 1614 Πρόνοιαν
3396 1536 3756 1616 σφάλλονται,

2105 1625 2384 1681 κάντεῦθεν
2443 1625 2518 1687 ὡς
2592 1623 2644 1680 ἐν
2729 1622 2920 1701 παγίδι
3000 1631 3120 1687 ταῖς
3205 1625 3500 1704 σφαλεραῖς
3582 1627 3756 1683 αὐτῶν

2110 1712 2418 1789 ὑπολήψεσι
2468 1708 2960 1788 συλλαμϐάνονται.
3010 1719 3178 1770 Τοῦτο
3237 1711 3296 1770 δὲ
3348 1715 3645 1791 πάσχουσι,
3682 1719 3758 1790 μὴ

2108 1807 2566 1882 παραχωροῦντες
2623 1802 2751 1866 τοὺς
2841 1802 3039 1881 λόγους
3120 1808 3225 1858 τῶν
3285 1804 3586 1879 γινομένων
3645 1811 3762 1868 τοῖς

2035 1930 2083 1995 Β
2115 1893 2420 1972 ἀνεφίκτοις
2475 1892 2705 1969 κρίμασι
2759 1898 2856 1948 τοῦ
2914 1897 3070 1964 Θεοῦ,
3107 1893 3198 1949 καὶ
3253 1893 3334 1967 τῷ
3389 1893 3762 1968 ἀκαταλήπτῳ

2111 1987 2210 2053 τῆς
2249 1983 2439 2062 σοφίας
2487 1982 2671 2038 «6106.
2709 2007 2729 2034 ι
2767 1983 3054 2060 Παρώξυνε
3108 1984 3201 2038 τὸν
3258 1982 3454 2058 Κύριον
3513 1985 3542 2038 ὁ
3593 1985 3766 2060 ἁμαρ-

2112 2071 2315 2135 τωλός·
2348 2074 2485 2128 κατὰ
2510 2072 2572 2128 τὸ
2603 2072 2817 2142 πλῆθος
2861 2080 2962 2143 τῆς
3013 2073 3183 2149 ὀργῆς
3232 2072 3395 2128 αὐτοῦ
3453 2072 3551 2128 οὐκ
3598 2072 3762 2145 ἐκζη-

2114 2165 2288 2234 τήσει.
2347 2185 2377 2213 ‹‹
2435 2162 2492 2215 Ὀ
2545 2162 2638 2234 μὲν
2698 2161 3025 2239 ἁμαρτωλὸς
3079 2162 3130 2233 ἐξ
3186 2163 3261 2217 ὧν
3317 2160 3560 2236 πράττει,
3617 2159 3763 2218 πολὺ

2117 2255 2429 2330 παρώργισε
2483 2251 2573 2306 τὸν
2630 2251 2782 2325 Θεὸν,
2844 2251 2964 2323 ὀξὺν
3020 2251 3178 2308 αὐτὸν
3240 2252 3490 2322 ἐποίησεν
3541 2251 3624 2308 ἐπ’
3673 2253 3767 2328 ὀρ-

2119 2345 2244 2418 γηνο
2301 2341 2330 2396 6
2389 2337 2446 2394 δὲ
2501 2339 2697 2416 Κύριος
2755 2339 2801 2396 εἰ
2857 2340 2947 2396 καὶ
3003 2339 3147 2396 πολὺ
3204 2341 3586 2418 παρωργίσθη,
3617 2342 3765 2412 πλὴν

2123 2430 2278 2505 ὅμως
2309 2428 2370 2484 o6
2400 2429 2537 2484 κατά
2562 2428 2626 2484 τὸ
2655 2428 2872 2499 πλῆθος
2899 2433 2998 2499 τῆς
3037 2429 3200 2486 αὐτοῦ
3258 2431 3426 2508 ὀργῆς
3485 2431 3770 2503 ἐκζητήσει

2121 2522 2221 2590 τήν
2283 2516 2577 2594 εἷ’σπραξιν.
2638 2517 3004 2592 Μακρόθυμος
3063 2519 3167 2596 γὰρ
3221 2518 3321 2574 οὐκ
3376 2517 3516 2575 ἔστιν
3550 2521 3579 2574 6
3644 2522 3773 2584 Θεὸς

2127 2609 2357 2666 ἐνώπιον
2391 2606 2576 2663 αὐτοῦ.
2619 2601 2983 2676 Βεϐηλοῦνται
3030 2608 3083 2662 αἱ
3129 2605 3247 2662 ὁδοὶ
3291 2607 3454 2664 «6106
3503 2608 3554 2664 ἐν
3610 2609 3772 2664 παντὶ

2125 2697 2320 2774 καιρῷ.
2381 2695 2535 2752 Οὕτω
2591 2697 2919 2770 πράττειτά
2975 2694 3149 2753 ἄτοπα
3189 2696 3281 2752 καὶ
3330 2701 3640 2773 παράνομα,
3695 2698 3771 2761 ὡς

2132 2789 2208 2864 μὴ
2237 2791 2334 2844 τοῦ
2391 2790 2525 2842 Θεοῦ
2575 2785 2842 2862 παρόντος
2880 2786 2970 2841 καὶ
3020 2788 3088 2842 τὰ
3137 2787 3483 2862 πραττόμενα
3543 2787 3775 2865 βλέπον-

2125 2899 2241 2950 τος,
2271 2875 2362 2932 καὶ
2416 2873 2506 2930 διὰ
2556 2879 2717 2931 τοῦτο
2773 2877 2908 2931 κατά
2962 2875 3137 2931 πάντα
3207 2876 3397 2954 καιρὸν
3450 2877 3507 2931 αἱ
3553 2877 3776 2952 πράξεις

2131 2966 2294 3022 «6106
2355 2961 2587 3041 βέϐηλοι
2652 2964 2744 3020 καὶ
2829 2964 3035 3020 ἀνόσιοι
3085 2963 3349 3041 γίνονται.
3417 2988 3446 3022 α
3499 2971 3778 3022 Ἀνταναι-

2133 3062 2304 3134 ρεῖται
2367 3056 2435 3110 τά
2488 3053 2726 3129 κρίματά
2779 3075 2874 3109 σου
2932 3054 3040 3110 ἀπὸ
3089 3055 3388 3131 προσώπου
3441 3055 3625 3112 «6106.
3661 3060 3780 3112 »'H

2133 3145 2248 3202 ἀντὶ
2307 3143 2560 3219 πρόθεσις
2618 3143 2663 3198 εἰ
2715 3143 2804 3198 καὶ
2863 3143 3142 3218 παρέλκει,
3195 3141 3344 3200 δοκεῖ
3386 3143 3523 3208 τέως
3582 3144 3779 3222 ἐμφαί-

2132 3256 2238 3290 νειν
2293 3233 2552 3289 ἐπίτασιν
2601 3231 2720 3288 λίαν
2768 3233 3108 3308 ἀναιροῦνται
3154 3233 3211 3288 αἱ
3253 3233 3459 3309 κρίσεις
3519 3253 3612 3288 σου
3672 3232 3779 3290 ἀπδ

2481 3321 2667 3388 αὐτοῦ,
2718 3320 2855 3377 ὥστε
2905 3321 3123 3399 βλέπειν
3172 3321 3369 3383 ταύτας
3419 3320 3601 3394 αὐτὸν,
3660 3343 3784 3377 του-

2128 3415 2326 3479 τέστιν,
2382 3411 2722 3491 ἀφανίζονται
2806 3411 2911 3466 ἀπὸ
2991 3418 3092 3481 τῆς
3180 3408 3419 3474 διανοίας
3474 3411 3638 3466 αὐτοῦ
3704 3412 3781 3485 μὴ

2137 3503 2444 3563 ἐννοοῦντος
2475 3499 2642 3573 ὅλως,
2677 3524 2705 3553 ‹‹
2753 3502 2872 3556 ’Ότι
2919 3499 3121 3576 κρίνεις
3170 3498 3394 3564 δικαίως
3448 3501 3539 3556 καὶ
3586 3498 3784 3556 ἀποδί-

2139 3590 2247 3654 δως
2281 3591 2490 3662 ἑκάστῳ
2519 3590 2656 3645 κατά
2681 3589 2776 3652 τὰς
2807 3589 3026 3666 πράξεις
3057 3589 3243 3647 «6106.
3273 3614 3302 3642 n
3335 3588 3608 3652 Ἐναντίος
3656 3588 3789 3653 ὅλος

2139 3680 2250 3736 ἐστὶ
2280 3685 2398 3742 ταῖς
2427 3679 2634 3757 κρίσεσί
2665 3700 2761 3734 σου
2789 3678 2881 3734 καὶ
2921 3679 3259 3756 ἀναιρετικὸς
3316 3677 3487 3735 αὐτῶν
3553 3677 3676 3734 ὅσον
3731 3679 3795 3736 τὸ

2141 3770 2225 3826 ἐπ’
2255 3768 2422 3842 αύτῷ.

2215 3918 2243 3946 ‹‹
2273 3895 2497 3948 Πάντων
2574 3897 2679 3948 τῶν
2786 3893 2998 3969 ἐχθρῶν
3104 3891 3268 3947 «6106
3367 3892 3795 3968 κατακυριεύσει,

2139 3985 2353 4038 πάντων
2437 3979 2916 4037 καταδυναστεύσει
2999 3986 3108 4037 τῶν
3188 3979 3586 4054 ἀνθισταμένων
3646 3981 3794 4054 αὐτῷ

2143 4077 2239 4128 σοῦ
2297 4074 2762 4147 παραχωροῦντας
2811 4072 2894 4133 οἷς
2972 4068 3122 4132 οἶδας
3178 4071 3456 4146 κρίμασιν’
3513 4069 3630 4124 εἶπε
3685 4071 3790 4146 γὰρ

2144 4161 2196 4217 ἐν
2253 4158 2450 4236 καρδίᾳ
2506 4159 2692 4233 αὐτοῦ,
2741 4160 2815 4214 O6
2877 4161 2952 4234 μὴ
3015 4157 3277 4216 σαλευθῶ.
3313 4183 3342 4211 ››
3370 4159 3633 4216 -Τοῦτ’
3664 4157 3794 4234 ἐχό-

2147 4272 2301 4324 μενον
2336 4249 2394 4304 ἂν
2429 4246 2512 4321 εἶίη
2543 4250 2680 4304 κατά
2705 4249 2805 4317 τὴν
2838 4242 3040 4303 ἔννοιαν
3071 4253 3190 4316 τοῦ,
3222 4272 3251 4300 ‹‹
3302 4243 3683 4318 Βεϐηλοῦντος
3739 4247 3795 4302 αἱ

2143 4337 2262 4395 ὁδοὶ
2295 4338 2459 4393 «6106
2489 4337 2540 4392 ἐν
2571 4336 2732 4393 παντὶ
2765 4341 2960 4412 καιρῷ,
2995 4359 3021 4391 ο
3065 4338 3139 4411 μὴ
3173 4334 3440 4407 διακοπήν
3467 4357 3586 4392 τινα
3613 4357 3799 4392 ποιου-

2147 4431 2310 4502 μένου
2341 4431 2447 4482 τῶν
2497 4425 2725 4482 ἀνοσίων
2787 4423 2956 4503 ἔργων
3015 4423 3406 4500 μηδοπωσοῦν·
3449 4448 3478 4477 ‹‹
3507 4425 3642 4481 Εἶπε
3689 4427 3794 4503 γὰρ

2144 4517 2196 4573 ἐν
2228 4514 2422 4593 καρδίᾳ
2469 4515 2656 4585 αὐτοῦ,
2691 4539 2718 4566 ››
2761 4514 3004 4570 τουτέστι
3051 4519 3298 4571 τοιοῦτον
3345 4514 3396 4570 ἐν
3445 4515 3618 4588 ἑαυτῷ
3676 4537 3796 4571 συν-

2144 4609 2402 4677 εστήσατο
2452 4601 2741 4681 λογισμὸν,
2776 4605 2850 4667 ὡς
2907 4603 3051 4660 οὕτω
3101 4606 3371 4680 πράττων,
3421 4603 3494 4658 O6
3556 4604 3632 4678 μὴ
3693 4624 3787 4659 σα-

2057 4673 2104 4737 D
2137 4673 2336 4765 λευθῶ,
2369 4692 2429 4749 o6
2465 4673 2546 4768 μη
2571 4673 2928 4768 παρακινηθῶ
2956 4700 3058 4764 τῆς
3117 4673 3168 4748 ἐν
3229 4691 3496 4768 εὐημερίᾳ
3551 4673 3787 4756 στάσεως

2134 4783 2224 4838 καὶ
2281 4783 2641 4858 παγιότητος,
2691 4783 2796 4838 άπὸ
2871 4788 3056 4858 γενεᾶς
3114 4782 3190 4844 εἷς
3248 4783 3453 4858 γενεὰν,
3512 4782 3635 4837 ἄνευ
3691 4803 3790 4837 κα-

2134 4877 2255 4944 κοῦ,
2314 4870 2674 4933 ἐλλειπτικῶς
2742 4873 2865 4928 ἄνευ
2920 4876 3088 4926 κακοῦ
3147 4869 3338 4944 ἔσομαι
3390 4873 3426 4940 ἢ
3492 4871 3792 4947 βιώσομαι.

2133 4963 2204 5017 Τὸ
2263 4959 2309 5018 δ’
2381 4961 2486 5017 ἀπὸ
2573 4967 2762 5038 γενεᾶς
2847 4961 2922 5022 εἷς
3011 4962 3197 5036 γενεὰν
3281 4959 3793 5036 πολυχρονιότητος

2139 5053 2370 5128 ὑπάρχει
2418 5048 2750 5123 δηλωτικὸν,
2793 5047 2965 5126 ἤγουν
3015 5049 3122 5106 ἀπὸ
3176 5057 3276 5120 τῆς
3318 5054 3411 5104 νῦν
3470 5045 3639 5122 οὔσης
3684 5054 3794 5106 τῶν

2136 5141 2438 5217 ἀνθρώπων
2497 5145 2682 5218 γενεᾶς
2735 5137 2842 5203 ’ἐως
2898 5145 3001 5209 τῆς
3067 5138 3331 5213 ἐσομένης
3405 5143 3576 5194 κακοῦ
3641 5159 3791 5203 τινος

2136 5232 2259 5286 ἄνευ
2296 5231 2592 5306 βιώσομαι.
2625 5254 2653 5282 ‹‹
2687 5229 2760 5284 O6
2791 5230 2923 5306 ἀρᾶς
2953 5229 3016 5285 τὸ
3061 5229 3237 5302 στόμα
3275 5227 3439 5284 «6106
3485 5227 3642 5305 γέμει
3700 5229 3790 5284 καὶ

2133 5319 2352 5394 πικρίας
2407 5320 2498 5374 καὶ
2547 5317 2736 5376 δόλου.
2788 5343 2817 5371 ››
2867 5325 3046 5374 ’Έστιν
3097 5318 3267 5393 εὑρεῖν
3322 5317 3374 5373 ἐν
3421 5321 3490 5392 τῇ
3532 5317 3787 5394 ψαλμικῇ

2133 5409 2302 5483 ταύτῃ
2333 5413 2517 5486 γραφῇ
2560 5409 2657 5470 τὰς
2717 5408 3052 5481 ἀντωνυμίας
3105 5407 3274 5464 ἐνίοτε
3327 5413 3446 5470 τοῖς
3505 5407 3792 5463 ὑποτακτι-

2136 5503 2254 5559 κοῖς
2330 5495 2550 5572 ἄρθροις
2625 5496 3024 5571 ὑπεζευγμένας
3103 5493 3162 5550 ἐκ
3237 5498 3491 5571 περιττοῦ
3568 5493 3642 5556 ὡς
3700 5494 3784 5562 16,

2141 5610 2170 5638 ‹‹
2204 5585 2276 5640 06
2308 5585 2336 5638 6
2367 5585 2496 5647 Θεὸς
2529 5579 2722 5641 Ἰακὼϐ
2787 5584 2988 5660 βοηθὸς
3045 5582 3230 5656 αὐτοῦ,
3268 5607 3296 5635 ››
3327 5581 3439 5652 καὶ,
3473 5606 3502 5635 ‹‹
3534 5585 3600 5662 ᾮ
3647 5581 3786 5638 ἐστιν

2137 5672 2430 5748 αντίληψις
2460 5671 2607 5745 αύτῷ
2635 5675 2781 5749 παρά
2840 5677 2956 5730 σοῦ.
2990 5697 3018 5725 ‹‹
3051 5678 3221 5728 Τοῦτο
3277 5672 3374 5727 κάν
3421 5675 3502 5744 τῷ
3558 5671 3786 5747 παρόντι

2135 5764 2380 5840 κόμματι
2410 5764 2647 5840 γέγονεν,
2679 5785 2710 5817 ‹‹
2742 5763 2820 5822 06
2851 5763 3016 5820 «6106
3059 5763 3125 5823 16
3155 5762 3333 5837 στόμα
3359 5760 3516 5839 γέμει
3566 5761 3720 5838 ἀρᾶς,
3754 5781 3780 5814 ι
