4072 6416
303 399 460 466 I37!

301 621 542 700 Λοίδορα
607 619 758 696 λέγει
807 625 968 676 πᾶσιν
1001 618 1216 695 ὁργίλα,
1242 616 1420 692 δόλια,
1448 641 1476 671 ‹‹
1506 616 1792 695 προφέρων
1858 616 1954 690 μὲν

303 711 458 790 ἔτερα
515 709 604 769 διὰ
653 711 926 784 στόματος
977 709 1029 764 ἐν
1081 706 1310 782 διανοίᾳ,
1361 707 1613 784 κρύπτων
1673 703 1731 761 δὲ
1776 702 1953 782 ἕτερα.

293 827 325 857 «ί
357 803 486 858 Ὑπὸ
527 801 626 870 τήν
670 797 927 874 γλῶσσαν
980 797 1166 867 αὐτοῦ,
1215 793 1386 859 κόπος
1432 795 1522 851 καὶ
1569 794 1756 857 πόνος.
1792 819 1821 849 ››
1859 795 1956 850 Διᾶ

291 899 393 963 τῆς
447 890 552 948 ὑπὸ
594 889 903 966 προθέσεως
954 887 1017 943 τὸ
1083 886 1309 966 κρύφιον
1379 882 1753 956 ὑπεδήλωσεν.
1803 909 1831 936 ‹‹
1870 885 1954 938 Ὑ-

295 979 642 1057 ποψιθυρίζει
691 984 808 1033 κατ’
882 977 1181 1052 ἀνθρώπων
1261 974 1616 1052 συκοφαντίας
1682 975 1773 1028 καὶ
1837 970 1953 1028 δια-

295 1067 490 1143 ϐολὰς,
542 1067 592 1142 ἐξ
641 1069 716 1123 ὧν
765 1067 915 1122 οὗτοι
981 1065 1148 1120 κόπον
1219 1064 1309 1120 καὶ
1359 1065 1523 1119 πόνον
1593 1062 1951 1139 εὑρίσκουσιν.

297 1183 328 1214 ‹‹
347 1159 673 1235 Ἐγκάθηται
709 1153 896 1232 ἐνέδρα
924 1155 1060 1211 κατὰ
1088 1153 1368 1210 πλουσίων
1400 1153 1452 1208 ἐν
1484 1152 1824 1230 ἀποκρύφοις
1855 1155 1954 1207 τοῦ

291 1248 608 1305 ἀποκτεῖναι
657 1245 856 1304 ἀθῶον.
905 1269 934 1299 ››
987 1245 1307 1321 Ἐγκάθηται
1357 1245 1532 1322 φήσας
1579 1243 1642 1298 τὸ
1708 1239 1950 1297 ὕπουλον

294 1337 520 1416 ἐνέφηνε
579 1339 678 1392 τοῦ
753 1338 998 1410 πονηροῦ
1072 1334 1163 1388 καὶ
1241 1331 1603 1393 ἐπίπλαστον.
1658 1331 1950 1395 Τοιούτους

291 1426 383 1483 καὶ
411 1427 476 1481 τὸ
523 1424 848 1502 Εὐαγγέλιω
902 1423 1053 1499 λέγει
1098 1423 1224 1486 τοὺς
1271 1422 1608 1500 ἐγκαθέτους.
1645 1420 1950 1484 Πλουσίους

294 1513 341 1572 δ’
407 1512 620 1590 εἴρηκεν
684 1513 938 1584 ἐκείνους,
995 1513 1075 1575 οἷς
1141 1509 1300 1587 ἔργον
1355 1513 1418 1568 τὸ
1478 1511 1610 1568 εἶναι
1666 1508 1953 1573 πλουσίοις

290 1605 381 1661 καὶ
431 1601 717 1679 συλλέγειν
767 1601 818 1673 ἐξ
871 1604 1117 1678 ἁρπαγῆς
1183 1601 1272 1657 καὶ
1345 1599 1676 1680 μιαιφονίας·
1738 1599 1837 1655 Διὰ
1893 1598 1952 1654 δὲ

289 1699 388 1751 τοῦ
432 1693 599 1748 εἰπεῖν
672 1691 724 1749 ἐν
797 1691 1132 1770 ἀποκρύφοις
1199 1691 1487 1770 ἐσαφήνισε
1539 1690 1591 1746 τί
1640 1689 1780 1745 ἐστιν
1842 1688 1948 1744 ἐνέ-

296 1781 417 1858 δρα,
457 1781 624 1845 τόπος
678 1779 934 1852 δηλονότι
980 1781 1311 1860 ἀπόκρυφος.
1363 1782 1519 1836 Ὅθεν
1581 1781 1634 1835 οἱ
1691 1779 1742 1835 ἐν
1801 1778 1948 1852 αὐτῷ

293 1871 661 1948 κρυπτόμενοι
724 1872 861 1946 πρὸς
948 1870 1012 1926 τὸ
1105 1867 1300 1948 αἴφνης
1383 1869 1714 1925 ἐπεισπεσεῖν
1806 1888 1945 1923 τισιν

290 1959 652 2038 ἐγκρύμματα
699 1960 1006 2036 κοινότερον
1063 1958 1338 2035 λέγονται.
1399 1963 1652 2014 Τοιοῦτον
1703 1953 1948 2033 ἕγκρυμ-

293 2072 368 2127 μα
423 2049 626 2128 γίνεται
680 2055 759 2122 τῷ
804 2050 969 2123 ἀθώῳ
1020 2050 1048 2105 6
1098 2048 1361 2125 πονηρὸς,
1411 2048 1537 2112 τοὺς
1599 2041 1945 2124 ὁμοτρόπους

288 2139 435 2212 αῦτῷ
484 2133 928 2216 συμπαραλαϐὼν
978 2139 1070 2192 καὶ
1138 2142 1472 2193 κατασκοπεῖ
1519 2141 1636 2199 πῶς
1696 2135 1754 2191 ἂν
1807 2135 1947 2190 ἀπο-

287 2229 550 2306 γυμνώσῃ
617 2227 707 2283 καὶ
771 2224 861 2282 διὰ
923 2227 1097 2282 ποίων
1169 2223 1462 2301 μεθοδειῶν
1534 2227 1627 2281 τὸν
1685 2224 1943 2280 ἀναίτιον

289 2316 696 2393 ἀπογυμνώσας
782 2312 840 2370 δὲ
913 2315 1004 2370 καὶ
1094 2316 1185 2372 τὸν
1264 2311 1493 2392 εὔπορον
1584 2313 1948 2392 ἐργασάμενος

290 2406 619 2477 ἀπέκτεινεν,
677 2405 790 2460 οἷον
864 2403 1023 2460 αὐτὸν
1070 2402 1241 2478 λιμοῦ
1287 2403 1378 2459 καὶ
1431 2402 1650 2482 κρύους,
1699 2403 1790 2458 καὶ
1844 2409 1946 2473 τῆς

293 2493 474 2566 ἄλλης
511 2491 812 2569 κακουχίας
860 2492 1084 2566 θέμενος
1131 2491 1366 2570 παρανά)
1385 2515 1532 2568 ωμα.
1567 2494 1629 2548 Οἱ
1670 2489 1946 2572 ὀφθαλμοὶ

289 2584 456 2641 αὐτοῦ
505 2583 582 2648 εἲς
630 2584 722 2640 τὸν
773 2584 980 2654 πένητα
1022 2577 1446 2639 ἀποϐλέπουσιν.
1498 2583 1562 2637 Οἱ
1612 2585 1713 2652 τῆς
1780 2581 1946 2637 αὐτοῦ

287 2671 530 2737 διανοίας
563 2670 842 2752 ὀφθαλμοὶ
875 2672 1274 2728 ἀποσκοποῦσιν
1323 2671 1398 2734 εἷς
1451 2672 1544 2726 τὸν
1605 2669 1944 2748 ἀπαρρησία-

284 2785 408 2820 στον
465 2763 556 2819 καὶ
622 2762 1074 2839 ἀπροστάτευτον,
1125 2762 1171 2835 ᾧ
1221 2760 1320 2817 οὐκ
1362 2757 1502 2816 ἔστιν
1552 2759 1714 2836 ἰσχύς
1779 2761 1941 2815 ποθεν

283 2855 321 2925 ἢ
371 2850 684 2926 ἀντίληψις,
754 2856 940 2928 φυγεῖν
1018 2850 1150 2914 τοὺς
1229 2850 1650 2926 ἐπηρεάζονταςο
1703 2847 1774 2906 οῦ
1838 2850 1942 2925 γὰρ

289 2942 434 3020 λέγει
503 2941 711 3014 πένητα
785 2941 877 2996 τὸν
963 2939 1114 3010 ἐνδεῆ
1189 2940 1279 2996 καὶ
1353 2939 1668 3014 προσαίτηψ
1741 2937 1941 2994 ἐκεῖνον

294 3035 399 3110 γὰρ
433 3033 462 3086 6
514 3031 758 3108 πονηρὸς
809 3028 923 3086 οὐδ’
973 3030 1253 3105 ἐπόψεται.
1291 3054 1317 3080 ‹‹
1348 3027 1644 3104 Ἐνεδρεύει
1702 3029 1754 3084 ἐν
1802 3029 1942 3085 ἀπο-

290 3121 482 3202 κρύφῳ
513 3123 588 3187 ὡς
619 3120 758 3180 λέων
792 3118 844 3176 ἐν
869 3123 940 3194 τῇ
974 3115 1185 3196 μάνδρᾳ
1238 3118 1424 3176 αὐτοῦ.
1457 3144 1485 3172 ››
1520 3116 1815 3196 Ἐνεδρεύει
1847 3123 1943 3174 τοῦ

293 3211 527 3288 ἁρπάσαι
609 3210 856 3287 πτωχόν.
925 3210 1186 3284 ’Δρπάσαι
1271 3210 1494 3286 πτωχὸν
1559 3207 1611 3265 ἐν
1698 3213 1776 3281 τῷ
1851 3205 1942 3263 ἐλ-

287 3286 443 3358 κῦσαι
503 3295 682 3358 αὐτόν.
739 3286 932 3362 Καθὼς
961 3299 990 3355 6
1021 3297 1160 3354 λέων
1218 3299 1270 3355 ἐν
1315 3303 1384 3373 τῇ
1443 3297 1607 3354 αὐτοῦ
1638 3300 1942 3371 καθήμενος
1973 3286 2016 3353 C

279 3387 437 3464 κοίτῃ
501 3393 835 3446 κατασκοπεῖ
884 3387 952 3442 τὰ
1001 3385 1314 3443 διοδεύοντα
1381 3391 1493 3457 ζῶα
1538 3387 1628 3443 καὶ
1679 3388 1940 3458 ἐπεισπη-

281 3475 450 3548 δήσας
481 3477 802 3549 ἐξαπιναίως
832 3477 1020 3540 αὐτοῖς
1054 3479 1264 3553 ἀναιρεῖ
1319 3476 1411 3534 καὶ
1453 3477 1588 3553 πρὸς
1637 3474 1729 3532 τὸν
1777 3475 1942 3532 αὐτοῦ

278 3565 446 3623 τόπον
499 3563 731 3629 ἐλκύσας
783 3566 1102 3644 ἐμφορεῖται
1170 3565 1368 3635 αὐτῶν,
1419 3564 1562 3621 οὕτω
1631 3562 1698 3634 δὴ
1774 3564 1862 3620 καὶ
1914 3566 1942 3620 6

283 3657 529 3733 πονηρὸς
604 3655 694 3711 καὶ
761 3656 791 3711 6
846 3653 1182 3726 πλεονέκτης
1247 3659 1397 3710 ποιεῖ
1453 3653 1542 3710 καὶ
1622 3649 1944 3731 περιϐλέπει

287 3744 416 3808 τοὺς
459 3743 552 3808 οὓς
608 3744 902 3822 εἰρήκαμεν
951 3745 1187 3816 πένητας
1230 3743 1320 3800 καὶ
1373 3743 1632 3821 πτωχοὺς
1695 3743 1786 3799 καὶ
1851 3741 1942 3800 δο-

292 3833 428 3897 λίως
489 3833 674 3897 αὐτοῖς
745 3833 1113 3908 ἐπιτιθέμενος
1180 3835 1405 3913 ἁρπάζει
1472 3834 1540 3888 τὰ
1609 3832 1804 3904 αὐτῶν,
1853 3832 1943 3887 καὶ

287 3927 395 3980 τῶν
445 3921 757 4002 ἀλλοτρίων
809 3925 1150 3979 κατευπαθεῖ.
1184 3947 1214 3976 ‹‹
1263 3925 1351 3980 Ἐν
1411 3926 1478 3997 τῇ
1537 3919 1720 3999 παγίδι
1779 3921 1944 3977 αὐτοῦ

285 4015 606 4070 ταπεινώσει
681 4012 865 4070 αὐτόν.
945 4037 975 4066 ››
1034 4014 1120 4068 Ἐν
1191 4018 1310 4075 ταῖς
1389 4007 1707 4073 ἐπιϐουλαῖς
1780 4010 1944 4066 αὐτοῦ

287 4099 758 4160 καταδουλώσεται
807 4101 992 4170 αὐτὸν,
1043 4101 1183 4157 ὥστε
1246 4101 1743 4175 πλεονεκτούμενον
1811 4121 1945 4156 κατ-

290 4193 610 4269 επτηχέναι,
641 4191 732 4248 καὶ
767 4188 895 4266 μηδ’
954 4189 1099 4269 ἔχειν
1141 4191 1348 4266 ἀνοῖξαι
1396 4190 1571 4265 στόμα
1616 4189 1705 4246 καὶ
1753 4188 1946 4267 προϊέ-

287 4301 374 4336 ναι
407 4281 616 4360 φωνήν.

368 4392 396 4421 ‹‹
427 4367 598 4444 Κύψει
654 4370 744 4425 καὶ
801 4374 1042 4425 πεσεῖται
1099 4368 1150 4424 ἐν
1198 4373 1278 4442 τῷ
1326 4367 1484 4424 αὐτὸν
1534 4371 1946 4445 κατακυριεῦσαι

293 4463 401 4514 τῶν
442 4459 717 4528 πενήτων.
769 4481 800 4511 ››
848 4491 919 4501 --
965 4459 1051 4514 Ἐν
1099 4461 1180 4532 τῷ
1224 4459 1316 4513 τὸν
1348 4457 1588 4534 πονηρὸν
1649 4454 1944 4512 καταδυνα-

290 4550 506 4603 στεῦσαι
570 4540 669 4601 ’καὶ
745 4546 1148 4619 κατεξουσιάσαι
1223 4551 1333 4603 τῶν
1419 4547 1690 4620 πενήτων,
1783 4545 1944 4608 αὐτὸς

286 4641 424 4718 πρὸς
479 4641 541 4696 τὸ
599 4646 700 4711 τῆς
760 4635 1036 4699 ἀπωλείας
1095 4637 1169 4699 ὡς
1228 4633 1444 4698 ἀνίατος
1483 4634 1798 4708 κλιθήσεται
1853 4635 1944 4690 καὶ

287 4731 737 4806 κατενεχθήσεται
775 4727 1066 4805 βάραθρον.

361 4862 390 4892 «
423 4837 559 4896 Εἶπε
586 4837 686 4913 γὰρ
722 4833 772 4891 ἐν
801 4829 999 4910 καρδίᾳ
1026 4830 1212 4887 αὐτοῦ’
1245 4829 1634 4901 Ἐπιλέλησται
1665 4830 1694 4886 6
1725 4829 1876 4894 Θεός.
1912 4855 1942 4884 ››

290 4927 622 5004 Ἀπέστρεψε
669 4925 733 4980 τὸ
780 4922 1072 4998 πρόσωπον
1120 4919 1284 4976 αὐτοῦ
1328 4925 1426 4975 τοῦ
1470 4921 1545 4994 μή
1583 4919 1803 4996 βλέπειν
1865 4919 1943 4983 είς

287 5015 466 5080 τέλος·
546 5013 831 5092 ἐλογίσατο
885 5012 986 5088 γὰρ
1053 5009 1104 5065 ἐν
1173 5010 1346 5083 ἐαυτῷ
1416 5007 1792 5084 πλημμελῶς,
1860 5008 1942 5065 ὅτι

293 5105 566 5183 μηδεμίαν
658 5102 836 5177 μνείαν
893 5106 1000 5156 τῶν
1074 5098 1126 5156 ἐν
1204 5104 1283 5172 τῷ
1357 5099 1550 5174 κόσμῳ
1619 5104 1855 5155 ποιεῖται
1914 5099 1942 5153 6

289 5197 442 5271 Θεὸς,
495 5191 622 5251 ἀλλ’
681 5189 995 5269 ἀπρονόητά
1053 5187 1155 5244 εῗσι
1224 5189 1292 5245 τὰ
1337 5187 1527 5262 πάντα,
1580 5188 1668 5244 καὶ
1729 5191 1757 5242 6
1815 5187 1941 5250 Θεὸς

284 5287 348 5342 τὸ
413 5283 704 5360 πρόσωπον
773 5279 899 5352 ἤτοι
956 5280 1055 5348 τήν
1125 5277 1425 5348 ἐπισκοπὴν
1499 5277 1663 5334 αὐτοῦ
1717 5276 1944 5339 τελείως

286 5374 634 5449 ἀπέστρεψεν,
665 5371 802 5427 ὥστε
849 5371 925 5445 μὴ
973 5367 1190 5445 βλέπειν
1251 5368 1342 5424 καὶ
1401 5367 1811 5433 ἐπισκέπτεσθαι
1856 5365 1944 5421 καὶ

293 5463 488 5542 ἐφορᾷν
516 5464 584 5518 τὰ
612 5462 900 5538 γινόμενα.

364 5571 731 5642 «Ἀνάστηθι,
805 5565 968 5640 Κύριε
1042 5564 1072 5618 ὁ
1146 5563 1276 5626 Θεός
1356 5585 1480 5638 μου.
1548 5567 1849 5639 Ὑψωθήτω
1911 5567 1946 5636 ἡ

292 5658 418 5736 χείρ
451 5679 564 5713 σου.
599 5659 689 5727 Μὴ
725 5651 954 5729 ἐπιϐἀθῃ
981 5658 1089 5709 τῶν
1117 5656 1365 5724 πενήτων
1415 5675 1509 5710 σου
1564 5655 1642 5718 εἷς
1697 5655 1883 5717 τέλος.
1917 5677 1948 5708 »

279 5746 544 5843 :Iu'm’m
584 5749 676 5807 τὸν
709 5746 882 5826 ΒΘεὸν,
932 5745 1011 5821 μὴ
1060 5749 1234 5800 πᾶσαν
1284 5745 1383 5816 τὴν
1435 5742 1711 5822 ἐκδίκησιν
1760 5743 1814 5803 ἐν
1869 5743 1951 5818 τῷ

1560 393 1984 458 NIGEPHORI
2025 393 2468 459 BLEMMIDE

303 531 428 605 ἤτοι
484 529 786 608 λοιδορίας·
825 529 931 608 ἀρᾶ
991 530 1097 605 γὰρ
1145 528 1356 606 λέγεται
1411 528 1500 584 καὶ
1569 529 1604 598 ἡ
1669 523 1943 604 λοιδορία.
1983 530 2038 597 Α
2073 523 2336 599 μέλλοντι
2424 528 2826 603 ταμιεύσασθαιο
2899 533 3232 603 ποιήσασθαι
3307 529 3366 588 δὲ
3433 531 3524 589 καὶ

3623 556 3722 592 νυν

2067 615 2398 688 ἐπεξέλευσιν
2447 619 2524 682 εἰς
2571 618 2697 683 τοὺς
2753 620 3023 698 πονηροὺς
3075 621 3156 678 ἐπ’
3199 621 3406 698 ἐκκοπῇ
3462 631 3562 694 τῆς
3617 645 3720 681 κα-

2066 705 2185 768 κίας
2233 707 2430 778 αὐτῶν,
2465 709 2539 772 είς
2591 706 2793 784 ἄμυναν
2841 715 2947 766 τῶν
2997 717 3277 788 πονηρῶν,
3311 713 3401 768 καὶ
3448 713 3524 776 είς
3572 714 3717 770 ἀντί-

2067 794 2234 870 ληψιν
2295 801 2402 852 τῶν
2452 799 2962 873 καταπονουμένων.
3025 801 3329 878 Έγέρθητι,
3379 802 3563 879 Κύριε.
3618 805 3722 860 Καὶ

2063 886 2246 949 καθώς
2303 885 2442 942 ἐστιν
2491 890 2526 958 ἡ
2584 885 2807 961 δύναμίς
2866 910 2962 944 σου
3012 888 3198 964 ὑψηλή
3261 891 3351 946 καὶ
3421 893 3723 972 ὑπερφυὴς,

2067 973 2210 1029 οὕτω
2240 975 2329 1030 καὶ
2361 979 2665 1051 γνωσθήτω
2695 975 2786 1032 διὰ
2829 985 2930 1048 τῆς
2977 983 3084 1035 τῶν
3133 985 3390 1057 πονηρῶν
3443 983 3536 1038 καὶ
3583 982 3722 1040 ἀλα-

2069 1063 2237 1134 ζόνων
2267 1064 2502 1136 ἐξαισίου
2531 1075 2932 1146 καταστροφῆς.

2143 1193 2167 1224 ι
2199 1176 2415 1229 Ἕνεκεν
2463 1173 2610 1238 τίνος
2677 1178 3018 1254 παρώργισεν
3066 1178 3094 1232 6
3140 1173 3338 1248 ἀσεϐὴς
3403 1180 3498 1235 τὸν
3553 1180 3717 1253 Θεόν;

2064 1262 2181 1320 εἶπε
2222 1263 2323 1340 γὰρ
2373 1263 2424 1319 ἐν
2477 1262 2673 1342 καρδίᾳ
2735 1265 2921 1323 αὐτοῦ.
2988 1266 3099 1323 Οὐκ
3161 1267 3469 1340 ἐκζητήσει.
3514 1293 3545 1322 ››
3594 1273 3725 1327 Κατ’

2062 1351 2325 1430 ἐρώτησιν
2386 1355 2415 1408 6
2464 1352 2654 1430 λόγος*
2707 1353 2806 1410 Διὰ
2849 1354 2903 1410 τί
2951 1357 2980 1412 6
3026 1357 3270 1434 πονηρὸς
3318 1358 3387 1413 τὰ
3433 1359 3510 1422 εἷς
3549 1359 3714 1437 ὀργῆν

2060 1446 2311 1498 κινοῦντα
2337 1443 2447 1515 [τὸν
2496 1443 2624 1501 Θεὸν
2677 1441 3034 1518 διεπράξατο;
3086 1445 3232 1502 Διότι
3303 1446 3592 1524 ἐλογίσατο
3657 1449 3709 1504 ἐν

2063 1529 2258 1604 ἑαυτῷ,
2308 1525 2391 1586 ὅτι
2438 1531 2739 1607 παρόψεται
2785 1534 2813 1590 6
2862 1534 2991 1598 Θεὸς
3039 1537 3108 1591 τὰ
3166 1535 3430 1612 γινόμενα
3450 1537 3560 1611 [καὶ
3618 1538 3716 1594 οὐκ

2061 1619 2348 1692 ἀπαιτήσει
2391 1619 2588 1698 λόγους
2629 1621 2830 1681 αὐτῶν.

2137 1750 2159 1779 ι
2193 1726 2421 1792 Βλέπεις
2469 1729 2552 1786 ὅτι
2603 1729 2666 1786 σὺ
2713 1731 2879 1787 πόνον
2927 1732 3018 1787 καὶ
3069 1733 3239 1807 θυμὸν
3285 1739 3568 1797 κατανοεῖς
3620 1721 3720 1790 τοῦ

2058 1815 2388 1892 παραδοῦναι
2461 1819 2619 1875 αὐτὸν
2692 1820 2768 1884 εἰς
2863 1823 3054 1899 χεῖράς
3111 1844 3229 1879 σου.
3289 1847 3319 1876 ››
3380 1822 3720 1889 ’Δσυνδέτως

1975 1914 2025 1980 Β
2059 1905 2279 1983 βλέπεις
2309 1906 2425 1964 δστι
2472 1909 2556 1967 σύ.
2618 1911 2899 1966 Στικτέον·
2937 1911 3110 1967 Πόνον
3169 1912 3260 1968 καὶ
3319 1924 3491 1987 θυμόν
3550 1936 3716 1970 κατα-

2057 2002 2222 2070 νοεῖς,
2281 1996 2344 2052 τὸ
2409 1995 2492 2052 ὅτι
2549 1997 2666 2053 ἀντὶ
2709 2004 2807 2054 τοῦ
2878 1995 3073 2064 ὅντωςο
3126 2001 3190 2058 τὸ
3257 2009 3541 2066 κατανοεῖς
3597 2004 3718 2060 ἀντὶ

2055 2090 2153 2140 τοῦ
2211 2084 2332 2142 λίαν
2378 2087 2684 2163 γινώσκεις.
2728 2094 2792 2144 Ἡ
2857 2089 2993 2144 κατὰ
3058 2091 3162 2166 γὰρ
3220 2089 3463 2147 ἐνταυθοῖ
3515 2093 3716 2169 πρόθε-

2058 2195 2141 2236 σις
2187 2174 2425 2230 ἐπίτασιν
2471 2173 2657 2246 δηλοῖ.
2707 2179 2850 2253 Πρὸς
2897 2179 3026 2234 Θεὸν
3059 2180 3087 2234 6
3120 2177 3303 2256 λόγος.
3338 2182 3396 2238 Ὁ
3451 2181 3546 2255 μὲν
3595 2181 3719 2237 ἀσε-

2059 2258 2161 2332 ϐὴς
2196 2265 2364 2335 εἶπεν,
2398 2263 2792 2344 Ἐπιλέλησται
2823 2267 2852 2322 6
2883 2267 3035 2330 Θεός.
3069 2267 3399 2346 ’Δπέστρεψε
3441 2271 3507 2326 τὸ
3554 2272 3724 2347 πρόσ-

2059 2374 2206 2408 ωπον
2261 2353 2424 2408 αὐτοῦ
2474 2359 2572 2410 τοῦ
2623 2357 2699 2429 μὴ
2755 2355 2996 2431 βλέπειν,
3041 2357 3118 2420 εἷς
3169 2357 3352 2422 τέλος.
3397 2358 3564 2416 Ἀλλ’
3613 2361 3723 2439 οὐχ

2058 2441 2230 2506 οὕτως
2261 2439 2404 2520 ἔχει.
2457 2443 2690 2508 Βλέπεις
2741 2441 2912 2508 ὅντως
2962 2446 3048 2520 σὺ,
3078 2445 3166 2503 καί
3215 2447 3412 2527 ἐφορᾷς
3469 2445 3716 2527 ἀκριϐῶς

2054 2532 2281 2603 ἅπαντα,
2310 2533 2401 2588 καὶ
2458 2531 2611 2589 οὐδὲν
2673 2533 2738 2590 τὸ
2815 2531 3166 2592 διαλανθάνον
3233 2557 3312 2593 σε’
3372 2539 3465 2594 τὸν
3547 2539 3718 2597 πόνον

2054 2621 2143 2677 καὶ
2172 2623 2274 2692 τὴν
2309 2621 2492 2696 θλίψιν
2531 2627 2640 2680 τῶν
2687 2621 3084 2699 ἀδικουμένων,
3115 2626 3206 2682 καὶ
3253 2627 3408 2690 αὖθις
3461 2629 3554 2684 τὸν
3617 2631 3720 2685 θυ-

2059 2711 2158 2784 μὸν
2203 2711 2342 2768 κατά
2383 2713 2484 2782 τὴν
2536 2712 2833 2788 θηριωδίαν
2878 2719 2976 2770 τοῦ
3027 2711 3276 2788 ἀσεϐοῦς,
3319 2714 3500 2792 ἄκρως
3552 2723 3720 2794 γινώ-

2055 2822 2222 2872 σκεις,
2255 2799 2394 2856 ὥστε
2423 2800 2582 2857 αὐτὸν
2609 2802 2701 2858 τὸν
2735 2797 2903 2874 ἀσεϐῆ
2949 2802 3284 2880 παραδοῦναι
3328 2806 3406 2870 εἷς
3462 2808 3562 2871 τὰς
3618 2808 3718 2870 σὰς

2055 2895 2267 2966 χεῖρας,
2301 2889 2386 2944 ἐπὶ
2420 2889 2499 2966 υῷ
2527 2899 2913 2969 τιμωρηθῆναι
2943 2894 3121 2956 καθώς
3154 2893 3266 2950 ἐστι
3298 2891 3527 2952 δίκαιον.

2128 3003 2157 3031 ‹‹
2191 2979 2288 3034 Σοὶ
2351 2978 2830 3057 ἐγκαταλέλειπται
2893 2983 2920 3036 6
2968 2983 3216 3058 πτωχὸς,
3271 2982 3505 3058 μηδενὸς
3571 2987 3708 3062 βοη-

2054 3069 2276 3132 θοῦντος
2324 3068 2488 3142 αὐτῷ.
2550 3096 2572 3121 ι
2618 3075 2861 3150 Ὀρφανῷ
2911 3069 2974 3125 σὺ
3021 3071 3162 3141 ἦσθα
3218 3069 3442 3148 βοηθόςο
3482 3074 3540 3131 σὺ
3597 3075 3702 3151 γὰρ

2053 3157 2218 3213 αὐτοῦ
2249 3158 2384 3214 κατᾶ
2411 3157 2502 3214 τὸν
2534 3165 2634 3228 τῆς
2692 3156 3057 3236 δημιουργίας
3109 3160 3271 3238 λόγον
3320 3165 3515 3240 πατήρ.
3567 3164 3705 3219 Σύν-

2051 3249 2242 3323 τριψον
2299 3247 2391 3302 τὸν
2447 3246 2714 3324 βραχίονα
2759 3253 2859 3304 τοῦ
2909 3249 3240 3324 ἀμαρτωλοῦ
3295 3251 3386 3308 καὶ
3441 3257 3708 3330 πονηροῦ.

2052 3334 2309 3413 Βραχίων
2411 3333 2644 3410 δύναμις
2675 3335 2970 3414 πολλαχοῦ
2997 3346 3098 3408 τῆς
3124 3339 3272 3415 ἱερᾶς
3313 3344 3531 3420 Γραφῆς
3583 3341 3714 3398 δνο-

2055 3426 2300 3499 μάζεται.
2357 3447 2385 3481 α
2435 3427 2734 3496 Ζητήσεται
2781 3428 2816 3496 ἡ
2863 3427 3099 3504 ἁμαρτία
3145 3428 3310 3483 αὐτοῦ
3362 3431 3452 3485 καὶ
3513 3431 3576 3487 οὐ
3632 3433 3711 3506 μὴ

2052 3513 2265 3590 εὑρεθῇ.
2307 3537 2336 3567 ››
2387 3515 2512 3568 Οἴον
2567 3513 2995 3588 ἐρωτηματικῶς
3045 3515 3434 3593 ἐσχηματίσθω
3484 3521 3521 3590 ἡ
3573 3541 3715 3596 προ·

2052 3603 2194 3680 φορὰ
2247 3605 2345 3658 τοῦ
2395 3601 2561 3678 ῥητοῦ
2603 3599 2708 3665 ἕως
2757 3607 2854 3658 τοῦ
2885 3602 3070 3661 αὐτοῦ.
3105 3604 3237 3661 Εἶτα
3265 3609 3381 3662 κατ’
3413 3607 3714 3690 ἀπόφασιν,

2051 3693 2142 3747 καὶ
2197 3691 2242 3745 εί
2288 3695 2451 3746 τοῦτο
2498 3693 2743 3768 γένηται,
2779 3715 2809 3743 ι(
2853 3691 2926 3749 Οὐ
2979 3693 3056 3766 μή
3107 3694 3299 3772 εὑρεθῇ
3333 3720 3362 3748 ››
3401 3697 3586 3762 αὐτός’
3623 3699 3714 3754 ἐὰν

2052 3780 2155 3856 γὰρ
2188 3779 2430 3855 ἐξετάσῃς
2459 3781 2522 3836 τὸ
2584 3781 2810 3857 μέγεθος
2859 3789 2962 3852 τῆς
3013 3782 3282 3863 ἁμαρτίας
3332 3785 3519 3861 αὐτοῦ,
3562 3787 3714 3861 ἄξιος

2055 3869 2214 3932 οὗτος
2243 3869 2568 3948 ἀφανισμοῦ.

2125 3982 2156 4012 ‹‹
2187 3958 2385 4036 Κύριος
2416 3958 2670 4036 βασιλεὺς
2703 3959 2780 4023 εἷς
2806 3960 2900 4016 τὸν
2934 3959 3101 4017 αἰῶνα
3128 3983 3220 4018 και
3273 3965 3350 4028 είς
3395 3966 3488 4022 τὸν
3543 3966 3716 4022 αἰῶνα

2052 4047 2412 4120 τοῦξίαῗῶνος.
2462 4047 2782 4106 Ἀπολεῖσθε
2833 4046 2958 4120 ἔθνη
3006 4050 3066 4106 ἐκ
3126 4059 3228 4122 τῆς
3302 4056 3406 4130 γῆς
3457 4054 3645 4112 αὐτοῦ.
3679 4082 3712 4111 ››

2054 4135 2204 4192 Ἐπεί
2249 4135 2592 4214 δημιουργὸς
2638 4139 2865 4203 κτίσεως
2914 4137 3126 4211 ἁπάσης
3172 4142 3200 4196 6
3250 4141 3469 4220 Κύριος.
3525 4168 3555 4197 ‹‹
3601 4147 3716 4203 Τοῦ

2054 4225 2256 4301 Κυρίου
2277 4229 2312 4297 ἡ
2345 4230 2420 4302 γῆ
2447 4225 2537 4282 καί
2568 4228 2630 4282 τὸ
2659 4226 2945 4302 πλήρωμα
2975 4228 3164 4299 αὐτῆς.
3193 4254 3222 4282 ›>
3252 4265 3323 4275 --
3351 4231 3530 4290 Ἀλλά
3557 4235 3650 4290 καὶ
3675 4238 3713 4306 ἡ

2055 4314 2216 4390 χώρα
2263 4319 2370 4370 τῶν
2415 4316 2742 4388 σωζομένων
2773 4319 2871 4371 τοῦ
2922 4317 3123 4394 Κυρίου
3170 4317 3328 4378 ἐστίν.
3381 4319 3556 4384 Αὐτὸς
3609 4326 3716 4401 γὰρ

2054 4402 2223 4473 αὐτὴν
2254 4403 2440 4466 αὐτὸῖς
2467 4404 2826 4478 ἡτοιμάσατο.
2878 4405 3033 4483 Λέγει
3083 4413 3368 4486 τοιγαροῦν
3415 4411 3444 4464 6
3493 4415 3716 4491 προφή-

2053 4513 2176 4562 της.
2231 4493 2366 4570 πρὸς
2420 4495 2548 4557 τοὺς
2611 4491 2830 4558 ἀδίκους
2885 4494 2976 4550 καὶ
3029 4497 3382 4571 πλεονέκτας,
3434 4499 3527 4562 οὖς
3583 4497 3713 4573 ἔθνη

2053 4580 2144 4636 καὶ
2201 4586 2287 4636 νῦν
2335 4583 2739 4659 κατωνόμασεν,
2792 4583 2874 4639 ὅτι
2928 4584 2957 4640 6
3005 4583 3204 4661 Κύριος
3239 4586 3492 4663 βασιλεύς
3550 4589 3714 4646 ἐστιν·

1973 4658 2022 4723 D
2054 4670 2121 4726 ού
2174 4671 2510 4748 πρόσκαιρος
2561 4658 2743 4751 ὥσπερ
2793 4674 2847 4727 οἱ
2901 4658 3147 4750 βασιλεῖς
3201 4658 3308 4732 τῶν
3367 4677 3556 4750 ἐθνῶν,
3588 4679 3719 4736 ἀλλ’

2054 4759 2135 4823 εἷς
2187 4761 2279 4816 τὸν
2333 4761 2520 4816 αἰῶναο
2570 4762 2662 4817 καὶ
2721 4761 2784 4818 οὐ
2835 4763 3001 4837 μόνον
3052 4763 3131 4828 είς
3205 4763 3363 4822 τόνδε
3400 4767 3493 4823 τὸν
3544 4767 3719 4826 αἰῶνα

2052 4855 2154 4918 τῆς
2201 4854 2309 4905 τῶν
2359 4850 2660 4928 ἀνθρώπων
2695 4850 2994 4928 ἐγκοσμίου
3057 4858 3224 4927 ζωῆς,
3284 4853 3432 4911 ἀλλὰ
3483 4857 3575 4912 καὶ
3637 4859 3716 4924 είς

2051 4940 2143 4994 τὸν
2201 4936 2478 5013 μέλλοντα
2548 4941 2638 4996 καὶ
2709 4941 3024 5016 ἀπέραντον·
3085 4941 3256 4998 αίῶνα
3328 4945 3433 5022 γὰρ
3511 4946 3720 5013 αἰῶνος

2051 5031 2243 5082 τοῦτον
2294 5025 2454 5082 καλεῖ
2498 5029 2616 5083 κατ’
2664 5027 2928 5083 ἐπίτασιν.
2979 5026 3148 5106 Εἵπερ
3219 5027 3310 5084 οῦν
3368 5036 3457 5086 νῦν
3514 5033 3577 5088 ού
3635 5036 3722 5090 τί-

2055 5137 2174 5172 σετε
2221 5114 2371 5180 δίκας
2414 5123 2516 5187 τῆς
2561 5114 2879 5195 τυραννίδος
2944 5116 3034 5172 καὶ
3099 5117 3552 5185 καταδυναστείας
3605 5129 3720 5181 τῶν

2053 5210 2338 5276 ταπεινῶν,
2393 5205 2568 5262 τίσετε
2624 5206 2840 5270 πάντως
2906 5205 3198 5279 εἶσέπειτα,
3245 5209 3335 5264 καὶ
3396 5209 3720 5286 ἀπολεῖσθε,

2054 5293 2100 5350 ὦ
2148 5294 2291 5366 ἔθνη,
2344 5297 2480 5351 κατά
2525 5296 2624 5365 τήν
2677 5295 2904 5370 ἀνομίαν
2952 5295 3012 5350 ἐκ
3052 5303 3153 5367 τῆς
3201 5302 3299 5352 τοῦ
3329 5300 3528 5377 Κυρίου
3587 5311 3722 5379 γῆς,

2056 5382 2153 5440 εἴτ’
2182 5383 2241 5440 ἐκ
2267 5384 2470 5456 ταύτης
2523 5385 2896 5462 ἀφανισθέντες
2957 5385 3111 5440 ὁπότ’
3141 5385 3242 5442 οὐκ
3298 5387 3411 5443 ἴστε
3447 5389 3536 5445 καὶ
3594 5391 3720 5448 λίαν

2059 5471 2339 5549 ὀδυνηρῶς
2388 5471 2483 5529 εἶτ’
2531 5473 2592 5529 ἐκ
2651 5481 2754 5543 τῆς
2829 5474 3092 5549 μακαρίας
3153 5475 3361 5547 ἐκείνης
3418 5477 3724 5558 ἀναμφιλέ-

2055 5584 2198 5626 κτως
2230 5564 2265 5632 ἢ
2297 5568 2412 5626 τοῖς
2443 5562 2775 5637 σωζομένοις
2835 5561 3317 5640 ἀποκεκλήρωται.
3377 5569 3723 5646 πεμφθέντες

2060 5653 2140 5717 είς
2171 5654 2407 5728 γέενναν.

2130 5767 2161 5797 ‹‹
2192 5744 2301 5815 Τὴν
2352 5740 2641 5819 ἐπιθυμίαν
2696 5748 2807 5802 τῶν
2865 5744 3112 5817 πενήτων
3145 5743 3490 5822 είσήκουσας,
3519 5748 3721 5828 Κύριε,
