4072 6474
325 453 486 516 13⁸13

1551 449 1966 516 EXPOBITIO
2006 451 2089 516 IN
2129 452 2518 518 PSALMOS.

3578 457 3740 521 1874

325 589 396 660 τῇ
454 583 741 660 ἑτοιμασίᾳ
791 587 892 655 τῆς
939 581 1162 662 καρδίας
1217 583 1391 641 αὐτῶν
1435 585 1709 662 προσέσχε
1767 584 1829 639 τὸ
1886 579 1979 647 οῦς
2005 587 2060 654 Α
2092 583 2211 660 ρίαν
2239 585 2276 655 ἢ
2310 586 2610 660 στάσιμον;
2658 587 2720 644 Τί
2760 591 2869 643 τῶν
2924 586 2978 644 έν
3056 592 3150 660 κιᾷ
3198 592 3464 659 ζηλωτῶν
3515 589 3608 644 καὶ
3645 609 3740 644 πε-

339 695 458 746 σου,
503 679 683 752 κρῖναι
731 675 950 752 ὀρφανῷ
1002 675 1094 730 καὶ
1140 676 1377 748 ταπεινῷ
1422 672 1512 730 ἵνα
1544 676 1620 748 μή
1653 675 1866 750 προσθῇ
1899 667 1976 728 ἔτι

325 769 424 820 τοῦ
479 762 849 841 μεγαλαυχεῖν
899 765 1181 840 ἅνθρωπος
1243 763 1330 820 ἐπὶ
1376 767 1476 834 τῆς
1526 766 1650 841 γῆς.
1711 787 1740 818 ι)
1799 794 1869 805 —-
1907 763 1976 817 Τὸ

329 853 647 926 εἰσήκουσας
695 853 811 909 ἀντί
866 857 964 908 τοῦ
1022 847 1194 928 ἔγνως
1219 872 1232 887 ·
1293 855 1354 909 τὸ
1414 858 1593 931 κρῖναι
1659 853 1978 931 ἀπαρέμφα-

326 964 444 1016 τον,
496 943 557 998 οὐ
601 943 1011 1021 προστακτικόν.
1064 944 1151 998 Ἐν
1202 941 1258 998 δὲ
1304 948 1382 1016 τῷ
1445 947 1659 1019 προσθῇ
1734 937 1811 998 ἔτι
1878 945 1977 996 τοῦ

328 1030 723 1108 μεγαλαυχεῖν,
771 1033 836 1089 τὸ
881 1036 980 1088 τοῦ
1027 1031 1286 1109 παρέλκει
1334 1032 1474 1088 κατὰ
1525 1033 1805 1103 συνήθειαν
1874 1033 1976 1101 τῆς

323 1120 658 1198 παλαιτέρας
724 1120 868 1184 θείας
933 1128 1176 1200 Γραφῆς.
1242 1121 1497 1177 Τοιοῦτόν
1560 1119 1700 1177 ἐστιν
1767 1121 1864 1177 καὶ
1912 1120 1977 1176 τὸ

322 1211 650 1286 προσέθεντο
709 1207 786 1268 ἔτι
847 1215 944 1268 τοῦ
1019 1211 1346 1288 ἁμαρτάνειν
1421 1210 1592 1286 αὐτῷ,
1677 1210 1769 1267 καὶ
1833 1209 1979 1267 ἄλλα

326 1298 533 1360 πολλά.
609 1302 680 1357 Τὸ
755 1299 814 1356 δὲ
889 1298 1254 1378 μεγαλαυχεῖν
1321 1302 1412 1356 καὶ
1475 1301 1800 1378 ἁμαρτάνειν
1857 1299 1975 1356 ἀντὶ

325 1396 428 1460 τῆς
489 1389 865 1468 μεγαλαυχίας
913 1391 1005 1446 καὶ
1050 1398 1150 1460 τῆς
1202 1390 1488 1468 ἁμαρτίας.
1566 1389 1801 1464 Δύναμιν
1869 1391 1975 1466 γὰρ

331 1477 612 1552 ὀνομάτων
666 1475 858 1555 ἔχουσι
903 1480 972 1534 τὰ
1034 1478 1393 1558 ἀπαρέμφατα
1460 1477 1700 1556 ῥήματα.
1774 1479 1846 1534 Τὸ
1920 1475 1979 1534 δὲ

326 1570 540 1643 προσθῇ
608 1570 672 1624 τὸ
729 1569 939 1631 ἐσαῦθις
997 1571 1200 1642 ποιήσῃ
1230 1587 1246 1604 ο
1321 1567 1412 1624 καὶ
1487 1569 1591 1645 γὰρ
1669 1569 1705 1639 ἡ
1773 1566 1976 1644 πατρὸς

325 1657 614 1735 πρόσθεσις
665 1657 897 1724 ἐνταῦθα
946 1662 1044 1714 τοῦ
1089 1656 1239 1722 αὖθίς
1285 1657 1424 1714 ἐστιν
1466 1657 1788 1737 έμφαντική·
1819 1657 1890 1714 Τὸ
1921 1654 1980 1714 δὲ

327 1745 404 1804 ἔνι
463 1752 541 1820 τῷ
589 1745 746 1812 αὖθις
788 1745 1194 1825 παράλληλον⁶
1249 1747 1664 1824 ὑστεροχρονίαν
1715 1747 1830 1803 ἐπεὶ
1887 1747 1976 1803 καὶ

326 1837 492 1916 ἂμφω
535 1834 720 1908 δηλοῖ.
773 1835 946 1893 Πάλιν
993 1835 1040 1892 δ’
1096 1839 1125 1895 ὁ
1155 1839 1445 1916 προφήτης
1495 1836 1547 1892 έν
1574 1836 1851 1911 τούτῳτῷ
1878 1837 1980 1893 κό-

2087 672 2496 748 ρισπουδάστων
2547 681 2666 740 τοῖς
2722 677 2880 733 τόσον
2950 675 3140 754 λόγοις
3206 677 3371 733 αὐτοῦ
3433 677 3736 753 τιθεμένοις

2091 761 2429 838 συνέκδημον
2457 783 2472 836 ;
2526 766 2726 823 Ἐνίοτε
2775 765 2832 822 δὲ
2876 771 3038 822 τοῦτο
3067 766 3132 822 τὸ
3158 767 3416 844 φθονερὸν
3458 769 3614 843 γένος
3643 766 3736 823 καὶ

2089 850 2392 928 λογισμοὺς
2439 853 2717 931 ἐπεισάγεῖ
2757 859 2826 930 τῇ
2875 859 3031 931 ψυχῇ
3076 862 3178 926 τῆς
3227 854 3487 920 ἀληθείας
3532 855 3733 928 ταύτην

2087 940 2562 1019 έξοστρακίζοντας
2620 941 2734 1020 εἷ’γε
2786 945 3052 1018 πείθοιτο,
3113 945 3203 1000 καὶ
3259 945 3396 1020 πρὸς
3473 939 3574 1022 ὅρη
3643 944 3735 1000 καὶ

2085 1028 2302 1094 ἀνοδίας
2402 1029 2862 1107 μεταϐιϐάζοντας
2955 1033 3106 1111 εἶ’περ
3178 1032 3386 1090 ἕποιτοο
3452 1039 3570 1089 Τῶν
3637 1035 3743 1112 γὰρ

2087 1121 2464 1198 σκαιοτρόπων
2509 1121 2720 1200 ἀνδρῶν
2763 1123 2828 1179 τὸ
2874 1121 3043 1180 πλέον
3095 1123 3338 1200 ἐχόντων
3375 1123 3428 1179 ἐν
3476 1129 3592 1187 τοῖς
3625 1123 3744 1201 ῥευ-

2085 1214 2235 1273 στοῖς
2289 1210 2363 1274 ὡς
2405 1209 2598 1268 ἐπίπαν
2641 1212 2740 1268 κᾶν
2780 1217 2860 1286 τῷ
2907 1210 3112 1270 ἀδικεῖν
3154 1214 3245 1269 καὶ
3275 1213 3620 1270 πλεονεκτεῖν
3647 1211 3738 1268 καὶ

2084 1296 2558 1357 καταδυναστεύειν
2619 1299 3019 1376 εὐοδουμένων,
3067 1302 3160 1360 καὶ
3208 1306 3330 1366 ταῖς
3378 1301 3538 1365 ὕλαις
3596 1300 3744 1357 εὐθυ-

2085 1387 2330 1462 νομένων
2396 1389 2608 1446 πάντων
2677 1389 2729 1464 ἐξ
2801 1391 2928 1468 ῥᾷον
2997 1391 3326 1469 χωρούντων
3391 1389 3578 1454 αὐτοῖς
3631 1393 3741 1446 τῶν

2084 1479 2221 1555 πρὸς
2261 1476 2432 1553 ὄρεξιν
2483 1481 2571 1536 τὸν
2620 1479 3025 1554 αὐτοματισμὸν
3076 1479 3310 1537 ἐντεῦθεν
3344 1480 3396 1535 οἳ
3445 1481 3737 1536 ἀπνστάται

2084 1566 2173 1623 καὶ
2221 1569 2284 1624 τὸ
2332 1569 2664 1642 ἀπρονόητον
2716 1569 3105 1645 ὑποσπείρουσι
3181 1574 3260 1642 τῷ
3305 1567 3736 1646 καταδεχομένῳ

2081 1657 2211 1720 τούς
2271 1655 2476 1732 λήρους
2531 1658 2729 1732 αὐτῶν,
2778 1659 2868 1714 καὶ
2928 1659 3066 1736 πρὸς
3115 1659 3508 1736 ἀποκρήμνους
3575 1657 3734 1714 αὐτὸν

2086 1746 2344 1810 ἀπονοίας
2389 1753 2712 1814 συνωθοῦσιν
2759 1750 2810 1804 οἱ
2858 1749 3136 1826 ἀλιτήριοι
3183 1747 3372 1826 πόρῥω
3430 1755 3534 1818 τῆς
3584 1746 3735 1812 λείας

2085 1835 2401 1910 ἀποπλανᾷν
2435 1836 2525 1892 καί
2551 1843 2671 1901 τοῖς
2702 1834 2940 1895 εὐσεϐέσι
2973 1838 3210 1916 βασίμου
3239 1837 3594 1913 πειρώμενοι.
3633 1836 3734 1893 Τόν

328 1948 455 2000 σμῳ
506 1930 659 1998 ζητεῖ
705 1926 948 2001 γενέσθαι
999 1932 1100 1997 τῆς
1147 1926 1413 2003 πονηρίας
1443 1925 1765 1999 ἀναστολήν.
1799 1929 1974 1984 Τοῦτο
2007 1966 2056 2033 Β
2085 1946 2150 2002 γε
2211 1926 2318 2000 μὴν
2376 1925 2463 1982 ἐπὶ
2519 1931 2599 2000 τῷ
2653 1927 2836 2004 Κορίῳ
2893 1927 3211 1997 πεποιθότα,
3269 1927 3360 1983 καὶ
3408 1930 3527 1989 τοῖς
3570 1925 3739 1983 αὐτοῦ

326 2016 432 2093 γὰρ
475 2015 565 2071 καὶ
613 2018 732 2080 τοῖς
782 2015 885 2072 ὑπὸ
939 2019 1048 2072 τῶν
1092 2019 1349 2092 πονηρῶν
1387 2016 1750 2090 κακουμένοις
1779 2013 1977 2073 ἀποδε-

322 2107 470 2178 κτὸν,
515 2105 592 2168 ὡς
639 2105 814 2161 ἄνεσιν
866 2104 1048 2168 αὐτοῖς
1087 2104 1372 2179 ἐμποιοῦν.
1423 2105 1650 2180 Ἀμέλει
1693 2106 1976 2170 τοιούτους

325 2192 530 2271 λόγους
579 2200 814 2252 ποιεῖται
857 2195 995 2272 πρὸς
1038 2194 1132 2251 τὸν
1185 2193 1338 2253 Θεόν.
1381 2195 1744 2268 Εἷσήκουσας,
1779 2191 1974 2272 ἔγνων,

323 2281 369 2339 ὦ
427 2283 613 2360 Κύριε,
663 2283 747 2346 τίς
791 2285 827 2354 ἡ
874 2287 982 2339 τῶν
1045 2286 1294 2354 πενήτων
1353 2283 1615 2357 ἐπιθυμία
1681 2293 1975 2362 μονονουχὶ

324 2373 544 2450 βοώσης
591 2372 796 2444 ταύτης
838 2373 974 2450 πρὸς
1016 2374 1076 2428 σὲ
1119 2371 1213 2429 τόν
1266 2372 1424 2428 πάντ’
1475 2371 1831 2446 ἐπακούοντα.
1865 2373 1975 2429 Πά-

320 2461 408 2518 λιν
455 2462 515 2518 έκ
566 2460 954 2539 παραλλήλου.
999 2463 1106 2532 Τὴν
1135 2462 1386 2540 πρόθεσιν
1411 2465 1510 2532 τῆς
1543 2462 1718 2518 αὐτῶν
1749 2460 1974 2541 καρδίας

320 2557 577 2622 συνῆκας.
628 2553 832 2627 Ὠσπερ
882 2550 929 2606 εί
984 2550 1346 2629 προσέχουσιν
1415 2550 1545 2607 ὠσὶν
1591 2548 1791 2622 ἤκουες
1838 2573 1970 2629 κρα-

325 2639 522 2711 ζούσης
582 2639 771 2713 αὐτῆς,
829 2641 997 2717 ἤγουν
1055 2640 1155 2696 οὐκ
1210 2640 1423 2716 ἀγνοεῖς
1509 2641 1587 2702 εἰς
1660 2640 1714 2697 τί
1787 2639 1971 2720 έφετόν

324 2728 464 2786 ἐστιν
529 2732 565 2800 ἡ
611 2727 807 2805 καρδία
860 2729 1035 2785 αὐτῶν
1102 2725 1485 2803 ἡτοιμασμένη
1563 2728 1653 2786 καὶ
1724 2728 1971 2806 έμπαρά-

316 2839 528 2882 σκευος.
585 2819 682 2882 Τίς
733 2817 824 2874 οὖν
871 2821 906 2888 ἡ
955 2817 1212 2892 ἐπιθυμία
1251 2822 1360 2873 τῶν
1411 2820 1700 2890 πενήτων;
1750 2816 1840 2874 καὶ
1888 2818 1971 2883 τίς

319 2911 357 2980 ἡ
415 2908 701 2983 έτοιμασία
753 2915 855 2978 τῆς
911 2905 1134 2985 καρδίας
1190 2906 1412 2978 αὐτῶν;
1464 2907 1534 2962 Τὸ
1582 2906 1758 2982 κρῖναί
1808 2911 1972 2980 σετῷ

323 2996 540 3077 ὀρφανῷ
586 2996 676 3053 καὶ
722 2998 803 3070 τῷ
848 3001 1108 3070 ταπεινῷ,
1154 2995 1397 3052 τουτέστι
1454 2997 1555 3066 τὴν
1622 2994 1683 3051 ἐκ
1736 2995 1970 3072 κρίσεως

321 3085 598 3157 έκδίκησιν
653 3084 818 3142 αὐτοῦ
867 3089 1191 3162 παρασχεῖν,
1233 3084 1322 3140 καὶ
1389 3088 1497 3140 τῶν
1556 3081 1972 3140 καναδυναστευ-

319 3175 524 3232 σόντων
579 3175 680 3244 τὴν
741 3173 1114 3251 μεγαλαυχίαν
1162 3168 1512 3248 καταϐαλεῖν,
1601 3170 1696 3230 ’ίνα
1775 3174 1972 3248 μηκέτι

319 3263 406 3319 ἐπὶ
469 3271 572 3333 τῆς
619 3269 727 3340 γῆς
778 3265 991 3339 προσθῇ
1062 3262 1345 3340 ἃνθρωπος
1417 3268 1823 3340 μεγαλαυγεῖν.
1885 3261 1974 3319 ’ίνα

321 3353 399 3426 μή
448 3350 600 3418 αὖθις
635 3335 854 3427 ,ποιήσῇ
907 3349 985 3407 ἔτι
1033 3335 1426 3430 μεγαλαυχίαν
1456 3335 1742 3430 ἅνθρωπός
1787 3373 1872 3416 τις
1917 3353 1969 3408 έν
1999 3335 2042 3403 C

317 3440 532 3516 κόσμῳ,
583 3439 712 3498 ἀλλ’
761 3441 1031 3512 ἀπόθηται
1080 3441 1186 3504 πᾶς
1235 3442 1299 3496 τὸ
1363 3441 1732 3520 μεγάλαυχον,
1792 3440 1968 3520 φέρων

315 3529 473 3604 έννῴ
523 3531 629 3602 τὴν
671 3529 1014 3608 ἀνθρωπίνην
1063 3530 1334 3595 ἀσθένειαν
1380 3531 1471 3586 καὶ
1526 3531 1626 3602 τήν
1685 3530 1833 3609 παρὰ
1873 3535 1970 3586 σοῦ

312 3620 530 3696 τρέμων
577 3617 875 3691 ἐκδίκησιν,
918 3624 1017 3676 τοῦ
1064 3619 1270 3698 Κυφίου
1315 3625 1418 3690 τῆς
1459 3617 1644 3692 δόξης,
1670 3625 1766 3675 τοῦ
1801 3620 1969 3694 μόνου

313 3713 594 3786 κραταιοῦ,
640 3710 687 3783 ᾦ
733 3713 769 3780 ἡ
816 3706 943 3781 δόξα
984 3709 1074 3766 καὶ
1130 3709 1194 3766 τὸ
1238 3707 1433 3787 κράτος
1484 3708 1563 3772 εἷς
1607 3707 1737 3766 τοὺν
1769 3711 1970 3774 αἰῶνας

312 3803 424 3856 τῶν
456 3799 692 3857 αἰώνων.
719 3799 778 3855 Ἀ
790 3800 922 3876 μήν.

939 3911 1239 3962 ΨΑΛΜΟΣ
1279 3907 1338 3964 1’.

383 4013 454 4069 Τὸ
503 4011 784 4088 δαιμόνιον
831 4011 1002 4091 φῦλον
1053 4013 1141 4069 οἷα
1191 4012 1455 4088 βάσκανον
1502 4012 1593 4069 καὶ
1662 4011 1966 4091 μισάνθρω-

312 4123 412 4157 πον
465 4101 526 4158 οῦ
569 4123 708 4159 ποτε
753 4101 980 4158 παύεται
1031 4099 1392 4176 δολιούμενον
1438 4103 1530 4158 καὶ
1563 4103 1963 4180 μηχανώμενον

310 4193 430 4256 καθ’
458 4195 644 4266 ἡμῶν,
676 4189 913 4266 ἔμμεσον
946 4190 1154 4268 εἰσάγον
1189 4190 1453 4264 σπουδὴν,
1480 4189 1551 4247 ’ίν⁹
1601 4194 1750 4266 ἡμᾶς
1782 4194 1963 4249 ὁπωσ-

309 4285 403 4337 οῦν
450 4281 719 4356 ἀποπέσῃ
763 4287 865 4352 τῆς
919 4277 1244 4351 δεσποτικῆς
1321 4280 1597 4355 εὐμενείας
1653 4281 1745 4336 καὶ
1801 4283 1962 4358 χάρι-

305 4392 422 4435 τος.
483 4371 555 4427 Οὐ
613 4371 762 4451 φέρει
819 4371 920 4447 γὰρ
987 4370 1059 4425 ὧν
1115 4369 1286 4425 έκεῖνο
1339 4369 1666 4447 τεταγμένον
1720 4369 1771 4426 έν
1802 4370 1960 4448 ἀγγέ-

308 4459 430 4523 λοις
479 4465 634 4532 Θεοῦ,
687 4458 756 4516 δι’
808 4458 1064 4515 ἀπόνοιαν
1113 4458 1480 4533 ἀπελήλαται,
1509 4457 1724 4522 τούτοις
1757 4458 1962 4535 ἀνθρώ-

304 4570 442 4612 πους
508 4549 1005 4624 ένσεμνυνομένους
1071 4549 1219 4623 ὁρᾷν,
1290 4547 1363 4603 Οὐ
1450 4549 1514 4604 τὸ
1599 4549 1799 4625 χοϊκήν
1881 4549 1960 4613 είς

306 4637 563 4715 οὐρανοὺς
610 4638 794 4694 οὐσίαν
845 4637 1160 4714 ἀνάγεσθαι,
1204 4636 1294 4693 καὶ
1352 4644 1453 4707 τῆς
1527 4637 1675 4702 θείας
1742 4637 1958 4694 οἰκειώ-

2084 2017 2501 2093 πεπαγιωμένον
2563 2013 2913 2092 διδάγμασιν,
2964 2014 3027 2074 οῦ
3074 2017 3196 2073 ποτ’
3243 2013 3304 2073 ἄν
3339 2013 3615 2091 ἱσχύσαιεν
3647 2013 3738 2072 έπί

2085 2105 2151 2160 τὰ
2203 2111 2304 2175 τῆς
2349 2104 2630 2169 ἀπωλείας
2683 2105 2786 2180 ὅρη
2859 2107 3190 2178 ποιήσασθαι
3259 2103 3592 2180 μετανάστην
3660 2104 3738 2168 ὡς

2086 2192 2368 2270 στρουθίον
2409 2196 2777 2272 κατεπτηχὸς,
2824 2195 2916 2251 καὶ
2947 2193 3137 2252 ἄλλοτ’
3167 2193 3448 2271 ἀλλαχόσε
3475 2195 3736 2268 πριιπτά-

2090 2304 2273 2358 μενον.
2333 2283 2466 2360 Περὶ
2518 2283 2723 2341 τούτων
2772 2285 2800 2341 ὁ
2852 2282 3073 2348 δέκατος
3125 2282 3425 2360 διαγορεύει
3490 2281 3735 2358 ψαλμὸς,

2083 2371 2368 2444 προσώπῳ
2456 2370 2860 2446 συντεθειμένος
2933 2373 3132 2436 παντὸς
3209 2367 3462 2435 εὐσεϐοῦς
3529 2371 3737 2449 ὀχυροῦ

2081 2459 2182 2527 τὴν
2213 2455 2452 2515 δίάνοιαν
2485 2460 2575 2516 καὶ
2606 2459 2767 2524 αὐτὸς
2796 2461 3242 2537 άποκρουομένου
3268 2461 3366 2525 τὰς
3405 2466 3508 2532 τῆς
3555 2459 3735 2517 ἀθεΐας

2083 2547 2305 2625 πρώτας
2330 2545 2527 2625 ἀρχάς.

2157 2677 2186 2707 ‹‹
2219 2655 2342 2710 Ἐπὶ
2368 2655 2449 2729 τῷ
2481 2655 2664 2733 Κυρίῳ
2692 2655 2925 2712 πέποιθα
2951 2660 3070 2720 πῶς
3101 2656 3272 2735 ἐρεῖτε
3317 2660 3384 2732 τῇ
3414 2659 3568 2734 ψυχῇ
3603 2676 3731 2731 μου·

2083 2743 2491 2804 Μεταναστεύου
2543 2743 2632 2800 ἐπὶ
2676 2744 2746 2801 τὰ
2782 2741 2884 2818 ὅρη
2917 2747 2992 2810 ὧς
3025 2746 3333 2823 στρουθίον.
3365 2770 3395 2799 ››
3429 2747 3572 2823 Πρὸς
3601 2745 3734 2810 τοὺς

2082 2829 2344 2907 δαίμονας
2401 2834 2430 2890 ὁ
2489 2833 2658 2910 λόγος
2713 2836 2814 2904 τήν
2869 2834 2958 2892 έπῖ
3014 2839 3084 2910 τῇ
3129 2835 3356 2913 προνοίᾳ
3417 2833 3732 2892 δυσπιστίαν

2079 2916 2551 2997 προσϐάλλοντας,
2605 2946 2634 2977 ι(
2680 2925 2893 3000 ’Έγνων
2942 2924 2995 2980 τί
3053 2924 3407 3002 βούλεσθετῇ
3440 2925 3597 3000 ψυχῇ
3628 2945 3735 2998 μου

2080 3010 2271 3070 εἰπεῖν.
2329 3034 2359 3064 ››
2407 3012 2568 3069 Ἀλλ’
2614 3012 3002 3090 ἐρηρεισμένος
3051 3013 3138 3070 ἐπὶ
3181 3017 3250 3088 τῇ
3279 3018 3377 3069 τοῦ
3404 3014 3606 3090 Κυρίου
3636 3034 3733 3070 πε-

2077 3103 2352 3175 ποιθήσει,
2412 3103 2651 3180 καθάπερ
2701 3103 2790 3159 ἐπὶ
2839 3103 3081 3177 θεμελίῳ
3124 3105 3216 3160 καὶ
3285 3102 3405 3161 λίαν
3476 3102 3729 3180 ἀρῥαγεῖ,

2077 3191 2142 3247 τὸ
2185 3189 2561 3267 ῥηθησόμενον
2611 3191 2700 3247 καὶ
2754 3193 2924 3266 μήπω
2974 3187 3144 3249 λαϐὸν
3193 3191 3361 3269 πέρας
3389 3197 3726 3268 προαναιρῶ·

2082 3275 2171 3336 διὰ
2223 3284 2385 3336 τοῦτο
2435 3279 2536 3336 οὐκ
2581 3281 2699 3336 εἶπε
2745 3285 2864 3344 πῶς
2910 3280 3114 3358 λέγετε,
3165 3281 3314 3338 ἀλλά
3365 3285 3486 3345 πῶς
3535 3281 3727 3358 ἐρεῖτε·

2082 3373 2208 3432 Πῶς
2258 3370 2318 3424 ἄν
2367 3365 2557 3440 εἷίττητε
2595 3373 2666 3444 τῇ
2703 3371 2858 3446 ψυχῇ
2911 3391 3038 3445 μου,
3080 3369 3484 3428 Μεταναστεύου
3512 3370 3602 3427 καὶ
3636 3391 3731 3446 με·

2077 3452 2298 3514 τάϐαινε
2353 3457 2461 3515 ἀπὸ
2515 3465 2616 3529 τῆς
2676 3458 2752 3521 είς
2825 3459 2952 3516 Θεὸν
3032 3459 3256 3538 στερρᾶς
3330 3459 3564 3522 πίστεως
3639 3461 3730 3516 καὶ

2081 3545 2374 3619 ἀσφαλοῦς,
2434 3546 2521 3603 ἐπὶ
2568 3549 2636 3602 τὰ
2683 3546 2874 3624 πόῤῥω
2912 3555 3017 3620 τῆς
3067 3549 3210 3614 θείας
3261 3547 3564 3620 ἐπισκοπῆς
3601 3551 3734 3621 νοή-

2082 3635 2224 3710 ματά
2251 3657 2309 3691 τε
2337 3635 2427 3692 καὶ
2461 3633 2728 3714 δόγματα,
2775 3637 2867 3694 καὶ
2913 3635 3002 3694 διὰ
3027 3645 3129 3709 τῆς
3160 3634 3480 3718 ἀμφιϐόλου
3507 3639 3734 3716 γνώμης

2078 3725 2289 3780 ἀστατῶ
2328 3725 2419 3780 καὶ
2457 3724 2778 3802 περιπλανῶ
2819 3727 3108 3804 στρουθίου
3157 3726 3314 3799 δίκην
3361 3726 3580 3804 οἷ’κτροῦ
3636 3725 3730 3783 καὶ

2076 3811 2403 3892 ψοφοδεοῦς.
2453 3814 2564 3871 Οὐκ
2605 3813 2745 3872 ἐάσω
2785 3816 2879 3872 τὸν
2929 3815 3195 3891 ἡμέτερον
3245 3814 3414 3887 ὶόγον
3461 3814 3576 3872 οὐδ’
3634 3815 3722 3872 έκ-

2077 3904 2362 3981 φανθῆναι,
2389 3902 2609 3960 πολλοῦ
2640 3924 2704 3980 γε
2731 3903 2820 3959 καὶ
2852 3901 2935 3959 δεῖ
2961 3903 3386 3984 προσληφθῇναί
3417 3925 3533 3980 μοι.

2152 4032 2181 4062 ‹‹
2226 4012 2345 4066 Ὅτι
2396 4007 2515 4066 ἰδοὺ
2565 4009 2616 4066 οἱ
2665 4009 2992 4087 ἁμαρτωλοὶ
3042 4010 3299 4068 ἐνέτειναν
3342 4006 3522 4084 τόξον,
3573 4010 3727 4082 ἡτοί-

2079 4119 2249 4173 μασαν
2321 4098 2458 4176 βέλη
2527 4098 2603 4162 είς
2669 4101 2959 4178 φαρέτραν,
3039 4105 3138 4158 τοῦ
3216 4103 3598 4175 κατατοξεῦσαι
3678 4101 3732 4158 έν

2074 4191 2394 4264 σκοτομήνῇ
2420 4185 2547 4251 τοὺς
2568 4187 2740 4252 εὐθεῖς
2753 4193 2822 4264 τῇ
2837 4187 3053 4266 καρδίᾳ.
3089 4213 3119 4243 ››
3149 4222 3220 4234 --
3237 4191 3308 4246 Τὸ
3339 4189 3424 4246 δτι
3453 4188 3616 4268 διηγη
3627 4213 3728 4264 μα-

2070 4277 2243 4335 τικόν.
2297 4279 2829 4352 Ἀποσκευασάμενος
2889 4275 2946 4334 δὲ
3002 4277 3131 4342 τοὺς
3183 4278 3243 4335 ἐκ
3290 4276 3565 4353 δαιμόνων
3626 4279 3722 4336 λο-

2069 4366 2324 4445 γισμοὺς,
2373 4370 2454 4440 τῷ
2505 4363 2636 4439 μηδ’
2692 4367 2769 4429 εἷς
2798 4365 2958 4430 τέλος
2984 4363 3258 4444 προϐῆναι
3287 4369 3513 4431 τούτους
3545 4367 3717 4443 ἐᾶσαι,

2071 4455 2217 4534 λέγει
2267 4456 2404 4532 πρὸς
2446 4455 2539 4511 τὸν
2581 4455 2730 4525 Θεὸν,
2785 4455 2868 4512 ὅτι
2927 4458 2974 4512 εί
3027 4456 3350 4535 ἁμαρτωλοὶ
3392 4457 3723 4534 παρεσκευά-

2069 4547 2270 4615 σθησαν
2323 4543 2578 4619 δαίμονες
2628 4544 2680 4600 ἐν
2724 4550 2947 4622 κρυπτῷ
3001 4546 3092 4602 καὶ
3159 4545 3433 4624 λαθραίως
3468 4589 3481 4603 .
3557 4551 3720 4603 τοῦτο

2067 4635 2173 4711 γὰρ
2194 4635 2258 4690 τὸ
2285 4633 2337 4690 ἐν
2369 4636 2684 4710 σκοτομήνῃ
2712 4633 2841 4698 τοὺς
2890 4634 3232 4707 ἀπονοήτους
3279 4639 3350 4711 τῇ
3402 4639 3556 4713 ψυχῇ
3607 4635 3722 4692 ὸια-

306 4712 441 4790 σεως
492 4726 581 4782 καὶ
635 4725 914 4802 βασιλείας
964 4712 1063 4782 καὶ
1133 4724 1296 4800 δόξης
1362 4725 1723 4782 έπαπολαύειν
1793 4726 1957 4782 αὐτοῦ
1989 4712 2035 4776 D
2068 4726 2395 4801 χρήσασθαι,
2487 4728 2568 4797 τῷ
2634 4722 2913 4801 πόρῥωθεν
2977 4724 3252 4800 ἐκπέμψαι
3320 4727 3459 4803 πρὸς
3511 4712 3721 4788 αὐτοὺς

303 4815 564 4879 πεσόντος
611 4817 689 4880 εἷς
742 4815 882 4892 μέγα
934 4817 1071 4892 χάος
1122 4815 1389 4892 αἰσχύνης
1439 4815 1530 4871 καὶ
1577 4814 1799 4890 ἀτιμίας
1864 4816 1952 4872 καὶ

315 4904 548 4985 ζόφωσιν
610 4905 662 4977 ἐξ
711 4905 879 4980 ὕψους
941 4903 1204 4961 τοσούτου
1268 4903 1573 4981 παρρησίας
1641 4904 1732 4960 καὶ
1783 4912 1953 4978 τιμῆς

300 4995 391 5050 καὶ
441 4993 833 5070 λαμπρότητος
882 4993 1101 5050 ἀνεκτὸν
1146 4996 1382 5069 ἡγεῖται.
1427 4990 1580 5048 Πολὺ
1613 4990 1660 5048 δ’
1688 4991 1741 5049 ἐν
1769 4992 1951 5068 τούτῳ

304 5081 518 5161 μᾶλλον
570 5080 824 5140 ὀδυνᾶται
888 5084 979 5138 καὶ
1046 5080 1395 5161 διαῤῥγνυται
1424 5101 1439 5115 ο
1506 5079 1596 5138 διὰ
1661 5080 1799 5154 δῆτα
1859 5083 1950 5139 καὶ

299 5173 622 5250 ἀγωνίζεται
673 5172 764 5228 καὶ
811 5175 1084 5236 παντοίως
1125 5171 1462 5248 τεχνάζεται,
1508 5171 1577 5227 τὰ
1621 5169 1810 5228 πολλὰ
1852 5173 1948 5246 μὲν

301 5263 556 5335 ἀνοήτοις
601 5261 692 5318 καὶ
738 5261 968 5338 ἀλόγοις
1015 5261 1314 5333 ἐξισοῦσθαι
1362 5263 1610 5332 κτήνεσιν
1663 5259 1701 5331 ἤ
1732 5261 1947 5338 θηρίοις

291 5351 423 5416 τοὺς
463 5350 687 5429 νοεροὺς
739 5350 895 5429 φύσει
941 5350 1030 5405 καὶ
1064 5349 1345 5425 λογικοὺς,
1376 5350 1456 5422 τῷ
1485 5350 1776 5426 κεχηνέναι
1808 5350 1948 5426 πρὸς

298 5443 522 5518 χόρτον,
555 5443 590 5511 ἣ
629 5440 720 5496 καὶ
775 5435 1032 5516 βορϐόρῳ
1081 5437 1530 5516 έγκαλινδεῖσθσι.
1574 5443 1806 5495 Τοιαῦτα
1840 5441 1945 5517 γὰρ

297 5534 366 5588 τὰ
417 5531 468 5587 ἐν
519 5530 715 5604 κόσμῳ
759 5528 962 5605 τερπνά
1013 5548 1073 5582 τε
1128 5528 1218 5583 καὶ
1286 5525 1680 5583 ἀπολαυστικά*
1755 5533 1841 5600 Τῷ
1895 5531 1945 5585 τ’

293 5619 658 5698 ἀγριαίνεσθαι
697 5617 787 5673 καὶ
837 5619 1183 5692 θυμομαχεῖν
1231 5616 1284 5680 ἐς
1335 5614 1486 5672 οὐδὲν
1521 5615 1663 5687 δέον,
1696 5617 1746 5680 ές
1777 5617 1946 5690 ἀνόη-

289 5710 382 5766 τόν
429 5731 490 5764 τε
533 5709 625 5765 καὶ
674 5709 901 5781 μάταιον
931 5725 944 5738 ·
997 5704 1049 5760 τί
1087 5707 1191 5782 γάρ
1238 5709 1346 5762 τῶν
1397 5703 1468 5761 δι’
1524 5708 1657 5783 ἅπερ
1691 5705 1940 5782 ἐρίζομεν

289 5795 571 5878 ἄνθρωποι
617 5797 709 5854 καὶ
757 5793 1223 5874 ἀποθηρίούμεθα,
1273 5793 1556 5862 λυσιτελὲς
1611 5794 1690 5863 εἷς
1756 5817 1938 5873 σωτη-

2067 4811 2220 4884 δίκην
2258 4813 2431 4889 βελῶν
2469 4810 2693 4888 ὀλέθρια
2741 4810 3005 4891 δόγματα,
3035 4815 3354 4870 τιτύσκοντα
3382 4815 3520 4892 πρὸς
3553 4813 3716 4870 θάνα-

2061 4923 2153 4958 τον
2186 4904 2278 4964 τὰς
2309 4901 2443 4957 αὐτὰ
2469 4899 2918 4980 παραδεχομένας
2949 4903 3154 4978 ψυχάς.
3205 4907 3322 4961 ’Ότι
3355 4902 3389 4959 ἅ
3417 4905 3480 4959 σὺ
3510 4924 3715 4978 κατηρ-

2059 4991 2194 5048 τίσω
2223 4991 2379 5048 αὐτοὶ
2430 4991 2682 5048 καθεῖλον
2709 5033 2722 5047 .
2773 4989 2912 5048 διότι
2941 4993 3006 5049 τὸ
3036 4993 3170 5048 εἶναι
3199 4993 3455 5070 πρόννιαν
3483 4993 3575 5049 καὶ
3596 4998 3714 5056 τοῖς

2062 5078 2290 5144 δικαίοις
2337 5077 2566 5152 ἔπαθλα,
2622 5081 2712 5136 καὶ
2756 5081 2826 5136 τὰ
2859 5081 3000 5158 πρὸς
3041 5082 3190 5153 ἀξίαν
3229 5088 3351 5146 τοῖς
3380 5087 3648 5158 πονηροῖς
3679 5082 3715 5138 ἅ

2059 5171 2125 5226 σὺ
2181 5169 2512 5244 κατηρτίσω,
2563 5168 2836 5226 τουτέστιν
2885 5171 3187 5248 ἀπήρτισας
3228 5171 3319 5228 καὶ
3369 5172 3602 5250 εἷ’ργάσω
3629 5173 3716 5228 τέ-

2060 5259 2159 5317 λεα
2199 5261 2287 5315 καὶ
2340 5254 2532 5335 βέϐαια
2577 5256 2665 5315 διά
2710 5280 2772 5317 τε
2802 5259 2974 5334 νόμου
3003 5260 3093 5316 καὶ
3123 5264 3425 5341 προφητῶν
3457 5261 3548 5316 καὶ
3578 5261 3711 5318 ὑπο-

2059 5347 2361 5426 δειγμάτων
2415 5347 2648 5425 ἐναργῶν
2720 5347 2810 5404 καὶ
2871 5347 3122 5418 πολλῶν,
3192 5349 3347 5407 αὐτοὶ
3404 5346 3705 5408 κατέϐαλον

2055 5439 2144 5496 καὶ
2210 5439 2568 5514 κατέστρεψαν
2637 5435 2761 5493 ὅσον
2827 5440 2890 5494 τὸ
2940 5437 3024 5494 ἐπ’
3070 5439 3274 5514 αὐτοῖς,
3321 5440 3418 5504 τὰς
3466 5440 3704 5504 ἐναντίας

2057 5527 2363 5602 ὑπολήψεις
2410 5525 2914 5603 παρεπεισάγοντες.
2965 5529 3022 5583 Ὁ
3073 5526 3131 5584 δὲ
3184 5527 3390 5593 δίκαιος
3427 5529 3482 5586 τί
3512 5531 3700 5604 ἐποίη-

2054 5640 2180 5688 σεν;
2230 5617 2294 5672 Οἱ
2347 5615 2440 5690 μὲν
2492 5614 2814 5690 ἁμαρτωλοὶ
2865 5614 3118 5691 δαίμονεν
3168 5618 3343 5683 οὕτως
3391 5619 3649 5691 ἐποίησαν
3685 5640 3698 5654 ⁸

2053 5709 2082 5764 ὁ
2114 5705 2173 5764 δὲ
2202 5704 2410 5769 δίκαιος
2460 5704 2737 5780 ἅνθρωπος
2779 5706 2808 5761 ὁ
2855 5706 2981 5770 τοὺς
3032 5704 3382 5772 δεσποτικους
3413 5709 3700 5789 φυλάττων

2048 5795 2284 5874 θεσμοὺς
2337 5793 2429 5852 καὶ
2485 5797 2602 5861 τοῖς
2651 5791 2849 5862 ὅπλοις
2905 5798 3414 5879 περιπιφραγμένος
3468 5805 3572 5870 τῆς
3620 5799 3703 5857 ιύσ
