4072 6444
260 408 424 469 1377
1481 400 1900 465 EXPOSITIO
1942 399 2021 461 IN
2063 399 2457 464 PSALMOS.
3515 407 3676 470 i378

260 538 313 594 ἐν
375 537 708 614 ἀνθρώποις·
757 538 794 606 ἡ
838 536 1025 613 γενικὴ
1087 535 1191 612 γὰρ
1259 531 1607 590 ἀντιδοτικῶν
1667 533 1907 603 ἐνταῦθα,
1939 529 2088 608 Ατὸ
2149 528 2280 608 δόρυ
2333 533 2432 586 τοῦ
2490 528 2764 606 σωτηρίου
2819 531 3202 598 κατακοντίσας
3264 537 3356 592 τὸν
3409 536 3667 616 τύραννον

259 627 385 704 περί
414 627 482 681 τὰ
508 626 691 703 καίρια
724 626 818 700 μὲν
871 622 1179 700 ἐψεύδοντο,
1211 624 1262 680 ἐν
1315 621 1374 680 δέ
1424 629 1542 687 τοῖς
1600 621 1911 700 ἐλαχίστοις
2023 617 2220 676 ἔσωσεν
2277 622 2449 693 ἡμᾶς,
2481 621 2570 675 καὶ
2629 621 2770 676 σώαν
2824 622 2924 691 τήν
2970 621 3272 702 ἐλευθερίαν
3303 632 3406 697 τῆς
3448 627 3666 701 πλάνης

261 716 575 792 πράγμασιν
607 715 910 788 ἠλήθευον,
2020 708 2333 787 ἐχαρίσατο,
2376 709 2466 764 καὶ
2525 709 2873 775 ἀσθενοῦντας
2929 711 3056 790 πρὶν
3117 710 3320 791 ἔρρωσε
3373 720 3509 772 κατά
3563 723 3671 776 τῶν

336 829 365 858 ‹‹
397 805 612 861 Μάταια
685 802 952 876 ἐλάλησεν
1029 803 1252 868 ἕκαστος
1309 804 1448 881 πρὸς
1516 803 1607 859 τὸν
1675 800 1913 873 πλησίον

263 894 447 951 αὐτοῦ.
498 915 526 949 ι
581 927 652 939 -
697 897 854 950 Τοῦτ’
910 891 1050 950 ἔστιν
1113 893 1388 964 ἀπατηλὰ·
1444 892 1506 948 οὐ
1586 891 1746 968 μόνον
1806 891 1911 967 γάρ

263 985 488 1055 ἠπάτων
517 983 647 1047 τοὺς
680 981 1029 1060 ἀλλοτρίους,
1061 981 1208 1040 ἀλλά
1233 983 1324 1039 καὶ
1367 981 1496 1046 τοὺς
1525 979 1779 1052 Ϊοίκείους
1818 979 1914 1036 αύ-

261 1079 406 1136 τοῖς·
438 1071 672 1144 πλησίον
702 1074 808 1150 γὰρ
837 1071 998 1129 καλεῖ
1039 1072 1167 1136 τοὺς
1216 1071 1420 1150 ἔγγιον,
1452 1070 1514 1128 οὐ
1564 1070 1740 1145 τόπῳ,
1789 1067 1917 1125 ἀλλ’

267 1161 588 1234 οἰκειότητι.

341 1275 371 1305 ‹‹
403 1249 740 1320 Χείληδόλια
766 1253 856 1308 καί
888 1253 940 1308 έν
971 1249 1166 1330 καρδίᾳ
1194 1252 1285 1308 καὶ
1333 1251 1385 1308 ἐν
1436 1249 1631 1330 καρδίᾳ
1679 1247 1919 1321 ἐλάλησε

267 1342 423 1397 κακά.
460 1365 490 1394 ››
519 1375 590 1385 -
618 1341 790 1414 Χείλη
828 1340 990 1399 δόλια
1018 1340 1162 1420 λέγει
1186 1343 1278 1398 τὸν
1321 1339 1528 1412 δόλιον,
1561 1343 1636 1405 ὡς
1665 1341 1770 1397 ἀπὸ
1823 1337 1920 1414 μέ-

270 1451 396 1506 ρους
425 1431 489 1487 τὸ
518 1436 644 1487 πᾶν·
669 1432 727 1487 Ὀ
759 1428 966 1502 δόλιος,
995 1431 1179 1511 φησὶν,
1211 1431 1264 1487 ἐν
1299 1429 1499 1506 διπλόῃ
1526 1427 1748 1508 καρδίας
1776 1429 1919 1506 γνώ-

273 1540 379 1596 μῃς
437 1517 674 1592 ἐλάλησε
724 1521 863 1576 κακά
916 1520 1006 1576 καὶ
1065 1515 1324 1598 βλαϐερά·
1368 1516 1474 1576 ἔσω
1533 1520 1628 1594 μὲν
1690 1515 1918 1574 ἀλλοίαν

268 1609 500 1683 γνώμην
533 1607 697 1685 ἔχων,
729 1605 830 1680 ἔξω
861 1606 920 1664 δὲ
950 1607 1177 1665 ἀλλοίαν
1221 1607 1452 1674 δεικνύς.

350 1741 371 1768 σι
405 1713 808 1792 Ἐξολοθρεύσει
859 1718 1061 1793 Κύριος
1117 1716 1290 1773 πάντα
1344 1716 1412 1773 τά
1471 1715 1639 1794 χείλη
1709 1716 1778 1772 τὰ
1835 1711 1925 1770 δό-

271 1803 370 1859 λια
411 1803 502 1860 καὶ
560 1802 809 1882 γλῶσσαν
861 1803 1349 1882 μγαλορῥήμονα.
1382 1831 1410 1860 ››
1445 1839 1514 1849 -
1562 1802 1841 1868 Πολλάκις
1889 1813 1926 1874 ή

275 1895 462 1971 Γραφή
494 1894 557 1950 τὸ
573 1872 829 1950 ἐὐκτικὸν
862 1872 954 1958 εἷς.
988 1872 1272 1989 μέλλοντα
1319 1890 1520 1973 χρόνον
1559 1872 1926 1989 ’σχηματίςῗξξ
1960 1924 2010 1989 Β
2041 1872 2198 1986 εἰσίν’.

274 1983 512 2060 καθάπερ
570 1983 658 2039 ἐπὶ
713 1989 812 2039 τοῦ
866 1983 1156 2060 παρόντος
1217 1981 1434 2060 εῦχεται
1510 1985 1615 2061 γὰρ
1698 1982 1928 2061 προρῥί-

279 2077 403 2142 ζους
451 2071 803 2151 ἀφανισθῆναι
851 2072 978 2136 τοὺς
1027 2070 1247 2136 δολίους
1294 2070 1394 2141 ἔτι,
1424 2074 1514 2129 καὶ
1569 2073 1698 2138 τοὺς
1730 2073 1931 2143 ἀλαζο-

274 2163 602 2234 νευομένους
675 2163 812 2217 κατά
883 2167 990 2217 τῶν
1073 2161 1458 2238 ἀσθενεστέρων
1542 2163 1634 2218 καὶ
1723 2162 1934 2240 μεγάλα

277 2249 404 2327 περῖ
433 2250 634 2306 έαυτῶν
683 2250 1082 2324 κομπάζοντας,
1115 2251 1152 2321 ἢ
1196 2251 1288 2306 καὶ
1334 2250 1666 2331 προφητεύει
1722 2252 1931 2308 τούτων

275 2337 674 2416 πανωλεθρίανο
701 2337 967 2397 διδάσκων
998 2339 1056 2397 δὲ
1077 2340 1224 2404 τίνας
1257 2339 1407 2420 λέγει
1439 2340 1935 2421 μεγαλορὁμονας

281 2427 542 2506 ἐπήγαγε.

353 2542 384 2571 ‹‹
413 2517 550 2582 Τοὺς
599 2517 866 2593 εἰπόντας,
915 2521 1024 2591 Τὴν
1071 2519 1321 2597 γλῶσσαν
1385 2523 1548 2597 ἡμῶν
1601 2521 1936 2600 μεγαλυνοῦ-

288 2627 408 2682 μεν.
443 2632 572 2660 ››-
609 2607 745 2673 Τοὺς
806 2610 1174 2685 σκεψαμένους
1227 2609 1279 2667 ἐν
1339 2611 1553 2676 ἑαυτοῖς
1611 2611 1695 2668 ὅτι
1755 2619 1935 2689 Μεγα-

284 2693 577 2771 λυνοῦμεν,
632 2694 761 2768 ἤτοι
821 2698 1033 2776 μεγάλα
1087 2698 1176 2754 καὶ
1250 2699 1544 2770 ἀλαζονικά
1614 2699 1936 2780 φθέγγεσθαι

286 2787 764 2863 παρασκευάσομεν
795 2788 895 2856 τῆν
925 2785 1178 2864 γλῶσσαν
1209 2791 1390 2862 ἡμῶν.

358 2899 388 2928 ‹‹
419 2876 495 2931 Τά
551 2875 716 2952 χείλη
773 2879 936 2950 ἡμῶν
983 2878 1112 2954 παρ’
1158 2879 1320 2951 ἡμῶν
1369 2877 1499 2934 ἐστι·
1541 2878 1623 2943 τίς
1652 2881 1813 2954 ἡμῶν
1845 2879 1938 2936 κύ-

289 2959 404 3040 ριός
433 2964 584 3036 ἐστι;
618 2989 647 3018 ››
679 2965 779 3021 Καὶ
812 2965 1061 3029 εἰπόντας
1095 2963 1171 3022 ἔτι
1222 2965 1305 3022 ὅτι
1347 2967 1438 3022 καὶ
1486 2970 1651 3042 ἡμεῖς
1699 2968 1938 3040 ἐξουσιά-

291 3059 452 3128 ζομεν
483 3058 592 3108 τῶν
629 3053 862 3130 χειλέων
911 3057 1098 3129 ἡμῶν,
1150 3055 1242 3110 καὶ
1290 3052 1484 3111 λοιπὸν
1530 3057 1650 3112 τίνα
1697 3055 1942 3113 δεδοίκα-

291 3164 386 3216 μεν
415 3143 492 3216 μὴ
522 3147 748 3199 τοιαῦτα
790 3143 1056 3222 λέγοντα;
1091 3143 1180 3199 καὶ
1236 3142 1322 3208 τίς
1378 3147 1514 3219 ἡμῖν
1571 3144 1775 3203 κωλύει
1829 3151 1936 3203 τῶν

287 3231 587 3287 τοιούντων
622 3231 798 3309 λόγων
828 3252 842 3304 ;

2023 796 2320 873 δαιμόνων.
2382 822 2411 851 ‹‹
2469 799 2919 876 Παρῥησιάσομαι
2974 802 3066 857 καὶ
3121 801 3172 858 ἐν
3229 805 3395 881 αὐτῷ,
3453 833 3482 863 ››
3542 829 3673 864 του-

2018 887 2193 945 τέστιν
2253 889 2305 944 ἐν
2365 886 2511 962 αῦτῷ
2567 888 2646 964 τῷ
2691 890 2948 969 σωτηρίῳ
2986 889 3342 967 δημοσιεῦσαι
3395 898 3496 967 τὴν
3557 897 3672 952 ἐπι-

2020 978 2400 1056 κρυπτομένην
2432 977 2484 1035 ἐν
2513 978 2637 1052 ἐμοὶ
2679 977 2925 1054 δύναμιν·
2987 979 3242 1060 διεῤῥάγη
3301 985 3404 1062 γάρ
3462 987 3524 1042 τὸ
3579 1009 3673 1044 και·

2019 1069 2358 1144 ταπέτασμα,
2420 1068 2449 1124 6
2504 1066 2667 1138 ἥλιος
2728 1068 3031 1145 ἐσκοτίσθη,
3064 1073 3120 1127 αἱ
3175 1073 3363 1151 πέτραι
3421 1075 3677 1154 ἐσχίσθη..

2023 1180 2139 1232 σαν,
2190 1158 2226 1228 ἡ
2283 1165 2352 1235 γῆ
2415 1157 2649 1230 ἐσείσθη,
2707 1160 2797 1214 καὶ
2854 1158 2951 1216 ὅσα
3005 1160 3129 1218 τότε
3182 1161 3396 1240 γέγονεν
3450 1165 3670 1237 ἐξαίσια·

2023 1250 2060 1320 ἢ
2093 1245 2258 1304 πάλιν
2295 1249 2534 1322 θήσομαι
2562 1247 2757 1312 αὐτοὺς
2806 1248 2882 1312 εἰς
2939 1253 3234 1328 σωτηρίαν,
3264 1252 3438 1330 ἤγουν
3489 1277 3674 1330 σωτη-

2029 1336 2146 1415 ρίας
2201 1336 2438 1408 ἀξιώσω,
2488 1335 2578 1392 καὶ
2650 1337 3092 1415 παρρησιάσομαι
3180 1341 3232 1400 ἐν
3305 1349 3375 1420 τῇ
3449 1345 3676 1423 τοιαύτῃ

2028 1425 2274 1503 σωτηρίᾳ
2328 1425 2526 1497 αὐτῶν,
2558 1423 2731 1484 εἷ’τουν
2790 1430 3106 1508 φανερώσω,
3166 1430 3323 1506 δείξω
3373 1437 3476 1508 τὴν
3533 1437 3700 1513 ἐμὴν

2031 1514 2215 1593 ἰσχύν.

2103 1607 2236 1661 «Τὰ
2291 1603 2454 1684 λόγια
2511 1607 2714 1684 Κυρίου
2770 1604 2934 1687 λόγια
2996 1610 3152 1688 ἀγνά.
3185 1638 3210 1667 ι
3244 1646 3318 1659 -
3355 1614 3542 1673 Εἰπὼν
3601 1614 3688 1674 ὅτι

2041 1720 2064 1749 ι
2095 1693 2233 1750 Τάδε
2290 1695 2438 1772 λέγει
2500 1697 2528 1752 6
2587 1697 2804 1774 Κύριος,
2868 1722 2898 1753 ››
2957 1695 3364 1760 διαϐεϐαιοῦται
3415 1704 3507 1762 καὶ
3563 1705 3690 1782 περῖ

2037 1789 2143 1842 τῶν
2172 1789 2270 1840 τοῦ
2299 1785 2496 1862 Κυρίου
2525 1784 2704 1866 λόγων
2731 1786 2994 1862 ἀληθείας
3050 1791 3125 1856 ὡς
3181 1793 3408 1872 καθαροὶ
3457 1791 3690 1870 ψεύδους

2113 1989 2142 2018 ‹‹
2174 1963 2458 2043 Ἀργύριον
2525 1969 2913 2044 πεπυρωμένον
2969 1967 3220 2045 δοκίμιον
3275 1976 3344 2048 τῇ
3404 1972 3505 2050 γῇ.
3549 1996 3579 2026 ››
3621 2003 3694 2020 --

2041 2053 2224 2118 Οὕτως
2279 2054 2410 2111 εἰσὶν
2463 2056 2677 2133 ἀμιγεῖς
2733 2057 2944 2131 ἀπάτης
3013 2060 3088 2124 ὡς
3165 2063 3226 2116 τὸ
3281 2061 3691 2139 κεχωνευμένον

2042 2142 2302 2220 ἀργύριον
2331 2145 2696 2218 ἀκοινώνητόν
2747 2147 2886 2203 ἐστιν
2940 2147 3078 2221 ὕλης
3130 2149 3402 2228 χείρονοςο
3437 2151 3697 2227 Δοκίμιον

2043 2229 2102 2288 δὲ
2130 2237 2197 2308 τῇ
2226 2232 2298 2309 γῇ
2329 2233 2443 2289 ἀντὶ
2471 2239 2569 2290 τοῦ
2601 2233 3057 2312 δοκιμιαζόμενον
3087 2237 3139 2294 ἐν
3187 2243 3255 2314 τῇ
3304 2243 3400 2317 γῇ·
3452 2241 3542 2296 καί
3591 2240 3695 2317 γὰρ

2043 2319 2198 2399 ἕχεον
2233 2322 2285 2377 οἱ
2322 2327 2566 2400 τεχνῖται
2596 2324 2660 2380 τὸ
2688 2325 3091 2402 χωνευόμενον,
3121 2328 3157 2398 ἢ
3188 2327 3279 2384 καὶ
3329 2326 3583 2404 δοκίμιον
3625 2331 3697 2404 τῇ

2041 2414 2112 2488 γῇ
2164 2410 2282 2467 ἀντὶ
2328 2416 2426 2468 τοῦ
2475 2411 2726 2488 δοκίμιον
2775 2414 2834 2471 ἐκ
2859 2418 2959 2486 τῆς
3005 2423 3131 2494 γῆς.
3166 2417 3478 2476 Ἐπιτείνων
3511 2417 3698 2489 δὲτὴν

2043 2500 2387 2578 καθαρότητα
2414 2505 2513 2558 τοῦ
2546 2502 2744 2579 Κυρίου
2777 2502 2979 2582 λόγων,
3017 2505 3274 2584 ἐπήγαγε’

2117 2631 2148 2659 ‹‹
2180 2607 2361 2684 Κύριε,
2419 2611 2870 2687 κεκαθαρισμένον
2952 2611 3339 2674 ἐπταπλάσιον.
3401 2639 3432 2669 ››
3490 2649 3560 2662 --
3619 2615 3700 2674 T6

2047 2694 2412 2753 ἐπταπλάσιον
2474 2698 2592 2754 ἀντὶ
2647 2704 2745 2755 τοῦ
2810 2699 3104 2766 πολλάκις·
3175 2704 3239 2759 τὸ
3305 2703 3406 2782 γὰρ
3479 2703 3701 2766 ἑπτάκις

2045 2784 2160 2839 ἀντὶ
2214 2790 2313 2840 τοῦ
2367 2783 2682 2851 πλειστάκις
2713 2791 2748 2858 ὴ
2789 2793 2898 2844 τῶν
2959 2787 3223 2867 Ἐϐραίων
3280 2788 3702 2868 παραλαμϐάνει

2049 2871 2350 2938 διάλεκτος.
2399 2877 2470 2932 Τὸ
2515 2874 2574 2932 δὲ
2609 2877 2885 2942 πολλάκις
2932 2881 3313 2956 χωνευόμενον
3367 2883 3704 2938 παντάπασιν

2047 2963 2115 3032 ἧν
2161 2963 2415 3041 καθαρόν·
2468 2965 2642 3022 οὕτως
2691 2965 2783 3022 οὖν
2830 2967 2962 3023 εἰσιν
3012 2969 3256 3044 ἀληθεῖς,
3305 2971 3559 3049 ἀργύριον
3617 2991 3704 3026 κε-

2049 3051 2392 3128 χωνευμένον
2443 3053 2737 3118 πολλάκις.
2773 3057 2944 3134 Λόγια
2994 3055 3052 3113 δὲ
3104 3059 3270 3133 εἶπεν,
3305 3059 3367 3115 ού
3425 3061 3544 3116 καθ’
3577 3060 3706 3115 ὑπο-

2049 3142 2334 3218 χωρισμὸν
2365 3143 2660 3216 εὐτελείας,
2691 3145 2818 3202 ἀλλ’
2863 3146 2948 3201 ὅτι
3001 3149 3129 3211 τοὺς
3187 3147 3479 3225 χρησμοὺς
3540 3149 3705 3226 λόγια

2052 3229 2279 3287 ἐκάλουν
2314 3229 2403 3288 διὰ
2429 3234 2527 3302 τήν
2587 3233 2960 3312 βραχυλογίαν
2989 3236 3185 3292 αὐτῶν·
3220 3238 3270 3293 ἐν
3331 3236 3544 3316 ὀλίγαις
3599 3238 3702 3316 γὰρ

361 3340 393 3372 (ι
422 3323 636 3376 Ἕνεκεν
681 3297 783 3392 τῆς
828 3297 1207 3399 ταλαιπωρίας
1243 3326 1350 3378 τῶν
1399 3327 1640 3401 πτωχῶν
1697 3325 1787 3380 καὶ
1844 3329 1941 3381 τοῦ
1973 3297 2016 3366 C
2055 3317 2228 3392 λέξεσι
2264 3297 2510 3398 μεγάλην
2543 3297 2767 3398 δύναμίν
2802 3297 3009 3389 ἐννοίας
3041 3325 3418 3403 ἐμπεριεῖχον.

289 3414 590 3486 στεναγμοῦ
661 3415 770 3466 τῶν
844 3413 1092 3483 πενήτων
1169 3415 1262 3467 νῦν
1344 3413 1734 3488 ἀναστήσομαι,
1797 3415 1944 3492 λέγει

290 3498 510 3575 Κύριος.
553 3523 582 3551 »
614 3533 684 3542 —
717 3501 796 3558 Τὸ
853 3505 944 3556 νῦν
1001 3500 1116 3556 ἀντὶ
1168 3506 1266 3556 τοῦ
1319 3504 1456 3558 κατά
1503 3503 1592 3558 τὸν
1669 3504 1946 3581 πρέποντα

287 3589 476 3664 καιρὸν
537 3589 907 3663 ἀναστήσομαι
957 3594 1053 3645 τοῦ
1112 3589 1285 3669 τάφου
1341 3588 1517 3648 ἕνεκεν
1592 3600 1693 3663 τῆς
1750 3593 1944 3650 ταλαι-

289 3678 503 3753 πωρίας
548 3683 656 3734 τῶν
703 3675 1132 3752 δεδουλωμένων
1171 3683 1240 3754 τῇ
1288 3679 1468 3756 πλάνῃ
1517 3679 1586 3736 δι’
1617 3681 1796 3738 ἄνοιαν
1828 3683 1944 3758 (ἀν-

290 3766 578 3844 θρωπείαν)
644 3765 766 3837 ἥτις
844 3766 1192 3844 ταλαιπωρία
1265 3767 1480 3846 γέγονεν
1559 3770 1744 3835 αὐτοῖς
1830 3773 1944 3828 ἀντὶ

287 3847 592 3934 στεναγμοῦ
648 3859 768 3922 καθ’
819 3857 887 3926 ἢν
964 3855 1386 3932 ἀποδεδώκαμεν
1454 3857 1710 3936 ἐξήγησιν
1770 3861 1942 3937 ἑρμη-

285 3945 529 4010 νεύοντες
557 3947 641 4018 τὸ,
677 3971 704 3999 ‹‹
738 3945 849 4002 Ούκ
889 3946 1179 4003 ἐπελάθετο
1236 3948 1340 4017 τῆς
1387 3956 1631 4025 κραυγῆς
1676 3954 1785 4006 τῶν
1845 3972 1939 4006 πε-

284 4035 488 4106 νήτων.
530 4037 826 4107 ››’Δκήκοε
875 4033 933 4091 δὲ
979 4041 1140 4091 τοῦτο
1191 4034 1355 4092 Δαυῖδ
1403 4043 1522 4102 τοῖς
1579 4045 1943 4118 προφητικοῖς

287 4121 408 4181 ὠσί.
443 4123 580 4179 Φασὶ
625 4121 684 4179 δέ
733 4146 874 4188 τινες
921 4124 1147 4200 πτωχὸν
1210 4124 1304 4198 μὲν
1364 4125 1646 4192 καλεῖσθαι
1693 4128 1783 4182 τὸν
1833 4128 1942 4184 ἀπὸ

283 4211 527 4269 πλούτου
575 4213 901 4270 πεπτωκότα
944 4213 1083 4269 κατά
1126 4213 1212 4281 τὸ,
1263 4201 1311 4266 ‹‹’
1341 4212 1606 4270 Πλούσιοι
1664 4215 1941 4293 ἐπτώχευ-

203 4336 209 4340 -
279 4322 396 4357 σανο
430 4326 460 4354 ››
491 4302 700 4375 πένητα
756 4300 813 4359 δὲ
849 4302 942 4358 τὸν
995 4299 1085 4357 διά
1134 4301 1300 4358 πόνον
1352 4308 1462 4359 τῶν
1520 4302 1674 4360 ἰδίων
1733 4308 1937 4382 χειρὼν

276 4393 486 4472 τροφὴν
535 4391 828 4469 ἀναγκαίαν
886 4391 1275 4466 κομιζόμενον.
1324 4397 1579 4449 Τοιοῦτον
1632 4392 1691 4450 δὲ
1747 4395 1838 4450 καὶ
1886 4396 1938 4452 οἱ

279 4485 580 4538 πιστεῦσαι·
657 4480 961 4556 μέλλοντάς
1029 4501 1090 4537 τε
1159 4481 1262 4558 γὰρ
1333 4481 1516 4546 οὐσίας
1607 4485 1938 4561 περιῃρέθη-

281 4590 396 4642 σαν,
426 4572 517 4626 καὶ
575 4572 630 4626 αἱ
685 4565 868 4648 χεῖρες
927 4569 1100 4626 αὐτῶν
1161 4568 1448 4642 διηκόνουν
1505 4572 1581 4635 εἰς
1609 4575 1710 4644 τὴν
1768 4579 1934 4651 χεῖρα

2127 3452 2155 3480 ‹‹
2198 3428 2296 3500 Σὺ,
2374 3427 2554 3506 Κύριε,
2614 3430 2877 3508 φυλάξαις
2950 3435 3100 3506 ἡμᾶς
3182 3433 3274 3489 καὶ
3347 3431 3706 3511 διατηρήσαις

2053 3517 2203 3590 ἡμᾶς
2234 3518 2340 3572 ἀπὸ
2367 3525 2468 3588 τῆς
2499 3525 2688 3594 γενεᾶς
2716 3520 2920 3591 ταύτης
2969 3522 3058 3577 καὶ
3092 3522 3167 3586 εἰς
3198 3521 3292 3578 τὸν
3351 3522 3543 3581 αἰῶνα.
3578 3548 3601 3576 ι
3637 3555 3707 3568 —-

2051 3605 2123 3662 T6
2157 3607 2251 3680 μὲν
2314 3605 2576 3687 φυλάξαις
2633 3609 2739 3664 ἀπὸ
2796 3613 2904 3666 τῶν
2964 3609 3152 3682 ἔξωθεν
3194 3610 3612 3686 πολεμούντων,
3643 3613 3706 3668 τὸ

2055 3693 2114 3750 δὲ
2171 3693 2529 3772 διατηρήσαις
2584 3699 2688 3754 ἀπὸ
2743 3703 2850 3755 τῶν
2936 3699 3130 3756 ἔσωθεν
3211 3696 3702 3758 ἐπιϐουλευόντων⁹

2051 3785 2088 3854 ἢ
2119 3785 2209 3840 καὶ
2267 3786 2332 3841 τὸ
2391 3787 2485 3860 μὲν
2543 3786 2806 3865 φυλάξαις
2865 3789 2970 3845 ἀπὸ
3023 3797 3127 3860 τῆς
3165 3790 3446 3868 παρούσης
3501 3796 3704 3868 γενεᾶς,

2049 3874 2113 3930 τὸ
2171 3873 2230 3930 δὲ
2287 3871 2642 3951 διατηρήσαις
2701 3876 2806 3932 ἀπὸ
2861 3882 2971 3934 τῶν
3028 3878 3331 3956 ἐσύστερον,
3373 3878 3504 3956 ὅπερ
3561 3879 3704 3935 ἐστὶν

2052 3963 2130 4027 εἰς
2161 3965 2250 4019 τὸν
2278 3963 2466 4032 αἰῶνα,
2501 3961 2760 4035 δηλονότι
2811 3967 2980 4044 μέχρι
3035 3963 3258 4032 παντός.
3293 3967 3393 4023 Καὶ
3453 3969 3636 4042 μέντοι
3667 3969 3703 4038 ή

2049 4052 2230 4116 πίστις
2278 4053 2385 4108 τῶν
2437 4050 2738 4127 δεξαμένων
2791 4059 2893 4109 τοῦ
2945 4055 3282 4133 Εύαγγελίου
3322 4057 3386 4132 τὸ
3446 4059 3707 4134 κήρυγμα

2049 4141 2138 4196 καὶ
2169 4141 2275 4197 ἀπὸ
2303 4149 2405 4212 τῆς
2452 4147 2748 4213 τηνικαῦτα
2794 4150 2979 4220 γενεᾶς
3039 4147 3470 4223 ἀκαταγώνιστος
3527 4143 3708 4220 ἔμεινε

2047 4231 2138 4286 καὶ
2171 4232 2247 4294 εἰς
2273 4231 2366 4286 τὸν
2399 4230 2571 4286 αἰῶνα
2603 4237 2771 4306 μενεῖ,
2802 4235 2892 4289 καὶ
2940 4232 3064 4290 οῦτε
3119 4237 3172 4290 οἱ
3237 4241 3480 4315 φανερῶς
3535 4235 3704 4292 πολε-

2053 4321 2319 4393 μήσαντες
2369 4320 2635 4397 αἰρετικοὶ
2687 4322 3016 4402 κατίσχυσαν
3081 4324 3250 4395 αὐτῆς
3300 4327 3336 4396 ἢ
3383 4329 3707 4404 κατισχῦσαι

2049 4407 2388 4482 δυνήσονται.

2119 4524 2148 4552 ‹‹
2179 4497 2380 4574 Κύκλῳ
2411 4500 2464 4555 οἱ
2495 4495 2706 4564 ἀσεϐεῖς
2735 4507 3116 4579 περιπατοῦσι.
3141 4526 3173 4557 »
3205 4535 3276 4547 -
3303 4503 3543 4560 Πάντοτε
3571 4505 3698 4582 γὰρ,

2047 4589 2230 4668 φησὶν,
2285 4592 2433 4663 ἡμᾶς
2487 4591 2876 4668 περικυκλοῦσι
2928 4591 3296 4671 πολιορκῆσαι
3351 4595 3455 4664 τήν
3517 4594 3700 4650 πίστιν

277 4663 375 4714 τοῦ
407 4661 678 4760 σώμξτοςο
701 4655 1047 4760 ,λαμδάγεται
1102 4660 1204 4760 γδερ
1261 4658 1555 4760 πολλάκις.
1593 4662 1700 4760 {ai
1743 4661 1928 4760 8‘“?<_5'
1958 4668 2006 4734 D
2035 4655 2371 4741 σπεύδοντες.
2404 4678 2508 4735 Καὶ
2537 4655 2700 4735 τοῦτο
2735 4679 2828 4760 μὲν
2863 4679 2951 4736 ἐπὶ
2999 4655 3110 4737 τῶν
3139 4655 3445 4754 Ἑλλήνων·
3502 4681 3588 4738 ἐπὶ
3644 4679 3703 4738 δὲ

283 4765 414 4822 ρως,
447 4748 562 4804 ἀντὶ
595 4748 818 4827 θατέρου
866 4749 1110 4828 θάτερον.
1161 4750 1312 4805 Ἔστι
1363 4747 1422 4806 δὲ
1467 4750 1559 4806 καὶ
1608 4749 1798 4816 ἄλλως
1851 4753 1928 4807 εἰ-

278 4841 422 4892 πεῖν·
456 4837 617 4916 φησὶν
647 4839 675 4893 6
706 4840 834 4903 Θεὸς
867 4838 970 4910 ὅτι,
1005 4841 1104 4894 Διά
1127 4839 1227 4909 τὴν
1257 4837 1632 4915 ταλαιπωρίαν
1689 4841 1780 4897 καὶ
1833 4843 1926 4898 τὸν

280 4927 576 5004 στεναγμὸν
631 4933 737 4983 τῶν
794 4927 1277 5003 καταπονουμένων
1356 4933 1444 4985 νῦν
1527 4931 1924 5006 κινηθήσομαι·

276 5020 423 5071 τοῦτ’
477 5015 618 5073 ἔστιν
677 5017 886 5090 αὐτίκα,
946 5017 1118 5090 εὐθὺς,
1171 5017 1405 5094 ταχέως.
1457 5025 1784 5096 Θεοπρεπῶς
1872 5019 1932 5077 δὲ

277 5111 479 5162 νοεῖται
531 5107 594 5162 τὸ
648 5111 1042 5184 κινηθήσομαι,
1101 5108 1219 5163 ἀντὶ
1289 5113 1386 5163 τοῦ
1461 5108 1671 5184 ἀμυνῶ,
1734 5109 1780 5166 εἰ
1838 5111 1932 5166 καὶ

275 5196 888 5275 ἀνθρωποπρεπέστερον
919 5196 1152 5275 εἴρηται.

351 5327 381 5358 ‹‹
410 5307 660 5381 Θήσομαι
743 5306 796 5362 ἐν
868 5305 1145 5383 σωτηρίῳ,
1209 5303 1658 5382 παρρησιάσομαι
1735 5307 1788 5364 ἐν
1845 5308 1936 5364 αύ-

264 5396 366 5465 τῷ.
401 5418 430 5446 ››
471 5428 541 5440 —
591 5395 984 5469 Μνημονεύσας
1039 5401 1140 5464 τῆς
1195 5393 1536 5458 ἀναστάσεως
1599 5397 1930 5470 μνημονεύει

260 5480 352 5536 καὶ
408 5490 511 5553 τῆς
567 5491 744 5561 ταφῆς
776 5483 1108 5560 ἀναστρέψας
1159 5483 1252 5538 τὸν
1313 5480 1480 5559 λόγον
1533 5483 1622 5539 ἐπὶ
1679 5488 1771 5541 τὸν
1829 5484 1924 5543 διὰ

263 5572 537 5648 σωτηρίου
599 5571 845 5637 θάνατον·
905 5571 982 5628 ἔτι
1043 5570 1146 5648 γάρ
1197 5590 1354 5649 φησι·
1395 5573 1556 5628 «Καί
1616 5579 1780 5632 τοῦτο
1846 5574 1949 5654 λέ-

266 5679 351 5734 γει
385 5661 414 5716 6
445 5661 662 5737 Κύριος,
702 5685 725 5713 κ
759 5665 1037 5737 Θήσομαι,
1075 5660 1356 5717 τουτέστιν
1388 5667 1856 5740 προσπαγήσομαι
1890 5666 1945 5740 ἐν

275 5753 354 5823 τῷ
383 5750 658 5828 σωτηρίῳ.
691 5776 720 5806 ››
749 5757 917 5809 Τοῦτο
947 5751 1052 5831 γὰρ
1104 5750 1451 5823 ὑποληπτέον
1511 5755 1792 5833 σωτήριον
1856 5753 1940 5814 ὅτι

2035 4772 2144 4822 τῶν
2177 4767 2458 4844 αἱρετικῶν
2480 4768 2550 4842 ,τὸ
2579 4767 2769 4842 κύκλῳ
2800 4775 3157 4847 περιπατοῦσι
3189 4771 3307 4827 ἀντὶ
3338 4775 3436 4827 τοῦ
3467 4771 3570 4827 οὐκ
3621 4767 3702 4827 ἐπ’

2038 4855 2243 4920 εὐθείας
2291 4855 2439 4913 ἀλλά
2471 4859 3009 4937 ¹περιεστραμμένως
3067 4859 3546 4938 παρερμηνεύουσι
3601 4862 3701 4925 τὰς

2042 4947 2184 5012 θείας
2212 4945 2444 5023 Γραφάς.
2695 5006 2697 5009 ,

2113 5061 2142 5090 ‹‹
2176 5037 2324 5093 Κατὰ
2375 5037 2439 5091 τὸ
2497 5034 2631 5112 ὕψος
2699 5059 2800 5094 σου
2869 5027 3273 5116 ἐπολυώρησας
3335 5039 3464 5104 τοὺς
3549 5040 3700 5106 υἱοὺς

2039 5130 2146 5182 τῶν
2191 5125 2509 5200 ἀνθρώπων.
2535 5149 2574 5194 ¹››
2604 5157 2674 5170 --
2701 5127 2986 5204 Ὑψωθείς,
3033 5129 3216 5209 φησὶν,
3249 5129 3336 5185 ἐπὶ
3383 5133 3480 5185 τοῦ
3527 5151 3704 5203 σωτη-

2046 5215 2186 5293 ρίου,
2245 5212 2463 5286 πολλῆς
2532 5215 2821 5295 φροντίδος
2904 5218 3034 5282 τοὺς
3088 5219 3416 5296 ἀνθρώπους
3469 5218 3699 5290 ἡξίωσα’

2044 5304 2128 5362 ὅτι
2187 5303 2258 5360 δι’
2315 5303 2510 5367 αὐτοὺς
2561 5307 2834 5370 πέπονθας
2892 5307 3182 5384 πολυωρία
3259 5309 3362 5386 γὰρ
3424 5310 3460 5378 ἡ
3509 5308 3701 5380 πολλή

2047 5394 2288 5472 φροντὶς,
2347 5392 2528 5468 ὥσπερ
2583 5394 2674 5449 καὶ
2731 5398 2767 5466 ἡ
2827 5395 3093 5474 ὀλιγωρία
3147 5397 3461 5454 τούναντίον
3519 5397 3555 5468 ἢ
3611 5396 3702 5454 καί

2051 5483 2284 5559 ὑψωθεὶς
2314 5483 2451 5557 πρὸς
2482 5482 2742 5560 οὐρανοὺς
2774 5485 2824 5541 ἐν
2857 5488 2936 5560 τῷ
2983 5487 3158 5560 καιρῷ
3215 5493 3316 5557 τῆς
3375 5485 3703 5562 ἀναλήψεως

2053 5571 2416 5650 εύπργέτησας
2479 5572 2605 5636 τοὺς
2674 5574 2994 5650 ἀνθρώπους
3080 5575 3459 5648 ἐξαποστείλας
3517 5579 3702 5655 Παρά-

2055 5663 2260 5734 κλητον
2321 5661 2626 5741 φωτίζοντα
2679 5665 2770 5719 καὶ
2827 5663 3131 5743 ὁδηγοῦντα
3179 5665 3310 5728 τοὺς
3361 5665 3700 5732 ἀποστόλους

2050 5754 2137 5821 ,εἷς
2184 5753 2247 5810 τὸ
2301 5753 2582 5829 κήρυγμαο
2641 5750 2859 5813 δύναται
2912 5753 2972 5813 δὲ
3027 5757 3119 5813 καὶ
3195 5756 3484 5834 ίστορικῶς
3546 5757 3704 5821 οὗτος
