4072 6436
343 392 500 455 1383

1592 381 2017 446 NIGEPHORI
2061 377 2501 444 BLEMMIDE

3607 381 3784 446 1384

347 518 493 576 ἀλλὰ
531 516 792 575 δοκοῦσαν
847 515 1040 580 αὐτοῖς
1102 515 1206 572 ὑπὸ
1261 518 1362 572 τοῦ
1417 513 1800 589 ἐπηρτημένου
1832 508 2003 592 φόϐου
2033 521 2090 589 Α
2118 510 2338 588 ὕστερον
2388 508 2448 566 δὲ
2493 509 2582 566 καὶ
2628 510 2729 580 τὴν
2786 508 2837 564 ἐν
2888 508 3142 586 χρήμασι
3172 511 3485 588 περῖουσίαν
3518 511 3611 569 διὰ
3640 519 3790 590 Χρι-

342 612 444 679 τῆς
500 606 624 664 ὅσον
696 607 851 664 οὕπω
921 608 1201 668 ἀλώσεως·
1253 603 1658 679 κεκυκλωμένοι
1733 603 1836 681 γὰρ
1910 602 2000 658 καὶ

345 699 804 776 σεσαγηνευμένοι
861 703 982 761 ταῖς
1046 697 1278 774 αἰχμαῖς
1360 695 1584 757 τούτους
1645 693 1719 756 ὼς
1774 713 2004 768 καταγο-

347 790 540 864 μένους
567 788 627 844 ἐκ
662 795 764 859 τῆς
817 788 976 865 ῥίζης
1038 781 1232 845 Ἰακὼϐ
1276 785 1365 841 καὶ
1411 781 1650 862 Ἰσραήλ,
1682 787 1744 836 Ὃ
1803 780 1860 838 δὲ
1908 779 2000 836 λέ-

342 900 426 955 γει
491 877 740 935 τοιοῦτόν
804 877 968 934 ἐστιν·
1019 876 1103 933 δτι
1155 880 1252 932 τοῦ
1299 875 1497 954 Κυρίου
1545 871 2000 950 ἐλευθερώσαντος

347 966 564 1041 αὐτοὺς,
627 967 740 1023 οἷον
831 965 1399 1043 αἰχμαλωτισθέντας,
1451 960 1876 1039 ἀγαλλιάσονται
1950 958 2004 1014 οἱ

346 1054 798 1133 ἐλευθερωθέντες
853 1055 944 1111 καὶ
1005 1053 1482 1134 εὐφρανθήσονται.
1551 1053 1652 1106 Καὶ
1733 1047 2001 1126 ἀγαλλιά-

349 1167 534 1202 σονται
599 1147 692 1220 μὶν
757 1148 1109 1220 σωματικῶς·
1174 1139 1720 1222 εὐφρανθήσονταιδέ
1760 1139 1851 1195 καὶ
1910 1141 2007 1212 ψυ-

353 1239 552 1311 χικῶς·
603 1240 764 1290 τοῦτο
819 1235 913 1308 μὶν
963 1237 1031 1309 τῇ
1093 1233 1313 1306 εὐθηνίᾳ
1348 1235 1449 1303 τῆς
1491 1237 1726 1311 τρυφῆς,
1754 1225 2006 1285 τοῦτοδέ

355 1328 425 1399 τῇ
475 1322 674 1400 μελέτῃ
719 1328 826 1380 τῶν
877 1323 1032 1379 θείων
1066 1321 1270 1399 λόγων·
1304 1320 1378 1377 ὧν
1423 1322 1476 1378 ἐν
1524 1318 1706 1393 ταυτῷ
1763 1316 2006 1395 εἴργοντο

355 1411 842 1489 πολιορκούμενοι·
875 1410 1021 1468 ἀλλᾶ
1062 1413 1198 1468 κατά
1230 1412 1324 1486 μὲν
1359 1410 1594 1480 Ἐζεκίαν
1626 1407 1716 1466 καί
1762 1413 2008 1484 Σεναχη-

359 1502 488 1578 ρεὶμ
535 1502 710 1566 οὕτως
757 1501 1085 1576 ἐποιήσαμεν
1142 1501 1243 1571 τὴν
1301 1499 1573 1577 ἐξήγησιν·
1609 1497 1898 1576 ἐξηγητέον
1950 1493 2009 1551 δὲ

359 1589 554 1648 λοιπὸν
609 1591 700 1647 καὶ
757 1592 892 1647 κατά
944 1592 1014 1646 τὰ
1043 1590 1131 1646 ἐπὶ
1160 1593 1269 1646 τῶν
1297 1589 1512 1666 χρόνων
1543 1590 1663 1653 καθ’
1697 1587 1788 1650 οὓς
1820 1588 1849 1643 6
1904 1584 2011 1643 Κύ-

362 1701 478 1759 ριος
550 1680 980 1758 ἐνηνθρώπησεν·
1041 1680 1196 1750 Εἷπε,
1256 1678 1442 1759 φησὶν,
1504 1679 1534 1735 6
1591 1677 1822 1749 ἀνόητος
1879 1677 2012 1731 Ἰου-

361 1768 526 1826 δαίων
585 1767 788 1844 δῆμος,
819 1773 848 1826 6
882 1771 958 1845 μὴ
1017 1770 1215 1832 συνιεὶς
1271 1769 1369 1832 τὰς
1435 1769 1562 1846 περὶ
1603 1769 1837 1844 Χριστοῦ
1875 1785 2012 1842 προ-

361 1859 608 1938 φητείας,
668 1859 753 1915 ὅτι
810 1859 909 1914 οὐκ
965 1858 1077 1915 ἔστι
1137 1857 1271 1922 Θεὸς
1329 1859 1358 1913 6
1409 1857 1507 1921 τὰς
1583 1854 1904 1931 θεοσημείας
1959 1852 2011 1909 ἐν

361 1949 548 2013 αὐτοῖς
608 1948 968 2026 ἐργαζόμενος
1024 1947 1277 2024 Χριστός.
1343 1946 1498 2003 Οὕτω
1546 1945 1605 2002 δὶ
1659 1947 1788 2021 παρ’
1845 1943 2019 2016 ἐαυτῷ

362 2039 579 2116 πρῶτον
649 2038 1033 2116 λογισάμενος,
1091 2038 1183 2094 καὶ
1254 2042 1499 2117 φανερῶς
1562 2034 1710 2110 αὐτῷ
1763 2035 1861 2105 τήν
1919 2035 2018 2090 τοῦ

365 2133 498 2185 Θεοῦ
555 2126 753 2199 κλῆσιν
811 2126 1073 2186 ἐνεκάλει.
1102 2127 1178 2182 Τὰ
1235 2126 1293 2183 δὲ
1350 2128 1474 2199 ἑξῆς
1528 2126 1664 2182 κατᾶ
1686 2127 1784 2195 τήν
1818 2121 2017 2179 ἀνωτέ·

366 2239 461 2295 ραν
516 2216 736 2290 νοητέον
807 2217 1078 2294 ἐξήγησιν.
1129 2216 1240 2272 Οὐκ
1284 2217 1352 2287 ἧν
1419 2213 1477 2271 δὲ
1537 2219 1710 2270 ποιῶν
1778 2210 2020 2290 χρηστό-

359 2306 505 2379 ’τητα
569 2307 620 2362 ἐν
670 2306 873 2380 αὐτοῖς,
923 2303 1140 2378 δηλαδὴ
1208 2311 1324 2369 τοῖς
1405 2305 1480 2380 μὴ
1546 2302 1856 2378 δεξαμένοις
1919 2302 2020 2369 τὴν

368 2393 717 2452 διδασκαλίαν
769 2395 953 2453 αὐτοῦ.
987 2395 1184 2473 Κύριος
1232 2394 1292 2451 ἐκ
1344 2398 1444 2451 τοῦ
1493 2393 1725 2468 οὐρανοῦ
1783 2388 2019 2464 διέκυψε·

364 2484 638 2541 τουτέστιν
694 2485 722 2540 6
781 2484 904 2548 Υἰὸς
982 2482 1033 2555 ἐξ
1111 2483 1342 2560 οὐρανοῦ
1419 2481 1704 2558 διακύψας,
1758 2479 2025 2550 κατῆλθεν

371 2575 445 2638 εἰς
474 2581 574 2652 γῆν
608 2573 698 2629 ἐπὶ
747 2572 876 2636 τοὺς
907 2573 1222 2650 ἀνθρώπους
1253 2572 1343 2630 καὶ
1376 2572 1467 2628 διὰ
1521 2571 1717 2646 σαρκὸς
1773 2567 2029 2644 ὼμίλησε

367 2663 610 2727 τούτοις.
642 2662 876 2718 Κύπτειν
932 2663 994 2718 τὸ
1053 2663 1104 2734 ἐξ
1162 2663 1332 2737 ὕψους
1392 2660 1469 2724 εἷς
1516 2668 1618 2735 γῆν
1668 2659 2024 2732 κάμπτεσθαι·

368 2754 437 2812 τὰ
491 2751 550 2808 δὲ
606 2753 749 2826 ἑξῆς,
781 2753 919 2808 κατὰ
973 2753 1072 2822 τὴν
1121 2750 1233 2806 ἅνω
1281 2751 1558 2827 ἐξήγησιν·
1606 2751 1669 2805 τὸ
1719 2746 1797 2820 δὲ,
1849 2772 1878 2801 ι(

370 2838 510 2899 ἔστιν
558 2839 665 2905 ἕως
712 2841 848 2915 ἐνὸς,
893 2865 923 2895 »
953 2841 1072 2897 ἀντὶ
1118 2845 1216 2896 τοῦ
1270 2839 1316 2894 εἰ
1360 2840 1435 2914 μή
1471 2841 1572 2902 εἷς.
1605 2845 1805 2916 ’Ἠγουν
1834 2837 1862 2891 6
1894 2842 2026 2912 Χρι-

371 2932 493 2994 στὸς
553 2929 718 3004 μόνος
771 2930 1100 3007 ἀγαθοεργὸς
1158 2928 1209 2985 ἐν
1286 2927 1473 2992 αὐτοῖς
1541 2925 2025 3004 ἀναστρεφόμενος.

370 3021 439 3076 Τὸ
471 3017 548 3094 δὲ,
591 3041 615 3074 ι
647 3018 792 3096 Οὐχὶ
823 3020 1121 3096 γνώσονται
1169 3019 1365 3081 πάντες
1415 3018 1468 3072 οἱ
1518 3016 1875 3093 ἐργαζόμενοι
1926 3015 2024 3084 τήν

371 3107 625 3183 ἀνομίαν,
687 3131 715 3162 ν)
787 3109 924 3164 κατά
993 3107 1260 3187 ἀπόφασιν
1336 3105 1704 3182 ἀναγνωστέον
1781 3104 2024 3159 ἐνταῦθα·

372 3196 433 3253 οὐ
462 3200 564 3274 γὰρ
613 3198 886 3268 ἠθέλησαν
931 3195 1090 3252 αὐτὸν
1146 3195 1458 3274 ἐπιγνῶναι,
1492 3196 1545 3250 οἱ
1588 3191 1744 3265 δίκην
1805 3191 2022 3267 ἀνόμων

371 3285 536 3344 ἐθνῶν
582 3289 902 3364 φθονοῦντες
959 3286 1050 3342 καὶ
1124 3285 1579 3360 πονηρευόμενοι.
1627 3285 1697 3338 Τὸ
1749 3280 1826 3354 δὲ,
1879 3307 1907 3335 ‹‹
1960 3281 2024 3336 0'1
2053 3276 2096 3346 C

370 3374 640 3440 ἐσθίοντες
665 3375 757 3432 τόν
786 3375 918 3433 λαόν
957 3397 1080 3450 μου,
1111 3400 1140 3429 >>
1190 3375 1406 3432 λεκτέον
1466 3375 1528 3430 ἐκ
1579 3373 1877 3451 προσώπου
1924 3375 2022 3427 τοῦ

371 3467 608 3540 Χριστοῦ
659 3461 796 3541 πρδς
840 3463 971 3527 τοὺς
1018 3465 1347 3542 ἀχαρίστους
1394 3461 1694 3525 Ἰουδαίους
1752 3461 2021 3524 ἐσθίοντας

372 3551 424 3608 ἐν
481 3552 710 3627 στόματι
772 3553 1046 3630 μαχαίρας
1105 3552 1194 3609 καὶ
1276 3550 1455 3623 πάσης
1529 3552 1819 3614 κακώσεως
1892 3549 2021 3613 τοὺς

373 3642 621 3717 μαθητὰς
677 3641 862 3713 αὐτοῦ,
899 3640 1056 3714 δίκην
1113 3643 1298 3716 ἄρτου·
1333 3642 1387 3698 οἳ
1422 3642 1515 3698 τὸν
1571 3641 1766 3718 Κύριον
1819 3639 2020 3709 αὐτῶν,

368 3731 609 3787 τουτέστι
664 3733 756 3787 τὸν
811 3732 933 3787 Υἱὸν
990 3734 1088 3787 τοῦ
1154 3736 1310 3802 Θεοῦ,
1359 3729 1458 3786 οὐκ
1515 3729 1804 3805 ὠνόμασαν
1867 3727 2020 3786 Θεόν.

371 3844 400 3874 ι(
436 3822 581 3878 Ἐκεῖ
612 3818 671 3876 δὲ
693 3819 1000 3877 ἐδειλίασαν
1029 3820 1080 3876 ἐν
1115 3816 1271 3902 φόϐῳ
1301 3818 1439 3876 ὅπου
1469 3818 1568 3875 οὐκ
1583 3819 1649 3890 ἦν
1675 3814 1864 3898 φόϐος·
1885 3817 2027 3890 »ηὐη

368 3906 638 3967 λαϐοῦντο
668 3910 773 3988 γὰρ
805 3912 1149 3988 ὁμολογῆσαι
1192 3910 1286 3966 τὸν
1343 3909 1596 3985 Χριστὸν,
1655 3911 1872 3983 μήποτε
1926 3928 2026 3962 πα-

369 3994 574 4076 ραϐῶσι
605 4001 697 4056 τὸν
728 4000 926 4075 νόμον.
960 4000 1311 4070 Θεσπίζοντες
1343 3998 1426 4056 6'11
1459 3997 1560 4055 οὐκ
1597 3996 1707 4054 ἔστι
1756 4019 1840 4053 σοι
1893 3997 2025 4060 Θεὸς

365 4084 550 4166 ἕτερος
599 4088 689 4145 καὶ
738 4087 894 4153 αὖθις
939 4089 1065 4146 τότε
1121 4086 1446 4146 ἐδειλίασαν·
1481 4086 1571 4144 ὅτε
1605 4086 1706 4143 οὐκ
1733 4090 1799 4157 ῆν
1834 4081 2022 4166 φόϐος·

367 4174 460 4233 6'13
513 4178 614 4256 γὰρ
673 4179 1068 4257 ἀναρτήσαντες
1130 4178 1288 4235 αὐτὸν
1343 4177 1430 4234 ἐπὶ
1489 4176 1787 4254 σωτηρίου,
1841 4173 2023 4247 ἔδοξαν

367 4265 731 4345 ἀπηλλάχθαι
785 4267 951 4324 αὐτοῦ
977 4268 1306 4340 τεθνηκότος
1333 4265 1463 4339 ἤδη,
1497 4267 1620 4323 τότε
1678 4260 2025 4344 ἐφοϐήθησαν

366 4354 594 4434 σφόδρα·
630 4355 836 4421 ἰδόντες
882 4357 975 4414 τὸν
1035 4358 1256 4434 σεισμὸν
1296 4358 1388 4414 καὶ
1438 4356 1507 4412 τὰ
1562 4355 1828 4432 γενόμενα
1874 4376 2026 4426 τηνι-

365 4449 540 4502 καῦτα
598 4452 820 4521 σημεῖα·
879 4446 972 4503 καὶ
1027 4445 1192 4504 πάλιν
1254 4444 1620 4508 δειλιάσαντες
1669 4447 1885 4520 μήποτε
1940 4441 2029 4499 ἐλ-

369 4534 551 4598 θόντες
608 4537 661 4591 οἱ
721 4536 961 4610 μαθηταὶ
1027 4536 1192 4592 αὐτοῦ
1245 4536 1438 4598 νυκτὸς
1505 4535 1781 4611 κλέψωσιν
1841 4533 2021 4589 αὐτόν·

1929 2746 2030 2802 οὐκ

2113 600 2257 656 στόν·
2316 600 2514 656 τούτου
2563 599 2666 676 γὰρ
2713 603 2811 654 τοῦ
2859 596 2997 654 λαοῦ
3043 601 3141 670 τήν
3198 600 3425 677 βουλὴν,
3475 602 3786 682 ἐφαύλισαν

2111 688 2394 760 Ἰουδαῖοι,
2425 689 2516 745 καὶ
2549 686 2980 763 διεκωμῴδησαν
3035 689 3109 752 ὼς
3163 691 3390 764 ματαίαν
3427 711 3438 724 ·
3505 692 3688 768 βουλή
3724 689 3794 748 δὲ

2110 778 2306 835 τούτου
2352 780 2419 850 ἦν
2469 779 2532 836 τὸ
2583 776 2978 855 παραδέξασθαι
3028 779 3127 848 τήν
3175 779 3254 842 εἷς
3286 782 3518 857 Χριστὸν
3546 781 3740 837 πίστιν
3769 799 3785 814 ·

2109 870 2174 926 τὸ
2208 868 2285 942 δὲ,
2321 894 2350 924 ‹‹
2381 869 2471 934 Τίς
2504 867 2666 925 δώσει
2696 870 2756 925 ἐκ
2789 869 2931 925 Σιὼν
2962 870 3025 924 τὸ
3055 872 3328 946 σωτήριον
3355 875 3454 926 τοῦ
3505 869 3742 946 Ἰσραήλ
3771 890 3790 941 ;

2116 959 2233 1015 ἀντὶ
2280 964 2378 1016 τοῦ
2425 957 2517 1022 Τίς
2559 953 2759 1022 ἀναϐὰς
2807 958 2883 1021 εἰς
2926 958 2991 1014 τὸ
3037 958 3274 1014 κυκλοῦν
3339 961 3441 1030 τήν
3505 966 3793 1036 Ἰερουσα-

2115 1047 2239 1123 λὴμ
2268 1044 2395 1126 ὅρος
2423 1049 2586 1108 ,Σιὼν
2630 1045 2994 1120 καλούμενον,
3047 1046 3407 1124 ἀναγνώσεται
3445 1047 3527 1123 τῷ
3559 1047 3686 1121 λαῷ
3718 1048 3792 1103 16

2116 1141 2431 1216 σωτήριον;
2481 1137 2726 1194 τουτέστι
2766 1136 2897 1200 τοὺς
2943 1136 3169 1210 νόμους.
3241 1138 3407 1200 Ἐθος
3448 1138 3552 1215 γὰρ
3597 1138 3668 1208 ἧν
3733 1137 3792 1193 ἐν

2113 1227 2348 1306 ἡμέραις
2405 1227 2730 1304 ὡρισμέναις
2787 1231 2950 1283 τοῦτο
2998 1231 3196 1283 ποιεῖν.
3247 1232 3416 1283 Τοῦτο
3473 1224 3532 1283 δὲ
3603 1225 3793 1305 λέγει,

2115 1317 2474 1397 προφητεύων
2531 1318 2608 1381 ὡς
2671 1324 2773 1388 τῆς
2857 1317 3219 1394 Ἰερουσαλὴμ
3305 1317 3409 1372 ὑπὸ
3485 1317 3792 1392 Ῥωμαίων

2117 1406 2598 1484 πολιορκηθείσης,
2647 1411 2746 1462 τοῦ
2794 1404 3132 1483 Εὐαγγελίου
3181 1403 3240 1460 δὲ
3287 1407 3355 1462 τὰ
3419 1405 3628 1484 πέρατ»
3677 1415 3794 1478 τῆς

2117 1504 2224 1573 γῆς
2279 1491 2695 1575 περιλαϐόντος,
2743 1495 2847 1552 οὐκ
2893 1493 2970 1551 ἔτι
3013 1500 3177 1552 τοῦτο
3223 1497 3551 1572 γενήσεται·
3617 1495 3671 1550 ἐν
3702 1493 3795 1571 τῷ

2121 1587 2437 1664 ἐπιπρέψαι
2497 1584 2554 1642 δέ
2611 1587 2839 1664 Χριστὸν
2897 1585 3287 1662 αἰχμαλωσίαν
3335 1590 3432 1641 τοῦ
3489 1584 3629 1643 λαοῦ
3686 1586 3793 1641 αὐ-

2124 1681 2222 1734 τοῦ
2248 1699 2260 1712 ·
2296 1675 2456 1732 δώσω
2488 1698 2571 1732 σοι
2602 1677 2725 1753 γὰρ,
2760 1678 2943 1754 φησίν,
2979 1673 3102 1746 ἔθνη
3132 1676 3232 1744 τὴν
3270 1674 3652 1749 κληρονομίαν
3687 1697 3794 1731 σου

2120 1768 2189 1837 ἢν
2220 1765 2626 1843 ᾐχμαλώτευσε
2652 1769 2732 1839 τῷ
2764 1763 2949 1840 δόρατι
2979 1771 3082 1835 τῆς
3112 1763 3327 1832 πλάνης
3359 1765 3387 1819 6
3408 1760 3693 1827 διάϐολος.

2195 1857 2267 1912 Τὸ
2315 1853 2387 1911 δὲ’
2435 1879 2465 1909 ‹‹
2513 1852 2930 1932 Ἀγαλλιάσεται
2975 1848 3171 1910 Ἰακὼϐ
3219 1853 3310 1910 καὶ
3353 1853 3792 1932 εὐφρανθήσεται

2049 1905 2097 1970 Β
2128 1943 2379 2022 Ἰσραήλ·
2422 1968 2452 1997 ››
2514 1905 2664 1999 τοῦτ’
2719 1943 2861 1998 ἐστὶν
2922 1943 2976 1998 οἱ
3032 1942 3093 1998 ἐκ
3121 1949 3223 2016 τῆς
3276 1905 3664 2020 ῥίζηςῐῑιακὼϐ
3692 1947 3799 1998 τοῦ

2128 2033 2352 2112 Ἰσραὴλ
2410 2032 2602 2112 φύντες
2659 2039 2986 2111 προφῆται·
3054 2029 3108 2087 οτί
3159 2037 3322 2088 τοῦτο
3380 2035 3796 2110 προκατήγγει-

2131 2123 2254 2182 λαν.
2310 2121 2765 2199 Ἀγαλλιάσονται
2821 2119 2879 2176 δὲ
2923 2121 3013 2176 καὶ
3065 2119 3796 2200 εὐφανθήσονταικλέπτον-

2128 2233 2217 2275 τες
2271 2215 2380 2267 τῶν
2425 2214 2774 2289 προφητειῶν
2825 2210 3000 2265 αὐτῶν
3042 2211 3140 2272 τὰς
3189 2205 3457 2274 ἐκϐασεις·
3502 2211 3539 2281 ἢ
3582 2205 3790 2268 Ἰακὼϐ

2130 2301 2223 2359 καὶ
2252 2299 2472 2378 Ἰσραὴλ
2529 2300 2581 2355 οἱ
2623 2298 2968 2362 πιστεύοντές
3017 2299 3172 2372 εἰσιν,
3223 2299 3298 2362 ὼς
3347 2299 3797 2376 ἀντεισαχθέντες

2130 2395 2240 2447 τῶν
2275 2386 2554 2446 Ἰουδαίων
2609 2389 2692 2452 οἷς
2737 2389 2804 2460 ἦν
2853 2387 3120 2466 πρόγονος
3163 2384 3382 2462 Ἰακὼϐ,
3433 2389 3801 2468 Ἐπιστρέψαι

2136 2477 2195 2536 δὲ
2223 2479 2287 2536 τὸ
2315 2477 2648 2557 ἀποστρέψαι
2681 2477 2759 2542 εἰς
2788 2477 2855 2534 τὰ
2885 2477 3058 2534 οἰκεῖα
3087 2478 3161 2534 ὧν
3193 2476 3458 2550 ἐξέπεσεν.

2748 2610 2849 2660 ΨΑ
2858 2609 3044 2660 ΛΜΟΣ
3085 2605 3186 2665 ΙΔ’.

2219 2718 2240 2748 ιι
2275 2693 2372 2757 Εἰς
2399 2693 2464 2749 τὸ
2491 2691 2674 2767 τέλος,
2707 2691 2926 2768 ψαλμὸς
2955 2698 3034 2767 τῷ
3064 2691 3248 2751 Δαυῒδ.
3283 2717 3312 2745 ››
3353 2727 3426 2736 -
3473 2691 3575 2750 Καὶ
3608 2692 3803 2756 ἄλλως

2143 2783 2221 2846 εἰς
2250 2784 2313 2839 τὸ
2340 2781 2500 2839 τέλος
2534 2783 2692 2846 οὗτος
2738 2782 3129 2861 ἐπιγέγραπται
3163 2802 3176 2816 ·
3230 2780 3371 2838 διότι
3425 2784 3614 2840 ὁποῖον
3666 2784 3800 2840 εἶναι

2140 2874 2256 2950 χρὴ
2285 2874 2376 2928 τὸν
2409 2874 2526 2928 κατ’
2555 2873 2749 2948 ἀρετὴν
2780 2871 2989 2928 τέλειον
3025 2872 3346 2952 ὑπογράφει.

2210 2986 2240 3015 ‹‹
2289 2961 2472 3040 Κύριε,
2525 2961 2611 3024 τίς
2693 2963 3016 3040 παροικήσει
3076 2961 3128 3018 ἐν
3177 2967 3257 3034 τῷ
3304 2961 3627 3037 σκηνώματί
3673 2984 3785 3034 σου,

2136 3051 2172 3120 ἢ
2216 3050 2300 3114 τίς
2344 3051 2750 3122 κατασκηνώσει
2801 3050 2853 3107 ἐν
2901 3047 3016 3128 ὅρει
3066 3050 3204 3128 ἀγίῳ
3253 3071 3384 3122 σου;
3449 3077 3470 3105 ι
3506 3085 3572 3094 ——
3602 3053 3652 3106 Ὀ
3682 3051 3778 3123 μὲν

2138 3139 2402 3204 Ἰουδαῖος
2451 3140 2661 3196 ἀκούων
2704 3141 3039 3215 σκηνώματα
3094 3145 3230 3197 Θεοῦ
3277 3142 3370 3196 καὶ
3439 3137 3556 3217 ὅρος
3619 3138 3770 3215 ἅγιρν

2139 3228 2294 3292 εὐθὺς
2353 3230 2444 3286 τὸν
2497 3229 2548 3285 ἐν
2629 3229 3038 3304 Ἰεροσολύμοις
3112 3228 3281 3285 ἐννοεῖ
3349 3231 3473 3286 ναὸν
3543 3228 3634 3284 καὶ
3713 3227 3780 3283 16

2135 3317 2438 3395 γειτνιάζον
2500 3316 2628 3394 ὅρος
2688 3320 2855 3377 Σιών.
2912 3320 3073 3377 Ἲστω
3127 3316 3186 3374 δὲ
3241 3317 3326 3375 ὅτι
3385 3315 3538 3374 οῦπῶ
3596 3312 3720 3373 οῧτε
3758 3318 3788 3373 6

2130 3409 2258 3472 ναὸς
2305 3406 2656 3483 ᾠκοδόμητο.
2713 3405 2837 3464 οὔτε
2879 3407 2942 3464 τὸ
2987 3408 3113 3486 ὅρος
3157 3409 3301 3464 Σιὼν
3334 3408 3566 3486 ἡγέαστο
3602 3425 3616 3440 ·
3653 3407 3789 3482 μετᾶ

2130 3498 2232 3575 γὰρ
2261 3498 2353 3554 τὸν
2409 3495 2573 3553 Δαυῒδ
2621 3497 2794 3553 πάντα
2841 3497 3097 3575 γεγόνασι
3128 3516 3141 3530 ·
3177 3497 3372 3554 λοιπὸν
3406 3496 3499 3553 οὖν
3534 3495 3789 3552 ἀνοικτέον

2130 3587 2199 3642 τὰ
2259 3586 2444 3664 ῥητά·
2510 3588 2841 3664 σχηματίζει
2900 3589 3005 3665 γὰρ
3071 3588 3163 3643 τὸν
3224 3585 3387 3664 λόγον
3449 3587 3480 3642 6
3513 3584 3680 3642 Δαυίδ
3713 3584 3796 3650 είς

2133 3675 2400 3753 ἐρώτησιν
2453 3677 2856 3751 πυνθανόμενος
2901 3675 2984 3732 6'11
3024 3676 3116 3740 Τίς
3149 3675 3289 3732 ἐστιν
3323 3675 3384 3740 ὅς
3413 3679 3639 3748 ποιήσει
3667 3673 3804 3732 τοδε

2132 3765 2224 3822 καὶ
2251 3763 2378 3822 τόδε
2400 3785 2415 3840 ;

2206 3854 2446 3932 «Κύριε,
2495 3853 2580 3918 τίς
2628 3857 2955 3932 παροικήσει
3004 3853 3056 3911 ἐν
3112 3859 3192 3929 τῷ
3241 3855 3562 3929 σκηνώματί
3595 3873 3735 3926 σου;
3768 3876 3798 3910 ι

2133 3976 2204 3991 --
2233 3943 2501 4021 Παροικία
2534 3944 2629 4018 μὲν
2673 3940 2813 4000 ἔστιν
2868 3947 2903 4015 ἡ
2959 3943 3010 3999 ἐν
3048 3942 3332 4020 ἀλλοτρίῳ
3360 3943 3498 4017 οἷ’κῳ
3528 3944 3803 4020 πρόσκαι-

2137 4053 2229 4110 ρος
2272 4027 2522 4106 διατριϐή
2560 4051 2574 4066 ·
2628 4035 2895 4106 σκήνωμα
2946 4030 3005 4088 δὲ
3042 4035 3230 4108 ψυχῆς
3267 4033 3332 4088 τὸ
3372 4036 3534 4106 σῶμα
3561 4033 3610 4104 ᾧ
3642 4032 3805 4108 ἐγκα-

2137 4123 2414 4196 σῲκισται.
2465 4123 2677 4198 Ἐρωτᾷ
2725 4119 2784 4177 δὲ
2835 4127 3041 4196 μαθεῖν,
3089 4122 3172 4184 τίς
3221 4120 3360 4177 ἐστιν
3414 4124 3444 4177 6
3491 4119 3704 4183 τέλειος
3740 4121 3804 4184 ὃς

2134 4211 2420 4290 παροικίαν
2503 4210 2833 4288 πρόσκαιρον
2911 4213 3176 4287 ἡγήσεται
3257 4211 3358 4280 τήν
3439 4209 3493 4266 ἐν
3574 4211 3799 4285 σώματι

2138 4303 2307 4375 ζωὴν,
2357 4302 2450 4356 καὶ
2498 4301 2575 4364 ὡς
2622 4298 2908 4378 ἀλλοτρίῳ
2953 4305 3032 4373 τῷ
3080 4300 3295 4374 σώματι
3343 4301 3639 4376 χρήσεται.
3682 4302 3799 4358 Μι-

2134 4391 2239 4468 κρά
2293 4389 2490 4446 τούτου
2550 4388 2851 4466 φροντίζων
2903 4390 3005 4459 τὴν
3066 4393 3163 4445 σοῦ
3220 4387 3563 4463 ἀντωνυμίαν
3593 4388 3802 4465 προσέ-

2137 4491 2298 4552 θηκεν
2325 4483 2404 4552 τῷ
2435 4478 2756 4553 σκηνώματι
2788 4476 2973 4549 δηλῶν
3006 4477 3090 4534 6'11
3135 4483 3234 4534 τοῦ
3284 4483 3420 4534 Θεοῦ
3467 4477 3560 4533 καὶ
3613 4477 3805 4555 Λόγου

2138 4568 2296 4646 ἐργον
2352 4567 2464 4623 ἐστὶ
2519 4566 2613 4623 καί
2667 4569 2796 4645 παρ’
2854 4568 3019 4624 αὐτοῦ
3076 4572 3145 4642 τῇ
3213 4570 3367 4645 ψυχῆ
3429 4564 3805 4642 ᾠκοδομήθη,

439 4625 455 4648 ‘
719 4630 748 4640 ~
1085 4627 1098 4649 Ι
1750 4629 1778 4639 ⁸⁸
2146 4623 2187 4646 ’I’
2213 4623 2224 4645 |
2749 4623 2758 4645 Ι
2942 4623 2945 4624 ν
3094 4623 3145 4642 ⁷1*
3227 4623 3238 4642 ι
3295 4623 3330 4645 Α
3356 4623 3367 4638 ¹
3447 4623 3456 4641 Ι
3526 4623 3529 4624 ⁷
3619 4623 3630 4641 Ι
3685 4623 3696 4638 ⁸
3767 4623 3805 4642 ,τ

367 4645 480 4734 tu".
516 4623 607 4734 ὃ,ιέ
648 4646 816 4734 ἔξωτο
875 4626 1641 4734 οξτρατιὲταςηὲπιπήξανῖες
1844 4627 2022 4734 τάῗίξξ
2053 4649 2101 4715 D
2130 4658 2167 4729 ἢ
2228 4657 2311 4714 6'11
2403 4656 2494 4712 καὶ
2571 4656 2734 4721 αὐτὸς
2807 4662 2968 4714 τοῦτο
3045 4659 3315 4728 σκηνώσει
3376 4657 3428 4712 ἐν
3488 4651 3605 4734 ὄρει
3657 4657 3808 4734 ἁγίῳ

368 4715 480 4771 ἐκεῖ
536 4712 836 4772 ἐδειλίασαν
895 4715 948 4772 ἐν
1009 4711 1186 4795 φόϐῳ,
1220 4714 1358 4772 ὅπου
1408 4713 1507 4770 οὐκ
1561 4715 1628 4784 ἧν
1679 4708 1868 4792 φόϐος·
1902 4711 2028 4768 οὐδὲ

366 4804 470 4882 γὰρ
527 4803 603 4867 εἰς
659 4807 781 4861 νοῦν
838 4805 890 4861 οἱ
951 4806 1190 4880 μαθηταὶ
1265 4809 1426 4861 τοῦτο
1504 4799 1765 4874 ἔϐαλλον,
1823 4801 2026 4858 ἐκείνου

367 4893 728 4968 προειπόντος
805 4892 1163 4969 αὐτεξουσίως
1260 4895 1554 4966 ἀναστῆναι
1641 4891 1778 4967 μετὰ
1845 4891 2028 4969 τρίτην

375 4982 607 5060 ἡμέραν.

442 5110 513 5164 Τὸ
545 5105 622 5183 δὲ,
657 5134 688 5164 ‹‹
737 5108 934 5186 Κύριος
978 5109 1031 5166 ἐν
1083 5114 1240 5188 γενεᾷ
1297 5106 1544 5182 δικαίων,
1578 5131 1607 5161 ››
1667 5107 1780 5163 ἀντὶ
1826 5111 1924 5164 τοῦ
1974 5107 2028 5163 ἐν

372 5199 677 5272 συστήματι
725 5204 835 5255 τῶν
885 5199 937 5274 ἐξ
1005 5200 1170 5256 ἐθνῶν
1244 5196 1697 5255 πεπιστευκότων·
1759 5197 1815 5252 οἳ
1895 5199 2032 5272 μετά

371 5287 472 5356 τὴν
534 5285 821 5363 ἐπίγνωσιν
868 5287 980 5362 ὀδῷ
1035 5287 1217 5363 δικαίᾳ
1272 5287 1362 5344 καὶ
1425 5284 1683 5364 βασιλικῇ
1738 5285 2034 5362 ἐπορεύθη-

379 5393 492 5431 σαν·
551 5380 660 5432 τῶν
716 5377 819 5455 γὰρ
877 5376 1152 5435 Ἰουδαίων
1211 5379 1286 5453 μὴ
1345 5375 1646 5450 δεξαμένων
1701 5375 1883 5448 αὐτὸν,
1942 5376 2030 5431 ἐπὶ

376 5464 443 5520 τὰ
502 5463 628 5534 ἔθνη
692 5468 962 5540 μετέθετο.
1017 5470 1088 5524 T6
1140 5465 1218 5537 δὲ,
1256 5491 1277 5520 ι
1321 5463 1538 5535 Βουλήν
1571 5470 1804 5541 πτωχοῦ
1859 5487 2030 5540 κπτῃ-

380 5556 633 5630 σχύνατε,
667 5559 1028 5631 »νοήσωμεν
1087 5557 1334 5634 εἰρῆσθαι
1392 5555 1530 5632 πρὸς
1588 5552 1885 5618 Ἰουδαίους
1945 5553 2034 5610 διὰ

376 5644 467 5698 τὸν
502 5642 553 5713 ἐξ
586 5643 744 5698 ἐθνῶν
778 5641 908 5700 λαὸν
938 5647 1031 5702 τὸν
1063 5645 1233 5702 πάλαι
1270 5645 1366 5721 μὶν
1419 5645 1662 5720 πτωχὸν,
1694 5647 1792 5713 τήν
1849 5643 2034 5700 οὐσίαν

376 5738 477 5804 τῆς
507 5730 835 5810 θεογνωσίας
865 5736 933 5807 ἧς
980 5735 1214 5808 ἐξέπεσιν
1270 5734 1351 5798 εἰς
1405 5729 1613 5790 εἴδωλα
1661 5733 2028 5812 μετενεχθεὶς,

2137 4769 2255 4806 σου.
2316 4748 2739 4819 Κατασκήνωσις
2809 4747 2904 4820 μὶν
2973 4749 3008 4818 ἡ
3074 4747 3125 4821 ἐξ
3195 4744 3515 4825 ὁδοιπορίας
3605 4741 3812 4823 βεϐαία

2135 4838 2511 4902 κατάπαυσις·
2567 4837 2697 4915 ὅρος
2766 4836 2823 4893 δὲ
2900 4837 3053 4916 ἅγιον
3135 4839 3163 4894 ὁ
3237 4839 3633 4916 ὑπερουράνιος
3705 4838 3810 4893 τό-

2136 4950 2258 5002 πος,
2315 4932 2422 4984 τῶν
2479 4932 2742 4984 ταπεινῶν
2801 4928 2892 4982 καὶ
2971 4928 3282 5004 ἐγκοσμίων
3367 4925 3752 5004 ὑπερηρμένος
3789 4945 3807 4961 ο

2139 5017 2266 5097 φρσὶ
2324 5017 2428 5095 γὰρ
2479 5018 2506 5072 6
2564 5016 2902 5080 Ἀπόστολος
2937 5036 2950 5051 ·
3022 5042 3051 5071 ‹‹
3111 5016 3572 5095 Προσεληλύθατε
3655 5016 3809 5071 Σιὼν

2139 5104 2253 5185 ὄρει
2283 5106 2374 5163 καὶ
2405 5101 2566 5164 πόλει
2599 5107 2733 5163 Θεοὺ
2767 5111 2970 5177 ζῶντος
3001 5105 3364 5183 Ἰερουσαλὴμ
3403 5105 3733 5180 ἐπουρανίῳ.
3773 5129 3808 5158 ι»

2137 5197 2227 5254 καὶ
2257 5197 2366 5270 τίς,
2397 5197 2583 5276 φησὶν,
2614 5195 2721 5252 ἀπὸ
2750 5200 2849 5253 τοῦ
2896 5197 3168 5274 παρόντος
3229 5196 3349 5273 βίου
3410 5195 3471 5259 ὅς
3529 5193 3641 5251 ἐστι
3674 5194 3809 5250 στά-

2141 5284 2255 5344 διον
2311 5284 2721 5363 εὐθυδρομήσας
2752 5288 3162 5359 κατασκηνώσει
3195 5285 3246 5342 ἐν
3278 5291 3399 5349 τοῖς
3449 5284 3811 5362 ἐπουρανίοις

2141 5381 2368 5447 σκηναῖς
2397 5381 2514 5438 ταῖς
2548 5373 2961 5447 αἶ’ωνιζούσαις;

2214 5489 2244 5520 (ι
2277 5472 2654 5543 Πορευομενος
2721 5463 2959 5540 ἄμωμος
3019 5465 3110 5522 καὶ
3169 5465 3531 5544 ἐργαζόμενος
3598 5461 3814 5520 δικαιο-

2143 5556 2328 5626 σύνην.
2365 5579 2394 5609 ››
2451 5587 2522 5598 —-
2573 5559 2742 5610 Τοῦτο
2801 5559 2903 5630 τῇς
2936 5555 3262 5632 ἐρωτήσεως
3309 5558 3344 5626 ἡ
3377 5554 3692 5630 ἀπόκρισις,
3727 5554 3811 5616 ὡς

2142 5645 2348 5709 ἐκεινος
2403 5646 2726 5721 παροικήσει
2778 5644 2869 5700 καὶ
2923 5642 3354 5716 κατασκηνώσει,
3427 5645 3456 5699 6
3538 5643 3815 5717 κεκτημέ-

2142 5756 2238 5800 νος
2263 5735 2334 5793 τὰ
2362 5734 2596 5815 ῥηθῆναι
2631 5732 2908 5812 μέλλοντα
2931 5735 3023 5793 καὶ
3055 5733 3417 5815 διαζωγραφεὶ
3470 5734 3564 5792 τὸν
3628 5731 3808 5812 λόγον
