4072 6444
255 408 408 477 i385

1474 411 1891 476 EXPOSITIO
1937 415 2013 476 IN
2060 413 2201 476 PSA
2214 414 2447 478 LMOS.

3520 416 3673 480 1386

248 547 342 602 τὸν
426 544 696 623 ἐνάρετον,
766 544 989 617 ἐκεῖνος,
1066 542 1250 623 φησὶν,
1327 542 1389 606 ’ὀς
1424 554 1431 571 ¹
1465 541 1525 598 ἂν
1609 542 1908 618 πορεύηται
1937 549 1993 616 Α
2022 543 2113 599 καὶ
2143 543 2331 600 πάλιν·
2366 570 2395 599 ‹‹
2427 547 2687 624 Μάρτυρα
2712 544 2804 602 τὸν
2836 543 2964 601 Θεὸν
2997 541 3386 620 ἐπικαλοῦμαι,
3421 567 3451 597 ››
3482 542 3574 601 καί
3611 544 3681 601 τὰ

250 633 542 710 ἄμεμπτος
599 636 689 692 καὶ
746 634 1042 712 ἐργάζηται
1099 631 1466 702 δικαιοσύνην,
1516 632 1606 687 καὶ
1675 631 1908 706 ἄμωμον

251 724 462 793 οἰητέον
524 726 614 780 τὸν
673 724 724 779 ἐν
785 722 988 801 θεωρίᾳ
1071 722 1475 796 τελειούμενον·
1539 718 1629 777 διὰ
1707 721 1909 793 ταύτης

248 815 350 892 γὰρ
406 813 692 891 πορεύεται
747 814 884 890 πρὸς
943 811 1169 889 οὐρανὸν
1204 812 1232 867 6
1261 815 1407 874 νοῦς·
1460 808 1668 866 δίκαιον
1707 809 1785 880 δὲ,
1818 812 1908 866 τὸν

250 902 436 981 πράξει
512 902 990 977 καταρτιζόμενον·
1059 904 1095 971 ἡ
1169 899 1390 975 ἐργασία
1463 901 1568 977 γάρ
1641 900 1907 977 πράξεως.

249 994 533 1049 Ἑνεστῶτι
594 991 651 1048 δὲ
705 991 895 1069 χρόνῳ
950 990 1032 1046 ἐπ’
1090 990 1293 1068 ἀμφοῖν
1356 988 1653 1065 ἐχρήσατο,
1703 986 1793 1044 διὰ
1846 989 1909 1045 τὸ

253 1083 328 1155 μή
364 1079 568 1158 χρῆναί
624 1101 759 1136 ποτε
806 1078 1000 1156 λήγειν
1046 1080 1137 1135 τὸν
1184 1077 1359 1142 οὕτως
1400 1075 1619 1153 ἔχοντα.
1652 1077 1908 1152 Πολυμε-

252 1175 378 1247 ροῦς
438 1167 497 1225 δὲ
553 1171 655 1238 τῆς
710 1176 1014 1246 πρακτικῆς
1070 1167 1239 1239 οῦσης
1285 1163 1578 1245 περιέλαϐε
1606 1173 1778 1223 πᾶσαν
1829 1166 1910 1241 τῷ

245 1266 347 1330 τῆς
403 1257 642 1315 καθόλου
696 1256 1047 1326 δικαιοσύνης
1105 1256 1355 1332 ὀνόματι·
1419 1256 1559 1331 μόνη
1616 1258 1783 1334 γὰρὴ
1827 1254 1912 1313 δι-

247 1347 505 1420 καιοσύνη
562 1346 760 1411 πάσαις
810 1347 1091 1424 ἐποχεῖται
1157 1352 1280 1409 ταῖς
1335 1347 1601 1423 ἀρεταῖς·;
1634 1343 1908 1402 δικαιοσύ-

247 1459 313 1509 νη
369 1440 471 1515 γάρ
529 1437 670 1493 ἐστιν
719 1439 755 1508 ἡ
801 1436 1028 1504 ἐκάπης
1093 1434 1493 1513 οἰκειοπραγία·
1550 1433 1790 1492 καθόλου
1849 1433 1909 1491 δὲ

245 1528 346 1597 τήν
406 1524 755 1599 δικαιοσύνην
816 1527 950 1600 θεὶς,
1009 1525 1123 1582 εἶτα
1179 1524 1272 1581 καὶ
1325 1525 1463 1581 κατά
1492 1523 1685 1603 ’μέρος
1737 1524 1904 1596 αὐτὴν

246 1615 499 1688 ἐπέξεισι.

322 1746 352 1776 ‹‹
386 1722 583 1780 Λαλῶν
641 1720 901 1794 ἀλήθειαν
951 1720 1002 1778 ἐν
1061 1719 1259 1799 καρδίᾳ
1311 1722 1497 1780 αύτοῦ.
1533 1747 1561 1776 ››
1594 1755 1664 1767 -
1691 1723 1903 1796 Ἀληθῆ

155 1847 171 1863 .
247 1812 594 1888 δογματίζων
626 1812 719 1867 καὶ
750 1808 1240 1889 δογματιζόμενος.

323 1943 343 1971 ιι
378 1920 471 1981 Ὃς
499 1917 600 1974 οὐκ
628 1914 898 1974 ἐδόλωσεν
930 1918 983 1973 ἐν
1010 1916 1238 1995 γλώσσῃ
1266 1917 1454 1978 αὐτοῦ.
1487 1942 1517 1973 ››
1545 1953 1616 1963 —-—
1642 1919 1907 1997 Πρόσεστι
1935 1924 1985 1990 Β

249 2005 429 2079 ἀληθῆ
462 2007 553 2063 καὶ
592 2004 766 2063 ἄδολα
815 2005 1017 2084 λέγων,
1047 2007 1346 2082 τουτέστιν,
1378 2007 1559 2080 ἀληθῆ
1602 2008 1694 2065 καὶ
1753 2008 1906 2087 λογι-

251 2096 477 2171 ζόμενος
534 2095 586 2151 ἐν
647 2097 823 2169 ἐαυτῷ
877 2096 968 2152 καὶ
1026 2096 1203 2173 λέγων
1234 2099 1371 2175 πρὸς
1401 2096 1629 2162 ἄλλους·
1662 2095 1752 2154 διὰ
1810 2099 1904 2172 μὲν

245 2193 347 2256 τῆς
402 2182 628 2263 καρδίας
683 2184 777 2240 τὸν
828 2182 1126 2241 ἐνδιάθετον
1173 2183 1341 2263 λόγον
1372 2184 1675 2259 ἐδήλωσεν,
1707 2185 1796 2243 διὰ
1851 2185 1909 2244 δὲ

249 2282 348 2347 τῆς
375 2273 634 2351 γλώττης
661 2275 753 2331 τὸν
786 2274 1178 2356 προσφορικόν.

323 2413 353 2444 ι(
382 2389 483 2446 Καὶ
539 2389 639 2446 οὐκ
689 2387 914 2458 ἐποίησε
967 2394 1048 2463 τῷ
1104 2387 1340 2460 πλησίον
1415 2389 1581 2447 αὐτοῦ
1653 2392 1842 2450 κακόν.
1875 2415 1905 2445 ››

247 2512 319 2523 --
346 2478 591 2551 Πλησίον
616 2476 772 2553 ἐσμὲν
806 2476 1075 2551 ἀλλήλων
1102 2478 1140 2549 ἢ
1170 2483 1249 2552 τῷ
1276 2478 1457 2553 ταύτῷ
1500 2486 1602 2550 τῆς
1652 2480 1906 2558 πίστεως,

248 2569 284 2639 ἢ
314 2572 384 2643 τῇ
416 2566 600 2644 σχέσει
630 2571 726 2622 τοῦ
757 2565 1036 2643 λέγοντος.
1060 2568 1232 2623 Κακὸν
1265 2564 1323 2624 δὲ
1354 2569 1504 2645 λέγει
1532 2570 1633 2640 τὴν
1668 2564 1904 2647 βλάϐην·

252 2655 573 2721 ἀκολούθως
632 2653 690 2711 δὲ
748 2660 968 2733 πρῶτον
1041 2656 1417 2731 ἐμνημόνευσε
1490 2656 1737 2736 καρδίας,
1795 2660 1910 2715 εἶτα

252 2746 534 2824 γλώσσης,
596 2745 711 2802 εἶτα
766 2748 1064 2817 ποιήσεως·
1127 2746 1434 2822 ἐνθυμεῖται
1487 2749 1589 2826 γάρ
1640 2770 1745 2820 τις,
1796 2749 1909 2805 εἶτα

252 2835 427 2913 λέγει,
456 2835 567 2890 εἶττ
594 2835 839 2912 πράττει.

323 2968 353 2997 ι(
386 2942 488 3001 Καὶ
517 2939 827 3016 ὀνειδισμὸν
860 2941 960 2998 οὐκ
987 2938 1177 2999 ἔλαϐεν
1227 2942 1316 2999 ἐπὶ
1363 2943 1492 3008 τοὺς
1550 2942 1765 3022 ἔγγιστα
1816 2945 1909 3001 αύ-

244 3036 366 3091 τοῦ,
406 3056 428 3085 »
461 3064 532 3075 —-—
586 3031 786 3086 Ταυτὸν
840 3027 1060 3108 ἔγγιστα
1111 3032 1203 3087 καὶ
1246 3031 1507 3105 πλησίον·
1556 3034 1648 3089 καὶ
1695 3035 1756 3097 ’ὸς
1809 3034 1910 3090 οὐκ

250 3115 443 3177 ἐλαϐεν
478 3118 809 3195 ὀνειδισμὸν,
838 3120 1077 3196 καθάπερ
1125 3119 1297 3177 ὅπλον
1347 3122 1485 3178 κατὰ
1522 3127 1631 3178 τῶν
1690 3120 1910 3202 ἔγγιστα

246 3208 433 3266 αὐτοῦ·
493 3210 786 3283 τουτέστιν,
844 3210 906 3273 ὃς
963 3209 1064 3265 οὐκ
1117 3208 1389 3267 ὠνείδισεν
1450 3211 1664 3276 αύτούς·
1709 3212 1908 3288 πλημ-

252 3298 598 3372 μελήσαντας
654 3299 690 3368 ἢ
737 3299 1106 3376 πειραθέντας,
1138 3301 1174 3371 ἢ
1223 3298 1412 3365 ἄλλως
1466 3302 1823 3378 ἀτυχοῦντας·
1879 3296 1980 3364 5C

252 3388 347 3462 μὲν
404 3389 505 3465 γᾶιρ
595 3385 903 3462 ὀνειδισμὸς
972 3387 1133 3451 τέλος
1206 3387 1320 3467 ἔχει
1378 3389 1695 3465 κωμῳδίας·
1757 3393 1785 3448 6
1845 3390 1905 3449 δὲ

247 3473 485 3553 ἔλεγχος
518 3476 805 3555 διόρθωσιν
837 3475 1193 3554 σφαλμάτων·
1224 3478 1343 3543 ὅθεν
1394 3481 1486 3537 τὸν
1518 3477 1750 3558 ἔλεγχον
1807 3483 1901 3557 μὲν

251 3566 341 3622 ἐπὶ
362 3564 536 3639 καλοῦ
566 3562 943 3642 λαμϐάνομεν,
977 3565 1238 3625 οὐδέποτε
1267 3566 1326 3624 δὲ
1354 3570 1445 3625 τὸν
1489 3568 1795 3645 ὀνειδισμὸν
1827 3570 1902 3633 ὡς

252 3655 660 3713 ἐναντιώτατον.

326 3788 355 3817 ‹‹
388 3760 771 3836 Ἐξουδένωται
802 3761 1029 3819 ἐνώπιον
1062 3763 1229 3820 αὐτοῦ
1277 3766 1735 3844 πονηρευόμενος’
1775 3765 1906 3829 τοὺς

254 3850 314 3908 δὲ
369 3846 743 3930 φοϐουμένους
795 3852 888 3907 τὸν
934 3852 1131 3926 Κύριον
1189 3852 1421 3926 δοξάζει.
1455 3879 1484 3908 ››
1516 3889 1585 3902 —-
1632 3857 1909 3930 Διανέμων

248 3943 354 4020 γὰρ
385 3940 592 4015 ἐκάστῳ
618 3941 687 3996 τά
722 3941 858 4018 πρὸς
905 3940 1075 4013 ἀξίαν,
1103 3944 1195 3998 τὸν
1250 3944 1346 4017 μὲν
1390 3944 1632 4021 πονηρὰν
1686 3943 1907 4009 οὐδενὸς

254 4027 401 4102 ἄξιον
460 4033 676 4106 ἡγεῖται
728 4027 1023 4108 φαυλίζων·
1073 4030 1168 4087 κᾶν
1217 4029 1466 4107 πλούτῳ,
1522 4032 1618 4089 κᾶν
1674 4034 1911 4112 εὐγενείᾳ

251 4123 425 4193 κομᾷ,
454 4119 544 4174 καὶ
577 4116 1065 4201 ἄλλῃγπερίφανείᾳ
1108 4118 1467 4198 λαμπροτάτῃ
1511 4122 1649 4178 ἐστί·
1673 4125 1802 4187 τοὺς
1852 4122 1910 4181 δὲ

254 4203 628 4288 φοϐουμένους
655 4209 747 4264 τὸν
782 4208 909 4264 Θεὸν
945 4207 1259 4284 μεγαλύνει,
1292 4209 1388 4266 κᾶν
1417 4209 1468 4266 ἐν
1499 4217 1618 4275 τοῖς
1650 4211 1911 4278 ἐναντίοις

257 4299 602 4376 ἀτυχήμασιν
661 4296 1033 4374 εύρίσκωτται·
1098 4299 1353 4374 μακάριοι
1408 4301 1510 4378 γὰρ
1585 4302 1782 4366 πάντες
1857 4303 1912 4360 οἱ

256 4383 587 4467 φοϐούμενοι
617 4387 710 4444 τὸν
736 4386 957 4466 Κύριον.

329 4517 361 4547 ‹‹
400 4495 463 4552 Ὁ
493 4492 712 4568 ὀμνύων
741 4496 821 4567 τῷ
848 4490 1087 4566 πλησίον
1120 4493 1284 4550 αὐτοῦ
1333 4494 1421 4550 καὶ
1470 4495 1571 4552 οὑκ
1627 4498 1848 4558 ἀθετῶν.
1881 4524 1910 4554 ››

256 4615 328 4626 —-
373 4583 444 4638 T6
495 4582 715 4657 ὀμνύειν
764 4583 883 4638 ἀντὶ
928 4587 1026 4638 τοῦ
1074 4578 1511 4641 διαϐεϐαιοῦσθαι
1554 4583 1916 4663 παραλαμϐά-

259 4692 443 4728 νουσιν
480 4673 535 4728 0':
581 4670 957 4749 παλαιότεροι·
1005 4671 1202 4750 ὅρκους
1258 4674 1361 4750 γὰρ
1411 4671 1562 4730 οὐδὲν
1607 4673 1788 4747 ἕτερον
1842 4678 1919 4742 ὡς
1949 4666 1998 4733 D

263 4762 299 4830 ἡ
367 4754 658 4835 βεϐαίωσις
709 4758 902 4837 λόγου,
964 4760 1208 4839 μάρτυρα
1271 4760 1777 4840 παραλαμϐάνουσα
1826 4767 1919 4824 τὸν

2020 638 2266 692 τοιαῦτα.

2095 747 2122 775 ‹‹
2155 723 2233 780 Τὸ
2287 723 2543 801 ἀργύριον
2603 722 2769 779 αὐτοῦ
2833 720 2934 778 οὐκ
2982 718 3182 778 ἔδωκεν
3250 720 3338 778 ἐπὶ
3404 720 3570 796 τόκῳ.
3646 746 3677 775 ››

2021 845 2089 855 -
2118 817 2241 874 Τοῖς
2271 812 2525 890 ἀρχαίοις
2581 811 2704 869 λίαν
2754 809 3119 868 ἐπονείδιστον
3150 812 3219 882 ἦν
3247 814 3283 882 ἡ
3314 810 3676 890 τοκογλυφία,

2020 901 2110 957 καὶ
2161 900 2387 978 αἰσχρὸν
2458 902 2548 958 καὶ
2596 901 2991 958 κατάπτυστον·
3053 901 3083 956 6
3138 898 3243 978 γὰρ
3308 898 3562 975 ἐλεήμων
3620 899 3675 957 ἐν

2020 994 2193 1066 καιρῷ
2250 988 2505 1061 δανείζων
2565 991 2844 1067 ἀγαπητὸν
2896 992 3116 1066 ἡγεῖται
3178 988 3342 1063 μόνον
3376 983 3674 1045 ἀπολαϐεῖν

2019 1080 2048 1135 '6
2080 1076 2301 1138 δέδωκε.
2356 1084 2554 1136 Νοοῖτο
2587 1077 2635 1136 δ’
2664 1078 2724 1135 ἂν
2773 1079 2865 1135 καὶ
2919 1077 3119 1150 οὕτως,
3149 1076 3234 1133 δτι
3280 1078 3374 1134 τὸν
3419 1078 3545 1157 περὶ
3588 1077 3677 1135 εὖ·

2020 1163 2240 1232 λαϐείας
2275 1167 2445 1244 λόγον
2477 1169 2535 1233 ’ὸς
2580 1168 2720 1225 ἐστιν
2772 1166 3027 1245 ἀργύριον
3075 1168 3472 1245 πεπυρωμένον
3525 1163 3679 1223 δοκί-

2021 1278 2144 1331 μιον
2197 1261 2267 1332 τῇ
2321 1261 2418 1334 γῇ,
2446 1257 2514 1313 οὐ
2569 1251 2941 1314 κατεϐάλλετο
2971 1258 3135 1332 χάριν
3188 1258 3289 1312 τοῦ
3344 1252 3677 1331 κομίσασθαί

2013 1367 2067 1402 τι
2100 1346 2411 1420 σωματικὸν
2445 1347 2664 1425 ἀγαθὸν,
2698 1343 2846 1403 ἀλλὰ
2891 1349 3096 1420 προῖκα
3129 1344 3222 1400 καὶ
3267 1343 3495 1418 ἀμαθεῖς
3541 1345 3676 1401 πάν-

2014 1456 2111 1498 τας
2142 1432 2398 1507 ἐδίδαξεν.

2092 1546 2120 1576 ‹‹
2147 1523 2248 1579 Καὶ
2299 1522 2448 1602 δῶρα
2499 1523 2582 1579 ἐπ’
2631 1524 2833 1589 ἀθώοις
2882 1522 2984 1580 οὐκ
3027 1518 3245 1582 ἔλαϐεν.
3278 1546 3310 1578 ››
3339 1554 3412 1568 -
3456 1523 3674 1581 Ἕνεκεν

2016 1612 2233 1687 ἀθώων,
2268 1611 2408 1670 ὥστε
2436 1611 2641 1691 βλάψαι
2668 1612 2801 1678 τοὺς
2825 1612 3124 1677 ἀναιτίους.

2089 1727 2117 1755 ‹‹
2148 1708 2202 1758 Ὀ
2230 1706 2403 1759 ποιῶν
2433 1707 2603 1759 ταῦτα
2631 1702 2693 1759 ού
2725 1699 3116 1775 σαλευθήσεται
3147 1701 3226 1766 εἷς
3270 1700 3366 1757 τὸν
3416 1698 3609 1760 αἰῶνα.
3643 1723 3677 1755 ››

2022 1825 2084 1836 -
2142 1794 2606 1870 Διαζωγραφήσας
2661 1792 2754 1848 τὸν
2814 1791 2892 1856 εἷς
2948 1791 3146 1870 ἀρετὴν
3205 1788 3437 1864 τέλειον,
3477 1787 3676 1863 ἐπέθη-

2015 1901 2078 1936 κε
2129 1885 2211 1954 τῷ
2268 1879 2425 1957 λόγῳ
2477 1880 2638 1944 τέλος
2697 1880 2936 1953 ἐπάξιον·
2996 1880 3027 1935 6
3085 1883 3258 1936 ποιῶν
3330 1879 3456 1957 γὰρ,
3515 1878 3672 1959 φησὶ,

2013 1974 2203 2043 ταῦτα,
2262 1970 2332 2026 τὰ
2384 1971 2810 2048 προειρημμένα
2886 1966 3128 2042 δηλαδὴ,
3181 1965 3395 2032 τέλειος
3452 1964 3550 2043 ὣν,
3610 1966 3675 2024 ού

2014 2061 2513 2137 παρακινηθήσεται
2562 2066 2667 2131 τῆς
2717 2058 2769 2115 ἐν
2816 2056 2935 2133 Θεῷ
2984 2058 3216 2136 βάσεως.
3239 2056 3313 2113 Τὸ
3342 2053 3403 2112 δὲ
3447 2055 3525 2120 εἰς
3579 2053 3673 2113 τὸν

2017 2148 2187 2207 αἰῶνα
2227 2148 2343 2205 ἀντὶ
2389 2153 2488 2205 τοῦ
2537 2146 2628 2204 διὰ
2673 2146 2894 2211 παντός·
2925 2147 2964 2218 ἢ
2993 2146 3085 2204 καὶ
3121 2146 3259 2203 κατά
3296 2144 3391 2202 τὸν
3436 2144 3677 2225 παρόντα

2020 2236 2160 2316 βίον.
2193 2238 2259 2294 Εἰ
2308 2235 2366 2294 δὲ
2410 2236 2549 2295 κατὰ
2598 2238 2690 2294 τὸν
2740 2231 3002 2316 παρόντα,
3033 2234 3234 2309 πολλῷ
3282 2232 3498 2312 μᾶλλον
3536 2235 3677 2292 κατά

2013 2328 2107 2384 τὸν
2141 2325 2439 2403 μέλλοντα.

2631 2436 2927 2492 ΨΑΛΜΟΣ
2966 2434 3068 2492 IE'.

2090 2565 2120 2596 «
2152 2540 2542 2621 Στηλογραφία
2583 2545 2666 2615 τῷ
2717 2538 2904 2598 Δαυΐδ.
2955 2564 2986 2594 ››
3023 2572 3096 2585 -ι-
3142 2536 3538 2619 Στηλογραφία
3580 2537 3673 2595 καὶ

2019 2626 2219 2693 εἰκόνες
2268 2629 2358 2685 καὶ
2407 2626 2715 2707 ἀνδριάντες
2758 2633 2876 2691 τοῖς
2955 2626 3324 2706 ἀριστεύσασιν
3383 2625 3460 2690 εἷς
3525 2624 3675 2698 ἀνεξ-

2017 2719 2274 2777 άλειπτον
2331 2721 2559 2793 μνήμην
2616 2718 3045 2793 ἀπονενέμηνται
3124 2714 3488 2793 κηρύττουσαι
3565 2715 3670 2787 τήν

2018 2808 2233 2864 ἐκείνων
2303 2806 2676 2886 ἀνδραγαθίαν·
2746 2806 2862 2863 ὅθεν
2935 2805 3053 2863 ἀντὶ
3127 2805 3335 2861 τούτων
3395 2805 3425 2859 6
3479 2805 3669 2881 παρὼν

2016 2897 2238 2973 ψαλμὸς
2295 2896 2517 2968 ἀνετέθη
2573 2894 2655 2970 τῷ
2707 2900 2906 2972 νικητῇ
2964 2896 3203 2972 Χριστῷ,
3248 2892 3536 2950 καθελόντι
3586 2896 3672 2968 τῷ

2013 2991 2112 3042 τοῦ
2161 2985 2436 3063 σωτηρίου
2484 2983 2671 3062 δόρατι
2713 2986 2804 3041 τὸν
2876 2984 3100 3041 θάνατον
3165 2983 3258 3040 καὶ
3313 2983 3406 3039 τὸν
3473 2981 3673 3060 κράτος

2015 3073 2216 3153 ἔχοντα
2291 3079 2390 3131 τοῦ
2461 3074 2690 3141 θανάτου
2766 3068 3047 3131 διάϐολον·
3107 3073 3495 3151 ἀναμαρτήτου
3566 3070 3670 3150 γὰρ

2021 3165 2323 3240 μείναντος,
2373 3161 2497 3220 οὔτε
2542 3166 2578 3235 ἡ
2628 3163 2785 3240 ψυχὴ
2832 3163 2999 3220 αὐτοῦ
3043 3166 3123 3236 τῷ
3171 3158 3302 3219 εἷ’δει
3361 3157 3673 3239 ἐγκατελεί-

2018 3255 2123 3333 φθη
2190 3252 2427 3328 μάλιστα
2481 3251 2574 3309 καὶ
2631 3251 2966 3309 σκυλεύσασα
3017 3255 3234 3324 τοῦτον,
3265 3246 3391 3306 οὕτε
3446 3252 3484 3321 ἡ
3542 3246 3673 3327 σάρξ

2015 3342 2186 3398 αὐτοῦ
2245 3340 2354 3398 εἶδε
2400 3339 2715 3422 διαφθορὰν,
2745 3343 3048 3420 τριήμερος
3097 3341 3384 3397 ἀναστᾶσα·
3434 3338 3562 3417 περὶ
3607 3337 3673 3394 οῦ

2011 3432 2103 3489 καὶ
2132 3431 2336 3509 Πέτρος
2367 3433 2396 3488 6
2426 3430 2734 3494 ἀπόστολος
2785 3430 2837 3487 ἐν
2887 3435 2958 3507 τῇ
3020 3425 3204 3508 βίϐλῳ
3255 3433 3365 3486 τῶν
3419 3426 3672 3505 Πράξεων

2016 3516 2287 3590 διέλαϐεν,
2342 3519 2665 3600 ἐφαρμόζων
2717 3524 2799 3593 τῷ
2854 3523 3073 3595 Χριστῷ
3125 3518 3219 3576 τὸν
3259 3518 3501 3597 παρόντα
3527 3516 3673 3593 ψαλ-

2020 3610 2140 3686 μόν·
2201 3609 2290 3666 ἐπὶ
2345 3614 2466 3672 τοῖς
2524 3608 2750 3672 οἰκείοις
2824 3606 2916 3664 οὖν
3001 3609 3416 3686 κατορθώμασιν
3497 3607 3675 3680 ἐαυτῷ

2012 3700 2112 3770 τὴν
2144 3697 2355 3771 στήλην
2388 3698 2647 3770 ἀνέστησε
2700 3696 2790 3754 διὰ
2826 3696 3084 3775 γλώττης
3130 3703 3231 3754 τοῦ
3278 3694 3442 3754 Δαυῒδ
3473 3696 3503 3752 6
3550 3702 3674 3753 Σω-

2012 3791 2119 3866 τὴρ
2165 3793 2263 3844 τοῦ
2308 3788 2576 3865 παναγίου
2624 3787 2939 3862 Πνεύματος
2986 3786 3386 3863 ἐμπνεύσαντος
3429 3785 3521 3843 καὶ
3581 3805 3670 3841 κι-

2015 3881 2273 3950 νήσαντος
2301 3878 2392 3934 τὸν
2423 3878 2732 3956 προφήτην.
2768 3878 3094 3956 Ἀναγράφει
3126 3874 3186 3933 δὲ
3211 3876 3275 3933 τὸ
3305 3873 3451 3940 εἶδος
3486 3873 3668 3949 νίκης,

2015 3969 2108 4024 καὶ
2137 3966 2236 4022 ὅσα
2262 3967 2370 4043 πρὸ
2397 3970 2495 4022 τοῦ
2522 3964 2717 4029 τέλους
2746 3964 2895 4040 αὐτῷ
2923 3965 3153 4043 ἐγένετο.

2094 4080 2124 4112 ‹‹
2152 4054 2401 4127 Φύλαξόν
2432 4076 2518 4130 με,
2549 4054 2737 4133 Κύριε,
2769 4053 2856 4111 δτι
2892 4054 2983 4111 ἐπὶ
3013 4056 3099 4112 σοὶ
3125 4053 3359 4126 ἤλπισα.
3389 4077 3421 4110 »
3450 4086 3524 4099 --
3550 4055 3675 4111 Ἀν-

2019 4148 2434 4222 θρωποπρεπεῖς
2493 4145 2546 4199 οἱ
2600 4148 2697 4200 τοῦ
2752 4142 2979 4220 ψαλμοῦ
3040 4139 3218 4222 λόγοι·
3277 4144 3369 4201 καὶ
3413 4143 3517 4223 γὰρ
3566 4142 3677 4221 οὐχ

2020 4236 2097 4298 ὡς
2129 4232 2280 4308 Θεὸς,
2305 4232 2432 4291 ἀλλ’
2459 4233 2536 4297 ὡς
2568 4234 2854 4311 ἄνθρωπος
2884 4231 3303 4310 κατεπολέμησε
3328 4232 3421 4289 τὸν
3449 4231 3675 4311 ἐχθρὸν,

2022 4320 2138 4399 ἅμα
2196 4323 2291 4398 μὲν
2351 4319 2620 4379 διδάσκων
2693 4323 2770 4386 ὡς
2826 4318 2968 4379 ἔστιν
3047 4321 3483 4402 ἀκαταγώνιστος
3555 4323 3676 4386 τοῖς

2022 4414 2304 4491 νήφουσιν,
2362 4411 2478 4486 ἅμα
2536 4408 2595 4467 δὲ
2646 4411 2737 4467 καὶ
2791 4410 2920 4476 τοὺς
2972 4411 3211 4490 τρόπους
3258 4409 3332 4468 δι’
3381 4413 3456 4468 ῶν
3514 4409 3677 4467 αὐτὸν

2022 4498 2438 4575 κατεπάλαισεν,
2466 4498 2866 4574 ἀπολιμπάνων
2925 4503 3063 4575 ἡμῖν
3106 4495 3307 4578 ἀκριϐῆ
3367 4501 3678 4578 ἀρχέτυπον

2025 4590 2103 4654 εἷς
2155 4589 2411 4665 μίμησιν.
2461 4590 2689 4665 Ἔχεται
2732 4593 3021 4667 τοιγαροῦν
3071 4589 3149 4654 ὡς
3205 4590 3493 4668 ἄνθρωπος
3536 4587 3681 4667 πρὸς

2029 4678 2180 4736 Θεόν·
2214 4677 2304 4735 καί
2334 4678 2439 4756 γὰρ
2468 4678 2565 4735 κάν
2602 4683 2723 4742 τοῖς
2767 4677 3121 4757 Εὖαγγελίοις
3172 4676 3448 4758 διαφόρως
3493 4674 3684 4751 εὔξατο

2029 4768 2382 4850 φυλαχθῆναι
2467 4769 2572 4824 ἀπὸ
2655 4769 2836 4840 πάσης
2908 4766 3213 4839 ἐπιϐουλῆς
3285 4772 3516 4847 φανερᾶς
3589 4763 3686 4822 καὶ

265 4849 394 4904 Θεὸν
542 4850 632 4906 καὶ
689 4851 760 4922 τῇ
809 4848 1019 4923 παλαιᾷ
1072 4852 1367 4925 νομοθεσίᾳ
1428 4856 1921 4932 συγκεχωρημένος
2029 4848 2289 4938 ἀφανοῦς,
2322 4856 2516 4935 λέγων·
2553 4882 2582 4911 ‹‹
2615 4856 2691 4913 Σύ
2734 4879 2801 4933 με
2830 4856 3090 4937 φύλαξον,
3122 4855 3205 4914 ὅτι
3254 4856 3344 4914 ἐπὶ
3392 4856 3480 4913 σοὶ
3532 4853 3686 4931 μόνῳ

263 4941 332 5009 ἦν
365 4938 394 4992 6
419 4939 557 4994 κατὰ
610 4943 743 4994 Θεοῦ
799 4939 1088 5016 γινόμενος
1134 4938 1350 5012 ἀληθὴς
1380 4941 1565 5019 ὅρκος·
1594 4942 1689 5000 ’ίνα
1719 4946 1796 5019 μὴ
1827 4967 1922 5002 κα·
2030 4946 2264 5019 ἤλπισα,
2303 4945 2497 5021 μηδενὶ
2525 4950 2634 5003 τῶν
2667 4943 2853 5003 ἄλλων
2884 4946 3256 5025 τεθαρρηκώς·
3288 4944 3413 5003 οἶδα
3440 4946 3546 5023 γὰρ
3602 4941 3687 4999 ὅτι

265 5027 335 5082 τὰ
387 5030 494 5081 τῶν
554 5025 801 5084 εἰδώλων
864 5027 1158 5104 ὀμνύοντες
1223 5029 1684 5108 συλαγωγηθεῖεν.
1744 5035 1805 5092 Ὁ
1866 5032 1924 5090 δὲ
2034 5038 2224 5107 σώζεις
2247 5035 2375 5099 τοὺς
2408 5034 2728 5106 ἐλπίζοντας
2756 5035 2845 5092 ἐπὶ
2876 5035 2983 5094 σοί.
3016 5060 3047 5090 ››

265 5119 366 5171 τοῦ
394 5114 735 5193 Εὐαγγελίου
760 5117 954 5192 νόμος,
985 5124 1105 5182 τοῖς
1159 5117 1512 5198 τελειοτέροις
1560 5122 1630 5176 τὰ
1654 5119 1923 5180 τελειότε-
2109 5150 2139 5181 ‹‹
2168 5126 2313 5181 Εἶπα
2365 5131 2445 5199 τῷ
2502 5126 2702 5204 Κυρίω·
2753 5124 2950 5203 Κύριός
3010 5148 3114 5191 μου
3162 5127 3212 5184 εἶ
3255 5125 3342 5186 σύ.
3375 5149 3407 5180 ››
3433 5159 3503 5171 -
3547 5122 3694 5182 Είπα

267 5226 338 5295 ρα
394 5207 726 5280 νομοθετῶν,
758 5207 1062 5264 παντάπασι
1116 5208 1208 5263 τὸν
1269 5204 1429 5295 ὅρκον
1481 5210 1744 5286 ἐξέκοψεν.
1802 5214 1924 5269 Εἰσὶ
2033 5220 2113 5289 τῷ
2168 5215 2342 5292 Πατρὶ
2389 5220 2469 5288 τῷ
2515 5215 2702 5290 Κυρίῳ
2747 5217 2960 5271 πάντων
3014 5215 3097 5271 ὅτι
3154 5218 3354 5295 Κύριος
3396 5215 3447 5272 εἷ
3489 5213 3554 5270 σύ
3586 5233 3693 5288 μου

267 5292 330 5350 δέ
355 5316 493 5382 τινες
525 5294 681 5372 λόγοι
712 5298 975 5373 σχήματα
1006 5298 1101 5372 μὲν
1134 5296 1311 5375 ὅρκων
1343 5294 1588 5375 ἔχοντες,
1621 5298 1729 5377 οὐχ
1771 5300 1927 5379 ὅρκοι
2036 5305 2112 5368 ὡς
2162 5304 2448 5382 ἀνθρώπου
2490 5306 2578 5361 καὶ
2626 5303 2735 5381 οὐχ
2776 5304 2854 5368 ὡς
2897 5310 3053 5377 Θεοῦ,
3080 5306 3172 5363 καὶ
3203 5292 3294 5362 διὰ
3334 5309 3496 5363 τοῦτο
3538 5321 3695 5380 περι-

265 5382 328 5440 δὲ
383 5379 553 5459 ὄντες,
586 5382 734 5441 ἀλλά
791 5386 1047 5464 θεραπεία
1110 5387 1250 5462 πρὸς
1304 5387 1432 5452 τοὺς
1482 5387 1797 5454 ἀκούοντας·
1855 5392 1925 5463 νὴ
2039 5379 2370 5473 φρούρησον·
2424 5394 2502 5457 ὡς
2547 5393 2652 5472 γὰρ
2697 5379 2990 5469 ⁷ὀίνθρωπος
3040 5393 3214 5453 ἐδεῖτο
3269 5397 3370 5466 τῆς
3447 5394 3552 5451 ἀπὸ
3596 5379 3696 5448 τοῦ

263 5474 365 5543 τῆν
397 5473 628 5562 ξὺγίειαν
689 5479 891 5551 Φαραῶ
945 5475 1130 5555 φησίν·
1185 5475 1275 5531 καὶ
1332 5477 1469 5554 πρὸς
1528 5479 1848 5555 Κορινθίους
1899 5482 1928 5538 ὁ
2040 5487 2174 5539 Θεοῦ
2232 5482 2503 5562 φυλακῆς·
2569 5482 2839 5561 ὑπετάγην
2892 5484 3016 5562 γὰρ,
3050 5485 3206 5562 φησὶ,
3236 5482 3318 5560 τῷ
3363 5483 3574 5561 Κυρίῳ,
3605 5481 3699 5537 καὶ

266 5561 634 5635 Ἀπόστολος,
687 5565 754 5633 νή
815 5565 915 5634 τὴν
971 5565 1241 5640 ἡμετέραν
1301 5566 1595 5643 καύχησιν·
1645 5567 1814 5626 τύπον
1871 5568 1932 5627 δὲ
2041 5561 2288 5628 ἱκέτευσα
2316 5571 2502 5629 αὐτόν.

266 5656 620 5742 Χριστιανοῖς
666 5651 855 5742 Δὅρκων
914 5653 959 5742 ὁ,
1002 5651 1281 5718 θεσπέσιος
1363 5654 1626 5712 κατέλιπε
1713 5659 1931 5725 Παῦλος
2116 5686 2146 5715 ‹‹
2177 5664 2295 5717 ’Ότι
2320 5666 2429 5717 τῶν
2464 5661 2676 5736 ἀγαθῶν
2727 5683 2834 5737 μου
2884 5661 2947 5718 οὗ
2996 5663 3187 5741 χρείαν
3230 5659 3404 5742 ἔχεις.
3439 5686 3470 5716 ››
3498 5693 3570 5705 -
3606 5656 3702 5715 Εἶ-

271 5740 460 5802 εῖπών·
518 5764 548 5797 κ
593 5739 811 5818 Μάρτυς
859 5741 964 5819 μού
1010 5741 1150 5800 ἐστιν
1210 5743 1238 5797 ὁ
1288 5744 1417 5809 Θεὸς
1462 5745 1509 5822 ᾧ
1579 5743 1854 5831 λατρεύω·
1900 5773 1931 5806 υ
2044 5773 2147 5812 πον
2207 5748 2266 5811 δὲ
2314 5748 2536 5833 προσέτι
2594 5747 2678 5809 ὅτι
2728 5754 2838 5821 τῶν
2881 5739 3075 5835 δώρων
3108 5776 3214 5832 μου
3241 5739 3351 5812 τῶν
3385 5753 3462 5816 εἷς
3522 5748 3707 5817 θυσίαν

563 5869 831 5941 Ριτιιοι..
880 5871 992 5939 Gn.
1040 5870 1269 5943 CXLII.

3339 5883 3425 5978 ἐξ
