4072 6424
265 440 420 510 1393

1482 453 1902 523 EXPOSITIO
1946 457 2026 523 IN
2072 461 2456 533 PSALMOS.

3522 474 3680 542 i394

259 586 362 688 τῆς
392 574 871 688 κόρηςέμϐάλλῃ,
903 579 1052 688 ἀλλ’,
1082 581 1513 664 ἀνακρουόμενος
1573 587 1794 662 ἐκεῖθεν,
1826 591 1915 648 ἐπὶ
1944 597 2000 663 Α
2025 603 2151 688 τοῖς
2180 606 2526 688 ,παθητικοῖς
2585 599 2773 680 λόγοις
2803 602 2831 659 ὁ
2869 603 3159 686 προφήτης
3215 602 3565 688 ταυτολογεῖν
3625 609 3677 668 ἐν

261 670 391 734 τοὺς
420 670 1209 751 κροτάφουςξ’μετοχετεύηται.

2029 685 2375 764 ὑπαλλαγαῖς
2435 688 2652 762 λέξεων.
2697 690 2788 750 ’ίνα
2835 695 3069 767 αὐξήσας
3115 697 3180 754 τὸ
3210 700 3380 762 πάθος
3414 685 3488 764 εἰς
3521 699 3674 758 ἔλεον

333 803 362 831 ‹‹
397 780 481 834 Ἐν
542 779 710 852 σκέπῃ
765 784 870 835 τῶν
948 782 1232 858 πτερύγων
1317 804 1414 840 σου
1488 784 1769 850 σκεπάσεις
1848 809 1917 862 με
2026 776 2409 849 ἐπισπάσηται.

269 867 375 924 ἀπὸ
423 870 720 944 προσώπου
763 865 968 926 ἀσεϐῶν
1017 876 1126 927 τῶν
1170 872 1708 951 ταλαιπωρησάντων
1763 898 1849 950 με.
1882 900 1912 930 ››

261 989 332 1000 —-
386 957 601 1034 Ἑτέραν
663 958 842 1015 εἰκόνα
917 960 1164 1040 φυλακῆς
1234 964 1404 1041 εὑρὼν
1473 964 1616 1036 ἀξιοῖ
1695 971 1913 1022 νεοττοῦ

259 1046 461 1123 τρόπον
519 1048 949 1120 ἐπισκέπτεσθαι,
1005 1053 1272 1128 πτέρυγας
1341 1053 1522 1109 καλῶν
1595 1055 1691 1117 τὰς
1768 1076 1914 1112 συνε-

258 1139 444 1199 κτικάς
475 1139 563 1192 καὶ
603 1142 974 1216 φρουρητικάς
1020 1141 1110 1196 καὶ
1156 1141 1456 1206 θαλπτικάς
1504 1141 1758 1218 δυνάμεις
1810 1149 1910 1215 τῆς

258 1224 673 1302 παντοδυνάμου
750 1230 1027 1306 προνοίας,
1090 1229 1150 1286 ἐκ
1232 1239 1537 1310 μεταφορᾶς
1608 1238 1717 1289 τῶν
1789 1240 1910 1298 ταῖς

258 1314 460 1371 ἑαυτῶν
514 1316 734 1395 πτέρυξι
801 1320 1106 1376 σκεπόντων
1163 1320 1294 1384 τοὺς
1349 1321 1598 1386 νεοττοὺς
1628 1329 1904 1380 πετεινῶν·

249 1403 314 1458 τὸ
387 1408 516 1482 γοῦν
591 1405 871 1470 σκεπάσεις
943 1407 1058 1463 ἀντί
1131 1413 1228 1465 τοῦ
1300 1409 1546 1466 εὐκτικοῦ
1602 1414 1903 1486 νοήσωμεν·

253 1491 550 1570 πολλαχοῦ
579 1495 680 1572 γὰρ
718 1502 819 1565 τῆς
852 1502 1073 1576 Γραφῆς
1101 1495 1164 1553 τὰ
1212 1503 1459 1554 τοιοῦτον
1511 1496 1676 1562 εἶδος·
1720 1501 1757 1571 ἢ
1815 1500 1905 1556 καὶ

251 1582 586 1662 προφητεύει
629 1585 728 1652 τῆν
789 1587 937 1661 παρά
988 1591 1087 1642 τοῦ
1125 1592 1258 1644 Θεοῦ
1293 1589 1569 1665 βοήθειαν.
1604 1589 1902 1664 Πρόσωπον

253 1669 312 1728 δὲ
359 1668 568 1728 ἀσεϐῶν
624 1674 822 1738 αὐτοὺς
875 1675 1024 1751 λέγει
1073 1675 1202 1740 τοὺς
1251 1672 1484 1741 ἀσεϐεῖς.
1523 1685 1905 1755 Καταχρηστι-

248 1766 360 1824 κῶς
418 1759 476 1817 δὲ
527 1767 618 1818 νῦν
669 1764 812 1820 εἶπεν
863 1761 1076 1829 ἀσεϐεῖς
1124 1765 1251 1830 τοὺς
1293 1766 1434 1845 ἀμφὶ
1462 1767 1554 1822 τὸν
1589 1767 1795 1840 Σαοὺλ,
1827 1770 1905 1832 ὡς

253 1847 411 1922 δίκην
441 1847 646 1908 ἀσεϐῶν
679 1857 882 1922 ζῶντας
931 1854 985 1910 ἐν
1035 1853 1285 1928 ἀνομίαις
1331 1855 1420 1911 καὶ
1465 1853 1738 1930 διψῶντας
1787 1857 1900 1912 ἀνε-

2095 891 2124 920 ‹‹
2151 869 2456 943 Ἀνάστηθι,
2489 871 2670 948 Κύριε.
2703 895 2724 925 ι
2760 907 2829 918 --
2875 880 3058 931 Δοκῶν
3107 876 3381 935 καθεύδειν
3434 877 3523 936 διά
3566 882 3668 951 τήν

2026 959 2401 1033 μακροθυμίαν
2433 963 2686 1032 κινήθητι
2717 964 2853 1039 πρὸς
2883 965 3106 1038 ἄμυναν.

2095 1071 2124 1099 ‹‹
2155 1048 2471 1127 Πρόφθασον
2506 1050 2720 1115 αὐτούς.
2753 1073 2781 1107 ιο
2817 1086 2887 1096 —-
2928 1056 3040 1132 Πρὸ
3085 1061 3183 1111 τοῦ
3241 1055 3425 1115 δοῦναι
3477 1058 3668 1137 πέρατι

2017 1136 2086 1190 τά
2119 1137 2535 1212 μεμελετημένα
2564 1138 2946 1217 προκατάλαϐε
2976 1143 3193 1208 αὐτούς.

2091 1268 2120 1296 ‹‹
2152 1245 2251 1300 Καὶ
2284 1245 2636 1304 ὑποσκέλισον
2669 1248 2882 1312 αὐτούς.
2919 1273 2950 1302 ››
2979 1284 3048 1295 —-
3080 1253 3408 1327 Ἐμπόδισον
3437 1259 3517 1329 τῷ
3554 1259 3672 1313 κατ’

2017 1331 2395 1410 ἐμοῦζδρόμῳ.
2424 1341 2593 1393 Τοῦτο
2625 1335 2682 1393 δὲ
2714 1337 2773 1394 ἐκ
2805 1346 3111 1418 μεταφορᾶς
3167 1347 3275 1398 τῶν
3314 1343 3666 1420 βουλομένων

2014 1423 2152 1478 τισὶν
2182 1423 2490 1481 ἐπικόπτειν
2522 1427 2611 1482 τὸν
2647 1425 2873 1504 δρόμον·
2908 1429 2961 1484 οἳ
2991 1431 3301 1507 τρεχόντων
3331 1439 3450 1498 τοῖς
3505 1437 3664 1492 ποσὶν

2015 1511 2191 1568 αὐτῶν
2226 1513 2533 1571 ὑποτιθέασι
2562 1515 2630 1571 τά
2657 1515 2824 1588 σκέλη
2874 1518 3011 1575 κατᾶ
3055 1519 3314 1598 πάροδον,
3345 1525 3435 1579 καί
3495 1523 3668 1589 οὕτως

2015 1599 2260 1678 εὐχερῶς
2290 1599 2750 1663 καταϐάλλουσιν.
3039 1644 3042 1646 ~

2087 1714 2116 1743 «
2147 1691 2327 1782 ’ξ’ῦσαι
2405 1695 2506 1763 τὴν
2561 1697 2745 1772 ψυχήν
2804 1718 2910 1770 μου
2966 1698 3072 1754 ἀπὸ
3126 1695 3354 1764 ἀσεϐοῦς
3422 1701 3664 1782 ῥομφαίᾳ

2013 1800 2130 1853 σου,
2163 1780 2270 1836 ἀπὸ
2300 1780 2509 1859 ἐχθρῶν
2527 1787 2628 1853 τῆς
2659 1785 2849 1862 χειρός
2881 1808 2997 1843 σου.
3029 1811 3058 1840 ››
3089 1821 3159 1831 -
3189 1790 3274 1845 Ἐν
3305 1793 3375 1865 τῇ
3417 1780 3663 1871 ῥομφαία

2012 1889 2109 1924 σου
2158 1869 2312 1946 ῥῦσαι
2358 1873 2458 1942 τὴν
2511 1875 2696 1950 ψυχήν
2745 1897 2850 1949 μου
2897 1875 3004 1933 ἀπὸ
3052 1873 3276 1942 ἀσεϐοῦς
3328 1869 3661 1955 Σαοὺλ,ήκαὶ

251 1937 366 1994 λεῖν
411 1942 540 2004 τοὺς
583 1942 792 2048 ἀθώους
838 1944 929 1998 καὶ
977 1943 1053 2006 ὡς
1096 1946 1172 2018 μὴ
1207 1940 1535 2048 σεϐομένους
1557 1947 1663 2048 *τῂν
1695 1945 1905 2048 ,δηλω-
1933 1975 1980 2040 Β
2011 1957 2118 2014 ἀπὸ
2141 1937 2250 2015 τῶν
2300 1937 2556 2033 ὑπηκόων
2591 1937 2788 2036 ἀύτοῦ,
2818 1969 2926 2022 τῶν
2979 1966 3376 2044 ἐχθραινόντων
3423 1969 3496 2046 τῇ
3517 1937 3660 2048 ’χει-

250 2029 428 2084 θεῖσαν
483 2030 568 2086 ἐπ’
591 2030 738 2104 αὐτῷ
792 2037 890 2088 τοῦ
938 2037 1072 2088 Θεοῦ
1119 2034 1458 2111 χειροτονίαν
1519 2033 1569 2089 οἰ
1601 2034 1904 2092 ἐταλαιπώ-

251 2137 421 2194 ρησαν
479 2119 639 2175 αὐτὸν
695 2120 819 2198 περὶ
888 2123 988 2192 τὴν
1046 2125 1240 2201 φυγήν·
1295 2129 1468 2178 πᾶσαν
1545 2126 1904 2180 κακοπάθειαν

247 2205 630 2285 ὑφιστάμενος.

319 2319 349 2348 ‹‹
383 2297 446 2351 Οἱ
505 2296 694 2374 ἐχθροί
756 2319 861 2371 μου
917 2299 1016 2368 τὴν
1066 2303 1252 2377 ψυχήν
1286 2322 1392 2374 μου
1422 2303 1737 2378 περιέσχον.
1770 2325 1799 2355 »
1833 2336 1902 2346 —

244 2384 383 2440 Ἀπὸ
410 2392 511 2456 τῆς
543 2389 730 2462 ψυχῆς
770 2387 955 2442 ἑαυτὸν
1006 2387 1280 2467 ἐνέφηνεν,
1310 2390 1385 2452 ὡς
1430 2390 1536 2445 ἀπὸ
1593 2390 1789 2468 μέρους
1837 2393 1900 2446 τὸ

238 2479 366 2529 πᾶν.
399 2475 697 2552 Περιέσχον
743 2473 803 2532 δὲ
847 2475 965 2532 ἀντὶ
1012 2482 1110 2532 τοῦ
1147 2477 1606 2553 περιεκύκλωσαν,
1638 2479 1896 2537 πάντοθεν

245 2562 554 2633 καθίζοντες
587 2563 814 2642 λόχους.

316 2676 345 2705 ιι
376 2653 455 2710 Τὸ
485 2653 642 2730 στέαρ
675 2655 851 2712 αὐτῶν
879 2655 1245 2713 συνέκλεισαν.
1268 2681 1297 2710 ››
1328 2691 1398 2701 -
1426 2659 1525 2714 Διά
1553 2664 1649 2714 τοῦ
1678 2658 1898 2723 στέατος

241 2741 343 2809 τήν
388 2740 610 2817 καρδίαν
659 2743 750 2799 καὶ
795 2746 865 2800 τὰ
911 2745 1202 2823 σπλάγχνα
1249 2743 1434 2815 δηλοῖ·
1469 2745 1560 2803 διὰ
1601 2753 1768 2803 ταῦτα
1795 2750 1897 2825 γὰρ

242 2828 434 2901 πολλή
493 2831 727 2907 πιμελή·
761 2833 851 2890 καί
909 2856 1072 2912 φησιν
1129 2835 1212 2891 ὅτι
1263 2836 1612 2894 Ἀπέκλεισάν
1670 2859 1762 2912 μοι
1808 2838 1900 2893 τὸν

247 2919 309 2975 ἐκ
331 2919 554 2997 καρδίας
585 2922 675 2978 καὶ
707 2920 1042 3000 σπλάγχνων
1093 2924 1268 2981 αὐτῶν
1318 2923 1490 2982 ἔλεον·
1524 2926 1576 2996 ἐξ
1618 2928 1691 2981 ὧν
1739 2925 1896 2990 οὗτος

245 3009 513 3085 πρόεισιν.
553 3010 757 3067 ’Ἀλλοι
789 3009 846 3068 δέ
877 3034 1003 3091 φασι
1036 3013 1192 3089 στέαρ
1221 3016 1321 3084 τὴν
1371 3015 1515 3086 ἀξίαν
1548 3015 1768 3090 (ἀεξίαν)
1807 3017 1897 3071 καὶ

247 3097 562 3177 εὐημερίαν·
625 3099 1017 3175 ἐρμηνεύοντες
1086 3102 1169 3158 ὅτι
1235 3103 1557 3160 ἀπέκλεισαν
1624 3105 1713 3160 καὶ
1781 3106 1894 3160 οἷον

247 3188 506 3265 συνέσχον
539 3188 705 3258 αὐτὴν
755 3191 831 3254 ὡς
882 3190 1076 3265 μηκέτι
1121 3193 1481 3271 φευξομένην,
1513 3193 1659 3250 ἀλλά
1706 3192 1898 3251 διόλου

236 3277 600 3350 συνεσομένην
630 3278 832 3342 αὐτοῖς.

312 3389 341 3418 ‹‹
373 3367 443 3421 Τὸ
499 3367 674 3442 στόμα
731 3367 904 3424 αὐτῶν
963 3368 1232 3441 ἐλάλησεν
1292 3371 1676 3450 ὑπερηφανίαν.
1742 3398 1764 3425 1

235 3450 578 3528 Ἐκόμπαζον
608 3457 712 3532 γάρ
747 3464 936 3522 θᾶττον
970 3465 1187 3535 συσχεῖν
1237 3459 1396 3515 αὐτὸν
1447 3462 1523 3524 ὡς
1572 3461 1890 3539 εὐθήρατον,

242 3542 560 3619 μηδαμόθεν
595 3545 794 3622 ἔχοντα
827 3549 1104 3625 βοήθειαν.

310 3630 770 3700 «Ἐκϐάλλοντές
823 3659 892 3712 με
946 3639 1064 3694 νυνὶ
1123 3639 1564 3715 περιεκύκλωσάν
1629 3663 1714 3713 με.
1763 3666 1793 3694 ››
1827 3671 1890 3690 =

234 3723 562 3794 Ἐξώσαντές
624 3747 690 3800 με
738 3731 847 3782 τῶν
899 3726 1046 3802 ἐμῶν
1101 3727 1352 3784 ἀπάντων
1403 3729 1502 3784 οὐκ
1528 3731 1889 3807 ἠρκέσθησαν·

236 3811 384 3868 ἀλλὰ
441 3819 533 3870 νῦν
611 3815 1055 3892 περιεκύκλωσάν
1131 3839 1200 3892 με
1271 3819 1572 3874 θανατῶσαι
1665 3817 1894 3876 σπουδάο

241 3925 444 3989 ζοντες.

312 4007 511 4070 «Τοὺς
574 4007 892 4086 ὀφθαλμοὺς
948 4010 1122 4068 αὐτῶν
1184 4010 1365 4069 ἔθεντο
1415 4013 1656 4070 ἐκκλῖναι
1717 4015 1769 4070 ἐν
1822 4020 1892 4091 τῇ

239 4098 336 4171 γῇ.
374 4119 404 4147 ››
434 4097 732 4151 -οἙθεντο
772 4098 860 4152 καὶ
909 4098 1198 4175 ἐσκέψαντο
1251 4101 1492 4158 ἐκκλῖναι
1540 4103 1668 4167 τοὺς
1692 4104 1894 4183 ὀφθαλ-

247 4185 384 4258 μοὺς
415 4184 589 4240 αὐτῶν
621 4185 726 4240 ἀπὸ
758 4191 875 4256 σοῦ,
922 4193 1021 4243 τοῦ
1079 4189 1131 4244 ἐν
1187 4190 1436 4267 οὐρανοῖς
1493 4198 1893 4265 κατοικοῦντος,

245 4275 336 4330 καὶ
393 4279 500 4330 τῶν
561 4280 666 4331 σῶν
716 4278 1151 4354 προσταγμάτων
1208 4279 1243 4334 ἅ
1294 4277 1579 4336 κελεύουσι
1649 4283 1723 4355 μή
1778 4280 1893 4338 ἀδι-

244 4370 357 4420 κεῖν
411 4365 504 4420 τὸν
551 4365 787 4422 ἀναίτιον
837 4367 914 4430 εἰς
959 4374 1089 4444 γῆν,
1139 4367 1409 4423 τουτέστιν
1442 4368 1518 4432 εἷς
1545 4372 1748 4448 γεηράς
1780 4371 1896 4426 ἐπι-

245 4453 443 4526 θυμίας
490 4474 504 4487 ·
563 4453 759 4518 αἶ’τινές
834 4457 966 4511 εἰσιν
1021 4454 1238 4534 ἀλόγως
1293 4457 1608 4528 ἀποπλῆσαι
1666 4464 1770 4514 πᾶν
1834 4461 1898 4515 τὸ

242 4544 361 4597 καθ’
417 4541 626 4617 ἡδονήν
657 4589 671 4602 .
725 4543 762 4616 ἤ
819 4545 947 4610 τοὺς
1008 4543 1326 4625 ὀφθαλμοὺς
1383 4546 1558 4602 αὐτῶν
1617 4548 1896 4625 ἐστήριξαν

1825 3348 1968 3418 _C

2015 2049 2234 2124 ροτονίᾳ
2289 2071 2407 2120 σου,
2436 2052 2708 2108 τουτέστιν
2759 2053 2904 2129 ἐμοὶ,
2936 2056 2974 2127 ἢ
3001 2061 3110 2112 τῶν
3150 2057 3541 2133 πολεμούντων
3589 2065 3658 2137 τῇ

2011 2138 2159 2226 χειρί
2207 2161 2325 2212 σου,
2357 2138 2572 2212 δηλαδὴ
2624 2142 2711 2198 σοὶ
2775 2151 3233 2224 περιφραστικῶς·
3285 2147 3331 2203 εἰ
3369 2150 3473 2226 γὰρ
3536 2149 3663 2226 ἐμοὶ

2006 2225 2367 2301 πολεμοῦσιν,
2421 2229 2526 2306 ἐγὼ
2577 2227 2635 2286 δὲ
2681 2231 2793 2305 σὸς,
2826 2233 2878 2289 οἱ
2925 2232 3300 2309 πολεμοῦντές
3342 2225 3553 2312 μοιτῷ
3584 2243 3662 2313 σῷ

2009 2315 2096 2371 σοὶ
2125 2317 2229 2393 ἄρα
2257 2316 2585 2392 πολεμοῦσι.
2616 2320 2770 2384 Τίνος
2803 2319 2861 2378 δὲ
2891 2324 3053 2399 χάριν
3081 2320 3246 2396 ἀσεϐῆ
3277 2330 3471 2382 τοῦτου
3517 2327 3662 2406 λέγει

2008 2408 2437 2483 προειρήκαμεν.
2496 2411 2624 2474 Καθ’
2690 2410 2852 2466 ἑαυτά
2935 2410 2993 2468 δὲ
3073 2413 3140 2468 τὰ
3203 2413 3344 2491 ῥητά
3417 2416 3664 2493 ἀναγνω-

2009 2496 2160 2550 στέον
2212 2495 2522 2561 ἀπολύτως.
2573 2498 2936 2571 Κατάλληλον
3001 2499 3059 2557 δὲ
3098 2503 3188 2558 καὶ
3232 2505 3296 2559 τὸ
3353 2503 3505 2581 ῥῦσαι
3558 2507 3659 2576 τὴν

2008 2586 2194 2660 ψυχήν
2249 2606 2353 2659 μου
2411 2587 2549 2664 πρὸς
2603 2587 2666 2643 τὸ
2725 2589 2884 2666 ῥηθὲν
2953 2590 3225 2669 ἀνωτέρω,
3276 2618 3304 2646 ‹‹
3351 2595 3403 2649 οἱ
3466 2593 3658 2672 ἐχθροί

2012 2694 2117 2762 μου
2160 2675 2284 2750 γὰρ,
2317 2675 2452 2748 εἶπε,
2485 2680 2555 2750 τῇ
2605 2681 2758 2754 ψυχῇ
2809 2700 2912 2752 μου
2960 2683 3270 2758 περιέσχον.
3307 2707 3336 2735 ›)
3362 2687 3655 2762 Ἀποροῦσι

2008 2759 2066 2817 δέ
2110 2783 2254 2826 τινες
2300 2769 2420 2828 πῶς
2469 2767 2497 2821 ὁ
2537 2766 2854 2843 φεισάμενος
2898 2772 2996 2824 τοῦ
3045 2769 3226 2826 Σαοὺλ
3280 2769 3332 2826 ἐν
3379 2774 3458 2845 τῷ
3505 2759 3658 2846 *σπη-

2009 2849 2150 2926 λαίῳ
2223 2857 2314 2908 νῦν
2397 2853 2744 2931 ἀναιρεθῆναι
2810 2861 3002 2913 τοῦτον
3086 2855 3304 2936 εὔχεται
3389 2861 3653 2940 ῥομφαίᾳ.

2008 2946 2164 2999 Θεοῦ.
2198 2941 2296 2996 Καὶ
2329 2939 2577 3020 λέγωμεν
2607 2945 2683 3007 ὡς
2733 2945 2894 3008 αὐτὸς
2951 2947 3046 3020 μὲν
3091 2947 3350 3026 αὐτόχειρ
3387 2939 3656 3026 βασιλέως

2008 3030 2108 3087 οὐκ
2137 3029 2394 3107 ἀνέσχετο
2425 3033 2690 3110 γενέσθαι,
2737 3035 2918 3098 καθὼς
2985 3034 3036 3090 ἐν
3086 3037 3407 3112 προοιμίοις
3456 3037 3660 3116 ἐξηγη-

2008 3120 2216 3207 σάμεθα
2269 3125 2367 3176 τοῦ
2431 3120 2676 3196 ψαλμοῦ·
2723 3123 2813 3178 τὸν
2884 3121 2943 3179 δὲ
2984 3125 3114 3180 Θεὸν
3162 3125 3456 3204 παρεκάλει
3519 3129 3658 3207 πρὸς

2007 3206 2305 3282 ἐκδίκησιν,
2380 3209 2902 3286 ταλαιπωρούμενος
2969 3213 3020 3269 ἐν
3096 3213 3240 3291 πάσῃ
3303 3206 3655 3292 κακοπαθείᾳ·

2010 3295 2192 3376 ὥσπερ
2223 3302 2328 3377 γὰρ
2357 3299 2420 3355 τὸ
2459 3305 2674 3377 πρῶτον
2721 3299 2926 3376 ἄδικον,
2959 3302 3102 3359 οὕτω
3151 3301 3358 3361 δίκαιον
3417 3307 3481 3362 τὸ
3531 3305 3658 3364 δεύ-

2002 3407 2179 3460 τερον·
2229 3390 2266 3458 ἢ
2311 3390 2400 3444 καὶ
2450 3389 2502 3444 ἐν
2543 3390 2785 3469 ῥομφαίᾳ
2831 3389 2998 3469 λέγει,
3032 3392 3132 3449 οὐκ
3169 3394 3481 3472 ἀναιρούσῃ,
3511 3395 3660 3453 ἀλλὰ

2002 3472 2245 3556 φοϐούσῃ
2308 3479 2435 3542 τοὺς
2499 3479 2731 3557 ἐχθροὺς
2805 3480 2989 3555 μόνον.
3042 3484 3548 3561 Ἀνθρωποπρεπῶς
3597 3484 3658 3543 δὲ

2003 3565 2236 3643 εἷ’ρηται·
2285 3566 2376 3624 καί
2419 3570 2522 3644 γὰρ
2567 3570 2597 3624 ὁ
2644 3567 2818 3625 θέλων
2868 3568 3141 3644 ἐξελέσθαι
3188 3574 3278 3628 τὸν
3331 3574 3433 3629 ὑπὸ
3479 3575 3654 3631 πολε-

2005 3656 2143 3730 μίων
2192 3656 2550 3734 συνεχόμενον
2607 3657 2878 3738 ῥομφαίαν
2930 3662 3275 3734 σπασάμενος
3341 3663 3489 3740 ὁρμᾷ
3533 3665 3652 3721 κατ’

2001 3745 2198 3820 αὐτῶν,
2262 3747 2363 3802 Καὶ
2433 3746 2518 3802 ὅτι
2579 3746 2678 3802 οὐκ
2739 3749 3082 3824 ἀναιρεθῆναι
3147 3751 3276 3814 τοὺς
3340 3751 3479 3831 ἀμφὶ
3555 3754 3648 3810 τὸν

2003 3835 2208 3908 Σαοὺλ,
2239 3835 2386 3892 ἀλλὰ
2407 3833 2788 3914 ,δυσπραγῆσαι
2846 3838 3008 3912 μόνον
3058 3837 3312 3915 βούλεται
3362 3837 3531 3912 δηλοῖ
3583 3842 3652 3897 τὰ

2003 3925 2149 3996 ἑξῆς.

2079 4037 2107 4064 ‹‹
2136 4012 2325 4090 Κύριε,
2376 4012 2466 4068 ἀπ’
2513 4012 2738 4089 ὀλίγων,
2787 4014 2893 4070 ἀπὸ
2939 4023 3040 4092 γῆς
3082 4013 3394 4094 διαμέρισον
3456 4017 3654 4082 αὐτοὺς

2004 4101 2056 4157 ἐν
2095 4105 2164 4176 τῇ
2214 4104 2326 4176 ζωῇ
2381 4102 2580 4158 αὐτῶν.
2636 4127 2658 4153 ι
2693 4135 2762 4146 —-
2792 4104 2910 4159 Ἔτι
2960 4108 3162 4174 ζῶντας
3213 4104 3408 4170 αὐτοὺς
3456 4105 3657 4185 ἀφόρι-

2003 4213 2095 4246 σον
2156 4190 2262 4245 ἀπὸ
2316 4194 2425 4246 τῶν
2481 4190 2690 4266 ἀγαθῶν
2766 4191 3087 4269 ἀνθρώπων,
3136 4195 3227 4250 καὶ
3287 4195 3363 4270 μὴ
3417 4193 3654 4252 ἔστωσαν

2003 4279 2189 4342 αὐτοῖς
2244 4279 2570 4355 ἐναρίθμιοι·
2627 4281 2662 4350 ἢ
2711 4280 2824 4354 καὶ,
2873 4279 3128 4359 ἀλλαχοῦ
3178 4306 3330 4361 φησι,
3386 4286 3520 4358 μετὰ
3576 4283 3658 4340 δι-

2003 4368 2173 4424 καίων
2270 4369 2347 4441 μὴ
2432 4371 2834 4447 γραφήτωσαν·
2915 4373 3291 4449 ἀφορισθέντες
3371 4374 3476 4450 γὰρ
3558 4375 3660 4444 τὴν

2009 4457 2154 4530 ὀξίαν
2184 4458 2646 4530 ἀπαιτηθήσονταί
2674 4479 2813 4514 ποτε
2842 4456 3016 4532 δίκην.
3048 4459 3295 4538 Ὁλίγους
3344 4459 3403 4518 δὲ
3449 4461 3660 4519 πολλά-

2005 4568 2092 4609 κις
2123 4549 2159 4616 ἡ
2219 4548 2404 4625 Γραφή
2462 4544 2622 4602 καλεῖ
2674 4547 2805 4610 τοὺς
2859 4547 3113 4625 ἀγαθούς·
3175 4550 3223 4605 εἰ
3270 4550 3372 4628 γὰρ
3437 4549 3661 4614 πλείους

245 4629 626 4708 ἐπιτηροῦντες
679 4633 923 4692 ἐκκλῖναι
992 4636 1084 4691 καὶ
1145 4630 1470 4691 καταϐαλεῖν
1543 4657 1611 4710 με
1675 4636 1751 4700 εἷς
1795 4639 1897 4714 γὴν
1933 4711 1968 4716 _
2008 4635 2090 4692 ἀεὶ
2119 4635 2281 4690 κακοὶ
2310 4635 2401 4690 καὶ
2431 4635 2478 4691 εἰ
2505 4637 2574 4691 τὰ
2599 4635 2852 4713 χερείονα
2879 4643 3021 4710 νικᾷ·
3068 4637 3252 4714 ὀλίγοι
3298 4640 3399 4716 γὰρ
3449 4639 3501 4695 οἳ
3548 4661 3658 4696 σω-

246 4718 337 4774 ὗπ’
366 4721 541 4777 αὐτῶν
573 4723 959 4802 σφαττόμενον.

319 4851 349 4880 ‹‹
381 4825 679 4886 Ὑπέλαϐόν
715 4852 782 4904 με
819 4831 949 4886 ὡσεὶ
998 4830 1136 4888 λέων
1167 4828 1388 4909 ἕτοιμος
1450 4832 1525 4896 είς
1585 4834 1752 4910 θήραν
1812 4834 1902 4889 καὶ

251 4915 381 4971 ὡσεὶ
432 4917 667 4992 σκύμνος
717 4919 883 4984 οἰκῶς
935 4920 986 4977 ἐν
1037 4921 1398 5002 ἀποκρύφοις,
1449 4947 1479 4975 ››
1524 4926 1778 4979 -Ὅσον
1813 4923 1902 4979 ἐπὶ

247 5010 369 5069 ταῖς
429 5007 630 5063 ἑαυτῶν
685 5007 898 5065 ἐλπίσιν
955 5006 1225 5066 ὑπέλαϐόν
1280 5033 1366 5085 με,
1411 5011 1706 5085 τουτέστιν,
1740 5012 1905 5068 ὑπελ-

250 5093 437 5158 θόντος
496 5097 844 5174 μετεώρησαν
899 5105 999 5170 τῆς
1053 5106 1156 5176 γῆς
1211 5101 1547 5176 ἀνάρπαστον
1626 5100 1902 5181 φέροντες.

247 5186 524 5265 Λιαφοράν
577 5183 636 5241 δὲ
684 5192 787 5257 τῆς
832 5189 1084 5264 ἁρπαγῆς
1127 5192 1225 5243 τοῦ
1274 5187 1494 5252 λέοντος
1539 5189 1630 5245 καὶ
1658 5194 1756 5245 τοῦ
1782 5189 1906 5246 σκύ-

254 5296 392 5350 μνου
447 5275 702 5348 τοιαύτην
762 5277 901 5340 τινὲς
956 5274 1362 5334 ἀπόδεδώκασιν
1397 5297 1408 5309 ·
1444 5279 1518 5341 ὡς
1568 5280 1596 5333 ὁ
1632 5280 1724 5353 μὲν
1758 5279 1903 5355 ἀλκῇ

248 5365 550 5438 πεποιθὼς,
620 5365 847 5442 φανερός
907 5365 1048 5421 ἐστιν
1104 5366 1156 5421 ἐν
1211 5371 1288 5439 τῷ
1347 5367 1593 5443 θηρεύειν
1627 5369 1656 5423 ὁ
1690 5366 1748 5424 δὲ
1777 5370 1904 5423 σκύ-

255 5475 412 5529 μνος,
477 5456 644 5529 μήπω
701 5455 914 5532 θαρρῶν
975 5455 1036 5510 ἐκ
1062 5459 1160 5510 τοῦ
1188 5461 1479 5535 προφανῶς
1512 5457 1788 5534 ἁρπάζειν.
1814 5455 1907 5512 κά-

252 5545 412 5615 θηται
469 5542 843 5618 κρυπτόμενος
876 5564 890 5578 ·
947 5543 1038 5599 καὶ
1093 5547 1202 5600 τῶν
1264 5543 1477 5620 ἐχθρῶν
1532 5545 1696 5601 αὐτοῦ
1723 5547 1904 5602 τοίνυν

251 5631 303 5688 οἱ
366 5633 458 5706 μὲν
520 5631 776 5710 ἐθάρρουν
836 5635 1128 5711 προφανῶς
1185 5635 1440 5708 ἁρπάσαι,
1489 5635 1632 5698 τινες
1693 5633 1750 5690 δὲ
1808 5633 1906 5690 λα-

253 5719 475 5797 θραίως,
531 5721 741 5786 ἐαυτοῖς
799 5721 861 5778 οὐ
918 5721 1333 5800 τεθαρρηκότες.
1394 5721 1558 5779 Οὐδὲν
1617 5721 1674 5779 δὲ
1702 5722 1905 5779 κωλύει

249 5811 443 5870 ταυτὸν
472 5810 561 5868 καὶ
593 5812 760 5893 ἄμφω
808 5809 1013 5887 δηλοῦν
1053 5831 1066 5844 ·
1125 5807 1310 5878 εἷῖυθεν
1365 5811 1468 5891 γὰρ
1525 5811 1799 5878 πολλάκις
1854 5812 1906 5868 ἐν

1931 4711 1979 4776 D
2012 4724 2251 4798 ζόμενοι,
2282 4725 2371 4780 καὶ
2403 4711 2888 4802 ὀλίγοινέκλεκτοί.
2920 4724 3151 4803 Ὀλίγων
3175 4711 3256 4782 ’δὲ
3303 4711 3490 4799 εἰπὼν,
3521 4727 3660 4799 ἐπή-

2012 4835 2173 4890 γαγεν
2205 4813 2311 4869 ἀπὸ
2339 4821 2463 4889 γῆς.

2086 4944 2115 4973 «
2147 4919 2251 4975 Καὶ
2307 4923 2414 4974 τῶν
2465 4920 2855 4995 κεκρυμμένων
2909 4941 3005 4975 σου
3071 4919 3320 4993 ἐπλήσθη
3369 4923 3406 4992 ἡ
3454 4927 3662 4998 γαστῆρ

2012 5009 2210 5064 αὐτῶν.
2268 5032 2290 5059 ι
2341 5041 2411 5052 -
2461 5008 2816 5085 Κεκρυμμένα
2860 5011 3004 5072 τινὲς
3071 5009 3266 5087 ἔφασαν
3311 5011 3514 5086 χρυσὸν
3571 5011 3663 5066 καὶ

2015 5096 2246 5174 ἄργυρον
2320 5097 2355 5151 ἃ
2415 5103 2532 5160 τοῖς
2601 5096 2851 5174 λέγουσιν
2920 5097 3338 5175 ἐγκεκρυμμένα
3399 5106 3502 5168 τῆς
3556 5105 3662 5176 γῆς

2014 5186 2393 5263 ἀνορύττονται
2475 5185 2941 5260 μεταλλευόμενα·
3001 5186 3209 5243 τούτων
3279 5185 3371 5244 οὖν
3414 5187 3662 5259 ἐπλήσθη

2013 5279 2050 5346 ἡ
2099 5276 2308 5352 γαστὴρ
2354 5275 2551 5331 αὐτῶν·
2600 5273 2773 5352 ἤγουν
2835 5276 2903 5330 τὰ
2963 5278 3101 5331 κατὰ
3166 5274 3321 5348 δίκην
3387 5276 3662 5355 γαστέρων

2016 5364 2418 5443 ἐμφορούμενα,
2475 5365 2511 5434 ἢ
2577 5365 2773 5420 καὶμαὶ
2817 5363 3024 5421 κοιλίαι
3075 5363 3251 5421 αὐτῶν
3309 5365 3665 5440 ὀψωνούντων

2016 5452 2114 5508 ὅσα
2143 5449 2380 5512 λάϐοιεν.
2416 5452 2621 5511 Ἀλλοι
2653 5451 2711 5508 δὲ
2740 5453 2960 5529 λέγουσι
2985 5455 3083 5517 τὰς
3131 5455 3278 5531 παρὰ
3324 5459 3460 5511 Θεοῦ
3505 5466 3668 5526 τεθη-

2019 5542 2376 5620 σαυρισμένας
2431 5543 2724 5620 τιμωρίας·
2784 5542 2899 5598 ἐπεὶ
2986 5543 3077 5597 καὶ
3150 5549 3388 5615 Μωϋσῆς
3463 5543 3516 5599 ἐν
3591 5547 3672 5616 τῷ

2019 5632 2428 5709 Δευτερονομίῳ
2476 5633 2600 5708 περὶ
2647 5631 2914 5688 ποικίλων
2971 5637 3275 5708 τιμωριῶν,
3323 5633 3384 5689 ἐκ
3447 5633 3668 5710 προσώ-

2016 5743 2121 5777 που
2176 5726 2274 5776 τοῦ
2334 5726 2468 5777 Θεοῦ
2519 5719 2726 5794 δεξιῶν,
2780 5744 2808 5774 ››
2853 5720 2963 5776 Οὐκ
3014 5718 3133 5776 ἰδοὺ
3197 5727 3365 5778 ταῦτα
3411 5729 3672 5792 συνῆκται

2018 5812 2146 5889 παρ’
2174 5810 2298 5886 ἐμοὶ
2337 5811 2425 5867 καὶ
2476 5810 2827 5890 ἐσφράγισται
2878 5809 3085 5874 ἐντοῖς
3133 5817 3426 5887 θησαυροῖς
3475 5832 3602 5886 μου.
3634 5832 3664 5861 >›
