4072 6432
346 366 503 428 1391

1606 362 2027 429 NICEPHORI
2074 362 2512 426 BLEMMIDE

3607 372 3774 439 1392

345 494 473 552 ἀλλ’
531 496 884 573 ὁμολογήσας
936 499 1036 568 τήν
1095 498 1170 561 εἷς
1236 497 1393 555 οὐτὸν
1463 499 1679 576 ἀγάπην
1738 494 1995 577 φυλάττω
2025 502 2080 568 Α
2181 518 2211 549 ι(
2242 494 2565 572 Κατάρτισαι
2611 498 2680 554 τὰ
2725 494 3040 574 διαϐήματά
3091 524 3197 576 μου
3246 501 3300 558 ἐν
3368 510 3490 568 ταῖς
3550 502 3773 580 τρίϐοις

345 585 578 661 καθαρὰν
608 586 708 655 τήν
761 584 1087 662 ὁμολογίαν,
1139 586 1185 642 εἰ
1232 587 1322 644 καὶ
1369 588 1531 652 αὐτὸς
1582 588 1679 651 τάς
1726 586 1863 663 πρὸς
1904 583 2001 659 ἐμὲ

349 671 604 749 ψεύδεται
650 676 942 745 συνθήκας.
1016 672 1219 753 Τριάδα
1292 674 1351 732 δὲ
1416 671 1792 755 προϐάλλεται
1865 673 2002 750 πρὸς

348 762 679 837 ἀντίληψινσ
728 764 828 833 τὴν
881 761 1224 838 δικαιοσύνην
1275 765 1462 841 αὐτοῦ,
1505 766 1569 822 τὸ
1630 772 1828 841 σχῆμα
1898 764 1998 832 τῆς

352 849 611 926 δεήσεως,
641 851 733 908 καὶ
770 854 871 923 τὴν
904 852 955 927 ἐξ
986 851 1201 911 ἀδόλων
1251 855 1485 932 χειλέων
1532 854 1865 932 προσευχὴν,
1907 849 2002 907 τίνα

298 1006 306 1013 ,
346 942 439 997 καὶ
472 940 686 1015 μᾶλλον
718 940 937 1019 ἐροθίσῃ
963 943 1102 1020 πρὸς
1131 945 1363 1020 ἄμυναν.

354 1126 359 1135 .
422 1097 453 1128 «
483 1075 578 1131 Ἐκ
615 1076 917 1153 προσώπου
965 1097 1062 1132 σου
1117 1078 1181 1132 τὸ
1225 1078 1401 1152 κρίμα
1447 1099 1551 1152 μου
1603 1075 1834 1152 ἐξέλθοι.
1872 1099 1901 1128 ››
1931 1107 2002 1118 --

351 1164 429 1220 Σύ
462 1161 704 1228 δικάσαις
747 1166 909 1241 ἡμῖν,
939 1165 969 1219 6
1014 1164 1082 1221 τά
1108 1165 1350 1244 ἡμέτερα
1376 1168 1514 1245 πρὸς
1535 1161 1812 1244 ἀκρίϐειαν
1841 1162 1999 1227 εἰδὼς

348 1254 441 1309 καὶ
493 1253 660 1327 μόνος
715 1252 958 1331 ἀρῥεπής
1005 1252 1266 1329 δικαστής
1315 1278 1328 1293 ο
1381 1257 1410 1312 6
1458 1257 1589 1319 Θεὸς
1638 1257 1740 1333 γὰρ
1806 1255 1999 1332 κριτὴς

352 1340 561 1406 δίκαιος
610 1342 702 1398 καὶ
752 1342 977 1420 ἰσχυρὸς
1022 1349 1330 1419 περατῶσαι
1374 1346 1475 1416 τὴν
1526 1345 1728 1402 οἰκείαν
1790 1343 2000 1423 ἀπόφα-

352 1454 458 1491 σιν.
491 1438 585 1489 Ἐκ
626 1432 925 1506 προσώπου
974 1429 1033 1488 δὲ
1079 1434 1193 1489 ἀντὶ
1237 1438 1335 1491 τοῦ
1382 1434 1443 1491 ἐκ
1484 1438 1603 1507 σοῦ,
1646 1453 2003 1513 περιφραστι-

353 1526 486 1592 κῶς,
529 1518 568 1591 ἥ
616 1520 847 1577 ἐνώπιόν
899 1542 1016 1580 σου.
1074 1522 1147 1578 Τὸ
1192 1523 1364 1600 κρίμα
1415 1545 1517 1599 μοο
1552 1522 1631 1595 δὲ,
1658 1522 1932 1580 τουτέστιν
1962 1524 1999 1593 ἡ

349 1609 478 1688 περὶ
517 1609 652 1684 ἐμοῦ
700 1609 989 1690 ἀπόφασις
1034 1608 1217 1667 ἄδικον
1284 1614 1389 1689 γάρ
1455 1616 1698 1691 ἠγοῦμαι
1766 1609 1998 1682 δικάζειν

353 1699 576 1775 ἐμαυτῷ
602 1698 694 1754 καὶ
722 1698 974 1771 κολάζειν
1002 1700 1096 1756 τὸν
1126 1701 1360 1778 ἀναιρεῖν
1393 1698 1748 1779 ἐπαγόμενον.

423 1840 453 1869 ‹‹
484 1816 549 1870 Οἱ
581 1814 856 1893 ὀφθαλμοί
891 1837 994 1891 μου
1025 1814 1286 1874 ΐδέτωσαν
1314 1817 1627 1889 εύθύτητας.
1654 1842 1771 1872 ››-
1794 1817 2001 1891 Ἵδοιμι

349 1906 565 1984 ψήφους
597 1904 676 1984 ἐφ’
701 1907 838 1980 ἡμῖν
871 1904 1246 1984 ἐξηνεγμέναςο

424 2054 453 2085 «
484 2027 845 2104 Ἐδοκίμασας
900 2031 1001 2101 τήν
1069 2030 1290 2108 καρδίαν
1353 2053 1480 2107 μου,
1555 2032 1835 2108 ἐπεσκέψω
1909 2056 2000 2088 νυ-

347 2119 497 2182 κτός.
559 2143 588 2172 ››
648 2153 719 2164 -
772 2118 845 2175 Οὐ
897 2118 1060 2194 μόνον
1101 2118 1292 2177 ἀδίκου
1339 2123 1584 2199 πράξεως
1650 2122 1999 2198 ἀπεσχόμην,

348 2207 496 2265 ἀλλά
550 2209 641 2264 καὶ
704 2214 945 2285 πονηρᾶς
1018 2209 1367 2285 ἐνθυμήσεως
1427 2234 1440 2246 ·
1517 2210 1821 2289 ἠρεύνησας
1894 2212 2000 2289 γάρ

350 2298 380 2354 ὀ
408 2294 873 2375 καρδιογνώστης,
923 2298 1015 2354 καὶ
1064 2300 1173 2376 οὐχ
1214 2300 1367 2378 εῦρές
1410 2322 1531 2357 τινα
1583 2300 1814 2375 μελέτην
1864 2300 2002 2356 κατά

346 2391 445 2442 τοῦ
495 2384 679 2442 Σαοὺλ
729 2385 780 2441 ἐν
811 2390 880 2462 τῇ
911 2385 1108 2464 καρδίᾳ
1131 2410 1235 2463 μου
1268 2410 1282 2423 ·
1309 2389 1400 2445 καὶ
1432 2387 1568 2453 εἶδες
1598 2389 1764 2459 αὐτὴν
1795 2390 1896 2445 οὑκ
1945 2388 1997 2443 ἐν

346 2479 419 2551 τῇ
477 2473 745 2552 εὐπραγίᾳ
804 2476 968 2550 μόνον
1021 2477 1196 2555 ὀρθῶς
1246 2475 1495 2556 ἔχουσαν,
1540 2476 1689 2534 ἀλλά
1724 2478 1815 2533 καὶ
1846 2478 1898 2534 ἐν
1926 2477 1998 2554 τῇ

347 2564 502 2623 νυκτί
554 2569 663 2621 τῶν
715 2570 1033 2643 πειρασμῶν
1090 2568 1182 2623 καὶ
1236 2572 1346 2624 τῶν
1419 2569 1454 2623 ἅ
1526 2567 1830 2637 σκοτίζουσι
1904 2567 1998 2624 τὸν

345 2659 497 2729 νοῦν,
543 2654 634 2710 καὶ
684 2655 784 2725 τῆς
834 2654 1042 2719 εὐθείας
1096 2655 1508 2722 ἀποπλανᾶσθαι
1555 2658 1999 2733 παρασκευάζου-

346 2765 430 2799 σιν
465 2762 479 2777 ⁶
537 2745 677 2800 κατά
729 2745 834 2822 γὰρ
888 2746 981 2801 τὸν
1043 2741 1167 2803 Ἰὼϐ
1226 2747 1418 2819 εἰπεῖν,
1478 2746 1531 2801 ἐν
1585 2752 1666 2820 τῷ
1703 2744 1844 2826 φωτί
1901 2767 1997 2802 σου

347 2832 691 2910 ἐπορευόμην
742 2833 794 2891 ἐν
843 2834 1045 2908 σκότει,
1095 2835 1179 2892 ὅτι
1229 2834 1435 2913 λύχνος
1474 2837 1542 2907 ἦν
1576 2842 1696 2899 τοῖς
1725 2836 1855 2893 ποσί
1891 2858 1996 2911 μου

345 2924 377 2979 6
404 2923 571 2998 νόμος
617 2944 714 2980 σου
770 2922 861 2980 καὶ
905 2928 1023 3005 φῶς
1067 2930 1189 2989 ταῖς
1217 2921 1429 3004 τρίϐοις
1463 2947 1568 3000 μου
1602 2945 1615 2958 ⁸
1644 2923 1681 2996 ἤ
1711 2926 1801 2981 καὶ
1830 2925 1998 2982 νύκτα

344 3008 515 3089 λέγει,
562 3014 681 3078 καθ’
726 3014 790 3084 ἦν
815 3013 909 3069 τὸν
943 3011 1126 3071 Σαοὺλ
1159 3014 1211 3070 ἐν
1241 3018 1322 3088 τῷ
1351 3013 1611 3089 σπηλαίῳ
1641 3010 1826 3072 λαϐὼν
1862 3016 1994 3071 ὑπο-

343 3100 555 3179 χείριον
589 3102 689 3159 οὐκ
717 3100 946 3163 ἀνεῖλεν.

415 3250 447 3280 ‹‹
506 3227 822 3303 Ἐπύρωσάς
883 3249 969 3302 με,
1023 3229 1115 3285 καὶ
1172 3229 1280 3308 οὐχ
1337 3230 1529 3308 εὑρέθη
1583 3230 1636 3288 ἐν
1695 3230 1821 3306 ἐμοὶ
1876 3228 1992 3288 ἀδι-

342 3313 461 3375 κία.
498 3339 528 3370 ››
573 3349 643 3362 --
668 3316 1008 3393 Ἐπύρωσάς,
1046 3340 1113 3392 με
1160 3320 1291 3394 πυρὶ
1335 3324 1442 3376 τῶν
1479 3326 1798 3397 πειρασμῶν
1830 3322 1906 3385 ὡς
1937 3323 1992 3378 οἱ

342 3409 583 3480 τεχνῖται
642 3409 723 3478 τῷ
778 3406 909 3482 πυρὶ
961 3407 1056 3462 τὸν
1106 3409 1333 3484 χρυσὸν,
1386 3408 1537 3473 ὅπως
1578 3416 1757 3486 γνοῖεν
1805 3412 1851 3485 εξ
1882 3407 1996 3485 ἔτη,

342 3493 599 3569 καθαρὸς,
647 3492 738 3549 καὶ
783 3496 1145 3570 χωνευθέντος
1193 3518 1297 3569 μου
1343 3497 1559 3561 τούτοις
1613 3499 1703 3554 καὶ
1782 3501 1996 3595 βασανι,

343 3580 564 3647 σθέντος
606 3580 712 3659 οὐχ
763 3581 951 3679 εὑρέθη
999 3583 1052 3639 έν
1098 3583 1223 3679 ἐμοὶ
1267 3583 1452 3642 ἀδικία
1490 3592 1588 3642 τοῦ
1635 3580 1838 3679 Σξχοὺλ’
1872 3604 1999 3663 οὐδὲ

347 3672 768 3780 μικροψυχήσας
817 3672 922 3727 ὑπὸ
993 3679 1095 3744 τῆς
1164 3673 1404 3752 ἀνάγκης
1438 3672 1876 3771 ,ἐξουλευσάμην
1943 3717 1996 3751 τι

338 3780 480 3832 πονη
489 3777 603 3838 ρον.
1312 3800 1343 3809 κ
1374 3777 1397 3791 ·’

1210 3846 1243 3865 Α(

415 3909 443 3939 ί(
720 3884 780 3942 ἄν
844 3866 1217 3987 μήνλαλήσγι
1266 3912 1330 3967 τὸ
1388 3910 1565 3985 στόμα
1618 3932 1723 3985 μου
1769 3911 1838 3966 τὰ
1866 3908 2000 3988 ἔργα

336 3978 445 4030 τῶν
476 3975 784 4058 ἀνθρώπως
844 3990 849 4035 ζ

388 4061 415 4065 κ-
664 4044 691 4065 χι
797 4047 809 4060 ο
843 4046 849 4055 ι

843 4026 875 4055 ››
905 4033 974 4045 -
1003 3999 1114 4057 Ούκ
1159 3998 1271 4057 ἔστι
1317 3998 1381 4055 τὰ
1433 4001 1606 4077 παρὸν
1654 3999 1819 4077 ῥητὸν
1868 4001 1996 4056 ἀνα-

333 4061 757 4167 κόλῗβθιῖῖἵςνῶς
802 4111 946 4154 τινες
990 4090 1270 4163 ᾠήθησαν,
1335 4088 1462 4147 ἀλλ’
1510 4061 1663 4145 ἀίτίοί
1704 4061 1853 4147 δοκεῖ
1894 4093 1996 4160 τῆς

331 4174 639 4261 τΤυρώσεως
670 4224 684 4237 .
746 4178 835 4237 διὰ
862 4182 964 4258 γάρ
1008 4183 1193 4252 τοῦτο,
1239 4179 1395 4258 φησὶ,
1444 4179 1849 4257 παρεχώρησας
1893 4201 1997 4236 πυ-

347 4271 588 4352 ρωθῆναί
631 4292 699 4347 με
741 4274 1069 4347 πειρασμοῖς
1115 4267 1205 4324 ’ίνα
1252 4270 1327 4342 μή
1385 4268 1549 4341 μόνον
1583 4268 1851 4345 ἀνώτερος
1899 4269 2001 4324 αύ-

343 4368 455 4419 τῶν
486 4358 863 4437 ὑπεραίρωμαι
893 4358 984 4413 καὶ
1016 4352 1305 4415 διαϐάλλω
1330 4357 1458 4420 τοὺς
1488 4356 1630 4436 ἀμφὶ
1650 4358 1741 4413 τὸν
1791 4356 1999 4414 Σαούλ’

347 4445 691 4531 θριαμϐεύων
741 4448 777 4503 ἅ
816 4467 1139 4521 πραττουσιν
1191 4444 1351 4502 ἄδικα
1381 4466 1395 4478 ’
1446 4447 1482 4516 ἢ
1539 4446 1629 4502 καὶ
1654 4444 1748 4501 ’ίνα
1774 4448 1910 4525 πρὸς
1941 4448 2001 4503 σὲ

345 4540 629 4613 συντόμως
676 4535 1151 4616 ἐπιστρεφόμενος,
1202 4534 1254 4590 ἐν
1305 4533 1487 4609 θλίψει
1514 4535 1616 4612 γὰρ
1647 4533 1998 4611 ἐμνήσθημεν

350 4648 469 4699 σου,
498 4630 567 4684 τὰ
595 4626 661 4683 σὰ
693 4625 907 4701 μᾶλλον
956 4623 1091 4703 ἔργα
1135 4623 1313 4698 λαλῶ,
1361 4628 1481 4687 πῶς
1530 4623 1734 4681 ἅπαντα
1769 4625 1909 4703 πρὸς
1935 4627 2000 4682 τὸ
2030 4642 2077 4708 D

351 4716 625 4796 συμφέρον
655 4716 985 4789 οἰκονομεῖς.

365 4865 393 4896 ιι
432 4843 530 4897 Διά
559 4839 686 4903 τοὺς
716 4838 923 4916 λόγους
953 4842 1073 4911 τῷν
1129 4837 1377 4916 χειλέων
1442 4860 1539 4895 σου
1591 4837 1699 4916 ἐγὼ
1762 4838 2000 4919 ἐφύλαξα

346 4929 507 4994 ὁδοὺς
540 4927 804 5005 σκληράς.
837 4954 858 4982 ι
893 4961 964 4970 --
992 4926 1201 5003 Λόγους
1229 4925 1463 5004 χειλέων
1513 4932 1649 4984 Θεοῦ
1696 4928 1855 4985 καλεῖ
1898 4929 1994 4993 τάς

346 5018 572 5083 ἐντολὰς
617 5022 715 5074 τοῦ
765 5015 854 5072 διὰ
900 5016 1138 5080 Μωσέως
1181 5014 1428 5080 δοθέντος
1493 5017 1689 5090 νόμου.
1757 5017 1995 5076 Χειλέων

346 5108 405 5165 δὲ
463 5113 596 5165 Θεοῦ
643 5110 1119 5184 καταχρηστικῶς,
1175 5107 1263 5162 οἷα
1310 5107 1457 5183 παρὰ
1501 5110 1632 5163 Θεοῦ
1699 5106 1996 5187 ὕφηγηθεί-

344 5218 439 5260 σας
473 5219 486 5233 ο
537 5194 626 5252 διά
672 5195 869 5258 ταύτας
919 5192 1032 5269 οὖν,
1065 5194 1249 5274 φησὶν,
1284 5193 1540 5271 ἐφύλαξα,
1570 5196 1845 5251 τουτέστιν
1877 5191 1999 5251 ἐϐά-

344 5284 468 5343 δισα
492 5284 652 5348 ὀδοὺς
698 5283 941 5360 σκληρὰς
991 5285 1089 5347 τάς
1133 5288 1241 5339 τῶν
1289 5284 1491 5361 ἀρετῶν
1528 5304 1541 5319 ⁸
1592 5291 1844 5362 τραχεῖαι
1890 5286 1995 5361 γάρ

344 5374 502 5431 άῦται
548 5374 639 5429 καὶ
683 5372 955 5445 ἐπίπονοι,
1003 5372 1181 5443 πάσης
1249 5375 1567 5447 σωματικῆς
1610 5370 1814 5445 ἡδονῆς
1864 5375 1993 5430 ἀπε-

342 5464 691 5539 στερημέναιο
750 5460 1049 5518 Φυλάττειν
1111 5459 1169 5517 δὲ
1218 5462 1366 5539 παρὰ
1418 5466 1487 5536 τῇ
1565 5463 1821 5536 συνηθείᾳ
1892 5472 1995 5535 τῆς

343 5556 562 5629 Γραφῆς
618 5552 681 5606 τὸ
739 5550 974 5627 ἐνεργεῖν
1030 5551 1105 5614 ὡς
1161 5551 1250 5605 ἐπὶ
1304 5552 1368 5606 τὸ
1424 5550 1678 5607 πλεῖστον
1731 5550 1990 5630 λέγεται·

342 5639 419 5700 ὡς
468 5638 555 5695 τὸ.
619 5662 646 5694 ιι
700 5638 972 5719 Ἐφύλαξα
1024 5641 1121 5704 τάς
1172 5637 1396 5704 ἐντολάς
1456 5660 1573 5713 σου,
1636 5666 1665 5695 ››
1716 5643 1991 5700 τουτέστιν

344 5724 660 5829 ἐπλήρωσαν

2109 605 2226 657 σου,
2279 583 2372 640 ’ίνα
2431 587 2507 660 μή
2561 585 2914 653 σαλευθῶσιν.
2973 614 3001 642 ››
3057 624 3128 634 -
3177 594 3327 649 ’Ἃνω
3383 594 3477 668 μὲν
3509 591 3767 671 ὠνόμασε

2108 668 2421 748 διαϐήματα
2471 676 2542 731 τά
2593 681 2690 732 τοῦ
2746 682 2841 733 νοῦ
2897 681 3194 754 κινήματα,
3251 682 3401 739 κάτω
3449 681 3509 740 δὲ
3548 668 3633 742 τὰ-
3661 692 3765 743 τοῦ

2107 761 2363 835 σώματος
2396 782 2409 795 ⁸
2445 763 2559 819 οἷον
2595 763 2800 837 τέλεια,
2837 765 2970 843 ὀρθὰ
3016 768 3249 842 ποίησον
3275 773 3343 827 τά
3370 774 3625 847 νοήματά
3656 797 3768 849 μου

2107 849 2160 939 ἐν
2208 856 2327 915 τοῖς
2376 853 2756 931 προστάγμασί
2804 877 2922 928 σου,
2971 863 3090 922 τοῖς
3138 861 3389 939 φέρουσιν
3436 863 3515 928 είς
3545 864 3605 920 σὲ
3632 864 3767 929 τοὺς

2109 936 2181 995 δι’
2208 939 2384 997 αὐτῶν
2427 940 2710 1007 ὁδεύοντας
2743 964 2758 977 ·
2791 944 2998 1002 τούτων
3044 936 3160 1024 γὰρ*
3192 936 3591 1010 τελειωθέντων
3648 953 3770 1010 οὐδ’

2108 1029 2163 1085 αἱ
2195 1026 2286 1122 διά
2324 1032 2586 1122 σώματος
2638 1033 2859 1110 πράξεις
2905 1037 3267 1117 ἀποσφαλεῖεν
3299 1037 3359 1096 ἄν
3396 1061 3410 1075 ·
3440 1042 3478 1112 ἢ
3508 1042 3769 1122 κατάρτι-

2108 1140 2195 1209 σαι
2223 1120 2291 1174 τά
2320 1116 2633 1209 διαϐήματά
2660 1144 2787 1197 μου,
2816 1116 3068 1209 τουτέστι
3110 1129 3282 1185 πᾶσάν
3334 1151 3441 1204 μου
3488 1116 3771 1209 ἐνέργειαν

2108 1208 2160 1263 ἐν
2214 1214 2295 1283 τῷ
2340 1207 2543 1267 ὁδεύειν
2588 1212 2685 1276 τάς
2727 1208 2951 1291 τρίϐους
2998 1235 3114 1271 σου·
3165 1218 3226 1281 ἅς
3267 1215 3358 1275 διά
3384 1225 3492 1275 τῶν
3523 1207 3767 1280 ἐντολῶν

2109 1293 2295 1372 ἔτεμες
2339 1304 2456 1363 τοῖς
2506 1298 2822 1359 σπεύδουσιν
2875 1302 3051 1369 ἐλθεῖν
3098 1305 3187 1362 ἐπὶ
3227 1301 3288 1363 σέ
3318 1326 3331 1340 ⁸
3359 1307 3453 1366 ’ίνα
3484 1311 3564 1386 μὴ
3594 1333 3773 1389 παρα-

2107 1388 2373 1459 κινηθῶσι
2426 1393 2524 1445 τοῦ
2578 1394 2974 1468 προσήκοντος,
3035 1396 3113 1468 μὴ
3171 1398 3319 1474 παρά
3372 1403 3470 1456 σοῦ
3509 1388 3767 1479 καταρτι-

2112 1475 2357 1551 ζόμενα·
2416 1477 2479 1535 οὺ
2537 1480 2642 1557 γὰρ
2701 1480 2750 1538 εἴ
2812 1482 2842 1537 6
2918 1479 3186 1541 διδάσκων
3262 1485 3551 1565 ἄνθρωπον
3623 1475 3764 1569 γνῶ-

2109 1586 2216 1623 σιν.

2185 1715 2213 1743 (ι
2243 1693 2388 1768 Ἐγὼ
2428 1693 2684 1772 ἐκέκραξα
2731 1695 2815 1752 ὅτι
2861 1695 3166 1769 ἐπήκουσάς
3214 1722 3343 1777 μου,
3385 1704 3415 1759 6
3444 1704 3595 1768 Θεός.
3631 1730 3661 1760 ιι
3694 1739 3766 1751 -

2110 1779 2185 1836 Ob
2217 1780 2392 1856 μάτην
2424 1789 2689 1858 ποιοῦμαι
2741 1786 2841 1856 τήν
2884 1786 3227 1864 παράκλησιν
3264 1811 3277 1825 ·
3332 1790 3471 1849 διότι
3518 1795 3609 1850 καὶ
3655 1797 3768 1852 πά-

2031 1882 2080 1948 B
2110 1869 2197 1927 λιν
2228 1871 2707 1949 παρακαλέσαντος
2737 1875 3065 1948 ἐπήκουσας⁸

2182 2029 2212 2057 ‹‹
2245 2001 2471 2077 Κλῖνον,
2529 2006 2711 2083 Κύριε.
2758 2034 2788 2064 ›)
2849 2043 2920 2054 --
2966 2012 3067 2067 Καὶ
3116 2014 3225 2087 μὴν
3272 2012 3494 2073 ἅκλιτόν
3533 2017 3674 2076 ἐστιν
3708 2020 3763 2076 ἐν

2109 2095 2252 2185 ἡμῖν
2289 2096 2356 2185 τὸ
2406 2093 2537 2185 οὖς,Δ
2569 2094 2697 2153 ἀλλ’
2735 2097 2821 2155 ὅτι
2866 2098 3197 2175 κλινομένης
3248 2112 3351 2175 τῆς
3397 2106 3647 2185 ηφαὶῆς
3677 2109 3770 2166 ἐπὶ

2107 2183 2198 2273 τὸν
2240 2181 2472 2261 λέγοντα
2520 2182 2667 2243 δοκεῖ
2717 2191 2882 2245 τοῦτο
2949 2189 3243 2251 κλίνεσθαι.
3314 2181 3642 2273 Προείρηται
3708 2197 3769 2256 δὲ

2110 2272 2192 2329 ὅτι
2250 2273 2357 2367 ἀπὸ
2392 2280 2501 2331 τῶν
2546 2276 2899 2367 ἀνθρωπίνων
2943 2278 3226 2358 ἐνεργειῶν
3276 2272 3369 2340 τάν
3409 2272 3527 2351 θεῖα
3591 2308 3770 2367 χαρα-

2107 2362 2349 2454 κτηρίςει
2397 2361 3001 2444 συγκαταϐατικώτερον
3064 2369 3152 2427 διὰ
3195 2374 3297 2444 τὴν
3335 2378 3444 2431 τῶν
3477 2361 3767 2454 ἀκροωμέ-

2106 2473 2236 2545 νων-
2264 2453 2519 2545 ἁθένειαν·
2572 2456 2623 2511 οἱ
2671 2457 2773 2534 γὰρ
2828 2457 3156 2533 βουλόμενοί
3203 2482 3347 2527 τινος
3378 2453 3767 2545 ἀκριϐέστερον

2106 2541 2345 2613 ἀκούειν,
2395 2540 2636 2620 ἀδρανῶς
2686 2545 2775 2601 ὑπ’
2833 2548 3102 2614 ἀσθενείας
3159 2540 3547 2630 φθεγγομένου,
3632 2540 3765 2614 κλί-

2104 2651 2282 2686 νουσιν
2336 2630 2483 2705 αὐτῷ
2538 2631 2629 2689 διὰ
2676 2642 2780 2706 τῆς
2836 2637 3082 2716 κεφαλῆς
3132 2642 3196 2696 τὸ
3252 2640 3346 2706 τῦς
3379 2664 3393 2678 ο
3450 2643 3647 2704 κλῖνον
3678 2648 3759 2714 ὡς

2109 2719 2321 2795 ὑψηλὸς
2379 2720 2466 2777 ἐπὶ
2514 2725 2788 2799 ταπεινὸν,
2842 2726 2917 2791 ὠς
2966 2727 3149 2805 ἰατρὸς
3197 2729 3285 2786 ἐπὶ
3339 2738 3622 2796 νοσοῦντα.
3654 2739 3756 2811 Εἴη

2106 2807 2155 2865 δ’
2182 2807 2243 2865 ἄν
2298 2809 2486 2908 ὅρασις
2522 2813 2625 2908 μὲν
2670 2820 2805 2908 Θεοῦ
2852 2826 2887 2886 η
2934 2816 3131 2908 ἀπλῶς
3174 2825 3371 2902 γνῶσις
3414 2832 3525 2883 τῶν
3583 2807 3757 2908 πραγξ

2107 2920 2339 2995 μρτωνη
2376 2898 2470 2965 οὖς
2519 2899 2578 2995 δὲ
2626 2905 2662 2974 ἡ
2715 2903 3018 2995 λεπτοτέρα
3068 2930 3083 2947 ·
3138 2898 3208 2971 τὰ
3260 2915 3366 2993 γὰρ
3425 2918 3595 2995 ὁρατά
3628 2898 3757 2975 ’τῶν

2105 2989 2380 3045 ἀκουστῶν
2412 2990 2694 3069 παχύτερα
2724 2990 2813 3058 διὰ
2839 2989 3136 3076 τήν-ὕλην.
3168 2989 3314 3062 Ἀνω
3338 2989 3424 3061 ⁷δὲ
3461 2989 3558 3062 ’καὶ
3605 3007 3752 3064 κάτω

2100 3086 2207 3173 τῆς
2253 3077 2654 3164 παρακλήσεως
2699 3093 2762 3149 τὸ
2806 3091 3123 3150 εἰσάκουσον
3170 3094 3263 3150 καὶ
3331 3096 3600 3173 πρὸσσχές
3656 3098 3750 3152 καὶ

2104 3168 2356 3263 ἐγῴτισαι
2405 3182 2496 3237 καὶ
2540 3181 2608 3237 τὰ
2634 3185 2860 3237 τοιαῦτα
2906 3180 2983 3246 εἷς
3034 3180 3268 3262 ἔμφασιν
3329 3168 3431 3256 τῆς
3472 3168 3606 3263 πρὸς
3651 3187 3755 3256 τὴν

2024 3253 2068 3321 (1
2106 3254 2320 3343 αἶ’τίισιν
2351 3268 2639 3346 ὁλοψύχου
2669 3268 2979 3334 διαθέσεως.

2180 3429 2210 3458 ‹‹
2239 3406 2635 3479 Θαυμάστωσον
2679 3407 2747 3460 τά
2794 3402 2921 3477 ἐλέη
2966 3426 3084 3475 σου,
3135 3406 3164 3462 6
3208 3408 3399 3478 σώζων
3444 3407 3574 3473 τοὺς
3601 3407 3763 3465 ἐλπί-

2109 3499 2298 3565 ζοντας
2344 3493 2431 3549 ἐπὶ
2482 3495 2559 3551 σέ.
2612 3517 2739 3547 ››-
2781 3495 3065 3569 Θαύματος
3117 3495 3239 3568 ἄξια
3278 3496 3535 3568 ποίησον.
3596 3496 3762 3571 Ἐλέη

2108 3582 2165 3639 δὲ
2212 3581 2357 3660 λέγει
2404 3585 2505 3654 τὴν
2554 3581 2866 3658 ἀντίληψιν’
2918 3585 2970 3639 οἱ
3018 3585 3124 3662 γὰρ
3165 3582 3371 3650 ἰδόντες
3402 3587 3563 3643 αὐτὸν
3597 3586 3769 3665 ύπερ-

2105 3672 2468 3747 ασπιζόμενον
2541 3673 2960 3747 ἐθαυμάστωσαν
3022 3674 3207 3747 αὐτὸν,
3276 3675 3352 3739 ὡς
3400 3682 3629 3752 ταχεῖαν
3671 3677 3770 3733 καὶ

2105 3764 2376 3833 πανσθενῆ
2413 3761 2503 3817 καὶ
2552 3762 2627 3825 ὡς
2672 3763 2749 3837 μὴ
2803 3763 2969 3837 μόνον
3019 3761 3267 3840 δικαίων,
3317 3764 3466 3822 ἀλλά
3499 3768 3773 3845 ἀμαρτω-

2107 3850 2220 3908 λῶν
2251 3846 2825 3926 ἀντιλαμϐανομένην.

2186 4008 2209 4037 ιι
2242 3987 2337 4042 Ἐκ
2388 3990 2495 4042 τῶν
2553 3985 2958 4060 ἀνθεστηκότων
3013 3991 3084 4064 τῇ
3138 3985 3286 4061 δεξιᾷ
3360 4010 3456 4046 σου
3530 3989 3773 4070 φύλαξόν

2112 4097 2199 4150 με,
2258 4076 2440 4153 Κύριε,
2506 4076 2581 4139 ὡς
2629 4076 2801 4152 κόρην
2831 4076 3144 4156 ὀφθαλμοῦ.
3197 4102 3227 4133 ›>
3276 4112 3349 4123 -
3396 4077 3646 4151 Φύλαξόν
3678 4100 3769 4155 με,

2108 4164 2290 4240 Κύριε,
2339 4165 2444 4220 ἀπὸ
2489 4168 2590 4236 τῆς
2639 4161 2945 4237 ἐπιϐουλῆς
2998 4171 3107 4223 τῶν
3174 4168 3322 4245 παρά
3388 4168 3482 4224 τὸν
3533 4168 3717 4225 Σαούλ
3754 4189 3769 4204 ·

2111 4252 2171 4310 οἵ
2206 4255 2619 4325 ἁνθεστήκεισαν
2666 4259 2737 4330 τῇ
2780 4257 3094 4333 χειροτονία
3151 4278 3248 4313 σου
3282 4277 3294 4290 ·
3356 4254 3449 4313 διά
3510 4258 3614 4335 γὰρ
3664 4265 3769 4330 τῆς

2109 4342 2300 4420 χειρὸς
2346 4343 2552 4415 ταύτης
2599 4340 2846 4415 ἐδήλωςε
2877 4364 2891 4379 ο
2947 4345 3011 4401 ού
3062 4347 3168 4422 γάρ
3216 4344 3640 4425 ἐχειροτόνησάς
3699 4369 3771 4422 με

2113 4430 2339 4509 βασιλέα
2390 4429 2480 4487 διά
2532 4437 2631 4488 τοῦ
2687 4437 2975 4513 προφήτου
3032 4438 3129 4491 τοῦ
3159 4435 3477 4511 χρίσαντος.
3511 4435 3675 4491 Οὗτοι
3709 4433 3771 4492 δὲ

2108 4519 2499 4591 σπουδάζουσιν
2533 4522 2741 4599 ἀνεγεῖν
2776 4525 2854 4598 μὴ
2882 4521 3332 4601 καταδεχόμενοι·

2180 4680 2209 4709 ‹‹
2241 4656 2371 4733 Περὶ
2415 4662 2518 4727 τῆς
2565 4656 2737 4735 κόρης
2774 4661 2873 4715 τοῦ
2919 4658 3231 4739 ὀφθαλμοῦ.
3287 4683 3319 4713 ››
3366 4692 3436 4705 -
3465 4661 3767 4734 Θαυμαστὴ

2114 4742 2172 4801 δὲ
2201 4741 2372 4809 ὅντως
2426 4748 2462 4817 ἡ
2502 4746 2627 4824 περὶ
2671 4748 2772 4817 τὴν
2819 4749 2990 4825 κόρην
3033 4754 3131 4804 τοῦ
3174 4747 3464 4827 ὀφθαλμοῦ
3493 4747 3713 4828 φυλακή
3753 4773 3768 4786 ·

2110 4836 2282 4912 χιτὼν
2314 4837 2417 4913 γάρ
2451 4835 2538 4892 ἐπὶ
2588 4841 2783 4913 χιτῶνι
2828 4838 2919 4894 καὶ
2966 4836 3280 4915 παραϐολαὶ
3328 4837 3578 4896 ποικίλαι
3633 4838 3770 4895 ταύ-

2109 4947 2209 4995 την
2240 4925 2721 5003 περιτειχίζουσιν,
2747 4925 2838 4983 καὶ
2869 4928 2922 4983 οἱ
2957 4928 3050 5002 μὲν
3085 4928 3278 4986 λεπτοὶ
3321 4927 3412 4985 καὶ
3465 4926 3770 5009 διαφανεῖς,

2105 5012 2199 5070 τίνα
2258 5016 2333 5088 μὴ
2389 5016 2731 5092 τραχύνωσιν
2781 5017 2944 5094 ὑγράν
2998 5015 3160 5074 οὖσαν
3205 5017 3296 5074 καὶ
3329 5016 3546 5090 ἁπαλήν
3582 5038 3597 5052 ·
3632 5016 3769 5091 ἔξω·

2110 5105 2194 5159 θεν
2255 5101 2314 5159 δὲ
2366 5102 2549 5180 παχὺς
2609 5104 2637 5159 6
2665 5108 2772 5160 τῶν
2826 5104 3136 5185 βλεφάρων,
3189 5104 3340 5163 δυσὶν
3405 5106 3769 5180 ἡμικυκλίοις

2110 5189 2466 5271 διῃρημένος,
2522 5189 2609 5249 i’va
2662 5194 2874 5250 καὶτὸν
2922 5196 3204 5273 κονιορτὸν
3251 5191 3502 5271 ἀποσοϐῇ
3541 5196 3632 5253 καὶ
3661 5198 3768 5268 τὴν

2110 5279 2162 5353 ἔξ
2186 5282 2343 5359 ἀέρος
2406 5276 2618 5359 βλάϐην
2666 5283 2757 5339 καὶ
2803 5284 2873 5340 τὰ
2916 5285 3169 5359 πτερωτά
3208 5283 3436 5365 ζωύφια.
3483 5285 3769 5363 Τετρίχω-

2106 5394 2193 5428 ται
2243 5370 2289 5427 δ’
2333 5371 2489 5434 οὗτος
2533 5369 2627 5428 ἵνα
2667 5373 2760 5428 τὸν
2803 5373 2962 5451 ἐγγὺς
3007 5372 3214 5450 ἱδρῶτα
3258 5375 3625 5454 καταῤῥέοντα
3651 5397 3770 5432 κω-

2109 5461 2214 5537 λύῃ
2247 5481 2259 5493 ⁸
2321 5459 2517 5539 δριμὸς
2573 5460 2674 5538 γάρ
2732 5461 2844 5518 ἐστι
2917 5463 3009 5519 καὶ
3085 5464 3335 5539 λυπηρός
3370 5485 3383 5499 ’
3448 5464 3630 5521 ἐπάνω
3707 5462 3772 5522 δὲ

2106 5557 2301 5607 τοῦτου
2359 5552 2561 5631 φάραγξ
2620 5550 2824 5630 ὀφρύος
2888 5551 3287 5631 ἐσχημάτισται
3367 5554 3605 5629 καθάπερ
3681 5576 3772 5617 τις

2109 5641 2333 5720 στερρὸς
2382 5636 2602 5721 ὄροφος.
2663 5641 2998 5699 Πεκύκασται
3073 5641 3134 5698 δέ
3206 5644 3297 5700 καὶ
3371 5643 3532 5708 οὗτος
3594 5644 3769 5722 θριξίν

2101 5730 2196 5790 ἵνα
2256 5732 2333 5811 μὴ
2386 5731 2416 5787 6
2463 5730 2764 5818 φερόμενος
2817 5732 3020 5800 ἄνωθεν
3070 5730 3240 5819 ἱδρὼς
3291 5731 3381 5791 ἐπὶ
3425 5734 3527 5810 τὴν
3556 5733 3770 5815 σκηνὴν
