4072 6420
286 440 441 508 1393

1504 450 1924 518 EXPOSITIO
1967 454 2047 518 IN
2093 456 2477 529 PSALMOS.

3543 467 3701 533 1394

281 586 384 680 τῆς
414 573 892 680 κόρηςιέμϐάλλῃ,
924 577 1073 680 ἀλλ’.
1104 579 1534 662 ἀνακρουόμενος
1594 584 1816 658 ἐκεῖθεν,
1848 587 1937 644 ἐπὶ
1965 593 2021 659 Α
2047 599 2167 680 τοῖς
2223 601 2548 666 παθητικοῖς
2606 594 2794 673 λόγοις
2824 595 2852 653 6
2890 596 3180 678 προφήτης
3237 594 3585 680 ταυτολογεῖν
3646 600 3698 659 ἐν

283 670 412 734 τοὺς
443 669 1231 750 κροτάφουςξμετοχετεύηται.

355 801 385 831 ‹‹
419 780 503 834 Ἐν
564 778 733 852 σκέπῃ
787 783 893 834 τῶν
970 780 1254 857 πτερύγων
1340 802 1435 837 σου
1510 781 1790 846 σκεπάσεις
1870 804 1938 858 με

291 867 398 923 ἀπὸ
445 869 742 943 προσώπου
786 864 991 924 ἀσεϐῶν
1039 874 1148 925 τῶν
1193 870 1730 948 ταλαιπωρησάντων
1785 894 1871 946 με.
1904 897 1934 926 ››

283 989 354 1000 --
409 957 624 1034 Ἑτέραν
685 957 865 1014 εἰκόνα
940 959 1187 1039 φυλακῆς
1256 962 1426 1038 εὑρὼν
1495 961 1638 1032 ἀξιοῖ
1718 967 1935 1018 νεοττοῦ

282 1046 484 1124 τρόπον
542 1047 972 1118 ἐπισκέπτεσθαι,
1028 1051 1294 1126 πτέρυγας
1363 1050 1545 1106 καλῶν
1618 1052 1712 1114 τάς
1790 1073 1936 1108 συνε-

281 1138 467 1198 κτικὰς
499 1137 587 1191 καὶ
627 1139 996 1214 φρουρητικάς
1042 1139 1133 1194 καὶ
1179 1138 1478 1203 θαλπτικάς
1527 1139 1780 1215 δυνάμεις
1832 1145 1933 1211 τῆς

280 1223 696 1301 παντοδυνάμου
773 1229 1050 1304 προνοίας,
1112 1228 1172 1284 ἐκ
1254 1236 1560 1308 μεταφορᾶς
1631 1235 1740 1287 τῶν
1812 1237 1932 1295 ταῖς

281 1314 482 1370 ἑαυτῶν
537 1316 758 1394 πτέρυξι
825 1318 1129 1374 σκεπόντων
1187 1319 1316 1381 τοὺς
1371 1318 1621 1383 νεοττοὺς
1651 1326 1927 1376 πετεινῶνο

273 1403 337 1458 τὸ
411 1408 539 1481 γοῦν
613 1404 894 1468 σκεπάσεις
966 1405 1082 1461 ἀντὶ
1155 1411 1252 1462 τοῦ
1323 1406 1570 1463 εὐκτικοῦ
1625 1410 1926 1482 νοήσωμεν·

276 1491 574 1569 πολλαχοῦ
602 1495 702 1570 γάρ
741 1501 842 1564 τῆς
875 1501 1096 1575 Γραφῆς
1125 1493 1188 1551 τὸ
1235 1500 1482 1552 τοιοῦτον
1535 1493 1699 1559 εἶδος
1743 1497 1780 1568 ἢ
1838 1496 1929 1552 καὶ

275 1581 610 1660 προφητεύει
652 1585 752 1652 τήν
812 1586 961 1660 παρὰ
1012 1589 1110 1640 τοῦ
1148 1589 1282 1641 Θεοῦ
1317 1587 1592 1662 βοήθειαν.
1627 1585 1926 1661 Πρόσωπον

278 1669 336 1728 δὲ
383 1667 592 1728 ἀσεϐῶν
648 1672 845 1736 αὐτοὺς
899 1674 1048 1750 λέγει
1097 1673 1226 1738 τοὺς
1275 1670 1507 1738 ἀσεϐεῖς.
1545 1681 1928 1752 Καταχρηστι-

273 1765 384 1824 κῶς
443 1759 501 1817 δὲ
550 1767 642 1816 νῦν
694 1763 837 1818 εἶπεν
888 1759 1100 1826 ἀσεϐεῖς
1148 1763 1275 1827 τοὺς
1318 1763 1458 1842 ἀμφὶ
1486 1764 1579 1820 τὸν
1614 1763 1819 1836 Σαοὺλ,
1851 1766 1928 1828 ὡς

279 1846 436 1921 δίκην
466 1846 670 1907 ἀσεϐῶν
704 1856 906 1921 ζῶντας
956 1852 1010 1908 ἐν
1059 1851 1310 1927 ἀνομίαις
1355 1852 1444 1908 καὶ
1490 1850 1762 1928 διψῶντας
1811 1853 1925 1908 ἀνε-

2050 679 2396 759 ὑπαλλαγαῖς
2456 682 2674 757 λέξεων.
2717 684 2810 743 ⁹ίνα
2857 689 3090 760 αὐξήσας
3137 690 3201 747 τὸ
3231 692 3400 754 πάθος
3435 679 3510 756 εἰς
3543 691 3695 749 ἔλεον

2048 771 2430 844 ἐπισπάσηται.

2003 862 2005 864 ’
2117 886 2146 916 ‹‹
2173 863 2478 938 Ἀνάστηθι,
2510 865 2692 942 Κύριε.
2724 890 2746 919 ι
2781 901 2851 911 --
2897 873 3080 925 Δοκῶν
3128 868 3403 927 καθεύδειν
3455 869 3545 929 διὰ
3588 874 3689 942 τήν

2048 954 2423 1029 μακροθυμίαν
2455 957 2708 1027 κινήθητι
2738 957 2875 1032 πρὸς
2904 959 3128 1032 ἄμυναν.

2117 1067 2146 1095 ‹‹
2177 1043 2494 1122 Πρόφθασον
2529 1045 2742 1109 αὐτούς.
2775 1068 2803 1100 n
2839 1079 2909 1089 —
2949 1049 3062 1125 Πρὸ
3107 1053 3204 1104 τοῦ
3263 1048 3447 1107 δοῦναι
3500 1050 3690 1129 πέρατι

2039 1132 2108 1186 τά
2142 1131 2557 1207 μεμελετημένα
2586 1131 2969 1211 προκατάλαϐε
2999 1137 3215 1201 αὐτούς.

2114 1264 2143 1292 ‹‹
2175 1240 2273 1296 Καὶ
2307 1240 2659 1298 ὑποσκέλισον
2692 1242 2905 1306 αὐτούς.
2942 1267 2972 1296 ››
3001 1277 3071 1288 -—-
3103 1245 3430 1320 Ἐμπόδισον
3461 1252 3541 1321 τῷ
3577 1251 3694 1304 κατ’

2039 1327 2418 1406 ἐμοῦλδρόμῳ.
2447 1335 2616 1387 Τοῦτο
2648 1329 2705 1388 δὲ
2737 1331 2796 1388 ἐκ
2828 1339 3133 1412 μεταφορᾶς
3190 1340 3298 1391 τῶν
3336 1335 3689 1412 βουλομένων

2037 1417 2174 1473 τισὶν
2205 1417 2512 1476 ἐπικόπτειν
2546 1421 2635 1476 τὸν
2670 1419 2896 1498 δρόμον⁶
2931 1422 2984 1478 οἳ
3014 1423 3324 1500 τρεχόντων
3354 1431 3472 1491 τοῖς
3529 1428 3687 1484 ποσὶν

2039 1507 2214 1563 αὐτῶν
2248 1508 2556 1565 ὑποτιθέασι
2585 1509 2653 1565 τὰ
2680 1509 2848 1582 σκέλη
2897 1511 3034 1568 κατά
3078 1512 3338 1591 πάροδον,
3369 1517 3458 1572 καί
3518 1514 3691 1580 οὕτως

2039 1595 2283 1673 εὐχερῶς
2313 1593 2774 1656 καταϐάλλουσιν.

2111 1710 2140 1738 ‹‹
2170 1687 2351 1742 Ῥῦσαι
2429 1689 2529 1757 τὴν
2585 1691 2769 1766 ψυχήν
2828 1711 2934 1764 μου
2989 1691 3096 1747 ἀπὸ
3149 1687 3377 1756 ἀσεϐοῦς
3445 1693 3688 1773 ῥομφαίᾳ

2037 1795 2154 1848 σου,
2187 1775 2294 1831 ἀπὸ
2323 1774 2534 1854 ἐχθρῶν
2551 1781 2652 1847 τῆς
2683 1778 2873 1855 χειρός
2905 1801 3020 1836 σου.
3053 1804 3082 1832 ››
3113 1813 3182 1824 —
3212 1783 3298 1837 Ἐν
3329 1785 3399 1857 τῇ
3441 1782 3687 1863 ῥομφαία

2036 1885 2133 1920 σου
2183 1864 2336 1941 ῥῦσαι
2383 1868 2483 1937 τήν
2535 1869 2720 1944 ψυχήν
2769 1890 2874 1942 μου
2921 1869 3028 1926 ἀπὸ
3076 1866 3300 1934 ἀσεϐοῦς
3352 1870 3554 1946 Σαοὺλ,
3593 1874 3685 1930 καὶ

277 1937 391 2040 λεῖν
435 1941 816 2040 τοῦςᾶθώευς
863 1942 953 1996 καὶ
1001 1941 1078 2004 ὡς
1121 1944 1196 2016 μὴ
1232 1937 1560 2040 σεϐομένους
1581 1944 1687 2040 γὴν
1719 1941 1929 2040 *δηλιιξ-
1957 1971 2005 2036 Β
2035 1952 2142 2010 ἀπὸ
2165 1937 2274 2011 τῶν
2325 1937 2581 2028 ὑπηκόων
2615 1937 2812 2030 ἀύτοῦ,
2842 1962 2951 2015 τῶν
3003 1959 3400 2037 ἐχθραινόντων
3447 1961 3520 2038 τῇ
3541 1937 3685 2040 ’χει-

275 2029 453 2084 θεῖσαν
508 2029 592 2084 ἐπ’
615 2029 764 2104 αὐτῷ
817 2036 915 2086 τοῦ
964 2035 1097 2087 Θεοῦ
1144 2031 1483 2108 χειροτονίαν
1543 2029 1594 2086 οἰ
1625 2030 1928 2088 ἐταλαιπώ-

277 2137 446 2193 ρησαν
505 2118 664 2174 αὐτὸν
720 2119 845 2197 περὶ
913 2121 1014 2191 τὴν
1071 2122 1266 2199 φυγήν·
1321 2126 1493 2176 πᾶσαν
1569 2122 1928 2177 κακοπάθειαν

274 2205 655 2284 ὑφιστάμενος.

344 2320 374 2347 ‹‹
408 2297 471 2350 Οἳ
530 2296 720 2373 ἐχθροί
781 2318 887 2370 μου
942 2298 1042 2367 τὴν
1091 2300 1276 2374 ψυχήν
1312 2319 1418 2372 μου
1448 2299 1762 2375 περιέσχον.
1795 2321 1824 2352 ››
1858 2332 1926 2342 -

271 2383 408 2440 Ἀπὸ
436 2392 536 2454 τῆς
568 2389 756 2461 ψυχῆς
796 2385 982 2441 ἑαυτὸν
1032 2385 1306 2466 ἐνέφηνεν,
1336 2387 1412 2450 ὡς
1455 2387 1561 2442 ἀπὸ
1618 2387 1815 2464 μέρους
1862 2389 1926 2444 τὸ

266 2478 392 2528 πᾶν.
425 2475 723 2550 Περιέσχον
769 2472 829 2530 δὲ
873 2475 991 2530 ἀντὶ
1039 2480 1136 2531 τοῦ
1173 2474 1632 2550 περιεκύκλωσαν,
1663 2476 1921 2533 πάντοθεν

272 2561 581 2632 καθίζοντες
613 2563 841 2640 λόχους.

343 2675 372 2705 ‹‹
402 2653 482 2710 Τὸ
512 2653 669 2728 στέαρ
702 2654 877 2710 αὐτῶν
907 2652 1272 2711 συνέκλεισαν.
1294 2678 1324 2707 ››
1354 2689 1424 2698 -
1453 2657 1551 2711 Διὰ
1579 2660 1675 2711 τοῦ
1705 2654 1925 2719 στέατος

269 2740 370 2809 τὴν
414 2739 636 2816 καρδίαν
686 2743 776 2798 καὶ
822 2744 892 2798 τὰ
938 2743 1229 2821 σπλάγχνα
1275 2741 1460 2812 δηλοῖ·
1496 2742 1586 2800 διὰ
1627 2749 1794 2800 ταῦτα
1822 2747 1923 2822 γὰρ

271 2828 461 2900 πολλὴ
519 2830 754 2905 πιμελή⁸
789 2830 878 2888 καί
936 2854 1098 2910 φησιν
1157 2833 1239 2889 ὅτι
1289 2833 1638 2891 Ἀπέκλεισάν
1697 2855 1788 2908 μοι
1835 2835 1926 2888 τὸν

275 2918 336 2974 ἐκ
358 2919 581 2997 καρδίας
612 2922 702 2976 καὶ
735 2919 1068 2998 σπλάγχνων
1120 2922 1295 2978 αὐτῶν
1345 2919 1517 2979 ἕλεονε
1551 2923 1602 2994 ἐξ
1645 2925 1718 2978 ὧν
1765 2921 1922 2986 οὗτος

273 3009 541 3085 πρόεισιν.
581 3009 784 3066 ’Ἄλλοι
817 3008 874 3066 δέ
904 3032 1031 3090 φασι
1063 3011 1220 3087 στέαρ
1248 3013 1348 3082 τὴν
1398 3011 1542 3082 ἀξίαν
1575 3012 1796 3087 (ἀεξίαν)
1833 3013 1924 3068 καὶ

276 3097 590 3177 εὐημερίαν”
652 3099 1044 3174 ἑρμηνεύοντες
1113 3099 1196 3155 ὅτι
1263 3099 1585 3157 ἀπέκλεισαν
1651 3101 1741 3156 καὶ
1808 3103 1922 3157 οἷον

275 3187 534 3264 συνέσχον
567 3187 733 3257 αὐτὴν
783 3189 859 3252 ὡς
910 3189 1104 3263 μηκέτι
1149 3189 1508 3268 φευξομένην,
1541 3190 1686 3248 ἀλλὰ
1734 3189 1925 3247 διόλου

265 3277 628 3350 συνεσομένην
659 3277 860 3340 αὐτοῖς.

340 3388 370 3418 ‹‹
401 3343 472 3420 T6
528 3343 703 3440 στόμα
759 3367 933 3422 αὐτῶν
992 3366 1260 3438 ἐλάλησεν
1320 3368 1704 3446 ὑπερηφανίαν.
1771 3394 1792 3422 ι
1853 3403 1922 3414 -
1953 3343 1996 3411 C

265 3450 608 3528 Ἐκόμπαζον
637 3456 740 3531 γάρ
776 3462 965 3521 θᾶττον
998 3462 1216 3533 συσχεῖν
1266 3457 1425 3513 αὐτὸν
1476 3459 1552 3520 ὡς
1601 3457 1919 3535 εὐθήρατον,

271 3541 589 3619 μηδαμόθεν
623 3543 824 3621 ἔχοντα
855 3547 1132 3623 βοήθειαν.

339 3629 798 3699 «Ἐκϐάλλοντές
852 3657 921 3710 με
975 3635 1092 3691 νυνὶ
1152 3636 1593 3713 περιεκύκλωσάν
1657 3659 1742 3710 με.
1791 3661 1822 3690 ››
1856 3667 1920 3687 =

263 3723 590 3794 Ἐξώσαντές
653 3746 720 3799 με
767 3729 876 3781 τῶν
928 3725 1076 3800 ἐμῶν
1131 3725 1382 3781 ἀπάντων
1432 3725 1531 3781 οὐκ
1557 3727 1918 3804 ἠρκέσθησαν

265 3810 414 3868 ἀλλᾶ
471 3817 562 3869 νῦν
639 3813 1084 3891 περιεκύκλωσάν
1161 3837 1229 3890 με
1300 3817 1600 3871 θανατῶσαι
1693 3813 1923 3872 σπουδά·

270 3924 474 3989 ζοντες.

343 4006 541 4069 «Τοὺς
603 4006 922 4085 ὀφθαλμοὺς
978 4008 1152 4064 αὐτῶν
1213 4007 1394 4066 ἔθεντο
1445 4009 1686 4067 ἐκκλῖναι
1747 4012 1799 4066 ἐν
1852 4015 1922 4087 τῇ

270 4098 367 4172 γῇ,
405 4118 434 4146 ››
464 4096 762 4150 --Ἑθεντο
801 4097 890 4150 καὶ
939 4097 1229 4172 ἐσκέψαντο
1281 4098 1522 4155 ἐκκλῖναι
1571 4100 1698 4163 τοὺς
1723 4100 1923 4179 ὀφθαλ-

277 4185 415 4259 μοὺς
445 4184 620 4240 αὐτῶν
651 4184 756 4240 ἀπὸ
789 4190 906 4254 σοῦ,
953 4190 1051 4241 τοῦ
1109 4186 1161 4241 ἐν
1218 4187 1466 4264 οὐρανοῖς
1522 4195 1923 4261 κατοικοῦντος,

275 4274 366 4330 καὶ
423 4278 531 4329 τῶν
591 4279 696 4330 σῶν
746 4277 1182 4352 προσταγμάτων
1239 4277 1273 4331 ἅ
1325 4274 1610 4332 κελεύουσι
1679 4279 1754 4350 μὴ
1809 4275 1924 4332 ἀδι-

275 4369 388 4420 κεῖν
443 4364 535 4419 τὸν
582 4363 818 4420 ἀναίτιον
868 4365 944 4428 εἷς
991 4371 1119 4442 γῆν,
1169 4364 1439 4420 τουτέστιν
1473 4365 1549 4429 εἷς
1576 4369 1778 4444 γεηρὰς
1810 4366 1926 4422 ἐπι-

277 4453 474 4526 θυμίας
521 4473 535 4486 ·
593 4451 790 4517 αἵτινές
865 4454 996 4510 εἰσιν
1053 4451 1270 4531 ἀλόγως
1324 4453 1639 4524 ἀποπλῆσαι
1696 4460 1801 4510 πᾶν
1865 4456 1928 4511 τὸ

275 4544 392 4597 καθ’
449 4541 658 4616 ἡδονήν
689 4588 702 4601 .
756 4541 794 4615 ἤ
850 4543 978 4608 τοὺς
1039 4541 1357 4622 ὀφθαλμοὺς
1413 4543 1589 4599 αὐτῶν
1649 4544 1928 4621 ἐστήριξαν

2040 2044 2258 2120 ροτονίᾳ
2313 2067 2432 2116 σου,
2460 2047 2732 2102 τουτέστιν
2783 2047 2928 2122 ἐμοὶ,
2960 2049 2998 2120 ἢ
3026 2055 3134 2106 τῶν
3174 2049 3566 2125 πολεμούντων
3614 2057 3684 2128 τῇ

2035 2133 2184 2210 χειρί
2231 2155 2349 2208 σου,
2382 2133 2597 2207 δηλαδὴ
2649 2136 2735 2192 σοὶ
2799 2144 3258 2217 περιφραστικῶς·
3310 2139 3355 2195 εἷ
3394 2142 3499 2218 γὰρ
3561 2141 3688 2218 ἐμοὶ

2031 2221 2392 2297 πολεμοῦσιν,
2446 2224 2551 2301 ἐγὼ
2601 2221 2660 2280 δὲ
2706 2225 2818 2299 σὸς,
2852 2228 2904 2282 οἱ
2951 2225 3325 2302 πολεμοῦντές
3367 2250 3460 2303 μοι
3497 2234 3579 2304 τῷ
3609 2236 3688 2304 σῷ

2034 2311 2121 2367 σοὶ
2151 2313 2254 2388 ἄρα
2282 2311 2610 2387 πολεμοῦσι.
2641 2314 2796 2378 Τίνος
2828 2313 2886 2372 δὲ
2917 2318 3078 2393 χάριν
3106 2313 3272 2388 ἀσεϐῆ
3302 2323 3496 2374 τοῦτου
3543 2319 3687 2398 λέγει

2034 2403 2463 2478 προειρήκαμεν.
2521 2405 2650 2468 Καθ’
2715 2404 2878 2460 ἑαυτά
2961 2404 3018 2460 δὲ
3098 2406 3165 2461 τὰ
3229 2406 3370 2484 ῥητά
3443 2407 3689 2484 ἀναγνωο

2035 2491 2185 2546 στέον
2238 2489 2547 2556 ἀπολύτως.
2599 2492 2962 2564 Κατάλληλον
3027 2492 3084 2551 δὲ
3124 2497 3214 2551 καὶ
3258 2497 3322 2552 τὸ
3378 2496 3532 2574 ῥῦσαι
3584 2497 3684 2567 τὴν

2034 2581 2219 2656 ψυχήν
2275 2601 2379 2654 μου
2437 2581 2575 2658 πρὸς
2629 2581 2692 2637 τὸ
2751 2582 2910 2660 ῥηθὲν
2979 2583 3250 2662 ἀνωτέρω,
3302 2611 3331 2638 ‹‹
3376 2587 3430 2641 οἱ
3493 2585 3685 2664 ἐχθροί

2038 2689 2143 2742 μου
2187 2671 2310 2746 γὰρ,
2344 2670 2478 2743 εἷπε,
2511 2674 2580 2746 τῇ
2631 2675 2784 2748 ψυχῇ
2835 2694 2939 2746 μου
2987 2676 3296 2751 περιέσχον.
3333 2699 3362 2728 ››
3388 2679 3681 2754 Ἀποροῦσι

2034 2755 2092 2812 δέ
2137 2778 2280 2822 τινες
2327 2763 2446 2823 πῶς
2495 2761 2523 2815 ὁ
2563 2760 2880 2837 φεισάμενος
2924 2766 3023 2818 τοῦ
3073 2761 3253 2818 Σαοὺλ
3306 2763 3358 2820 ἐν
3405 2766 3484 2838 τῷ
3541 2787 3684 2838 σπη-

2034 2845 2176 2921 λαίῳ
2250 2851 2340 2903 νῦν
2423 2848 2770 2926 ἀναιρεθῆναι
2836 2855 3028 2906 τοῦτον
3113 2849 3331 2928 εὔχεται
3416 2853 3679 2933 ῥομφαίᾳ.

2035 2941 2191 2994 Θεοῦ.
2225 2936 2323 2992 Καὶ
2356 2934 2604 3014 λέγωμεν
2633 2939 2709 3002 ὡς
2760 2938 2920 3002 αὐτὸς
2978 2940 3073 3014 μὶν
3117 2940 3378 3019 αὐτόχειρ
3413 2941 3682 3018 βασιλέως

2034 3025 2135 3082 οὐκ
2163 3025 2420 3102 ἀνέσχετο
2451 3027 2718 3104 γενέσθαι,
2765 3029 2945 3092 καθὼς
3012 3027 3064 3084 ἐν
3113 3030 3434 3105 προοιμίοις
3484 3030 3686 3108 ἐξηγη-

2036 3115 2243 3189 σάμεθα
2297 3120 2394 3171 τοῦ
2458 3115 2703 3190 ψαλμοῦ·
2750 3117 2840 3173 τὸν
2911 3114 2970 3173 δὲ
3011 3118 3142 3174 Θεὸν
3190 3117 3484 3196 παρεκάλει
3545 3121 3685 3199 πρὸς

2035 3202 2333 3276 ἐκδίκησιν,
2407 3204 2930 3280 ταλαιπωρούμενος
2996 3206 3048 3262 ἐν
3123 3206 3268 3283 πάσῃ
3331 3211 3683 3284 κακοπαθείᾳ·

2038 3291 2220 3371 ὥσπερ
2251 3297 2356 3372 γὰρ
2385 3294 2448 3349 τὸ
2486 3299 2701 3371 πρῶτον
2749 3293 2954 3370 ἄδικον,
2987 3295 3130 3353 οὕτω
3179 3294 3386 3354 δίκαιον
3445 3299 3508 3354 τὸ
3559 3297 3686 3356 δεύ-

2030 3401 2207 3456 τερον·
2258 3385 2295 3454 ἢ
2339 3384 2428 3439 καὶ
2478 3383 2530 3439 ἐν
2571 3385 2814 3464 ῥομφαίᾳ
2859 3383 3026 3463 λέγει,
3060 3385 3161 3442 οὐκ
3197 3386 3509 3464 ἀναιρούσῃ,
3540 3387 3688 3445 ἀλλὰ

2030 3468 2273 3550 φοϐούσῃ
2336 3473 2463 3537 τοὺς
2527 3473 2759 3551 ἐχθροὺς
2833 3473 3018 3548 μόνον.
3069 3477 3577 3554 Ἀνθρωποπρεπῶς
3626 3476 3687 3534 δὲ

2031 3560 2264 3638 εἷ’ρηταιο
2313 3561 2405 3618 καί
2447 3564 2550 3639 γὰρ
2596 3564 2625 3618 ὁ
2673 3561 2846 3619 θέλων
2897 3561 3170 3638 ἐξελέσθαι
3217 3566 3307 3622 τὸν
3359 3566 3462 3621 ὑπὸ
3507 3567 3681 3623 πολε-

2035 3651 2172 3726 μίων
2221 3651 2578 3729 συνεχόμενον
2636 3651 2907 3732 ῥομφαίαν
2959 3655 3304 3728 σπασάμενος
3369 3655 3518 3732 ὁρμᾷ
3561 3657 3680 3713 κατ’

2030 3740 2227 3814 αὐτῶν,
2292 3741 2393 3796 Καὶ
2462 3740 2547 3797 ὅτι
2608 3741 2707 3797 οὐκ
2767 3743 3111 3818 ἀναιρεθῆναι
3176 3744 3304 3806 τοὺς
3369 3743 3508 3822 ἀμφὶ
3583 3746 3676 3802 τὸν

2033 3829 2237 3903 Σαοὺλ,
2268 3829 2415 3887 ἀλλᾶ
2445 3827 2817 3908 δυσπραγῆσαι
2875 3831 3037 3906 μόνον
3087 3829 3341 3908 βούλεται
3391 3830 3559 3904 δηλοῖ
3611 3834 3681 3888 τὰ

2033 3920 2178 3992 ἑξῆς.

2108 4007 2355 4084 «Κύριε,
2405 4006 2495 4062 ἀπ’
2543 4006 2768 4084 ὀλίγων,
2815 4007 2922 4064 ἀπὸ
2967 4015 3070 4085 γῆς
3112 4007 3424 4086 διαμέρισον
3485 4008 3684 4073 αὐτοὺς

2034 4097 2086 4153 ἐν
2125 4100 2194 4171 τῇ
2244 4099 2356 4170 ζωῇ
2411 4096 2608 4152 αὐτῶν.
2666 4121 2687 4147 ιι
2722 4129 2792 4140 -σ
2821 4097 2940 4152 Ἔτι
2990 4101 3191 4167 ζῶντας
3243 4096 3438 4162 αὐτοὺς
3486 4097 3685 4176 ἀφόρι-

2033 4208 2125 4242 σον
2186 4185 2293 4240 ἀπὸ
2346 4189 2455 4240 τῶν
2511 4185 2720 4262 ἀγαθῶν
2796 4185 3117 4262 ἀνθρώπων,
3165 4187 3256 4242 καὶ
3317 4187 3392 4262 μὴ
3447 4185 3684 4244 ἔστωσαν

2034 4275 2219 4337 αὐτοῖς
2274 4274 2601 4350 ἐναρίθμιοι·
2656 4274 2692 4343 ἢ
2742 4273 2854 4348 καὶ,
2903 4272 3158 4352 ἀλλαχοῦ
3207 4297 3360 4354 φησι,
3417 4278 3551 4350 μετά
3606 4273 3688 4332 δι·-

2034 4363 2204 4419 καίων
2301 4363 2378 4436 μὴ
2463 4365 2864 4441 γραφήτωσαν·
2945 4365 3322 4442 ἀφορισθέντες
3401 4366 3506 4442 γὰρ
3588 4366 3690 4435 τὴν

2040 4453 2184 4525 ὀξίαν
2214 4452 2677 4524 ἀπαιτηθήσονταί
2704 4472 2843 4508 ποτε
2872 4449 3046 4524 δίκην.
3078 4451 3326 4531 Ὁλίγους
3375 4451 3434 4510 δὲ
3479 4452 3691 4511 πολλά-

2036 4563 2122 4605 κις
2153 4544 2189 4612 ἡ
2251 4543 2435 4620 Γραφὴ
2493 4538 2653 4597 καλεῖ
2704 4541 2836 4605 τοὺς
2890 4540 3144 4618 ἀγαθούςο
3206 4542 3253 4597 εἰ
3300 4542 3402 4620 γὰρ
3467 4540 3692 4605 πλείους

277 4630 657 4708 ἐπιτηροῦντες
711 4631 955 4689 ἐκκλῖναι
1023 4633 1116 4689 καὶ
1177 4627 1502 4688 καταϐαλεῖν
1574 4654 1642 4706 με
1706 4632 1782 4697 εἷς
1826 4635 1928 4710 γὴν
1964 4706 1997 4710 _
2039 4630 2121 4686 ἀεὶ
2150 4629 2312 4686 κακοὶ
2341 4629 2432 4685 καὶ
2463 4629 2509 4685 εἰ
2536 4631 2604 4686 τὰ
2630 4629 2883 4707 χερείονα
2910 4635 3052 4703 νικᾷ·
3099 4629 3282 4706 ὀλίγοι
3329 4632 3430 4708 γὰρ
3479 4631 3532 4687 οἷ
3579 4652 3689 4687 σω-

279 4719 368 4775 ὑπ’
397 4720 572 4776 αὐτῶν
605 4722 991 4801 σφαττόμενον.

350 4851 381 4879 ‹‹
413 4823 711 4885 Ὑπέλαϐόν
747 4851 814 4903 με
851 4830 980 4885 ὡσεὶ
1029 4828 1168 4886 λέων
1199 4825 1420 4905 ἕτοιμος
1481 4829 1557 4892 εἷς
1616 4831 1783 4906 θήραν
1844 4829 1933 4885 καὶ

284 4915 413 4971 ὡσεὶ
464 4915 700 4990 σκύμνος
749 4919 915 4982 οἷκῶς
967 4918 1018 4974 ἐν
1068 4917 1430 4998 ἀποκρύφοις,
1481 4943 1511 4971 ››
1556 4952 1625 4962 --
1652 4921 1810 4975 Ὅσον
1845 4918 1934 4974 ἐπὶ

280 5009 401 5068 ταῖς
461 5006 662 5062 ἑαυτῶν
718 5006 931 5063 ἐλπίσιν
987 5003 1257 5064 ὑπέλαϐόν
1312 5030 1398 5082 με,
1442 5008 1738 5081 τουτέστιν,
1772 5007 1937 5064 ὑπελ-

283 5093 469 5158 θόντος
528 5097 876 5173 μετεώρησαν
932 5104 1030 5167 τῆς
1085 5105 1188 5174 γῆς
1243 5097 1579 5172 ἀνάρπαστον
1658 5097 1934 5176 φέροντες.

280 5186 557 5265 Λιαφορᾶν
610 5182 669 5240 δὲ
717 5191 820 5256 τῆς
864 5187 1116 5263 ἁρπαγῆς
1159 5189 1258 5240 τοῦ
1307 5184 1526 5248 λέοντος
1572 5185 1662 5242 καὶ
1691 5190 1789 5241 τοῦ
1815 5185 1938 5241 σκύ-

287 5296 425 5350 μνου
479 5273 736 5346 τοιαύτην
795 5276 934 5338 τινὲς
989 5271 1394 5331 ἀπόδεδώκασιν
1429 5293 1441 5306 ·
1477 5276 1551 5338 ὡς
1601 5277 1629 5330 6
1665 5277 1758 5350 μὲν
1791 5275 1936 5351 ἀλκῇ

281 5365 582 5437 πεποιθὼς,
653 5363 880 5442 φανερός
940 5363 1081 5420 ἐστιν
1137 5363 1189 5419 ἐν
1243 5367 1321 5436 τῷ
1379 5363 1626 5440 θηρεύειν
1661 5366 1689 5420 6
1723 5362 1781 5420 δὲ
1810 5365 1936 5419 σκύ-

287 5475 444 5528 μνος,
509 5455 678 5528 μήπω
733 5454 947 5531 θαρῥῶν
1008 5453 1069 5508 ἐκ
1095 5457 1193 5508 τοῦ
1221 5458 1512 5532 προφανῶς
1545 5455 1820 5531 ἁρπάζειν.
1847 5451 1940 5508 κά-

285 5543 446 5614 θηται
502 5541 877 5617 κρυπτόμενος
909 5563 924 5576 ο
981 5541 1072 5598 καὶ
1126 5545 1234 5598 τῶν
1298 5540 1510 5617 ἐχθρῶν
1565 5543 1729 5598 αὐτοῦ
1756 5542 1937 5598 τοίνυν

285 5630 336 5687 οἳ
399 5632 492 5706 μὲν
553 5630 810 5710 ἐθάρρουν
870 5633 1161 5710 προφανῶς
1218 5631 1474 5706 ἁρπάσαι,
1521 5632 1665 5694 τινὲς
1726 5628 1784 5687 δὲ
1841 5629 1940 5686 λα-

286 5719 508 5797 θραίως,
565 5720 775 5784 ἐαυτοῖς
833 5719 894 5777 οὐ
951 5718 1367 5798 τεθαρῥηκότες.
1427 5717 1591 5775 Οὐδὲν
1651 5718 1708 5775 δὲ
1735 5718 1939 5775 κωλύει

283 5811 476 5870 ταυτὸν
506 5810 596 5868 καὶ
627 5811 794 5892 ἄμφω
842 5808 1047 5886 δηλοῦν
1087 5828 1100 5842 ’
1159 5805 1344 5875 εἷ’ωθεν
1399 5809 1501 5888 γὰρ
1559 5807 1833 5874 πολλάκις
1888 5807 1939 5863 ἐν

1963 4706 2010 4771 D
2043 4719 2282 4794 ζόμενοι,
2313 4719 2403 4774 καὶ
2435 4706 2920 4795 ὀλίγοιέκλεκτοί.
2952 4717 3183 4796 Ὀλίγων
3229 4717 3287 4774 δὲ
3334 4706 3520 4790 εἰπὼν,
3553 4719 3692 4790 ἐπή-

2044 4829 2204 4886 γαγεν
2236 4807 2342 4864 ἀπὸ
2370 4814 2494 4884 γῆς.

2117 4940 2146 4968 ‹‹
2179 4913 2284 4970 Καὶ
2339 4917 2446 4969 τῶν
2496 4914 2886 4989 κεκρυμμένων
2941 4935 3036 4969 σου
3102 4911 3352 4986 ἐπλήσθη
3401 4915 3438 4984 ἡ
3485 4919 3693 4991 γαστῆρ

2044 5003 2242 5059 αὐτῶν.
2300 5027 2322 5054 ν
2373 5035 2443 5046 -ο
2492 5001 2848 5079 Κεκρυμμένα
2892 5005 3036 5065 τινὲς
3103 5002 3297 5080 ἔφασαν
3343 5003 3546 5080 χρυσὸν
3603 5002 3695 5057 καὶ

2048 5091 2278 5170 ἄργυρον
2353 5091 2387 5146 ἃ
2447 5097 2565 5154 τοῖς
2633 5089 2883 5168 λέγουσιν
2953 5090 3370 5168 ἐγκεκρυμμένα
3432 5098 3533 5162 τῆς
3588 5097 3695 5168 γῆς

2046 5181 2425 5258 ἀνορύττονται
2507 5179 2973 5254 μεταλλευόμενα’
3033 5179 3240 5236 τούτων
3312 5177 3403 5236 οὖν
3446 5179 3695 5252 ἐπλήσθη

2046 5274 2082 5341 ἡ
2131 5270 2340 5346 γαστὴρ
2386 5269 2584 5325 αὐτῶν·
2633 5267 2805 5346 ἤγουν
2867 5270 2936 5324 τὰ
2995 5271 3134 5324 κατά
3198 5267 3353 5340 δίκην
3419 5267 3695 5346 γαστέρων

2049 5358 2451 5438 ἐμφορούμενοι,
2507 5359 2544 5429 ἢ
2610 5359 2806 5414 καὶςαὶ
2850 5357 3057 5414 κοιλίαι
3108 5357 3284 5414 αὐτῶν
3343 5357 3698 5433 ὀψωνούντων

2049 5447 2147 5504 ὅσα
2176 5444 2413 5506 λάϐοιεν.
2449 5446 2654 5505 Ἀλλοι
2686 5444 2743 5502 δὲ
2773 5447 2994 5522 λέγουσι
3018 5448 3116 5510 τὰς
3164 5448 3311 5523 παρὰ
3357 5451 3492 5503 Θεοῦ
3537 5457 3700 5517 τεθη-

2052 5536 2409 5614 σαυρισμένας
2464 5537 2756 5614 τιμωρίας·
2817 5535 2932 5591 ἐπεὶ
3019 5535 3110 5591 καὶ
3183 5543 3421 5607 Μωϋσῆς
3496 5535 3549 5591 ἐν
3623 5539 3704 5608 τῷ

2052 5625 2461 5704 Δευτερονομίῳ
2509 5626 2634 5703 περὶ
2681 5625 2948 5681 ποικίλων
3004 5629 3308 5701 τιμωριῶν,
3357 5625 3418 5681 ἐκ
3481 5624 3701 5702 προσώ-

2049 5738 2155 5772 που
2210 5720 2307 5771 τοῦ
2367 5720 2501 5771 Θεοῦ
2553 5713 2760 5788 δεξιῶν,
2813 5738 2842 5768 ››
2887 5713 2996 5769 Οὐκ
3048 5711 3166 5769 ἰδοὺ
3230 5719 3398 5770 ταῦτα
3444 5720 3706 5784 συνῆκται

2052 5807 2179 5884 παρ’
2208 5805 2332 5881 ἐμοὶ
2371 5805 2460 5861 καὶ
2511 5804 2861 5884 ἐσφράγισται
2911 5803 2964 5861 ἐν
2994 5808 3140 5872 τοῖς
3167 5809 3460 5880 θησαυροῖς
3510 5823 3636 5878 μου.
3668 5823 3698 5852 ›>
