4072 6432
362 490 517 558 i395
1616 479 2045 547 NICEPHORI
2085 481 2527 548 BLEMMIDAE
3626 468 3809 535 1396

362 617 698 705 προφητεύει
727 623 859 701 γοῦν
887 616 1125 701 φάσκων,
1155 615 1239 674 ὅτι
1287 619 1395 672 τῶν
1456 615 1673 695 ἀφανῶν
1731 617 2016 705 τιμωριῶν
2051 616 2102 682 Α

365 704 809 787 πλησθήσεταιή
840 711 1049 787 γαστὴρ
1107 707 1306 778 αὐτῶν,
1359 705 1634 761 τούτεστιν
1687 704 1859 761 αὐτοί·
1914 704 2020 759 ἀπὸ

365 805 468 882 γὰρ
503 803 701 881 μέρους
729 800 792 856 τὸ
823 804 947 855 πᾶν·
980 798 1119 876 πρὸς
1148 798 1250 874 γὰρ
1295 796 1395 864 τὴν
1440 792 1772 882 πλησμονὴν
1822 790 2022 882 καταλ-

367 880 563 967 λήλως
622 886 783 961 ἔθηκε
831 889 932 957 τήν
988 885 1240 964 γαστέρα·
1298 889 1416 947 τοῖς
1494 881 1761 959 μέλλουσι
1832 880 1890 938 δὲ
1946 882 2022 945 ὡς

2733 615 3032 669 ΨΑΛΜΟΣ
3071 613 3168 666 ΙΖ¹.

2207 765 2229 793 α
2262 739 2357 803 Εἰς
2413 739 2477 795 τὸ
2535 737 2695 801 τέλος
2750 741 2830 810 τῷ
2886 731 3042 792 παιδὶ
3097 731 3301 812 Κυρίου
3358 736 3438 805 τῷ
3499 727 3804 788 Δαυῒδ.⁶Δ

2132 827 2397 901 ἐλάλησεν
2456 833 2537 901 τῷ
2591 826 2775 902 Κυρίῳ
2827 826 2954 888 τοὺς
3035 823 3233 900 λόγους
3287 827 3388 892 τῆς
3445 818 3596 893 ᾠδῆς
3661 818 3804 876 ταύ-

2129 939 2254 989 της,
2287 918 2338 973 ἐν
2370 917 2553 995 ἡμέρᾳ
2593 915 2818 994 ἐρύσατο
2867 914 3064 991 Κύριος
3095 911 3253 968 αὐτὸν
3311 909 3372 967 ἐκ
3419 910 3609 987 χειρὸς
3655 908 3803 964 πάν-

368 982 649 1040 ἐνεστῶσιν
681 977 983 1055 ἐχρήσατο.

446 1111 476 1142 ‹‹
507 1085 949 1164 Ἐχορτάσθησαν
983 1083 1137 1140 υἱῶν.
1173 1106 1195 1136 ι
1225 1112 1294 1124 --
1322 1079 1423 1135 Τὸν
1452 1076 1511 1133 ὗν
1544 1078 1843 1156 ἀκάθαρτον
1872 1077 2022 1154 εἶχον

370 1171 617 1253 Ἑϐραῖοι
648 1172 738 1230 διά
762 1195 824 1229 τε
863 1172 928 1228 τὸ
989 1171 1065 1245 μὴ
1123 1169 1333 1245 ἀνάγειν
1397 1168 1740 1243 μηρυκισμὸν
1800 1165 1853 1222 ἐν
1906 1171 2025 1229 τοῖς

370 1263 606 1344 χείλεσι,
636 1261 728 1319 καὶ
759 1259 850 1318 διὰ
873 1261 937 1318 τὸ
969 1258 1147 1339 φιλεῖν
1176 1259 1268 1315 τὸν
1306 1253 1597 1335 βόρϐορον·
1641 1254 1731 1313 διὰ
1786 1254 1877 1311 οὖν
1928 1259 2027 1310 τοῦ

371 1355 488 1417 υἱὸς
516 1352 745 1409 ἐνταῦθα
766 1351 867 1421 τὴν
907 1349 1269 1427 ἀκαθαρσιῶν,
1319 1346 1561 1422 ᾐνίξατο·
1621 1344 2025 1422 ἐχορτάσθησαν

372 1443 502 1523 γὰρ,
552 1460 737 1522 φησιν,
770 1437 1091 1516 ἀκαθαρσίαν
1139 1435 1530 1523 τὸνῄπλοῦτον
1584 1434 1661 1499 εἷς
1704 1432 2027 1514 φιληδονίαν

373 1519 781 1593 ἀκαλίσκοντες.
844 1528 910 1586 Οἱ
985 1525 1034 1583 δ’
1110 1519 1483 1603 ἀκριϐέστεροι
1564 1530 1671 1581 τῶν
1753 1524 2030 1601 ἐξηγητῶν

378 1622 513 1680 υἱῶν
559 1624 667 1677 τῶν
718 1618 941 1692 τέκνων,
967 1615 1037 1671 ἵν’
1067 1618 1395 1691 ᾖτοιοῦτον·
1447 1615 1532 1671 ὅτι
1586 1610 1826 1687 καθάπερ
1882 1632 2028 1692 χρη-

381 1712 590 1787 μάτων,
635 1706 780 1764 οῦτω
815 1707 909 1763 καὶ
952 1704 1156 1763 τέκνων
1213 1705 1642 1781 ἐχορτάσθησαν,
1692 1699 2029 1764 πολύπαιδες

376 1797 677 1884 γεγονότες·
716 1796 754 1867 ἢ
785 1796 877 1884 καί
913 1795 1053 1852 κατά
1093 1796 1194 1866 τὴν
1246 1793 1449 1884 διπλῆν
1496 1793 1748 1871 ἐξήγησιν
1798 1792 2034 1884 ἐχορτάτ

381 1880 584 1961 σθησαν
632 1889 742 1943 τῶν
819 1881 928 1942 εἱ¹τε
992 1904 1104 1962 χρη
1118 1885 1301 1959 μάτων
1364 1880 1473 1940 εἷ’τε
1536 1885 1845 1958 τιμωριῶν·
1900 1880 2034 1955 μετά

2131 1030 2240 1064 των
2293 1012 2402 1064 τῶν
2453 1006 2665 1084 ἐχθρῶν
2726 1005 2891 1061 αὐτοῦ
2947 1003 3037 1060 καὶ
3091 1001 3151 1058 ἐκ
3196 1001 3386 1078 χειρὸς
3422 998 3627 1058 Σαούλ.
3661 1024 3692 1052 ››
3724 1031 3803 1043 --

2133 1097 2229 1161 Εἷς
2276 1097 2339 1153 τὸ
2384 1095 2544 1160 τέλος
2593 1096 2687 1171 μὲν
2734 1095 3127 1170 ἐπιγέγραπται
3173 1093 3209 1162 ἢ
3243 1088 3333 1146 διὰ
3358 1091 3423 1146 τὸ
3451 1087 3799 1167 προφητείας

2135 1185 2483 1265 ἐμπεριέχειν
2536 1186 2613 1248 εἷς
2668 1183 2831 1247 τέλος
2899 1177 3318 1255 ἐκϐοησομένας·
3377 1178 3503 1256 περὶ
3560 1182 3805 1254 Χριστοῦ

2133 1277 2236 1354 γὰρ
2284 1276 2374 1331 καὶ
2425 1274 2678 1346 κλήσεως
2741 1273 2908 1339 ἐθνῶν
2968 1271 3020 1327 ἐν
3088 1276 3238 1344 μέρει
3280 1266 3609 1345 διαλέγεται·
3641 1267 3679 1337 ἢ
3713 1266 3799 1322 ὅτι

2136 1364 2225 1423 ἐπὶ
2281 1370 2351 1440 τῇ
2410 1363 2692 1437 συντελείᾳ
2742 1367 2849 1417 τῶν
2900 1361 3111 1438 ἐχθρῶν
3159 1358 3326 1415 αὐτοῦ
3354 1359 3447 1414 τὸν
3476 1356 3647 1431 ὕμνον
3673 1360 3803 1412 τοῦ-

2134 1475 2226 1511 τον
2284 1453 2512 1525 ἀνέθηκε
2564 1451 2645 1527 τῷ
2702 1456 2819 1524 Θεῷ
2880 1451 3300 1533 εὐχαριστήριον
3351 1446 3533 1518 πάσης
3582 1445 3798 1522 εὐεργε-

2137 1543 2255 1606 σίας
2311 1546 2378 1613 ἧς
2436 1540 2771 1615 ἀπήλαυσεν·
2802 1541 2839 1611 ἢ
2871 1540 2962 1596 καὶ
3021 1537 3160 1594 διότι
3205 1537 3295 1594 ἐπὶ
3340 1535 3487 1593 τέλει
3543 1542 3645 1606 τῆς
3677 1534 3800 1590 ἐαυ-

2137 1637 2234 1689 τοῦ
2293 1638 2439 1704 ζωῆς
2496 1632 2588 1688 τὸν
2642 1630 2887 1707 παρόντα
2941 1627 3162 1705 ψαλμὸν
3216 1626 3462 1698 συνέταξε
3506 1630 3588 1698 τῷ
3641 1621 3805 1680 παιδὶ

2140 1722 2337 1798 Κυρίου
2394 1719 2580 1795 Δαυῒδ,
2638 1724 2730 1777 καὶ
2793 1719 2856 1776 οὐ
2906 1724 2986 1793 τῷ
3044 1715 3261 1796 βασιλεῖ
3317 1717 3352 1787 ἢ
3404 1716 3681 1794 προφήτῃ·
3717 1711 3802 1768 ὅτι

2139 1817 2306 1870 ταῦτα
2366 1813 2461 1887 μὲν
2517 1809 2807 1889 δωρήματι
2856 1813 3014 1866 Θεοῦ·
3066 1813 3196 1870 παῖς
3247 1804 3306 1862 δὲ
3332 1804 3543 1882 γίνεται
3576 1802 3803 1880 Κυρίου·

2143 1902 2179 1974 ἢ
2222 1899 2291 1959 δι’
2346 1900 2766 1979 εὐγνωμοσύνης
2824 1899 2899 1962 ὡς
2953 1897 3146 1961 πιστὸς
3212 1894 3439 1967 δοῦλος,
3496 1894 3535 1965 ἢ
3589 1892 3682 1949 καὶ
3737 1890 3811 1979 διξ

378 1981 490 2071 τῷν
544 1976 679 2071 υέὧν
737 1970 1102 2071 ἐλλειπούσης
1324 1971 1692 2071 πρῗθὲσεως-
1720 1971 1821 2071 οξδκ
1874 1969 2035 2071 αὐτοὶ
2063 1990 2116 2059 Β
2147 1969 2547 2071 ενύεργετήσεως
2603 1990 2681 2052 ὡς
2719 1969 3096 2065 -ἠγαπημένον
3152 1984 3355 2042 τέκνον·
3403 1983 3564 2047 οὗτος
3621 1979 3682 2037 δὲ
3740 1969 3817 2037 δι’

380 2065 489 2145 γὰρ
522 2065 707 2141 μόνον,
737 2061 886 2121 ἀλλά
911 2063 1001 2120 καὶ
1033 2063 1088 2119 οἱ
1132 2060 1322 2126 παῖδες
1372 2061 1547 2118 αὐτῶν
1602 2060 1968 2134 ἐπλούτησαν,
2000 2061 2038 2130 ἢ

384 2146 833 2233 ἐτιμωρήθησαν.

467 2268 490 2298 ι
524 2243 629 2305 Καὶ
659 2244 871 2322 ἀφῆκαν
897 2244 969 2299 τὰ
994 2239 1303 2298 κατάλοιπα
1341 2244 1461 2304 τοῖς
1509 2239 1730 2312 νηπίοις
1759 2238 1977 2296 ἀὐτῶν.
2009 2260 2039 2292 n

387 2365 460 2380 -ο
559 2332 922 2410 Διαρκέσαντα
1020 2331 1110 2387 καὶ
1212 2330 1291 2395 εἰς
1362 2328 1492 2393 τοὺς
1594 2328 1853 2406 ἐγγόνους
1935 2332 2045 2383 τῶν

388 2423 548 2480 υἱῶν·
604 2421 827 2494 νηπίοις
905 2421 1010 2500 γάρ
1092 2420 1291 2494 αὐτῶν,
1376 2417 1632 2491 δηλονότι
1705 2423 1813 2474 τῶν
1889 2419 2041 2473 υἱῶν·

389 2512 672 2570 τουτέστιν
726 2509 805 2574 εἷς
861 2508 1003 2583 ὅλην
1056 2510 1156 2580 τὴν
1231 2508 1414 2586 γενεὰν
1479 2508 1785 2583 παρέτεινεν
1864 2503 1971 2562 εἴτε
2016 2506 2045 2561 ὁ

393 2601 659 2676 πλοῦτος,
728 2596 836 2656 εἴτε
890 2602 926 2671 ἠ
983 2597 1245 2676 τιμωρία.
1279 2596 1386 2655 Καὶ
1436 2598 1483 2654 εί
1535 2598 1630 2672 μέν
1679 2602 1809 2670 περῖ
1851 2601 2047 2665 ποινῆς

392 2693 565 2747 ταῦτα
615 2689 925 2764 νοήσωμεν,
971 2686 1280 2768 προφητεία
1336 2687 1425 2743 ἐπὶ
1489 2691 1599 2744 τῶν
1648 2685 2044 2758 ἀπηντηκότων

392 2783 514 2843 τοῖς
570 2774 792 2859 ἐχθροῖς
846 2777 1012 2834 αὐτοῦ
1066 2781 1269 2834 κακῶν·
1303 2776 1350 2833 εἱ
1380 2773 1439 2832 δὲ
1493 2776 1618 2851 περὶ
1676 2774 2047 2849 εὐδαιμονίας,

391 2865 621 2940 αὔξησις
663 2865 1002 2947 κατηγορίας
1048 2866 1133 2923 ὅτι
1198 2865 1473 2922 τοσούτων
1534 2865 1747 2943 ἀγαθῶν
1810 2863 2049 2922 ἀπολαύ-

391 2970 600 3032 σαντες,
629 2955 965 3034 παρανόμως
994 2953 1183 3033 ἔσχον,
1213 2961 1315 3026 τῆς
1334 2959 1433 3011 τοῦ
1462 2959 1598 3013 Θεοῦ
1645 2959 2047 3034 καταφρονοῦν-

390 3065 485 3112 τες
516 3043 915 3123 μακροθυμίας.

473 3156 502 3191 α
529 3134 675 3209 Ἐγὼ
724 3130 783 3191 δὲ
823 3132 877 3190 ἐν
930 3129 1245 3208 δικαιοσύνῃ
1286 3131 1605 3212 ὀφθήσομαι
1641 3136 1720 3205 τῷ
1765 3131 2050 3207 προσώπῳ

395 3236 514 3280 σου.
546 3244 578 3276 »
633 3254 707 3267 —-
764 3221 1087 3294 Δικαιοσύνη
1152 3222 1247 3296 μὲν
1303 3222 1429 3299 γὰρ,
1478 3222 1604 3297 περὶ
1659 3223 1726 3292 ἧς
1786 3219 1840 3277 ἐν
1899 3221 2048 3297 ἀρχῇ

396 3311 649 3370 λέλεκται
695 3314 797 3367 τοῦ
851 3309 1100 3386 ψαλμοῦ,
1153 3309 1300 3383 ἄξιόν
1378 3330 1445 3385 με
1513 3312 1734 3381 ποιήσει
1790 3316 1893 3381 τῆς
1948 3315 2048 3379 σῆς

394 3362 723 3471 ὲᾷὶξέιζτῐῆςξ
738 3362 838 3457 Ia
862 3362 1339 3479 ἒιᾷιρῑζὲοήῖιιᾷάε
1378 3362 1471 3455 Si».
1522 3362 2047 3476 ρὲέὲῖῖέδνζαιρἑᾷ
2079 3362 2122 3432 C

392 3492 497 3559 τῆς
522 3484 834 3551 τελευταίας
861 3484 1111 3566 κρίσεως.

467 3617 499 3647 ‹‹
528 3594 982 3672 Χορτασθήσομαι
1037 3593 1089 3650 ἐν
1147 3591 1228 3668 τῷ
1280 3592 1510 3671 ὀφθῆναί
1573 3614 1669 3669 μοι
1734 3595 1835 3664 τὴν
1890 3591 2044 3665 δόξαν

395 3701 512 3739 σου.
545 3704 579 3738 »
608 3713 681 3729 -—
723 3681 827 3739 Καὶ
884 3679 1015 3739 ἰδὼν
1063 3683 1163 3753 τὴν
1210 3680 1365 3757 δόξαν
1414 3703 1511 3739 σου
1556 3687 1853 3755 τηνικαῦτα
1896 3681 2047 3753 πλη-

394 3770 673 3844 σθήσομαι
722 3766 825 3841 τῆς
884 3768 1192 3845 ἐπιθυμίας·
1224 3769 1348 3841 ¹ίςτις
1405 3769 1516 3827 ἐοτί
1556 3772 1621 3827 τὸ
1668 3771 1898 3850 ὀφθῆναί
1951 3782 2046 3845 μοι

391 3857 483 3915 καὶ
541 3856 676 3915 ἰδεῖν
730 3858 830 3930 τὴν
886 3856 1042 3932 δόξαν
1089 3881 1206 3919 σου.
1262 3861 1329 3916 Οἱ
1372 3860 1476 3937 γὰρ
1534 3857 1859 3937 ἁμαρτωλοὶ
1913 3864 2047 3916 Θεοῦ

391 3946 686 4026 πρόσωπον
732 3945 833 4004 οὐκ
877 3942 1123 4023 ὄψονται·
1168 3947 1259 4003 καὶ
1306 3949 1335 4004 ὁ
1382 3946 1581 4024 Κύριος
1648 3946 1708 4004 δέ
1781 3969 1943 4027 φησιν
1995 3947 2048 4004 ἐν

389 4036 511 4100 τοῖς
566 4032 946 4113 Εὐαγγελίοις·
980 4037 1310 4115 «Μακάριοι
1369 4039 1421 4093 οἱ
1476 4040 1770 4101 πεινῶντες
1818 4037 1908 4093 καὶ
1968 4035 2045 4093 δι-

392 4122 603 4200 ψῶντες
632 4124 733 4198 τὴν
761 4121 1131 4199 δικαιοσύνην,
1163 4123 1247 4181 ὅτι
1277 4125 1432 4181 αὐτοὶ
1487 4127 1980 4203 χορτασθήσονται,
2019 4150 2040 4178 ι

389 4214 504 4269 ⁸τῶν
559 4211 1012 4289 ἐπιθυμουμένων
1064 4212 1253 4279 αὐτοῖς
1325 4213 1563 4271 αἰωνίων
1635 4213 1874 4291 ἀγαθῶν.
1935 4217 2046 4293 Αρ-

397 4299 551 4375 μόζει
582 4297 633 4358 δ’
677 4301 708 4359 ὁ
757 4303 945 4379 παρὼν
1000 4300 1223 4378 ψαλμὸς
1276 4302 1368 4359 καὶ
1422 4303 1583 4360 παντὶ
1636 4303 1869 4382 ἐναρέτῳ
1928 4304 2045 4360 ἐπι-

390 4383 804 4465 ϐουλευομένῳ,
854 4391 919 4454 ὃς
980 4391 1058 4467 μή
1114 4393 1328 4448 ἀπατῶν
1388 4388 1586 4455 δόλους
1662 4395 1884 4465 ζητήσει
1955 4392 2047 4450 καὶ

389 4478 559 4534 θεῖναι
590 4479 728 4554 μετὰ
751 4481 851 4535 τοῦ
877 4478 1078 4556 ἐχθροῦ
1110 4478 1292 4536 Σαοὺλ
1334 4482 1429 4537 τὸν
1479 4481 1677 4562 ἐχθρὸν
1722 4482 1886 4538 αὐτοῦ
1947 4481 2044 4539 λο-

387 4564 616 4644 γίσεται,
674 4563 783 4624 εἴτε
835 4567 1094 4638 αἰσθητὸν
1151 4567 1286 4633 ἴσως
1344 4568 1453 4625 εἷ’τε
1505 4565 1726 4640 νοητόν.
1757 4577 1813 4627 '0
1858 4568 1903 4626 δ’
1953 4570 2046 4627 αὐ-

2151 2083 2354 2160 ἀμφοῖν
2412 2077 2598 2159 ἄμφω·
2651 2077 2741 2134 καὶ
2787 2078 2884 2141 τὰς
2930 2079 3029 2132 τοῦ
3076 2071 3269 2137 παιδὸς
3318 2071 3676 2150 ἐκληρώσατο
3709 2092 3816 2142 ση-

2155 2170 2369 2245 μασίας·
2427 2168 2519 2224 καὶ
2577 2166 2776 2229 δοῦλος
2818 2165 2909 2221 καὶ
2965 2165 3151 2220 τέκνον
3218 2161 3572 2240 χρηματίσας
3650 2164 3815 2218 Θεοῦ·

2151 2259 2298 2317 ὃκαὶ
2359 2256 2571 2334 μᾶλλον
2622 2253 2804 2335 ἔφερεν
2860 2254 3006 2327 αὐτῷ
3067 2254 3208 2329 μέγα
3262 2251 3535 2329 καύχημα
3581 2247 3673 2306 διὰ
3731 2272 3821 2329 φι-

2154 2346 2415 2410 λοπονίας
2444 2344 2659 2417 κτηθέν.
2691 2346 2760 2401 Ἃ
2792 2341 2850 2399 δὲ
2879 2341 3120 2414 ἐλάλησε
3146 2347 3227 2415 τῷ
3282 2340 3469 2418 Κυρίῳ
3523 2338 3820 2403 λείποντος

2153 2440 2271 2510 τοῦ,
2300 2437 2470 2491 ταῦτά
2501 2433 2632 2506 ἐστι,
2666 2430 2881 2504 δηλαδὴ
2916 2430 3046 2495 τοὺς
3094 2429 3291 2509 λόγους
3334 2433 3436 2500 τῆς
3484 2426 3635 2503 ᾠδῆς
3680 2427 3815 2484 ταύ-

2152 2547 2255 2597 της
2313 2523 2600 2596 ἐλάλησεν.
2660 2521 2822 2602 ᾩδῆς
2880 2519 2939 2577 δὲ
2993 2521 3266 2597 ἐπέγραψε
3320 2519 3411 2575 καὶ
3461 2517 3527 2573 οὐ
3556 2515 3813 2593 ψαλμοῦ,

2156 2614 2239 2671 ὅτι
2273 2614 2335 2670 οὐ
2367 2610 2456 2669 διὰ
2488 2617 2761 2687 μουσικῶν
2815 2611 3086 2687 ὀργάνων,
3116 2607 3245 2665 ἀλλ’
3296 2608 3400 2664 ἀπὸ
3465 2607 3639 2681 μόνου
3694 2605 3817 2661 στό-

2160 2724 2333 2778 ματος
2386 2704 2485 2776 ᾖσε
2541 2703 2640 2771 τὴν
2701 2698 2850 2775 ᾠδὴν
2876 2701 3078 2769 ταύτην
3104 2695 3215 2769 ἤδη
3249 2698 3518 2774 γηράσας,
3554 2696 3631 2760 ὡς
3662 2694 3713 2750 ἐν
3747 2699 3819 2770 τῇ

2161 2787 2344 2871 βίϐλῳ
2398 2796 2505 2847 τῶν
2565 2789 2868 2848 Βασιλειῶν
2929 2789 3244 2866 γέγραπται·
3301 2789 3467 2860 ἡμεῖς
3522 2786 3819 2861 καταχρώο

2161 2902 2315 2955 μενοι
2369 2879 2588 2956 ψαλμὸν
2639 2879 2731 2936 καὶ
2774 2880 2873 2950 τήν
2926 2876 3075 2953 ᾠδὴν
3122 2876 3481 2950 ὀνομάζομεν.
3518 2876 3607 2931 Ἐν
3635 2874 3821 2948 ἡμέρᾳ

2159 2969 2218 3026 δὶ
2313 2970 2571 3048 ἐρρύσατο
2630 2968 2789 3025 αὐτὸν
2840 2967 2901 3024 ἐκ
2929 2967 3117 3044 χειρὸς
3176 2967 3391 3022 πάντων
3432 2968 3543 3021 τῶν
3600 2963 3811 3040 ἐχθρῶν

2157 3059 2344 3131 αὐτοῦ,
2374 3059 2644 3115 τουτέστιν
2676 3059 2729 3115 ἐν
2781 3059 2965 3133 ἡμέρᾳ
3010 3055 3099 3112 ὅτε
3148 3054 3323 3127 ἔδοξεν
3384 3052 3808 3128 ἐλευθερωθῆναι

2156 3151 2374 3206 πάντων
2429 3152 2539 3205 τῶν
2598 3149 2729 3227 ἄχρι
2784 3147 2909 3203 τότε
2962 3144 3249 3219 πολεμίων
3329 3140 3652 3222 ἀλλοφύλων
3708 3140 3807 3196 καὶ

2159 3235 2673 3315 ὁμογενῶψδιελὼν
2707 3234 2765 3293 δέ
2788 3241 2895 3293 τῶν
2929 3232 3117 3292 ἄλλων
3150 3232 3361 3311 ἐχθρῶν
3393 3233 3485 3289 καὶ
3510 3231 3601 3288 τὸν
3626 3227 3817 3286 Σαοὺλ

2158 3327 2274 3402 ῗδίᾳ
2326 3329 2417 3383 καὶ
2474 3326 2784 3383 τελευταῖον
2842 3324 3127 3382 τέθεικενν·
3169 3324 3205 3393 ἢ
3267 3323 3344 3386 ὡς
3400 3320 3824 3395 πολεμιώτατον

2159 3418 2318 3474 αὐτὸν
2374 3415 2693 3494 γενόμενον,
2724 3417 2759 3486 ἢ
2792 3412 3113 3493 φειδόμενος
3165 3417 3284 3475 τοῖς
3340 3409 3536 3474 ἄλλοις
3593 3409 3825 3487 ἐχθροῖς

2158 3506 2317 3564 αὐτὸν
2346 3505 2614 3579 συντάξαι,
2650 3505 2726 3569 ὡς
2761 3503 2987 3582 βασιλέα
3016 3501 3108 3559 καί
3148 3500 3433 3579 εὐεργέτην
3472 3500 3641 3556 αὐτοῦ
3688 3520 3832 3555 ποτε

2154 3596 2411 3675 γεγονότα
2436 3594 2528 3651 καὶ
2557 3593 2832 3669 πενθερόν.

2228 3708 2259 3737 ‹‹
2295 3684 2586 3761 Ἀγαπήσω
2642 3703 2721 3753 σε,
2783 3680 2969 3757 Κύριε,
3000 3682 3037 3751 ἡ
3098 3678 3257 3756 ἰσχύς
3318 3700 3445 3753 μου.
3476 3700 3506 3732 ιι
3539 3710 3613 3723 --
3662 3678 3829 3733 Πολ-

2158 3770 2294 3846 λῶν,
2325 3771 2480 3851 φησὶ,
2511 3771 2603 3826 καὶ
2659 3768 2915 3848 μεγάλων
2952 3768 3199 3846 τετυχὼς
3258 3768 3470 3844 ἀγαθῶν
3527 3766 3637 3822 ἀπὸ
3696 3770 3823 3840 σοῦ,

2154 3860 2356 3935 καὶμὴ
2414 3857 2707 3933 δυνάμενος
2760 3858 3114 3933 ἀμείψασθαι·
3170 3855 3225 3913 τί
3277 3858 3380 3933 γὰρ
3436 3853 3822 3912 ἀνταποδώσω

2152 3953 2234 4021 τῷ
2290 3949 2474 4025 Κυρίῳ
2528 3948 2655 4025 περὶ
2713 3947 2923 4003 πάντων
2984 3949 3058 4001 ὧν
3133 3943 3481 4002 ἀνταπέδωκέ
3558 3963 3695 4018 μοι;
3754 3950 3823 3999 Ὃ

2158 4036 2324 4112 μόνον
2357 4034 2611 4111 δύναμαι,
2641 4040 2803 4092 τοῦτο
2859 4035 2949 4090 καὶ
2997 4036 3237 4106 ποιήσω·
3284 4034 3555 4110 ἀγαπήσω
3601 4033 3706 4110 γάρ
3762 4054 3826 4089 σε

2156 4124 2264 4202 οὐχ
2320 4126 2395 4189 ὡς
2452 4125 2644 4199 πρώην
2704 4125 2781 4199 μὴ
2842 4124 3089 4201 ἀγαπῶν,
3123 4121 3252 4182 ἀλλ’
3309 4124 3385 4186 ὡς
3443 4122 3533 4179 ἐπὶ
3592 4121 3819 4198 μᾶλλον

2152 4218 2315 4271 τοῦτο
2371 4215 2641 4286 ποιήσων·
2699 4218 2860 4269 τοῦτο
2917 4214 3022 4290 γάρ
3071 4212 3161 4269 καὶ
3225 4214 3419 4290 πρώτη
3486 4216 3593 4268 τῶν
3662 4209 3821 4266 ἐντο-

2155 4299 2287 4358 λῶν·
2323 4325 2353 4356 ιι
2394 4302 2723 4377 Ἀγαπήσεις
2769 4322 2893 4379 γαρ,
2944 4301 3099 4379 φησὶ,
3147 4299 3347 4378 Κύριον
3391 4298 3485 4356 τὸν
3533 4298 3664 4356 Θεόν
3717 4319 3823 4354 σου

2154 4390 2205 4466 ἐξ
2250 4390 2389 4463 ὅλης
2428 4393 2530 4460 τῆς
2584 4388 2809 4467 καρδίας
2864 4411 2961 4446 σου
3006 4387 3098 4445 καὶ
3139 4388 3192 4460 ἐξ
3224 4388 3365 4461 ὅλης
3392 4394 3495 4459 τῆς
3526 4386 3823 4462 δυνάμεώς

2155 4501 2271 4538 σου.
2302 4506 2332 4534 n
2367 4478 2546 4557 Ἰσχὺν
2585 4476 2644 4534 δὲ
2671 4479 2760 4535 τὸν
2794 4479 2921 4536 Θεὸν
2962 4477 3240 4549 ἐκάλεσεν,
3272 4478 3348 4541 ὡς
3384 4478 3485 4548 τήν
3536 4478 3820 4533 ἀσθένειαν

2118 4569 2320 4625 ἀὐτοῦ
2350 4568 2708 4646 ἐνισχύσαντα
2754 4568 2892 4625 κατά
2930 4572 3039 4625 τῶν
3082 4567 3349 4625 τοιούτων
3402 4566 3491 4624 καὶ
3538 4566 3827 4622 τοσούτων

387 4653 487 4718 τὸς
510 4655 603 4710 καὶ
659 4652 869 4732 λόγους
920 4655 1157 4733 χειλέων
1207 4661 1307 4714 τοῦ
1362 4661 1496 4714 Θεοῦ
1547 4660 1859 4731 νοήσειτάς
1887 4659 2044 4736 εὐαγ-
2154 4658 2389 4736 ἐχθρῶν.

387 4740 611 4820 Ῥλικάς
668 4742 916 4818 ἐντολὰς,
973 4745 1365 4818 ἀνθεστηκότας
1432 4743 1491 4802 δὲ
1567 4751 1637 4823 τῇ
1723 4746 1869 4821 δεξιᾷ
1946 4735 2045 4805 τοῦ
2075 4735 2122 4800 Ι)

389 4835 525 4889 Θεοῦ
571 4830 701 4897 τοὺς
751 4831 1015 4908 δαίμονας
1061 4835 1139 4898 ὡς
1179 4835 1586 4911 ἀντικειμένους
1633 4838 1724 4893 καὶ
1774 4838 1850 4901 ὡς
1904 4839 2040 4894 ἀπο-

387 4919 584 4987 στάτας
605 4921 740 4985 τοὺς
767 4921 965 4986 αὐτοὺς
996 4920 1055 4979 δὲ
1075 4924 1166 4979 καὶ
1199 4919 1411 4989 ἀσεϐεῖς
1437 4926 1525 4981 καὶ
1554 4926 1789 5003 ἐχθροὺς
1831 4927 1886 4982 οἳ
1933 4924 2043 4999 ἐξέ-

388 5003 569 5066 ϐαλον
611 5009 775 5067 αὐτὸν
822 5010 935 5068 ἀπὸ
972 5019 1076 5084 τῆς
1125 5013 1333 5086 σκέπης
1376 5019 1476 5071 τοῦ
1523 5020 1658 5072 Θεοῦ
1706 5016 1743 5086 ἢ
1791 5015 1899 5072 ἀπὸ
1945 5020 2043 5073 τοῦ

386 5095 738 5175 παραδείσου,
768 5099 859 5159 καὶ
911 5101 981 5158 τὰ
1034 5102 1157 5177 ἑξῆς
1217 5101 1535 5168 ἀκολούθως
1594 5103 1909 5180 ἐκλήψεται.
1942 5102 2046 5161 Εὕ-

389 5184 534 5258 ξεται
599 5185 659 5244 δὲ
722 5185 1205 5268 διασκορπισθῆναι
1270 5192 1362 5248 καὶ
1428 5191 1841 5270 διαμερισθῆναι
1913 5194 2044 5258 τοὺς

390 5271 648 5349 δαίμονας
677 5274 787 5333 ἀπὸ
812 5281 920 5336 τῶν
951 5278 1169 5355 ἀγαθῶν
1216 5276 1450 5358 ἀνδρῶν,
1482 5279 1634 5344 ὅπως
1684 5281 1743 5337 ἂν
1789 5281 1941 5338 οὗτοι
1990 5282 2042 5338 οἱ

388 5360 583 5440 ἀγαθοὶ
615 5368 765 5434 ζῶσι·
803 5365 937 5441 μετά
979 5369 1081 5445 γὰρ
1127 5369 1353 5425 θάνατον
1399 5369 1464 5425 οὐ
1507 5367 1800 5427 δεδοίκασι·
1831 5370 1922 5427 καὶ
1978 5371 2046 5427 τά

389 5450 518 5527 περὶ
545 5454 651 5508 τοῦ
672 5451 919 5513 πλούτου
949 5453 1009 5513 δὲ
1033 5456 1125 5513 καὶ
1151 5464 1256 5528 τῆς
1290 5458 1565 5535 τιμωρίας
1619 5460 1711 5516 καὶ
1762 5462 1832 5516 τὰ
1875 5460 2045 5517 λοιπά

389 5540 889 5619 προσαρμόσουσιν,
947 5545 1026 5609 ὡς
1080 5547 1569 5624 κοσμοκράτορσιν·
1631 5552 1705 5604 ῶν
1751 5547 1842 5604 καὶ
1890 5548 2043 5612 υἱοὺς

391 5626 485 5682 καὶ
549 5626 811 5705 ἐγγόνους
888 5635 1076 5706 νοήσει
1155 5636 1285 5698 τοὺς
1367 5636 1609 5710 μαθητὰς
1694 5637 1868 5693 αὐτῶν
1952 5637 2042 5693 καὶ

393 5714 706 5794 ἀπουργοὺς
732 5721 1010 5804 πονηροὺς
1054 5722 1398 5802 ἀνθρώπους·
1449 5730 1559 5782 τῶν
1613 5727 1718 5804 γὰρ
1770 5725 2035 5784 τοιούτων

389 5806 574 5885 πατὴρ
603 5807 637 5863 ὁ
663 5802 949 5874 διάϐολος.

2226 4771 2256 4801 (ι
2287 4747 2485 4825 Κύριος
2544 4746 2825 4824 στερέωμά
2886 4768 2993 4821 μου
3048 4746 3141 4803 καὶ
3196 4747 3480 4826 καταφυγή
3542 4767 3648 4819 μου
3721 4747 3823 4801 καὶ

2155 4836 2356 4915 ῥύστης
2411 4858 2540 4911 μου.
2574 4861 2604 4891 ››
2637 4869 2708 4881 -
2737 4835 3034 4912 Στερέωμα
3087 4836 3205 4910 μὶν,
3237 4837 3314 4898 ὡς
3360 4833 3663 4913 ὲδραιώσας
3718 4835 3818 4890 καί

2151 4929 2386 4998 ποιήσας
2439 4925 2601 4982 αὐτὸν
2655 4923 2965 4998 ἀκλόνητον
3014 4925 3152 5002 πρὸς
3205 4925 3303 4989 τὰς
3378 4920 3625 4999 ἐμϐολὰς
3702 4928 3820 4979 τῶν

2153 5014 2406 5071 ἑκάστοτε
2484 5019 2825 5091 πειρασμῶν·
2902 5015 3188 5092 καταφυγή
3259 5012 3316 5070 δὲ
3388 5014 3464 5077 ὡς
3546 5012 3822 5093 φεύγοντα

2153 5100 2454 5180 δεχόμενος
2508 5100 2634 5158 εἷ’σω
2690 5110 2794 5174 τῆς
2841 5104 3031 5158 ἑαυτοῦ
3081 5103 3307 5175 σκέπης,
3352 5101 3443 5158 καὶ
3488 5106 3570 5175 τῷ
3632 5101 3820 5178 τείχει

2149 5195 2252 5263 τῆς
2309 5192 2455 5257 θείας
2512 5191 2767 5270 βοηθείας
2835 5190 3277 5271 πριφυλάττων·
3338 5191 3540 5269 ρύστης
3612 5188 3672 5246 δὲ
3736 5192 3821 5255 ὡς

2152 5280 2530 5359 ἐξαιρούμενος
2566 5286 2675 5338 τῶν
2722 5280 3040 5358 πολιορκεῖν
3088 5280 3180 5338 καὶ
3227 5280 3669 5358 αῗχμαλωτίζειν
3722 5278 3819 5338 ἐλ-

2151 5370 2485 5445 πιζομένων.

2226 5484 2255 5513 (ι
2286 5461 2344 5514 Ὁ
2374 5459 2506 5524 Θεός
2539 5482 2644 5535 μου
2679 5460 2882 5538 βοηθός
2918 5480 3048 5535 μου,
3076 5460 3168 5516 καὶ
3217 5457 3395 5517 ἐλπιῶ
3443 5458 3531 5514 ἐπ’
3557 5458 3747 5518 αὐτόν.
3784 5485 3819 5516 ι

2151 5550 2313 5607 -Ὁ
2360 5548 2489 5612 Θεός
2539 5570 2643 5623 μου
2694 5548 2860 5624 μόνος
2906 5548 3018 5606 ἐστὶ
3080 5550 3284 5626 βοηθός
3327 5570 3433 5623 μου
3464 5547 3569 5605 ἀεί·
3600 5545 3690 5604 διὸ
3720 5550 3820 5606 καὶ

2153 5636 2236 5694 ἐπ’
2291 5638 2451 5693 αὐτὸν
2510 5638 2674 5712 μόνον
2725 5638 2922 5709 ἐλπιῶ,
2987 5639 3063 5714 μὴ
3134 5636 3502 5715 ἀπολιγωρῶν
3554 5638 3698 5714 πρὸς
3744 5641 3821 5696 τὰ

2152 5727 2551 5802 συμπίπτοντα,
2588 5727 2715 5803 μηδ’
2746 5729 3136 5807 ἀπογινώσκων
3167 5728 3266 5798 τήν
3299 5725 3593 5803 σωτηρίαν.

2228 5841 2257 5869 σι
2282 5819 2708 5895 Ὑπερασπισεής
2766 5838 2872 5893 μου
2944 5816 3035 5873 καὶ
3108 5815 3271 5895 κέρας
3346 5813 3625 5893 σωτηρίας
3702 5838 3821 5892 μου
