4072 6444
286 456 442 541 iam

1501 452 1919 535 EXPOSITIO
1963 467 2045 533 IN
2090 464 2479 536 PSALMOS.

3543 458 3704 536 1398

283 602 375 668 καὶ
405 596 756 684 ἀντιλήπτωρ
791 625 914 682 μου.
979 626 1009 659 »
1069 637 1138 650 —-
1167 602 1253 661 Ἐν
1293 601 1567 677 πολέμοις
1594 604 1695 674 τὴν
1729 602 1932 675 σκέπην
1968 612 2024 680 Α
2050 603 2151 672 τὴν
2209 604 2417 680 ψυχὴν,
2476 604 2505 659 6
2563 602 2621 661 δὲ
2692 603 2914 682 κατέχει
2967 597 3435 682 παραλαμϐάνων.
3490 598 3561 661 Ἥ
3612 580 3704 660 καί

283 699 448 757 αὐτοῦ
498 695 604 775 πρό
653 697 789 772 ἐμοῦ
838 692 1143 759 τιθείςοτίνα
1180 694 1255 769 μή
1289 692 1503 771 βληθῶ.
1556 693 1667 756 Τὰς
1711 689 1940 755 ἀσπίδας

284 789 389 867 γᾶρ
448 789 500 844 οἱ
552 784 1005 865 ύπερασπίζοντές
1051 806 1210 841 τινων
1263 783 1510 839 εἰώθασιν
1578 782 1685 854 πρὸ
1760 780 1935 837 αὐτῶν

285 879 518 956 ἀνέχειν,
574 876 892 949 ἀποτροπὴν
945 880 1049 945 τῆς
1107 870 1436 945 ὁθενδήποτε
1497 872 1672 948 βολῆς
1706 889 1718 903 ·
1777 868 1937 946 κέρας

282 964 342 1023 δὲ
384 965 658 1043 σωτηρίας
704 964 825 1021 ἀντὶ
889 967 1009 1034 τοῦ,
1071 961 1407 1039 ἀμυντήριον
1484 958 1747 1016 σωστικόν
1781 1004 1793 1017 .
1871 960 1940 1014 τὰ

284 1058 390 1135 γὰρ
444 1054 754 1133 κερασφόρα
810 1056 924 1124 ζῶα
974 1056 1091 1116 τοῖς
1148 1053 1364 1129 κέρασιν
1442 1049 1733 1124 ἀμύνονται
1804 1068 1936 1125 κρα-

283 1149 453 1210 τάιῶς
510 1144 562 1201 ἐν
598 1143 826 1221 μάχαις,
876 1142 991 1199 ἐπεὶ
1041 1139 1101 1197 δὲ
1145 1141 1210 1196 τὸ
1280 1141 1375 1215 μέν
1422 1160 1510 1195 τοι
1570 1137 1940 1217 φυλακτήριόν

283 1234 424 1291 ἐστιν
457 1234 653 1308 ὅπλον,
684 1234 749 1290 τὸ
780 1231 838 1289 δὲ
859 1253 912 1289 τι
944 1229 1402 1308 πολεμιστήρίον,
1432 1229 1705 1285 καὶτοῦτο
1726 1225 1941 1284 κᾶκέῖνό

287 1345 404 1400 μοι,
456 1326 640 1404 φησὶν,
691 1325 720 1379 ὁ
772 1321 902 1386 Θεὸς
932 1319 1144 1399 ἐγένετο
1175 1319 1265 1376 καὶ
1327 1318 1540 1374 σκέπων
1573 1316 1626 1374 ἐν
1681 1315 1937 1404 πολέμῳ,

280 1411 372 1468 καὶ
430 1400 754 1491 διαφθείρων
802 1410 932 1474 τοὺς
980 1408 1240 1486 ἐχθρούς.
1295 1406 1701 1482 Ἀντιλήπτωρ,
1755 1400 1833 1478 δὲ,
1863 1405 1938 1468 ὡς

281 1496 830 1575 ἀντιλαμϐανόμενος
889 1498 967 1563 είς
1021 1497 1255 1573 ἀθυμίαν
1313 1497 1626 1571 πίπτοντος,
1683 1492 1776 1551 καὶ
1826 1498 1935 1551 τῶν

283 1585 551 1668 θλιϐερῶν
587 1588 775 1646 ἄλλων
806 1588 1210 1663 ἀνακτώμενος.

360 1722 388 1752 ι(
419 1699 595 1754 Αἰνῶν
657 1695 1053 1771 ἐπικαλέσομαι
1107 1695 1199 1751 τὸν
1259 1693 1479 1771 Κύριον,
1553 1691 1645 1748 καὶ
1714 1690 1774 1748 ἐκ
1827 1694 1936 1747 τῶν

2046 1316 2139 1374 καὶ
2186 1318 2326 1397 πρὸς
2368 1318 2462 1375 τὸν
2512 1318 2640 1375 Θεόν
2695 1340 2801 1394 μου
2850 1318 3125 1397 ἐκέκραξα.
3174 1341 3205 1370 (ί

2049 688 2242 757 ὠδῖνες
2299 690 2433 764 ᾅδου
2481 692 2640 750 πόνοι
2700 694 2838 769 πρὸς
2892 689 3026 765 ᾅδην
3078 693 3296 771 ἄγοντες
3357 693 3392 764 ἣ
3460 690 3705 750 διάκονοι

2048 774 2204 854 ᾅδουο

2121 894 2151 924 ι(
2181 868 2530 950 Προέφθασάν
2582 895 2649 948 με
2694 869 2914 950 παγίδες
2960 871 3210 931 θανάτου.
3263 895 3293 926 ››
3335 905 3404 915 -
3450 878 3704 947 Προκατ-

2050 955 2246 1018 ἐλαϐόν
2302 983 2368 1037 με
2416 960 2581 1039 λόχοι
2635 960 2860 1017 θάνατον
2916 960 3290 1039 ἐργαζόμενοι.
3348 956 3379 1016 ὅ
3435 963 3540 1038 γὰρ
3584 966 3703 1025 τοῖς

2051 1055 2339 1125 θηρευταῖς
2409 1051 2466 1107 αἰ
2539 1048 2784 1129 παγίδες,
2861 1055 3022 1107 τοῦτο
3088 1055 3208 1114 τοῖς
3280 1048 3575 1125 πολεμίοις
3652 1050 3704 1107 οἰ

2050 1138 2238 1216 λόχοι.

2125 1256 2147 1286 ι
2179 1229 2279 1285 Καὶ
2311 1228 2364 1285 ἐν
2390 1227 2470 1304 τῷ
2499 1224 2778 1296 θλίϐεσθαί
2812 1251 2878 1306 με
2906 1227 3318 1305 ἐπεκαλεσάμην
3368 1228 3462 1285 τὸν
3505 1227 3703 1306 Κύριον

3254 1351 3322 1361 -
3350 1321 3574 1393 Ὕψωσα
3599 1317 3699 1388 τήν

2050 1406 2235 1485 φωνὴν
2268 1427 2393 1481 μους
2404 1405 2482 1464 ἔτι
2513 1407 2966 1485 ἀναγκαζόμενος.

2124 1537 2153 1566 (ι
2184 1513 2444 1570 Ἤκουσεν
2499 1513 2559 1571 ἐκ
2602 1519 2733 1570 ναοῦ
2799 1513 2954 1592 ἁγίου
2999 1514 3165 1572 αὐτοῦ
3195 1515 3380 1589 φωνῆς
3415 1534 3543 1589 μου.
3573 1536 3597 1566 ι
3632 1544 3705 1557 -κ

2051 1600 2192 1657 Ναὸν
2224 1602 2377 1679 ἅγιον
2425 1603 2518 1659 τὸν
2567 1604 2795 1682 ούρανὸν
2846 1601 3217 1676 ὑποληπτέον,
3269 1603 3344 1667 ὡς
3387 1596 3702 1679 προλαϐόν-

2049 1711 2138 1754 τες
2196 1690 2514 1769 εἰρήκαμεν,
2571 1694 2609 1763 ἢ
2682 1694 2783 1764 τὴν
2838 1697 2936 1749 τοῦ
2997 1690 3297 1770 μαρτυρίου
3355 1693 3560 1775 σκηνήν
3598 1711 3612 1726 ’
3673 1691 3704 1747 6

283 1788 496 1865 ἐχθρῶν
561 1808 665 1863 μου
712 1787 1056 1860 σωθήσομαι.
1103 1809 1132 1838 »
1182 1817 1253 1828 —-
1299 1783 1455 1840 Οὕτω
1502 1781 1781 1844 ποικίλοις
1818 1778 1940 1836 ὀνό-

289 1899 417 1954 μασι
483 1876 738 1954 βοηθείας
798 1874 1100 1950 ἐξυμνήσας
1147 1875 1241 1931 τὸν
1296 1873 1444 1944 Θεὸν,
1524 1871 1599 1936 ὡς
1670 1867 1942 1932 ποικίλως
2055 1871 2203 1944 μήθη
2252 1872 2401 1948 παρὰ
2449 1871 2837 1947 Σολομῶντος.
2886 1872 3121 1928 ’Πκουσε
3169 1867 3228 1927 δὲ
3278 1870 3378 1931 ούκ
3404 1870 3702 1954 αἰσθητῶς,

283 1950 431 2057 αύτῷ
483 1950 786 2044 βοηθοῦντα
829 1964 921 2021 καὶ
971 1965 1110 2020 κατὰ
1156 1961 1448 2042 διαφόρους
1492 1959 1752 2057 τρόπους,
1780 1957 1943 2057 φησὶν
1970 1982 2019 2057 Β
2051 1957 2198 2057 ἀλλά
2255 1961 2573 2057 θεοπρεπῶς
2605 2003 2620 2020 .
2676 1961 2773 2025 τὰς
2828 1962 2931 2039 γὰρ
2989 1959 3298 2025 συνεκτικάς
3354 1964 3452 2017 νοῦ
3502 1950 3705 2057 παντὸς

283 2050 368 2112 ὅτι
424 2054 498 2111 Ού
540 2055 851 2129 πεποίημαι
894 2054 986 2109 τὸν
1039 2053 1347 2129 κατάλογον
1389 2055 1496 2108 τῶν
1543 2047 1808 2106 τοιούτων
1848 2049 1940 2104 καὶ
1970 2044 2018 2057 ν
2051 2047 2305 2122 δυνάμεις
2356 2046 2735 2113 ἀδυνατοῦντες
2779 2053 2978 2128 γνῶναι
3018 2049 3111 2106 καὶ
3159 2048 3328 2107 εἰπεῖν
3380 2048 3457 2113 εἰς
3512 2044 3704 2120 αἰσθή-

279 2145 553 2202 τοσούτων
612 2143 923 2222 ἀγομάτων,
983 2143 1324 2219 εὐχαριστῶν
1393 2140 1552 2215 μόνον
1621 2138 1753 2212 ὑπὲρ
1829 2141 1938 2193 τῶν
2051 2156 2187 2192 σεων
2247 2136 2456 2202 εἰκόνας
2482 2160 2513 2195 τ
2544 2137 2709 2204 αύτας
2758 2137 3218 2216 καταμερίζομεν,
3278 2135 3349 2195 δι’
3406 2138 3479 2194 ὧν
3536 2139 3704 2213 ἡμεῖς

281 2221 672 2309 προλαϐόντων
728 2232 820 2294 ὡς·
876 2230 1070 2306 μηκέτι
1113 2232 1212 2285 τοῦ
1241 2226 1443 2306 Κυρίου
1476 2224 1758 2301 δεόμενος,
1792 2222 1942 2281 ἀλλά
2050 2221 2566 2303 ἀντιλαμϐανόμεθα
2591 2232 2701 2285 τῶν
2733 2224 2927 2287 ὄντων.

286 2316 377 2378 διὰ
418 2320 624 2377 τούτων
678 2319 843 2376 αἰνῶν
890 2318 982 2375 καὶ
1016 2317 1337 2394 μεγαλύνων
1367 2315 1527 2372 αὐτὸν
1556 2315 1635 2395 ἐφ’
1666 2316 1748 2377 οἷς
1779 2313 1943 2390 εύηρ-
2123 2340 2153 2369 ‹‹
2184 2316 2285 2373 Καὶ
2313 2319 2349 2388 ὴ
2380 2319 2594 2395 κραυγή
2634 2340 2739 2393 μου
2770 2317 3002 2374 ἐνῶπιον
3045 2316 3233 2377 αὐτοῦ.
3285 2341 3315 2372 ‹‹
3357 2349 3429 2362 --
3474 2322 3705 2373 Διαπαν-

290 2412 529 2489 γετήθην
583 2409 673 2466 καὶ
728 2406 984 2464 δεικνύων
1040 2410 1141 2478 τήν
1196 2405 1611 2485 εὐγνωμοσύνην
1691 2404 1782 2460 καὶ
1864 2400 1944 2457 ἔτι
2048 2405 2143 2469 τὸς
2187 2407 2224 2476 ἡ
2274 2408 2487 2484 κραυγή
2544 2429 2649 2482 μου
2696 2406 2926 2464 ἐνώπιόν
2983 2406 3123 2464 ἐστιν
3165 2406 3353 2480 ειιιῖιτοῦ³
3383 2407 3520 2485 πρὸς
3547 2405 3709 2464 αὐτὸν

287 2505 481 2558 τοῦτον
538 2497 934 2572 ἐπικαλέσομαι
973 2497 1102 2573 παρ’
1151 2496 1289 2569 ὅλην
1322 2496 1422 2569 τήν
1454 2495 1622 2567 ζωήν.
1657 2494 1755 2549 Διά
1781 2495 1943 2548 τοῦτο
2056 2495 2218 2570 μὸνον
2248 2497 2540 2573 κράζοντος
2568 2495 2620 2552 ἐν
2644 2495 2920 2574 ἀνάγκαις.

290 2590 394 2669 γὰρ
453 2589 597 2645 εἶπεν
630 2583 713 2645 ὅτι
769 2587 978 2644 Ἐλπιῶ
1035 2585 1121 2642 ἐπ’
1196 2585 1378 2658 αὐτὸν,
1443 2583 1535 2639 καὶ
1608 2583 1820 2644 πάντως
1887 2580 1949 2636 ἐκ
2130 2609 2152 2637 ι
2186 2583 2560 2642 Εἰσελεύσεται
2592 2586 2669 2649 εἰς
2697 2589 2766 2642 τὰ
2793 2584 2906 2643 ὦτα
2933 2584 3117 2642 αὐτοῦ.
3152 2609 3182 2638 ››
3222 2618 3290 2630 --
3318 2586 3420 2641 Καὶ
3451 2584 3504 2641 ἐν
3534 2587 3709 2661 καιρῷ

288 2683 399 2735 τῶν
456 2677 670 2755 ἐχθρῶν
734 2697 838 2751 μου
894 2677 1237 2749 σωθήσομαι.
1290 2674 1355 2730 Εἰ
1404 2673 1507 2752 γὰρ
1562 2673 1653 2728 καὶ
1700 2671 1806 2727 ἀπὸ
1837 2674 1944 2725 τῶν
2056 2672 2423 2729 εἰσακούσεταί
2454 2696 2581 2749 μου.
2617 2674 2843 2739 Τούτοις
2875 2672 2934 2732 δὲ
2985 2679 3102 2739 τοῖς
3148 2672 3356 2752 ῥήμασι
3403 2673 3496 2755 καὶ
3541 2675 3707 2749 ἡμεῖς

296 2750 616 2846 μέχριττοῦ
668 2750 761 2822 νῦν
810 2764 1096 2839 πολεμίων
1146 2750 1432 2841 ἐρῥύσθην,
1480 2761 1609 2819 ἀλλ’
1655 2760 1800 2824 εἰκὸς
1855 2759 1947 2815 καὶ
2055 2761 2344 2838 χρώμεθα,
2398 2761 2845 2839 εὐχαριστοῦντες
2889 2764 3003 2838 ἅμα
3048 2750 3277 2827 καὶ-τὰς
3308 2750 3572 2827 ἐπιθέσεις
3598 2766 3706 2819 τῶν

292 2857 501 2920 ἄλλους
558 2854 1015 2927 ἐπαναστήσεσθαι
1069 2858 1170 2923 τῆς
1239 2857 1386 2922 ζωῆς
1449 2850 1574 2926 ἐμοὶ
1626 2869 1946 2927 παρατεινο-
2057 2848 2332 2924 δαιμόνων
2367 2848 2806 2927 ἐκδιηγούμενοι.

297 2948 464 3022 μένης
497 2965 512 2981 ο
571 2949 806 3002 τοσαῦτα
864 2943 1055 3016 εἰπὼν,
1111 2938 1412 2997 ἀνακυκλοῖ
1462 2939 1555 2995 τὸν
1630 2937 1794 3016 λόγον
1855 2936 1947 2993 καὶ
2131 2963 2159 2993 ‹‹
2190 2938 2289 2994 Καὶ
2349 2937 2610 3012 ἐσαλεύθη
2659 2940 2751 2997 καὶ
2800 2939 3064 3019 ἔντρομος
3113 2941 3341 3018 ἐγενήθη
3383 2943 3419 3013 ἡ
3581 2965 3612 2996 ››
3643 2973 3715 2985 —-

291 3032 576 3112 καταλέγει
625 3032 754 3096 τοὺς
806 3031 1092 3094 ποικίλους
1151 3030 1315 3086 αὐτοῦ
1352 3104 1357 3113 η
1389 3026 1639 3091 κιδύνους
1694 3027 1784 3083 καὶ
1848 3027 1947 3090 τάς
2054 3029 2126 3084 Τὸ
2183 3027 2419 3085 ἐντεῦθεν
2487 3031 2613 3107 περὶ
2686 3035 2922 3107 Χριστοῦ
2997 3030 3330 3110 προφητεύει
3404 3031 3527 3107 περὶ
3602 3035 3711 3087 τῶν

290 3118 601 3183 πολυειδεῖς
648 3116 962 3196 ἐπικουρίας
1001 3122 1099 3173 τοῦ
1145 3116 1300 3173 Θεοῦ·
1342 3116 1762 3193 Τροπικώτερον
1796 3113 1854 3170 δὲ
1880 3114 1950 3191 τῇ
2057 3115 2324 3192 ἐσομένων
2383 3116 2459 3181 ὡς
2536 3118 2913 3196 γεγενημένων
2988 3117 3373 3197 διαλεγόμενος
3411 3141 3424 3156 ·
3508 3117 3717 3195 ἰδίωμα

294 3208 551 3287 διηγήσει
608 3207 877 3286 κέχρηται
931 3207 1071 3284 πρὸς
1127 3204 1359 3263 πλείονα
1422 3210 1531 3261 τῶν
1608 3201 1944 3282 πραγμάτων
2055 3208 2161 3282 γὰρ
2207 3210 2370 3262 τοῦτο
2416 3207 2789 3287 ποροφητικόν
2827 3228 2841 3242 ·
2897 3208 2989 3264 καὶ
3038 3208 3143 3286 γὰρ
3197 3206 3288 3265 ἐπὶ
3339 3206 3505 3266 Δαυΐδ
3554 3206 3707 3265 οὐδὲν

295 3296 552 3385 ἔμφασιν.
910 3383 953 3385 ν,
1662 3383 1671 3385 λ
1762 3382 1773 3385 _
1979 3362 2019 3385 Α
2054 3300 2303 3385 τοιοῦτον
2386 3297 2750 3385 γεγενημένον
2837 3298 3142 3375 ἱστόρηται.
3232 3298 3382 3354 Ἀντὶ
3468 3296 3528 3354 δὲ
3587 3302 3709 3370 τοῦ,

368 3362 398 3442 (ἰ
431 3386 727 3465 Περιέσχον
777 3407 845 3461 με
886 3383 1078 3449 ὠδῖνες
1117 3385 1368 3441 θανάτου.
1420 3407 1450 3437 ››
1518 3416 1586 3427 -
1660 3382 1780 3438 Ἐπὶ
1834 3385 1944 3436 τῶν
1977 3362 2020 3432 C
2062 3406 2090 3440 α
2119 3362 2441 3458 Ἐσαλεύθη,
2465 3362 2886 3464 ’καῖ’ἓντρομος
2933 3362 3159 3464 ἐγενήθη
3208 3389 3245 3459 ἡ
3291 3384 3386 3465 γῇ,
3418 3410 3449 3442 ››
3488 3387 3518 3443 6
3550 3362 3711 3443 ’Δκύ-ἰ

296 3474 503 3553 ἀνδρῶν
558 3473 758 3539 ὠδῖνας
814 3479 1047 3550 νοοῦμεν
1101 3472 1232 3537 τοὺς
1288 3472 1348 3529 ἐκ
1410 3471 1651 3547 θλίψεως
1726 3470 1947 3544 πόνους,
2060 3474 2161 3539 λας
2219 3473 2383 3547 εἶπεν,
2441 3474 2665 3546 ἐκινήθη
2724 3476 2815 3531 καὶ
2872 3474 3107 3548 ἐσείσθη.
3167 3482 3244 3547 Γῆ
3305 3475 3364 3533 δὲ
3417 3481 3510 3533 νῦν
3570 3476 3622 3531 οἱ
3653 3474 3714 3532 ἐκ

297 3567 538 3643 καθάπερ
594 3566 685 3621 καὶ
745 3563 807 3620 ἐκ
853 3568 963 3619 τῶν
1022 3566 1290 3639 γυναικῶν
1351 3563 1406 3617 αἱ
1464 3558 1653 3625 ὠδῖνες
1709 3558 1949 3636 γίνονται
2061 3570 2167 3640 γῆς
2227 3561 2530 3642 ἅνθρωποι,
2580 3565 2617 3634 ἢ
2675 3566 2774 3635 τὴν
2834 3571 2940 3641 γῆν
2979 3561 3333 3629 διοικοῦντες’
3368 3561 3718 3628 διδάσκοντος

299 3649 756 3730 ἀποθλιϐομένων
813 3655 922 3709 τῶν
979 3652 1166 3729 πόρων
1223 3648 1313 3706 διὰ
1382 3652 1483 3721 τήν
1560 3647 1949 3726 στενοχωρίαν.
2060 3654 2163 3731 γὰρ
2225 3655 2325 3709 τοῦ
2389 3657 2647 3730 Χριστοῦ,
2713 3653 2805 3709 καὶ
2873 3654 2926 3709 οἰ
2993 3649 3241 3731 Ἑϐραῖοι
3307 3653 3397 3711 καὶ
3463 3655 3530 3711 τὰ
3591 3646 3719 3726 ἔθνη

302 3740 460 3802 Ἀλλ’
516 3743 600 3800 ἐπ’
654 3743 874 3799 ἐκείνων
933 3744 1027 3818 μὲν
1089 3739 1283 3805 ὠδῖνες
1341 3741 1400 3797 ἅν
1455 3738 1664 3817 ῥηθεῖεν
1700 3742 1847 3810 ζωῆς
1877 3738 1954 3800 ὡς
2065 3741 2443 3819 ἐταράχθησαν
2496 3742 2599 3798 ὑπὸ
2646 3750 2747 3814 τῆς
2798 3743 2922 3819 περὶ
2971 3743 3136 3800 αὐτοῦ
3167 3746 3383 3824 φήμης·
3418 3742 3587 3806 σάλος
3617 3742 3722 3819 γὰρ

303 3835 381 3897 εἷς
429 3837 547 3913 φῶς
609 3836 752 3902 ζωῆς
802 3832 1030 3907 ἄγουσαι
1060 3832 1124 3887 τὸ
1157 3829 1539 3908 ἀνεχόμενον·
1601 3828 1689 3885 ἐπὶ
1745 3826 1953 3884 τούτων
2066 3831 2096 3888 ὁ
2142 3831 2383 3909 τάραχος
2418 3852 2431 3865 ·
2490 3832 2581 3887 καὶ
2634 3827 2979 3910 ἐφοϐήθησαν
3039 3834 3269 3908 ὁρῶντες
3327 3832 3363 3888 ἅ
3417 3834 3507 3888 καὶ
3552 3832 3725 3888 ἐποίει

303 3920 362 3977 δὲ
388 3920 696 3978 τούνανείον
728 3918 919 3982 ὠδῖνες
952 3916 1179 3984 θανάτου
1234 3917 1310 3981 ὡς
1368 3917 1444 3981 εἰς
1504 3916 1697 3980 σκότος
1761 3917 1956 3996 φέρου·
2065 3920 2337 3998 τεράστια·
2386 3919 2598 3997 τρόμος
2646 3920 2751 3997 γὰρ
2800 3922 2829 3977 6
2876 3916 3048 4000 φόϐος
3097 3921 3342 3991 ἐνταῦθα,
3394 3918 3484 3976 διὰ
3510 3921 3574 3976 τὸ
3600 3922 3726 3997 τρέ-

303 4022 391 4066 σαι
435 4010 529 4065 τόν
589 4007 980 4084 συνεχόμενον.
1035 4006 1298 4063 Βούλεται
1359 4006 1537 4062 τοίνυν
1610 4006 1800 4063 εἰπεῖν·
1873 4004 1956 4060 ὅτι
2074 4030 2193 4083 μειν
2244 4008 2375 4072 τοὺς
2424 4006 2553 4086 ὀίγαν
2604 4004 2997 4087 φοϐουμένους.
3050 4009 3150 4064 Καὶ
3201 4008 3391 4072 ἄλλως
3441 4005 3499 4064 δὲ
3539 4006 3723 4080 ἐκινή-

303 4092 600 4174 συνεσχέθη
650 4095 953 4174 ἀφορήτοις
985 4093 1145 4150 ὠδῖσι
1176 4115 1189 4128 ⁸
1224 4092 1316 4151 διὰ
1343 4094 1447 4171 γὰρ
1476 4099 1583 4152 τῶν
1615 4093 1828 4151 ὠδίνων
1856 4094 1957 4163 τήν
2068 4098 2257 4171 θησαν,
2320 4096 2634 4175 συρρέοντες
2703 4097 2786 4155 ἐπ’
2867 4098 3026 4154 αύτὸν
3107 4097 3245 4154 κατᾶ
3323 4099 3540 4177 φήμην.
3625 4098 3727 4153 Καὶ

304 4185 615 4266 δριμύτητα
634 4183 841 4240 τούτων
874 4184 1227 4262 παρέστησεν.
2069 4186 2377 4260 ἐσείσθησαν
2406 4191 2526 4250 ταῖς
2559 4187 2761 4243 ἑαυτῶν
2800 4187 3066 4264 γνώμαις,
3099 4181 3508 4265 θορυϐηθέντες.

2049 1778 2155 1858 γὰρ
2216 1780 2384 1857 μέγας
2447 1781 2499 1838 ἐν
2569 1781 2975 1859 Ἱεροσολύμοις
3027 1781 3157 1846 ναὸς
3212 1780 3451 1867 ὕστερον⁸
3491 1774 3705 1854 ᾠκοδο-

376 4318 407 4348 ‹‹
454 4293 557 4349 Καὶ
617 4289 914 4369 χείμαῤῥοι
968 4288 1200 4365 ἀνομίας
1253 4289 1561 4367 ἐξετάραξάν
1614 4310 1699 4365 με.
1776 4313 1807 4342 ›>
1892 4323 1961 4332 —

301 4377 645 4462 Χειμάρρους
704 4379 937 4455 ἀνομίας
1001 4378 1161 4435 καλεῖ
1208 4380 1306 4443 τὰς
1356 4382 1463 4434 τῶν
1521 4378 1741 4454 ἀνόμων
1793 4376 1962 4443 ἐθνῶν

305 4474 672 4552 προσκαίρους
744 4469 835 4527 καὶ
909 4466 1213 4549 αἰφνιδίους
1267 4468 1357 4524 καὶ
1412 4466 1667 4547 ῥαγδαίας
1721 4462 1962 4545 προσϐο-

309 4563 408 4626 λάς
440 4582 453 4596 ·
521 4565 771 4618 τοιοῦτον
827 4558 930 4637 γὰρ
982 4558 1034 4613 οἱ
1079 4556 1374 4636 χείμαρῥοι
1420 4562 1718 4634 χειμῶνος,
1753 4557 1962 4635 ῥέοντες

308 4649 578 4731 αἰφνίδιον
645 4648 735 4706 καί
795 4646 1086 4726 ῥαγδαίως·
1147 4645 1513 4724 ἐπονηρεύοτσ
1557 4646 1661 4723 γὰρ
1709 4648 1967 4726 φθονοῦν-

305 4726 396 4804 τες
453 4740 546 4796 καὶ
598 4737 814 4795 ἀνελεῖν
874 4741 1160 4810 ζητοῦντες
1215 4735 1398 4795 αύτόν.
1453 4737 1735 4815 Προσφυὲς
1801 4732 1858 4791 δὲ
1904 4736 1968 4791 τὸ
2000 4726 2047 4792 D

311 4828 622 4907 ἐξετάραξαν
650 4850 663 4864 ο
722 4827 981 4884 κλονοῦσι
1038 4826 1143 4904 γὰρ
1198 4826 1289 4883 καὶ
1355 4822 1656 4882 ἐλίσσουσιν
1730 4826 1783 4880 οἱ
1850 4823 1965 4900 χεί-

313 4918 514 4997 μαρροι
577 4917 646 4973 τὰ
702 4915 1139 4993 παραπίπτοντα.
1226 4915 1327 4970 Καὶ
1399 4913 1559 4976 αὐτὸς
1616 4911 1708 4969 οὖν
1765 4911 1963 4969 κλόνον

306 5008 400 5066 καὶ
447 5005 666 5084 ἴλιγγον
714 5008 834 5068 τοῖς
882 5003 1176 5082 λογισμοῖς
1225 5000 1456 5082 ἔπασχεν
1505 5004 1606 5060 ὑπὸ
1650 5006 1747 5059 τοῦ
1788 5001 1963 5080 αἰφνι-

310 5094 428 5156 δίου
464 5100 572 5153 τῶν
608 5092 890 5167 ἀδοκήτων
903 5138 915 5151 .

384 5211 415 5242 ι(
448 5184 653 5249 Ὠδῖνες
713 5178 848 5254 ᾅδου
905 5174 1348 5261 περιεκύκλωσάν
1401 5204 1488 5258 με·

311 5277 475 5356 ῥητὸν
533 5273 729 5331 ταυτὸν
792 5270 1011 5330 δύναται
1065 5275 1166 5347 τῷ.
1230 5295 1260 5328 ιι
1306 5270 1603 5351 Περιέσχον
1657 5292 1724 5345 με
1780 5268 1969 5334 ὠδῖνες

310 5356 563 5440 θανάτου.
625 5386 655 5416 »
713 5360 845 5418 Τότε
899 5363 1005 5440 γὰρ
1059 5359 1521 5440 περιεκύκλωσαν·
1578 5360 1681 5416 Καὶ
1726 5359 1792 5417 τὸ
1818 5378 1971 5435 περι-

313 5432 476 5535 ἐσχον
567 5432 1039 5526 ταυτοσήμαντόν,
1130 5432 1222 5507 καὶ
1314 5445 1451 5524 ᾅδης
1550 5450 1641 5507 καὶ
1744 5432 1970 5515 θάνατος

314 5541 825 5622 ἀλληλουχούμενα
860 5561 874 5577 ο
908 5536 1044 5613 ᾅδην
1100 5541 1203 5618 γὰρ
1262 5538 1448 5619 ἔλεγον
1505 5538 1648 5615 ἀηδῆ
1677 5538 1845 5596 τόπον
1871 5537 1974 5595 ὑπὸ

314 5639 418 5714 γῆν
479 5638 590 5692 τῶν
648 5630 939 5688 θανόντων.
1001 5631 1151 5689 Ἐπεὶ
1179 5628 1361 5686 τοίνυν
1421 5631 1477 5685 αἰ
1534 5627 1723 5692 ὠδῖνες
1788 5630 1974 5707 γεννή-

316 5724 453 5789 σεώς
510 5722 637 5797 εἰσι,
707 5717 1149 5797 περιεκύκλώσάν
1228 5741 1315 5795 με,
1371 5719 1557 5799 φησὶν,
1619 5717 1809 5782 ὠδῖνες
1865 5740 1979 5795 γεν-

316 5808 742 5876 νῶθαιθάνατον
794 5804 1069 5889 ὑπηρέτην
1129 5807 1305 5885 ’ᾁδουο
1340 5810 1369 5866 6
1429 5810 1524 5886 μέν
1580 5809 1683 5888 γὰρ
1742 5807 1976 5887 χωρίζει

1549 5205 1578 5235 ››
1621 5215 1689 5226 -
1715 5182 1875 5238 Τουτὶ
1902 5180 1968 5237 τὸ

2145 4319 2173 4348 ‹‹
2231 4293 2330 4350 Καὶ
2386 4295 2456 4349 τὰ
2507 4293 2737 4368 θεμέλια
2791 4298 2898 4349 τῶν
2962 4291 3132 4372 ὀρέων
3201 4292 3576 4370 ἐταράχθησαν
3633 4293 3724 4349 καὶ

2073 4381 2458 4454 ἐσαλεύθησαν,
2517 4381 2601 4439 ὅτι
2657 4380 2895 4461 ὠργίσθη
2971 4383 3157 4446 αὐτοῖς
3217 4384 3246 4438 6
3321 4382 3471 4446 Θεός.
3549 4406 3580 4435 ››
3655 4414 3728 4427 --

2072 4474 2208 4550 Ὀρη
2268 4473 2486 4544 νοήσεις
2537 4470 2666 4536 τοὺς
2721 4470 2982 4547 δαίμονας
3039 4470 3130 4528 διὰ
3182 4473 3282 4543 τήν
3354 4470 3575 4550 ἔπαρσιν
3635 4472 3726 4528 καί

2072 4560 2388 4633 ἆλαζονίαν,
2448 4559 2678 4636 θεμέλια
2736 4559 2794 4617 δὲ
2859 4560 2990 4625 τοὺς
3067 4562 3246 4639 βαθεῖς
3323 4558 3728 4638 διαλογισμοὺς

2075 4650 2273 4707 αὐτῶν
2336 4651 2571 4728 ὁρῶντες
2626 4650 2727 4728 γὰρ
2784 4651 2884 4722 τήν
2936 4648 3154 4728 ἄμαχον
3189 4655 3287 4706 τοῦ
3337 4655 3471 4709 Θεοῦ
3501 4647 3727 4725 δύναμιν

2077 4739 2394 4817 συνεχέοντο
2449 4745 2568 4802 τοῖς
2633 4738 2944 4817 λογίσμοῖς,
3005 4738 3431 4817 διαπορούμενοι
3479 4738 3563 4803 τίς
3619 4737 3732 4819 ἐστι

2071 4831 2162 4887 καὶ
2223 4828 2677 4907 ἀναλογιζόμενοι
2734 4829 2822 4883 οἶα
2877 4827 3201 4898 πείσονται.
3262 4830 3311 4884 εἰ
3369 4830 3464 4903 μὲν
3499 4824 3590 4884 οὗν
3623 4825 3723 4884 λο-

2072 4918 2263 4994 γισμοὶ
2313 4917 2488 4973 αὐτῶν
2541 4916 2713 4981 οὕτως
2763 4915 3162 4994 ἐταράχθησαν,
3210 4915 3364 4973 αὐτοὶ
3408 4912 3467 4972 δὲ
3513 4913 3733 4972 ἐσαλεύ-

2075 5008 2243 5079 θησαν
2302 5006 2392 5084 ἀφ’
2458 5008 2528 5075 ἧς
2598 5000 2922 5077 ἐϐεϐήκεσαν
2979 5003 3257 5081 δυνάμεως
3340 5004 3733 5082 παρακινηθέν-

2073 5118 2180 5159 τεςο
2239 5100 2410 5151 Τοῦτο
2472 5092 2530 5151 δὲ
2588 5090 2782 5151 ἔπαθον
2833 5093 2916 5152 ὅτι
2966 5094 3212 5173 ὠργίσθη
3262 5093 3449 5158 αὐτοῖς
3498 5095 3527 5150 6
3575 5096 3726 5168 Θεὸς,

2079 5185 2165 5243 ἐπὶ
2223 5189 2480 5241 τοσοῦτον
2550 5186 2911 5261 τοραννῆσασι
2982 5184 3075 5241 καὶ
3149 5182 3729 5259 καταδουλωσαμένοις

2076 5274 2204 5338 τοὺς
2237 5272 2456 5336 ἀθλίους
2500 5272 2839 5349 ἀνθρώπους.
2890 5271 3118 5347 Δύναται
3147 5270 3206 5330 δὲ
3231 5272 3387 5330 ταυτὶ
3414 5273 3485 5329 τὰ
3592 5292 3735 5347 ματα

2077 5364 2313 5421 νοεῖσθαι
2343 5363 2435 5420 καὶ
2465 5361 2719 5439 περὶτῶν
2779 5361 2831 5417 ἐν
2889 5358 2969 5441 τῷ
3021 5366 3198 5440 καιρῷ
3251 5366 3350 5419 τοῦ
3410 5359 3732 5420 δεσποτικοῦ

2082 5453 2287 5519 πάθους
2318 5454 2726 5545 γεγενημένων,
2760 5449 2899 5545 ὣστε
2984 5458 3055 5530 γῆ
3088 5450 3301 5523 ἐσείσθη
3333 5450 3426 5545 καὶ
3455 5453 3513 5507 αἱ
3540 5447 3732 5527 πέτραι

2084 5541 2409 5621 ἐρῥαγησαν,
2443 5539 2525 5596 ὅτι
2558 5540 2587 5595 ὁ
2615 5540 2745 5602 Θεὸς
2794 5537 3037 5618 ὠργίσθη
3089 5539 3298 5613 αὐτοῖς,
3330 5537 3591 5614 δηλονότι
3619 5543 3738 5602 τοῖς

2084 5627 2395 5693 Ἰουδαίοις.
2942 5626 2947 5657 ί

2160 5744 2189 5774 ‹‹
2221 5714 2418 5791 Ἀνέϐη
2451 5717 2652 5781 καπνὸς
2683 5715 2735 5774 ἐν
2773 5716 2909 5795 ὀργῇ
2940 5718 3126 5777 αύτοῦ.
3171 5744 3193 5772 ι
3256 5753 3316 5763 -
3366 5717 3738 5797 Ὀρκισθέντος

2086 5810 2191 5889 γὰρ
2247 5813 2350 5865 τοῦ
2407 5805 2752 5886 δημιουργοῦ
2808 5804 2899 5865 διὰ
2941 5809 3041 5879 τήν
3088 5812 3187 5866 τοῦ
3238 5809 3562 5885 πλάσματος
3589 5806 3739 5864 ἀπώ-
