4072 6434
342 387 499 456 1399

1581 398 1633 461 Ν
1638 397 2010 463 IGEPHORI
2050 397 2494 465 BLEMMIDAE

3601 407 3789 477 i400

342 519 517 597 λειαν,
566 523 923 604 προηγήσατο
970 531 1072 598 τῆς
1119 522 1451 600 ἐκδικήσεως
1525 532 1728 595 καπνὸς
1794 530 1852 595 ὅς
1918 532 1985 601 ἦν
2017 534 2073 601 Α
2102 531 2192 602 ξαν
2248 533 2564 611 ἀνέρχεσθαι
2634 533 2882 614 πτέρυξιν
2962 536 3203 616 ἀνέμων,
3277 538 3554 601 τουτέστιν
3638 545 3778 603 ἀνέ-

344 613 541 690 μερικὴ
597 618 695 671 τοῦ
749 617 1181 694 τυραννήσαντος
1241 616 1419 695 ἐποχή
1461 638 1474 655 ⁸
1531 620 1661 684 τούς
1736 641 1795 676 τε
1886 621 1990 698 γὰρ

336 702 691 767 πιστεύοντας
747 702 945 783 ἀφῄρει
991 711 1094 775 τῆς
1160 705 1368 763 ἐκείνου
1442 703 1679 783 βλάϐης,
1739 710 1829 764 καὶ
1887 710 1992 765 ἀπὸ

331 793 442 847 τῶν
515 789 986 867 δαιμονιζομένων
1056 793 1337 865 ἀπήλαυνε
1402 799 1624 874 πονηρὰ
1690 799 1991 873 πνεύματα.

335 882 515 939 Τοῦτο
583 879 643 937 δὲ
696 881 996 959 προοίμιον
1054 884 1122 953 ἦν
1171 887 1269 954 τῆς
1320 885 1573 950 εὐτελοῦς
1639 885 1991 962 ἐκδικήσεως,

337 967 457 1025 ἐπεὶ
506 970 599 1027 καὶ
656 971 686 1027 6
743 971 949 1036 καπνὸς
1004 972 1300 1049 προοίμιον
1353 980 1451 1031 τοῦ
1520 978 1694 1054 πυρός
1731 1024 1743 1037 .
1818 974 1990 1034 ἐϐόων

335 1058 442 1137 γὰρ
503 1058 839 1135 ἐλαυνόμενα
892 1063 962 1118 τά
1019 1059 1293 1137 δαιμόνια,
1350 1088 1379 1117 ι(
1433 1064 1494 1120 Τί
1553 1068 1687 1140 ἡμῖν
1746 1067 1836 1123 καὶ
1886 1068 1992 1140 σοὶ,

338 1148 430 1205 Υίέ
481 1153 580 1205 τοῦ
664 1154 837 1222 Θεοῦ;
932 1150 1133 1215 Ἥλθες
1225 1153 1332 1230 πρὸ
1424 1160 1616 1230 καιροῦ
1713 1156 1993 1233 βασανίσαι

338 1238 508 1312 ἡμᾶς.
539 1261 570 1292 η

417 1368 440 1398 ι
499 1346 600 1401 Καὶ
673 1349 782 1423 πῦρ
857 1346 962 1403 ἀπὸ
1015 1354 1313 1426 προσώπου
1369 1350 1533 1406 αὐτοῦ
1591 1353 1994 1431 καταφλεγήσε-

337 1455 448 1491 ται.
482 1457 513 1487 ››
559 1466 630 1478 -ο
682 1435 751 1494 Εἰ
790 1438 992 1499 καπνὸς
1032 1441 1387 1516 προηγήσατο
1435 1441 1527 1497 καὶ
1576 1445 1683 1519 πῦρ
1723 1439 1931 1517 ἕψεται,
1962 1442 1993 1499 6'

340 1522 482 1579 ἐστιν
537 1521 812 1609 ἠ-τελεία
870 1523 1147 1598 ἐκδίκησις
1190 1527 1281 1583 καὶ
1327 1528 1995 1609 παπελὴςξάνενεργησία

338 1616 440 1668 τοῦ
488 1607 772 1672 διαϐόλου.
830 1615 969 1671 Ἀπὸ
1014 1618 1312 1693 προσώπου
1367 1615 1425 1674 δὲ
1483 1619 1672 1693 αὐτοῦ,
1718 1607 1991 1678 τουτέστιν

346 1700 577 1758 ἐνώπιον
633 1702 798 1759 αὐτοῦ
834 1720 851 1740 ⁸
905 1708 1014 1783 πῦρ
1067 1708 1192 1782 γάρ,
1265 1706 1446 1786 φασὶν,
1522 1708 1755 1765 ἐνώπιον
1830 1711 1995 1767 αὐτοῦ

340 1791 770 1868 προπορεύσεται
839 1794 931 1850 καὶ
1002 1793 1224 1873 φλογιεῖ
1286 1796 1477 1872 κύκλῳ
1531 1797 1660 1862 τοὺς
1763 1799 1996 1877 ἐχθροὺς

342 1879 531 1939 αὐτοῦ.

342 1989 510 2029 σεται.

416 2083 447 2113 ι(
492 2059 787 2137 Ἀνθρακες
844 2061 1161 2142 ἀνήφθησαν
1210 2064 1292 2120 ἐπ’
1337 2064 1523 2125 αὐτοῦ.
1576 2090 1607 2119 ››
1654 2100 1721 2111 —-
1771 2067 1992 2140 Ἐπειδὴ

342 2148 407 2234 τὸ
461 2151 570 2224 πῦρ
634 2148 746 2205 ἐστι
790 2151 840 2234 ,ὁ
907 2151 1037 2215 Θεὸς
1101 2152 1508 2211 καταναλίσκων
1572 2158 1672 2227 τὴν
1708 2157 1993 2234 πονηρίαν,

345 2233 574 2313 δύναμιν
640 2233 939 2312 μετέϐαλον
997 2241 1088 2296 καὶ
1154 2243 1211 2297 οἱ
1272 2244 1509 2317 μαθηταὶ
1564 2253 1666 2316 τῆς
1735 2233 1994 2318 τοιαύτης

346 2323 632 2404 ἐνεργείας,
680 2327 774 2384 καὶ
826 2327 935 2384 ἀπὸ
973 2329 1172 2386 τούτου
1217 2333 1388 2409 πυρὸς
1456 2335 1773 2412 ἀνήφθησαν
1840 2335 1996 2392 αὐτοὶ

340 2414 601 2492 ἀνθρακες
661 2414 1039 2493 ἐμπιπρῶντες
1094 2421 1196 2489 τὴν
1240 2425 1339 2477 τοῦ
1395 2421 1599 2499 ἐχθροῦ
1683 2422 1842 2500 ἰσχὺν
1916 2430 1995 2498 τῷ

341 2503 474 2582 πυρὶ
528 2511 633 2577 τῆς
681 2505 885 2569 οἰκείας
943 2506 1198 2572 πίστεως⁸
1280 2535 1310 2563 ‹‹
1382 2509 1523 2567 Ἰδοὺ
1595 2511 1722 2587 γὰρ,
1809 2514 1994 2591 φησὶν,

342 2590 555 2651 δέδῶκα
620 2594 749 2669 ὑμῖν
814 2594 1054 2667 ἐξουσίαν
1121 2604 1308 2655 πατεῖν
1383 2597 1579 2656 ἐπάνω
1644 2590 1829 2680 ὄφεων
1904 2604 1995 2659 καὶ

343 2681 623 2761 σκορπίων
724 2685 816 2741 καὶ
879 2683 969 2742 ἐπὶ
1032 2690 1205 2744 πᾶσαν
1271 2689 1370 2759 τὴν
1441 2687 1667 2765 δύναμιν
1734 2696 1832 2747 τοῦ
1898 2692 1991 2771 ἐχ-

343 2772 497 2839 θροῦ.
527 2793 558 2826 ››
1150 2834 1153 2839 ι

377 2791 616 2918 ρῗῗέαὶ
672 2857 878 2920 ἔκλινεν
937 2834 1201 2942 ούρανοῦς
1254 2866 1345 2923 καὶ
1400 2865 1625 2941 κατέϐη.
1695 2894 1726 2923 ››
1791 2903 1863 2915 -—-
1924 2872 1996 2927 T6

343 2947 584 3023 λεληθὸς
612 2958 713 3023 τῆς
760 2951 905 3017 θείας
956 2956 1280 3032 σαρκώσεως
1326 2955 1563 3037 ἐμφῆναι
1600 2958 1937 3036 βουλόμενος
1966 2962 1996 3017 6

340 3042 636 3120 προφήτης
684 3040 829 3098 εἶπεν
879 3040 963 3098 ὅτι
1012 3041 1216 3101 ἔκλινεν
1272 3045 1536 3123 οὐρανοὺς
1581 3046 1712 3125 ἄχρι
1765 3056 1870 3125 γῆς
1903 3050 1995 3105 καὶ

341 3127 588 3208 ἀψοφῆτί
634 3126 836 3203 κατέϐη
873 3148 887 3164 ⁸
939 3131 1120 3189 λαθὼν
1169 3133 1271 3211 γάρ
1317 3136 1414 3200 τὰς
1463 3133 1718 3211 δυνάμεις
1785 3138 1995 3202 ἁπάσας

341 3216 533 3292 ἐνῴκει
587 3218 643 3275 ἐν
707 3223 778 3294 τῇ
844 3223 1146 3298 παρθενικῇ
1213 3223 1427 3300 γάστρί.
1497 3231 1837 3301 Σωματικῶς
1901 3226 1994 3283 οῦν

336 3305 877 3386 ἐσχηματογράφησε
929 3314 1010 3383 τῷ
1056 3308 1214 3388 λόγῳ
1257 3313 1322 3368 τὸ
1363 3319 1593 3391 πρᾶγμα
1623 3334 1639 3349 ⁸
1682 3315 1773 3372 καὶ
1816 3314 1987 3389 δῆλον

335 3394 443 3452 ἀπὸ
468 3400 569 3452 τοῦ
598 3395 865 3471 ἐπομένου
897 3417 911 3432 ⁸
944 3398 1077 3478 φησὶ
1106 3400 1229 3477 γάρ·

406 3525 437 3556 ιι
469 3503 570 3592 Καὶ
617 3498 823 3583 γνόφος
873 3505 977 3561 ὑπὸ
1010 3505 1151 3592 ,τοὺς
1199 3505 1371 3571 πόδας
1404 3509 1589 3568 αὐτοῦ.
1624 3535 1654 3563 ››
1685 3545 1755 3555 -
1784 3512 1985 3592 Γνόφος

338 3592 433 3679 μέν
490 3585 621 3679 ἔστι,
661 3593 875 3666 σκὸτος,
924 3591 1087 3658 πόδες
1137 3592 1195 3651 δὲ
1241 3598 1277 3667 ἡ
1337 3598 1531 3673 πορεία
1563 3619 1577 3634 ⁸
1631 3585 1983 3679 κεκρυμμένη

331 3678 436 3756 γὰρ
484 3681 521 3750 ἡ
569 3678 694 3742 ὁδὸς
736 3683 836 3752 τῆς
893 3681 1295 3758 ἀνθρωπήσεως
1366 3685 1457 3741 καὶ
1529 3686 1897 3762 ἀκατανόητος
1957 3695 1986 3748 6

328 3766 537 3857 τρόπος
584 3767 754 3840 αὐτῆς
785 3789 800 3802 ⁸
849 3767 889 3840 ἤ
945 3771 1036 3827 καὶ
1094 3769 1282 3836 ἄλλως
1317 3791 1329 3805 ⁸
1360 3776 1599 3854 καθάπερ
1630 3784 1702 3854 γῆ
1737 3777 1985 3857 λέγονται

332 3854 611 3922 πολλάκις
665 3859 720 3914 οἱ
765 3860 952 3934 γήϊνοι
1002 3858 1282 3939 ἅνθρωποι
1327 3861 1365 3934 ἤ
1413 3864 1465 3919 οἱ
1511 3866 1611 3935 τήν
1641 3874 1744 3943 γῆν
1769 3854 1984 3925 οἰκοῦν-

332 3965 445 4016 τες,
505 3945 679 4010 οὕτως
723 3946 815 4003 καὶ
880 3948 1102 4026 οὐρανὸν
1150 3950 1426 4016 οἰκοῦντες
1495 3953 1745 4024 οὕστινας
1806 3954 1988 4015 ἔκλινε

330 4035 533 4123 κατιὼν
584 4035 663 4123 εἰς
716 4042 842 4114 γῆνο
915 4038 1217 4115 γέγραπται
1267 4040 1371 4119 γὰρ
1416 4047 1553 4114 ίτοῖς
1626 4044 1988 4123 Εύαγγελίοις

333 4121 419 4180 ὅτι
486 4121 709 4202 ἄγγελοι
758 4123 1047 4198 διηκόνουν
1103 4127 1271 4203 αὐτῷ·
1328 4129 1558 4196 κάθοδον
1614 4129 1673 4188 δὲ
1729 4121 1863 4190 Θεοῦ
1906 4138 1982 4210 μὴ

333 4216 660 4287 σωματικῶς
718 4217 956 4288 νοήσεις,
1012 4215 1419 4296 ἀπερίγραπτος
1476 4221 1580 4298 γάρ
1655 4222 1746 4278 καὶ
1815 4226 1987 4281 πάντα

330 4297 590 4391 πληρῶν,
693 4299 822 4359 ἀλλ’
925 4304 1059 4382 ὖπὶρ
1137 4305 1448 4384 κατάληψίν
1526 4330 1648 4366 τινα
1730 4311 1820 4367 καὶ
1889 4312 1984 4391 ἄῤ-

330 4388 537 4466 ρητονή

404 4503 435 4533 ‹‹
476 4478 581 4538 Καὶ
647 4477 816 4553 ἐπέϐη
884 4481 974 4538 ἐπὶ
1039 4479 1343 4560 Χερουϐὶμ,
1399 4485 1490 4542 καὶ
1559 4486 1825 4560 ἐπετάσθη
1895 4489 1983 4546 ἐπὶ

328 4566 617 4655 πτερύγων
662 4569 902 4645 ἀνέμων.
952 4595 984 4625 ››
1031 4605 1102 4616 -
1146 4577 1324 4629 Ταῦτα
1367 4576 1673 4654 προφητεία
1718 4580 1843 4655 περὶ
1882 4586 1985 4650 τῆς

2107 641 2232 694 μοις
2265 640 2279 653 ⁸
2340 623 2654 699 πτερωτοὺς
2717 626 2818 703 γὰρ
2865 626 3153 705 εἰσήγαγεν
3202 629 3330 695 τοὺς
3380 631 3613 708 ἀνέμους
3676 634 3781 693 διὰ

2100 710 2199 779 τὴν
2234 709 2406 800 ὀξεῖαν
2453 711 2504 769 ἐν
2557 713 2673 791 ἀέρι
2722 714 2934 787 κίνησιν
2975 759 2989 773 .
3044 720 3298 796 πτερωτὰ
3341 722 3445 800 γὰρ
3473 723 3541 779 τὰ
3572 721 3777 781 διαπε-

2103 803 2298 874 ρῶντα,
2337 799 2453 857 ἐπεὶ
2478 805 2569 858 καὶ
2598 805 2633 874 ἡ
2664 803 2865 883 νεφέλη
2899 805 3080 881 ἀνέμῳ
3105 809 3344 887 φέρεται.

2174 930 2204 959 ‹‹
2238 908 2335 962 Καὶ
2386 906 2536 973 ἔθετο
2592 910 2785 974 σκότος
2836 914 3156 992 άποκρυφήν
3205 915 3396 976 αὐτοῦ.
3450 942 3482 972 ››
3511 953 3583 963 -
3617 921 3776 977 Σκό-

2099 1015 2192 1058 τος
2243 995 2459 1068 οἰητέον
2509 999 2571 1054 τὸ
2622 1000 2817 1074 μηκέτι
2868 1000 3157 1078 βλέπεσθαι
3192 1024 3204 1036 ⁸
3258 1011 3550 1082 τοιγαροῦν
3594 1011 3635 1079 ἡ
3667 1009 3774 1066 ἀοα

2102 1084 2260 1174 ρασία
2288 1084 2590 1163 ἀπέκρυψεν
2629 1089 2790 1145 αὐτόν
2825 1110 2839 1124 ⁸
2869 1091 3073 1164 ταύτην
3103 1092 3204 1169 γὰρ
3235 1090 3386 1159 ἔθετο
3416 1097 3543 1174 περὶ
3575 1098 3778 1155 ἑαυτὸν

2101 1172 2404 1261 ἀπόκρυψιν
2433 1195 2446 1208 ⁸
2506 1174 2838 1256 ἀναληφθεὶς
2909 1180 3012 1256 γὰρ
3092 1179 3373 1261 ἀπεκρύϐη
3461 1172 3568 1242 ἀπὸ
3654 1193 3772 1244 τῶν

2101 1260 2404 1341 ὀφθαλμῶν
2463 1264 2662 1325 αὐτῶν.
2724 1273 2797 1322 "H
2849 1268 3040 1333 σκότος
3099 1271 3314 1343 οἷητέον
3390 1274 3490 1344 τήν
3570 1275 3772 1353 σάρκα,

2099 1353 2483 1427 κρυπτομένης
2546 1354 2597 1411 ἐν
2650 1355 2786 1431 αὐτῇ
2834 1364 2935 1429 τῆς
2988 1359 3271 1431 θεότητος,
3328 1365 3395 1433 ἧς
3454 1358 3604 1420 ἔθετο
3636 1365 3771 1421 σκό-

2098 1460 2215 1510 τος,
2271 1442 2567 1517 τουτέστιν,
2634 1445 3011 1521 ἀκαταληψίαν
3080 1449 3530 1526 ἀποκρύπτουσαν
3600 1453 3769 1510 αὐτὸν

2099 1531 2236 1585 κατά
2265 1531 2494 1603 θεότητα
2514 1552 2526 1565 ⁸
2562 1536 2894 1604 σκοτίζυντα1
2933 1535 3036 1614 γὰρ
3068 1538 3122 1592 οἱ
3153 1536 3476 1615 ἐντρανίζειν
3506 1546 3589 1615 τῷ
3609 1542 3770 1619 βάθει

2103 1624 2202 1689 τῆς
2231 1620 2486 1695 γνώσεως
2511 1620 2678 1677 αὐτοῦ
2707 1624 3065 1700 πειρώμενοι.

2173 1730 2203 1761 ‹‹
2234 1707 2434 1783 Κύκλῳ
2490 1710 2656 1767 αὐτοῦ
2702 1714 2738 1784 ἡ
2788 1715 2962 1785 σκηνὴ
3013 1713 3200 1774 αὐτοῦ,
3235 1739 3258 1769 υ
3292 1748 3364 1762 --
3390 1717 3603 1776 Λύσατε
3626 1721 3760 1798 γὰρ,

2102 1796 2257 1874 φησὶ,
2313 1796 2407 1854 τὸν
2458 1799 2584 1855 ναὸν
2641 1804 2856 1875 τοῦτον,
2915 1803 3007 1858 καὶ
3064 1802 3116 1859 ἐν
3142 1806 3319 1880 τρισὶν
3351 1808 3591 1885 ἡμέραις
3613 1796 3772 1867 οἶκο-

635 1881 1153 1961 Καταφλεχθήσεται
1228 1882 1287 1941 δὲ
1386 1885 1500 1943 ἀντὶ
1574 1892 1670 1943 τοῦ
1758 1888 1993 1968 ἐξαφθή-
2022 1908 2072 1975 Β
2103 1882 2334 1960 δομήσω
2393 1883 2572 1944 αὐτόν’
2632 1887 2834 1965 Κύκλῳ
2882 1888 2941 1947 δὲ
2987 1891 3177 1967 αὐτοῦ,
3237 1894 3325 1950 ὅτι
3385 1895 3438 1953 ἐν
3470 1881 3636 1974 ἀὐτῇ
3668 1921 3770 1955 πε-

2103 1975 2528 2053 ριγραφόμενος,
2579 1976 2741 2049 ἀλλιὲι¹
2772 1978 3102 2058 ἀποῤῥήτως
3153 1981 3380 2055 οἰκήσας
3430 1985 3506 2049 ὡς
3561 2008 3767 2045 παντο-

2103 2062 2360 2138 δύναμος.
2417 2070 2588 2122 Τοῦτο
2657 2064 2716 2123 δὲ
2781 2068 2898 2124 εἶπε
2964 2067 3238 2128 δεικνώων
3304 2068 3389 2129 ὅτι
3460 2077 3598 2149 μετά
3661 2085 3768 2149 τῆς

2104 2153 2301 2229 σαρκὸς
2345 2153 2628 2234 ἀνελήφθη
2677 2155 2767 2212 καὶ
2811 2156 2915 2214 ούκ
2961 2157 3187 2217 ἀπέθετο
3238 2160 3465 2237 ταύτην,
3517 2163 3596 2229 ὥς
3623 2187 3770 2232 τινες

2104 2240 2378 2319 ἐλήρησαν
2435 2243 2678 2321 ὕστερον.
2737 2248 2808 2302 ’Ἠ
2888 2249 3094 2319 σκηνὴν
3162 2247 3316 2325 λέγει
3386 2253 3486 2323 τὴν
3559 2253 3768 2329 ἀπροσ-

2103 2329 2370 2387 πέλαστον
2431 2330 2628 2410 αἴγλην
2657 2355 2669 2368 ⁸
2731 2332 2813 2390 ὅτι
2867 2336 2958 2391 καὶ
3039 2342 3154 2415 φῶς
3226 2339 3391 2395 οἰκῶν
3469 2342 3765 2416 ἀπρόσιτον

2103 2420 2581 2497 προσπογορεύεται,
2631 2421 2763 2498 ὅπερ
2816 2423 3007 2499 κύκλῳ
3054 2433 3157 2497 τῆς
3205 2428 3465 2500 θεότητος
3515 2426 3574 2487 ὅν
3624 2432 3765 2489 ἀπο-

2102 2508 2295 2586 κρύψει
2336 2509 2446 2595 ,μὲν
2492 2510 2718 2585 ταύτην,
2768 2511 3096 2590 ἀποστρέψει
3148 2512 3207 2572 δὲ
3248 2518 3345 2580 τὰς
3395 2514 3552 2595 ὄψεις
3578 2520 3767 2578 θελόν-

2101 2619 2210 2654 των
2242 2594 2459 2655 ἐνιδεῖν.

2177 2713 2207 2740 ‹‹
2266 2688 2552 2778 Σκοτεινὸν
2613 2687 2760 2768 ὕδωρ
2823 2691 2876 2747 ἐν
2939 2689 3194 2771 νεφέλαις
3240 2693 3435 2772 ἀέρων.
3489 2720 3521 2749 ››
3579 2696 3762 2778 ’Ὑδωρ

2106 2774 2326 2833 ἐνταῦθα
2379 2774 2529 2852 λέγει
2584 2779 2649 2834 τὸ
2711 2780 2838 2857 περὶ
2911 2785 3147 2856 Χριστοῦ
3214 2785 3466 2858 μήνυμα,
3530 2774 3763 2866 νεφέλας

2105 2863 2178 2953 δὲ,
2217 2867 2312 2929 τάς
2367 2866 2725 2946 προφητείας,
2799 2867 2960 2946 ἀέρας
3012 2867 3072 2926 δὲ
3118 2870 3248 2936 τοὺς
3300 2863 3614 2953 προφήτας,
3671 2880 3762 2934 καὶ

2105 2951 2297 3010 δίδωσι
2342 2955 2599 3027 τοιαύτην
2650 2954 2895 3013 ἔννοιαν·
2959 2956 3044 3014 ὅτι
3092 2964 3341 3033 σκοτεινή
3393 2951 3535 3019 ἐστιν
3567 2968 3601 3036 ἠ
3632 2967 3755 3045 περὶ

2102 3047 2338 3120 Χριστοῦ
2392 3046 2727 3132 προκήρυξις
2786 3045 2838 3101 ἐν
2888 3053 3009 3111 ταῖς
3066 3051 3429 3128 προφητείαις
3469 3057 3574 3109 τῶν
3616 3075 3749 3132 προ-

2102 3138 2290 3211 φητῶν
2335 3131 2424 3189 καὶ
2473 3131 2850 3211 δυσθεώρητος
2895 3137 3003 3212 πρὸ
3048 3142 3147 3193 τοῦ
3193 3138 3409 3204 τέλους.
3455 3144 3553 3199 Καὶ
3598 3140 3746 3221 ὕδωρ

2106 3222 2202 3296 μὲν
2248 3223 2324 3286 ὡς
2379 3222 2732 3300 ἀναψύχουσα
2775 3223 2904 3289 τοὺς
2953 3224 3422 3302 λειποθυμοῦντας
3469 3228 3518 3287 ἒν
3550 3229 3758 3308 ἔχουσα

2100 3311 2162 3367 τὸ
2196 3310 2538 3386 μηνυόμενον
2568 3331 2582 3344 ⁸
2612 3311 2766 3389 ἀέρες
2798 3312 2856 3369 δὲ
2882 3315 2981 3384 τήν
3016 3313 3106 3371 διὰ
3133 3318 3233 3387 τὴν
3276 3319 3622 3397 καθαρότητα
3665 3323 3759 3377 καὶ

2100 3399 2409 3473 λεπτότητα
2464 3406 2562 3457 τοῦ
2603 3406 2719 3460 νοῦ.
2768 3406 2889 3460 ’Ότι
2936 3401 2996 3460 δέ
3039 3406 3269 3484 νεφέλας
3306 3409 3438 3473 τοὺς
3467 3413 3760 3490 προφήτας

2096 3488 2371 3552 πολλάκις
2427 3492 2463 3560 ἡ
2514 3493 2701 3569 Γραφή
2750 3491 2929 3566 καλεῖ,
2977 3494 3300 3570 παρίστησιν
3361 3488 3606 3563 Ἡσαΐας⁸
3661 3502 3759 3557 τὸν

2095 3578 2200 3655 γὰρ
2257 3578 2404 3635 οἶκον
2461 3584 2560 3635 τοῦ
2619 3580 2842 3657 Ἰσραὴλ
2899 3581 3204 3657 ἀμπελῶνα
3281 3588 3761 3666 προσαγορεύσας,

2096 3668 2379 3745 εἰσήγαγεν
2429 3666 2661 3748 νεφέλας
2710 3668 3106 3746 ἐντελλομένας
3156 3674 3344 3748 μηκέτι
3398 3674 3621 3755 βρέχειν
3678 3680 3764 3744 εὶς

2095 3756 2274 3830 αὐτὸν,
2308 3756 2339 3812 6'
2364 3756 2477 3812 ἐστι
2504 3761 2789 3837 προφήτας
2825 3761 3021 3834 μηκέτι
3058 3761 3461 3840 προλάγοντας.

2167 3888 2198 3917 ‹‹
2227 3864 2364 3921 Ἀπὸ
2418 3872 2520 3935 τῆς
2576 3865 2973 3943 τηλαυγήσεως
3027 3868 3259 3925 ἐνώπιον
3318 3871 3486 3929 αὐτοῦ
3542 3875 3600 3929 αἱ
3668 3895 3760 3932 νε-

2095 3950 2255 4031 φέλαι
2287 3950 2533 4023 διῆλθον.
2556 3977 2586 4008 ››
2620 3987 2689 3998 --
2714 3956 2851 4010 Ἀπὸ
2878 3963 2982 4027 τῆς
3026 3956 3421 4034 λαμπρότητος
3476 3964 3576 4032 τῆς
3637 3963 3761 4019 ἐπι-

2095 4041 2309 4119 φανείας
2355 4041 2522 4097 αὐτοῦ
2570 4049 2669 4113 τῆς
2716 4043 3061 4120 αύγαζούσης
3114 4047 3191 4119 μὴ
3234 4054 3355 4112 τοῖς
3385 4047 3550 4126 ἐγγὺς
3588 4052 3763 4126 μόνον

2095 4127 2242 4186 ἀλλά
2296 4130 2386 4185 καὶ
2440 4136 2559 4194 τοῖς
2608 4131 2799 4209 πόῤῥω
2857 4135 2913 4187 αἱ
2962 4137 3235 4192 σκοτειναὶ
3286 4145 3618 4216 προφητεῖαι
3653 4139 3765 4197 διε-

2094 4216 2357 4292 λύθησαν,
2412 4219 2503 4275 καὶ
2549 4226 2653 4289 τῆς
2705 4221 2963 4301 ἀσαφείας
3012 4224 3188 4281 αὐτῶν
3246 4225 3759 4302 ἀποσκεδασθείσης

2093 4306 2326 4395 ἀνεφάνη
2388 4309 2452 4363 τὸ
2505 4311 2880 4386 κεκρυμμένον
2917 4331 2930 4344 ⁸
2990 4317 3088 4369 τοῦ
3145 4312 3313 4386 ήλίου
3376 4317 3479 4395 γὰρ
3536 4320 3758 4376 ἀνατεί-

2094 4393 2308 4469 λαντος,
2366 4396 2396 4452 ὁ
2461 4402 2570 4453 τῶν
2634 4398 2874 4478 νεφελῶν
2945 4398 3223 4459 διαλύεται
3293 4393 3481 4483 ζόφος,
3539 4407 3632 4463 καὶ
3690 4408 3761 4465 τὸ

2091 4486 2466 4561 κρυπτόμενον
2528 4487 2617 4543 ὑπ’
2675 4488 2850 4545 αὐτῶν
2912 4490 3080 4567 μέρος
3146 4494 3462 4572 καθορᾶται.
3523 4497 3594 4553 Ἥ
3662 4499 3760 4553 καὶ

2092 4572 2323 4653 νεφέλας
2381 4574 2731 4655 ύπολφπτέον
2791 4577 3017 4634 ἐνταῦθα
3069 4581 3134 4636 τὸ
3184 4580 3347 4661 νέφος
3389 4588 3488 4639 τοῦ
3520 4605 3703 4642 σκοτει
3738 4606 3756 4617 ·

328 4654 657 4733 ἀναλήψεως
712 4663 811 4716 τοῦ
862 4663 1122 4748 Χριστοῦ.
1182 4664 1303 4718 Ὅτι
1352 4647 1419 4719 δὲ’
1453 4647 1523 4719 τά
1552 4647 1835 4742 Χερουϐὶμ
1860 4647 1984 4724 τότε
2012 4647 2059 4713 D
2088 4647 2185 4719 νοῦ
2213 4664 2410 4738 νόμου.
2468 4647 2798 4741 Λάμψαντος
2853 4667 2954 4746 γὰρ
3001 4674 3099 4725 τοῦ
3144 4647 3381 4748 Χριθτοῦ
3430 4672 3656 4746 διελύθη
3691 4678 3761 4734 τὸ

327 4746 420 4802 τὸν
469 4748 678 4819 Ἰησοῦν
731 4744 1026 4821 ὑπέλαϐον,
1077 4750 1342 4822 Ἰεζεκιὴλ
1390 4757 1552 4809 τοῦτο
1599 4759 1717 4818 τοῖς
1764 4777 1981 4836 προφη-

325 4840 506 4899 τικοῖς
563 4836 892 4912 θεασάμενος
941 4836 1251 4918 ὀφθαλμοῖς
1287 4838 1521 4899 διδάσκει
1555 4841 1732 4919 λέγων
1768 4863 1781 4877 ⁸
1815 4869 1844 4899 ι(
1878 4846 1982 4905 Καὶ

334 4924 493 5003 ἐξῆρε
544 4926 614 4983 τὰ
665 4921 949 5004 Χερουϐὶμ
1010 4926 1106 4992 τάς
1169 4930 1440 5008 πτέρυγας
1506 4931 1706 5005 αὐτῶν,
1772 4933 1863 4990 καὶ
1929 4936 1981 4991 οἱ

326 5013 528 5102 τροχοὶ
584 5013 845 5092 ἐχόμενοι
910 5015 1110 5092 αὐτῶν,
1176 5019 1267 5074 καὶ
1332 5022 1368 5090 ἡ
1437 5019 1563 5093 δόξα
1591 5027 1727 5078 Θεοῦ
1759 5023 1979 5102 Ἰσραὴλ

331 5100 414 5160 ἐπ’
469 5103 606 5161 αὗτὰ
651 5104 901 5181 ὑπεράνω
952 5104 1151 5181 αὐτῶν,
1200 5106 1293 5163 καὶ
1341 5104 1505 5181 ἀνέϐη
1554 5113 1589 5181 ἡ
1624 5108 1752 5184 δόξα
1780 5100 1980 5189 Κυρίου

329 5190 392 5249 ἐκ
459 5194 630 5267 μέσης
694 5195 796 5266 τῆς
857 5192 1095 5258 πόλεως·
1155 5219 1185 5250 ››
1254 5197 1656 5276 ἀναντιῤῥήτως
1711 5203 1816 5277 γὰρ
1853 5204 1979 5279 περὶ

323 5287 429 5351 τῆς
489 5286 591 5339 τοῦ
658 5285 919 5357 Σωτῆρος
984 5281 1313 5360 ἀναλήψεως
1374 5287 1543 5343 ταῦτά
1608 5309 1769 5367 φησιν
1805 5309 1818 5321 ⁸
1862 5289 1978 5346 ἐπει

325 5369 417 5425 καὶ
448 5369 477 5426 6
506 5370 726 5435 Παῦλος
755 5372 1088 5450 ἀπαύγασμα
1109 5380 1213 5445 τῆς
1242 5374 1409 5448 οόξης
1456 5375 1615 5433 αὐτὸν
1674 5376 1924 5435 ἐκάλεσεν
1961 5399 1975 5413 ⁸

325 5457 587 5546 ἐπετάσθη
650 5456 709 5515 δὲ
774 5459 864 5516 ἐπὶ
910 5461 1191 5539 πτερύγων
1277 5469 1385 5518 τῶν
1466 5461 1780 5541 Χερουϐίμ⁸
1840 5469 1975 5546 ἅπερ

323 5544 557 5620 ἀνέμους
615 5546 865 5623 ὠνόμασε
913 5548 1004 5607 διὰ
1043 5552 1143 5621 τήν
1198 5550 1434 5624 ὀξύτητα
1497 5561 1599 5625 τῆς
1665 5544 1972 5627 κινήσεως-⁸

323 5633 416 5722 καὶ
468 5639 539 5709 τῇ
595 5635 690 5709 μὲν
749 5635 978 5711 ἀληθείᾳ
1040 5639 1128 5695 ἐπὶ
1182 5644 1293 5697 τῶν
1355 5638 1640 5719 Χερουϐὶμ
1702 5642 1973 5722 ἐπωχεῖτο

324 5718 741 5795 πλησιαζόντων
779 5728 850 5803 τῇ
907 5727 1123 5799 θεότητι
1152 5748 1167 5763 ⁸
1225 5734 1343 5795 τοῖς
1390 5718 1443 5786 δέ
1479 5718 1971 5796 ἀποστόλοις-ἐδο-

2089 4750 2358 4827 κάλυμμα
2422 4758 2530 4810 τῶν
2601 4755 2937 4832 αἰνιγμάτων
3016 4758 3203 4833 αὐτοῦ,
3290 4762 3382 4817 καὶ
3482 4762 3755 4842 ἐφάνησαν

2088 4846 2256 4897 ταῦτα
2316 4848 2587 4899 τοποῦντα
2670 4844 2762 4901 καὶ
2846 4848 3236 4922 προμηνύοντα
3322 4852 3413 4907 τὸν
3492 4856 3756 4929 Χριστόν.

2091 4929 2248 4987 Ἀλλ⁶
2308 4930 2397 4988 ἐπὶ
2438 4932 2645 4989 τούτων
2709 4935 2803 5009 μὲν
2853 4939 2961 4992 τῶν
3032 4935 3337 5014 ἐξηγήσεων
3398 4941 3464 4996 τὸ
3517 4941 3754 5001 ἐνώπιον

2090 5018 2255 5076 αὐτοῦ
2320 5021 2426 5077 ἀπὸ
2489 5029 2591 5093 τῆς
2674 5023 3069 5101 τηλαυγήσεως
3148 5035 3249 5098 τῆς
3336 5028 3567 5087 ἐνώπιον
3659 5033 3757 5089 αὖ-

2087 5113 2206 5178 τοῦ,
2273 5110 2517 5166 τουτέστι
2557 5118 2669 5181 ,τῆς
2715 5110 2881 5168 αὐτοῦ
2934 5111 2972 5184 ἤ
3026 5117 3129 5184 τῆς
3187 5115 3501 5196 ἐπιφανείης
3558 5120 3750 5197 αὐτοῦ,

2087 5199 2224 5252 κατά
2272 5195 2330 5253 δέ
2383 5198 2584 5276 τρόπον
2646 5197 2830 5277 ἓτερον
2878 5199 3187 5268 διαστείλας
3238 5195 3334 5279 μέν
3378 5209 3443 5263 τὸ
3494 5207 3601 5265 ἀπὸ
3645 5195 3753 5282 τῆς

2084 5284 2478 5364 τηλαυγήσεως
2526 5287 2618 5344 καὶ
2668 5290 2977 5365 ὑποστίξας,
3024 5293 3089 5348 τὸ
3140 5291 3335 5351 λοιπὸν
3382 5303 3501 5361 τοῖς
3533 5295 3761 5377 ἔμπρο-

2086 5376 2202 5432 σθεν
2262 5374 2589 5453 ἀποδώσεις,
2646 5381 2737 5435 καὶ
2790 5380 3049 5452 τοιαύτην
3107 5379 3302 5448 δώσεις
3349 5384 3553 5443 ἔννοιαν
3586 5408 3599 5421 ⁸
3664 5390 3756 5448 ὅτι.

2084 5470 2181 5521 τοῦ
2245 5471 2479 5543 Χριστοῦ
2542 5465 2996 5547 τηλαυγήσαντος
3054 5469 3192 5528 κάτά
3244 5474 3342 5544 τὴν
3401 5474 3454 5531 ἐν
3528 5478 3753 5552 σώματι

2083 5554 2386 5631 πολιτείαν,
2442 5556 2671 5613 ἐνώπιον
2719 5558 2885 5615 αὐτοῦ
2932 5560 3023 5615 καὶ
3077 5561 3190 5617 ἀντ’
3228 5562 3395 5619 αὐτοῦ
3427 5566 3480 5620 οἱ
3508 5565 3720 5626 ἀπόστο

2085 5643 2174 5701 λοι
2241 5646 2332 5700 τὸν
2400 5651 2497 5702 τοῦ
2574 5647 2927 5726 κηρύγματος
3014 5650 3183 5728 λόγον
3252 5654 3749 5733 ἀποσταλάζοντες,

2084 5730 2310 5807 διῆλθον
2363 5737 2462 5807 τήν
2508 5736 2861 5814 οἰκουμένην,
2918 5738 3016 5805 τὰς
3088 5740 3325 5821 ἀρούρας
3380 5747 3489 5801 τῶν
3543 5730 3745 5825 ψυχῶν
