  <div class='ocr_page' id='page_1' title='image "/cluster/home/n/w/nwhite01/storage/ocr_20150623/142/coo.31924054870476/710.png"; bbox 0 0 4072 6450; ppageno 0'>
   <div class='ocr_carea' id='block_1_1' title="bbox 358 441 512 507">
    <p class='ocr_par' dir='ltr' id='par_1_1' title="bbox 358 441 512 507">
     <span class='ocr_line' id='line_1_1' title="bbox 358 441 512 507; baseline -0.013 0"><span class='ocrx_word' id='word_1_1' title='bbox 358 441 512 507; x_wconf 72' lang='lat' dir='ltr'>MOI</span> 
     </span>
    </p>
   </div>
   <div class='ocr_carea' id='block_1_2' title="bbox 1578 439 2548 510">
    <p class='ocr_par' dir='ltr' id='par_1_2' title="bbox 1578 439 2548 510">
     <span class='ocr_line' id='line_1_2' title="bbox 1578 439 2548 510; baseline 0.003 -3"><span class='ocrx_word' id='word_1_2' title='bbox 1578 439 1996 507; x_wconf 88' lang='lat' dir='ltr'>EXPOSITIO</span> <span class='ocrx_word' id='word_1_3' title='bbox 2036 442 2119 506; x_wconf 89' lang='lat' dir='ltr'><strong>IN</strong></span> <span class='ocrx_word' id='word_1_4' title='bbox 2162 442 2548 510; x_wconf 87' lang='lat' dir='ltr'>PSALMOS.</span> 
     </span>
    </p>
   </div>
   <div class='ocr_carea' id='block_1_3' title="bbox 3609 443 3772 512">
    <p class='ocr_par' dir='ltr' id='par_1_3' title="bbox 3609 443 3772 512">
     <span class='ocr_line' id='line_1_3' title="bbox 3609 443 3772 512; baseline 0.006 -1"><span class='ocrx_word' id='word_1_5' title='bbox 3609 443 3772 512; x_wconf 68' lang='grc'>1402</span> 
     </span>
    </p>
   </div>
   <div class='ocr_carea' id='block_1_4' title="bbox 358 570 3764 659">
    <p class='ocr_par' dir='ltr' id='par_1_4' title="bbox 358 570 3764 659">
     <span class='ocr_line' id='line_1_4' title="bbox 358 570 3764 659; baseline 0.002 -28"><span class='ocrx_word' id='word_1_6' title='bbox 358 575 436 639; x_wconf 85' lang='grc' dir='ltr'>ὡς</span> <span class='ocrx_word' id='word_1_7' title='bbox 486 570 704 656; x_wconf 97' lang='grc' dir='ltr'>νεφέλαι</span> <span class='ocrx_word' id='word_1_8' title='bbox 748 571 1106 651; x_wconf 75' lang='grc' dir='ltr'>πληροῦντες,</span> <span class='ocrx_word' id='word_1_9' title='bbox 1144 575 1237 631; x_wconf 86' lang='grc' dir='ltr'>καὶ</span> <span class='ocrx_word' id='word_1_10' title='bbox 1284 575 1420 652; x_wconf 90' lang='grc' dir='ltr'>πρὸς</span> <span class='ocrx_word' id='word_1_11' title='bbox 1464 576 1825 653; x_wconf 83' lang='grc' dir='ltr'>καρπονογίαν</span> <span class='ocrx_word' id='word_1_12' title='bbox 1883 578 2005 652; x_wconf 87' lang='grc' dir='ltr'>ἀρε-</span> <span class='ocrx_word' id='word_1_13' title='bbox 2036 579 2094 645; x_wconf 81' lang='grc' dir='ltr'><strong>Α</strong></span> <span class='ocrx_word' id='word_1_14' title='bbox 2120 575 2337 652; x_wconf 89' lang='grc' dir='ltr'>γέγονεν</span> <span class='ocrx_word' id='word_1_15' title='bbox 2362 576 2791 653; x_wconf 81' lang='grc' dir='ltr'>ἐπιτιμηθέντων</span> <span class='ocrx_word' id='word_1_16' title='bbox 2833 576 2940 637; x_wconf 89' lang='grc' dir='ltr'>ὑπὸ</span> <span class='ocrx_word' id='word_1_17' title='bbox 2985 581 3083 635; x_wconf 90' lang='grc' dir='ltr'>σοῦ</span> <span class='ocrx_word' id='word_1_18' title='bbox 3126 573 3218 635; x_wconf 85' lang='grc' dir='ltr'>καὶ</span> <span class='ocrx_word' id='word_1_19' title='bbox 3267 573 3614 659; x_wconf 86' lang='grc' dir='ltr'>φοϐηθέντων</span> <span class='ocrx_word' id='word_1_20' title='bbox 3656 583 3764 638; x_wconf 82' lang='grc' dir='ltr'>τῶν</span> 
     </span>
    </p>
   </div>
   <div class='ocr_carea' id='block_1_5' title="bbox 357 665 819 743">
    <p class='ocr_par' dir='ltr' id='par_1_5' title="bbox 357 665 819 743">
     <span class='ocr_line' id='line_1_5' title="bbox 357 665 819 743; baseline 0.004 -22"><span class='ocrx_word' id='word_1_21' title='bbox 357 669 467 721; x_wconf 85' lang='grc' dir='ltr'>τῶν</span> <span class='ocrx_word' id='word_1_22' title='bbox 501 665 819 743; x_wconf 88' lang='grc' dir='ltr'>ἐγείροντες.</span> 
     </span>
    </p>
   </div>
   <div class='ocr_carea' id='block_1_6' title="bbox 433 769 2007 850">
    <p class='ocr_par' dir='ltr' id='par_1_6' title="bbox 433 769 2007 850">
     <span class='ocr_line' id='line_1_6' title="bbox 433 769 2007 850; baseline 0.001 -25"><span class='ocrx_word' id='word_1_23' title='bbox 433 796 461 825; x_wconf 90' lang='grc'>‹‹</span> <span class='ocrx_word' id='word_1_24' title='bbox 492 770 715 843; x_wconf 76' lang='grc' dir='ltr'>Χάλοιζα</span> <span class='ocrx_word' id='word_1_25' title='bbox 769 771 859 828; x_wconf 85' lang='grc' dir='ltr'>καὶ</span> <span class='ocrx_word' id='word_1_26' title='bbox 918 769 1173 850; x_wconf 71' lang='grc' dir='ltr'>ἄνθρακες</span> <span class='ocrx_word' id='word_1_27' title='bbox 1228 773 1418 850; x_wconf 88' lang='grc' dir='ltr'>πυρός.</span> <span class='ocrx_word' id='word_1_28' title='bbox 1471 796 1499 826; x_wconf 85' lang='grc'>›)</span> <span class='ocrx_word' id='word_1_29' title='bbox 1548 806 1617 815; x_wconf 90' lang='grc'><strong><em>-</em></strong></span> <span class='ocrx_word' id='word_1_30' title='bbox 1671 772 1859 846; x_wconf 81' lang='grc' dir='ltr'>Τούτῳ</span> <span class='ocrx_word' id='word_1_31' title='bbox 1917 772 2007 828; x_wconf 88' lang='grc' dir='ltr'>καὶ</span> 
     </span>
    </p>
   </div>
   <div class='ocr_carea' id='block_1_7' title="bbox 359 859 2007 940">
    <p class='ocr_par' dir='ltr' id='par_1_7' title="bbox 359 859 2007 940">
     <span class='ocr_line' id='line_1_7' title="bbox 359 859 2007 940; baseline 0 -24"><span class='ocrx_word' id='word_1_32' title='bbox 359 862 457 930; x_wconf 75' lang='grc' dir='ltr'>τὴν</span> <span class='ocrx_word' id='word_1_33' title='bbox 494 862 713 936; x_wconf 84' lang='grc' dir='ltr'>πρώτην</span> <span class='ocrx_word' id='word_1_34' title='bbox 761 859 964 917; x_wconf 78' lang='grc' dir='ltr'>ἔννοιαν</span> <span class='ocrx_word' id='word_1_35' title='bbox 1011 861 1360 936; x_wconf 89' lang='grc' dir='ltr'>ἀρμόσωμεν·</span> <span class='ocrx_word' id='word_1_36' title='bbox 1411 863 1465 917; x_wconf 74' lang='grc' dir='ltr'>αἱ</span> <span class='ocrx_word' id='word_1_37' title='bbox 1522 866 1845 940; x_wconf 78' lang='grc' dir='ltr'>προφητεῖαι</span> <span class='ocrx_word' id='word_1_38' title='bbox 1903 862 2007 939; x_wconf 85' lang='grc' dir='ltr'>γὰρ</span> 
     </span>
    </p>
   </div>
   <div class='ocr_carea' id='block_1_8' title="bbox 357 948 2010 1027">
    <p class='ocr_par' dir='ltr' id='par_1_8' title="bbox 357 948 2010 1027">
     <span class='ocr_line' id='line_1_8' title="bbox 357 948 2010 1027; baseline -0.001 -21"><span class='ocrx_word' id='word_1_39' title='bbox 357 949 731 1020; x_wconf 83' lang='grc' dir='ltr'>ἀπεικάζονται</span> <span class='ocrx_word' id='word_1_40' title='bbox 788 950 879 1006; x_wconf 84' lang='grc' dir='ltr'>καὶ</span> <span class='ocrx_word' id='word_1_41' title='bbox 936 950 1153 1026; x_wconf 83' lang='grc' dir='ltr'>χαλάζῃ</span> <span class='ocrx_word' id='word_1_42' title='bbox 1219 948 1309 1006; x_wconf 79' lang='grc' dir='ltr'>διὰ</span> <span class='ocrx_word' id='word_1_43' title='bbox 1357 951 1422 1006; x_wconf 90' lang='grc' dir='ltr'>τὸ</span> <span class='ocrx_word' id='word_1_44' title='bbox 1479 949 1713 1027; x_wconf 89' lang='grc' dir='ltr'>σκληρὸν</span> <span class='ocrx_word' id='word_1_45' title='bbox 1756 953 1855 1021; x_wconf 77' lang='grc' dir='ltr'>τῆς</span> <span class='ocrx_word' id='word_1_46' title='bbox 1884 950 2010 1005; x_wconf 91' lang='grc' dir='ltr'>ἀσα-</span> 
     </span>
    </p>
   </div>
   <div class='ocr_carea' id='block_1_9' title="bbox 358 1037 2007 1119">
    <p class='ocr_par' dir='ltr' id='par_1_9' title="bbox 358 1037 2007 1119">
     <span class='ocr_line' id='line_1_9' title="bbox 358 1037 2007 1119; baseline 0 -25"><span class='ocrx_word' id='word_1_47' title='bbox 358 1039 533 1119; x_wconf 86' lang='grc' dir='ltr'>φείας,</span> <span class='ocrx_word' id='word_1_48' title='bbox 564 1039 654 1094; x_wconf 77' lang='grc' dir='ltr'>καὶ</span> <span class='ocrx_word' id='word_1_49' title='bbox 706 1040 837 1115; x_wconf 78' lang='grc' dir='ltr'>πυρὶ</span> <span class='ocrx_word' id='word_1_50' title='bbox 891 1037 979 1096; x_wconf 80' lang='grc' dir='ltr'>διὰ</span> <span class='ocrx_word' id='word_1_51' title='bbox 1033 1041 1096 1096; x_wconf 90' lang='grc' dir='ltr'>τὸ</span> <span class='ocrx_word' id='word_1_52' title='bbox 1154 1045 1403 1117; x_wconf 82' lang='grc' dir='ltr'>πιμπρᾷν</span> <span class='ocrx_word' id='word_1_53' title='bbox 1429 1041 1527 1103; x_wconf 80' lang='grc' dir='ltr'>τὰς</span> <span class='ocrx_word' id='word_1_54' title='bbox 1554 1039 1870 1115; x_wconf 84' lang='grc' dir='ltr'>ἀντιλογίας</span> <span class='ocrx_word' id='word_1_55' title='bbox 1900 1044 2007 1094; x_wconf 87' lang='grc' dir='ltr'>τῶν</span> 
     </span>
    </p>
   </div>
   <div class='ocr_carea' id='block_1_10' title="bbox 358 1127 2010 1207">
    <p class='ocr_par' dir='ltr' id='par_1_10' title="bbox 358 1127 2010 1207">
     <span class='ocr_line' id='line_1_10' title="bbox 358 1127 2010 1207; baseline 0.001 -26"><span class='ocrx_word' id='word_1_56' title='bbox 358 1127 748 1200; x_wconf 77' lang='grc' dir='ltr'>ἀπιστούντων,</span> <span class='ocrx_word' id='word_1_57' title='bbox 805 1127 943 1185; x_wconf 82' lang='grc' dir='ltr'>ὥστε</span> <span class='ocrx_word' id='word_1_58' title='bbox 1008 1130 1071 1184; x_wconf 91' lang='grc' dir='ltr'>τὸ</span> <span class='ocrx_word' id='word_1_59' title='bbox 1127 1129 1258 1185; x_wconf 75' lang='grc' dir='ltr'>αὐτὸ</span> <span class='ocrx_word' id='word_1_60' title='bbox 1314 1130 1547 1184; x_wconf 84' lang='grc' dir='ltr'>νοεῖσθαι</span> <span class='ocrx_word' id='word_1_61' title='bbox 1620 1127 1849 1207; x_wconf 81' lang='grc' dir='ltr'>νεφέλην</span> <span class='ocrx_word' id='word_1_62' title='bbox 1920 1127 2010 1183; x_wconf 79' lang='grc' dir='ltr'>καὶ</span> 
     </span>
    </p>
   </div>
   <div class='ocr_carea' id='block_1_11' title="bbox 357 1214 2014 1294">
    <p class='ocr_par' dir='ltr' id='par_1_11' title="bbox 357 1214 2014 1294">
     <span class='ocr_line' id='line_1_11' title="bbox 357 1214 2014 1294; baseline 0 -23"><span class='ocrx_word' id='word_1_63' title='bbox 357 1214 602 1292; x_wconf 88' lang='grc' dir='ltr'>χάλαζαν</span> <span class='ocrx_word' id='word_1_64' title='bbox 663 1217 752 1273; x_wconf 84' lang='grc' dir='ltr'>καὶ</span> <span class='ocrx_word' id='word_1_65' title='bbox 795 1223 902 1293; x_wconf 88' lang='grc' dir='ltr'>πῦρ</span> <span class='ocrx_word' id='word_1_66' title='bbox 952 1215 1042 1273; x_wconf 79' lang='grc' dir='ltr'>διὰ</span> <span class='ocrx_word' id='word_1_67' title='bbox 1085 1219 1184 1281; x_wconf 78' lang='grc' dir='ltr'>τὰς</span> <span class='ocrx_word' id='word_1_68' title='bbox 1244 1216 1597 1280; x_wconf 87' lang='grc' dir='ltr'>ἀποδοθεῖσας</span> <span class='ocrx_word' id='word_1_69' title='bbox 1663 1217 1858 1290; x_wconf 75' lang='grc' dir='ltr'>αΐτίας,</span> <span class='ocrx_word' id='word_1_70' title='bbox 1907 1217 2014 1294; x_wconf 81' lang='grc' dir='ltr'>οὐχ</span> 
     </span>
    </p>
   </div>
   <div class='ocr_carea' id='block_1_12' title="bbox 356 1302 2013 1384">
    <p class='ocr_par' dir='ltr' id='par_1_12' title="bbox 356 1302 2013 1384">
     <span class='ocr_line' id='line_1_12' title="bbox 356 1302 2013 1384; baseline 0.004 -24"><span class='ocrx_word' id='word_1_71' title='bbox 356 1305 522 1376; x_wconf 80' lang='grc' dir='ltr'>ἧττον</span> <span class='ocrx_word' id='word_1_72' title='bbox 573 1305 632 1362; x_wconf 74' lang='grc' dir='ltr'>δὲ</span> <span class='ocrx_word' id='word_1_73' title='bbox 671 1302 1060 1382; x_wconf 84' lang='grc' dir='ltr'>συμϐιϐάζεται</span> <span class='ocrx_word' id='word_1_74' title='bbox 1109 1308 1200 1364; x_wconf 84' lang='grc' dir='ltr'>καὶ</span> <span class='ocrx_word' id='word_1_75' title='bbox 1244 1310 1380 1384; x_wconf 87' lang='grc' dir='ltr'>πρὸς</span> <span class='ocrx_word' id='word_1_76' title='bbox 1431 1308 1531 1377; x_wconf 77' lang='grc' dir='ltr'>τήν</span> <span class='ocrx_word' id='word_1_77' title='bbox 1591 1306 1826 1382; x_wconf 81' lang='grc' dir='ltr'>ἐσχάτην</span> <span class='ocrx_word' id='word_1_78' title='bbox 1888 1306 2013 1378; x_wconf 79' lang='grc' dir='ltr'>ἐξή-</span> 
     </span>
    </p>
   </div>
   <div class='ocr_carea' id='block_1_13' title="bbox 355 1394 2015 1470">
    <p class='ocr_par' dir='ltr' id='par_1_13' title="bbox 355 1394 2015 1470">
     <span class='ocr_line' id='line_1_13' title="bbox 355 1394 2015 1470; baseline 0.001 -22"><span class='ocrx_word' id='word_1_79' title='bbox 355 1415 540 1470; x_wconf 88' lang='grc' dir='ltr'>γησιν.</span> <span class='ocrx_word' id='word_1_80' title='bbox 601 1396 693 1460; x_wconf 86' lang='grc' dir='ltr'>Είς</span> <span class='ocrx_word' id='word_1_81' title='bbox 750 1396 877 1459; x_wconf 79' lang='grc' dir='ltr'>τοὺς</span> <span class='ocrx_word' id='word_1_82' title='bbox 944 1394 1287 1460; x_wconf 86' lang='grc' dir='ltr'>ἀποστόλους</span> <span class='ocrx_word' id='word_1_83' title='bbox 1347 1396 1554 1470; x_wconf 85' lang='grc' dir='ltr'>ὁμοίως</span> <span class='ocrx_word' id='word_1_84' title='bbox 1612 1395 2015 1470; x_wconf 89' lang='grc' dir='ltr'>ἀποληψόμεθα</span> 
     </span>
    </p>
   </div>
   <div class='ocr_carea' id='block_1_14' title="bbox 355 1483 2014 1561">
    <p class='ocr_par' dir='ltr' id='par_1_14' title="bbox 355 1483 2014 1561">
     <span class='ocr_line' id='line_1_14' title="bbox 355 1483 2014 1561; baseline 0 -21"><span class='ocrx_word' id='word_1_85' title='bbox 355 1483 603 1560; x_wconf 86' lang='grc' dir='ltr'>χάλαζαν</span> <span class='ocrx_word' id='word_1_86' title='bbox 657 1485 749 1540; x_wconf 84' lang='grc' dir='ltr'>καὶ</span> <span class='ocrx_word' id='word_1_87' title='bbox 821 1489 953 1561; x_wconf 88' lang='grc' dir='ltr'>πῦρ,</span> <span class='ocrx_word' id='word_1_88' title='bbox 998 1485 1061 1540; x_wconf 89' lang='grc' dir='ltr'>τὸ</span> <span class='ocrx_word' id='word_1_89' title='bbox 1113 1486 1207 1559; x_wconf 75' lang='grc' dir='ltr'>μὲν</span> <span class='ocrx_word' id='word_1_90' title='bbox 1257 1486 1332 1549; x_wconf 84' lang='grc' dir='ltr'>ὡς</span> <span class='ocrx_word' id='word_1_91' title='bbox 1389 1487 1491 1555; x_wconf 81' lang='grc' dir='ltr'>τὴν</span> <span class='ocrx_word' id='word_1_92' title='bbox 1543 1484 1757 1557; x_wconf 87' lang='grc' dir='ltr'>πλάνην</span> <span class='ocrx_word' id='word_1_93' title='bbox 1808 1484 2014 1540; x_wconf 87' lang='grc' dir='ltr'>ἀποτυ-</span> 
     </span>
    </p>
   </div>
   <div class='ocr_carea' id='block_1_15' title="bbox 357 1568 2015 1652">
    <p class='ocr_par' dir='ltr' id='par_1_15' title="bbox 357 1568 2015 1652">
     <span class='ocr_line' id='line_1_15' title="bbox 357 1568 2015 1652; baseline 0.001 -24"><span class='ocrx_word' id='word_1_94' title='bbox 357 1571 630 1651; x_wconf 85' lang='grc' dir='ltr'>φλοῦντας</span> <span class='ocrx_word' id='word_1_95' title='bbox 687 1575 777 1630; x_wconf 82' lang='grc' dir='ltr'>καὶ</span> <span class='ocrx_word' id='word_1_96' title='bbox 837 1572 1260 1652; x_wconf 78' lang='grc' dir='ltr'>διαφθείροντας,</span> <span class='ocrx_word' id='word_1_97' title='bbox 1293 1576 1356 1631; x_wconf 92' lang='grc' dir='ltr'>τὸ</span> <span class='ocrx_word' id='word_1_98' title='bbox 1389 1573 1437 1630; x_wconf 90' lang='grc' dir='ltr'>δ’</span> <span class='ocrx_word' id='word_1_99' title='bbox 1488 1576 1565 1637; x_wconf 88' lang='grc' dir='ltr'>ὡς</span> <span class='ocrx_word' id='word_1_100' title='bbox 1616 1576 1716 1645; x_wconf 82' lang='grc' dir='ltr'>τήν</span> <span class='ocrx_word' id='word_1_101' title='bbox 1770 1568 2015 1630; x_wconf 86' lang='grc' dir='ltr'>ἀσέϐειαν</span> 
     </span>
    </p>
   </div>
   <div class='ocr_carea' id='block_1_16' title="bbox 357 1661 772 1739">
    <p class='ocr_par' dir='ltr' id='par_1_16' title="bbox 357 1661 772 1739">
     <span class='ocr_line' id='line_1_16' title="bbox 357 1661 772 1739; baseline 0.007 -22"><span class='ocrx_word' id='word_1_102' title='bbox 357 1661 566 1739; x_wconf 82' lang='grc' dir='ltr'>ἐμπιπρ</span> <span class='ocrx_word' id='word_1_103' title='bbox 576 1666 772 1721; x_wconf 79' lang='grc' dir='ltr'>ῶντας.</span> 
     </span>
    </p>
   </div>
   <div class='ocr_carea' id='block_1_17' title="bbox 430 1765 2015 1848">
    <p class='ocr_par' dir='ltr' id='par_1_17' title="bbox 430 1765 2015 1848">
     <span class='ocr_line' id='line_1_17' title="bbox 430 1765 2015 1848; baseline 0 -24"><span class='ocrx_word' id='word_1_104' title='bbox 430 1769 597 1825; x_wconf 85' lang='grc' dir='ltr'>«Καῖ</span> <span class='ocrx_word' id='word_1_105' title='bbox 675 1765 995 1848; x_wconf 89' lang='grc' dir='ltr'>ἐϐρόντησεν</span> <span class='ocrx_word' id='word_1_106' title='bbox 1070 1769 1123 1842; x_wconf 86' lang='grc' dir='ltr'>ἐξ</span> <span class='ocrx_word' id='word_1_107' title='bbox 1197 1770 1429 1845; x_wconf 86' lang='grc' dir='ltr'>ούρανοῦ</span> <span class='ocrx_word' id='word_1_108' title='bbox 1487 1772 1515 1826; x_wconf 98' lang='lat'>6</span> <span class='ocrx_word' id='word_1_109' title='bbox 1576 1770 1794 1845; x_wconf 83' lang='grc' dir='ltr'>Κύριος,</span> <span class='ocrx_word' id='word_1_110' title='bbox 1847 1770 1938 1826; x_wconf 81' lang='grc' dir='ltr'>καὶ</span> <span class='ocrx_word' id='word_1_111' title='bbox 1986 1770 2015 1824; x_wconf 98' lang='lat'>6</span> 
     </span>
    </p>
   </div>
   <div class='ocr_carea' id='block_1_18' title="bbox 355 1856 2015 1939">
    <p class='ocr_par' dir='ltr' id='par_1_18' title="bbox 355 1856 2015 1939">
     <span class='ocr_line' id='line_1_18' title="bbox 355 1856 2015 1939; baseline 0.001 -25"><span class='ocrx_word' id='word_1_112' title='bbox 355 1861 614 1933; x_wconf 83' lang='grc' dir='ltr'>Ὕψιστος</span> <span class='ocrx_word' id='word_1_113' title='bbox 685 1856 857 1915; x_wconf 73' lang='grc' dir='ltr'>ἔδωκε</span> <span class='ocrx_word' id='word_1_114' title='bbox 937 1861 1123 1939; x_wconf 75' lang='grc' dir='ltr'>φωνην</span> <span class='ocrx_word' id='word_1_115' title='bbox 1200 1860 1385 1919; x_wconf 83' lang='grc' dir='ltr'>αὐτοῦ.</span> <span class='ocrx_word' id='word_1_116' title='bbox 1444 1884 1473 1913; x_wconf 88' lang='grc'><strong>›)</strong></span> <span class='ocrx_word' id='word_1_117' title='bbox 1531 1893 1602 1904; x_wconf 88' lang='grc'><strong><em>-</em></strong></span> <span class='ocrx_word' id='word_1_118' title='bbox 1648 1860 1850 1935; x_wconf 89' lang='grc' dir='ltr'>Κύριος</span> <span class='ocrx_word' id='word_1_119' title='bbox 1924 1860 2015 1915; x_wconf 88' lang='grc' dir='ltr'>καὶ</span> 
     </span>
    </p>
   </div>
   <div class='ocr_carea' id='block_1_19' title="bbox 354 1943 2095 2025">
    <p class='ocr_par' dir='ltr' id='par_1_19' title="bbox 354 1943 2095 2025">
     <span class='ocr_line' id='line_1_19' title="bbox 354 1943 2095 2025; baseline 0.001 -22"><span class='ocrx_word' id='word_1_120' title='bbox 354 1949 612 2023; x_wconf 84' lang='grc' dir='ltr'>Ὕψιστος</span> <span class='ocrx_word' id='word_1_121' title='bbox 656 1950 685 2005; x_wconf 91' lang='lat'>6</span> <span class='ocrx_word' id='word_1_122' title='bbox 731 1950 861 2014; x_wconf 87' lang='grc' dir='ltr'>Θεὸς</span> <span class='ocrx_word' id='word_1_123' title='bbox 911 1950 987 2013; x_wconf 86' lang='grc' dir='ltr'>ὡς</span> <span class='ocrx_word' id='word_1_124' title='bbox 1032 1947 1300 2021; x_wconf 77' lang='grc' dir='ltr'>δεσπότης</span> <span class='ocrx_word' id='word_1_125' title='bbox 1349 1950 1439 2006; x_wconf 85' lang='grc' dir='ltr'>καὶ</span> <span class='ocrx_word' id='word_1_126' title='bbox 1505 1949 1740 2025; x_wconf 90' lang='grc' dir='ltr'>ὑψηλός.</span> <span class='ocrx_word' id='word_1_127' title='bbox 1794 1943 2016 2023; x_wconf 83' lang='grc' dir='ltr'>Ἐϐρόν-</span> <span class='ocrx_word' id='word_1_128' title='bbox 2045 1948 2095 2015; x_wconf 88' lang='grc' dir='ltr'>Β</span> 
     </span>
    </p>
   </div>
   <div class='ocr_carea' id='block_1_20' title="bbox 352 2034 2011 2116">
    <p class='ocr_par' dir='ltr' id='par_1_20' title="bbox 352 2034 2011 2116">
     <span class='ocr_line' id='line_1_20' title="bbox 352 2034 2011 2116; baseline -0.001 -24"><span class='ocrx_word' id='word_1_129' title='bbox 352 2057 487 2107; x_wconf 89' lang='grc' dir='ltr'>τησε</span> <span class='ocrx_word' id='word_1_130' title='bbox 535 2034 593 2092; x_wconf 75' lang='grc' dir='ltr'>δὲ</span> <span class='ocrx_word' id='word_1_131' title='bbox 638 2037 728 2092; x_wconf 83' lang='grc' dir='ltr'>καὶ</span> <span class='ocrx_word' id='word_1_132' title='bbox 776 2034 948 2093; x_wconf 76' lang='grc' dir='ltr'>ἔδωκε</span> <span class='ocrx_word' id='word_1_133' title='bbox 998 2038 1183 2116; x_wconf 78' lang='grc' dir='ltr'>φωνην</span> <span class='ocrx_word' id='word_1_134' title='bbox 1235 2037 1421 2111; x_wconf 81' lang='grc' dir='ltr'>αὑτοῦ,</span> <span class='ocrx_word' id='word_1_135' title='bbox 1455 2035 1545 2092; x_wconf 82' lang='grc' dir='ltr'>ὅτε</span> <span class='ocrx_word' id='word_1_136' title='bbox 1590 2037 1726 2112; x_wconf 88' lang='grc' dir='ltr'>πρὸς</span> <span class='ocrx_word' id='word_1_137' title='bbox 1773 2034 1866 2091; x_wconf 83' lang='grc' dir='ltr'>τὸν</span> <span class='ocrx_word' id='word_1_138' title='bbox 1898 2041 2011 2091; x_wconf 90' lang='grc' dir='ltr'>Πα-</span> 
     </span>
    </p>
   </div>
   <div class='ocr_carea' id='block_1_21' title="bbox 350 2121 2012 2203">
    <p class='ocr_par' dir='ltr' id='par_1_21' title="bbox 350 2121 2012 2203">
     <span class='ocr_line' id='line_1_21' title="bbox 350 2121 2012 2203; baseline -0.001 -23"><span class='ocrx_word' id='word_1_139' title='bbox 350 2124 481 2201; x_wconf 88' lang='grc' dir='ltr'>τέρα</span> <span class='ocrx_word' id='word_1_140' title='bbox 537 2126 566 2181; x_wconf 92' lang='lat'>6</span> <span class='ocrx_word' id='word_1_141' title='bbox 637 2126 763 2190; x_wconf 74' lang='grc' dir='ltr'>Υἱὸς</span> <span class='ocrx_word' id='word_1_142' title='bbox 838 2121 1054 2197; x_wconf 86' lang='grc' dir='ltr'>ἐϐόησε·</span> <span class='ocrx_word' id='word_1_143' title='bbox 1115 2151 1144 2179; x_wconf 89' lang='grc'><strong>((</strong></span> <span class='ocrx_word' id='word_1_144' title='bbox 1218 2128 1416 2203; x_wconf 86' lang='grc' dir='ltr'>Πάτερ,</span> <span class='ocrx_word' id='word_1_145' title='bbox 1481 2123 1701 2197; x_wconf 78' lang='grc' dir='ltr'>δόξασόν</span> <span class='ocrx_word' id='word_1_146' title='bbox 1778 2146 1875 2180; x_wconf 90' lang='grc' dir='ltr'>σου</span> <span class='ocrx_word' id='word_1_147' title='bbox 1949 2124 2012 2179; x_wconf 92' lang='grc' dir='ltr'>τὸ</span> 
     </span>
    </p>
   </div>
   <div class='ocr_carea' id='block_1_22' title="bbox 351 2209 2013 2295">
    <p class='ocr_par' dir='ltr' id='par_1_22' title="bbox 351 2209 2013 2295">
     <span class='ocr_line' id='line_1_22' title="bbox 351 2209 2013 2295; baseline -0.001 -26"><span class='ocrx_word' id='word_1_148' title='bbox 351 2209 548 2288; x_wconf 69' lang='grc' dir='ltr'>ὄνομα·</span> <span class='ocrx_word' id='word_1_149' title='bbox 600 2214 740 2285; x_wconf 80' lang='grc' dir='ltr'>ἦλθε</span> <span class='ocrx_word' id='word_1_150' title='bbox 786 2215 913 2291; x_wconf 80' lang='grc' dir='ltr'>γὰρ,</span> <span class='ocrx_word' id='word_1_151' title='bbox 965 2215 1120 2294; x_wconf 84' lang='grc' dir='ltr'>φησὶ,</span> <span class='ocrx_word' id='word_1_152' title='bbox 1171 2217 1325 2295; x_wconf 76' lang='grc' dir='ltr'>φωνὴ</span> <span class='ocrx_word' id='word_1_153' title='bbox 1378 2216 1441 2270; x_wconf 87' lang='grc' dir='ltr'>ἐκ</span> <span class='ocrx_word' id='word_1_154' title='bbox 1482 2219 1580 2270; x_wconf 84' lang='grc' dir='ltr'>τοῦ</span> <span class='ocrx_word' id='word_1_155' title='bbox 1628 2214 1881 2291; x_wconf 85' lang='grc' dir='ltr'>οὐρανοῦ,</span> <span class='ocrx_word' id='word_1_156' title='bbox 1914 2212 2013 2268; x_wconf 83' lang='grc' dir='ltr'>Καὶ</span> 
     </span>
    </p>
   </div>
   <div class='ocr_carea' id='block_1_23' title="bbox 355 2299 2013 2381">
    <p class='ocr_par' dir='ltr' id='par_1_23' title="bbox 355 2299 2013 2381">
     <span class='ocr_line' id='line_1_23' title="bbox 355 2299 2013 2381; baseline -0.001 -22"><span class='ocrx_word' id='word_1_157' title='bbox 355 2300 600 2377; x_wconf 81' lang='grc' dir='ltr'>ἐδόξασα,</span> <span class='ocrx_word' id='word_1_158' title='bbox 649 2306 740 2360; x_wconf 81' lang='grc' dir='ltr'>καὶ</span> <span class='ocrx_word' id='word_1_159' title='bbox 796 2303 962 2361; x_wconf 85' lang='grc' dir='ltr'>πάλιν</span> <span class='ocrx_word' id='word_1_160' title='bbox 996 2302 1222 2379; x_wconf 79' lang='grc' dir='ltr'>δοξάσω.</span> <span class='ocrx_word' id='word_1_161' title='bbox 1251 2329 1280 2358; x_wconf 86' lang='grc'><strong>››</strong></span> <span class='ocrx_word' id='word_1_162' title='bbox 1328 2310 1383 2358; x_wconf 72' lang='grc' dir='ltr'><strong>Ὀ</strong></span> <span class='ocrx_word' id='word_1_163' title='bbox 1433 2303 1491 2360; x_wconf 72' lang='grc' dir='ltr'>δὲ</span> <span class='ocrx_word' id='word_1_164' title='bbox 1535 2299 1712 2381; x_wconf 76' lang='grc' dir='ltr'>ὄχλος</span> <span class='ocrx_word' id='word_1_165' title='bbox 1770 2304 1799 2359; x_wconf 90' lang='lat'>6</span> <span class='ocrx_word' id='word_1_166' title='bbox 1846 2303 2013 2365; x_wconf 76' lang='grc' dir='ltr'>ἑστὼς</span> 
     </span>
    </p>
   </div>
   <div class='ocr_carea' id='block_1_24' title="bbox 356 2391 2011 2471">
    <p class='ocr_par' dir='ltr' id='par_1_24' title="bbox 356 2391 2011 2471">
     <span class='ocr_line' id='line_1_24' title="bbox 356 2391 2011 2471; baseline -0.001 -22"><span class='ocrx_word' id='word_1_167' title='bbox 356 2393 447 2449; x_wconf 87' lang='grc' dir='ltr'>καὶ</span> <span class='ocrx_word' id='word_1_168' title='bbox 490 2393 725 2456; x_wconf 87' lang='grc' dir='ltr'>ἀκούσας</span> <span class='ocrx_word' id='word_1_169' title='bbox 772 2391 925 2471; x_wconf 77' lang='grc' dir='ltr'>ἔλεγε</span> <span class='ocrx_word' id='word_1_170' title='bbox 972 2395 1199 2471; x_wconf 76' lang='grc' dir='ltr'>βροντὴν</span> <span class='ocrx_word' id='word_1_171' title='bbox 1250 2392 1547 2470; x_wconf 87' lang='grc' dir='ltr'>γεγονέναι.</span> <span class='ocrx_word' id='word_1_172' title='bbox 1599 2395 1759 2449; x_wconf 83' lang='grc' dir='ltr'>Ὥστε</span> <span class='ocrx_word' id='word_1_173' title='bbox 1804 2392 1867 2447; x_wconf 91' lang='grc' dir='ltr'>τὸ</span> <span class='ocrx_word' id='word_1_174' title='bbox 1918 2393 2011 2466; x_wconf 76' lang='grc' dir='ltr'>μὲν</span> 
     </span>
    </p>
   </div>
   <div class='ocr_carea' id='block_1_25' title="bbox 357 2477 2013 2560">
    <p class='ocr_par' dir='ltr' id='par_1_25' title="bbox 357 2477 2013 2560">
     <span class='ocr_line' id='line_1_25' title="bbox 357 2477 2013 2560; baseline -0.001 -23"><span class='ocrx_word' id='word_1_175' title='bbox 357 2477 654 2557; x_wconf 87' lang='grc' dir='ltr'>ἐϐρόντησε</span> <span class='ocrx_word' id='word_1_176' title='bbox 681 2484 820 2560; x_wconf 90' lang='grc' dir='ltr'>πρὸς</span> <span class='ocrx_word' id='word_1_177' title='bbox 845 2484 945 2553; x_wconf 75' lang='grc' dir='ltr'>τὴν</span> <span class='ocrx_word' id='word_1_178' title='bbox 981 2480 1257 2557; x_wconf 80' lang='grc' dir='ltr'>ὑπόληψιν</span> <span class='ocrx_word' id='word_1_179' title='bbox 1287 2488 1396 2539; x_wconf 87' lang='grc' dir='ltr'>τῶν</span> <span class='ocrx_word' id='word_1_180' title='bbox 1417 2484 1758 2539; x_wconf 83' lang='grc' dir='ltr'>ἀκουσάντων</span> <span class='ocrx_word' id='word_1_181' title='bbox 1781 2479 2013 2560; x_wconf 85' lang='grc' dir='ltr'>εἷ’ρηται·</span> 
     </span>
    </p>
   </div>
   <div class='ocr_carea' id='block_1_26' title="bbox 352 2568 2011 2651">
    <p class='ocr_par' dir='ltr' id='par_1_26' title="bbox 352 2568 2011 2651">
     <span class='ocr_line' id='line_1_26' title="bbox 352 2568 2011 2651; baseline -0.001 -24"><span class='ocrx_word' id='word_1_182' title='bbox 352 2570 420 2627; x_wconf 89' lang='grc' dir='ltr'>τὸ</span> <span class='ocrx_word' id='word_1_183' title='bbox 454 2568 513 2627; x_wconf 74' lang='grc' dir='ltr'>δὲ</span> <span class='ocrx_word' id='word_1_184' title='bbox 542 2569 712 2628; x_wconf 75' lang='grc' dir='ltr'>ἔδωκε</span> <span class='ocrx_word' id='word_1_185' title='bbox 769 2574 954 2651; x_wconf 76' lang='grc' dir='ltr'>φωνὴν</span> <span class='ocrx_word' id='word_1_186' title='bbox 1005 2572 1169 2628; x_wconf 84' lang='grc' dir='ltr'>αὑτοῦ</span> <span class='ocrx_word' id='word_1_187' title='bbox 1216 2572 1356 2648; x_wconf 89' lang='grc' dir='ltr'>πρὸς</span> <span class='ocrx_word' id='word_1_188' title='bbox 1402 2573 1501 2642; x_wconf 77' lang='grc' dir='ltr'>τήν</span> <span class='ocrx_word' id='word_1_189' title='bbox 1546 2571 1822 2644; x_wconf 75' lang='grc' dir='ltr'>ἀλήθειαν·</span> <span class='ocrx_word' id='word_1_190' title='bbox 1857 2570 2011 2650; x_wconf 88' lang='grc' dir='ltr'>φωνή</span> 
     </span>
    </p>
   </div>
   <div class='ocr_carea' id='block_1_27' title="bbox 358 2656 2017 2738">
    <p class='ocr_par' dir='ltr' id='par_1_27' title="bbox 358 2656 2017 2738">
     <span class='ocr_line' id='line_1_27' title="bbox 358 2656 2017 2738; baseline -0.001 -23"><span class='ocrx_word' id='word_1_191' title='bbox 358 2659 460 2738; x_wconf 80' lang='grc' dir='ltr'>γὰρ</span> <span class='ocrx_word' id='word_1_192' title='bbox 519 2659 652 2717; x_wconf 77' lang='grc' dir='ltr'>οὖσα</span> <span class='ocrx_word' id='word_1_193' title='bbox 715 2662 951 2736; x_wconf 85' lang='grc' dir='ltr'>βροντῆς</span> <span class='ocrx_word' id='word_1_194' title='bbox 1016 2661 1310 2734; x_wconf 86' lang='grc' dir='ltr'>ἀκηκοόσιν</span> <span class='ocrx_word' id='word_1_195' title='bbox 1379 2659 1573 2733; x_wconf 79' lang='grc' dir='ltr'>ἔδοξεν.</span> <span class='ocrx_word' id='word_1_196' title='bbox 1647 2661 1720 2717; x_wconf 83' lang='grc' dir='ltr'>Ού</span> <span class='ocrx_word' id='word_1_197' title='bbox 1786 2661 1900 2738; x_wconf 75' lang='grc' dir='ltr'>χρὴ</span> <span class='ocrx_word' id='word_1_198' title='bbox 1959 2656 2017 2715; x_wconf 71' lang='grc' dir='ltr'>δὲ</span> 
     </span>
    </p>
   </div>
   <div class='ocr_carea' id='block_1_28' title="bbox 357 2746 2011 2828">
    <p class='ocr_par' dir='ltr' id='par_1_28' title="bbox 357 2746 2011 2828">
     <span class='ocr_line' id='line_1_28' title="bbox 357 2746 2011 2828; baseline -0.001 -24"><span class='ocrx_word' id='word_1_199' title='bbox 357 2749 652 2824; x_wconf 84' lang='grc' dir='ltr'>θαυμάζειν</span> <span class='ocrx_word' id='word_1_200' title='bbox 711 2749 803 2806; x_wconf 79' lang='grc' dir='ltr'>ὅτε</span> <span class='ocrx_word' id='word_1_201' title='bbox 854 2750 953 2806; x_wconf 82' lang='grc' dir='ltr'>οὑκ</span> <span class='ocrx_word' id='word_1_202' title='bbox 1010 2746 1230 2828; x_wconf 77' lang='grc' dir='ltr'>ἔχουσιν</span> <span class='ocrx_word' id='word_1_203' title='bbox 1298 2750 1624 2815; x_wconf 78' lang='grc' dir='ltr'>ἀκολουθίαν</span> <span class='ocrx_word' id='word_1_204' title='bbox 1700 2749 1789 2806; x_wconf 84' lang='grc' dir='ltr'>καὶ</span> <span class='ocrx_word' id='word_1_205' title='bbox 1864 2749 2011 2821; x_wconf 80' lang='grc' dir='ltr'>τάξιν</span> 
     </span>
    </p>
   </div>
   <div class='ocr_carea' id='block_1_29' title="bbox 354 2837 2011 2918">
    <p class='ocr_par' dir='ltr' id='par_1_29' title="bbox 354 2837 2011 2918">
     <span class='ocr_line' id='line_1_29' title="bbox 354 2837 2011 2918; baseline -0.001 -24"><span class='ocrx_word' id='word_1_206' title='bbox 354 2844 707 2918; x_wconf 89' lang='grc' dir='ltr'>προφητεῖαι·</span> <span class='ocrx_word' id='word_1_207' title='bbox 758 2837 1026 2895; x_wconf 88' lang='grc' dir='ltr'>δείκνυται</span> <span class='ocrx_word' id='word_1_208' title='bbox 1075 2839 1179 2916; x_wconf 77' lang='grc' dir='ltr'>γὰρ</span> <span class='ocrx_word' id='word_1_209' title='bbox 1232 2839 1453 2895; x_wconf 87' lang='grc' dir='ltr'>ἐνταῦθα</span> <span class='ocrx_word' id='word_1_210' title='bbox 1500 2839 1575 2902; x_wconf 85' lang='grc' dir='ltr'>ὡς</span> <span class='ocrx_word' id='word_1_211' title='bbox 1635 2840 1688 2893; x_wconf 78' lang='grc' dir='ltr'>οἱ</span> <span class='ocrx_word' id='word_1_212' title='bbox 1735 2845 2011 2916; x_wconf 58' lang='grc' dir='ltr'>προφῆται</span> 
     </span>
    </p>
   </div>
   <div class='ocr_carea' id='block_1_30' title="bbox 357 2924 2012 3007">
    <p class='ocr_par' dir='ltr' id='par_1_30' title="bbox 357 2924 2012 3007">
     <span class='ocr_line' id='line_1_30' title="bbox 357 2924 2012 3007; baseline -0.001 -24"><span class='ocrx_word' id='word_1_213' title='bbox 357 2928 419 2983; x_wconf 86' lang='grc' dir='ltr'>οὑ</span> <span class='ocrx_word' id='word_1_214' title='bbox 446 2930 841 3007; x_wconf 81' lang='grc' dir='ltr'>προεφήτευον,</span> <span class='ocrx_word' id='word_1_215' title='bbox 874 2928 908 2983; x_wconf 74' lang='grc' dir='ltr'>ἃ</span> <span class='ocrx_word' id='word_1_216' title='bbox 933 2924 1256 3002; x_wconf 87' lang='grc' dir='ltr'>ἐϐούλοντο,</span> <span class='ocrx_word' id='word_1_217' title='bbox 1286 2926 1416 2984; x_wconf 83' lang='grc' dir='ltr'>ἀλλ’</span> <span class='ocrx_word' id='word_1_218' title='bbox 1462 2929 1597 3002; x_wconf 83' lang='grc' dir='ltr'>ἅπερ</span> <span class='ocrx_word' id='word_1_219' title='bbox 1645 2927 1706 2984; x_wconf 76' lang='grc' dir='ltr'>ἂν</span> <span class='ocrx_word' id='word_1_220' title='bbox 1764 2927 1867 2984; x_wconf 88' lang='grc' dir='ltr'>ὑπὸ</span> <span class='ocrx_word' id='word_1_221' title='bbox 1914 2931 2012 2982; x_wconf 87' lang='grc' dir='ltr'>τοῦ</span> 
     </span>
    </p>
   </div>
   <div class='ocr_carea' id='block_1_31' title="bbox 359 3016 1080 3095">
    <p class='ocr_par' dir='ltr' id='par_1_31' title="bbox 359 3016 1080 3095">
     <span class='ocr_line' id='line_1_31' title="bbox 359 3016 1080 3095; baseline 0.003 -23"><span class='ocrx_word' id='word_1_222' title='bbox 359 3016 496 3072; x_wconf 86' lang='grc' dir='ltr'>Πνεύ</span> <span class='ocrx_word' id='word_1_223' title='bbox 505 3038 672 3091; x_wconf 81' lang='grc' dir='ltr'>ματος</span> <span class='ocrx_word' id='word_1_224' title='bbox 704 3017 794 3089; x_wconf 88' lang='grc' dir='ltr'>ἐνη</span> <span class='ocrx_word' id='word_1_225' title='bbox 804 3020 882 3095; x_wconf 74' lang='grc' dir='ltr'>χή</span> <span class='ocrx_word' id='word_1_226' title='bbox 890 3029 955 3090; x_wconf 89' lang='grc' dir='ltr'>θη</span> <span class='ocrx_word' id='word_1_227' title='bbox 964 3039 1080 3075; x_wconf 89' lang='grc' dir='ltr'>σαν.</span> 
     </span>
    </p>
   </div>
   <div class='ocr_carea' id='block_1_32' title="bbox 429 3121 2013 3200">
    <p class='ocr_par' dir='ltr' id='par_1_32' title="bbox 429 3121 2013 3200">
     <span class='ocr_line' id='line_1_32' title="bbox 429 3121 2013 3200; baseline 0.001 -24"><span class='ocrx_word' id='word_1_228' title='bbox 429 3148 459 3176; x_wconf 84' lang='grc'>‹‹</span> <span class='ocrx_word' id='word_1_229' title='bbox 492 3122 866 3195; x_wconf 88' lang='grc' dir='ltr'>Ἐξαπέστειλε</span> <span class='ocrx_word' id='word_1_230' title='bbox 926 3121 1061 3200; x_wconf 87' lang='grc' dir='ltr'>βέλη</span> <span class='ocrx_word' id='word_1_231' title='bbox 1123 3125 1211 3179; x_wconf 81' lang='grc' dir='ltr'>καὶ</span> <span class='ocrx_word' id='word_1_232' title='bbox 1269 3123 1583 3200; x_wconf 89' lang='grc' dir='ltr'>ἐσκόρπισεν</span> <span class='ocrx_word' id='word_1_233' title='bbox 1630 3123 1846 3187; x_wconf 76' lang='grc' dir='ltr'>αὐτούς.</span> <span class='ocrx_word' id='word_1_234' title='bbox 1880 3146 1909 3177; x_wconf 83' lang='grc'>››</span> <span class='ocrx_word' id='word_1_235' title='bbox 1941 3155 2013 3168; x_wconf 88' lang='grc'><strong><em>--</em></strong></span> 
     </span>
    </p>
   </div>
   <div class='ocr_carea' id='block_1_33' title="bbox 361 3210 2011 3288">
    <p class='ocr_par' dir='ltr' id='par_1_33' title="bbox 361 3210 2011 3288">
     <span class='ocr_line' id='line_1_33' title="bbox 361 3210 2011 3288; baseline -0.001 -20"><span class='ocrx_word' id='word_1_236' title='bbox 361 3210 510 3284; x_wconf 92' lang='grc' dir='ltr'>Βέλη</span> <span class='ocrx_word' id='word_1_237' title='bbox 573 3212 669 3286; x_wconf 74' lang='grc' dir='ltr'>μὶν</span> <span class='ocrx_word' id='word_1_238' title='bbox 726 3210 874 3288; x_wconf 91' lang='grc' dir='ltr'>λέγει</span> <span class='ocrx_word' id='word_1_239' title='bbox 932 3212 1062 3274; x_wconf 78' lang='grc' dir='ltr'>τοὺς</span> <span class='ocrx_word' id='word_1_240' title='bbox 1142 3212 1387 3286; x_wconf 82' lang='grc' dir='ltr'>μαθητὰς</span> <span class='ocrx_word' id='word_1_241' title='bbox 1463 3212 1860 3276; x_wconf 73' lang='grc' dir='ltr'>ἀποσταλέντας</span> <span class='ocrx_word' id='word_1_242' title='bbox 1936 3212 2011 3274; x_wconf 62' lang='grc' dir='ltr'>εἷς</span> 
     </span>
    </p>
   </div>
   <div class='ocr_carea' id='block_1_34' title="bbox 357 3298 2083 3377">
    <p class='ocr_par' dir='ltr' id='par_1_34' title="bbox 357 3298 2083 3377">
     <span class='ocr_line' id='line_1_34' title="bbox 357 3298 2083 3377; baseline 0.001 -22"><span class='ocrx_word' id='word_1_243' title='bbox 357 3300 564 3356; x_wconf 81' lang='grc' dir='ltr'>ἅπαντα</span> <span class='ocrx_word' id='word_1_244' title='bbox 618 3305 716 3356; x_wconf 85' lang='grc' dir='ltr'>τοῦ</span> <span class='ocrx_word' id='word_1_245' title='bbox 762 3301 994 3375; x_wconf 85' lang='grc' dir='ltr'>κόσμου·</span> <span class='ocrx_word' id='word_1_246' title='bbox 1047 3300 1334 3373; x_wconf 87' lang='grc' dir='ltr'>ἐσκόρπισε</span> <span class='ocrx_word' id='word_1_247' title='bbox 1379 3298 1448 3356; x_wconf 86' lang='grc' dir='ltr'>δι’</span> <span class='ocrx_word' id='word_1_248' title='bbox 1490 3301 1664 3357; x_wconf 86' lang='grc' dir='ltr'>αὑτῶν</span> <span class='ocrx_word' id='word_1_249' title='bbox 1698 3303 1726 3357; x_wconf 89' lang='grc' dir='ltr'>ὁ</span> <span class='ocrx_word' id='word_1_250' title='bbox 1777 3302 2007 3377; x_wconf 87' lang='grc' dir='ltr'>Χριστὸς</span> <span class='ocrx_word' id='word_1_251' title='bbox 2039 3308 2083 3376; x_wconf 80' lang='lat' dir='ltr'>C</span> 
     </span>
    </p>
   </div>
   <div class='ocr_carea' id='block_1_35' title="bbox 353 3387 2013 3465">
    <p class='ocr_par' dir='ltr' id='par_1_35' title="bbox 353 3387 2013 3465">
     <span class='ocr_line' id='line_1_35' title="bbox 353 3387 2013 3465; baseline 0 -20"><span class='ocrx_word' id='word_1_252' title='bbox 353 3389 482 3452; x_wconf 81' lang='grc' dir='ltr'>τοὺς</span> <span class='ocrx_word' id='word_1_253' title='bbox 511 3387 772 3464; x_wconf 86' lang='grc' dir='ltr'>δαίμονας</span> <span class='ocrx_word' id='word_1_254' title='bbox 803 3390 895 3454; x_wconf 75' lang='grc' dir='ltr'>οὓς</span> <span class='ocrx_word' id='word_1_255' title='bbox 928 3389 1176 3463; x_wconf 82' lang='grc' dir='ltr'>ἐδήλωσε</span> <span class='ocrx_word' id='word_1_256' title='bbox 1207 3387 1295 3445; x_wconf 80' lang='grc' dir='ltr'>διὰ</span> <span class='ocrx_word' id='word_1_257' title='bbox 1321 3397 1423 3460; x_wconf 81' lang='grc' dir='ltr'>τῆς</span> <span class='ocrx_word' id='word_1_258' title='bbox 1467 3389 1826 3465; x_wconf 87' lang='grc' dir='ltr'>ἀντωνυμίας·</span> <span class='ocrx_word' id='word_1_259' title='bbox 1865 3395 2013 3465; x_wconf 90' lang='grc' dir='ltr'>μισεῖ</span> 
     </span>
    </p>
   </div>
   <div class='ocr_carea' id='block_1_36' title="bbox 355 3478 2009 3557">
    <p class='ocr_par' dir='ltr' id='par_1_36' title="bbox 355 3478 2009 3557">
     <span class='ocr_line' id='line_1_36' title="bbox 355 3478 2009 3557; baseline 0 -22"><span class='ocrx_word' id='word_1_260' title='bbox 355 3481 461 3556; x_wconf 75' lang='grc' dir='ltr'>γὰρ</span> <span class='ocrx_word' id='word_1_261' title='bbox 491 3480 553 3535; x_wconf 91' lang='grc' dir='ltr'>τὸ</span> <span class='ocrx_word' id='word_1_262' title='bbox 583 3484 806 3555; x_wconf 84' lang='grc' dir='ltr'>Πνεῦμα</span> <span class='ocrx_word' id='word_1_263' title='bbox 831 3481 895 3535; x_wconf 90' lang='grc' dir='ltr'>τὸ</span> <span class='ocrx_word' id='word_1_264' title='bbox 921 3481 1092 3557; x_wconf 82' lang='grc' dir='ltr'>όίγιον,</span> <span class='ocrx_word' id='word_1_265' title='bbox 1125 3478 1304 3555; x_wconf 83' lang='grc' dir='ltr'>ὥσπερ</span> <span class='ocrx_word' id='word_1_266' title='bbox 1335 3479 1552 3554; x_wconf 81' lang='grc' dir='ltr'>αὐτοὺς,</span> <span class='ocrx_word' id='word_1_267' title='bbox 1586 3479 1729 3536; x_wconf 71' lang='grc' dir='ltr'>οὕτω</span> <span class='ocrx_word' id='word_1_268' title='bbox 1766 3479 1858 3535; x_wconf 82' lang='grc' dir='ltr'>καὶ</span> <span class='ocrx_word' id='word_1_269' title='bbox 1909 3480 2009 3550; x_wconf 79' lang='grc' dir='ltr'>τήν</span> 
     </span>
    </p>
   </div>
   <div class='ocr_carea' id='block_1_37' title="bbox 353 3569 955 3647">
    <p class='ocr_par' dir='ltr' id='par_1_37' title="bbox 353 3569 955 3647">
     <span class='ocr_line' id='line_1_37' title="bbox 353 3569 955 3647; baseline 0.002 -22"><span class='ocrx_word' id='word_1_270' title='bbox 353 3569 725 3647; x_wconf 84' lang='grc' dir='ltr'>προσηγορίαν</span> <span class='ocrx_word' id='word_1_271' title='bbox 758 3569 955 3626; x_wconf 85' lang='grc' dir='ltr'>αὑτῶν.</span> 
     </span>
    </p>
   </div>
   <div class='ocr_carea' id='block_1_38' title="bbox 429 3673 2010 3753">
    <p class='ocr_par' dir='ltr' id='par_1_38' title="bbox 429 3673 2010 3753">
     <span class='ocr_line' id='line_1_38' title="bbox 429 3673 2010 3753; baseline -0.002 -23"><span class='ocrx_word' id='word_1_272' title='bbox 429 3698 458 3730; x_wconf 88' lang='grc'>‹‹</span> <span class='ocrx_word' id='word_1_273' title='bbox 488 3677 588 3731; x_wconf 83' lang='grc' dir='ltr'>Καὶ</span> <span class='ocrx_word' id='word_1_274' title='bbox 619 3676 892 3752; x_wconf 83' lang='grc' dir='ltr'>ἀστραπὰς</span> <span class='ocrx_word' id='word_1_275' title='bbox 922 3674 1192 3747; x_wconf 81' lang='grc' dir='ltr'>ἐπλήθυνε</span> <span class='ocrx_word' id='word_1_276' title='bbox 1219 3676 1309 3732; x_wconf 83' lang='grc' dir='ltr'>καὶ</span> <span class='ocrx_word' id='word_1_277' title='bbox 1340 3675 1681 3753; x_wconf 80' lang='grc' dir='ltr'>συνετάραξεν</span> <span class='ocrx_word' id='word_1_278' title='bbox 1728 3673 1946 3739; x_wconf 86' lang='grc' dir='ltr'>αὑτούς.</span> <span class='ocrx_word' id='word_1_279' title='bbox 1981 3699 2010 3728; x_wconf 88' lang='grc'><strong>››</strong></span> 
     </span>
    </p>
   </div>
   <div class='ocr_carea' id='block_1_39' title="bbox 353 3764 2007 3842">
    <p class='ocr_par' dir='ltr' id='par_1_39' title="bbox 353 3764 2007 3842">
     <span class='ocr_line' id='line_1_39' title="bbox 353 3764 2007 3842; baseline 0 -21"><span class='ocrx_word' id='word_1_280' title='bbox 353 3797 425 3809; x_wconf 85' lang='grc'><strong>-</strong></span> <span class='ocrx_word' id='word_1_281' title='bbox 471 3765 606 3828; x_wconf 82' lang='grc' dir='ltr'>Τοὺς</span> <span class='ocrx_word' id='word_1_282' title='bbox 663 3764 859 3829; x_wconf 77' lang='grc' dir='ltr'>αὐτοὺς</span> <span class='ocrx_word' id='word_1_283' title='bbox 939 3766 1161 3836; x_wconf 83' lang='grc' dir='ltr'>οἰητέον</span> <span class='ocrx_word' id='word_1_284' title='bbox 1224 3764 1313 3821; x_wconf 83' lang='grc' dir='ltr'>καὶ</span> <span class='ocrx_word' id='word_1_285' title='bbox 1374 3764 1511 3842; x_wconf 72' lang='grc' dir='ltr'>βέλη</span> <span class='ocrx_word' id='word_1_286' title='bbox 1569 3765 1658 3821; x_wconf 90' lang='grc' dir='ltr'>καὶ</span> <span class='ocrx_word' id='word_1_287' title='bbox 1712 3765 2007 3841; x_wconf 87' lang='grc' dir='ltr'>ἀστραπάς·</span> 
     </span>
    </p>
   </div>
   <div class='ocr_carea' id='block_1_40' title="bbox 355 3853 2009 3931">
    <p class='ocr_par' dir='ltr' id='par_1_40' title="bbox 355 3853 2009 3931">
     <span class='ocr_line' id='line_1_40' title="bbox 355 3853 2009 3931; baseline 0 -22"><span class='ocrx_word' id='word_1_288' title='bbox 355 3853 524 3910; x_wconf 86' lang='grc' dir='ltr'>ἐκεῖνο</span> <span class='ocrx_word' id='word_1_289' title='bbox 586 3855 681 3928; x_wconf 73' lang='grc' dir='ltr'>μὲν</span> <span class='ocrx_word' id='word_1_290' title='bbox 741 3855 817 3917; x_wconf 85' lang='grc' dir='ltr'>ὡς</span> <span class='ocrx_word' id='word_1_291' title='bbox 889 3853 1194 3931; x_wconf 88' lang='grc' dir='ltr'>βάλλοντας</span> <span class='ocrx_word' id='word_1_292' title='bbox 1268 3853 1359 3911; x_wconf 82' lang='grc' dir='ltr'>καὶ</span> <span class='ocrx_word' id='word_1_293' title='bbox 1436 3855 1832 3931; x_wconf 70' lang='grc' dir='ltr'>ἀνατρέποντας</span> <span class='ocrx_word' id='word_1_294' title='bbox 1908 3855 2009 3924; x_wconf 83' lang='grc' dir='ltr'>τήν</span> 
     </span>
    </p>
   </div>
   <div class='ocr_carea' id='block_1_41' title="bbox 353 3940 2010 4020">
    <p class='ocr_par' dir='ltr' id='par_1_41' title="bbox 353 3940 2010 4020">
     <span class='ocr_line' id='line_1_41' title="bbox 353 3940 2010 4020; baseline 0.002 -24"><span class='ocrx_word' id='word_1_295' title='bbox 353 3940 563 4008; x_wconf 85' lang='grc' dir='ltr'>πλάνην</span> <span class='ocrx_word' id='word_1_296' title='bbox 647 3941 887 4013; x_wconf 83' lang='grc' dir='ltr'>ἐκείνων,</span> <span class='ocrx_word' id='word_1_297' title='bbox 942 3947 1104 3999; x_wconf 86' lang='grc' dir='ltr'>τοῦτο</span> <span class='ocrx_word' id='word_1_298' title='bbox 1176 3941 1235 3998; x_wconf 73' lang='grc' dir='ltr'>δὲ</span> <span class='ocrx_word' id='word_1_299' title='bbox 1303 3943 1380 4006; x_wconf 86' lang='grc' dir='ltr'>ὡς</span> <span class='ocrx_word' id='word_1_300' title='bbox 1455 3942 1842 4020; x_wconf 84' lang='grc' dir='ltr'>ἐμπιπρῶντας</span> <span class='ocrx_word' id='word_1_301' title='bbox 1908 3944 2010 4013; x_wconf 81' lang='grc' dir='ltr'>τήν</span> 
     </span>
    </p>
   </div>
   <div class='ocr_carea' id='block_1_42' title="bbox 358 4025 2010 4109">
    <p class='ocr_par' dir='ltr' id='par_1_42' title="bbox 358 4025 2010 4109">
     <span class='ocr_line' id='line_1_42' title="bbox 358 4025 2010 4109; baseline 0.002 -26"><span class='ocrx_word' id='word_1_302' title='bbox 358 4025 604 4084; x_wconf 89' lang='grc' dir='ltr'>ἀσέϐειαν</span> <span class='ocrx_word' id='word_1_303' title='bbox 651 4030 742 4085; x_wconf 82' lang='grc' dir='ltr'>καὶ</span> <span class='ocrx_word' id='word_1_304' title='bbox 788 4031 856 4086; x_wconf 79' lang='grc' dir='ltr'>τὰ</span> <span class='ocrx_word' id='word_1_305' title='bbox 887 4032 1088 4104; x_wconf 83' lang='grc' dir='ltr'>τεμένη</span> <span class='ocrx_word' id='word_1_306' title='bbox 1121 4031 1310 4102; x_wconf 83' lang='grc' dir='ltr'>αὐτῆς·</span> <span class='ocrx_word' id='word_1_307' title='bbox 1357 4030 1690 4109; x_wconf 87' lang='grc' dir='ltr'>βαλλόμενοι</span> <span class='ocrx_word' id='word_1_308' title='bbox 1738 4033 1842 4106; x_wconf 82' lang='grc' dir='ltr'>γὰρ</span> <span class='ocrx_word' id='word_1_309' title='bbox 1889 4038 2010 4095; x_wconf 86' lang='grc' dir='ltr'>ταῖς</span> 
     </span>
    </p>
   </div>
   <div class='ocr_carea' id='block_1_43' title="bbox 357 4117 2008 4197">
    <p class='ocr_par' dir='ltr' id='par_1_43' title="bbox 357 4117 2008 4197">
     <span class='ocr_line' id='line_1_43' title="bbox 357 4117 2008 4197; baseline 0.001 -23"><span class='ocrx_word' id='word_1_310' title='bbox 357 4117 569 4195; x_wconf 82' lang='grc' dir='ltr'>εὐχαῖς,</span> <span class='ocrx_word' id='word_1_311' title='bbox 638 4117 861 4173; x_wconf 77' lang='grc' dir='ltr'>ἔπιπτον</span> <span class='ocrx_word' id='word_1_312' title='bbox 941 4121 992 4173; x_wconf 72' lang='grc' dir='ltr'>οἱ</span> <span class='ocrx_word' id='word_1_313' title='bbox 1060 4118 1347 4193; x_wconf 90' lang='grc' dir='ltr'>πολέμιοι,</span> <span class='ocrx_word' id='word_1_314' title='bbox 1406 4121 1498 4176; x_wconf 86' lang='grc' dir='ltr'>καὶ</span> <span class='ocrx_word' id='word_1_315' title='bbox 1564 4123 1663 4191; x_wconf 74' lang='grc' dir='ltr'>τὴν</span> <span class='ocrx_word' id='word_1_316' title='bbox 1729 4121 2008 4197; x_wconf 78' lang='grc' dir='ltr'>ἀστραπὴν</span> 
     </span>
    </p>
   </div>
   <div class='ocr_carea' id='block_1_44' title="bbox 357 4206 2010 4287">
    <p class='ocr_par' dir='ltr' id='par_1_44' title="bbox 357 4206 2010 4287">
     <span class='ocr_line' id='line_1_44' title="bbox 357 4206 2010 4287; baseline 0.002 -25"><span class='ocrx_word' id='word_1_317' title='bbox 357 4207 420 4262; x_wconf 85' lang='grc' dir='ltr'>οὑ</span> <span class='ocrx_word' id='word_1_318' title='bbox 490 4206 739 4287; x_wconf 86' lang='grc' dir='ltr'>φέροντες</span> <span class='ocrx_word' id='word_1_319' title='bbox 807 4211 904 4262; x_wconf 87' lang='grc' dir='ltr'>τοῦ</span> <span class='ocrx_word' id='word_1_320' title='bbox 991 4207 1325 4272; x_wconf 86' lang='grc' dir='ltr'>ἐνοικοῦντος</span> <span class='ocrx_word' id='word_1_321' title='bbox 1388 4215 1506 4274; x_wconf 90' lang='grc' dir='ltr'>τοῖς</span> <span class='ocrx_word' id='word_1_322' title='bbox 1575 4211 1843 4284; x_wconf 85' lang='grc' dir='ltr'>μαθηταῖς</span> <span class='ocrx_word' id='word_1_323' title='bbox 1910 4214 2010 4266; x_wconf 89' lang='grc' dir='ltr'>τοῦ</span> 
     </span>
    </p>
   </div>
   <div class='ocr_carea' id='block_1_45' title="bbox 356 4297 2006 4375">
    <p class='ocr_par' dir='ltr' id='par_1_45' title="bbox 356 4297 2006 4375">
     <span class='ocr_line' id='line_1_45' title="bbox 356 4297 2006 4375; baseline -0.001 -21"><span class='ocrx_word' id='word_1_324' title='bbox 356 4297 514 4374; x_wconf 89' lang='grc' dir='ltr'>ἀγίου</span> <span class='ocrx_word' id='word_1_325' title='bbox 562 4297 873 4372; x_wconf 87' lang='grc' dir='ltr'>Πνεύματος</span> <span class='ocrx_word' id='word_1_326' title='bbox 922 4298 1375 4375; x_wconf 88' lang='grc' dir='ltr'>συνεταράσσοντο</span> <span class='ocrx_word' id='word_1_327' title='bbox 1422 4299 1513 4354; x_wconf 89' lang='grc' dir='ltr'>καὶ</span> <span class='ocrx_word' id='word_1_328' title='bbox 1569 4299 1646 4363; x_wconf 82' lang='grc' dir='ltr'>εἰς</span> <span class='ocrx_word' id='word_1_329' title='bbox 1696 4298 2006 4373; x_wconf 84' lang='grc' dir='ltr'>ἀμηχανίαν</span> 
     </span>
    </p>
   </div>
   <div class='ocr_carea' id='block_1_46' title="bbox 354 4387 694 4445">
    <p class='ocr_par' dir='ltr' id='par_1_46' title="bbox 354 4387 694 4445">
     <span class='ocr_line' id='line_1_46' title="bbox 354 4387 694 4445; baseline 0 -2"><span class='ocrx_word' id='word_1_330' title='bbox 354 4387 694 4445; x_wconf 87' lang='grc' dir='ltr'>καθίσταντο.</span> 
     </span>
    </p>
   </div>
   <div class='ocr_carea' id='block_1_47' title="bbox 431 4484 2008 4574">
    <p class='ocr_par' dir='ltr' id='par_1_47' title="bbox 431 4484 2008 4574">
     <span class='ocr_line' id='line_1_47' title="bbox 431 4484 2008 4574; baseline -0.001 -26"><span class='ocrx_word' id='word_1_331' title='bbox 431 4517 461 4549; x_wconf 89' lang='grc'>‹‹</span> <span class='ocrx_word' id='word_1_332' title='bbox 488 4494 597 4552; x_wconf 89' lang='grc' dir='ltr'>Καὶ</span> <span class='ocrx_word' id='word_1_333' title='bbox 629 4491 884 4574; x_wconf 84' lang='grc' dir='ltr'>ὤφθησαν</span> <span class='ocrx_word' id='word_1_334' title='bbox 913 4493 968 4550; x_wconf 76' lang='grc' dir='ltr'>αἱ</span> <span class='ocrx_word' id='word_1_335' title='bbox 999 4492 1177 4569; x_wconf 83' lang='grc' dir='ltr'>πηγαὶ</span> <span class='ocrx_word' id='word_1_336' title='bbox 1222 4496 1329 4548; x_wconf 88' lang='grc' dir='ltr'>τῶν</span> <span class='ocrx_word' id='word_1_337' title='bbox 1380 4489 1609 4550; x_wconf 89' lang='grc' dir='ltr'>ὑδάτων.</span> <span class='ocrx_word' id='word_1_338' title='bbox 1642 4516 1673 4546; x_wconf 83' lang='grc'><strong>›)</strong></span> <span class='ocrx_word' id='word_1_339' title='bbox 1704 4524 1776 4535; x_wconf 90' lang='grc'><strong><em>-</em></strong></span> <span class='ocrx_word' id='word_1_340' title='bbox 1825 4484 2008 4568; x_wconf 77' lang='grc' dir='ltr'>Πηγαὶ</span> 
     </span>
    </p>
   </div>
   <div class='ocr_carea' id='block_1_48' title="bbox 355 4578 2010 4656">
    <p class='ocr_par' dir='ltr' id='par_1_48' title="bbox 355 4578 2010 4656">
     <span class='ocr_line' id='line_1_48' title="bbox 355 4578 2010 4656; baseline -0.002 -17"><span class='ocrx_word' id='word_1_341' title='bbox 355 4587 464 4639; x_wconf 87' lang='grc' dir='ltr'>τῶν</span> <span class='ocrx_word' id='word_1_342' title='bbox 498 4582 706 4640; x_wconf 83' lang='grc' dir='ltr'>ὑδάτων</span> <span class='ocrx_word' id='word_1_343' title='bbox 769 4584 923 4649; x_wconf 75' lang='grc' dir='ltr'>αὖθις</span> <span class='ocrx_word' id='word_1_344' title='bbox 971 4584 1023 4638; x_wconf 72' lang='grc' dir='ltr'>οἱ</span> <span class='ocrx_word' id='word_1_345' title='bbox 1073 4580 1392 4652; x_wconf 85' lang='grc' dir='ltr'>ἀπόστολοι,</span> <span class='ocrx_word' id='word_1_346' title='bbox 1423 4585 1633 4656; x_wconf 83' lang='grc' dir='ltr'>πρῶτοι</span> <span class='ocrx_word' id='word_1_347' title='bbox 1691 4578 2010 4637; x_wconf 87' lang='grc' dir='ltr'>διδάσκαλοι</span> 
     </span>
    </p>
   </div>
   <div class='ocr_carea' id='block_1_49' title="bbox 2121 662 2419 740">
    <p class='ocr_par' dir='ltr' id='par_1_49' title="bbox 2121 662 2419 740">
     <span class='ocr_line' id='line_1_49' title="bbox 2121 662 2419 740; baseline 0.017 -20"><span class='ocrx_word' id='word_1_348' title='bbox 2121 662 2419 740; x_wconf 80' lang='grc' dir='ltr'>δαιμόνων.</span> 
     </span>
    </p>
   </div>
   <div class='ocr_carea' id='block_1_50' title="bbox 2191 756 3767 836">
    <p class='ocr_par' dir='ltr' id='par_1_50' title="bbox 2191 756 3767 836">
     <span class='ocr_line' id='line_1_50' title="bbox 2191 756 3767 836; baseline 0.004 -29"><span class='ocrx_word' id='word_1_349' title='bbox 2191 756 2390 811; x_wconf 82' lang='grc' dir='ltr'>«Ἀπὸ</span> <span class='ocrx_word' id='word_1_350' title='bbox 2438 756 2783 831; x_wconf 89' lang='grc' dir='ltr'>ἐμπνεύσεως</span> <span class='ocrx_word' id='word_1_351' title='bbox 2840 756 3148 833; x_wconf 88' lang='grc' dir='ltr'>πνεύματος</span> <span class='ocrx_word' id='word_1_352' title='bbox 3211 757 3386 836; x_wconf 81' lang='grc' dir='ltr'>ὀργῆς</span> <span class='ocrx_word' id='word_1_353' title='bbox 3456 781 3575 818; x_wconf 90' lang='grc' dir='ltr'>σου.</span> <span class='ocrx_word' id='word_1_354' title='bbox 3627 783 3659 814; x_wconf 86' lang='lat'><strong>»</strong></span> <span class='ocrx_word' id='word_1_355' title='bbox 3694 792 3767 805; x_wconf 78' lang='grc' dir='ltr'>-ο</span> 
     </span>
    </p>
   </div>
   <div class='ocr_carea' id='block_1_51' title="bbox 2118 841 3768 922">
    <p class='ocr_par' dir='ltr' id='par_1_51' title="bbox 2118 841 3768 922">
     <span class='ocr_line' id='line_1_51' title="bbox 2118 841 3768 922; baseline 0.005 -24"><span class='ocrx_word' id='word_1_356' title='bbox 2118 842 2256 916; x_wconf 87' lang='grc' dir='ltr'>Πυρὶ</span> <span class='ocrx_word' id='word_1_357' title='bbox 2333 841 2502 899; x_wconf 78' lang='grc' dir='ltr'>ἔοικεν</span> <span class='ocrx_word' id='word_1_358' title='bbox 2555 847 2591 914; x_wconf 79' lang='grc' dir='ltr'>ἡ</span> <span class='ocrx_word' id='word_1_359' title='bbox 2655 844 2815 922; x_wconf 81' lang='grc' dir='ltr'>ὀργὴ,</span> <span class='ocrx_word' id='word_1_360' title='bbox 2873 844 2962 901; x_wconf 89' lang='grc' dir='ltr'><strong>καί</strong></span> <span class='ocrx_word' id='word_1_361' title='bbox 3040 844 3378 921; x_wconf 85' lang='grc' dir='ltr'>ἐζαπτομένη</span> <span class='ocrx_word' id='word_1_362' title='bbox 3458 845 3768 906; x_wconf 85' lang='grc' dir='ltr'>ἀναδίδοται</span> 
     </span>
    </p>
   </div>
   <div class='ocr_carea' id='block_1_52' title="bbox 2117 929 3772 1012">
    <p class='ocr_par' dir='ltr' id='par_1_52' title="bbox 2117 929 3772 1012">
     <span class='ocr_line' id='line_1_52' title="bbox 2117 929 3772 1012; baseline 0.005 -27"><span class='ocrx_word' id='word_1_363' title='bbox 2117 929 2409 1004; x_wconf 86' lang='grc' dir='ltr'>καπνώδης</span> <span class='ocrx_word' id='word_1_364' title='bbox 2464 933 2659 1007; x_wconf 89' lang='grc' dir='ltr'>ἀτμὸς,</span> <span class='ocrx_word' id='word_1_365' title='bbox 2697 936 2787 990; x_wconf 87' lang='grc' dir='ltr'>καὶ</span> <span class='ocrx_word' id='word_1_366' title='bbox 2846 932 2935 990; x_wconf 80' lang='grc' dir='ltr'>διὰ</span> <span class='ocrx_word' id='word_1_367' title='bbox 2974 939 3083 991; x_wconf 89' lang='grc' dir='ltr'>τῶν</span> <span class='ocrx_word' id='word_1_368' title='bbox 3132 938 3423 1012; x_wconf 86' lang='grc' dir='ltr'>μυκτήρων</span> <span class='ocrx_word' id='word_1_369' title='bbox 3488 936 3772 1007; x_wconf 80' lang='grc' dir='ltr'>ἐμπνεῖται</span> 
     </span>
    </p>
   </div>
   <div class='ocr_carea' id='block_1_53' title="bbox 2118 1019 3772 1100">
    <p class='ocr_par' dir='ltr' id='par_1_53' title="bbox 2118 1019 3772 1100">
     <span class='ocr_line' id='line_1_53' title="bbox 2118 1019 3772 1100; baseline 0.005 -26"><span class='ocrx_word' id='word_1_370' title='bbox 2118 1019 2198 1093; x_wconf 82' lang='grc' dir='ltr'>τῷ</span> <span class='ocrx_word' id='word_1_371' title='bbox 2228 1021 2365 1097; x_wconf 86' lang='grc' dir='ltr'>ἀέρι·</span> <span class='ocrx_word' id='word_1_372' title='bbox 2403 1019 2486 1078; x_wconf 83' lang='grc' dir='ltr'>διὸ</span> <span class='ocrx_word' id='word_1_373' title='bbox 2524 1023 2613 1078; x_wconf 86' lang='grc' dir='ltr'>καὶ</span> <span class='ocrx_word' id='word_1_374' title='bbox 2662 1022 2945 1097; x_wconf 84' lang='grc' dir='ltr'>πνεύματα</span> <span class='ocrx_word' id='word_1_375' title='bbox 2994 1022 3167 1100; x_wconf 79' lang='grc' dir='ltr'>ὀργῆς</span> <span class='ocrx_word' id='word_1_376' title='bbox 3205 1022 3478 1100; x_wconf 89' lang='grc' dir='ltr'>λέγονται,</span> <span class='ocrx_word' id='word_1_377' title='bbox 3507 1027 3599 1081; x_wconf 86' lang='grc' dir='ltr'>καὶ</span> <span class='ocrx_word' id='word_1_378' title='bbox 3644 1027 3772 1090; x_wconf 80' lang='grc' dir='ltr'>τοὺς</span> 
     </span>
    </p>
   </div>
   <div class='ocr_carea' id='block_1_54' title="bbox 2123 1099 3779 1182">
    <p class='ocr_par' dir='ltr' id='par_1_54' title="bbox 2123 1099 3779 1182">
     <span class='ocr_line' id='line_1_54' title="bbox 2123 1099 3779 1182; baseline 0.005 -28"><span class='ocrx_word' id='word_1_379' title='bbox 2123 1099 2518 1178; x_wconf 83' lang='grc' dir='ltr'>ὀργιζομένους</span> <span class='ocrx_word' id='word_1_380' title='bbox 2549 1105 2677 1180; x_wconf 78' lang='grc' dir='ltr'>ἄγαν</span> <span class='ocrx_word' id='word_1_381' title='bbox 2712 1105 2889 1178; x_wconf 86' lang='grc' dir='ltr'>θυμοῦ</span> <span class='ocrx_word' id='word_1_382' title='bbox 2917 1099 3095 1160; x_wconf 83' lang='grc' dir='ltr'>πνέειν</span> <span class='ocrx_word' id='word_1_383' title='bbox 3129 1099 3326 1182; x_wconf 82' lang='grc' dir='ltr'>φαμέν.</span> <span class='ocrx_word' id='word_1_384' title='bbox 3361 1107 3460 1161; x_wconf 79' lang='grc' dir='ltr'>Διὰ</span> <span class='ocrx_word' id='word_1_385' title='bbox 3504 1110 3664 1162; x_wconf 88' lang='grc' dir='ltr'>τοῦτο</span> <span class='ocrx_word' id='word_1_386' title='bbox 3718 1104 3779 1163; x_wconf 73' lang='grc' dir='ltr'>δὲ</span> 
     </span>
    </p>
   </div>
   <div class='ocr_carea' id='block_1_55' title="bbox 2121 1190 3779 1273">
    <p class='ocr_par' dir='ltr' id='par_1_55' title="bbox 2121 1190 3779 1273">
     <span class='ocr_line' id='line_1_55' title="bbox 2121 1190 3779 1273; baseline 0.004 -28"><span class='ocrx_word' id='word_1_387' title='bbox 2121 1190 2221 1259; x_wconf 81' lang='grc' dir='ltr'>τήν</span> <span class='ocrx_word' id='word_1_388' title='bbox 2253 1190 2467 1262; x_wconf 86' lang='grc' dir='ltr'>κίνησιν</span> <span class='ocrx_word' id='word_1_389' title='bbox 2498 1199 2598 1263; x_wconf 84' lang='grc' dir='ltr'>τῆς</span> <span class='ocrx_word' id='word_1_390' title='bbox 2647 1193 2819 1270; x_wconf 78' lang='grc' dir='ltr'>ὀργῆς</span> <span class='ocrx_word' id='word_1_391' title='bbox 2850 1192 3092 1268; x_wconf 75' lang='grc' dir='ltr'>ᾐνίξατο,</span> <span class='ocrx_word' id='word_1_392' title='bbox 3134 1194 3605 1273; x_wconf 85' lang='grc' dir='ltr'>ἀνθρωποπρετῶς</span> <span class='ocrx_word' id='word_1_393' title='bbox 3654 1195 3779 1271; x_wconf 84' lang='grc' dir='ltr'>περὶ</span> 
     </span>
    </p>
   </div>
   <div class='ocr_carea' id='block_1_56' title="bbox 2122 1280 3781 1362">
    <p class='ocr_par' dir='ltr' id='par_1_56' title="bbox 2122 1280 3781 1362">
     <span class='ocr_line' id='line_1_56' title="bbox 2122 1280 3781 1362; baseline 0.004 -27"><span class='ocrx_word' id='word_1_394' title='bbox 2122 1280 2291 1350; x_wconf 82' lang='grc' dir='ltr'>αὐτῆς</span> <span class='ocrx_word' id='word_1_395' title='bbox 2342 1281 2598 1355; x_wconf 71' lang='grc' dir='ltr'>εἴρηκώς.</span> <span class='ocrx_word' id='word_1_396' title='bbox 2648 1283 2743 1346; x_wconf 83' lang='grc' dir='ltr'>Εἷς</span> <span class='ocrx_word' id='word_1_397' title='bbox 2791 1287 3071 1356; x_wconf 85' lang='grc' dir='ltr'>τοσοῦτον,</span> <span class='ocrx_word' id='word_1_398' title='bbox 3122 1283 3310 1362; x_wconf 87' lang='grc' dir='ltr'>φησὶν,</span> <span class='ocrx_word' id='word_1_399' title='bbox 3361 1283 3652 1361; x_wconf 87' lang='grc' dir='ltr'>ὠργίσθης,</span> <span class='ocrx_word' id='word_1_400' title='bbox 3703 1284 3781 1348; x_wconf 80' lang='grc' dir='ltr'>ὡς</span> 
     </span>
    </p>
   </div>
   <div class='ocr_carea' id='block_1_57' title="bbox 2123 1365 3779 1451">
    <p class='ocr_par' dir='ltr' id='par_1_57' title="bbox 2123 1365 3779 1451">
     <span class='ocr_line' id='line_1_57' title="bbox 2123 1365 3779 1451; baseline 0.005 -28"><span class='ocrx_word' id='word_1_401' title='bbox 2123 1365 2413 1441; x_wconf 77' lang='grc' dir='ltr'>ἕμπνευσιν</span> <span class='ocrx_word' id='word_1_402' title='bbox 2443 1371 2752 1446; x_wconf 89' lang='grc' dir='ltr'>πνεύματος</span> <span class='ocrx_word' id='word_1_403' title='bbox 2785 1372 2956 1449; x_wconf 81' lang='grc' dir='ltr'>ὀργῆς</span> <span class='ocrx_word' id='word_1_404' title='bbox 2987 1377 3068 1446; x_wconf 81' lang='grc' dir='ltr'>τῷ</span> <span class='ocrx_word' id='word_1_405' title='bbox 3111 1371 3229 1450; x_wconf 84' lang='grc' dir='ltr'>ἀέρι</span> <span class='ocrx_word' id='word_1_406' title='bbox 3273 1372 3537 1451; x_wconf 81' lang='grc' dir='ltr'>γενέσθαι,</span> <span class='ocrx_word' id='word_1_407' title='bbox 3570 1370 3779 1431; x_wconf 84' lang='grc' dir='ltr'>διασκε-</span> 
     </span>
    </p>
   </div>
   <div class='ocr_carea' id='block_1_58' title="bbox 2125 1455 2834 1538">
    <p class='ocr_par' dir='ltr' id='par_1_58' title="bbox 2125 1455 2834 1538">
     <span class='ocr_line' id='line_1_58' title="bbox 2125 1455 2834 1538; baseline 0.01 -26"><span class='ocrx_word' id='word_1_408' title='bbox 2125 1455 2386 1528; x_wconf 86' lang='grc' dir='ltr'>δάζουσαν</span> <span class='ocrx_word' id='word_1_409' title='bbox 2418 1459 2545 1523; x_wconf 82' lang='grc' dir='ltr'>τοὺς</span> <span class='ocrx_word' id='word_1_410' title='bbox 2576 1460 2808 1538; x_wconf 88' lang='grc' dir='ltr'>ἐχθρούς</span> <span class='ocrx_word' id='word_1_411' title='bbox 2823 1504 2834 1520; x_wconf 97' lang='grc'>.</span> 
     </span>
    </p>
   </div>
   <div class='ocr_carea' id='block_1_59' title="bbox 2197 1548 3783 1626">
    <p class='ocr_par' dir='ltr' id='par_1_59' title="bbox 2197 1548 3783 1626">
     <span class='ocr_line' id='line_1_59' title="bbox 2197 1548 3783 1626; baseline 0.007 -27"><span class='ocrx_word' id='word_1_412' title='bbox 2197 1571 2225 1600; x_wconf 91' lang='grc'>‹‹</span> <span class='ocrx_word' id='word_1_413' title='bbox 2257 1548 2657 1619; x_wconf 86' lang='grc' dir='ltr'>Ἐξαπέστειλεν</span> <span class='ocrx_word' id='word_1_414' title='bbox 2710 1550 2762 1623; x_wconf 85' lang='grc' dir='ltr'>ἐξ</span> <span class='ocrx_word' id='word_1_415' title='bbox 2807 1550 2980 1626; x_wconf 73' lang='grc' dir='ltr'>ὕψους</span> <span class='ocrx_word' id='word_1_416' title='bbox 3026 1550 3118 1606; x_wconf 82' lang='grc' dir='ltr'>καὶ</span> <span class='ocrx_word' id='word_1_417' title='bbox 3167 1548 3330 1608; x_wconf 85' lang='grc' dir='ltr'>ἔλαοέ</span> <span class='ocrx_word' id='word_1_418' title='bbox 3380 1572 3468 1625; x_wconf 88' lang='grc' dir='ltr'>με.</span> <span class='ocrx_word' id='word_1_419' title='bbox 3514 1575 3536 1604; x_wconf 75' lang='grc' dir='ltr'>ιι</span> <span class='ocrx_word' id='word_1_420' title='bbox 3586 1583 3657 1597; x_wconf 77' lang='grc' dir='ltr'>-ο</span> <span class='ocrx_word' id='word_1_421' title='bbox 3705 1554 3783 1610; x_wconf 79' lang='grc' dir='ltr'>Τὰ</span> 
     </span>
    </p>
   </div>
   <div class='ocr_carea' id='block_1_60' title="bbox 2126 1635 3779 1720">
    <p class='ocr_par' dir='ltr' id='par_1_60' title="bbox 2126 1635 3779 1720">
     <span class='ocr_line' id='line_1_60' title="bbox 2126 1635 3779 1720; baseline 0.004 -29"><span class='ocrx_word' id='word_1_422' title='bbox 2126 1635 2352 1702; x_wconf 88' lang='grc' dir='ltr'>ἐνταῦθα</span> <span class='ocrx_word' id='word_1_423' title='bbox 2380 1640 2507 1716; x_wconf 85' lang='grc' dir='ltr'>περὶ</span> <span class='ocrx_word' id='word_1_424' title='bbox 2538 1640 2730 1696; x_wconf 73' lang='grc' dir='ltr'>ἑαυτοῦ</span> <span class='ocrx_word' id='word_1_425' title='bbox 2760 1660 2921 1719; x_wconf 86' lang='grc' dir='ltr'>φησιν</span> <span class='ocrx_word' id='word_1_426' title='bbox 2950 1641 2978 1695; x_wconf 89' lang='grc' dir='ltr'>ὁ</span> <span class='ocrx_word' id='word_1_427' title='bbox 3008 1642 3318 1720; x_wconf 79' lang='grc' dir='ltr'>προφήτης,</span> <span class='ocrx_word' id='word_1_428' title='bbox 3350 1640 3428 1705; x_wconf 80' lang='grc' dir='ltr'>εἷς</span> <span class='ocrx_word' id='word_1_429' title='bbox 3456 1640 3549 1697; x_wconf 92' lang='grc' dir='ltr'>τὸν</span> <span class='ocrx_word' id='word_1_430' title='bbox 3591 1641 3779 1719; x_wconf 71' lang='grc' dir='ltr'>εἷρμὸν</span> 
     </span>
    </p>
   </div>
   <div class='ocr_carea' id='block_1_61' title="bbox 2126 1724 3780 1808">
    <p class='ocr_par' dir='ltr' id='par_1_61' title="bbox 2126 1724 3780 1808">
     <span class='ocr_line' id='line_1_61' title="bbox 2126 1724 3780 1808; baseline 0.006 -28"><span class='ocrx_word' id='word_1_431' title='bbox 2126 1724 2519 1804; x_wconf 86' lang='grc' dir='ltr'>έπαναδραμὼν</span> <span class='ocrx_word' id='word_1_432' title='bbox 2548 1733 2647 1784; x_wconf 86' lang='grc' dir='ltr'>τοῦ</span> <span class='ocrx_word' id='word_1_433' title='bbox 2679 1729 2871 1805; x_wconf 91' lang='grc' dir='ltr'>λόγου.</span> <span class='ocrx_word' id='word_1_434' title='bbox 2903 1728 3280 1802; x_wconf 86' lang='grc' dir='ltr'>Ἐξαπέστειλε</span> <span class='ocrx_word' id='word_1_435' title='bbox 3304 1729 3429 1808; x_wconf 81' lang='grc' dir='ltr'>γὰρ,</span> <span class='ocrx_word' id='word_1_436' title='bbox 3480 1730 3617 1805; x_wconf 83' lang='grc' dir='ltr'>εἶπε,</span> <span class='ocrx_word' id='word_1_437' title='bbox 3649 1732 3780 1796; x_wconf 85' lang='grc' dir='ltr'>Θεὸς</span> 
     </span>
    </p>
   </div>
   <div class='ocr_carea' id='block_1_62' title="bbox 2130 1815 2940 1896">
    <p class='ocr_par' dir='ltr' id='par_1_62' title="bbox 2130 1815 2940 1896">
     <span class='ocr_line' id='line_1_62' title="bbox 2130 1815 2940 1896; baseline 0.007 -26"><span class='ocrx_word' id='word_1_438' title='bbox 2130 1815 2406 1892; x_wconf 72' lang='grc' dir='ltr'>βοήθειαν,</span> <span class='ocrx_word' id='word_1_439' title='bbox 2438 1817 2528 1873; x_wconf 83' lang='grc' dir='ltr'>καὶ</span> <span class='ocrx_word' id='word_1_440' title='bbox 2561 1817 2820 1896; x_wconf 80' lang='grc' dir='ltr'>ἐῤῥύσατό</span> <span class='ocrx_word' id='word_1_441' title='bbox 2854 1840 2940 1893; x_wconf 87' lang='grc' dir='ltr'>με.</span> 
     </span>
    </p>
   </div>
   <div class='ocr_carea' id='block_1_63' title="bbox 2200 1918 3780 1999">
    <p class='ocr_par' dir='ltr' id='par_1_63' title="bbox 2200 1918 3780 1999">
     <span class='ocr_line' id='line_1_63' title="bbox 2200 1918 3780 1999; baseline 0.006 -24"><span class='ocrx_word' id='word_1_442' title='bbox 2200 1943 2231 1973; x_wconf 90' lang='grc'>‹‹</span> <span class='ocrx_word' id='word_1_443' title='bbox 2259 1918 2637 1998; x_wconf 87' lang='grc' dir='ltr'>Προσελάϐετό</span> <span class='ocrx_word' id='word_1_444' title='bbox 2671 1944 2739 1999; x_wconf 84' lang='grc' dir='ltr'>με</span> <span class='ocrx_word' id='word_1_445' title='bbox 2768 1924 2820 1997; x_wconf 87' lang='grc' dir='ltr'>ἐξ</span> <span class='ocrx_word' id='word_1_446' title='bbox 2852 1921 3058 1981; x_wconf 83' lang='grc' dir='ltr'>ὑδάτων</span> <span class='ocrx_word' id='word_1_447' title='bbox 3087 1924 3337 1984; x_wconf 89' lang='grc' dir='ltr'>πολλῶν.</span> <span class='ocrx_word' id='word_1_448' title='bbox 3360 1948 3389 1979; x_wconf 85' lang='grc'><strong>››</strong></span> <span class='ocrx_word' id='word_1_449' title='bbox 3412 1959 3484 1972; x_wconf 90' lang='grc'><strong>-</strong></span> <span class='ocrx_word' id='word_1_450' title='bbox 3509 1927 3584 1982; x_wconf 72' lang='lat' dir='ltr'>Tal</span> <span class='ocrx_word' id='word_1_451' title='bbox 3607 1924 3780 1985; x_wconf 74' lang='grc' dir='ltr'>ὕδατα</span> 
     </span>
    </p>
   </div>
   <div class='ocr_carea' id='block_1_64' title="bbox 2123 2011 3781 2094">
    <p class='ocr_par' dir='ltr' id='par_1_64' title="bbox 2123 2011 3781 2094">
     <span class='ocr_line' id='line_1_64' title="bbox 2123 2011 3781 2094; baseline 0.004 -29"><span class='ocrx_word' id='word_1_452' title='bbox 2123 2011 2271 2085; x_wconf 87' lang='grc' dir='ltr'>παρά</span> <span class='ocrx_word' id='word_1_453' title='bbox 2322 2016 2393 2087; x_wconf 79' lang='grc' dir='ltr'>τῇ</span> <span class='ocrx_word' id='word_1_454' title='bbox 2446 2012 2564 2085; x_wconf 82' lang='grc' dir='ltr'>θείᾳ</span> <span class='ocrx_word' id='word_1_455' title='bbox 2632 2017 2820 2093; x_wconf 79' lang='grc' dir='ltr'>Γραφῇ</span> <span class='ocrx_word' id='word_1_456' title='bbox 2888 2015 3023 2070; x_wconf 76' lang='grc' dir='ltr'>ποτὲ</span> <span class='ocrx_word' id='word_1_457' title='bbox 3077 2015 3171 2089; x_wconf 71' lang='grc' dir='ltr'>μὶν</span> <span class='ocrx_word' id='word_1_458' title='bbox 3236 2013 3315 2078; x_wconf 82' lang='grc' dir='ltr'>εἷς</span> <span class='ocrx_word' id='word_1_459' title='bbox 3379 2015 3638 2094; x_wconf 86' lang='grc' dir='ltr'>κάθαρσιν</span> <span class='ocrx_word' id='word_1_460' title='bbox 3687 2016 3781 2073; x_wconf 82' lang='grc' dir='ltr'>καὶ</span> 
     </span>
    </p>
   </div>
   <div class='ocr_carea' id='block_1_65' title="bbox 2122 2096 3776 2181">
    <p class='ocr_par' dir='ltr' id='par_1_65' title="bbox 2122 2096 3776 2181">
     <span class='ocr_line' id='line_1_65' title="bbox 2122 2096 3776 2181; baseline 0.005 -28"><span class='ocrx_word' id='word_1_461' title='bbox 2122 2098 2405 2176; x_wconf 78' lang='grc' dir='ltr'>ἀναψυχὴν</span> <span class='ocrx_word' id='word_1_462' title='bbox 2468 2096 2864 2177; x_wconf 88' lang='grc' dir='ltr'>λαμϐάνονται,</span> <span class='ocrx_word' id='word_1_463' title='bbox 2918 2101 3160 2181; x_wconf 83' lang='grc' dir='ltr'>καθάπερ</span> <span class='ocrx_word' id='word_1_464' title='bbox 3218 2104 3343 2160; x_wconf 74' lang='grc' dir='ltr'>ὅταν</span> <span class='ocrx_word' id='word_1_465' title='bbox 3404 2102 3573 2161; x_wconf 75' lang='grc' dir='ltr'>ὕδατα</span> <span class='ocrx_word' id='word_1_466' title='bbox 3644 2108 3776 2179; x_wconf 77' lang='grc' dir='ltr'>νοή-</span> 
     </span>
    </p>
   </div>
   <div class='ocr_carea' id='block_1_66' title="bbox 2123 2188 3776 2270">
    <p class='ocr_par' dir='ltr' id='par_1_66' title="bbox 2123 2188 3776 2270">
     <span class='ocr_line' id='line_1_66' title="bbox 2123 2188 3776 2270; baseline 0.005 -28"><span class='ocrx_word' id='word_1_467' title='bbox 2123 2209 2302 2262; x_wconf 88' lang='grc' dir='ltr'>σωμεν</span> <span class='ocrx_word' id='word_1_468' title='bbox 2362 2190 2461 2258; x_wconf 82' lang='grc' dir='ltr'>τήν</span> <span class='ocrx_word' id='word_1_469' title='bbox 2514 2188 2888 2263; x_wconf 87' lang='grc' dir='ltr'>διδασκαλίαν,</span> <span class='ocrx_word' id='word_1_470' title='bbox 2936 2193 3071 2248; x_wconf 64' lang='grc' dir='ltr'>ποτε</span> <span class='ocrx_word' id='word_1_471' title='bbox 3124 2191 3181 2248; x_wconf 72' lang='grc' dir='ltr'>δὲ</span> <span class='ocrx_word' id='word_1_472' title='bbox 3223 2193 3308 2257; x_wconf 80' lang='grc' dir='ltr'>είς</span> <span class='ocrx_word' id='word_1_473' title='bbox 3341 2196 3776 2270; x_wconf 88' lang='grc' dir='ltr'>καταποντισμὸν</span> 
     </span>
    </p>
   </div>
   <div class='ocr_carea' id='block_1_67' title="bbox 2121 2272 3774 2363">
    <p class='ocr_par' dir='ltr' id='par_1_67' title="bbox 2121 2272 3774 2363">
     <span class='ocr_line' id='line_1_67' title="bbox 2121 2272 3774 2363; baseline 0.007 -32"><span class='ocrx_word' id='word_1_474' title='bbox 2121 2277 2213 2333; x_wconf 85' lang='grc' dir='ltr'>καὶ</span> <span class='ocrx_word' id='word_1_475' title='bbox 2274 2272 2519 2357; x_wconf 75' lang='grc' dir='ltr'>ὄλεθρον,</span> <span class='ocrx_word' id='word_1_476' title='bbox 2568 2280 2643 2344; x_wconf 86' lang='grc' dir='ltr'>ὡς</span> <span class='ocrx_word' id='word_1_477' title='bbox 2693 2280 2781 2337; x_wconf 81' lang='grc' dir='ltr'>ἐπὶ</span> <span class='ocrx_word' id='word_1_478' title='bbox 2827 2286 2926 2338; x_wconf 90' lang='grc' dir='ltr'>τοῦ</span> <span class='ocrx_word' id='word_1_479' title='bbox 2971 2282 3263 2360; x_wconf 86' lang='grc' dir='ltr'>παρόντος.</span> <span class='ocrx_word' id='word_1_480' title='bbox 3310 2283 3543 2357; x_wconf 79' lang='grc' dir='ltr'>Τοιαύτη</span> <span class='ocrx_word' id='word_1_481' title='bbox 3592 2284 3694 2363; x_wconf 82' lang='grc' dir='ltr'>γὰρ</span> <span class='ocrx_word' id='word_1_482' title='bbox 3737 2288 3774 2356; x_wconf 82' lang='grc' dir='ltr'><strong>ἡ</strong></span> 
     </span>
    </p>
   </div>
   <div class='ocr_carea' id='block_1_68' title="bbox 2120 2365 3780 2448">
    <p class='ocr_par' dir='ltr' id='par_1_68' title="bbox 2120 2365 3780 2448">
     <span class='ocr_line' id='line_1_68' title="bbox 2120 2365 3780 2448; baseline 0.004 -25"><span class='ocrx_word' id='word_1_483' title='bbox 2120 2371 2231 2423; x_wconf 89' lang='grc' dir='ltr'>τῶν</span> <span class='ocrx_word' id='word_1_484' title='bbox 2262 2365 2468 2424; x_wconf 87' lang='grc' dir='ltr'>ὑδάτων</span> <span class='ocrx_word' id='word_1_485' title='bbox 2501 2369 2658 2448; x_wconf 80' lang='grc' dir='ltr'>φύσις</span> <span class='ocrx_word' id='word_1_486' title='bbox 2697 2371 2760 2426; x_wconf 92' lang='grc' dir='ltr'>τὸ</span> <span class='ocrx_word' id='word_1_487' title='bbox 2803 2372 2897 2445; x_wconf 74' lang='grc' dir='ltr'>μὶν</span> <span class='ocrx_word' id='word_1_488' title='bbox 2945 2371 3299 2448; x_wconf 87' lang='grc' dir='ltr'>καθαίρουσα,</span> <span class='ocrx_word' id='word_1_489' title='bbox 3328 2372 3392 2428; x_wconf 93' lang='grc' dir='ltr'>τὸ</span> <span class='ocrx_word' id='word_1_490' title='bbox 3440 2369 3499 2428; x_wconf 76' lang='grc' dir='ltr'>δὲ</span> <span class='ocrx_word' id='word_1_491' title='bbox 3547 2373 3780 2430; x_wconf 90' lang='grc' dir='ltr'>ἀποπνί-</span> 
     </span>
    </p>
   </div>
   <div class='ocr_carea' id='block_1_69' title="bbox 2122 2457 3776 2540">
    <p class='ocr_par' dir='ltr' id='par_1_69' title="bbox 2122 2457 3776 2540">
     <span class='ocr_line' id='line_1_69' title="bbox 2122 2457 3776 2540; baseline 0.005 -29"><span class='ocrx_word' id='word_1_492' title='bbox 2122 2477 2312 2532; x_wconf 89' lang='grc' dir='ltr'>γουσα,</span> <span class='ocrx_word' id='word_1_493' title='bbox 2345 2457 2433 2513; x_wconf 86' lang='grc' dir='ltr'>καὶ</span> <span class='ocrx_word' id='word_1_494' title='bbox 2484 2457 2701 2534; x_wconf 80' lang='grc' dir='ltr'>μᾶλλον</span> <span class='ocrx_word' id='word_1_495' title='bbox 2757 2458 2882 2516; x_wconf 76' lang='grc' dir='ltr'>ὅταν</span> <span class='ocrx_word' id='word_1_496' title='bbox 2934 2458 3016 2531; x_wconf 63' lang='grc' dir='ltr'>εἷίη</span> <span class='ocrx_word' id='word_1_497' title='bbox 3066 2459 3255 2517; x_wconf 81' lang='grc' dir='ltr'>πολλὰ</span> <span class='ocrx_word' id='word_1_498' title='bbox 3298 2461 3390 2517; x_wconf 82' lang='grc' dir='ltr'>καὶ</span> <span class='ocrx_word' id='word_1_499' title='bbox 3442 2462 3624 2539; x_wconf 88' lang='grc' dir='ltr'>βαθέα.</span> <span class='ocrx_word' id='word_1_500' title='bbox 3658 2463 3776 2540; x_wconf 84' lang='grc' dir='ltr'>Χρὴ</span> 
     </span>
    </p>
   </div>
   <div class='ocr_carea' id='block_1_70' title="bbox 2121 2544 3779 2627">
    <p class='ocr_par' dir='ltr' id='par_1_70' title="bbox 2121 2544 3779 2627">
     <span class='ocr_line' id='line_1_70' title="bbox 2121 2544 3779 2627; baseline 0.004 -25"><span class='ocrx_word' id='word_1_501' title='bbox 2121 2544 2303 2603; x_wconf 86' lang='grc' dir='ltr'>τοίνυν</span> <span class='ocrx_word' id='word_1_502' title='bbox 2362 2545 2531 2603; x_wconf 80' lang='grc' dir='ltr'>ὕδατα</span> <span class='ocrx_word' id='word_1_503' title='bbox 2583 2547 2769 2605; x_wconf 84' lang='grc' dir='ltr'>πολλὰ</span> <span class='ocrx_word' id='word_1_504' title='bbox 2814 2548 3057 2623; x_wconf 84' lang='grc' dir='ltr'>νομίζειν</span> <span class='ocrx_word' id='word_1_505' title='bbox 3100 2550 3162 2604; x_wconf 91' lang='grc' dir='ltr'>τὸ</span> <span class='ocrx_word' id='word_1_506' title='bbox 3209 2548 3423 2621; x_wconf 88' lang='grc' dir='ltr'>πλῆθος</span> <span class='ocrx_word' id='word_1_507' title='bbox 3480 2555 3588 2607; x_wconf 91' lang='grc' dir='ltr'>τῶν</span> <span class='ocrx_word' id='word_1_508' title='bbox 3640 2573 3779 2627; x_wconf 88' lang='grc' dir='ltr'>συμ-</span> 
     </span>
    </p>
   </div>
   <div class='ocr_carea' id='block_1_71' title="bbox 2125 2632 3777 2714">
    <p class='ocr_par' dir='ltr' id='par_1_71' title="bbox 2125 2632 3777 2714">
     <span class='ocr_line' id='line_1_71' title="bbox 2125 2632 3777 2714; baseline 0.003 -26"><span class='ocrx_word' id='word_1_509' title='bbox 2125 2639 2325 2712; x_wconf 82' lang='grc' dir='ltr'>φορῶν,</span> <span class='ocrx_word' id='word_1_510' title='bbox 2396 2635 2432 2705; x_wconf 74' lang='grc' dir='ltr'>ἢ</span> <span class='ocrx_word' id='word_1_511' title='bbox 2517 2641 2624 2693; x_wconf 89' lang='grc' dir='ltr'>τῶν</span> <span class='ocrx_word' id='word_1_512' title='bbox 2717 2636 2929 2714; x_wconf 79' lang='grc' dir='ltr'>ἐχθρῶν</span> <span class='ocrx_word' id='word_1_513' title='bbox 3041 2632 3420 2712; x_wconf 84' lang='grc' dir='ltr'>Προσελάϐετο</span> <span class='ocrx_word' id='word_1_514' title='bbox 3509 2635 3568 2695; x_wconf 72' lang='grc' dir='ltr'>δὲ</span> <span class='ocrx_word' id='word_1_515' title='bbox 3659 2637 3777 2694; x_wconf 86' lang='grc' dir='ltr'>ἀντὶ</span> 
     </span>
    </p>
   </div>
   <div class='ocr_carea' id='block_1_72' title="bbox 2121 2722 3775 2804">
    <p class='ocr_par' dir='ltr' id='par_1_72' title="bbox 2121 2722 3775 2804">
     <span class='ocr_line' id='line_1_72' title="bbox 2121 2722 3775 2804; baseline 0.003 -26"><span class='ocrx_word' id='word_1_516' title='bbox 2121 2728 2220 2779; x_wconf 89' lang='grc' dir='ltr'>τοῦ</span> <span class='ocrx_word' id='word_1_517' title='bbox 2306 2722 2540 2803; x_wconf 81' lang='grc' dir='ltr'>ἐξήγαγέ</span> <span class='ocrx_word' id='word_1_518' title='bbox 2618 2747 2686 2800; x_wconf 87' lang='grc' dir='ltr'>με</span> <span class='ocrx_word' id='word_1_519' title='bbox 2762 2727 2901 2803; x_wconf 89' lang='grc' dir='ltr'>πρὸς</span> <span class='ocrx_word' id='word_1_520' title='bbox 2975 2725 3184 2784; x_wconf 73' lang='grc' dir='ltr'>ἑαυτόν.</span> <span class='ocrx_word' id='word_1_521' title='bbox 3259 2731 3314 2782; x_wconf 91' lang='grc' dir='ltr'>Ὁ</span> <span class='ocrx_word' id='word_1_522' title='bbox 3391 2726 3492 2803; x_wconf 77' lang='grc' dir='ltr'>γὰρ</span> <span class='ocrx_word' id='word_1_523' title='bbox 3576 2726 3775 2804; x_wconf 80' lang='grc' dir='ltr'>ἐξάγων</span> 
     </span>
    </p>
   </div>
   <div class='ocr_carea' id='block_1_73' title="bbox 2120 2810 3774 2891">
    <p class='ocr_par' dir='ltr' id='par_1_73' title="bbox 2120 2810 3774 2891">
     <span class='ocr_line' id='line_1_73' title="bbox 2120 2810 3774 2891; baseline 0.002 -22"><span class='ocrx_word' id='word_1_524' title='bbox 2120 2814 2240 2869; x_wconf 77' lang='grc' dir='ltr'>τινὰ</span> <span class='ocrx_word' id='word_1_525' title='bbox 2321 2814 2460 2891; x_wconf 90' lang='grc' dir='ltr'>πρὸς</span> <span class='ocrx_word' id='word_1_526' title='bbox 2546 2815 2733 2871; x_wconf 74' lang='grc' dir='ltr'>ἑαυτὸν</span> <span class='ocrx_word' id='word_1_527' title='bbox 2822 2814 3005 2872; x_wconf 89' lang='grc' dir='ltr'>ἐλκύει</span> <span class='ocrx_word' id='word_1_528' title='bbox 3092 2819 3284 2872; x_wconf 89' lang='grc' dir='ltr'>τοῦτον</span> <span class='ocrx_word' id='word_1_529' title='bbox 3369 2810 3774 2891; x_wconf 88' lang='grc' dir='ltr'>ἀντιλαμϐανό-</span> 
     </span>
    </p>
   </div>
   <div class='ocr_carea' id='block_1_74' title="bbox 2127 2923 2308 2976">
    <p class='ocr_par' dir='ltr' id='par_1_74' title="bbox 2127 2923 2308 2976">
     <span class='ocr_line' id='line_1_74' title="bbox 2127 2923 2308 2976; baseline 0.006 -17"><span class='ocrx_word' id='word_1_530' title='bbox 2127 2923 2308 2976; x_wconf 86' lang='grc' dir='ltr'>μενος.</span> 
     </span>
    </p>
   </div>
   <div class='ocr_carea' id='block_1_75' title="bbox 2193 2991 3779 3070">
    <p class='ocr_par' dir='ltr' id='par_1_75' title="bbox 2193 2991 3779 3070">
     <span class='ocr_line' id='line_1_75' title="bbox 2193 2991 3779 3070; baseline 0.003 -26"><span class='ocrx_word' id='word_1_531' title='bbox 2193 3015 2224 3044; x_wconf 88' lang='grc'>‹‹</span> <span class='ocrx_word' id='word_1_532' title='bbox 2254 2991 2495 3048; x_wconf 86' lang='grc' dir='ltr'>Ῥύσεταί</span> <span class='ocrx_word' id='word_1_533' title='bbox 2544 3013 2613 3067; x_wconf 90' lang='grc' dir='ltr'>με</span> <span class='ocrx_word' id='word_1_534' title='bbox 2658 2991 2710 3065; x_wconf 87' lang='grc' dir='ltr'>ἐξ</span> <span class='ocrx_word' id='word_1_535' title='bbox 2760 2992 2968 3069; x_wconf 83' lang='grc' dir='ltr'>ἐχθρῶν</span> <span class='ocrx_word' id='word_1_536' title='bbox 3023 3012 3127 3067; x_wconf 90' lang='grc' dir='ltr'>μου</span> <span class='ocrx_word' id='word_1_537' title='bbox 3159 2991 3421 3051; x_wconf 87' lang='grc' dir='ltr'>δυνατῶν.</span> <span class='ocrx_word' id='word_1_538' title='bbox 3464 3016 3495 3046; x_wconf 86' lang='grc'>››</span> <span class='ocrx_word' id='word_1_539' title='bbox 3522 3024 3594 3036; x_wconf 87' lang='grc'>--</span> <span class='ocrx_word' id='word_1_540' title='bbox 3639 2999 3779 3070; x_wconf 83' lang='grc' dir='ltr'>Ἐχ-</span> 
     </span>
    </p>
   </div>
   <div class='ocr_carea' id='block_1_76' title="bbox 2120 3079 3776 3158">
    <p class='ocr_par' dir='ltr' id='par_1_76' title="bbox 2120 3079 3776 3158">
     <span class='ocr_line' id='line_1_76' title="bbox 2120 3079 3776 3158; baseline 0.001 -22"><span class='ocrx_word' id='word_1_541' title='bbox 2120 3079 2283 3158; x_wconf 81' lang='grc' dir='ltr'>θροὺς</span> <span class='ocrx_word' id='word_1_542' title='bbox 2340 3080 2564 3138; x_wconf 85' lang='grc' dir='ltr'>ἐνταῦθα</span> <span class='ocrx_word' id='word_1_543' title='bbox 2620 3080 2874 3145; x_wconf 80' lang='grc' dir='ltr'>δυνατοὺς</span> <span class='ocrx_word' id='word_1_544' title='bbox 2932 3080 3060 3146; x_wconf 81' lang='grc' dir='ltr'>τοὺς</span> <span class='ocrx_word' id='word_1_545' title='bbox 3110 3079 3373 3157; x_wconf 88' lang='grc' dir='ltr'>δαίμονας</span> <span class='ocrx_word' id='word_1_546' title='bbox 3425 3079 3776 3152; x_wconf 85' lang='grc' dir='ltr'>ὑποληπτέον</span> 
     </span>
    </p>
   </div>
   <div class='ocr_carea' id='block_1_77' title="bbox 2120 3170 3778 3250">
    <p class='ocr_par' dir='ltr' id='par_1_77' title="bbox 2120 3170 3778 3250">
     <span class='ocr_line' id='line_1_77' title="bbox 2120 3170 3778 3250; baseline 0 -23"><span class='ocrx_word' id='word_1_547' title='bbox 2120 3171 2209 3227; x_wconf 85' lang='grc' dir='ltr'>καὶ</span> <span class='ocrx_word' id='word_1_548' title='bbox 2241 3176 2483 3250; x_wconf 80' lang='grc' dir='ltr'>φανερῶς</span> <span class='ocrx_word' id='word_1_549' title='bbox 2516 3171 2605 3228; x_wconf 82' lang='grc' dir='ltr'>καὶ</span> <span class='ocrx_word' id='word_1_550' title='bbox 2637 3171 2850 3250; x_wconf 85' lang='grc' dir='ltr'>ἀφανῶς</span> <span class='ocrx_word' id='word_1_551' title='bbox 2884 3170 3285 3245; x_wconf 84' lang='grc' dir='ltr'>πολεμοῦντας,</span> <span class='ocrx_word' id='word_1_552' title='bbox 3331 3171 3421 3228; x_wconf 85' lang='grc' dir='ltr'>καὶ</span> <span class='ocrx_word' id='word_1_553' title='bbox 3470 3170 3639 3227; x_wconf 87' lang='grc' dir='ltr'>νύκτα</span> <span class='ocrx_word' id='word_1_554' title='bbox 3684 3173 3778 3227; x_wconf 83' lang='grc' dir='ltr'>καὶ</span> 
     </span>
    </p>
   </div>
   <div class='ocr_carea' id='block_1_78' title="bbox 2126 3258 3775 3340">
    <p class='ocr_par' dir='ltr' id='par_1_78' title="bbox 2126 3258 3775 3340">
     <span class='ocr_line' id='line_1_78' title="bbox 2126 3258 3775 3340; baseline 0.002 -26"><span class='ocrx_word' id='word_1_555' title='bbox 2126 3260 2239 3333; x_wconf 89' lang='grc' dir='ltr'>μεθ’</span> <span class='ocrx_word' id='word_1_556' title='bbox 2296 3259 2529 3335; x_wconf 77' lang='grc' dir='ltr'>ἡμέραν,</span> <span class='ocrx_word' id='word_1_557' title='bbox 2579 3261 2670 3316; x_wconf 88' lang='grc' dir='ltr'>καὶ</span> <span class='ocrx_word' id='word_1_558' title='bbox 2720 3258 2810 3316; x_wconf 79' lang='grc' dir='ltr'>διὰ</span> <span class='ocrx_word' id='word_1_559' title='bbox 2871 3261 3052 3332; x_wconf 88' lang='grc' dir='ltr'>πάσης</span> <span class='ocrx_word' id='word_1_560' title='bbox 3102 3260 3427 3334; x_wconf 80' lang='grc' dir='ltr'>αἰσθήσεως,</span> <span class='ocrx_word' id='word_1_561' title='bbox 3479 3262 3568 3316; x_wconf 85' lang='grc' dir='ltr'>καὶ</span> <span class='ocrx_word' id='word_1_562' title='bbox 3617 3259 3775 3340; x_wconf 88' lang='grc' dir='ltr'>φύσιν</span> 
     </span>
    </p>
   </div>
   <div class='ocr_carea' id='block_1_79' title="bbox 2122 3346 3779 3427">
    <p class='ocr_par' dir='ltr' id='par_1_79' title="bbox 2122 3346 3779 3427">
     <span class='ocr_line' id='line_1_79' title="bbox 2122 3346 3779 3427; baseline 0.001 -23"><span class='ocrx_word' id='word_1_563' title='bbox 2122 3346 2350 3424; x_wconf 80' lang='grc' dir='ltr'>ἔχοντας</span> <span class='ocrx_word' id='word_1_564' title='bbox 2381 3349 2656 3425; x_wconf 87' lang='grc' dir='ltr'>ἀκάματον</span> <span class='ocrx_word' id='word_1_565' title='bbox 2686 3349 2739 3406; x_wconf 84' lang='grc' dir='ltr'>ἐν</span> <span class='ocrx_word' id='word_1_566' title='bbox 2777 3350 3000 3426; x_wconf 85' lang='grc' dir='ltr'>μάχαις·</span> <span class='ocrx_word' id='word_1_567' title='bbox 3034 3349 3315 3425; x_wconf 89' lang='grc' dir='ltr'>πνεύματα</span> <span class='ocrx_word' id='word_1_568' title='bbox 3342 3351 3468 3427; x_wconf 85' lang='grc' dir='ltr'>γάρ·</span> <span class='ocrx_word' id='word_1_569' title='bbox 3502 3350 3531 3405; x_wconf 90' lang='lat'>6</span> <span class='ocrx_word' id='word_1_570' title='bbox 3559 3354 3689 3427; x_wconf 91' lang='grc' dir='ltr'>γοῦν</span> <span class='ocrx_word' id='word_1_571' title='bbox 3718 3349 3779 3406; x_wconf 88' lang='grc' dir='ltr'>ἐκ</span> 
     </span>
    </p>
   </div>
   <div class='ocr_carea' id='block_1_80' title="bbox 2117 3437 3775 3516">
    <p class='ocr_par' dir='ltr' id='par_1_80' title="bbox 2117 3437 3775 3516">
     <span class='ocr_line' id='line_1_80' title="bbox 2117 3437 3775 3516; baseline 0.002 -23"><span class='ocrx_word' id='word_1_572' title='bbox 2117 3442 2226 3493; x_wconf 88' lang='grc' dir='ltr'>τῶν</span> <span class='ocrx_word' id='word_1_573' title='bbox 2265 3438 2535 3509; x_wconf 77' lang='grc' dir='ltr'>αἶσθητῶν</span> <span class='ocrx_word' id='word_1_574' title='bbox 2591 3460 2658 3514; x_wconf 86' lang='grc' dir='ltr'>με</span> <span class='ocrx_word' id='word_1_575' title='bbox 2709 3438 3006 3516; x_wconf 78' lang='grc' dir='ltr'>ῥυσάμενος</span> <span class='ocrx_word' id='word_1_576' title='bbox 3047 3439 3197 3511; x_wconf 85' lang='grc' dir='ltr'>Θεὸς,</span> <span class='ocrx_word' id='word_1_577' title='bbox 3230 3438 3391 3504; x_wconf 85' lang='grc' dir='ltr'>αὑτὸς</span> <span class='ocrx_word' id='word_1_578' title='bbox 3442 3437 3655 3516; x_wconf 78' lang='grc' dir='ltr'>ῥύσεταί</span> <span class='ocrx_word' id='word_1_579' title='bbox 3705 3461 3775 3514; x_wconf 86' lang='grc' dir='ltr'>με</span> 
     </span>
    </p>
   </div>
   <div class='ocr_carea' id='block_1_81' title="bbox 2117 3524 3774 3606">
    <p class='ocr_par' dir='ltr' id='par_1_81' title="bbox 2117 3524 3774 3606">
     <span class='ocr_line' id='line_1_81' title="bbox 2117 3524 3774 3606; baseline 0.001 -25"><span class='ocrx_word' id='word_1_580' title='bbox 2117 3527 2211 3581; x_wconf 85' lang='grc' dir='ltr'>καὶ</span> <span class='ocrx_word' id='word_1_581' title='bbox 2261 3526 2322 3582; x_wconf 90' lang='grc' dir='ltr'>ἐκ</span> <span class='ocrx_word' id='word_1_582' title='bbox 2363 3532 2471 3583; x_wconf 92' lang='grc' dir='ltr'>τῶν</span> <span class='ocrx_word' id='word_1_583' title='bbox 2520 3527 2731 3605; x_wconf 83' lang='grc' dir='ltr'>ἐχθρῶν</span> <span class='ocrx_word' id='word_1_584' title='bbox 2777 3532 2886 3584; x_wconf 88' lang='grc' dir='ltr'>τῶν</span> <span class='ocrx_word' id='word_1_585' title='bbox 2938 3524 3178 3584; x_wconf 87' lang='grc' dir='ltr'>δυνατῶν</span> <span class='ocrx_word' id='word_1_586' title='bbox 3229 3528 3308 3593; x_wconf 81' lang='grc' dir='ltr'>εἰς</span> <span class='ocrx_word' id='word_1_587' title='bbox 3369 3527 3635 3606; x_wconf 87' lang='grc' dir='ltr'>πονηρίαν</span> <span class='ocrx_word' id='word_1_588' title='bbox 3678 3526 3774 3585; x_wconf 79' lang='grc' dir='ltr'>καί</span> 
     </span>
    </p>
   </div>
   <div class='ocr_carea' id='block_1_82' title="bbox 2121 3610 2370 3693">
    <p class='ocr_par' dir='ltr' id='par_1_82' title="bbox 2121 3610 2370 3693">
     <span class='ocr_line' id='line_1_82' title="bbox 2121 3610 2370 3693; baseline 0.02 -23"><span class='ocrx_word' id='word_1_589' title='bbox 2121 3610 2370 3693; x_wconf 73' lang='grc' dir='ltr'>ὄλεθρον.</span> 
     </span>
    </p>
   </div>
   <div class='ocr_carea' id='block_1_83' title="bbox 2192 3704 3774 3785">
    <p class='ocr_par' dir='ltr' id='par_1_83' title="bbox 2192 3704 3774 3785">
     <span class='ocr_line' id='line_1_83' title="bbox 2192 3704 3774 3785; baseline 0.004 -28"><span class='ocrx_word' id='word_1_590' title='bbox 2192 3728 2222 3757; x_wconf 85' lang='lat'><strong><em>«</em></strong></span> <span class='ocrx_word' id='word_1_591' title='bbox 2255 3704 2354 3760; x_wconf 82' lang='grc' dir='ltr'>Καὶ</span> <span class='ocrx_word' id='word_1_592' title='bbox 2399 3706 2508 3761; x_wconf 79' lang='grc' dir='ltr'>τῶν</span> <span class='ocrx_word' id='word_1_593' title='bbox 2563 3705 2860 3781; x_wconf 81' lang='grc' dir='ltr'>μισούντων</span> <span class='ocrx_word' id='word_1_594' title='bbox 2924 3727 3012 3781; x_wconf 90' lang='grc' dir='ltr'>με,</span> <span class='ocrx_word' id='word_1_595' title='bbox 3044 3705 3128 3762; x_wconf 77' lang='grc' dir='ltr'>ὅτι</span> <span class='ocrx_word' id='word_1_596' title='bbox 3187 3705 3588 3785; x_wconf 81' lang='grc' dir='ltr'>ἐστερεώθησαν</span> <span class='ocrx_word' id='word_1_597' title='bbox 3639 3706 3774 3784; x_wconf 72' lang='grc' dir='ltr'>ὑπὲρ</span> 
     </span>
    </p>
   </div>
   <div class='ocr_carea' id='block_1_84' title="bbox 2121 3790 3777 3873">
    <p class='ocr_par' dir='ltr' id='par_1_84' title="bbox 2121 3790 3777 3873">
     <span class='ocr_line' id='line_1_84' title="bbox 2121 3790 3777 3873; baseline 0.002 -26"><span class='ocrx_word' id='word_1_598' title='bbox 2121 3791 2237 3866; x_wconf 88' lang='grc' dir='ltr'>ἐμέ.</span> <span class='ocrx_word' id='word_1_599' title='bbox 2292 3816 2323 3847; x_wconf 90' lang='grc'><strong>››</strong></span> <span class='ocrx_word' id='word_1_600' title='bbox 2372 3826 2443 3837; x_wconf 92' lang='grc'>--</span> <span class='ocrx_word' id='word_1_601' title='bbox 2490 3795 2554 3848; x_wconf 80' lang='lat' dir='ltr'><em>Ol</em></span> <span class='ocrx_word' id='word_1_602' title='bbox 2601 3795 2703 3871; x_wconf 78' lang='grc' dir='ltr'>γὰρ</span> <span class='ocrx_word' id='word_1_603' title='bbox 2751 3794 2905 3850; x_wconf 78' lang='grc' dir='ltr'>αὐτοὶ</span> <span class='ocrx_word' id='word_1_604' title='bbox 2949 3796 3325 3873; x_wconf 89' lang='grc' dir='ltr'>μισάνθρωποι</span> <span class='ocrx_word' id='word_1_605' title='bbox 3374 3790 3521 3859; x_wconf 72' lang='grc' dir='ltr'>ὄντες</span> <span class='ocrx_word' id='word_1_606' title='bbox 3556 3799 3777 3870; x_wconf 86' lang='grc' dir='ltr'>μισοῦσι</span> 
     </span>
    </p>
   </div>
   <div class='ocr_carea' id='block_1_85' title="bbox 2118 3880 3776 3959">
    <p class='ocr_par' dir='ltr' id='par_1_85' title="bbox 2118 3880 3776 3959">
     <span class='ocr_line' id='line_1_85' title="bbox 2118 3880 3776 3959; baseline 0.002 -21"><span class='ocrx_word' id='word_1_607' title='bbox 2118 3882 2281 3956; x_wconf 71' lang='grc' dir='ltr'>κάμὲ,</span> <span class='ocrx_word' id='word_1_608' title='bbox 2312 3882 2401 3939; x_wconf 86' lang='grc' dir='ltr'>καὶ</span> <span class='ocrx_word' id='word_1_609' title='bbox 2435 3880 2672 3956; x_wconf 82' lang='grc' dir='ltr'>μάλιστα</span> <span class='ocrx_word' id='word_1_610' title='bbox 2704 3882 3077 3959; x_wconf 89' lang='grc' dir='ltr'>βοηθούμενον</span> <span class='ocrx_word' id='word_1_611' title='bbox 3117 3885 3222 3939; x_wconf 92' lang='grc' dir='ltr'>ὑπὸ</span> <span class='ocrx_word' id='word_1_612' title='bbox 3273 3889 3425 3944; x_wconf 87' lang='grc' dir='ltr'>Θεοῦ.</span> <span class='ocrx_word' id='word_1_613' title='bbox 3461 3884 3561 3940; x_wconf 79' lang='grc' dir='ltr'>Διὰ</span> <span class='ocrx_word' id='word_1_614' title='bbox 3609 3888 3776 3942; x_wconf 90' lang='grc' dir='ltr'>τοῦτο</span> 
     </span>
    </p>
   </div>
   <div class='ocr_carea' id='block_1_86' title="bbox 2122 3967 3774 4050">
    <p class='ocr_par' dir='ltr' id='par_1_86' title="bbox 2122 3967 3774 4050">
     <span class='ocr_line' id='line_1_86' title="bbox 2122 3967 3774 4050; baseline 0.002 -25"><span class='ocrx_word' id='word_1_615' title='bbox 2122 3967 2181 4026; x_wconf 72' lang='grc' dir='ltr'>δὲ</span> <span class='ocrx_word' id='word_1_616' title='bbox 2258 3970 2474 4048; x_wconf 80' lang='grc' dir='ltr'>ῥύσεταί</span> <span class='ocrx_word' id='word_1_617' title='bbox 2542 3991 2609 4045; x_wconf 88' lang='grc' dir='ltr'>με</span> <span class='ocrx_word' id='word_1_618' title='bbox 2636 3970 2688 4043; x_wconf 89' lang='grc' dir='ltr'>ἐξ</span> <span class='ocrx_word' id='word_1_619' title='bbox 2729 3971 2904 4028; x_wconf 76' lang='grc' dir='ltr'>αὐτῶν</span> <span class='ocrx_word' id='word_1_620' title='bbox 2955 3974 2985 4028; x_wconf 88' lang='lat'>6</span> <span class='ocrx_word' id='word_1_621' title='bbox 3031 3970 3423 4050; x_wconf 86' lang='grc' dir='ltr'>Κύριος,διότι</span> <span class='ocrx_word' id='word_1_622' title='bbox 3456 3974 3774 4029; x_wconf 80' lang='grc' dir='ltr'>συνεσκευά-</span> 
     </span>
    </p>
   </div>
   <div class='ocr_carea' id='block_1_87' title="bbox 2119 4060 3770 4139">
    <p class='ocr_par' dir='ltr' id='par_1_87' title="bbox 2119 4060 3770 4139">
     <span class='ocr_line' id='line_1_87' title="bbox 2119 4060 3770 4139; baseline 0.002 -24"><span class='ocrx_word' id='word_1_623' title='bbox 2119 4062 2317 4131; x_wconf 89' lang='grc' dir='ltr'>σθησαν</span> <span class='ocrx_word' id='word_1_624' title='bbox 2379 4060 2471 4114; x_wconf 84' lang='grc' dir='ltr'>καὶ</span> <span class='ocrx_word' id='word_1_625' title='bbox 2538 4062 2867 4131; x_wconf 84' lang='grc' dir='ltr'>συνήσπισαν</span> <span class='ocrx_word' id='word_1_626' title='bbox 2933 4062 3024 4116; x_wconf 88' lang='grc' dir='ltr'>καὶ</span> <span class='ocrx_word' id='word_1_627' title='bbox 3108 4060 3547 4139; x_wconf 85' lang='grc' dir='ltr'>ἐκραταιώθησαν</span> <span class='ocrx_word' id='word_1_628' title='bbox 3637 4062 3770 4136; x_wconf 74' lang='grc' dir='ltr'>ὑπὲρ</span> 
     </span>
    </p>
   </div>
   <div class='ocr_carea' id='block_1_88' title="bbox 2121 4147 3770 4228">
    <p class='ocr_par' dir='ltr' id='par_1_88' title="bbox 2121 4147 3770 4228">
     <span class='ocr_line' id='line_1_88' title="bbox 2121 4147 3770 4228; baseline 0.001 -24"><span class='ocrx_word' id='word_1_629' title='bbox 2121 4147 2238 4223; x_wconf 72' lang='grc' dir='ltr'>ἐμὲ,</span> <span class='ocrx_word' id='word_1_630' title='bbox 2291 4150 2368 4223; x_wconf 81' lang='grc' dir='ltr'>μή</span> <span class='ocrx_word' id='word_1_631' title='bbox 2418 4148 2755 4227; x_wconf 86' lang='grc' dir='ltr'>φραξάμενον</span> <span class='ocrx_word' id='word_1_632' title='bbox 2811 4155 2931 4213; x_wconf 91' lang='grc' dir='ltr'>τοῖς</span> <span class='ocrx_word' id='word_1_633' title='bbox 2995 4147 3193 4213; x_wconf 75' lang='grc' dir='ltr'>ὅπλοις</span> <span class='ocrx_word' id='word_1_634' title='bbox 3251 4156 3352 4221; x_wconf 84' lang='grc' dir='ltr'>τῆς</span> <span class='ocrx_word' id='word_1_635' title='bbox 3416 4152 3634 4228; x_wconf 82' lang='grc' dir='ltr'>ἀρετῆς,</span> <span class='ocrx_word' id='word_1_636' title='bbox 3693 4152 3770 4215; x_wconf 84' lang='grc' dir='ltr'>ὡς</span> 
     </span>
    </p>
   </div>
   <div class='ocr_carea' id='block_1_89' title="bbox 2118 4236 3771 4319">
    <p class='ocr_par' dir='ltr' id='par_1_89' title="bbox 2118 4236 3771 4319">
     <span class='ocr_line' id='line_1_89' title="bbox 2118 4236 3771 4319; baseline 0.001 -26"><span class='ocrx_word' id='word_1_637' title='bbox 2118 4239 2185 4310; x_wconf 74' lang='grc' dir='ltr'>ἦν</span> <span class='ocrx_word' id='word_1_638' title='bbox 2242 4238 2408 4310; x_wconf 83' lang='grc' dir='ltr'>εἰκὸς,</span> <span class='ocrx_word' id='word_1_639' title='bbox 2459 4236 2587 4294; x_wconf 85' lang='grc' dir='ltr'>ἀλλ’</span> <span class='ocrx_word' id='word_1_640' title='bbox 2635 4237 3162 4313; x_wconf 88' lang='grc' dir='ltr'>ὑπομαλακισθέντα·</span> <span class='ocrx_word' id='word_1_641' title='bbox 3191 4239 3229 4310; x_wconf 70' lang='grc' dir='ltr'><strong>ἢ</strong></span> <span class='ocrx_word' id='word_1_642' title='bbox 3279 4238 3364 4296; x_wconf 78' lang='grc' dir='ltr'>ὅτι</span> <span class='ocrx_word' id='word_1_643' title='bbox 3412 4240 3464 4296; x_wconf 77' lang='grc' dir='ltr'>οῖ</span> <span class='ocrx_word' id='word_1_644' title='bbox 3516 4240 3612 4314; x_wconf 73' lang='grc' dir='ltr'>μὲν</span> <span class='ocrx_word' id='word_1_645' title='bbox 3672 4238 3771 4319; x_wconf 86' lang='grc' dir='ltr'>φύ-</span> 
     </span>
    </p>
   </div>
   <div class='ocr_carea' id='block_1_90' title="bbox 2118 4322 3772 4407">
    <p class='ocr_par' dir='ltr' id='par_1_90' title="bbox 2118 4322 3772 4407">
     <span class='ocr_line' id='line_1_90' title="bbox 2118 4322 3772 4407; baseline 0.002 -25"><span class='ocrx_word' id='word_1_646' title='bbox 2118 4347 2199 4383; x_wconf 89' lang='grc' dir='ltr'>σιν</span> <span class='ocrx_word' id='word_1_647' title='bbox 2233 4322 2455 4404; x_wconf 78' lang='grc' dir='ltr'>ἔχυυσιν</span> <span class='ocrx_word' id='word_1_648' title='bbox 2488 4324 2675 4401; x_wconf 78' lang='grc' dir='ltr'>ἅϋλον,</span> <span class='ocrx_word' id='word_1_649' title='bbox 2708 4326 2818 4404; x_wconf 86' lang='grc' dir='ltr'>ἐγὼ</span> <span class='ocrx_word' id='word_1_650' title='bbox 2849 4325 2908 4384; x_wconf 73' lang='grc' dir='ltr'>δὲ</span> <span class='ocrx_word' id='word_1_651' title='bbox 2937 4324 3154 4403; x_wconf 75' lang='grc' dir='ltr'>ὑλικήν,</span> <span class='ocrx_word' id='word_1_652' title='bbox 3185 4328 3277 4384; x_wconf 87' lang='grc' dir='ltr'>καὶ</span> <span class='ocrx_word' id='word_1_653' title='bbox 3325 4328 3435 4405; x_wconf 79' lang='grc' dir='ltr'>οὐχ</span> <span class='ocrx_word' id='word_1_654' title='bbox 3476 4328 3590 4407; x_wconf 86' lang='grc' dir='ltr'>ὁρῶ</span> <span class='ocrx_word' id='word_1_655' title='bbox 3642 4328 3772 4394; x_wconf 78' lang='grc' dir='ltr'>τοὺς</span> 
     </span>
    </p>
   </div>
   <div class='ocr_carea' id='block_1_91' title="bbox 2115 4417 2537 4494">
    <p class='ocr_par' dir='ltr' id='par_1_91' title="bbox 2115 4417 2537 4494">
     <span class='ocr_line' id='line_1_91' title="bbox 2115 4417 2537 4494; baseline 0.005 -23"><span class='ocrx_word' id='word_1_656' title='bbox 2115 4417 2537 4494; x_wconf 83' lang='grc' dir='ltr'>τιτρώσκοντας.</span> 
     </span>
    </p>
   </div>
   <div class='ocr_carea' id='block_1_92' title="bbox 2189 4503 3767 4584">
    <p class='ocr_par' dir='ltr' id='par_1_92' title="bbox 2189 4503 3767 4584">
     <span class='ocr_line' id='line_1_92' title="bbox 2189 4503 3767 4584; baseline 0.004 -26"><span class='ocrx_word' id='word_1_657' title='bbox 2189 4530 2219 4558; x_wconf 86' lang='grc'>‹‹</span> <span class='ocrx_word' id='word_1_658' title='bbox 2278 4505 2623 4584; x_wconf 86' lang='grc' dir='ltr'>Προέφθασάν</span> <span class='ocrx_word' id='word_1_659' title='bbox 2707 4526 2775 4579; x_wconf 88' lang='grc' dir='ltr'>με</span> <span class='ocrx_word' id='word_1_660' title='bbox 2839 4503 2893 4561; x_wconf 87' lang='grc' dir='ltr'>ἐν</span> <span class='ocrx_word' id='word_1_661' title='bbox 2953 4504 3138 4582; x_wconf 79' lang='grc' dir='ltr'>ἡμέρᾳ</span> <span class='ocrx_word' id='word_1_662' title='bbox 3199 4506 3493 4571; x_wconf 74' lang='grc' dir='ltr'>κακώσεως</span> <span class='ocrx_word' id='word_1_663' title='bbox 3563 4527 3690 4581; x_wconf 92' lang='grc' dir='ltr'>μου.</span> <span class='ocrx_word' id='word_1_664' title='bbox 3739 4528 3767 4564; x_wconf 75' lang='grc' dir='ltr'>ιι</span> 
     </span>
    </p>
   </div>
   <div class='ocr_carea' id='block_1_93' title="bbox 2116 4592 3770 4674">
    <p class='ocr_par' dir='ltr' id='par_1_93' title="bbox 2116 4592 3770 4674">
     <span class='ocr_line' id='line_1_93' title="bbox 2116 4592 3770 4674; baseline 0.001 -25"><span class='ocrx_word' id='word_1_665' title='bbox 2116 4627 2187 4638; x_wconf 90' lang='grc'><strong><em>--</em></strong></span> <span class='ocrx_word' id='word_1_666' title='bbox 2223 4594 2294 4651; x_wconf 89' lang='grc' dir='ltr'>Τὸ</span> <span class='ocrx_word' id='word_1_667' title='bbox 2333 4592 2658 4673; x_wconf 86' lang='grc' dir='ltr'>προφθάνειν</span> <span class='ocrx_word' id='word_1_668' title='bbox 2709 4594 2771 4649; x_wconf 81' lang='grc' dir='ltr'>οὑ</span> <span class='ocrx_word' id='word_1_669' title='bbox 2819 4593 3051 4651; x_wconf 88' lang='grc' dir='ltr'>πάντοτε</span> <span class='ocrx_word' id='word_1_670' title='bbox 3098 4594 3353 4670; x_wconf 88' lang='grc' dir='ltr'>σημαίνει</span> <span class='ocrx_word' id='word_1_671' title='bbox 3396 4597 3461 4652; x_wconf 92' lang='grc' dir='ltr'>τὸ</span> <span class='ocrx_word' id='word_1_672' title='bbox 3507 4595 3770 4674; x_wconf 89' lang='grc' dir='ltr'>προλαμ-</span> 
     </span>
    </p>
   </div>
   <div class='ocr_carea' id='block_1_94' title="bbox 352 4668 3770 4763">
    <p class='ocr_par' dir='ltr' id='par_1_94' title="bbox 352 4668 3770 4763">
     <span class='ocr_line' id='line_1_94' title="bbox 352 4668 3770 4763; baseline -0 -21"><span class='ocrx_word' id='word_1_673' title='bbox 352 4679 456 4763; x_wconf 67' lang='grc' dir='ltr'>’ξῆς</span> <span class='ocrx_word' id='word_1_674' title='bbox 512 4672 649 4763; x_wconf 60' lang='grc' dir='ltr'>δξαξεά</span> <span class='ocrx_word' id='word_1_675' title='bbox 703 4672 935 4749; x_wconf 79' lang='grc' dir='ltr'>Χριστὸν</span> <span class='ocrx_word' id='word_1_676' title='bbox 992 4670 1246 4763; x_wconf 57' lang='grc' dir='ltr'>πίστεως.</span> <span class='ocrx_word' id='word_1_677' title='bbox 1280 4669 1477 4763; x_wconf 53' lang='grc' dir='ltr'>Ὕδωε</span> <span class='ocrx_word' id='word_1_678' title='bbox 1670 4671 1773 4763; x_wconf 69' lang='grc' dir='ltr'>γᾲρ</span> <span class='ocrx_word' id='word_1_679' title='bbox 1830 4672 1865 4740; x_wconf 74' lang='grc' dir='ltr'>ἦ</span> <span class='ocrx_word' id='word_1_680' title='bbox 1922 4668 2009 4726; x_wconf 78' lang='grc' dir='ltr'>δι·</span> <span class='ocrx_word' id='word_1_681' title='bbox 2038 4680 2087 4746; x_wconf 89' lang='lat' dir='ltr'><strong>D</strong></span> <span class='ocrx_word' id='word_1_682' title='bbox 2118 4677 2320 4755; x_wconf 89' lang='grc' dir='ltr'>ϐάνειν,</span> <span class='ocrx_word' id='word_1_683' title='bbox 2356 4668 2483 4739; x_wconf 76' lang='grc' dir='ltr'>ἀλλ’</span> <span class='ocrx_word' id='word_1_684' title='bbox 2514 4680 2655 4738; x_wconf 80' lang='grc' dir='ltr'>ἔστιν</span> <span class='ocrx_word' id='word_1_685' title='bbox 2689 4681 2779 4738; x_wconf 76' lang='grc' dir='ltr'>ὅτε</span> <span class='ocrx_word' id='word_1_686' title='bbox 2815 4683 2907 4738; x_wconf 85' lang='grc' dir='ltr'>καὶ</span> <span class='ocrx_word' id='word_1_687' title='bbox 2953 4685 3017 4739; x_wconf 88' lang='grc' dir='ltr'>τὸ</span> <span class='ocrx_word' id='word_1_688' title='bbox 3065 4668 3281 4763; x_wconf 84' lang='grc' dir='ltr'>φθάνειν</span> <span class='ocrx_word' id='word_1_689' title='bbox 3324 4681 3515 4748; x_wconf 83' lang='grc' dir='ltr'>ἁπλῶς</span> <span class='ocrx_word' id='word_1_690' title='bbox 3553 4668 3649 4741; x_wconf 76' lang='grc' dir='ltr'>καὶ</span> <span class='ocrx_word' id='word_1_691' title='bbox 3702 4668 3770 4741; x_wconf 80' lang='grc' dir='ltr'>τὸ</span> 
     </span>
    </p>
   </div>
   <div class='ocr_carea' id='block_1_95' title="bbox 358 4757 2006 4839">
    <p class='ocr_par' dir='ltr' id='par_1_95' title="bbox 358 4757 2006 4839">
     <span class='ocr_line' id='line_1_95' title="bbox 358 4757 2006 4839; baseline 0 -23"><span class='ocrx_word' id='word_1_692' title='bbox 358 4757 626 4817; x_wconf 88' lang='grc' dir='ltr'>δασκαλία</span> <span class='ocrx_word' id='word_1_693' title='bbox 705 4765 803 4817; x_wconf 91' lang='grc' dir='ltr'>τοῦ</span> <span class='ocrx_word' id='word_1_694' title='bbox 875 4760 1254 4839; x_wconf 88' lang='grc' dir='ltr'>κηρύγματος,</span> <span class='ocrx_word' id='word_1_695' title='bbox 1312 4759 1485 4838; x_wconf 87' lang='grc' dir='ltr'>πηγαὶ</span> <span class='ocrx_word' id='word_1_696' title='bbox 1556 4759 1614 4815; x_wconf 77' lang='grc' dir='ltr'>δὲ</span> <span class='ocrx_word' id='word_1_697' title='bbox 1678 4760 1730 4815; x_wconf 76' lang='grc' dir='ltr'>οἱ</span> <span class='ocrx_word' id='word_1_698' title='bbox 1796 4765 2006 4835; x_wconf 88' lang='grc' dir='ltr'>πρῶτοι</span> 
     </span>
    </p>
   </div>
   <div class='ocr_carea' id='block_1_96' title="bbox 353 4844 2007 4929">
    <p class='ocr_par' dir='ltr' id='par_1_96' title="bbox 353 4844 2007 4929">
     <span class='ocr_line' id='line_1_96' title="bbox 353 4844 2007 4929; baseline -0.001 -24"><span class='ocrx_word' id='word_1_699' title='bbox 353 4849 612 4921; x_wconf 87' lang='grc' dir='ltr'>τοιαύτης</span> <span class='ocrx_word' id='word_1_700' title='bbox 667 4849 909 4926; x_wconf 82' lang='grc' dir='ltr'>κρουνοὶ,</span> <span class='ocrx_word' id='word_1_701' title='bbox 969 4849 1023 4905; x_wconf 83' lang='grc' dir='ltr'>οἳ</span> <span class='ocrx_word' id='word_1_702' title='bbox 1072 4855 1233 4904; x_wconf 82' lang='grc' dir='ltr'>πᾶσιν</span> <span class='ocrx_word' id='word_1_703' title='bbox 1306 4844 1562 4929; x_wconf 82' lang='grc' dir='ltr'>ὤφθησαν</span> <span class='ocrx_word' id='word_1_704' title='bbox 1644 4848 1722 4912; x_wconf 85' lang='grc' dir='ltr'>εἰς</span> <span class='ocrx_word' id='word_1_705' title='bbox 1800 4849 2007 4905; x_wconf 80' lang='grc' dir='ltr'>ἅπασαν</span> 
     </span>
    </p>
   </div>
   <div class='ocr_carea' id='block_1_97' title="bbox 359 4938 773 5018">
    <p class='ocr_par' dir='ltr' id='par_1_97' title="bbox 359 4938 773 5018">
     <span class='ocr_line' id='line_1_97' title="bbox 359 4938 773 5018; baseline 0 -23"><span class='ocrx_word' id='word_1_706' title='bbox 359 4938 773 5018; x_wconf 87' lang='grc' dir='ltr'>ἐκπεμφθέντες.</span> 
     </span>
    </p>
   </div>
   <div class='ocr_carea' id='block_1_98' title="bbox 429 5042 2010 5123">
    <p class='ocr_par' dir='ltr' id='par_1_98' title="bbox 429 5042 2010 5123">
     <span class='ocr_line' id='line_1_98' title="bbox 429 5042 2010 5123; baseline -0.002 -23"><span class='ocrx_word' id='word_1_707' title='bbox 429 5071 459 5100; x_wconf 92' lang='grc'>‹‹</span> <span class='ocrx_word' id='word_1_708' title='bbox 490 5045 590 5101; x_wconf 80' lang='grc' dir='ltr'>Καὶ</span> <span class='ocrx_word' id='word_1_709' title='bbox 618 5042 957 5123; x_wconf 72' lang='grc' dir='ltr'>ἀνεκαλύφθη</span> <span class='ocrx_word' id='word_1_710' title='bbox 991 5044 1060 5100; x_wconf 84' lang='grc' dir='ltr'>τά</span> <span class='ocrx_word' id='word_1_711' title='bbox 1089 5044 1317 5120; x_wconf 88' lang='grc' dir='ltr'>θεμέλια</span> <span class='ocrx_word' id='word_1_712' title='bbox 1344 5052 1447 5116; x_wconf 81' lang='grc' dir='ltr'>τῆς</span> <span class='ocrx_word' id='word_1_713' title='bbox 1498 5042 1845 5119; x_wconf 77' lang='grc' dir='ltr'>οἰκουμένης.</span> <span class='ocrx_word' id='word_1_714' title='bbox 1879 5067 1909 5097; x_wconf 86' lang='grc'>››</span> <span class='ocrx_word' id='word_1_715' title='bbox 1939 5076 2010 5087; x_wconf 90' lang='lat'>—</span> 
     </span>
    </p>
   </div>
   <div class='ocr_carea' id='block_1_99' title="bbox 356 5132 2006 5212">
    <p class='ocr_par' dir='ltr' id='par_1_99' title="bbox 356 5132 2006 5212">
     <span class='ocr_line' id='line_1_99' title="bbox 356 5132 2006 5212; baseline -0.002 -20"><span class='ocrx_word' id='word_1_716' title='bbox 356 5137 420 5192; x_wconf 78' lang='lat' dir='ltr'><em>Ol</em></span> <span class='ocrx_word' id='word_1_717' title='bbox 453 5135 605 5192; x_wconf 82' lang='grc' dir='ltr'>αὑτοὶ</span> <span class='ocrx_word' id='word_1_718' title='bbox 634 5136 725 5191; x_wconf 86' lang='grc' dir='ltr'>καὶ</span> <span class='ocrx_word' id='word_1_719' title='bbox 756 5132 985 5209; x_wconf 90' lang='grc' dir='ltr'>θεμέλια</span> <span class='ocrx_word' id='word_1_720' title='bbox 1010 5141 1111 5205; x_wconf 85' lang='grc' dir='ltr'>τῆς</span> <span class='ocrx_word' id='word_1_721' title='bbox 1141 5141 1270 5212; x_wconf 82' lang='grc' dir='ltr'>γῆς.</span> <span class='ocrx_word' id='word_1_722' title='bbox 1329 5136 1633 5209; x_wconf 86' lang='grc' dir='ltr'>Οἰκουμένη</span> <span class='ocrx_word' id='word_1_723' title='bbox 1682 5135 1757 5197; x_wconf 83' lang='grc' dir='ltr'>ὡς</span> <span class='ocrx_word' id='word_1_724' title='bbox 1796 5138 2006 5211; x_wconf 89' lang='grc' dir='ltr'>πρῶτοι</span> 
     </span>
    </p>
   </div>
   <div class='ocr_carea' id='block_1_100' title="bbox 353 5221 2010 5299">
    <p class='ocr_par' dir='ltr' id='par_1_100' title="bbox 353 5221 2010 5299">
     <span class='ocr_line' id='line_1_100' title="bbox 353 5221 2010 5299; baseline -0.002 -16"><span class='ocrx_word' id='word_1_725' title='bbox 353 5225 731 5287; x_wconf 89' lang='grc' dir='ltr'>πιστεύσαντες</span> <span class='ocrx_word' id='word_1_726' title='bbox 788 5224 879 5279; x_wconf 81' lang='grc' dir='ltr'>καὶ</span> <span class='ocrx_word' id='word_1_727' title='bbox 960 5222 1303 5288; x_wconf 88' lang='grc' dir='ltr'>ὑποτεθέντες</span> <span class='ocrx_word' id='word_1_728' title='bbox 1369 5221 1503 5299; x_wconf 68' lang='grc' dir='ltr'>ἕδρα</span> <span class='ocrx_word' id='word_1_729' title='bbox 1571 5226 1641 5298; x_wconf 78' lang='grc' dir='ltr'>τῇ</span> <span class='ocrx_word' id='word_1_730' title='bbox 1716 5222 2010 5298; x_wconf 79' lang='grc' dir='ltr'>οἰκουμένῃ</span> 
     </span>
    </p>
   </div>
   <div class='ocr_carea' id='block_1_101' title="bbox 355 5309 2007 5391">
    <p class='ocr_par' dir='ltr' id='par_1_101' title="bbox 355 5309 2007 5391">
     <span class='ocr_line' id='line_1_101' title="bbox 355 5309 2007 5391; baseline -0.004 -18"><span class='ocrx_word' id='word_1_731' title='bbox 355 5317 552 5378; x_wconf 88' lang='grc' dir='ltr'>πάντες</span> <span class='ocrx_word' id='word_1_732' title='bbox 618 5310 1095 5388; x_wconf 85' lang='grc' dir='ltr'>ἐπῳκοδομοῦντο.</span> <span class='ocrx_word' id='word_1_733' title='bbox 1144 5311 1620 5391; x_wconf 86' lang='grc' dir='ltr'>Ἀνεκαλύφθησαν</span> <span class='ocrx_word' id='word_1_734' title='bbox 1669 5309 1726 5367; x_wconf 78' lang='grc' dir='ltr'>δὲ</span> <span class='ocrx_word' id='word_1_735' title='bbox 1774 5309 1863 5367; x_wconf 77' lang='grc' dir='ltr'>διὰ</span> <span class='ocrx_word' id='word_1_736' title='bbox 1906 5319 2007 5383; x_wconf 86' lang='grc' dir='ltr'>τῆς</span> 
     </span>
    </p>
   </div>
   <div class='ocr_carea' id='block_1_102' title="bbox 352 5399 2005 5483">
    <p class='ocr_par' dir='ltr' id='par_1_102' title="bbox 352 5399 2005 5483">
     <span class='ocr_line' id='line_1_102' title="bbox 352 5399 2005 5483; baseline -0.004 -21"><span class='ocrx_word' id='word_1_737' title='bbox 352 5411 452 5463; x_wconf 89' lang='grc' dir='ltr'>τοῦ</span> <span class='ocrx_word' id='word_1_738' title='bbox 513 5404 636 5483; x_wconf 86' lang='grc' dir='ltr'>βίου</span> <span class='ocrx_word' id='word_1_739' title='bbox 698 5401 1042 5477; x_wconf 87' lang='grc' dir='ltr'>τελουμένων</span> <span class='ocrx_word' id='word_1_740' title='bbox 1108 5402 1400 5478; x_wconf 84' lang='grc' dir='ltr'>τεραστίων</span> <span class='ocrx_word' id='word_1_741' title='bbox 1477 5400 1893 5478; x_wconf 88' lang='grc' dir='ltr'>λαμπρότητος·</span> <span class='ocrx_word' id='word_1_742' title='bbox 1954 5399 2005 5456; x_wconf 88' lang='grc' dir='ltr'>ἐν</span> 
     </span>
    </p>
   </div>
   <div class='ocr_carea' id='block_1_103' title="bbox 355 5488 2007 5572">
    <p class='ocr_par' dir='ltr' id='par_1_103' title="bbox 355 5488 2007 5572">
     <span class='ocr_line' id='line_1_103' title="bbox 355 5488 2007 5572; baseline -0.005 -19"><span class='ocrx_word' id='word_1_743' title='bbox 355 5501 424 5571; x_wconf 78' lang='grc' dir='ltr'>τῇ</span> <span class='ocrx_word' id='word_1_744' title='bbox 478 5499 552 5572; x_wconf 79' lang='grc' dir='ltr'>γῇ</span> <span class='ocrx_word' id='word_1_745' title='bbox 601 5495 895 5570; x_wconf 87' lang='grc' dir='ltr'>κέκρυπται</span> <span class='ocrx_word' id='word_1_746' title='bbox 961 5492 1028 5548; x_wconf 82' lang='grc' dir='ltr'>τὰ</span> <span class='ocrx_word' id='word_1_747' title='bbox 1089 5491 1336 5566; x_wconf 86' lang='grc' dir='ltr'>θεμέλια.</span> <span class='ocrx_word' id='word_1_748' title='bbox 1385 5492 1460 5547; x_wconf 81' lang='grc' dir='ltr'>Τὰ</span> <span class='ocrx_word' id='word_1_749' title='bbox 1518 5488 1575 5546; x_wconf 74' lang='grc' dir='ltr'>δὲ</span> <span class='ocrx_word' id='word_1_750' title='bbox 1623 5498 1724 5560; x_wconf 57' lang='grc' dir='ltr'>ἧς</span> <span class='ocrx_word' id='word_1_751' title='bbox 1772 5489 2007 5553; x_wconf 90' lang='grc' dir='ltr'>πίστεως</span> 
     </span>
    </p>
   </div>
   <div class='ocr_carea' id='block_1_104' title="bbox 353 5579 2007 5663">
    <p class='ocr_par' dir='ltr' id='par_1_104' title="bbox 353 5579 2007 5663">
     <span class='ocr_line' id='line_1_104' title="bbox 353 5579 2007 5663; baseline -0.005 -21"><span class='ocrx_word' id='word_1_752' title='bbox 353 5585 663 5642; x_wconf 76' lang='grc' dir='ltr'>τούναντίον</span> <span class='ocrx_word' id='word_1_753' title='bbox 698 5583 829 5660; x_wconf 77' lang='grc' dir='ltr'>ὑπὲρ</span> <span class='ocrx_word' id='word_1_754' title='bbox 854 5590 957 5662; x_wconf 81' lang='grc' dir='ltr'>γῆς</span> <span class='ocrx_word' id='word_1_755' title='bbox 1003 5581 1246 5663; x_wconf 85' lang='grc' dir='ltr'>ἐφαίνετο</span> <span class='ocrx_word' id='word_1_756' title='bbox 1292 5580 1495 5656; x_wconf 85' lang='grc' dir='ltr'>πάσης,</span> <span class='ocrx_word' id='word_1_757' title='bbox 1541 5580 1631 5636; x_wconf 84' lang='grc' dir='ltr'>καὶ</span> <span class='ocrx_word' id='word_1_758' title='bbox 1680 5580 1871 5656; x_wconf 81' lang='grc' dir='ltr'>πράξει</span> <span class='ocrx_word' id='word_1_759' title='bbox 1916 5579 2007 5635; x_wconf 89' lang='grc' dir='ltr'>καὶ</span> 
     </span>
    </p>
   </div>
   <div class='ocr_carea' id='block_1_105' title="bbox 358 5673 1835 5753">
    <p class='ocr_par' dir='ltr' id='par_1_105' title="bbox 358 5673 1835 5753">
     <span class='ocr_line' id='line_1_105' title="bbox 358 5673 1835 5753; baseline -0.005 -21"><span class='ocrx_word' id='word_1_760' title='bbox 358 5673 510 5753; x_wconf 85' lang='grc' dir='ltr'>λόγῳ</span> <span class='ocrx_word' id='word_1_761' title='bbox 540 5673 849 5751; x_wconf 88' lang='grc' dir='ltr'>λάμποντα.</span> <span class='ocrx_word' id='word_1_762' title='bbox 1828 5680 1835 5687; x_wconf 85' lang='grc'><strong>’</strong></span> 
     </span>
    </p>
   </div>
   <div class='ocr_carea' id='block_1_106' title="bbox 427 5774 2009 5860">
    <p class='ocr_par' dir='ltr' id='par_1_106' title="bbox 427 5774 2009 5860">
     <span class='ocr_line' id='line_1_106' title="bbox 427 5774 2009 5860; baseline -0.003 -23"><span class='ocrx_word' id='word_1_763' title='bbox 427 5807 458 5838; x_wconf 76' lang='grc' dir='ltr'>ι(</span> <span class='ocrx_word' id='word_1_764' title='bbox 489 5785 628 5844; x_wconf 81' lang='grc' dir='ltr'>Ἀπὸ</span> <span class='ocrx_word' id='word_1_765' title='bbox 670 5780 1059 5860; x_wconf 72' lang='grc' dir='ltr'>ἐπιτήμησεώς</span> <span class='ocrx_word' id='word_1_766' title='bbox 1124 5800 1247 5855; x_wconf 88' lang='grc' dir='ltr'>σου,</span> <span class='ocrx_word' id='word_1_767' title='bbox 1294 5779 1481 5860; x_wconf 85' lang='grc' dir='ltr'>Κύριε.</span> <span class='ocrx_word' id='word_1_768' title='bbox 1527 5799 1554 5835; x_wconf 71' lang='grc' dir='ltr'>ι</span> <span class='ocrx_word' id='word_1_769' title='bbox 1609 5810 1680 5825; x_wconf 87' lang='lat'>--</span> <span class='ocrx_word' id='word_1_770' title='bbox 1724 5780 1902 5835; x_wconf 86' lang='grc' dir='ltr'>Ταῦτα</span> <span class='ocrx_word' id='word_1_771' title='bbox 1950 5774 2009 5834; x_wconf 75' lang='grc' dir='ltr'>δὲ</span> 
     </span>
    </p>
   </div>
   <div class='ocr_carea' id='block_1_107' title="bbox 2119 4771 3765 4853">
    <p class='ocr_par' dir='ltr' id='par_1_107' title="bbox 2119 4771 3765 4853">
     <span class='ocr_line' id='line_1_107' title="bbox 2119 4771 3765 4853; baseline 0 -24"><span class='ocrx_word' id='word_1_772' title='bbox 2119 4771 2469 4846; x_wconf 82' lang='grc' dir='ltr'>ἐπιτίθεσθαι,</span> <span class='ocrx_word' id='word_1_773' title='bbox 2519 4772 2758 4848; x_wconf 88' lang='grc' dir='ltr'>καθάπερ</span> <span class='ocrx_word' id='word_1_774' title='bbox 2820 4772 2910 4827; x_wconf 78' lang='grc' dir='ltr'>καὶ</span> <span class='ocrx_word' id='word_1_775' title='bbox 2973 4776 3086 4828; x_wconf 89' lang='grc' dir='ltr'>νῦν·</span> <span class='ocrx_word' id='word_1_776' title='bbox 3156 4772 3404 4838; x_wconf 85' lang='grc' dir='ltr'>ἐπέθεντο</span> <span class='ocrx_word' id='word_1_777' title='bbox 3460 4773 3585 4852; x_wconf 78' lang='grc' dir='ltr'>γὰρ,</span> <span class='ocrx_word' id='word_1_778' title='bbox 3658 4796 3765 4853; x_wconf 87' lang='grc' dir='ltr'>φη-</span> 
     </span>
    </p>
   </div>
   <div class='ocr_carea' id='block_1_108' title="bbox 2116 4857 3763 4941">
    <p class='ocr_par' dir='ltr' id='par_1_108' title="bbox 2116 4857 3763 4941">
     <span class='ocr_line' id='line_1_108' title="bbox 2116 4857 3763 4941; baseline -0.001 -23"><span class='ocrx_word' id='word_1_779' title='bbox 2116 4860 2222 4937; x_wconf 86' lang='grc' dir='ltr'>σὶν,</span> <span class='ocrx_word' id='word_1_780' title='bbox 2254 4862 2308 4917; x_wconf 72' lang='grc' dir='ltr'>οἱ</span> <span class='ocrx_word' id='word_1_781' title='bbox 2359 4860 2552 4939; x_wconf 86' lang='grc' dir='ltr'>ἐχθροί</span> <span class='ocrx_word' id='word_1_782' title='bbox 2603 4882 2710 4935; x_wconf 90' lang='grc' dir='ltr'>μου</span> <span class='ocrx_word' id='word_1_783' title='bbox 2759 4857 2866 4917; x_wconf 62' lang='grc' dir='ltr'>εἷίτε</span> <span class='ocrx_word' id='word_1_784' title='bbox 2903 4862 2958 4916; x_wconf 74' lang='grc' dir='ltr'>οἱ</span> <span class='ocrx_word' id='word_1_785' title='bbox 3004 4863 3216 4939; x_wconf 80' lang='grc' dir='ltr'>ὁρατοὶ,</span> <span class='ocrx_word' id='word_1_786' title='bbox 3264 4859 3372 4919; x_wconf 55' lang='grc' dir='ltr'>εἷίτε</span> <span class='ocrx_word' id='word_1_787' title='bbox 3418 4863 3474 4920; x_wconf 74' lang='grc' dir='ltr'>οἱ</span> <span class='ocrx_word' id='word_1_788' title='bbox 3515 4862 3763 4941; x_wconf 88' lang='grc' dir='ltr'>ἀόρατοι,</span> 
     </span>
    </p>
   </div>
   <div class='ocr_carea' id='block_1_109' title="bbox 2117 4950 3760 5028">
    <p class='ocr_par' dir='ltr' id='par_1_109' title="bbox 2117 4950 3760 5028">
     <span class='ocr_line' id='line_1_109' title="bbox 2117 4950 3760 5028; baseline 0.001 -21"><span class='ocrx_word' id='word_1_789' title='bbox 2117 4950 2170 5007; x_wconf 91' lang='grc' dir='ltr'>ἐν</span> <span class='ocrx_word' id='word_1_790' title='bbox 2221 4950 2399 5028; x_wconf 87' lang='grc' dir='ltr'>καιρῷ</span> <span class='ocrx_word' id='word_1_791' title='bbox 2460 4951 2752 5014; x_wconf 83' lang='grc' dir='ltr'>κακώσεώς</span> <span class='ocrx_word' id='word_1_792' title='bbox 2806 4971 2933 5024; x_wconf 89' lang='grc' dir='ltr'>μου,</span> <span class='ocrx_word' id='word_1_793' title='bbox 2978 4951 3253 5008; x_wconf 88' lang='grc' dir='ltr'>τουτέστιν</span> <span class='ocrx_word' id='word_1_794' title='bbox 3315 4952 3586 5016; x_wconf 87' lang='grc' dir='ltr'>ἀσθενείας</span> <span class='ocrx_word' id='word_1_795' title='bbox 3651 4957 3760 5008; x_wconf 90' lang='grc' dir='ltr'>τῶν</span> 
     </span>
    </p>
   </div>
   <div class='ocr_carea' id='block_1_110' title="bbox 2116 5037 3764 5119">
    <p class='ocr_par' dir='ltr' id='par_1_110' title="bbox 2116 5037 3764 5119">
     <span class='ocr_line' id='line_1_110' title="bbox 2116 5037 3764 5119; baseline 0.001 -22"><span class='ocrx_word' id='word_1_796' title='bbox 2116 5041 2434 5115; x_wconf 87' lang='grc' dir='ltr'>πολεμικῶν</span> <span class='ocrx_word' id='word_1_797' title='bbox 2496 5044 2872 5117; x_wconf 89' lang='grc' dir='ltr'>παρασκευῶν,</span> <span class='ocrx_word' id='word_1_798' title='bbox 2913 5037 3021 5097; x_wconf 80' lang='grc' dir='ltr'>εἷ’τε</span> <span class='ocrx_word' id='word_1_799' title='bbox 3062 5045 3170 5097; x_wconf 90' lang='grc' dir='ltr'>τῶν</span> <span class='ocrx_word' id='word_1_800' title='bbox 3221 5042 3454 5119; x_wconf 82' lang='grc' dir='ltr'>ὁρατῶν,</span> <span class='ocrx_word' id='word_1_801' title='bbox 3503 5039 3610 5098; x_wconf 71' lang='grc' dir='ltr'>εἴτε</span> <span class='ocrx_word' id='word_1_802' title='bbox 3655 5047 3764 5098; x_wconf 89' lang='grc' dir='ltr'>τῶν</span> 
     </span>
    </p>
   </div>
   <div class='ocr_carea' id='block_1_111' title="bbox 2119 5128 3766 5207">
    <p class='ocr_par' dir='ltr' id='par_1_111' title="bbox 2119 5128 3766 5207">
     <span class='ocr_line' id='line_1_111' title="bbox 2119 5128 3766 5207; baseline 0.001 -21"><span class='ocrx_word' id='word_1_803' title='bbox 2119 5131 2384 5207; x_wconf 88' lang='grc' dir='ltr'>ἀοράτων·</span> <span class='ocrx_word' id='word_1_804' title='bbox 2437 5130 2754 5186; x_wconf 86' lang='grc' dir='ltr'>ἀσθενοῦντα</span> <span class='ocrx_word' id='word_1_805' title='bbox 2798 5128 2899 5207; x_wconf 89' lang='grc' dir='ltr'>γάρ</span> <span class='ocrx_word' id='word_1_806' title='bbox 2955 5150 3023 5205; x_wconf 87' lang='grc' dir='ltr'>με</span> <span class='ocrx_word' id='word_1_807' title='bbox 3080 5129 3392 5207; x_wconf 85' lang='grc' dir='ltr'>βλέποννες,</span> <span class='ocrx_word' id='word_1_808' title='bbox 3439 5129 3565 5188; x_wconf 89' lang='grc' dir='ltr'>τότε</span> <span class='ocrx_word' id='word_1_809' title='bbox 3623 5129 3766 5207; x_wconf 79' lang='grc' dir='ltr'>μᾶλ-</span> 
     </span>
    </p>
   </div>
   <div class='ocr_carea' id='block_1_112' title="bbox 2118 5218 2573 5284">
    <p class='ocr_par' dir='ltr' id='par_1_112' title="bbox 2118 5218 2573 5284">
     <span class='ocr_line' id='line_1_112' title="bbox 2118 5218 2573 5284; baseline -0.002 -7"><span class='ocrx_word' id='word_1_810' title='bbox 2118 5218 2215 5277; x_wconf 91' lang='grc' dir='ltr'>λον</span> <span class='ocrx_word' id='word_1_811' title='bbox 2248 5219 2573 5284; x_wconf 89' lang='grc' dir='ltr'>ἐπετίθεντο.</span> 
     </span>
    </p>
   </div>
   <div class='ocr_carea' id='block_1_113' title="bbox 2190 5306 3771 5387">
    <p class='ocr_par' dir='ltr' id='par_1_113' title="bbox 2190 5306 3771 5387">
     <span class='ocr_line' id='line_1_113' title="bbox 2190 5306 3771 5387; baseline 0.002 -25"><span class='ocrx_word' id='word_1_812' title='bbox 2190 5333 2219 5362; x_wconf 86' lang='grc'>‹‹</span> <span class='ocrx_word' id='word_1_813' title='bbox 2249 5308 2349 5364; x_wconf 81' lang='grc' dir='ltr'>Καὶ</span> <span class='ocrx_word' id='word_1_814' title='bbox 2402 5307 2611 5385; x_wconf 88' lang='grc' dir='ltr'>ἐγένετο</span> <span class='ocrx_word' id='word_1_815' title='bbox 2659 5306 2855 5383; x_wconf 87' lang='grc' dir='ltr'>Κύριος</span> <span class='ocrx_word' id='word_1_816' title='bbox 2901 5306 3300 5387; x_wconf 79' lang='grc' dir='ltr'>ἀντιστήριγμά</span> <span class='ocrx_word' id='word_1_817' title='bbox 3351 5331 3477 5383; x_wconf 89' lang='grc' dir='ltr'>μου.</span> <span class='ocrx_word' id='word_1_818' title='bbox 3511 5332 3542 5363; x_wconf 87' lang='grc'><strong>››</strong></span> <span class='ocrx_word' id='word_1_819' title='bbox 3588 5342 3658 5353; x_wconf 91' lang='lat'>—-</span> <span class='ocrx_word' id='word_1_820' title='bbox 3704 5309 3771 5365; x_wconf 84' lang='lat' dir='ltr'><em>El</em></span> 
     </span>
    </p>
   </div>
   <div class='ocr_carea' id='block_1_114' title="bbox 2122 5396 3771 5475">
    <p class='ocr_par' dir='ltr' id='par_1_114' title="bbox 2122 5396 3771 5475">
     <span class='ocr_line' id='line_1_114' title="bbox 2122 5396 3771 5475; baseline 0 -20"><span class='ocrx_word' id='word_1_821' title='bbox 2122 5397 2427 5473; x_wconf 85' lang='grc' dir='ltr'>μέλλοντος</span> <span class='ocrx_word' id='word_1_822' title='bbox 2454 5401 2770 5453; x_wconf 88' lang='grc' dir='ltr'>καταπεσεῖν</span> <span class='ocrx_word' id='word_1_823' title='bbox 2802 5396 3175 5475; x_wconf 84' lang='grc' dir='ltr'>ἀντηρείσατο,</span> <span class='ocrx_word' id='word_1_824' title='bbox 3194 5396 3405 5475; x_wconf 85' lang='grc' dir='ltr'>ἐγένετο</span> <span class='ocrx_word' id='word_1_825' title='bbox 3432 5400 3504 5473; x_wconf 77' lang='grc' dir='ltr'>τῇ</span> <span class='ocrx_word' id='word_1_826' title='bbox 3530 5398 3771 5472; x_wconf 83' lang='grc' dir='ltr'>ἀσθενείᾳ</span> 
     </span>
    </p>
   </div>
   <div class='ocr_carea' id='block_1_115' title="bbox 2118 5480 3254 5565">
    <p class='ocr_par' dir='ltr' id='par_1_115' title="bbox 2118 5480 3254 5565">
     <span class='ocr_line' id='line_1_115' title="bbox 2118 5480 3254 5565; baseline 0 -22"><span class='ocrx_word' id='word_1_827' title='bbox 2118 5488 2442 5565; x_wconf 84' lang='grc' dir='ltr'>στηριγμὸς,</span> <span class='ocrx_word' id='word_1_828' title='bbox 2472 5487 2590 5542; x_wconf 89' lang='grc' dir='ltr'>ἀντὶ</span> <span class='ocrx_word' id='word_1_829' title='bbox 2622 5480 2822 5563; x_wconf 79' lang='grc' dir='ltr'>ῥάϐδου</span> <span class='ocrx_word' id='word_1_830' title='bbox 2854 5484 3254 5564; x_wconf 74' lang='grc' dir='ltr'>ἐπερείδούσης.</span> 
     </span>
    </p>
   </div>
   <div class='ocr_carea' id='block_1_116' title="bbox 2191 5591 3764 5670">
    <p class='ocr_par' dir='ltr' id='par_1_116' title="bbox 2191 5591 3764 5670">
     <span class='ocr_line' id='line_1_116' title="bbox 2191 5591 3764 5670; baseline 0.001 -21"><span class='ocrx_word' id='word_1_831' title='bbox 2191 5620 2219 5649; x_wconf 93' lang='grc'>‹‹</span> <span class='ocrx_word' id='word_1_832' title='bbox 2254 5594 2352 5651; x_wconf 85' lang='grc' dir='ltr'>Καὶ</span> <span class='ocrx_word' id='word_1_833' title='bbox 2437 5591 2669 5670; x_wconf 82' lang='grc' dir='ltr'>ἐξήγαγέ</span> <span class='ocrx_word' id='word_1_834' title='bbox 2741 5614 2809 5666; x_wconf 89' lang='grc' dir='ltr'>με</span> <span class='ocrx_word' id='word_1_835' title='bbox 2882 5594 2959 5657; x_wconf 83' lang='grc' dir='ltr'>εἰς</span> <span class='ocrx_word' id='word_1_836' title='bbox 3026 5593 3366 5670; x_wconf 89' lang='grc' dir='ltr'>πλατυσμόν.</span> <span class='ocrx_word' id='word_1_837' title='bbox 3422 5620 3452 5651; x_wconf 85' lang='grc'><strong>››</strong></span> <span class='ocrx_word' id='word_1_838' title='bbox 3501 5629 3571 5639; x_wconf 89' lang='grc'><strong><em>-</em></strong></span> <span class='ocrx_word' id='word_1_839' title='bbox 3627 5595 3764 5652; x_wconf 83' lang='grc' dir='ltr'>Ἀπὸ</span> 
     </span>
    </p>
   </div>
   <div class='ocr_carea' id='block_1_117' title="bbox 2116 5677 3767 5765">
    <p class='ocr_par' dir='ltr' id='par_1_117' title="bbox 2116 5677 3767 5765">
     <span class='ocr_line' id='line_1_117' title="bbox 2116 5677 3767 5765; baseline -0.001 -25"><span class='ocrx_word' id='word_1_840' title='bbox 2116 5693 2217 5757; x_wconf 84' lang='grc' dir='ltr'>τῆς</span> <span class='ocrx_word' id='word_1_841' title='bbox 2245 5689 2353 5741; x_wconf 89' lang='grc' dir='ltr'>τῶν</span> <span class='ocrx_word' id='word_1_842' title='bbox 2380 5682 2618 5759; x_wconf 82' lang='grc' dir='ltr'>θλίψεων</span> <span class='ocrx_word' id='word_1_843' title='bbox 2650 5677 2970 5755; x_wconf 85' lang='grc' dir='ltr'>στενότητος</span> <span class='ocrx_word' id='word_1_844' title='bbox 3029 5684 3106 5749; x_wconf 78' lang='grc' dir='ltr'>εἷς</span> <span class='ocrx_word' id='word_1_845' title='bbox 3165 5684 3501 5765; x_wconf 78' lang='grc' dir='ltr'>εὐφροσύνης</span> <span class='ocrx_word' id='word_1_846' title='bbox 3557 5684 3767 5749; x_wconf 87' lang='grc' dir='ltr'>πλάτος</span> 
     </span>
    </p>
   </div>
   <div class='ocr_carea' id='block_1_118' title="bbox 2117 5771 3766 5853">
    <p class='ocr_par' dir='ltr' id='par_1_118' title="bbox 2117 5771 3766 5853">
     <span class='ocr_line' id='line_1_118' title="bbox 2117 5771 3766 5853; baseline 0.001 -21"><span class='ocrx_word' id='word_1_847' title='bbox 2117 5773 2243 5850; x_wconf 67' lang='grc' dir='ltr'>ἤτοι</span> <span class='ocrx_word' id='word_1_848' title='bbox 2301 5772 2571 5853; x_wconf 83' lang='grc' dir='ltr'>διάχυσιν·</span> <span class='ocrx_word' id='word_1_849' title='bbox 2628 5771 2766 5832; x_wconf 84' lang='grc' dir='ltr'>κατᾶ</span> <span class='ocrx_word' id='word_1_850' title='bbox 2818 5773 2916 5850; x_wconf 79' lang='grc' dir='ltr'>τὸ,</span> <span class='ocrx_word' id='word_1_851' title='bbox 2970 5798 3000 5828; x_wconf 91' lang='grc'>‹‹</span> <span class='ocrx_word' id='word_1_852' title='bbox 3069 5775 3157 5834; x_wconf 88' lang='grc' dir='ltr'>Ἐν</span> <span class='ocrx_word' id='word_1_853' title='bbox 3220 5775 3405 5853; x_wconf 80' lang='grc' dir='ltr'>θλίψει</span> <span class='ocrx_word' id='word_1_854' title='bbox 3465 5772 3766 5841; x_wconf 81' lang='grc' dir='ltr'>ἐπλάτυνάς</span> 
     </span>
    </p>
   </div>
  </div>
