4072 6454
268 445 428 513 “03

1525 447 1950 516 NICEPHORI
1993 439 2438 516 BLEMMIDE

3529 434 3697 510 MM

277 601 364 656 με·
398 580 495 652 »ἢ
542 581 626 638 ὅτι
673 582 1124 657 περικυκλοῦντες
1173 585 1224 640 οἱ
1273 584 1485 662 ἐχθροὶ,
1531 589 1772 641 στενοῦσι
1827 584 1917 638 τὸν
1949 583 2132 653 Ατήν
2187 584 2476 661 ἁμαρτίαν.
2508 585 2572 640 Ἦ
2624 580 2682 642 δὲ
2736 581 3048 657 ἀντωνυμία
3103 579 3422 658 πρόσκειται
3479 578 3569 638 διὰ
3626 579 3695 638 τὸ

277 670 772 746 ἐναπειλημμένον.
806 676 965 729 Ὅταν
1026 672 1072 729 δ’
1121 674 1369 751 ἐξενεχθῇ
1416 675 1642 748 τούτων,
1675 673 1926 748 ἀπολαύῃ

279 761 621 838 εὐρυχωρίας
657 765 850 836 μηκέτι
878 765 1223 840 στενοχωρού
1233 785 1409 838 μενος.

351 893 378 922 ‹‹
413 869 652 924 Ῥύσεταί
710 891 775 943 με
831 869 913 926 δτι
978 872 1212 943 ἠθέλησέ
1291 894 1377 946 με.
1439 896 1466 923 »
1525 905 1594 916 —-
1648 872 1923 944 Τοσαύτης

277 959 510 1030 ἀξιώσας
565 958 894 1033 κηδεμονίας
944 962 978 1030 ἦ
1039 961 1128 1016 καὶ
1183 963 1245 1017 τὸ
1306 960 1512 1036 μέλλον
1573 985 1638 1036 με
1707 962 1924 1025 πάντως

276 1047 512 1124 ῥύσεται·
609 1047 850 1119 ἠθέλησε
921 1049 1022 1127 γάρ
1120 1073 1203 1125 με,
1302 1053 1574 1108 τουτέστιν
1652 1051 1925 1124 ἐξελέξατό

279 1157 365 1211 με.

348 1249 378 1278 ‹‹
412 1225 513 1284 Καὶ
565 1225 932 1284 ἀνταποδώσει
988 1251 1085 1302 μοι
1133 1229 1330 1306 Κύριος
1377 1232 1514 1286 κατὰ
1549 1233 1648 1301 τὴν
1711 1229 1924 1287 δικαιο-

275 1313 436 1385 σύνην
492 1337 617 1389 μου.
656 1341 676 1367 ι
715 1351 780 1359 -
827 1320 915 1388 Μὴ
969 1315 1230 1390 ἀδικήσας
1279 1321 1381 1396 γὰρ
1429 1321 1558 1382 τοὺς
1606 1321 1922 1398 ἐχθραίνον-

272 1402 368 1466 τάς
433 1426 527 1478 μοι
587 1406 678 1460 καὶ
758 1404 965 1470 δίκαιος
1029 1409 1096 1462 τά
1167 1430 1226 1484 γε
1283 1410 1420 1484 πρὸς
1479 1409 1674 1472 αὐτοὺς
1718 1410 1922 1489 φανεὶς,

271 1493 408 1548 κατά
452 1497 614 1549 τοῦτο
663 1495 922 1569 τεύξομαι
967 1504 1068 1566 τῆς
1126 1493 1368 1571 ἀμοιϐῆς
1421 1500 1569 1576 παρὰ
1612 1504 1709 1556 τοῦ
1767 1505 1922 1574 Θεοῦ,

273 1582 363 1636 καὶ
397 1583 514 1638 ἀντὶ
560 1585 755 1639 τούτου
805 1583 1074 1641 ἀποδώσει
1128 1608 1221 1660 μοι
1269 1586 1507 1666 καθάπερ
1549 1588 1776 1668 ὀφειλὴν
1824 1591 1923 1660 τὴν

279 1669 470 1727 ἑαυτοῦ
505 1673 779 1748 βοήθειαν.

349 1761 506 1816 «Καὶ
573 1764 707 1818 κατά
775 1765 874 1834 τήν
943 1765 1308 1842 καθαριότητα
1369 1771 1478 1822 τῶν
1543 1772 1745 1845 χειρῶν
1820 1789 1924 1842 μου

274 1848 644 1906 ἀνταποδώσει
727 1875 841 1927 μοι.
917 1878 945 1906 ››
1021 1888 1088 1899 ——
1165 1856 1480 1932 Καθαρότης
1545 1862 1654 1912 τῶν
1721 1862 1922 1935 χειρῶν

2031 673 2132 742 τήν
2187 674 2450 750 ἁμαρτίαν
2511 675 2564 730 οἱ
2613 673 2743 729 εἶναι
2790 680 2890 743 τῆς
2937 672 3154 747 σαρκὸς,
3268 671 3359 727 καὶ
3405 669 3696 735 κατατίθε-

2031 782 2121 817 ται
2172 763 2445 842 σφαλῆναι
2501 761 2808 841 ἄνθρωπος·
2870 759 3049 825 οὐδεὶς
3106 763 3210 838 γὰρ
3269 759 3321 815 ἐν
3379 760 3694 836 ἀνθρώποις

2035 852 2435 928 ἀναμάρτητος.

2109 984 2138 1014 ‹‹
2167 962 2270 1020 Καὶ
2303 958 2676 1017 ἂνταποδώσει
2733 982 2827 1034 μοι
2873 959 3072 1037 Κύριος
3121 958 3259 1014 κατὰ
3311 958 3411 1027 τὴν
3473 955 3697 1013 δικαιο-

2035 1049 2198 1121 σύνην
2250 1073 2354 1124 μου
2404 1050 2493 1106 καὶ
2536 1051 2671 1106 κατά
2717 1052 2816 1120 τὴν
2883 1049 3250 1125 καθαριότητα
3319 1052 3427 1102 τῶν
3486 1051 3698 1123 χειρῶν

2038 1160 2143 1214 μου
2220 1139 2450 1204 ἐνώπιον
2512 1143 2620 1194 τῶν
2690 1138 2986 1218 ὀφθαλμῶν
3050 1137 3237 1196 αὑτοῦ.
3287 1157 3314 1191 ι
3372 1171 3441 1180 -
3487 1135 3554 1193 Ei
3635 1133 3698 1193 δὲ

2032 1233 2282 1292 τοιοῦτος
2332 1227 2486 1303 ἤμην
2534 1227 2624 1284 καὶ
2673 1226 2888 1304 ἔσομαι,
2937 1229 3154 1290 πάντως
3212 1222 3452 1301 ἀμοιϐῆς
3501 1227 3699 1300 τεύξο-

2038 1341 2154 1393 μαι,
2199 1318 2378 1383 καθὼς
2425 1318 2768 1394 προείρηται.
2822 1315 3204 1394 Καθαριότητα
3272 1313 3330 1372 δὲ
3389 1321 3496 1371 τῶν
3565 1335 3695 1392 χει-

2035 1413 2142 1485 ρῶν
2208 1430 2312 1482 μου
2369 1409 2469 1478 τὴν
2512 1407 2742 1463 ἐνώπιον
2792 1407 2956 1463 αὐτοῦ
3003 1405 3317 1484 γινομένην·
3349 1405 3412 1461 οὐ
3460 1406 3564 1482 γὰρ
3616 1405 3699 1468 εἷς

2033 1495 2285 1569 ἐπίδειξιν
2319 1497 2645 1575 ἀνθρώπων,
2677 1495 2804 1554 ἀλλ’
2849 1497 2928 1560 εἷς
2974 1495 3249 1574 ἀρέσκειαν
3303 1499 3437 1551 Θεοῦ
3485 1495 3693 1566 ταύτην

2034 1587 2340 1661 ἐποιούμην
2355 1631 2365 1646 .

2105 1702 2133 1730 ‹‹
2167 1678 2314 1734 Μετὰ
2369 1675 2520 1733 ὁσίου
2580 1675 2728 1739 ὅσιος
2777 1674 2890 1750 ἔσῃ,
2939 1674 3028 1730 καὶ
3078 1675 3214 1748 μετὰ
3263 1670 3458 1751 ἀνδρὸς
3507 1673 3692 1729 ἀθώου

2034 1767 2207 1830 ἀθῶος
2266 1763 2377 1842 ἔσῃ,
2435 1766 2525 1822 καὶ
2587 1765 2722 1839 μετὰ
2777 1763 3035 1820 ἐκλεκτοῦ
3094 1761 3348 1826 ἐκλεκτὸς
3426 1762 3538 1838 ἔσῃ,
3599 1763 3691 1818 καὶ

2037 1856 2174 1930 μετὰ
2230 1851 2497 1932 στρεϐλοῦ
2555 1853 2916 1932 διαστρέψεις.
2971 1877 3000 1905 ››
3049 1885 3119 1896 -—
3167 1856 3354 1915 Ὅσιος
3403 1853 3497 1927 μὲν
3548 1849 3694 1908 ἔστιν

275 1939 730 2030 ἐφερμηνευτικόν
809 1941 918 1998 ἐστι
995 1951 1096 2014 τῆς
1181 1943 1549 2018 δικαιοσύνης·
1627 1943 1750 2001 οὕτε
1821 1947 1922 2024 γὰρ
1957 1963 2004 2030 Β
2035 1946 2064 2001 6
2109 1947 2178 2001 τά
2228 1947 2364 2021 πρὸς
2411 1945 2540 2002 Θεὸν
2592 1939 2840 2017 εὐσεϐὴς,
2891 1944 3067 2005 ἀθῶος
3113 1939 3171 1997 δὲ
3219 1937 3354 1997 ὁτὰ
3409 1943 3548 2019 πρὸς
3593 1942 3689 1998 ἀν..

272 2026 494 2105 ἤρπασα
538 2030 661 2086 οὕτε
715 2030 1135 2107 ἐπλεονέκτησα,
1197 2031 1319 2090 οὔτε
1367 2030 1735 2092 ἐπεϐούλευσα
1810 2041 1926 2100 τοῖς

275 2114 743 2194 ἐπιϐουλεύσασιν,
795 2121 939 2178 ἀλλᾶ
981 2124 1216 2200 καθαρὰς
1274 2121 1389 2200 ἔχω
1435 2125 1531 2188 τὰς
1578 2130 1768 2203 χεῖρας
1820 2125 1925 2181 ἀπὸ

273 2210 474 2271 παντὸς
511 2209 799 2284 μολυσμοῦ
856 2216 1277 2289 συγκρινομένας
1325 2215 1464 2290 πρὸς
1500 2216 1595 2278 τὰς
1654 2215 1852 2271 αὐτῶν·
1886 2217 1923 2286 ἢ

271 2298 361 2353 καὶ
395 2296 485 2354 διὰ
509 2304 618 2354 τῶν
649 2306 852 2378 χειρῶν
884 2301 1217 2379 πράττομεν.

346 2429 376 2459 ‹‹
405 2407 523 2462 Ὅτι
556 2405 791 2486 ἐφύλαξα
819 2411 915 2473 τὰς
947 2408 1105 2474 ὁδοὺς
1143 2411 1342 2485 Κυρίου
1391 2409 1480 2467 καὶ
1527 2412 1626 2468 οὐκ
1681 2408 1926 2486 ἠσέϐησα

276 2494 381 2550 ἀπὸ
424 2501 525 2551 τοῦ
573 2502 707 2553 Θεοῦ
777 2521 903 2572 μου.
949 2524 979 2553 ››
1031 2533 1102 2543 —-
1163 2504 1339 2556 Ταῦτα
1394 2497 1541 2555 αἷίεια
1591 2501 1770 2572 τίθησι
1826 2505 1924 2572 τῆς

269 2585 642 2662 καθαρότητος
722 2591 830 2643 τῶν
921 2594 1147 2666 χειρῶν,
1226 2588 1564 2663 ἐκαθαρίευον
1639 2592 1762 2667 γὰρ,
1841 2589 1924 2646 ὅτι

272 2672 511 2752 ἐφύλαξα
558 2676 656 2740 τὰς
708 2675 867 2741 ὁδοὺς
927 2679 1150 2754 Κυρίου,
1202 2676 1329 2750 ἤτοι
1382 2682 1480 2743 τὰς
1538 2679 1762 2743 ἐντολὰς
1820 2687 1924 2736 Κυ-

273 2763 416 2840 ρίου·
448 2765 538 2820 καὶ
588 2766 696 2842 οὐχ
743 2767 817 2830 ὡς
867 2763 1067 2838 ἀσεϐὴς
1116 2768 1350 2840 ἀπέστην
1401 2769 1566 2824 αὐτοῦ
1625 2767 1749 2825 οὐδὲ
1795 2770 1923 2825 ταύ-

271 2873 371 2916 τας
417 2859 622 2930 τηρῶν,
665 2855 756 2911 καὶ
810 2853 881 2912 δι’
922 2857 1098 2913 αὐτῶν
1141 2855 1342 2914 ὁδεύων
1395 2858 1701 2935 ἀναγκαίως
1759 2861 1923 2914 καθα-

277 2942 496 3021 ριεύσω.

349 3055 379 3084 ‹‹
409 3034 528 3087 Ὅτι
577 3031 750 3088 πάντα
797 3034 865 3089 τὰ
909 3034 1149 3112 κρίματα
1201 3036 1364 3092 αὐτοῦ
1411 3035 1641 3093 ἐνώπιόν
1679 3059 1804 3111 μου,
1835 3038 1926 3092 καὶ

269 3121 337 3176 τὰ
391 3117 734 3194 δικαιώματα
780 3123 944 3179 αὐτοῦ
993 3124 1092 3180 οὐκ
1160 3123 1463 3196 ἀπέστησαν
1531 3127 1621 3182 ἀπ’
1687 3123 1843 3200 ἐμοῦ.
1897 3150 1925 3177 ›)

267 3241 338 3252 -
395 3211 618 3286 Ἕτερον
676 3211 870 3284 νόμος,
927 3213 1017 3268 καὶ
1091 3210 1272 3289 ἕτερον
1324 3214 1544 3289 ἐντολὴ,
1597 3215 1688 3271 καὶ
1741 3212 1922 3292 ἕτερον

2037 2036 2310 2112 θρώπους·
2371 2031 2624 2097 ἐκλεκτὸς
2684 2031 2742 2090 δὲ
2791 2035 2819 2088 6
2872 2033 2940 2088 τὰ
2996 2033 3132 2109 πρὸς
3192 2032 3386 2106 ἀρετὴν
3454 2031 3688 2094 τέλειος·

2034 2120 2296 2200 στρεϐλὸς
2356 2121 2415 2179 δὲ
2470 2123 2499 2179 6
2558 2121 2800 2185 σκολιός·
2862 2119 3259 2185 Διδασκαλικὸς
3320 2119 3474 2178 οῦνὸ
3526 2120 3692 2198 λόγος

2033 2212 2123 2268 καὶ
2154 2213 2292 2290 πρὸς
2335 2214 2429 2268 τὸν
2476 2213 2817 2288 τυγχάνοντα
2865 2210 3288 2284 ἀποτεινόμενος
3345 2210 3436 2266 καὶ
3489 2209 3690 2286 λέγων,

2036 2301 2118 2358 ὅτι
2147 2303 2276 2364 Οἷός
2314 2302 2453 2357 ἐστιν
2503 2303 2550 2373 ᾧ
2588 2306 2874 2372 συνοικεῖς,
2904 2304 3154 2362 τοιοῦτος
3203 2295 3295 2374 ἔσῃ
3341 2301 3433 2355 καὶ
3488 2299 3551 2354 σὺ
3599 2301 3692 2354 καὶ

2034 2391 2172 2468 πρὸς
2219 2392 2318 2461 τὴν
2368 2389 2479 2463 ἕξεν
2535 2390 2698 2445 αὐτοῦ
2768 2383 3274 2464 μεταϐαλλόμενος.
3325 2390 3396 2444 Τὸ
3462 2387 3520 2444 δὲ
3577 2387 3694 2445 δια-

2035 2479 2281 2558 στρέψεις
2348 2480 2465 2535 ἀντὶ
2519 2484 2617 2534 τοῦ
2693 2474 2968 2556 Στρεϐλὸς
3049 2475 3175 2553 ἔσῃ,
3221 2479 3282 2548 ἢ,
3343 2477 3692 2554 Διαστρέψεις

2031 2571 2133 2639 τὴν
2178 2570 2430 2646 γνώμην·
2482 2570 2771 2644 ἀνάγονται
2823 2565 2882 2623 δὲ
2927 2567 3017 2622 καὶ
3064 2568 3202 2643 πρὸς
3247 2568 3378 2624 Θεὸν
3409 2568 3565 2623 ταυτὶ
3621 2568 3693 2624 τὰ

2036 2657 2276 2736 ῥήματα,
2308 2658 2399 2715 καὶ
2447 2655 2656 2714 διδόασι
2703 2656 2962 2726 τοιαύτην
3011 2652 3240 2729 ἔννοιαν,
3284 2655 3369 2712 ὅτι
3423 2659 3494 2712 Τὸ
3551 2658 3691 2734 πρὸς

2036 2751 2180 2822 ἀξίαν
2227 2745 2533 2809 ἀποδώσεις
2601 2746 2828 2820 ἑκάστῳ,
2883 2744 3224 2810 δικαιότατος
3289 2746 3384 2818 ὢν,
3435 2747 3527 2802 καὶ
3601 2747 3696 2802 τὸν

2039 2841 2132 2914 μὲν
2164 2837 2309 2895 ὅσιον
2354 2837 2514 2893 ὁσιῶν
2567 2832 2679 2910 ἔσῃ,
2739 2835 2830 2890 τὸν
2891 2833 2950 2890 δὲ
3001 2834 3179 2899 ἀθῶον
3237 2835 3453 2906 ἀθωῶν,
3479 2837 3574 2892 τὸν
3633 2834 3692 2892 δὲ

2036 2925 2289 2985 ἐκλεκτὸν
2335 2924 2719 3002 ἐκλεγόμενος,
2775 2923 2868 2981 τὸν
2927 2921 2986 2979 δὲ
3043 2920 3304 3000 στρεϐλὸν
3358 2922 3692 3004 διαστρέφων

2038 3016 2130 3074 καὶ
2155 3013 2543 3090 συμποδίζων.
2622 3012 2728 3069 Καὶ
2795 3009 2908 3068 ἔστι
2972 3013 3036 3068 τὸ
3095 3019 3292 3090 σχῆμα
3347 3007 3524 3088 ὄνομα
3575 3013 3685 3068 ἀντί

2040 3113 2303 3182 μετοχῆς·
2336 3102 2484 3167 ὅσιος
2512 3103 2626 3159 ἀντὶ
2648 3106 2747 3158 τοῦ
2778 3102 2962 3158 ὁσιῶν.

2109 3216 2289 3268 «Ὅτι
2344 3211 2408 3266 σὺ
2463 3210 2595 3268 λαὸν
2649 3210 2900 3264 ταπεινὸν
2957 3210 3168 3283 σώσεις,
3228 3208 3320 3265 καὶ
3374 3207 3695 3289 ὀφθαλμοὺς-

273 3296 591 3375 μαρτύριον,
650 3301 740 3355 καὶ
799 3299 941 3357 ἄλλο
999 3302 1192 3377 κρίμα,
1245 3303 1335 3358 καὶ
1407 3303 1549 3362 ἄλλο
1627 3303 1922 3379 δικαίωμα·
1959 3337 2002 3407 G
2041 3303 2400 3380 ὑπερηφάνων
2432 3300 2805 3361 ταπεινώσεις.
2837 3323 2866 3352 ››
2899 3331 2968 3341 -
2997 3297 3134 3361 Τοὺς
3181 3298 3233 3370 ἐξ
3278 3299 3477 3376 ἀρετῆς
3504 3319 3690 3355 ταπει-

315 3385 329 3407 Ι
559 3389 576 3407 \
685 3389 698 3407 ι
842 3391 867 3407 Λ
888 3390 926 3407 I‘
1373 3394 1386 3407 ι
1530 3399 1557 3407 ..
1672 3394 1686 3407 n
1792 3393 1810 3407 κ
1834 3400 1862 3407 ι..
2117 3394 2131 3407 ι
2235 3391 2249 3407 Ω
2301 3393 2326 3407 Λ
2369 3389 2390 3407 κ
2485 3389 2500 3407 \
2599 3385 2644 3407 (λι
2707 3389 2720 3407 ε
2934 3389 2944 3406 1
3172 3387 3185 3406 \
3298 3389 3311 3407 Ω
3528 3390 3539 3407 Ι

269 3385 440 3459 νόμος
520 3389 612 3462 μὲν
677 3389 704 3443 ὁ
771 3390 1007 3447 καθόλου
1088 3394 1426 3468 περιεκτικὸς
1492 3399 1598 3449 τῶν
1669 3393 1923 3450 ἐντολῶν·

281 3475 357 3538 ὡς
382 3475 467 3549 τὸ,
500 3500 529 3529 ‹‹
563 3479 624 3534 Ὁ
653 3477 825 3552 νόμος
874 3477 963 3535 διὰ
1009 3481 1250 3544 Μωσέως
1301 3480 1484 3554 ἐδόθη·
1519 3506 1547 3536 ››
1601 3482 1816 3539 ἐντολαὶ
1874 3481 1932 3540 δὲ

282 3564 337 3618 αἱ
399 3564 535 3620 κατὰ
585 3565 771 3642 μέρος·
828 3568 962 3622 οἷον·
1010 3592 1039 3621 ‹‹
1085 3570 1162 3626 Οὐ
1224 3570 1520 3648 φονεύσεις,
1572 3573 1639 3626 ού
1701 3571 1930 3648 μοιχεύ-

280 3673 412 3716 σεις·
471 3677 493 3705 n
543 3655 634 3709 καὶ
704 3653 802 3711 ὅσα
848 3658 966 3712 κατ’
1022 3655 1162 3721 εἶδος
1233 3657 1464 3736 εἷ’ρηται·
1521 3660 1815 3738 μαρτύριον
1875 3659 1932 3716 δὲ

283 3741 416 3819 ὅπερ
465 3743 494 3798 ὁ
542 3745 848 3817 νομοθέτης
901 3745 1034 3819 μετά
1078 3768 1226 3810 τινος
1274 3745 1668 3827 διαμαρτυρίας
1724 3771 1931 3826 παρεγ-

276 3837 468 3908 γυᾶται
533 3838 651 3896 τοῖς
723 3833 1026 3891 ἀκούουσιν·
1083 3837 1159 3899 ὡς
1217 3837 1341 3893 ὅταν
1409 3840 1436 3895 6
1501 3846 1741 3911 Μωϋσῆς
1799 3838 1933 3918 λέγῃ

274 3921 411 3997 πρὸς
459 3921 552 3977 τὸν
601 3921 752 3978 λαόν·
786 3923 868 3979 ὅτι
905 3948 933 3978 ι(
970 3926 1090 3980 Ἐὰν
1146 3924 1274 3982 τάδε
1331 3927 1422 3982 καὶ
1479 3924 1607 3982 τάδε
1663 3930 1935 3999 ποιήσητε

279 4005 719 4088 διαμαρτύρομαι
783 4014 908 4088 ὑμῖν
971 4017 1214 4092 σήμερον
1262 4016 1353 4072 τὸν
1413 4016 1636 4094 οὐρανὸν
1687 4017 1777 4072 καὶ
1831 4019 1932 4087 τὴν

277 4101 401 4175 γῆν,
436 4098 517 4156 ὅτι
552 4101 801 4175 ἀπωλείᾳ
849 4102 1161 4159 ἀπολεῖσθε·
1195 4128 1224 4158 ›)
1275 4104 1516 4183 κρίματα
1568 4103 1627 4161 δὲ
1683 4106 1781 4162 ὅσα
1835 4111 1933 4162 τοῦ

280 4192 415 4244 Θεοῦ
462 4189 738 4265 κρίνοντος
807 4191 1035 4271 ἐγράφη,
1083 4195 1322 4271 καθάπερ
1380 4194 1468 4250 ἐπὶ
1523 4200 1621 4252 τοῦ
1682 4196 1935 4275 βλασφη-

285 4280 560 4352 μήσαντος
606 4280 670 4336 τὸ
722 4277 952 4360 φοϐερὸν
1000 4278 1196 4357 ὄνομα.
1245 4286 1452 4354 Μωσῆς
1529 4286 1622 4359 μὲν
1689 4287 1790 4363 γὰρ
1846 4285 1935 4341 ἐπὶ

278 4367 370 4422 τὸν
426 4367 555 4423 Θεὸν
607 4371 706 4438 τήν
754 4371 929 4445 κρίσιν
979 4370 1250 4449 ἀνέφερεν·
1285 4372 1489 4428 ἐκείνου
1543 4369 1600 4429 δὲ
1631 4369 1932 4445 λιθοϐολη-

279 4463 436 4526 θῆναι
503 4463 694 4514 τοῦτον
771 4459 1127 4524 κελεύσαντος
1192 4462 1367 4540 κρίμα
1423 4466 1585 4518 τοῦτο
1655 4463 1746 4519 καὶ
1807 4463 1935 4541 ὅρος

273 4547 412 4600 κατὰ
465 4550 574 4602 τῶν
629 4546 817 4604 ἄλλων
885 4549 1228 4630 βλασφήμων
1288 4550 1521 4628 γέγονεν·
1593 4549 1936 4626 δικαιώματα

281 4630 340 4689 δὲ
367 4634 434 4690 τά
468 4640 695 4692 τοιαῦτα
740 4639 1152 4714 προστάγματα·
1187 4640 1299 4695 οἷον
1328 4665 1357 4693 ‹‹
1386 4641 1507 4695 Ἐὰν
1546 4643 1720 4716 κτήσῃ
1767 4640 1936 4696 παῖδα

2038 3394 2183 3455 νοός·
2225 3389 2547 3470 ὀφθαλμοὺς
2595 3385 2653 3444 δὲ
2702 3389 3060 3466 ὑπερηφάνων
3103 3387 3234 3450 τοὺς
3292 3389 3696 3468 ὑπερηφάνους,

2041 3482 2146 3536 ἀπὸ
2209 3479 2404 3557 μέρους
2449 3477 2513 3532 τὸ
2560 3482 2687 3532 πᾶν·
2719 3477 2755 3545 ἢ
2807 3476 2898 3530 καὶ
2943 3475 3025 3530 ὅτι
3074 3476 3182 3531 ἀπὸ
3228 3481 3338 3532 τῶν
3393 3475 3696 3554 ὀφθαλμῶν

2041 3570 2292 3635 εἰώθασιν
2340 3569 2391 3622 οἱ
2437 3570 2677 3622 τοιοῦτοι
2735 3563 3250 3642 χαρακτηρίζεσθαι,
3300 3564 3546 3643 αἴροντες
3595 3568 3697 3637 τὴν

2044 3659 2232 3738 ὀφρύν·
2269 3658 2601 3735 ὑπερήφανοι
2645 3656 2751 3731 γὰρ
2793 3655 2942 3730 παρὰ
2985 3655 3050 3710 τὸ
3097 3656 3208 3711 ἄνω
3259 3655 3427 3734 ὀφρὺν
3486 3655 3700 3711 ἀνατεί-

2039 3769 2166 3804 νειν.
2200 3746 2336 3810 Τοὺς
2369 3747 2459 3801 οὗν
2489 3749 2599 3801 τῶν
2629 3743 2892 3800 τοιούτων
2942 3743 3262 3822 ὀφθαλμοὺς
3307 3745 3384 3808 εἷς
3415 3753 3521 3821 γῆν
3567 3745 3700 3818 ὁρᾷν

2040 3835 2462 3914 παρασκευάσεις
2540 3833 2600 3890 ἐκ
2666 3831 2930 3907 θλίψεως,
2987 3834 3023 3903 ἢ
3082 3833 3173 3889 καὶ
3244 3832 3377 3890 λαόν
3443 3834 3701 3890 ταπεινὸν

2039 3926 2133 3984 τὸν
2183 3926 2233 4001 ἐξ
2303 3924 2498 3995 ἐθνῶν,
2545 3929 2624 3996 τῷ
2689 3922 2841 3999 βάρει
2905 3925 3012 3978 τῶν
3082 3923 3496 4000 ἁμαρτημάτων
3550 3922 3705 3979 κάτω

2041 4015 2209 4072 νεύειν
2271 4013 2726 4090 ἀναγκαζόμενον,
2777 4009 2866 4067 ἐπί
2919 4033 2981 4067 τε
3053 4017 3134 4084 τῷ
3196 4008 3356 4088 νόμῳ
3425 4014 3516 4068 καὶ
3581 4019 3706 4076 τοῖς

2041 4104 2358 4182 προγόνοις.

2117 4196 2296 4251 «Ὅτι
2351 4192 2417 4248 σὺ
2501 4199 2724 4271 φωτιεῖς
2802 4186 3009 4268 λύχνον
3073 4211 3202 4265 μου,
3261 4190 3425 4268 Κύριε
3481 4193 3512 4248 6
3569 4192 3704 4256 Θεός

2048 4305 2176 4357 μου,
2199 4288 2420 4360 φωτιεῖς
2449 4285 2512 4338 τὸ
2543 4284 2735 4349 σκότος
2770 4307 2896 4360 μου.
2915 4307 3030 4337 »ω-
3058 4287 3167 4352 Τῆς
3192 4285 3378 4357 ψυχῆς
3413 4279 3706 4360 ὀφθαλμὸς

2045 4373 2073 4428 6
2099 4377 2244 4435 νοῦς·
2280 4373 2308 4427 ὁ
2343 4369 2399 4427 δὲ
2420 4370 2702 4449 ὀφθαλμὸς
2741 4375 2832 4430 καὶ
2864 4372 3070 4449 λύχνος
3101 4371 3174 4433 ὡς
3219 4367 3456 4447 ὁδηγῶν·
3508 4371 3709 4434 σκότος

2047 4459 2105 4518 δὲ
2161 4459 2330 4531 αὐτῆς
2386 4462 2415 4516 ὁ
2472 4463 2644 4536 θυμὸς
2700 4465 2793 4519 καὶ
2940 4459 3222 4534 ἔπιθυλμία.
3260 4461 3422 4536 Λέγει
3481 4458 3573 4516 οῦν
3617 4460 3709 4517 ὅτι

2046 4550 2300 4630 φωτίσεις
2329 4550 2419 4605 τὸν
2445 4555 2571 4606 νοῦν
2605 4573 2709 4626 μου
2755 4557 2875 4616 ταῖς
2928 4550 3092 4617 θείαις
3144 4547 3474 4624 ἐλλάμψεσι·
3503 4554 3704 4606 τοῦτον

2047 4638 2106 4695 δὲ
2161 4638 2415 4719 φωτίσεις
2473 4640 2562 4695 καὶ
2611 4643 2673 4696 τὸ
2730 4641 2926 4705 σκότος
2993 4659 3116 4714 μου·
3161 4640 3540 4718 φωτιζομένου
3595 4638 3705 4717 γάρ

279 4718 555 4799 Ἑϐραῖον,
595 4724 648 4798 ’ἐξ
698 4712 793 4797 ἔτη
838 4712 1120 4783 δουλεύσει
1168 4750 1273 4802 σοι,
1329 4751 1356 4781 ››
1407 4729 1496 4784 καὶ
1544 4730 1612 4785 τὰ
1659 4712 1803 4802 ἑξῆς.
1861 4731 1937 4785 Τὰ
1966 4712 2012 4777 D
2049 4752 2156 4804 μου
2173 4712 2280 4785 ’τοῦ
2308 4733 2404 4784 νοῦ
2433 4730 2523 4785 καὶ
2551 4729 2730 4787 τᾶλλα
2772 4731 2910 4808 μέρη
2958 4712 3060 4801 τῆς
3111 4712 3298 4805 ψυχῆς
3345 4712 3704 4807 φωτίζον-ταί·

284 4817 511 4869 τοιαῦτα
591 4816 695 4891 γὰρ
773 4812 1118 4887 δικαιοσύνης
1189 4816 1290 4872 εἰσὶ
1362 4819 1546 4892 μεστά.
1598 4820 1699 4874 Καὶ
1745 4821 1780 4889 ἡ
1840 4820 1934 4893 μὲν

287 4900 547 4980 διαίρεσις
597 4904 772 4959 αὐτῶν
823 4904 1071 4977 τοιαύτη·
1136 4905 1491 4980 ὀνομάζονται
1551 4906 1608 4964 δὲ
1662 4906 1938 4972 πολλάκις

287 4997 454 5049 ταῦτα
520 4999 637 5056 τοῖς
704 4992 971 5065 ἀλλήλων
1036 4995 1282 5069 ὀνόμασι,
1325 4995 1416 5051 καὶ
1490 4995 1704 5072 μᾶλλον
1757 4995 1808 5054 ἐν
1857 5002 1937 5072 τῷ

286 5102 402 5158 ριη·
463 5080 689 5156 ψαλμῷ·
736 5083 959 5139 ἐνταῦθα
1016 5082 1074 5140 δὲ
1126 5089 1232 5140 τῶν
1294 5085 1597 5160 ὀνομάτων,
1654 5086 1935 5162 κριμάτων

277 5171 367 5226 καὶ
397 5176 504 5227 τῶν
549 5170 934 5246 δικαιωμάτων
986 5172 1118 5236 ὅλας
1164 5175 1260 5236 τὰς
1312 5173 1536 5238 ἐντολὰς
1592 5170 1936 5250 περιέλαϐεν,

281 5261 358 5323 ὡς
389 5261 494 5316 ἀπὸ
531 5263 733 5335 μέρους
758 5263 820 5317 τὸ
849 5269 973 5318 πᾶν·
1011 5288 1040 5317 ‹‹
1075 5269 1246 5320 Πᾶσαι
1274 5263 1395 5341 γάρ,
1431 5265 1686 5343 φησὶν,αἱ
1717 5263 1937 5320 ἐντολαὶ

281 5349 445 5404 αὐτοῦ
505 5347 734 5406 ἐνώπιόν
797 5372 903 5426 μου
960 5351 1455 5430 άναγινωσκόμεναι
1523 5353 1614 5408 καὶ
1679 5350 1939 5409 οὑδέποτε

286 5437 477 5516 πόῤῥω
508 5441 802 5513 τιθέμεναι.
839 5464 868 5493 ››

360 5552 389 5579 ‹‹
419 5529 521 5585 Καὶ
553 5526 745 5602 ἔσομαι
777 5529 1014 5603 ἄμωμος
1045 5531 1159 5606 μετ’
1184 5530 1369 5590 αὐτοῦ,
1404 5554 1433 5583 ››
1465 5565 1532 5575 -
1564 5530 1715 5587 ’Δντὶ
1745 5535 1843 5587 τοῦ
1870 5527 1940 5587 δι’

289 5615 454 5672 αὑτοῦ
483 5618 519 5686 ἢ
555 5619 670 5690 μετ’
701 5618 866 5673 αὐτοῦ
899 5615 991 5677 ὤν.

358 5729 387 5758 ‹‹
422 5707 520 5762 Καὶ
580 5706 888 5784 φυλάξομαι
956 5709 1062 5764 ἀπὸ
1130 5712 1224 5779 τῆς
1291 5709 1522 5784 ἀνομίας
1591 5732 1718 5784 μου.
1776 5736 1803 5764 ››
1869 5743 1940 5755 -ο

284 5795 540 5869 ῂλακήν
605 5798 700 5873 μὲν
761 5796 906 5876 λέγει
964 5803 1055 5854 νῦν
1113 5802 1211 5869 τὴν
1275 5799 1516 5878 ἀποχὴν,
1576 5799 1807 5877 ἀνομίαν
1881 5795 1940 5858 δὲ

2046 4818 2146 4876 Καὶ
2174 4818 2336 4874 τοῦτό
2368 4818 2477 4875 ἐστι
2507 4819 2570 4875 τὸ
2606 4822 2754 4895 παρὰ
2798 4825 2898 4876 τοῦ
2947 4825 3210 4896 Σωτῆρας
3261 4817 3313 4874 ἐν
3357 4823 3476 4880 τοῖς
3520 4817 3710 4894 Εὐαγ-

2045 4907 2256 4986 γελίοις
2287 4906 2594 4985 εἰρημένον·
2632 4933 2660 4963 ‹‹
2691 4909 2756 4966 Εἰ
2787 4907 2878 4965 οῦν
2909 4909 2972 4965 τὸ
3003 4908 3055 4964 ἐν
3084 4907 3168 4963 σοὶ
3196 4911 3309 4986 φῶς
3342 4906 3534 4969 σκότος
3566 4906 3707 4982 ἐστὶ,

2045 4998 2108 5054 τὸ
2139 4997 2330 5060 σκότος
2355 4996 2523 5053 πόσον
2551 5017 2564 5068 ;
2595 5021 2624 5050 »
2653 4999 2950 5070 τουτέστιν,
2982 4998 3030 5054 εί
3073 4998 3102 5052 ὁ
3149 5000 3275 5060 νοῦς
3321 4997 3711 5072 ἐσκοτισμένος

2048 5085 2179 5159 ἐστὶ,
2214 5083 2413 5159 πολλῷ
2470 5085 2638 5142 πλέον
2699 5081 2754 5144 αἱ
2803 5085 2998 5164 ἄλογοι
3051 5092 3150 5156 τῆς
3206 5089 3394 5163 ψυχῆς
3425 5085 3708 5160 δυνάμεις.

2047 5171 2198 5230 Ἐστι
2260 5171 2504 5231 δἐἰπεῖν
2559 5175 2652 5230 τὸν
2709 5179 2833 5232 νοῦν
2890 5176 2981 5231 καὶ
3038 5179 3154 5254 φῶς
3193 5175 3284 5230 καὶ
3315 5173 3525 5238 σκότος·
3563 5175 3708 5250 πρὸς

2051 5263 2147 5338 μὶν
2193 5265 2292 5333 τήν
2341 5263 2497 5342 φύσιν
2547 5269 2655 5320 τῶν
2704 5266 3038 5343 πραγμάτων
3088 5268 3226 5343 φῶς,
3280 5264 3418 5340 πρὸς
3485 5261 3544 5318 δὲ
3608 5263 3708 5320 τὸν

2048 5352 2175 5409 Θεὸν
2237 5351 2446 5426 σκότος,
2474 5351 2702 5431 ἀόρατον
2766 5353 2913 5427 αὐτῷ
2967 5354 3331 5429 τυγχάνοντα·
3393 5353 3429 5422 ἢ
3492 5352 3709 5429 λύχνος

2051 5441 2146 5516 μὲν
2180 5441 2208 5498 ὁ
2247 5444 2535 5507 Μωσαϊκὸς
2591 5441 2784 5518 νόμος,
2843 5440 3057 5520 ὁδηγῶν
3118 5441 3207 5498 ἐπὶ
3263 5442 3331 5498 τὰ
3383 5439 3527 5498 καλὰ
3575 5441 3712 5508 τοὺς

2046 5529 2531 5608 ἀναγινώσκοντας·
2585 5532 2776 5596 σκότος
2863 5529 2922 5588 δὲ
2999 5531 3062 5588 τὸ
3131 5529 3468 5604 ἐπικείμενον
3556 5530 3712 5606 αὐτῷ

2046 5619 2315 5696 κάλυμμα
2352 5628 2453 5692 τῆς
2516 5621 2792 5700 ἀσαφείας,
2850 5619 2914 5679 οῦ
2970 5621 3038 5676 τὰ
3083 5621 3435 5696 κεκρυμμένα
3487 5640 3712 5699 προφη-

2045 5709 2187 5767 τεύει
2247 5709 2411 5766 Δαυλιδ
2467 5714 2802 5790 φωτισθῆναι
2853 5712 2945 5767 καὶ
2992 5710 3438 5789 ἀνακαλυφθῆναί
3506 5708 3712 5782 δηλον-

2048 5798 2131 5858 ότι
2189 5799 2561 5880 σαρκωθέντσς
2615 5805 2770 5860 Θεοῦ*
2824 5802 2863 5875 ἧ
2923 5799 3132 5879 λύχνος
3327 5799 3393 5858 τό
3443 5803 3708 5880 κήρυγμα
