4072 6480
392 491 548 555 1405

1615 495 2032 562 EXPOSITIO
2071 493 2154 559 IN
2197 495 2588 562 PSALMOS.

3654 491 3813 561 ιιοθ

391 629 491 680 τοῦ
521 622 858 704 Εὐαγγελίου
887 627 1178 706 φωτισθεὶς
1226 631 1318 686 καὶ
1360 630 1683 708 γνωρισθεὶς
1724 632 1860 703 ἡμῖν
1903 629 2050 705 παρὰ
2078 631 2132 698 Α
2163 626 2286 683 ὁδὸν
2336 627 2425 684 διὰ
2469 631 2570 702 τῆς
2617 628 2810 686 ἐαυτοῦ
2873 626 3081 704 μωρίας
3125 624 3217 686 καί
3263 625 3497 702 ἄμωμον
3546 625 3809 706 ἀπειργά-

392 719 490 770 τοῦ
523 720 822 793 Σωτῆροςο
872 717 1066 781 σκότος
1116 716 1174 774 δὲ
1221 723 1256 790 ἡ
1288 724 1395 775 τῶν
1444 719 1688 776 εἰδώλων
1741 718 1925 789 πλάνη
1957 719 2047 774 καὶ

393 806 429 873 ἠ
464 803 651 880 ἄγνοια
695 809 793 876 τῆς
840 807 1008 881 ὀρθῆς
1056 808 1290 871 πίστεως
1321 827 1334 841 ’
1395 810 1430 879 ἢ
1479 809 1685 886 λύχνος
1721 811 1814 883 μὲν
1840 809 1868 863 6
1899 812 2045 880 νοῦς,

397 891 615 969 ὁδηγῶν
682 896 773 950 τὸν
843 897 1146 974 ἄνθρωπον,
1218 899 1410 961 σκότος
1476 897 1534 954 δὲ
1604 901 1668 954 τὸ
1735 903 1895 973 σῶμα
1961 895 2050 974 διδι

393 984 493 1052 τήν
542 983 924 1061 ἐπιπρόσθησιν
973 987 1063 1041 καὶ
1115 987 1402 1063 παχύτητα
1449 991 1896 1060 Φωτισθήσονται
1957 988 2047 1042 καὶ

397 1068 604 1150 ἄμφω·
667 1075 694 1128 6
757 1075 851 1147 μὲν
905 1077 1022 1138 τσῖς
1080 1076 1247 1138 θείαις
1317 1074 1680 1152 ἐλλάμψεσιν,
1743 1078 1770 1132 6
1849 1074 1906 1132 δὲ
1977 1079 2046 1150 τῇ

395 1162 668 1233 καθάρσει.
721 1164 870 1226 Τινὲς
921 1162 978 1218 δὲ
1029 1163 1244 1240 λέγουσι
1276 1164 1478 1241 λύχνον
1520 1166 1745 1230 ἐνταῦθα
1773 1165 2048 1236 κληθῆναι

393 1249 485 1305 τὸν
517 1249 576 1305 ἐκ
634 1251 940 1326 σπέρματος
989 1252 1152 1309 Δαυΐδ
1201 1256 1407 1326 Ἰησοῦν
1441 1253 1497 1309 ὅν
1533 1255 1788 1334 ἐφώτισεν
1824 1256 1851 1311 6
1875 1253 2052 1330 Λόγος

398 1337 614 1402 ἐνωθεῖς
674 1341 820 1414 αὐτῷ
877 1343 966 1397 καὶ
1040 1342 1306 1420 παρέσχεν
1381 1343 1591 1423 ἀφιέναι
1667 1345 1765 1407 τὰς
1831 1344 2048 1405 ἀκτῖνας

397 1429 755 1507 ἁπανταχοῦο
819 1433 977 1509 φησὶν
1047 1434 1172 1508 γὰρ,
1242 1458 1269 1486 ‹‹
1339 1434 1482 1509 Ἐγώ
1550 1433 1664 1508 εἶμι
1725 1434 1786 1489 τὸ
1818 1436 2049 1512 φῶςτοῦ

394 1519 630 1593 κόσμου.
664 1544 693 1573 ››
727 1521 916 1584 σκότος
966 1519 1023 1577 δὲ
1068 1524 1168 1592 τὴν
1200 1525 1388 1600 σάρκα,
1420 1520 1487 1592 ἤν
1519 1518 1847 1601 προσλαϐὼν
1882 1522 2050 1596 ἔλαμ-

395 1627 563 1683 πρυνε
591 1609 681 1664 καὶ
715 1609 960 1674 έθέωσεν.

470 1739 498 1766 ‹‹
529 1717 647 1771 "01::
692 1716 743 1772 ἐν
795 1718 879 1772 σοὶ
933 1717 1274 1795 ῥυσοήσομαι
1316 1719 1422 1775 ἀπὸ
1467 1717 1846 1796 πειρατηρίου.
1899 1741 1927 1771 »
1982 1749 2053 1761 -—-

397 1804 485 1858 ’Ev
516 1804 599 1858 σοὶ
643 1806 736 1879 μὲν
781 1805 907 1876 ἥτυι
956 1806 1044 1863 διὰ
1092 1814 1210 1867 σοῦ.
1263 1810 1626 1886 Πειρατηρίου
1678 1807 1756 1881 δὲ,
1809 1809 2051 1864 τουτέστι

397 1899 704 1970 πειρασμοῦ
763 1898 911 1972 παρὰ
962 1899 1260 1974 ἀνθρώπων
1329 1897 1366 1968 ἤ
1427 1891 1701 1974 δαιμόνων
1781 1897 2051 1973 ἐπογομέ-

397 2001 516 2041 νου.

476 2094 504 2125 ‹‹
534 2071 632 2127 Καὶ
666 2073 718 2130 ἐν
769 2079 850 2149 τῷ
907 2081 1024 2149 Θεῷ
1093 2099 1196 2151 μου
1255 2073 1636 2154 ὑπερϐήσομαι
1677 2082 1887 2154 τεῖχος.
1926 2101 1955 2129 ››
1986 2108 2055 2120 --

398 2165 486 2234 Τῷ
540 2167 652 2235 Θεῷ
713 2185 817 2238 μου
875 2165 1253 2242 βοηθούμενος
1333 2164 1706 2244 ὑπερπηδήσω
1773 2166 1843 2222 τὰ
1916 2167 2054 2221 ἀπο-

399 2249 704 2329 φράττοντά
760 2275 852 2326 μοι
903 2257 1003 2325 τὴν
1071 2257 1213 2330 πρὸτ
1269 2256 1429 2312 αὐτὸν
1484 2255 1607 2311 ὁδὸν
1665 2257 2055 2331 ἁμαρτήματα,

400 2343 484 2403 οἷς
517 2340 632 2417 ἔχει
681 2345 780 2413 την
835 2344 991 2421 ἰσχὺν
1040 2347 1068 2400 6
1100 2352 1363 2415 Σατανᾶς,
1397 2346 1486 2400 καὶ
1519 2343 1585 2401 δι’
1615 2346 1689 2400 ὧν
1718 2343 1922 2401 κωλύει
1955 2346 2054 2413 τήν

402 2429 477 2492 εἷς
535 2430 799 2506 οὐρανοὺς
862 2431 1076 2489 ἄνοδον.
1140 2437 1208 2491 ’Ή
1257 2437 1611 2512 πειρατήριον
1684 2436 1780 2508 μὲν
1845 2435 1872 2489 ὁ
1944 2433 2059 2509 βίος

403 2520 541 2573 κατὰ
596 2521 687 2574 τὸν
749 2517 893 2592 Ἰὼϐ,
957 2523 1007 2579 ἐν
1063 2525 1108 2597 ᾧ
1164 2522 1389 2580 δελέατα
1438 2523 1644 2595 ἡδονῆς
1690 2523 1782 2578 καὶ
1831 2520 2057 2598 παγίδες

399 2608 628 2664 Θανάτου
661 2610 750 2665 καὶ
783 2611 969 2688 λόχοι,
1003 2613 1094 2668 καὶ
1126 2612 1388 2687 πολέμιοι
1419 2613 1611 2685 νοητοὶ
1649 2613 1740 2668 καὶ
1788 2611 2058 2682 αἷσθητοί⁶

409 2702 598 2772 τεῖχος
647 2696 705 2753 δὲ
749 2700 813 2754 τὸ
867 2706 1046 2775 σῶμα,
1094 2698 1549 2778 προϐεϐλημένον
1601 2709 1704 2771 τῆς
1753 2704 1940 2777 ψυχῆς
1971 2698 2059 2755 καὶ

413 2785 756 2865 ἀποφρᾶττον
815 2790 951 2865 αὐτῇ
1007 2792 1102 2854 τὰς
1153 2791 1300 2856 θείας
1369 2791 1559 2868 αὐγάς·
1618 2788 1654 2861 ἤ
1712 2791 1802 2847 καὶ
1871 2795 2059 2866 τεῖχος

411 2874 464 2928 οἱ
523 2874 753 2953 ἐναέριοι
824 2876 1100 2954 δαίμονεα,
1188 2876 1590 2943 διαϐαινούσαις
1661 2885 1782 2942 ταῖς
1857 2882 2060 2955 ψυχαῖς

411 2963 821 3037 ἐμποδίζοντες.

483 3095 508 3124 ‹‹
543 3073 600 3125 '0
650 3074 782 3136 Θεός
817 3096 943 3148 μου,
979 3073 1217 3150 ἄμωμος
1247 3078 1283 3146 ἡ
1313 3073 1439 3139 ὁδὸς
1471 3075 1657 3132 αὐτοῦ.
1694 3098 1721 3128 ››
1752 3108 1822 3118 --
1856 3081 2062 3151 Σχῆμα

407 3162 497 3216 καὶ
528 3165 688 3216 τοῦτο
718 3166 817 3232 τῆς
871 3164 1110 3228 παλαιᾶς
1159 3173 1374 3244 γραφῆς
1399 3183 1411 3198 ⁸
1461 3165 1577 3220 ἀντὶ
1627 3165 1730 3242 γὰρ
1759 3169 1856 3220 τοῦ
1891 3161 2058 3219 εἰπεῖν

407 3248 489 3304 δ’τι
521 3254 626 3304 Τοῦ
679 3253 813 3307 Θεοῦ
875 3275 980 3327 μου
1040 3255 1276 3328 ἄμωμος
1331 3257 1366 3324 ἡ
1428 3253 1574 3323 ὁδὸς,
1635 3255 1779 3309 εἶπεν
1812 3254 2059 3311 ὃτι.ι‹Ὁ

408 3337 964 3443 Θεός“μου,ιᾶμωμος
990 3345 1025 3413 ἡ
1061 3341 1186 3406 ὁδὸς
1228 3343 1414 3401 αὐτοῦ,
1467 3368 1497 3396 ››
1544 3341 1697 3406 Ὁδὸς
1750 3337 1808 3398 δὲ
1844 3346 1996 3443 ,Θεοῦ
2021 3344 2056 3412 ἡ
2092 3375 2135 3443 C

409 3428 570 3504 ἀρετὴ
630 3429 767 3506 πρὸς
827 3431 985 3488 αὐτὸν
1047 3432 1314 3509 ἀνάγουσα
1347 3452 1360 3464 ⁸
1421 3433 1534 3509 χρὴ
1610 3436 1740 3508 γοῦν
1824 3430 2057 3505 ἄμωμον

409 3515 542 3572 εἶναι
600 3519 689 3572 καὶ
746 3519 838 3574 τὸν
899 3517 967 3575 δι’
1022 3521 1190 3591 αὐτῆς
1239 3519 1514 3578 ὁδεύοντα.
1565 3520 1633 3578 Ἦ
1674 3521 1764 3576 καὶ
1809 3523 2060 3597 περιτοῦ

411 3609 672 3684 Σωτῆρος
720 3609 749 3664 6
795 3607 962 3686 λόγος
999 3629 1012 3644 ·
1074 3608 1297 3673 ὁδεύσας
1347 3612 1449 3687 γὰρ
1488 3611 1578 3666 τὸν
1617 3607 1757 3686 βίον,
1793 3609 2056 3686 ἁμαρτίαν

409 3695 509 3750 οὔκ
535 3695 807 3767 ἐποίησεν.

481 3827 508 3855 ‹‹
541 3804 614 3858 T6:
639 3801 802 3880 λόγια
848 3804 1049 3882 Κυρίου
1079 3807 1465 3882 πεπυρωμένα.
1504 3830 1524 3859 ιι
1580 3839 1646 3849 -
1678 3801 1942 3884 ’Δλφθινά
1970 3805 2060 3861 καὶ

405 3897 613 3968 καθαρά
643 3893 818 3969 ψόγου
849 3896 1072 3964 παντὸς,
1106 3897 1181 3959 ὡς
1210 3897 1273 3951 τὸ
1320 3894 1729 3973 κεχωνευμένον
1791 3894 2014 3971 χρυσίον
2045 3912 2056 3925 ·

405 3981 495 4034 καὶ
524 3978 777 4057 ἀλλαχοῦ
833 3981 938 4060 γάρ
988 3982 1222 4061 εἷ’ρηκεν·
1277 4009 1306 4038 ‹‹
1361 3984 1436 4040 Τὰ
1478 3984 1643 4062 λόγια
1670 3985 1868 4061 Κυρίου
1902 3983 2062 4061 λόγια

406 4067 540 4144 ἀγνά
567 4069 657 4123 καὶ
687 4069 942 4147 ἀργύριον
970 4074 1391 4148 πεπυρωμένον.

476 4197 505 4226 ‹‹
537 4175 935 4252 Ὑπεραπιστής
985 4177 1096 4234 ἐστι
1143 4177 1359 4234 πάντων
1401 4185 1508 4236 τῶν
1572 4178 1906 4250 ἐλπιζόντων
1978 4179 2060 4235 ἐπ’

402 4263 586 4321 αὐτόν.
648 4288 678 4318 >>
725 4298 796 4307 -—
844 4266 1358 4345 Ἐπαγγελλόμενος
1405 4269 1508 4346 γὰρ
1562 4271 1780 4345 βοηθεῖν
1835 4269 1897 4324 ού
1928 4270 2058 4344 ψεύ-

403 4351 572 4411 δεταιο

476 4486 504 4516 ‹‹
537 4464 658 4519 Ὅτι
703 4463 787 4526 τίς
847 4465 975 4528 Θεὸς
1033 4464 1199 4541 παρὲξ
1254 4463 1352 4520 τοὺ
1409 4465 1650 4541 Κυρίου;
1708 4489 1738 4518 ››
1777 4466 1945 4521 -Τὸ
1976 4464 2058 4522 6'1:

401 4551 674 4627 παρέλκον
725 4551 953 4618 ἐνταῦθα
1011 4550 1048 4623 ἥ
1108 4551 1226 4608 ἀντὶ
1281 4557 1400 4624 τοῦ,
1446 4551 1666 4625 Ἐπειδή
1715 4554 1798 4618 τίς
1860 4552 2056 4627 ἄλλος,

403 4639 556 4718 φησὶ,
589 4642 719 4704 Θεὸς
749 4641 915 4719 παρὲξ
970 4646 1068 4698 τοῦ
1108 4641 1314 4719 Κυρίου
1361 4643 1612 4698 τουτέστι
1664 4647 1762 4698 τοῦ
1821 4643 2060 4719 Πατρός.

2159 736 2309 775 σατο.

2231 831 2257 856 «ι
2291 807 2755 884 Καταρτιζόμενος
2785 806 2914 870 τοὺς
2942 805 3116 870 πόδας
3166 827 3271 880 μου
3322 804 3450 862 ὡσεὶ
3500 805 3724 887 ἐλάφου.
3779 831 3808 863 ››

2157 896 2616 970 -Εῦτρεπίζων,
2648 897 2873 953 τελειῶν
2907 897 2985 960 εἰς
3035 893 3239 972 δρόμον
3289 896 3339 952 ἐν
3391 900 3566 974 καιρῷ
3609 904 3811 976 φυγῆς.

2233 987 2390 1040 «Καὶ
2447 986 2534 1040 ἐπὶ
2581 988 2648 1041 16:
2697 984 2885 1060 ὑψηλᾶ
2940 985 3105 1040 ἱστῶν
3161 1005 3247 1057 με.
3293 1008 3322 1036 ››
3372 1017 3442 1028 -ι
3491 984 3588 1040 Καὶ
3644 985 3718 1048 εἷς
3746 988 3815 1042 τὰ

2160 1068 2260 1150 ὅρη
2294 1075 2480 1144 σώζων
2520 1096 2585 1147 με
2615 1075 2702 1130 καὶ
2737 1075 2896 1130 ἱστῶν
2929 1074 3018 1130 καὶ
3051 1072 3236 1128 παύων
3262 1077 3360 1128 τοῦ
3411 1071 3620 1149 δρόμου
3651 1071 3808 1146 δίκην

2156 1168 2264 1218 τῶν
2315 1169 2628 1242 φευγουσῶν
2689 1164 2924 1243 ἐλάφων,
2975 1163 3065 1218 καὶ
3144 1157 3538 1218 ἀναϐαινουσῶν
3610 1163 3686 1227 εἰς
3744 1166 3811 1219 1:6:

2159 1249 2284 1330 ὅρη,
2339 1253 2428 1309 καὶ
2486 1254 2555 1329 τῇ
2609 1252 2903 1330 ἀπαλλαγῇ
2952 1257 3050 1308 τοῦ
3113 1248 3266 1314 δέους
3343 1251 3643 1326 ἱσταμένων
3725 1251 3818 1307 καὶ

2159 1343 2553 1398 ἀναπνεουσῶν.
2595 1343 2630 1412 ἢ
2680 1343 2782 1419 γὰρ
2838 1342 2930 1397 καὶ
3002 1339 3417 1418 δρομικώτατόν
3493 1361 3559 1415 με
3616 1345 3812 1412 ποιῶν,

2161 1431 2300 1490 ὥστε
2345 1438 2532 1508 φυγεῖν
2579 1431 2709 1495 τοὺς
2754 1431 2897 1487 ἑλεῖν
2946 1435 3245 1500 ζητοῦντας
3301 1427 3562 1504 δαίμονας
3604 1432 3694 1486 καὶ
3725 1429 3814 1487 ἐπὶ

2158 1522 2221 1578 τὸ
2251 1521 2384 1596 ὕψος
2406 1526 2512 1576 τῶν
2541 1521 2745 1598 ἀρετῶν
2781 1521 3016 1596 ἀνάγων.

2235 1634 2263 1663 ‹‹
2297 1607 2570 1666 Διδάσκων
2613 1610 2802 1687 χεῖράς
2840 1631 2943 1684 μου
2993 1610 3070 1673 εἷς
3119 1609 3388 1683 πόλεμον.
3439 1631 3469 1663 »
3521 1641 3591 1652 -—-
3637 1606 3810 1673 Αὐτός

2166 1721 2258 1774 μοι
2341 1701 2431 1756 καὶ
2495 1701 2593 1770 τὴν
2664 1701 2866 1756 σύνεσιν
2933 1706 3038 1770 τῆς
3105 1696 3419 1772 πολεμικῆς
3523 1695 3810 1773 ἐμπειρίας

2165 1787 2419 1862 δέδωκεν,
2454 1789 2515 1844 ού
2568 1788 2732 1864 μόνον
2775 1797 2876 1860 τῆς
2929 1788 3065 1844 κατά
3105 1791 3213 1844 τῶν
3248 1787 3543 1864 ὁρωμένων
3577 1787 3811 1863 ἐχθρῶν,

2165 1877 2310 1935 ἀλλᾶ
2338 1879 2428 1934 κάὶ
2457 1885 2558 1948 τῆς
2591 1880 2726 1934 κατὰ
2755 1876 3030 1952 δαιμόνων
3066 1895 3078 1908 °
3113 1878 3190 1940 ὡς
3222 1874 3278 1932 εὖ
3333 1877 3426 1950 μὲν
3483 1875 3577 1932 τὸν
3629 1875 3815 1952 θυρεὸν

2083 1975 2264 2071 Βτῆς
2329 1969 2586 2040 πίστεως,
2657 1965 2714 2022 εὖ
2782 1965 2841 2022 δὲ
2893 1968 2994 2036 τὴν
3045 1965 3321 2042 μάχαιραν
3365 1969 3462 2020 τοῦ
3501 1963 3818 2038 Πνεύματος

2169 2055 2640 2133 μεταχειρίζεσθαι
2704 2055 2795 2111 καὶ
2865 2053 2954 2110 διὰ
3015 2059 3122 2110 τῶν
3191 2057 3504 2130 πρακτικῶν
3588 2054 3816 2127 ἀρετῶν,

2164 2144 2220 2201 ατί
2264 2144 2559 2216 δηλοῦνται
2607 2142 2696 2200 διά
2740 2149 2848 2200 τῶν
2897 2149 3101 2221 χειρῶν
3148 2141 3549 2217 καταπολεμεῖν
3591 2142 3813 2205 αὐτούς.

2164 2231 2265 2305 Εἷίη
2302 2233 2348 2289 δ’
2379 2231 2438 2289 ἄν
2471 2235 2560 2290 καὶ
2609 2236 2644 2304 ἡ
2695 2236 2832 2311 πρὸς
2873 2235 3001 2290 Θεὸν
3027 2239 3133 2289 τῶν
3165 2235 3368 2310 χειρῶν
3401 2231 3612 2294 ἔκτασις
3639 2231 3813 2306 παροὶ⁴

2164 2324 2311 2395 ταξις
2344 2325 2460 2378 κατ’
2492 2323 2727 2400 ἐχθρῶν.

2241 2435 2271 2466 ι(
2301 2413 2401 2468 Καὶ
2449 2411 2573 2477 ἔθου
2619 2411 2774 2484 τόξον
2822 2411 3068 2490 χαλκοῦν
3115 2411 3244 2476 τοὺς
3290 2409 3589 2488 βραχίονάς
3625 2431 3750 2485 μου.
3782 2431 3810 2464 υ

2171 2536 2237 2545 —
2287 2502 2474 2559 Λίεπει
2531 2502 2596 2558 τὸ
2625 2503 2721 2574 ὡς,
2765 2501 2836 2557 ⁸ίν’
2881 2505 2921 2573 ἦ
2950 2503 3026 2566 ὡς
3072 2501 3226 2576 τόξον
3275 2501 3542 2578 χαλκοῦν,
3573 2499 3818 2556 τουτέστι

2170 2591 2425 2668 στερροὺς
2481 2593 2572 2648 καὶ
2633 2594 2709 2667 μή
2768 2592 3070 2667 κάμνοντας
3129 2591 3183 2647 ἐν
3234 2596 3352 2655 ταῖς
3429 2589 3643 2669 ἀφέσεσι
3708 2592 3816 2644 τῶν

2175 2680 2351 2756 βελῶν
2363 2724 2375 2738 .

2244 2795 2272 2824 ‹‹
2304 2770 2402 2826 Καὶ
2455 2768 2661 2833 ἔδωκάς
2714 2791 2806 2844 μοι
2860 2769 3266 2846 ὑπερασπισμὸν
3321 2767 3616 2844 σωτηρίας.
3673 2791 3698 2823 ι
3752 2799 3821 2812 -

2171 2859 2492 2934 Ἀντίληψιν
2523 2859 2622 2916 οὐκ
2651 2859 2932 2933 ἀνόνητον,
2970 2859 3117 2916 ἀλλά
3146 2860 3443 2930 σώζουσαν.

2246 2989 2275 3018 (ι
2306 2968 2402 3021 Καὶ
2431 2969 2467 3037 ἡ
2517 2963 2662 3038 δεξιά
2713 2987 2809 3022 σου
2857 2961 3182 3022 ἀντελάϐετό
3232 2987 3358 3039 μου.
3413 2986 3442 3017 »
3483 2997 3551 3010 -—
3579 2963 3820 3028 Εῗώθασι

2169 3055 2273 3132 γὰρ
2323 3057 2376 3111 οἱ
2425 3051 2954 3130 ἀντιλαμϐανόμενοι
3001 3055 3070 3131 τῇ
3121 3054 3268 3127 δεξιᾷ
3319 3055 3559 3131 χρῆσθαι
3640 3051 3820 3130 χειρί-

2170 3142 2571 3221 δραστικωτέρα
2627 3146 2730 3221 γὰρ
2790 3145 2922 3216 αὕτη
2982 3145 3073 3200 καὶ
3131 3143 3473 3217 δυνατωτέρα
3537 3141 3626 3198 καὶ
3702 3142 3819 3198 ἐπι-

2167 3231 2486 3310 τηδειοτέρα
2529 3241 2630 3304 τῆς
2679 3233 2861 3303 λαιᾶς,
2890 3235 2927 3303 ἢ
2973 3233 3064 3290 καὶ
3105 3231 3278 3308 δεξιὰν
3311 3230 3530 3305 οἰητέον
3559 3233 3652 3287 τὸν
3686 3231 3824 3286 ἐναν-

2174 3325 2535 3400 θρωπήσαντα
2582 3321 2925 3400 δημιουργὸν
2977 3329 3080 3394 τῆς
3125 3321 3376 3394 κτίσεως,
3409 3322 3467 3385 ὅς
3497 3314 3821 3377 ἀντελάϐετο

2170 3419 2273 3482 τῆς
2303 3413 2514 3491 φύσεως
2548 3415 2733 3486 ἡμῶν.

2242 3525 2271 3554 ‹‹
2302 3501 2400 3556 Καὶ
2448 3503 2483 3571 ἡ
2540 3498 2760 3556 παιδεία
2801 3519 2898 3555 σου
2947 3500 3235 3577 ἀνώρθωσέ
3297 3521 3364 3574 με
3419 3497 3496 3562 εἷς
3549 3497 3730 3561 τέλος.
3788 3521 3819 3551 ››

2167 3591 2497 3658 -Νοήσεις
2555 3585 2799 3643 παιδείαν
2856 3589 2947 3644 τὸν
3006 3586 3353 3664 παιδαγωγὸν
3406 3586 3597 3660 νόμον,
3656 3584 3730 3642 δι’
3757 3587 3820 3642 οὗ

2167 3678 2500 3754 κατηρτίσθη
2550 3676 2831 3740 παντελῶς
2879 3677 2956 3740 είς
3001 3676 3216 3752 ἄρετήν.
3288 3683 3359 3733 ’Ἠ
3417 3676 3508 3732 καὶ
3571 3671 3816 3740 παιδείαν

2169 3771 2304 3823 Θεοῦ
2361 3765 2507 3841 λέγει
2563 3766 2690 3829 τοὺς
2746 3767 2883 3822 κατὰ
2936 3768 3334 3844 παραχώρησιν
3392 3768 3526 3822 Θεοῦ
3568 3757 3816 3828 παιδείας

2167 3853 2340 3911 ἕνεκεν
2391 3855 2772 3932 ἐπενεχθέντας
2828 3855 3164 3931 πειρασμούς
3199 3875 3210 3887 ·
3266 3855 3652 3933 ἀμφοτέρωθεν
3709 3854 3816 3931 γὰρ

2174 3966 2259 4018 με,
2293 3945 2478 4023 φησὶν,
2513 3944 2824 4024 ὠφέλησας,
2871 3950 3032 4001 τοῦτο
3094 3945 3187 4020 μὲν
3243 3939 3815 4018 ἀντιλαμϐανόμενος,

2168 4038 2328 4089 τοῦτο
2362 4031 2418 4088 δὲ
2438 4038 2787 4110 παραχωρῶν
2811 4035 3176 4111 πειράζεσθαι·

2242 4145 2270 4175 κ
2300 4123 2398 4177 Καὶ
2455 4124 2490 4192 ἡ
2539 4119 2754 4177 παιδεία
2803 4143 2900 4177 σου
2949 4121 3083 4194 αὐτή
3137 4143 3204 4196 με
3252 4118 3475 4193 διδάξει.
3523 4144 3552 4175 »
3602 4153 3673 4164 --
3716 4120 3818 4175 Καὶ

2169 4211 2247 4268 ἔτι
2309 4232 2377 4285 με
2434 4209 2662 4282 διδάξεις
2717 4211 2807 4266 καὶ
2863 4205 3188 4283 παιδεύσεις,
3249 4211 3326 4274 ὡς
3381 4208 3552 4266 παῖδα
3589 4209 3680 4266 σόν
3716 4228 3728 4240 ’
3765 4210 3816 4266 ἐν

2169 4298 2348 4375 θλίψει
2379 4301 2504 4377 γὰρ,
2537 4299 2689 4379 φησὶ,
2728 4301 2918 4377 μικρὸν
2951 4302 2986 4370 ἡ
3019 4298 3238 4356 παιδεία
3267 4319 3364 4356 σου
3407 4303 3569 4374 ἡμῖν.
3618 4298 3816 4373 εὐπρα-

2167 4393 2388 4467 γοῦντες
2425 4390 2518 4464 μὲν
2550 4388 3071 4466 ἀπορῥᾳθυμοῦμεν,
3105 4389 3322 4464 θλίψεσι
3355 4387 3413 4445 δὲ
3461 4387 3816 4466 περιπίπτον-

2167 4495 2256 4541 τες
2312 4478 2372 4535 ἐκ
2425 4480 2793 4555 περιστάσεως
2849 4473 3224 4556 διεγειρόμεθα
3268 4477 3358 4533 καὶ
3389 4479 3819 4558 σωφρονέστεροι

2169 4567 2455 4645 γινόμεθα.

2241 4681 2270 4710 ‹‹
2301 4655 2638 4720 Ἐπλάτυνας
2687 4655 2754 4713 1:6:
2800 4653 3116 4731 διαϐήματά
3168 4677 3272 4731 μου
3331 4655 3584 4718 ὑποκάτω
3633 4678 3820 4730 μου.»

475 4752 504 4781 ((
527 4730 628 4823 ΣΗ,
658 4729 740 4823 τίς
800 4731 946 4823 θεᾷς
1184 4735 1282 4787 τοῖ’)
1322 4735 1473 4823 ,Θεοῦ
1705 4751 1728 4823 ξ
1757 4756 1885 4823 »ξ’
1925 4733 2054 4823 θεῖξν
2085 4747 2136 4816 D
2165 4775 2235 4790 -
2263 4745 2598 4809 Ἑπλάτυνας
2629 4744 2899 4823 περιελὼν
2948 4729 3045 4808 τὰς
3074 4729 3309 4821 παγίδας
3336 4744 3426 4800 καὶ
3455 4744 3522 4801 τὰ
3551 4729 3818 4821 θήρατρα,

403 4812 628 4879 ἐνταῦθα
685 4817 776 4871 τὸν
835 4818 958 4873 Υἱὸν
1008 4816 1277 4877 ἐκάλεσεν.
1322 4818 1508 4892 ’Πμῶν
1570 4816 1628 4873 δὲ
1685 4819 1853 4875 εἰπὼν
1904 4821 2053 4875 συνέ-

399 4903 548 4975 ταξεν
577 4907 712 4978 ἡμῖν
743 4905 954 4969 ἑαυτοῖς
972 4911 1090 4970 τοῖς
1106 4913 1320 4971 πιστοῖς
1339 4925 1352 4939 ⁸
1373 4909 1462 4963 οἷα
1479 4907 1746 4986 προγνοὺς
1765 4909 1828 4964 τὸ
1849 4908 2056 4974 ἐντελὲς

398 4999 501 5063 τῆς
529 4992 785 5058 πίστεωςσ
1366 5001 1370 5006 ’

478 5120 502 5150 ι
533 5101 590 5154 Ὁ
622 5101 752 5164 Θεὸς
801 5103 829 5156 6
876 5105 1257 5179 περιζωννύων
1311 5125 1379 5179 με
1426 5101 1674 5178 δύναμιν.
1718 5127 1750 5156 ››
1779 5135 1846 5148 -
1875 5107 2056 5162 Τοῦτο

398 5191 522 5266 περὶ
577 5195 674 5245 τοῦ
732 5192 896 5267 ἀγίου
949 5191 1285 5267 Ιῐνεύματος..
1349 5194 1410 5249 Εἰ
1469 5191 1526 5249 δὲ
1580 5193 1670 5249 καὶ
1725 5192 1854 5256 τοὺς
1907 5199 2057 5270 τρεῖς

399 5278 622 5356 στίχους
673 5279 732 5335 ἐκ
777 5280 1146 5356 παραλλήλου
1191 5285 1254 5339 τὸ
1304 5282 1432 5338 αὐτό
1464 5284 1598 5362 φησὶ
1625 5304 1709 5346 τις
1739 5282 2054 5359 ἑρμηνεύειν

399 5367 552 5424 οὐδὲν
609 5369 850 5434 ἀπεικός⁸
911 5395 940 5424 ‹‹
993 5372 1374 5448 περλιζωννύων
1434 5371 1492 5428 δέ
1569 5393 1636 5447 με
1695 5370 1922 5447 δύναμιν
1999 5372 2051 5428 ἐν

397 5457 692 5533 πολέμοις.
725 5483 758 5513 ››

475 5567 632 5621 «Καὶ
687 5564 836 5622 ἔθετο
880 5564 1112 5642 ἄμωμον
1152 5571 1253 5640 τὴν
1299 5566 1423 5626 ὁδόν
1477 5589 1606 5643 μου.
1653 5591 1683 5621 n
1717 5600 1784 5612 -—
1816 5571 1914 5624 Διά
1941 5572 2052 5625 τῶν

401 5653 634 5712 ἐντολῶν
692 5655 968 5733 ἠρίθμησε
1013 5660 1113 5728 τήν
1174 5661 1311 5714 κατά
1363 5661 1456 5714 τὸν
1518 5658 1635 5735 βίον
1713 5658 2052 5738 ἀνάστροφήν

404 5764 530 5817 μου.
560 5751 630 5801 ’Ἠ
659 5746 748 5802 καὶ
777 5747 902 5823 περὶ
930 5751 1029 5803 τοῦ
1061 5754 1323 5826 Σωτῆρος
1355 5749 1385 5804 6
1418 5747 1588 5825 λόγος
1617 5749 1900 5826 προσώπῳ
1955 5754 2055 5819 τῆς

399 5827 728 5906 Ἐκκλησίας
784 5840 890 5894 τῶν
945 5841 1174 5896 ¹πιστῶν.
1232 5840 1376 5896 Ὅτι.
1411 5836 1724 5916 ἐξωμάλισέε
1785 5856 1878 5915 μοι
1952 5839 2054 5910 τὴν

2168 4837 2242 4892 ὧν
2275 4834 2326 4891 ἐν
2365 4834 2516 4910 μέσῳ
2543 4829 2835 4890 διαϐαίνων
2870 4834 3383 4911 ἐστενοχωρούμηψ
3414 4833 3506 4889 καὶ
3534 4837 3623 4890 νῦν
3663 4831 3816 4894 ἐκτὸς

2167 4920 2338 4998 φόϐου
2375 4922 2599 4999 βαδίζω,
2637 4922 2868 4998 μηδενὸς
2902 4922 3296 5001 ἐνεδρεύοντος.

2239 5055 2269 5086 κ
2300 5032 2396 5088 Καὶ
2445 5031 2545 5086 οὐκ
2589 5031 2888 5106 ᾐσθένησαν
2937 5031 3004 5086 16:
3060 5027 3194 5107 ἴχνη
3229 5051 3354 5104 μου.
3387 5052 3416 5082 »
3447 5059 3513 5073 -ι
3543 5027 3811 5106 Πρότερον

2171 5121 2266 5196 μὲν
2303 5123 2404 5198 γὰρ
2449 5121 2664 5200 φεύγων
2705 5120 2834 5183 τοὺς
2885 5119 3139 5196 ἐχθροὺς,
3193 5119 3530 5182 ἐπιπολαίως
3582 5119 3814 5176 ἐπάτουν

2164 5213 2265 5280 τὴν
2311 5212 2435 5287 γὴν,
2485 5208 2702 5285 ἀμυδρὰ
2753 5209 3086 5283 ποιούμετος
3134 5207 3285 5286 {xw},
3342 5207 3431 5264 διὰ
3476 5210 3537 5264 τὸ
3567 5206 3814 5264 σπεύδειν

2170 5302 2245 5375 μή
2293 5299 2649 5377 γνωρίζεσθαι
2693 5303 2866 5354 ταῦτα
2908 5304 3027 5361 τοῖς
3077 5296 3496 5370 καταδιώκουσι,
3552 5299 3628 5372 μὴ
3672 5298 3727 5354 τί
3757 5319 3818 5376 γε

2161 5389 2378 5451 τούτοις
2403 5386 2646 5463 ἕψονται·
2679 5393 2770 5444 νῦν
2803 5386 2860 5443 δὲ
2890 5391 3120 5464 στερεῶς
3144 5387 3363 5464 βαίνων.
3391 5385 3596 5464 μηδένα
3620 5386 3807 5451 δειώς,

2164 5476 2267 5550 Εῗη
2323 5478 2370 5534 δ’
2421 5480 2481 5534 ἄν
2536 5479 2627 5533 καὶ
2678 5479 2783 5533 ἀπὸ
2829 5480 2930 5547 τῆς
2988 5476 3309 5548 Έκκλησίας
3368 5478 3397 5534 6
3455 5476 3624 5554 λόγος
3655 5477 3819 5554 εὐχα-

2167 5566 2455 5645 ριστούσης
2515 5567 2598 5622 ὅτι
2657 5565 2984 5622 πλατύνεται
3041 5569 3082 5637 ἡ
3146 5564 3272 5630 ὁδὸς
3347 5566 3516 5638 αὐτῆς
3581 5565 3815 5623 πολλῶν

2163 5657 2479 5733 καθημέραν
2529 5653 2849 5712 ὁδευόντων·
2881 5655 2971 5711 καὶ
3004 5655 3103 5711 οὐκ
3135 5657 3474 5733 ἀμαυροῦται
3501 5656 3570 5713 τὰ
3598 5657 3812 5733 χαράγ-

2168 5767 2309 5822 ματα
2330 5753 2432 5817 τῆς
2463 5745 2818 5823 εύαηελικῆς
2846 5743 3148 5817 πολιτείας,
3181 5744 3309 5802 ἀλλ’
3329 5743 3473 5818 αὔξει
3493 5746 3585 5802 καὶ
3606 5744 3815 5822 λάμπει

2164 5835 2254 5894 διὸ
2311 5839 2346 5883 17
2354 5857 2380 5900 ς
2407 5834 2686 5913 συνεχείας
2712 5839 2827 5892 τῶν
2854 5833 3322 5911 πολιτευομένων.
