4072 6474
242 467 400 534 1407

1488 471 1915 538 NICEPHORI
1958 471 2403 537 BLEMMIDE

3501 469 3681 537 1408

314 597 694 676 «Καταδιώξω
721 599 850 666 τοὺς
896 601 1127 681 ἐχθρούς
1180 625 1307 678 μου,
1353 605 1445 660 καὶ
1491 605 1883 679 καταλήψομαι
1917 611 1970 676 Α
1997 625 2113 678 τον,
2163 605 2252 660 καὶ
2301 605 2550 678 ἀναστὰς,
2593 601 2685 661 καί
2739 603 2882 661 οὕτω
2933 599 3157 683 διαδρὰς
3220 601 3418 668 αὐτούς
3492 625 3676 660 κατα-

245 690 460 755 αὐτούς.
500 717 522 744 ι
557 725 628 736 -
656 693 793 748 Ἀπὸ
820 697 928 749 τῶν
960 689 1350 771 προλαϐόντων
1383 694 1694 769 θαυμασίων
1743 693 1892 765 πλη-

248 781 571 859 ροφορηθεὶς
615 781 705 836 καὶ
754 781 879 858 περὶ
927 787 1034 837 τῶν
1101 782 1414 856 μελλόντων
1457 784 1644 862 φησὶν,
1687 784 1764 845 ὡς
1828 782 1894 838 Εἰ

243 868 406 925 πάλιν
468 869 655 948 ἐχθροί
693 871 798 945 μού
824 891 966 934 τινες
1018 871 1296 947 γένωνται,
1355 872 1448 927 καὶ
1475 871 1700 934 τούτους
1728 870 1892 926 κατά-

243 955 443 1032 διώξω,
481 962 555 1033 μὴ
591 958 921 1034 δυναμένους
943 961 1274 1034 ἀντιστῆναι,
1303 961 1392 1017 καὶ
1424 959 1548 1018 οὐδὲ
1579 961 1671 1024 τὰς
1701 961 1895 1038 χεῖράς

246 1071 350 1122 μου
384 1047 786 1125 διαδράσουσιν.

314 1161 342 1190 ‹‹
366 1138 463 1193 Καὶ
497 1139 596 1194 οὐκ
639 1140 1130 1218 ἀποστραφήσομαι
1160 1138 1262 1203 ἕως
1295 1142 1354 1195 ἅν
1384 1139 1728 1196 ἐκλείπωσιν.
1766 1163 1787 1191 ι
1823 1171 1894 1186 -

243 1224 575 1284 Καταλαϐὼν
634 1228 692 1284 δὲ
748 1229 940 1292 αὐτοὺς
995 1229 1092 1284 οὐκ
1165 1229 1540 1304 ἀναζεύξομαι,
1629 1229 1739 1294 θεὶς
1817 1228 1894 1292 ὡς

243 1319 574 1388 ἡττηθέντας
603 1316 737 1391 ἤδη,
771 1316 898 1374 ἀλλ’
927 1316 1094 1394 ἄρδην
1127 1321 1325 1382 πάντας
1359 1317 1651 1398 διαφθερῶ.

320 1449 350 1478 ‹‹
382 1424 658 1499 Ἐκθλίψω
711 1425 926 1495 αὐτοὺς,
975 1427 1065 1480 καὶ
1113 1427 1175 1480 οὑ
1211 1428 1286 1499 μὴ
1330 1425 1591 1482 δύνωνται
1623 1428 1830 1496 στῆναι.
1864 1448 1894 1477 ››

248 1548 318 1558 -—
346 1515 524 1569 Εἰπὼν
555 1514 638 1570 ὅτι
670 1541 699 1568 ‹‹
737 1513 1054 1585 καταδιώξω
1082 1517 1209 1578 τοὺς
1242 1515 1495 1592 ἐχθροὺς,
1530 1539 1559 1567 ››
1618 1513 1762 1592 λέγει
1804 1514 1896 1570 καὶ

247 1605 337 1660 τὸν
368 1605 569 1681 τρόπον
607 1627 619 1640 υ
654 1606 936 1682 ἀναγκάσω
966 1605 1070 1680 γὰρ
1122 1604 1340 1675 αὐτοὺς,
1399 1609 1756 1681 στενοχωρῶν
1806 1606 1896 1660 καὶ

243 1695 444 1763 πιέζῶν
473 1696 729 1749 πάντοθεν
766 1714 777 1727 ·
839 1699 930 1749 καῖ
961 1692 1022 1748 οὐ
1058 1695 1132 1767 μὴ
1186 1691 1455 1764 δυνηθῶσι
1513 1697 1703 1764 στῆναι
1761 1695 1898 1750 κατά

239 1783 533 1860 πρόσωπον
563 1783 640 1846 εἷς
670 1783 982 1859 παράταξιν.

322 1893 344 1922 ι
379 1876 670 1928 Πεσοῦνται
703 1873 804 1928 ὑπὸ
833 1873 961 1937 τοὺς
996 1871 1168 1936 πόδας
1205 1895 1329 1946 μου.
1367 1897 1395 1925 ››
1434 1866 1890 1947 -Καταλαμϐα-

2003 692 2437 772 σφαλισαμένους
2484 695 2578 751 τὸν
2622 696 2812 774 τάφον.
2863 695 2958 759 Εἰς
2988 697 3055 751 τὰ
3085 693 3207 762 ἔθνη
3239 691 3298 750 δὲ
3327 691 3674 764 ἐϐασίλευσε,

1999 785 2100 854 τὴν
2131 784 2375 840 ἑκούσιον
2406 785 2680 862 ὑποταγὴν
2711 784 2916 841 δούτων
2951 782 3264 858 δεξάμενος.

2075 897 2105 926 ‹‹
2137 873 2282 938 Λαὸς
2329 873 2387 929 ὅν
2437 874 2538 930 οὐκ
2587 869 2752 949 ἔγνων
2806 872 2958 930 έδού)
2974 875 3093 929 ευσέ
3144 895 3258 947 μοι.
3298 896 3320 927 ι
3355 905 3426 916 --
3455 875 3605 937 Λαὸς
3640 874 3674 929 6

2003 959 2054 1033 ἐξ
2106 961 2291 1034 ἐθνῶν,
2342 961 2700 1040 ἀγνοοὺμενός
2737 985 2830 1036 μοι
2861 963 2986 1039 πρὶν
3022 964 3095 1025 ὡς
3125 962 3339 1038 ἀγνοῶν
3373 982 3459 1037 με·
3492 963 3670 1040 γινώ-

2002 1072 2114 1107 σκει
2143 1053 2244 1128 γὰρ
2277 1053 2305 1108 6
2334 1051 2532 1130 Κύριος
2564 1051 2690 1114 τοὺς
2722 1053 2878 1108 αὐτὸν
2907 1053 3298 1129 γινώσκοντας.

2180 1159 2194 1180 ,
2287 1160 2302 1180 9
2391 1161 2405 1180 \
2511 1159 2525 1180 ,
2581 1160 2592 1182 Ι
2714 1161 2727 1181 ε
3400 1159 3414 1180 ν
3650 1159 3672 1171 ⁸

2077 1183 2105 1211 ι(
2133 1165 2229 1222 Εις
2277 1181 2446 1229 ακοην
2493 1181 2659 1215 ωτιου
2709 1159 2983 1231 υπήκουσέ
3043 1181 3161 1233 μοι.
3223 1182 3252 1210 ››
3285 1192 3353 1203 -
3419 1161 3490 1216 Εν
3520 1159 3668 1234 ἀκοῃ

2003 1247 2170 1305 ὠτίου
2199 1247 2525 1325 παρεδέξατό
2559 1270 2664 1323 μου
2693 1250 2755 1305 τὸ
2787 1248 3138 1326 Εὐαγγέλιον.

2080 1361 2108 1395 α
2136 1337 2249 1394 Υίοῖ
2285 1337 2570 1415 ἀλλότριοι
2604 1339 2896 1412 ἐψεύσαντό
2935 1361 3047 1412 μοι.
3084 1363 3114 1390 ››
3145 1371 3214 1383 -
3243 1338 3415 1394 Ταυτὸ
3444 1339 3509 1394 τὸ
3559 1338 3670 1416 ῥη-

2001 1427 2093 1484 τὸν
2139 1426 2244 1483 ἀπὸ
2289 1433 2388 1484 τοῦ
2438 1429 2725 1505 προφήτου
2774 1429 3063 1502 νοήσωμεν
3103 1429 3523 1501 καθαπτομένου
3550 1433 3668 1483 τῶν

2005 1515 2281 1574 Ἰουδαίων
2346 1517 2423 1581 ὠς
2470 1515 2820 1592 ψευδομένων
2881 1518 2942 1572 τὸ
2996 1519 3154 1594 γένος
3190 1539 3202 1552 ·
3274 1517 3671 1595 ἐπιγράφονται

2003 1607 2105 1685 γὰρ
2137 1609 2351 1670 ἑαυτοῖς
2378 1607 2583 1682 πατέρα
2609 1607 2701 1663 τὸν
2729 1603 2982 1684 Ἀϐραὰμ
3002 1607 3091 1662 καὶ
3121 1606 3214 1662 τὸν
3241 1603 3428 1678 Δαυῗδ,
3451 1605 3672 1662 ἐναντία

2001 1696 2224 1760 τούτοις
2255 1693 2686 1768 ἐπιτηδεύοντες.
2720 1697 2818 1751 Καὶ
2850 1695 3002 1758 υἱοὺς
3039 1697 3132 1769 μὲν
3166 1695 3364 1758 αὐτοὺς
3398 1694 3546 1771 λέγει
3575 1693 3672 1750 διὰ

2001 1786 2065 1842 τὸ
2095 1785 2148 1858 ἐξ
2178 1785 2341 1842 αὐτοῦ
2363 1797 2720 1862 κατάγεσθαι,
2769 1783 3101 1862 ἀλλοτρίους
3155 1781 3213 1840 δὲ
3263 1781 3353 1840 διὰ
3400 1785 3501 1854 τὴν
3553 1788 3667 1839 τῶν

2001 1875 2220 1950 τρόπων
2254 1875 2644 1949 ἀνομοιότητα.

243 1960 463 2035 νόμενοι
498 1958 556 2016 δὲ
581 1961 754 2018 καὶέν
805 1963 1026 2041 ἀφύκτῳ
1068 1962 1210 2018 ὡσᾶν
1259 1961 1547 2037 νουόμενοι
1604 1966 1892 2018 πεσοῦνται
1921 1979 1970 2044 Β
2073 1989 2102 2018 ‹‹
2132 1964 2249 2020 Υἷοὶ
2300 1964 2588 2041 ἀλλότριοι
2636 1961 3055 2035 ἐπαλαιώθησαν
3101 1962 3192 2019 καὶ
3235 1960 3522 2039 ἐχώλαναν
3556 1963 3668 2019 ἀπὸ

243 2062 343 2115 καθ
354 2051 698 2111 ικετεύοντες.

321 2140 483 2194 «Καὶ
541 2140 876 2216 περιέζωσάς
928 2163 993 2216 με
1038 2139 1265 2214 δύναμιν
1317 2140 1395 2204 εἷς
1443 2138 1712 2214 πολεμον.
1766 2164 1795 2194 ››
1827 2173 1898 2185 -—

247 2227 420 2285 Πάλιν
451 2231 546 2292 τὰς
575 2231 867 2306 γινομένας
899 2229 1204 2306 εὐεργεσίας
1251 2230 1348 2293 τὰς
1395 2230 1762 2307 γεγενημένας
1806 2251 1898 2285 κα-

247 2319 442 2396 ταλέγε
455 2343 492 2378 ι.

319 2434 349 2461 ‹‹
383 2408 748 2474 Συνεπόδισας
779 2414 976 2475 πάντας
1004 2411 1131 2474 τοὺς
1164 2409 1620 2485 ἐπανισταμένους
1669 2409 1752 2466 ἐπ’
1802 2408 1901 2484 ἐμὲ

250 2497 503 2554 ὑποκάτω
537 2521 661 2572 μου.
703 2523 729 2554 ιι
759 2533 828 2543 -
859 2499 1209 2575 Ἐμποδίσας,
1242 2495 1556 2563 κατέλαϐες.

321 2612 349 2640 ‹‹
383 2589 483 2644 Καὶ
543 2589 671 2653 τοὺς
723 2590 955 2668 ἐχθρούς
1010 2613 1115 2665 μου
1158 2588 1362 2653 ἔδωκάς
1417 2610 1510 2664 μοι
1543 2593 1734 2647 νῶτον.
1770 2612 1800 2641 ››
1830 2621 1900 2632 -

249 2675 473 2748 Δηλαδή
527 2679 875 2750 νωτίζοντας,
926 2678 957 2735 ὅ
998 2680 1109 2735 ἐστι
1163 2679 1459 2760 φεύγοντας
1489 2723 1502 2738 .
1553 2677 1605 2734 οἷ
1635 2679 1741 2754 γὰρ
1770 2675 1898 2757 φεύ-

249 2787 436 2843 γοντες
489 2769 556 2822 τὰ
600 2773 745 2824 νῶτα
789 2769 1127 2849 στρέφοντες,
1180 2773 1327 2824 νῶτα
1387 2765 1453 2839 δὴ
1505 2765 1792 2844 λέγονται.
1860 2765 1897 2836 ἢ

252 2853 427 2911 λείπει
478 2858 541 2912 τὸ
585 2860 935 2934 γενομένους,
978 2857 1053 2914 ’ίν’
1092 2859 1151 2932 ἧ,
1182 2862 1352 2914 νῶτον
1382 2856 1707 2934 γενομένους
1738 2854 1789 2911 ἐν
1818 2856 1899 2929 τῷ

255 2953 708 3026 μεταστραφῆναι·
741 2945 778 3018 ἤ
812 2947 1063 3005 λείπειτὸ
1094 2946 1264 3012 εἷς’ίν’
1373 2947 1450 3010 εἷς
1478 2951 1649 3003 νῶτον
1684 2940 1901 3002 εἰσϐαλ-

249 3031 363 3091 λειν
398 3035 720 3112 ἀφυλάκτως
748 3037 965 3102 αὐτούς.

324 3148 352 3177 ι(
381 3125 480 3180 Καὶ
527 3125 656 3190 τοὺς
705 3129 995 3201 μισοῦντάς
1049 3149 1117 3201 με
1161 3125 1582 3201 ἐξωλόθρευσας.
1645 3149 1676 3178 ››
1707 3157 1775 3168 -
1808 3126 1901 3180 Ἐκ

248 3219 352 3290 γῆς
381 3216 662 3279 παντελῶς
693 3216 951 3294 ἐθέρισας.

325 3304 716 3381 «Ἐκέκραξαν,
775 3307 865 3362 καὶ
921 3306 1021 3362 οὐκ
1065 3307 1133 3377 ἦν
1185 3307 1214 3362 6
1253 3307 1464 3378 σώζων,
1515 3305 1650 3380 πρὸς
1680 3304 1897 3380 Κύριον,

251 3391 342 3446 καὶ
400 3392 500 3448 οὐκ
555 3393 831 3466 εἶσήκουεν
881 3395 1079 3453 αὐτῶν.
1133 3420 1162 3448 ››
1210 3428 1280 3438 —-
1334 3393 1652 3472 Ἐκέκραξαν
1730 3393 1897 3448 εἰπὼν

253 3479 498 3557 ἐπήγαγε
547 3482 637 3537 καὶ
685 3485 822 3558 πρὸς
867 3484 989 3540 τίνα
1020 3503 1034 3516 ”
1084 3484 1174 3540 καὶ
1219 3484 1321 3562 γὰρ
1371 3481 1461 3539 διὰ
1487 3486 1604 3557 τὰς,
1635 3483 1900 3560 ἁμαρτίας

253 3569 432 3625 αὐτῶν
465 3569 566 3626 οὐκ
597 3571 1048 3644 εἶσηκούσθησαν.

325 3683 347 3710 ι
382 3660 482 3713 Καὶ
511 3657 782 3722 ,λεπτυνῶ
840 3661 1035 3724 αὐτοὺς
1076 3661 1206 3717 ὡσεὶ
1248 3661 1384 3738 χοῦν
1434 3661 1572 3716 κατά
1609 3659 1899 3737 πρόσωπον

249 3746 472 3820 ἀνέμου.
507 3772 528 3799 »
563 3781 634 3792 --
662 3748 936 3828 Ἀφανίσω
967 3748 1164 3813 αὐτοὺς
1195 3750 1322 3805 ὡσεὶ
1345 3753 1481 3826 χοῦν
1505 3748 1899 3823 Λεπτυνόμενον

253 3835 485 3892 ἐνώπιον
513 3837 717 3912 ἀνέμου
741 3858 753 3871 ·
787 3837 877 3893 καὶ
907 3838 1007 3916 γὰρ
1041 3839 1068 3893 ὁ
1098 3839 1295 3912 ἄνεμος
1328 3837 1410 3893 ἐπ’
1443 3837 1652 3902 εὐθείας
1698 3836 1902 3912 ἐμπιπ-

253 3945 360 3981 των
411 3927 691 4002 ἀποκρίνει
739 3935 841 3998 τῆς
889 3935 993 4004 γῆς
1037 3929 1128 3984 τὸν
1178 3933 1314 4005 χοῦν
1366 3928 1441 3992 ὡς
1473 3925 1785 4000 λεπτότητα
1812 3926 1902 3984 καὶ

252 4015 584 4094 κουφότητα.

329 4129 358 4158 ‹‹
385 4106 472 4168 Ὠς
520 4105 694 4172 πηλὸν
743 4104 1016 4163 πλάτειῶν
1064 4105 1238 4163 λεανῶ
1285 4107 1502 4171 αὐτοὺς.
1536 4131 1565 4160 ››
1597 4141 1664 4151 —
1692 4111 1901 4176 Λεανῶ,

251 4195 496 4249 τουτέστι
544 4198 908 4267 καταπατήσω
942 4218 956 4233 ο
1013 4197 1103 4252 καὶ
1147 4199 1250 4273 γὰρ
1299 4195 1351 4252 ἐν
1422 4196 1646 4273 ἀγοραῖς
1717 4194 1904 4266 πηλὸς

256 4283 732 4358 καταπατούμενος
765 4284 1053 4342 λεαίνεται.
1086 4286 1220 4341 Ἀπὸ
1267 4289 1363 4340 τοῦ
1413 4285 1684 4358 ἑπομένου
1727 4284 1903 4340 τοίνυν

257 4369 506 4442 ἐδήλωσε
549 4374 612 4428 τὸ
658 4373 1101 4451 προηγούμενον.
1149 4373 1390 4430 Πλατεῖά
1441 4371 1499 4430 δὲ
1529 4377 1564 4444 ἡ
1597 4372 1902 4452 λεωφόρος,

257 4457 373 4516 ἐπεὶ
419 4463 511 4517 καὶ
560 4463 838 4535 ἁμαξιτός.
893 4463 1131 4520 Πλατεῖα
1177 4461 1236 4519 δὲ
1281 4463 1418 4539 πρὸς
1465 4462 1745 4540 σύγκρισιν
1801 4462 1904 4532 τῆς

255 4555 499 4626 ατραποῦ
528 4551 866 4624 στενωτάτης
897 4551 1084 4625 οὔσης.

328 4662 358 4690 ‹‹
389 4639 570 4695 Ῥῦσαι
625 4661 692 4715 με
740 4639 791 4712 ἐξ
839 4641 1165 4711 ἀντιλογιῶν
1217 4639 1373 4698 λαοῦ.
1428 4663 1458 4692 ››
1505 4639 1902 4718 -Ἄνώτερόν

2002 2058 2112 2110 τῶν
2167 2048 2371 2130 τρίϐων
2431 2053 2628 2112 αὐτῶν.
2701 2076 2730 2105 ››
2789 2086 2859 2096 -—
2917 2053 3326 2127 Ἠτιμώθησαν,
3389 2053 3666 2129 ἄχρηστοι

2005 2142 2256 2220 γεγόνασι
2289 2141 2444 2214 δίκην
2475 2146 2676 2199 σκευῶν
2717 2141 3189 2216 πεπαλαιωμένων
3222 2139 3312 2197 διὰ
3337 2148 3439 2212 τῆς
3487 2163 3667 2209 πονη-

2008 2231 2128 2308 ρίας
2187 2232 2389 2290 αὐτῶν.
2422 2231 2739 2310 Ἑχώλαναν
2800 2230 2876 2304 δὲ,
2936 2232 3184 2287 τουτέστι
3241 2232 3666 2308 παρετράπησαν

2006 2321 2113 2378 ἀπὸ
2141 2328 2242 2392 τῆς
2267 2320 2357 2378 διὰ
2383 2326 2493 2378 τῶν
2527 2319 2763 2377 ἐντολῶν
2797 2319 3105 2398 ὁρισθείσης
3137 2319 3322 2384 αὐτοῖς
3367 2318 3498 2376 ὁδοῦ
3521 2340 3536 2355 ·
3566 2325 3669 2375 τοῦ

2007 2411 2203 2489 χωλοῦ
2231 2412 2335 2488 γὰρ
2360 2415 2396 2482 ἡ
2428 2411 2623 2486 πορεία
2651 2411 3135 2487 παρετετραμμένη
3174 2407 3263 2465 διὰ
3289 2410 3389 2479 τὴν
3431 2430 3673 2488 παρτρο-

2006 2502 2116 2572 πὴν
2143 2505 2252 2557 τῶν
2281 2503 2580 2577 ἁρμονιῶν.

2078 2612 2110 2645 ι
2143 2594 2224 2664 Σῇ
2273 2589 2489 2666 Κύριος.
2553 2613 2574 2641 ι
2629 2621 2699 2632 —-
2739 2593 2912 2646 Τοῦτο
2959 2589 3087 2665 περὶ
3131 2590 3232 2658 τῆς
3265 2586 3606 2651 ἀναστάσεως
3639 2589 3671 2643 6

2008 2678 2172 2736 Δαυίδ
2203 2685 2586 2758 προαναφωνεῖ
2612 2684 2731 2742 τοῖς
2777 2673 3230 2752 ὑπολαμϐάνουσι
3281 2679 3528 2732 τεθνάναι
3574 2677 3667 2733 τὸν

2008 2769 2258 2846 Χριστὸν,
2294 2767 2573 2831 Ἰουδαίοις
2611 2769 2754 2844 βοῶν
2784 2766 2868 2823 ὅτι
2903 2771 2989 2842 ζῇ·
3025 2766 3216 2838 ἀνέστη
3249 2767 3377 2842 γὰρ.
3437 2829 3442 2834 θ

2081 2883 2110 2911 ‹‹
2144 2858 2249 2914 Καὶ
2282 2857 2585 2934 εὐλογητὸς
2630 2860 2659 2914 6
2707 2856 2858 2920 Θεός.
2918 2882 2940 2910 ι
2992 2890 3061 2901 —
3091 2857 3276 2929 Ἀξιος
3320 2857 3425 2932 γὰρ
3455 2855 3547 2911 καὶ
3580 2855 3667 2911 εὐ-

2009 2945 2312 3024 λογεῖσθαι,
2347 2946 2480 3026 εὐφη
2493 2949 2725 3021 μεῖσθαι.

2081 3060 2111 3090 ‹‹
2144 3033 2242 3092 Καὶ
2303 3036 2578 3112 ὑψωθήτω
2625 3037 2654 3091 ὁ
2702 3035 2836 3099 Θεὸς
2882 3043 2982 3106 τῆς
3045 3034 3319 3109 σωτηρίας
3371 3055 3499 3108 μου.
3536 3058 3556 3086 ι
3590 3067 3658 3078 -

2006 3122 2348 3182 Ἐπισπεύδει
2401 3125 2560 3181 αὐτὸν
2611 3124 2689 3188 εἷς
2740 3126 2840 3194 τὴν
2885 3122 3156 3199 ἀνάληψιν
3199 3123 3349 3187 ὅπως
3406 3123 3647 3188 ἀπελθὼν

2006 3214 2196 3290 πέμψῃ
2236 3215 2327 3270 τὸν
2375 3214 2732 3292 Παράκλητον
2786 3219 2904 3277 τοῖς
2957 3209 3312 3283 ἀποστόλοις,
3359 3213 3650 3288 μέλλουσιν

2010 3302 2215 3360 ὁδεύειν
2265 3303 2353 3360 ἐπὶ
2399 3304 2463 3360 τὸ
2510 3306 2786 3380 κήρυγμα.
2839 3301 3017 3360 Ἀλλᾶ
3045 3303 3214 3360 πάλαι
3253 3303 3347 3377 μὲν
3379 3305 3447 3373 ἦν
3480 3303 3508 3358 ὁ
3535 3303 3664 3366 Υἱὸς

2012 3395 2141 3458 Θεὸς
2190 3393 2468 3463 πλάσεως,
2517 3397 2609 3448 νῦν
2653 3389 2710 3448 δὲ
2757 3393 2888 3456 Θεὸς
2920 3391 3295 3467 ἀναπλάσεῶς,
3327 3393 3454 3463 ἢτοι
3486 3413 3668 3463 σωτη-

2011 3483 2152 3561 ρίας.
2200 3485 2308 3553 Τὴν
2356 3481 2415 3539 δὲ
2460 3481 2799 3556 ἀντωνυμίαν
2850 3481 3096 3557 προσέθη
3152 3483 3245 3556 μὲν
3295 3481 3673 3554 κοινωνούμε-

2007 3593 2101 3636 νος
2158 3574 2332 3645 ἐαυτῷ
2384 3573 2451 3628 τὰ
2499 3570 2761 3648 ἡμέτερα.
2822 3569 2933 3627 ἔστι
3003 3569 3062 3626 δέ
3117 3573 3207 3627 καὶ
3265 3569 3476 3644 ἄλλως,
3539 3571 3682 3627 κατὰ

2006 3663 2106 3732 τήν
2165 3667 2262 3716 τοῦ
2319 3659 2482 3718 Δαυῒδ
2539 3661 2808 3734 ὑπόθεσιν,
2857 3661 3027 3716 εἰπεῖν
3080 3659 3162 3716 ὅτι
3212 3660 3433 3736 Κύριος,
3481 3660 3679 3716 τουτέ-

2010 3771 2124 3806 στιν
2171 3747 2348 3814 ἀΐδιός
2378 3750 2510 3822 ἐστι,
2559 3753 2700 3824 μήτε
2731 3751 2910 3827 ἀρχὴν
2959 3751 3096 3822 μήτε
3126 3751 3293 3826 πέρας
3321 3747 3492 3826 ἔχων,
3527 3747 3685 3804 ἀλλᾶ

2011 3836 2084 3895 ὢν
2163 3837 2262 3894 ἀεί·
2339 3838 2713 3914 παραμίγνυσι
2777 3838 2882 3914 γὰρ
2945 3835 3092 3892 ἔστιν
3155 3837 3218 3892 οὗ
3273 3836 3365 3892 καὶ
3426 3834 3684 3910 δόγματα

2008 3933 2128 3992 τοῖς
2187 3927 2380 4005 λογοις
2430 3929 2458 3983 ὁ
2512 3929 2804 4006 προφήτης
2844 3924 2934 3980 διὰ
2959 3927 3059 3996 τὴν
3088 3930 3195 3980 τῶν
3227 3925 3677 4002 ἐντυγχανόντων

2012 4015 2302 4096 ὠφέλειαν.
2357 4015 2674 4092 Εὐλογητὸς
2729 4012 2787 4070 δέ
2825 4015 2853 4070 ὁ
2883 4015 3016 4078 Θεὸς
3049 4011 3116 4069 δι’
3147 4016 3180 4069 ἅ
3209 4015 3433 4085 ἐποίησε
3463 4014 3680 4088 θαυμά-

2014 4127 2124 4164 σια.
2157 4107 2456 4181 Ὑψωθήτω
2489 4103 2546 4161 δὲ
2575 4105 2694 4160 ἀντὶ
2725 4109 2821 4160 τοῦ
2855 4105 3019 4180 μέγας
3050 4103 3369 4179 λογισθήτω
3399 4107 3559 4178 ἡμῖν.

2083 4237 2114 4266 ‹‹
2147 4214 2207 4272 Ὀ
2261 4214 2390 4276 Θεὸς
2449 4215 2478 4268 6
2524 4210 2706 4275 διδοὺς
2754 4210 3027 4282 ἐκδικήσει
3077 4211 3202 4285 ἐμοὶ
3249 4213 3339 4266 καὶ
3405 4210 3678 4282 ὑποτάξας

2013 4298 2180 4357 λαοὺς
2231 4301 2319 4356 ὑπ’
2369 4300 2485 4374 ἐμέ.
2546 4324 2575 4354 ››
2623 4334 2694 4343 -
2740 4297 3082 4370 Ἐκδικήσεις
3129 4298 3265 4354 κατὰ
3291 4303 3398 4354 τῶν
3431 4299 3671 4376 ἐχθρῶνο

2010 4389 2300 4464 Ὑποτάεας
2358 4388 2425 4446 δᾶ
2464 4389 2594 4452 τοὺς
2642 4388 2732 4445 διὰ
2773 4389 2865 4444 τὸν
2914 4387 3097 4443 Σαοὺλ
3139 4385 3517 4462 πολεμοῦντάς
3571 4408 3673 4461 μοι

2014 4476 2309 4542 Ἰουδαίους
2341 4498 2355 4510 ’
2415 4476 2469 4534 ο⁹ί
2523 4479 2614 4534 καὶ
2665 4477 2883 4540 ἄκοντες
2943 4481 3058 4546 νῦν,
3113 4477 3192 4540 ὡς
3244 4475 3462 4554 βασιλεῖ
3547 4497 3675 4551 μοι,

2014 4567 2314 4643 ὑπέκυψάν.
2364 4568 2488 4625 Ἐπῖ
2541 4565 2600 4623 δέ
2637 4571 2736 4623 τοῦ
2785 4571 3021 4642 Χριστοῦ
3077 4567 3298 4638 νοήσεις
3363 4563 3677 4637 ὲκδικήσεις

2011 4657 2149 4712 κατὰ
2174 4661 2283 4712 τῶν
2334 4652 2602 4732 Ἐϐραίων
2653 4656 2703 4730 ἐξ
2755 4655 3157 4732 λοθρευθέντων
3221 4655 3325 4712 ὑπὸ
3356 4655 3677 4730 Ῥωμαίων,

253 4749 322 4822 ξιε
368 4732 605 4822 ποιήσῃς
635 4732 774 4822 ξτῆς-
806 4729 1118 4822 ἀντιλεγρίας
1165 4733 1263 4822 τῷ
1303 4729 1756 4822 *ὑποςτεταγμένῩυ
1806 4749 1902 4822 ιέιτξι
1932 4720 1978 4785 D
2011 4746 2291 4822 ὑποταγὴν
2324 4742 2383 4801 δὲ
2413 4720 2561 4802 λαῶν
2592 4720 2914 4816 τῆν’τῶνέξ
2946 4743 3137 4804 ἐθνῶν.

254 4817 391 4875 λαοῦ
419 4817 718 4894 τρέμοντος
745 4819 822 4882 ὡς
855 4817 1101 4895 βασιλέα,
1133 4818 1222 4874 καὶ
1249 4819 1326 4893 μὴ
1346 4816 1668 4892 τολμῶντος
1690 4815 1901 4874 ἀντιλέ-

249 4929 360 4985 γειν
392 4912 511 4970 τοῖς
543 4906 698 4981 ἐμοῖς
724 4906 1149 4984 προστάγμασιν.

325 5040 354 5068 ‹‹
404 5016 769 5086 Καταστήσεις
824 5035 890 5088 με
953 5013 1029 5076 εἷς
1071 5009 1314 5091 κεφαλὴν
1358 5011 1548 5078 έθνων.
1615 5035 1646 5066 ››
1702 5046 1772 5057 -
1827 5013 1902 5069 Οὐ

258 5103 424 5178 μόνον
473 5109 645 5159 πᾶσαν
689 5100 1002 5179 ἀντιλογίαν
1047 5106 1154 5156 τῶν
1206 5101 1461 5172 ὑπηκόων
1504 5103 1598 5176 μοὶ
1627 5101 1901 5179 περιελεῖς

247 5189 552 5264 Ἰουδαίων,
602 5190 866 5266 ἀλλᾶξκαὶ
920 5187 1044 5262 ἔθνη
1101 5189 1379 5263 ὑποτάξεις
1424 5211 1541 5264 μοι.
1589 5188 1902 5265 Ἀρμοδιώ-

253 5301 410 5357 τερον
469 5278 527 5336 δὲ
583 5281 721 5358 πρὸς
799 5282 1026 5358 Χριστὸν
1095 5280 1306 5355 ἀνάγειν
1375 5277 1608 5344 ἐντεῦθεν
1673 5278 1906 5356 λέγοντα

259 5372 396 5446 πρὸς
449 5369 541 5425 τὸν
581 5371 791 5446 Πατέρα
837 5370 972 5424 κατὰ
1023 5369 1086 5424 τὸ
1143 5368 1506 5441 ἀνθρώπινον,
1574 5367 1660 5424 ὅτι
1731 5376 1902 5425 Κατα-

257 5462 474 5528 στήσεις
531 5459 723 5532 μεξείς
780 5458 1022 5533 κεφαλὴν
1074 5457 1260 5531 ἐθνῶν,
1306 5457 1443 5512 κατὰ
1486 5458 1570 5527 τὸ,
1640 5482 1669 5512 ‹‹
1735 5459 1905 5515 Δώσω

257 5569 341 5602 σοι
401 5543 526 5618 ἔθνη
582 5548 681 5616 τήν
739 5545 1112 5623 κληρονομίαν
1174 5567 1269 5601 σου
1303 5565 1315 5579 ·
1376 5569 1405 5599 ››
1465 5550 1564 5601 τοῦ
1619 5546 1720 5623 γάρ
1777 5548 1903 5621 πρὶν

258 5635 462 5691 οἰκείου
506 5635 643 5691 λαοῦ
695 5639 769 5710 μὴ
823 5635 1112 5709 δεξαμένου
1159 5635 1340 5708 αὐτὸν,
1411 5635 1542 5692 ἀλλ’
1586 5637 1904 5701 ἀπιθοῦντος

250 5725 341 5780 καὶ
385 5725 758 5802 ἀντιλέγοντος
807 5725 896 5781 καὶ
939 5724 1100 5788 τέλος
1148 5724 1434 5789 ἀνελόντος
1480 5725 1572 5781 τὸν
1604 5726 1903 5800 Δεσπότην,

250 5811 482 5889 έῤῥασθη
537 5817 631 5893 μὲν
681 5815 880 5889 αὐτῶν,
929 5813 1290 5892 περιστρέψας
1346 5815 1532 5880 αὐτοῖς
1598 5815 1690 5874 τὸν
1741 5815 1904 5875 θάνα-

2082 4839 2196 4888 «Ὁ
2255 4833 2459 4910 ῥύστης
2516 4848 2626 4909 μου
2686 4833 2736 4908 ἐξ
2796 4832 3007 4909 ἐχθρῶν
3072 4853 3176 4907 μου
3234 4830 3490 4911 ὀργίλων.
3542 4856 3682 4886 ››-

2007 4922 2346 5001 Εὐχαριστία
2391 4927 2560 4979 ταῦτα
2602 4922 2740 4998 πρὸς
2786 4923 2879 4978 τὸν
2931 4923 3084 4994 Θεὸν,
3133 4920 3309 4977 πάντα
3353 4921 3432 4984 εἷς
3463 4921 3680 4986 εὐθεῖαν

2014 5013 2110 5086 μὲν
2193 5010 2794 5088 μετασχηματισθέντα,
2888 5009 3198 5081 κλητοικὴν
3305 5008 3363 5067 δὲ
3445 5008 3679 5085 δύναμιν

2011 5097 2214 5178 ἔχοντα
2244 5120 2258 5136 ο
2312 5098 2545 5178 ἐχθροὺς
2597 5098 2656 5156 δὲ
2706 5098 2963 5178 ὀργίλους
3014 5097 3164 5176 λέγει
3210 5098 3340 5163 τοὺς
3394 5101 3533 5179 ἀμφὶ
3579 5102 3680 5158 τὸν

2014 5188 2222 5261 Σαοὺλ,
2285 5188 2561 5265 μηδέποτε
2598 5191 2699 5260 τὴν
2753 5189 2924 5266 ὀργὴν
2957 5188 3402 5252 ἀπολελοιπότας
3434 5185 3537 5252 ἕως
3577 5209 3681 5245 πε-

2014 5286 2228 5356 ριῆσαν,
2261 5279 2298 5349 ἢ
2329 5277 2456 5342 νοὸς
2490 5276 2777 5353 δαίμονας.

2085 5393 2114 5422 (ι
2145 5368 2274 5426 Ἀπὸ
2301 5373 2410 5423 τῶν
2444 5368 2881 5442 ἐπανισταμένων
2915 5367 2998 5422 ἐπ’
3031 5366 3129 5440 ἐμὲ
3156 5367 3390 5443 ὑψώσεις
3423 5387 3510 5442 με.
3544 5389 3576 5420 »
3609 5401 3687 5413 ~—

2011 5461 2082 5514 Ἀ
2111 5457 2202 5514 καὶ
2231 5452 2529 5534 προλαϐών
2564 5457 2701 5528 εἷπε,
2733 5461 2904 5512 ταῦτα
2932 5453 3099 5511 πάλιν
3133 5459 3284 5536 φησὶ,
3318 5457 3529 5535 χαίρων
3551 5456 3690 5514 ἐπα·-

2013 5546 2298 5604 νακυκλεῖν
2329 5547 2482 5621 αὐτὰ,
2517 5552 2692 5623 χαρᾶς
2726 5545 2856 5601 ὅντα
2883 5544 3138 5622 πρόξενα.

2087 5637 2136 5690 ((³
2167 5638 2284 5693 Απὸ
2314 5634 2512 5714 ἀνδρὸς
2558 5634 2748 5691 ἀδίκου
2800 5635 2955 5712 ῥῦσαί
3008 5656 3095 5709 με.
3132 5658 3162 5688 ››
3208 5668 3278 5678 —
3304 5633 3514 5698 Ο’ίτινες
3543 5634 3682 5692 ἐπα-

2013 5727 2372 5799 ναστήσονταί
2426 5747 2541 5800 μοι,
2590 5727 2728 5782 κατὰ
2774 5724 2902 5787 τοὺς
2953 5724 3348 5800 θεραπεύοντας
3414 5725 3508 5781 τὸν
3568 5732 3686 5782 Σα-

2015 5815 2117 5877 οὐλ
2169 5816 2445 5898 ἀνώτορον
2493 5816 2649 5890 θήσει
2697 5835 2766 5892 με
2811 5814 3010 5890 αὐτῶν,
3060 5813 3150 5872 καὶ
3230 5811 3285 5874 εἷ’
3357 5835 3442 5880 τις
3525 5810 3680 5874 ἔσται
