4072 6428
310 373 469 436 1409

1531 366 1947 436 EXPOSITIO
1991 372 2071 435 IN
2115 371 2504 438 PSALMOS.

3570 381 3729 444 1410

317 527 411 579 μοι
441 507 581 561 κατ”τ
606 505 700 560 τὸν
728 502 915 560 Σαοὺλ
947 502 1133 568 ἄδικος
1164 499 1535 561 ἐπιϐουλεύων
1578 502 1659 578 τῷ
1711 504 1964 577 σώζοντι,
1993 511 2050 578 Α
2075 502 2216 582 γίας’
2272 505 2473 579 ταύτην
2521 508 2623 585 γὰρ
2673 507 2927 582 ὠνόμασε
2972 509 3061 565 καὶ
3129 508 3282 582 δόξαν
3350 512 3440 567 καὶ
3510 511 3729 584 ποίησιν

316 593 473 674 ῥῦσαί
507 617 575 669 με
603 595 694 650 καὶ
724 594 944 651 τούτου.

385 708 415 738 ‹‹
447 685 547 740 Διά
572 689 736 741 τοῦτο
768 682 1255 760 έξομολογήσομαί
1286 705 1370 740 σοι
1411 684 1463 741 ἐν
1494 681 1683 761 ἔθνεσι,
1714 686 1898 765 Κύριε.
1934 710 1965 740 ››

315 805 386 817 -—-
440 772 589 829 Διότι
645 777 895 836 τοιοῦτος
950 773 999 829 εἶ
1062 773 1174 829 οἷον
1241 772 1373 848 ἐμὸς
1445 774 1711 850 έξύμνησε
1772 775 1965 853 λόγος,

314 861 698 938 εὐχαριστήσω
731 882 818 917 σοι
847 860 900 916 ἐν
928 867 1058 917 πᾶσι
1086 866 1204 925 τοῖς
1232 860 1422 921 ἔθνεσι.
1457 865 1562 922 Καὶ
1596 865 1776 940 μέντοι
1804 871 1967 922 τοῦτο

314 949 587 1022 πεποίηκε
612 949 702 1006 διὰ
725 957 828 1021 τῆς
861 946 1061 1028 βίϐλου
1079 956 1187 1008 τῶν
1219 950 1436 1009 οἰκείων
1466 952 1703 1029 ψαλμῶν
1736 954 1788 1012 ἐν
1810 961 1970 1012 πᾶσιν

314 1035 517 1096 ἔθνεσιν
546 1041 847 1095 ἀναπτυσσο
855 1041 1044 1114 μένου.

389 1153 419 1183 ‹‹
450 1127 550 1184 Καὶ
577 1133 658 1202 τῷ
692 1127 922 1203 ὀνόματί
952 1151 1049 1186 σου
1078 1128 1261 1206 ψαλῶ.
1297 1154 1320 1184 ιι
1356 1165 1425 1175 -
1455 1128 1679 1206 Δηλαδή
1711 1154 1796 1190 σοι
1835 1133 1974 1190 κατὰ

315 1217 400 1289 τὸ,
434 1239 465 1271 ι(
494 1215 672 1274 Ψαλῶ
697 1237 782 1273 σοι
813 1217 867 1273 ἐν
892 1220 1109 1296 κιθάρᾳ.
1138 1243 1168 1273 ››

395 1326 417 1358 ιι
449 1305 785 1382 Μεγαλύνων
816 1307 913 1371 τὰς
946 1307 1229 1387 σωτηρόας
1259 1313 1358 1366 τοῦ
1411 1310 1701 1388 βασιλέως.
1733 1337 1762 1366 ››
1794 1344 1864 1356 -
1893 1312 1975 1372 Τὸ

318 1393 483 1472 Κύριε
510 1398 1018 1471 προσυπακουστέον
1050 1396 1375 1473 ένταῦθα,’ίν’
1401 1400 1663 1477 ῇ,Κύριε,
1681 1402 1710 1459 6
1734 1400 1974 1479 μεγάλας

328 1489 502 1541 ποιῶν
529 1485 623 1549 τὰς
651 1487 923 1563 σωτηρίας
957 1508 1061 1562 μου
1088 1492 1187 1544 τοῦ
1221 1487 1510 1564 βασιλέως.

394 1597 424 1627 ‹‹
452 1574 553 1631 Καὶ
606 1580 782 1631 ποιῶν
842 1574 997 1640 ἔλεος
1048 1580 1127 1650 τῷ
1184 1576 1400 1653 χριστῷ
1458 1578 1643 1638 αὐτοῦ.
1676 1603 1708 1633 ››
1763 1612 1834 1623 -—
1889 1577 1979 1654 Τῷ

318 1663 591 1741 χρισθέντι
625 1664 730 1720 ὑπὸ
761 1671 1009 1739 σεαυτοῦ,
1043 1663 1259 1737 δηλαδὴ
1289 1667 1575 1744 προστάξει
1609 1690 1713 1726 σοι.

396 1775 425 1803 ι(
452 1757 540 1826 Τῷ
590 1752 753 1809 Δαυῒδ
821 1755 912 1810 καὶ
967 1759 1048 1827 τῷ
1107 1754 1376 1831 σπέρματι
1439 1756 1605 1813 αὐτοῦ
1668 1755 1773 1822 ἕως
1844 1756 1976 1814 αἶ’ῶ-

2070 598 2297 672 χειρῶν.

2149 683 2415 760 «Ἠμέρα
2483 688 2552 753 τῇ
2628 686 2814 762 ἡμέρᾳ
2887 684 3161 763 ἐρεύγεται
3237 687 3407 765 ῥῆμα.
3460 713 3490 742 ››
3539 725 3605 735 -
3662 690 3729 748 Εἰ

2076 771 2379 847 αὐτόματος
2423 773 2452 829 6
2499 773 2706 848 κόσμος
2781 773 3021 853 ἐφέρετο,
3070 776 3169 831 οὐκ
3211 776 3270 831 ἂν
3325 778 3551 855 ἐτήρουν
3596 780 3726 843 τοὺς

2075 860 2311 925 οἰκείους
2361 860 2522 940 ὅρους
2571 864 2626 918 αἱ
2670 862 2874 940 ἡμέραι
2923 864 3013 920 καὶ
3063 864 3116 919 αἱ
3166 864 3371 929 νύκτες.
3404 871 3509 922 Νῦν
3543 866 3721 925 6610-

2076 955 2268 1007 σοῦτον
2322 954 2638 1027 προνοητής
2697 951 2808 1008 ἐστι
2880 957 2980 1009 τοῦ
3053 955 3250 1018 παντὸς
3326 957 3401 1019 ὡς
3462 957 3565 1013 ὑπὸ
3620 965 3724 1029 τῆς

2078 1036 2207 1117 ἄγαν
2266 1039 2508 1112 εὐταξίας
2568 1038 2745 1097 δοκεῖν
2800 1043 2901 1112 τήν
2945 1044 3173 1118 πρώτην
3226 1046 3437 1119 ἡμέραν
3496 1046 3578 1102 ἀεὶ
3626 1048 3728 1117 τήν

2080 1129 2206 1200 ἑξῆς
2255 1126 2523 1186 διδάσκειν
2572 1130 2696 1205 περὶ
2741 1135 2839 1186 τοῦ
2886 1130 3017 1207 ὅρου
3071 1139 3175 1203 τῆς
3240 1133 3730 1211 ἀποκληρωθείσης

2080 1219 2270 1281 αὐταῖς
2326 1219 2548 1293 τάξεως⁸
2605 1218 2808 1295 τρόπον
2875 1221 2980 1298 γάρ
3045 1242 3165 1277 τινα
3228 1222 3500 1299 ἐρεύγεται
3569 1224 3737 1300 αὐτῇ,

2080 1307 2347 1365 τουτέστι.
2394 1307 2588 1382 μηνύει
2639 1307 2808 1385 ῥῆμα,
2856 1308 2984 1379 ἤτοι
3027 1311 3091 1366 16
3149 1311 3274 1387 περὶ
3328 1313 3525 1368 τούτου
3571 1312 3738 1389 πρόσ-

2081 1417 2265 1475 ταγμα
2289 1400 2389 1453 τοῦ
2413 1402 2574 1466 Θεοῦ.

2162 1509 2187 1540 ι
2219 1487 2321 1542 Καὶ
2349 1486 2437 1558 νὺξ
2465 1484 2618 1542 νυκτὶ
2659 1484 2990 1564 ἀναγγέλλει
3046 1491 3264 1565 γνῶσιν.
3296 1512 3325 1542 ι›
3359 1521 3428 1532 --
3453 1494 3622 1546 Τοῦτο
3680 1488 3741 1547 66

2084 1574 2176 1631 καὶ
2206 1572 2295 1630 ἐπὶ
2321 1578 2430 1630 τῶν
2461 1579 2666 1632 νυκτῶν
2704 1573 2853 1632 ἔσται
2901 1573 3057 1633 ῗδεῖν.
3104 1581 3310 1631 Γνῶσιν
3360 1575 3418 1633 δὲ
3463 1575 3590 1648 ἤτοι
3635 1580 3737 1649 τήν

2087 1660 2436 1720 διδασκαλίαν
2468 1665 2594 1741 περὶ
2620 1668 2719 1720 τοῦ
2740 1662 2876 1742 ὅρου
2895 1671 2995 1735 τῆς
3023 1663 3224 1738 τάξεως
3246 1665 3324 1729 ὡς
3349 1667 3426 1740 μὴ
3458 1665 3738 1739 ἀλλήλαις

2088 1750 2466 1827 λυμαίνεσθαι,
2488 1751 2636 1808 ἀλλὰ
2662 1753 2752 1809 καὶ
2781 1754 2927 1825 τάξει
2945 1755 3053 1810 τινὶ
3080 1759 3241 1810 τοῦτο
3277 1754 3372 1829 μὲν
3400 1756 3496 1818 τὰς
3524 1756 3738 1835 ἡμέρας

320 1862 436 1905 νος.
471 1866 502 1895 ››
530 1874 605 1887 -
647 1842 831 1899 Είπὼν
888 1842 1114 1920 βασιλέα
1163 1844 1278 1900 εἶτα
1321 1847 1547 1922 χριστὸν
1598 1846 1844 1924 ἐπήγαγε
1888 1847 1980 1903 καὶ
2008 1884 2056 1950 Β
2086 1840 2456 1915 πλεονεκτεῖν,
2486 1846 2654 1898 τοῦτο
2685 1840 2744 1898 66
2766 1842 2863 1905 τὰς
2887 1841 3101 1915 νύκτας,
3129 1847 3292 1899 τοῦτο
3323 1841 3383 1899 66
3433 1844 3739 1923 ἴσομοιρεῖν

359 1931 376 1950 \
450 1926 477 1950 Ἰ
711 1932 780 1950 m\
898 1934 914 1950 \
1044 1930 1073 1950 Ὗ
1164 1934 1190 1950 Λ
1238 1932 1282 1950 In
1404 1933 1450 1950 ’κ
1521 1941 1545 1950 .-
1588 1947 1598 1950 Α
2159 1931 2175 1950 \
2212 1928 2237 1950 δ
2275 1933 2291 1950 \
2401 1932 2412 1950 1
2644 1931 2658 1950 9
2908 1938 2933 1948 υ
3016 1934 3083 1950 ιτε-
3135 1931 3151 1950 9
3234 1932 3248 1950 Ι
3460 1932 3514 1950 ι..
3724 1935 3739 1950 0

320 1931 384 1986 16
447 1926 643 2005 ὄνομα.
711 1932 788 1989 Τὸ
858 1934 951 2007 μὲν
1012 1930 1104 1989 οὗν
1164 1932 1342 1989 θεόθεν
1401 1933 1666 2002 ἐλεεῖσθαι
1734 1957 1975 2014 προσαρ-

326 2020 482 2095 μόσει
538 2026 658 2085 τὸῖς
708 2020 768 2077 ἐκ
812 2022 999 2099 γένους
1045 2026 1144 2077 τοῦ
1192 2020 1357 2078 Δαυῒδ
1410 2022 1790 2100 βασιλεύσασιν
1839 2027 1978 2084 Ἰου-

324 2108 529 2172 δαίους
578 2109 642 2165 τὸ
687 2107 734 2164 δ’
778 2108 884 2173 ἕως
935 2111 1136 2175 αἰῶνος
1184 2110 1449 2169 ἀνοίκειόν
1499 2112 1630 2170 ἐστι·
1681 2115 1816 2189 μετά
1871 2114 1978 2192 γὰρ

319 2200 420 2269 τήν
452 2197 504 2270 ἐξ
533 2198 924 2276 αἰχμολωσίας
955 2198 1221 2257 ἐπάνοδον
1274 2196 1440 2276 μόνος
1489 2199 1802 2282 Ζοροϐάϐελ
1849 2208 1977 2283 ἠγε-

327 2287 613 2364 μονεύσας,
654 2288 717 2345 οὐ
783 2288 1150 2347 καταλέλοιπε
1194 2289 1579 2369 κληρονόμους
1624 2301 1727 2365 τῆς
1769 2297 1978 2372 ἡγεμο-

321 2378 463 2443 νίας.
514 2379 769 2435 Λείπεται
814 2380 994 2435 τοίνυν
1061 2381 1151 2436 τὸν
1202 2382 1413 2453 Ἰησοῦν
1462 2383 1693 2461 Χριστὸν
1764 2384 1982 2461 σπέρμα

321 2472 420 2522 τοῦ
468 2466 632 2524 Δαυῒδ
680 2468 906 2534 ἐνταῦθα
949 2466 1219 2546 λέγεσθαι,
1254 2468 1345 2527 διὰ
1387 2472 1452 2527 τὸ
1511 2471 1572 2528 ἐκ
1635 2470 1802 2529 Δαυῒδ
1848 2495 1978 2530 κατ-

325 2558 541 2634 άγεσθαι
593 2559 694 2629 τήν
759 2557 925 2613 αὐτοῦ
979 2557 1207 2636 μητέρα,
1258 2560 1320 2615 οὗ
1387 2567 1490 2631 τῆς
1546 2562 1827 2639 βασιλείας
1882 2562 1983 2619 οὐκ

328 2643 477 2702 ἔσται
505 2645 684 2710 τέλος.
718 2648 812 2703 Διὸ
841 2647 932 2703 καὶ
959 2647 988 2702 6
1018 2647 1424 2726 Εὐαγγελιστής
1468 2647 1672 2725 εἷ’ρηκε’
1708 2676 1737 2705 κ
1779 2646 1980 2715 Βίϐλος

324 2736 583 2814 γενέσεως
642 2739 823 2808 Ἰησοῦ
885 2743 1123 2816 Χριστοῦ
1185 2740 1307 2795 υἱοῦ
1389 2738 1575 2796 Δαυῗδ*
1627 2768 1650 2794 ιι
1701 2746 1872 2798 ποιῶν
1925 2739 1983 2798 66

327 2826 476 2901 αὐτῷ
496 2825 651 2891 ἕλεος
683 2828 711 2883 6
739 2827 919 2905 Λόγος
946 2827 1037 2884 καὶ
1068 2828 1198 2891 Θεὸς
1238 2829 1314 2892 ὡς
1355 2828 1641 2906 ἡνωμένος
1690 2829 1837 2904 αὐτῷ
1890 2829 1982 2886 καὶ

329 2917 612 2981 τεθεωκώς
625 2959 637 2977 .

939 3083 1235 3136 ΨΑΛΜΟΣ
1275 3080 1358 3137 Η’.

403 3244 431 3275 (ι
460 3218 557 3284 Είς
579 3221 644 3277 16
671 3220 832 3285 τέλος
862 3219 1084 3295 ψαλμὸς
1108 3226 1187 3295 τῷ
1216 3219 1402 3280 Δαυῒδ.
1437 3244 1468 3274 ››
1498 3254 1568 3265 -—
1591 3222 1690 3286 Εἰς
1716 3223 1781 3279 τὸ
1818 3219 1980 3287 τέλος

326 3309 419 3366 καὶ
468 3309 626 3372 οὗτος
678 3309 706 3364 6
746 3307 987 3384 ψαλμὸς,
1038 3309 1121 3366 ὅτι
1172 3311 1402 3388 γηραιὸς
1447 3310 1742 3387 γενόμενος
1789 3316 1980 3368 τοῦτον

329 3398 627 3472 συνέταξεν,
661 3397 737 3461 εἷς
765 3397 924 3462 τέλος
967 3403 1113 3470 ζωῆς
1155 3397 1266 3471 ἤδη
1324 3397 1562 3475 βλέπων,
1593 3401 1629 3473 ἢ
1679 3399 1762 3458 ὅτι
1812 3421 1984 3478 προα-

329 3493 569 3567 ναφωνεῖ
626 3494 852 3565 πρᾶγμα
917 3488 993 3552 εἰς
1056 3488 1216 3553 τέλος
1264 3485 1705 3565 ἀποϐησόμενονο
1769 3490 1985 3547 ἐπιστο-

339 3576 484 3653 μίζει
535 3579 640 3653 γὰρ
688 3579 788 3647 τὴν
842 3575 1148 3657 μέλλουσαν
1196 3583 1305 3634 τῶν
1358 3578 1674 3657 ληρούντων
1707 3580 1990 3656 αὐτόματα

331 3668 577 3743 γενέσθαι
606 3666 675 3723 τὰ
702 3666 895 3722 πάντα.
918 3654 925 3659 ί

406 3779 436 3809 ‹‹
466 3757 530 3812 Οἱ
565 3755 786 3834 οὐρανοὶ
841 3754 1158 3834 διηγοῦνται
1218 3754 1372 3830 δόξαν
1422 3762 1577 3816 Θεοῦ.
1612 3783 1643 3813 ››
1673 3794 1741 3805 -
1796 3760 1987 3836 Λύτοῖ,

333 3845 520 3924 φησὶν,
555 3845 607 3901 οἱ
659 3844 881 3922 οὐρανοὶ
930 3848 1162 3903 πάντοτε
1206 3847 1533 3924 κηρύττουσι
1581 3848 1644 3904 τὸ
1696 3849 1988 3926 μεγαλεῖον

331 3937 432 3988 τοῦ
459 3934 685 4011 Κυρίου,
718 3937 873 4013 φωνῇ
923 3938 1208 4012 χρώμενοι
1255 3941 1324 4013 τῇ
1374 3933 1516 4013 ὄψει’
1566 3938 1627 3994 ἐκ
1670 3940 1775 4017 γὰρ
1828 3939 1990 4017 μεγέ-

333 4022 461 4084 θους
489 4019 580 4077 καί
620 4020 900 4093 καλλονῆς
945 4025 1255 4100 κτισμάτων
1305 4024 1592 4103 ἀναλόγως
1623 4028 1652 4082 6
1682 4050 1991 4107 γενεσιουρ-

335 4110 433 4188 γὸς
489 4110 666 4166 αὐτῶν
737 4112 1040 4187 θεωρεῖται.
1097 4120 1208 4177 Πᾶς
1277 4116 1419 4192 ὁρῶν
1466 4116 1698 4194 οὐρανοῦ
1762 4120 1991 4196 μέγεθος

335 4197 428 4255 καὶ
457 4196 667 4263 κάλλος
700 4198 789 4255 καὶ
822 4201 1017 4277 σχῆμα
1044 4202 1135 4257 καὶ
1183 4204 1326 4259 θέσιν
1374 4204 1466 4260 καὶ
1511 4206 1580 4262 τὰ
1617 4211 1841 4263 τοιαῦτα
1890 4229 1992 4282 μο-

334 4289 562 4367 νονουχὶ
612 4285 936 4345 διδάσκαλον
988 4285 1132 4366 ἔχων
1192 4292 1293 4361 τὴν
1361 4295 1502 4357 θέσιν
1568 4294 1806 4352 πιστεύει
1865 4295 1993 4375 περῖ

333 4384 438 4450 τῆς
469 4375 754 4454 δυνάμεως
781 4383 881 4435 τοῦ
928 4383 1084 4437 Θεοῦ.
1115 4379 1387 4458 Οὐρανοὺς
1435 4380 1494 4438 66
1532 4380 1684 4461 λέγει
1717 4385 1811 4442 τὸν
1858 4385 1992 4464 ὑπὲρ

336 4469 404 4525 τὸ
470 4467 773 4546 στερέωμα,
839 4466 1197 4542 πληθυντικῷ
1263 4479 1574 4550 χαρακτῆρι
1640 4475 1994 4550 χρησάμενος

337 4556 458 4613 ἀντὶ
507 4556 710 4626 ένικοῦ,
744 4559 881 4614 κατὰ
925 4559 1026 4628 τήν
1078 4553 1337 4637 Ἐϐραῒδα
1372 4558 1665 4618 ’διάλεκτον
1712 4563 1847 4620 1:016
1896 4565 1993 4639 μὲν

2085 1931 2178 1988 καὶ
2208 1928 2300 1987 διὰ
2344 1932 2559 1987 πάντων
2608 1931 2980 2008 εὐαρμοστεῖν.
3016 1934 3085 1989 Ἢ
3132 1931 3402 2010 ἐρεύγεται
3447 1932 3600 2010 ῥῆμα
3651 1935 3743 1992 καὶ

2088 2019 2411 2099 ἀναγγέλλει
2441 2024 2663 2098 γνῶσιν,
2695 2021 2786 2079 ὅτε
2815 2021 2927 2078 ἐστὶ
2965 2021 3192 2097 πρόνοια
3227 2026 3359 2079 Θεοῦ
3402 2023 3554 2096 τάξις
3600 2045 3744 2102 προ-

2086 2109 2234 2174 νοίας
2268 2107 2523 2166 διδάσκαλ
2537 2131 2620 2174 ος.

2162 2239 2193 2274 ιι
2219 2215 2468 2281 Ἄλλως.
2500 2251 2572 2262 —
2612 2219 2819 2295 Ἡμέρα
2870 2219 2965 2292 μὲν
3012 2219 3040 2274 ὁ
3089 2220 3300 2296 Πατήρ,
3333 2221 3516 2297 ἡμέρα
3544 2217 3603 2276 66
3647 2220 3741 2277 καὶ

2087 2308 2117 2363 6
2147 2306 2273 2370 Υἱὸς
2303 2304 2393 2363 διὰ
2412 2307 2513 2378 τὴν
2541 2303 2738 2385 αἴγλην
2767 2314 2868 2379 τῆς
2900 2307 3177 2380 θεότητος.
3210 2307 3368 2385 Λέγει
3393 2307 3450 2365 66
3487 2311 3516 2365 6
3550 2310 3739 2387 Πατὴρ

2083 2394 2167 2471 τῷ
2220 2396 2351 2469 Υἱῷ,
2407 2395 2499 2451 καὶ
2546 2398 2651 2473 γάρ
2710 2416 2892 2476 φησιν’
2947 2422 2976 2451 ‹‹
3024 2398 3165 2475 Ἐγὼ
3222 2397 3275 2470 ἐξ
3332 2397 3570 2473 ἐμαυτοῦ
3639 2399 3741 2456 οὐκ

2089 2482 2354 2559 ἐλάλησα,
2386 2482 2513 2542 ἀλλ’
2543 2487 2572 2541 6
2600 2486 2821 2561 πέμψας
2869 2508 2937 2561 με
2979 2488 3332 2564 11ατὴρ.......
3381 2509 3476 2563 μοι
3516 2487 3744 2559 έντολήν

2091 2571 2294 2630 δέδωκε
2339 2573 2395 2629 τί
2443 2570 2580 2629 εἷ’πω
2629 2573 2719 2629 καὶ
2768 2573 2821 2630 τί
2873 2572 3124 2647 λαλήσω.
3174 2599 3204 2629 ››
3244 2575 3352 2648 Νὺξ
3399 2573 3458 2633 66
3496 2577 3660 2635 πάλιν
3711 2577 3742 2633 6

2090 2662 2345 2739 Χριστὸς,
2376 2662 2513 2719 κατά
2540 2664 2641 2734 τὴν
2676 2662 3073 2741 ἀνθρωπότητα
3117 2664 3255 2742 πρὸς
3307 2665 3587 2744 σύγκρισιν
3639 2673 3744 2738 τῆς

2092 2752 2369 2826 θεότητος,
2426 2751 2517 2807 καὶ
2572 2752 2866 2829 ἀναγγελεῖ
2927 2757 2996 2829 τῇ
3072 2755 3244 2829 νυκτὶ,
3302 2755 3544 2813 τουτέστι
3626 2761 3745 2819 τοῖς

2092 2841 2425 2916 ἀνθρώποις,
2457 2842 2806 2919 θεογνωσίαν.

2163 2945 2412 3012 ἸΑλλως.
2461 2981 2532 2992 --
2586 2949 2840 3027 Ἔγγισον
2904 2950 2985 3024 τῷ
3032 2947 3295 3028 Ἰορδάνῃ,
3344 2951 3436 3007 καὶ
3494 2952 3741 3031 εὑρήσεις

2089 3038 2153 3094 τὸ
2214 3037 2568 3113 ζητούμενον*
2619 3039 2805 3114 ἡμέρα
2859 3040 2964 3115 γὰρ
3018 3041 3198 3105 καθὼς
3269 3045 3384 3120 φῶς
3445 3043 3473 3097 δ
3528 3045 3741 3119 Πατήρ,

2091 3126 2274 3206 ἡμέρα
2330 3128 2511 3193 καθὼς
2558 3132 2673 3203 φῶς
2721 3130 2750 3184 6
2791 3129 2914 3192 Υἱὸς
2962 3131 2991 3185 6
3039 3129 3452 3205 βαπτιζόμενος
3487 3131 3639 3209 ῥῆμα
3676 3133 3744 3190 τὸ

2012 3256 2057 3326 C
2093 3215 2146 3273 ἐν
2199 3217 2350 3291 μέσῳ
2398 3217 2464 3274 τὸ
2521 3218 2676 3326 ἅγέον
2739 3222 2980 3294 Πνεῦμα,
3032 3221 3221 3285 καθότι
3272 3218 3460 3294 ἐκείνῳ
3512 3221 3565 3277 ἐν
3614 3218 3746 3278 εἴδει

2092 3311 2411 3384 περιστερᾶς
2448 3302 2674 3379 κατέϐη.
2732 3306 2952 3371 Παῦλος
2999 3308 3102 3384 γὰρ
3147 3309 3176 3364 6
3222 3308 3529 3373 ἀπόστολος
3596 3309 3747 3388 λέγει

2093 3395 2218 3473 περὶ
2273 3399 2373 3452 τοῦ
2424 3397 2760 3470 Πνεύματος,
2791 3419 2821 3450 ‹‹
2849 3398 2939 3452 καὶ
2986 3398 3086 3467 τὴν
3140 3397 3413 3476 μάχαιραν
3460 3404 3558 3455 τοῦ
3614 3400 3748 3456 Πεύ-

2099 3504 2290 3558 ματος,
2321 3506 2351 3537 »
2386 3481 2418 3539 ὅ
2447 3482 2556 3539 ἐστι
2588 3482 2743 3560 ῥῆμα
2770 3488 2925 3541 Θεοῦ.
2967 3483 3072 3558 Νὺξ
3125 3481 3184 3539 66
3229 3487 3265 3555 ἡ
3314 3484 3745 3564 καταδεεστέρως

2096 3572 2171 3637 ὡς
2199 3573 2336 3649 πρὸς
2378 3572 2469 3629 τὸν
2524 3570 2870 3650 Πρόδρομον.
2904 3578 3108 3637 Γνῶσις
3141 3570 3200 3629 66
3227 3577 3265 3645 ἡ
3295 3573 3741 3654 ἀναγγελλομένη

2094 3662 2244 3738 παρὰ
2269 3662 2379 3721 Ἰῶ.
2411 3665 2536 3725 Τοῖς
2569 3659 2853 3725 Ἰουδαίοις
2880 3661 3062 3727 πίστις
3104 3662 3180 3726 εἷς
3226 3663 3440 3742 Πατέρα
3482 3664 3574 3720 καὶ
3620 3666 3746 3723 Υἱὸν

2095 3750 2186 3806 καὶ
2218 3751 2373 3828 ἅγιον
2403 3754 2646 3826 Πνεῦμα.

2170 3864 2199 3893 ‹‹
2226 3840 2338 3896 Οὐκ
2364 3839 2468 3896 εἶσὶ
2498 3838 2686 3897 λαλιαὶ
2719 3837 2845 3896 0666
2874 3839 3033 3918 λόγοι
3062 3841 3136 3896 ὧν
3183 3839 3312 3916 οὐχὶ
3352 3840 3640 3899 ἀκούονται
3690 3843 3747 3899 αὶ

2098 3929 2273 4010 φωναὶ
2320 3928 2518 3986 αὐτῶν.
2556 3952 2578 3982 ι
2628 3962 2699 3973 --
2740 3931 3202 4006 Ἐρωτηματικῶς
3246 3929 3634 4007 ἀναγνωστέον,
3671 3931 3749 3996 ὡς

2099 4018 2160 4074 ἂν
2206 4014 2290 4090 εἴη
2342 4016 2598 4094 λέγοντος
2643 4022 2742 4074 τοῦ
2790 4016 2978 4090 Δαυῖδ,
3011 4042 3042 4072 ‹‹
3073 4019 3214 4095 ’Δρα
3259 4017 3361 4074 οὐκ
3407 4019 3509 4075 εἶσὶ
3559 4019 3751 4077 λαλιαὶ

2100 4104 2227 4164 0666
2255 4104 2414 4184 λόγοι
2442 4111 2550 4163 τῶν
2581 4105 2809 4183 ἀψύχων
2836 4106 3043 4163 τούτων
3075 4106 3418 4183 κτισμάτων;
3454 4110 3529 4165 ὧν
3573 4109 3751 4167 αὐτῶν

2100 4194 2226 4253 0666
2250 4196 2424 4275 φωναὶ
2454 4194 2756 4252 ἀκούονται·
2794 4198 2871 4271 μὴ
2907 4197 3245 4271 ἀκουομένης
3279 4198 3383 4274 γὰρ
3430 4204 3531 4269 τῆς
3580 4199 3755 4255 αὐτῶν

2101 4293 2287 4366 φωνῆς
2311 4286 2458 4364 παρά
2485 4286 2546 4341 τὸ
2580 4287 2658 4361 μὴ
2691 4286 2842 4360 εἶναι,
2876 4284 3046 4358 δῆλον
3075 4284 3202 4342 0666
3231 4286 3400 4344 λαλιὰ
3429 4286 3556 4344 0666
3584 4288 3755 4366 λόγος

2102 4374 2269 4432 ἔσται·
2307 4374 2443 4451 μέρη
2490 4375 2596 4452 γὰρ
2642 4380 2811 4432 ταῦτα
2852 4382 2953 4447 τῆς
3000 4383 3208 4455 φωνῆς.
3240 4376 3426 4441 Οὕτως
3473 4378 3755 4456 ἀπορήσας

2102 4464 2290 4542 ἐπάγει
2320 4466 2420 4534 τὴν
2452 4463 2628 4522 λύσιν.

2179 4578 2208 4608 ‹‹
2237 4552 2331 4617 Εἲς
2390 4559 2562 4610 πᾶσαν
2609 4555 2709 4625 τὴν
2747 4561 2850 4632 γῆν
2922 4554 3141 4629 ἐξῆλθεν
3186 4556 3216 4612 6
3264 4556 3502 4635 φθόγγος
3553 4556 3760 4627 αὐτῶν,

338 4644 749 4717 πληθυντικῶς,
799 4647 933 4704 ποτὶ
980 4644 1038 4704 66
1086 4636 1276 4713 ἐνικῶς
1329 4648 1700 4725 ὀνομάζουσαν
1763 4653 1857 4709 τὸν
1899 4636 1996 4710 οὐ·
2023 4636 2072 4703 D
2102 4642 2192 4700 καὶ
2236 4643 2312 4706 εἷς
2357 4644 2427 4700 τὰ
2471 4644 2678 4721 πέρατα
2733 4652 2836 4715 τῆς
2898 4646 3230 4719 οἶκουμὲνης
3272 4646 3340 4702 τὰ
3389 4646 3610 4723 ῥήματα
3660 4646 3758 4704 αὖ·

339 4733 524 4809 ρανόν·
574 4735 620 4791 εἰ
668 4737 771 4813 γὰρ
828 4736 920 4792 καὶ
966 4736 1179 4816 ἀφανής
1227 4736 1391 4812 ἐστιν,
1440 4738 1570 4796 ἀλλ’
1618 4739 1679 4796 ἐκ
1721 4745 1820 4798 τοῦ
1875 4763 1996 4799 στε-

344 4823 628 4897 ρεώματος
674 4824 881 4880 ἐκεῖνον
948 4823 1411 4903 συλλογιζόμεθα.
1470 4830 1540 4885 Ἣ
1577 4829 1668 4885 καὶ
1723 4829 1889 4904 μόνον
1934 4831 1998 4887 16

344 4912 625 4990 στερέωμά
672 4935 833 4993 φησιν
881 4915 960 4978 ὡς
1011 4914 1169 4989 μόνον
1220 4917 1523 4994 ὁρώμενον,
1575 4919 1653 4983 ὡς
1718 4920 1852 4977 εἶναι
1902 4919 1995 4977 τὸν

343 4998 591 5078 δεύτερον
624 5003 814 5080 στίχον
839 5008 938 5060 τοῦ
969 5005 1192 5079 πρώτου
1223 5007 1631 5085 σαφηνιστικόν.

419 5114 448 5144 (ι
480 5091 708 5163 Ποίησιν
743 5090 802 5148 66
830 5098 1035 5171 χειρῶν
1080 5093 1245 5150 αὐτου
1293 5095 1624 5173 ἀναγγέλλει
1670 5098 1734 5154 τὸ
1774 5098 2001 5179 στερέω-

350 5201 445 5265 μα.
484 5204 505 5232 ι
554 5212 624 5226 -
671 5181 736 5236 Εἰ
788 5187 884 5238 τοῦ
931 5183 1153 5259 πρώτου
1202 5184 1394 5262 στίχου
1450 5187 1541 5242 τὸν
1590 5184 1838 5265 δεύτερον
1900 5190 1998 5245 λά-

344 5264 464 5333 ϐοις
518 5269 995 5350 έφερμηνευτικὸν,
1055 5272 1085 5328 ὃ
1145 5272 1196 5328 ἐν
1266 5273 1454 5349 ἐκείνῳ
1511 5274 1778 5348 κέκληκεν
1837 5277 2000 5356 οὐρα-

345 5358 491 5434 νοὺς,
522 5364 684 5416 τοῦτο
717 5360 860 5417 εἶπεν
892 5360 944 5418 ἐν
988 5361 1170 5436 τούτῳ
1212 5365 1519 5442 στερέωμα,
1542 5366 1631 5421 καὶ
1682 5364 2000 5443 διηγοῦνται

340 5453 526 5507 τοῦτο.
556 5449 882 5527 Ἀναγγελεῖ
908 5450 1000 5507 καὶ
1031 5447 1210 5523 δόξαν,
1238 5454 1339 5523 τὴν
1366 5453 1590 5526 ποίησιν
1624 5460 1826 5534 χειρῶν
1873 5454 2002 5528 ἤτοι

347 5537 617 5616 ἐργασίαν.
679 5539 978 5615 Συντόμως
1029 5538 1089 5597 66
1135 5541 1328 5612 εἰπεῖν,
1374 5544 1537 5600 τοῦτό
1599 5566 1783 5623 φησιν,
1834 5544 1918 5602 ὅτι
1972 5547 2002 5603 6

347 5627 578 5706 οὐρανὸς
643 5624 803 5705 μόνον
864 5629 1186 5710 φαινόμενος
1243 5630 1517 5710 αὐτάρκης
1575 5633 1687 5690 ἐστὶ
1748 5631 2004 5692 διδάσκα-

347 5714 449 5783 λος
511 5724 614 5791 τῆς
676 5723 777 5784 τοῦ
822 5719 1193 5800 πεποιηκότος
1257 5720 1419 5781 αὐτὸν
1484 5727 1618 5783 Θεοῦ
1699 5722 2006 5810 μεγαλοορ‹

2102 4738 2233 4791 τῶν.
2281 4757 2310 4787 ››
2362 4732 2484 4806 Καὶ,
2535 4734 2690 4813 φησὶ,
2736 4735 2991 4790 τοσοῦτόν
3042 4735 3195 4808 εἰσιν,
3241 4734 3324 4791 ὅτι
3389 4736 3479 4790 καὶ
3527 4741 3670 4793 πᾶσα
3718 4739 3755 4809 ἡ

2103 4828 2175 4899 γῆ
2222 4819 2583 4899 πεπλήρωται
2630 4828 2727 4878 τοῦ
2774 4824 3018 4902 φθόγγου
3068 4824 3266 4895 αὐτῶν,
3316 4826 3435 4889 καθ’
3484 4824 3543 4881 ὃν
3607 4824 3759 4902 εἰρή-

2104 4931 2274 4986 καμεν
2303 4911 2530 4989 τρόπον.
2561 4913 2734 4968 Ταυτὸ
2773 4910 2831 4969 66
2860 4911 3079 4969 δύναται
3115 4937 3143 4967 ‹‹
3193 4912 3285 4969 καὶ
3316 4912 3392 4976 είς
3439 4913 3507 4969 τὰ
3550 4915 3757 4991 πέρατα

2103 5007 2205 5072 τῆς
2253 4999 2584 5076 οἰκουμένης
2644 5002 2712 5058 τὰ
2760 5002 2981 5080 ῥήματα
3025 5002 3222 5060 αὐτῶν·
3277 5025 3305 5057 ››
3350 5001 3761 5081 ἐπαλιλλόγησε

2104 5091 2208 5169 γὰρ
2260 5089 2541 5170 ἐμφάσεως
2605 5088 2802 5148 ἕνεκενο
2872 5092 3173 5172 ἐμφαντικά
3233 5092 3335 5169 γὰρ
3407 5095 3618 5167 μήκους
3666 5093 3759 5149 καὶ

2106 5178 2349 5243 πλάτους
2434 5180 2501 5236 τά
2576 5179 2802 5259 πέρατα,
2871 5182 3053 5259 ὥσπερ
3132 5180 3198 5237 αὖ
3264 5180 3356 5238 καὶ
3426 5180 3597 5238 λαλιά
3666 5182 3760 5238 καὶ

2110 5269 2281 5348 λόγος
2309 5271 2522 5330 ταυτόν.
2556 5272 2718 5336 Ἔθος
2765 5270 2824 5328 66
2866 5278 2984 5337 τοῖς
3034 5274 3334 5350 προφήταις
3390 5273 3481 5329 καὶ
3526 5271 3764 5346 μάλιστα

2106 5365 2188 5435 τῷ
2236 5358 2401 5417 Δαυῒδ
2443 5360 2506 5416 τὸ
2552 5361 2682 5418 αὐτὸ
2729 5361 2916 5437 νόημα
2963 5360 3033 5418 δι’
3080 5360 3267 5418 ἄλλων
3312 5362 3402 5418 καὶ
3446 5361 3633 5419 ἄλλων
3674 5361 3761 5418 ἐκ-

2111 5450 2289 5531 φέρειν
2323 5449 2629 5526 ὀνομάτων.
2665 5456 2818 5508 ’Έστι
2863 5450 2921 5508 66
2966 5452 3059 5508 καὶ
3106 5451 3295 5516 ἄλλως
3341 5451 3509 5507 εἷπεῖν
3546 5451 3630 5507 ὅτι
3678 5449 3761 5507 δι-

2112 5540 2269 5616 δάξας
2318 5542 2347 5599 6
2390 5545 2681 5621 προφήτης
2730 5545 2806 5608 ὡς
2853 5545 2922 5599 τὰ
2984 5541 3301 5616 δηλωθέντα
3345 5544 3615 5617 κτίσματα
3664 5563 3764 5618 μο-

2110 5632 2334 5709 νονουχὶ
2377 5633 2559 5711 φωνὴν
2611 5633 2826 5713 ἀφιᾶσιν
2877 5632 2959 5690 ὅτι
3013 5629 3125 5690 ἔστι
3173 5634 3405 5710 πρόνοια
3452 5637 3608 5707 Θεοῦ,
3641 5629 3758 5688 δια-

2109 5721 2378 5782 τάττουσα
2417 5721 2507 5779 καὶ
2568 5722 2633 5780 τὸ
2691 5729 2795 5783 πᾶν
2857 5724 3179 5821 συνέχουσα,
3231 5722 3487 5817 βούλεται
3550 5737 3759 5815 προσαιη
