4072 6436
297 356 450 421 Mil

1551 338 1973 405 NICEPHORI
2021 337 2456 404 BLEMMIDE

3561 344 3742 409 1412

298 486 574 563 γορεῦσαι,
629 481 703 543 ὡς
780 474 885 556 ἄρα
960 475 1011 532 ἐν
1090 472 1252 531 παντὶ
1326 467 1466 537 ἔθνει
1533 468 1742 526 ἔσονταί
1816 489 1958 531 τινες
1988 470 2246 537 Ατεινὰς
2316 467 2569 545 δυνάμεις
2626 475 2737 527 τῶν
2795 469 3118 545 ἀσωμάτων·
3180 478 3335 552 φῶτα
3405 476 3507 552 γὰρ
3566 475 3741 531 οὗτοι

303 558 563 635 συνιέντες
613 576 715 640 τῆς
779 564 1039 637 τοιαύτης
1110 567 1219 619 τῶν
1294 560 1526 638 ἀψύχων
1597 566 1808 639 φωνῆς,
1864 558 1953 614 καὶ

303 659 667 740 ἀπαγγελοῦσι
729 656 929 728 ταύτην
1009 652 1098 710 διὰ
1154 659 1255 723 τῆς
1324 651 1523 706 ἑαυτῶν
1594 652 1799 728 φωνῆς·
1871 644 1955 702 διό

302 735 484 833 φησιν,
518 774 547 803 ‹‹
607 748 718 805 Οὐκ
774 745 877 803 εἶσὶ
930 742 1120 802 λαλιαὶ
1179 739 1304 797 οὐδὲ
1361 737 1521 815 λόγοι
1581 762 1610 790 »
1668 735 1954 833 διαλέκτου

300 825 448 903 τινὸς
477 840 718 908 ἐθνικῆς,
747 834 817 891 δι’
847 836 923 890 ὧν
948 832 1077 909 οὐχὶ
1122 829 1429 903 ἀκούονται,
1457 828 1756 899 τουτέστιν,
1789 825 1956 902 ἀπαγ-

304 927 600 1009 γέλλονται
684 922 1022 989 ἀπλωθεῖσαι
1092 925 1199 976 τῶν
1296 915 1606 991 κτισμάτων
1681 913 1953 985 ἀλάλητοι

303 1005 495 1100 φωναί.
528 1020 705 1075 Τοῦτο
750 1012 809 1070 δὲ
850 1009 1182 1069 τελέλεσται·
1218 1010 1507 1100 πανταχοῦ
1534 1005 1651 1100 *γὰρ
1697 1011 1799 1076 τῆς
1849 1006 1954 1080 γῆς

302 1095 354 1164 ἐν
416 1106 573 1165 παντὶ
632 1101 767 1161 ἔθνει
827 1104 881 1158 οἱ
947 1100 1209 1162 συνιέντες
1283 1095 1740 1174 ἀπαγγέλλουσιν·
1800 1096 1953 1150 Ἐστι

301 1198 536 1277 πρόνοια
591 1199 745 1253 Θεοῦ.
775 1191 896 1249 Ἐπὶ
949 1190 1133 1266 μέντοι
1179 1192 1275 1244 τοῦ
1327 1186 1595 1264 παρόντος
1647 1186 1951 1259 νοήματος,

301 1290 365 1345 τὸ
443 1285 728 1342 ἀκούονται
804 1279 920 1337 ἀντὶ
993 1284 1090 1336 τοῦ
1164 1277 1589 1348 ἀκουσθήσονται
1663 1276 1949 1347 νοήσωμεν

299 1378 418 1434 κατ’
475 1372 841 1450 ἀντιχρονίαν,
872 1371 909 1441 ἢ
958 1369 1049 1425 καὶ
1091 1372 1171 1441 τῷ
1218 1366 1465 1422 ἐνεστῶτι
1531 1363 1806 1441 ἐχρήσατο
1865 1360 1956 1450 διὰ

300 1468 401 1538 τὴν
430 1449 765 1543 προφητείαν
794 1461 869 1525 ὡς
912 1456 1023 1529 ¹ἤδη
1074 1456 1334 1533 γινόμενα
1377 1454 1447 1511 τὰ
1496 1451 1771 1529 μέλλοντα
1823 1449 1953 1528 βλέ-

305 1573 533 1612 πουσαν.

379 1667 409 1697 ι(
436 1649 522 1699 Ἐν
552 1646 633 1714 τῷ
691 1637 842 1712 ήλίῳ
900 1634 1049 1693 ἔθετο
1100 1634 1165 1691 τὸ
1222 1635 1489 1708 σκήνωμα
1517 1630 1703 1688 αὐτοῦ.
1737 1657 1766 1685 ››
1799 1663 1868 1673 -
1891 1631 1954 1689 Ὁ

308 1733 404 1807 μὲν
456 1735 582 1794 νοῦς
637 1732 735 1784 τοῦ
794 1727 964 1804 ῥητοῦ
1020 1723 1268 1788 τοιοῦτός
1319 1723 1480 1794 ἐστιν,
1530 1720 1613 1777 ὅτι
1669 1724 1749 1793 τῷ
1804 1718 1955 1793 ἡλίῳ

304 1822 480 1895 ἔταξεν
534 1821 563 1875 6
605 1818 734 1880 Θεὸς
788 1813 1063 1872 κατοικίαν
1119 1812 1172 1870 ἐν
1225 1810 1307 1886 τῷ
1363 1812 1594 1888 οὐρανῷ·
1655 1810 1782 1889 φησὶ
1846 1811 1951 1886 γὰρ

300 1915 538 1980 Μωϋσῆς
585 1907 709 1984 περὶ
755 1910 865 1962 τῶν
915 1902 1012 1961 δύο
1061 1904 1365 1983 φωστήρων
1412 1905 1520 1956 τῶν
1558 1899 1836 1976 μεγάλων,
1869 1897 1953 1954 ὅτι

297 2001 389 2055 καὶ
436 1994 585 2063 ἔθετο
615 1993 812 2058 αὐτοὺς
855 1995 885 2050 6
925 1992 1056 2056 Θεὸς
1104 1993 1155 2048 ἐν
1205 1993 1287 2065 τῷ
1335 1991 1671 2068 στερεώματι
1700 1992 1799 2044 τοῦ
1857 1987 1951 2043 06-

302 2092 487 2166 ρανοῦ,
540 2084 679 2142 ὥστε
737 2082 939 2164 φαίνειν
989 2081 1079 2139 ἐπὶ
1123 2084 1222 2151 τῆς
1269 2086 1397 2156 γῆς.
1467 2076 1657 2150 Ἔδοξε
1722 2074 1781 2132 δὲ
1835 2081 1950 2140 τοῖς

299 2174 537 2239 πολλοῖς
594 2173 944 2230 ἀσύντακτον.
1001 2176 1185 2246 Ἡμεῖς
1238 2166 1296 2225 δὲ
1381 2167 1517 2243 μετὰ
1568 2166 1632 2222 τὸ
1689 2168 1956 2239 σκήνωμα

305 2265 682 2335 ὁποστίζοντες
761 2261 854 2318 καὶ
931 2261 997 2317 τὸ
1079 2258 1209 2315 αὐτὸ
1290 2262 1538 2319 νοοῦντες
1626 2256 1700 2330 μή
1787 2255 1955 2311 ἀντω-

303 2358 569 2429 νυμικῶς,
618 2350 747 2408 ἀλλ’
803 2349 1274 2428 ἐπιῤῥηματικῶς,
1345 2346 1585 2423 εὐχερῶς
1668 2345 1954 2401 συντάττο-

309 2463 427 2520 μεν·
480 2444 594 2498 οἷον
636 2436 784 2497 ἔθετο
831 2440 922 2495 καὶ
965 2437 1193 2515 ὥρισται
1236 2437 1317 2510 τῷ
1369 2434 1516 2508 ἡλίῳ
1569 2433 1634 2493 τὸ
1692 2435 1957 2507 σκήνωμα

301 2534 394 2590 καὶ
441 2532 541 2603 τὴν
586 2530 864 2586 κατοικίαν
914 2528 1101 2599 αὐτοῦ,
1144 2527 1174 2583 6
1222 2526 1361 2581 ἐστιν
1414 2523 1544 2596 ἐκεῖ,
1587 2521 1845 2593 δηλονότι
1899 2521 1951 2577 ἐν

301 2626 382 2696 τῷ
427 2620 762 2697 περεώματι
811 2622 909 2673 τοῦ
950 2616 1202 2694 ούρανοῦ,
1235 2620 1493 2691 περιττῆς
1543 2612 1800 2685 κειμένης
1854 2617 1955 2679 τῆς

303 2710 356 2768 ἐν
389 2711 697 2788 προθέσεως
741 2708 818 2770 ὡς
863 2706 954 2762 καὶ
999 2703 1144 2761 ἄλλα
1189 2702 1375 2761 πολλά
1420 2700 1470 2757 ἐν
1522 2699 1718 2763 ἄλλοις
1764 2699 1952 2788 ῥητοῖς

298 2787 845 2876 παρατετηρήκαμεν.
880 2796 980 2854 Καὶ
1011 2795 1039 2850 6
1069 2792 1232 2865 ἥλιος
1269 2793 1450 2849 τοίνυν
1506 2792 1581 2866 μή
1640 2787 1957 2863 ἀπολιμπά-

299 2910 403 2944 νων
453 2886 588 2943 ποτὲ
630 2886 695 2941 τὸ
742 2884 1117 2964 ἀφωρισμένον
1188 2879 1333 2953 αύτῴ
1382 2881 1669 2952 σκήνωμα,
1714 2876 1806 2933 τὸν
1862 2876 1955 2931 06-

305 2998 481 3056 ρανον,
513 2975 684 3052 κῆρυξ
736 2974 942 3052 γίνεται
988 2973 1092 3043 τῆς
1138 2975 1238 3027 τοῦ
1287 2974 1421 3029 Θεοῦ
1471 2967 1630 3040 δόξης
1674 2966 1765 3022 καὶ
1821 2987 1954 3045 προ-

300 3066 470 3130 νίοίας.

370 3179 399 3209 ι’
433 3154 539 3213 Καὶ
593 3152 755 3216 αὐτὸς
812 3152 888 3215 ὡς
944 3149 1177 3229 νυμφίος
1235 3146 1667 3225 ἐκπορευόμενος
1736 3143 1797 3200 έκ
1850 3164 1953 3201 πα-

2066 554 2288 633 δεύτερα
2366 557 2639 637 λέγονται·
2702 558 3204 639 διαπορῧμευούσας
3294 562 3575 635 ἀλλήλαις
3659 565 3746 621 τὰ

2064 647 2180 702 θεῖα
2237 647 2652 726 προστάγματα·
2719 649 2881 705 νύκτα
2955 648 3014 706 δὲ
3053 651 3182 714 τοὺς
3256 652 3575 727 ἀνθρώπους
3639 651 3745 709 διὰ

2064 736 2154 790 τὸν
2212 735 2646 814 ἐπιπροσθοῦντα
2699 742 2768 813 τῇ
2827 742 2980 815 ψυχῇ
3043 740 3202 819 ζόφον
3289 749 3390 812 τῆς
3458 744 3740 818 σαρκικῆς

2062 824 2404 904 παχύτητος·
2460 827 2550 882 καὶ
2607 829 2675 883 τὰ
2732 828 2854 901 ἑξῆς
2910 828 3247 895 ἀκολούθως·
3307 831 3370 886 τὸ
3414 829 3490 886 δὲί
3542 856 3574 885 ιι
3631 832 3742 896 Εἷς

2063 920 2236 969 πᾶσαν
2289 916 2391 985 τὴν
2442 923 2546 993 γῆν
2594 915 2815 988 ἐξῆλθεν
2867 918 2896 973 6
2951 918 3186 996 φθόγγος
3235 919 3437 993 αὐτῶν,
3471 943 3501 973 κ
3542 923 3572 977 6
3629 920 3741 995 μέ-

2063 1024 2163 1079 γας
2210 1005 2429 1068 Παῦλος
2486 1004 2540 1061 ἐν
2586 1009 2656 1081 τῇ
2705 1006 2843 1083 πρὸς
2889 1002 3172 1080 Ἐϐραίους
3225 1007 3492 1084 ἐπιστολῇ
3547 1009 3742 1066 εὐκαί-

2065 1113 2172 1169 ρως
2245 1090 2335 1148 ἐπὶ
2405 1092 2535 1157 τοὺς
2617 1093 3004 1171 εὐαγγελιστάς
3063 1096 3156 1152 καὶ
3224 1097 3568 1162 ἀποστόλους
3629 1102 3740 1154 τοῦ

2061 1186 2293 1259 Χριστοῦ
2353 1184 2628 1260 μετήγαγε
2684 1183 2774 1239 καὶ
2847 1186 3224 1261 προσήρμοσε.
3282 1188 3355 1243 Τὸ
3412 1185 3490 1260 δὲ,
3548 1210 3578 1243 α
3642 1189 3742 1246 Ἐν

2060 1275 2141 1344 τῷ
2197 1270 2347 1345 ἠΛίῳ
2403 1269 2551 1329 ἔθετο
2578 1271 2643 1329 τὸ
2673 1275 2943 1347 σκήνωμα
2997 1274 3184 1348 αὐτοῦ,
3218 1299 3247 1329 ››
3276 1276 3739 1354 τοιουτοτρόπως

2062 1358 2491 1438 ἀλληγοροῦσιν·
2553 1362 2631 1425 ὡς
2683 1362 2711 1417 6
2766 1364 2995 1439 Χριστὸς
3027 1363 3191 1438 ἐντῷ
3247 1365 3522 1443 ἀνθρώπῳ
3581 1367 3740 1425 οῗκεῖ

2060 1453 2140 1521 τῷ
2197 1448 2469 1524 λάμποντι
2525 1456 2648 1514 ταῖς
2720 1451 2922 1529 ἀρετῶν
3009 1452 3242 1510 ἀκτῖσιν·
3308 1479 3331 1509 ιι
3391 1456 3533 1533 Ἐγὼ
3590 1459 3732 1533 γὰρ,

2063 1538 2220 1617 φησὶ,
2251 1539 2341 1595 καὶ
2382 1541 2410 1596 6
2441 1541 2629 1618 Πατὴρ
2678 1538 3031 1617 ἐλευσόμεθα,
3063 1542 3157 1599 καὶ
3218 1546 3389 1619 μονὴν
3446 1546 3576 1623 παρ’
3637 1546 3737 1602 αὖ·

2060 1631 2141 1700 τῷ
2197 1630 2525 1703 ποιήσομεν·
2586 1653 2616 1683 ››
2670 1630 2707 1700 ἢ
2765 1631 2856 1686 καὶ
2907 1634 3172 1706 σκήνωμα
3226 1638 3328 1690 τοῦ
3381 1638 3622 1710 Χριστοῦ
3690 1637 3730 1707 ἡ

2062 1714 2478 1796 προσληφθεῖσα
2508 1717 2885 1794 ἀνθρωπότης·
2926 1722 2988 1791 ἢν
3045 1722 3272 1794 οἰκήσας
3330 1719 3478 1780 ἔθετο
3539 1723 3592 1781 ἐν
3648 1729 3737 1797 τῷ

2063 1806 2225 1885 φωτὶ,
2282 1805 2714 1883 πολιτευόμενος
2774 1808 2880 1865 ύπὸ
2933 1810 3027 1866 τὸν
3085 1809 3247 1882 ἥλιον
3304 1812 3398 1868 καὶ
3478 1818 3735 1893 φανερῶς

2067 1895 2202 1970 βιῶν
2258 1894 2348 1951 καὶ
2405 1896 2566 1959 αὐτὸς
2625 1897 2701 1960 ὡς
2729 1898 2988 1977 νυμφίος·
3020 1923 3050 1955 ‹‹
3082 1901 3300 1977 Ὡραῖος
3349 1902 3479 1977 γὰρ,
3531 1901 3730 1980 φησὶν,

2062 1983 2262 2039 κάλλει
2324 1986 2472 2061 παρά
2522 1985 2653 2049 τοὺς
2710 1986 2862 2051 υἱοὺς
2918 1992 3024 2045 τῶν
3081 1989 3408 2067 ἀνθρώπων,
3440 2013 3470 2043 ››
3525 1990 3730 2067 οἷάπερ

2062 2071 2555 2152 λελαμπρυσμένος
2583 2080 2703 2140 ταῖς
2757 2081 2867 2133 τῶν
2919 2077 3122 2155 ἀρετῶν
3171 2078 3406 2152 ἀκτῖσιν,
3435 2081 3472 2150 ἢ
3533 2080 3728 2159 χάρις,

2062 2162 2122 2226 ὃς
2181 2163 2270 2219 καὶ
2326 2162 2701 2241 ἠγαλλιάσατο
2755 2163 2980 2243 δραμεῖν
3036 2166 3171 2246 ὑπὲρ
3250 2170 3413 2243 ἡμῶν
3471 2171 3573 2239 τήν
3636 2168 3730 2226 ἐπὶ

2062 2252 2307 2310 θάνατον.
2367 2254 2492 2309 Ἀπ’
2548 2252 2716 2332 ἄκρου
2775 2251 2833 2309 δὲ
2901 2259 3000 2311 τοῦ
3071 2255 3303 2333 ούρανοῦ
3383 2259 3584 2315 κατιὼν
3646 2257 3729 2323 εἰς

2065 2341 2195 2397 αὐτὸ
2255 2340 2420 2398 πάλιν
2482 2340 2805 2415 ἐπανῆλθεν.
2864 2343 3054 2409 Οὐδεὶς
3108 2341 3547 2423 ἀποκρυϐήσεται
3619 2356 3729 2420 τῆς

2063 2431 2272 2505 θέρμης
2303 2435 2409 2487 τῶν
2443 2429 2626 2508 λόγων
2658 2432 2842 2490 αὐτοῦ·
2876 2433 2966 2489 καί
3011 2434 3064 2489 οἱ
3125 2436 3218 2510 μὲν
3279 2436 3727 2515 θαλφθήσονται,

2065 2521 2119 2575 οἱ
2151 2517 2210 2574 δὲ
2263 2521 2353 2576 καὶ
2412 2523 2689 2595 θήσονται,
2723 2521 2807 2579 ὅτι
2857 2522 3005 2598 αύτῷ
3032 2530 3136 2580 πᾶν
3168 2525 3297 2602 γόνυ
3324 2524 3557 2603 κάμψει,
3586 2529 3731 2587 κατὰ

2062 2608 2155 2664 τὸν
2187 2608 2539 2667 Ἀπόστολον.

2139 2740 2166 2768 ‹‹
2195 2721 2250 2771 '0
2296 2716 2465 2791 νόμος
2512 2722 2610 2773 τοῦ
2656 2720 2858 2795 Κυρίου
2917 2721 3174 2796 ἄμωμος,
3229 2721 3567 2802 ἐπιστρέφων
3617 2727 3724 2799 ψυ-

2063 2805 2190 2883 χάς.
2226 2829 2256 2860 ››
2309 2838 2382 2851 -—
2437 2807 2642 2883 Ἀρκεῖ,
2699 2806 2882 2887 φησίν,
2936 2810 3012 2874 εἰς
3072 2808 3425 2868 διδασκαλίαν
3484 2824 3725 2889 θεογνω-

2064 2895 2181 2959 σίας
2209 2893 2299 2951 καί
2330 2897 2357 2951 6
2389 2896 2630 2976 ἄγραφος
2661 2897 2848 2972 νόμος,
2883 2897 2973 2954 διὰ
3028 2899 3286 2977 μεγέθους
3332 2900 3425 2957 καὶ
3471 2901 3722 2967 κάλλους

2064 2985 2156 3040 καὶ
2224 2983 2465 3057 εὐταξίας
2518 2990 2626 3042 τῶν
2684 2989 2995 3061 κτισμάτων
3055 2987 3262 3048 λαλῶν.
3321 2991 3433 3048 Νῦν
3507 2989 3565 3046 δὲ
3625 2992 3714 3047 καί

2063 3074 2301 3150 γραπτὸν
2357 3071 2577 3131 δέδωκε·
2630 3072 2700 3131 δι’
2746 3076 2810 3132 οὗ
2856 3077 3160 3152 καταμάθοι
3225 3100 3309 3142 τις
3372 3081 3475 3150 τῆν
3548 3080 3705 3135 αὐτοῦ

2061 3163 2151 3219 καὶ
2200 3162 2458 3238 πρόνοιαν
2507 3164 2598 3219 καὶ
2645 3164 2857 3245 σοφίαν.
2890 3165 3178 3246 Διαφόροις
3238 3165 3297 3222 δὲ
3349 3168 3568 3243 ὀνόμασι
3612 3188 3704 3222 κα-

300 3248 428 3301 στοῦ
459 3243 646 3333 αύτοῦ.
681 3265 712 3295 ››
741 3273 813 3333 -ς-
841 3221 1028 3296 Λείπεί
1057 3221 1569 3333 ’ἰδέα-ςινηὭραῖέξ
1630 3235 1762 3307 ἐστι,
1795 3232 1950 3333 φηξτὶν
1984 3221 2027 3287 C
2066 3250 2153 3308 λεῖ
2178 3221 2272 3307 τὸν
2299 3252 2488 3326 νόμον·
2530 3221 2856 3329 νόμοςιμὲνν
2891 3221 3098 3333 γὰριιές
3145 3221 3567 3332 έυθμίζωνὟτὴν
3610 3221 3716 3312 πο-

299 3336 379 3404 τῷ
407 3328 605 3389 κάλλει
636 3334 742 3386 τῶν
773 3330 1195 3407 ἀστραπτουσῶν
1219 3326 1450 3382 ἀκτίνων
1503 3322 1658 3395 δίκην
1716 3321 1954 3401 νυμφίου

299 3415 687 3493 προϐαίνοντος
717 3420 823 3475 ἀπὸ
850 3422 948 3474 τοῦ
980 3417 1257 3492 θαλάμου.

380 3548 409 3580 ι(
438 3523 855 3604 ’Δγαλλιάσεται
882 3525 958 3587 ὡς
990 3521 1147 3601 γίγας
1180 3520 1405 3598 δραμεῖν
1451 3517 1575 3575 ὁδὸν
1608 3518 1794 3575 αὐτοῦ.
1827 3541 1855 3604 υ
1888 3549 1958 3559 --

306 3602 586 3680 Κάνταῦθα
650 3615 980 3687 νενοήκαμεν
1026 3609 1395 3687 ἀντιχρονίαν·
1445 3608 1626 3685 χαίρει
1675 3607 1779 3683 γὰρ
1830 3602 1957 3681 δρα-

312 3709 431 3781 μεῖν
491 3705 593 3774 τήν
642 3699 1185 3780 ἀποκεκληρωμένην
1235 3698 1383 3772 αύτῷ
1422 3696 1642 3775 πορείαν
1692 3696 1766 3758 ὡς
1804 3694 1958 3772 γίγας

299 3797 369 3870 τῇ
451 3790 676 3868 δυνάμει
749 3790 1124 3868 τεθαῤῥηκὼς,
1176 3786 1450 3844 τουτέστιν
1524 3783 1735 3860 ἀδάμας
1819 3783 1960 3838 ἐστὶν

301 3882 383 3939 ἀεὶ
411 3881 711 3946 τοσούτους
739 3879 1018 3944 ἐνιαυτοὺς
1050 3876 1325 3935 δουλεύων
1355 3881 1435 3949 τῷ
1479 3880 1578 3932 τοῦ
1610 3879 1744 3931 Θεοῦ
1789 3893 1959 3950 προσ-

301 3973 561 4049 τάγματι.
594 3994 626 4026 »
1930 4042 1931 4045 η

376 4103 405 4132 ‹‹
437 4077 538 4134 Καὶ
597 4076 701 4134 ούκ
755 4071 896 4133 ἔστιν
950 4074 1011 4138 ’ὸς
1062 4067 1501 4147 ἀποκρυϐήσεται
1573 4071 1673 4141 τὴν
1750 4070 1958 4146 θέρμην

303 4164 491 4223 αὐτοῦ.
522 4187 551 4222 υ
586 4198 655 4211 -
683 4171 776 4228 Ὃς
799 4165 961 4226 τόκος
990 4163 1026 4233 ἢ
1058 4164 1116 4226 ὃς
1149 4159 1452 4239 ἅνθρωπος·
1484 4160 1575 4216 καὶ
1606 4157 1696 4215 διὰ
1719 4163 1818 4214 τοῦ
1865 4158 1960 4213 τό·

304 4274 413 4309 που
469 4254 565 4329 μὶν
620 4252 691 4309 τὰ
736 4248 886 4323 ὄντα,
946 4249 1037 4306 διὰ
1078 4254 1177 4306 τοῦ
1224 4246 1609 4324 ἀνθρώπουδέ
1662 4248 1731 4303 τὰ
1788 4250 1962 4317 ζῶντα

307 4337 730 4421 συμπεριέλαϐε·
760 4345 923 4398 τοῦτο
982 4341 1087 4417 γὰρ
1144 4340 1205 4395 τὸ
1251 4338 1723 4413 θαυμασιώτατον,
1755 4335 1838 4392 ὅτι
1880 4339 1962 4409 τῷ

302 4431 469 4487 αὐτοῦ
526 4431 877 4505 ἀποστήματι
932 4428 1024 4484 καὶ
1083 4428 1306 4507 φωτίζει
1363 4426 1453 4484 καὶ
1523 4426 1821 4504 θερμαίνει.
1881 4424 1962 4493 Τὸ

305 4518 365 4577 δὲ
410 4521 538 4597 παρ’
584 4522 722 4595 ἡμῖν
771 4523 879 4596 πῦρ
933 4517 1156 4598 φωτίζει
1210 4517 1305 4591 μὲν
1369 4515 1673 4594 πόρρωθεν,
1725 4515 1788 4570 ού
1838 4516 1959 4591 θερ-

2064 3338 2289 3397 λιτείαν·
2348 3341 2618 3419 μαρτύρια
2674 3339 2732 3397 δὲ
2797 3343 2873 3406 ὡς
2934 3342 3065 3407 τοὺς
3129 3344 3542 3419 ἁμαρτάνοντας
3601 3343 3721 3402 δια-

2069 3429 2534 3508 μαρτυρούμενος·
2595 3429 2869 3506 δικαίωμα
2926 3430 2985 3488 δὲ
3042 3433 3118 3497 ὡς
3183 3432 3418 3505 δικάζων
3494 3437 3559 3491 τὸ
3644 3433 3728 3491 δί-

2065 3538 2235 3575 καιον·
2272 3518 2468 3599 ἐντολῇ
2503 3517 2561 3575 δὲ
2589 3520 2662 3584 ὡς
2690 3522 2754 3577 τὸ
2784 3521 3049 3597 πρακτέον
3103 3522 3517 3598 ἐντελλόμενος·
3553 3519 3734 3603 φόϐος

2067 3606 2125 3664 δέ
2155 3609 2229 3672 ὡς
2266 3606 2634 3679 ἀδυσώτητος·
2681 3608 2921 3685 κρίματα
2961 3609 3019 3666 δὲ
3066 3611 3140 3674 ὡς
3189 3614 3406 3691 ψήφους
3462 3612 3735 3691 ἐκφέρων,

2067 3698 2141 3761 ὡς
2197 3692 2570 3772 προλαϐόντες
2633 3696 2971 3777 πλατύτερον
3032 3700 3329 3778 εἰρήκαμεν
3390 3702 3443 3758 έν
3509 3702 3595 3776 τῷ
3669 3709 3735 3774 ιζ’

2067 3785 2294 3861 ψαλμῷ.
2326 3788 2383 3840 Ὁ
2421 3786 2590 3860 νόμος
2615 3787 2821 3862 Κυρίου
2852 3790 3110 3864 ἄμωμος,
3143 3789 3478 3870 ἐπιστρέφων
3524 3791 3741 3868 ψυχάς.

2065 3876 2118 3931 τί
2176 3877 2281 3952 γὰρ
2332 3873 2455 3952 ἔχοι
2501 3898 2586 3939 τις
2643 3877 2808 3933 αὐτοῦ
2875 3877 3227 3954 μέμψασθαι;
3279 3879 3419 3936 ὥστε
3486 3882 3578 3936 καὶ
3654 3881 3741 3946 είς

2069 3965 2401 4044 ἐπιστροφὴν
2450 3967 2646 4043 ψυχῶν
2687 3966 2865 4040 ἐτέθη,
2899 3965 2989 4024 διὰ
3034 3972 3143 4024 τῶν
3198 3974 3408 4047 μικρῶν
3454 3971 3525 4026 τὰ
3556 3971 3745 4045 μείζω

2070 4053 2338 4111 διδάσκων
2349 4099 2363 4113 .

2141 4168 2265 4219 «Ἥ
2317 4162 2584 4240 μαρτυρία
2631 4163 2832 4240 Κυρίου
2879 4167 3070 4238 πιστὴ,
3120 4165 3420 4246 σοφίζουσα
3461 4168 3656 4239 νήπια.
3703 4192 3737 4220 ››

2069 4284 2140 4296 -
2185 4250 2553 4323 Ἀξιόπιοτος,
2611 4250 2727 4308 ἐπεὶ
2774 4253 2865 4308 ἀαὶ
2921 4254 3068 4332 παρά
3123 4260 3275 4313 Θεοῦ.
3336 4258 3524 4328 Νήπια
3582 4254 3642 4312 δὲ
3698 4258 3742 4328 ἢ

2069 4339 2189 4394 καθ’
2231 4336 2481 4410 ἡλικίαν,
2532 4336 2714 4413 ὥσπερ
2763 4340 2854 4395 τὸν
2903 4341 3109 4411 ΔανιὴΛ
3161 4341 3252 4398 καὶ
3298 4342 3429 4407 τοῦς
3476 4350 3596 4400 κατ’
3639 4342 3745 4399 a6-

2068 4427 2184 4483 τόν·
2235 4428 2271 4497 ἢ
2322 4427 2459 4483 κατά
2535 4426 2768 4502 ἀμαθίαν
2837 4428 3184 4507 ἀνθρωπίνης
3242 4432 3455 4512 σοφίας,
3505 4435 3540 4503 ἢ
3592 4433 3742 4489 κατᾶ

2070 4516 2293 4572 ἀκακίαν
2304 4559 2318 4573 .

307 4594 500 4685 μαίνει-
532 4594 718 4683 δὲρεῖ
782 4594 859 4683 μη
910 4594 1255 4678 πλησιάσεις·
1303 4604 1477 4668 οὕτως
1537 4602 1817 4668 ἐπαινέσας
1872 4601 1963 4658 καὶ
1993 4594 2040 4662 Ῑ)
2141 4602 2389 4668 Ἄλλως.
2431 4637 2501 4649 --
2541 4605 2614 4662 T6
2664 4610 2886 4681 Πνεῦμα
2929 4608 2992 4663 16
3033 4607 3189 4684 ἅγιόν
3240 4609 3352 4666 ἐστι
3394 4610 3458 4667 τὸ
3520 4632 3737 4688 μαρτυ-

306 4700 369 4755 τὸ
426 4696 637 4763 κάλλος
693 4697 860 4753 αὐτοῦ
908 4696 1000 4752 καὶ
1054 4696 1154 4764 τὴν
1217 4693 1431 4771 ῥώμην,
1461 4693 1552 4748 καὶ
1601 4694 1692 4748 τὸν
1752 4690 1956 4770 δρόμον

309 4788 476 4846 αὐτοῦ
521 4787 613 4844 καὶ
667 4788 768 4857 τήν
823 4785 1013 4864 χρείαν
1073 4781 1331 4853 δείκνυσι,
1379 4782 1679 4847 κάντεῦθεν.
1714 4786 1813 4838 τοῦ
1869 4802 1962 4838 πε-

309 4876 613 4950 ποιηκότος
667 4875 828 4932 αὐτὸν
885 4877 984 4944 τὴν
1043 4871 1335 4953 φιλότιμον
1389 4871 1566 4949 ἰσχύν.
1600 4869 1825 4942 Ἀλλ’ἡ
1863 4873 1958 4945 μὲν

313 4966 474 5036 εύθής
505 4965 761 5041 ἐξήγησις
797 4968 904 5020 τῶν
940 4962 1118 5041 ῥητῶν
1170 4961 1323 5029 αὕτη·
1353 4961 1498 5024 τινες
1551 4958 1610 5015 δὲ
1656 4959 1731 5023 εἷς
1783 4958 1962 5031 ἀλλη-

311 5056 500 5134 γορίαν
546 5049 921 5129 ἐμϐάλλοντες
966 5052 1120 5126 αὐτὰ,
1171 5049 1325 5130 φασίν
1381 5049 1608 5124 οὐρανὸν
1670 5050 1766 5122 μὲν
1826 5050 1962 5106 εἶναι

304 5147 374 5202 τά
403 5144 628 5209 οὐράνια
671 5146 783 5199 τῶν
833 5142 1136 5216 ἀσωμάτων
1184 5140 1435 5217 τάγματα
1480 5135 1570 5193 διὰ
1622 5139 1823 5202 παντὸς
1867 5139 1961 5195 τὸν

303 5235 434 5292 Θεὸν
496 5231 835 5304 δοκάζοντες,
894 5232 970 5294 ὡς
1032 5229 1298 5300 Ἰεζεκιὴλ
1354 5228 1444 5284 καὶ
1497 5225 1715 5292 Ἠσαίας
1796 5226 1963 5298 ἤκου-

307 5344 420 5391 σαν,
470 5322 508 5391 ἢ
564 5320 692 5384 τοὺς
754 5319 1178 5398 ὑπερκειμένους
1234 5323 1343 5375 τῶν
1396 5317 1600 5395 γηίνων
1656 5317 1959 5393 ἀνθρώπων

308 5411 399 5466 καὶ
459 5408 549 5466 διὰ
623 5411 722 5480 τῆς
807 5411 1145 5484 θεωρητικῆς
1224 5407 1550 5486 φιλοσοφίας
1606 5407 1681 5469 εἷς
1738 5406 1963 5485 οὐρανὸν

313 5498 761 5572 ἀνατεταμένους·
848 5501 1130 5573 στερέωμα
1201 5495 1259 5552 δὲ
1328 5495 1456 5560 τοὺς
1542 5496 1961 5574 στερεουμένους

319 5584 410 5642 διὰ
462 5592 562 5659 τῆς
619 5594 922 5664 πρακτικῆς
982 5585 1179 5661 ἄνδρας
1235 5586 1324 5642 καὶ
1380 5585 1649 5663 ἀρρήτους
1685 5591 1804 5648 ταῖς
1851 5590 1958 5641 τῶν

315 5678 631 5776 πειρασμῶν
684 5671 1045 5758 προσϐολαῖς·
1105 5674 1314 5757 ἡμέραν
1374 5672 1433 5732 δὲ
1481 5672 1646 5733 πάλιν
1696 5675 1793 5739 τὰς
1853 5696 1962 5760 φω-

2071 4698 2196 4772 ροῦν
2250 4695 2374 4772 περὶ
2438 4699 2535 4751 τοῦ
2584 4695 2784 4772 Κυρίου
2847 4698 3024 4768 Ἰησοῦ
3080 4699 3340 4776 Χριστοῦ·
3397 4699 3560 4763 αὐτὸς
3621 4701 3734 4778 γὰρ

2070 4785 2098 4840 ὁ
2144 4782 2341 4861 Κύριος
2414 4780 2566 4860 λέγει
2628 4789 2746 4848 τοῖς
2798 4787 3069 4860 μαθηταῖς
3120 4788 3309 4857 αὐτοῦ,
3359 4788 3483 4865 περὶ
3532 4789 3740 4846 τούτου

2070 4874 2309 4954 φάσκων·
2362 4898 2393 4926 ‹‹
2449 4876 2610 4930 Ὅταν
2680 4872 2832 4949 ἔλθῃ,
2899 4877 3085 4955 φησὶν,
3152 4878 3181 4932 6
3235 4876 3602 4955 Παράκλητος
3671 4880 3737 4935 ὃν

2071 4963 2180 5039 ἐγὼ
2237 4963 2441 5036 πέμψω
2510 4963 2637 5038 ὑμῖν
2707 4966 2855 5038 παρὰ
2914 4970 3018 5020 τοῦ
3088 4967 3324 5044 Πατρὸς,
3382 4968 3444 5023 τὸ
3512 4972 3744 5041 Πνεῦμα

2068 5058 2169 5122 τῆς
2202 5050 2484 5127 ἀληθείας,
2517 5053 2545 5108 ὃ
2579 5053 2608 5107 6
2647 5051 2856 5127 κόσμος
2906 5053 2969 5109 06
3014 5051 3235 5111 δύναται
3283 5051 3495 5128 λαϐεῖν,
3527 5055 3611 5113 ὅτι
3670 5056 3739 5112 06

2072 5145 2268 5219 θεωρεῖ
2312 5141 2466 5211 αὐτὸ,
2515 5140 2720 5206 ἐκεῖνος
2773 5145 3107 5220 μαρτυρήσει
3155 5145 3281 5221 περὶ
3330 5146 3487 5220 ἐμοῦ.
3540 5170 3570 5199 ››
3622 5154 3738 5218 Δη-

2072 5229 2254 5287 λονότι
2312 5233 2347 5301 ἡ
2404 5229 2673 5308 μαρτυρία
2730 5231 2931 5307 Κυρίου
2998 5233 3062 5290 τὸ
3138 5239 3360 5309 Πνεῦμα
3429 5236 3493 5291 16
3578 5236 3741 5313 ἅγιόν

2073 5320 2204 5375 ἐστι.
2254 5319 2327 5375 Τὸ
2372 5319 2502 5375 αὐτὸ
2553 5318 2610 5375 δὲ
2666 5328 2857 5392 νοῆσαι
2902 5322 2993 5377 καὶ
3037 5322 3088 5379 ἐν
3135 5328 3215 5397 τῷ
3244 5322 3489 5402 Ἰορδάνῃ
3532 5329 3747 5400 μυστή-

2073 5429 2209 5487 ριον·
2243 5409 2355 5465 ἐκεῖ
2397 5411 2501 5485 γὰρ
2533 5411 2562 5464 6
2593 5409 2954 5484 Παράκλητος
3007 5414 3102 5469 τὸν
3150 5412 3275 5470 Υἱὸν
3331 5413 3742 5492 ἐμαρτύρησεν,

2071 5497 2342 5561 Ὡσαύτως
2396 5498 2677 5572 καὶέντῷ
2728 5502 3039 5576 βαπτισμῷ.
3093 5504 3243 5559 Ἐπεὶ
3302 5502 3394 5559 οῦν
3459 5504 3747 5582 μαρτυρία

2072 5588 2269 5665 Κυρίου
2339 5589 2402 5644 τὸ
2469 5593 2705 5667 ’Πνεῦμα
2776 5590 2839 5645 τὸ
2919 5592 3075 5667 ἅγιον
3148 5592 3494 5667 ὀνομάζεται,
3565 5590 3746 5666 ἔξεστι

2067 5684 2262 5751 νοῆσαι
2317 5679 2486 5751 νήπια
2536 5677 2664 5744 τοὺς
2747 5678 3109 5749 ἀποστόλους·
3182 5680 3373 5749 οἵτινες
3448 5681 3562 5763 πρὸ
3637 5690 3743 5744 τοῦ
