4072 6454
338 397 498 465 1413

1567 387 1983 459 EXPOSITIO
2026 389 2107 452 IN
2149 388 2408 452 PSALM
2417 391 2538 452 08.

3601 396 3761 460 MN

339 524 587 598 δέξασθαι
640 523 707 580 τὸ
755 525 980 596 Πνεῦμα
1023 521 1086 577 τὸ
1124 520 1297 595 ἅγιον,
1350 520 1540 592 νήπιοι
1617 524 1737 583 ταῖς
1815 518 1999 597 φρεσὶν
2031 527 2186 590 Α-
2215 519 2326 577 Οὐκ
2353 519 2406 577 ἐν
2432 523 2501 596 τῇ
2535 518 2815 598 μελλούσῃ
2859 526 2973 599 ζωῇ
3027 523 3210 598 μόνον,
3242 524 3389 583 ἀλλὰ
3435 527 3525 583 καὶ
3580 526 3633 584 ἰν
3687 531 3757 605 τῇ

338 615 633 693 ἐτύγχανον
680 611 771 669 διὰ
815 612 877 667 τὸ
927 609 1115 672 ἀτελὲς
1161 630 1379 672 τουτοις
1430 607 1720 687 ὑπάρχειν·
1772 608 1862 665 ὅτε
1906 608 1995 666 καὶ

337 701 390 758 ἐν
440 701 521 776 τῷ
568 700 802 777 ὑπερῴῳ
854 697 989 772 μετά
1041 698 1142 767 τήν
1192 698 1465 772 σωτήριον
1544 696 1829 755 ἀνάστασιν
1880 695 1998 753 ἐκα-

336 789 552 863 θέζοντυ
596 790 649 847 οἱ
702 785 1025 861 ἀπόστόλοι,
1075 783 1355 845 κατελθὼν
1407 786 1435 841 6
1476 784 1837 860 Παράκλητος
1866 786 1996 849 τοὺς

339 879 729 960 ἀγραμμάτους
784 877 876 933 καὶ
928 874 1103 939 ἀλιεῖς
1155 876 1357 952 πρώην
1423 875 1771 954 ὑπάρχοντας
1822 896 1998 956 σοφώ·-

337 970 527 1050 τέρους
576 968 825 1047 ῥητόρων
876 965 968 1023 καὶ
1016 966 1265 1022 ἀπάντων
1315 964 1367 1021 ἐν
1405 968 1665 1042 φρονήσει
1723 967 1998 1041 θαυμαζο-

2113 629 2381 686 παρουσῃ,

2180 722 2209 752 ‹‹
2246 700 2670 776 Παραπτώματα
2715 700 2800 764 τίς
2832 703 3081 774 συνήσει;
3113 727 3141 756 ››
3175 737 3244 753 -.-
3274 705 3422 761 Ἐπεὶ
3453 708 3488 777 ἡ
3544 706 3755 763 τούτων

2107 786 2325 865 φυλακὴ
2382 786 2452 843 δι’
2500 790 2719 865 ἀποχῆς
2771 790 2977 864 γίνεται
3022 790 3547 867 πλημμελημάτων.
3586 801 3759 853 Τοῦτο

2109 873 2167 933 δὲ
2198 873 2639 954 δυσκατόρθωτον
2668 877 2891 942 εἰκότως
2939 878 3206 957 διαπορεῖ·
3254 882 3337 944 τίς
3385 883 3559 948 οὕτως
3611 879 3759 941 ἔσται

2111 966 2351 1039 συνετὸς,
2421 964 2616 1042 λέγων,
2679 966 2758 1030 είς
2830 966 3095 1046 διάκρισιν
3161 975 3269 1026 τῶν
3331 969 3765 1049 πλημμελημά-

348 1062 525 1137 μένων
574 1056 861 1129 ἐπέδειξεν·
909 1052 1062 1111 οὐδὲν
1109 1060 1235 1130 παρ’
1281 1052 1456 1110 αὐτῶν
1499 1056 1599 1125 τὴν
1658 1053 2001 1129 ἀντιμισθίαν
2105 1074 2232 1127 των,
2294 1052 2432 1110 ὥστε
2482 1057 2559 1129 μὴ
2609 1055 2950 1129 περιπίπτειν
3000 1058 3224 1129 αὐτοῖς;
3272 1062 3395 1116 τινὰ
3438 1063 3541 1138 γὰρ
3583 1063 3759 1119 αὐτῶν

344 1149 657 1225 δεξάμενος,
722 1144 760 1218 ἤ
835 1144 1015 1201 πίστιν
1097 1142 1560 1222 εἷ’Δικρινεστάτην
1635 1142 1727 1200 καὶ
1804 1143 1997 1203 πόθον.

345 1240 575 1297 Δύναται
629 1235 688 1293 δὲ
733 1234 901 1312 λόγος
946 1232 1037 1291 καὶ
1085 1231 1163 1296 εἰς
1208 1238 1278 1290 τὰ
1323 1234 1497 1305 νήπιοι
1558 1230 1737 1295 ἐκεῖνα
1800 1231 1998 1311 ἀναφὲ-

347 1339 552 1407 ρεσθαι,
621 1326 757 1403 ἅπερ
828 1321 964 1399 μετά
1023 1319 1192 1397 βαῖων
1256 1322 1565 1377 ὑπαντῶντα
1630 1321 1722 1379 τὸν
1797 1319 2001 1398 Κύριον

346 1418 689 1497 ἀνευφήμουν
743 1413 833 1470 καὶ
877 1410 1147 1485 ἐδόξαζον·
1196 1410 1288 1468 καὶ
1337 1410 1441 1487 γὰρ
1498 1410 1552 1467 οἱ
1600 1409 1758 1489 σοφοὶ
1804 1410 1895 1469 καὶ
1948 1410 2002 1469 οἱ

346 1510 691 1585 γραμματεῖς
741 1502 804 1559 οὐ
852 1508 1085 1571 συνῆκαν
1125 1503 1350 1570 ποιῆσαι
1397 1504 1589 1557 τοῦτον
1649 1500 1742 1558 τὸν
1809 1499 2001 1578 ἐλαχι-

350 1595 615 1653 στότατον
640 1612 655 1627 ·
686 1594 858 1664 νήπια
887 1592 992 1668 γὰρ
1038 1590 1140 1647 ὑπὸ
1186 1592 1285 1646 τοῦ
1316 1589 1472 1668 ἁγίου
1501 1588 1817 1664 Πνεύματος
1847 1610 2002 1667 σοφι-

350 1685 542 1742 σθέντα
570 1681 957 1755 πεποίήκασιν.

422 1799 452 1831 ι(
482 1775 558 1830 Τά
600 1772 945 1846 δικαιώματα
990 1768 1191 1845 Κυρίου
1238 1766 1414 1842 εὐθέα,
1463 1766 1815 1847 εὐφραίνοντα
1869 1788 2006 1843 καρ-

350 1860 491 1921 δίαν.
526 1887 556 1916 ››
589 1895 660 1907 -
687 1858 867 1933 Μηδὲν
901 1857 1123 1916 σκολιὸν
1151 1854 1373 1934 ἔχοντα,
1411 1854 1627 1932 μᾶλλον
1664 1858 1758 1933 μὲν
1793 1855 1884 1914 οὐν
1914 1858 2006 1914 καὶ

352 1951 444 2010 διὰ
467 1956 565 2009 τοῦ
613 1947 882 2006 διδάσκειν
932 1947 1027 2019 τὰς
1073 1944 1306 2024 καρδίας
1356 1946 1729 2027 εὐφραίνοντα·
1762 1945 1800 2018 ἤ
1834 1946 2007 2020 εὐθέα,

353 2043 429 2107 ὡς
459 2041 753 2113 εὐθύτητος
786 2036 854 2110 δη
865 2039 1122 2115 μιουργά.

426 2155 456 2186 ι(
488 2132 552 2189 Ἡ
582 2127 778 2199 ἐντολή
830 2125 1034 2204 Κύριου
1080 2126 1388 2203 τηλαυγὴς,
1441 2125 1752 2205 φωτίζουσα
1811 2123 2013 2204 ὀφθαλ-

359 2220 518 2297 μούς.
553 2242 584 2273 ιι
614 2251 685 2263 -
711 2216 847 2280 Τοὺς
878 2218 979 2287 τῆς
1010 2219 1219 2291 ψυχῆς,
1271 2213 1342 2272 δι’
1388 2214 1564 2271 αὐτῶν
1624 2212 1684 2271 δὲ
1736 2214 1826 2273 καὶ
1882 2214 2014 2279 τοὺς

354 2315 455 2368 τοῦ
484 2309 761 2383 σώματος,
804 2304 944 2361 ὣστε
976 2306 1053 2380 μὴ
1089 2304 1291 2382 βαίνειν
1324 2303 1401 2369 εἰς
1432 2303 1557 2360 ὁδόν
1583 2305 1849 2382 πονηράν.

336 2422 347 2429 ’
432 2422 546 2473 «‘0
601 2409 772 2495 φόϐος
829 2411 1031 2490 Κυρίου
1090 2411 1273 2489 ἁγνὸς,
1348 2408 1618 2487 διαμένων
1694 2410 1771 2474 εἰς
1842 2410 2015 2467 αἰῶνα

358 2506 583 2568 αἰῶνος.
618 2528 647 2558 ››
696 2536 767 2549 --
811 2502 1005 2577 ⁸Δγνός
1036 2543 1050 2557 .
1110 2501 1185 2565 ὡς
1228 2501 1462 2576 καθαρὸς
1508 2496 1798 2572 διαϐολῆς·
1833 2501 1863 2557 6
1907 2501 2013 2579 γὰρ

359 2596 698 2671 ἀνθρώπινος
748 2589 917 2672 φόϐος
968 2584 1348 2663 διαϐέϐληται,
1398 2588 1576 2646 δειλία
1601 2589 2010 2665 καλοαύμενος·

357 2682 396 2756 ἤ
454 2678 622 2764 φόϐον
679 2682 906 2739 ἐνταῦθα
956 2680 1047 2736 τὸν
1116 2678 1467 2737 τελειωτικὸν
1526 2674 1679 2756 λέγει
1729 2678 1790 2742 ὅς
1854 2678 2015 2754 μόνος

359 2773 471 2831 ἐστὶ
536 2772 792 2849 καθαρὸς,
859 2768 950 2826 διὰ
1020 2768 1185 2844 μόνον
1233 2770 1298 2825 τὸ
1356 2770 1433 2843 μὴ
1482 2767 1725 2825 ἐκπεσεῖν
1770 2775 1873 2839 τῆς
1917 2771 2019 2823 τοῦ

359 2866 495 2921 Θεοῦ
546 2861 877 2923 οἷκειώσεως
927 2860 1315 2933 συνιστάμενος
1348 2878 1361 2892 ·
1421 2859 1449 2914 ὁ
1510 2857 1613 2936 γὰρ
1678 2877 2019 2935 στοιχειωτι-

357 2955 454 3017 κὸς
488 2952 589 3009 οὐκ
632 2948 772 3008 ἔστιν
823 2949 1005 3026 ἁγνός·
1066 2947 1373 3004 συνίστατκι
1422 2946 1524 3025 γὰρ
1573 2945 1664 3003 διὰ
1713 2947 1783 3004 τὰ
1842 2946 2019 3007 οἰκεῖα

359 3039 829 3117 πλημμελήματα
874 3037 966 3095 καὶ
1012 3036 1222 3094 τούτων
1270 3033 1484 3113 εἷ’ρηται
1515 3057 1529 3070 ·
1595 3033 1634 3107 ἤ
1693 3035 1879 3112 ἁγνὸς,
1940 3037 2016 3099 ὡς

363 3131 580 3209 ἁγνείας
610 3127 920 3201 ποιητικός·
983 3124 1142 3190 οὗτος
1190 3123 1249 3181 δὶ
1296 3124 1396 3181 οὐκ
1436 3122 1550 3181 ἔστι
1578 3125 1909 3202 πρόσκαιρος
1940 3125 2017 3187 ὡς

365 3220 704 3297 ἀνθρώπινος
744 3214 782 3287 ἤ
840 3217 914 3279 ὡς
962 3216 990 3270 6
1039 3213 1474 3290 στοιχειωτικὸς,
1506 3212 1635 3271 ἀλλ’
1666 3212 1771 3289 ὅλῃ
1797 3217 1867 3289 τῇ
1901 3216 2015 3289 ζωῇ

364 3307 845 3386 παρατεινόμενος·
893 3304 958 3360 τὸ
1008 3304 1114 3381 γὰρ
1155 3301 1370 3381 διαρκὲς
1417 3303 1583 3359 αὐτοῦ
1649 3308 1765 3373 νῦν,
1837 3303 2016 3379 οἶμαι,

370 3395 539 3470 δηλοῖ
573 3397 636 3452 τὸ
684 3395 761 3458 εἷς
810 3393 982 3449 αἰῶνα
1024 3392 1262 3449 αἰώνων·
1305 3389 1342 3463 η’
1375 3392 1539 3469 ἁγνὸς
1573 3392 1669 3467 μὶν
1709 3391 1792 3449 δτι
1822 3392 2021 3469 κάθαρ-

372 3508 456 3551 σις
514 3485 829 3563 ἐπιγίνεται,
877 3480 1147 3556 διαμένων
1204 3479 1263 3537 δὲ
1317 3480 1400 3537 ὅτι
1457 3481 1662 3547 ἐκεῖνος
1732 3481 1827 3557 μὲν
1889 3479 2023 3558 ἄχρι

367 3576 682 3654 κάθάρσεως
742 3574 980 3654 φθάνων,
1048 3566 1371 3627 ἐκϐάλλεται
1447 3568 1538 3627 διὰ
1610 3577 1712 3642 τῆς
1785 3570 2019 3649 ἀγάπης·

370 3666 528 3729 οὗτος
558 3662 617 3720 δε
647 3660 1018 3737 ἀντεισαχθεὶς
1052 3657 1467 3730 συνδιαιωνίζει.

447 3794 470 3824 α
501 3771 579 3827 Τὰ
622 3769 864 3845 κρίματα
910 3765 1110 3843 Κυρίου
1164 3763 1415 3838 ἀληθινά.
1461 3789 1491 3821 ››
1541 3799 1611 3811 -
1651 3765 1916 3840 Ἀληθινὰ
1945 3767 2022 3831 ὡς

372 3861 509 3936 μόνα
563 3858 766 3935 κυρίως
811 3854 1055 3926 ἀπλανῆ,
1121 3856 1261 3932 πρὸς
1313 3854 1729 3927 ἀντιδιαστολήν
1777 3861 1886 3912 τῶν
1931 3856 2023 3911 ἀν-

365 3948 654 4025 θρωπίνων
711 3944 992 4022 κριμάτων
1051 3945 1086 3999 ἅ
1138 3943 1484 4016 πεπλάνηται
1553 3944 1679 4000 ὅσον
1739 3947 1875 4023 πρὸς
1919 3947 2019 4017 τὴν

368 4035 534 4113 ἄκραν
570 4029 846 4110 ἀκρίϐειαν
880 4031 971 4088 διά
996 4033 1097 4101 τὴν
1127 4036 1227 4089 τοῦ
1253 4036 1350 4089 νοῦ
1371 4031 1662 4091 ἀσθένειαν.

441 4148 472 4178 ‹‹
519 4120 927 4195 Δεδικαιωμένα
975 4119 1065 4175 ἐπὶ
1104 4121 1169 4176 τὸ
1208 4121 1360 4179 αὐτό.
1407 4142 1435 4176 ι
1489 4155 1560 4166 -
1606 4124 1694 4178 Ἐν
1740 4128 1923 4199 ταυτῷ
1965 4122 2025 4180 δὲ

370 4211 598 4270 δίκαια·
655 4210 721 4266 τὸ
777 4209 881 4286 γὰρ
937 4205 1140 4285 κυρίως
1189 4207 1391 4281 ἀληθὲν
1466 4212 1580 4285 ἅμα
1654 4212 1745 4268 καὶ
1817 4210 2024 4270 δίκαιόν

371 4302 533 4360 ἔστιν·

444 4418 475 4447 ‹‹
507 4389 850 4465 Ἐπιθυμητὰ
898 4388 1030 4462 ὑπὲρ
1073 4387 1302 4464 χρυσίον
1351 4386 1441 4443 καὶ
1490 4385 1644 4445 λίθον
1697 4387 1881 4465 τίμιον
1922 4413 2024 4450 πο-

372 4481 496 4541 λύν.
527 4506 557 4537 ››
587 4513 654 4527 -
689 4479 848 4556 ’Υπὲρ
899 4478 969 4534 τὰ
1021 4483 1148 4554 παρ’
1202 4476 1511 4552 ἀνθρώποις
1567 4476 1832 4535 δοκοῦντα
1865 4481 2027 4556 τίμια

370 4576 480 4628 τῶν
532 4571 701 4628 ὑλῶν·
753 4569 782 4624 6
822 4568 928 4645 γὰρ
977 4565 1206 4645 ὀρέξεως
1251 4565 1459 4622 τούτων
1504 4566 1743 4632 ἀποστὰς
1787 4573 1897 4625 τῶν
1925 4574 2025 4626 τοῦ

371 4665 504 4722 Θεοῦ
560 4644 843 4738 χριμάτων
887 4657 1197 4751 ἀκορέστως
1249 4654 1598 4732 ἐπιθυμήσει,
1636 4658 1881 4714 τουτέστι
1926 4663 2026 4715 τοῦ
2055 4644 2103 4710 D

373 4750 521 4814 θείου
547 4749 746 4823 νόμου.
892 4749 903 4751 ’
1790 4799 1804 4812 ,

446 4863 475 4893 ‹‹
507 4840 608 4895 Καὶ
642 4834 948 4915 γλυκύτερα
994 4836 1128 4914 ὑπὲρ
1180 4832 1307 4913 μέλι
1335 4835 1426 4892 καὶ
1455 4835 1673 4910 κηρίον.
1705 4859 1735 4889 ››
1766 4870 1837 4881 -
1865 4838 2024 4916 Ὑπὲρ

371 4930 463 4985 τὸν
498 4924 734 5003 σίμϐλον
783 4924 916 5004 ὅπερ
960 4923 1226 4997 ἡδύτατόν
1277 4924 1419 4981 ἐστιν
1473 4924 1550 4988 είς
1592 4924 1717 5001 ὐψιν
1762 4925 1854 4981 καὶ
1900 4930 2026 5002 γεῦ-

377 5039 479 5075 σιν.
507 5018 606 5073 Διὰ
635 5014 694 5072 δὲ
726 5019 838 5071 τῶν
880 5016 1227 5092 τιμιωτέρων
1280 5012 1427 5070 ὑλῶν
1479 5013 1570 5070 καὶ
1616 5019 1715 5070 τοῦ
1760 5012 2029 5090 ἡδυτέρου

381 5107 672 5184 βρώματος
728 5103 951 5182 ἐνέφηνε
998 5104 1098 5174 τήν
1184 5101 1472 5178 ἐπιθυμίαν
1549 5100 1639 5157 καί
1713 5101 2031 5180 γλυκύτητα

374 5201 483 5253 τῶν
515 5195 672 5252 θείων
688 5193 995 5272 κριμάτων.

451 5308 481 5339 ι(
511 5282 611 5339 Καί
639 5283 741 5360 γὰρ
774 5284 803 5338 6
835 5279 1034 5344 δοῦλός
1064 5301 1162 5336 σου
1193 5281 1479 5361 φυλάσσει.
1534 5306 1564 5334 ››
1604 5313 1674 5326 --
1702 5279 1835 5356 Περί
1863 5280 2030 5341 αὐτοῦ

376 5379 539 5432 τοῦτο
600 5372 766 5428 εἶπεν·
797 5368 835 5442 ἥ
867 5369 952 5427 ὅτι
980 5376 1088 5434 πᾶς
1118 5368 1177 5433 ὅς
1202 5367 1314 5425 ἐστι
1364 5365 1563 5435 δοῦλός
1604 5391 1701 5426 σου
1748 5370 1884 5427 κατὰ
1927 5371 2028 5441 τὴν

379 5463 485 5519 ἀπὸ
514 5470 615 5533 τῆς
667 5462 866 5539 ἀρετῆς
911 5457 1146 5516 διάθεσιν
1197 5458 1251 5530 ἐξ
1288 5458 1532 5536 ἀνάγκητ
1562 5458 1821 5539 φυλάσσει
1848 5459 1984 5516 αὐτά
2012 5478 2030 5495 ν

382 5551 598 5626 δηλαδή
648 5553 718 5609 τὰ
763 5550 1145 5629 προρρηθέντα
1190 5550 1363 5605 πάντα
1394 5567 1407 5581 ·
1467 5548 1730 5629 φυλάσσει
1795 5547 1854 5605 δὲ
1913 5549 2032 5607 ἀντὶ

375 5648 474 5701 τοῦ
504 5642 656 5722 φιλεῖ
682 5640 774 5698 καὶ
805 5639 1032 5718 ἐνεργεῖ.

448 5756 480 5792 ι(
509 5734 599 5794 Ἐν
657 5735 739 5809 τῷ
791 5728 1063 5817 φυλάσσεν
1116 5726 1255 5793 αὐτά
1306 5726 1668 5794 ἀνταπόδοσις
1734 5724 1949 5806 πολλή.
1997 5751 2031 5785 ιο

2108 1141 2282 1199 λεπτά
2336 1142 2426 1199 καὶ
2480 1142 2810 1209 λανθάνοντα
2862 1145 2952 1201 καὶ
3005 1146 3217 1222 μᾶλλον
3261 1149 3330 1204 τὰ
3383 1150 3520 1205 κατά
3574 1154 3760 1229 ψυχὴν

2109 1230 2491 1305 συνιστάμενα.

2181 1345 2211 1375 ‹‹
2243 1321 2339 1378 Ἐκ
2365 1326 2473 1378 τῶν
2503 1321 2744 1402 κρυφίων
2780 1345 2885 1398 μου
2931 1323 3217 1400 καθάρισόν
3275 1348 3360 1401 με.
3391 1352 3419 1381 ››
3452 1361 3524 1372 --
3552 1329 3766 1409 Κρύφια

2111 1406 2260 1486 λέγει
2308 1410 2345 1480 ἢ
2390 1409 2459 1469 τὰ
2514 1410 2566 1466 ἐν
2609 1416 2789 1492 κρυφῇ
2837 1412 3180 1488 πραττόμενα
3206 1406 3694 1491 πλημμελήματα,
3725 1419 3765 1489 ἢ

2109 1498 2238 1562 τοὺς
2285 1500 2422 1555 κατὰ
2484 1497 2722 1556 διάνοιαν
2793 1503 3212 1577 συνισταμένους
3281 1503 3548 1582 αἰσχροὺς
3608 1505 3763 1583 λογι-

2113 1587 2305 1662 σμοὺς,
2354 1588 2479 1666 περὶ
2527 1590 2601 1645 ὧν
2672 1590 2897 1647 ἱκετεύει
2968 1596 3205 1668 θερμῶς·
3267 1592 3418 1649 οὗτοι
3474 1596 3577 1673 γὰρ
3636 1594 3760 1652 ὅσον

2114 1676 2246 1733 εῗσὶν
2302 1679 2542 1757 ἀφανεῖς,
2590 1683 2853 1735 τοσοῦτον
2920 1680 3012 1736 καὶ
3062 1677 3576 1759 δυσκαταγώνιστοι,
3630 1686 3771 1741 κατὰ

2112 1771 2287 1823 πᾶσαν
2338 1763 2518 1824 ἄδειαν
2572 1766 2921 1841 μολύνοντες·
2967 1773 3075 1826 τῶν
3126 1770 3231 1848 γάρ
3288 1776 3529 1850 φανερῶν
3585 1773 3771 1850 ἀμαρ.

2114 1856 2378 1929 τημάτων
2436 1857 2840 1933 περιγενήσεταί
2882 1879 2989 1931 τις,
3037 1857 3083 1913 εί
3138 1860 3215 1933 μὴ
3270 1859 3431 1916 παντὶ
3489 1858 3774 1934 έκδεδίκη-

2117 1964 2225 2001 ται·
2286 1944 2323 2015 ἢ
2376 1945 2617 2022 κρυφίων
2677 1948 2892 2018 νοήσεις
2941 1952 3048 2003 τῶν
3103 1946 3155 2003 ἐν
3213 1948 3402 2026 ἀγνοίᾳ
3437 1950 3770 2028 ἡμαρτημέ-

2117 2055 2249 2091 νων.

2191 2147 2221 2177 ‹‹
2253 2121 2352 2179 Καὶ
2378 2123 2484 2178 ἀπὸ
2513 2121 2823 2202 ἀλλοτρίων
2858 2130 3036 2204 φεῖσαι
3088 2130 3187 2183 τοῦ
3241 2122 3445 2184 δούλου
3487 2149 3605 2187 σου.
3636 2153 3667 2184 ››
3699 2161 3771 2175 -

2118 2212 2220 2268 Καὶ
2278 2211 2332 2268 ἐν
2385 2217 2504 2275 τοῖς
2560 2210 2879 2290 ἀλλοτρίοις
2950 2216 3339 2293 ἁμαρτήμασιν
3411 2218 3590 2296 φεῖσαί
3640 2237 3769 2293 μου·

2122 2300 2364 2378 ἐνέχεται
2401 2302 2507 2378 γὰρ
2564 2301 2654 2357 καὶ
2716 2302 2970 2379 βασιλεὺς
3025 2304 3317 2382 ἀμαρτίαις
3370 2306 3650 2383 ὑπηκόων,
3680 2308 3776 2365 καὶ

2121 2389 2410 2468 ἀρχιερεὺς
2442 2395 2560 2454 ταῖς
2588 2395 2686 2449 τοῦ
2719 2390 2878 2465 λαοῦ,
2908 2391 2999 2449 καὶ
3029 2396 3212 2471 πατὴρ
3261 2400 3371 2452 τῶν
3421 2394 3653 2463 παίδων,
3685 2396 3778 2459 καὶ

2123 2477 2390 2552 δεσπότης
2420 2485 2541 2544 ταῖς
2578 2485 2686 2536 τῶν
2733 2478 2967 2538 δούλων·
3020 2481 3144 2539 ὅταν
3192 2484 3244 2555 ἐξ
3290 2483 3555 2558 ἀμελείας
3602 2486 3780 2544 αὐτῶν

2123 2570 2275 2625 οὗτοι
2333 2570 2734 2646 ἁμαρτάνωσιν·
2793 2570 2829 2641 ἢ
2887 2571 2978 2627 καὶ
3045 2570 3356 2650 ἀλλοτρίων
3441 2572 3593 2652 λέγει
3667 2581 3775 2634 τῶν

2120 2662 2382 2735 τυχηρῶν
2414 2660 2894 2735 παραπτωμάτων·
2927 2659 2961 2715 ἃ
2995 2662 3072 2735 μὴ
3102 2662 3239 2718 κατὰ
3266 2662 3607 2740 προαίρεσιν,
3630 2663 3779 2722 ἀλλὰ

2123 2747 2431 2825 περίστασιν
2461 2746 2721 2824 γίνονται·
2745 2748 2781 2818 ἢ
2813 2746 3121 2827 ἀλλοτρίων
3151 2752 3367 2822 νοήσεις
3396 2756 3504 2808 τῶν
3534 2753 3773 2831 ἐχθρῶν,

2125 2833 2233 2893 εἷίτε
2262 2836 2470 2913 ὁρατῶν
2505 2833 2611 2893 εἷ’τε
2636 2836 2901 2912 ἀοράτων.

2197 2949 2227 2980 ‹‹
2260 2926 2383 2981 Ἐὰν
2420 2928 2495 3000 μή
2528 2947 2635 2981 που
2682 2926 3163 3005 κατακυριεύσωσι,
3193 2929 3318 2986 τότε
3365 2927 3603 3006 ἄμωμος
3653 2930 3772 2988 ἔσο-

2131 3035 2248 3090 μαι.
2291 3038 2321 3067 ››
2373 3047 2444 3058 σ-
2496 3016 2619 3071 Ἐἀν
2660 3014 2880 3072 ἐνταῦθα
2931 3018 3007 3092 μὴ
3065 3021 3354 3090 νικήσωσι,
3401 3021 3525 3076 τότε
3566 3021 3632 3077 τὸ
3686 3021 3779 3085 τέ·-

2128 3103 2278 3160 λειον
2306 3100 2431 3179 ἕξω·
2462 3108 2551 3160 νῦν
2582 3106 2684 3183 γὰρ
2718 3105 2765 3160 εί
2794 3105 2884 3162 καὶ
2915 3106 3089 3186 φύλαξ
3119 3107 3234 3183 εἰμὶ
3263 3113 3361 3165 τοῦ
3404 3109 3600 3185 νόμου,
3631 3110 3782 3169 ἀλλὰ

2124 3198 2294 3259 ταῦτα
2321 3189 2664 3273 πεφόϐημαι.

2202 3307 2232 3337 ‹‹
2262 3283 2365 3339 Καὶ
2416 3285 2884 3359 καθαρισθήσομαι
2953 3284 3061 3341 ἀπὸ
3119 3286 3385 3363 ἁμαρτίας
3447 3288 3716 3365 μεγάλης.
3748 3312 3779 3343 ››

2129 3406 2200 3417 --
2228 3370 2483 3449 Μεγάλην
2518 3372 2781 3449 ἁμαρτίαν
2810 3374 2879 3429 τά
2906 3373 3025 3452 εΐρη
3037 3373 3166 3449 μένα
3210 3373 3391 3444 καλεῖ,
3421 3376 3470 3433 εί
3528 3377 3618 3433 καί
3670 3398 3783 3434 τισι

2134 3459 2383 3518 δοκοῦσιν
2447 3461 2903 3541 εὐκαταφρόνητα·
2959 3463 3051 3520 καὶ
3110 3466 3139 3520 6
3202 3467 3340 3522 κατά
3395 3463 3630 3523 διάνοιαν
3676 3469 3783 3545 γὰρ

2136 3549 2422 3625 μολυσμὸς
2482 3548 2667 3607 διώκει
2721 3553 2821 3623 τὴν
2874 3551 3036 3628 χάριν
3085 3559 3182 3610 τοῦ
3210 3551 3544 3631 Πνεύματος,
3574 3557 3664 3612 καὶ
3720 3557 3787 3615 τὸ

2131 3647 2372 3718 παρορᾷν
2398 3638 2528 3703 τοὺς
2561 3640 2664 3695 ὑπὸ
2695 3645 2856 3716 χεῖρα
2883 3640 3238 3715 πλημμελεῖν
3268 3650 3371 3715 τῆς
3420 3642 3542 3717 ἴσης
3599 3645 3784 3711 αὐτοῖς

2133 3728 2244 3787 ἐστι
2275 3726 2572 3800 καταδίκης
2602 3729 2638 3799 ἢ
2665 3729 2755 3785 καὶ
2790 3728 3040 3802 μείζονος
3072 3727 3244 3803 ἄξιον.

2204 3844 2234 3873 ‹‹
2266 3819 2367 3876 Καὶ
2397 3814 2605 3874 ἔσονται
2634 3818 2712 3882 εἰς
2746 3816 2993 3875 εὐδοκίαν
3020 3821 3089 3875 τά
3134 3819 3299 3897 λόγια
3354 3825 3453 3877 τοῦ
3511 3822 3786 3897 στόματός

2136 3930 2263 3983 μου.
2322 3932 2352 3962 ››
2385 3940 2455 3951 -
2506 3902 2658 3978 Τότε,
2718 3907 2900 3986 φησὶν,
2951 3906 3160 3964 ἔσονται
3215 3909 3305 3966 καὶ
3357 3910 3410 3966 οἱ
3467 3910 3625 3989 λόγοι
3679 3918 3782 3984 τεῆς

2130 4004 2448 4076 προσευχῆς
2509 4017 2613 4070 μου
2662 3995 2739 4059 εἷς
2797 3996 3166 4071 εὐαρέστησιν,
3197 3997 3289 4054 καὶ
3336 3995 3604 4075 προσδέξῃ
3658 4000 3785 4059 τού·

2130 4107 2277 4160 τους,
2305 4085 2396 4141 ὅτε
2420 4084 2510 4141 καὶ
2540 4083 2645 4140 ἀπὸ
2676 4089 2782 4140 τῶν
2810 4083 2925 4162 εἶ’ρη
2938 4086 3111 4158 μένων
3138 4087 3555 4164 καθαρισθῶσιν.

2204 4199 2236 4245 ς(
2275 4175 2375 4230 Καὶ
2430 4176 2466 4244 ἡ
2529 4171 2729 4247 μελέτη
2787 4181 2887 4244 τῆς
2937 4172 3161 4249 καρδίας
3225 4197 3330 4250 μου
3388 4174 3621 4234 ἐνώπιόν
3681 4200 3780 4236 σου

2133 4261 2447 4326 διαπαντός.
2490 4268 2837 4319 ››--’Έσται
2895 4260 3064 4333 δῆλον
3125 4264 3230 4321 ὅτι·
3293 4264 3340 4321 εί
3396 4267 3501 4343 γὰρ
3548 4267 3640 4324 καὶ
3700 4269 3779 4343 μὴ

2134 4355 2389 4427 ἀπομάθη
2454 4349 2682 4426 μελετᾷν
2732 4350 2868 4423 αὕτη
2913 4353 2981 4408 τὰ
3030 4352 3254 4432 αἰσχρὰ,
3303 4354 3403 4412 οὐκ
3477 4354 3538 4413 ἃν
3600 4358 3669 4412 τὰ
3715 4357 3784 4419 σὰ

2137 4440 2429 4517 μελετήσοι
2459 4440 2551 4498 καὶ
2581 4442 2663 4504 οἷς
2694 4441 2912 4518 χαίροις
2935 4441 3118 4506 αὐτός.

2206 4554 2236 4583 ‹‹
2268 4529 2451 4607 Κύριε,
2486 4527 2653 4606 βοηθέ
2685 4551 2790 4604 μου
2819 4530 2910 4585 καὶ
2942 4531 3193 4608 λυτρωτά
3225 4553 3352 4606 μου.
3381 4557 3409 4587 ››
3445 4566 3515 4580 -
3570 4535 3648 4591 Σὺ
3678 4533 3784 4611 γάρ

2141 4640 2233 4694 μοι
2269 4620 2563 4697 βοηθήσεις
2596 4616 2943 4695 λυτρωθῆναι
2970 4622 3060 4675 καὶ
3108 4619 3406 4698 λυτρώσεις
3461 4627 3570 4680 τῶν
3626 4623 3791 4701 εἰρηε

2140 4707 2332 4782 μένων·
2369 4708 2405 4778 ἢ
2439 4707 2602 4785 Κύριε
2632 4709 2660 4763 ὁ
2718 4709 2933 4783 βοηθῶν
2996 4730 3089 4782 μοι
3150 4709 3202 4765 ἐν
3263 4711 3348 4774 οἷς
3393 4716 3665 4788 κατορθῶ,
3696 4711 3787 4768 καὶ

2136 4796 2506 4872 λυτρούμενος
2542 4795 2593 4852 ἐν
2628 4798 2709 4859 οἷς
2741 4795 3075 4873 περιπίπτω·
3126 4799 3188 4853 τὸ
3238 4799 3445 4875 μέντοι,
3480 4825 3509 4854 ‹‹
3542 4801 3635 4856 Ἐκ
3677 4804 3785 4856 τῶν

2134 4886 2375 4965 κρυφίων
2414 4907 2517 4960 μου
2547 4885 2836 4963 καθάρισόν
2872 4907 2957 4960 με,
3000 4910 3030 4939 ››
3060 4887 3151 4943 καὶ
3178 4890 3247 4943 τὰ
3274 4888 3395 4960 ἑξῆς
3427 4891 3633 4946 ἅπαντα
3657 4895 3788 4947 πᾶσι

2136 4981 2355 5039 πιστοῖς
2389 4975 2689 5053 άρμόζουσι
2723 4973 2992 5052 λέγεσθαι.

2734 5105 3030 5157 ΨΑΛΜΟΣ
3072 5103 3173 5160 ΙΘ’.

2212 5215 2241 5244 ι(
2270 5189 2365 5253 Εἷς
2395 5188 2558 5252 τέλος
2590 5186 2810 5264 ψαλμὸς
2840 5188 2920 5263 τῷ
2951 5188 3138 5248 Δαυΐδ.
3172 5215 3202 5244 ››
3234 5225 3305 5236 --
3361 5191 3456 5256 Εἷς
3509 5193 3573 5249 τὸ
3629 5192 3797 5263 τέλος

2137 5277 2229 5335 καὶ
2260 5275 2442 5342 οὗτος·
2484 5278 2560 5341 ὡς
2610 5277 2997 5355 προαγορεύων
3040 5281 3108 5335 τὰ
3158 5278 3435 5353 μέλλοντα
3478 5282 3641 5346 τέλος
3700 5280 3797 5338 λα-

2140 5363 2253 5424 ϐεῖν
2311 5366 2399 5424 ἐπὶ
2455 5367 2697 5437 Ἐζεκίου
2761 5365 3047 5443 βασιλέως·
3079 5373 3177 5424 τοῦ
3228 5370 3332 5446 γὰρ
3378 5371 3664 5448 ’Δσσυρίου
3695 5378 3794 5428 Σε-

2139 5456 2424 5534 ναχηρεὶμ
2470 5454 2561 5512 διὰ
2608 5457 2925 5530 Ῥαμψάκου
2977 5457 3044 5515 τὰ
3098 5456 3401 5539 βλάσφημα
3451 5460 3630 5517 ἐκεῖνα
3687 5483 3799 5537 μη-

2139 5546 2419 5615 νύσαντος,
2478 5543 2856 5621 περιαλγήσας
2928 5547 3171 5617 Ἑζεκίας
3255 5547 3483 5625 ἔδραμεν
3556 5550 3632 5614 εἷς
3705 5550 3799 5607 τὸν

2141 5638 2284 5693 θεῖον
2340 5636 2467 5692 ναὸν
2497 5635 2571 5698 ὡς
2599 5638 2634 5706 ἡ
2666 5639 2777 5691 τῶν
2849 5634 3138 5713 βασιλειῶν
3203 5632 3398 5713 βίϐλος
3449 5639 3671 5718 ἱστορεῖ·
3706 5639 3807 5697 καὶ

2143 5723 2435 5807 ἀνήγγειλε
2488 5725 2663 5781 πάντα
2745 5724 2828 5802 τῷ
2901 5728 3019 5805 Θεῷ
3091 5723 3298 5806 ἄμυναν
3374 5724 3800 5811 ἐκκαλούμενσςχ
