4072 6440
278 390 441 457 “15

1528 376 1956 445 NICEPHORI
2000 378 2440 444 BLEMMIDE

3539 384 3739 450 1416

279 524 349 583 Οἱ
406 520 464 578 δὲ
512 519 637 596 περὶ
694 515 853 573 αὑτὸν
912 513 1125 588 πάντες,
1159 512 1211 570 ἐν
1265 515 1347 577 οἷς
1384 515 1452 584 ἦν
1506 513 1596 569 καὶ
1645 508 1865 573 Ἡσαΐας
1896 509 1924 565 6
1953 510 2007 577 Α
2040 509 2194 585 ἁγίου
2241 512 2559 587 Πνεύματος
2595 534 2607 547 ·
2667 517 2892 593 χριστὸς
2941 517 2969 572 ὸ
3024 514 3279 593 βασιλεὺς
3334 518 3413 582 ὡς
3461 519 3737 596 χριόμε-

275 612 593 690 προφήτης,
628 605 833 670 ἰδόντες
862 606 963 675 τὴν
1013 598 1305 680 συντριϐἠν
1365 610 1464 673 τῆς
1525 606 1711 690 ψυχῆς
1770 599 1934 690 αὐτοῦ

286 688 587 777 μονονουχὶ
635 700 744 753 τῶν
797 694 1076 771 παρόντων
1138 692 1315 769 ῥητῶν
1370 693 1469 761 τὴν
1533 688 1756 763 δύναμιν
1789 688 1935 759 αὐτῷ

279 784 979 868 ἐπεφώνησαν,εύχόμενοι
1029 780 1287 859 δεχθῆναι
1347 783 1444 851 τὴν
1502 778 1776 855 ἱκετηρίαν
1833 780 1931 831 τοῦ

281 864 571 957 βασιλέως.
629 876 766 951 Ὅρα
826 871 884 929 δὲ
938 876 1055 934 πῶς
1112 874 1146 942 ἡ
1205 870 1321 936 θεία
1367 869 1622 957 χάριςλού
1650 864 1931 957 παρέδειξε

389 963 553 1024 Δαυῗδ
585 965 648 1021 οὗ
674 965 743 1019 τά
779 966 1071 1039 πράγματα
1130 960 1294 1034 μόνον
1348 960 1416 1014 τὰ
1465 955 1702 1020 πολλοῖς
1761 954 1928 1011 ἔτεσιν

275 1057 519 1134 ὕστερον,
547 1051 694 1111 ἀλλὰ
722 1054 813 1108 καὶ
843 1051 878 1107 ’ὰ
906 1051 973 1120 ἦν
1008 1050 1149 1113 εἰκὸς
1177 1049 1345 1105 εἰπεῖν
1373 1049 1498 1105 τότε
1523 1046 1651 1110 τοὺς
1682 1045 1806 1122 περὶ
1836 1045 1928 1100 τὸν

278 1143 527 1225 βασιλέα.

347 1259 378 1288 ‹‹
408 1230 737 1289 Ἐπακοῦσαί
794 1250 888 1284 σου
946 1226 1140 1302 Κύριος
1196 1227 1248 1282 ἐν
1290 1227 1475 1303 ἡμέρᾳ
1503 1224 1765 1300 θλίψεως.
1801 1247 1830 1275 ››
1861 1255 1932 1265 -

270 1322 373 1379 Καὶ
430 1320 535 1398 γὰρ
593 1319 684 1375 ὅτε
746 1314 1056 1374 ἀπέστειλεν
1088 1315 1327 1386 Ἐζεκίας
1383 1315 1475 1370 καὶ
1505 1315 1558 1369 οἱ
1594 1313 1706 1387 μετ’
1765 1311 1930 1367 αὐτοῦ

274 1410 415 1488 πρὸς
445 1406 663 1465 Ἠσαίαν
722 1405 897 1468 οὕτως
958 1404 1233 1482 εἰρήκασιν
1267 1429 1297 1458 ‹‹
1325 1405 1510 1481 ἡμέρα
1563 1402 1799 1477 θλίψεως
1838 1399 1928 1456 καὶ

272 1497 612 1573 ὀνειδισμοῦ.
646 1520 676 1550 ››

352 1612 383 1643 ι(
411 1585 794 1662 Ὑπερασπίσαι
824 1606 919 1641 σου
956 1584 1018 1639 τὸ
1049 1578 1222 1657 ὄνομα
1249 1585 1346 1638 τοῦ
1376 1585 1512 1637 Θεοῦ
1559 1574 1761 1638 Ιακώϐ.
1799 1602 1829 1632 »
1860 1611 1930 1622 —

274 1678 347 1736 Τὸ
377 1674 746 1749 ἐξουδενωθεὶς
777 1675 867 1730 καὶ
899 1669 1171 1751 ὑϐρισθεὶς
1203 1672 1307 1728 ὑπὸ
1343 1674 1453 1726 τῶν
1483 1669 1780 1745 ’Δσσυρίων
1829 1672 1928 1723 τοῦ

272 1762 470 1825 Ἰακὼϐ
502 1764 899 1841 ἐμνημόνευσεν
932 1764 1009 1826 ὡς
1034 1760 1283 1818 κάκείνου
1339 1764 1667 1836 πειρασμοῖς
1726 1755 1929 1831 ὁμιλή-

2044 619 2157 661 νος.

2118 712 2146 739 ‹‹
2190 690 2578 747 Ἐπακούσεται
2628 693 2792 748 αὐτου
2852 693 2903 764 ἐξ
2935 694 3171 771 οὐρανοῦ
3207 695 3360 772 ἁγίου
3418 696 3615 755 αὐτοῦ.
3692 724 3729 752 ››

2043 810 2111 819 --
2141 778 2239 833 Καὶ
2271 779 2322 834 έν
2373 780 2626 857 αὐρανοῖς
2676 784 2779 859 γὰρ
2828 781 3061 856 κατῷκει
3110 785 3197 840 καὶ
3238 785 3289 840 ἐν
3316 790 3395 858 τῷ
3426 792 3544 859 ναῷ
3578 788 3723 843 ἐπε-

2042 864 2226 935 σκίαζε
2261 887 2273 900 ·
2325 866 2409 924 διὸ
2457 872 2589 926 ποτε
2643 872 2736 944 μὲν
2790 871 2850 926 ἐκ
2880 877 2977 927 τοῦ
3007 877 3163 941 ναοῦ,
3193 875 3327 929 ποτὲ
3357 872 3415 929 δὲ
3447 875 3499 946 ἐξ
3534 876 3723 953 ούρα-

2040 959 2136 1010 νοῦ
2180 961 2370 1013 τοῦτον
2414 959 2755 1035 παρεκάλουν
2791 980 2803 992 ·
2859 962 3017 1037 ἁγίου
3057 960 3115 1017 δὲ
3159 968 3257 1018 τοῦ
3306 964 3723 1043 ἀφωρισμέναι)

2040 1043 2206 1117 αὐτῷ.

2112 1158 2142 1186 ‹‹
2174 1134 2260 1190 Ἐν
2317 1132 2651 1200 δυναστείαις
2702 1141 2738 1208 ἡ
2789 1137 3037 1215 σωτηρία
3083 1147 3185 1210 τῆς
3236 1139 3410 1212 δεξιᾶς
3442 1143 3645 1203 αὐτοῦ.
3688 1171 3722 1198 ››

2038 1254 2108 1264 —-
2139 1223 2225 1278 Ἐν
2278 1221 2559 1302 ὑπερϐολῇ
2607 1224 2891 1301 δυνάμεως
2936 1231 2972 1298 ἡ
3030 1230 3178 1306 παρὰ
3203 1238 3307 1301 τῆς
3337 1231 3485 1296 θείας
3519 1230 3721 1305 δεξιᾶς

2037 1313 2294 1387 γινομένη
2354 1315 2462 1370 τινὶ
2512 1316 2772 1391 σωτηρία·
2834 1314 2918 1371 διὸ
2977 1319 3090 1393 χρὴ
3166 1319 3380 1397 θαῤῥεῖν
3460 1322 3557 1377 καὶ
3624 1324 3720 1397 μὴ

2040 1397 2267 1457 δεδιέναι
2323 1405 2422 1473 τὴν
2487 1402 2745 1461 δοκοῦσαν
2803 1406 3167 1463 ἀνυπόστατον
3215 1412 3321 1465 τῶν
3402 1408 3718 1485 πολεμίων

2036 1494 2378 1566 παρασκευήν
2389 1536 2402 1549 .

2113 1577 2333 1636 «Οὗτοι
2391 1580 2443 1636 ἐν
2500 1584 2732 1658 ἅρμασιν
2788 1584 2880 1639 καὶ
2939 1584 3093 1640 οὗτοι
3148 1584 3201 1641 ἐν
3253 1583 3472 1650 ἵπποις.
3536 1611 3569 1642 »
3632 1620 3718 1633 --

2036 1668 2099 1723 Οἱ
2137 1667 2517 1727 κυκλώσαντες
2547 1674 2696 1746 ἡμᾶς
2742 1671 2794 1728 ἐν
2847 1674 3050 1750 ἅρμασι
3091 1674 3183 1730 καὶ
3209 1672 3405 1739 ’ίπποις
3452 1675 3560 1732 εἰσὶ
3611 1680 3715 1734 καὶ

2036 1759 2372 1815 πεποίθασιψ
2425 1758 2579 1816 οῦτοι
2631 1759 2689 1817 δὲ
2734 1762 2825 1817 καὶ
2877 1763 3026 1818 οὗτοι
3078 1761 3131 1819 οἵ
3173 1764 3329 1820 αὐτοί
3364 1784 3377 1799 ο
3410 1766 3502 1821 καὶ
3529 1771 3714 1824 τοῦτο

271 1876 461 1918 σαντος
496 1853 754 1932 μεγάλοις
780 1852 871 1908 καὶ
902 1846 1117 1931 φόϐοιςθ
1149 1852 1185 1920 ἢ
1221 1844 1565 1925 ὑϐρισθέντος
1593 1844 1807 1909 πάντως
1838 1844 1927 1901 διὰ
1955 1888 2002 1955 Β
2034 1847 2136 1923 γὰρ
2169 1845 2374 1922 ἰδίωμα
2398 1845 2817 1955 Ἑϐραὶδος
2837 1848 3144 1955 διαλέκτου.

269 1944 813 2107 Θε(αἰνίιῐξαποστείλαι
844 2051 929 2085 σοι
958 2029 1212 2106 βοήθειαν
1260 2027 1313 2099 ἐξ
1355 2027 1536 2103 ἆγίου.
1571 2049 1599 2079 ›)
1633 2059 1699 2069 -
1730 2027 1923 2101 ’Ἄγιος

272 2124 302 2180 ὁ
357 2124 481 2187 ναὸς
561 2121 873 2196 ὠνομάζετο
958 2117 1010 2174 ἐν
1088 2119 1134 2191 ᾧ
1220 2121 1409 2197 φοιτᾷν
1497 2114 1772 2170 ἐπίστευον
1831 2114 1920 2168 τὸν

270 2212 423 2271 Θεόν.

344 2324 374 2354 ‹‹
405 2299 504 2356 Καὶ
535 2298 596 2355 ἐκ
626 2299 769 2355 Σιὼν
827 2291 1178 2353 ἀντιλάϐοιτό
1221 2317 1338 2353 σου.
1376 2319 1399 2350 ι
1429 2328 1501 2340 -
1527 2295 1591 2350 Ἡ
1622 2294 1764 2349 Σιὼν
1822 2292 1923 2369 γὰρ

266 2395 349 2465 τῷ
380 2394 496 2462 Θεῷ
526 2388 782 2445 ἀνέκειτοθ
816 2388 845 2443 ὁ
874 2385 1002 2449 Θεὸς
1035 2388 1064 2441 6
1102 2386 1154 2441 ἐν
1207 2388 1275 2460 τῇ
1326 2386 1470 2441 Σιὼν
1520 2380 1594 2439 ὢν
1644 2382 1697 2454 ἐξ
1754 2381 1923 2453 αὐτῆς

263 2478 585 2553 κινούμενος
621 2476 895 2554 βοηθῆσαί
924 2497 1031 2532 σοι.

338 2594 369 2622 ‹‹
400 2554 680 2640 Μνησθείη
713 2564 892 2636 πάσης
927 2565 1112 2628 θυσίας
1147 2585 1264 2623 σου.
1289 2587 1403 2617 ››-
1431 2568 1529 2618 *Ἦν
1562 2561 1614 2618 ἐν
1644 2566 1725 2634 τῷ
1750 2565 1925 2636 καιρῷ

268 2666 371 2729 τῆς
401 2658 627 2735 εἰρήνης
657 2657 1022 2733 προσήγαγες,
1054 2648 1471 2716 θεοσεϐάστατος
1505 2647 1599 2708 ὤν.

349 2790 379 2820 ‹‹
410 2763 513 2824 Καὶ
541 2763 606 2819 τὸ
645 2758 1014 2836 ὁλοκαύτωμά
1061 2782 1154 2817 σου
1202 2761 1468 2817 πιανάτω.
1500 2780 1527 2812 ιι
1569 2791 1634 2801 --
1672 2759 1739 2816 *Ο
1788 2756 1918 2831 μέλ-

274 2854 392 2918 λεις
499 2856 872 2931 προσενεγκεῖν
954 2848 1335 2927 ὁλοκάρπωσιν
1418 2851 1563 2921 θῦμα
1644 2846 1918 2917 πιανθείηο

265 2945 619 3015 πιανθήσεται
679 2938 738 2996 δὲ
792 2947 969 3013 νομῆς
1034 2938 1319 3015 ἐλευθέρας
1375 2935 1691 2994 ἀπολαύων.
1733 2942 1919 2993 Ἔσται

267 3032 326 3091 δὲ
378 3037 563 3107 τοῦτο,
619 3030 873 3101 λυθείσης
923 3029 1058 3085 ποτὶ
1110 3034 1213 3099 τῆς
1258 3024 1606 3102 πολιορκίας,
1638 3024 1775 3080 ὥστε
1831 3021 1921 3079 διὰ

260 3131 364 3195 τῆς
395 3121 657 3192 πιότητος
687 3124 785 3175 τοῦ
815 3118 1055 3193 θύματος
1090 3118 1191 3187 τήν
1238 3116 1392 3172 λύσιν
1444 3121 1543 3185 τῆς
1591 3111 1920 3190 πολιορκίας

268 3216 304 3285 ἠ
333 3212 472 3288 εύχή
537 3207 813 3285 βούλεταιο
871 3209 907 3279 ἢ
966 3206 1208 3262 πιανάτω
1261 3204 1375 3261 ἀντὶ
1424 3208 1523 3260 τοῦ
1551 3208 1675 3258 πῖον
1707 3201 1917 3279 ἡγησά-

2107 1959 2137 1988 ‹‹
2165 1942 2351 2011 Ἡμεῖς
2394 1935 2451 1993 δὲ
2497 1939 2548 1993 ἐν
2598 1939 2825 2014 ὀνόματι
2876 1940 3080 2017 Κυρίου
3128 1946 3260 1997 Θεοῦ
3307 1945 3471 2017 ἡμων
3522 1965 3711 2020 μεγα-

2033 2021 2433 2098 λυνθησόμεθα.
2497 2050 2518 2081 ι
2580 2061 2652 2070 —
2707 2029 2896 2102 Ἡμεῖς
2951 2026 3009 2085 δὲ
3061 2031 3126 2085 τὸ
3157 2026 3336 2104 ὄνομα
3380 2031 3595 2109 Κυρίου
3636 2035 3704 2090 τὸ

2033 2111 2382 2185 ἐξονειδισθέν
2433 2116 2580 2190 παρὰ
2624 2121 2733 2173 τῶν
2787 2117 2998 2194 ἐχθρῶν
3057 2118 3134 2182 εἰς
3189 2120 3447 2196 βοήθειαν
3500 2121 3703 2178 ἐπικα-

2035 2201 2343 2277 λεσόμεθα’
2396 2202 2434 2274 ἤ
2485 2202 2576 2261 διὰ
2617 2207 2681 2262 τὸ
2729 2201 2902 2280 ὄνομα
2944 2207 3147 2285 Κυρίου
3187 2208 3250 2264 τὸ
3280 2206 3531 2288 ὑϐρισθὲν
3567 2210 3703 2267 ἐπι-

2032 2290 2378 2367 καλεσόμεθα
2403 2294 2496 2349 τὸν
2527 2293 2723 2372 Κύριον
2761 2295 2984 2372 βοηθόν.

2110 2407 2132 2434 ι
2188 2382 2355 2440 Αύτοῖ
2412 2382 2869 2456 συνεποδίσθησαν
2958 2386 3049 2441 καὶ
3102 2381 3293 2443 ἔπεσαν
3326 2407 3338 2420 ·
3406 2391 3577 2463 ἡμεῖς
3639 2387 3701 2447 δὲ

2034 2470 2331 2546 ἀνέστημεν
2375 2473 2467 2527 καὶ
2516 2473 2943 2549 ἀνωρθώθημεν.
2996 2499 3025 2528 ››
3074 2508 3145 2519 -—
3191 2476 3266 2532 Τὰ
3318 2478 3415 2552 μὶν
3473 2479 3697 2554 προλα-

2033 2555 2198 2616 ϐόντα
2265 2561 2405 2638 ῥητὰ
2476 2564 2611 2618 κατὰ
2680 2564 2868 2639 καιρὸν
2934 2564 3069 2634 ἦσαν
3145 2570 3243 2622 τοῦ
3319 2568 3523 2642 θρήνου
3602 2568 3698 2624 καὶ

2032 2654 2287 2705 κοπετοῦ·
2336 2651 2404 2706 τὰ
2455 2650 2513 2706 δὲ
2560 2651 2798 2707 ἐντεῦθεν
2852 2654 2987 2727 μετά
3026 2655 3125 2724 τὴν
3156 2654 3385 2731 ἀόρατον
3420 2657 3702 2731 ἀναίρεσιν

2029 2743 2136 2793 τῶν
2186 2740 2481 2816 Ἃσσυρίων
2532 2739 2774 2816 ἐγίνοντο
2858 2742 3112 2814 Λυθείσης
3181 2751 3284 2814 τῆς
3356 2744 3696 2823 πολιορκίας

2029 2827 2119 2882 καὶ
2168 2829 2474 2906 χαιρόντων
2535 2832 2749 2886 πάντων
2798 2832 2888 2886 καὶ
2974 2836 3080 2887 τῶν
3169 2829 3504 2904 δοξαζόντων
3594 2838 3690 2893 καὶ

2030 2916 2303 2993 λεγόντων
2350 2922 2575 2974 τοιαῦτα
2608 2937 2625 2957 ο
2706 2918 3163 2992 συνεποδίσθησαν
3234 2923 3335 2999 γὰρ
3409 2927 3480 2998 τῇ
3569 2927 3689 2999 θείᾳ

2029 3005 2254 3081 δυνάμει
2310 3007 2400 3062 καὶ
2449 3010 2859 3084 κατηνέχθησαν
2938 3010 3015 3072 εἰς
3086 3015 3290 3085 πτῶμα
3362 3014 3679 3088 θανάσιμον.

2027 3096 2207 3172 Ἥρεῖς
2266 3093 2325 3151 δὲ
2374 3097 2723 3161 πεπτωκότες
2770 3119 2852 3172 τῳ
2910 3096 3017 3155 δέει
3076 3101 3375 3176 ἀνέστημεν
3434 3108 3513 3176 τῷ
3547 3123 3671 3179 ρρο-

2025 3186 2249 3258 νήματι.

266 3263 379 3367 ἐθω
397 3263 499 3355 ’κάὶ
530 3263 909 3355 έύαπόδεκτονί
942 3294 1339 3367 Ὀλοκαύτωμα
1394 3290 1452 3348 δέ
1481 3292 1747 3362 ἐκαλεῖτο,
1781 3288 1920 3346 διότι
1952 3263 1994 3330 C
2035 3362 2049 3367 _
2106 3299 2139 3367 (ξ
2166 3274 2350 3367 Κζύριε,
2386 3280 2571 3367 ᾼσῶσςὶν
2621 3277 2713 3367 τὸν
2751 3276 2998 3355 βασιλέα,
3054 3280 3145 3335 καὶ
3196 3278 3496 3337 ἐπάκουσον
3522 3283 3681 3356 ἡμῶν

264 3390 395 3448 ὅλον
452 3387 677 3444 ἐκαίετο·
712 3385 803 3442 καὶ
848 3387 948 3463 γάρ
994 3389 1103 3441 τῶν
1153 3384 1407 3457 θυμάτων
1452 3384 1520 3437 τὰ
1552 3383 1646 3456 μὲν
1676 3379 1922 3436 ὡλοκαυ-

265 3481 452 3545 τοῦτο,
480 3480 587 3532 τῶν
631 3473 690 3531 δὲ
749 3472 916 3552 μόριά
978 3494 1097 3529 τινα
1142 3470 1474 3527 κατεκαίετο·
1506 3468 1770 3526 ἐπίπλοον
1828 3469 1919 3525 καὶ

261 3566 452 3646 νεφροὶ
481 3565 573 3621 καὶ
604 3561 762 3640 στέαρ
788 3563 879 3619 καὶ
913 3560 1058 3619 ἄλλα
1083 3565 1327 3633 τοιαῦτα,
1341 3560 1521 3623 καθὼς
1542 3559 1606 3615 τὸ
1637 3559 1918 3615 Λευϊτικὸν

262 3654 498 3726 ἐδίδαξεν
515 3697 528 3710 .

338 3765 368 3794 ‹‹
397 3737 712 3815 Διάψαλμα.
760 3739 885 3812 Δῴη
947 3758 1033 3792 σοι
1090 3735 1292 3813 Κύριος
1342 3735 1479 3791 κατᾶ
1531 3737 1631 3805 τὴν
1695 3732 1916 3812 καρδίαν

270 3852 388 3890 σου.
430 3855 458 3885 ››
517 3862 588 3873 -
641 3834 729 3891 Ὡς
780 3830 816 3899 ἡ
874 3823 1073 3903 καρδία
1120 3847 1216 3881 σου
1251 3824 1525 3900 βούλεται’
1579 3822 1802 3902 καρδίαν
1863 3822 1921 3880 δὲ

263 3922 367 3991 τήν
429 3919 613 3995 ψυχὴν
664 3914 939 3980 πολλάκις
995 3914 1145 3990 λέγει
1201 3911 1292 3970 διὰ
1341 3916 1404 3971 τὸ
1447 3913 1662 3992 ἐξῆρθαι
1715 3913 1917 3985 ταύτην

267 4015 370 4080 τῆς
399 4011 587 4084 ψυχῆς
642 4004 879 4081 μάλιστα
926 4008 1036 4061 τῶν
1094 4000 1281 4060 ἄλλων
1332 4002 1537 4078 μελῶν,
1571 4003 1647 4066 ὡς
1676 4003 1761 4074 τὸ,
1795 4026 1823 4056 ‹‹
1857 4004 1921 4059 Ἠ

262 4094 462 4175 καρδία
519 4117 646 4171 μου²
704 4098 740 4167 ἡ
800 4092 928 4171 σάρξ
992 4114 1098 4168 μου
1180 4090 1587 4170 ἠγαλλιάσαντο
1642 4091 1731 4148 ἐπὶ
1788 4092 1918 4148 Θεὸν

266 4190 460 4257 ζῶντα,
498 4208 528 4238 ››

338 4299 368 4329 ι(
398 4273 501 4331 Καὶ
553 4278 726 4330 πᾶσαν
779 4273 878 4341 τήν
943 4269 1150 4346 βουλήν
1207 4291 1303 4327 σου
1386 4268 1703 4348 πληρῶσαι.
1762 4295 1790 4325 ››
1850 4303 1920 4313 -—-

281 4365 499 4444 Δγαθὴν
525 4362 618 4419 καὶ
648 4360 857 4418 δικαίαν
889 4381 1073 4419 ουσαν.

346 4477 376 4507 ‹‹
408 4451 901 4531 ’Δγαλλιασώμεθα
953 4448 1006 4505 ἐν
1064 4453 1143 4523 τῷ
1192 4447 1451 4524 σωτηρίῳ
1500 4470 1615 4505 σου.
1661 4472 1688 4499 ››
1719 4482 1789 4492 —
1816 4454 1919 4504 Πε-

267 4543 532 4618 ποίθαμεν
588 4539 672 4596 ὅτι
725 4537 814 4595 διὰ
864 4539 964 4608 τὴν
1020 4539 1186 4594 αὐτοῦ
1242 4537 1598 4615 χρηστότητα
1676 4537 1767 4594 καὶ
1817 4538 1915 4607 τὴν

2032 3362 2083 3418 ἐν
2115 3365 2154 3433 ἦ
2182 3364 2241 3419 ἅν
2289 3365 2471 3439 ἡμέρᾳ
2513 3365 2966 3441 ἐπικαλεσώμεθὰ
3021 3389 3098 3423 σε.
3150 3393 3179 3423 ››
3215 3403 3283 3414 -
3340 3373 3545 3447 Ὥσπερ
3591 3376 3687 3427 νῦν

2030 3451 2236 3514 ἔσωτας
2293 3452 2352 3508 ἐκ
2408 3455 2597 3530 χειρὸς
2668 3454 2904 3532 ἐχθρῶν,
2963 3458 3109 3513 οὕτω
3165 3459 3257 3514 καὶ
3309 3459 3388 3522 εἰς
3444 3462 3504 3516 τὸ
3562 3460 3691 3534 ἑξῆς

2031 3541 2176 3612 ἄξιον
2233 3536 2363 3597 ὄντα
2418 3544 2677 3613 σώζεσθαι
2733 3542 2822 3599 διὰ
2874 3547 2974 3616 τὴν
3054 3548 3248 3623 ἀρετὴν
3326 3548 3519 3619 αὐτοῦ,
3596 3551 3692 3606 καὶ

2031 3629 2328 3686 ἐπάκουσον
2360 3631 2510 3696 αὖθις
2555 3634 2717 3707 ἡμῶν
2768 3634 2844 3697 ὡς
2892 3634 2984 3690 καὶ
3031 3640 3146 3707 νῦν,
3188 3637 3374 3700 ὁσάκις
3407 3638 3468 3692 ἄν
3501 3638 3683 3695 ἐπικα-
3758 3632 3761 3633 ν

2029 3718 2319 3794 λεσώμεθά
2370 3742 2446 3778 σε.
2513 3722 2568 3776 Ὀ
2650 3723 2744 3796 μὲν
2805 3722 3027 3798 ψαλπμὸς
3098 3726 3236 3780 κατὰ
3290 3727 3380 3782 τὸν
3443 3728 3691 3797 Ἐζεκίαν

2027 3810 2351 3885 ἡρμηνεύθη
2408 3809 2498 3866 καὶ
2551 3810 2764 3887 ἥρμοσε
2798 3830 2811 3846 '
2857 3813 3002 3876 τινὲς
3060 3812 3119 3869 δὲ
3175 3820 3253 3888 τῷ
3311 3815 3476 3871 Δαυῗδ
3518 3817 3690 3874 αὐτὸν

2029 3898 2285 3974 ἁρμόζειν
2349 3899 2624 3976 βιάζονται
2685 3903 3149 3977 παραταττομένῳ
3224 3905 3362 3980 πρὸς
3430 3904 3693 3970 ἐπιόντας

2030 3986 2258 4063 ἐχθρούς
2293 4005 2307 4018 ⁸
2356 3987 2446 4043 καὶ
2505 4010 2660 4067 φασιν
2720 3989 2794 4052 ὡς
2841 3990 3000 4054 αὐτὸς
3059 3993 3089 4047 ὁ
3138 3991 3302 4048 Δαυίδ
3344 3992 3699 4070 ἐσχημάτισε

2026 4077 2119 4131 τὸν
2147 4074 2366 4150 ψαλμὸν
2417 4077 2493 4141 εἰς
2542 4079 2605 4133 τὸ
2653 4078 2946 4153 πρόσωπον
2975 4085 3083 4136 τῶν
3115 4083 3240 4159 περὶ
3270 4082 3429 4139 αὐτὸν
3460 4084 3692 4159 ἑτέρων.

2026 4164 2315 4241 Ἂρμόσειε
2374 4162 2420 4220 δ’
2468 4163 2527 4221 ἄν
2580 4168 2672 4222 καὶ
2742 4170 2902 4224 παντὶ
2977 4175 3153 4243 πιστῷ
3222 4173 3695 4249 παραταττομένῳ

2026 4254 2164 4311 κατὰ
2193 4259 2298 4310 τῶν
2334 4252 2631 4330 δαιμόνων,
2682 4258 2769 4313 οἷα
2793 4262 2891 4313 τοῦ
2938 4259 3193 4334 σώματος
3245 4261 3693 4340 ὑπερευχομένου
3724 4314 3731 4323 .

2026 4350 2127 4414 τῆς
2182 4346 2368 4420 ψυχῆς
2403 4365 2416 4378 ο
2475 4346 2564 4400 καὶ
2623 4347 2676 4401 οἱ
2725 4344 2980 4421 δαίμονες
3036 4348 3138 4427 γὰρ
3208 4349 3569 4422 ἐξουδένωσαν
3624 4354 3694 4411 τὸ

2029 4432 2205 4507 ὄνομα
2259 4439 2355 4489 τοῦ
2411 4439 2566 4494 Θεοῦ.
2617 4440 2808 4514 ⁰¹Δγιον
2866 4434 2925 4492 δὲ
2988 4440 3207 4509 νοήσεις
3258 4440 3349 4495 καὶ
3400 4442 3545 4497 Σιὼν
3592 4443 3691 4498 τὸν

2030 4522 2272 4600 οὐρανὸν,
2333 4523 2407 4586 ὡς
2459 4522 2732 4589 πολλάκις
2793 4525 3027 4601 εἷ’ρηται.
3086 4530 3317 4605 Χριστὸς
3390 4527 3449 4585 δὲ
3519 4529 3694 4586 αὐτοῦ

263 4634 364 4704 σὴν
428 4610 830 4706 καλοκαγαθίαν
887 4629 916 4683 ὁ
972 4627 1103 4690 Θεὸς
1173 4610 1448 4702 σωτηρίαν
1518 4628 1760 4701 ποιήσει,
1830 4611 2117 4706 212D???-
2175 4610 2427 4706 βασιλεὺς
2474 4614 2513 4706 ,ὁ
2553 4615 2959 4706 ’Χρ-ιστιανὸς,
3011 4615 3108 4706 ᾡς-
3161 4619 3510 4706 ξτροέςρημεν.
3600 4622 3689 4677 Ἐν

261 4721 694 4800 ἀκαταγώνιστον
728 4719 900 4789 θήσειο
931 4719 997 4786 ἧς
1025 4716 1117 4773 καὶ
1146 4718 1311 4790 ἡμεῖς
1343 4715 1747 4791 ἀπολαύσομεν.

339 4852 369 4883 ‹‹
398 4827 499 4883 Καὶ
549 4825 600 4881 ἐν
657 4827 739 4898 τῷ
792 4822 1020 4899 ὀνόματι
1066 4826 1201 4879 Θεοῦ
1264 4825 1424 4897 ἡμῶν
1516 4821 1921 4899 μεγαλυνθησό-

279 4928 433 4993 μεθα,
469 4939 498 4968 ››
537 4946 609 4958 -ο
638 4912 701 4970 Εἰ
732 4911 837 4989 γὰρ
890 4906 1161 4989 συντρίϐει
1215 4910 1344 4975 τοὺς
1402 4910 1657 4988 ἐχθροὺς,
1692 4907 1924 4989 φοϐερὸς

276 5004 424 5063 ἔσται
473 5009 591 5060 τοῖς
645 4998 811 5059 ἔθνεσι
866 5001 958 5057 καὶ
1018 5000 1183 5075 μόνον
1244 4999 1645 5075 ὀνομαζόμενος
1713 5003 1741 5057 6
1794 5003 1923 5064 Θεὸς

274 5100 373 5153 τοῦ
423 5091 663 5171 Ἰσραήλ.
711 5092 811 5148 Διὰ
858 5094 955 5146 τοῦ
1001 5088 1256 5146 τοιούτου
1302 5090 1571 5164 ὀνόματος
1614 5093 1776 5165 ἡμεῖς
1827 5113 1925 5165 με-

271 5182 723 5264 γαλυνθησόμεθα
751 5177 1155 5252 ἐξακουόμενοι.

349 5297 371 5326 ι
400 5270 702 5347 Πληρώσαι
750 5269 947 5346 Κύριος
989 5270 1165 5324 πάντα
1211 5269 1280 5325 τὰ
1327 5267 1602 5343 αἰτήματά
1648 5292 1762 5328 σου.
1803 5296 1822 5322 ο
1856 5304 1927 5315 -

274 5359 620 5435 Ἐπιμένουσι
651 5364 718 5434 τῇ
750 5358 889 5435 εὐχῇ
925 5356 1015 5413 διὰ
1039 5359 1139 5429 τήν
1182 5358 1440 5433 ἐπίμονον
1495 5364 1592 5414 τοῦ
1656 5358 1924 5435 βασιλέως

276 5444 562 5527 συντριϐἡν
588 5448 679 5504 καὶ
706 5447 1053 5506 ταπείνωσιν.

352 5563 381 5591 ‹‹
413 5541 519 5593 Νῦν
567 5534 735 5612 ἔγνων
793 5535 878 5591 ὅτι
938 5535 1105 5592 ἔσωσε
1163 5535 1361 5614 Κύριος
1398 5538 1489 5593 τὸν
1552 5540 1777 5614 χριστὸν
1831 5538 1925 5593 αὗ-

281 5630 402 5683 τοῦ,
434 5648 463 5678 ››
495 5657 563 5669 —
591 5628 760 5679 Τοῦτο
803 5624 877 5687 ὡς
918 5624 1007 5701 ἀφ’
1037 5626 1259 5683 ἑκάστου
1296 5631 1404 5681 τῶν
1462 5626 1775 5703 εὐχομένων
1829 5649 1928 5698 τη-

283 5717 508 5797 νικαῦτα
569 5710 953 5793 πληροφορίαν
1035 5715 1157 5773 τινὰ
1239 5712 1540 5794 δεξαμένων
1603 5717 1751 5798 παρὰ
1802 5721 1928 5777 τοῦ-

2032 4702 2233 4776 ἅρμασι
2278 4699 2349 4787 ’δὲ
2401 4701 2490 4757 καὶ
2550 4701 2601 4758 ἐν
2653 4701 2850 4767 ἵπποις
2917 4705 2970 4760 οὶ
3022 4692 3274 4779 δαίμδνες
3305 4692 3483 4763 διὰτὸ
3512 4730 3691 4787 ταχος

2030 4790 2121 4845 καὶ
2177 4781 2290 4859 τῆν’
2336 4790 2388 4845 έν
2448 4789 2718 4864 πολέμοις
2769 4796 3133 4870 παρασκευήν.
3192 4796 3423 4871 Λέγοιτό
3476 4794 3525 4851 δ’
3658 4799 3691 4854 ὁ

2032 4878 2253 4953 ψαλμὸς
2308 4879 2466 4942 οὗτος
2515 4880 2651 4935 κατὰ
2695 4885 2802 4937 τῶν
2844 4881 3112 4954 αἰσθητῶν
3142 4882 3355 4961 ἐχθρῶν
3387 4888 3549 4959 ἡμῶν
3581 4891 3692 4942 τῶν

2037 4962 2324 5045 βαρϐάρων
2356 4968 2447 5023 καὶ
2479 4968 2610 5043 ὑπὲρ
2639 4975 2737 5025 τοῦ
2771 4969 3043 5047 βασιλέως
3066 4974 3253 5046 ἡμῶν.

2658 5091 2952 5144 ΨΑΛΜΟΣ
2995 5095 3069 5147 K'.

2107 5207 2137 5234 «
2168 5181 2264 5245 Εἰς
2292 5184 2354 5238 τὸ
2382 5181 2566 5255 τέλος,
2598 5183 2819 5259 ψαλμὸς
2849 5191 2926 5260 τῷ
2956 5186 3139 5243 Δαυῖδ.
3180 5212 3201 5241 ι
3254 5220 3325 5233 --—
3372 5190 3476 5248 Καὶ
3527 5213 3692 5256 ουτος

2036 5270 2111 5334 εἰς
2179 5272 2240 5326 τὸ
2303 5271 2487 5346 τέλος,
2554 5273 2628 5337 ὡς
2693 5275 3028 5355 προφητείας
3093 5279 3367 5354 περιέχων
3412 5299 3426 5312 °
3491 5277 3530 5350 ἤ
3597 5281 3693 5338 καὶ

2035 5360 2196 5424 αὐτὸς
2260 5359 2420 5424 τέλος
2478 5357 2670 5420 ἔλαϐεν
2732 5363 2819 5420 ἐπὶ
2907 5365 3149 5435 Ἐζεκίου
3224 5368 3352 5446 φασὶ
3427 5369 3529 5446 γὰρ
3606 5370 3699 5427 ὅτι

2041 5452 2175 5523 μετὰ
2225 5452 2325 5521 τὴν
2383 5445 2691 5523 ἀϐοήθητον
2754 5453 2907 5510 νόσον
2995 5454 3227 5530 ἐκείνην,
3304 5445 3697 5534 προστεθείσης

2035 5538 2183 5612 αύτῷ
2214 5541 2358 5610 ζωῆς
2409 5539 2542 5596 ἐτῶν
2588 5541 2987 5617 πεντεκαίδεκα,
3035 5545 3112 5608 ὡς
3163 5549 3200 5616 ἡ
3247 5550 3356 5601 τῶν
3393 5547 3700 5607 Βασιλειῶν

2038 5628 2318 5707 ἐιρηγεῖται
2380 5625 2593 5706 βίϐλος,
2654 5634 2707 5688 οἱ
2752 5632 2877 5710 περὶ
2924 5633 3081 5690 αὑτὸν
3126 5632 3330 5698 ἰδόντες
3361 5637 3423 5691 τὸ
3453 5637 3700 5715 παρέδο-

2041 5719 2128 5795 ξον
2187 5716 2599 5801 ηὺχαρίστησαν
2656 5726 2735 5801 τῷ
2790 5721 2925 5802 Θεῷ.
2985 5722 3201 5785 Τούτων
3259 5724 3351 5789 οῦν
3386 5727 3482 5792 τὰς
3512 5731 3700 5815 φωνὰς
