  <div class='ocr_page' id='page_1' title='image "/cluster/home/n/w/nwhite01/storage/ocr_20150623/142/coo.31924054870476/718.png"; bbox 0 0 4072 6446; ppageno 0'>
   <div class='ocr_carea' id='block_1_1' title="bbox 307 409 472 469">
    <p class='ocr_par' dir='ltr' id='par_1_1' title="bbox 307 409 472 469">
     <span class='ocr_line' id='line_1_1' title="bbox 307 409 472 469; baseline -0.006 -1"><span class='ocrx_word' id='word_1_1' title='bbox 307 409 472 469; x_wconf 72' lang='grc'>1417</span> 
     </span>
    </p>
   </div>
   <div class='ocr_carea' id='block_1_2' title="bbox 1538 402 2508 471">
    <p class='ocr_par' dir='ltr' id='par_1_2' title="bbox 1538 402 2508 471">
     <span class='ocr_line' id='line_1_2' title="bbox 1538 402 2508 471; baseline 0 -3"><span class='ocrx_word' id='word_1_2' title='bbox 1538 402 1953 469; x_wconf 81' lang='lat' dir='ltr'>EXPOSITIO</span> <span class='ocrx_word' id='word_1_3' title='bbox 1997 405 2074 467; x_wconf 81' lang='grc' dir='ltr'><strong>ΙΝ</strong></span> <span class='ocrx_word' id='word_1_4' title='bbox 2120 404 2508 471; x_wconf 76' lang='lat' dir='ltr'>PSALMOS.</span> 
     </span>
    </p>
   </div>
   <div class='ocr_carea' id='block_1_3' title="bbox 3576 417 3735 480">
    <p class='ocr_par' dir='ltr' id='par_1_3' title="bbox 3576 417 3735 480">
     <span class='ocr_line' id='line_1_3' title="bbox 3576 417 3735 480; baseline 0.025 -4"><span class='ocrx_word' id='word_1_5' title='bbox 3576 417 3735 480; x_wconf 72' lang='grc'>1418</span> 
     </span>
    </p>
   </div>
   <div class='ocr_carea' id='block_1_4' title="bbox 304 533 3734 618">
    <p class='ocr_par' dir='ltr' id='par_1_4' title="bbox 304 533 3734 618">
     <span class='ocr_line' id='line_1_4' title="bbox 304 533 3734 618; baseline 0.003 -24"><span class='ocrx_word' id='word_1_6' title='bbox 304 540 337 594; x_wconf 78' lang='lat'>6</span> <span class='ocrx_word' id='word_1_7' title='bbox 371 534 536 595; x_wconf 72' lang='grc' dir='ltr'>Δαυῒδ</span> <span class='ocrx_word' id='word_1_8' title='bbox 581 540 744 596; x_wconf 74' lang='grc' dir='ltr'>τοῦτο</span> <span class='ocrx_word' id='word_1_9' title='bbox 787 534 1057 617; x_wconf 79' lang='grc' dir='ltr'>προϊδὼν,</span> <span class='ocrx_word' id='word_1_10' title='bbox 1107 536 1242 614; x_wconf 69' lang='grc' dir='ltr'>ὑπερ</span> <span class='ocrx_word' id='word_1_11' title='bbox 1292 535 1533 607; x_wconf 84' lang='grc' dir='ltr'>Ἐζεκίου</span> <span class='ocrx_word' id='word_1_12' title='bbox 1592 539 1785 593; x_wconf 89' lang='grc' dir='ltr'>τοῦτον</span> <span class='ocrx_word' id='word_1_13' title='bbox 1856 533 1965 607; x_wconf 78' lang='grc' dir='ltr'>ἐξε-</span> <span class='ocrx_word' id='word_1_14' title='bbox 1995 541 2050 609; x_wconf 80' lang='grc' dir='ltr'><strong>Α</strong></span> <span class='ocrx_word' id='word_1_15' title='bbox 2079 535 2163 610; x_wconf 87' lang='grc' dir='ltr'>τὸ,</span> <span class='ocrx_word' id='word_1_16' title='bbox 2215 561 2243 590; x_wconf 88' lang='grc'>‹‹</span> <span class='ocrx_word' id='word_1_17' title='bbox 2293 538 2412 595; x_wconf 92' lang='lat' dir='ltr'>&quot;O11</span> <span class='ocrx_word' id='word_1_18' title='bbox 2475 536 2625 612; x_wconf 76' lang='grc' dir='ltr'>δῴης</span> <span class='ocrx_word' id='word_1_19' title='bbox 2694 539 2841 615; x_wconf 79' lang='grc' dir='ltr'>αὐτῷ</span> <span class='ocrx_word' id='word_1_20' title='bbox 2904 537 3156 618; x_wconf 78' lang='grc' dir='ltr'>εὐλογίαν</span> <span class='ocrx_word' id='word_1_21' title='bbox 3222 541 3298 605; x_wconf 82' lang='grc' dir='ltr'>είς</span> <span class='ocrx_word' id='word_1_22' title='bbox 3365 541 3539 602; x_wconf 86' lang='grc' dir='ltr'>αίῶνα</span> <span class='ocrx_word' id='word_1_23' title='bbox 3597 545 3734 604; x_wconf 82' lang='grc' dir='ltr'>αἰῶ-</span> 
     </span>
    </p>
   </div>
   <div class='ocr_carea' id='block_1_5' title="bbox 302 631 583 710">
    <p class='ocr_par' dir='ltr' id='par_1_5' title="bbox 302 631 583 710">
     <span class='ocr_line' id='line_1_5' title="bbox 302 631 583 710; baseline 0.011 -26"><span class='ocrx_word' id='word_1_24' title='bbox 302 631 583 710; x_wconf 78' lang='grc' dir='ltr'>φώνησεν.</span> 
     </span>
    </p>
   </div>
   <div class='ocr_carea' id='block_1_6' title="bbox 382 714 1965 796">
    <p class='ocr_par' dir='ltr' id='par_1_6' title="bbox 382 714 1965 796">
     <span class='ocr_line' id='line_1_6' title="bbox 382 714 1965 796; baseline -0.001 -23"><span class='ocrx_word' id='word_1_25' title='bbox 382 743 412 773; x_wconf 88' lang='grc'><strong>‹‹</strong></span> <span class='ocrx_word' id='word_1_26' title='bbox 442 718 631 796; x_wconf 89' lang='grc' dir='ltr'>Κύριε,</span> <span class='ocrx_word' id='word_1_27' title='bbox 666 717 719 774; x_wconf 84' lang='grc' dir='ltr'>ἐν</span> <span class='ocrx_word' id='word_1_28' title='bbox 770 722 841 793; x_wconf 79' lang='grc' dir='ltr'>τῇ</span> <span class='ocrx_word' id='word_1_29' title='bbox 908 714 1134 791; x_wconf 80' lang='grc' dir='ltr'>δυνάμει</span> <span class='ocrx_word' id='word_1_30' title='bbox 1192 736 1289 772; x_wconf 91' lang='grc' dir='ltr'>σου</span> <span class='ocrx_word' id='word_1_31' title='bbox 1347 714 1771 795; x_wconf 75' lang='grc' dir='ltr'>εὐφρανθήσεται</span> <span class='ocrx_word' id='word_1_32' title='bbox 1808 715 1837 771; x_wconf 89' lang='lat'>6</span> <span class='ocrx_word' id='word_1_33' title='bbox 1873 715 1965 792; x_wconf 89' lang='grc' dir='ltr'>βα-</span> 
     </span>
    </p>
   </div>
   <div class='ocr_carea' id='block_1_7' title="bbox 300 804 1965 884">
    <p class='ocr_par' dir='ltr' id='par_1_7' title="bbox 300 804 1965 884">
     <span class='ocr_line' id='line_1_7' title="bbox 300 804 1965 884; baseline -0.002 -20"><span class='ocrx_word' id='word_1_34' title='bbox 300 807 515 872; x_wconf 90' lang='grc' dir='ltr'>σιλεύς.</span> <span class='ocrx_word' id='word_1_35' title='bbox 552 832 581 861; x_wconf 85' lang='grc'>››</span> <span class='ocrx_word' id='word_1_36' title='bbox 630 841 700 853; x_wconf 85' lang='lat'>——-</span> <span class='ocrx_word' id='word_1_37' title='bbox 745 810 827 881; x_wconf 76' lang='grc' dir='ltr'>Τῇ</span> <span class='ocrx_word' id='word_1_38' title='bbox 882 806 1157 884; x_wconf 84' lang='grc' dir='ltr'>βοηθούσῃ</span> <span class='ocrx_word' id='word_1_39' title='bbox 1209 805 1358 879; x_wconf 88' lang='grc' dir='ltr'>αὐτῷ</span> <span class='ocrx_word' id='word_1_40' title='bbox 1404 805 1494 861; x_wconf 82' lang='grc' dir='ltr'>καὶ</span> <span class='ocrx_word' id='word_1_41' title='bbox 1526 805 1604 869; x_wconf 80' lang='grc' dir='ltr'>εἷς</span> <span class='ocrx_word' id='word_1_42' title='bbox 1632 806 1695 861; x_wconf 91' lang='lat'>16</span> <span class='ocrx_word' id='word_1_43' title='bbox 1726 805 1849 876; x_wconf 74' lang='grc' dir='ltr'>ἑξῆς</span> <span class='ocrx_word' id='word_1_44' title='bbox 1882 804 1965 861; x_wconf 89' lang='grc' dir='ltr'>εὐ-</span> 
     </span>
    </p>
   </div>
   <div class='ocr_carea' id='block_1_8' title="bbox 296 892 1960 977">
    <p class='ocr_par' dir='ltr' id='par_1_8' title="bbox 296 892 1960 977">
     <span class='ocr_line' id='line_1_8' title="bbox 296 892 1960 977; baseline -0.002 -24"><span class='ocrx_word' id='word_1_45' title='bbox 296 900 683 977; x_wconf 79' lang='grc' dir='ltr'>φρανθήσεται·</span> <span class='ocrx_word' id='word_1_46' title='bbox 715 897 807 952; x_wconf 90' lang='grc' dir='ltr'>καὶ</span> <span class='ocrx_word' id='word_1_47' title='bbox 862 901 1023 954; x_wconf 87' lang='grc' dir='ltr'>τοῦτο</span> <span class='ocrx_word' id='word_1_48' title='bbox 1080 895 1406 969; x_wconf 77' lang='grc' dir='ltr'>πιστεύομεν</span> <span class='ocrx_word' id='word_1_49' title='bbox 1441 895 1546 950; x_wconf 85' lang='grc' dir='ltr'>ἀπὸ</span> <span class='ocrx_word' id='word_1_50' title='bbox 1599 899 1708 951; x_wconf 89' lang='grc' dir='ltr'>τῶν</span> <span class='ocrx_word' id='word_1_51' title='bbox 1748 892 1960 972; x_wconf 82' lang='grc' dir='ltr'>προλα-</span> 
     </span>
    </p>
   </div>
   <div class='ocr_carea' id='block_1_9' title="bbox 295 983 1010 1065">
    <p class='ocr_par' dir='ltr' id='par_1_9' title="bbox 295 983 1010 1065">
     <span class='ocr_line' id='line_1_9' title="bbox 295 983 1010 1065; baseline 0.001 -23"><span class='ocrx_word' id='word_1_52' title='bbox 295 983 507 1045; x_wconf 85' lang='grc' dir='ltr'>ϐόντων</span> <span class='ocrx_word' id='word_1_53' title='bbox 542 983 1010 1065; x_wconf 83' lang='grc' dir='ltr'>εὐεργετημάτων.</span> 
     </span>
    </p>
   </div>
   <div class='ocr_carea' id='block_1_10' title="bbox 377 1087 1959 1170">
    <p class='ocr_par' dir='ltr' id='par_1_10' title="bbox 377 1087 1959 1170">
     <span class='ocr_line' id='line_1_10' title="bbox 377 1087 1959 1170; baseline -0.004 -20"><span class='ocrx_word' id='word_1_54' title='bbox 377 1117 406 1150; x_wconf 79' lang='grc' dir='ltr'>ιι</span> <span class='ocrx_word' id='word_1_55' title='bbox 436 1095 539 1151; x_wconf 88' lang='grc' dir='ltr'>Καὶ</span> <span class='ocrx_word' id='word_1_56' title='bbox 572 1093 660 1149; x_wconf 82' lang='grc' dir='ltr'>ἐπὶ</span> <span class='ocrx_word' id='word_1_57' title='bbox 684 1098 763 1166; x_wconf 81' lang='grc' dir='ltr'>τῷ</span> <span class='ocrx_word' id='word_1_58' title='bbox 788 1092 1049 1169; x_wconf 76' lang='grc' dir='ltr'>σωτηρίῳ</span> <span class='ocrx_word' id='word_1_59' title='bbox 1081 1113 1176 1147; x_wconf 84' lang='grc' dir='ltr'>σου</span> <span class='ocrx_word' id='word_1_60' title='bbox 1224 1089 1615 1169; x_wconf 80' lang='grc' dir='ltr'>άγαλλιάσεται</span> <span class='ocrx_word' id='word_1_61' title='bbox 1669 1087 1894 1170; x_wconf 81' lang='grc' dir='ltr'>σφόδρα.</span> <span class='ocrx_word' id='word_1_62' title='bbox 1929 1115 1959 1145; x_wconf 84' lang='grc'>››</span> 
     </span>
    </p>
   </div>
   <div class='ocr_carea' id='block_1_11' title="bbox 292 1179 1216 1258">
    <p class='ocr_par' dir='ltr' id='par_1_11' title="bbox 292 1179 1216 1258">
     <span class='ocr_line' id='line_1_11' title="bbox 292 1179 1216 1258; baseline -0.004 -19"><span class='ocrx_word' id='word_1_63' title='bbox 292 1217 369 1229; x_wconf 89' lang='lat'>-——</span> <span class='ocrx_word' id='word_1_64' title='bbox 402 1184 526 1239; x_wconf 85' lang='grc' dir='ltr'>Ἐπὶ</span> <span class='ocrx_word' id='word_1_65' title='bbox 554 1186 624 1257; x_wconf 80' lang='grc' dir='ltr'>τῇ</span> <span class='ocrx_word' id='word_1_66' title='bbox 652 1184 799 1258; x_wconf 74' lang='grc' dir='ltr'>παρὰ</span> <span class='ocrx_word' id='word_1_67' title='bbox 828 1186 923 1237; x_wconf 93' lang='grc' dir='ltr'>σοῦ</span> <span class='ocrx_word' id='word_1_68' title='bbox 955 1179 1216 1257; x_wconf 79' lang='grc' dir='ltr'>σωτηρίᾳ.</span> 
     </span>
    </p>
   </div>
   <div class='ocr_carea' id='block_1_12' title="bbox 373 1266 1954 1346">
    <p class='ocr_par' dir='ltr' id='par_1_12' title="bbox 373 1266 1954 1346">
     <span class='ocr_line' id='line_1_12' title="bbox 373 1266 1954 1346; baseline -0.002 -21"><span class='ocrx_word' id='word_1_69' title='bbox 373 1297 402 1325; x_wconf 93' lang='grc'>‹‹</span> <span class='ocrx_word' id='word_1_70' title='bbox 434 1273 540 1342; x_wconf 76' lang='grc' dir='ltr'>Τῆν</span> <span class='ocrx_word' id='word_1_71' title='bbox 576 1270 865 1345; x_wconf 77' lang='grc' dir='ltr'>ἐπιθυμίαν</span> <span class='ocrx_word' id='word_1_72' title='bbox 918 1273 1019 1340; x_wconf 76' lang='grc' dir='ltr'>τῆς</span> <span class='ocrx_word' id='word_1_73' title='bbox 1068 1273 1257 1346; x_wconf 82' lang='grc' dir='ltr'>ψυχῆς</span> <span class='ocrx_word' id='word_1_74' title='bbox 1300 1268 1465 1324; x_wconf 86' lang='grc' dir='ltr'>αὐτοῦ</span> <span class='ocrx_word' id='word_1_75' title='bbox 1492 1266 1699 1332; x_wconf 72' lang='grc' dir='ltr'>ἔδωκας</span> <span class='ocrx_word' id='word_1_76' title='bbox 1730 1268 1897 1343; x_wconf 81' lang='grc' dir='ltr'>αὐτῷ.</span> <span class='ocrx_word' id='word_1_77' title='bbox 1932 1294 1954 1322; x_wconf 72' lang='grc' dir='ltr'>ιι</span> 
     </span>
    </p>
   </div>
   <div class='ocr_carea' id='block_1_13' title="bbox 293 1357 1955 1436">
    <p class='ocr_par' dir='ltr' id='par_1_13' title="bbox 293 1357 1955 1436">
     <span class='ocr_line' id='line_1_13' title="bbox 293 1357 1955 1436; baseline -0.004 -16"><span class='ocrx_word' id='word_1_78' title='bbox 293 1394 364 1406; x_wconf 88' lang='lat'>—-</span> <span class='ocrx_word' id='word_1_79' title='bbox 400 1364 470 1419; x_wconf 84' lang='lat' dir='ltr'>&#39;H</span> <span class='ocrx_word' id='word_1_80' title='bbox 493 1363 593 1431; x_wconf 81' lang='grc' dir='ltr'>τὴν</span> <span class='ocrx_word' id='word_1_81' title='bbox 623 1363 761 1418; x_wconf 85' lang='grc' dir='ltr'>κατά</span> <span class='ocrx_word' id='word_1_82' title='bbox 787 1364 896 1416; x_wconf 87' lang='grc' dir='ltr'>τῶν</span> <span class='ocrx_word' id='word_1_83' title='bbox 930 1358 1145 1435; x_wconf 85' lang='grc' dir='ltr'>ἐχθρῶν</span> <span class='ocrx_word' id='word_1_84' title='bbox 1200 1357 1380 1430; x_wconf 81' lang='grc' dir='ltr'>νίκην,</span> <span class='ocrx_word' id='word_1_85' title='bbox 1411 1359 1448 1429; x_wconf 78' lang='grc' dir='ltr'><strong>ἢ</strong></span> <span class='ocrx_word' id='word_1_86' title='bbox 1479 1359 1579 1429; x_wconf 71' lang='grc' dir='ltr'>τὴν</span> <span class='ocrx_word' id='word_1_87' title='bbox 1637 1360 1955 1436; x_wconf 79' lang='grc' dir='ltr'>προσθήκην</span> 
     </span>
    </p>
   </div>
   <div class='ocr_carea' id='block_1_14' title="bbox 289 1446 1374 1523">
    <p class='ocr_par' dir='ltr' id='par_1_14' title="bbox 289 1446 1374 1523">
     <span class='ocr_line' id='line_1_14' title="bbox 289 1446 1374 1523; baseline -0.003 -15"><span class='ocrx_word' id='word_1_88' title='bbox 289 1459 402 1523; x_wconf 83' lang='grc' dir='ltr'>τῆς</span> <span class='ocrx_word' id='word_1_89' title='bbox 435 1456 604 1522; x_wconf 83' lang='grc' dir='ltr'>ζωῆς,</span> <span class='ocrx_word' id='word_1_90' title='bbox 636 1451 672 1520; x_wconf 74' lang='grc' dir='ltr'><strong>ἢ</strong></span> <span class='ocrx_word' id='word_1_91' title='bbox 708 1447 898 1512; x_wconf 82' lang='grc' dir='ltr'>ἅπλῶς</span> <span class='ocrx_word' id='word_1_92' title='bbox 929 1454 1101 1504; x_wconf 79' lang='grc' dir='ltr'>πᾶσαν</span> <span class='ocrx_word' id='word_1_93' title='bbox 1134 1446 1374 1519; x_wconf 80' lang='grc' dir='ltr'>ἀξίωσιν.</span> 
     </span>
    </p>
   </div>
   <div class='ocr_carea' id='block_1_15' title="bbox 374 1552 1959 1631">
    <p class='ocr_par' dir='ltr' id='par_1_15' title="bbox 374 1552 1959 1631">
     <span class='ocr_line' id='line_1_15' title="bbox 374 1552 1959 1631; baseline -0.001 -18"><span class='ocrx_word' id='word_1_94' title='bbox 374 1583 406 1613; x_wconf 94' lang='grc'>‹‹</span> <span class='ocrx_word' id='word_1_95' title='bbox 438 1558 538 1614; x_wconf 85' lang='grc' dir='ltr'>Καὶ</span> <span class='ocrx_word' id='word_1_96' title='bbox 566 1558 665 1627; x_wconf 78' lang='grc' dir='ltr'>τὴν</span> <span class='ocrx_word' id='word_1_97' title='bbox 700 1554 883 1628; x_wconf 84' lang='grc' dir='ltr'>δέησιν</span> <span class='ocrx_word' id='word_1_98' title='bbox 932 1559 1038 1610; x_wconf 90' lang='grc' dir='ltr'>τῶν</span> <span class='ocrx_word' id='word_1_99' title='bbox 1072 1552 1306 1631; x_wconf 86' lang='grc' dir='ltr'>χειλέων</span> <span class='ocrx_word' id='word_1_100' title='bbox 1363 1553 1530 1611; x_wconf 89' lang='grc' dir='ltr'>αὐτοῦ</span> <span class='ocrx_word' id='word_1_101' title='bbox 1589 1553 1690 1611; x_wconf 92' lang='grc' dir='ltr'>οὐκ</span> <span class='ocrx_word' id='word_1_102' title='bbox 1742 1554 1959 1631; x_wconf 83' lang='grc' dir='ltr'>ἐστέρη-</span> 
     </span>
    </p>
   </div>
   <div class='ocr_carea' id='block_1_16' title="bbox 290 1640 1956 1717">
    <p class='ocr_par' dir='ltr' id='par_1_16' title="bbox 290 1640 1956 1717">
     <span class='ocr_line' id='line_1_16' title="bbox 290 1640 1956 1717; baseline -0.002 -13"><span class='ocrx_word' id='word_1_103' title='bbox 290 1668 395 1710; x_wconf 88' lang='grc' dir='ltr'>σας</span> <span class='ocrx_word' id='word_1_104' title='bbox 425 1646 604 1705; x_wconf 87' lang='grc' dir='ltr'>αὐτόν.</span> <span class='ocrx_word' id='word_1_105' title='bbox 632 1671 660 1698; x_wconf 85' lang='grc'><strong>››</strong></span> <span class='ocrx_word' id='word_1_106' title='bbox 692 1679 763 1689; x_wconf 90' lang='grc'><strong><em>-</em></strong></span> <span class='ocrx_word' id='word_1_107' title='bbox 803 1645 874 1700; x_wconf 87' lang='grc' dir='ltr'>Τὸ</span> <span class='ocrx_word' id='word_1_108' title='bbox 923 1644 1053 1700; x_wconf 87' lang='grc' dir='ltr'>αὐτὸ</span> <span class='ocrx_word' id='word_1_109' title='bbox 1096 1642 1260 1700; x_wconf 83' lang='grc' dir='ltr'>πάλιν</span> <span class='ocrx_word' id='word_1_110' title='bbox 1306 1640 1617 1716; x_wconf 77' lang='grc' dir='ltr'>δεδήλωκεν</span> <span class='ocrx_word' id='word_1_111' title='bbox 1667 1646 1783 1701; x_wconf 82' lang='grc' dir='ltr'>οἷον</span> <span class='ocrx_word' id='word_1_112' title='bbox 1834 1643 1956 1717; x_wconf 76' lang='grc' dir='ltr'>ἐνη-</span> 
     </span>
    </p>
   </div>
   <div class='ocr_carea' id='block_1_17' title="bbox 289 1733 1955 1812">
    <p class='ocr_par' dir='ltr' id='par_1_17' title="bbox 289 1733 1955 1812">
     <span class='ocr_line' id='line_1_17' title="bbox 289 1733 1955 1812; baseline -0.001 -20"><span class='ocrx_word' id='word_1_113' title='bbox 289 1736 531 1812; x_wconf 87' lang='grc' dir='ltr'>δόμενος</span> <span class='ocrx_word' id='word_1_114' title='bbox 576 1738 647 1809; x_wconf 76' lang='grc' dir='ltr'>τῇ</span> <span class='ocrx_word' id='word_1_115' title='bbox 699 1734 1036 1811; x_wconf 81' lang='grc' dir='ltr'>εὐχαριστίᾳ·</span> <span class='ocrx_word' id='word_1_116' title='bbox 1085 1733 1147 1789; x_wconf 78' lang='grc' dir='ltr'>οὐ</span> <span class='ocrx_word' id='word_1_117' title='bbox 1195 1734 1299 1809; x_wconf 88' lang='grc' dir='ltr'>γάρ</span> <span class='ocrx_word' id='word_1_118' title='bbox 1344 1754 1429 1798; x_wconf 91' lang='grc' dir='ltr'>τις</span> <span class='ocrx_word' id='word_1_119' title='bbox 1477 1734 1752 1808; x_wconf 79' lang='grc' dir='ltr'>ἐπιθυμεῖ,</span> <span class='ocrx_word' id='word_1_120' title='bbox 1791 1738 1955 1791; x_wconf 86' lang='grc' dir='ltr'>τοῦτο</span> 
     </span>
    </p>
   </div>
   <div class='ocr_carea' id='block_1_18' title="bbox 284 1820 1954 1901">
    <p class='ocr_par' dir='ltr' id='par_1_18' title="bbox 284 1820 1954 1901">
     <span class='ocr_line' id='line_1_18' title="bbox 284 1820 1954 1901; baseline -0.002 -19"><span class='ocrx_word' id='word_1_121' title='bbox 284 1826 384 1882; x_wconf 85' lang='grc' dir='ltr'>καὶ</span> <span class='ocrx_word' id='word_1_122' title='bbox 438 1824 529 1881; x_wconf 77' lang='grc' dir='ltr'>διὰ</span> <span class='ocrx_word' id='word_1_123' title='bbox 572 1829 680 1880; x_wconf 89' lang='grc' dir='ltr'>τῶν</span> <span class='ocrx_word' id='word_1_124' title='bbox 729 1822 965 1900; x_wconf 90' lang='grc' dir='ltr'>χειλέων</span> <span class='ocrx_word' id='word_1_125' title='bbox 1016 1822 1174 1879; x_wconf 83' lang='grc' dir='ltr'>αίτεῖ·</span> <span class='ocrx_word' id='word_1_126' title='bbox 1206 1821 1429 1895; x_wconf 88' lang='grc' dir='ltr'>θέλησιν</span> <span class='ocrx_word' id='word_1_127' title='bbox 1472 1824 1575 1901; x_wconf 83' lang='grc' dir='ltr'>γὰρ</span> <span class='ocrx_word' id='word_1_128' title='bbox 1614 1827 1706 1880; x_wconf 92' lang='grc' dir='ltr'>νῦν</span> <span class='ocrx_word' id='word_1_129' title='bbox 1738 1824 1837 1893; x_wconf 78' lang='grc' dir='ltr'>τήν</span> <span class='ocrx_word' id='word_1_130' title='bbox 1869 1820 1954 1879; x_wconf 70' lang='grc' dir='ltr'>αἵ-</span> 
     </span>
    </p>
   </div>
   <div class='ocr_carea' id='block_1_19' title="bbox 281 1916 765 1988">
    <p class='ocr_par' dir='ltr' id='par_1_19' title="bbox 281 1916 765 1988">
     <span class='ocr_line' id='line_1_19' title="bbox 281 1916 765 1988; baseline -0.008 -16"><span class='ocrx_word' id='word_1_131' title='bbox 281 1938 355 1988; x_wconf 88' lang='grc' dir='ltr'>τη</span> <span class='ocrx_word' id='word_1_132' title='bbox 366 1936 451 1970; x_wconf 87' lang='grc' dir='ltr'>σιν</span> <span class='ocrx_word' id='word_1_133' title='bbox 477 1916 641 1985; x_wconf 87' lang='grc' dir='ltr'>νοήσο</span> <span class='ocrx_word' id='word_1_134' title='bbox 651 1934 765 1988; x_wconf 91' lang='grc' dir='ltr'>μεν.</span> 
     </span>
    </p>
   </div>
   <div class='ocr_carea' id='block_1_20' title="bbox 364 2000 1957 2081">
    <p class='ocr_par' dir='ltr' id='par_1_20' title="bbox 364 2000 1957 2081">
     <span class='ocr_line' id='line_1_20' title="bbox 364 2000 1957 2081; baseline 0 -24"><span class='ocrx_word' id='word_1_135' title='bbox 364 2028 397 2057; x_wconf 88' lang='grc'>‹‹</span> <span class='ocrx_word' id='word_1_136' title='bbox 426 2006 546 2060; x_wconf 84' lang='grc' dir='ltr'>Ὅτι</span> <span class='ocrx_word' id='word_1_137' title='bbox 594 2002 941 2081; x_wconf 85' lang='grc' dir='ltr'>προέφθασας</span> <span class='ocrx_word' id='word_1_138' title='bbox 990 2000 1149 2057; x_wconf 84' lang='grc' dir='ltr'>αὐτὸν</span> <span class='ocrx_word' id='word_1_139' title='bbox 1203 2000 1256 2057; x_wconf 75' lang='grc' dir='ltr'>ἐν</span> <span class='ocrx_word' id='word_1_140' title='bbox 1310 2000 1588 2077; x_wconf 85' lang='grc' dir='ltr'>εὐλογίαις</span> <span class='ocrx_word' id='word_1_141' title='bbox 1635 2001 1957 2077; x_wconf 80' lang='grc' dir='ltr'>χρηστότηο</span> 
     </span>
    </p>
   </div>
   <div class='ocr_carea' id='block_1_21' title="bbox 279 2085 1956 2167">
    <p class='ocr_par' dir='ltr' id='par_1_21' title="bbox 279 2085 1956 2167">
     <span class='ocr_line' id='line_1_21' title="bbox 279 2085 1956 2167; baseline -0.002 -16"><span class='ocrx_word' id='word_1_142' title='bbox 279 2116 407 2159; x_wconf 88' lang='grc' dir='ltr'>τος.</span> <span class='ocrx_word' id='word_1_143' title='bbox 441 2116 573 2148; x_wconf 63' lang='lat'>11—-</span> <span class='ocrx_word' id='word_1_144' title='bbox 606 2091 829 2161; x_wconf 81' lang='grc' dir='ltr'>Ἐπειδὴ</span> <span class='ocrx_word' id='word_1_145' title='bbox 858 2091 947 2147; x_wconf 81' lang='grc' dir='ltr'>καὶ</span> <span class='ocrx_word' id='word_1_146' title='bbox 1004 2085 1310 2167; x_wconf 88' lang='grc' dir='ltr'>προέλαϐες</span> <span class='ocrx_word' id='word_1_147' title='bbox 1356 2090 1517 2147; x_wconf 87' lang='grc' dir='ltr'>αὐτὸν</span> <span class='ocrx_word' id='word_1_148' title='bbox 1563 2091 1671 2167; x_wconf 87' lang='grc' dir='ltr'>πρὸ</span> <span class='ocrx_word' id='word_1_149' title='bbox 1716 2097 1818 2162; x_wconf 81' lang='grc' dir='ltr'>τῆς</span> <span class='ocrx_word' id='word_1_150' title='bbox 1865 2090 1956 2148; x_wconf 79' lang='grc' dir='ltr'>αἶ-</span> 
     </span>
    </p>
   </div>
   <div class='ocr_carea' id='block_1_22' title="bbox 280 2178 1951 2258">
    <p class='ocr_par' dir='ltr' id='par_1_22' title="bbox 280 2178 1951 2258">
     <span class='ocr_line' id='line_1_22' title="bbox 280 2178 1951 2258; baseline -0.002 -18"><span class='ocrx_word' id='word_1_151' title='bbox 280 2187 505 2257; x_wconf 86' lang='grc' dir='ltr'>τήσεως</span> <span class='ocrx_word' id='word_1_152' title='bbox 554 2181 850 2258; x_wconf 81' lang='grc' dir='ltr'>εὐεργετῶν</span> <span class='ocrx_word' id='word_1_153' title='bbox 896 2178 1191 2244; x_wconf 85' lang='grc' dir='ltr'>πολλάκις·</span> <span class='ocrx_word' id='word_1_154' title='bbox 1244 2179 1499 2257; x_wconf 82' lang='grc' dir='ltr'>εὐλογίαν</span> <span class='ocrx_word' id='word_1_155' title='bbox 1548 2181 1650 2257; x_wconf 79' lang='grc' dir='ltr'>γὰρ</span> <span class='ocrx_word' id='word_1_156' title='bbox 1696 2184 1790 2236; x_wconf 91' lang='grc' dir='ltr'>νῦν</span> <span class='ocrx_word' id='word_1_157' title='bbox 1851 2181 1951 2251; x_wconf 81' lang='grc' dir='ltr'>τὴν</span> 
     </span>
    </p>
   </div>
   <div class='ocr_carea' id='block_1_23' title="bbox 282 2266 1953 2349">
    <p class='ocr_par' dir='ltr' id='par_1_23' title="bbox 282 2266 1953 2349">
     <span class='ocr_line' id='line_1_23' title="bbox 282 2266 1953 2349; baseline -0.002 -22"><span class='ocrx_word' id='word_1_158' title='bbox 282 2270 601 2349; x_wconf 88' lang='grc' dir='ltr'>εὐεργεσίαν</span> <span class='ocrx_word' id='word_1_159' title='bbox 630 2268 1051 2346; x_wconf 80' lang='grc' dir='ltr'>ὑποληψόμεθα·</span> <span class='ocrx_word' id='word_1_160' title='bbox 1086 2267 1365 2347; x_wconf 83' lang='grc' dir='ltr'>εὐλογίαις</span> <span class='ocrx_word' id='word_1_161' title='bbox 1414 2266 1472 2327; x_wconf 73' lang='grc' dir='ltr'>δὶ</span> <span class='ocrx_word' id='word_1_162' title='bbox 1519 2273 1640 2332; x_wconf 86' lang='grc' dir='ltr'>ταῖς</span> <span class='ocrx_word' id='word_1_163' title='bbox 1692 2275 1796 2340; x_wconf 83' lang='grc' dir='ltr'>τῆς</span> <span class='ocrx_word' id='word_1_164' title='bbox 1852 2276 1953 2341; x_wconf 83' lang='grc' dir='ltr'>σῆς</span> 
     </span>
    </p>
   </div>
   <div class='ocr_carea' id='block_1_24' title="bbox 281 2360 693 2440">
    <p class='ocr_par' dir='ltr' id='par_1_24' title="bbox 281 2360 693 2440">
     <span class='ocr_line' id='line_1_24' title="bbox 281 2360 693 2440; baseline 0.007 -25"><span class='ocrx_word' id='word_1_165' title='bbox 281 2381 405 2440; x_wconf 84' lang='grc' dir='ltr'>χρη</span> <span class='ocrx_word' id='word_1_166' title='bbox 414 2360 693 2433; x_wconf 85' lang='grc' dir='ltr'>στότητὸς.</span> 
     </span>
    </p>
   </div>
   <div class='ocr_carea' id='block_1_25' title="bbox 363 2444 1951 2528">
    <p class='ocr_par' dir='ltr' id='par_1_25' title="bbox 363 2444 1951 2528">
     <span class='ocr_line' id='line_1_25' title="bbox 363 2444 1951 2528; baseline -0.001 -23"><span class='ocrx_word' id='word_1_167' title='bbox 363 2474 395 2505; x_wconf 89' lang='grc'><em>‹‹</em></span> <span class='ocrx_word' id='word_1_168' title='bbox 424 2452 662 2522; x_wconf 87' lang='grc' dir='ltr'>Ἔθηκας</span> <span class='ocrx_word' id='word_1_169' title='bbox 693 2447 781 2506; x_wconf 86' lang='grc' dir='ltr'>ἐπὶ</span> <span class='ocrx_word' id='word_1_170' title='bbox 810 2450 911 2519; x_wconf 82' lang='grc' dir='ltr'>τήν</span> <span class='ocrx_word' id='word_1_171' title='bbox 950 2447 1194 2528; x_wconf 79' lang='grc' dir='ltr'>κεφαλὴν</span> <span class='ocrx_word' id='word_1_172' title='bbox 1222 2447 1389 2504; x_wconf 89' lang='grc' dir='ltr'>αὐτοῦ</span> <span class='ocrx_word' id='word_1_173' title='bbox 1420 2446 1676 2526; x_wconf 85' lang='grc' dir='ltr'>στέφανον</span> <span class='ocrx_word' id='word_1_174' title='bbox 1704 2447 1763 2503; x_wconf 83' lang='grc' dir='ltr'>ἐκ</span> <span class='ocrx_word' id='word_1_175' title='bbox 1793 2444 1951 2513; x_wconf 86' lang='grc' dir='ltr'>λίθου</span> 
     </span>
    </p>
   </div>
   <div class='ocr_carea' id='block_1_26' title="bbox 281 2535 1950 2615">
    <p class='ocr_par' dir='ltr' id='par_1_26' title="bbox 281 2535 1950 2615">
     <span class='ocr_line' id='line_1_26' title="bbox 281 2535 1950 2615; baseline -0.002 -19"><span class='ocrx_word' id='word_1_176' title='bbox 281 2539 503 2615; x_wconf 88' lang='grc' dir='ltr'>τιμίου.</span> <span class='ocrx_word' id='word_1_177' title='bbox 564 2562 595 2592; x_wconf 87' lang='grc'><strong>››</strong></span> <span class='ocrx_word' id='word_1_178' title='bbox 661 2570 732 2582; x_wconf 74' lang='grc' dir='ltr'>-ο</span> <span class='ocrx_word' id='word_1_179' title='bbox 787 2535 1084 2612; x_wconf 85' lang='grc' dir='ltr'>Καταλέγει</span> <span class='ocrx_word' id='word_1_180' title='bbox 1139 2539 1237 2601; x_wconf 79' lang='grc' dir='ltr'>τὰς</span> <span class='ocrx_word' id='word_1_181' title='bbox 1295 2536 1622 2613; x_wconf 88' lang='grc' dir='ltr'>εὐεργεσίας,</span> <span class='ocrx_word' id='word_1_182' title='bbox 1682 2536 1767 2593; x_wconf 84' lang='lat'>6&#39;11</span> <span class='ocrx_word' id='word_1_183' title='bbox 1842 2538 1950 2613; x_wconf 86' lang='lat'>1196</span> 
     </span>
    </p>
   </div>
   <div class='ocr_carea' id='block_1_27' title="bbox 280 2624 1480 2706">
    <p class='ocr_par' dir='ltr' id='par_1_27' title="bbox 280 2624 1480 2706">
     <span class='ocr_line' id='line_1_27' title="bbox 280 2624 1480 2706; baseline -0.004 -20"><span class='ocrx_word' id='word_1_184' title='bbox 280 2630 507 2687; x_wconf 88' lang='grc' dir='ltr'>πάντων</span> <span class='ocrx_word' id='word_1_185' title='bbox 538 2626 781 2706; x_wconf 80' lang='grc' dir='ltr'>ἐχαρίσω</span> <span class='ocrx_word' id='word_1_186' title='bbox 805 2628 869 2685; x_wconf 86' lang='grc' dir='ltr'>τὸ</span> <span class='ocrx_word' id='word_1_187' title='bbox 901 2624 1147 2702; x_wconf 88' lang='grc' dir='ltr'>διάδημα</span> <span class='ocrx_word' id='word_1_188' title='bbox 1180 2625 1480 2702; x_wconf 87' lang='grc' dir='ltr'>βασιλείας.</span> 
     </span>
    </p>
   </div>
   <div class='ocr_carea' id='block_1_28' title="bbox 364 2731 1948 2811">
    <p class='ocr_par' dir='ltr' id='par_1_28' title="bbox 364 2731 1948 2811">
     <span class='ocr_line' id='line_1_28' title="bbox 364 2731 1948 2811; baseline 0 -20"><span class='ocrx_word' id='word_1_189' title='bbox 364 2760 389 2791; x_wconf 81' lang='grc' dir='ltr'>ε</span> <span class='ocrx_word' id='word_1_190' title='bbox 424 2736 577 2806; x_wconf 76' lang='grc' dir='ltr'>Ζωὴν</span> <span class='ocrx_word' id='word_1_191' title='bbox 635 2734 879 2811; x_wconf 75' lang='grc' dir='ltr'>ᾐτήσατό</span> <span class='ocrx_word' id='word_1_192' title='bbox 938 2756 1016 2809; x_wconf 92' lang='grc' dir='ltr'>σε,</span> <span class='ocrx_word' id='word_1_193' title='bbox 1046 2735 1136 2790; x_wconf 83' lang='grc' dir='ltr'>καὶ</span> <span class='ocrx_word' id='word_1_194' title='bbox 1198 2731 1405 2797; x_wconf 80' lang='grc' dir='ltr'>ἔδωκας</span> <span class='ocrx_word' id='word_1_195' title='bbox 1434 2732 1602 2807; x_wconf 81' lang='grc' dir='ltr'>αὐτῷ.</span> <span class='ocrx_word' id='word_1_196' title='bbox 1634 2759 1663 2788; x_wconf 83' lang='grc'>›)</span> <span class='ocrx_word' id='word_1_197' title='bbox 1694 2767 1765 2779; x_wconf 90' lang='lat'><em>--</em></span> <span class='ocrx_word' id='word_1_198' title='bbox 1788 2736 1948 2791; x_wconf 79' lang='grc' dir='ltr'>’Ὥστε</span> 
     </span>
    </p>
   </div>
   <div class='ocr_carea' id='block_1_29' title="bbox 283 2822 1947 2903">
    <p class='ocr_par' dir='ltr' id='par_1_29' title="bbox 283 2822 1947 2903">
     <span class='ocr_line' id='line_1_29' title="bbox 283 2822 1947 2903; baseline -0.001 -22"><span class='ocrx_word' id='word_1_199' title='bbox 283 2828 365 2902; x_wconf 73' lang='grc' dir='ltr'>μὴ</span> <span class='ocrx_word' id='word_1_200' title='bbox 432 2827 520 2881; x_wconf 83' lang='grc' dir='ltr'>ὑπ’</span> <span class='ocrx_word' id='word_1_201' title='bbox 565 2824 801 2902; x_wconf 80' lang='grc' dir='ltr'>ἐχθρῶν,</span> <span class='ocrx_word' id='word_1_202' title='bbox 848 2826 989 2898; x_wconf 86' lang='grc' dir='ltr'>μήτε</span> <span class='ocrx_word' id='word_1_203' title='bbox 1037 2825 1140 2881; x_wconf 83' lang='grc' dir='ltr'>ὑπὸ</span> <span class='ocrx_word' id='word_1_204' title='bbox 1190 2822 1365 2879; x_wconf 91' lang='grc' dir='ltr'>νόσων</span> <span class='ocrx_word' id='word_1_205' title='bbox 1413 2823 1721 2880; x_wconf 81' lang='grc' dir='ltr'>ἀποθανεῖν·</span> <span class='ocrx_word' id='word_1_206' title='bbox 1772 2823 1947 2903; x_wconf 81' lang='grc' dir='ltr'>ἀμφό-</span> 
     </span>
    </p>
   </div>
   <div class='ocr_carea' id='block_1_30' title="bbox 274 2913 1111 2994">
    <p class='ocr_par' dir='ltr' id='par_1_30' title="bbox 274 2913 1111 2994">
     <span class='ocr_line' id='line_1_30' title="bbox 274 2913 1111 2994; baseline -0.004 -23"><span class='ocrx_word' id='word_1_207' title='bbox 274 2936 414 2994; x_wconf 88' lang='grc' dir='ltr'>τερα</span> <span class='ocrx_word' id='word_1_208' title='bbox 432 2916 535 2993; x_wconf 77' lang='grc' dir='ltr'>γὰρ</span> <span class='ocrx_word' id='word_1_209' title='bbox 568 2913 793 2969; x_wconf 85' lang='grc' dir='ltr'>ἐνταῦθα</span> <span class='ocrx_word' id='word_1_210' title='bbox 820 2915 1111 2987; x_wconf 88' lang='grc' dir='ltr'>νοήσομεν.</span> 
     </span>
    </p>
   </div>
   <div class='ocr_carea' id='block_1_31' title="bbox 352 3019 1941 3099">
    <p class='ocr_par' dir='ltr' id='par_1_31' title="bbox 352 3019 1941 3099">
     <span class='ocr_line' id='line_1_31' title="bbox 352 3019 1941 3099; baseline 0.001 -23"><span class='ocrx_word' id='word_1_211' title='bbox 352 3048 383 3077; x_wconf 92' lang='grc'>‹‹</span> <span class='ocrx_word' id='word_1_212' title='bbox 416 3022 745 3099; x_wconf 86' lang='grc' dir='ltr'>Μακρότητα</span> <span class='ocrx_word' id='word_1_213' title='bbox 799 3025 1022 3096; x_wconf 80' lang='grc' dir='ltr'>ἡμερῶν</span> <span class='ocrx_word' id='word_1_214' title='bbox 1070 3020 1148 3084; x_wconf 79' lang='grc' dir='ltr'>εἷς</span> <span class='ocrx_word' id='word_1_215' title='bbox 1201 3019 1374 3076; x_wconf 77' lang='grc' dir='ltr'>αῗῶνα</span> <span class='ocrx_word' id='word_1_216' title='bbox 1421 3019 1637 3083; x_wconf 69' lang='grc' dir='ltr'>αἰῶνος.</span> <span class='ocrx_word' id='word_1_217' title='bbox 1670 3044 1701 3074; x_wconf 82' lang='grc'><strong>››</strong></span> <span class='ocrx_word' id='word_1_218' title='bbox 1752 3053 1824 3063; x_wconf 96' lang='grc'><strong><em>-</em></strong></span> <span class='ocrx_word' id='word_1_219' title='bbox 1867 3020 1941 3077; x_wconf 90' lang='grc' dir='ltr'>Οὐ</span> 
     </span>
    </p>
   </div>
   <div class='ocr_carea' id='block_1_32' title="bbox 282 3107 1942 3185">
    <p class='ocr_par' dir='ltr' id='par_1_32' title="bbox 282 3107 1942 3185">
     <span class='ocr_line' id='line_1_32' title="bbox 282 3107 1942 3185; baseline -0.002 -17"><span class='ocrx_word' id='word_1_220' title='bbox 282 3112 448 3169; x_wconf 67' lang='grc' dir='ltr'>μόνον</span> <span class='ocrx_word' id='word_1_221' title='bbox 495 3110 685 3174; x_wconf 80' lang='grc' dir='ltr'>ἁπλῶς</span> <span class='ocrx_word' id='word_1_222' title='bbox 738 3112 903 3181; x_wconf 85' lang='grc' dir='ltr'>ζωήν,</span> <span class='ocrx_word' id='word_1_223' title='bbox 964 3108 1110 3165; x_wconf 88' lang='grc' dir='ltr'>άλλὰ</span> <span class='ocrx_word' id='word_1_224' title='bbox 1171 3110 1261 3165; x_wconf 79' lang='grc' dir='ltr'>καὶ</span> <span class='ocrx_word' id='word_1_225' title='bbox 1344 3109 1573 3185; x_wconf 88' lang='grc' dir='ltr'>μακράν.</span> <span class='ocrx_word' id='word_1_226' title='bbox 1622 3108 1693 3165; x_wconf 85' lang='grc' dir='ltr'>Τὸ</span> <span class='ocrx_word' id='word_1_227' title='bbox 1750 3107 1808 3165; x_wconf 71' lang='grc' dir='ltr'>δὲ</span> <span class='ocrx_word' id='word_1_228' title='bbox 1863 3109 1942 3174; x_wconf 82' lang='grc' dir='ltr'>είς</span> 
     </span>
    </p>
   </div>
   <div class='ocr_carea' id='block_1_33' title="bbox 276 3198 1939 3277">
    <p class='ocr_par' dir='ltr' id='par_1_33' title="bbox 276 3198 1939 3277">
     <span class='ocr_line' id='line_1_33' title="bbox 276 3198 1939 3277; baseline -0.001 -20"><span class='ocrx_word' id='word_1_229' title='bbox 276 3203 456 3257; x_wconf 77' lang='grc' dir='ltr'>αἰῶνα</span> <span class='ocrx_word' id='word_1_230' title='bbox 540 3200 708 3263; x_wconf 69' lang='grc' dir='ltr'>.²ῶνος</span> <span class='ocrx_word' id='word_1_231' title='bbox 768 3200 795 3254; x_wconf 97' lang='lat'>6</span> <span class='ocrx_word' id='word_1_232' title='bbox 852 3200 1143 3277; x_wconf 79' lang='grc' dir='ltr'>προφήτης</span> <span class='ocrx_word' id='word_1_233' title='bbox 1217 3198 1423 3273; x_wconf 89' lang='grc' dir='ltr'>κυρίως</span> <span class='ocrx_word' id='word_1_234' title='bbox 1507 3199 1601 3271; x_wconf 77' lang='grc' dir='ltr'>μὶν</span> <span class='ocrx_word' id='word_1_235' title='bbox 1679 3198 1767 3254; x_wconf 82' lang='grc' dir='ltr'>ἐπὶ</span> <span class='ocrx_word' id='word_1_236' title='bbox 1842 3204 1939 3255; x_wconf 89' lang='grc' dir='ltr'>τοῦ</span> 
     </span>
    </p>
   </div>
   <div class='ocr_carea' id='block_1_34' title="bbox 282 3285 2016 3365">
    <p class='ocr_par' dir='ltr' id='par_1_34' title="bbox 282 3285 2016 3365">
     <span class='ocr_line' id='line_1_34' title="bbox 282 3285 2016 3365; baseline -0.001 -20"><span class='ocrx_word' id='word_1_237' title='bbox 282 3288 593 3365; x_wconf 88' lang='grc' dir='ltr'>μέλλοντος</span> <span class='ocrx_word' id='word_1_238' title='bbox 648 3288 739 3344; x_wconf 87' lang='grc' dir='ltr'>καὶ</span> <span class='ocrx_word' id='word_1_239' title='bbox 788 3286 1127 3343; x_wconf 77' lang='grc' dir='ltr'>ἀκαταλύτου</span> <span class='ocrx_word' id='word_1_240' title='bbox 1182 3287 1376 3350; x_wconf 80' lang='grc' dir='ltr'>αἰῶνος</span> <span class='ocrx_word' id='word_1_241' title='bbox 1435 3288 1672 3359; x_wconf 88' lang='grc' dir='ltr'>τίθησιν,</span> <span class='ocrx_word' id='word_1_242' title='bbox 1722 3285 1835 3344; x_wconf 84' lang='grc' dir='ltr'>ἔστι</span> <span class='ocrx_word' id='word_1_243' title='bbox 1894 3286 2016 3364; x_wconf 69' lang='lat'>6&#39;0</span> 
     </span>
    </p>
   </div>
   <div class='ocr_carea' id='block_1_35' title="bbox 279 3377 1941 3454">
    <p class='ocr_par' dir='ltr' id='par_1_35' title="bbox 279 3377 1941 3454">
     <span class='ocr_line' id='line_1_35' title="bbox 279 3377 1941 3454; baseline -0.001 -19"><span class='ocrx_word' id='word_1_244' title='bbox 279 3379 373 3435; x_wconf 79' lang='grc' dir='ltr'>ὅτε</span> <span class='ocrx_word' id='word_1_245' title='bbox 426 3379 517 3434; x_wconf 82' lang='grc' dir='ltr'>καὶ</span> <span class='ocrx_word' id='word_1_246' title='bbox 592 3377 680 3432; x_wconf 86' lang='grc' dir='ltr'>ἐπὶ</span> <span class='ocrx_word' id='word_1_247' title='bbox 752 3385 856 3448; x_wconf 83' lang='grc' dir='ltr'>τῆς</span> <span class='ocrx_word' id='word_1_248' title='bbox 936 3382 1145 3453; x_wconf 84' lang='grc' dir='ltr'>μακρᾶς</span> <span class='ocrx_word' id='word_1_249' title='bbox 1222 3383 1490 3454; x_wconf 79' lang='grc' dir='ltr'>χρονικῆς</span> <span class='ocrx_word' id='word_1_250' title='bbox 1567 3377 1941 3454; x_wconf 87' lang='grc' dir='ltr'>παρατάσεως,</span> 
     </span>
    </p>
   </div>
   <div class='ocr_carea' id='block_1_36' title="bbox 277 3461 1943 3542">
    <p class='ocr_par' dir='ltr' id='par_1_36' title="bbox 277 3461 1943 3542">
     <span class='ocr_line' id='line_1_36' title="bbox 277 3461 1943 3542; baseline -0.002 -18"><span class='ocrx_word' id='word_1_251' title='bbox 277 3469 418 3525; x_wconf 76' lang='grc' dir='ltr'>ποτὲ</span> <span class='ocrx_word' id='word_1_252' title='bbox 468 3466 526 3523; x_wconf 78' lang='grc' dir='ltr'>δὲ</span> <span class='ocrx_word' id='word_1_253' title='bbox 571 3467 661 3523; x_wconf 88' lang='grc' dir='ltr'>καὶ</span> <span class='ocrx_word' id='word_1_254' title='bbox 710 3466 797 3522; x_wconf 84' lang='grc' dir='ltr'>ἐπὶ</span> <span class='ocrx_word' id='word_1_255' title='bbox 840 3470 938 3522; x_wconf 91' lang='grc' dir='ltr'>τοῦ</span> <span class='ocrx_word' id='word_1_256' title='bbox 990 3461 1212 3542; x_wconf 89' lang='grc' dir='ltr'>βεϐαίου</span> <span class='ocrx_word' id='word_1_257' title='bbox 1275 3465 1365 3521; x_wconf 88' lang='grc' dir='ltr'>καὶ</span> <span class='ocrx_word' id='word_1_258' title='bbox 1425 3464 1820 3539; x_wconf 85' lang='grc' dir='ltr'>ἀμεταπτώτου</span> <span class='ocrx_word' id='word_1_259' title='bbox 1867 3466 1943 3530; x_wconf 86' lang='grc' dir='ltr'>ὡς</span> 
     </span>
    </p>
   </div>
   <div class='ocr_carea' id='block_1_37' title="bbox 283 3551 1938 3634">
    <p class='ocr_par' dir='ltr' id='par_1_37' title="bbox 283 3551 1938 3634">
     <span class='ocr_line' id='line_1_37' title="bbox 283 3551 1938 3634; baseline -0.002 -19"><span class='ocrx_word' id='word_1_260' title='bbox 283 3558 379 3615; x_wconf 85' lang='grc' dir='ltr'>ἐπὶ</span> <span class='ocrx_word' id='word_1_261' title='bbox 426 3562 524 3613; x_wconf 88' lang='grc' dir='ltr'>τοῦ</span> <span class='ocrx_word' id='word_1_262' title='bbox 569 3555 955 3634; x_wconf 72' lang='grc' dir='ltr'>προκειμένου,</span> <span class='ocrx_word' id='word_1_263' title='bbox 987 3557 1124 3628; x_wconf 79' lang='grc' dir='ltr'>οἷον,</span> <span class='ocrx_word' id='word_1_264' title='bbox 1158 3579 1187 3607; x_wconf 91' lang='grc'>‹‹</span> <span class='ocrx_word' id='word_1_265' title='bbox 1220 3551 1467 3617; x_wconf 87' lang='grc' dir='ltr'>Ἐδωκας</span> <span class='ocrx_word' id='word_1_266' title='bbox 1513 3555 1660 3628; x_wconf 88' lang='grc' dir='ltr'>αὐτῷ</span> <span class='ocrx_word' id='word_1_267' title='bbox 1712 3557 1879 3629; x_wconf 76' lang='grc' dir='ltr'>ζωήν,</span> <span class='ocrx_word' id='word_1_268' title='bbox 1916 3581 1938 3611; x_wconf 76' lang='grc' dir='ltr'>ε</span> 
     </span>
    </p>
   </div>
   <div class='ocr_carea' id='block_1_38' title="bbox 280 3639 1945 3722">
    <p class='ocr_par' dir='ltr' id='par_1_38' title="bbox 280 3639 1945 3722">
     <span class='ocr_line' id='line_1_38' title="bbox 280 3639 1945 3722; baseline -0.004 -18"><span class='ocrx_word' id='word_1_269' title='bbox 280 3646 375 3704; x_wconf 82' lang='grc' dir='ltr'>καὶ</span> <span class='ocrx_word' id='word_1_270' title='bbox 430 3648 574 3717; x_wconf 76' lang='grc' dir='ltr'>ζωὴν</span> <span class='ocrx_word' id='word_1_271' title='bbox 624 3648 832 3720; x_wconf 78' lang='grc' dir='ltr'>μακρὰν</span> <span class='ocrx_word' id='word_1_272' title='bbox 873 3645 962 3701; x_wconf 87' lang='grc' dir='ltr'>καὶ</span> <span class='ocrx_word' id='word_1_273' title='bbox 1014 3639 1332 3722; x_wconf 89' lang='grc' dir='ltr'>μακρότητα</span> <span class='ocrx_word' id='word_1_274' title='bbox 1367 3646 1593 3720; x_wconf 77' lang='grc' dir='ltr'>ἡμερῶν</span> <span class='ocrx_word' id='word_1_275' title='bbox 1626 3639 1869 3721; x_wconf 86' lang='grc' dir='ltr'>βεϐαίαν·</span> <span class='ocrx_word' id='word_1_276' title='bbox 1899 3643 1945 3699; x_wconf 80' lang='grc' dir='ltr'>εί</span> 
     </span>
    </p>
   </div>
   <div class='ocr_carea' id='block_1_39' title="bbox 282 3730 1946 3812">
    <p class='ocr_par' dir='ltr' id='par_1_39' title="bbox 282 3730 1946 3812">
     <span class='ocr_line' id='line_1_39' title="bbox 282 3730 1946 3812; baseline -0.002 -19"><span class='ocrx_word' id='word_1_277' title='bbox 282 3735 345 3793; x_wconf 73' lang='grc' dir='ltr'>δὲ</span> <span class='ocrx_word' id='word_1_278' title='bbox 383 3736 476 3793; x_wconf 86' lang='grc' dir='ltr'>καὶ</span> <span class='ocrx_word' id='word_1_279' title='bbox 507 3733 598 3791; x_wconf 82' lang='grc' dir='ltr'>διὰ</span> <span class='ocrx_word' id='word_1_280' title='bbox 626 3737 724 3806; x_wconf 75' lang='grc' dir='ltr'>τήν</span> <span class='ocrx_word' id='word_1_281' title='bbox 757 3734 980 3791; x_wconf 76' lang='grc' dir='ltr'>αἰώνιον</span> <span class='ocrx_word' id='word_1_282' title='bbox 1015 3734 1164 3812; x_wconf 88' lang='grc' dir='ltr'>λέγει</span> <span class='ocrx_word' id='word_1_283' title='bbox 1198 3734 1368 3807; x_wconf 75' lang='grc' dir='ltr'>ζωὴν,</span> <span class='ocrx_word' id='word_1_284' title='bbox 1400 3730 1526 3789; x_wconf 76' lang='grc' dir='ltr'>ουδὲ</span> <span class='ocrx_word' id='word_1_285' title='bbox 1553 3737 1717 3789; x_wconf 90' lang='grc' dir='ltr'>τοῦτο</span> <span class='ocrx_word' id='word_1_286' title='bbox 1755 3732 1946 3812; x_wconf 81' lang='grc' dir='ltr'>πόρῥω</span> 
     </span>
    </p>
   </div>
   <div class='ocr_carea' id='block_1_40' title="bbox 278 3846 514 3883">
    <p class='ocr_par' dir='ltr' id='par_1_40' title="bbox 278 3846 514 3883">
     <span class='ocr_line' id='line_1_40' title="bbox 278 3846 514 3883; baseline 0.004 -1"><span class='ocrx_word' id='word_1_287' title='bbox 278 3846 514 3883; x_wconf 87' lang='grc' dir='ltr'>σκοπου.</span> 
     </span>
    </p>
   </div>
   <div class='ocr_carea' id='block_1_41' title="bbox 356 3929 1948 4008">
    <p class='ocr_par' dir='ltr' id='par_1_41' title="bbox 356 3929 1948 4008">
     <span class='ocr_line' id='line_1_41' title="bbox 356 3929 1948 4008; baseline 0.001 -22"><span class='ocrx_word' id='word_1_288' title='bbox 356 3958 387 3987; x_wconf 85' lang='grc'>‹‹</span> <span class='ocrx_word' id='word_1_289' title='bbox 420 3930 654 4008; x_wconf 88' lang='grc' dir='ltr'>Μεγάλη</span> <span class='ocrx_word' id='word_1_290' title='bbox 706 3934 742 4002; x_wconf 83' lang='grc' dir='ltr'>ἠ</span> <span class='ocrx_word' id='word_1_291' title='bbox 789 3930 917 4004; x_wconf 81' lang='grc' dir='ltr'>δόξα</span> <span class='ocrx_word' id='word_1_292' title='bbox 967 3932 1133 3988; x_wconf 90' lang='grc' dir='ltr'>αὐτοῦ</span> <span class='ocrx_word' id='word_1_293' title='bbox 1181 3931 1232 3987; x_wconf 80' lang='grc' dir='ltr'>ἐν</span> <span class='ocrx_word' id='word_1_294' title='bbox 1274 3935 1353 4004; x_wconf 82' lang='grc' dir='ltr'>τῷ</span> <span class='ocrx_word' id='word_1_295' title='bbox 1383 3929 1641 4006; x_wconf 87' lang='grc' dir='ltr'>σωτηρίῳ</span> <span class='ocrx_word' id='word_1_296' title='bbox 1670 3951 1789 3989; x_wconf 90' lang='grc' dir='ltr'>σου.</span> <span class='ocrx_word' id='word_1_297' title='bbox 1824 3955 1845 3984; x_wconf 72' lang='grc' dir='ltr'>ι</span> <span class='ocrx_word' id='word_1_298' title='bbox 1878 3964 1948 3975; x_wconf 90' lang='grc'><strong><em>-</em></strong></span> 
     </span>
    </p>
   </div>
   <div class='ocr_carea' id='block_1_42' title="bbox 282 4019 1948 4099">
    <p class='ocr_par' dir='ltr' id='par_1_42' title="bbox 282 4019 1948 4099">
     <span class='ocr_line' id='line_1_42' title="bbox 282 4019 1948 4099; baseline -0.001 -21"><span class='ocrx_word' id='word_1_299' title='bbox 282 4022 437 4079; x_wconf 78' lang='grc' dir='ltr'>Μετὰ</span> <span class='ocrx_word' id='word_1_300' title='bbox 463 4022 565 4097; x_wconf 81' lang='grc' dir='ltr'>γὰρ</span> <span class='ocrx_word' id='word_1_301' title='bbox 593 4022 693 4089; x_wconf 84' lang='grc' dir='ltr'>τήν</span> <span class='ocrx_word' id='word_1_302' title='bbox 726 4020 868 4075; x_wconf 89' lang='grc' dir='ltr'>θείαν</span> <span class='ocrx_word' id='word_1_303' title='bbox 899 4021 1216 4098; x_wconf 82' lang='grc' dir='ltr'>συμμαχίαν</span> <span class='ocrx_word' id='word_1_304' title='bbox 1264 4020 1355 4075; x_wconf 86' lang='grc' dir='ltr'>καὶ</span> <span class='ocrx_word' id='word_1_305' title='bbox 1416 4019 1717 4097; x_wconf 87' lang='grc' dir='ltr'>εὐεργεσίαν</span> <span class='ocrx_word' id='word_1_306' title='bbox 1781 4022 1948 4099; x_wconf 87' lang='grc' dir='ltr'>μέγας</span> 
     </span>
    </p>
   </div>
   <div class='ocr_carea' id='block_1_43' title="bbox 280 4104 1948 4187">
    <p class='ocr_par' dir='ltr' id='par_1_43' title="bbox 280 4104 1948 4187">
     <span class='ocr_line' id='line_1_43' title="bbox 280 4104 1948 4187; baseline -0.001 -21"><span class='ocrx_word' id='word_1_307' title='bbox 280 4109 434 4187; x_wconf 85' lang='grc' dir='ltr'>παρὰ</span> <span class='ocrx_word' id='word_1_308' title='bbox 461 4109 673 4164; x_wconf 91' lang='grc' dir='ltr'>πάντων</span> <span class='ocrx_word' id='word_1_309' title='bbox 695 4107 884 4185; x_wconf 82' lang='grc' dir='ltr'>γέγονε</span> <span class='ocrx_word' id='word_1_310' title='bbox 911 4109 1002 4165; x_wconf 83' lang='grc' dir='ltr'>καὶ</span> <span class='ocrx_word' id='word_1_311' title='bbox 1031 4104 1398 4184; x_wconf 89' lang='grc' dir='ltr'>περίϐλεπτος</span> <span class='ocrx_word' id='word_1_312' title='bbox 1429 4109 1504 4173; x_wconf 85' lang='grc' dir='ltr'>ὡς</span> <span class='ocrx_word' id='word_1_313' title='bbox 1552 4110 1642 4164; x_wconf 84' lang='grc' dir='ltr'>καὶ</span> <span class='ocrx_word' id='word_1_314' title='bbox 1704 4110 1948 4185; x_wconf 85' lang='grc' dir='ltr'>βασιλεῖς</span> 
     </span>
    </p>
   </div>
   <div class='ocr_carea' id='block_1_44' title="bbox 287 4193 1946 4277">
    <p class='ocr_par' dir='ltr' id='par_1_44' title="bbox 287 4193 1946 4277">
     <span class='ocr_line' id='line_1_44' title="bbox 287 4193 1946 4277; baseline 0 -22"><span class='ocrx_word' id='word_1_315' title='bbox 287 4193 767 4277; x_wconf 86' lang='grc' dir='ltr'>διαπρεσϐεύεσθαι</span> <span class='ocrx_word' id='word_1_316' title='bbox 823 4198 952 4275; x_wconf 71' lang='grc' dir='ltr'>ατρὸς</span> <span class='ocrx_word' id='word_1_317' title='bbox 1000 4198 1159 4254; x_wconf 88' lang='grc' dir='ltr'>αὐτὸν</span> <span class='ocrx_word' id='word_1_318' title='bbox 1208 4199 1299 4253; x_wconf 85' lang='grc' dir='ltr'>καὶ</span> <span class='ocrx_word' id='word_1_319' title='bbox 1364 4199 1628 4274; x_wconf 90' lang='grc' dir='ltr'>χρήματα</span> <span class='ocrx_word' id='word_1_320' title='bbox 1691 4200 1946 4274; x_wconf 87' lang='grc' dir='ltr'>πέμπειν.</span> 
     </span>
    </p>
   </div>
   <div class='ocr_carea' id='block_1_45' title="bbox 281 4286 1947 4365">
    <p class='ocr_par' dir='ltr' id='par_1_45' title="bbox 281 4286 1947 4365">
     <span class='ocr_line' id='line_1_45' title="bbox 281 4286 1947 4365; baseline -0.001 -20"><span class='ocrx_word' id='word_1_321' title='bbox 281 4293 461 4345; x_wconf 90' lang='grc' dir='ltr'>Τοῦτο</span> <span class='ocrx_word' id='word_1_322' title='bbox 521 4286 580 4345; x_wconf 72' lang='grc' dir='ltr'>δὲ</span> <span class='ocrx_word' id='word_1_323' title='bbox 622 4286 816 4365; x_wconf 87' lang='grc' dir='ltr'>γέγονε</span> <span class='ocrx_word' id='word_1_324' title='bbox 864 4286 953 4344; x_wconf 75' lang='grc' dir='ltr'>διὰ</span> <span class='ocrx_word' id='word_1_325' title='bbox 993 4288 1093 4359; x_wconf 73' lang='grc' dir='ltr'>τήν</span> <span class='ocrx_word' id='word_1_326' title='bbox 1140 4286 1508 4365; x_wconf 87' lang='grc' dir='ltr'>γεγενημένην</span> <span class='ocrx_word' id='word_1_327' title='bbox 1556 4286 1704 4362; x_wconf 87' lang='grc' dir='ltr'>αὐτῷ</span> <span class='ocrx_word' id='word_1_328' title='bbox 1768 4288 1947 4354; x_wconf 87' lang='grc' dir='ltr'>θεόθεν</span> 
     </span>
    </p>
   </div>
   <div class='ocr_carea' id='block_1_46' title="bbox 283 4377 615 4450">
    <p class='ocr_par' dir='ltr' id='par_1_46' title="bbox 283 4377 615 4450">
     <span class='ocr_line' id='line_1_46' title="bbox 283 4377 615 4450; baseline 0.009 -16"><span class='ocrx_word' id='word_1_329' title='bbox 283 4377 615 4450; x_wconf 86' lang='grc' dir='ltr'>ἐπισκοπήν.</span> 
     </span>
    </p>
   </div>
   <div class='ocr_carea' id='block_1_47' title="bbox 366 4481 1949 4561">
    <p class='ocr_par' dir='ltr' id='par_1_47' title="bbox 366 4481 1949 4561">
     <span class='ocr_line' id='line_1_47' title="bbox 366 4481 1949 4561; baseline -0.003 -19"><span class='ocrx_word' id='word_1_330' title='bbox 366 4508 396 4537; x_wconf 90' lang='grc'>‹‹</span> <span class='ocrx_word' id='word_1_331' title='bbox 428 4486 592 4557; x_wconf 83' lang='grc' dir='ltr'>Δόξαν</span> <span class='ocrx_word' id='word_1_332' title='bbox 626 4484 717 4542; x_wconf 81' lang='grc' dir='ltr'>καὶ</span> <span class='ocrx_word' id='word_1_333' title='bbox 752 4481 1220 4561; x_wconf 87' lang='grc' dir='ltr'>μεγαλοπρέπειαν</span> <span class='ocrx_word' id='word_1_334' title='bbox 1260 4482 1534 4556; x_wconf 79' lang='grc' dir='ltr'>ἐπιθήσεις</span> <span class='ocrx_word' id='word_1_335' title='bbox 1590 4484 1673 4541; x_wconf 82' lang='grc' dir='ltr'>ἐπ’</span> <span class='ocrx_word' id='word_1_336' title='bbox 1702 4484 1884 4544; x_wconf 90' lang='grc' dir='ltr'>αὐτόν.</span> <span class='ocrx_word' id='word_1_337' title='bbox 1919 4510 1949 4538; x_wconf 80' lang='grc'><strong>››</strong></span> 
     </span>
    </p>
   </div>
   <div class='ocr_carea' id='block_1_48' title="bbox 290 4570 1954 4649">
    <p class='ocr_par' dir='ltr' id='par_1_48' title="bbox 290 4570 1954 4649">
     <span class='ocr_line' id='line_1_48' title="bbox 394 4570 1945 4629; baseline -0.001 0"><span class='ocrx_word' id='word_1_338' title='bbox 394 4580 438 4629; x_wconf 90' lang='grc' dir='ltr'>Κ</span> <span class='ocrx_word' id='word_1_339' title='bbox 479 4575 496 4628; x_wconf 88' lang='grc' dir='ltr'>ὶ</span> <span class='ocrx_word' id='word_1_340' title='bbox 531 4570 555 4595; x_wconf 93' lang='grc'><strong>”</strong></span> <span class='ocrx_word' id='word_1_341' title='bbox 700 4578 727 4590; x_wconf 72' lang='grc'>“’</span> <span class='ocrx_word' id='word_1_342' title='bbox 858 4572 887 4629; x_wconf 83' lang='grc' dir='ltr'>δ</span> <span class='ocrx_word' id='word_1_343' title='bbox 968 4572 978 4592; x_wconf 85' lang='grc'><em>’</em></span> <span class='ocrx_word' id='word_1_344' title='bbox 1379 4573 1389 4591; x_wconf 83' lang='grc'><strong><em>⁷</em></strong></span> <span class='ocrx_word' id='word_1_345' title='bbox 1930 4576 1945 4595; x_wconf 90' lang='lat'><strong>‘</strong></span> 
     </span>
     <span class='ocr_line' id='line_1_49' title="bbox 290 4571 1954 4649; baseline -0.001 -18"><span class='ocrx_word' id='word_1_346' title='bbox 290 4606 363 4618; x_wconf 92' lang='lat'>-—-</span> <span class='ocrx_word' id='word_1_347' title='bbox 442 4598 475 4631; x_wconf 91' lang='lat'>01</span> <span class='ocrx_word' id='word_1_348' title='bbox 528 4596 606 4630; x_wconf 90' lang='grc' dir='ltr'>ετι</span> <span class='ocrx_word' id='word_1_349' title='bbox 633 4596 825 4631; x_wconf 88' lang='grc' dir='ltr'>τουτον</span> <span class='ocrx_word' id='word_1_350' title='bbox 892 4574 1121 4649; x_wconf 80' lang='grc' dir='ltr'>οξασεις,</span> <span class='ocrx_word' id='word_1_351' title='bbox 1154 4572 1245 4630; x_wconf 88' lang='grc' dir='ltr'>καὶ</span> <span class='ocrx_word' id='word_1_352' title='bbox 1303 4578 1522 4649; x_wconf 87' lang='grc' dir='ltr'>μειζονα</span> <span class='ocrx_word' id='word_1_353' title='bbox 1564 4575 1814 4647; x_wconf 87' lang='grc' dir='ltr'>ποιήσεις</span> <span class='ocrx_word' id='word_1_354' title='bbox 1864 4571 1954 4631; x_wconf 87' lang='grc' dir='ltr'>δια</span> 
     </span>
    </p>
   </div>
   <div class='ocr_carea' id='block_1_49' title="bbox 290 4662 997 4741">
    <p class='ocr_par' dir='ltr' id='par_1_49' title="bbox 290 4662 997 4741">
     <span class='ocr_line' id='line_1_50' title="bbox 290 4662 997 4741; baseline 0.004 -24"><span class='ocrx_word' id='word_1_355' title='bbox 290 4664 395 4732; x_wconf 76' lang='grc' dir='ltr'>τὴν</span> <span class='ocrx_word' id='word_1_356' title='bbox 430 4663 779 4741; x_wconf 80' lang='grc' dir='ltr'>εὐαρέστησιν</span> <span class='ocrx_word' id='word_1_357' title='bbox 810 4662 997 4721; x_wconf 89' lang='grc' dir='ltr'>αὐτοῦ.</span> 
     </span>
    </p>
   </div>
   <div class='ocr_carea' id='block_1_50' title="bbox 367 4768 1953 4848">
    <p class='ocr_par' dir='ltr' id='par_1_50' title="bbox 367 4768 1953 4848">
     <span class='ocr_line' id='line_1_51' title="bbox 367 4768 1953 4848; baseline -0.001 -21"><span class='ocrx_word' id='word_1_358' title='bbox 367 4792 399 4822; x_wconf 90' lang='grc'>«</span> <span class='ocrx_word' id='word_1_359' title='bbox 435 4774 558 4827; x_wconf 87' lang='grc' dir='ltr'>Ὅτι</span> <span class='ocrx_word' id='word_1_360' title='bbox 614 4768 809 4835; x_wconf 87' lang='grc' dir='ltr'>δώσεις</span> <span class='ocrx_word' id='word_1_361' title='bbox 857 4769 1006 4845; x_wconf 87' lang='grc' dir='ltr'>αὐτῷ</span> <span class='ocrx_word' id='word_1_362' title='bbox 1057 4768 1307 4848; x_wconf 90' lang='grc' dir='ltr'>εὐλογίαν</span> <span class='ocrx_word' id='word_1_363' title='bbox 1358 4770 1435 4834; x_wconf 84' lang='grc' dir='ltr'>είς</span> <span class='ocrx_word' id='word_1_364' title='bbox 1468 4770 1639 4827; x_wconf 86' lang='grc' dir='ltr'>αἰῶνα</span> <span class='ocrx_word' id='word_1_365' title='bbox 1667 4772 1886 4835; x_wconf 76' lang='grc' dir='ltr'>αἰῶνος.</span> <span class='ocrx_word' id='word_1_366' title='bbox 1922 4795 1953 4826; x_wconf 70' lang='lat' dir='ltr'><strong>ao</strong></span> 
     </span>
    </p>
   </div>
   <div class='ocr_carea' id='block_1_51' title="bbox 290 4858 1953 4937">
    <p class='ocr_par' dir='ltr' id='par_1_51' title="bbox 290 4858 1953 4937">
     <span class='ocr_line' id='line_1_52' title="bbox 290 4858 1953 4937; baseline 0.002 -23"><span class='ocrx_word' id='word_1_367' title='bbox 290 4891 363 4903; x_wconf 87' lang='lat'>--</span> <span class='ocrx_word' id='word_1_368' title='bbox 417 4858 661 4937; x_wconf 85' lang='grc' dir='ltr'>Εὐλογία</span> <span class='ocrx_word' id='word_1_369' title='bbox 707 4861 792 4915; x_wconf 82' lang='grc' dir='ltr'>ναὶ</span> <span class='ocrx_word' id='word_1_370' title='bbox 849 4862 955 4935; x_wconf 75' lang='grc' dir='ltr'>μὴν</span> <span class='ocrx_word' id='word_1_371' title='bbox 1002 4861 1093 4916; x_wconf 85' lang='grc' dir='ltr'>καὶ</span> <span class='ocrx_word' id='word_1_372' title='bbox 1158 4859 1576 4937; x_wconf 88' lang='grc' dir='ltr'>προαγόρευσις,</span> <span class='ocrx_word' id='word_1_373' title='bbox 1626 4860 1702 4924; x_wconf 82' lang='grc' dir='ltr'>ὡς</span> <span class='ocrx_word' id='word_1_374' title='bbox 1765 4860 1815 4919; x_wconf 75' lang='grc' dir='ltr'>ἐν</span> <span class='ocrx_word' id='word_1_375' title='bbox 1883 4865 1953 4937; x_wconf 80' lang='grc' dir='ltr'>τῇ</span> 
     </span>
    </p>
   </div>
   <div class='ocr_carea' id='block_1_52' title="bbox 288 4946 1953 5028">
    <p class='ocr_par' dir='ltr' id='par_1_52' title="bbox 288 4946 1953 5028">
     <span class='ocr_line' id='line_1_53' title="bbox 288 4946 1953 5028; baseline 0.001 -23"><span class='ocrx_word' id='word_1_376' title='bbox 288 4947 528 5025; x_wconf 79' lang='grc' dir='ltr'>τετάρτῃ</span> <span class='ocrx_word' id='word_1_377' title='bbox 555 4954 661 5004; x_wconf 87' lang='grc' dir='ltr'>τῶν</span> <span class='ocrx_word' id='word_1_378' title='bbox 692 4946 990 5007; x_wconf 86' lang='grc' dir='ltr'>Βασιλειῶν</span> <span class='ocrx_word' id='word_1_379' title='bbox 1032 4970 1194 5028; x_wconf 87' lang='grc' dir='ltr'>φησιν</span> <span class='ocrx_word' id='word_1_380' title='bbox 1237 4948 1545 5012; x_wconf 88' lang='grc' dir='ltr'>Ἐλισσαῖος</span> <span class='ocrx_word' id='word_1_381' title='bbox 1587 4951 1723 5026; x_wconf 88' lang='grc' dir='ltr'>πρὸς</span> <span class='ocrx_word' id='word_1_382' title='bbox 1770 4956 1953 5022; x_wconf 84' lang='grc' dir='ltr'>Γιεζῆ,</span> 
     </span>
    </p>
   </div>
   <div class='ocr_carea' id='block_1_53' title="bbox 299 5034 1952 5115">
    <p class='ocr_par' dir='ltr' id='par_1_53' title="bbox 299 5034 1952 5115">
     <span class='ocr_line' id='line_1_54' title="bbox 299 5034 1952 5115; baseline 0.001 -21"><span class='ocrx_word' id='word_1_383' title='bbox 299 5060 328 5094; x_wconf 74' lang='grc' dir='ltr'>α</span> <span class='ocrx_word' id='word_1_384' title='bbox 359 5038 484 5093; x_wconf 84' lang='grc' dir='ltr'>Ἐὰν</span> <span class='ocrx_word' id='word_1_385' title='bbox 543 5036 702 5115; x_wconf 78' lang='grc' dir='ltr'>εὕρῃς</span> <span class='ocrx_word' id='word_1_386' title='bbox 745 5034 931 5114; x_wconf 74' lang='grc' dir='ltr'>ἄνδρα,</span> <span class='ocrx_word' id='word_1_387' title='bbox 983 5038 1082 5093; x_wconf 89' lang='grc' dir='ltr'>οὐκ</span> <span class='ocrx_word' id='word_1_388' title='bbox 1128 5036 1448 5115; x_wconf 88' lang='grc' dir='ltr'>εὐλογήσεις</span> <span class='ocrx_word' id='word_1_389' title='bbox 1497 5038 1679 5113; x_wconf 87' lang='grc' dir='ltr'>αὐτὸν,</span> <span class='ocrx_word' id='word_1_390' title='bbox 1728 5039 1817 5095; x_wconf 87' lang='grc' dir='ltr'>καὶ</span> <span class='ocrx_word' id='word_1_391' title='bbox 1865 5039 1952 5096; x_wconf 79' lang='grc' dir='ltr'>ἐὰν</span> 
     </span>
    </p>
   </div>
   <div class='ocr_carea' id='block_1_54' title="bbox 297 5126 1957 5205">
    <p class='ocr_par' dir='ltr' id='par_1_54' title="bbox 297 5126 1957 5205">
     <span class='ocr_line' id='line_1_55' title="bbox 297 5126 1957 5205; baseline 0.002 -22"><span class='ocrx_word' id='word_1_392' title='bbox 297 5126 579 5204; x_wconf 84' lang='grc' dir='ltr'>εὐλογήσῃ</span> <span class='ocrx_word' id='word_1_393' title='bbox 641 5148 699 5182; x_wconf 93' lang='grc' dir='ltr'>σε</span> <span class='ocrx_word' id='word_1_394' title='bbox 756 5127 917 5205; x_wconf 76' lang='grc' dir='ltr'>ἀνὴρ,</span> <span class='ocrx_word' id='word_1_395' title='bbox 965 5127 1065 5183; x_wconf 90' lang='grc' dir='ltr'>οὐκ</span> <span class='ocrx_word' id='word_1_396' title='bbox 1110 5127 1452 5205; x_wconf 84' lang='grc' dir='ltr'>άποκριθήσῃ</span> <span class='ocrx_word' id='word_1_397' title='bbox 1507 5128 1677 5201; x_wconf 79' lang='grc' dir='ltr'>αὐτῷ,</span> <span class='ocrx_word' id='word_1_398' title='bbox 1734 5153 1765 5183; x_wconf 83' lang='grc'>››</span> <span class='ocrx_word' id='word_1_399' title='bbox 1823 5130 1957 5187; x_wconf 76' lang='grc' dir='ltr'>ποτὶ</span> 
     </span>
    </p>
   </div>
   <div class='ocr_carea' id='block_1_55' title="bbox 301 5215 1955 5297">
    <p class='ocr_par' dir='ltr' id='par_1_55' title="bbox 301 5215 1955 5297">
     <span class='ocr_line' id='line_1_56' title="bbox 301 5215 1955 5297; baseline 0 -24"><span class='ocrx_word' id='word_1_400' title='bbox 301 5219 397 5293; x_wconf 73' lang='grc' dir='ltr'>μὲν</span> <span class='ocrx_word' id='word_1_401' title='bbox 434 5216 688 5291; x_wconf 88' lang='grc' dir='ltr'>σημαίνει</span> <span class='ocrx_word' id='word_1_402' title='bbox 719 5218 811 5273; x_wconf 86' lang='grc' dir='ltr'>τὸν</span> <span class='ocrx_word' id='word_1_403' title='bbox 844 5217 1012 5291; x_wconf 81' lang='grc' dir='ltr'>αἶνον,</span> <span class='ocrx_word' id='word_1_404' title='bbox 1046 5218 1179 5273; x_wconf 71' lang='grc' dir='ltr'>ποτε</span> <span class='ocrx_word' id='word_1_405' title='bbox 1208 5215 1267 5273; x_wconf 77' lang='grc' dir='ltr'>δὲ</span> <span class='ocrx_word' id='word_1_406' title='bbox 1294 5219 1393 5287; x_wconf 80' lang='grc' dir='ltr'>τήν</span> <span class='ocrx_word' id='word_1_407' title='bbox 1439 5217 1625 5294; x_wconf 85' lang='grc' dir='ltr'>χάριν,</span> <span class='ocrx_word' id='word_1_408' title='bbox 1656 5219 1755 5288; x_wconf 77' lang='grc' dir='ltr'>τὴν</span> <span class='ocrx_word' id='word_1_409' title='bbox 1807 5219 1955 5297; x_wconf 83' lang='grc' dir='ltr'>εὐερ-</span> 
     </span>
    </p>
   </div>
   <div class='ocr_carea' id='block_1_56' title="bbox 296 5305 1957 5385">
    <p class='ocr_par' dir='ltr' id='par_1_56' title="bbox 296 5305 1957 5385">
     <span class='ocr_line' id='line_1_57' title="bbox 296 5305 1957 5385; baseline 0.001 -23"><span class='ocrx_word' id='word_1_410' title='bbox 296 5306 505 5384; x_wconf 82' lang='grc' dir='ltr'>γεσίαν⁷</span> <span class='ocrx_word' id='word_1_411' title='bbox 565 5307 639 5368; x_wconf 88' lang='grc' dir='ltr'>ὡς</span> <span class='ocrx_word' id='word_1_412' title='bbox 713 5306 776 5360; x_wconf 89' lang='grc' dir='ltr'>τὸ</span> <span class='ocrx_word' id='word_1_413' title='bbox 837 5330 863 5359; x_wconf 78' lang='grc' dir='ltr'>ι(</span> <span class='ocrx_word' id='word_1_414' title='bbox 914 5306 1265 5385; x_wconf 86' lang='grc' dir='ltr'>Προέφθασας</span> <span class='ocrx_word' id='word_1_415' title='bbox 1334 5305 1490 5361; x_wconf 88' lang='grc' dir='ltr'>αὐτὸν</span> <span class='ocrx_word' id='word_1_416' title='bbox 1560 5305 1612 5361; x_wconf 84' lang='grc' dir='ltr'>ἐν</span> <span class='ocrx_word' id='word_1_417' title='bbox 1679 5306 1957 5383; x_wconf 88' lang='grc' dir='ltr'>εὐλογίαις</span> 
     </span>
    </p>
   </div>
   <div class='ocr_carea' id='block_1_57' title="bbox 300 5392 1953 5473">
    <p class='ocr_par' dir='ltr' id='par_1_57' title="bbox 300 5392 1953 5473">
     <span class='ocr_line' id='line_1_58' title="bbox 300 5392 1953 5473; baseline 0.001 -22"><span class='ocrx_word' id='word_1_418' title='bbox 300 5395 709 5473; x_wconf 80' lang='grc' dir='ltr'>χρηστότητος,</span> <span class='ocrx_word' id='word_1_419' title='bbox 764 5419 785 5446; x_wconf 76' lang='grc' dir='ltr'>ι</span> <span class='ocrx_word' id='word_1_420' title='bbox 833 5396 922 5450; x_wconf 80' lang='grc' dir='ltr'>καὶ</span> <span class='ocrx_word' id='word_1_421' title='bbox 982 5396 1081 5465; x_wconf 74' lang='grc' dir='ltr'>τὴν</span> <span class='ocrx_word' id='word_1_422' title='bbox 1154 5392 1440 5469; x_wconf 81' lang='grc' dir='ltr'>μετάδοσιν</span> <span class='ocrx_word' id='word_1_423' title='bbox 1505 5400 1603 5450; x_wconf 89' lang='grc' dir='ltr'>τοῦ</span> <span class='ocrx_word' id='word_1_424' title='bbox 1663 5396 1953 5472; x_wconf 85' lang='grc' dir='ltr'>ἀγιασμοῦ·</span> 
     </span>
    </p>
   </div>
   <div class='ocr_carea' id='block_1_58' title="bbox 301 5482 1959 5561">
    <p class='ocr_par' dir='ltr' id='par_1_58' title="bbox 301 5482 1959 5561">
     <span class='ocr_line' id='line_1_59' title="bbox 301 5482 1959 5561; baseline -0.001 -20"><span class='ocrx_word' id='word_1_425' title='bbox 301 5486 436 5541; x_wconf 82' lang='grc' dir='ltr'>ποτὲ</span> <span class='ocrx_word' id='word_1_426' title='bbox 494 5482 553 5539; x_wconf 73' lang='grc' dir='ltr'>δὲ</span> <span class='ocrx_word' id='word_1_427' title='bbox 600 5486 698 5554; x_wconf 78' lang='grc' dir='ltr'>τήν</span> <span class='ocrx_word' id='word_1_428' title='bbox 743 5486 929 5561; x_wconf 80' lang='grc' dir='ltr'>χάριν,</span> <span class='ocrx_word' id='word_1_429' title='bbox 970 5486 1044 5548; x_wconf 84' lang='grc' dir='ltr'>ὡς</span> <span class='ocrx_word' id='word_1_430' title='bbox 1092 5485 1178 5540; x_wconf 88' lang='grc' dir='ltr'>ἐπὶ</span> <span class='ocrx_word' id='word_1_431' title='bbox 1230 5490 1327 5540; x_wconf 89' lang='grc' dir='ltr'>τοῦ</span> <span class='ocrx_word' id='word_1_432' title='bbox 1377 5484 1664 5559; x_wconf 88' lang='grc' dir='ltr'>παρόντος·</span> <span class='ocrx_word' id='word_1_433' title='bbox 1735 5482 1843 5540; x_wconf 79' lang='grc' dir='ltr'>ἔστι</span> <span class='ocrx_word' id='word_1_434' title='bbox 1914 5484 1959 5541; x_wconf 87' lang='grc' dir='ltr'>δ’</span> 
     </span>
    </p>
   </div>
   <div class='ocr_carea' id='block_1_59' title="bbox 300 5572 1956 5651">
    <p class='ocr_par' dir='ltr' id='par_1_59' title="bbox 300 5572 1956 5651">
     <span class='ocr_line' id='line_1_60' title="bbox 300 5572 1956 5651; baseline 0 -22"><span class='ocrx_word' id='word_1_435' title='bbox 300 5572 392 5629; x_wconf 79' lang='grc' dir='ltr'>ὅτε</span> <span class='ocrx_word' id='word_1_436' title='bbox 446 5572 538 5629; x_wconf 87' lang='grc' dir='ltr'>καὶ</span> <span class='ocrx_word' id='word_1_437' title='bbox 586 5574 684 5643; x_wconf 75' lang='grc' dir='ltr'>τὴν</span> <span class='ocrx_word' id='word_1_438' title='bbox 731 5572 1105 5651; x_wconf 83' lang='grc' dir='ltr'>βλασφημίαν,</span> <span class='ocrx_word' id='word_1_439' title='bbox 1140 5573 1215 5635; x_wconf 84' lang='grc' dir='ltr'>ὡς</span> <span class='ocrx_word' id='word_1_440' title='bbox 1244 5572 1351 5627; x_wconf 81' lang='lat'>161</span> <span class='ocrx_word' id='word_1_441' title='bbox 1414 5572 1448 5641; x_wconf 65' lang='grc' dir='ltr'><strong>ἢ</strong></span> <span class='ocrx_word' id='word_1_442' title='bbox 1505 5573 1610 5645; x_wconf 75' lang='grc' dir='ltr'>μὴν</span> <span class='ocrx_word' id='word_1_443' title='bbox 1662 5573 1737 5636; x_wconf 78' lang='grc' dir='ltr'>εἷς</span> <span class='ocrx_word' id='word_1_444' title='bbox 1788 5574 1956 5649; x_wconf 87' lang='grc' dir='ltr'>πρόσ-</span> 
     </span>
    </p>
   </div>
   <div class='ocr_carea' id='block_1_60' title="bbox 298 5659 1958 5739">
    <p class='ocr_par' dir='ltr' id='par_1_60' title="bbox 298 5659 1958 5739">
     <span class='ocr_line' id='line_1_61' title="bbox 298 5659 1958 5739; baseline -0.001 -19"><span class='ocrx_word' id='word_1_445' title='bbox 298 5663 449 5721; x_wconf 88' lang='grc' dir='ltr'>ωπόν</span> <span class='ocrx_word' id='word_1_446' title='bbox 502 5684 560 5719; x_wconf 89' lang='grc' dir='ltr'>σε</span> <span class='ocrx_word' id='word_1_447' title='bbox 604 5661 915 5739; x_wconf 86' lang='grc' dir='ltr'>εὐλογήσει.</span> <span class='ocrx_word' id='word_1_448' title='bbox 950 5686 977 5715; x_wconf 87' lang='grc'>››</span> <span class='ocrx_word' id='word_1_449' title='bbox 1013 5663 1171 5735; x_wconf 83' lang='grc' dir='ltr'>Δῲης</span> <span class='ocrx_word' id='word_1_450' title='bbox 1216 5660 1273 5717; x_wconf 75' lang='grc' dir='ltr'>δὲ</span> <span class='ocrx_word' id='word_1_451' title='bbox 1316 5662 1433 5717; x_wconf 85' lang='grc' dir='ltr'>ἀντὶ</span> <span class='ocrx_word' id='word_1_452' title='bbox 1482 5666 1578 5716; x_wconf 89' lang='grc' dir='ltr'>τοῦ</span> <span class='ocrx_word' id='word_1_453' title='bbox 1628 5659 1819 5726; x_wconf 87' lang='grc' dir='ltr'>δώσεις</span> <span class='ocrx_word' id='word_1_454' title='bbox 1872 5663 1958 5719; x_wconf 86' lang='grc' dir='ltr'>εὐ-</span> 
     </span>
    </p>
   </div>
   <div class='ocr_carea' id='block_1_61' title="bbox 299 5748 1958 5828">
    <p class='ocr_par' dir='ltr' id='par_1_61' title="bbox 299 5748 1958 5828">
     <span class='ocr_line' id='line_1_62' title="bbox 299 5748 1958 5828; baseline 0 -17"><span class='ocrx_word' id='word_1_455' title='bbox 299 5753 486 5813; x_wconf 83' lang='grc' dir='ltr'>κτικὸν</span> <span class='ocrx_word' id='word_1_456' title='bbox 528 5751 648 5809; x_wconf 78' lang='grc' dir='ltr'>ἀντὶ</span> <span class='ocrx_word' id='word_1_457' title='bbox 698 5750 1023 5827; x_wconf 81' lang='grc' dir='ltr'>μέλλοντος.</span> <span class='ocrx_word' id='word_1_458' title='bbox 1080 5754 1231 5807; x_wconf 84' lang='grc' dir='ltr'>Ἔστι</span> <span class='ocrx_word' id='word_1_459' title='bbox 1285 5748 1344 5808; x_wconf 77' lang='grc' dir='ltr'>δὲ</span> <span class='ocrx_word' id='word_1_460' title='bbox 1392 5749 1483 5810; x_wconf 87' lang='grc' dir='ltr'>καὶ</span> <span class='ocrx_word' id='word_1_461' title='bbox 1532 5748 1719 5819; x_wconf 79' lang='grc' dir='ltr'>ἄλλως</span> <span class='ocrx_word' id='word_1_462' title='bbox 1765 5758 1958 5828; x_wconf 78' lang='grc' dir='ltr'>νοῆσαι</span> 
     </span>
    </p>
   </div>
   <div class='ocr_carea' id='block_1_62' title="bbox 585 5880 1297 5952">
    <p class='ocr_par' dir='ltr' id='par_1_62' title="bbox 585 5880 1297 5952">
     <span class='ocr_line' id='line_1_63' title="bbox 585 5880 1297 5952; baseline 0.007 -5"><span class='ocrx_word' id='word_1_463' title='bbox 585 5882 858 5950; x_wconf 66' lang='grc' dir='ltr'>Ριτεοι.</span> <span class='ocrx_word' id='word_1_464' title='bbox 906 5882 1019 5949; x_wconf 70' lang='lat' dir='ltr'>Gn.</span> <span class='ocrx_word' id='word_1_465' title='bbox 1064 5880 1297 5952; x_wconf 70' lang='lat' dir='ltr'>CXLII.</span> 
     </span>
    </p>
   </div>
   <div class='ocr_carea' id='block_1_63' title="bbox 2074 646 2251 690">
    <p class='ocr_par' dir='ltr' id='par_1_63' title="bbox 2074 646 2251 690">
     <span class='ocr_line' id='line_1_64' title="bbox 2074 646 2251 690; baseline -0.011 -9"><span class='ocrx_word' id='word_1_466' title='bbox 2074 646 2186 690; x_wconf 89' lang='grc' dir='ltr'>νος.</span> <span class='ocrx_word' id='word_1_467' title='bbox 2220 651 2251 679; x_wconf 85' lang='grc'><strong><em>››</em></strong></span> 
     </span>
    </p>
   </div>
   <div class='ocr_carea' id='block_1_64' title="bbox 2155 715 3734 799">
    <p class='ocr_par' dir='ltr' id='par_1_64' title="bbox 2155 715 3734 799">
     <span class='ocr_line' id='line_1_65' title="bbox 2155 715 3734 799; baseline 0.007 -28"><span class='ocrx_word' id='word_1_468' title='bbox 2155 737 2184 771; x_wconf 78' lang='grc' dir='ltr'>ε</span> <span class='ocrx_word' id='word_1_469' title='bbox 2214 715 2347 792; x_wconf 82' lang='grc' dir='ltr'>Περὶ</span> <span class='ocrx_word' id='word_1_470' title='bbox 2394 723 2497 787; x_wconf 83' lang='grc' dir='ltr'>τῆς</span> <span class='ocrx_word' id='word_1_471' title='bbox 2546 716 2825 795; x_wconf 87' lang='grc' dir='ltr'>εὐλογίας.</span> <span class='ocrx_word' id='word_1_472' title='bbox 2860 743 2888 773; x_wconf 79' lang='grc'>››</span> <span class='ocrx_word' id='word_1_473' title='bbox 2922 724 2984 776; x_wconf 88' lang='grc' dir='ltr'><strong><em>Ἦ</em></strong></span> <span class='ocrx_word' id='word_1_474' title='bbox 3031 718 3254 798; x_wconf 87' lang='grc' dir='ltr'>εὐλογία</span> <span class='ocrx_word' id='word_1_475' title='bbox 3291 723 3426 780; x_wconf 72' lang='grc' dir='ltr'>ποτὶ</span> <span class='ocrx_word' id='word_1_476' title='bbox 3474 724 3571 798; x_wconf 74' lang='grc' dir='ltr'>μὶν</span> <span class='ocrx_word' id='word_1_477' title='bbox 3630 746 3734 799; x_wconf 88' lang='grc' dir='ltr'>ση-</span> 
     </span>
    </p>
   </div>
   <div class='ocr_carea' id='block_1_65' title="bbox 2079 804 3733 890">
    <p class='ocr_par' dir='ltr' id='par_1_65' title="bbox 2079 804 3733 890">
     <span class='ocr_line' id='line_1_66' title="bbox 2079 804 3733 890; baseline 0.008 -32"><span class='ocrx_word' id='word_1_478' title='bbox 2079 804 2256 879; x_wconf 85' lang='grc' dir='ltr'>μαίνει</span> <span class='ocrx_word' id='word_1_479' title='bbox 2304 806 2404 875; x_wconf 82' lang='grc' dir='ltr'>τήν</span> <span class='ocrx_word' id='word_1_480' title='bbox 2455 806 2750 885; x_wconf 84' lang='grc' dir='ltr'>εὐφημίαν,</span> <span class='ocrx_word' id='word_1_481' title='bbox 2781 809 2859 872; x_wconf 86' lang='grc' dir='ltr'>ὡς</span> <span class='ocrx_word' id='word_1_482' title='bbox 2902 810 2989 878; x_wconf 85' lang='grc' dir='ltr'>τὸ,</span> <span class='ocrx_word' id='word_1_483' title='bbox 3020 834 3050 864; x_wconf 88' lang='grc'>‹‹</span> <span class='ocrx_word' id='word_1_484' title='bbox 3090 808 3322 888; x_wconf 83' lang='grc' dir='ltr'>Εὐλόγει</span> <span class='ocrx_word' id='word_1_485' title='bbox 3348 814 3386 884; x_wconf 78' lang='grc' dir='ltr'><strong>ἡ</strong></span> <span class='ocrx_word' id='word_1_486' title='bbox 3417 815 3571 890; x_wconf 77' lang='grc' dir='ltr'>ψυχή</span> <span class='ocrx_word' id='word_1_487' title='bbox 3625 836 3733 889; x_wconf 81' lang='grc' dir='ltr'>μου</span> 
     </span>
    </p>
   </div>
   <div class='ocr_carea' id='block_1_66' title="bbox 2073 893 3730 985">
    <p class='ocr_par' dir='ltr' id='par_1_66' title="bbox 2073 893 3730 985">
     <span class='ocr_line' id='line_1_67' title="bbox 2073 893 3730 985; baseline 0.007 -36"><span class='ocrx_word' id='word_1_488' title='bbox 2073 893 2166 950; x_wconf 82' lang='grc' dir='ltr'>τὸν</span> <span class='ocrx_word' id='word_1_489' title='bbox 2197 893 2416 985; x_wconf 82' lang='grc' dir='ltr'>Κύριον·</span> <span class='ocrx_word' id='word_1_490' title='bbox 2453 919 2482 949; x_wconf 90' lang='grc'>››</span> <span class='ocrx_word' id='word_1_491' title='bbox 2510 899 2645 953; x_wconf 78' lang='grc' dir='ltr'>ποτὲ</span> <span class='ocrx_word' id='word_1_492' title='bbox 2668 895 2727 955; x_wconf 76' lang='grc' dir='ltr'>δὲ</span> <span class='ocrx_word' id='word_1_493' title='bbox 2754 898 2854 968; x_wconf 73' lang='grc' dir='ltr'>τὴν</span> <span class='ocrx_word' id='word_1_494' title='bbox 2894 899 3082 976; x_wconf 74' lang='grc' dir='ltr'>χάριν,</span> <span class='ocrx_word' id='word_1_495' title='bbox 3114 900 3189 965; x_wconf 81' lang='grc' dir='ltr'>ὡς</span> <span class='ocrx_word' id='word_1_496' title='bbox 3235 901 3321 976; x_wconf 87' lang='grc' dir='ltr'>τὸ,</span> <span class='ocrx_word' id='word_1_497' title='bbox 3372 925 3403 956; x_wconf 89' lang='grc'>‹‹</span> <span class='ocrx_word' id='word_1_498' title='bbox 3450 902 3730 985; x_wconf 62' lang='lat'>&quot;9069001-</span> 
     </span>
    </p>
   </div>
   <div class='ocr_carea' id='block_1_67' title="bbox 2072 983 3729 1065">
    <p class='ocr_par' dir='ltr' id='par_1_67' title="bbox 2072 983 3729 1065">
     <span class='ocr_line' id='line_1_68' title="bbox 2072 983 3729 1065; baseline 0.007 -27"><span class='ocrx_word' id='word_1_499' title='bbox 2072 1004 2169 1046; x_wconf 92' lang='grc' dir='ltr'>σας</span> <span class='ocrx_word' id='word_1_500' title='bbox 2218 983 2378 1039; x_wconf 90' lang='grc' dir='ltr'>αὐτὸν</span> <span class='ocrx_word' id='word_1_501' title='bbox 2430 985 2483 1041; x_wconf 89' lang='grc' dir='ltr'>ἐν</span> <span class='ocrx_word' id='word_1_502' title='bbox 2534 985 2810 1064; x_wconf 87' lang='grc' dir='ltr'>εὐλογίαις</span> <span class='ocrx_word' id='word_1_503' title='bbox 2859 987 3259 1065; x_wconf 85' lang='grc' dir='ltr'>χρηστότητος·</span> <span class='ocrx_word' id='word_1_504' title='bbox 3308 1013 3338 1044; x_wconf 80' lang='grc'><strong>››</strong></span> <span class='ocrx_word' id='word_1_505' title='bbox 3386 986 3468 1047; x_wconf 74' lang='grc' dir='ltr'>ἔτι</span> <span class='ocrx_word' id='word_1_506' title='bbox 3517 989 3577 1047; x_wconf 60' lang='grc' dir='ltr'>δε</span> <span class='ocrx_word' id='word_1_507' title='bbox 3609 983 3729 1051; x_wconf 62' lang='grc' dir='ltr'>καὶ</span> 
     </span>
    </p>
   </div>
   <div class='ocr_carea' id='block_1_68' title="bbox 2068 1071 3725 1155">
    <p class='ocr_par' dir='ltr' id='par_1_68' title="bbox 2068 1071 3725 1155">
     <span class='ocr_line' id='line_1_69' title="bbox 2068 1071 3725 1155; baseline 0.005 -26"><span class='ocrx_word' id='word_1_508' title='bbox 2068 1074 2170 1143; x_wconf 74' lang='grc' dir='ltr'>τὴν</span> <span class='ocrx_word' id='word_1_509' title='bbox 2223 1071 2507 1148; x_wconf 83' lang='grc' dir='ltr'>μετάδοσιν</span> <span class='ocrx_word' id='word_1_510' title='bbox 2552 1080 2651 1131; x_wconf 91' lang='grc' dir='ltr'>τοῦ</span> <span class='ocrx_word' id='word_1_511' title='bbox 2705 1077 2995 1155; x_wconf 82' lang='grc' dir='ltr'>ἁγιασμοῦ,</span> <span class='ocrx_word' id='word_1_512' title='bbox 3027 1077 3104 1142; x_wconf 85' lang='grc' dir='ltr'>ὡς</span> <span class='ocrx_word' id='word_1_513' title='bbox 3154 1077 3242 1135; x_wconf 79' lang='grc' dir='ltr'>ἐπὶ</span> <span class='ocrx_word' id='word_1_514' title='bbox 3288 1083 3388 1136; x_wconf 90' lang='grc' dir='ltr'>τοῦ</span> <span class='ocrx_word' id='word_1_515' title='bbox 3433 1079 3725 1154; x_wconf 80' lang='grc' dir='ltr'>παρόντος·</span> 
     </span>
    </p>
   </div>
   <div class='ocr_carea' id='block_1_69' title="bbox 2072 1158 3724 1246">
    <p class='ocr_par' dir='ltr' id='par_1_69' title="bbox 2072 1158 3724 1246">
     <span class='ocr_line' id='line_1_70' title="bbox 2072 1158 3724 1246; baseline 0.005 -29"><span class='ocrx_word' id='word_1_516' title='bbox 2072 1158 2182 1218; x_wconf 81' lang='grc' dir='ltr'>ἔστι</span> <span class='ocrx_word' id='word_1_517' title='bbox 2250 1159 2297 1218; x_wconf 86' lang='grc' dir='ltr'>δ’</span> <span class='ocrx_word' id='word_1_518' title='bbox 2344 1162 2435 1219; x_wconf 72' lang='grc' dir='ltr'>ὅτε</span> <span class='ocrx_word' id='word_1_519' title='bbox 2496 1163 2586 1221; x_wconf 84' lang='grc' dir='ltr'>καὶ</span> <span class='ocrx_word' id='word_1_520' title='bbox 2653 1165 2757 1236; x_wconf 77' lang='grc' dir='ltr'>τήν</span> <span class='ocrx_word' id='word_1_521' title='bbox 2830 1163 3207 1246; x_wconf 82' lang='grc' dir='ltr'>βλασφημίαν·</span> <span class='ocrx_word' id='word_1_522' title='bbox 3258 1167 3358 1243; x_wconf 80' lang='grc' dir='ltr'>ὡς,</span> <span class='ocrx_word' id='word_1_523' title='bbox 3409 1191 3441 1223; x_wconf 76' lang='grc' dir='ltr'>α</span> <span class='ocrx_word' id='word_1_524' title='bbox 3481 1169 3555 1227; x_wconf 81' lang='grc' dir='ltr'><strong>Ἠ</strong></span> <span class='ocrx_word' id='word_1_525' title='bbox 3613 1170 3724 1245; x_wconf 67' lang='grc' dir='ltr'>μὴν</span> 
     </span>
    </p>
   </div>
   <div class='ocr_carea' id='block_1_70' title="bbox 2071 1251 3722 1332">
    <p class='ocr_par' dir='ltr' id='par_1_70' title="bbox 2071 1251 3722 1332">
     <span class='ocr_line' id='line_1_71' title="bbox 2071 1251 3722 1332; baseline 0.006 -25"><span class='ocrx_word' id='word_1_526' title='bbox 2071 1251 2147 1314; x_wconf 76' lang='grc' dir='ltr'>εἷς</span> <span class='ocrx_word' id='word_1_527' title='bbox 2214 1251 2508 1329; x_wconf 90' lang='grc' dir='ltr'>πρόσωπόν</span> <span class='ocrx_word' id='word_1_528' title='bbox 2572 1274 2630 1310; x_wconf 89' lang='grc' dir='ltr'>σε</span> <span class='ocrx_word' id='word_1_529' title='bbox 2696 1252 3004 1331; x_wconf 84' lang='grc' dir='ltr'>εὐλογήσει.</span> <span class='ocrx_word' id='word_1_530' title='bbox 3071 1279 3101 1310; x_wconf 79' lang='grc'>››</span> <span class='ocrx_word' id='word_1_531' title='bbox 3147 1255 3252 1316; x_wconf 84' lang='grc' dir='ltr'>Καὶ</span> <span class='ocrx_word' id='word_1_532' title='bbox 3303 1258 3413 1332; x_wconf 69' lang='grc' dir='ltr'>μὴν</span> <span class='ocrx_word' id='word_1_533' title='bbox 3474 1256 3565 1316; x_wconf 79' lang='grc' dir='ltr'>καί</span> <span class='ocrx_word' id='word_1_534' title='bbox 3620 1261 3722 1330; x_wconf 68' lang='grc' dir='ltr'>τὴν</span> 
     </span>
    </p>
   </div>
   <div class='ocr_carea' id='block_1_71' title="bbox 2066 1341 3727 1427">
    <p class='ocr_par' dir='ltr' id='par_1_71' title="bbox 2066 1341 3727 1427">
     <span class='ocr_line' id='line_1_72' title="bbox 2066 1341 3727 1427; baseline 0.007 -32"><span class='ocrx_word' id='word_1_535' title='bbox 2066 1341 2515 1418; x_wconf 87' lang='grc' dir='ltr'>προσαγόρευσιν,</span> <span class='ocrx_word' id='word_1_536' title='bbox 2564 1343 2640 1406; x_wconf 83' lang='grc' dir='ltr'>ὡς</span> <span class='ocrx_word' id='word_1_537' title='bbox 2686 1341 2740 1398; x_wconf 86' lang='grc' dir='ltr'>ἐν</span> <span class='ocrx_word' id='word_1_538' title='bbox 2786 1348 2858 1420; x_wconf 77' lang='grc' dir='ltr'>τῇ</span> <span class='ocrx_word' id='word_1_539' title='bbox 2915 1342 2962 1400; x_wconf 87' lang='grc' dir='ltr'>δ’</span> <span class='ocrx_word' id='word_1_540' title='bbox 3018 1348 3128 1401; x_wconf 86' lang='grc' dir='ltr'>τῶν</span> <span class='ocrx_word' id='word_1_541' title='bbox 3194 1344 3498 1417; x_wconf 87' lang='grc' dir='ltr'>Βασιλειῶν</span> <span class='ocrx_word' id='word_1_542' title='bbox 3562 1369 3727 1427; x_wconf 83' lang='grc' dir='ltr'>φησιν</span> 
     </span>
    </p>
   </div>
   <div class='ocr_carea' id='block_1_72' title="bbox 2069 1428 3722 1512">
    <p class='ocr_par' dir='ltr' id='par_1_72' title="bbox 2069 1428 3722 1512">
     <span class='ocr_line' id='line_1_73' title="bbox 2069 1428 3722 1512; baseline 0.005 -26"><span class='ocrx_word' id='word_1_543' title='bbox 2069 1429 2381 1494; x_wconf 87' lang='grc' dir='ltr'>Ἐλισσαῖος</span> <span class='ocrx_word' id='word_1_544' title='bbox 2422 1432 2558 1509; x_wconf 89' lang='grc' dir='ltr'>πρὸς</span> <span class='ocrx_word' id='word_1_545' title='bbox 2606 1438 2786 1503; x_wconf 83' lang='grc' dir='ltr'>Γιεζῆ·</span> <span class='ocrx_word' id='word_1_546' title='bbox 2820 1457 2850 1485; x_wconf 91' lang='grc'>‹‹</span> <span class='ocrx_word' id='word_1_547' title='bbox 2884 1433 3006 1490; x_wconf 80' lang='grc' dir='ltr'>Ἐὰν</span> <span class='ocrx_word' id='word_1_548' title='bbox 3055 1433 3215 1512; x_wconf 79' lang='grc' dir='ltr'>εὕρῃς</span> <span class='ocrx_word' id='word_1_549' title='bbox 3262 1433 3451 1511; x_wconf 76' lang='grc' dir='ltr'>ἄνδρα,</span> <span class='ocrx_word' id='word_1_550' title='bbox 3483 1436 3585 1495; x_wconf 84' lang='grc' dir='ltr'>οὐκ</span> <span class='ocrx_word' id='word_1_551' title='bbox 3622 1428 3722 1494; x_wconf 49' lang='grc' dir='ltr'>ἐὐ-</span> 
     </span>
    </p>
   </div>
   <div class='ocr_carea' id='block_1_73' title="bbox 2069 1518 3726 1604">
    <p class='ocr_par' dir='ltr' id='par_1_73' title="bbox 2069 1518 3726 1604">
     <span class='ocr_line' id='line_1_74' title="bbox 2069 1518 3726 1604; baseline 0.005 -29"><span class='ocrx_word' id='word_1_552' title='bbox 2069 1518 2329 1596; x_wconf 89' lang='grc' dir='ltr'>λογήσεις</span> <span class='ocrx_word' id='word_1_553' title='bbox 2388 1520 2571 1581; x_wconf 89' lang='grc' dir='ltr'>αὐτόν.</span> <span class='ocrx_word' id='word_1_554' title='bbox 2638 1521 2742 1581; x_wconf 85' lang='grc' dir='ltr'>Καὶ</span> <span class='ocrx_word' id='word_1_555' title='bbox 2808 1521 2896 1579; x_wconf 82' lang='grc' dir='ltr'>ἐὰν</span> <span class='ocrx_word' id='word_1_556' title='bbox 2955 1521 3228 1601; x_wconf 86' lang='grc' dir='ltr'>εὐλογήσῃ</span> <span class='ocrx_word' id='word_1_557' title='bbox 3291 1545 3351 1583; x_wconf 87' lang='grc' dir='ltr'>σε</span> <span class='ocrx_word' id='word_1_558' title='bbox 3409 1524 3572 1604; x_wconf 78' lang='grc' dir='ltr'>ἀνὴρ,</span> <span class='ocrx_word' id='word_1_559' title='bbox 3624 1526 3726 1585; x_wconf 88' lang='grc' dir='ltr'>οὐκ</span> 
     </span>
    </p>
   </div>
   <div class='ocr_carea' id='block_1_74' title="bbox 2065 1607 2666 1686">
    <p class='ocr_par' dir='ltr' id='par_1_74' title="bbox 2065 1607 2666 1686">
     <span class='ocr_line' id='line_1_75' title="bbox 2065 1607 2666 1686; baseline 0.002 -22"><span class='ocrx_word' id='word_1_560' title='bbox 2065 1607 2410 1686; x_wconf 79' lang='grc' dir='ltr'>ἀποκριθήσῃ</span> <span class='ocrx_word' id='word_1_561' title='bbox 2438 1610 2604 1685; x_wconf 81' lang='grc' dir='ltr'>αὐτῷ.</span> <span class='ocrx_word' id='word_1_562' title='bbox 2636 1635 2666 1665; x_wconf 89' lang='grc'><strong>››</strong></span> 
     </span>
    </p>
   </div>
   <div class='ocr_carea' id='block_1_75' title="bbox 2138 1697 3723 1782">
    <p class='ocr_par' dir='ltr' id='par_1_75' title="bbox 2138 1697 3723 1782">
     <span class='ocr_line' id='line_1_76' title="bbox 2138 1697 3723 1782; baseline 0.007 -30"><span class='ocrx_word' id='word_1_563' title='bbox 2138 1723 2168 1752; x_wconf 88' lang='grc'>‹‹</span> <span class='ocrx_word' id='word_1_564' title='bbox 2202 1697 2503 1779; x_wconf 88' lang='grc' dir='ltr'>Εὐφρανεῖς</span> <span class='ocrx_word' id='word_1_565' title='bbox 2572 1700 2731 1757; x_wconf 86' lang='grc' dir='ltr'>αὐτὸν</span> <span class='ocrx_word' id='word_1_566' title='bbox 2784 1699 2837 1757; x_wconf 83' lang='grc' dir='ltr'>ἐν</span> <span class='ocrx_word' id='word_1_567' title='bbox 2884 1706 3032 1780; x_wconf 85' lang='grc' dir='ltr'>χαρᾷ</span> <span class='ocrx_word' id='word_1_568' title='bbox 3081 1703 3218 1779; x_wconf 84' lang='grc' dir='ltr'>μετὰ</span> <span class='ocrx_word' id='word_1_569' title='bbox 3258 1705 3359 1759; x_wconf 89' lang='grc' dir='ltr'>τοῦ</span> <span class='ocrx_word' id='word_1_570' title='bbox 3421 1705 3723 1782; x_wconf 84' lang='grc' dir='ltr'>προσώπου</span> 
     </span>
    </p>
   </div>
   <div class='ocr_carea' id='block_1_76' title="bbox 2067 1788 3722 1872">
    <p class='ocr_par' dir='ltr' id='par_1_76' title="bbox 2067 1788 3722 1872">
     <span class='ocr_line' id='line_1_77' title="bbox 2067 1788 3722 1872; baseline 0.006 -30"><span class='ocrx_word' id='word_1_571' title='bbox 2067 1809 2184 1846; x_wconf 89' lang='grc' dir='ltr'>σου.</span> <span class='ocrx_word' id='word_1_572' title='bbox 2218 1812 2249 1841; x_wconf 84' lang='grc'><strong>››</strong></span> <span class='ocrx_word' id='word_1_573' title='bbox 2278 1821 2349 1831; x_wconf 93' lang='grc'><strong><em>-</em></strong></span> <span class='ocrx_word' id='word_1_574' title='bbox 2379 1789 2435 1843; x_wconf 81' lang='lat'>&#39;0</span> <span class='ocrx_word' id='word_1_575' title='bbox 2469 1788 2779 1867; x_wconf 88' lang='grc' dir='ltr'>Σύμμαχος</span> <span class='ocrx_word' id='word_1_576' title='bbox 2808 1793 3146 1868; x_wconf 77' lang='grc' dir='ltr'>ἡρμήνευσεν</span> <span class='ocrx_word' id='word_1_577' title='bbox 3181 1817 3202 1845; x_wconf 79' lang='grc' dir='ltr'>ι</span> <span class='ocrx_word' id='word_1_578' title='bbox 3252 1792 3360 1849; x_wconf 84' lang='grc' dir='ltr'>ἀπὸ</span> <span class='ocrx_word' id='word_1_579' title='bbox 3405 1791 3503 1849; x_wconf 88' lang='grc' dir='ltr'>τοῦ</span> <span class='ocrx_word' id='word_1_580' title='bbox 3548 1815 3722 1872; x_wconf 87' lang='grc' dir='ltr'>προσ-</span> 
     </span>
    </p>
   </div>
   <div class='ocr_carea' id='block_1_77' title="bbox 2066 1876 3724 1953">
    <p class='ocr_par' dir='ltr' id='par_1_77' title="bbox 2066 1876 3724 1953">
     <span class='ocr_line' id='line_1_78' title="bbox 2066 1876 3724 1953; baseline 0.005 -22"><span class='ocrx_word' id='word_1_581' title='bbox 2066 1878 2219 1932; x_wconf 87' lang='grc' dir='ltr'>ώπου</span> <span class='ocrx_word' id='word_1_582' title='bbox 2275 1898 2393 1947; x_wconf 91' lang='grc' dir='ltr'>σου,</span> <span class='ocrx_word' id='word_1_583' title='bbox 2423 1876 2724 1933; x_wconf 78' lang='grc' dir='ltr'>»τουτέστι</span> <span class='ocrx_word' id='word_1_584' title='bbox 2777 1876 2867 1934; x_wconf 79' lang='grc' dir='ltr'>διὰ</span> <span class='ocrx_word' id='word_1_585' title='bbox 2915 1886 3017 1951; x_wconf 85' lang='grc' dir='ltr'>τῆς</span> <span class='ocrx_word' id='word_1_586' title='bbox 3076 1885 3176 1951; x_wconf 80' lang='grc' dir='ltr'>σῆς</span> <span class='ocrx_word' id='word_1_587' title='bbox 3236 1878 3562 1953; x_wconf 83' lang='grc' dir='ltr'>ἐπισκοπῆς·</span> <span class='ocrx_word' id='word_1_588' title='bbox 3606 1880 3724 1940; x_wconf 72' lang='grc' dir='ltr'>ἐπι-</span> 
     </span>
    </p>
   </div>
   <div class='ocr_carea' id='block_1_78' title="bbox 2069 1961 3523 2046">
    <p class='ocr_par' dir='ltr' id='par_1_78' title="bbox 2069 1961 3523 2046">
     <span class='ocr_line' id='line_1_79' title="bbox 2069 1961 3523 2046; baseline 0.004 -25"><span class='ocrx_word' id='word_1_589' title='bbox 2069 1961 2294 2042; x_wconf 81' lang='grc' dir='ltr'>ϐλέψεις</span> <span class='ocrx_word' id='word_1_590' title='bbox 2324 1966 2429 2045; x_wconf 84' lang='grc' dir='ltr'>γὰρ</span> <span class='ocrx_word' id='word_1_591' title='bbox 2461 1965 2544 2022; x_wconf 84' lang='grc' dir='ltr'>ἐπ’</span> <span class='ocrx_word' id='word_1_592' title='bbox 2574 1967 2757 2042; x_wconf 84' lang='grc' dir='ltr'>αὐτὸν,</span> <span class='ocrx_word' id='word_1_593' title='bbox 2784 1967 2874 2023; x_wconf 74' lang='grc' dir='ltr'>καὶ</span> <span class='ocrx_word' id='word_1_594' title='bbox 2906 1972 3083 2046; x_wconf 79' lang='grc' dir='ltr'>χαρᾶς</span> <span class='ocrx_word' id='word_1_595' title='bbox 3120 1967 3523 2042; x_wconf 89' lang='grc' dir='ltr'>πλησθήσεται.</span> 
     </span>
    </p>
   </div>
   <div class='ocr_carea' id='block_1_79' title="bbox 2136 2073 3723 2154">
    <p class='ocr_par' dir='ltr' id='par_1_79' title="bbox 2136 2073 3723 2154">
     <span class='ocr_line' id='line_1_80' title="bbox 2136 2073 3723 2154; baseline 0.006 -27"><span class='ocrx_word' id='word_1_596' title='bbox 2136 2098 2166 2127; x_wconf 79' lang='grc' dir='ltr'>ι(</span> <span class='ocrx_word' id='word_1_597' title='bbox 2199 2076 2317 2131; x_wconf 82' lang='grc' dir='ltr'>Ὅτι</span> <span class='ocrx_word' id='word_1_598' title='bbox 2368 2074 2397 2129; x_wconf 88' lang='lat'>6</span> <span class='ocrx_word' id='word_1_599' title='bbox 2450 2073 2706 2151; x_wconf 80' lang='grc' dir='ltr'>βασιλεὺς</span> <span class='ocrx_word' id='word_1_600' title='bbox 2762 2074 2972 2146; x_wconf 80' lang='grc' dir='ltr'>ἐλπίζει</span> <span class='ocrx_word' id='word_1_601' title='bbox 3021 2075 3112 2133; x_wconf 85' lang='grc' dir='ltr'>ἐπὶ</span> <span class='ocrx_word' id='word_1_602' title='bbox 3148 2075 3349 2153; x_wconf 79' lang='grc' dir='ltr'>Κύριον</span> <span class='ocrx_word' id='word_1_603' title='bbox 3410 2077 3502 2134; x_wconf 84' lang='grc' dir='ltr'>καὶ</span> <span class='ocrx_word' id='word_1_604' title='bbox 3550 2077 3604 2135; x_wconf 78' lang='grc' dir='ltr'>ἐν</span> <span class='ocrx_word' id='word_1_605' title='bbox 3641 2084 3723 2154; x_wconf 79' lang='grc' dir='ltr'>τῷ</span> 
     </span>
    </p>
   </div>
   <div class='ocr_carea' id='block_1_80' title="bbox 2068 2160 3720 2242">
    <p class='ocr_par' dir='ltr' id='par_1_80' title="bbox 2068 2160 3720 2242">
     <span class='ocr_line' id='line_1_81' title="bbox 2068 2160 3720 2242; baseline 0.004 -23"><span class='ocrx_word' id='word_1_606' title='bbox 2068 2160 2208 2219; x_wconf 88' lang='grc' dir='ltr'>ἐλέει</span> <span class='ocrx_word' id='word_1_607' title='bbox 2280 2166 2378 2218; x_wconf 91' lang='grc' dir='ltr'>τοῦ</span> <span class='ocrx_word' id='word_1_608' title='bbox 2431 2163 2683 2239; x_wconf 82' lang='grc' dir='ltr'>Ὑψίστου</span> <span class='ocrx_word' id='word_1_609' title='bbox 2737 2163 2799 2220; x_wconf 91' lang='grc' dir='ltr'>οὐ</span> <span class='ocrx_word' id='word_1_610' title='bbox 2861 2165 2937 2241; x_wconf 82' lang='grc' dir='ltr'>μή</span> <span class='ocrx_word' id='word_1_611' title='bbox 2971 2164 3233 2242; x_wconf 78' lang='grc' dir='ltr'>σαλευθῇ.</span> <span class='ocrx_word' id='word_1_612' title='bbox 3264 2190 3297 2220; x_wconf 86' lang='grc'><strong>››</strong></span> <span class='ocrx_word' id='word_1_613' title='bbox 3344 2199 3415 2210; x_wconf 94' lang='grc'><strong><em>-</em></strong></span> <span class='ocrx_word' id='word_1_614' title='bbox 3462 2166 3581 2227; x_wconf 79' lang='grc' dir='ltr'>Οὐκ</span> <span class='ocrx_word' id='word_1_615' title='bbox 3630 2167 3720 2227; x_wconf 79' lang='grc' dir='ltr'>ἐπὶ</span> 
     </span>
    </p>
   </div>
   <div class='ocr_carea' id='block_1_81' title="bbox 2064 2251 3699 2330">
    <p class='ocr_par' dir='ltr' id='par_1_81' title="bbox 2064 2251 3699 2330">
     <span class='ocr_line' id='line_1_82' title="bbox 2064 2251 3699 2330; baseline 0.005 -21"><span class='ocrx_word' id='word_1_616' title='bbox 2064 2252 2480 2330; x_wconf 87' lang='grc' dir='ltr'>στρατεύμασιν,</span> <span class='ocrx_word' id='word_1_617' title='bbox 2550 2251 2665 2309; x_wconf 86' lang='grc' dir='ltr'>οὐδ’</span> <span class='ocrx_word' id='word_1_618' title='bbox 2728 2252 2819 2310; x_wconf 79' lang='grc' dir='ltr'>ἐπὶ</span> <span class='ocrx_word' id='word_1_619' title='bbox 2886 2252 3114 2330; x_wconf 84' lang='grc' dir='ltr'>πλούτῳ</span> <span class='ocrx_word' id='word_1_620' title='bbox 3194 2254 3448 2314; x_wconf 79' lang='grc' dir='ltr'>πέποιθεν</span> <span class='ocrx_word' id='word_1_621' title='bbox 3503 2254 3541 2328; x_wconf 69' lang='grc' dir='ltr'><strong>ἤ</strong></span> <span class='ocrx_word' id='word_1_622' title='bbox 3607 2277 3699 2319; x_wconf 85' lang='grc' dir='ltr'>τισ</span> 
     </span>
    </p>
   </div>
   <div class='ocr_carea' id='block_1_82' title="bbox 2066 2338 3717 2422">
    <p class='ocr_par' dir='ltr' id='par_1_82' title="bbox 2066 2338 3717 2422">
     <span class='ocr_line' id='line_1_83' title="bbox 2066 2338 3717 2422; baseline 0.004 -25"><span class='ocrx_word' id='word_1_623' title='bbox 2066 2341 2363 2416; x_wconf 88' lang='grc' dir='ltr'>τοιούτοις,</span> <span class='ocrx_word' id='word_1_624' title='bbox 2394 2340 2524 2398; x_wconf 83' lang='grc' dir='ltr'>ἀλλ’</span> <span class='ocrx_word' id='word_1_625' title='bbox 2554 2341 2644 2399; x_wconf 76' lang='grc' dir='ltr'>ἐπὶ</span> <span class='ocrx_word' id='word_1_626' title='bbox 2701 2338 2856 2419; x_wconf 84' lang='grc' dir='ltr'>μόνῳ</span> <span class='ocrx_word' id='word_1_627' title='bbox 2884 2342 2965 2418; x_wconf 78' lang='grc' dir='ltr'>τῷ</span> <span class='ocrx_word' id='word_1_628' title='bbox 2998 2345 3289 2422; x_wconf 82' lang='grc' dir='ltr'>βοηθοῦντι</span> <span class='ocrx_word' id='word_1_629' title='bbox 3337 2349 3473 2422; x_wconf 78' lang='grc' dir='ltr'>Θεῷ·</span> <span class='ocrx_word' id='word_1_630' title='bbox 3523 2343 3611 2403; x_wconf 81' lang='grc' dir='ltr'>διὸ</span> <span class='ocrx_word' id='word_1_631' title='bbox 3650 2347 3717 2415; x_wconf 84' lang='grc' dir='ltr'>οὐ</span> 
     </span>
    </p>
   </div>
   <div class='ocr_carea' id='block_1_83' title="bbox 2058 2433 2537 2509">
    <p class='ocr_par' dir='ltr' id='par_1_83' title="bbox 2058 2433 2537 2509">
     <span class='ocr_line' id='line_1_84' title="bbox 2058 2433 2537 2509; baseline 0 -20"><span class='ocrx_word' id='word_1_632' title='bbox 2058 2433 2362 2509; x_wconf 82' lang='grc' dir='ltr'>περιτραπή</span> <span class='ocrx_word' id='word_1_633' title='bbox 2371 2452 2537 2489; x_wconf 89' lang='grc' dir='ltr'>σεται.</span> 
     </span>
    </p>
   </div>
   <div class='ocr_carea' id='block_1_84' title="bbox 2132 2519 3720 2602">
    <p class='ocr_par' dir='ltr' id='par_1_84' title="bbox 2132 2519 3720 2602">
     <span class='ocr_line' id='line_1_85' title="bbox 2132 2519 3720 2602; baseline 0.007 -28"><span class='ocrx_word' id='word_1_634' title='bbox 2132 2544 2161 2574; x_wconf 88' lang='grc'>‹‹</span> <span class='ocrx_word' id='word_1_635' title='bbox 2194 2519 2453 2597; x_wconf 85' lang='grc' dir='ltr'>Εὐρεθείη</span> <span class='ocrx_word' id='word_1_636' title='bbox 2485 2523 2521 2592; x_wconf 73' lang='grc' dir='ltr'>ἡ</span> <span class='ocrx_word' id='word_1_637' title='bbox 2554 2521 2679 2599; x_wconf 75' lang='grc' dir='ltr'>χείρ</span> <span class='ocrx_word' id='word_1_638' title='bbox 2711 2543 2807 2579; x_wconf 90' lang='grc' dir='ltr'>σου</span> <span class='ocrx_word' id='word_1_639' title='bbox 2837 2526 2968 2579; x_wconf 68' lang='grc' dir='ltr'>πᾶσι</span> <span class='ocrx_word' id='word_1_640' title='bbox 3004 2527 3122 2588; x_wconf 88' lang='grc' dir='ltr'>τοῖς</span> <span class='ocrx_word' id='word_1_641' title='bbox 3170 2523 3393 2602; x_wconf 82' lang='grc' dir='ltr'>ἐχθροῖς</span> <span class='ocrx_word' id='word_1_642' title='bbox 3436 2545 3556 2584; x_wconf 88' lang='grc' dir='ltr'>σου.</span> <span class='ocrx_word' id='word_1_643' title='bbox 3586 2548 3618 2583; x_wconf 72' lang='grc' dir='ltr'>ι)</span> <span class='ocrx_word' id='word_1_644' title='bbox 3647 2557 3720 2585; x_wconf 70' lang='lat'>--,-</span> 
     </span>
    </p>
   </div>
   <div class='ocr_carea' id='block_1_85' title="bbox 2058 2607 3721 2691">
    <p class='ocr_par' dir='ltr' id='par_1_85' title="bbox 2058 2607 3721 2691">
     <span class='ocr_line' id='line_1_86' title="bbox 2058 2607 3721 2691; baseline 0.004 -25"><span class='ocrx_word' id='word_1_645' title='bbox 2058 2613 2193 2666; x_wconf 90' lang='grc' dir='ltr'>Θεοῦ</span> <span class='ocrx_word' id='word_1_646' title='bbox 2223 2609 2348 2686; x_wconf 80' lang='grc' dir='ltr'>χεὶρ</span> <span class='ocrx_word' id='word_1_647' title='bbox 2378 2611 2413 2680; x_wconf 78' lang='grc' dir='ltr'>ἡ</span> <span class='ocrx_word' id='word_1_648' title='bbox 2449 2608 2565 2666; x_wconf 88' lang='grc' dir='ltr'>θεία</span> <span class='ocrx_word' id='word_1_649' title='bbox 2595 2607 2900 2685; x_wconf 75' lang='grc' dir='ltr'>δύναμις,ᾔ</span> <span class='ocrx_word' id='word_1_650' title='bbox 2927 2617 3234 2688; x_wconf 87' lang='grc' dir='ltr'>περιπεσεῖν</span> <span class='ocrx_word' id='word_1_651' title='bbox 3268 2608 3487 2691; x_wconf 85' lang='grc' dir='ltr'>ε’ύχεται</span> <span class='ocrx_word' id='word_1_652' title='bbox 3514 2612 3721 2680; x_wconf 80' lang='grc' dir='ltr'>πάντας</span> 
     </span>
    </p>
   </div>
   <div class='ocr_carea' id='block_1_86' title="bbox 2055 2697 3719 2781">
    <p class='ocr_par' dir='ltr' id='par_1_86' title="bbox 2055 2697 3719 2781">
     <span class='ocr_line' id='line_1_87' title="bbox 2055 2697 3719 2781; baseline 0.005 -28"><span class='ocrx_word' id='word_1_653' title='bbox 2055 2697 2184 2761; x_wconf 79' lang='grc' dir='ltr'>τοὺς</span> <span class='ocrx_word' id='word_1_654' title='bbox 2238 2699 2330 2754; x_wconf 87' lang='grc' dir='ltr'>τὸν</span> <span class='ocrx_word' id='word_1_655' title='bbox 2394 2698 2590 2775; x_wconf 82' lang='grc' dir='ltr'>Κύριον</span> <span class='ocrx_word' id='word_1_656' title='bbox 2664 2698 3148 2780; x_wconf 77' lang='grc' dir='ltr'>βλασφημοῦντας·</span> <span class='ocrx_word' id='word_1_657' title='bbox 3198 2698 3441 2781; x_wconf 80' lang='grc' dir='ltr'>εὐρεθείη</span> <span class='ocrx_word' id='word_1_658' title='bbox 3506 2701 3719 2780; x_wconf 83' lang='grc' dir='ltr'>αὐτοῖς,</span> 
     </span>
    </p>
   </div>
   <div class='ocr_carea' id='block_1_87' title="bbox 2056 2785 2646 2867">
    <p class='ocr_par' dir='ltr' id='par_1_87' title="bbox 2056 2785 2646 2867">
     <span class='ocr_line' id='line_1_88' title="bbox 2056 2785 2646 2867; baseline 0.005 -25"><span class='ocrx_word' id='word_1_659' title='bbox 2056 2785 2218 2867; x_wconf 71' lang='grc' dir='ltr'>φησὶν</span> <span class='ocrx_word' id='word_1_660' title='bbox 2247 2785 2325 2850; x_wconf 70' lang='grc' dir='ltr'>εἷς</span> <span class='ocrx_word' id='word_1_661' title='bbox 2351 2788 2646 2866; x_wconf 89' lang='grc' dir='ltr'>τιμωρίαν.</span> 
     </span>
    </p>
   </div>
   <div class='ocr_carea' id='block_1_88' title="bbox 2125 2873 3719 2955">
    <p class='ocr_par' dir='ltr' id='par_1_88' title="bbox 2125 2873 3719 2955">
     <span class='ocr_line' id='line_1_89' title="bbox 2125 2873 3719 2955; baseline 0.006 -26"><span class='ocrx_word' id='word_1_662' title='bbox 2125 2900 2155 2929; x_wconf 93' lang='grc'><strong><em>‹‹</em></strong></span> <span class='ocrx_word' id='word_1_663' title='bbox 2187 2876 2250 2931; x_wconf 87' lang='grc' dir='ltr'><strong><em>Ἥ</em></strong></span> <span class='ocrx_word' id='word_1_664' title='bbox 2282 2874 2427 2948; x_wconf 79' lang='grc' dir='ltr'>δεξιά</span> <span class='ocrx_word' id='word_1_665' title='bbox 2456 2898 2551 2933; x_wconf 92' lang='grc' dir='ltr'>σου</span> <span class='ocrx_word' id='word_1_666' title='bbox 2580 2873 2727 2955; x_wconf 74' lang='grc' dir='ltr'>εὕροι</span> <span class='ocrx_word' id='word_1_667' title='bbox 2757 2876 2959 2942; x_wconf 82' lang='grc' dir='ltr'>πάντας</span> <span class='ocrx_word' id='word_1_668' title='bbox 2985 2878 3116 2944; x_wconf 77' lang='grc' dir='ltr'>τοὺς</span> <span class='ocrx_word' id='word_1_669' title='bbox 3150 2878 3440 2955; x_wconf 88' lang='grc' dir='ltr'>μισοῦντάς</span> <span class='ocrx_word' id='word_1_670' title='bbox 3471 2901 3550 2942; x_wconf 90' lang='grc' dir='ltr'>σε.</span> <span class='ocrx_word' id='word_1_671' title='bbox 3582 2904 3615 2937; x_wconf 79' lang='lat'>11</span> <span class='ocrx_word' id='word_1_672' title='bbox 3645 2913 3719 2929; x_wconf 90' lang='lat'><strong><em>—</em></strong></span> 
     </span>
    </p>
   </div>
   <div class='ocr_carea' id='block_1_89' title="bbox 2050 2965 2462 3040">
    <p class='ocr_par' dir='ltr' id='par_1_89' title="bbox 2050 2965 2462 3040">
     <span class='ocr_line' id='line_1_90' title="bbox 2050 2965 2462 3040; baseline 0.002 -20"><span class='ocrx_word' id='word_1_673' title='bbox 2050 2965 2462 3040; x_wconf 84' lang='grc' dir='ltr'>Καταλήψαιτο.</span> 
     </span>
    </p>
   </div>
   <div class='ocr_carea' id='block_1_90' title="bbox 2126 3050 3707 3135">
    <p class='ocr_par' dir='ltr' id='par_1_90' title="bbox 2126 3050 3707 3135">
     <span class='ocr_line' id='line_1_91' title="bbox 2126 3050 3707 3135; baseline 0.003 -26"><span class='ocrx_word' id='word_1_674' title='bbox 2126 3055 2377 3126; x_wconf 85' lang='grc' dir='ltr'>«Θήσεις</span> <span class='ocrx_word' id='word_1_675' title='bbox 2435 3054 2631 3119; x_wconf 78' lang='grc' dir='ltr'>αὐτοὺς</span> <span class='ocrx_word' id='word_1_676' title='bbox 2687 3055 2765 3119; x_wconf 85' lang='grc' dir='ltr'>ὡς</span> <span class='ocrx_word' id='word_1_677' title='bbox 2817 3050 3077 3113; x_wconf 88' lang='grc' dir='ltr'>κλίϐανον</span> <span class='ocrx_word' id='word_1_678' title='bbox 3133 3057 3306 3135; x_wconf 81' lang='grc' dir='ltr'>πυρὸς</span> <span class='ocrx_word' id='word_1_679' title='bbox 3381 3056 3462 3122; x_wconf 79' lang='grc' dir='ltr'>είς</span> <span class='ocrx_word' id='word_1_680' title='bbox 3517 3058 3707 3132; x_wconf 79' lang='grc' dir='ltr'>καιρὸν</span> 
     </span>
    </p>
   </div>
   <div class='ocr_carea' id='block_1_91' title="bbox 2047 3144 3707 3225">
    <p class='ocr_par' dir='ltr' id='par_1_91' title="bbox 2047 3144 3707 3225">
     <span class='ocr_line' id='line_1_92' title="bbox 2047 3144 3707 3225; baseline 0.001 -26"><span class='ocrx_word' id='word_1_681' title='bbox 2047 3147 2145 3199; x_wconf 87' lang='grc' dir='ltr'>τοῦ</span> <span class='ocrx_word' id='word_1_682' title='bbox 2214 3144 2512 3220; x_wconf 74' lang='grc' dir='ltr'>προσώπου</span> <span class='ocrx_word' id='word_1_683' title='bbox 2582 3165 2701 3204; x_wconf 92' lang='grc' dir='ltr'>σου.</span> <span class='ocrx_word' id='word_1_684' title='bbox 2774 3169 2806 3199; x_wconf 86' lang='grc'>››</span> <span class='ocrx_word' id='word_1_685' title='bbox 2854 3178 2924 3188; x_wconf 92' lang='grc'><strong><em>-</em></strong></span> <span class='ocrx_word' id='word_1_686' title='bbox 2980 3147 3313 3225; x_wconf 87' lang='grc' dir='ltr'>Ἐμπρήσεις</span> <span class='ocrx_word' id='word_1_687' title='bbox 3371 3146 3565 3212; x_wconf 80' lang='grc' dir='ltr'>αὐτοὺς</span> <span class='ocrx_word' id='word_1_688' title='bbox 3624 3151 3707 3223; x_wconf 76' lang='grc' dir='ltr'>τῷ</span> 
     </span>
    </p>
   </div>
   <div class='ocr_carea' id='block_1_92' title="bbox 2051 3229 3707 3313">
    <p class='ocr_par' dir='ltr' id='par_1_92' title="bbox 2051 3229 3707 3313">
     <span class='ocr_line' id='line_1_93' title="bbox 2051 3229 3707 3313; baseline 0.004 -26"><span class='ocrx_word' id='word_1_689' title='bbox 2051 3234 2183 3309; x_wconf 79' lang='grc' dir='ltr'>πυρὶ</span> <span class='ocrx_word' id='word_1_690' title='bbox 2210 3239 2312 3303; x_wconf 83' lang='grc' dir='ltr'>τῆς</span> <span class='ocrx_word' id='word_1_691' title='bbox 2344 3232 2511 3311; x_wconf 84' lang='grc' dir='ltr'>ὀργῆς</span> <span class='ocrx_word' id='word_1_692' title='bbox 2542 3252 2659 3289; x_wconf 89' lang='grc' dir='ltr'>σου·</span> <span class='ocrx_word' id='word_1_693' title='bbox 2690 3229 2949 3291; x_wconf 82' lang='grc' dir='ltr'>κλίϐατον</span> <span class='ocrx_word' id='word_1_694' title='bbox 2985 3232 3043 3293; x_wconf 72' lang='grc' dir='ltr'>δὲ</span> <span class='ocrx_word' id='word_1_695' title='bbox 3090 3235 3263 3313; x_wconf 89' lang='grc' dir='ltr'>πυρὸς</span> <span class='ocrx_word' id='word_1_696' title='bbox 3309 3236 3373 3299; x_wconf 85' lang='grc' dir='ltr'>τὸ</span> <span class='ocrx_word' id='word_1_697' title='bbox 3419 3235 3707 3294; x_wconf 81' lang='grc' dir='ltr'>ὀπτανεῖον</span> 
     </span>
    </p>
   </div>
   <div class='ocr_carea' id='block_1_93' title="bbox 2051 3321 3709 3402">
    <p class='ocr_par' dir='ltr' id='par_1_93' title="bbox 2051 3321 3709 3402">
     <span class='ocr_line' id='line_1_94' title="bbox 2051 3321 3709 3402; baseline 0.002 -24"><span class='ocrx_word' id='word_1_698' title='bbox 2051 3327 2159 3378; x_wconf 86' lang='grc' dir='ltr'>τῶν</span> <span class='ocrx_word' id='word_1_699' title='bbox 2223 3323 2422 3398; x_wconf 81' lang='grc' dir='ltr'>ἄρτων·</span> <span class='ocrx_word' id='word_1_700' title='bbox 2505 3321 2581 3386; x_wconf 78' lang='grc' dir='ltr'>εἷς</span> <span class='ocrx_word' id='word_1_701' title='bbox 2653 3323 2840 3401; x_wconf 82' lang='grc' dir='ltr'>καιρὸν</span> <span class='ocrx_word' id='word_1_702' title='bbox 2918 3321 2977 3379; x_wconf 81' lang='grc' dir='ltr'>δὲ</span> <span class='ocrx_word' id='word_1_703' title='bbox 3037 3328 3135 3381; x_wconf 91' lang='grc' dir='ltr'>τοῦ</span> <span class='ocrx_word' id='word_1_704' title='bbox 3200 3326 3523 3402; x_wconf 88' lang='grc' dir='ltr'>προσώπου,</span> <span class='ocrx_word' id='word_1_705' title='bbox 3588 3324 3709 3383; x_wconf 82' lang='grc' dir='ltr'>ἀντὶ</span> 
     </span>
    </p>
   </div>
   <div class='ocr_carea' id='block_1_94' title="bbox 2051 3409 3706 3490">
    <p class='ocr_par' dir='ltr' id='par_1_94' title="bbox 2051 3409 3706 3490">
     <span class='ocr_line' id='line_1_95' title="bbox 2051 3409 3706 3490; baseline 0.004 -23"><span class='ocrx_word' id='word_1_706' title='bbox 2051 3415 2149 3467; x_wconf 83' lang='grc' dir='ltr'>τοῦ</span> <span class='ocrx_word' id='word_1_707' title='bbox 2180 3409 2231 3467; x_wconf 80' lang='grc' dir='ltr'>ἐν</span> <span class='ocrx_word' id='word_1_708' title='bbox 2258 3415 2338 3485; x_wconf 80' lang='grc' dir='ltr'>τῷ</span> <span class='ocrx_word' id='word_1_709' title='bbox 2367 3412 2542 3488; x_wconf 82' lang='grc' dir='ltr'>καιρῷ</span> <span class='ocrx_word' id='word_1_710' title='bbox 2580 3414 2683 3482; x_wconf 74' lang='grc' dir='ltr'>τῆς</span> <span class='ocrx_word' id='word_1_711' title='bbox 2731 3412 3054 3484; x_wconf 84' lang='grc' dir='ltr'>ἐπισκοπῆς,</span> <span class='ocrx_word' id='word_1_712' title='bbox 3088 3412 3212 3471; x_wconf 74' lang='grc' dir='ltr'>ὅταν</span> <span class='ocrx_word' id='word_1_713' title='bbox 3265 3412 3450 3490; x_wconf 84' lang='grc' dir='ltr'>ἐπίδῃς</span> <span class='ocrx_word' id='word_1_714' title='bbox 3507 3413 3706 3480; x_wconf 72' lang='grc' dir='ltr'>αὐτοὺς</span> 
     </span>
    </p>
   </div>
   <div class='ocr_carea' id='block_1_95' title="bbox 2055 3497 3705 3578">
    <p class='ocr_par' dir='ltr' id='par_1_95' title="bbox 2055 3497 3705 3578">
     <span class='ocr_line' id='line_1_96' title="bbox 2055 3497 3705 3578; baseline 0.004 -22"><span class='ocrx_word' id='word_1_715' title='bbox 2055 3497 2348 3575; x_wconf 89' lang='grc' dir='ltr'>δυσμενής.</span> <span class='ocrx_word' id='word_1_716' title='bbox 2399 3500 2700 3577; x_wconf 89' lang='grc' dir='ltr'>Πρόσωπον</span> <span class='ocrx_word' id='word_1_717' title='bbox 2747 3500 2806 3557; x_wconf 69' lang='grc' dir='ltr'>δὲ</span> <span class='ocrx_word' id='word_1_718' title='bbox 2855 3502 3054 3578; x_wconf 84' lang='grc' dir='ltr'>Κυρίου</span> <span class='ocrx_word' id='word_1_719' title='bbox 3114 3502 3203 3559; x_wconf 71' lang='grc' dir='ltr'>ἐπὶ</span> <span class='ocrx_word' id='word_1_720' title='bbox 3258 3507 3548 3567; x_wconf 89' lang='grc' dir='ltr'>ποιοῦντας</span> <span class='ocrx_word' id='word_1_721' title='bbox 3605 3523 3705 3563; x_wconf 83' lang='grc' dir='ltr'>κα·-</span> 
     </span>
    </p>
   </div>
   <div class='ocr_carea' id='block_1_96' title="bbox 2053 3588 3707 3669">
    <p class='ocr_par' dir='ltr' id='par_1_96' title="bbox 2053 3588 3707 3669">
     <span class='ocr_line' id='line_1_97' title="bbox 2053 3588 3707 3669; baseline 0.004 -24"><span class='ocrx_word' id='word_1_722' title='bbox 2053 3590 2141 3663; x_wconf 79' lang='grc' dir='ltr'>κὰ,</span> <span class='ocrx_word' id='word_1_723' title='bbox 2174 3594 2271 3646; x_wconf 89' lang='grc' dir='ltr'>τοῦ</span> <span class='ocrx_word' id='word_1_724' title='bbox 2328 3588 2706 3668; x_wconf 79' lang='grc' dir='ltr'>ἐξολοθρεῦσαι</span> <span class='ocrx_word' id='word_1_725' title='bbox 2753 3590 2813 3647; x_wconf 83' lang='grc' dir='ltr'>ἐκ</span> <span class='ocrx_word' id='word_1_726' title='bbox 2858 3592 2964 3669; x_wconf 75' lang='grc' dir='ltr'>γῆς</span> <span class='ocrx_word' id='word_1_727' title='bbox 3007 3593 3072 3649; x_wconf 88' lang='lat'>16</span> <span class='ocrx_word' id='word_1_728' title='bbox 3122 3592 3468 3669; x_wconf 87' lang='grc' dir='ltr'>μνημόσυνον</span> <span class='ocrx_word' id='word_1_729' title='bbox 3503 3593 3707 3652; x_wconf 90' lang='grc' dir='ltr'>αὐτῶν.</span> 
     </span>
    </p>
   </div>
   <div class='ocr_carea' id='block_1_97' title="bbox 2130 3695 3711 3776">
    <p class='ocr_par' dir='ltr' id='par_1_97' title="bbox 2130 3695 3711 3776">
     <span class='ocr_line' id='line_1_98' title="bbox 2130 3695 3711 3776; baseline 0.003 -26"><span class='ocrx_word' id='word_1_730' title='bbox 2130 3720 2159 3750; x_wconf 85' lang='grc'><strong>‹‹</strong></span> <span class='ocrx_word' id='word_1_731' title='bbox 2189 3695 2387 3772; x_wconf 87' lang='grc' dir='ltr'>Κύριος</span> <span class='ocrx_word' id='word_1_732' title='bbox 2443 3696 2495 3753; x_wconf 72' lang='grc' dir='ltr'>ἐν</span> <span class='ocrx_word' id='word_1_733' title='bbox 2556 3697 2694 3775; x_wconf 75' lang='grc' dir='ltr'>ὀργῇ</span> <span class='ocrx_word' id='word_1_734' title='bbox 2750 3698 2917 3755; x_wconf 86' lang='grc' dir='ltr'>αὐτοῦ</span> <span class='ocrx_word' id='word_1_735' title='bbox 2964 3699 3272 3775; x_wconf 77' lang='grc' dir='ltr'>συνταράξει</span> <span class='ocrx_word' id='word_1_736' title='bbox 3342 3699 3561 3776; x_wconf 83' lang='grc' dir='ltr'>αὐτοὺς,</span> <span class='ocrx_word' id='word_1_737' title='bbox 3616 3699 3711 3759; x_wconf 83' lang='grc' dir='ltr'>καὶ</span> 
     </span>
    </p>
   </div>
   <div class='ocr_carea' id='block_1_98' title="bbox 2056 3785 3713 3867">
    <p class='ocr_par' dir='ltr' id='par_1_98' title="bbox 2056 3785 3713 3867">
     <span class='ocr_line' id='line_1_99' title="bbox 2056 3785 3713 3867; baseline 0.001 -24"><span class='ocrx_word' id='word_1_738' title='bbox 2056 3787 2425 3867; x_wconf 83' lang='grc' dir='ltr'>καταφάγεται</span> <span class='ocrx_word' id='word_1_739' title='bbox 2480 3785 2678 3851; x_wconf 81' lang='grc' dir='ltr'>αὐτοὺς</span> <span class='ocrx_word' id='word_1_740' title='bbox 2732 3792 2861 3864; x_wconf 87' lang='grc' dir='ltr'>πῦρ.</span> <span class='ocrx_word' id='word_1_741' title='bbox 2919 3789 3019 3846; x_wconf 85' lang='grc' dir='ltr'>Τὸν</span> <span class='ocrx_word' id='word_1_742' title='bbox 3069 3789 3274 3865; x_wconf 84' lang='grc' dir='ltr'>καρπὸν</span> <span class='ocrx_word' id='word_1_743' title='bbox 3350 3790 3528 3848; x_wconf 77' lang='grc' dir='ltr'>αὐτῶν</span> <span class='ocrx_word' id='word_1_744' title='bbox 3603 3788 3713 3846; x_wconf 74' lang='grc' dir='ltr'>ἀπὸ</span> 
     </span>
    </p>
   </div>
   <div class='ocr_carea' id='block_1_99' title="bbox 2056 3875 3714 3954">
    <p class='ocr_par' dir='ltr' id='par_1_99' title="bbox 2056 3875 3714 3954">
     <span class='ocr_line' id='line_1_100' title="bbox 2056 3875 3714 3954; baseline -0.012 -1"><span class='ocrx_word' id='word_1_745' title='bbox 2056 3883 2163 3953; x_wconf 81' lang='grc' dir='ltr'>γῆς</span> <span class='ocrx_word' id='word_1_746' title='bbox 2222 3875 2469 3951; x_wconf 82' lang='grc' dir='ltr'>ἀπολεῖς,</span> <span class='ocrx_word' id='word_1_747' title='bbox 2499 3876 2591 3932; x_wconf 87' lang='grc' dir='ltr'>καὶ</span> <span class='ocrx_word' id='word_1_748' title='bbox 2653 3878 2717 3934; x_wconf 86' lang='grc' dir='ltr'>τὸ</span> <span class='ocrx_word' id='word_1_749' title='bbox 2774 3877 2991 3954; x_wconf 86' lang='grc' dir='ltr'>σπέρμα</span> <span class='ocrx_word' id='word_1_750' title='bbox 3043 3877 3220 3934; x_wconf 89' lang='grc' dir='ltr'>αὐτῶν</span> <span class='ocrx_word' id='word_1_751' title='bbox 3277 3878 3386 3935; x_wconf 81' lang='grc' dir='ltr'>ἀπὸ</span> <span class='ocrx_word' id='word_1_752' title='bbox 3450 3878 3580 3945; x_wconf 75' lang='grc' dir='ltr'>υἱῶν</span> <span class='ocrx_word' id='word_1_753' title='bbox 3620 3877 3714 3934; x_wconf 80' lang='grc' dir='ltr'>ἀν-</span> 
     </span>
    </p>
   </div>
   <div class='ocr_carea' id='block_1_100' title="bbox 2056 3966 3717 4046">
    <p class='ocr_par' dir='ltr' id='par_1_100' title="bbox 2056 3966 3717 4046">
     <span class='ocr_line' id='line_1_101' title="bbox 2056 3966 3717 4046; baseline 0.001 -25"><span class='ocrx_word' id='word_1_754' title='bbox 2056 3966 2315 4043; x_wconf 90' lang='grc' dir='ltr'>θρώπων.</span> <span class='ocrx_word' id='word_1_755' title='bbox 2349 3990 2378 4019; x_wconf 82' lang='grc'>››</span> <span class='ocrx_word' id='word_1_756' title='bbox 2409 3998 2480 4009; x_wconf 93' lang='lat'><strong>—</strong></span> <span class='ocrx_word' id='word_1_757' title='bbox 2517 3972 2909 4046; x_wconf 85' lang='grc' dir='ltr'>Προαναφωνεῖ</span> <span class='ocrx_word' id='word_1_758' title='bbox 2960 3967 3060 4037; x_wconf 76' lang='grc' dir='ltr'>τήν</span> <span class='ocrx_word' id='word_1_759' title='bbox 3117 3967 3228 4023; x_wconf 76' lang='grc' dir='ltr'>τῶν</span> <span class='ocrx_word' id='word_1_760' title='bbox 3287 3966 3498 4045; x_wconf 74' lang='grc' dir='ltr'>ἐχθρῶν</span> <span class='ocrx_word' id='word_1_761' title='bbox 3558 3966 3717 4039; x_wconf 81' lang='grc' dir='ltr'>ἀπώ-</span> 
     </span>
    </p>
   </div>
   <div class='ocr_carea' id='block_1_101' title="bbox 2059 4053 3715 4134">
    <p class='ocr_par' dir='ltr' id='par_1_101' title="bbox 2059 4053 3715 4134">
     <span class='ocr_line' id='line_1_102' title="bbox 2059 4053 3715 4134; baseline 0.001 -22"><span class='ocrx_word' id='word_1_762' title='bbox 2059 4053 2231 4115; x_wconf 89' lang='grc' dir='ltr'>λειαν.</span> <span class='ocrx_word' id='word_1_763' title='bbox 2313 4054 2415 4111; x_wconf 85' lang='grc' dir='ltr'>Καὶ</span> <span class='ocrx_word' id='word_1_764' title='bbox 2487 4055 2872 4132; x_wconf 84' lang='grc' dir='ltr'>ἀπαριθμεῖται</span> <span class='ocrx_word' id='word_1_765' title='bbox 2935 4055 3001 4114; x_wconf 75' lang='lat'>10‘1</span> <span class='ocrx_word' id='word_1_766' title='bbox 3069 4053 3187 4130; x_wconf 57' lang='grc' dir='ltr'>εἴδη</span> <span class='ocrx_word' id='word_1_767' title='bbox 3257 4060 3367 4113; x_wconf 89' lang='grc' dir='ltr'>τῶν</span> <span class='ocrx_word' id='word_1_768' title='bbox 3426 4059 3715 4134; x_wconf 74' lang='grc' dir='ltr'>τιμωριῶν</span> 
     </span>
    </p>
   </div>
   <div class='ocr_carea' id='block_1_102' title="bbox 2060 4142 3719 4222">
    <p class='ocr_par' dir='ltr' id='par_1_102' title="bbox 2060 4142 3719 4222">
     <span class='ocr_line' id='line_1_103' title="bbox 2060 4142 3719 4222; baseline 0 -22"><span class='ocrx_word' id='word_1_769' title='bbox 2060 4143 2257 4201; x_wconf 88' lang='grc' dir='ltr'>αὐτῶν·</span> <span class='ocrx_word' id='word_1_770' title='bbox 2318 4143 2401 4201; x_wconf 88' lang='lat'>6&#39;11</span> <span class='ocrx_word' id='word_1_771' title='bbox 2458 4142 2800 4221; x_wconf 84' lang='grc' dir='ltr'>πειραθέντες</span> <span class='ocrx_word' id='word_1_772' title='bbox 2856 4151 2960 4216; x_wconf 86' lang='grc' dir='ltr'>τῆς</span> <span class='ocrx_word' id='word_1_773' title='bbox 3020 4144 3164 4209; x_wconf 89' lang='grc' dir='ltr'>θείας</span> <span class='ocrx_word' id='word_1_774' title='bbox 3221 4144 3394 4222; x_wconf 82' lang='grc' dir='ltr'>ὀργῆς</span> <span class='ocrx_word' id='word_1_775' title='bbox 3450 4164 3719 4222; x_wconf 86' lang='grc' dir='ltr'>συνταρα-</span> 
     </span>
    </p>
   </div>
   <div class='ocr_carea' id='block_1_103' title="bbox 2057 4232 3721 4312">
    <p class='ocr_par' dir='ltr' id='par_1_103' title="bbox 2057 4232 3721 4312">
     <span class='ocr_line' id='line_1_104' title="bbox 2057 4232 3721 4312; baseline 0 -23"><span class='ocrx_word' id='word_1_776' title='bbox 2057 4235 2355 4311; x_wconf 88' lang='grc' dir='ltr'>χθήσονται</span> <span class='ocrx_word' id='word_1_777' title='bbox 2436 4232 2695 4291; x_wconf 87' lang='grc' dir='ltr'>πάντοθεν</span> <span class='ocrx_word' id='word_1_778' title='bbox 2775 4233 3221 4312; x_wconf 84' lang='grc' dir='ltr'>ἐξαπορούμενοι,</span> <span class='ocrx_word' id='word_1_779' title='bbox 3273 4233 3365 4290; x_wconf 86' lang='grc' dir='ltr'>καὶ</span> <span class='ocrx_word' id='word_1_780' title='bbox 3421 4232 3721 4310; x_wconf 85' lang='grc' dir='ltr'>πυρπολη-</span> 
     </span>
    </p>
   </div>
   <div class='ocr_carea' id='block_1_104' title="bbox 2058 4320 3719 4402">
    <p class='ocr_par' dir='ltr' id='par_1_104' title="bbox 2058 4320 3719 4402">
     <span class='ocr_line' id='line_1_105' title="bbox 2058 4320 3719 4402; baseline -0.001 -21"><span class='ocrx_word' id='word_1_781' title='bbox 2058 4325 2335 4397; x_wconf 86' lang='grc' dir='ltr'>θήσονται,</span> <span class='ocrx_word' id='word_1_782' title='bbox 2366 4323 2456 4381; x_wconf 85' lang='grc' dir='ltr'>καὶ</span> <span class='ocrx_word' id='word_1_783' title='bbox 2508 4324 2537 4378; x_wconf 92' lang='lat'>6</span> <span class='ocrx_word' id='word_1_784' title='bbox 2584 4325 2791 4401; x_wconf 85' lang='grc' dir='ltr'>καρπὸς</span> <span class='ocrx_word' id='word_1_785' title='bbox 2868 4329 2977 4381; x_wconf 90' lang='grc' dir='ltr'>τῶν</span> <span class='ocrx_word' id='word_1_786' title='bbox 3021 4327 3297 4402; x_wconf 86' lang='grc' dir='ltr'>γεωργιῶν</span> <span class='ocrx_word' id='word_1_787' title='bbox 3353 4322 3530 4381; x_wconf 85' lang='grc' dir='ltr'>αὐτῶν</span> <span class='ocrx_word' id='word_1_788' title='bbox 3600 4320 3719 4380; x_wconf 83' lang='grc' dir='ltr'>δια·-</span> 
     </span>
    </p>
   </div>
   <div class='ocr_carea' id='block_1_105' title="bbox 2059 4411 3719 4491">
    <p class='ocr_par' dir='ltr' id='par_1_105' title="bbox 2059 4411 3719 4491">
     <span class='ocr_line' id='line_1_106' title="bbox 2059 4411 3719 4491; baseline 0.001 -23"><span class='ocrx_word' id='word_1_789' title='bbox 2059 4413 2532 4491; x_wconf 83' lang='grc' dir='ltr'>φθαρήσεται,καὶ</span> <span class='ocrx_word' id='word_1_790' title='bbox 2592 4412 2780 4477; x_wconf 78' lang='grc' dir='ltr'>ἁπλῶς</span> <span class='ocrx_word' id='word_1_791' title='bbox 2838 4412 3008 4471; x_wconf 82' lang='grc' dir='ltr'>εἰπεῖν</span> <span class='ocrx_word' id='word_1_792' title='bbox 3060 4412 3394 4471; x_wconf 82' lang='grc' dir='ltr'>ἀπολοῦνται</span> <span class='ocrx_word' id='word_1_793' title='bbox 3428 4411 3719 4490; x_wconf 77' lang='grc' dir='ltr'>παγγενείσ-</span> 
     </span>
    </p>
   </div>
   <div class='ocr_carea' id='block_1_106' title="bbox 2058 4500 3718 4581">
    <p class='ocr_par' dir='ltr' id='par_1_106' title="bbox 2058 4500 3718 4581">
     <span class='ocr_line' id='line_1_107' title="bbox 2058 4500 3718 4581; baseline -0.001 -22"><span class='ocrx_word' id='word_1_794' title='bbox 2058 4507 2222 4560; x_wconf 89' lang='grc' dir='ltr'>τοῦτο</span> <span class='ocrx_word' id='word_1_795' title='bbox 2250 4502 2354 4579; x_wconf 81' lang='grc' dir='ltr'>γὰρ</span> <span class='ocrx_word' id='word_1_796' title='bbox 2385 4508 2584 4560; x_wconf 87' lang='grc' dir='ltr'>νοεῖται</span> <span class='ocrx_word' id='word_1_797' title='bbox 2614 4503 2678 4558; x_wconf 88' lang='lat'>16</span> <span class='ocrx_word' id='word_1_798' title='bbox 2709 4502 2927 4581; x_wconf 83' lang='grc' dir='ltr'>σπέρμα</span> <span class='ocrx_word' id='word_1_799' title='bbox 2951 4507 3064 4563; x_wconf 88' lang='grc' dir='ltr'>νῦν.</span> <span class='ocrx_word' id='word_1_800' title='bbox 3096 4502 3256 4568; x_wconf 76' lang='grc' dir='ltr'>Υῖοῦς</span> <span class='ocrx_word' id='word_1_801' title='bbox 3307 4500 3366 4561; x_wconf 71' lang='grc' dir='ltr'>δὲ</span> <span class='ocrx_word' id='word_1_802' title='bbox 3416 4502 3718 4578; x_wconf 79' lang='grc' dir='ltr'>ἀνθρώπων</span> 
     </span>
    </p>
   </div>
   <div class='ocr_carea' id='block_1_107' title="bbox 2056 4591 3081 4669">
    <p class='ocr_par' dir='ltr' id='par_1_107' title="bbox 2056 4591 3081 4669">
     <span class='ocr_line' id='line_1_108' title="bbox 2056 4591 3081 4669; baseline 0 -19"><span class='ocrx_word' id='word_1_803' title='bbox 2056 4593 2121 4650; x_wconf 84' lang='grc' dir='ltr'>τὸ</span> <span class='ocrx_word' id='word_1_804' title='bbox 2150 4593 2310 4669; x_wconf 87' lang='grc' dir='ltr'>γένος</span> <span class='ocrx_word' id='word_1_805' title='bbox 2337 4596 2444 4648; x_wconf 91' lang='grc' dir='ltr'>τῶν</span> <span class='ocrx_word' id='word_1_806' title='bbox 2477 4592 2777 4667; x_wconf 81' lang='grc' dir='ltr'>ἀνθρώπων</span> <span class='ocrx_word' id='word_1_807' title='bbox 2807 4591 3081 4651; x_wconf 84' lang='grc' dir='ltr'>ἐκάλεσεν.</span> 
     </span>
    </p>
   </div>
   <div class='ocr_carea' id='block_1_108' title="bbox 1980 4671 3722 4745">
    <p class='ocr_par' dir='ltr' id='par_1_108' title="bbox 1980 4671 3722 4745">
     <span class='ocr_line' id='line_1_109' title="bbox 1980 4671 3722 4745; baseline -0.001 -8"><span class='ocrx_word' id='word_1_808' title='bbox 1980 4671 2029 4737; x_wconf 82' lang='lat' dir='ltr'><strong>D</strong></span> <span class='ocrx_word' id='word_1_809' title='bbox 2134 4704 2163 4735; x_wconf 79' lang='grc' dir='ltr'>ε(</span> <span class='ocrx_word' id='word_1_810' title='bbox 2194 4683 2315 4735; x_wconf 87' lang='lat' dir='ltr'>&quot;O11</span> <span class='ocrx_word' id='word_1_811' title='bbox 2377 4677 2594 4735; x_wconf 79' lang='grc' dir='ltr'>ἔκλιναν</span> <span class='ocrx_word' id='word_1_812' title='bbox 2654 4680 2732 4745; x_wconf 69' lang='grc' dir='ltr'>εἲς</span> <span class='ocrx_word' id='word_1_813' title='bbox 2786 4681 2847 4738; x_wconf 70' lang='grc' dir='ltr'>σὲ</span> <span class='ocrx_word' id='word_1_814' title='bbox 2896 4683 3119 4738; x_wconf 79' lang='grc' dir='ltr'>κακά.»</span> <span class='ocrx_word' id='word_1_815' title='bbox 3149 4714 3221 4727; x_wconf 93' lang='lat'>—-</span> <span class='ocrx_word' id='word_1_816' title='bbox 3275 4684 3459 4742; x_wconf 71' lang='grc' dir='ltr'>Ταῦτα</span> <span class='ocrx_word' id='word_1_817' title='bbox 3504 4676 3722 4739; x_wconf 77' lang='grc' dir='ltr'>πείσον·</span> 
     </span>
    </p>
   </div>
   <div class='ocr_carea' id='block_1_109' title="bbox 2059 4766 3725 4851">
    <p class='ocr_par' dir='ltr' id='par_1_109' title="bbox 2059 4766 3725 4851">
     <span class='ocr_line' id='line_1_110' title="bbox 2059 4766 3725 4851; baseline 0 -25"><span class='ocrx_word' id='word_1_818' title='bbox 2059 4790 2171 4841; x_wconf 87' lang='grc' dir='ltr'>ται,</span> <span class='ocrx_word' id='word_1_819' title='bbox 2205 4766 2347 4825; x_wconf 89' lang='grc' dir='ltr'>διότι</span> <span class='ocrx_word' id='word_1_820' title='bbox 2404 4771 2751 4840; x_wconf 87' lang='grc' dir='ltr'>κεκινήκασιν</span> <span class='ocrx_word' id='word_1_821' title='bbox 2812 4769 2888 4834; x_wconf 81' lang='grc' dir='ltr'>εἰς</span> <span class='ocrx_word' id='word_1_822' title='bbox 2948 4771 3007 4827; x_wconf 73' lang='grc' dir='ltr'>σὲ</span> <span class='ocrx_word' id='word_1_823' title='bbox 3058 4772 3199 4828; x_wconf 77' lang='grc' dir='ltr'>κακὰ</span> <span class='ocrx_word' id='word_1_824' title='bbox 3270 4769 3725 4851; x_wconf 82' lang='grc' dir='ltr'>βλασφημοῦντες</span> 
     </span>
    </p>
   </div>
   <div class='ocr_carea' id='block_1_110' title="bbox 2061 4852 3723 4933">
    <p class='ocr_par' dir='ltr' id='par_1_110' title="bbox 2061 4852 3723 4933">
     <span class='ocr_line' id='line_1_111' title="bbox 2061 4852 3723 4933; baseline 0 -18"><span class='ocrx_word' id='word_1_825' title='bbox 2061 4859 2126 4915; x_wconf 89' lang='lat'>16</span> <span class='ocrx_word' id='word_1_826' title='bbox 2158 4857 2250 4914; x_wconf 84' lang='lat' dir='ltr'>06v</span> <span class='ocrx_word' id='word_1_827' title='bbox 2307 4852 2487 4933; x_wconf 71' lang='grc' dir='ltr'>ὄνομα</span> <span class='ocrx_word' id='word_1_828' title='bbox 2540 4858 2631 4916; x_wconf 85' lang='grc' dir='ltr'>καὶ</span> <span class='ocrx_word' id='word_1_829' title='bbox 2688 4864 2806 4923; x_wconf 88' lang='grc' dir='ltr'>τοῖς</span> <span class='ocrx_word' id='word_1_830' title='bbox 2865 4858 3086 4924; x_wconf 90' lang='grc' dir='ltr'>δούλοις</span> <span class='ocrx_word' id='word_1_831' title='bbox 3153 4856 3602 4923; x_wconf 72' lang='grc' dir='ltr'>ἐπιϐουλεύοντες</span> <span class='ocrx_word' id='word_1_832' title='bbox 3630 4858 3723 4916; x_wconf 83' lang='grc' dir='ltr'>καὶ</span> 
     </span>
    </p>
   </div>
   <div class='ocr_carea' id='block_1_111' title="bbox 2061 4952 2501 5011">
    <p class='ocr_par' dir='ltr' id='par_1_111' title="bbox 2061 4952 2501 5011">
     <span class='ocr_line' id='line_1_112' title="bbox 2061 4952 2501 5011; baseline 0.005 -6"><span class='ocrx_word' id='word_1_833' title='bbox 2061 4952 2501 5011; x_wconf 85' lang='grc' dir='ltr'>κακοποιοῦντες.</span> 
     </span>
    </p>
   </div>
   <div class='ocr_carea' id='block_1_112' title="bbox 2138 5035 3725 5115">
    <p class='ocr_par' dir='ltr' id='par_1_112' title="bbox 2138 5035 3725 5115">
     <span class='ocr_line' id='line_1_113' title="bbox 2138 5035 3725 5115; baseline 0.001 -23"><span class='ocrx_word' id='word_1_834' title='bbox 2138 5062 2167 5091; x_wconf 87' lang='grc'>‹‹</span> <span class='ocrx_word' id='word_1_835' title='bbox 2199 5035 2586 5112; x_wconf 88' lang='grc' dir='ltr'>Διελογίσαντο</span> <span class='ocrx_word' id='word_1_836' title='bbox 2632 5037 2837 5114; x_wconf 83' lang='grc' dir='ltr'>βουλὴν</span> <span class='ocrx_word' id='word_1_837' title='bbox 2895 5040 2957 5110; x_wconf 66' lang='grc' dir='ltr'>ἣν</span> <span class='ocrx_word' id='word_1_838' title='bbox 3016 5039 3079 5096; x_wconf 91' lang='grc' dir='ltr'>οὐ</span> <span class='ocrx_word' id='word_1_839' title='bbox 3139 5041 3217 5115; x_wconf 75' lang='grc' dir='ltr'>μὴ</span> <span class='ocrx_word' id='word_1_840' title='bbox 3276 5037 3540 5096; x_wconf 89' lang='grc' dir='ltr'>δύνωνται</span> <span class='ocrx_word' id='word_1_841' title='bbox 3586 5043 3725 5108; x_wconf 80' lang='grc' dir='ltr'>στῆ-</span> 
     </span>
    </p>
   </div>
   <div class='ocr_carea' id='block_1_113' title="bbox 2066 5126 3724 5204">
    <p class='ocr_par' dir='ltr' id='par_1_113' title="bbox 2066 5126 3724 5204">
     <span class='ocr_line' id='line_1_114' title="bbox 2066 5126 3724 5204; baseline 0.001 -23"><span class='ocrx_word' id='word_1_842' title='bbox 2066 5147 2174 5182; x_wconf 90' lang='grc' dir='ltr'>σαι.</span> <span class='ocrx_word' id='word_1_843' title='bbox 2206 5151 2236 5179; x_wconf 84' lang='grc'>››</span> <span class='ocrx_word' id='word_1_844' title='bbox 2268 5161 2335 5170; x_wconf 90' lang='grc'><strong>-</strong></span> <span class='ocrx_word' id='word_1_845' title='bbox 2366 5126 2430 5182; x_wconf 83' lang='grc' dir='ltr'>Εἰ</span> <span class='ocrx_word' id='word_1_846' title='bbox 2479 5128 2584 5204; x_wconf 76' lang='grc' dir='ltr'>γὰρ</span> <span class='ocrx_word' id='word_1_847' title='bbox 2639 5127 2729 5183; x_wconf 85' lang='grc' dir='ltr'>καὶ</span> <span class='ocrx_word' id='word_1_848' title='bbox 2777 5128 2965 5185; x_wconf 76' lang='grc' dir='ltr'>πολλὰ</span> <span class='ocrx_word' id='word_1_849' title='bbox 3008 5132 3145 5185; x_wconf 87' lang='grc' dir='ltr'>κατὰ</span> <span class='ocrx_word' id='word_1_850' title='bbox 3193 5134 3289 5185; x_wconf 90' lang='grc' dir='ltr'>σοῦ</span> <span class='ocrx_word' id='word_1_851' title='bbox 3325 5129 3416 5185; x_wconf 81' lang='grc' dir='ltr'>καὶ</span> <span class='ocrx_word' id='word_1_852' title='bbox 3456 5132 3564 5185; x_wconf 88' lang='grc' dir='ltr'>τῶν</span> <span class='ocrx_word' id='word_1_853' title='bbox 3616 5129 3724 5183; x_wconf 89' lang='grc' dir='ltr'>σῶν</span> 
     </span>
    </p>
   </div>
   <div class='ocr_carea' id='block_1_114' title="bbox 2065 5215 3725 5296">
    <p class='ocr_par' dir='ltr' id='par_1_114' title="bbox 2065 5215 3725 5296">
     <span class='ocr_line' id='line_1_115' title="bbox 2065 5215 3725 5296; baseline -0.001 -24"><span class='ocrx_word' id='word_1_854' title='bbox 2065 5215 2420 5290; x_wconf 88' lang='grc' dir='ltr'>ἐμελέτησαν,</span> <span class='ocrx_word' id='word_1_855' title='bbox 2468 5215 2598 5273; x_wconf 81' lang='grc' dir='ltr'>ἀλλ’</span> <span class='ocrx_word' id='word_1_856' title='bbox 2653 5216 2743 5272; x_wconf 80' lang='grc' dir='ltr'>οὗν</span> <span class='ocrx_word' id='word_1_857' title='bbox 2794 5217 2894 5274; x_wconf 90' lang='grc' dir='ltr'>οὐκ</span> <span class='ocrx_word' id='word_1_858' title='bbox 2940 5218 3256 5296; x_wconf 75' lang='grc' dir='ltr'>ἰσχύσουσιν</span> <span class='ocrx_word' id='word_1_859' title='bbox 3306 5218 3561 5293; x_wconf 81' lang='grc' dir='ltr'>ἐμμεῖναι</span> <span class='ocrx_word' id='word_1_860' title='bbox 3608 5220 3725 5278; x_wconf 90' lang='grc' dir='ltr'>τοῖς</span> 
     </span>
    </p>
   </div>
   <div class='ocr_carea' id='block_1_115' title="bbox 2067 5303 3721 5385">
    <p class='ocr_par' dir='ltr' id='par_1_115' title="bbox 2067 5303 3721 5385">
     <span class='ocr_line' id='line_1_116' title="bbox 2067 5303 3721 5385; baseline 0.002 -24"><span class='ocrx_word' id='word_1_861' title='bbox 2067 5303 2436 5382; x_wconf 76' lang='grc' dir='ltr'>δεδογμένοις·</span> <span class='ocrx_word' id='word_1_862' title='bbox 2469 5309 2963 5383; x_wconf 85' lang='grc' dir='ltr'>περιτραπήσονται</span> <span class='ocrx_word' id='word_1_863' title='bbox 2995 5309 3099 5385; x_wconf 80' lang='grc' dir='ltr'>γὰρ</span> <span class='ocrx_word' id='word_1_864' title='bbox 3145 5310 3201 5363; x_wconf 78' lang='grc' dir='ltr'>αἱ</span> <span class='ocrx_word' id='word_1_865' title='bbox 3240 5308 3447 5363; x_wconf 89' lang='grc' dir='ltr'>τούτων</span> <span class='ocrx_word' id='word_1_866' title='bbox 3504 5305 3721 5382; x_wconf 89' lang='grc' dir='ltr'>βουλαί.</span> 
     </span>
    </p>
   </div>
   <div class='ocr_carea' id='block_1_116' title="bbox 2143 5394 3724 5473">
    <p class='ocr_par' dir='ltr' id='par_1_116' title="bbox 2143 5394 3724 5473">
     <span class='ocr_line' id='line_1_117' title="bbox 2143 5394 3724 5473; baseline 0.001 -24"><span class='ocrx_word' id='word_1_867' title='bbox 2143 5420 2170 5449; x_wconf 82' lang='grc' dir='ltr'>ι(</span> <span class='ocrx_word' id='word_1_868' title='bbox 2198 5398 2315 5450; x_wconf 88' lang='grc' dir='ltr'>Ὅτι</span> <span class='ocrx_word' id='word_1_869' title='bbox 2349 5398 2531 5467; x_wconf 83' lang='grc' dir='ltr'>θήσεις</span> <span class='ocrx_word' id='word_1_870' title='bbox 2590 5394 2784 5458; x_wconf 79' lang='grc' dir='ltr'>αὐτοὺς</span> <span class='ocrx_word' id='word_1_871' title='bbox 2834 5402 3026 5455; x_wconf 87' lang='grc' dir='ltr'>νῶτον,</span> <span class='ocrx_word' id='word_1_872' title='bbox 3059 5424 3087 5450; x_wconf 83' lang='grc'>››</span> <span class='ocrx_word' id='word_1_873' title='bbox 3120 5432 3186 5442; x_wconf 88' lang='grc'><strong>-</strong></span> <span class='ocrx_word' id='word_1_874' title='bbox 3217 5403 3405 5460; x_wconf 85' lang='grc' dir='ltr'>Νῶτος</span> <span class='ocrx_word' id='word_1_875' title='bbox 3460 5397 3662 5473; x_wconf 84' lang='grc' dir='ltr'>γίνεται</span> <span class='ocrx_word' id='word_1_876' title='bbox 3695 5396 3724 5451; x_wconf 87' lang='lat'>6</span> 
     </span>
    </p>
   </div>
   <div class='ocr_carea' id='block_1_117' title="bbox 2074 5481 3724 5565">
    <p class='ocr_par' dir='ltr' id='par_1_117' title="bbox 2074 5481 3724 5565">
     <span class='ocr_line' id='line_1_118' title="bbox 2074 5481 3724 5565; baseline -0.001 -26"><span class='ocrx_word' id='word_1_877' title='bbox 2074 5483 2306 5564; x_wconf 84' lang='grc' dir='ltr'>φεύγων·</span> <span class='ocrx_word' id='word_1_878' title='bbox 2367 5481 2520 5539; x_wconf 75' lang='grc' dir='ltr'>οὐδὲν</span> <span class='ocrx_word' id='word_1_879' title='bbox 2577 5485 2677 5560; x_wconf 81' lang='grc' dir='ltr'>γὰρ</span> <span class='ocrx_word' id='word_1_880' title='bbox 2734 5482 2916 5561; x_wconf 76' lang='grc' dir='ltr'>ἕτερον</span> <span class='ocrx_word' id='word_1_881' title='bbox 2996 5486 3159 5542; x_wconf 78' lang='grc' dir='ltr'>αὐτοῦ</span> <span class='ocrx_word' id='word_1_882' title='bbox 3230 5486 3468 5565; x_wconf 80' lang='grc' dir='ltr'>φαίνεται</span> <span class='ocrx_word' id='word_1_883' title='bbox 3528 5486 3562 5554; x_wconf 77' lang='grc' dir='ltr'>ἢ</span> <span class='ocrx_word' id='word_1_884' title='bbox 3624 5482 3724 5557; x_wconf 59' lang='grc' dir='ltr'>μό.</span> 
     </span>
    </p>
   </div>
   <div class='ocr_carea' id='block_1_118' title="bbox 2068 5575 2442 5636">
    <p class='ocr_par' dir='ltr' id='par_1_118' title="bbox 2068 5575 2442 5636">
     <span class='ocr_line' id='line_1_119' title="bbox 2068 5575 2442 5636; baseline -0.005 -6"><span class='ocrx_word' id='word_1_885' title='bbox 2068 5596 2158 5630; x_wconf 93' lang='grc' dir='ltr'>νον</span> <span class='ocrx_word' id='word_1_886' title='bbox 2186 5575 2214 5629; x_wconf 91' lang='lat'>6</span> <span class='ocrx_word' id='word_1_887' title='bbox 2253 5578 2442 5636; x_wconf 86' lang='grc' dir='ltr'>νῶτος.</span> 
     </span>
    </p>
   </div>
   <div class='ocr_carea' id='block_1_119' title="bbox 2147 5660 3730 5740">
    <p class='ocr_par' dir='ltr' id='par_1_119' title="bbox 2147 5660 3730 5740">
     <span class='ocr_line' id='line_1_120' title="bbox 2147 5660 3730 5740; baseline 0.001 -25"><span class='ocrx_word' id='word_1_888' title='bbox 2147 5689 2174 5716; x_wconf 77' lang='grc' dir='ltr'>(ι</span> <span class='ocrx_word' id='word_1_889' title='bbox 2208 5664 2291 5719; x_wconf 89' lang='grc' dir='ltr'>Ἐν</span> <span class='ocrx_word' id='word_1_890' title='bbox 2341 5667 2462 5725; x_wconf 89' lang='grc' dir='ltr'>τοῖς</span> <span class='ocrx_word' id='word_1_891' title='bbox 2504 5660 2852 5740; x_wconf 87' lang='grc' dir='ltr'>περιλοίποις</span> <span class='ocrx_word' id='word_1_892' title='bbox 2903 5684 3000 5720; x_wconf 87' lang='grc' dir='ltr'>σου</span> <span class='ocrx_word' id='word_1_893' title='bbox 3050 5664 3355 5740; x_wconf 76' lang='grc' dir='ltr'>ἑτοιμάσεις</span> <span class='ocrx_word' id='word_1_894' title='bbox 3400 5664 3463 5720; x_wconf 88' lang='lat'>16</span> <span class='ocrx_word' id='word_1_895' title='bbox 3512 5661 3730 5740; x_wconf 83' lang='grc' dir='ltr'>πρόσω-</span> 
     </span>
    </p>
   </div>
   <div class='ocr_carea' id='block_1_120' title="bbox 2077 5750 3729 5833">
    <p class='ocr_par' dir='ltr' id='par_1_120' title="bbox 2077 5750 3729 5833">
     <span class='ocr_line' id='line_1_121' title="bbox 2077 5750 3729 5833; baseline -0.002 -20"><span class='ocrx_word' id='word_1_896' title='bbox 2077 5776 2182 5814; x_wconf 90' lang='grc' dir='ltr'>πον</span> <span class='ocrx_word' id='word_1_897' title='bbox 2240 5752 2437 5813; x_wconf 87' lang='grc' dir='ltr'>αὐτῶν.</span> <span class='ocrx_word' id='word_1_898' title='bbox 2469 5777 2499 5813; x_wconf 82' lang='grc'><strong>››</strong></span> <span class='ocrx_word' id='word_1_899' title='bbox 2539 5784 2611 5797; x_wconf 92' lang='grc'><strong>-</strong></span> <span class='ocrx_word' id='word_1_900' title='bbox 2651 5755 2825 5812; x_wconf 80' lang='grc' dir='ltr'>Τοῦτο</span> <span class='ocrx_word' id='word_1_901' title='bbox 2872 5754 2990 5812; x_wconf 85' lang='grc' dir='ltr'>καθ’</span> <span class='ocrx_word' id='word_1_902' title='bbox 3039 5750 3339 5833; x_wconf 80' lang='grc' dir='ltr'>ὑπερϐατὸν</span> <span class='ocrx_word' id='word_1_903' title='bbox 3379 5752 3729 5833; x_wconf 77' lang='grc' dir='ltr'>συντάξομεν,</span> 
     </span>
    </p>
   </div>
   <div class='ocr_carea' id='block_1_121' title="bbox 3362 5884 3440 5964">
    <p class='ocr_par' dir='ltr' id='par_1_121' title="bbox 3362 5884 3440 5964">
     <span class='ocr_line' id='line_1_122' title="bbox 3362 5884 3440 5964; baseline 0 -7"><span class='ocrx_word' id='word_1_904' title='bbox 3362 5884 3440 5964; x_wconf 63' lang='lat'>65</span> 
     </span>
    </p>
   </div>
  </div>
