4072 6448
383 384 538 455 1419

1635 384 2058 448 NIGEPHORI
2102 381 2542 446 BLEMMIDIE

3643 385 3830 446 1420

355 525 428 582 ἐί
479 521 780 598 μέλλοιμεν
832 525 1162 596 συντηρῆσαι
1209 521 1309 590 τὴν
1369 516 1692 576 ἀκολουθίαν
1749 523 1851 588 τῆς
1910 514 2026 573 δια·
2055 519 2112 587 Α
2140 536 2258 587 σου,
2291 539 2320 569 ››
2347 515 2593 572 τουτέστι
2639 518 2758 578 τοῖς
2809 513 2860 588 ἐξ
2908 512 3086 570 αὐτῶν
3130 510 3549 571 πεπιστευκόσιν
3608 515 3694 580 εἷς
3757 517 3828 574 σὲ

375 613 544 677 νοίαςο
578 614 689 668 οἷον
751 611 802 667 ἐν
858 616 977 674 τοῖς
1033 607 1380 684 περιλοίποις
1424 609 1599 665 αὐτῶν
1632 607 1938 682 ἐτοιμάσεις
1967 608 2033 664 τὸ

358 703 695 781 ’πρόσωπονο
727 700 998 757 τουτέστιν
1028 697 1143 755 οὐδ’
1173 699 1224 754 οἱ
1254 696 1681 777 περιλειφθέντες
1711 697 1818 753 ἀπὸ
1845 703 1946 766 τῆς
1978 695 2032 752 ἐν

377 795 457 866 τῷ
506 788 740 865 πολέμου
815 795 1051 869 σφαγῆς,
1110 787 1200 844 καὶ
1286 787 1360 851 εἷς
1445 788 1658 866 σφαγὴν
1741 790 2031 860 τραπέντες

359 881 740 952 σωθήσονται,
773 875 921 934 ἀλλὰ
946 876 1036 933 καὶ
1065 878 1183 932 κατ’
1213 876 1385 931 αύτῶν
1435 875 1735 945 ἐπισκοπὴν
1781 876 1880 944 τὴν
1931 875 2029 944 σὴν

377 967 710 1044 εὖτρεπίσεις
741 965 878 1022 ὥστε
906 967 983 1040 μὴ
1017 963 1290 1045 διαφυγεῖν
1320 963 1537 1029 αὐτούς.

361 1064 372 1077 ’
452 1099 483 1129 ‹‹
513 1075 810 1150 Ὑψώθητι,
842 1071 1025 1150 Κύριε,
1058 1071 1112 1128 ἐν
1141 1075 1210 1147 τῇ
1242 1069 1465 1147 δυνάμει
1511 1093 1627 1130 σου.
1663 1095 1694 1124 ››
1718 1103 1789 1115 -
1815 1072 1904 1126 Ἐν
1951 1071 2033 1144 τῷ

381 1159 605 1239 ἐϐδόμῳ
635 1161 842 1238 ψαλμῷ
871 1163 1253 1239 σεσαφήνισται
1279 1161 1334 1217 τί
1362 1160 1616 1236 σημαίνει
1646 1161 1711 1217 τὸ
1761 1161 2030 1235 ὑψώθητι·

377 1254 443 1310 τὸ
469 1252 642 1330 παρὸν
667 1251 770 1328 γὰρ
801 1249 966 1328 ῥητὸν
995 1251 1187 1306 ταυτὸν
1238 1249 1455 1307 δύναται
1515 1253 1616 1323 τῷ,
1647 1249 1920 1325 Ὑψώθητι
1979 1246 2030 1304 έν

368 1345 496 1406 ’τοῖς
524 1343 719 1419 πέρασι
754 1343 864 1395 τῶν
898 1338 1106 1417 ἐχθρῶν
1135 1360 1250 1397 σου.

453 1470 483 1502 ιι
504 1449 745 1523 ’ᾼσομεν
790 1446 880 1504 καὶ
937 1445 1217 1522 ψαλοῦμεν
1290 1447 1384 1510 τὰς
1461 1443 1765 1510 δυναστείας
1823 1467 1940 1503 σου.
2003 1469 2027 1499 ν

361 1537 447 1584 ’--
476 1538 562 1596 Ἐν
589 1541 670 1610 τῷ
699 1535 846 1593 τέλει
900 1540 1000 1591 τοῦ
1038 1532 1347 1592 δωδεκάτου
1395 1533 1622 1610 ψαλμοῦ
1669 1529 2031 1611 προδιελάϐο-

381 1648 477 1702 μεν
532 1625 588 1682 τί
638 1624 926 1702 βούλονται
979 1626 1044 1680 τὸ
1101 1621 1216 1696 ᾅσω
1272 1625 1363 1680 καὶ
1411 1623 1594 1699 ψαλῶ.
1627 1625 1785 1688 Τινὲς
1827 1621 1886 1679 δέ
1938 1622 2029 1680 καὶ

372 1715 467 1772 τὸν
525 1714 767 1790 παρόντα
807 1712 1027 1789 ψαλμὸν
1071 1717 1152 1786 τῷ
1199 1710 1363 1768 Δαυῖδ
1411 1712 1736 1789 ἀρμόζουσι·
1773 1711 2031 1789 λέγοντες

377 1805 510 1879 ὑπὲρ
569 1804 762 1860 ἑαυτοῦ
814 1807 1006 1859 τοῦτον
1065 1802 1208 1874 ᾆσαι.
1267 1803 1333 1859 El
1387 1799 1447 1858 δὲ
1499 1807 1662 1859 τοῦτο
1747 1799 2029 1877 δεξόμεθα,

2140 605 2233 661 τὸν
2290 605 2411 660 Υἱὸν
2466 603 2557 660 καὶ
2637 601 3008 683 ὑπολειφθεῖσί
3069 623 3176 677 σοι,
3235 602 3568 678 ἐτοιμασεις,
3627 601 3822 683 ἤγουν

2140 695 2439 768 κοσμήσεις
2492 694 2584 748 καὶ
2639 690 2878 764 δοξάσεις
2931 692 2996 746 τὸ
3052 691 3210 767 γένος
3269 691 3470 748 αὐτῶν·
3513 690 3645 766 δόξα
3707 695 3824 773 γὰρ

2139 789 2255 847 τοῖς
2285 778 2561 860 Ἑϐραίοις
2587 783 2725 845 τέως
2753 781 2837 838 6'1:
2877 782 3105 858 πατέρες
3163 785 3271 837 τῶν
3326 781 3656 840 ἀποστόλων
3726 807 3825 860 γε·

2140 871 2379 950 γόνασιν.
2412 872 2476 928 Εἰ
2506 872 2596 928 καὶ
2625 873 2745 937 καθ’
2796 870 3021 935 ἑαυτοὺς
3050 869 3234 942 ἄδοξοί
3274 871 3376 926 είσι
3439 872 3530 928 καὶ
3579 874 3822 952 φευκτοὶ

2142 961 2456 1038 ἀρμόζομεν
2487 959 2706 1037 ψαλμὸν
2736 965 2927 1017 τοῦτον
2956 960 3047 1017 καὶ
3074 964 3156 1033 τῷ
3191 959 3409 1037 βασιλεῖ
3459 964 3625 1037 ἡμῶν
3670 965 3823 1021 κατὰ

2138 1056 2250 1109 τῶν
2285 1047 2573 1130 βαρϐάρων
2605 1051 2681 1114 ὡς
2707 1051 2797 1107 καὶ
2824 1051 2915 1107 τὸν
2947 1049 3262 1128 πρότερονές

2655 1239 2658 1244 ·
2730 1213 3034 1270 ΨΑΛΜΟΣ
3073 1212 3200 1269 KA'.

2215 1381 2244 1411 «
2273 1357 2370 1420 Εἷς
2415 1355 2480 1414 τὸ
2527 1355 2708 1432 τέλος,
2741 1356 2873 1434 ὑπὲρ
2921 1363 3023 1426 τῆς
3082 1353 3430 1430 ἀντιλήψεως
3481 1362 3588 1427 τῆς
3647 1357 3816 1423 ἑωθι-

2140 1453 2256 1518 νῆς,
2287 1443 2508 1521 ψαλμὸς
2535 1451 2616 1519 τῷ
2644 1443 2832 1504 Δαυῖδ.
2868 1469 2890 1498 ι
2924 1478 2996 1489 -
3041 1445 3098 1500 Ὀ
3145 1442 3368 1520 ψαλμὸς
3418 1443 3580 1510 οὗτος
3640 1468 3816 1525 φανε-

2142 1539 2251 1613 ρῶς
2305 1537 2383 1600 είς
2449 1535 2679 1613 Χριστὸν
2756 1535 3025 1612 ἀνάγεταισ
3112 1533 3472 1612 προαγορεύει
3557 1536 3669 1613 γὰρ
3744 1539 3817 1594 τὰ

2137 1630 2236 1682 τοῦ
2282 1623 2722 1703 προσλήμματος
2751 1623 2842 1681 καὶ
2869 1625 2939 1681 τὰ
2975 1627 3074 1680 τοῦ
3116 1623 3394 1700 σωτηρίου
3438 1625 3648 1688 πάθους
3709 1626 3814 1681 αύ-

2135 1719 2237 1771 τοῦ
2295 1714 2330 1769 ἃ
2382 1712 2543 1777 τέλος
2595 1713 2907 1793 εἰλήφασιν.
2964 1713 3124 1789 Ὑπὲρ
3182 1719 3285 1783 τῆς
3336 1711 3691 1789 ἀντιλήψεως
3750 1713 3814 1772 δὲ

2139 1802 2532 1882 ἐπιγέγραπται
2585 1800 2676 1860 διὰ
2730 1803 2795 1859 τὸ
2855 1802 3129 1880 περιέχειν
3201 1800 3408 1858 ἱκεσίαν
3493 1803 3631 1881 ὑπὲρ
3703 1808 3813 1860 τοῦ

373 1893 578 1951 κωλύει
635 1893 740 1969 γὰρ
798 1889 974 1966 οὐδὲν,
1019 1890 1538 1968 μεθερμηνεύσωμεν
1593 1892 1663 1948 τὰ
1719 1891 1876 1969 ῥητάο
1935 1891 2027 1947 καὶ
2057 1901 2105 1968 Β
2135 1893 2311 1959 ἐλθεῖν
2373 1893 2520 1966 αὐτῷ
2573 1894 2720 1970 παρά
2771 1897 2870 1948 τοῦ
2923 1893 3135 1970 Πατρὸς
3191 1889 3245 1948 ἐν
3291 1896 3373 1965 τῷ
3439 1893 3620 1969 καιρῷ
3705 1898 3814 1950 τοῦ

372 1985 473 2060 γὰρ
526 1981 718 2036 αὐτίκα
768 1981 854 2054 τὸ,
888 2003 918 2034 (ι
950 1981 1037 2036 Ἐν
1093 1983 1163 2054 τῇ
1227 1977 1453 2053 δυνάμει
1512 2001 1607 2035 σου
1664 1978 2026 2057 εὐφρανθήσε-

371 2091 460 2128 ται
515 2071 608 2127 καὶ
663 2069 752 2125 ἐπὶ
805 2073 887 2142 τῷ
942 2069 1201 2144 σωτηρίῳ
1257 2066 1673 2145 ἀγαλλιάσεται,
1704 2093 1733 2122 ››
1795 2065 1887 2123 διὰ
1930 2069 2023 2124 τὸν

371 2160 604 2238 Χριστὸν
675 2159 922 2236 εἰρῆσθαι
993 2162 1288 2234 νοήσομενο
1359 2158 1475 2215 ἐπεὶ
1547 2159 1650 2236 γὰρ
1709 2160 1738 2216 6
1796 2160 2026 2235 Χριστὸς

370 2250 462 2307 καὶ
517 2254 653 2306 Θεοῦ
711 2248 820 2305 ἐστι
880 2247 1130 2324 δύναμις·
1163 2249 1298 2327 φησὶ
1349 2248 1454 2325 γὰρ
1486 2250 1516 2304 6
1551 2249 1721 2324 μέγας
1780 2249 2022 2312 Παῦλοςο

371 2363 403 2393 ι(
434 2335 667 2417 Χριστὸς
723 2342 857 2396 Θεοῦ
911 2335 1162 2413 δύναμις,
1197 2362 1226 2390 ››
1273 2337 1364 2393 καὶ
1420 2336 1585 2394 πάλιν
1645 2339 1674 2394 6
1725 2336 1885 2401 αύτὸς
1932 2337 2024 2393 καὶ

370 2430 557 2505 σωτήρ
635 2427 765 2485 ἐστι’
826 2426 959 2507 φησὶ
1039 2428 1141 2506 γὰρ
1196 2429 1225 2484 ὁ
1273 2426 1700 2504 Εύαγγελιστήςσ
1760 2451 1790 2480 ‹‹
1847 2425 2024 2490 Αὐτὸς

359 2516 476 2594 ’γὰρ
525 2517 696 2574 ’σώσει
745 2517 838 2574 τὸν
898 2516 1031 2574 λαὸν
1087 2515 1276 2572 αύτοῦο
1307 2539 1339 2570 »
1370 2516 1508 2594 πρὸς
1571 2517 1666 2592 μὶν
1699 2517 1791 2572 τὸν
1851 2517 2023 2572 Πατέ-

370 2625 439 2683 ρα
497 2603 632 2679 εἶπε,
669 2627 700 2660 ιι
752 2604 940 2679 Κύριε,
995 2603 1047 2660 ἐν
1104 2607 1176 2679 τῇ
1234 2601 1461 2679 δυνάμει
1515 2623 1632 2660 σου·
1683 2627 1705 2656 ιι
1767 2603 1906 2679 πρὸς
1965 2599 2024 2658 δὲ

359 2694 460 2750 *τὸν
517 2694 662 2769 Υἱὸν,
697 2717 727 2748 (ι
781 2695 885 2754 Καὶ
943 2693 1032 2749 ἐπὶ
1083 2698 1165 2767 τῷ
1221 2693 1480 2769 σωτηρίῳ
1537 2715 1656 2764 σου,
1689 2716 1719 2746 ››
1776 2693 2020 2749 τουτέστι

366 2786 437 2858 τῇ
493 2784 641 2860 παρᾶ
691 2787 789 2838 σοῦ
854 2782 1117 2860 γινομένῃ
1176 2782 1422 2860 σωτηρίᾳ
1500 2787 1609 2838 τῶν
1691 2781 2016 2860 ἀνθρώπων·

359 2870 514 2930 ὀὕτω
569 2870 628 2928 δὶ
672 2871 765 2928 καὶ
821 2872 897 2936 είς
949 2873 1015 2929 τὸ
1071 2873 1216 2944 ὲξῆςο
1246 2872 1315 2928 τὰ
1347 2873 1441 2946 μὲν
1472 2871 1611 2950 πρὸς
1665 2872 1758 2927 τὸν
1786 2870 2020 2945 Πατέρα,

364 2961 434 3018 τὰ
464 2959 522 3018 δὲ
550 2962 686 3039 πρὸς
713 2962 808 3018 τὸν
846 2963 966 3018 Υἱὸν
1025 2959 1231 3039 λέγοιτ’
1285 2959 1368 3018 ἄν.
1403 2960 1501 3016 Καὶ
1559 2955 1729 3023 ϐντως
1787 2958 2023 3039 ηὐφράν-

365 3051 434 3122 θη
493 3051 582 3107 καὶ
638 3050 1018 3128 ἠγαλλιάσατο
1077 3049 1242 3107 Δαυῗδ
1318 3051 1647 3125 θεασάμενος
1733 3050 1822 3106 καὶ
1886 3050 2020 3124 μετά

365 3141 592 3206 θάνατον
647 3141 712 3197 τὸ
764 3147 867 3212 τῆς
922 3140 1069 3204 θείας
1146 3140 1607 3217 ἐνανθρωπήσεως
1696 3141 2014 3216 μυστήριον.

361 3229 429 3288 El
483 3231 586 3307 γὰρ
615 3232 716 3300 τὴν
748 3230 924 3306 ἀχλὺν
951 3237 1053 3300 τῆς
1092 3232 1288 3308 σαρκὸς
1337 3229 1716 3307 περικείμενος
1765 3225 1847 3286 ἓτι
1902 3234 2018 3292 τοῖς

360 3326 464 3390 τῆς
494 3323 682 3395 ψυχῆς
713 3317 1023 3398 ἀφθαλμοῖς
1056 3317 1164 3376 εἶδε
1189 3319 1258 3375 τὰ
1296 3317 1592 3393 μέλλοντα,
1632 3316 1832 3391 πολλῷ
1874 3318 2016 3393 μᾶλ-

365 3398 463 3464 λον
516 3407 715 3478 ταύτην
771 3407 1131 3482 ἀποθέμενος,
1177 3408 1552 3483 καθαοώτερον
1599 3407 1744 3482 ἐώρα
1789 3407 1880 3463 καὶ
1925 3428 2023 3479 τη-

365 3495 723 3573 λαυγέστερον
771 3518 784 3533 σ
833 3497 1150 3560 ἀκολούθως
1206 3495 1266 3552 δὲ
1311 3498 1402 3552 καὶ
1450 3496 1736 3570 ἐπιθυμίαν
1795 3493 2021 3574 καρδίας

369 3583 792 3660 ὑποληψόμεθα,
821 3587 913 3641 τὸν
945 3585 1240 3660 μόθοντοῦ
1291 3583 1424 3641 ἰδεῖν
1467 3586 1566 3655 τήν
1611 3589 1711 3641 τοῦ
1762 3591 2021 3661 Σωτῆρος

363 3675 778 3750 ’ἐνανθρώπησιν
809 3677 876 3746 ἧς
905 3673 1126 3752 προεῖδε
1147 3676 1238 3731 τὸν
1275 3675 1468 3732 τύπον.
1519 3672 1751 3746 Θέλησις
1807 3671 1865 3729 δὲ
1908 3678 2018 3730 τῶν

369 3763 606 3842 χειλέῶν
635 3765 699 3821 τὸ
729 3763 904 3829 θέλειν
937 3763 1027 3821 διὰ
1053 3765 1252 3829 παντὸς
1292 3762 1436 3837 ᾅδειν
1493 3768 1627 3837 Θεῷ.
1688 3764 1792 3822 Καὶ
1839 3764 2019 3838 μέντοι

368 3853 462 3913 καὶ
518 3851 634 3927 ᾄδει
689 3856 938 3929 πάντοτε,
995 3860 1114 3918 τοῖς
1167 3859 1276 3912 τῶν
1321 3857 1525 3910 πιστῶν
1556 3853 1766 3929 χείλεσι
1798 3854 2021 3930 χρώμε-

353 3963 460 4010 νος
491 3966 506 3983 ο
541 3947 685 4017 ζωὴν
745 3943 804 4002 δὲ
847 3945 1091 4021 ᾐτήσατο
1137 3945 1229 4001 καὶ
1280 3939 1464 4017 ἔλαϐε,
1512 3942 1787 4006 πολλάκις
1840 3940 2022 3999 κινδυ-

365 4033 557 4098 νεύσας
613 4035 898 4091 ἀποθανεῖν
957 4035 1090 4111 ὑπὶρ
1148 4032 1360 4111 ἐχθρῶν
1417 4033 1507 4089 καὶ
1566 4031 1812 4109 διέύχῆς
1862 4053 2016 4109 περι-

365 4123 582 4189 σωθείς.
643 4122 872 4201 Μεγάλη
933 4121 992 4179 δὲ
1040 4126 1077 4193 ἡ
1135 4121 1262 4194 δόξα
1316 4122 1481 4178 αὐτοῦ
1537 4121 1589 4178 ἐν
1629 4127 1708 4196 τῷ
1735 4120 2014 4198 σωτηρίῳ,

360 4213 607 4270 τουτέστι
668 4211 758 4268 διὰ
811 4214 911 4282 τὴν
957 4213 1105 4290 παρᾶ
1173 4217 1270 4268 σοῦ
1349 4212 1646 4287 σωτηρίαν.
1717 4210 2009 4286 Ἐδοξάσθη

347 4303 464 4380 ίγάρ
521 4301 766 4376 ἀληθῶς,
821 4301 905 4358 6'1:
963 4301 1026 4358 ἐκ
1076 4308 1178 4374 τῆς
1237 4301 1390 4380 ῥίζης
1451 4301 1616 4358 αὐτοῦ
1674 4303 1710 4372 ἡ
1769 4302 2016 4379 σωτηρία

346 4393 520 4465 ’ἡμῶν
572 4386 892 4464 ἐϐλάστησε,
941 4392 1032 4447 καὶ
1092 4392 1256 4469 μέγας
1327 4391 1516 4469 γέγονε
1583 4391 1674 4446 καὶ
1745 4387 2012 4469 περιϐόη-

347 4499 473 4542 τος.
504 4479 800 4559 Εὗφρανεῖς
832 4478 890 4537 δὲ
918 4480 1077 4538 αὐτὸν
1130 4480 1182 4535 ἐν
1243 4486 1391 4558 χαρᾷ
1451 4481 1587 4555 μετὰ
1637 4485 1736 4536 τοῦ
1793 4482 2008 4537 πονσώ-

354 4588 464 4624 που
495 4589 612 4642 σου,
645 4570 762 4625 ἀντὶ
790 4575 888 4625 τοῦ
933 4571 1156 4647 τέρψτις
1199 4569 1359 4625 αὐτὸν
1415 4566 1505 4624 διὰ
1549 4573 1648 4624 τοῦ
1694 4571 1825 4625 Υἱοῦ
1867 4591 1962 4625 σου
1993 4589 2006 4604 ·

2050 3277 2092 3346 C
2132 3277 2616 3398 ἐγκατέλιπέςημε
2624 3277 2658 3390 v;
2715 3277 2744 3371 2;

2134 1985 2337 2046 πάθους
2435 1981 2726 2057 ἀντίληψιν
2792 1979 3166 2058 ἐνισχύουσαν.
3240 1987 3353 2051 Τῆς
3423 1982 3655 2053 ἑωθινῆς
3747 1981 3812 2040 36

2133 2072 2472 2150 πρόσκειται,
2521 2072 2639 2128 ἀντὶ
2685 2075 2783 2127 τοῦ
2828 2077 2930 2142 τῆς
2966 2075 3066 2126 τοῦ
3125 2073 3381 2145 Χριστοῦ·
3429 2066 3632 2145 ὄρθρος
3691 2074 3810 2152 γάρ

2135 2161 2292 2225 οὗτος
2335 2160 2680 2235 ὀνομάζεται,
2712 2158 2744 2216 6'
2771 2159 2912 2217 ἐστιν
2967 2159 3179 2235 ἡμέρας
3229 2160 3403 2237 ἀρχή·
3462 2154 3638 2224 ὅντως
3689 2164 3808 2240 γὰρ

2135 2249 2401 2306 ἀνέτειλεν
2433 2253 2570 2325 ἡμῖν
2601 2257 2703 2321 τῆς
2735 2248 2785 2304 ἐν
2816 2254 2896 2322 τῷ
2953 2248 3132 2304 σκότει
3188 2255 3292 2318 τῆς
3345 2247 3563 2320 πλάνης
3624 2252 3810 2322 καθη-

2138 2342 2321 2414 μένοις
2357 2338 2522 2410 ἥλιος
2587 2336 2960 2408 δικαιοσύνης,
3007 2339 3099 2393 καὶ
3159 2342 3277 2417 φῶς
3347 2339 3632 2414 γνώσεως
3686 2341 3808 2397 ἱκε-

2130 2429 2272 2485 τεύει
2321 2426 2379 2484 δέ
2424 2429 2500 2492 ὡς
2545 2425 2824 2505 ἅνθρωπος
2875 2424 3142 2482 διδάσκων
3192 2422 3447 2504 ε’ύχεσθαι
3504 2429 3647 2484 κατά
3702 2431 3805 2487 τὸν

2129 2522 2227 2574 τοῦ
2284 2516 2511 2573 θανάτου
2566 2517 2775 2591 καιρόνο
2835 2514 2988 2596 φύσει
3047 2515 3152 2592 γὰρ
3235 2515 3359 2570 τότε
3412 2516 3506 2571 καὶ
3565 2517 3596 2571 6
3655 2516 3806 2574 πάνυ

2133 2605 2340 2670 δίκαιος
2398 2603 2578 2679 δειλιᾷ
2631 2607 2694 2662 τὸ
2741 2607 2922 2662 καινὸν
2971 2611 3074 2675 τῆς
3125 2601 3463 2676 διαζεύξεως.
3512 2608 3671 2670 Τινὲς
3743 2604 3806 2664 86

2130 2700 2380 2759 νοοῦντες
2410 2695 2664 2770 πρόθεσιν
2696 2695 2812 2750 ἀντὶ
2840 2695 3195 2769 προθέσεως,.
3227 2691 3350 2759 ἔθος
3373 2695 3477 2772 γὰρ
3507 2695 3600 2750 καὶ
3630 2701 3797 2752 τοῦτο

2128 2791 2246 2849 τοῖς
2275 2785 2556 2857 παλαιοῖς,
2585 2785 2712 2864 φασὶ
2740 2786 2831 2840 τὸν
2865 2783 3085 2859 ψαλμὸν
3115 2787 3308 2840 τοῦτον
3340 2783 3477 2840 εἶναι
3506 2784 3635 2862 περὶ
3684 2791 3796 2842 τῶν

2129 2879 2314 2940 παθῶν
2343 2878 2440 2930 τοῦ
2469 2878 2724 2951 Χριστοῦο
2755 2877 2924 2929 ταῦτα
2952 2873 3056 2950 γὰρ
3091 2873 3223 2928 εἰσιν
3253 2873 3451 2943 ἑωθινὴ
3493 2873 3794 2950 ἀντίληψις

2131 2961 2215 3019 ὅτι
2243 2963 2368 3018 τότε
2399 2961 2610 3037 μᾶλλον
2645 2956 2970 3018 ἀντελάϐετο
3001 2963 3162 3036 ἡμῶν
3194 2961 3223 3016 6
3255 2959 3532 3033 δηλωθεὶς
3563 2957 3778 3039 ὄρθρος,

2130 3051 2161 3107 6'
2185 3053 2295 3108 ἐστι
2326 3051 2578 3129 Χριστός·
2611 3053 2824 3126 θανάτῳ
2854 3052 3081 3122 νικήσας
3115 3051 3207 3106 τὸν
3247 3049 3311 3106 τὸ
3341 3052 3541 3129 κράτος
3585 3049 3777 3128 ἔχοντα

2126 3147 2224 3198 τοῦ
2255 3141 2501 3199 θανάτου.

2203 3256 2233 3285 ‹‹
2274 3232 2332 3286 Ὁ
2409 3231 2560 3302 Θεὸς,
2621 3231 2649 3285 6
2723 3229 2854 3293 Θεός
2935 3251 3039 3304 μου
3114 3228 3391 3307 πρόσσχες
3471 3249 3578 3304 μοι·
3635 3228 3777 3285 ὶνατί

2801 3351 2871 3362 —-
2929 3318 3146 3381 Δειλίας
3209 3320 3306 3395 μὶν
3354 3318 3696 3396 ἀνθρωπίνης
3755 3320 3786 3375 6

2131 3409 2314 3487 λόγος·
2373 3414 2657 3465 πιστοῦται
2712 3405 2770 3464 δὲ
2824 3412 2987 3464 τοῦτο
3053 3410 3152 3478 τήν
3235 3407 3642 3486 ένανθρώηησιν
3704 3409 3788 3464 ὅτι

2128 3499 2337 3563 τέλειος
2398 3497 2470 3554 ὢν
2533 3500 2839 3574 ἄνθρωπος’
2891 3497 2982 3553 καὶ
3039 3502 3120 3572 τῷ
3175 3502 3386 3577 φυσικῷ
3463 3493 3621 3577 φόϐῳ
3697 3500 3797 3554 ὕπ-

2131 3588 2323 3645 έκειτο.
2412 3588 2658 3666 Πρόσχες
2738 3607 2852 3662 μοι·
2928 3587 3148 3651 εἰώθασι
3223 3589 3329 3664 γὰρ
3385 3588 3438 3642 οἱ
3518 3607 3796 3665 παραχω.

2131 3677 2350 3756 ροῦντές
2404 3700 2527 3734 τινα
2585 3675 2809 3752 δημίοις
2870 3676 3224 3755 ἀποστρέφειν
3287 3679 3386 3738 τὰς
3447 3672 3600 3752 ὄψεις
3666 3678 3794 3733 ἐαυ-

2127 3773 2258 3823 τῶν.
2317 3770 2433 3825 Ἵνα
2487 3767 2538 3823 τί
2601 3789 2669 3842 με
2725 3763 3095 3843 ἐγκατέλιπες
3145 3768 3238 3822 καὶ
3325 3768 3436 3840 μὴν
3522 3764 3797 3824 οὐδέποτε

2131 3853 2314 3926 διέστη
2374 3855 2560 3929 αὐτοῦ,
2617 3855 2753 3926 ἅπαξ
2811 3853 3102 3919 ἐνωθέντος
3156 3859 3237 3927 τῷ
3310 3855 3420 3927 Υἱῷ
3484 3852 3578 3910 καί
3640 3860 3785 3930 Θεῷ-

2129 3942 2257 4000 ἀλλ’
2287 3942 2766 4022 ἐγκαταλελεῖφθαι
2823 3941 2972 4019 λέγει
3018 3940 3109 3998 διὰ
3151 3945 3251 4012 τήν
3301 3940 3531 3999 δειλίαν·
3573 3943 3622 3999 εἴ
3681 3946 3789 4023 γὰρ

2129 4033 2215 4106 σὺ,
2272 4033 2428 4112 φησὶ,
2485 4035 2584 4104 τὴν
2655 4031 2793 4109 ααρᾶ
2865 4035 2963 4087 σοῦ
3035 4031 3290 4107 βοήθειαν
3370 4029 3623 4110 ἐπέσχες,
3687 4033 3792 4090 οὐκ

2126 4123 2186 4179 ἂν
2220 4123 2329 4200 ἐγὼ
2383 4123 2474 4178 τὸν
2516 4123 2742 4178 θάνατον
2801 4117 3095 4177 ἐδειλίασα·
3128 4119 3254 4192 περὶ
3309 4119 3514 4193 ταύτης
3565 4118 3626 4178 δὲ
3679 4129 3790 4194 τῆς

2125 4211 2334 4276 δειλίας
2388 4210 2477 4268 καί
2535 4212 2587 4267 οἱ
2644 4208 3016 4288 εὖαγγελισταὶ
3067 4206 3340 4281 διεξίασιν·
3374 4209 3459 4265 6'1:
3487 4209 3578 4266 καὶ
3607 4231 3784 4287 προσ-

2123 4304 2322 4376 ηύξατο
2378 4299 2669 4377 παρελθεῖν
2724 4301 2788 4355 τὸ
2839 4303 2939 4355 τοῦ
3009 4298 3239 4364 θανάτου
3313 4301 3604 4374 ποτήριον·
3689 4301 3784 4356 καὶ

2120 4394 2251 4450 αὐτὸ
2283 4390 2342 4448 δὲ
2372 4391 2488 4447 εἶπε
2512 4391 2576 4446 τὸ
2603 4393 2703 4446 τοῦ
2726 4387 2952 4465 ψαλμοῦ
2993 4388 3156 4466 ῥητὸν
3217 4387 3306 4444 ἐπὶ
3360 4393 3462 4444 τοῦ
3517 4395 3781 4467 σταυροῦ.

2121 4508 2150 4538 (ι
2181 4482 2278 4539 Θεέ
2309 4502 2416 4555 μου
2440 4478 2532 4536 ’ίνα
2553 4480 2608 4536 τί
2640 4478 2988 4556 ἐγκατέλιπες
3013 4504 3029 4550 ;
3057 4475 3230 4554 ἤγουν
3257 4474 3351 4533 τίνα
3376 4477 3431 4534 τί
3465 4499 3533 4552 με
3561 4478 3784 4556 ἐγκατέ-

2119 4571 2277 4635 λιπες
2309 4571 2384 4634 εἷς
2415 4568 2618 4626 δειλίαν
2643 4589 2660 4641 ;
2691 4566 2852 4632 εἰδὼς
2885 4566 2969 4624 6'1:
2998 4569 3062 4623 16
3096 4567 3191 4641 μὲν
3222 4572 3439 4641 πνεῦμα
3466 4567 3781 4646 πρόθυμον,

350 4657 647 4735 πρόσωπον
679 4658 785 4735 γὰρ
843 4660 1053 4736 Πατρὸς
1085 4660 1114 4714 ὁ
1143 4654 1268 4721 Υἱός
1299 4677 1312 4691 ·
1346 4658 1478 4737 φησὶ
1535 4659 1660 4737 γὰρ,
1723 4682 1753 4713 ‹‹
1809 4665 1850 4715 Ο
1907 4659 2006 4716 ἒω-
2033 4653 2082 4720 D
2113 4665 2148 4732 ἡ
2182 4660 2240 4717 δὲ
2295 4660 2424 4737 σαρξ
2473 4659 2722 4730 ἀσθενής⁹
2761 4659 2824 4728 ἢ,
2865 4657 2964 4712 Διὰ
3007 4656 3061 4712 τί
3111 4677 3179 4732 με
3223 4657 3637 4735 παρεχώρησας
3695 4663 3782 4733 τῷ

349 4747 536 4822 ρακὼς
565 4747 662 4822 ἐμὲ
712 4748 919 4824 ἑώρακε
965 4749 1058 4804 τὸν
1103 4748 1317 4823 Πατέρα
1351 4769 1455 4821 μου
1489 4767 1504 4781 ο
1537 4747 1770 4825 ἐχθροὺς
1819 4745 1877 4804 δέ
1903 4753 2003 4805 τοῦ

350 4840 486 4892 Θεοῦ
535 4839 754 4908 νοήσεις
810 4836 938 4901 τοὺς
995 4837 1384 4914 μισοχρίστους
1445 4835 1741 4900 Ἰουδαίους
1800 4839 1880 4901 οἷς
1909 4840 2000 4894 καὶ

344 4926 414 4980 τὰ
470 4921 745 5003 δεινότερα
800 4926 1064 5003 ἐπαρᾶται
1116 4927 1207 4981 καὶ
1252 4925 1586 5005 προφητεύει
1616 4926 1998 4983 ἅπεπόνθασιν

344 5014 420 5068 ὧν
462 5014 526 5070 τὸ
583 5013 800 5090 σπέρμα
854 5013 1182 5092 πανολεθρίᾳ
1236 5013 1493 5094 διεφθάρη
1541 5058 1553 5072 .
1615 5015 1829 5088 δηλαδή
1886 5023 1995 5075 τῶν

341 5103 760 5178 σταυρωσάντων
820 5105 910 5160 τὸν
965 5105 1161 5180 Κύριον
1191 5125 1204 5139 ·
1250 5107 1302 5160 οἱ
1359 5106 1462 5182 γὰρ
1516 5105 1567 5160 ἐν
1623 5111 1741 5169 ταῖς
1772 5105 1995 5163 διασπο-

342 5197 461 5265 ραῖς
521 5191 938 5272 διαπεφεύγασιν
1000 5194 1204 5250 ἐκεῖνον
1255 5195 1346 5250 τὸν
1408 5191 1657 5271 ὄλεθρον.
1718 5219 1747 5249 (ι
1799 5199 1992 5268 Θήσεις

340 5275 400 5333 δὲ
451 5281 648 5345 αὐτοὺς
699 5283 775 5345 ὡς
831 5279 1090 5339 κλίϐανον
1150 5285 1321 5361 πυρὸς
1379 5283 1430 5339 ἐν
1505 5283 1586 5357 τῷ
1651 5290 1828 5360 καιρῷ
1893 5291 1993 5342 τοῦ

336 5371 636 5444 προσώπου
693 5393 790 5427 σου
823 5393 835 5404 ⁸
888 5396 916 5425 η
969 5370 1184 5444 δηλαδὴ
1230 5373 1326 5428 τοὺ
1379 5375 1506 5428 Υἱοῦ
1560 5396 1675 5445 σου,
1707 5376 1884 5438 καθὼς
1915 5376 1989 5431 εἴ-

337 5459 581 5531 ρήκαμεν
627 5481 639 5494 ’
703 5462 838 5533 μετά
885 5464 987 5538 γὰρ
1043 5464 1142 5532 τὴν
1199 5459 1493 5536 ἐπιδημίαν
1555 5463 1739 5538 αὐτοῦ,
1828 5470 1988 5520 τοῦτο

333 5547 648 5618 πεπόνθασι,
707 5549 796 5604 καὶ
854 5549 1087 5626 ἤρξαντο
1147 5553 1262 5607 κατ’
1339 5553 1513 5607 αὐτῶν
1591 5555 1847 5629 φύρεσθαι
1922 5555 1989 5610 τά

331 5631 529 5689 δεινά·
566 5636 745 5715 ἀφ’οὗ
803 5639 831 5692 ὁ
890 5640 1119 5716 Χριστὸς
1178 5641 1320 5696 εἶπεν
1367 5642 1574 5717 αὐτοῖς,
1643 5669 1663 5696 ι
1726 5645 1984 5718 Ἀρθήσε-

323 5743 416 5788 σαι
447 5722 536 5815 ἀφ’
569 5725 720 5808 ὑμῶν
751 5727 786 5806 ἡ
823 5727 1079 5814 βασιλεία
1112 5749 1124 5764 ο
1161 5753 1192 5787 ››
1222 5729 1273 5791 έν
1311 5729 1369 5792 δέ
1394 5737 1511 5800 τοῖς
1555 5753 1579 5789 ι
1628 5729 1984 5820 περιλοίποις

2113 4749 2343 4824 θανάτῳ,
2370 4750 2656 4825 γινώσκων
2690 4747 2775 4803 6'1:
2808 4744 2963 4803 οὐδὲν
2996 4745 3241 4821 ἥμαρτεν
3286 4743 3435 4819 ἄξιον
3493 4748 3774 4818 θανάτους

2183 4840 2464 4916 «Μακράν
2522 4837 2628 4893 ἀπὸ
2681 4844 2784 4907 τῆς
2841 4836 3116 4914 σωτηρίας
3177 4857 3283 4910 μου
3343 4837 3398 4892 οὶ
3428 4834 3587 4915 λόγοι
3653 4842 3771 4894 τῶν

2108 4929 2566 5006 παραπτωμάτων
2603 4948 2728 5000 μου.
2765 4949 2795 4980 ››
2825 4958 2897 4970 --
2927 4926 2993 4981 Αἱ
3021 4924 3124 5002 γὰρ
3167 4925 3382 4981 εύθύναι
3425 4930 3532 4982 τῶν
3586 4927 3770 5001 ἀμαρ-

2105 5024 2237 5075 τιῶν
2293 5040 2395 5092 μου
2434 5016 2624 5094 πόρρω
2681 5015 2784 5071 εἶσὶ
2840 5022 2941 5086 τῆς
2997 5013 3269 5090 σωτηρίας
3312 5035 3440 5090 μου,
3490 5015 3771 5072 τουτέστιν

2106 5108 2206 5164 ούκ
2259 5104 2639 5181 ἐμποδίζουσιν
2691 5104 2848 5179 αὐτῇ·
2897 5101 2987 5158 διὰ
3039 5103 3100 5158 τὸ
3164 5100 3429 5177 μηδόλως
3478 5103 3614 5160 εἶναι
3673 5105 3769 5160 αὖ·

2101 5197 2218 5260 τάς*
2278 5195 2503 5270 ἀνομίαν
2565 5195 2692 5271 γὰρ,
2743 5195 2930 5273 φησὶν,
2986 5193 3084 5248 ούκ
3134 5191 3379 5263 ἐποίησε·
3429 5196 3537 5248 τῶν
3583 5195 3767 5270 ἆμαρ-

2099 5286 2370 5342 τανόντων
2427 5282 2485 5340 δὲ
2541 5285 2568 5339 ὁ
2629 5284 2858 5346 θάνατος
2913 5281 3210 5355 ἐπιτίμιον,
3243 5283 3281 5352 ἢ
3313 5282 3404 5338 καὶ
3445 5279 3638 5346 ἄλλως
3700 5284 3767 5341 τδ

2101 5376 2394 5451 πρόσωπον
2443 5381 2544 5445 τῆς
2591 5372 2731 5445 ὅλης
2777 5377 2887 5428 τῶν
2935 5372 3232 5448 ἀνθρώπων
3281 5371 3492 5449 φύσεως
3524 5372 3603 5435 ὡς
3636 5394 3767 5451 συγ.

2099 5467 2260 5541 γενής
2307 5468 2467 5540 ἡμῶν
2517 5461 2829 5536 ὑποδύεται,
2860 5462 2950 5518 καὶ
3004 5459 3092 5517 διὰ
3135 5459 3188 5515 τί
3239 5481 3326 5534 με,
3360 5460 3515 5539 φησὶ,
3549 5463 3616 5516 τὸ
3666 5484 3765 5519 κα.

2101 5555 2265 5619 θόλου
2379 5551 2667 5630 ἄνθρωπον
2753 5549 3064 5620 κατέλιπες,
3151 5550 3555 5620 ἀποθνήσκειν;
3643 5552 3766 5608 εἶτα

2097 5645 2334 5723 ἐπιφέρει
2390 5644 2480 5699 καὶ
2553 5645 2650 5712 τὴν
2735 5641 2929 5696 αἰτίαν·
2993 5638 3076 5696 6'1:
3148 5640 3518 5716 μεμάκρυνται
3578 5660 3766 5714 σωτη-

2099 5734 2218 5823 ρίας
2266 5735 2322 5793 αἱ
2376 5730 2659 5795 καταδίκαι
2725 5752 2851 5814 μου,
2900 5730 2987 5802 αἷς
3045 5727 3150 5814 ἄρα
3201 5727 3352 5810 κάγὼ
3404 5727 3762 5814 συνάπτομαι
