4072 6428
261 391 414 453 1421

1483 387 1904 451 EXPOSITIO
1947 386 2026 450 IN
2070 384 2454 452 PSALMOS.

3519 395 3677 457 1422

265 519 656 601 μεμάκροσμαι
701 539 714 556 ·
751 519 797 577 εἶ
854 519 958 599 γὰρ
1015 515 1273 598 ⁴ίςγγιζον,
1328 518 1617 594 ἐσωζόμην
1677 520 1738 575 ἅν
1804 519 1912 577 ἀπὸ
1942 529 1998 597 Α
2027 520 2132 598 γὰρ
2166 522 2195 577 ὁ
2242 517 2463 593 σκώληξ
2515 516 2716 577 ἄνωθεν
2768 519 3130 597 ἐπελθόντος;
3165 523 3320 582 ὑετοῦ
3346 526 3417 601 τῇ
3449 528 3524 602 γῇ
3552 524 3681 584 κυΐ-

255 619 354 671 τοῦ
383 612 632 680 θανάτου.

336 705 449 761 «Ὀ
481 702 611 766 Θεός
664 723 790 777 μου,
840 699 1172 779 κεκράξομαι
1219 697 1432 777 ἡμέρας
1487 698 1626 774 πρὸς
1681 700 1760 771 σὶ,
1817 698 1907 756 καὶ

259 793 359 850 οὐκ
416 791 722 867 εἷσακούσῃ,
777 790 867 846 καὶ
941 791 1152 864 νυκτὸς,
1230 789 1320 845 καί
1394 788 1494 845 οὐκ
1575 789 1651 852 εἷς
1727 787 1909 845 ἄνοιαν

254 882 405 958 ἐμοί.
461 908 482 936 ι
541 916 610 925 —
654 885 825 937 Τοῦτο
873 880 1060 958 γέγονε
1106 881 1222 935 καθ’
1271 881 1338 950 ἡν
1388 878 1598 957 ἡμέραν
1651 878 1818 958 ἔφαγε
1843 879 1908 935 τὸ

257 975 452 1051 Πάσχα
512 971 646 1047 μετὰ
699 972 805 1026 τῶν
869 975 1124 1045 μαθητῶν
1191 991 1202 1004 ·
1251 967 1334 1024 ὅτι
1381 970 1484 1046 γὰρ
1537 968 1589 1024 ἐν
1755 969 1908 1024 νυκτὶ

253 1065 377 1120 τότε
457 1061 802 1139 πρυσῃύχετο
888 1057 1263 1131 δεδηλώκασιν
1351 1059 1406 1113 υἱ
1507 1056 1905 1135 εύαγγελισταί.

245 1151 436 1226 ΓΔῆλον
479 1150 537 1207 δὲ
586 1152 844 1223 ἐντεῦθεν,
894 1149 977 1205 6'1:
1035 1149 1125 1204 καὶ
1173 1147 1278 1224 πρό
1327 1155 1428 1219 τῆς
1479 1147 1704 1222 ἐσπέρας
1749 1144 1908 1219 ηὔξα-

255 1265 338 1302 το.
385 1243 475 1313 Μή
527 1240 733 1316 ξενίζου
783 1238 841 1294 δὲ
870 1243 987 1302 πῶς
1017 1240 1079 1294 τὸ
1125 1243 1342 1314 πρῶτον
1374 1237 1603 1294 τέθεικεν
1635 1236 1853 1314 ὕστερον
1891 1256 1904 1272 ⁸

231 1336 479 1402 ,αοιαῦτα
525 1331 628 1407 γὰρ
682 1329 733 1385 ἐν
784 1327 1020 1391 πολλοῖς
1073 1328 1140 1382 16
1186 1328 1520 1406 προφητικά.
1571 1329 1636 1383 Ἦ
1686 1324 1733 1382 δ’
1762 1325 1908 1382 αἰτία

250 1419 344 1478 τίνα
403 1422 479 1496 μὴ
541 1417 751 1476 δοκοῖεν
802 1415 1008 1474 οἷθιοθεν
1060 1415 1271 1491 λαλεῖν,
1317 1414 1444 1472 ἀλλ’
1491 1415 1523 1472 6'
1567 1418 1627 1472 ἅν
1670 1417 1761 1472 καὶ
1810 1415 1908 1472 ὅσα

255 1510 530 1566 ἀκούσειεν
591 1508 694 1564 ὑπὸ
745 1512 843 1563 τοῦ
902 1505 1232 1582 ἐνηχοῦντος
1306 1504 1630 1580 πνεύματος.
1693 1505 1792 1561 Καὶ
1851 1504 1905 1562 ἐν

253 1604 323 1675 τῇ
394 1599 596 1676 ἡμέρᾳ,
667 1596 822 1674 φησὶ,
884 1593 1247 1670 παρακαλέσω
1303 1592 1590 1670 παρελθεῖν
1656 1595 1748 1651 τὸν
1807 1597 1906 1651 τοῦ

255 1687 486 1755 θανάτου
531 1686 742 1763 καιρὸν,
791 1683 882 1740 καὶ
931 1683 1218 1760 εἱσακούσῃ
1268 1705 1394 1758 μου,
1443 1686 1533 1740 καὶ
1573 1684 1624 1738 ἐν
1652 1687 1722 1760 τῇ
1751 1683 1904 1742 νυκτὶ

228 1777 416 1847 ,πάλιν
471 1773 684 1851 ὁμοίως
717 1793 731 1808 ’
774 1775 917 1844 πκὴν
979 1772 1079 1829 οὐκ
1129 1773 1207 1836 εἰς
1265 1771 1444 1829 ἄνοιαν
1507 1771 1633 1848 ἐμοὶ
1677 1774 1741 1829 τὸ
1785 1777 1905 1836 πῶς

249 1865 538 1941 εἷσακούσῃ
587 1883 601 1898 ⁸
650 1863 881 1935 νενόηκα
925 1863 1027 1940 γὰρ
1077 1861 1163 1919 6'1:
1213 1859 1303 1917 διὰ
1338 1862 1439 1932 τὴν
1489 1862 1763 1940 σωτηρίαν
1792 1866 1899 1919 τῶν

247 1956 546 2030 ἀνθρώπων
627 1956 695 2022 ἧς
770 1954 940 2022 ἡνεκα
1009 1951 1100 2007 καὶ
1178 1950 1547 2028 σεσάρκωμαι.
1621 1953 1771 2016 Τινὲς
1845 1949 1905 2008 δὲ

243 2045 461 2123 ἡμέραν
505 2041 596 2100 καῖ
644 2042 811 2097 νύκτα
856 2042 947 2096 τὸν
987 2041 1176 2118 καιρὸν
1201 2047 1304 2112 τῆς
1337 2041 1694 2119 σταυρώσεώς
1724 2062 1900 2120 φασιν·

249 2137 360 2192 ἀπὸ
414 2135 520 2212 γᾶρ
568 2130 714 2208 ὥρας
758 2128 921 2202 ἕκτης
972 2136 1083 2194 ’ἆως
1134 2129 1358 2202 ἐννάτης
1412 2131 1605 2194 σκότος
1671 2131 1904 2208 ἐγένετο,

241 2227 328 2288 ὡς
381 2224 626 2302 λέγεσθαι
670 2223 770 2292 τήν
819 2219 1027 2297 ἡμέραν
1074 2219 1276 2292 ταύτην
1326 2219 1722 2296 ἡμερονύκτιον
1766 2241 1780 2255 ·
1817 2216 1908 2278 ὅτε

240 2315 344 2372 καὶ
393 2314 652 2393 ἀφεθῆναι
709 2316 816 2384 τῖς,
875 2309 1236 2386 ἐσταυρωκόσι
1293 2311 1392 2380 τὴν
1471 2309 1737 2388 ἁμαρτίαν
1797 2332 1907 2367 πα-

252 2403 514 2482 ρεκάλεσε
546 2401 667 2477 μὶν,
697 2399 798 2455 οὐκ
853 2398 1178 2472 εἰσηκούσθη
1241 2397 1298 2455 δὲ
1352 2398 1686 2477 πανολεθρίᾳ
1729 2421 1906 2479 παροι-

255 2491 538 2550 δοθέντων.
595 2488 799 2547 Τοὺτου
857 2485 916 2544 δὶ
996 2485 1168 2544 αἷιτιον
1246 2485 1471 2544 είδέἐναι
1545 2493 1750 2568 σαφῶς,
1823 2483 1906 2546 ὅτι

255 2581 494 2658 ἔμελλον
554 2585 957 2658 ωκοφαντῆσαι
1021 2578 1189 2649 αὐτ-ἡν
1259 2579 1359 2649 τὴν
1442 2577 1750 2649 ἀνάστασιν,
1815 2579 1907 2635 καὶ

250 2673 480 2747 αὐξῆσαι
505 2671 606 2741 τήν
634 2667 921 2744 ἁμαρτίαν.

327 2786 357 2816 (ι
386 2761 464 2817 Σὺ
490 2758 548 2816 δὲ
577 2760 629 2816 ἐν
660 2759 801 2835 ἁγίῳ
830 2761 1135 2827 πατοικεῖς,
1166 2757 1194 2812 6
1225 2755 1441 2820 ἔπαιονς
1468 2761 1569 2812 τοῦ
1599 2757 1844 2836 Ἰσραήλ.
1877 2783 1905 2812 ››

247 2886 319 2899 -
372 2854 568 2928 ’Ἀγιον
660 2845 822 2904 καλεῖ
889 2847 981 2902 τὸν
1054 2846 1340 2920 ἡνωμένον
1404 2846 1545 2920 ἒατῷ
1622 2848 1746 2902 Υἱὸν
1815 2847 1907 2904 καὶ

247 2941 401 3000 Θεόν·
437 2938 545 2997 Καὶ
595 2937 647 2994 ἐν
704 2934 786 3010 τῷ
844 2934 1170 3012 Εὐαγγελίῳ
1227 2932 1286 2990 δέ
1341 2957 1505 3014 φησιν
1561 2955 1574 2969 ’
1610 2959 1640 2988 ‹‹
1682 2937 1821 3012 Ἐγὼ
1852 2935 1905 2992 ἐν

163 3013 168 3018 ι
246 3036 328 3104 τῷ
357 3027 552 3105 Πατρὶ,
584 3025 674 3083 καὶ
723 3027 752 3080 6
797 3025 986 3101 Πατὴρ
1035 3022 1086 3078 ἐν
1137 3021 1282 3096 ἐμοί.
1334 3013 1365 3076 ἦ
1412 3028 1673 3088 ’Ἐπαινος
1723 3022 1782 3080 δὲ
1807 3029 1906 3081 τοῦ

253 3117 480 3197 Ἰσραὴλ
511 3118 539 3172 6
578 3115 764 3192 Πατὴρ
816 3133 829 3147 ·
883 3111 965 3167 6'1:
1016 3113 1068 3167 οἱ
1117 3109 1372 3168 Ἰουδαῖοι
1420 3124 1519 3183 την
1582 3114 1903 3192 θεογνωσίαν

259 3209 425 3284 μόνον
449 3206 846 3279 ἐνεκαυχῶντο.
885 3202 961 3276 μὴ
1009 3203 1290 3264 ποιοῦντες
1332 3205 1506 3278 κρῖμα
1551 3201 1643 3257 καὶ
1695 3200 1902 3260 δικαιο-

255 3281 424 3368 σύνην
474 3291 604 3370 μηδ’
653 3290 872 3368 ἔχοντες
917 3291 1016 3360 τήν
1067 3290 1281 3367 ἀρετήν.
1332 3290 1432 3346 Διὰ
1479 3287 1538 3346 δέ
1590 3295 1688 3347 τοῦ
1737 3292 1904 3349 εἰπεῖν
1937 3281 1984 3348 C
2021 3322 2084 3402 δρ

262 3387 290 3402 ..
482 3391 520 3402 ν.
712 3387 735 3397 ς.
816 3379 831 3402 τ
930 3401 937 3402 ,
1043 3381 1141 3402 νμ-
1312 3377 1387 3402 2m,
1427 3380 1449 3402 ν
1561 3380 1588 3402 ορ
1685 3381 1767 3402 ,ιη
1886 3383 1900 3402 ε

257 3387 342 3445 ὅτι
403 3409 433 3440 ι(
482 3387 762 3444 Κατοικεῖς
813 3379 865 3436 ἐν
914 3401 996 3454 τῳ
1043 3381 1172 3452 Υἱῷ,
1225 3403 1254 3432 »
1312 3377 1505 3453 ἔδειξεν
1556 3380 1642 3438 6'1:
1685 3381 1830 3438 θέλει
1879 3383 1908 3438 6

263 3478 382 3540 Υἱὸς
413 3476 512 3545 τήν
568 3470 842 3548 σωτηρίαν
885 3475 995 3525 τῶν
1046 3469 1369 3544 ἀνθρώπων,
1417 3467 1512 3526 καί
1568 3470 1669 3527 ούκ
1695 3471 1910 3528 ἀποσεί-

257 3587 371 3624 εται
409 3565 500 3620 τὸν
543 3561 765 3617 θάνατον
796 3563 895 3615 τοῦ
923 3555 1364 3633 προσλήμματος
1396 3579 1410 3593 ·
1443 3556 1497 3614 ἓν
1549 3560 1652 3636 γὰρ
1692 3561 1783 3616 καὶ
1830 3565 1910 3635 τῷ

249 3654 531 3731 Πνεύματι
559 3651 650 3707 καὶ
679 3653 759 3722 τῷ
788 3649 897 3722 Υίῷ
926 3646 1058 3719 θέλη
1071 3669 1162 3723 μα.

325 3789 353 3819 ‹‹
404 3761 528 3819 Ἐπὶ
575 3758 660 3814 σοὶ
707 3755 948 3827 ἤλπισαν
1002 3757 1054 3811 οἱ
1118 3755 1344 3834 πατέρες
1391 3759 1577 3830 ἡμῶν,
1643 3755 1905 3830 ἤλπισαν,

242 3853 338 3912 καὶ
399 3849 613 3929 ἐρῥύσω
658 3845 878 3909 αὐτούς·
930 3846 1072 3922 Πρὸς
1116 3845 1175 3900 σὲ
1223 3843 1505 3922 ἐκέκραξαν
1557 3846 1649 3902 καὶ
1706 3847 1910 3918 ἐσώθη-

245 3963 343 3998 σαν
399 3959 412 3973 ·
466 3938 559 3994 ἐπὶ
631 3933 718 3990 σοὶ
775 3932 1015 4004 ἤλπισαν
1074 3933 1165 3988 καὶ
1220 3933 1287 3990 ού
1339 3934 1807 4011 κατῃσχύνθησαν.
1877 3959 1906 3989 ››

241 4063 320 4074 -
368 4026 658 4103 Ζεύγνυσιν
709 4022 896 4078 ἐαυτὸν
939 4027 1058 4085 τοῖς
1108 4021 1540 4099 ἐπαρηξαμένοις
1585 4025 1677 4080 καί
1719 4047 1902 4105 φησιν,

243 4120 325 4182 ὡς
375 4119 429 4174 οἱ
477 4113 615 4172 κατᾶ
663 4112 836 4188 σάρκα
883 4108 1109 4186 πατέρες
1160 4113 1320 4184 ἡμῶν
1368 4112 1421 4166 0':
1462 4114 1570 4189 πρὸ
1615 4120 1718 4184 τῆς
1765 4113 1906 4188 ἐμῆς

243 4205 550 4281 ἐπιδημίας
596 4203 648 4259 ἐν
700 4205 782 4274 τῶ
833 4199 940 4276 βίῳ
999 4197 1312 4274 λάμψαντες
1377 4199 1466 4256 ἐπὶ
1509 4203 1595 4258 σοὶ
1640 4201 1904 4277 ἤλπισαν,

241 4299 340 4357 καὶ
404 4298 701 4375 βοήσαντες
757 4289 1090 4367 ἐρῥύσθησαν
1138 4292 1244 4344 τῶν
1297 4288 1557 4346 κινδύνων
1603 4310 1617 4325 ο
1669 4290 1906 4358 ἐκείνους

245 4387 343 4447 οὖν
383 4386 538 4464 κάγὼ
589 4379 930 4458 μιμούμενος
975 4378 1051 4442 ὡς
1103 4377 1296 4452 ὅμοιος
1344 4379 1528 4443 αὐτοῖς
1559 4381 1770 4455 ὁμοίως
1816 4383 1907 4438 καὶ

244 4477 414 4541 αὐτὸς
440 4478 707 4548 ποιοῦμαι
736 4471 836 4540 τήν
881 4466 1086 4540 δέησιν.
1138 4467 1380 4538 Σύνηθες
1424 4467 1483 4524 δὲ
1528 4475 1607 4544 τῷ
1651 4474 1909 4550 προφήτῃ

244 4567 350 4629 τὰς
398 4564 572 4638 λέξεις
620 4559 894 4622 πολλάκις
944 4555 1271 4614 ἀναδιπλοῦν
1320 4557 1412 4613 καὶ
1476 4557 1768 4634 τριπλοῦν,
1832 4561 1907 4624 εἷς

2020 631 2222 683 σκεται,
2278 609 2452 672 οὕτως
2527 610 2618 665 καὶ
2680 609 2709 665 6
2778 612 3011 688 Χριστὸς
3079 610 3279 670 ἄνωθεν
3355 613 3676 681 ἐπελθόντος

2023 698 2180 775 ἁγίου
2250 698 2565 772 Πνεύματος
2649 697 2720 776 τῇ
2804 701 3064 777 Παρθένῳ
3145 704 3484 780 γεγέννηται.
3571 703 3677 764 Καὶ

2018 785 2238 863 σκφληξ
2273 787 2368 862 μὶν
2415 788 2475 842 ἅν
2523 785 2738 864 λέγοιτο
2789 785 2880 845 διὰ
2923 794 3111 866 ταῦτα,
3171 791 3271 848 οὐκ
3299 792 3586 870 ἅνθρωπος
3614 792 3674 852 δέ

2015 875 2181 932 πάλιν
2235 875 2326 932 διὰ
2368 877 2466 947 τὴν
2519 876 2762 955 ὑπερφυῆ
2815 876 3092 954 σύλληψιν
3149 880 3241 936 καὶ
3288 881 3540 958 γέννησιν
3569 902 3584 917 ⁸
3631 885 3674 954 ἧ

2013 971 2108 1022 καῖ
2163 964 2350 1030 ἄλλως
2387 985 2399 998 ·
2443 964 2528 1021 6'1:
2586 962 2778 1044 δέλεαρ
2834 973 2953 1031 τοῖς
3012 967 3266 1044 δαίμοσιν
3325 970 3504 1049 ἐφόρει
3565 972 3668 1043 τὴν

2017 1056 2206 1132 σάρκα,
2241 1055 2328 1132 ὑφ’
2356 1058 2422 1127 ἡν
2453 1057 2516 1111 τὸ
2543 1062 2644 1126 τῆς
2694 1055 2952 1128 θεότητος
3004 1057 3300 1136 ἐκρύπτετο
3331 1061 3620 1138 ἄγκιστρον
3651 1079 3665 1096 ⁸

2018 1142 2208 1219 δέλεαρ
2264 1145 2370 1221 γὰρ
2421 1143 2627 1223 ἰχθύων
2675 1146 2705 1200 6
2755 1144 2974 1220 σκώληξ
3025 1145 3282 1225 ’ἐγένετο
3321 1150 3424 1226 γὰρ
3474 1147 3669 1229 δέλεαρ

2017 1233 2094 1297 εἰς
2146 1233 2348 1290 ἅλωσιν
2395 1239 2495 1290 τοῦ
2540 1239 2742 1306 νοητοῦ
2791 1236 3015 1310 κήτους,
3069 1241 3168 1292 τοῦ
3201 1241 3272 1313 τῇ
3303 1237 3544 1316 θαλάσσῃ
3568 1244 3671 1297 τοῦ

2015 1322 2283 1398 παρόντος
2336 1323 2458 1400 βίου
2508 1323 2899 1401 ἐννηχομένου,
2945 1329 3025 1398 τῷ
3071 1328 3170 1396 τῆς
3211 1326 3470 1400 θεότητος
3511 1328 3668 1405 ἀγκί-

2017 1433 2165 1489 στρῳ
2209 1417 2548 1490 περιτεθεῖσα
2595 1415 2632 1484 ἡ
2680 1413 3038 1489 ἀνθρωπότης
3090 1434 3103 1449 °
3155 1414 3187 1471 6'
3231 1418 3421 1487 κῆτος,
3466 1417 3531 1474 16
3579 1416 3670 1476 66‘-

2017 1499 2149 1578 λεαρ
2206 1501 2517 1578 περιχανέν,
2570 1506 2652 1575 τῷ
2709 1501 2986 1580 ἀγκίστρῳ
3032 1505 3360 1583 περιεχάρη,
3407 1507 3500 1563 καὶ
3571 1507 3674 1565 οὐκ

2015 1587 2302 1666 ἄνθρωπος
2350 1593 2415 1661 ἦν
2456 1588 2619 1669 φίλος
2671 1609 2688 1628 ⁶
2733 1591 2769 1662 ἥ
2816 1593 2908 1648 καὶ
2954 1591 3037 1649 6'1:
3089 1593 3119 1651 ὀ
3168 1593 3391 1670 σκώληξ
3441 1595 3672 1669 εὐτελὴς

2018 1679 2113 1752 μὶν
2169 1677 2234 1736 16
2277 1677 2443 1752 εἶδος,
2487 1679 2831 1756 ἀφανιστικὸν
2893 1679 2952 1738 δὲ
2987 1683 3089 1753 τής
3117 1681 3259 1756 ὕλης
3291 1704 3306 1719 °
3343 1683 3489 1742 οὕτω
3517 1685 3609 1743 καὶ
3639 1687 3670 1744 6

2011 1768 2245 1844 Χριστὸς
2291 1767 2520 1839 εὐτελὴς
2575 1769 2671 1844 μὲν
2715 1769 2780 1826 τὸ
2826 1770 3174 1851 φαινόμενον,
3217 1773 3564 1853 ἀφανιστικὸν
3610 1775 3672 1833 δὶ

2009 1863 2110 1927 τῆς
2136 1857 2514 1933 ἀντικειμένης
2538 1855 2842 1934 δυνάμεως.

2087 1989 2116 2018 ι(
2148 1961 2369 2028 Ονειδος
2413 1964 2717 2044 ἀνθρώπων
2764 1967 2855 2022 καὶ
2902 1965 3236 2045 ἐξουθένημα
3289 1967 3446 2030 λαοῦ.
3509 1994 3540 2025 ››
3597 2003 3670 2018 --

2011 2058 2181 2110 Τοῦτο
2238 2054 2632 2133 προαγορεύσει
2689 2060 2896 2136 σαφῶς,
2958 2059 2993 2113 ἅ
3056 2058 3135 2123 εἰς
3189 2057 3350 2116 αὐτὸν
3405 2081 3667 2140 πεπαρφ.

2013 2146 2210 2216 νήγασι
2265 2144 2402 2201 κατὰ
2454 2144 2547 2200 τὸν
2603 2149 2702 2202 τοῦ
2756 2145 2963 2212 πάθους
3020 2148 3229 2227 καιρὸν,
3307 2148 3668 2224 ἐμπαίζοντες

2013 2233 2104 2289 καὶ
2164 2233 2549 2310 χλευάζοντες.
2599 2235 2700 2292 Καὶ
2748 2237 2940 2293 ταυτὸν
3002 2238 3097 2312 μὲν
3155 2239 3216 2295 ἄν
3292 2236 3376 2312 εἴη
3457 2235 3667 2305 ὄνειδος

2014 2322 2317 2400 ἀνθρώπων
2366 2324 2431 2379 τὸ
2478 2322 2810 2400 ἐξουθένημα
2858 2323 2996 2382 λαοῦ
3028 2345 3042 2360 ·
3088 2324 3126 2398 ἤ
3171 2321 3383 2392 ὄνειδος
3431 2329 3528 2405 μὲν
3572 2327 3668 2386 ἀν-

2015 2413 2223 2489 θρώπῳ
2266 2416 2374 2468 τῶν
2422 2410 2483 2469 ἐκ
2540 2414 2760 2490 Ῥώμης
2805 2419 3170 2491 στρατιωτῶν,
3219 2415 3553 2494 ἐξουθένημα
3610 2414 3671 2477 δὲ

2016 2500 2156 2559 λαοῦ
2183 2505 2293 2558 τῶν
2326 2500 2622 2563 Ἰουδαίων.

2087 2615 2118 2645 ‹‹
2176 2590 2378 2655 Πάντες
2439 2593 2492 2648 οἱ
2569 2593 2884 2668 θεαροῦντές
2963 2615 3032 2669 με
3087 2593 3510 2672 ἐξεμυκτήρισάν
3578 2617 3664 2674 με,

2017 2678 2292 2752 ἐλάλησαν
2351 2680 2403 2737 ἐν
2453 2679 2721 2759 χείλεσιν,
2781 2682 3032 2756 ἐκίνησαν
3082 2682 3350 2763 κεφαλήν.
3401 2683 3668 2744 ’Ήλπισεν

2018 2770 2107 2826 ἐπὶ
2171 2771 2392 2848 Κύριον,
2459 2771 2707 2848 ῥυσάσθω
2777 2772 2938 2830 αὐτόν
2991 2793 3006 2807 ο
3055 2775 3284 2830 σωσάτω
3341 2773 3527 2848 αὐτὸν,
3585 2774 3670 2833 ὅτι

2017 2858 2162 2915 θέλει
2211 2859 2394 2917 αὐτόν.
2454 2883 2484 2914 ››
2543 2893 2614 2905 -—-
2669 2863 2852 2918 Ταῦτα
2927 2863 3417 2941 σαφῶςιεὺρήσεις
3481 2863 3535 2920 ἐν
3590 2867 3674 2940 τῷ

2014 2948 2273 3023 Ματθαίῳ
2319 2948 2542 3024 κείμενα
2592 2994 2607 3008 .
2653 2950 2787 3030 φησὶ
2834 2951 2938 3030 γὰρ
2971 2970 2987 2985 ·
3019 2976 3049 3005 ‹‹
3081 2953 3147 3008 Οἱ
3193 2949 3254 3008 δὲ
3288 2953 3670 3030 παραπορευό-

2019 3059 2173 3113 μενοι
2228 3033 2618 3118 ἐϐλασφὴμουν
2672 3039 2832 3095 αὐτὸν
2896 3045 3168 3105 κινοῦντες
3233 3041 3330 3106 τὰς
3418 3041 3672 3122 κεφαλάς

2015 3127 2190 3183 αὐτῶν
2220 3127 2312 3184 καὶ
2344 3126 2612 3205 λέγοντες,
2643 3149 2671 3184 ι
2708 3127 2800 3185 καῖ
2826 3129 2894 3186 16
2915 3128 3061 3202 ἐξῆς.

2099 3258 2122 3288 ι
2153 3238 2272 3291 "O1:
2321 3235 2383 3290 σὺ
2430 3234 2480 3290 εἴ
2523 3235 2552 3292 ό
2596 3236 2868 3301 ἐκσπάσας
2918 3259 2986 3311 με
3013 3236 3074 3294 ἐκ
3099 3239 3350 3317 γαστρός.
3383 3263 3414 3294 »
3444 3273 3516 3286 -ο
3544 3241 3672 3298 Ἀν-

2091 3325 2149 3389 ὸς
2209 3327 2304 3400 μὲν
2365 3323 2563 3400 ὁμιλία
2613 3323 2868 3405 διανοίγει
2928 3328 3226 3405 παρθενικὰ
3279 3328 3509 3409 κλεῖθρα
3569 3337 3674 3402 τῆς

2021 3413 2275 3492 λαστρόςο
2381 3415 2768 3491 ἀκοντιζόμεον
2856 3413 2914 3472 δὲ
2992 3416 3058 3473 τὸ
3137 3417 3354 3497 σπέρμα
3433 3423 3674 3499 φυσικῶς

2020 3504 2226 3582 ἀνοίγει
2280 3506 2381 3576 τὴν
2433 3508 2642 3583 μήτραν
2677 3523 2692 3539 ⁶
2734 3503 2870 3577 αὕτη
2924 3502 2982 3562 δὲ
3029 3504 3225 3565 λοιπὸν
3276 3507 3506 3585 μύσασα,
3547 3530 3673 3566 συν-

2020 3593 2139 3672 έχει
2165 3599 2329 3651 τοῦτο
2369 3593 2567 3672 μέχρις
2597 3591 2659 3650 ἄν
2702 3594 2779 3659 εἷς
2831 3595 3033 3674 βρέφος
3079 3594 3530 3676 τελεσιουργηθῇ,
3582 3597 3674 3656 καὶ

2021 3680 2168 3740 οὕτω
2198 3688 2674 3760 στενοχωρηθεῖσα
2701 3688 2780 3756 τῷ
2829 3679 2998 3762 ὄγκῳ,
3049 3684 3215 3743 πάλιν
3259 3687 3530 3765 ἀνοίγεται
3580 3687 3672 3745 καὶ

2015 3777 2342 3850 παραχωρεῖ
2386 3777 2546 3829 τοῦτο
2597 3769 2626 3828 6
2675 3771 3020 3832 ολισθαίνειν.
3069 3774 3192 3830 Ἐπὶ
3237 3772 3296 3831 δὲ
3337 3781 3436 3832 τοῦ
3476 3782 3672 3848 Σωτῆ-

2019 3883 2112 3940 ρος
2163 3861 2346 3940 ὣσπερ
2394 3859 2516 3918 ἄνευ
2562 3859 2786 3936 ὁμιλίας
2827 3860 3020 3940 ἀνδρὸς
3064 3865 3100 3934 ἡ
3152 3863 3430 3940 σύλληψις
3462 3884 3477 3899 ⁶
3523 3861 3670 3924 οὕτω

2015 3953 2107 4009 καὶ
2155 3955 2192 4023 ἡ
2241 3948 2480 4026 πρόοδος
2527 3954 2626 4006 τοῦ
2675 3950 2910 4031 βρέφους
2950 3952 3249 4033 ὑπερφυὴς,
3276 3960 3382 4024 τῆς
3407 3957 3506 4012 τοῦ
3532 3958 3670 4012 Θεοῦ

2019 4039 2289 4119 δυνάρεως
2385 4037 2746 4112 ἐξελκυσάσης
2806 4040 2961 4113 αὐτὸ,
3025 4045 3135 4099 τῶν
3197 4039 3464 4119 κλείθρων
3539 4041 3670 4120 μηδ’

2015 4128 2146 4195 ὅλος
2177 4130 2524 4206 ἁνοιγέντων.

2088 4244 2118 4274 ‹‹
2152 4265 2166 4280 .
2201 4263 2215 4278 .
2251 4262 2267 4279 .
2305 4264 2319 4278 .
2346 4217 2778 4295 ἀρχιεπίσκοπος
2834 4219 2913 4284 είς
2969 4219 3151 4282 αὐτόν.
3203 4243 3235 4276 »
3291 4255 3364 4267 --
3418 4222 3495 4279 T6
3540 4223 3669 4300 περὶ

2014 4308 2145 4374 τοὺς
2198 4307 2404 4372 ἄλλους
2464 4308 2786 4386 ἀνθρώπους
2832 4309 2924 4366 καὶ
2968 4310 3040 4368 16
3084 4309 3256 4368 λοιπὰ
3305 4315 3416 4383 ζῶα
3463 4311 3552 4369 ἐπὶ
3595 4315 3667 4390 τῇ

2018 4398 2253 4476 ἐξαρχῆς
2301 4397 2569 4476 σαρκώσει
2634 4402 2730 4454 τοῦ
2791 4403 2926 4456 Θεοῦ
2989 4399 3173 4477 Λόγου
3237 4399 3669 4478 παρηκολουθηεῖ

2016 4489 2151 4545 κότα
2207 4485 2378 4544 ἔοικεν
2421 4489 2456 4558 ἡ
2506 4491 2746 4563 καροῦσα
2789 4486 2934 4562 λέξις
2993 4487 3298 4564 σημαίνειν·
3373 4495 3498 4548 οῦτε
3559 4491 3666 4570 γὰρ

2017 4579 2154 4634 κατὰ
2198 4578 2292 4634 τὸν
2345 4577 2565 4655 φυσικὸν
2613 4575 2784 4652 νόμον
2834 4579 2871 4648 ἡ
2929 4575 3207 4654 σύλληψις
3253 4577 3418 4636 αὐτοῦ
3473 4581 3525 4657 ἐξ
3573 4581 3670 4637 ἀν-

254 4653 493 4746 ἕμφοξσξιν
539 4654 637 4707 τοῖ’)
685 4648 844 4746 τένου
891 4654 993 4746 τῆς
1030 4642 1256 4746 ξαξδξας
1289 4644 1700 4746 ’.λύτρωσιῇδξ
1725 4646 1913 4705 κινδύ·’
1942 4655 1988 4721 Ι)
2022 4665 2148 4746 δρὸς
2197 4642 2509 4744 σπέρματος
2550 4685 2564 4701 ο
2618 4642 2709 4722 6:6
2751 4642 2918 4723 τοῦτο
2966 4642 3226 4742 οὐδὲ-’τῷ
3272 4642 3525 4726 εἰωθότι⁷
3551 4674 3672 4734 τοῖς

253 4763 354 4801 νου
389 4741 642 4818 λέγουσιν
692 4739 744 4794 οἱ
793 4737 951 4816 σοφοὶ
991 4736 1059 4791 τά
1114 4737 1231 4791 θεῖα
1281 4735 1343 4790 ού
1398 4736 1562 4810 μόνον
1603 4737 1691 4794 ἐπὶ
1723 4759 1913 4814 σωμα-

252 4853 395 4902 των,
427 4827 574 4888 ἀλλά
599 4827 690 4884 καὶ
721 4824 922 4900 πολλῷ
977 4824 1190 4901 μᾶλλον
1235 4823 1323 4880 ἐπὶ
1366 4828 1552 4903 ψυχῆς
1585 4848 1597 4862 ο
1629 4825 1755 4884 ὅταν
1796 4850 1912 4904 γεν-

254 4921 428 4984 ναίως
479 4919 768 4995 ἐνεγκοῦτα
833 4917 928 4977 τὰς
995 4912 1191 4977 ἀδύνας
1265 4911 1397 4988 μηδ’
1466 4915 1702 4981 ἐντεῦθεν
1771 4919 1916 4993 πάθῃ

256 5011 391 5084 περὶ
448 5010 548 5080 τήν
600 5007 853 5084 πρόθεσιν
902 5023 915 5037 ο
968 5003 1114 5059 οὕτω
1161 5005 1266 5080 γὰρ
1315 5005 1366 5059 οἱ
1400 5005 1667 5080 μάρτυρες
1697 5007 1917 5084 ἀναιρε-

260 5099 445 5169 θέντες
475 5099 785 5169 νενικήκασι
817 5092 907 5150 6:6
933 5094 997 5150 16
1026 5093 1298 5165 ἀήττητον
1327 5100 1431 5164 τῆς
1459 5097 1664 5171 ψυχῆς.

340 5233 369 5261 ‹‹
429 5206 573 5282 Ἐγὼ
632 5201 690 5258 δέ
745 5201 859 5275 εἰμι
917 5199 1139 5271 σκώληξ
1195 5200 1286 5255 καὶ
1349 5199 1449 5255 οὐκ
1513 5198 1816 5276 ἅνθρωπσς.
1889 5227 1918 5255 ››

259 5330 338 5343 --
382 5300 553 5352 Τοῦτο
601 5292 719 5348 εἶπε
765 5294 1031 5346 ταπεινῶν
1083 5288 1270 5344 ἐαυτόν
1327 5308 1341 5322 ⁸
1389 5289 1480 5346 καὶ
1531 5289 1694 5346 Δαυῒδ
1739 5293 1842 5369 γὰρ
1891 5293 1919 5347 ὁ

258 5387 559 5464 προφήτης
602 5381 693 5438 καὶ
771 5377 1026 5455 βασιλεὺς
1084 5378 1218 5433 κύνα
1261 5379 1560 5448 τεθνηκότα
1607 5379 1766 5436 καλεῖ
1804 5383 1923 5436 έαυ-

260 5478 359 5535 τὸν
414 5474 466 5530 ἐν
513 5477 583 5547 τῇ
635 5465 814 5548 βίϐλῳ
855 5473 963 5523 τῶν
1009 5465 1329 5524 Βασιλειῶν.
1389 5469 1454 5522 Ei
1526 5466 1554 5524 6
1611 5471 1922 5544 ἀναμάρτη-

260 5587 363 5628 τος
409 5567 618 5636 Ἰησοῦς
669 5560 844 5621 οὕτως
896 5557 1081 5613 ἑαυτὸν
1135 5555 1406 5635 φαυλίζει,
1454 5559 1507 5613 τί
1557 5560 1616 5613 ἅν
1666 5562 1831 5633 ἡμεῖς
1872 5561 1924 5614 οἱ

265 5652 476 5739 φαῦλοι
522 5652 613 5708 καὶ
661 5645 985 5726 ἁμαρτωλοὶ
1043 5649 1411 5720 ποιήσωμεν;
1484 5648 1622 5703 Φασὶ
1675 5645 1734 5704 δέ
1785 5669 1927 5711 τινες

265 5734 366 5810 6:6
417 5743 518 5818 τὴν
567 5737 929 5800 ἀσυνδύαστον
977 5739 1140 5796 τοῦτο
1207 5734 1442 5816 ῥηθῆναι
1505 5738 1774 5828 γέννησιν.
1841 5737 1930 5806 Ὦς

2021 4757 2381 4834 γεννωμένοις
2431 4754 2691 4827 ἐξώλίσθε
2733 4755 2922 4833 τρόπῳ
2967 4760 3075 4812 τῶν
3140 4763 3244 4828 τῆς
3307 4759 3517 4837 μητρὸς
3583 4758 3675 4837 ἐγ-

2023 4845 2199 4901 κάτων
2247 4851 2349 4915 τῆς
2406 4847 2502 4899 τοῦ
2548 4845 2858 4919 σπέρματος
2917 4842 3262 4909 διαπλάσεως
3321 4847 3423 4918 τὴν
3487 4843 3674 4920 ἔξοδον

2023 4933 2469 5010 κατεπειγούσης·
2530 4932 2658 4990 ἀλλ’
2721 4933 2780 4990 ἐκ
2856 4934 3170 5009 Πνεύματος
3244 4935 3400 5014 ἁγίου
3472 4935 3680 5009 συλλη-

2027 5024 2200 5103 φθεὶς,
2247 5022 2407 5079 αὐτὸν
2479 5024 2608 5080 Θεὸν
2675 5023 2889 5099 Πατέρα
2953 5024 3066 5080 οἱόν
3128 5046 3251 5080 τινα
3315 5026 3672 5100 μαιευόμενον

2025 5113 2088 5169 τὸ
2131 5113 2328 5184 κυηθὲν
2376 5113 2466 5169 καὶ
2523 5119 2626 5183 τῆς
2694 5115 2906 5189 μήτρας
2977 5111 3264 5185 ἐξέλκοντα
3291 5130 3312 5152 ⁶
3373 5112 3520 5171 ἀλλὰ
3584 5115 3676 5172 καὶ

2029 5199 2210 5280 ἕτερον
2270 5201 2428 5279 ἔσχεν
2471 5201 2738 5276 ἐξαίρετον
2789 5203 2936 5280 παρὰ
2981 5202 3108 5266 τοὺς
3157 5203 3478 5281 ἀνθρώπους
3523 5205 3675 5282 γενό-

2035 5312 2192 5366 μενος
2252 5309 2267 5324 ⁸
2326 5292 2516 5347 καθότι
2571 5293 2662 5347 καὶ
2704 5291 2809 5347 ἀπὸ
2865 5294 3080 5365 μασθῶν
3127 5297 3408 5371 μητρικῶν
3472 5301 3562 5349 καὶ
3626 5293 3680 5352 ἐν

2031 5380 2167 5455 αὐτῇ
2227 5381 2409 5456 μήτρᾳ
2463 5377 2696 5450 ’ἤλπισεν
2757 5380 2844 5435 ἐπὶ
2901 5381 2992 5436 τὸν
3053 5382 3179 5436 Θεὸν
3235 5381 3444 5457 Πατέρα
3491 5382 3678 5455 αύτοῦ,

2033 5469 2063 5525 6'
2125 5470 2285 5546 μόγις
2337 5469 2426 5524 ἐπὶ
2479 5474 2588 5524 τῶν
2648 5467 2834 5525 ἄλλων
2913 5469 3208 5546 ἀνθρώπων
3282 5470 3508 5546 γίνεται,
3583 5477 3690 5528 τοῦ,

2035 5557 2202 5636 λόγου
2286 5557 2472 5622 αύτοῖς
2550 5557 3053 5634 συμπληρουμένου
3133 5578 3146 5591 ·
3206 5559 3235 5614 6'
3291 5559 3380 5615 καὶ
3466 5562 3686 5627 Ἡσαΐας

2036 5645 2242 5720 ἐδήλου
2289 5645 2412 5723 περί
2457 5648 2621 5702 αὐτοῦ
2670 5647 2836 5704 εἰπών
2874 5667 2887 5682 ⁸
2924 5670 2946 5697 ε
2997 5648 3148 5704 Διότι
3193 5651 3354 5726 πρινὶ,
3390 5654 3594 5726 γνῶναι
3623 5651 3686 5708 16

2035 5733 2254 5799 παιδίον
2299 5736 2493 5818 ἀγαθὸν
2542 5737 2578 5812 ἦ
2627 5736 2792 5796 κακὸν
2840 5735 3050 5797 ἀπειθεῖ
3092 5738 3332 5822 πονηρίᾳ
3392 5741 3492 5798 τοῦ
3537 5738 3692 5802 ἐκλέ.
