4072 6420
425 381 591 457 4423

427 529 627 602 ξασθαι
674 525 738 581 τὸ
786 522 1003 600 ἀγαθόν.
1058 546 1087 574 n

430 615 525 673 διὰ
553 616 644 670 τὸν
674 617 788 684 ἡνω
799 613 956 687 μένον
979 610 1128 684 αὐτῷ
1149 612 1277 666 Θεὸν
1302 609 1506 686 Λόγον.

503 730 532 758 ‹‹
561 706 622 760 Ἱ]
671 701 832 765 ἐλπίς
885 723 991 776 μου
1042 701 1148 756 ἀπὸ
1199 720 1417 774 μαστων
1465 705 1564 770 τῆς
1617 693 1830 774 μητρός
1880 719 2006 773 μου.
2061 719 2091 749 ››

433 826 507 843 -
534 796 602 873 ᾯ
657 795 694 864 ἡ
725 791 885 854 ἐλπίς
939 811 1044 866 μου
1094 789 1146 861 ἐξ
1192 788 1359 859 αὐτῆς
1402 786 1581 860 θηλῆς
1614 809 1628 823 ο
1663 787 1768 843 ἀπὸ
1815 787 1940 844 τότε
1987 786 2091 863 γάρ

435 904 498 940 σε
527 882 824 960 ἐγνώριζον
870 876 1072 935 ἐλπίδα
1122 898 1228 953 μου
1279 877 1601 940 συνετισθεὶς
1652 876 1756 933 ὑπὸ
1801 883 1905 947 τῆς
1957 874 2090 932 ἐνω-

437 971 622 1044 θείσης
678 992 771 1045 μοι
831 968 1112 1041 θεότητος.
1173 967 1319 1038 Φησὶ
1367 964 1424 1022 δὲ
1479 965 1604 1042 περὶ
1678 965 1876 1022 τούτου
1951 973 2092 1021 Λου-

436 1067 538 1126 κᾶς
575 1080 589 1094 ⁸
622 1085 652 1114 ‹‹
685 1059 765 1119 Τὸ
796 1055 855 1114 δὶ
882 1054 1102 1114 παιδίον
1149 1053 1342 1128 ηὔξανε
1385 1054 1476 1112 καὶ
1523 1054 1874 1133 ἐκραταιοῦτο
1925 1051 2094 1110 Πνεύ-

443 1169 595 1225 ματι,
636 1146 1022 1226 πληρούμενον
1074 1146 1287 1226 σοφίας,
1330 1146 1420 1202 καὶ
1469 1147 1634 1223 χάρις
1691 1148 1828 1202 Θεοῦ
1882 1145 1950 1216 ἦν
2009 1143 2092 1200 ἐπ’

438 1239 608 1312 αὐτῷ.
641 1261 672 1292 ››

437 1348 441 1352 ‘
509 1353 541 1384 «
571 1327 696 1384 Ἐπὶ
723 1327 784 1384 σε
814 1325 1135 1406 έπερῥὶφην·
1169 1323 1230 1382 ἐκ
1263 1326 1496 1403 μήτρας.
1529 1358 1598 1369 -
1632 1348 1661 1380 ‹‹
1689 1328 1767 1398 Τῇ
1823 1327 1893 1400 σῇ
1925 1323 2095 1398 σκέπῃ

434 1416 758 1495 ἐπερρίφηνο
793 1418 883 1472 οἷα
917 1418 992 1490 μὴ
1025 1413 1169 1492 ἔχων
1202 1414 1292 1471 ἐπὶ
1320 1421 1424 1492 γῆς
1455 1414 1682 1493 πατέρα.

513 1547 544 1576 ‹‹
574 1523 710 1583 Ἀπὸ
737 1523 970 1602 γαστρὸς
1005 1521 1227 1597 μητρόσ
1260 1543 1365 1597 μου
1397 1521 1529 1602 Θεός
1582 1543 1688 1597 μου
1718 1522 1768 1576 εἴ
1815 1519 1899 1577 σύ.
1948 1543 1978 1572 »
2023 1550 2094 1564 --

436 1614 621 1676 Τυθείς
659 1635 716 1671 σε
754 1600 893 1670 Θεὸν
944 1613 1186 1691 ἐπέγνων
1230 1600 1577 1677 συνετισθεῖς⁶
1626 1611 1703 1674 ὡς
1747 1609 2092 1688 προείρηται.

437 1705 513 1766 Τὸ
571 1701 728 1762 δ’ἀπὸ
783 1703 1018 1781 γαστρὸς
1071 1699 1108 1772 ἤ
1165 1702 1252 1757 ’ὀτι
1308 1700 1360 1756 ἐν
1417 1705 1488 1776 τῇ
1546 1699 1738 1777 γαστρῖ
1797 1697 1891 1774 ὢν,
1939 1697 1975 1768 ἤ
2011 1697 2095 1754 ὅτι

437 1793 672 1872 γαστρὸς
703 1791 957 1865 ἐξελθώνο

1690 386 2112 450 NICEPHORI
2159 385 2603 450 BLEMMIDE

1139 522 1313 598 ’Ἄπερ
1391 521 1602 576 ἅπαντα
1675 518 2085 595 έκαινοτομεῖτο
2112 525 2170 595 Α
2203 518 2299 592 μὲν
2329 516 2552 577 ἐκάλεσε
2596 520 2730 584 τοὺς
2783 517 3082 584 Ἰουδαίους
3133 521 3211 586 ὡς
3267 520 3371 578 ὑπὸ
3415 521 3510 577 τὸν
3567 521 3737 600 ζυγὸν
3789 525 3894 580 τοῦ

3711 390 3886 453 1484

2199 606 2375 681 νόμου
2431 605 2607 682 ὄντας,
2657 610 2704 666 εἰ
2755 611 2844 666 καὶ
2895 611 2989 667 τὸν
3038 610 3209 685 νόμον
3268 606 3622 689 παρέϐαινον.
3695 611 3882 670 Κύνας

2203 693 2262 752 δὶ
2291 696 2438 774 λέγει
2485 703 2611 762 τοῦς
2660 698 2722 755 ἐκ
2771 699 2993 774 Ῥώμης
3039 700 3393 774 στρατιώτας,
3444 701 3520 764 ὡς
3568 703 3723 758 κατά
3777 704 3883 773 τήν

2203 785 2468 842 Χανανίαν
2528 787 2809 862 ὠνόμασεν
2863 787 3053 845 εῗπών·
3117 814 3139 842 ι
3202 789 3314 846 Ούκ
3369 788 3480 847 ἔστι
3539 791 3640 848 τὸν
3717 793 3885 870 ἄρτον

2199 879 2308 931 τῶν
2340 875 2542 932 τέκνῶν
2573 874 2755 934 δοῦναι
2785 882 2902 941 τοῖς
2929 877 3233 956 κυναρίοις.

2275 1006 2304 1035 ‹‹
2336 985 2637 1062 Συναγωγὴ
2688 985 3146 1062 πονηρευομένων
3190 985 3484 1063 περιέσχον
3551 1006 3645 1061 με.
3715 1010 3748 1040 ››
3810 1021 3875 1033 -

2199 1075 2316 1128 Τῶν
2344 1073 2618 1150 φθονερῶν
2651 1070 2922 1129 Ἰουδαίῶν
2934 1117 2948 1132 .
3398 1066 3406 1074 ’

2273 1185 2304 1214 ‹‹
2352 1165 2572 1240 Ὠρυξαν
2625 1164 2818 1240 χεῖράς
2867 1182 2976 1239 μου
3033 1162 3126 1220 καί
3172 1162 3370 1229 πόδας.
3417 1185 3444 1220 ι
3498 1198 3572 1210 -
3617 1168 3712 1242 Τῇ
3767 1163 3870 1222 δια-

2199 1251 2390 1324 τρήσει
2422 1256 2530 1307 τῶν
2563 1249 2744 1322 ἥλων.

2276 1362 2306 1392 ‹‹
2354 1339 2758 1416 Ἐξηρίθμησαν
2813 1344 2989 1399 πάντα
3031 1343 3100 1399 τὰ
3179 1342 3312 1400 ὀστᾶ
3364 1363 3490 1418 μου.
3535 1366 3568 1398 ››
3640 1375 3728 1390 —
3788 1350 3871 1401 τυ-

2207 1428 2337 1503 μνὸν
2384 1431 2752 1505 κρεμάσαντες
2793 1431 2884 1488 καὶ
2927 1430 3134 1512 σφόδρα
3199 1430 3560 1497 διατείναντες
3631 1433 3723 1498 ὡς
3791 1433 3869 1501 καὶ

2204 1519 2482 1595 φαὶνεσθαι
2509 1519 2606 1585 τὰς
2639 1521 2901 1598 ἁρμονίας
2942 1526 3051 1583 τῶν
3101 1521 3325 1597 ὀστέων,
3374 1523 3466 1578 καὶ
3513 1523 3870 1600 ἀριθμεῖσθαι

2201 1613 2371 1665 ταῦτα
2397 1614 2515 1673 τοῖς
2551 1609 2937 1687 βουλομένοις.

2277 1723 2309 1751 ‹‹
2367 1698 2538 1762 Αὐτοὶ
2605 1697 2664 1756 δὲ
2717 1699 3048 1773 κατενόησάν
3113 1721 3201 1776 με.
3262 1733 3334 1746 -—-
3388 1698 3869 1780 Ἐπολυπραγμό-

2203 1786 2369 1860 νησάν
2405 1809 2473 1864 με
2499 1790 2867 1867 κρεμάμενον,
2898 1789 2988 1846 καὶ
3037 1789 3162 1853 Υἱός
3209 1789 3327 1865 εἶμι
3378 1795 3478 1847 τοῦ
3525 1796 3673 1847 Θεοῦ
3716 1810 3734 1830 ο
3763 1789 3876 1860 ἔλε-

515 1908 538 1936 ι
571 1885 660 1952 Μὴ
692 1882 934 1957 ἀποστῇς
963 1881 1056 1937 ἀπ’
1085 1880 1223 1955 ἐμοῦ
1265 1879 1348 1935 ὅτι
1399 1876 1583 1955 θλίψις
1632 1876 1815 1956 ἐγγὺς,
1863 1876 1954 1968 ὅτι,
1997 1875 2098 1968 οὐκ
2126 1901 2176 1968 Β
2205 1897 2303 1954 γον
2332 1879 2458 1954 γάρ’
2498 1901 2528 1931 ι(
2574 1878 2639 1934 El
2681 1879 2807 1944 Υἱὸς
2858 1878 2909 1935 εἴ
2947 1883 3046 1936 τοῦ
3089 1883 3245 1952 Θεοῦ,
3294 1875 3564 1950 κατάϐηθι
3618 1881 3736 1946 ἀπὸ
3783 1884 3872 1936 τοῦ

433 1970 579 2030 ἔστιν
635 1972 664 2026 6
727 1971 971 2048 βοηθων.
1033 1993 1056 2022 ι
1115 2001 1186 2018 --
1243 1968 1344 2025 Καὶ
1402 1969 1526 2043 περὶ
1573 1968 1782 2024 τούτων
1835 1967 1992 2047 φασὶν
2045 1967 2100 2022 οἱ
2129 1967 2162 1968 7
2212 1971 2529 2044 σταυροῦ.»

437 2059 836 2139 εύαγγελισταὶ,
895 2059 980 2116 ὅτι
1036 2084 1068 2114 ‹‹
1120 2059 1330 2134 Ηρξατο
1382 2058 1668 2114 λυπεῖσθαι
1738 2057 1828 2114 καὶ
1891 2055 2098 2131 ἐδημο-

437 2157 569 2224 νεῖν,
607 2175 628 2203 ιι
661 2148 754 2207 καὶ
809 2149 999 2206 πάλινο
1051 2173 1080 2202 ‹‹
1128 2149 1262 2204 Τότε
1310 2148 1364 2204 οἱ
1419 2147 1657 2223 μαθηταὶ
1705 2149 1898 2211 πάντες
1947 2145 2103 2228 ἀφέν-

438 2260 530 2304 τες
553 2239 712 2296 αὐτὸν
746 2237 970 2318 ἔφυγον.
1008 2262 1038 2292 ››

513 2353 545 2383 «
585 2327 1034 2407 Περιεκύκλωσάν
1089 2349 1156 2403 με
1202 2326 1408 2404 μόσχοι
1453 2325 1684 2397 πολλοὶ,
1731 2331 1921 2404 ταῦροι
1972 2326 2098 2382 πίο-

439 2439 527 2482 νες
555 2419 848 2495 περιέσχον
881 2438 968 2492 με.
1017 2441 1048 2470 »
1099 2451 1168 2462 —
1219 2417 1477 2494 Μόσχους
1525 2415 1687 2473 καλεῖ
1725 2417 1788 2472 τὸ
1842 2413 2100 2490 δημῶδες

439 2506 656 2580 πλῆθος
684 2511 791 2564 τῶν
825 2505 1100 2564 Ἰουδαίων
1151 2504 1240 2562 διὰ
1285 2507 1348 2562 τὸ
1395 2507 1658 2585 νεώτερον
1703 2505 1795 2562 καὶ
1845 2503 2095 2564 ἄτακτον.

437 2597 673 2675 ταύρους
738 2595 798 2654 δὲ
868 2596 997 2660 τοὺς
1073 2597 1352 2673 ἀρχιερεῖς
1427 2596 1519 2652 καὶ
1589 2601 1930 2673 γραμματεῖς
2006 2595 2097 2651 καὶ

440 2683 838 2766 πρεσϐυτέρους
893 2691 991 2742 τοῦ
1048 2684 1184 2742 λαοῦ
1234 2685 1325 2742 διὰ
1370 2686 1432 2741 τὸ
1480 2681 1828 2763 προϐεϐηκὸς
1873 2684 1966 2740 καὶ
2014 2681 2095 2758 ἔξ-

442 2797 642 2854 αρχον,
671 2775 766 2840 οῦς
789 2775 880 2832 καὶ
909 2777 1102 2839 πίονας
1135 2774 1286 2852 λέγει
1318 2795 1331 2809 ·
1368 2773 1506 2831 διότι
1537 2772 1764 2831 πολλῶν
1813 2774 2099 2846 ἀπήλαυσε

443 2863 665 2945 δῶρεῶν
721 2866 889 2923 αὐτοῦ
945 2887 960 2902 ·
1017 2865 1314 2942 προείρηκε
1369 2865 1474 2943 γὰρ
1527 2864 1618 2920 καὶ
1686 2867 1944 2936 Μωϋσῆς,
2012 2862 2094 2920 ὅτι

448 2977 472 3009 ι
559 2954 659 3011 Καὶ
761 2953 954 3034 ἔφαγεν
1055 2949 1270 3027 Ἰακὼϐ,
1374 2955 1466 3010 καὶ
1570 2952 1904 3026 ἐνεπλήσθη,
2005 2952 2096 3008 καὶ

441 3043 799 3100 ἀπελάκτισεν
856 3045 885 3099 6
956 3045 1143 3122 ἠγαπη
1158 3043 1314 3118 μένος
1376 3063 1390 3078 ·
1449 3041 1734 3116 ἐλιπάνθη,
1815 3041 2094 3119 ἐπαχύνθη

444 3129 773 3206 έπλατύνθη,
803 3131 894 3188 καὶ
945 3131 1270 3207 ἐγκατέλιπε
1316 3131 1445 3188 Θεὸν
1495 3131 1588 3188 τὸν
1645 3133 1952 3202 ποιήσαντα
2007 3130 2095 3186 d6-

437 3220 554 3280 τόν.

2285 2079 2314 2107 ‹‹
2342 2055 2442 2112 Καὶ
2491 2051 2704 2113 ἐπεῖδόν
2762 2078 2846 2132 με.
2901 2081 2932 2110 ››
2979 2090 3050 2102 —-
3095 2057 3195 2114 Καὶ
3244 2056 3554 2136 ἐπέγνωσαν
3605 2057 3697 2115 ὅτι
3738 2058 3870 2134 εἰμὶ,

2214 2144 2506 2223 βλέποντες
2561 2147 2662 2217 τήν
2720 2145 2893 2202 κτίσιν
2960 2147 3412 2224 συμπάσχουσαν,
3477 2148 3571 2204 καὶ
3639 2147 3873 2223 σκληροὶ

2209 2233 2289 2291 ἔτι
2346 2233 2636 2311 διέμειναν·
2687 2236 2822 2316 φησὶ
2877 2238 2980 2314 γὰρ
3027 2239 3056 2293 6
3101 2240 3376 2302 Ματθαῖος
3427 2234 3513 2294 ὅτι
3562 2262 3595 2292 ‹‹
3653 2244 3715 2294 ’0
3757 2239 3875 2294 ἑκα-

2205 2325 2508 2402 τόνταρχος
2557 2327 2648 2381 καὶ
2696 2326 2748 2381 οἱ
2811 2325 3117 2400 μετάύτοῦ,
3159 2331 3458 2404 τηροῦντες
3498 2328 3595 2383 τὸν
3634 2328 3875 2401 Ἰησοῦν,

2207 2411 2413 2477 ἰδόντες
2459 2415 2552 2471 τὸν
2605 2415 2826 2490 σεισμὸν
2880 2415 2970 2470 καὶ
3037 2416 3106 2472 τὰ
3161 2415 3450 2494 γενόμενα,
3522 2411 3870 2496 ἐφοϐήθησαν

2206 2501 2416 2583 ςφόδρα
2447 2502 2702 2580 λέγοντες
2735 2522 2748 2534 ⁸
2791 2529 2817 2560 α
2845 2503 3101 2577 Ἀληθῶς
3139 2510 3272 2566 Θεοῦ
3314 2506 3442 2569 Υἱὸς
3490 2506 3559 2575 ἧν
3617 2505 3802 2570 οὗτος·
3846 2531 3874 2559 ι»

2205 2588 2242 2661 ἤ
2291 2592 2381 2647 καὶ
2436 2589 2625 2656 ἄλλως
2676 2590 3241 2670 ἐπολυπραγμόνησαν
3297 2597 3514 2668 μήποτε
3559 2596 3868 2671 κατενεχθῶ

2208 2681 2313 2735 ἀπὸ
2356 2685 2454 2736 τοῦ
2507 2686 2739 2759 σταυροῦ
2791 2679 2881 2736 διὰ
2934 2687 3044 2737 τῶν
3098 2685 3356 2757 μαθητῶν
3434 2704 3563 2758 μου,
3625 2684 3716 2739 καὶ
3781 2682 3864 2739 διὰ

2204 2774 2366 2824 τοῦτο
2414 2767 2625 2826 ἐπεῖδόν
2681 2792 2768 2845 με,
2828 2769 3102 2829 τουτέστιν
3168 2771 3438 2851 ἐτήρησάν
3511 2793 3580 2847 με
3645 2772 3853 2854 φυλακῇ

2207 2863 2572 2935 στρατιωτῶν.

2278 2949 2722 3026 «Διεμερίσαντο
2777 2951 2845 3006 τὰ
2901 2948 3097 3023 ἱμάτιά
3161 2972 3265 3025 μου
3329 2951 3546 3015 ἑαυτοῖς
3612 2953 3698 3008 καὶ
3763 2951 3847 3006 ἐπὶ

2203 3039 2296 3094 τὸν
2323 3038 2622 3113 ἱματισμόν
2677 3059 2780 3114 μου
2827 3033 3024 3096 ἔϐαλον
3069 3038 3300 3116 κλῆρον.
3350 3063 3382 3094 »
3436 3075 3507 3086 —-
3551 3045 3709 3096 Ταῦτα
3744 3059 3838 3093 αα-

2207 3131 2317 3190 σῶς
2376 3129 2716 3202 ἡρμήνευσεν
2790 3129 2818 3184 6
2887 3126 3282 3206 εύαγγελιστής
3347 3129 3601 3201 Ἰωάννης
3646 3146 3658 3160 ·
3707 3127 3837 3206 φησί

2204 3216 2307 3293 γάρ
2366 3216 2524 3280 οὗτος
2557 3235 2571 3250 ·
2612 3239 2635 3271 ε
2696 3217 2760 3272 Οἱ
2817 3217 2908 3274 οῦν
2971 3222 3298 3296 στρατιῶται
3355 3215 3449 3275 ὅτε
3523 3216 3840 3295 ἐσταύρωσαν

511 3276 828 3386 ηἮνοιξαν
886 3310 970 3366 ἐπ’
1024 3309 1124 3386 ἐμὲ
1167 3311 1230 3366 τὸ
1272 3309 1450 3385 στόμα
1493 3309 1692 3383 αὐτῶν,
1748 3310 1824 3374 ὡς
1872 3308 2012 3366 λέων
2065 3310 2094 3366 ὁ
2125 3276 2170 3343 c
2346 3276 2552 3378 Ἰησοῦν
2603 3300 2800 3361 ἔλαϐον
2849 3306 2918 3362 τὰ
2963 3276 3156 3382 ἱμάτια
3211 3305 3378 3363 αὐτοῦ
3443 3307 3537 3364 καὶ
3601 3276 3852 3378 ἐπύίησαν

433 3402 695 3477 ,ἁρπάζων
751 3401 844 3456 καὶ
901 3399 1239 3474 ὦρυόμενος.
1306 3423 1336 3452 »
1391 3431 1462 3443 ——
1535 3402 1663 3455 Ὅτε
1735 3396 2092 3475 συλλεγέντες

431 3482 612 3544 ἐϐόων
642 3505 656 3521 ο
689 3511 721 3540 «
748 3489 919 3562 ’Δνρον
952 3486 1104 3563 ἆρον,
1138 3485 1448 3563 σταύρωσον
1480 3485 1664 3544 αὐτόν.
1696 3510 1726 3538 ››

498 3615 531 3663 ρ
566 3593 710 3649 Ὠσεὶ
769 3590 917 3669 ὕδωρ
975 3592 1258 3670 ἐξεχύθην,
1327 3592 1418 3648 καὶ
1483 3590 1835 3670 διεσορπίσθη
1912 3593 2087 3650 πάντα

431 3683 504 3738 τὰ
561 3682 694 3738 ὀστὰ
751 3703 876 3756 μου.
929 3703 957 3735 ιι
1011 3715 1078 3725 -
1125 3683 1285 3738 Ὀστᾶ
1331 3681 1495 3738 αὐτοῦ
1545 3682 1676 3745 τοὺς
1747 3682 2086 3746 ἀποστόλους

428 3773 705 3846 νοήσομεν
740 3790 754 3806 ⁸
789 3771 864 3835 ὡς
914 3769 1240 3848 συνέχοντας
1287 3771 1378 3826 καὶ
1431 3770 1787 3849 σετρῥοῦντας
1835 3771 1898 3826 10‘
1966 3771 2086 3828 λοι-

432 3860 536 3916 πὸν
590 3863 689 3932 τῆς
743 3859 1073 3933 Ἐκκλησίας
1127 3865 1382 3934 Χριστοῦ.
1459 3862 1664 3924 Πάντες
1741 3862 1845 3940 γὰρ
1924 3861 2084 3919 αύτὸν

431 3949 675 4029 ἀφέντες,
736 3949 934 4030 ἔφυγον
995 3955 1294 4022 τηνικαῦτα
1343 3969 1356 3984 ·
1404 3950 1538 4030 φησὶ
1595 3950 1700 4027 γᾶσ
1759 3951 2036 4028 Ζαχαρίας
2069 3971 2082 3987 ·

435 4061 467 4093 α
541 4039 766 4112 Κατάξω
832 4041 924 4096 τὸν
996 4040 1254 4114 ποιμένα,
1331 4040 1421 4096 καὶ
1501 4038 2082 4118 διασκορπισθήσονται

428 4127 500 4185 τὰ
547 4125 816 4206 πρόϐατα.
867 4153 898 4183 ››
947 4129 1110 4186 Χύσιν
1163 4127 1231 4208 66
1246 4127 1392 4208 λέγει
1419 4131 1519 4201 τήν
1551 4129 1644 4186 ἀπ’
1673 4129 1840 4186 αὐτοῦ
1870 4129 2085 4202 κίνησιν

430 4217 629 4277 αὐτῶν.
868 4236 870 4238 ⁷

500 4331 532 4360 (ς
565 4308 825 4384 Ἐγενήθη
853 4309 890 4378 ἡ
937 4306 1137 4383 καρδία
1185 4329 1290 4383 μου
1337 4309 1467 4365 ὡσεὶ
1533 4309 1704 4385 κηρὸς
1769 4309 2078 4384 τηκόμενος

425 4393 481 4452 ἐν
527 4394 675 4471 μέσῳ
714 4402 817 4467 τῆς
872 4395 1090 4460 κοιλίας
1142 4419 1272 4471 μου.
1328 4421 1357 4449 ››
1400 4430 1470 4441 —
1514 4399 1744 4469 Ἐτάκην
1794 4396 1950 4470 δίκην
1976 4420 2079 4471 κη-

424 4489 523 4559 ροῦ
577 4490 656 4558 τῷ
710 4485 842 4564 πυρὶ
899 4490 1005 4542 τῶν
1061 4485 1302 4562 θλίψεων
1369 4486 1653 4543 ἐκλυθεῖσα
1719 4488 1810 4544 καὶ
1888 4487 2077 4546 τέλεον

2199 3394 2431 3472 τέσσαρα
2480 3395 2618 3472 μέρη
2675 3413 2689 3426 ⁸
2742 3396 2951 3470 ἑκάστῳ
3013 3397 3318 3474 στρατιώτῃ
3367 3396 3534 3474 μέρος
3601 3396 3693 3454 καὶ
3764 3397 3852 3452 τὸν

2200 3488 2428 3560 χιτῶνα.
2471 3508 2500 3538 »
2529 3487 2630 3541 Ἦν
2663 3482 2722 3540 δὲ
2773 3487 2801 3541 6
2849 3486 3022 3561 χιτὼν
3073 3485 3336 3564 ἄρῥαφος,
3396 3487 3457 3542 ἐκ
3491 3492 3601 3543 τῶν
3656 3485 3856 3551 ἄνωθεν

2201 3573 2432 3652 ὑφαντὸς
2465 3571 2694 3632 δι’ὅλου.
2727 3574 2896 3630 Εἶπον
2929 3575 3020 3631 οὗν
3054 3577 3191 3654 πρὸς
3220 3573 3500 3647 ἐλλήλους
3533 3617 3547 3632 .
3589 3578 3686 3648 Μὴ
3739 3577 3861 3654 σχί-

2199 3683 2379 3735 σωμεν
2465 3662 2648 3738 αὐτὸν,
2707 3661 2854 3719 ἀλλὰ
2920 3663 3185 3742 λάχωμεν
3252 3665 3378 3743 περὶ
3449 3666 3642 3737 αὐτοῦ,
3717 3667 3861 3728 τίνος

2197 3747 2345 3806 ἔσται
2403 3771 2416 3785 ⁸
2460 3750 2571 3825 ἵνα,
2633 3753 2796 3831 φησὶν
2845 3755 2880 3824 ἠ
2932 3755 3146 3834 Γραφή,
3194 3753 3469 3830 πληρωθῇ
3522 3753 3753 3827 δηλαδή
3800 3755 3864 3811 τὰ

2195 3841 2434 3916 παρόντα
2482 3841 2621 3918 ῥητά
2666 3863 2680 3876 ·
2732 3844 2767 3898 ἅ
2809 3842 2901 3898 καὶ
2952 3845 3256 3920 παρέθηκεν
3307 3843 3420 3900 ἐκεῖ
3465 3863 3479 3877 ·
3531 3843 3679 3902 ὣστε
3735 3844 3861 3920 ἱμά-

2191 3953 2282 3987 τια
2332 3931 2427 4005 μὲν
2479 3930 2628 4008 λέγει
2669 3933 2736 3988 τὰ
2788 3931 3079 4010 έρῥαμένα,
3129 3935 3165 3989 ἅ
3226 3933 3316 3990 καὶ
3386 3932 3670 3990 διείλοντο
3743 3937 3860 3992 ἑαυ-

2192 4025 2311 4084 τοῖς
2345 4038 2357 4052 ⁸
2393 4022 2688 4096 ἱματισμὸν
2735 4019 2794 4077 δὲ
2840 4023 2931 4078 τὸν
2981 4021 3221 4102 ἄρῥαφον
3251 4028 3465 4102 χιτῶνα
3489 4023 3584 4081 τὸν
3636 4024 3709 4082 ἐκ
3753 4030 3859 4082 τῶν

2192 4111 2396 4167 ἄνωθεν
2430 4111 2684 4190 ὑφαντὸν,
2716 4111 2849 4186 ὑπὲρ
2879 4111 2942 4167 οὗ
2972 4112 3064 4168 καὶ
3094 4108 3294 4170 ἔϐαλον
3320 4112 3553 4190 κλῆρον.

2263 4244 2294 4272 ‹‹
2327 4219 2404 4274 Σὺ
2435 4215 2514 4293 δὲ,
2564 4217 2749 4296 Κύριε,
2804 4220 2880 4294 μὴ
2936 4218 3211 4298 μακρύνης
3257 4221 3358 4290 τὴν
3411 4221 3678 4296 βοήθειάν
3735 4244 3856 4298 μου,

2191 4307 2267 4371 εἷς
2309 4309 2410 4378 τήν
2459 4305 2753 4383 ἀντίληψίν
2810 4329 2915 4383 μου
2959 4307 3256 4386 πρόσσχες.
3301 4333 3331 4362 ››
3377 4343 3446 4354 -
3485 4307 3717 4367 Τούτων
3767 4309 3863 4384 δη-

2191 4394 2332 4468 λαδὴ
2365 4397 2670 4473 γινομένων
2683 4439 2695 4454 .

2264 4510 2292 4539 ‹‹
2339 4488 2519 4542 Ῥῦσαι
2570 4487 2676 4542 ἀπὸ
2718 4485 2992 4566 ῥομφαίας
3033 4489 3135 4558 τὴν
3192 4490 3380 4564 ψυχήν
3456 4510 3586 4564 μου,
3635 4491 3742 4547 καὶ
3798 4489 3857 4547 ἐκ

419 4573 776 4646 ἀσθενήσασα.
837 4573 1058 4631 Κοιλίαν
1137 4572 1193 4631 δὲ
1252 4574 1402 4652 λέγει
1457 4580 1550 4632 νῦν
1580 4576 1644 4632 16
1699 4577 1890 4634 κοῖλον
1947 4576 2078 4635 ὅλον
2187 4578 2376 4653 χειρὸς
2407 4577 2570 4640 κυοὸς
2601 4576 2699 4646 τὴν
2753 4584 3024 4654 μονογενῆ
3077 4598 3203 4651 μου.
3258 4579 3447 4635 Σωσόν
3505 4601 3572 4653 με
3617 4577 3689 4637 ἐκ
3735 4579 3857 4636 στό-

420 4668 524 4720 τοῦ
557 4664 833 4738 σώματος.

2107 4655 2153 4721 D
2188 4687 2355 4740 ματος
2401 4663 2621 4728 λέοντος
2660 4665 2750 4721 καὶ
2799 4665 2906 4722 ἀπὸ
2962 4667 3205 4743 κεράτων
3281 4667 3685 4743 μονοκερώτων
3758 4671 3859 4740 τὴν

499 4773 523 4804 ι
575 4752 873 4829 Ἐξηράνθη
941 4752 1071 4809 ὡσεὶ
1137 4747 1398 4832 ὅστρακον
1446 4756 1482 4823 ἡ
1531 4752 1690 4831 ῖσχύς
1744 4777 1869 4829 μου.
1924 4780 1953 4810 ››
2004 4790 2073 4800 -
2181 4755 2504 4811 ταπείνωσίν
2561 4776 2686 4829 μου.
2762 4779 2792 4808 ››
2858 4788 2930 4799 -
2991 4755 3280 4831 Ῥομσαίαν
3353 4755 3516 4819 καλεῖ
3585 4756 3729 4823 τοὺς
3801 4758 3860 4814 ἐκ

415 4839 506 4916 Τῷ
575 4839 879 4914 δηλωθέντι
950 4843 1083 4920 πυρὶ
1174 4849 1410 4921 παγεῖσα
1483 4843 1895 4918 ἐξικμασθείσης
1969 4853 2071 4918 τῆς

418 4930 687 5009 ἐνεργείας
717 4931 854 5002 αύτῆ
865 4953 910 4995 ς.

2181 4846 2424 4919 Ῥώμης,
2459 4845 2535 4909 ὼς
2569 4843 2903 4923 ξιφηφόρους
2940 4865 2953 4879 ο
2987 4844 3115 4908 τοὺς
3161 4845 3357 4902 αὐτοὺς
3409 4844 3468 4902 δὲ
3515 4846 3607 4903 καὶ
3654 4848 3853 4920 κύνας,

2179 4935 2360 4997 καθὼς
2444 4933 2700 5011 ἀνωτέρω
2782 4931 3193 5010 δεδηλώκαμεν·
3272 4933 3498 4998 λέοντας
3577 4932 3634 4991 δὲ
3727 4936 3856 4998 τοὺς

489 5046 520 5075 ‹‹
552 5021 654 5078 Καὶ
704 5024 739 5092 ἡ
796 5021 1020 5098 γλῶσσά
1079 5045 1184 5096 μου
1261 5022 1595 5095 κεκόλληται
1671 5028 1751 5097 τῷ
1837 5023 2071 5103 λάρυγγί
2180 5022 2476 5088 Υουδαίους
2525 5022 2614 5079 διὰ
2657 5024 2756 5093 τὴν
2811 5024 3073 5095 ἀπήνειαν
3119 5023 3208 5080 καὶ
3257 5027 3320 5080 τὸ
3365 5023 3526 5100 διψᾷν
3553 5025 3730 5082 αὐτοῦ
3761 5027 3851 5082 τὸν

418 5132 544 5184 μου,
582 5135 611 5163 ››
659 5144 730 5155 -
778 5112 906 5167 Ὅτε
950 5111 1403 5189 κατηγορούντων
1472 5111 1631 5168 αὐτὸν
1690 5117 1800 5168 τῶν
1871 5112 2067 5188 ψευδο-

415 5197 702 5273 μαρτύρων
755 5196 908 5254 οὐδὲν
956 5199 1268 5276 ἀπεκρίνετο
1325 5221 1336 5233 ·
1391 5198 1516 5255 ἀλλ’
1561 5199 1750 5257 ’ίστατο
1819 5223 2063 5259 σιωπωνο

408 5284 446 5355 ἤ
478 5285 568 5341 ὅτε
598 5285 846 5361 ένίψησεν
876 5288 964 5343 ἐπὶ
993 5294 1072 5361 τῷ
1102 5294 1336 5367 σταυρῷ.

2179 5113 2401 5169 θάνατον
2450 5114 2541 5169 καὶ
2593 5113 2694 5182 τὴν
2746 5110 2981 5185 ἐνέδραψ
3035 5115 3178 5169 οὕτω
3225 5115 3328 5191 γὰρ
3375 5113 3466 5170 καὶ
3499 5115 3608 5192 πρὸ
3643 5117 3853 5193 μικροῦ

2176 5202 2406 5266 τούτους
2456 5202 2730 5275 ὠνόμασε.
2791 5201 2928 5266 Τοὺς
2976 5202 3174 5266 αὐτοὺς
3225 5201 3283 5259 δὲ
3333 5201 3483 5279 λέγει
3532 5203 3625 5260 καὶ
3681 5226 3850 5279 μονο-

2177 5293 2440 5369 κέρωτας,
2485 5292 2562 5354 ὡς
2610 5291 2687 5353 εἰς
2741 5290 2864 5365 μίαν
2920 5291 3210 5348 ὑπόστασιν
3264 5297 3362 5348 τοῦ
3427 5297 3561 5352 Θεοῦ
3627 5291 3854 5349 πίστεύ·

484 5376 641 5428 «Καὶ
673 5377 750 5438 εἰς
807 5381 942 5452 χοῦν
1004 5379 1234 5442 θανάτου
1277 5379 1583 5456 κατήγαγές
1637 5403 1721 5454 με.
1761 5406 1787 5433 ››
1819 5383 2062 5445 -Χοῦς
2177 5403 2355 5445 οντας.
2417 5385 2562 5436 Ζῶον
2624 5378 2681 5435 δὲ
2732 5381 2924 5456 ἄγριον
2989 5382 3018 5436 6
3092 5381 3427 5460 μονόκερως,
3496 5384 3847 5460 φερωνύμως

414 5463 643 5518 θανάτου
709 5463 845 5526 ἐςτὶν
915 5467 942 5521 6
1003 5467 1171 5545 τάφος
1240 5469 1330 5522 οἷα
1393 5465 1458 5537 δὴ
1528 5471 1888 5545 χωννυμένων
1954 5475 2061 5525 τῶν
2174 5470 2229 5526 ἓν
2256 5472 2430 5550 φέρων
2464 5471 2551 5526 ἐπὶ
2599 5471 2662 5525 τὸ
2714 5469 2966 5544 μέτωπον
3027 5469 3276 5548 κέρατον.
3325 5476 3554 5534 Ἐνικῶς
3618 5469 3680 5528 δὲ
3732 5473 3850 5529 εἶπε

408 5551 759 5622 θαπτομένιυν
806 5553 882 5615 εἷς
931 5554 987 5608 ὅν
1043 5555 1177 5610 ἑκών
1232 5577 1318 5629 με,
1370 5558 1522 5635 φησὶ,
1572 5561 1871 5636 κατήγαγες
1930 5559 2062 5636 ὑπὲρ
2173 5560 2306 5616 κύνα
2334 5560 2423 5615 καὶ
2457 5558 2650 5614 λέοντα
2703 5557 2792 5615 διὰ
2833 5560 2895 5614 16
2943 5561 3122 5634 γένος,
3172 5559 3243 5616 δι’
3293 5561 3354 5616 οὗ
3400 5561 3494 5616 τὸν
3545 5564 3670 5617 καθ’
3721 5559 3849 5618 ’ἑκα-

404 5643 513 5694 τῶν
550 5639 872 5717 ἀνθρώπων.

2172 5671 2295 5705 στον
2344 5650 2706 5725 γινώσκομεν.
2760 5654 3042 5724 Μονογενῆ
3101 5648 3160 5705 δὲ
3204 5650 3348 5728 λέγει
3398 5650 3500 5720 τὴν
3550 5647 3694 5707 ἰδίαν
3729 5656 3839 5729 ψυ-

411 5750 423 5758 “
480 5751 510 5781 ‹‹
535 5729 654 5786 Ὅτι
684 5730 996 5790 ἐκύκλωσάν
1033 5755 1098 5810 με
1139 5733 1297 5800 κύνες
1342 5733 1571 5794 πολλοί.
1621 5759 1653 5790 ››
1703 5769 1775 5782 --
1818 5737 2059 5815 Ταύρους
2168 5741 2280 5816 χήν
2313 5739 2391 5802 ὡς
2425 5739 2824 5814 μεμονωμένην
2858 5735 2949 5795 διὰ
2989 5739 3054 5795 τὸ
3109 5739 3281 5817 μόνην
3328 5759 3438 5797 των
3495 5737 3687 5799 ἄλλων
3740 5745 3846 5822 ψυ-
