4072 6442
265 449 424 514 1425

1492 444 1908 514 EXPOSITIO
1950 440 2029 507 IN
2076 435 2465 507 PSALMOS.

3530 441 3690 527 φέρε

263 585 384 660 χῶν
410 574 662 660 ἄγευστον
696 578 967 660 ἁμαρτίας
1026 586 1158 640 εῖναι
1216 578 1307 639 καὶ
1364 580 1452 639 διὰ
1507 584 1570 639 τὸ
1622 581 1785 655 μόνον
1830 580 1922 635 τὸν
1951 581 2007 649 Α
2042 598 2168 653 μου.
2204 600 2233 628 ››
2263 609 2325 620 —-
2356 573 2529 639 Εὐθὺς
2561 573 2613 632 ὲν
2641 577 2719 647 τῷ
2752 572 2881 652 βοᾷν
2918 592 2986 648 με
3010 569 3149 649 πρὸς
3187 568 3347 631 αὑτὸν
3404 572 3689 645 εἰσήκουσέ

266 672 390 728 Υίὸν
451 670 595 749 ἔχειν
654 674 940 747 ἡνωμένον
997 680 1112 739 καθ’
1172 673 1483 730 ὑπόστασιν.
1540 672 1673 749 Περὶ
1734 668 1790 726 δὲ
1818 676 1919 739 τῆς

262 761 456 818 ἑαυτοῦ
502 762 882 826 ταπεινώσεως
927 763 1017 819 καὶ
1070 762 1231 825 αὐτὸς
1286 762 1338 819 ἐν
1390 768 1508 825 τοῖς
1541 764 1708 837 ἱεροῖς
1746 760 1914 836 Εὐαγ-

263 850 473 927 γελίοις
506 849 740 923 ἐδίδαξεν
775 851 942 907 εἰπών
969 873 982 886 ·
1020 877 1046 905 ‹‹
1080 852 1285 908 Μάθετε
1314 853 1405 907 ἀπ’
1438 851 1574 926 ἐμοῦ
1614 850 1696 906 ὅτι
1745 848 1919 926 πρᾶός

263 941 380 1015 εἶμι
409 941 500 997 καὶ
526 940 774 1004 ταπεινὸς
804 945 873 1016 τῇ
910 940 1125 1017 καρδίᾳ.
1162 942 1374 1005 »Τίνος
1424 939 1480 996 δὲ
1528 939 1701 996 ἕνεκεν
1744 938 1917 1001 οὕτως

259 1026 468 1107 ηὔχετο
526 1032 953 1107 προειρήκαμεν,
1016 1030 1093 1087 ἔτι
1149 1027 1205 1086 δὲ
1247 1030 1338 1087 καὶ
1383 1029 1574 1086 ὁποίαν
1608 1030 1786 1101 ἐζήτει
1818 1027 1915 1084 λύ-

260 1138 487 1194 τρωσιν.

332 1250 362 1278 ‹‹
390 1227 742 1303 Διηγήσομαι
798 1226 864 1282 τὸ
921 1222 1097 1301 ὄνομά
1145 1248 1240 1282 σου
1281 1232 1399 1289 τοῖς
1430 1224 1691 1305 ἀδελφοῖς
1726 1246 1851 1299 μου.
1889 1248 1910 1275 ι

261 1347 332 1359 -
364 1315 685 1389 Σημείωσαι
731 1320 852 1379 πῶς
899 1316 966 1372 τά
1025 1318 1119 1389 μὲν
1170 1316 1244 1379 ὡς
1299 1313 1409 1388 ἤδη
1456 1315 1790 1393 γεγενημένα
1825 1314 1916 1371 λέ-

252 1423 339 1479 γει
396 1405 460 1459 τὸ
517 1410 659 1469 θεῖον
720 1409 943 1479 Πνεῦμα
999 1409 1359 1482 προθεωροῦν
1412 1405 1565 1478 αὐτὰ,
1604 1405 1673 1460 τά
1725 1402 1783 1459 δὲ
1839 1403 1914 1467 ὡς

258 1490 540 1567 μέλλοντα
594 1494 750 1569 νόμῳ
806 1493 1165 1574 προφητείας.
1214 1495 1429 1567 Ὀνομα
1479 1492 1537 1549 δέ
1566 1515 1699 1572 φησι
1726 1494 1788 1548 τὸ
1816 1499 1917 1563 τῆς

255 1582 605 1657 πατρότητος
639 1600 652 1615 ·
713 1584 841 1639 Θεὸν
905 1584 999 1658 μὶν
1068 1585 1172 1661 γὰρ
1230 1583 1556 1660 ὡμολόγουν
1611 1578 1856 1657 Ἑϐραῖοι
1898 1601 1911 1616 ο

253 1673 470 1748 Πατέρα
526 1669 585 1728 δὲ
642 1674 771 1728 Υῖοῦ
830 1672 930 1729 οὐκ
987 1671 1279 1749 ἐγίνωσκον
1344 1673 1420 1736 ὡς
1500 1672 1551 1728 ἐν
1626 1677 1706 1745 τῷ
1777 1672 1915 1728 κατά

252 1761 514 1833 Ἰωάννην
570 1760 893 1839 Εὐαγγελίῳ
944 1759 1129 1839 εἴρηκε
1160 1779 1175 1794 ⁶
1222 1786 1250 1815 ‹‹
1319 1764 1670 1840 Πορευθεῖσαι
1730 1759 1915 1818 εἷ’πατε

246 1856 370 1915 τοῖς
401 1848 663 1931 ἀδελφοῖς
690 1873 819 1926 μου.
854 1875 882 1905 ››

326 1980 356 2009 ‹‹
388 1958 474 2013 Ἐν
527 1957 675 2032 μέσῳ
722 1957 1053 2030 Ἐκκλησίας
1098 1957 1332 2033 ὑμνήσω
1379 1980 1457 2018 σε.
1513 1983 1542 2012 ››

244 2060 345 2103 νον
394 2047 501 2125 γὰρ
548 2044 662 2119 ῗδίᾳ
708 2046 837 2111 τοὺς
888 2046 1227 2110 ἀποστόλους
1274 2045 1531 2123 ἐδίδαξεν,
1559 2046 1823 2105 ἀλλὰκαὶ
1855 2049 1906 2104 ἐν

244 2139 372 2198 ταῖς
428 2142 764 2215 συναγωγαῖς
819 2142 926 2193 τῶν
982 2134 1260 2194 Ἰουδαίων
1314 2137 1740 2215 ἐπαρρησιάζετο
1781 2135 1908 2209 διη-

242 2224 519 2303 γούμενος
573 2226 643 2281 τά
701 2225 964 2303 μεγαλεῖα
1011 2232 1110 2282 τοῦ
1161 2231 1294 2283 Θεοῦ
1343 2227 1435 2282 καὶ
1480 2226 1717 2303 Πατρός.
1774 2227 1908 2303 Περὶ

246 2311 463 2369 τούτων
507 2311 599 2369 οῦν
646 2316 681 2384 ἡ
732 2319 978 2393 παροῦσα
1014 2315 1320 2394 προφητεία
1353 2337 1366 2351 ο
1400 2320 1563 2371 τοῦτο
1620 2313 1797 2372 δὲκαὶ
1829 2316 1907 2379 εἷς

240 2399 326 2460 ἔτι
383 2408 533 2458 ποιεῖ
590 2401 680 2460 διὰ
734 2409 831 2459 τοῦ
890 2404 1229 2483 Εὐαγγελίου
1285 2404 1451 2461 αὐτοῦ
1507 2406 1597 2461 καὶ
1631 2403 1741 2479 ἰδίᾳ
1817 2406 1906 2461 καὶ

243 2488 496 2565 δημοσίᾳ
524 2492 1024 2570 ἀναγινωσκομένη.

319 2620 350 2650 ‹‹
402 2597 465 2654 Οἱ
520 2595 857 2678 φοϐούμενοι
920 2600 1140 2677 Κύριον,
1214 2600 1458 2658 αἰνέσατε
1514 2600 1695 2659 αὐτόν.
1747 2625 1776 2654 »
1836 2636 1906 2646 —

247 2689 342 2750 Ὠς
400 2684 510 2758 ἤδη
557 2688 924 2753 εἰσακουσθεὶς
972 2690 1334 2766 προτρέπεται
1382 2689 1511 2753 τοὺς
1553 2689 1777 2753 πιστοὺς
1829 2690 1906 2754 εἰς

241 2776 618 2854 εὐχαριστίαν,
677 2778 768 2833 καὶ
826 2783 1044 2856 πρῶτον
1104 2778 1234 2841 τοὺς
1284 2777 1336 2850 ἐξ
1395 2779 1557 2835 ἐθνῶν
1591 2799 1605 2813 ο
1675 2779 1759 2835 ὅτι
1811 2780 1903 2835 καὶ

240 2870 465 2943 πρῶτον
526 2867 604 2930 εἰς
658 2868 728 2923 τὰ
784 2862 908 2939 ἔθνη
965 2867 1097 2931 τοὺς
1153 2868 1493 2932 ἀποστόλους
1540 2870 1675 2941 μετὰ
1710 2870 1809 2938 τήν
1843 2869 1904 2925 ἐκ

239 2960 449 3032 νεκρῶν
534 2955 814 3013 ἀνάστασιν
901 2956 1242 3030 ἐξαπέστειλε
1326 2977 1341 2990 '
1432 2981 1461 3012 «
1543 2956 1902 3036 Πορευθέντες

240 3044 374 3121 γὰρ,
426 3045 581 3124 φησὶ,
635 3046 1003 3120 μαθητεύσατε
1049 3048 1223 3102 πάντα
1268 3048 1335 3101 τά
1375 3040 1500 3119 ἔθνη
1535 3068 1548 3082 ’
1608 3071 1638 3101 ››
1690 3048 1782 3109 οὕς
1809 3048 1898 3102 καὶ

241 3129 624 3213 φοϐουμένους
652 3136 743 3191 τὸν
794 3134 991 3212 Κύριον
1038 3135 1197 3193 καλεῖ
1235 3136 1657 3212 προσαγορεύων
1702 3136 1899 3200 αὐτούς

229 3223 344 3279 ἀπὸ
401 3229 505 3293 τῆς
562 3222 782 3299 ἀρετῆς·
841 3224 933 3279 καὶ
991 3224 1196 3303 Πέτρος
1246 3226 1349 3302 γὰρ
1398 3224 1572 3289 οὕτως
1650 3225 1702 3280 ἐν
1778 3227 1898 3289 ταῖς

1593 1991 1663 2003 ——
1704 1958 1782 2017 Οὐ
1820 1958 1916 2033 μό·
1942 1952 1991 2019 Β

2078 688 2165 723 Ου.

2078 689 2165 723 ου.

2034 689 2075 741 μ
2101 780 2130 809 ‹‹
2163 756 2316 832 Παρὰ
2356 760 2452 811 σοῦ
2500 757 2528 810 ὁ
2567 754 2784 819 ἔπαινός
2856 774 2981 828 μου.
3018 776 3047 805 ››
3090 786 3157 795 -
3202 758 3307 811 Οτε
3352 754 3506 832 φωνῆ
3556 774 3687 811 κατ-

2029 845 2238 921 ηνέχθη
2272 844 2332 900 ἐκ
2357 849 2455 900 τοῦ
2487 844 2718 922 οὐρανοῦ
2764 844 3019 919 λέγουσα’
3047 866 3075 894 ‹‹
3107 842 3279 907 Οὗτός
3335 843 3473 898 ἐστιν
3508 844 3535 899 ὁ
3562 844 3686 907 Υἱός

2032 955 2137 1007 μου
2194 935 2221 989 ὁ
2276 935 2577 1010 ἀγαπητὸς,
2612 933 2662 990 ἐν
2722 936 2768 1007 ᾧ
2825 930 3178 1003 εὐδόκησα.»
3227 966 3295 976 -
3353 932 3453 989 Καὶ
3510 931 3684 996 αὗθιςο

2034 1048 2056 1075 ι
2088 1020 2345 1095 Ἐδόξασα
2374 1024 2465 1080 καὶ
2496 1021 2659 1078 πάλιν
2693 1020 2922 1093 δοξάσω.
2960 1044 2989 1074 ››

2099 1154 2130 1183 ‹‹
2165 1129 2461 1204 Ἐκκλησία
2514 1128 2747 1207 μεγάλῃ.
2809 1153 2839 1183 ››
2882 1162 2953 1172 -
2998 1127 3428 1205 Ἐξομολόγησιν
3504 1130 3685 1187 ἐνταῦ-

2026 1222 2092 1277 θα
2117 1222 2217 1289 τὴν
2256 1218 2454 1276 αἷ¹νεσιν
2507 1220 2671 1298 λέγει.
2705 1217 2932 1295 Μεγάλη
2968 1215 3026 1273 δὲ
3056 1221 3091 1288 ἠ
3141 1222 3250 1273 τῶν
3298 1224 3507 1275 πιστῶν
3558 1221 3682 1279 Ἐκ-

2025 1310 2248 1383 κλησία,
2308 1311 2384 1373 ὡς
2444 1312 2611 1387 μέχρι
2654 1311 2901 1385 περάτων
2966 1315 3067 1378 τῆς
3141 1314 3245 1384 γῆς
3293 1308 3585 1381 φθάνουάω
3642 1311 3679 1380 ἢ

2024 1399 2114 1456 καὶ
2172 1401 2246 1463 ὡς
2306 1400 2412 1456 ἀπὸ
2474 1398 2727 1476 μεγάλων
2786 1395 2992 1475 ἀνδρῶν
3043 1397 3419 1472 συνισταμένη.
3448 1398 3560 1455 ’Δεὶ
3621 1397 3681 1457 δὶ

2025 1486 2117 1545 διὰ
2167 1494 2265 1545 τοῦ
2314 1488 2644 1567 Εὐαγγελίου
2697 1488 2857 1563 μέσον
2906 1486 3074 1557 αὐτῆς
3108 1487 3264 1561 ὑμνεῖ
3291 1489 3381 1544 τὸν
3442 1489 3677 1561 Πατέρα.

2024 1584 2176 1635 ’Ἃνω
2239 1581 2331 1653 μὲν
2402 1580 2495 1634 οὖν
2570 1577 2758 1641 ἁπλῶς
2811 1575 3134 1648 Ἐκκλησίαν
3204 1577 3320 1634 εἶπε
3386 1579 3486 1648 τήν
3564 1583 3675 1636 τῶν

2023 1666 2299 1725 Ἰουδαίων
2350 1670 2698 1745 συναγωγὴν,
2728 1668 2765 1737 ἢ
2814 1666 2904 1724 καὶ
2955 1668 3053 1736 τὴν
3105 1666 3332 1739 ἐκάστην
3383 1667 3671 1744 παροικίαν

2026 1759 2254 1835 μερικὴν
2299 1763 2408 1815 τῶν
2466 1754 2719 1815 εὐσεϐῶν·
2768 1761 2857 1813 νῦν
2921 1754 2980 1813 δὲ
3043 1755 3282 1833 μεγάλην
3359 1756 3507 1834 λέγει
3569 1760 3670 1831 τὴν

2020 1848 2321 1918 καθολικὴν
2351 1852 2461 1905 τῶν
2489 1852 2715 1904 πιστῶν.

2092 1962 2121 1990 ‹‹
2150 1938 2252 2000 Τὰς
2316 1936 2484 2015 εὐχάς
2534 1959 2640 2012 μου
2697 1934 2967 1992 ἀποδώσω
3022 1933 3252 1992 ἐνώπιον
3304 1939 3414 1992 τῶν
3467 1932 3670 2016 φοϐουο

2024 2024 2199 2099 μένων
2228 2026 2407 2084 αὐτόν.
2442 2050 2471 2080 ››
2503 2058 2572 2071 -—-
2602 2026 2786 2104 Εύχὰς
2815 2030 2907 2082 νῦν
2951 2024 3050 2088 τὰς
3107 2025 3433 2102 ὑποσχέστις
3490 2023 3670 2095 καλεῖ,

2020 2113 2281 2186 δηλονότι
2308 2117 2370 2172 τὸ
2401 2113 2701 2191 διηγεῖσθαι
2730 2117 2793 2172 τὸ
2824 2109 3000 2189 ὄνομα
3024 2118 3126 2172 τοῦ
3174 2114 3387 2190 Πατρὸς
3433 2114 3524 2171 καὶ
3570 2120 3670 2173 τοῦ

2018 2205 2146 2261 Υἱοῦ
2180 2208 2377 2279 μνῆσαι
2402 2204 2578 2262 αὐτόν.

2089 2317 2119 2347 ‹‹
2149 2295 2217 2353 Οἱ
2279 2293 2444 2371 μέχρι
2484 2294 2609 2350 τοτε
2661 2293 2880 2361 πένητες
2941 2290 3064 2349 ὅσον
3132 2292 3212 2357 εἰς
3277 2288 3567 2367 εὐσέϐειαν,
3627 2296 3670 2368 ἢ

2015 2382 2103 2439 καὶ
2163 2382 2287 2439 ὅσον
2334 2382 2412 2447 εἰς
2488 2383 2827 2459 ἀνθρώπινον
2894 2380 3157 2439 πλοῦτον
3205 2381 3512 2458 ἀκτήμονες
3560 2385 3665 2462 γὰρ

2014 2473 2068 2528 οἱ
2141 2474 2280 2528 κατὰ
2355 2470 2613 2544 ἀλήθειαν
2703 2470 3038 2549 Χριστιανοί.
3104 2471 3379 2549 Φάγονται
3441 2470 3500 2530 δὲ
3561 2476 3663 2546 τὴν

2011 2562 2380 2637 πνευματικὴν
2433 2563 2639 2641 τροφὴν
2697 2563 2797 2631 τῆς
2880 2558 3245 2638 εὐαγγελικῆς
3313 2559 3665 2629 διδασκαλίας

2010 2652 2111 2722 τὴν
2140 2650 2398 2723 αὔξουσαν
2428 2652 2530 2721 τὴν
2560 2653 2769 2729 ψυχήν.

2083 2782 2113 2811 ι(
2145 2759 2421 2835 Φάγονται
2493 2756 2737 2831 πένητες,
2803 2759 2894 2814 καὶ
2979 2756 3487 2833 ἐμπλησθήσονται.
3561 2761 3665 2819 Καὶ

2010 2845 2276 2903 αἰνέσουσι
2307 2846 2504 2923 Κύριον
2537 2847 2590 2903 οἰ
2620 2847 2969 2919 ἐκζητοῦντες
3025 2846 3206 2905 αὐτόν.
3240 2872 3269 2901 ››
3295 2879 3366 2892 -—-
3393 2851 3516 2909 ’Ότι
3564 2852 3667 2909 οὐκ

2010 2935 2262 3015 ἐφείσατο
2291 2941 2387 2992 τοῦ
2417 2941 2753 3012 Μονογενοῦς
2783 2935 2949 2993 αὐτοῦ
2999 2935 3090 2993 διὰ
3113 2939 3215 3007 τὴν
3248 2938 3522 3016 σωτηρίαν
3552 2946 3660 2999 τῶν

2007 3025 2331 3102 ἀνθρώπων.
2380 3030 2631 3097 Ἐκζητεῖ
2685 3024 2743 3081 δὲ
2793 3031 2901 3088 πᾶς
2953 3027 3046 3082 τὸν
3100 3027 3229 3083 Θεὸν
3289 3025 3492 3084 ὁδεύων
3559 3032 3658 3100 τήν

2005 3110 2192 3192 τρίϐον
2248 3119 2356 3170 τῶν
2413 3112 2643 3170 ἐντολῶν
2700 3114 2886 3188 αὐτοῦ,
2942 3118 3222 3191 φερουσῶν
3278 3116 3528 3193 ἄντικρυς
3583 3118 3663 3183 εἷς

2006 3203 2189 3260 αὐτόν*
2221 3203 2258 3274 ἢ
2289 3203 2379 3259 καὶ
2410 3201 2599 3266 ἄλλως
2629 3204 2893 3281 φάγονται
2938 3204 3000 3259 τὸ
3048 3207 3209 3279 σῶμα
3242 3209 3341 3260 τοῦ
3398 3212 3661 3285 Σωτῆρος

226 3288 495 3388 Πράξεσινν
576 3288 857 3387 ῶνόμασεν
912 3288 1125 3375 αὐτούς’
1188 3338 1219 3368 ‹‹
1261 3288 1499 3392 ι”Ᾱνδρες
1557 3314 1893 3392 Ἰσραηλῖται
1924 3329 1967 3398 C
2007 3292 2172 3398 ξξκίξὶ
2202 3294 2266 3348 τὸ
2286 3288 3148 3398 αῖίξαξυμπεριιλαξξϐἀνεταινκαξ
3178 3293 3663 3398 έμτξλησθήσοντξιι

223 3381 322 3457 ad:
368 3381 435 3456 ίοι
484 3401 537 3457 ἐν
584 3381 712 3477 ὑμῖν
763 3398 1102 3482 φοϐούμενοι
1163 3402 1257 3459 τὸν
1307 3381 1457 3460 Θεόν·
1509 3428 1538 3458 ››
1583 3381 1699 3460 ὲτὲεὶ
1727 3381 1808 3460 ’δὲ
1856 3407 1893 3475 ἡ
1927 3381 1967 3398 ’³
2006 3382 2321 3482 Πνῆύματος
2367 3382 2565 3482 ἀγξουχ
2600 3381 2715 3482 καὶ,
2760 3382 2954 3482 “vim
3026 3382 3152 3482 περὶ
3221 3385 3320 3454 τὴν
3400 3387 3668 3482 μυξπικήγ

226 3488 537 3561 Ἐκκλησία
565 3496 677 3547 τῶν
708 3497 913 3549 πιστῶν
942 3493 1042 3548 οὐκ
1073 3493 1125 3564 ἐξ
1157 3493 1325 3549 ἐθνῶν
1379 3493 1565 3568 μόνον,
1614 3492 1763 3550 ἀλλὰ
1802 3493 1893 3550 καί

226 3578 283 3651 ἐξ
313 3576 590 3636 Ἰουδαίων
622 3580 954 3655 συνίσταται,
985 3580 1233 3645 καὶτοὺς
1270 3582 1346 3645 εἷς
1378 3580 1697 3660 δοξολογίαν
1729 3588 1890 3639 κινεῖ⁶

228 3666 522 3750 φησῖγάρ’

302 3791 334 3819 ‹‹
360 3769 541 3825 ’Ἃπαν
583 3768 648 3824 τὸ
693 3768 911 3844 σπέρμα
953 3764 1174 3841 Ἰακὼϐ,
1230 3766 1486 3841 δοξάσατε
1533 3768 1717 3828 αὐτόν.
1765 3794 1795 3825 ››
1826 3802 1898 3816 -

227 3859 433 3919 Πάντες
466 3856 519 3911 οἱ
547 3855 598 3930 ἐξ
649 3856 927 3939 Ἰουδαίων
964 3857 1402 3922 πεπιστευκότεςδ
1445 3858 1746 3937 προπάτωρ
1793 3860 1896 3938 γὰρ

227 3948 343 3999 τῶν
373 3943 563 4021 φυλῶν
595 3946 624 4000 ὁ
655 3941 872 4006 Ἰακώϐ.

306 4042 777 4132 ιιῷοϐηθήτωσαν
817 4048 978 4107 αὐτὸν
1024 4053 1163 4109 ἅπαν
1210 4053 1275 4110 τὸ
1325 4054 1543 4132 σπέρμα
1591 4051 1835 4132 Ἰσραήλ.
1866 4077 1897 4108 ››

228 4166 306 4183 --
336 4130 598 4194 Ἐνταῦθα
667 4138 759 4193 καὶ
818 4140 984 4219 ἄμφω
1040 4140 1109 4196 τά
1172 4139 1310 4219 μέρη
1372 4130 1538 4220 λέγει,
1594 4130 1735 4198 διότι
1790 4148 1895 4207 πᾶς

229 4221 491 4303 ἐπιγνοὺς
592 4232 823 4305 Χριστὸν
920 4229 1144 4306 Ἰσραήλ
1221 4229 1383 4286 ἐστιν·
1481 4230 1703 4308 Ἰσραὴλ
1792 4233 1896 4309 γὰρ

229 4315 699 4392 μεθερμηνεύεται
774 4322 898 4382 νοῦς
975 4320 1117 4397 ὁρῶν
1190 4317 1340 4378 Θεόν.
1416 4312 1638 4376 Κελεύει
1711 4319 1896 4375 τοίνυν

221 4403 315 4461 καὶ
375 4406 565 4480 ὑμνεῖν
612 4408 707 4463 τὸν
756 4407 886 4463 Θεὸν
946 4406 1038 4463 καὶ
1104 4405 1187 4463 ἀεὶ
1255 4402 1534 4487 φοϐεῖσθαι
1594 4408 1753 4465 αὐτὸν
1820 4409 1895 4472 ὡς

220 4492 672 4571 παντοδύναμονο
721 4496 759 4567 ἢ
818 4495 909 4553 καὶ
974 4502 1093 4561 τοῖς
1159 4496 1356 4560 ἄλλοις
1414 4495 1696 4561 Ἰουδαίοις
1755 4518 1893 4574 παρ-

221 4578 496 4660 αγγέλλει
556 4579 837 4664 φοϐεῖσθαι
910 4584 1093 4661 αὐτὸν,
1153 4586 1228 4649 ὡς
1304 4585 1745 4660 παντοδύναμον,
1802 4585 1893 4642 καὶ

228 4670 503 4745 ἐπάξοντα
527 4674 746 4738 τούτοις
775 4673 1158 4752 πανολεθρίαν,
1191 4673 1281 4732 διὰ
1307 4676 1408 4746 τήν
1442 4675 1598 4733 λύσιν
1625 4677 1725 4745 τὴν
1760 4676 1895 4751 μετὰ

222 4763 328 4817 τοῦ
370 4756 498 4817 rios
527 4762 712 4819 αὐτοῦ.

302 4891 333 4921 ιι
369 4867 493 4927 ’Ότι
571 4867 673 4925 οὐκ
763 4866 1113 4945 ἐξουδένωσεν
1199 4868 1326 4927 οὐδὲ
1405 4870 1758 4948 προσώχθισε
1822 4872 1892 4945 τῇ

236 4953 420 5028 δεήσει
475 4961 575 5012 τοῦ
629 4960 881 5034 πτωχοῦ.
940 4982 969 5012 ››
1002 4957 1176 5017 -Οὐ
1228 4957 1479 5037 παρεῖδεν
1532 4956 1658 5014 οὐδὲ
1711 4979 1896 5037 φορτι-

235 5046 332 5103 κὸν
382 5046 634 5123 ἡγήσατο
684 5048 785 5117 τήν
841 5046 1004 5123 ἐμὴν,
1036 5048 1193 5126 φησὶ,
1228 5046 1431 5120 δέησιν,
1468 5049 1569 5118 τήν
1622 5048 1744 5122 περὶ
1799 5048 1892 5103 τὸν

236 5129 497 5192 διάϐολον
557 5143 797 5207 νικῆσαι,
825 5137 918 5192 καὶ
977 5137 1104 5211 ὑμῖν
1162 5138 1262 5208 τὴν
1316 5159 1473 5208 νικην
1524 5135 1891 5215 δωρήσασθαι.

236 5224 471 5302 Πτωχὸν
528 5222 587 5281 δὲ
638 5223 919 5301 ὠνόμασεν
967 5227 1154 5283 ἐαυτὸν
1219 5224 1309 5283 διά
1358 5249 1417 5284 τε
1469 5228 1569 5297 τήν
1621 5224 1891 5283 εὐτέλειαν

232 5322 335 5388 τῆς
385 5314 608 5392 σαρκὸς,
638 5315 729 5371 καὶ
787 5314 870 5372 ὅτι
918 5316 1009 5372 καὶ
1058 5314 1247 5381 ἄλλως
1296 5316 1465 5388 πένης
1504 5317 1595 5389 ἦν,
1642 5316 1767 5372 ὅσον
1814 5316 1892 5380 εἰς

235 5404 502 5483 χρήματα
527 5403 619 5459 καὶ
648 5404 981 5482 περιουσίαν.

311 5536 341 5566 ‹‹
370 5509 511 5571 ῡύδὲ
539 5509 839 5588 ἀπέστρεψε
866 5513 931 5568 τὸ
969 5512 1267 5589 πρόσωπον
1322 5514 1489 5569 αὐτοῦ
1546 5513 1639 5569 ἀπ’
1671 5513 1828 5588 ἐμοῦ.
1863 5536 1893 5566 η

239 5626 308 5647 ά-
337 5600 467 5679 Περὶ
499 5598 559 5657 δὲ
583 5605 681 5657 τοῦ
714 5599 1015 5675 ἰδιώματος
1041 5601 1241 5659 τούτου
1271 5603 1677 5681 προειρήκαμεν
1731 5602 1783 5659 ἐν
1821 5605 1893 5677 τῇ

242 5689 495 5768 ἐξηγήσει
525 5694 622 5746 τοῦ
653 5686 778 5749 Ἰὼϐ
810 5691 1055 5767 ψαλμοῦ.

319 5812 340 5843 ι
374 5786 475 5846 Καὶ
505 5787 558 5846 ἂν
597 5788 678 5865 τῷ
724 5791 1043 5871 κεκραγέναι
1101 5812 1169 5869 με
1218 5792 1357 5870 πρὸς
1402 5790 1561 5849 αὐτὸν
1609 5786 1894 5864 εἰσήκουσά

2003 3475 2307 3549 χρήσονται
2361 3471 2649 3550 τράπεζαν·
2685 3472 2762 3534 ὡς
2819 3471 2950 3527 εἶναι
3002 3476 3165 3528 τοῦτο
3220 3474 3665 3550 προφητείαν,οὐ

2008 3561 2172 3636 μόνον
2231 3561 2357 3639 περὶ
2412 3565 2512 3617 τοῦ
2568 3559 2933 3638 Εὐαγγελίου,
2990 3559 3141 3618 ἀλλὰ
3194 3561 3285 3619 καὶ
3354 3561 3481 3639 περὶ
3561 3570 3665 3636 τῆς

2008 3657 2277 3727 μυστικῆς
2306 3650 2603 3728 τραπέζης.

2083 3761 2107 3791 ι
2139 3741 2403 3812 Ζήσονται
2460 3740 2517 3795 αἱ
2571 3736 2789 3815 καρδίαι
2862 3739 3039 3796 αὐτῶν
3121 3737 3198 3805 εἷς
3277 3740 3451 3798 αἰῶνα
3528 3741 3665 3798 αἰῶι

2004 3850 2121 3894 νος.
2157 3854 2178 3882 ι
2215 3862 2283 3873 —
2314 3827 2489 3901 Φησῖν
2547 3827 2599 3884 ἐν
2655 3833 2736 3901 τῷ
2794 3827 3121 3906 Εὐαγγελίῳ
3150 3829 3179 3883 ὁ
3210 3826 3429 3907 Κύριος
3461 3853 3491 3883 ‹‹
3522 3831 3666 3907 Ἐγώ

2007 3917 2125 3993 εἰμι
2181 3918 2209 3973 ὁ
2268 3918 2431 3993 ἄρτος
2485 3924 2587 3988 τῆς
2650 3916 2819 3987 ζωῆςο
2856 3940 2885 3969 ››
2926 3916 3019 3972 καὶ
3078 3914 3268 3973 πάλιν·
3319 3940 3350 3969 α
3404 3916 3527 3974 Ἐάν
3576 3938 3665 3982 τις

2006 4006 2152 4087 φάγῃ
2212 4006 2272 4062 ἐκ
2315 4010 2414 4062 τοῦ
2466 4005 2601 4079 ἐμοῦ
2651 4002 2838 4083 ἄρτου,
2888 4008 3105 4077 ζήσεται
3137 4004 3215 4062 εἰς
3265 4006 3357 4061 τὸν
3407 4006 3598 4062 αἰῶνα·
3632 4030 3664 4060 n

2006 4096 2293 4175 φυλάττων
2327 4092 2543 4166 δηλαδὴ
2575 4094 2669 4158 τὰς
2700 4093 2921 4157 ἐντολὰς
2970 4092 3061 4149 διὰ
3105 4100 3208 4164 τῆς
3248 4090 3475 4171 καρδίας
3530 4089 3662 4152 ὅλον

2003 4186 2068 4243 τὸ
2100 4188 2238 4256 ζῶον
2263 4182 2539 4256 ἐδήλωσεν
2571 4182 2678 4239 ἀπδ
2707 4186 2807 4239 τοῦ
2833 4180 3192 4259 καιριωτέρου
3224 4183 3444 4260 μέρους’
3480 4181 3527 4238 εἰ
3558 4184 3665 4261 γὰρ

2004 4273 2094 4330 καὶ
2124 4273 2429 4345 τιθνήξεται
2460 4273 2599 4329 κατὰ
2626 4270 2803 4352 φύσιν,
2837 4269 2965 4328 ἀλλ’
2994 4268 3145 4334 αὖθις
3199 4270 3553 4344 ἀναστήσεται
3584 4271 3663 4337 εἰς

2008 4365 2155 4434 ζωὴν
2187 4362 2320 4418 αἰών
2332 4383 2432 4419 ιον.

2078 4474 2109 4505 ‹‹
2139 4452 2559 4523 Μνησθήσονται
2596 4447 2687 4505 καὶ
2735 4448 3229 4527 ἐπιστραφήσονται
3269 4450 3405 4527 πρὸς
3462 4448 3660 4528 Κύριον

2003 4538 2177 4597 πάντα
2230 4540 2299 4595 τὰ
2344 4540 2548 4617 πέρατα
2595 4544 2699 4610 τῆς
2754 4545 2883 4616 γῆς.
2915 4560 2947 4593 ι
2977 4570 3047 4581 —-
3092 4540 3299 4613 Μνήμη
3351 4536 3438 4594 ἐπὶ
3495 4559 3661 4613 προεκι-

2002 4628 2318 4708 ¹γνωσμένου
2349 4630 2675 4705 πράγματος
2719 4626 2955 4704 λέγεται.
2992 4627 3242 4684 Φαίνεται
3288 4627 3467 4683 τοίνυν
3518 4629 3596 4692 ὡς
3623 4632 3661 4701 ἡ

2003 4718 2299 4796 θεογνωσία
2350 4722 2468 4780 τοῖς
2523 4717 2830 4794 ἀνθρώποις
2897 4714 3137 4795 ἔμφυτός
3211 4716 3374 4773 ἐστιν·
3429 4715 3556 4774 ἀλλ’
3604 4717 3657 4774 ἐν

1999 4814 2118 4871 τοῖς
2145 4807 2346 4863 ἔθνεσιν
2377 4810 2415 4879 ἡ
2452 4808 2552 4876 τῆς
2582 4804 2798 4877 πλάνης
2826 4804 3005 4883 ἀχλὺς
3046 4804 3296 4863 ἐκάλεσεν
3330 4805 3519 4877 αὐτήν.
3549 4809 3657 4878 Τῆς

2001 4896 2214 4974 ἀγλύος
2247 4894 2306 4952 δὶ
2335 4894 2809 4966 διασκεδασθείσης
2848 4898 2928 4967 τῷ
2967 4893 3117 4968 ἡλίῳ
3161 4893 3262 4970 τῆς
3310 4892 3660 4967 δικαιοσύνης

2001 4990 2217 5064 Χριστῷ
2248 4985 2618 5060 ἐμνήσθησαν,
2648 4988 2747 5040 τοῦ
2778 4982 3124 5062 δημιουργοῦ
3166 4984 3257 5040 καὶ
3302 4984 3442 5060 πρὸς
3499 4984 3661 5040 αὐτὸν

2002 5074 2402 5154 ἐπεστράφησαν
2460 5075 2497 5144 ἢ
2580 5076 3006 5147 μνησθήσονται,
3062 5071 3179 5129 ἀντὶ
3252 5074 3351 5129 τοῦ
3429 5075 3658 5148 μνήμης

2004 5166 2395 5239 ἀξιωθήσονται
2435 5163 2582 5239 παρὰ
2626 5163 2706 5236 τῷ
2751 5167 2867 5235 Θεῷ
2917 5160 3084 5239 μέχρι
3129 5160 3254 5217 τότε
3299 5161 3658 5239 παρεωραμέι

2000 5273 2106 5311 νοι.
2157 5254 2294 5327 "Ope:
2339 5249 2397 5308 δὲ
2446 5250 2598 5316 ὅπως
2647 5251 2921 5329 ἐχρήσατο
2979 5250 3049 5326 τῇ
3098 5252 3241 5324 τάξει
3310 5253 3656 5325 μνησθήσον-

1999 5363 2088 5399 ται
2170 5342 2360 5414 εἰπὼν,
2438 5341 2553 5398 εἶτα
2632 5340 3145 5420 ἐπιστραφήσονται,
3221 5339 3337 5397 εἶτα
3414 5361 3656 5418 προσκυι

2000 5433 2066 5503 νή
2075 5452 2277 5490 σουσιν.

2077 5544 2107 5575 (ι
2138 5521 2239 5576 Καὶ
2308 5522 2774 5597 προσκυνήσουσιν
2840 5517 3069 5575 ἐνώπιον
3148 5517 3315 5575 αὐτοῦ
3372 5525 3540 5576 πᾶσαι
3603 5522 3659 5578 αἱ

2002 5612 2224 5686 πατριαὶ
2281 5614 2389 5666 τῶν
2436 5611 2625 5675 ἐθνῶν.
2678 5631 2707 5660 ›)
2755 5641 2825 5652 -
2880 5607 2980 5664 Καὶ
3034 5608 3142 5681 μὴν
3194 5606 3319 5666 οὔτε
3364 5610 3539 5666 πάντα
3592 5609 3662 5668 τὰ

2003 5699 2210 5777 πέρατα
2253 5703 2352 5771 τῆς
2407 5707 2511 5775 γῆς
2559 5697 2869 5754 ἐπίστευσαν
2917 5696 3042 5754 οὕτε
3095 5703 3260 5753 πᾶσαι
3323 5699 3380 5754 αἱ
3433 5700 3658 5777 πατριαὶ

2002 5795 2110 5848 τῶν
2143 5787 2329 5857 ἐθνῶν·
2365 5788 2491 5847 ἀλλ’
2548 5787 2664 5846 ἐπεὶ
2728 5788 2819 5844 καὶ
2871 5787 2946 5851 εἷς
3003 5786 3177 5845 πάντα
3228 5789 3297 5845 τὰ
3324 5787 3532 5868 πέρατα
3558 5797 3660 5862 τῆς
