4072 6438
373 450 537 524 “27

378 675 712 752 δεδήλωκεν,
745 677 821 741 ὡς
867 676 919 733 ἐν
965 674 1160 740 ἄλλοις
1206 674 1514 732 τούναντίον
1545 674 1652 730 ἀπὸ
1713 675 1910 750 μέρους
1969 668 2031 722 τὸ

380 764 533 825 ὅλον·
596 765 784 829 ἄλλως
830 787 890 822 τε
938 763 997 821 δέ
1038 763 1269 838 πατρίὰς
1333 765 1428 827 τὰς
1483 761 1793 840 συγγενείας
1850 758 2029 816 καλεῖ.

381 855 562 928 Δῆλον
619 853 678 912 δὲ
735 854 817 912 ὅτι
875 855 1075 918 παντὸς
1128 854 1311 918 ἔθνους
1387 858 1666 930 συγγενεῖς
1718 850 2030 906 ἐπίστευσαν

383 946 462 1010 είς
519 945 752 1023 Χριστὸν
805 944 895 1000 καὶ
954 941 1026 999 δι’
1080 944 1246 1000 αὐτοῦ
1301 943 1707 1020 προσεκύνησαν
1781 939 1870 994 τὸν
1927 942 2035 994 Πα-

482 1057 534 1091 α.

381 1037 638 1181 ΙτιῗῗιίΌτι
665 1127 763 1180 τοῦ
813 1121 1016 1201 Κυρίου
1053 1125 1089 1194 ἡ
1139 1117 1407 1194 ϐασιλεία,
1437 1121 1528 1178 καὶ
1579 1120 1738 1183 αὐτὸς
1788 1115 2034 1186 δεσπόζει

381 1217 492 1271 τῶν
539 1213 720 1270 ἐθνῶν.
753 1237 780 1267 >>
813 1245 884 1256 —-
927 1211 1101 1276 Οὗτός
1148 1213 1258 1268 ἐστι
1308 1213 1396 1268 καὶ
1431 1209 1684 1288 βασιλεὺς
1741 1208 1918 1265 αὐτῶν
1945 1205 2037 1262 καὶ

387 1301 673 1376 δεσπότης,
720 1303 856 1359 κατᾶ
926 1303 1009 1376 τὸ,
1071 1325 1102 1355 ‹‹
1156 1302 1256 1359 Καὶ
1333 1300 1494 1360 δώσω
1573 1321 1659 1356 σοι
1736 1297 1858 1369 ἔθνη
1933 1296 2034 1364 τὴν

384 1391 761 1471 κληρονομίαν
792 1414 888 1450 σου
917 1392 1007 1447 καὶ
1034 1393 1134 1462 τὴν
1173 1390 1496 1468 κατάσχεσίν
1558 1410 1657 1446 σου
1713 1387 1781 1444 τὰ
1833 1387 2040 1463 πέρατα

384 1487 490 1553 τῆς
518 1489 645 1558 γῆς·
678 1505 700 1533 ι
733 1479 823 1537 καὶ
879 1477 968 1536 δίὰ
1022 1485 1183 1536 τοῦτο
1227 1481 1689 1557 προσκυνήσουσιν
1741 1474 1898 1532 αὐτὸν
1937 1476 2036 1544 τῆς

391 1565 716 1642 διαϐολικῆς
743 1567 1055 1646 τυραννίδος
1087 1569 1560 1647 ἐλευθερωθέντες.

463 1699 492 1730 ιι
520 1677 757 1758 Ἐφαγον
779 1675 870 1733 καὶ
897 1675 1305 1752 προσεκύνησαν
1335 1677 1530 1737 πάντες
1585 1675 1640 1729 οἱ
1693 1671 1879 1734 πίονες
1937 1675 2040 1740 τῆς

387 1772 517 1846 γῆς.
546 1787 576 1823 ι
609 1798 680 1811 -—-
708 1766 905 1831 Πίονας
933 1765 1060 1830 τοὺς
1087 1764 1385 1828 πλουσίους
1415 1763 1581 1843 λέγει,
1612 1761 1742 1826 τοὺς
1789 1760 2043 1830 πλουτή-

387 1877 584 1922 σαντας
613 1857 712 1928 τὴν
745 1851 1040 1930 εὐσέϐειαν,
1073 1856 1127 1912 οἳ
1170 1854 1433 1932 πρότερον
1491 1853 1719 1924 πένητες
1771 1852 1932 1922 ἦσαν,
1965 1848 2042 1912 ὡς

389 1947 820 2025 προειρήκαμεν.

465 2060 496 2090 ιι
527 2037 791 2094 Ἐνώπιον
847 2033 1014 2092 αὐτοῦ
1065 2037 1466 2112 προπεσοῦνται
1520 2031 1712 2095 πάντες
1771 2031 1826 2085 οἱ
1878 2049 2043 2085 κατα-

394 2120 674 2189 ϐαίνοντες
730 2123 808 2189 είς
838 2131 966 2201 γῆν.
1004 2148 1034 2177 ››
1062 2156 1133 2168 --
1160 2125 1632 2201 Προσκυνήσουσιν
1689 2119 1850 2176 αὐτὸν
1909 2119 2044 2174 πάν-

391 2234 484 2278 τες
531 2215 586 2270 οἱ
615 2213 1047 2286 ἀποθνήσκοντες
1095 2214 1186 2269 καὶ
1232 2212 1311 2276 είς
1361 2218 1463 2290 γῆν
1493 2209 1876 2281 ἀναλυόμενοι·
1916 2207 2050 2283 μετὰ

394 2303 499 2381 γὰρ
527 2304 628 2373 τήν
676 2303 866 2372 κοινὴν
897 2303 1178 2359 ἀνάστασιν
1211 2301 1356 2375 αὐτῷ
1382 2307 1486 2356 πᾶν
1518 2300 1650 2377 γόνυ
1680 2299 1884 2374 κάμψει
1915 2297 2051 2353 κατὰ

390 2393 486 2449 τὸν
517 2387 879 2465 ’Δπόστολον,
926 2392 1019 2448 καὶ
1066 2392 1119 2448 οἱ
1171 2393 1266 2467 μὲν
1313 2390 1525 2454 έκόντες
1571 2389 1661 2446 καὶ
1697 2388 1874 2462 πόθῳ,
1907 2388 1960 2443 οἱ
1991 2384 2051 2442 δὲ

395 2482 617 2545 ἄκοντες
643 2480 736 2538 καὶ
767 2477 942 2561 φόϐῳ.

469 2592 500 2624 ιι
529 2570 634 2627 Καὶ
661 2573 698 2641 ἡ
730 2571 885 2646 ψυχή
949 2591 1054 2645 μου
1111 2568 1259 2643 αὐτῷ
1320 2572 1407 2644 ζῇ.
1437 2591 1468 2622 ››
1498 2601 1570 2612 —--
1613 2565 1793 2630 Αὐτός
1851 2565 1991 2622 ἐστιν
2021 2566 2050 2620 6

388 2657 592 2733 ταύτην
655 2662 830 2731 ζωῶν,
889 2658 980 2716 καὶ
1045 2661 1122 2734 μὴ
1182 2658 1283 2716 ἐῶν
1337 2658 1698 2730 ἀποθνήσκειν
1779 2656 1885 2712 ὑπὸ
1949 2657 2052 2725 τῆς

393 2747 682 2827 ἁμαρτίας.
712 2753 882 2805 Τοῦτο
914 2745 974 2804 δὶ
1000 2747 1091 2804 καὶ
1119 2747 1208 2804 ἐπὶ
1235 2752 1333 2804 τοῦ
1363 2745 1678 2822 Πνεύματος
1706 2750 1908 2802 νοεῖται
1958 2743 2051 2800 καὶ

389 2838 482 2894 καὶ
539 2835 629 2893 ἐπὶ
683 2839 784 2893 τοῦ
839 2837 990 2893 Υἱοῦ·
1043 2836 1135 2893 καὶ
1191 2835 1380 2901 ἄλλως
1439 2834 1522 2908 δὲ,
1573 2860 1602 2889 ιι
1663 2839 1737 2910 Ζῇ
1795 2838 1876 2907 τῷ
1905 2837 2048 2906 Θεῷ,

392 2924 580 3007 φησὶν,
611 2927 647 2997 ἡ
677 2927 832 3004 ψυχή
868 2946 996 3000 μου,
1027 2949 1057 2979 »
1091 2925 1168 2989 ὡς
1224 2925 1439 3004 ἐνεργὸς
1494 2922 1628 2980 οὐσα
1674 2921 1812 2996 πρὸς
1867 2916 2047 2978 αὐτόν·

393 3013 578 3090 ὥσπερ
631 3013 692 3071 ἐκ
738 3019 837 3072 τοῦ
892 3013 1134 3072 ἐναντίου
1190 3015 1416 3086 τέθνηκε
1462 3018 1543 3088 τῷ
1573 3011 1792 3090 δαίμονι
1822 3012 1897 3075 ὡς
1932 3012 2052 3066 ἀκι-

392 3107 634 3176 νητοῦσα
659 3102 798 3181 πρὸς
826 3103 921 3168 τὰς
951 3103 1231 3176 ὑποθήκας
1261 3103 1450 3163 αὐτοῦ.

472 3233 504 3264 ιι
531 3209 632 3268 Καὶ
658 3211 722 3267 τὸ
761 3212 980 3286 σπέρμα
1034 3231 1141 3284 μου
1188 3207 1469 3267 δουλεύσεί
1517 3207 1682 3282 αὐτῷ.
1716 3230 1746 3261 ››
1775 3238 1847 3251 —-
1877 3205 2052 3284 Σπέρ-

1629 439 2060 516 NIGEPHORI
2098 435 2538 508 BLEMMIDE

373 595 478 668 γῆς
504 584 570 647 τὰ
600 583 933 668 Ειύαγγέλιον
973 577 1218 667 ἔφθασεν,
1251 583 1358 644 ἀπὸ
1403 590 1502 643 τοῦ
1547 583 1682 642 ὅλου
1737 584 1800 639 τὸ
1861 577 2023 657 μέρος
2053 577 2108 645 Α

2139 961 2388 1044 πρόϐατα
2442 967 2546 1042 γὰρ
2611 964 3008 1039 πλανωμένους

2139 1055 2268 1120 τοὺς
2317 1055 2366 1130 ἐξ
2417 1055 2577 1119 ἐθνῶν
2627 1054 2746 1127 εὗρε
2794 1053 2882 1110 καὶ
2920 1053 2996 1116 είς
3033 1051 3270 1128 μάνδραν
3302 1051 3502 1128 ἤγαγε,
3532 1053 3628 1108 καὶ
3685 1053 3824 1110 λοι-

3640 431 3836 500 1428

2736 574 3033 631 mmo:
3071 565 3191 631 κε’.

2217 723 2244 755 ιι
2272 697 2508 772 Ψαλμὸς
2535 696 2617 771 τῷ
2646 695 2833 754 Δαυΐδ.
2867 697 3072 773 Κύριος
3101 693 3386 770 ποιμαίνει
3437 717 3505 770 με
3551 695 3645 752 καὶ
3706 693 3829 752 οὐ-

2141 787 2226 845 δέν
2281 809 2348 863 με
2405 788 2704 864 ὑστερήσει.
2748 811 2777 839 ››
2827 819 2896 829 η-
2944 785 3118 848 Αὐτὸς
3173 787 3276 862 γὰρ
3335 784 3385 840 ἐν
3435 790 3514 856 τῷ
3557 785 3826 863 Εὐαγγε-

2142 877 2248 950 λίῳ
2303 876 2486 953 φησίν·
2540 900 2568 928 ‹‹
2619 876 2761 951 Ἐγώ
2813 876 2927 949 εἰμι
2978 877 3006 930 ὁ
3054 876 3267 948 ποιμὴν
3314 875 3342 929 6
3395 873 3588 938 καλός·
3642 900 3676 928 ››
3738 875 3828 939 ὡς

3093 963 3183 1019 ἐπὶ
3245 962 3449 1026 τόπους
3515 962 3827 1028 ἀπωλείας

2142 1146 2243 1202 πὸν
2298 1144 2598 1218 ποιμαίνει·
2660 1141 2744 1199 διὸ
2803 1143 2893 1198 καὶ
2948 1141 3172 1205 ἕκαστος
3228 1141 3403 1198 αὐτῶν
3463 1141 3826 1218 εὐχαριστῶν

2145 1231 2479 1310 ἀπαγγέλλει
2527 1234 2622 1295 τὰς
2668 1231 2972 1308 εὐεργεσίας
3034 1231 3200 1287 αὐτοῦ
3243 1231 3446 1307 λέγων.
3509 1255 3539 1283 ι(
3589 1232 3650 1285 Ὀ
3708 1231 3823 1288 Κύ-

2145 1345 2262 1402 ριος
2320 1321 2601 1396 ποιμαίνει
2665 1342 2750 1395 με,
2782 1322 2873 1377 καὶ
2931 1318 3084 1376 οὐδέν
3148 1341 3215 1394 με
3273 1321 3577 1396 ὑστερήσει·
3618 1346 3642 1375 ι
3684 1317 3816 1389 ἤτοι

2146 1412 2300 1470 οὐδέν
2364 1433 2431 1487 με
2475 1409 2670 1467 λοιπὸν
2713 1409 2982 1485 ἐπιλείψει
3028 1414 3137 1466 τῶν
3207 1407 3555 1482 ἐπιτηδείων.
3609 1409 3822 1466 Ἰστέον

2147 1501 2206 1559 δὲ
2231 1503 2314 1559 ὅτι
2350 1503 2417 1558 τὰ
2445 1500 2584 1556 πάνυ
2613 1499 2922 1578 ἐγνωσμένα
2967 1499 3147 1576 χωρὶς
3198 1499 3400 1576 ἄρθρου
3446 1500 3539 1554 τὸν
3598 1497 3831 1555 πολλά-

2147 1613 2231 1656 κις
2263 1592 2601 1672 ἐκφέρονται.

2221 1707 2251 1736 ιι
2281 1681 2376 1744 Εἷς
2432 1679 2598 1736 τόπον
2649 1676 2835 1757 χλόης
2882 1677 2994 1734 ἐκεῖ
3043 1699 3110 1752 με
3175 1680 3609 1750 κατεσκήνωσεν.
3667 1703 3697 1732 ι
3757 1711 3834 1721 —-

2151 1771 2335 1834 Τόπος
2392 1771 2485 1845 μὲν
2537 1767 2781 1845 χλόηςὴ
2813 1769 3085 1845 πρακτικὴ
3127 1767 3316 1843 ἀρετή·
3369 1765 3517 1841 ὕδωρ
3571 1764 3634 1823 δὲ
3676 1766 3832 1822 ἀνα-

2151 1861 2399 1923 παύσεως
2446 1861 2482 1929 ἡ
2535 1858 2843 1934 θεωρητική
2895 1855 3210 1936 φιλοσοφία·
3261 1855 3373 1912 ἐκεῖ
3421 1853 3478 1912 δέ
3529 1877 3621 1930 με,
3657 1857 3829 1935 φησὶ,

2071 1951 2577 2021 Βκατεσκήνωσεν,
2653 1946 2792 2003 ὅπου
2860 1945 3030 2009 τόπος
3103 1945 3311 2023 χλόης.
3382 1945 3670 2020 Ἐπίμεινε
3750 1951 3829 2021 τῇ

2152 2043 2330 2118 τροπῇ
2375 2041 2474 2094 τοῦ
2523 2035 2852 2112 ποιμαίνειν·
2901 2034 3052 2113 χλόη
3103 2035 3204 2112 γὰρ
3253 2035 3346 2090 καὶ
3389 2033 3538 2112 ὕδωρ
3589 2034 3832 2106 εὐθηνία

2152 2126 2438 2203 ποιμνίου.
2480 2130 2650 2181 Τοῦτο
2700 2122 2758 2180 δὲ
2808 2122 3100 2201 βούλονται
3153 2121 3382 2198 δηλοῦν,
3433 2123 3519 2181 ὅτι
3573 2122 3632 2180 ἐν
3679 2124 3829 2180 ἀπο-

2157 2218 2344 2276 λαύσει
2373 2222 2550 2291 νομῆς
2586 2235 2654 2289 με
2679 2213 2992 2286 κατέστησε.

2228 2306 2332 2365 Καὶ
2381 2303 2590 2368 ἄλλως·
2640 2303 2809 2366 τόπος
2860 2305 2955 2377 μὲν
3001 2301 3186 2380 χλόης
3215 2305 3251 2374 ἡ
3284 2301 3604 2374 Ἐκκλησία·
3662 2301 3826 2379 χλόη

2159 2395 2218 2454 δὲ
2273 2397 2326 2452 οἱ
2373 2394 2555 2450 πιστοὶ
2601 2395 2882 2455 ἀνθοῦντες
2931 2393 3048 2447 κατ’
3115 2391 3329 2468 ἀρετήν·
3381 2392 3417 2460 ἢ
3479 2391 3572 2446 καὶ
3632 2390 3828 2467 χλόην

2154 2486 2255 2556 τήν
2311 2489 2417 2540 τῶν
2476 2486 2808 2560 Χριστιανῶν
2853 2480 3032 2537 πίστιν
3083 2482 3324 2552 νοήσεις,
3367 2479 3663 2550 νεάζουσαν
3715 2480 3829 2536 ἀεί·

2157 2577 2194 2646 ἡ
2225 2574 2330 2651 γάρ
2371 2577 2479 2629 τῶν
2531 2570 2817 2643 Ἐλλήνων
2859 2570 2935 2633 ὡς
2983 2569 3189 2647 χόρτος
3242 2569 3478 2646 ἐγήρασε
3541 2569 3638 2625 καὶ
3697 2569 3831 2625 ἀπε-

2159 2664 2424 2740 ξηράνθηο

2231 2777 2261 2806 ιι
2295 2752 2416 2808 Ἐπὶ
2490 2748 2685 2814 ὕδατος
2754 2746 3105 2811 ἀναπαύσεως
3182 2746 3429 2824 ἐξέθρεψέ
3510 2769 3597 2822 με.
3675 2774 3704 2804 ››
3765 2782 3837 2792 -

2159 2844 2337 2900 Τοῦτο
2391 2838 2481 2896 διὰ
2539 2839 2602 2896 τὰ
2665 2837 2895 2916 λουτρὸν
2951 2841 3048 2893 τοῦ
3119 2836 3520 2913 βαπτίσματος·
3575 2835 3668 2892 διὰ
3722 2842 3826 2893 τοῦ

2157 2928 2409 2987 τοιούτου
2483 2930 2584 3007 γὰρ
2665 2925 2858 2989 ὕδατος
2941 2923 3293 3004 ῥυπτόμενοι,
3369 2924 3650 3002 ῥύπτομεν
3723 2926 3822 2980 τὸν

2159 3019 2324 3076 πόνον
2371 3019 2463 3077 καὶ
2511 3019 2575 3074 τὸ
2626 3018 2792 3096 βάρος
2839 3037 2940 3088 της
2993 3014 3282 3092 ἁμαρτίας·
3314 3014 3407 3070 καὶ
3456 3013 3646 3071 λοιπὸν
3675 3014 3811 3068 ἂνα-

2159 3108 2465 3184 παυόμεθα·
2529 3105 2614 3163 διὸ
2663 3105 2755 3163 καὶ
2809 3107 2838 3162 6
2891 3105 3088 3181 Κύριος
3148 3101 3325 3180 ἔλεγε·
3375 3127 3399 3156 ε
3463 3108 3609 3160 Δεῦτε
3661 3101 3802 3177 πρός

2165 3218 2233 3274 με
2286 3199 2483 3260 πάντες
2551 3197 2603 3251 οἱ
2650 3193 2950 3257 κοπιῶντες
3017 3194 3108 3250 καὶ
3169 3194 3611 3273 πεφορτισμένοι,
3655 3191 3810 3267 κάγὼ

401 3321 482 3377 μα
533 3303 770 3377 Χριστοῦ
824 3280 951 3370 ἤτοι
1005 3280 1168 3356 τέκνα
1219 3301 1411 3362 πάντες
1441 3300 1496 3355 οῖ
1525 3295 1616 3354 διὰ
1636 3280 1760 3353 ήτοῦ
1816 3280 2052 3372 Εὐαγγεο
2080 3324 2124 3392 C
2161 3284 2899 3392 &Vaﬂa6fw-5Ha<'~>>ﬁ“m3
2930 3281 3140 3392 ξλιλως·
3161 3280 3310 3392 ξδωρ
3340 3284 3404 3339 τὸ
3433 3281 3644 3392 ζῳηρὸν
3675 3285 3829 3392 vii-9;!

398 3388 530 3449 λίοο
579 3388 929 3466 γεννηθέντες
979 3388 1145 3462 αὐτῷ·
1204 3388 1298 3452 οὓς
1353 3389 1444 3445 καὶ
1524 3388 1746 3461 ὑπέταξε
1808 3389 1887 3458 τῷ
1938 3391 2050 3441 Πα-

397 3477 509 3557 τρί.

475 3589 508 3622 ιι
538 3563 998 3643 ’Δναγγελήσεται
1025 3571 1106 3641 τῷ
1131 3565 1314 3644 Κυρίῳ
1339 3568 1496 3644 γενεᾶ
1523 3567 1560 3637 ἡ
1591 3565 1890 3642 ἐρχομένη.
1926 3589 1950 3620 ι
1986 3594 2058 3607 --

401 3656 940 3734 Γνωρισθήσεταιτῷ
968 3661 1084 3730 Θεῷ
1112 3657 1150 3727 ἡ
1182 3655 1235 3728 ἐξ
1282 3654 1446 3712 ἐθνῶν
1490 3654 1643 3732 γενεὰ
1695 3658 1804 3711 τῶν
1851 3657 2054 3710 πιστῶν

401 3749 441 3818 ἡ
472 3744 807 3821 ἐλευσομένη
840 3745 894 3803 ἐν
918 3751 1039 3810 ταῖς
1069 3744 1304 3824 ἡμέραις
1333 3751 1434 3816 τῆς
1465 3743 1923 3822 ἐνανθρωπήσεως
1959 3747 2059 3798 τοῦ

401 3837 556 3894 Υἱοῦ.
1524 3857 1530 3863 δ

477 3948 508 3978 ιι
538 3922 640 3980 Καὶ
706 3921 1067 4001 ἀναγγελοῦσι
1123 3925 1224 3994 τήν
1297 3920 1647 3994 δικαιοσύνην
1719 3920 1885 3977 αὐτοῦ
1942 3919 2062 3994 λαῷ

403 4015 488 4086 τῷ
541 4011 962 4089 τεχθησομένῳ.
1023 4036 1046 4064 ι
1106 4024 1178 4056 '---
1233 4012 1297 4068 Οί
1354 4009 1445 4068 διὰ
1499 4011 1733 4073 πίστεως
1780 4009 2060 4086 τεχθέντες

409 4099 763 4178 ἁναγγελοῦσι
809 4106 930 4165 τοῖς
976 4101 1424 4179 τεγθησομένοις,
1473 4102 1564 4156 καὶ
1619 4105 1785 4156 τοῦτο
1836 4099 2062 4171 καθεξῆς

408 4189 513 4249 ἀεί.
563 4191 918 4262 Δικαιοσύνην
964 4189 1044 4261 δὲ,
1073 4189 1156 4247 ὅτι
1186 4188 1407 4247 καθεῖλε
1450 4190 1542 4247 τὸν
1591 4187 1880 4246 ἀδικοῦντα
1931 4188 2061 4253 τοὺς

411 4279 731 4357 ἀνθρώπους
761 4279 1053 4355 πολέμιον.

489 4391 519 4425 α
553 4369 651 4427 Ὃν
693 4367 943 4441 ἐποίησεν
975 4371 1004 4426 6
1033 4368 1254 4444 Κύριος.
1297 4394 1327 4423 ››
1378 4403 1446 4414 -
1487 4370 1578 4425 Ὃν
1637 4367 1886 4440 ἐποίησεν
1936 4364 2065 4437 ἤτοι

413 4457 774 4530 συνεστήσατο
824 4457 955 4514 λαὸν
1014 4458 1206 4515 ἑαυτοῦ
1263 4457 1525 4535 πρότερον
1585 4457 1648 4513 οὐ
1713 4455 1844 4513 λαὸν
1913 4450 2064 4524 ὅντα,

409 4544 539 4603 ἀλλ’
589 4547 935 4621 ἀπωσμένον,
969 4547 1006 4617 ἢ
1056 4549 1115 4604 ὃν
1164 4545 1586 4623 ἐδημιούργησε.
1625 4547 1697 4602 Τὸ
1744 4542 1822 4618 δὲ,
1873 4545 2065 4621 ’Δναγ-

409 4635 701 4714 γελήσεται
756 4640 837 4708 τῷ
891 4635 1095 4712 Κυρίῳ,
1143 4636 1286 4698 τινὶς
1342 4633 1532 4698 ἄλλως
1589 4636 1961 4712 ἡρμήνευσαν,
1995 4633 2068 4688 εἷ-

2158 3384 2260 3448 τῆς
2298 3380 2396 3432 τοῦ
2441 3377 2675 3452 Χριστοῦ
2723 3370 3096 3445 διδασκαλίας,
3145 3373 3221 3435 ὡς
3265 3373 3676 3449 προειρήκαμεν
3746 3369 3828 3432 εἷς

2160 3464 2255 3523 τὰν
2287 3469 2506 3541 πρῶτον
2537 3461 2858 3538 ψαλμὸν,τὸ
2885 3460 3034 3540 παρὰ
3054 3461 3151 3525 τὰς
3181 3458 3455 3533 διεξόδους
3469 3464 3580 3518 τῶν
3611 3457 3831 3516 ὑδάτων

2166 3555 2222 3631 ἐρ
2232 3575 2339 3631 μην
2348 3555 2584 3617 εύοντες.

2242 3668 2272 3699 ιι
2297 3646 2405 3714 Τὴν
2438 3644 2625 3721 ψυχήν
2658 3663 2763 3718 μου
2793 3640 3132 3717 ἐπέστρεψεν.
3155 3664 3184 3694 ››
3208 3672 3283 3686 —
3309 3639 3448 3696 Ἀπὸ
3475 3646 3578 3711 τῆς
3605 3637 3846 3721 πλάνης

2164 3738 2273 3791 τῶν
2307 3719 2576 3790 εἰδώλων.
3835 3719 3842 3727 ’

2241 3847 2272 3877 ιι
2299 3820 2567 3900 Ὦδήγησέ
2616 3841 2684 3895 με
2728 3819 2815 3876 ἐπὶ
2858 3813 3083 3896 τρίϐους
3129 3817 3494 3890 δικαιοσύνης.
3541 3843 3571 3872 ››
3619 3852 3690 3864 —-
3741 3826 3844 3875 Δι-

2167 3912 2460 3982 καιοσύνην
2511 3911 2738 3976 ἐνταῦθα
2779 3911 2881 3981 τὴν
2938 3909 3176 3966 καθόλου
3205 3907 3378 3986 λέγει
3423 3910 3522 3978 τήν
3572 3907 3843 3987 ἐμπεριέ-

2171 4022 2375 4080 χουσαν
2425 4002 2599 4063 πάσας
2663 4001 2759 4062 τὰς
2827 3998 3042 4074 ἀρετάς·
3087 3993 3309 4076 τρίϐους
3360 3995 3418 4052 δὲ
3467 3996 3676 4068 ταύτης
3734 3997 3843 4061 τὰς

2176 4091 2399 4169 μερικὰς
2429 4088 2640 4165 ἀρετάς·
2675 4087 2814 4144 διότι
2845 4089 3097 4166 φέρουσιν
3146 4088 3222 4150 εἷς
3271 4086 3464 4158 αὐτήν·
3515 4086 3681 4150 αὐτὸς
3731 4087 3847 4164 γὰρ

2172 4181 2592 4258 ἐνανθρωπήσας
2613 4175 2773 4251 ἓτεμε
2800 4176 2995 4240 ταύτας
3024 4177 3115 4232 καὶ
3149 4174 3373 4253 βαδίσας
3393 4172 3668 4253 ὑπέδειξεν
3698 4173 3852 4253 ἔργῳ

2171 4270 2262 4328 καὶ
2290 4269 2446 4346 λόγῳ
2471 4265 2858 4343 καθοδηγήσας
2887 4267 3055 4340 ἡμᾶς.

2249 4383 2279 4413 ιι
2307 4361 2521 4416 Ἕνεκεν
2569 4361 2667 4413 τοῦ
2718 4355 2986 4430 ὀνόματος
3038 4355 3226 4416 αὐτοῦ,
3257 4379 3284 4408 ››
3318 4386 3389 4398 —-
3435 4353 3536 4409 Διά
3581 4355 3645 4410 τὸ
3697 4353 3854 4425 κλη-

2177 4447 2337 4520 θῆναί
2383 4469 2452 4524 με
2523 4447 2869 4524 Χριστιανὸν,
2928 4446 2965 4516 ἢ
3017 4442 3110 4501 ἵνα
3170 4445 3248 4520 μὴ
3313 4444 3725 4522 βλασφημῆται
3782 4445 3852 4500 τὸ

2176 4535 2353 4614 ὄνομα
2409 4536 2574 4592 αὐτοῦ
2634 4533 2704 4591 δι’
2763 4535 2980 4591 ἀτόπων
3035 4535 3280 4612 πράξεων
3325 4534 3475 4611 παρὰ
3529 4537 3650 4597 τοῖς
3715 4534 3852 4589 ἀπί-

2178 4648 2347 4690 στοις.

309 4779 312 4782 ,
409 4695 602 4786 πόντες
642 4722 724 4780 ὅτι
779 4695 1106 4802 προφητεία,
1157 4695 1402 4779 τουτέστι
1465 4695 1746 4800 περί
1795 4721 1847 4778 ἐν
1894 4695 2065 4798 Ἰέρο-
2095 4695 2144 4760 D
2246 4741 2275 4770 «
2307 4717 2429 4802 Ἐὰν
2487 4717 2588 4793 γὰρ
2648 4715 2740 4770 καὶ
2797 4715 3048 4788 πορευθῶ
3105 4711 3156 4768 ἐν
3221 4714 3372 4787 μέσῳ
3401 4718 3555 4802 σκιᾶς
3583 4711 3849 4788 θανάτου,

411 4810 684 4887 σολύμοις
743 4813 1091 4886 ζητησάντων
1141 4811 1274 4870 ἰδεῖν
1330 4813 1423 4868 τὸν
1485 4813 1694 4884 Ἰησοῦν
1756 4809 2060 4883 Ἐλλήνων·

411 4902 545 4983 φησὶ
574 4903 676 4980 γὰρ
707 4904 736 4960 6
757 4900 1147 4980 εὐαγγελιστὴς
1171 4900 1550 4975 Ἰωάννης,ὅτι
1571 4925 1602 4956 ι(
1627 4902 1788 4957 Οὗτοι
1819 4901 2066 4978 προσῆλ-

413 5005 506 5059 θον
540 4991 809 5066 Φιλίππῳ
837 4986 952 5048 ὄντι
981 4991 1089 5048 ἀπὸ
1115 4988 1441 5064 Βηθσαϊδειᾶ
1465 4998 1566 5062 τῆς
1627 4990 1942 5063 Γαλιλαίας,
1973 4991 2064 5046 καὶ

412 5083 646 5160 ἠρώτων
687 5081 847 5138 αὐτὸν
892 5079 1171 5158 λέγοντες,
1201 5079 1384 5158 Κύριε,
1432 5078 1663 5153 θέλομεν
1709 5080 1801 5136 τὸν
1851 5081 2065 5152 Ἰησοῦν

415 5168 568 5227 ἰδεῖν·
629 5166 848 5248 ἔρχεται
906 5169 1188 5233 Φίλιππος
1242 5170 1334 5225 καὶ
1389 5166 1538 5245 λέγει
1587 5173 1668 5242 τῷ
1699 5165 1942 5245 Ἀνδρέᾳ,
1972 5168 2064 5224 καὶ

412 5259 578 5318 πάλιν
609 5259 866 5337 Ἀνδρέας
920 5259 1012 5316 καὶ
1071 5257 1350 5322 Φίλιππος
1381 5255 1603 5336 λέγουσι
1658 5262 1739 5332 τῷ
1769 5259 1970 5328 Ἰησοῦ.
2003 5258 2066 5314 Ὁ

415 5346 476 5405 δὲ
510 5353 722 5420 Ἰησοῦς
779 5348 1092 5426 ἀποκριθεὶς
1147 5349 1315 5406 εἶπεν.
1365 5347 1666 5418 Ἐλήλυθεν
1715 5349 1750 5417 ἠ
1812 5345 1928 5423 ὥρα
1977 5344 2067 5401 τίνα

414 5435 648 5512 δοξασθῇ
680 5439 710 5494 6
765 5438 893 5502 Υἱὸς
936 5441 1034 5493 τοῦ
1076 5436 1382 5514 ἀνθρώπου.
1430 5459 1459 5488 ››
1499 5433 1641 5494 Ἰδοὺ
1685 5434 1862 5491 τοίνυν
1912 5437 2068 5512 ἀναγ-

410 5524 603 5606 γέλλει
662 5531 742 5599 τῷ
791 5531 1009 5604 Χριστῷ
1062 5528 1252 5603 παρὼν
1301 5530 1407 5581 τῶν
1465 5524 1786 5581 ἀποστόλων
1819 5527 1855 5596 ἡ
1911 5525 2068 5601 γενεὰ

412 5613 614 5685 ἐκείνη·
658 5616 933 5672 τουτέστιν
980 5617 1032 5670 οἱ
1076 5613 1371 5686 Ἕλληνες·
1425 5614 1477 5668 οἱ
1524 5612 1870 5689 ἐξερχόμενοι
1928 5613 2066 5689 πρὸς

408 5703 573 5760 αὐτὸν
606 5705 900 5782 προοίμιόν
932 5726 990 5762 τε
1019 5700 1167 5768 ὄντες
1198 5705 1410 5761 πάντων
1437 5707 1544 5759 τῶν
1596 5703 1648 5777 ἐξ
1705 5702 1872 5769 ἐθνῶν
1931 5702 2065 5773 ἐλη-

417 5792 686 5852 λυθότων.

2173 4805 2236 4862 οὐ
2265 4801 2656 4885 φοϐηθήσομαι
2683 4803 2842 4876 κακὰ,
2875 4801 2956 4857 ὅτι
2989 4802 3053 4857 σὺ
3087 4803 3202 4876 μετ’
3251 4802 3390 4876 ἐμοῦ
3433 4801 3500 4859 εἴ.
3529 4825 3559 4854 ››
3586 4833 3658 4846 —-
3697 4805 3851 4860 Σκιὰ

2173 4895 2402 4950 θανάτου
2460 4895 2490 4948 6
2546 4895 2732 4970 παρὼν
2808 4890 3036 4966 κόσμος·
3118 4890 3299 4967 ὥσπερ
3357 4891 3459 4968 γὰρ
3519 4891 3549 4946 6
3605 4891 3850 4954 θάνατος

2174 4985 2405 5061 χωρίζει
2460 4985 2560 5053 τήν
2619 4983 2806 5059 ψυχήν
2861 4980 2968 5036 ἀπὸ
3019 4985 3116 5036 τοῦ
3176 4981 3454 5055 σώματος,
3482 4979 3629 5036 οὕτω
3685 4980 3782 5037 καὶ
3815 4982 3846 5036 6

2173 5072 2360 5148 παρὼν
2393 5071 2601 5146 κόσμος
2631 5071 2859 5148 χωρίζει
2890 5071 2979 5125 τὸν
3015 5068 3355 5148 φιλόκοσμον
3386 5069 3494 5126 ἀπὸ
3522 5073 3623 5126 τοῦ
3679 5073 3846 5129 θεοῦ.

2174 5159 2248 5219 Εἷ¹
2283 5183 2367 5225 τις
2414 5159 2471 5216 δέ
2515 5161 2625 5216 ἐστι
2673 5160 2808 5235 μετὰ
2851 5163 2949 5214 τοῦ
2998 5163 3155 5229 Θεοῦ,
3186 5158 3277 5214 καὶ
3326 5158 3355 5213 6
3406 5159 3536 5222 Θεὸς
3570 5159 3689 5234 μετ’
3746 5158 3848 5214 αὐ-

2175 5255 2270 5307 τοῦ
2336 5250 2469 5307 ἐστι.
2501 5250 2600 5306 Καὶ
2649 5249 2846 5324 ἑτέρως
2893 5246 2969 5304 δέ·
3034 5248 3158 5304 σκιᾶ
3229 5247 3456 5304 θανάτου
3512 5247 3682 5312 πόνος
3734 5269 3848 5304 κιν-

2177 5338 2338 5396 δύνου
2384 5341 2608 5410 παντὸς,
2660 5341 2750 5394 οἶα
2796 5339 2991 5400 ἐοικὼς
3038 5339 3248 5411 θανάτῳ
3315 5335 3405 5393 διὰ
3461 5338 3563 5407 τήν
3619 5339 3847 5414 πικρίαν

2173 5437 2274 5500 τῆς
2327 5427 2647 5507 ἀλγηδόνος·
2677 5428 2801 5484 σκιὰ
2861 5427 3041 5502 μέντοι
3099 5425 3190 5482 διὰ
3235 5428 3338 5496 τὴν
3384 5425 3672 5501 ὁμοίωσιν·
3707 5425 3851 5484 κακᾶ

2177 5517 2236 5576 δὲ
2265 5521 2318 5575 οἱ
2373 5518 2686 5597 πειρασμοί.
2743 5517 2967 5581 Σύνεσις
3025 5515 3084 5572 δὲ
3139 5523 3268 5572 πᾶσι
3297 5521 3416 5578 τοῖς
3447 5515 3678 5587 ἀληθῶς
3710 5523 3850 5595 X9:-

2175 5613 2415 5672 στιανοῖς
2471 5610 2500 5664 6
2558 5608 2775 5688 Κύριος·
2810 5607 2974 5662 αὐτοῦ
3031 5606 3134 5682 γὰρ
3170 5605 3198 5661 6
3237 5605 3428 5682 λόγος·
3469 5627 3498 5662 α
3555 5604 3669 5663 Καὶ
3725 5603 3848 5663 ἰδοὺ

2177 5699 2287 5776 ἐγὼ
2321 5699 2436 5773 μεθ’
2467 5699 2617 5774 ὑμῶν
2650 5698 2765 5773 εἰμι
2795 5699 2968 5761 πάσας
3005 5698 3101 5760 τὰς
3146 5696 3358 5772 ἡμέρας
3398 5693 3503 5758 ἓως
3552 5703 3659 5770 τῆς
3709 5718 3844 5754 συν-

2174 5787 2385 5852 τελείας
2413 5793 2510 5844 τοῦ
2541 5787 2760 5852 αἰῶνος.
2787 5809 2815 5850 η
2963 5845 2965 5847 ,
3242 5845 3247 5851 ,
3415 5839 3426 5846 _
3456 5823 3462 5827 .
3554 5823 3566 5827 -
3617 5777 3620 5780 ’

3681 6405 3684 6410 _
3715 6395 3746 6418 με
3819 6397 3824 6400 .
3847 6393 3858 6398 ..

3347 6427 3378 6432 -
3454 6425 3508 6432 __.
3578 6423 3622 6432 τ.
3723 6429 3750 6438 .,
