4072 6458
314 436 482 502 1429

1537 422 1955 493 EXPOSITIO
1996 425 2078 491 IN
2122 425 2510 491 PSALMOS.

3578 429 3742 495 1430

396 595 420 625 ι
453 574 518 627 ’Π
577 561 786 647 ῥάϐδος
833 587 930 624 σου
984 561 1078 622 καῖ
1130 564 1168 636 ἡ
1223 559 1489 642 βακτηρία
1549 583 1666 635 σου,
1713 558 1868 616 αῦταί
1914 578 1981 632 με
2005 562 2202 631 Ακεῖν
2253 559 2304 616 ἐν
2348 565 2418 635 τῇ
2469 561 2640 638 σκέπῃ
2683 565 2781 618 τοῦ
2846 558 3050 640 Κυρίου
3098 561 3650 644 περιφρουρούμενος·
3704 563 3749 635 ἦ·

321 657 717 737 παρεκάλεσαν.
772 680 801 709 ››
855 688 924 700 -ο
964 648 1190 716 Ῥάϐδος
1233 653 1328 727 μὶν
1377 654 1414 723 ἡ
1447 651 1621 729 κρίσις
1670 654 1766 706 τοῦ
1815 652 1972 717 Θεοῦ,

319 747 590 826 βακτηρία
642 746 699 804 δὲ
745 750 780 817 ἡ
829 745 1061 823 πρόνοια
1108 741 1272 799 αύτοῦ
1322 739 1378 797 α⁹ί
1421 739 1826 818 παρακαλοῦσιν
1899 737 1974 799 εἰς

313 825 591 916 σωτηρίαν
628 854 640 869 ⁶
689 833 727 906 ἤ
763 829 962 912 ῥάϐδος
1014 833 1108 908 μὲν
1145 834 1181 902 ἡ
1230 828 1552 900 παιδευτικὴ
1584 833 1693 884 τῶν
1729 825 1972 916 σφαλλο-

319 915 498 1004 μένων
549 925 822 1004 βακτηρία
864 927 900 994 ή
952 921 1378 999 ὑπερασπιστική
1421 925 1527 975 τῶν
1563 915 1968 995 ὀλιγοψυχούν-

314 1040 448 1090 των,
534 1015 776 1072 τουτέστι
856 1013 946 1069 καὶ
1019 1012 1394 1089 ἁμαρτάνοντα
1465 1006 1805 1078 ἐπαίδευσας,
1879 1006 1970 1062 καὶ

313 1105 667 1178 πεπονηκότα
733 1102 1107 1180 ὑπεστήριξας,
1163 1100 1255 1156 καὶ
1312 1097 1382 1154 δι’
1447 1097 1768 1176 ἀμφὸτέρων
1828 1094 1969 1175 ὠφέ-

317 1195 514 1268 λησας·
548 1196 700 1251 Ἔστι
733 1191 792 1249 δὲ
829 1195 864 1263 ἡ
913 1191 1157 1264 σύνταξις
1207 1188 1383 1252 οὕτως
1418 1229 1434 1244 .
1479 1186 1648 1244 Αῧταί
1696 1208 1762 1260 με
1807 1205 1970 1259 παρε-

311 1283 571 1358 κάλεσαν,
625 1286 662 1354 ἡ
713 1278 913 1360 ῥάϐδος
960 1302 1056 1337 σου
1102 1279 1192 1334 καὶ
1241 1281 1276 1349 ἡ
1335 1277 1598 1355 βακτηρία
1643 1297 1761 1332 σου.
1793 1281 1966 1352 Παρε-

310 1373 550 1432 κάλεσαν
597 1370 656 1430 δὲ
695 1371 812 1428 ἀντὶ
856 1374 956 1427 τοῦ
1003 1369 1351 1440 ἐνουθέτησαν
1405 1385 1418 1400 ⁸
1470 1369 1500 1424 6
1546 1367 1648 1444 γὰρ
1699 1367 1966 1422 νουθετῶν

309 1463 622 1541 παρακαλεῖ
666 1462 757 1518 καὶ
811 1459 961 1518 ἕλκει
1026 1460 1166 1536 πρὸς
1210 1457 1274 1514 τὸ
1332 1457 1629 1537 συμφέρον.
1693 1455 1844 1518 Τινὲς
1912 1451 1971 1510 δὲ

312 1549 520 1630 ῥάϐδον
552 1553 642 1608 καὶ
693 1551 988 1628 βακτηρίαν
1036 1549 1128 1604 τὸν
1178 1548 1406 1624 σταυρὸν
1459 1545 1736 1615 ἐκάλεσαν,
1787 1545 1861 1608 ὡς
1910 1543 1972 1599 ἐκ

311 1641 416 1700 δύο
463 1642 770 1716 τμημάτων
827 1639 1174 1717 συγκείμενον
1209 1657 1223 1670 ·
1256 1639 1329 1693 ὧν
1379 1637 1444 1692 τὸ
1495 1636 1589 1709 μὶν
1640 1635 1817 1711 ὀρθὸν,
1871 1634 1967 1710 βα-

305 1731 540 1810 κτηρίαν
591 1727 660 1786 δι’
706 1733 774 1800 ἧς
820 1728 1154 1806 ὠρθώθημεν
1197 1725 1443 1800 κείμενοι
1488 1725 1540 1781 ἐν
1575 1724 1773 1798 πλάνῃ,
1813 1723 1878 1778 τὸ
1909 1719 1969 1778 δὲ

301 1819 571 1898 πλάγιον,
618 1814 815 1897 ῥάϐδον
867 1816 938 1873 δι’
982 1821 1052 1887 ἧς
1121 1814 1325 1890 ἔπληξε
1367 1814 1459 1871 καὶ
1506 1811 1796 1891 κατέῥραξε
1838 1812 1968 1876 τοὺς

610 1927 624 1941 ·
954 1908 1062 2019 γάε
1106 1904 1461 2019 οξετξεέιξέε
1487 1902 1824 2019 πξέττῖγῖες
1863 1903 1962 2019 3::
1994 1942 2044 2008 Β
2077 1902 2753 2019 -ῑίιξέτιέιέξέξτξιτξ

297 1999 536 2076 πληγήν
598 1999 988 2074 καταφέρουσιν
1049 2016 1062 2030 ·
1121 2001 1467 2074 προταγῆναι
1539 1991 1598 2048 δὲ
1672 2013 1798 2070 φασι
1863 1992 1963 2061 τήν

299 2085 530 2169 ῥάϐδον,
587 2086 724 2144 διότι
782 2091 996 2162 πρῶτον
1057 2083 1147 2142 διὰ
1200 2088 1298 2140 τοῦ
1346 2087 1578 2160 σταυροῦ
1623 2081 1844 2138 καθεῖλε
1871 2082 1961 2137 τὸν

293 2178 562 2257 τύραννον
615 2197 630 2212 ο
674 2176 788 2233 εἶτα
840 2174 929 2232 διὰ
985 2179 1084 2230 τοῦ
1129 2173 1293 2229 αύτοῦ
1337 2173 1427 2228 καὶ
1478 2175 1630 2247 ἡμᾶς
1679 2169 1960 2248 ἐρῥύσατω

298 2270 379 2332 ὡς
420 2267 679 2336 εἶναιτὴν
712 2264 1004 2340 ἑρμηνείαν
1047 2262 1129 2320 6'1:
1179 2264 1208 2319 6
1257 2261 1486 2340 σταυρός
1534 2260 1632 2317 σού
1683 2281 1751 2335 με
1796 2281 1961 2338 παρε-

294 2356 531 2415 κάλεσεν
561 2355 637 2419 είς
670 2351 961 2412 εὐσέϐειαν.

375 2471 404 2500 ε
467 2444 796 2520 Ἥτοίμασας
857 2443 1111 2500 ἐνιώπιόν
1168 2463 1274 2516 μου
1325 2442 1610 2516 τράπεζαν,
1689 2439 1741 2511 ἐξ
1816 2438 1962 2495 ἐναν-

294 2536 426 2598 τίας
469 2539 578 2591 τῶν
629 2529 933 2600 θλιϐόντων
984 2554 1071 2608 με·
1127 2556 1156 2585 ››
1204 2565 1272 2576 -
1318 2532 1566 2608 Τράπεζα
1617 2529 1710 2604 μὶν
1759 2532 1795 2600 ἡ
1829 2549 1965 2603 πρα-

297 2625 470 2694 κτική
521 2625 684 2702 ἀρετή
733 2641 748 2657 °
799 2621 980 2680 ἔλαιον
1027 2619 1086 2677 δὲ
1134 2623 1384 2677 λιπαῖνον
1431 2620 1525 2675 τὸν
1574 2623 1698 2675 νοῦν
1750 2618 1824 2680 ὡς
1873 2638 1962 2673 κε-

299 2714 489 2793 φαλὴν
547 2715 584 2784 ἡ
638 2713 839 2790 θεωρία
909 2716 1018 2768 τῶν
1079 2712 1131 2767 ἐν
1201 2715 1321 2773 τοῖς
1380 2707 1562 2786 λόγων
1625 2725 1639 2739 ·
1698 2709 1965 2784 ποτήριον

301 2801 363 2861 δὲ
426 2805 464 2872 ἡ
513 2801 639 2878 περὶ
686 2806 822 2859 Θεοῦ
869 2805 1073 2878 γνῶσις
1126 2820 1140 2833 ο
1175 2797 1330 2862 ἔλεος
1392 2795 1452 2854 δὲ
1499 2797 1665 2853 αύτοῦ
1709 2794 1964 2869 ἐλεήμων

298 2893 433 2956 Υἱὸς
490 2892 582 2947 καὶ
638 2891 792 2964 Θεὸς,
851 2889 908 2954 ὅς
961 2888 1050 2946 διὰ
1091 2895 1193 2959 τῆς
1274 2888 1730 2964 ἐνανθρωπήσεως
1795 2884 1960 2940 αὐτοῦ

296 2977 631 3039 καταδιώκει
679 2980 784 3054 ἀεὶ,
831 2976 938 3041 ἓως
980 2979 1042 3034 οὗ
1089 2971 1389 3032 καταλάϐοι
1441 2977 1645 3038 πάντας
1682 2972 1811 3037 τοὺς
1852 2995 1959 3028 σω-

299 3070 646 3144 θησομένους
680 3113 695 3128 .
754 3068 902 3131 οἶκος
935 3065 994 3123 δὲ
1021 3069 1059 3138 ἡ
1095 3065 1345 3144 βασιλεία
1372 3065 1538 3121 αὐτοῦ
1570 3063 1622 3120 ἐν
1671 3067 1710 3134 ἧ
1755 3063 1958 3118 ἀποκα-

298 3160 575 3216 θίστανται
623 3159 817 3221 πάντες
863 3158 915 3212 0':
960 3157 1108 3234 ἅγιοι
1157 3174 1173 3189 ⁶
1222 3154 1501 3233 μακρότης
1550 3153 1609 3210 δὲ
1646 3155 1867 3230 ἡμερῶν
1919 3155 1954 3224 ἡ

299 3248 529 3311 αἰώνιος
563 3249 675 3319 ζωή
713 3267 726 3281 ·
760 3246 823 3303 οὐ
859 3247 1022 3320 μόνον
1052 3242 1143 3301 οῦν
1207 3265 1295 3319 με,
1344 3245 1419 3307 ὡς
1465 3248 1752 3318 προεῖπον,
1799 3242 1959 3317 εὐηρ-

301 3315 755 3414 γέτησαςξάλλά
799 3315 890 3391 καὶ
941 3335 1150 3413 τροφὴν
1209 3315 1591 3406 πνευματικὴν
1661 3315 1910 3409 ἐχαρίσω.
1937 3347 1952 3365 ⁶
1988 3315 2032 3384 C

300 3429 467 3482 τοῦτο
518 3425 622 3502 γὰρ
667 3428 760 3480 νῦν
811 3427 846 3495 ἡ
897 3422 1138 3500 τράπεζα
1182 3420 1436 3500 βούλεται
1476 3421 1567 3477 καὶ
1597 3419 1798 3493 ταύτην
1830 3419 1960 3476 ἐνώ-

301 3537 431 3574 πιον
489 3519 598 3572 τῶν
667 3513 878 3592 ἐχθρῶν
941 3533 1044 3589 μου
1101 3513 1177 3576 ὡς
1227 3511 1471 3577 ἀνιᾶσθαι
1534 3509 1826 3588 βλέποντες
1861 3529 1874 3544 ο
1921 3506 1959 3580 ἤ

301 3603 603 3677 ἐξεναντίας
661 3603 778 3659 ἀντὶ
830 3607 929 3659 τοῦ
984 3601 1048 3658 τὸ
1102 3600 1338 3658 ἐναντίον
1374 3620 1387 3633 ·
1439 3600 1572 3677 ὅπερ
1631 3600 1780 3656 οὗτοι
1838 3599 1962 3677 βού-

301 3693 495 3752 λονται
532 3714 547 3730 ο
597 3691 687 3749 καὶ
754 3691 856 3770 γὰρ
896 3690 1050 3746 αὐτοὶ
1110 3687 1323 3765 μᾶλλον
1375 3687 1456 3745 ἀεὶ
1502 3688 1834 3762 ἀνθρωπείαν
1895 3709 1962 3762 με

301 3781 652 3840 σπεύδουσιν.
706 3787 778 3837 ’Ἠ
813 3780 1080 3856 τράπεζαν
1131 3779 1281 3856 λέγει
1327 3780 1429 3849 τὴν
1484 3777 1784 3835 ἀπόλαυσιν
1852 3782 1962 3834 τῶν

307 3870 629 3948 μελλόντων
659 3871 874 3946 ἀγαθῶν
907 3872 942 3926 ἅ
977 3869 1277 3943 ἡτοίμασεν
1323 3869 1352 3924 6
1399 3869 1530 3932 Θεὸς
1575 3873 1696 3932 τοῖς
1745 3867 1964 3944 ἀγαπῶ·-

300 3979 387 4015 σιν
448 3959 608 4016 αὐτόν
640 3977 655 3992 ο
709 3955 746 4028 ἤ
797 3958 888 4014 καὶ
943 3959 1045 4029 τὴν
1104 3963 1200 4013 τοῦ
1256 3957 1639 4036 θυσιαστηρίου
1694 3954 1962 4034 τράπεζαν

305 4046 390 4126 ἐφ’
420 4049 488 4117 ῆς
519 4044 802 4122 πρόκειται
832 4047 862 4101 6
893 4043 1110 4110 δεῖπνος
1141 4049 1169 4102 6
1195 4046 1476 4120 μυστικός.

381 4177 404 4205 ι
443 4151 737 4216 Ἐλίπανας
787 4151 840 4208 ἐν
892 4150 1063 4225 ἐλαίῳ
1111 4153 1212 4222 τὴν
1261 4150 1504 4230 κεφαλήν
1551 4173 1676 4227 μου.
1710 4175 1739 4206 ››
1776 4185 1846 4196 —
1873 4156 1961 4224 Τῷ

184 4317 186 4320 ν
297 4247 400 4300 τοῦ
431 4241 744 4316 Πνεύματος
774 4240 1098 4318 χαρίσματι.
1127 4239 1381 4319 Κεφαλῆν
1413 4239 1472 4297 δὲ
1509 4242 1601 4296 τὸν
1652 4246 1775 4298 νοῦν
1833 4241 1960 4313 οἰη-

297 4331 421 4388 τέον
457 4331 519 4388 ἐκ
541 4334 640 4388 τοῦ
668 4329 1030 4407 περιέχοντος
1075 4331 1138 4384 τὸ
1187 4329 1584 4406 περιεχόμενον
1642 4349 1656 4364 ο
1707 4333 1743 4400 ἡ
1795 4328 1960 4407 χάρις

297 4422 403 4499 γὰρ
463 4425 561 4478 τοῦ
618 4419 936 4495 Πνεύματος
981 4416 1228 4496 ῖλαρύνει
1272 4419 1364 4474 καὶ
1411 4419 1612 4474 πιαίνει
1654 4419 1748 4475 τὸν
1809 4423 1957 4477 νοῦν.

297 4512 372 4566 Ἥ
420 4510 490 4567 τὸ
546 4509 796 4587 χάρισμα
850 4512 948 4565 τοῦ
1009 4509 1364 4585 βαπτιστικοῦ
1413 4506 1620 4580 ἐλαίου,
1669 4503 1705 4582 ᾔ
1752 4508 1816 4563 τὸ
1862 4512 1959 4564 τοῦ

302 4597 486 4675 μύρου
514 4604 916 4678 προαναφωνεῖ,
949 4597 1030 4676 ἐφ’
1074 4598 1148 4654 ὧν
1213 4598 1318 4653 ἀπὸ
1371 4604 1472 4668 τῆς
1526 4595 1772 4676 κεφαλῆς
1830 4595 1960 4654 ὅλον

296 4687 394 4743 τὸν
423 4686 710 4766 ἄνθρωπον
741 4689 907 4760 νοήσο
916 4709 1032 4763 μεν.

376 4799 406 4829 ‹‹
442 4778 544 4834 Καὶ
596 4778 662 4835 τὸ
712 4777 978 4854 ποτήριόν
1036 4798 1134 4832 σου
1204 4775 1468 4851 μεθύσκον
1530 4797 1616 4850 με,
1668 4775 1796 4831 ὡσεὶ
1825 4775 1956 4853 κρά-

297 4885 506 4925 τιστον.
544 4888 573 4920 ιο
637 4899 709 4912 —-
751 4867 824 4922 T6
870 4866 1026 4940 πόμα
1069 4869 1178 4922 τῶν
1226 4865 1592 4944 εύαγγελικῶν
1641 4863 1824 4941 λόγων
1858 4886 1957 4940 με·

299 4954 500 5013 θύσκον
537 4955 604 5031 μέ
647 4956 810 5012 ἐστιν’
850 4950 1095 5011 ἔκστασιν
1124 4956 1227 5033 γάρ
1286 4955 1506 5029 ἐμποιεῖ
1550 4958 1648 5010 τοῦ
1687 4954 1956 5032 προτέρου

300 5049 660 5126 φρονήματος
708 5046 785 5109 ὡς
831 5043 1110 5121 κρατύνων
1159 5044 1297 5101 κατά
1338 5049 1446 5101 τῶν
1498 5044 1747 5122 ἐχθρῶν
1779 5043 1816 5115 ἥ
1865 5043 1956 5100 καὶ

295 5135 362 5192 τὸ
390 5136 659 5212 ποτήριον
687 5134 752 5190 τὸ
778 5140 881 5206 τῆς
912 5133 1244 5208 ἀναιμάκτου
1275 5133 1481 5198 θυσίας.

373 5266 403 5296 ‹‹
436 5240 538 5298 Καὶ
565 5241 629 5297 τὸ
676 5235 831 5305 ἔλεός
877 5262 973 5296 σου
1020 5237 1342 5312 καταδιώξει
1389 5261 1457 5314 με
1483 5239 1658 5304 πάσας
1687 5241 1785 5305 τὰς
1815 5240 1954 5316 ἠμέ-

302 5352 399 5410 ρας
447 5336 549 5402 τῆς
600 5335 746 5401 ζωῆς
797 5351 926 5405 μου.
978 5355 1002 5385 ι
1050 5363 1120 5374 —
1161 5326 1483 5402 καταδιώξει
1525 5329 1641 5385 ἀντὶ
1679 5335 1780 5386 τοῦ
1828 5329 1956 5406 ἔψε-

297 5443 388 5480 ται
438 5420 583 5477 οὕτω
631 5417 891 5492 δηλονότι
938 5419 1301 5496 πορευομένῳ
1328 5419 1419 5476 καὶ
1449 5421 1548 5491 τὴν
1579 5419 1794 5492 πλάνην
1828 5420 1953 5499 φεύ-

299 5532 456 5590 γοντι
491 5528 506 5544 °
581 5507 620 5580 ἤ
686 5507 1006 5584 καταδιώξει
1062 5509 1182 5565 ἀντὶ
1242 5513 1342 5566 τοῦ
1397 5509 1682 5582 ἐκζητήσει
1741 5531 1809 5584 με
1865 5511 1955 5566 καὶ

301 5600 403 5659 οὐκ
431 5600 816 5671 ἀποστήσεται.

375 5713 406 5744 ‹‹
437 5690 540 5746 Καὶ
567 5689 633 5747 τὸ
665 5691 938 5746 κατοικεῖν
991 5709 1060 5761 με
1107 5686 1161 5744 ἐν
1212 5685 1350 5763 οἷ’κῳ
1398 5687 1596 5766 Κυρίου
1646 5688 1725 5752 εἷς
1760 5690 1958 5762 μακρό-

298 5800 444 5855 τητα
491 5780 741 5860 ἡμερῶν.
790 5803 820 5834 ››
871 5812 937 5826 -—
987 5775 1317 5853 Καταδιώξει
1365 5778 1464 5854 ἐμὲ
1508 5777 1599 5836 καὶ
1647 5779 1712 5836 τὸ
1771 5801 1955 5836 κατοι-

1991 4693 2039 4758 D

2084 648 2231 704 οἶκον
2314 649 2515 727 Κυρίου
2572 649 2785 729 λέγεται
2839 653 2939 723 τὴν
3013 652 3337 725 Ἐκκλησίαν
3408 655 3500 710 καὶ
3577 675 3736 710 συνα-

2080 740 2264 816 γωγήν
2308 743 2416 795 τῶν
2466 746 2690 810 πιστῶν,
2741 739 2792 797 ἐν
2929 743 3070 798 οίκεῖ
3111 743 3139 797 6
3183 742 3378 818 Κύριος
3427 742 3734 817 ὀπτανόμε-

2079 849 2172 890 νος
2211 834 2330 891 τοῖς
2388 829 2556 904 ἀξίοις
2591 851 2604 863 ·
2637 831 2882 887 τουτέστι
2928 831 3017 888 καὶ
3067 829 3256 894 ἐλέους
3301 832 3681 906 ἀξιωθήσομαι
3713 852 3747 892 ”,

2080 917 2170 972 καὶ
2218 922 2675 996 φρουρηθήσομαι
2711 921 2800 976 καὶ
2848 925 3053 984 πιστῶς
3105 925 3250 995 μενῶ
3283 941 3296 955 °
3329 920 3366 992 ἥ
3405 923 3495 978 καὶ
3541 921 3731 986 ἂλλως

2077 1007 2143 1063 τὸ
2171 1013 2440 1064 κατοικεῖν
2500 1031 2566 1083 με
2613 1010 2664 1066 ἐν
2714 1007 2849 1084 οἷθιῳ
2899 1010 3098 1084 Κυρίου
3145 1008 3291 1066 ἔσται
3351 1033 3444 1084 μοι
3495 1011 3570 1075 εἷς
3627 1032 3730 1086 μα-

2079 1097 2320 1173 κρότητα
2351 1100 2573 1175 ἡμερῶν
2605 1118 2618 1132 ο
2660 1095 2832 1175 ᾔγουν
2861 1096 2931 1155 δι’
2963 1097 3098 1157 ὅλου
3124 1104 3222 1156 τοῦ
3257 1099 3400 1177 βίου.

2666 1263 2960 1320 ΨΑΛΜΟΣ
3001 1267 3085 1319 ΚΓ
3104 1305 3118 1319 .

2154 1423 2182 1457 α
2237 1402 2475 1477 Ψαλμὸς
2525 1407 2604 1477 τῷ
2660 1403 2822 1460 Δαυῒδ
2881 1411 2981 1475 τῆς
3043 1410 3170 1479 μιᾶς
3228 1402 3549 1465 Σαϐϐάτων.
3611 1431 3640 1461 ››
3670 1409 3730 1465 '0

2077 1489 2301 1566 ψαλμὸς
2342 1494 2501 1556 οὗτος
2540 1501 2643 1564 τῆς
2695 1500 2823 1568 μιᾶς
2859 1489 3156 1551 Σαϐϐάτων
3205 1495 3368 1569 ἐστὶν,
3435 1493 3564 1567 ἤτοι
3622 1501 3727 1573 τῇς

2075 1581 2289 1656 ἡμέρας
2335 1583 2449 1636 καθ’
2499 1581 2565 1652 ἥν
2613 1583 2641 1639 6
2689 1584 2921 1660 Χριστὸς
2969 1584 3187 1656 ἀνέστη,
3219 1583 3345 1661 περὲ
3390 1585 3561 1657 αὐτῆς
3589 1595 3740 1664 προ-³

2077 1670 2389 1747 αγορευθείς
2424 1691 2436 1704 ·
2477 1671 2546 1741 ἥν
2595 1673 2685 1728 καὶ
2727 1674 2780 1728 οἳ
2829 1671 3204 1751 εύαγγελισταὶ
3253 1674 3378 1748 μίαν
3428 1667 3737 1732 Σαϐϐάτων

2075 1765 2258 1838 σαφῶς
2315 1759 2592 1822 ἐκάλεσαν.
2642 1762 2983 1842 Διεξέρχεται
3030 1762 3089 1821 δὲ
3135 1765 3228 1820 καὶ
3282 1766 3407 1843 περὶ
3470 1773 3574 1838 τῆς
3629 1770 3728 1824 τοῦ

2077 1855 2341 1928 Σωτῆρος
2371 1848 2696 1928 ἀνάλήψεως
2724 1852 2776 1909 ἐν
2805 1855 2887 1928 τῷ
2912 1853 3081 1914 τέλει.

2797 1944 2887 1999 καὶ
2931 1943 2996 2000 τὸ
3042 1942 3329 2021 πλήρωμα
3365 1944 3556 2016 αὐτῆς.
3591 1968 3620 1999 ››
3651 1979 3723 1991 --

2073 2030 2198 2086 Ὅτε
2251 2027 2466 2100 δηλαδὴ
2524 2035 2622 2086 τοῦ
2691 2033 2976 2108 μνήματος
3053 2033 3337 2105 ἐξαναστὰς
3412 2033 3724 2114 ἐνεφανίσθη

2072 2124 2189 2182 τοῖς
2244 2124 2514 2192 μαθηταῖς
2562 2119 2652 2177 καὶ
2676 2121 2820 2177 εἶπεν
2855 2141 2869 2154 ·
2929 2145 2956 2177 α
3003 2118 3196 2195 Ἐδόθη
3251 2145 3346 2198 μοι
3391 2129 3536 2180 πᾶσα
3583 2125 3729 2197 ἐξου-

2073 2207 2164 2264 σία
2219 2207 2271 2265 ἐν
2323 2209 2536 2286 οὐρανῷ
2579 2210 2670 2266 καὶ
2720 2209 2808 2266 ἐπὶ
2850 2215 2953 2288 γῇς
2993 2231 3007 2246 δ
3061 2235 3090 2265 ››
3136 2213 3186 2286 ἐξ
3218 2213 3429 2283 ἐκείνης
3473 2216 3578 2290 γὰρ
3623 2218 3728 2285 τῆς

2071 2299 2283 2376 ἡμέρας
2339 2303 2436 2354 τοῦ
2494 2304 2729 2377 Χριστοῦ
2782 2302 2996 2378 γέγονεν
3055 2303 3092 2372 ἡ
3147 2310 3245 2378 γῆ,
3301 2299 3565 2381 πρότερον
3620 2303 3725 2360 ὑπὸ

2069 2393 2178 2444 τῶν
2229 2385 2504 2462 δαιμόνων
2553 2391 2913 2468 κυριευομένη
2967 2407 2982 2424 °
3031 2396 3314 2469 πανταχοῦ
3368 2392 3470 2470 γὰρ
3527 2393 3723 2451 λοιπὸν

2068 2484 2171 2548 τῆς
2200 2483 2303 2554 γῆς
2335 2476 2452 2533 ἀντὶ
2481 2483 2589 2534 τῶν
2621 2477 2919 2536 είδωλείων
2952 2481 3087 2536 θεῖοι
3118 2482 3238 2536 ναοὶ
3277 2479 3724 2558 καθιδρύνθησαν,

2070 2569 2168 2622 τοῦ
2223 2564 2579 2643 κηρύγματος
2638 2565 3036 2646 διαδραμόντος
3095 2566 3226 2648 ἄχρι
3292 2575 3401 2626 τῶν
3475 2573 3722 2647 περάτων

2071 2661 2171 2726 τῆς
2220 2654 2572 2730 οἰκουμένης,
2635 2657 2711 2720 ὡς
2767 2653 3137 2734 προλαϐόντες
3197 2659 3511 2737 εἱρήκαμεν.
3569 2659 3728 2735 Πλή-

2073 2765 2236 2822 ρωμα
2291 2741 2350 2800 δὲ
2403 2745 2572 2816 αὐτῆς
2641 2746 2694 2802 οἱ
2755 2745 2956 2818 ταύτην
3017 2746 3361 2826 πληροῦντες
3395 2746 3717 2828 ἄνθρωποι.

2070 2833 2211 2889 Ἀπὸ
2270 2830 2329 2889 δὲ
2370 2837 2469 2889 τοῦ
2519 2834 2655 2891 ὅλου
2699 2836 2924 2900 πλείους
2971 2834 3246 2909 ἐδήλωσεν
3276 2855 3292 2871 ⁸
3351 2837 3420 2894 ού
3456 2839 3558 2917 γὰρ
3588 2843 3720 2897 πάν-ι

2072 2943 2161 2986 τες
2215 2927 2312 2978 τοῦ
2361 2923 2565 3000 Κυρίου
2619 2924 2890 3002 γεγόνασι.
2938 2931 3027 3000 Τῷ
3075 2925 3259 3001 μέντοι
3307 2934 3407 2999 τῆς
3456 2936 3563 3005 γῆς
3596 2929 3719 2986 ὀνό-

2072 3032 2200 3086 ματι
2248 3011 2340 3068 καὶ
2389 3011 2487 3075 τὰς
2531 3014 2730 3085 νήσους
2795 3010 3233 3094 συμπεριέλαϐον
3268 3055 3284 3074 .
3351 3015 3436 3074 6'1:
3499 3024 3572 3094 γῆ
3630 3019 3722 3075 καὶ

2067 3101 2242 3158 αὗται.

2143 3213 2167 3245 ι
2199 3191 2264 3249 Ἠ
2331 3189 2653 3266 οἰκουμένη,
2703 3191 2794 3249 καὶ
2851 3191 3047 3257 πάντες
3105 3195 3158 3250 0':
3230 3199 3609 3260 κατοικοῦντες
3665 3197 3719 3253 ἐν

2069 3279 2230 3356 αὐτῇ.
2279 3304 2308 3335 ››
2355 3314 2424 3326 —
2479 3284 2656 3340 Τοῦτο
2711 3284 2820 3339 τῶν
2871 3281 3289 3360 προρῥηθέντων
3338 3284 3725 3365 ἐφερμηνευτι-

2067 3368 2186 3426 κόν⁸
2247 3370 2279 3426 ὅ
2332 3369 2438 3448 γὰρ
2496 3370 2638 3426 εἶπεν
2695 3370 2802 3428 ἐκεῖ
2847 3375 2975 3449 γῇν,
3024 3377 3188 3429 τοῦτο
3253 3372 3478 3431 ἐνταῦθα
3538 3376 3724 3432 οἰκου-

2073 3457 2259 3534 μένην·
2315 3457 2471 3516 καὶὸ
2528 3460 2640 3516 ἐκεῖ
2688 3459 3015 3536 πλήρωμα,
3054 3465 3218 3519 τοῦτο
3266 3463 3494 3529 ἐνταῦθα
3536 3486 3722 3522 κατοι-

2068 3552 2297 3612 κοῦντας
2355 3547 2408 3603 ἐν
2457 3547 2593 3623 αὐτῇ
2631 3567 2645 3582 ο
2674 3549 2766 3604 καὶ
2816 3545 3005 3613 ἄλλως
3055 3547 3113 3606 δὲ
3151 3550 3198 3607 εἰ
3228 3552 3318 3607 καὶ
3353 3554 3430 3626 μὴ
3461 3555 3606 3610 πάσα
3632 3555 3724 3610 καὶ

2068 3637 2264 3701 πάντες
2319 3641 2418 3694 τοῦ
2475 3637 2677 3715 Κυρίου
2735 3634 2946 3710 ἔδοξαν·
2992 3637 3393 3718 ἐπληρώθησαν
3455 3644 3579 3721 γὰρ·
3640 3645 3724 3701 ὃτι

2071 3726 2231 3791 αὐτὸς
2249 3727 2463 3784 τούτων
2495 3729 2735 3800 ποιητὴς
2764 3727 2855 3784 καὶ
2887 3729 3112 3806 Κύριος.

2147 3841 2170 3870 ι
2202 3817 2380 3880 Αὐτὸς
2427 3816 2515 3873 ἐπὶ
2563 3815 2844 3882 θαλασσῶν
2895 3817 3251 3892 ἐθεμελίωσεν
3291 3818 3480 3894 αὐτὴν,
3511 3822 3602 3877 καὶ
3634 3822 3723 3878 ἐπὶ

2068 3910 2331 3981 ποταμῶν
2362 3907 2656 3981 ῆτοίμασεν
2689 3907 2880 3978 αὐτήν.
2917 3930 2946 3959 ››
2976 3941 3047 3950 —
3083 3910 3201 3981 Χρὴ
3235 3905 3293 3965 δὲ
3321 3910 3608 3985 γινώσκειν
3637 3909 3722 3968 ὅτι

2074 3993 2239 4074 μέγας
2293 3993 2579 4058 Βασίλειος
2625 3994 2878 4068 θεμέλιον
2932 3995 3063 4052 εἶναι
3115 4003 3218 4068 τῆς
3267 4003 3373 4074 γῆς
3428 3997 3590 4072 μόνον
3655 4001 3720 4057 τὸ

2069 4081 2383 4140 δεσποτικὸν
2431 4083 2761 4161 πρόσταγμα
2809 4083 3010 4161 λέγων,
3041 4083 3131 4141 καί
3180 4087 3319 4160 μήτε
3377 4085 3526 4166 ὕδωρ
3577 4090 3719 4164 μήτε

2066 4194 2122 4228 τι
2175 4170 2380 4252 ἕτερον.
2437 4173 2536 4229 Διά
2582 4169 2642 4228 δὲ
2682 4176 2782 4230 τοῦ
2837 4175 3202 4251 προκειμένου
3279 4175 3448 4253 ῥητοῦ
3504 4178 3605 4249 τήν
3664 4178 3717 4237 ἐν

2067 4261 2217 4340 ἀρχῆ
2263 4268 2365 4333 τῆς
2412 4263 2803 4340 κοσμογενείας
2851 4263 2994 4320 θέσιν
3051 4268 3148 4320 τοῦ
3195 4263 3390 4330 ὕδατος
3417 4264 3722 4339 δηλοῦσθαι

2069 4351 2225 4428 φύσιν
2287 4351 2598 4427 ἐπικειμένη
2647 4354 2718 4426 τῇ
2770 4356 2842 4430 γῇ
2898 4353 2990 4409 καί
3063 4354 3116 4410 οἳ
3191 4353 3556 4432 ἐπῃωρημὲνη
3627 4358 3720 4414 καὶ

2069 4441 2408 4519 συνεχομένη
2458 4443 2548 4497 καὶ
2599 4443 2675 4516 μὴ
2723 4441 3108 4520 ἀπορῥέοντοςο
3157 4445 3219 4500 τὸ
3269 4446 3373 4522 γὰρ
3442 4446 3574 4503 αὐτὸ
3628 4448 3720 4504 καὶ

2069 4529 2336 4588 θάλασσαν
2394 4531 2485 4586 καὶ
2531 4531 2812 4606 ποταμοὺς
2877 4531 3020 4595 εἰκὸς
3073 4537 3577 4610 προσαγορευθῆναι
3633 4534 3725 4592 διὰ

2065 4619 2130 4674 τὸ
2175 4618 2409 4690 πλῆθοςο
2469 4617 2585 4675 ἐπεὶ
2642 4621 2734 4677 καὶ
2791 4614 3022 4677 ἄϐυσσον
3081 4621 3110 4676 6
3181 4628 3420 4694 Μωῦσῆς
3477 4623 3722 4699 ὠνόμασι

2067 4712 2230 4765 τοῦτο
2263 4707 2352 4764 διὰ
2377 4710 2440 4764 τὸ
2474 4708 2637 4786 βάθος
2672 4727 2686 4743 ο
2720 4733 2750 4762 ‹‹
2802 4710 2903 4764 Καὶ
2950 4713 3172 4785 Πνεῦμα
3213 4711 3339 4788 γὰρ,
3391 4712 3544 4790 φησὶ,
3585 4717 3719 4769 Θεοῦ

2067 4796 2352 4876 ἐπεφέρετο
2409 4798 2590 4854 ἐπάνω
2633 4801 2735 4868 τῆς
2802 4793 3060 4856 ἀϐύσσου.
3114 4823 3143 4852 ››
3191 4801 3248 4854 Ὀ
3295 4797 3354 4856 δὲ
3408 4799 3719 4877 Χρυσόστο-

2070 4908 2170 4960 μος
2211 4885 2472 4958 ’[ωάννης
2520 4887 2582 4943 τὸ
2630 4888 2800 4964 παρὸν
2855 4885 3016 4964 ῥητὸν
3067 4887 3143 4952 εἰς
3173 4886 3444 4961 ἀπόδειξιν
3481 4888 3719 4964 μάλιστα

2066 4970 2334 5049 λαμϐάνει
2381 4981 2479 5032 τοῦ
2528 4976 2840 5032 ὑποκεῖσθαι
2887 4977 3030 5052 πάσῃ
3069 4981 3138 5052 τῇ
3194 4981 3266 5056 γῇ
3330 4975 3486 5049 δίκην
3553 4980 3715 5048 θεμε-

2064 5062 2200 5140 γίων
2235 5062 2402 5120 ὕδατα
2430 5063 2521 5120 καὶ
2549 5065 2704 5121 κενὸν
2749 5061 2926 5120 οὐδέν’
2975 5064 3138 5130 αὐτὸς
3175 5068 3276 5145 γὰρ
3323 5066 3392 5137 ἦν
3442 5069 3473 5123 6
3511 5066 3714 5140 ταύτην

2064 5151 2118 5211 ἐν
2177 5155 2324 5231 ἀρχῇ
2367 5154 2727 5228 θεμελιώσαςο
2781 5177 2810 5207 ‹‹
2860 5151 3039 5212 Πάντα
3081 5156 3206 5233 γὰρ,
3256 5157 3412 5236 φησὶ,
3445 5154 3514 5212 δι’
3547 5156 3714 5214 αὐτοῦ

2065 5241 2293 5319 ἐγένετο·
2329 5267 2359 5297 ››
2419 5243 2534 5300 εἶτα
2586 5241 2924 5320 παραπλέκει
2978 5245 3070 5299 καὶ
3124 5245 3190 5301 τὸ
3240 5245 3425 5302 καινὸν
3477 5247 3581 5317 τῆς
3625 5259 3712 5312 θε-

2069 5330 2386 5408 μελιώσεως
2433 5331 2516 5389 ὅτι
2564 5333 2742 5389 ἐπάνω
2790 5332 3071 5398 θαλασσῶν
3119 5333 3212 5390 καὶ
3239 5339 3500 5410 ποταμῶν
3546 5332 3716 5412 ἥδρατ

2065 5443 2151 5478 σεν
2198 5422 2387 5494 αὐτήν.
2440 5427 2610 5479 Τοῦτο
2659 5421 2718 5479 δὲ
2766 5422 2912 5501 λέγει
2968 5422 3184 5488 πάντως
3250 5424 3314 5481 ού
3377 5423 3712 5492 καθολικῶς·

2063 5513 2100 5582 ἦ
2132 5511 2234 5590 γὰρ
2291 5509 2351 5568 ἅν
2410 5514 2716 5590 κατώτερον
2757 5513 2825 5584 ἦν
2867 5514 2931 5568 τὸ
2969 5511 3137 5588 ὕδωρ.
3177 5519 3232 5569 ‘0
3281 5511 3340 5570 δὲ
3375 5521 3580 5586 Μωσῆς
3621 5535 3718 5571 κα-

2063 5602 2301 5677 τωτέραν
2345 5599 2578 5674 ἐδίδαξεν
2631 5601 2766 5658 εἶναι
2814 5603 2916 5672 τήν
2961 5609 3088 5680 γῆν’
3141 5601 3311 5676 δῆλον
3358 5601 3450 5660 οὖν
3500 5599 3586 5661 6'1:
3619 5625 3716 5678 με·

2068 5696 2234 5768 ρικῶς
2290 5691 2453 5747 τοῦτό
2511 5713 2695 5771 φησιν’
2728 5689 2868 5748 διότι
2901 5691 2954 5747 ἐν
3007 5691 3245 5757 πολλοῖς
3271 5691 3584 5769 κοιλώμαοι
3611 5701 3716 5765 τῆς

2063 5785 2166 5860 γῆς
2223 5779 2614 5861 συριγγώδεσιν
2666 5781 3032 5860 ὑποτρέχουσι
3101 5783 3238 5863 μέρη
3301 5785 3424 5842 τινὰ
3483 5786 3584 5856 τῆς
3625 5785 3720 5840 θα-
