4072 6424
367 418 527 486 1431

1621 411 2051 487 NICEPHORI
2093 405 2537 484 BLEMMIDE

3633 414 3812 482 me

370 551 578 626 λάσσης
621 550 658 609 ἃ
711 571 800 610 και
837 547 1102 625 θαλάσσα,
1145 545 1367 611 ἐκάλεσε
1413 554 1493 627 τῷ
1538 557 1636 610 τοῦ
1688 551 1824 609 ὅλου
1871 572 2019 630 χρη·
2051 553 2104 620 Α
2131 570 2240 606 των
2286 550 2378 605 τὸν
2420 550 2642 628 Κύριον.
2705 549 2860 608 Ἤτοι
2911 547 3270 626 ἀγαπώντων·
3324 544 3354 607 6
3405 544 3512 625 γάρ
3562 545 3801 627 ἀγαπῶν

369 645 600 718 σάμενος
657 641 906 719 ὅνόματι·
967 645 1057 700 καὶ
1118 646 1146 700 6
1203 647 1406 716 Μωσῆς
1455 644 1572 722 γάρ⁴
1616 665 1747 722 φησι
1818 641 1900 698 ὅτι
1958 643 2028 697 τὰ

370 735 688 808 συστήματα
731 738 838 789 τῶν
890 731 1098 790 ὑδάτων
1148 732 1368 789 ἐκάλεσε
1419 731 1710 796 θαλάσσας·
1759 731 1883 808 περὶ
1922 732 2024 808 γὰρ

372 828 483 881 τῶν
513 828 776 898 ποταμῶν
807 822 860 877 τί
906 825 1018 901 χρὴ
1067 822 1269 899 λέγειν,
1301 822 1450 886 ὅπως
1494 818 1824 900 ὑποϐρύχιοι
1861 821 2026 898 μέχρι

372 909 595 970 πολλοῦ
651 911 939 991 φερόμενοι
1009 910 1358 983 ἀναδιδόασι;
1429 912 1734 985 θαυμαστὸν
1799 909 1857 967 δὲ
1913 915 2030 973 πῶς

374 1002 438 1058 οὐ
485 1002 748 1071 συνιζάνει
795 1002 864 1056 τά
910 1005 1213 1072 τηλικαῦτα
1265 1000 1404 1078 βάρη
1452 1007 1554 1071 τῆς
1601 1007 1734 1077 γῆς·
1774 995 1878 1078 ὅρη
1925 999 2027 1077 γὰρ

374 1091 483 1149 ὅλα
506 1096 622 1154 τοῖς
648 1091 922 1154 τοιούτοις
953 1089 1136 1147 ὕδασιν
1183 1089 1536 1169 ἐφήδρασται·
1586 1089 1675 1146 καὶ
1722 1088 1876 1164 ὅμως
1933 1090 2027 1164 μέ-

373 1201 451 1238 νει
505 1181 947 1256 τεθεμελιωμένη
1003 1181 1087 1236 ἐπ’
1133 1180 1300 1252 αὐτῆς
1349 1181 1438 1236 καὶ
1492 1180 1828 1256 συνεχομένη
1877 1177 2030 1253 μόνῳ

376 1271 458 1344 τῷ
512 1290 855 1349 προταγματι
900 1273 999 1327 τοῦ
1054 1272 1406 1342 ποιήσαντος·
1465 1269 1738 1344 ἡτοίμασε
1797 1266 1855 1324 δὲ
1912 1267 2030 1324 ἀντὶ

375 1362 476 1417 τοῦ
504 1358 823 1433 ἐκόσμησεν.

451 1471 482 1502 (ι
513 1446 614 1511 Τίς
644 1442 970 1519 ἀναϐήσεται
999 1445 1075 1511 εἷς
1103 1448 1167 1504 τὸ
1197 1446 1326 1525 ὅρος
1371 1450 1470 1504 τοῦ
1527 1446 1765 1523 Κυρίου;
1811 1445 1901 1502 καὶ
1948 1444 2031 1509 τίς

379 1538 632 1611 στήσεται
665 1535 717 1594 ἐν
747 1535 902 1610 τόπῳ
928 1535 1070 1612 ἀγίῳ
1098 1535 1304 1606 αὐτοῦς
1336 1560 1365 1589 ››
1416 1568 1484 1580 ι-
1525 1539 1695 1591 Τοῦτο
1742 1535 1868 1612 περὶ
1921 1538 2031 1590 τῶν

380 1625 571 1704 ἱερέων
620 1625 774 1702 οἶμαι
820 1626 1282 1704 προαγορεύεσθαι
1331 1647 1344 1662 ·
1406 1623 1673 1705 διαφαίνει
1719 1624 1843 1702 γὰρ]
1883 1622 2032 1689 οἵους

376 1715 578 1780 αὐτοὺς
633 1715 771 1772 εἶναι
821 1717 958 1793 χρή.
1007 1714 1108 1772 Καὶ
1156 1709 1282 1792 ὅρος
1335 1716 1428 1790 μὲν
1465 1714 1667 1792 Κυρίου
1693 1716 1913 1786 νοήσεις
1937 1714 2030 1771 τὸν

376 1803 672 1871 καθολικὸν
723 1805 950 1862 ἑκάστου
995 1804 1145 1861 ναόν·
1197 1803 1288 1861 διὰ
1339 1806 1403 1862 τὸ
1448 1804 1879 1881 ὑπερανεστηκὸς
1943 1802 2033 1860 καὶ

379 1891 645 1966 διάδηλον
701 1895 792 1950 καὶ
835 1895 900 1950 τὸ
950 1898 1322 1970 περιπνεῖσθαι
1363 1898 1482 1957 ταῖς
1531 1893 1864 1957 ἀντιπνοίαις
1919 1897 2029 1949 τῶν

380 1983 594 2062 ἐχθρῶν
640 1989 743 2055 τῆς
791 1981 1045 2048 πίστεως·
1087 1983 1255 2040 τόπον
1306 1981 1364 2039 δὲ
1426 1985 1581 2060 ἅγιον
1643 1982 1735 2039 τὸν
1803 1982 2030 2040 ἐνώπιον

376 2077 478 2130 τοῦ
533 2073 940 2148 θυσιαστηρίου.
998 2075 1136 2150 Ὅρα
1188 2071 1247 2129 δὲ
1294 2079 1395 2144 τῆς
1447 2071 1644 2145 λέξεως
1721 2073 1821 2142 τήν
1879 2071 2033 2144 ἀκρί-

382 2158 532 2220 ϐειαν
565 2183 580 2198 ·
635 2157 962 2234 ἀναϐήσεται
1017 2162 1140 2240 γάρ,
1203 2163 1339 2234 εἶπε,
1394 2159 1535 2218 διότι
1593 2162 1700 2239 πρὸ
1766 2168 1866 2232 τῆς
1927 2161 2034 2216 εἰσ-

383 2249 514 2311 όδου
581 2250 841 2330 βαθμίδες
883 2252 1022 2316 τινες
1081 2252 1302 2318 εἰώθασι
1353 2250 1852 2321 κατασκευάζεσθαι.
1883 2254 2036 2318 (Duo

385 2343 512 2401 haec
537 2343 716 2400 verba
744 2343 864 2400 fere
891 2343 1132 2400 omnino
1173 2360 1342 2400 erasa
1387 2343 1572 2415 sunt.)
1616 2341 1762 2404 Τινὲς
1804 2338 1862 2396 δὲ
1910 2335 2036 2417 ὅρος

388 2429 592 2508 Κυρίου
643 2427 860 2507 λέγουσι
916 2431 979 2486 τὸ
1037 2429 1172 2505 ὕψος
1229 2435 1336 2486 τῶν
1392 2431 1597 2507 ἀρετῶν
1647 2427 1707 2493 ἅς
1740 2431 1769 2484 ὁ
1809 2430 2040 2507 Χριστὸς

391 2516 697 2578 ἐνετείλατο
756 2517 844 2576 διὰ
896 2524 994 2576 τοῦ
1037 2517 1381 2596 Εὐαγγελίου
1415 2539 1428 2554 ·
1508 2520 1674 2575 τόπον
1755 2517 1814 2575 δὲ
1887 2521 2042 2595 ἅγιον

390 2606 486 2665 τὸν
526 2613 629 2678 τῆς
677 2606 1098 2685 ἐπηγγελμένης
1145 2605 1424 2687 βασιλείας
1486 2612 1594 2665 τῶν
1664 2607 1906 2686 οὐρανῶν
1937 2628 1950 2642 ·
2003 2605 2040 2679 ἤ

393 2697 485 2754 καὶ
534 2694 724 2761 ἄλλως
768 2696 898 2776 ὅρος
945 2697 1010 2754 τὸ
1047 2697 1182 2772 ὕψος
1225 2705 1329 2768 τῆς
1358 2696 1483 2776 περὶ
1536 2702 1634 2754 τοῦ
1665 2701 1898 2774 Χριστοῦ
1928 2700 2044 2754 θεο-

395 2785 588 2864 λογίας
631 2785 724 2844 καὶ
795 2791 904 2843 τῶν
971 2787 1144 2864 ὀρθῶν
1204 2784 1489 2865 δογμάτων
1546 2789 1645 2858 τῆς
1703 2786 2048 2864 ἐνανθρωπή-

397 2895 535 2940 σεως
563 2875 752 2934 αὐτοῦ.

469 2987 501 3019 ιι
531 2965 741 3028 Ἀθῶος
787 2964 969 3043 χερσὶ,
1014 2964 1106 3022 καὶ
1157 2966 1392 3042 καθαρὸς
1430 2969 1501 3041 τῇ
1550 2961 1760 3041 καρδίᾳ.
1795 2989 1824 3019 ››
1857 2999 1924 3010 -
1952 2965 2048 3029 Εἰς

400 3052 666 3131 ἐρώτησιν
717 3053 1062 3130 σχηματίσας
1109 3056 1138 3111 ὁ
1194 3057 1486 3132 προφήτης
1543 3055 1608 3112 τὸ
1634 3051 1916 3132 προλαϐὸν
1953 3053 2051 3132 ῥη-

395 3141 515 3214 τὸν,
546 3142 662 3200 εἶτα
703 3147 797 3199 νῦν
843 3142 1210 3222 ἀποκρίνεται.
1261 3145 1362 3200 Καὶ
1406 3143 1496 3202 διὰ
1544 3145 1640 3220 μὶν
1688 3149 1794 3200 τῶν
1845 3149 2049 3222 χειρῶν

391 3233 490 3298 τὰς
529 3231 748 3312 πράξεις
790 3229 979 3304 δηλοῖ,
1029 3229 1120 3289 διὰ
1163 3231 1224 3290 δὲ
1263 3240 1367 3305 τῆς
1409 3232 1636 3312 καρδίας
1676 3233 1770 3298 τὰς
1819 3233 2054 3308 ἐνθυμή-

392 3341 505 3384 σεις
563 3320 886 3396 ἀμέμπτους
942 3317 1088 3399 ἔχων
1133 3322 1224 3378 καὶ
1271 3325 1524 3400 καθαράς·
1593 3323 1766 3379 ἀθῶον
1809 3324 1914 3399 γὰρ
1964 3322 2046 3379 έν-

389 3411 561 3467 ταῦθα
601 3409 694 3466 τὸν
747 3410 1054 3484 ἄμεμπτον·
1105 3410 1182 3474 ὡς
1229 3409 1320 3467 ὅτε
1368 3414 1443 3486 μή
1493 3415 1743 3475 τοιοῦτος
1771 3408 1896 3468 οὔτε
1925 3412 2048 3467 ἀνα-

393 3493 590 3573 ϐαίνει,
646 3493 762 3563 οὔθ’
811 3496 1047 3573 ἵσταται,
1116 3501 1215 3556 κᾶν
1280 3503 1442 3556 τοῦτο
1494 3495 1630 3574 δοκῇ
1666 3517 1680 3532 ·
1741 3500 1932 3556 σκόπει
1990 3498 2050 3556 δὲ

394 3591 516 3651 πῶς
574 3585 742 3667 ἄμφω
798 3587 1122 3661 συνέζευξεν·
1173 3586 1424 3666 ἑκάτερον
1472 3590 1577 3666 γάρ
1633 3589 1892 3665 ἐκατέρου
1929 3608 2050 3666 χω-

398 3676 485 3755 ρὶς
513 3673 801 3750 ἀδόκιμον.

468 3788 500 3820 ‹‹
530 3767 626 3829 "Oc
657 3764 758 3821 οὐκ
811 3759 1002 3822 ἔλαϐεν
1049 3764 1138 3822 ἐπὶ
1192 3766 1407 3841 ματαίῳ
1451 3768 1553 3839 τήν
1583 3768 1770 3844 ψυχὴν
1802 3766 1986 3823 αὐτοῦ.
2020 3792 2048 3822 ››

398 3885 470 3900 --
496 3856 592 3931 ’Ός
623 3853 724 3911 οὐκ
750 3848 916 3910 ἔλαϐε
944 3855 1091 3932 παρὰ
1120 3859 1254 3913 Θεοῦ
1285 3856 1383 3926 τήν
1434 3856 1619 3933 ψυχὴν
1667 3855 1831 3911 αὐτοῦ
1880 3853 2054 3912 ἕνεκεν

402 3942 657 4020 ματαίου,
698 3941 793 4000 ἵνα
836 3943 1036 4026 ματαία
1061 3945 1506 4022 μεταχειρίζηται
1541 3965 1554 3980 ·
1587 3941 1624 4017 ἤ
1663 3944 1721 4009 ὅς
1752 3945 1851 4002 οὐχ
1881 3944 2052 4024 ἐχρή-

398 4053 530 4090 σατο
588 4031 665 4098 εΐς
707 4033 948 4112 πονηρὸν
995 4035 1097 4104 τήν
1142 4035 1328 4112 ψυχὴν
1381 4034 1546 4092 αὐτοῦ
1607 4035 1906 4092 κτισθεῖσαν
1971 4033 2054 4090 ἐπ’

400 4121 650 4199 ἀγαθοῖς.

476 4234 509 4266 ι(
534 4212 636 4268 Καὶ
683 4211 784 4268 οὐκ
831 4209 1044 4287 ὣμοσεν
1085 4211 1174 4269 ἐπί
1221 4211 1373 4288 δόλῳ
1417 4217 1497 4287 τῷ
1538 4213 1773 4286 πλησίον
1805 4213 2054 4271 αὐτοῦ.»

401 4331 474 4345 -
499 4301 603 4358 Καὶ
634 4301 734 4358 οὐκ
759 4302 1098 4380 ἐπιώρκησεν
1132 4322 1147 4338 ·
1205 4304 1236 4360 6
1281 4304 1386 4380 γὰρ
1435 4303 1703 4381 ἐπιορκῶν
1751 4301 2056 4360 δολιεύεται

397 4389 493 4446 ἵνα
534 4386 573 4462 ἦ
613 4390 784 4470 ἀφεθῇ
832 4396 1151 4469 χρεωστῶν,
1199 4391 1237 4463 ἥ
1269 4387 1405 4469 λέϐῃ
1452 4395 1529 4466 μὴ
1578 4391 2052 4471 χρεωστούμενος·

402 4484 629 4536 τοιαῦτα
684 4480 801 4536 εἶπε
856 4481 947 4537 καὶ
998 4481 1051 4537 ἐν
1106 4479 1188 4556 τῷ
1245 4479 1311 4537 ιδ“
1366 4479 1592 4557 ψαλμῷ·
1651 4480 1741 4538 καὶ
1775 4483 1924 4554 ζήτει
1946 4479 2058 4536 ἐκεῖ

405 4567 754 4681 περίἳὸρκου
805 4567 1142 4681 πλατύτερον
1186 4569 1310 4681 ἔγθα
1345 4576 1530 4676 κεῖται
1557 4572 1644 4643 τὸ,
1684 4595 1713 4624 ‹‹
1744 4571 1802 4625 Ὃ
1835 4569 2053 4645 ὀμνύων
2090 4677 2122 4681 -
2167 4603 2348 4678 δόξης.
2412 4629 2441 4659 η
2501 4639 2568 4650 ___
2624 4567 2683 4660 :0
2739 4604 2935 4681 Κύριός

403 4663 484 4733 τῷ
506 4655 744 4731 πλησίον
775 4659 941 4718 αὐτοῦ
972 4659 1064 4716 καὶ
1085 4659 1186 4717 οὐκ
1213 4660 1438 4718 ἀθετῶν.
1478 4685 1498 4713 ι

480 4788 512 4818 α
541 4766 709 4830 Οὗτος
739 4765 973 4842 λήψεται
1022 4765 1274 4844 εὐλογίαν
1321 4767 1469 4842 παρά
1511 4765 1734 4844 Κυρίου.
1789 4790 1818 4819 η
1848 4799 1918 4810 -
1944 4767 2060 4822 Χά-

402 4873 490 4932 ριν
552 4853 756 4931 δωρεὰν
813 4857 951 4912 κατά
993 4857 1087 4913 τὸν
1135 4857 1378 4934 παρόντα
1426 4855 1567 4934 βίον·
1608 4857 1661 4931 .6
1720 4856 1810 4912 καὶ
1864 4858 2056 4930 πρᾶξιν

406 4943 607 5022 ἀγαθὸς
654 4943 747 5001 καὶ
804 4943 1098 5020 ἐνθύμησιν
1153 4946 1409 5023 καθαρὸς,
1480 4944 1572 5002 καὶ
1640 4949 1747 5002 τῶν
1811 4945 2054 5020 ματαίων

402 5033 649 5114 ἀφεστώς
674 5034 765 5090 καὶ
795 5035 875 5109 μὴ
907 5034 1173 5111 ἐπιορκῶν
1203 5037 1284 5108 τῷ
1311 5034 1573 5108 πλησίον.

479 5165 502 5193 ιι
535 5140 638 5197 Καὶ
682 5138 1060 5216 ἐλεημοσύνην
1106 5142 1254 5218 παρὰ
1308 5146 1443 5200 Θεοῦ
1492 5140 1767 5220 σωτηρίου
1801 5141 1988 5202 αὐτοῦ.
2027 5166 2049 5194 ιι

404 5259 472 5274 -—
501 5227 652 5286 Κατὰ
693 5228 788 5285 τὸν
841 5227 1136 5304 μέλλοντα·
1178 5235 1284 5294 πᾶς
1325 5231 1428 5308 γὰρ
1471 5231 1562 5286 καὶ
1602 5231 1631 5286 ὁ
1674 5252 1813 5287 πανυ
1846 5229 2054 5295 δίκαιος

403 5315 591 5381 ἐλέους
652 5311 823 5374 δεῖται
879 5318 1026 5395 παρά
1081 5324 1236 5375 Θεοῦ·
1299 5320 1344 5375 εἰ
1398 5322 1500 5399 γάρ
1563 5321 1640 5394 μὴ
1697 5322 1798 5391 τήν
1849 5321 2051 5376 οἰκείαν

408 5407 702 5481 παραμίξει
758 5409 1112 5483 συμπάθειαν,
1200 5409 1264 5464 οὐ
1335 5407 1752 5482 δικαιωθήσεται
1821 5410 2053 5466 ἐνώπιον

396 5494 562 5552 αὐτοῦ
613 5500 720 5560 πᾶς
782 5501 907 5566 ζῶν.
957 5498 1058 5554 Καὶ
1133 5497 1322 5563 ἄλλως
1381 5497 1440 5555 δὲ
1485 5505 1619 5555 ποῖα
1674 5497 1807 5577 ἔργα
1835 5499 2057 5572 ἀναάξια

394 5586 498 5654 τῆς
531 5583 812 5659 βασιλείας
842 5590 948 5642 τῶν
981 5587 1219 5664 οὐρανῶν
1246 5606 1260 5658 ;

481 5684 505 5722 ὸ
540 5668 690 5745 Αῦτη
739 5675 776 5744 ἡ
823 5676 980 5751 γενεά
1029 5675 1336 5746 ζητούντων
1366 5678 1458 5734 τὸν
1487 5677 1706 5755 Κύριον.
1744 5702 1772 5730 ‹‹
1804 5710 1874 5721 —-
1903 5675 2050 5750 Δίἵτη

405 5765 441 5833 ἢ
476 5761 634 5837 γενεὰ
690 5764 726 5834 ἡ
777 5759 948 5828 οὕτως
999 5766 1192 5843 βιοῦσα
1239 5768 1397 5842 γενεά
1443 5767 1554 5823 ἐστι
1584 5764 1790 5846 ἀνδρῶν
1827 5767 2052 5841 ζητούν-

2139 644 2310 710 ζητεῖ.

2209 754 2238 782 ‹‹
2300 727 2615 801 Ζητούντων
2660 731 2724 785 τὸ
2779 729 3074 804 πρόσωπον
3141 733 3239 784 τοῦ
3301 733 3436 785 Θεοῦ
3490 725 3718 786 Ἰακώϐ·
3773 755 3801 783 ιο

2135 849 2207 861 -—
2309 819 2441 881 Θεὸς
2543 823 2639 874 τοῦ
2705 814 2898 874 Ἰακὼϐ
2966 821 2994 874 ὁ
3063 820 3251 894 Πατὴρ
3319 816 3592 875 ἐδείκνυτο
3685 827 3805 884 τοῖς

2139 901 2412 984 Ἐϐραίοίς
2449 925 2462 939 ·
2495 908 2790 983 πρόσωπον
2837 905 2896 964 δὲ
2943 908 3153 983 Πατρὸς
3206 909 3235 963 6
3264 907 3388 970 Υἱός
3421 925 3434 938 ·
3471 932 3499 960 ‹‹
3532 909 3592 963 Ὀ
3627 909 3805 986 ἑωρα-

2137 998 2247 1060 κὼς
2303 997 2428 1074 γὰρ,
2485 996 2672 1075 φησὶν,
2733 995 2831 1071 ἐμὲ
2889 995 3094 1074 ἑώρακε
3160 997 3254 1052 τὸν
3316 996 3548 1074 Πατέρα.
3616 1021 3648 1050 ››
3706 1000 3803 1054 Τὸν

2139 1081 2333 1142 Ἰακὼϐ
2391 1084 2449 1142 δὲ
2505 1091 2747 1163 συνεχῶς
2801 1086 2853 1142 ἐν
2909 1091 3029 1149 τοῖς
3091 1083 3352 1159 Ψαλμοῖς
3427 1086 3672 1159 τίθησιν,
3733 1088 3804 1150 ὡς

2139 1176 2343 1251 πατέρα
2394 1180 2504 1231 τῶν
2561 1171 2753 1232 Ἰακὼϐ
2812 1173 3024 1254 φυλῶν.
3083 1175 3154 1231 Ἥ
3200 1173 3293 1231 καὶ
3341 1173 3532 1238 ἄλλῶς
3576 1177 3804 1248 ζητούν-

2137 1287 2246 1321 των
2307 1263 2438 1321 ἱδεῖν
2495 1267 2588 1321 τὸν
2635 1266 2764 1322 Θεὸν
2811 1264 2948 1320 κατά
2983 1264 3076 1320 τὸν
3134 1263 3408 1338 μέλλοντα
3455 1264 3658 1320 αἰῶνα·
3723 1264 3806 1321 ὅτε

2139 1349 2433 1433 πρόσωπον
2487 1356 2626 1432 πρὸς
2682 1349 2977 1432 πρόσωπον
3040 1349 3269 1429 ὄψονται
3327 1353 3487 1410 αὐτὸν
3546 1355 3606 1410 οἱ
3641 1352 3799 1430 ἄξιοι,

2139 1445 2279 1510 καθά
2307 1465 2442 1524 φησι
2471 1444 2714 1508 Παῦλος.

2811 1559 3020 1637 Διάψαλ
3029 1583 3125 1636 μα.

2213 1657 2345 1738 Περὶ
2395 1663 2493 1716 τοῦ
2542 1656 2921 1736 διαψάλματος
2968 1661 3166 1723 ἱκανῶς
3214 1659 3266 1715 ἐν
3312 1661 3430 1722 τοῖς
3475 1658 3803 1735 προοιμίοις

2144 1745 2355 1827 εἷ’ρηται
2383 1756 2485 1821 τῆς
2515 1749 2797 1826 παρούσης
2832 1743 3053 1827 βίϐλου.

2219 1863 2248 1892 ‹‹
2276 1843 2478 1915 ’Ἀρατε
2499 1837 2680 1902 πύλας
2712 1840 2764 1895 οἱ
2796 1837 3060 1917 ἄρχοντες
3103 1839 3277 1914 ὑμῶν·
3329 1863 3358 1892 ››
3411 1872 3479 1882 -
3531 1839 3803 1895 Ἐντεῦθεν

2063 1929 2495 2006 Βπροαγορεύει
2551 1929 2642 1984 καὶ
2690 1929 2790 1998 τὴν
2856 1929 2932 1992 εἰς
3010 1927 3274 2004 οὐρανοὺς
3354 1930 3452 1982 τοῦ
3527 1931 3796 2005 Σωτῆρος

2143 2017 2434 2093 ἀνάληψιν·
2486 2015 2686 2093 εἰσάγει
2739 2017 2843 2095 γὰρ
2889 2017 3020 2080 τοὺς
3067 2017 3119 2072 ἐν
3163 2020 3381 2090 Χριστῷ
3410 2013 3794 2079 διακονοῦντας

2143 2107 2232 2163 ἐπὶ
2285 2114 2389 2177 τῆς
2436 2113 2538 2183 γῆς
2597 2105 2864 2183 ἀγγέλους
2914 2105 3259 2169 συνανιόντας
3328 2105 3474 2178 αὐτῷ
3517 2106 3615 2161 καὶ
3666 2127 3798 2182 προ-

2145 2197 2376 2273 ἄγοντας
2437 2195 2527 2252 καὶ
2576 2192 3061 2270 διακελευομένους
3111 2199 3231 2259 τοῖς
3303 2192 3644 2274 φυλάττουσι
3709 2197 3803 2265 τήν

2147 2284 2223 2348 εἷς
2279 2284 2504 2360 οὐρανὸν
2555 2282 2764 2340 εἷ’σοδον
2813 2280 2983 2361 αἶ’ρειν
3030 2283 3127 2347 τὰς
3176 2282 3375 2347 πύλας.
3442 2285 3797 2340 Συντάσσεται

2148 2373 2207 2430 δὲ
2233 2375 2296 2430 τὸ
2355 2374 2517 2452 ῥητὸν
2563 2373 2758 2436 οὕτως·
2810 2375 2873 2428 Οἱ
2913 2375 3178 2451 ἄρχοντες
3223 2371 3386 2449 ἄρατε
3413 2371 3596 2436 πύλας
3629 2373 3795 2447 ὑμῶν,

2146 2462 2314 2542 ἤγουν
2375 2465 2427 2520 οἱ
2481 2463 2875 2535 ἐξουσιάζοντες
2929 2468 3038 2518 τῶν
3093 2461 3283 2518 πυλῶν
3349 2461 3587 2535 τουτων,
3649 2463 3800 2539 ἄρατε

2148 2553 2362 2617 ταύτας·
2416 2553 2570 2627 ὑμῶν
2621 2550 2679 2609 δὲ
2723 2551 2840 2608 ἀντὶ
2879 2556 2976 2608 τοῦ
3026 2551 3100 2607 ὧν
3148 2553 3365 2627 ἄρχετε.
3417 2550 3530 2606 Οὐκ
3578 2551 3695 2608 εἶπε
3747 2548 3800 2606 δὲ

2153 2642 2414 2714 ἀνοίξατε,
2464 2641 2592 2698 ἀλλ’
2640 2640 2823 2718 ἄρατε,
2873 2639 3158 2704 παντελῶς
3207 2640 3448 2696 ἐντεῦθεν
3494 2640 3561 2696 τὸ
3593 2641 3796 2717 ἀχώρι-

2154 2752 2278 2788 στον
2336 2739 2438 2802 τῆς
2489 2729 2651 2803 δόξης
2697 2735 2796 2786 τοῦ
2849 2729 3153 2805 μέλλοντος
3193 2727 3450 2786 εἰσελθεῖν
3512 2729 3794 2810 ἐμφαίνων.

2155 2820 2341 2884 Πύλας
2373 2818 2432 2876 δὲ
2457 2821 2558 2891 τήν
2593 2819 2840 2900 φυλακὴν
2873 2819 3113 2890 οἰητέον.

2229 2935 2258 2964 ‹‹
2294 2909 2396 2968 Καὶ
2456 2909 2726 2984 ἐπάρθητε
2768 2907 2938 2965 πύλαι
2996 2909 3239 2981 αἰώνιοι,
3294 2906 3385 2964 καί
3454 2907 3793 2965 εἰσελεύσεται

2158 3001 2187 3056 ὁ
2241 2998 2494 3078 βασιλεὺς
2541 3006 2644 3070 τῆς
2694 2997 2877 3071 δόξης.
2928 3022 2958 3050 ››
3007 3033 3077 3041 -
3125 2999 3189 3055 Ἡ
3235 2996 3457 3078 φυλακῆ
3507 3001 3544 3070 ἡ
3595 2999 3788 3058 αἰώνιος

2161 3086 2251 3145 διὰ
2306 3089 2406 3159 τήν
2465 3085 2753 3160 ἀΐδιότητα
2803 3092 2912 3143 τῶν
2967 3085 3349 3167 φυλαττόντων
3419 3085 3695 3165 ἀγγέλων·
3746 3080 3781 3153 ἤ

2161 3178 2373 3233 αἲώνιοι
2433 3174 2524 3234 διὰ
2576 3178 2640 3233 τὸ
2700 3173 2978 3250 μηδέποτε
3031 3177 3363 3255 ἀνοιγῆναι·
3414 3176 3780 3252 κεκλεισμένων

2077 3303 2121 3373 C
2160 3266 2266 3345 γάρ
2318 3266 2518 3338 αὐτῶν,
2573 3265 2838 3338 κατῆλθεν
2899 3265 2976 3330 εἰς
3031 3274 3158 3344 γῆν,
3219 3264 3403 3323 λαθὼν
3481 3267 3654 3330 πάσας
3714 3265 3796 3324 τὰς

2159 3354 2440 3431 δυνάμεις.

2230 3471 2260 3500 ‹‹
2293 3447 2386 3511 Τίς
2417 3445 2558 3503 ἐστιν
2609 3445 2768 3509 οὗτος
2816 3445 2845 3501 6
2889 3443 3142 3522 βασιλεὺς
3172 3451 3274 3516 τῆς
3307 3442 3509 3517 δόξης;
3546 3469 3578 3497 ››
3618 3478 3685 3489 --
3713 3448 3804 3500 Βα-

2159 3532 2343 3598 σιλεύς
2393 3542 2494 3606 τῆς
2538 3533 2699 3606 δόξης
2749 3533 2960 3612 λέγεται
3009 3534 3100 3590 καὶ
3156 3534 3347 3612 κύριος
3393 3541 3496 3606 τῆς
3529 3531 3715 3607 δόξης,
3740 3532 3808 3595 ὡς

2161 3621 2534 3702 ὑπερένδοξος,
2588 3623 2678 3680 καὶ
2737 3623 2814 3688 ὡς
2875 3621 3180 3702 βασιλεύων
3225 3623 3316 3678 καὶ
3364 3623 3638 3701 κυριεύων
3686 3623 3810 3678 πάν-

2159 3734 2266 3769 των
2296 3718 2404 3769 τῶν
2438 3710 2689 3786 ἐνδόξων.

2237 3826 2268 3857 (ι
2297 3801 2499 3880 Κύριος
2530 3802 2786 3880 κραταιὸς
2811 3802 2902 3857 καὶ
2950 3798 3195 3873 δυνατὸς,
3244 3799 3442 3880 Κύριος
3490 3798 3720 3866 δυνατὸς
3768 3801 3816 3858 ἐν

2163 3890 2416 3967 πολέμῳ.
2451 3916 2480 3946 »
2514 3925 2584 3936 —-
2631 3889 2984 3954 ’Δκούσαντες
3031 3891 3083 3946 οἱ
3140 3887 3406 3968 ἄρχοντες
3460 3896 3571 3947 τῶν
3635 3891 3816 3948 πυλῶν

2163 3979 2602 4058 ἐξηπορήθησαν.
2652 3982 2742 4036 οἷα
2788 3979 2948 4054 μόνον
2988 3980 3081 4036 τὸν
3129 3980 3260 4037 Θεὸν
3319 3978 3526 4044 εἰδότες
3602 3979 3820 4058 βασιλέα

2161 4077 2263 4140 τῆς
2315 4067 2500 4142 δόξης·
2552 4069 2611 4126 ὅν
2655 4069 2707 4126 ἐν
2752 4070 2926 4146 τρισὶν
2975 4069 3328 4125 ὑποστάσεσιν
3356 4065 3505 4143 ὄντα,
3537 4070 3636 4127 τὸν
3673 4071 3821 4147 ὕπερ-

2165 4160 2414 4236 ουράνιον
2455 4158 2624 4215 τόπον
2675 4155 3021 4215 πύοσεδόκων
3069 4157 3257 4217 οἰκεῖν.
3303 4157 3530 4222 ’Ἄλλως
3581 4181 3646 4217 τε
3674 4159 3815 4228 καὶὴ

2163 4243 2436 4326 περιϐολῆ
2487 4255 2588 4319 τῆς
2637 4249 2834 4326 σαρκὸς
2882 4247 3178 4320 ἐξέπληττε
3234 4247 3488 4322 τούτους,
3536 4247 3665 4316 ὅθεν
3693 4250 3819 4326 ἐρω-

2162 4342 2328 4394 τῶσιν
2359 4337 2450 4393 καὶ
2480 4335 2630 4400 αὖθις
2660 4337 2899 4394 ἀκούειν.

2239 4450 2267 4480 ‹‹
2296 4429 2500 4504 ’Ἄρατε
2528 4424 2730 4499 πύλας,
2763 4426 2817 4481 οἱ
2841 4425 3130 4504 ἄρχοντες,
3163 4425 3342 4502 ὑμῶν,
3390 4427 3484 4483 καὶ
3533 4427 3821 4507 ἐπάρθητε,

2164 4514 2335 4572 πύλαι
2413 4515 2649 4588 αἰώνιοι,
2717 4517 2808 4571 καὶ
2866 4513 3228 4573 εἰσελεύσεται
3283 4518 3312 4571 ὁ
3393 4516 3659 4592 βασιλεὺς
3730 4523 3821 4586 τῆς

2995 4605 3136 4661 ἐστιν
3189 4604 3248 4661 6'v
3300 4603 3482 4664 οἴδατε
3511 4607 3540 4662 6
3569 4606 3824 4682 κραταιὸς

2089 4677 2558 4758 Πκαίνδυνατός.
2622 4695 2752 4750 Εἶτα
2803 4677 2972 4752 πάλιν
3033 4695 3061 4750 6
3119 4693 3318 4772 Κὺριος
3378 4697 3407 4752 6
3489 4677 3720 4760 δυνατὸς
3777 4693 3821 4750 ἐν

2165 4783 2458 4860 πολέμοις.
2535 4786 2598 4840 Ἥ
2672 4781 2730 4841 δὲ
2793 4781 3168 4848 ἀναδίπλωσις
3252 4785 3330 4848 εἰς
3412 4785 3817 4864 ἀναγνωρισμὸν

2165 4874 2360 4937 αὐτοὺς
2417 4873 2560 4951 ἄγει.
2616 4877 2770 4948 ’Ἀμα
2827 4869 3003 4929 δὲκαὶ
3059 4873 3275 4949 ἐξυμνεῖ
3340 4875 3440 4944 τὴν
3515 4877 3659 4931 κατά
3727 4876 3816 4930 τοῦ

2162 4963 2423 5042 τυράννου
2469 4963 2645 5036 νίκην·
2695 4964 2742 5037 ᾦ
2787 4962 3115 5037 πολεμήσας
3162 4958 3557 5039 προσϐαλόντι,
3610 4961 3818 5021 καθεῖλε

2162 5052 2254 5109 καὶ
2280 5057 2359 5126 τῷ
2389 5057 2603 5129 σταυρῷ
2633 5051 2871 5127 καθάπερ
2905 5050 3091 5130 δόρατι
3122 5053 3534 5124 κατηκόντισεν.

2237 5166 2264 5194 (ι
2296 5142 2388 5204 Τίς
2419 5140 2558 5198 ἐστιν
2592 5141 2774 5211 οὗτος,
2828 5143 2856 5197 6
2908 5140 3165 5218 βασιλεὺς
3210 5149 3314 5213 τῆς
3365 5139 3570 5216 δόξης;
3625 5140 3818 5220 Κύριος

2162 5235 2270 5287 τῶν
2336 5229 2635 5305 δυνάμεων.
2688 5254 2718 5283 ››
2787 5263 2855 5275 --
2917 5230 3156 5306 Ὁμοίως
3221 5231 3522 5310 ἀποροῦσιν
3585 5233 3819 5289 κάκεῖνοι

2162 5320 2254 5376 καὶ
2281 5319 2411 5384 τοὺς
2439 5319 2801 5385 πυνθάνονται
2830 5319 2920 5376 καὶ
2951 5319 3266 5379 ἀκούουσιν.

2234 5408 2334 5470 κδ’.
2373 5435 2394 5462 ι
2449 5409 2624 5473 Αὐτός
2674 5410 2814 5466 ἐστιν
2865 5411 2894 5465 6
2945 5407 3203 5487 βασιλεὺς
3250 5413 3352 5481 τῆς
3384 5407 3572 5482 δόξης.
3607 5434 3640 5464 »ι
3672 5442 3740 5455 --
3766 5410 3817 5463 Ὀ

2166 5497 2388 5563 δυνατὸς
2440 5498 2644 5576 Κύριος
2696 5500 2724 5555 6
2785 5496 3042 5575 βασιλεὺς
3100 5503 3210 5556 τῶν
3272 5496 3576 5573 δυνάμεων,
3636 5497 3677 5570 ἥ
3733 5496 3818 5555 καί

2167 5587 2433 5660 δεσπότης
2493 5593 2599 5644 τῶν
2651 5585 2905 5660 δυνατῶν,
2956 5587 3118 5651 αὐτός
3171 5587 3312 5644 ἐστιν
3358 5590 3388 5644 6
3440 5586 3816 5666 καταγγελλό-

2168 5699 2331 5754 μενος
2380 5678 2507 5754 παρ’
2563 5680 2724 5751 ἡμῶν
2779 5675 3035 5753 βασιλεὺς
3074 5679 3176 5747 τῆς
3228 5675 3411 5749 δόξης.
3458 5680 3580 5755 Χρὴ
3630 5675 3690 5734 δὲ
3727 5698 3816 5754 γι-

2163 5769 2390 5824 νώσκειν
2439 5767 2515 5831 ὡς
2564 5767 2614 5823 οἳ
2661 5761 2906 5843 Ἑϐραῖοι
2954 5765 3046 5822 καὶ
3082 5766 3176 5824 τὸν
3207 5766 3449 5845 παρόντα
3476 5765 3700 5845 ψαλμὸν
3727 5763 3811 5824 καὶ
