4072 6432
339 419 522 499 1⁸133⁸

1567 421 1982 491 EXPOSITIO
2022 420 2106 490 ειν
2146 418 2536 492 PBALMOS.

3598 415 3759 485 1434

339 555 431 612 τὸν
487 551 598 632 πρὸ
654 548 820 612 αὑτοῦ
873 557 993 619 τοῖς
1049 551 1101 613 ἐν
1150 550 1433 614 Βαϐυλῶνι
1476 557 1862 635 αἰχμαλώτοις
1893 557 1988 614 a6—
2017 561 2075 630 Α
2175 581 2206 612 ιι
2236 563 2408 615 Πᾶσαι
2459 559 2515 614 αἱ
2563 554 2681 614 ὁδοὶ
2728 547 2926 635 Κυρίου
2973 548 3129 618 ἔλεος
3186 551 3276 612 καὶ
3345 551 3577 627 ἀλήθεια
3639 557 3758 618 τοῖς

340 649 450 701 τῶν
490 644 907 720 προσάπτουσιν⁸
960 646 1164 702 ἐκεῖνον
1219 648 1312 722 μὲν
1361 649 1429 704 τά
1469 651 1606 705 κατὰ
1643 652 1745 720 τήν
1797 649 1991 706 ἐπάνο-

344 731 435 790 δον
481 733 654 789 αὐτῶν
713 735 1038 811 χαρμόσυνα
1113 735 1594 813 συνδιηγούμενον,
1669 744 1862 794 τοῦτον
1934 736 1992 794 δὲ

341 823 824 901 παραμυθούμενον
874 827 941 880 τὰ
992 824 1043 880 ἐν
1094 831 1162 900 τῇ
1206 827 1564 904 αἰχμαλωσίᾳ
1615 827 1856 905 λυπηρὰ,
1899 827 1990 883 καὶ

343 911 664 969 διδάσκοντα
722 915 798 986 μὴ
855 911 1220 992 δυσχεραίνειν
1294 921 1374 989 τῷ
1425 917 1600 992 τόπῳ,
1671 918 1760 973 οἷα
1813 919 1993 988 πάσης

340 1009 446 1073 τῆς
477 1009 579 1079 γῆς
607 1007 704 1057 τοῦ
734 1009 869 1059 Θεοῦ
927 1001 1114 1077 οὔσης,
1165 1004 1254 1060 καὶ
1307 1004 1608 1078 δυναμένου
1654 1008 1876 1076 παντὸς,
1937 1005 1989 1061 ἐν

341 1090 500 1147 παντί
546 1091 700 1165 τόπῳ
749 1091 1048 1169 εὐαρεστεῖν
1094 1097 1173 1166 τῷ
1219 1099 1354 1167 Θεῷο
1409 1095 1708 1172 ἐλέγχοντα
1753 1093 1810 1150 δὲ
1853 1115 1990 1172 προ-

343 1178 530 1252 δήλως
588 1181 680 1236 καὶ
721 1181 829 1236 ἀπὸ
875 1189 976 1252 τῆς
1022 1181 1243 1254 τάξεως·
1291 1184 1328 1253 ἢ
1376 1185 1480 1260 γὰρ
1530 1186 1588 1239 ἄν
1625 1184 1828 1248 ἐκεῖνος
1862 1184 1996 1259 μετά

338 1274 530 1326 τοῦτον
565 1270 750 1347 ἐτάγηο
784 1271 946 1334 ὠςτά
991 1277 1126 1346 μετά
1170 1274 1271 1342 τήν
1319 1272 1578 1330 ἐπάνοδον
1625 1279 1731 1330 τῶν
1783 1275 1991 1351 αἰχμα-

342 1358 538 1415 λώτων
577 1357 934 1438 διηγούμενον
970 1381 984 1395 ο
1043 1361 1132 1417 ναὶ
1181 1364 1286 1436 μὴν
1337 1363 1428 1419 καὶ
1476 1362 1584 1420 ἀπὸ
1629 1368 1738 1420 τῶν
1787 1363 1988 1442 ῥητῶν·

341 1453 450 1504 ποῦ
489 1451 592 1526 γὰρ
620 1451 683 1506 τὸ
733 1448 887 1514 ἔλεος
931 1455 1030 1507 τοῦ
1078 1456 1212 1507 Θεοῦ
1261 1455 1581 1530 παρέμεινεν
1632 1453 1817 1516 αὐτοῖς
1864 1451 1993 1530 ἄχρι

347 1543 496 1609 ζωῆς
535 1538 720 1610 ὅλωςς
769 1540 846 1603 ὡς
903 1541 1188 1618 πρώτατος
1234 1541 1382 1618 λέγει
1431 1543 1670 1618 ψαλμός.
1719 1543 1888 1606 Ποίας
1938 1541 1997 1600 δὲ

341 1627 522 1691 πύλας
577 1627 863 1692 ἀνιωνίους
913 1627 1029 1706 ἔχει
1075 1632 1144 1687 τὰ
1195 1631 1549 1709 Ἱεροσόλυμα
1592 1634 1771 1699 καθὼς
1817 1634 1845 1690 6
1887 1654 1995 1689 πα-

345 1718 455 1794 ρών
493 1739 674 1796 φησιν,
701 1715 794 1774 ’ίνα
831 1718 1010 1776 τᾶλλα
1039 1723 1373 1796 παρήσωμεν
1400 1741 1414 1792 ;

951 1841 1246 1894 ΨΑΛΜΟΣ
1288 1843 1402 1897 ΚΔ’.

413 1932 652 2007 Ψαλμὸς
680 1938 760 2006 τῷ
792 1932 984 1993 Λαυΐδ.
1011 1967 1082 1978 —-
1125 1941 1324 1992 Τοῦτον
1368 1935 1670 2016 έξεφώνησε
1714 1934 1994 2010 πολεμού-
2028 1935 2078 2002 Β

346 2042 504 2096 μενος
561 2023 650 2078 ὑπ’
707 2023 942 2100 ἐχθρῶν.
1002 2025 1258 2102 Ἄρμόζει
1317 2023 1376 2081 δὲ
1431 2025 1520 2081 καὶ
1579 2031 1708 2082 πᾶσι
1764 2031 1881 2090 τοῖς
1942 2025 1993 2082 ἐν

343 2112 604 2188 ἀνάγκαις
633 2114 724 2167 καὶ
755 2111 1036 2190 ἐπηρείαις
1067 2111 1430 2188 δαιμονικαῖς.

415 2227 443 2254 ‹‹
478 2200 622 2278 Πρός
681 2223 759 2276 σε,
810 2205 994 2278 Κυριε,
1044 2205 1153 2282 ἦρα
1196 2207 1296 2275 τὴν
1348 2207 1533 2282 ψυχήν
1593 2223 1718 2280 μου’
1771 2205 1799 2260 6
1866 2203 1996 2269 Θεός

346 2313 452 2365 μου
499 2292 587 2347 ἐπὶ
637 2292 721 2347 σοὶ
769 2292 1022 2350 πέποιθα.
1077 2317 1105 2344 ››
1153 2327 1223 2337 --
1275 2295 1372 2350 Σοὶ
1421 2294 1687 2370 ἀνεθέμην
1727 2295 1829 2365 τὴν
1858 2293 1996 2370 ἐμὴν

345 2383 555 2458 ψυχήν-

417 2495 447 2523 ‹‹
475 2471 568 2540 Μὴ
621 2471 1070 2548 καταισχυνθείην
1121 2471 1198 2536 εἷς
1246 2473 1336 2528 τὸν
1390 2472 1580 2531 αἰῶνα.
1635 2496 1666 2526 ››
1709 2505 1780 2517 -
1808 2469 2000 2545 Μηδέ-

345 2580 479 2616 ποτε
562 2561 1007 2637 καταισχυνθείην
1070 2559 1205 2636 μηδν
1262 2562 1399 2618 κατὰ
1474 2563 1566 2618 τὸν
1643 2566 1735 2618 νῦν
1806 2562 1998 2636 αἲῶνα,

353 2651 492 2724 μήτε
543 2651 679 2706 κατά
722 2651 813 2706 τὸν
871 2649 1164 2725 μέλλοντα,
1203 2649 1370 2724 δηλοῖ
1399 2650 1456 2708 δὲ
1483 2652 1547 2707 τὸ
1605 2651 1681 2716 εἰς
1709 2652 1802 2708 τὸν
1831 2652 2004 2708 αἰῶνα

349 2738 440 2794 καὶ
467 2739 531 2794 τὸ
563 2736 873 2803 διαπαντός.

420 2852 448 2880 (ι
487 2825 636 2894 Μηδὲ
689 2827 1203 2905 καταγελασάτωσάν
1263 2851 1328 2904 με
1383 2831 1436 2886 οἱ
1485 2830 1674 2908 ἐχθροί
1727 2849 1850 2904 μου·
1910 2829 2001 2886 καὶ

347 2915 452 2994 γὰρ
509 2918 699 2980 πάντες
757 2919 811 2973 οἱ
875 2919 1236 2993 ὑπομένοντες
1304 2919 1366 2974 06
1442 2921 1517 2994 μὴ
1589 2924 1999 2996 καταισχυνθῶ-

347 3025 452 3062 σιν.
487 3029 517 3057 ››
549 3039 618 3048 —
647 3012 732 3062 Ἐν
763 3004 1002 3070 πολλοῖς
1040 3008 1068 3062 6
1120 3005 1282 3062 Δαυῒδ
1330 3009 1391 3064 τὸ
1437 3009 1704 3083 ὑπομένον
1754 3009 1843 3064 καὶ
1898 3010 1998 3079 τὴν

350 3093 638 3168 ὑπομονὴν
690 3094 778 3150 ἐπὶ
824 3104 928 3168 τῆς
975 3094 1441 3172 προσδοκίαςκαὶ
1485 3105 1587 3168 τῆς
1637 3095 1858 3161 ἐλπίδος
1909 3095 1998 3153 καὶ

349 3181 662 3260 ἀπεκδοχῆς
692 3184 888 3252 τίθησι’
951 3185 1111 3265 φησὶν
1155 3183 1266 3241 οὖν·
1314 3211 1344 3239 ‹‹
1399 3185 1472 3242 06
1523 3188 1600 3261 μὴ
1643 3187 2002 3264 αἰσχυνθῶσιν

349 3272 402 3327 οἱ
444 3271 856 3377 προσδοκῶντες
896 3273 1353 3377 ,καὶηέλπίζοντες
1417 3282 1511 3332 καῖ
1560 3273 1994 3354 ἀπεκδεχόμενοῖ
2029 3309 2074 3377 C

347 3381 406 3415 σε
433 3359 560 3430 ἤτοι
589 3361 734 3439 παρά
763 3367 858 3418 σοῦ
894 3365 1166 3438 βοήθειαν.

425 3473 454 3502 (ί
507 3450 960 3528 Αἱσχυνθήτωσαν
1018 3454 1071 3507 οἱ
1126 3453 1453 3528 ἀνομοῦντες
1511 3451 1782 3526 διακενῆς.
1844 3479 1873 3509 ››
1930 3489 2002 3502 -ο

347 3537 606 3603 Ματαίως
642 3539 743 3618 γὰρ
791 3540 882 3595 καὶ
933 3539 1184 3605 ἐναντίως
1251 3539 1588 3617 πολεμοῦσιν
1638 3544 1690 3598 οἱ
1733 3543 1998 3620 ἀνομοῦν-

346 3647 435 3693 τες
464 3633 544 3702 τῷ
575 3626 747 3704 μηδὲν
777 3627 1141 3702 αἷδικήσαντι.

424 3743 451 3771 ‹‹
501 3719 606 3782 Τάς
656 3716 837 3792 ὁδούς,
886 3741 1006 3789 σου,
1055 3719 1236 3797 Κύριε,
1280 3721 1551 3797 γνώρισόν
1605 3743 1720 3796 μοι,
1771 3724 1860 3778 καὶ
1903 3725 1999 3786 τάς

347 3803 572 3885 τρίϐους
603 3830 700 3864 σου
742 3807 954 3881 δίδαξόν
1008 3831 1094 3884 με.
1126 3835 1156 3864 ››
1189 3843 1259 3853 -
1289 3811 1368 3865 Δι’
1417 3811 1739 3888 ἀμφοτέρων
1787 3812 1882 3875 τὰς
1920 3812 2002 3868 ἐν-

347 3897 517 3960 τολὰς
566 3896 839 3968 ἐδήλωσεν
888 3901 950 3962 ἅς
999 3895 1219 3977 εὔχεται
1267 3901 1414 3977 παρά
1454 3905 1586 3956 Θεοῦ
1638 3903 1826 3975 μαθεῖν
1866 3922 2004 3979 πρα-

349 4005 414 4039 κτ
423 4006 552 4047 ικως
561 4029 573 4043 ο

425 4097 454 4126 ι(
486 4071 789 4150 Ὀδήγησόν
837 4097 905 4149 με
949 4075 1037 4131 ἐπὶ
1085 4078 1182 4147 τὴν
1230 4077 1490 4149 ἀλήθειάν
1539 4099 1656 4148 σου,
1719 4077 1810 4135 καὶ
1853 4076 2004 4135 δίδα-

352 4161 440 4238 ξόν
476 4183 563 4236 με.
593 4185 622 4218 ι
657 4196 726 4205 -
755 4166 842 4235 Μή
882 4163 1044 4238 μόνον
1093 4167 1194 4235 τὴν
1227 4167 1440 4244 πρᾶξιν,
1471 4165 1617 4225 ἀλλά
1646 4169 1736 4222 καὶ
1763 4170 1862 4238 τὴν
1893 4174 2001 4226 τῶν

351 4252 692 4330 πραγμάτων
743 4252 1012 4330 ὀρθότητα
1061 4259 1240 4326 ζητεῖν
1276 4276 1289 4289 ο
1365 4254 1418 4328 ἐξ
1499 4255 1821 4334 ἀμφοτέρων
1897 4259 2002 4336 γὰρ

353 4342 499 4418 ὁμοῦ
528 4344 889 4421 κατορθοῦται
917 4345 953 4414 ἡ
987 4344 1251 4421 σωτηρία.

423 4457 454 4486 ‹‹
485 4434 607 4488 ’Ότι
658 4430 722 4487 σὺ
769 4431 822 4490 εἴ
863 4435 892 4488 6
932 4432 1061 4497 Θεὸς
1093 4434 1121 4489 6
1153 4436 1352 4510 Σωτήρ
1399 4455 1527 4508 μου,
1575 4435 1668 4490 καὶ
1698 4436 1756 4492 σὶ
1783 4435 2004 4512 ὑπέμει-

234 4586 240 4590 _
351 4543 417 4578 να
447 4520 585 4593 ὅλην
610 4528 712 4594 τῆν
743 4521 975 4599 ἡμέραν.
1008 4544 1035 4577 η
1074 4555 1142 4567 --
1171 4529 1330 4580 ’Ήτοι
1363 4519 1451 4578 διά
1477 4524 1699 4587 παντός.

2099 647 2384 719 ἐκζητοῦσι
2465 649 2566 718 τήν
2642 645 2875 720 διθήκην
2941 645 3126 716 αὐτοῦ,
3197 645 3288 700 καὶ
3353 644 3420 700 τὰ
3484 643 3756 721 μαρτύρια

2099 737 2283 793 αύτοῦ.
2343 761 2372 790 ››
2413 734 2602 799 Ὁδοὺς
2648 737 2749 806 τὴν
2798 735 3118 810 νομοθεσίαν
3166 735 3328 814 φησὶν
3377 735 3438 797 ἅς
3489 735 3518 789 6
3550 733 3753 810 Κύριος

2097 826 2226 889 τοὺς
2285 828 2602 902 ἀνθρώπους
2650 827 2935 900 νομοθετεῖ
2981 823 3148 882 ἐλεῶν
3184 844 3197 858 ο
3258 823 3474 895 ἀληθὴς
3521 821 3580 880 δὲ
3608 823 3694 880 ὅτι
3724 824 3753 880 ὁ

2099 915 2402 990 νομοθέτης
2435 914 2754 987 αὐτοτελής.

2174 1029 2204 1058 (ι
2236 1006 2447 1061 Ἕνεκεν
2493 1009 2591 1061 τοῦ
2636 1003 2905 1078 ὀνόματός
2963 1025 3079 1078 σου,
3131 1002 3315 1080 Κύριε,
3364 1002 3454 1059 καὶ
3499 1001 3754 1074 ἱλάσθητι

2100 1097 2170 1168 τῇ
2220 1093 2458 1171 ἁμαρτίᾳ
2509 1115 2612 1168 μου
2645 1111 2659 1126 ⁸
2720 1091 2909 1164 πολλὴ
2959 1096 3061 1169 γάρ
3111 1093 3241 1150 ἐστι.
3291 1116 3320 1146 »
3370 1125 3441 1136 -—
3494 1092 3753 1170 Εεριττὸς

2103 1182 2330 1249 ἐνταῦθα
2361 1185 2390 1239 ὁ
2419 1183 2529 1242 καί.

2175 1297 2206 1327 ι(
2253 1274 2342 1336 Τίς
2388 1274 2529 1330 ἐστιν
2579 1274 2865 1352 ἅνθρωπος
2911 1274 2940 1330 6
2985 1267 3325 1351 φοϐούμενος
3373 1271 3466 1327 τὸν
3517 1269 3755 1348 Κύριον;

2101 1365 2456 1437 νομοθετήσει
2507 1365 2654 1437 αύτῷ
2701 1363 2752 1419 ἐν
2804 1361 2934 1436 ὁδῷ,
2981 1366 3021 1432 ἦ
3067 1365 3102 1433 ἡ
3138 1361 3401 1438 ρετίσατο.
3443 1384 3472 1413 n
3501 1391 3572 1407 —
3603 1359 3756 1416 Ἐπεὶ

2106 1450 2359 1530 διάφοροί
2399 1453 2530 1509 εἰσιν
2579 1454 2634 1509 αἱ
2679 1454 2818 1530 πρὸς
2867 1452 3139 1528 σωτηρίαν
3184 1449 3324 1508 ὁδοὶ.
3370 1449 3646 1507 τουτέστιν
3697 1450 3756 1505 αἱ

2102 1543 2240 1598 κατὰ
2293 1543 2422 1599 Θεὸν
2467 1541 2767 1613 πολιτεῖαι,
2815 1541 2866 1598 ἐν
3009 1538 3121 1613 ὁδῷ
3168 1538 3374 1615 διάγειν
3433 1540 3665 1617 αἱρεῖται
3724 1540 3754 1596 6

2105 1630 2394 1710 ἄνθρωπος
2447 1637 2545 1688 τοῦ
2602 1636 2739 1689 Θεοῦ
2813 1631 3047 1709 εὑρίσκει
3113 1627 3272 1686 αύτὸν
3352 1630 3755 1703 νομοθετοῦντα

2104 1721 2288 1792 αὑτὸν,
2344 1722 2588 1779 τουτέστι
2648 1719 2999 1784 διδασκαλίας
3071 1720 3162 1776 καὶ
3230 1717 3458 1782 κανόνας
3528 1718 3754 1793 θέμενον

2103 1817 2206 1882 τῆς
2238 1807 2512 1889 ἀκριϐείας
2541 1816 2640 1868 τοῦ
2670 1809 3092 1884 πολιτεύματος.

2184 1921 2207 1952 ι
2239 1903 2305 1958 Ἡ
2348 1903 2501 1978 ψυχή
2551 1900 2716 1957 αὐτοῦ
2767 1900 2818 1956 ἐν
2879 1900 3096 1976 ἀγαθοῖς
3157 1897 3563 1969 αύλισθήσεται.
3613 1919 3638 1951 ι
3689 1925 3761 1941 ---

2106 1992 2168 2047 Ἥ
2197 1992 2352 2067 ψυχὴ
2402 1992 2688 2047 ἀποπτᾶσα
2730 1994 2830 2047 τοῦ
2873 1990 3127 2065 σώματος
3169 1993 3288 2050 τοῖς
3335 1986 3578 2051 αἰωνίοις
3616 1986 3752 2063 ἀγα-

2107 2085 2225 2146 θοῖς
2255 2079 2603 2152 ἐνσκηνώσει.

2178 2169 2339 2225 «Καὶ
2385 2171 2448 2225 τὸ
2491 2169 2708 2244 σπέρμα
2753 2169 2919 2225 αὐτοῦ
2965 2166 3378 2246 κληρονομήσει
3425 2173 3551 2244 γῆν.
3601 2188 3631 2219 »
3679 2198 3751 2211 -κ

2107 2260 2212 2318 Καὶ
2262 2261 2314 2315 οὶ
2354 2261 2572 2336 γνήσιοι
2618 2259 2782 2314 αὐτοῦ
2833 2260 3068 2332 μαθηταὶ
3113 2259 3205 2314 καὶ
3247 2261 3345 2312 τοῦ
3390 2255 3598 2334 τρόπου
3631 2253 3748 2312 διά-

2109 2346 2270 2426 δοχοι
2298 2349 2784 2426 κληρονομήσουσι
2811 2349 2903 2406 τὸν
2938 2347 3184 2425 οὐράνιον
3216 2349 3423 2424 ψῶρον.

2183 2460 2212 2490 ‹‹
2244 2437 2581 2514 Κραταίωμα
2627 2438 2826 2514 Κύριος
2880 2441 2989 2494 τῶν
3018 2431 3366 2516 φοϐονμένων
3414 2433 3595 2496 αὐτόν.
3627 2459 3657 2490 ››
3689 2465 3760 2478 --

2110 2525 2290 2603 Ἰσχὺς
2318 2525 2409 2582 καὶ
2442 2526 2737 2604 ὀχύρωμα.

2185 2639 2214 2669 ‹‹
2246 2615 2350 2674 Καὶ
2386 2619 2422 2688 ἡ
2474 2614 2709 2688 διαθήκη
2759 2615 2924 2672 αὑτοῦ
2971 2613 3212 2689 δηλώσει
3262 2613 3467 2677 αὐτοῖς.
3518 2636 3547 2667 »ι

2111 2705 2363 2778 ὑποθήκη
2396 2705 2562 2761 αύτοῦ
2591 2705 2844 2782 γνωρίσει
2875 2705 3058 2768 αύτοῖς
3082 2707 3144 2760 τὸ
3173 2702 3313 2761 δέον.

2181 2819 2211 2849 ‹‹
2243 2790 2573 2870 Ἑπίϐλεψον
2625 2794 2712 2850 ἐπὶ
2757 2794 2874 2869 ἐμὲ,
2925 2796 3015 2850 καὶ
3065 2789 3289 2865 ἐλέησόν
3345 2815 3431 2866 με,
3480 2789 3563 2848 ὅτι
3599 2811 3760 2866 μονο-

2109 2885 2272 2957 γενὴς
2329 2883 2418 2939 καὶ
2479 2883 2707 2960 πτωχός
2767 2883 2882 2957 εἶμι
2928 2883 3059 2960 ἐγώ.
3122 2906 3151 2935 »
3203 2914 3272 2925 —-
3326 2882 3398 2937 T6
3456 2882 3761 2956 μονογενὴς

2109 2972 2227 3028 ἀντὶ
2266 2977 2365 3028 τοῦ
2412 2973 2820 3048 μεμονωμένος·
2874 2970 2958 3028 διὸ
3003 2972 3094 3028 καὶ
3140 2969 3389 3049 πτωχὸς,
3441 2971 3516 3034 ὡς
3559 2969 3619 3027 ἐκ
3653 2976 3758 3040 τῆς

2107 3065 2214 3117 τῶν
2247 3060 2546 3134 ὁμοζήλων
2582 3062 2831 3139 βοηθείας
2862 3059 3308 3139 γεγυμνωμένος.

2185 3150 2352 3208 «Ἴδε
2400 3150 2528 3214 τοὺς
2577 3149 2810 3228 ἐχθρούς
2867 3173 2972 3226 μου
3017 3148 3100 3206 ὅτι
3159 3147 3597 3222 ἐπληθύνθησαν,
3669 3147 3762 3203 καὶ

2115 3243 2273 3314 μῖσος
2322 3237 2510 3296 ἄδικον
2559 3239 2820 3314 ἐμίσησάν
2873 3261 2959 3314 με.
3009 3263 3040 3294 ››
3091 3271 3160 3284 -
3207 3239 3315 3309 Τὴν
3348 3233 3638 3314 συντριϐἢν
3670 3237 3762 3293 καὶ

2107 3331 2206 3398 τήν
2256 3327 2632 3406 ταλαιπωρίαν
2683 3351 2788 3404 μου
2847 3328 3293 3404 ἐπισκεψάμενος,
3357 3325 3465 3384 εἷίτε
3511 3328 3610 3397 τήν
3657 3329 3760 3400 ψυ-

2108 3419 2276 3494 χικήν
2334 3414 2442 3474 εἷ’τε
2495 3419 2596 3488 τὴν
2648 3420 2990 3492 σωματικήν.
3060 3417 3194 3482 Τοὺς
3263 3415 3472 3482 αἰτίους
3548 3415 3758 3472 τούτων

2109 3507 2375 3584 ἁμαρτίας
2400 3507 2782 3585 συγχώρησον.

2182 3619 2212 3648 (ι
2243 3597 2471 3653 ’Ἄκακοι
2519 3595 2611 3652 καὶ
2658 3596 2828 3660 εύθεῖς
2877 3592 3185 3653 ἐκολλῶντό
3238 3617 3355 3670 μοι,
3404 3592 3489 3652 ὅτι
3537 3592 3762 3668 ὑπέμει-

2107 3681 2174 3740 νά
2232 3706 2310 3759 σε,
2368 3683 2549 3762 Κύριε.
2617 3710 2639 3738 ιι
2696 3719 2767 3730 ——
2824 3687 3078 3764 Ἀγαθοῖς
3132 3685 3222 3742 καὶ
3279 3683 3512 3748 δικαίοις
3551 3679 3762 3748 ἐδίδους

2107 3774 2172 3830 τὸ
2202 3775 2444 3839 ἒνοῦσθαι
2476 3774 2736 3853 φιλικῶς.

2186 3864 2530 3938 ιιΑύτρωσαι
2587 3865 2615 3920 6
2674 3865 2802 3927 Θεὸς
2855 3864 2948 3921 τὸν
3010 3865 3231 3938 Ἰσραὴλ
3289 3862 3350 3919 ἐκ
3415 3867 3604 3919 πασῶν
3659 3867 3767 3920 τῶν

2111 3951 2349 4028 θλίψεων
2393 3952 2578 4012 αὐτοῦ.
2625 3977 2656 4007 ››
2703 3985 2774 3997 --
2821 3951 3040 4030 Ἰσραὴλ
3089 3950 3125 4023 ἤ
3174 3953 3266 4008 τὸν
3319 3950 3450 4008 λαόν
3488 3972 3622 4030 φησι
3648 3955 3766 4016 τοῖς

2111 4047 2336 4104 πυκνοῖς
2383 4039 2654 4115 πολέμοις
2700 4040 3003 4119 πάσχοντα,
3053 4038 3090 4111 ἤ
3141 4041 3230 4097 καὶ
3280 4041 3467 4097 ἑαυτὸν
3517 4041 3594 4103 ὡς
3623 4040 3762 4096 ἐκεῖ·

2113 4140 2199 4195 θεν
2245 4129 2608 4206 κατηγμένον.
2664 4131 2819 4186 Ἐστι
2873 4128 2932 4186 δὲ
2989 4129 3211 4203 ἀληθῶς
3277 4127 3500 4207 Ἰσραὴλ
3570 4133 3676 4194 πᾶς
3733 4129 3762 4185 ὁ

2111 4222 2316 4297 νοερῶς
2345 4217 2596 4290 ἀτενίζων
2625 4217 2719 4276 τὸν
2745 4219 2896 4275 Θεόν.

3599 2615 3759 2668 -Ἦ

2700 4379 2997 4437 ΨΑΛΜΟΣ
3038 4379 3130 4440 KE
3150 4423 3162 4438 .

2192 4543 2222 4579 α
2247 4521 2376 4580 Ψαλ
2386 4522 2492 4597 μὸς
2510 4526 2590 4596 τῷ
2607 4520 2792 4581 Δαυίδ.
2817 4545 2849 4575 »
2867 4554 2938 4567 —-
2956 4527 3155 4578 Τοῦτον
3177 4520 3407 4599 ἔγραψεν
3428 4523 3457 4579 6
3479 4523 3771 4602 προφήτης

424 4635 455 4664 ‹‹
513 4613 804 4685 Μνήσθητι
858 4617 966 4668 τῶν
1018 4613 1318 4689 οἰκτιρμῶν
1376 4635 1493 4683 σου,
1551 4611 1736 4690 Κύριε,
1791 4613 1882 4670 καὶ
1937 4613 2006 4671 τὰ
2037 4680 2074 4691 _
2115 4609 2282 4669 6πότε
2309 4611 2518 4691 φεύγων
2545 4611 2637 4667 τὸν
2671 4607 2851 4668 Σαοὺλ
2885 4612 3013 4688 παρ’
3042 4611 3386 4690 ἀλλοφύλοις
3417 4606 3678 4689 διέτριϐε.

353 4697 480 4772 ἐλέη
539 4680 654 4775 σου,
709 4680 794 4757 δτι
841 4701 948 4758 ἀπὸ
975 4707 1074 4758 τοῦ
1121 4680 1319 4767 αίῶνός
1351 4680 1507 4762 εἰσιν.
1541 4726 1571 4756 »
1603 4680 1670 4746 -'—
1703 4680 1868 4760 φύσει
1899 4702 2003 4782 γὰρ
2033 4680 2081 4746 D

354 4788 654 4867 οἰκτίρμων
683 4789 732 4846 εἶ
758 4792 850 4846 καὶ
882 4790 1158 4866 ἐλεήμων.

431 4901 460 4931 ι(
495 4880 740 4956 Χρηστὸς
786 4879 877 4935 καὶ
926 4879 1082 4944 εὐθὺς
1133 4882 1161 4937 ὁ
1212 4880 1433 4959 Κύριος·
1484 4879 1573 4937 διὰ
1631 4885 1792 4937 τοῦτο
1837 4903 2006 4957 νομο-

354 4964 565 5039 θετήσει
614 4967 1020 5047 ἁμαρτάνοντας
1067 4968 1118 5025 ἐν
1171 4968 1301 5044 όδῷ.
1346 4995 1376 5025 ››
1429 5003 1497 5015 -
1545 4969 1693 5027 Ἐπεὶ
1745 4971 1806 5026 06
1842 4971 2005 5048 μόνον

357 5055 510 5121 εὐθὺς
567 5053 692 5128 ἤτοι
756 5054 988 5128 δίκαιος,
1049 5058 1195 5116 ἀλλὰ
1268 5059 1358 5115 καὶ
1431 5059 1630 5136 ἀγαθός
1708 5055 1872 5132 ἐστιν,
1945 5061 2008 5117 06

352 5145 658 5221 παραυτίκα
697 5146 828 5211 τοὺς
875 5148 1282 5225 ἁμαρτάνοντας
1330 5151 1726 5225 τιμωρήσεται,
1780 5149 1908 5206 ἀλλ’
1955 5149 2008 5206 έν

351 5239 422 5311 τῇ
473 5233 586 5308 ὁδῷ
631 5243 732 5307 τῆς
782 5237 1059 5314 σωτηρίας
1105 5237 1322 5301 τούτοις
1363 5240 1768 5312 νομοθετήσει·
1838 5237 2007 5316 ἤγουν

355 5324 446 5381 διὰ
487 5329 597 5381 τῶν
646 5324 832 5401 νόμων
879 5326 1046 5382 αὐτοῦ
1090 5329 1182 5382 καὶ
1240 5326 1476 5383 ἐντολῶν
1524 5326 1615 5382 καὶ
1646 5326 2009 5402 παραινέσεων

353 5417 506 5488 θήσει
535 5416 626 5471 καὶ
658 5417 1112 5490 ἀποκαταστήσει,
1155 5415 1295 5472 ὣστε
1340 5416 1542 5488 ταύτην
1593 5416 1640 5472 εἶ
1701 5413 2008 5494 βούλοιντο.

432 5525 457 5556 α
515 5501 808 5582 Ὁδηγήσει
867 5510 1059 5583 πραεῖς
1115 5504 1168 5560 ἐν
1221 5505 1416 5582 κρίσει,
1476 5504 1674 5579 διδάξει
1723 5502 1885 5569 ὁδοὺς
1913 5506 2009 5562 αύ-

353 5598 474 5650 τοῦ.
511 5617 534 5646 ι
569 5627 640 5637 -ς
663 5591 842 5650 Ἀλλὰ
865 5593 995 5658 τοὺς
1025 5599 1217 5670 πραεῖς
1261 5593 1352 5650 καὶ
1403 5595 1478 5669 μὴ
1539 5592 1750 5658 εἱδότας
1806 5594 2014 5652 ἀντιλέ-

354 5705 467 5760 γειν
524 5684 786 5762 ὁδηγήσει
841 5683 895 5741 ἐν
959 5688 1030 5759 τῇ
1089 5681 1354 5760 διακρίσει
1410 5689 1510 5740 τοῦ
1559 5685 1746 5762 ὀρθοῦ,
1798 5681 1887 5741 ’ἱνα
1932 5687 2008 5761 μὴ

355 5772 676 5847 πλανηθῶσι
707 5773 798 5832 διὰ
823 5774 886 5831 τὸ
913 5772 1049 5832 εἶναι
1077 5775 1308 5853 γνώμης
1335 5771 1633 5847 άπλοϊκῆς.

2185 4700 2432 4778 «Κρῖνόν
2469 4722 2586 4774 μοι,
2618 4701 2802 4778 Κύριε,
2857 4700 2940 4756 ὅτι
2995 4701 3100 4778 ἐγὼ
3151 4701 3202 4756 ἐν
3253 4701 3452 4774 ἀκακία
3501 4721 3606 4775 μου
3638 4699 3765 4756 ἐπο-

2117 4789 2312 4868 ρεύθην
2343 4790 2434 4845 καὶ
2466 4788 2664 4863 ἐπὶτῷ
2713 4789 2896 4866 Κυρίῳ
2943 4788 3178 4859 ἐλπίζων
3223 4789 3285 4846 o6
3337 4791 3414 4862 μὴ
3465 4790 3769 4862 ἀσθενήσω.

2117 4878 2422 4953 Δοκίμασόν
2485 4898 2572 4953 με,
2617 4877 2799 4955 Κύριε,
2845 4878 2934 4933 καὶ
3001 4877 3256 4952 πείρασόν
3347 4899 3433 4954 με,
3516 4877 3770 4956 πύρωσον

2115 4967 2243 5032 τοὺς
2299 4968 2525 5047 νεφρούς
2588 4987 2714 5042 μου,
2772 4966 2863 5023 καὶ
2917 4968 3017 5037 τὴν
3067 4965 3291 5045 καρδίαν
3326 4987 3452 5042 μου.
3488 4991 3614 5020 »--
3645 4969 3769 5042 Ἐξ-

2119 5057 2306 5115 ἐτασον
2357 5058 2410 5114 ἐν
2456 5056 2603 5132 ἐμοὶ,
2653 5057 2836 5134 Κύριε,
2884 5061 3003 5120 πῶς
3053 5054 3245 5133 διῆγον
3305 5057 3357 5113 έν
3420 5056 3722 5131 ἀνεξικακίᾳ
3755 5078 3768 5094 ο

2120 5147 2235 5204 εἶτα
2277 5148 2416 5222 πρὸς
2459 5146 2589 5210 τοὺς
2639 5145 2872 5224 ἐχθροὺς
2903 5145 2991 5202 ἐπὶ
3035 5151 3116 5219 τῷ
3163 5145 3350 5224 Κυρίῳ
3417 5145 3658 5217 ἐλπίζων
3706 5145 3770 5204 06

2123 5239 2199 5312 μή
2231 5237 2520 5294 καταπέσῶ
2545 5241 2624 5310 τῷ
2654 5238 2986 5316 φρονήματι.

2193 5347 2225 5379 ιι
2277 5329 2396 5381 ’Ὀτι
2465 5326 2529 5382 τὸ
2603 5323 2756 5388 ἔλεός
2815 5346 2912 5380 σου
2965 5324 3244 5381 κατέναντι
3298 5329 3408 5381 τῶν
3470 5324 3768 5404 ὀφθαλμῶν

2125 5415 2231 5490 μού
2278 5413 2411 5496 ἐστι.
2462 5439 2491 5468 ››
2543 5446 2613 5458 --
2661 5413 2940 5486 Ἐξέτασον
2979 5419 3101 5477 πῶς
3147 5414 3322 5471 ἀεὶτὸ
3353 5415 3443 5470 σὸν
3471 5411 3625 5478 ἔλεος
3657 5412 3772 5492 ἔχω

2119 5505 2226 5582 πρὸ
2256 5503 2554 5584 ὀφθαλμῶν
2592 5525 2718 5578 μου,
2752 5501 3033 5580 ἀλλαχόσε
3068 5506 3142 5578 μή
3174 5505 3474 5568 πεποιθώς.

2194 5618 2223 5647 ι(
2256 5594 2358 5652 Καὶ
2417 5593 2752 5670 εύηρέστησα
2809 5593 2860 5649 έν
2920 5597 2990 5668 τῇ
3048 5593 3278 5667 ἀληθείᾳ
3333 5615 3450 5654 σου.
3512 5594 3773 5652 ››-Καὶ

2119 5686 2240 5747 πῶς
2298 5681 2555 5760 εὐάρεστά
2607 5703 2692 5738 σοι
2752 5681 2985 5755 ἐποίησα
3041 5683 3142 5739 οὐκ
3195 5680 3430 5758 οἴκοθεν,
3491 5681 3620 5740 ἀλλ’
3665 5683 3772 5740 ἀπὸ

2121 5775 2228 5830 τῶν
2278 5775 2386 5831 σῶν
2441 5769 2690 5851 ἀψευδῶν
2756 5767 2936 5852 λόγων
3001 5773 3488 5852 παρακινούμενοςο
3545 5773 3612 5831 σὺ
3665 5771 3771 5853 γὰρ
