4072 6430
326 389 484 456 M35

337 610 505 671 ἐλεεῖν
515 659 528 672 .

407 725 430 758 ι
491 703 738 780 Νίψομαι
797 705 847 762 ἐν
907 708 1107 774 ἀθώοις
1163 713 1259 774 τὰς
1311 714 1502 789 χεῖράς
1557 735 1682 788 μου,
1738 715 1827 770 καὶ
1885 737 1980 771 κυ-

333 790 539 850 κλώσω
583 795 648 850 τὸ
690 797 1070 871 θυσιαστήριόν
1121 820 1239 870 σου,
1289 800 1471 877 Κύριε.
1530 825 1558 854 ››
1606 836 1678 847 -
1716 804 1788 859 Τὸ
1817 807 1980 860 καθα·-

333 881 424 957 ρὸν
483 889 587 954 τῆς
633 882 992 957 συνειδήσεως
1046 889 1099 942 οἱ
1143 887 1370 944 παλαιοὶ
1429 889 1777 970 ἐμφαίνοντες
1850 893 1980 950 ἀπε-

326 970 581 1028 νίπτοντο
600 974 697 1037 τὰς
728 979 919 1052 χεῖρας
951 974 1122 1032 ἔναντι
1152 983 1247 1033 τοῦ
1276 977 1543 1051 πλήθους,
1591 982 1755 1038 ὁπότε
1785 980 1982 1057 διαμα-

331 1060 623 1138 ρτύρασθαι
705 1061 904 1134 ἤθελον
988 1066 1210 1129 ἑαυτοὺς
1276 1067 1547 1127 ἐναντίους
1623 1071 1758 1127 εἶναί
1837 1093 1982 1136 τινος

330 1151 672 1227 πράγματος.
722 1153 897 1224 Φησὶν
945 1154 1035 1211 οὗν
1074 1157 1102 1211 ὁ
1135 1155 1297 1212 Δαυῗδ
1328 1155 1412 1213 ὅτι
1447 1161 1582 1234 μετά
1605 1160 1798 1225 ἀθώων
1828 1161 1979 1236 νίψο-

335 1259 431 1313 μαι
459 1239 554 1302 τὰς
603 1241 796 1317 χεῖράς
847 1265 952 1317 μου
986 1246 1432 1323 μαρτυρούμενος
1463 1247 1545 1304 ὅτι
1576 1250 1815 1315 ἀναίτιος
1846 1251 1979 1308 εἶναι

331 1328 545 1384 πάντων
578 1330 652 1384 ῶν
679 1330 848 1390 εἶπον.

406 1441 436 1470 ‹‹
466 1421 572 1472 Τοῦ
618 1418 842 1476 ἀκοῦσαί
891 1443 959 1496 με
999 1430 1182 1502 φωνῆς
1254 1424 1507 1490 αἰνέσεως
1567 1428 1658 1483 καὶ
1713 1425 1980 1506 διηγήσα-

337 1517 459 1571 σθαι
506 1508 680 1564 πάντα
721 1510 788 1565 τὰ
835 1511 1107 1585 θαυμάσιά
1153 1535 1268 1574 σου,
1323 1539 1352 1567 ››
1401 1548 1472 1560 -—-
1517 1520 1678 1574 Ὥστε
1728 1517 1818 1574 καὶ
1867 1541 1982 1595 φω-

330 1596 429 1665 νὴν
489 1595 709 1653 ἀκοῦσαι
755 1599 1097 1668 καλλόντων,
1145 1602 1293 1659 ἀλλά
1346 1603 1435 1660 καί
1473 1605 1631 1662 αὐτὸν
1696 1607 1794 1681 ἐμὲ
1863 1609 1982 1664 ἀνα-

333 1688 536 1773 γνῶναι
591 1685 672 1760 τῷ
729 1685 848 1762 λαῷ
901 1689 970 1746 τὰ
1020 1688 1110 1746 διὰ
1162 1696 1271 1748 τῶν
1330 1699 1555 1773 Γραφῶν
1604 1696 1982 1772 κήρυττόμενα

334 1771 841 1852 μεγαλουργήματά
889 1800 986 1835 σου
1031 1779 1122 1836 καὶ
1173 1782 1240 1837 τά
1291 1783 1368 1846 εἷς
1418 1771 1516 1858 ἐμὲ
1551 1785 1818 1862 γενόμενα
1847 1785 1977 1859 ἐξει-

326 1881 396 1919 πε
405 1884 468 1922 ιν.

404 1976 433 2003 α
463 1952 646 2031 Κύριε,
731 1956 990 2034 ἠγάπησα
1065 1959 1382 2038 εὐπρέπειαν
1465 1961 1618 2019 οἷκου
1693 1986 1809 2038 σου,
1889 1963 1980 2022 καί

327 2041 495 2098 τόπον
524 2046 882 2120 σκηνώματος
915 2045 1076 2121 δόξης
1111 2071 1226 2108 σου.
1282 2074 1312 2103 ››
1367 2085 1436 2095 —-
1475 2055 1583 2124 Τὴν
1633 2057 1840 2127 σκηνὴν
1889 2053 1980 2112 διὰ

325 2131 534 2188 τούτων
565 2131 732 2205 δηλοῖ
757 2135 822 2206 ἥν
852 2135 1107 2213 ἐπεθύμει
1142 2137 1295 2200 ἰδεῖν.

401 2243 432 2309 ι(
469 2223 560 2292 Μὴ
621 2223 984 2302 συναπολέσῃς
1025 2228 1161 2301 μετά
1215 2225 1423 2286 ἀσεϐῶν
1475 2233 1575 2300 τήν
1623 2235 1809 2309 ψυχήν
1871 2255 1978 2308 μου

325 2308 418 2365 καὶ
470 2310 605 2384 μετὰ
653 2311 860 2395 ἀνδρῶν
909 2315 1154 2390 αἱμάτων
1199 2319 1300 2389 τήν
1335 2321 1479 2391 ζωήν
1516 2343 1640 2395 μου.
1676 2308 1804 2375 »Ὗ-σ
1832 2322 1976 2386 Τοὺς

327 2397 456 2472 παρ’
486 2399 566 2462 οἷς
598 2394 861 2476 διέτριϐεν
888 2400 1240 2482 ἀλλνφύλους
1271 2403 1458 2477 δηλοῖ.

403 2508 432 2537 ί(
463 2488 557 2541 Ὠν
632 2487 685 2544 ἐν
759 2491 945 2567 χερσὶν
1013 2494 1068 2547 αἱ
1151 2492 1395 2568 ἀνομίαι,
1449 2498 1485 2566 ἡ
1573 2494 1720 2570 δεξιά
1802 2498 1978 2554 αὐτῶν

328 2571 580 2646 ἐπλήσθη
640 2574 880 2654 δωρεῶν.
936 2603 967 2633 ››
1011 2613 1084 2626 —-
1126 2584 1222 2638 Ὧν
1275 2584 1357 2640 ἀεὶ
1403 2585 1703 2664 πρόχειρον
1745 2587 1810 2643 τὸ
1858 2588 1979 2644 ἀνο-

331 2684 400 2738 με
410 2684 476 2720 ιν.

400 2775 431 2805 ‹‹
461 2757 516 2810 ‘0
562 2759 699 2819 ποῦς
742 2778 849 2830 μου
897 2754 1023 2831 ἔστη
1076 2760 1129 2816 ἐν
1177 2760 1428 2833 εὐθύτῇτι
1464 2782 1477 2796 ·
1537 2764 1591 2821 ἐν
1660 2763 1978 2838 ἐκκλησίαις

330 2839 616 2922 εὐλογήσω
673 2865 751 2921 σε,
800 2844 985 2926 Κύρὶε.
1046 2873 1076 2902 ››
1132 2884 1202 2896 -—
1254 2854 1313 2909 '0
1367 2858 1503 2917 ποῦς
1547 2860 1649 2925 τῆς
1696 2854 1977 2920 πολιτείας

329 2951 441 3075 μου
501 2930 745 3012 ήδράσθη
805 2935 858 2992 ἐν
914 2937 1170 3016 ὀρθότητι
1231 2942 1308 3017 μὴ
1365 2948 1798 3021 περιπατοῦντος
1852 2966 1976 3001 σκο-

373 3041 489 3075 ιωςο

373 3041 489 3086 ιως⁶

927 3193 1226 3248 mmo}:
1265 3145 1374 3263 ιξζτ.

399 3349 433 3379 ‹‹
497 3326 736 3402 Ψαλμὸς
790 3334 869 3403 τῶ
919 3329 1084 3388 Δαυῒδ
1139 3335 1246 3410 πρὸ
1301 3340 1400 3392 τοῦ
1456 3345 1772 3414 χρισθῆναι.
1834 3362 1864 3391 ››
1912 3371 1983 3383 -—

329 3415 445 3490 Πρὸ
480 3421 585 3486 τῆς
614 3414 862 3494 δευτέρας
890 3422 1145 3496 χρήσεως
1185 3426 1284 3478 τοῦ
1337 3424 1500 3482 Δαυῒδ
1549 3427 1578 3481 6
1621 3428 1806 3503 παρὼν
1867 3448 1985 3482 συν-

328 3504 560 3560 τέθειται
611 3505 790 3580 τούτῳ
853 3509 1073 3584 ψαλμὸς
1131 3509 1469 3588 διωκομένου
1518 3516 1621 3571 ὑπὸ
1671 3516 1854 3573 Σαοὺλ
1894 3515 1984 3574 ὅτε

332 3594 388 3649 οἱ
416 3593 777 3685 ἅρτοιῗαύτῷ,
813 3604 913 3666 τῆς
971 3599 1276 3676 προθέσεως
1334 3602 1412 3665 εἷς
1475 3604 1672 3680 βρῶσιν
1731 3603 1984 3685 ἐλήφθη-

332 3703 451 3740 σαν.
499 3684 626 3758 Τρὶς
673 3681 732 3740 δέ
762 3683 989 3761 ἐχρίσθη
1023 3689 1051 3744 ὁ
1110 3687 1295 3761 Δαυῖδ,
1327 3696 1543 3768 πρῶτον
1579 3694 1682 3750 ὑπὸ
1713 3681 1982 3769 Σαμουὴλ

334 3769 389 3828 ἐν
446 3771 719 3847 Βηθλεέμ,
778 3772 1026 3853 δεύτερον
1087 3777 1165 3842 εἷς
1220 3775 1442 3857 Χεϐρὼν
1503 3781 1605 3838 ὑπὸ
1654 3790 1757 3854 τῆς
1807 3782 1986 3840 Ἰούδα

333 3860 514 3941 φυλῆς
575 3863 711 3936 μετά
761 3865 861 3934 τὴν
922 3865 1188 3944 ἀναίρεσιν
1237 3874 1335 3925 τοῦ
1393 3869 1598 3945 Σαοὺλ,
1657 3872 1747 3927 καὶ
1803 3873 1980 3950 τρίτον

335 3950 441 4042 ὑπὸ
524 3955 710 4008 πασῶν
781 3958 891 4011 τῶν
973 3954 1150 4036 φιλῶν
1235 3960 1372 4033 μετά
1446 3961 1548 4031 τὴν
1635 3957 1986 4042 Μεμφιϐοσὲτ

329 4037 614 4113 τελευτήν,

411 4152 441 4183 ‹‹
471 4131 558 4186 Ἐν
605 4135 685 4204 τῷ
731 4130 964 4210 ἐγγίζειν
1021 4135 1104 4191 ἐπ’
1147 4135 1246 4211 ἐμὲ
1287 4142 1602 4210 κακοῦνταδ,
1648 4144 1746 4196 τοῦ
1794 4145 1983 4216 φαγεῖν

333 4217 429 4305 τὰς
474 4219 675 4297 σᾶρκας
725 4243 851 4295 μου.
903 4246 934 4277 ››
987 4253 1051 4274 ==
1101 4223 1240 4296 Ἥδη
1291 4227 1580 4305 φθάνοντές
1631 4249 1698 4303 με
1747 4230 1800 4284 οἱ
1829 4230 1987 4304 αἱμο-

337 4301 494 4384 6όροι
539 4308 732 4386 ἐχθροί
782 4333 888 4385 μου
919 4311 1019 4369 οὐκ
1045 4301 1390 4388 ἠδυνήθησαν
1424 4301 1640 4394 βλάψαι
1664 4337 1678 4352 ο
1735 4323 1834 4375 τοῦ
1864 4301 1988 4375 σκο-

336 4401 443 4453 ποῦ
473 4394 533 4452 δὲ
562 4397 828 4469 ἐξέπεσον.

411 4510 442 4540 ‹‹
471 4487 596 4543 Ἐὰν
645 4486 916 4565 ἐπαναστῇ
965 4490 1049 4547 ἐπ’
1093 4491 1193 4568 ἐμὲ
1237 4492 1508 4569 πόλεμος,
1556 4494 1610 4550 ἐν
1665 4495 1833 4567 ταύτη
1880 4495 1986 4575 ἐγὼ

337 4574 567 4646 ἐλπίζω⁹
639 4601 669 4631 ››
726 4611 796 4622 -
852 4580 938 4635 Ἐν
990 4581 1158 4658 ταύτῃ
1211 4585 1281 4658 τῇ
1339 4581 1537 4661 καρδίᾳ
1595 4605 1699 4658 μου
1769 4574 1984 4658 δηλαδῆ

1563 397 1990 481 MGEPHORI
2031 401 2474 470 BLEMMIDAL'

326 518 649 611 ἐπηγγείλω
703 523 755 583 ἐν
811 530 892 602 τῷ
944 524 1099 606 νόμῳ
1151 521 1281 596 τοῦς
1345 529 1661 611 εὐαρεστοῦν
1719 536 1815 600 τάς
1892 558 1976 593 σοι
2006 538 2062 608 Α
2091 536 2275 595 αὐτοῦ.
2338 561 2366 591 ››

3583 400 3760 467 H36

2426 572 2494 583 —
2544 537 2730 611 Σκηνὴ
2779 537 2816 610 ἡ
2868 531 2989 604 θεία
3030 532 3228 610 σκέπη,
3257 530 3348 592 καὶ
3375 528 3579 608 ταύτης
3612 534 3757 592 ἁπό-

2088 647 2292 707 κρυφον
2321 628 2385 684 τὸ
2415 629 2549 705 ἅγιον
2579 625 2975 708 φυλακτήριον.

2161 740 2193 769 «
2224 723 2310 772 ’Ev
2368 721 2437 792 τῇ
2489 716 2660 794 πέτρᾳ
2715 715 2898 793 ὕψωσέ
2956 736 3042 789 με.
3102 737 3131 768 ››

2092 806 2408 876 κατέστησε.

2164 918 2193 948 ‹‹
2225 895 2324 950 Καὶ
2371 899 2463 950 νῦν
2511 893 2630 952 ἰδοὺ
2679 894 2864 970 ὕψωσε
2917 892 3161 974 κεφαλήν
3216 915 3320 968 μου
3371 885 3458 950 ἐπέ
3509 894 3762 971 ἐχθρούς

2095 1005 2221 1057 μου.
2280 1006 2303 1035 ι
2349 983 2686 1064 Προφητεύει
2734 984 2860 1062 περὶ
2914 989 3023 1040 τῶν
3076 985 3452 1061 γενησομένων
3511 983 3592 1046 ὡς
3639 981 3757 1054 ἤδη

2089 1073 2411 1152 γεγονότων,
2442 1074 2533 1130 καὶ
2563 1079 2761 1151 χρᾶται
2801 1078 2933 1129 πᾶσι
2979 1077 3098 1136 τοῖς
3145 1070 3583 1149 παρῳχημένοις
3639 1073 3762 1128 ἀντὶ

2094 1161 2435 1236 μελλόντων.
2496 1164 2574 1222 Τὸ
2625 1162 2696 1219 δὲ.
2729 1165 2946 1237 Ὕψωσε
2994 1161 3241 1240 κεφαλήν
3315 1182 3421 1236 μου
3486 1161 3613 1218 ἀντὶ
3665 1165 3766 1218 τοῦ

2091 1251 2380 1330 ὐπέρτερόν
2416 1274 2484 1326 με
2510 1257 2618 1309 τῶν
2648 1252 2862 1330 ἐχθρῶν
2905 1250 3148 1323 ἐποίησε.

2163 1366 2193 1394 ‹‹
2231 1342 2550 1400 Ἐκύκλωσα
2604 1342 2696 1398 καὶ
2755 1340 2916 1407 ἔθυσα
2967 1341 3019 1398 ἐν
3067 1339 3139 1417 τῇ
3197 1344 3373 1416 σκηνῇ
3430 1340 3602 1397 αὐτοῦ
3663 1343 3763 1397 θυ-

2089 1430 2205 1486 σίαν
2261 1430 2535 1505 αὶνέσεως,
2587 1430 2678 1487 καὶ
2721 1428 3050 1508 ἀλαλαγμοῦ
3082 1448 3097 1462 ’
3165 1426 3282 1501 ᾄσω
3328 1429 3420 1486 καὶ
3459 1428 3631 1504 ψαλῶ
3683 1435 3763 1502 τῷ

2090 1519 2298 1597 Κυρίῳ·
2362 1545 2390 1573 ›)
2449 1554 2518 1564 —-
2574 1521 2764 1577 Θυσίαν
2824 1519 3244 1597 εὐχαριστήριον
3295 1521 3411 1593 ἅμα
3451 1518 3544 1575 καὶ
3579 1519 3759 1574 ἐπινί-

2087 1629 2207 1665 κιον
2243 1627 2256 1642 ⁸
2314 1606 2640 1686 ἀλαλαγμὸς
2699 1611 2803 1687 γὰρ
2860 1608 3140 1683 πολεμική
3196 1609 3302 1686 βοὴ
3361 1607 3450 1664 ἐπὶ
3505 1612 3577 1683 τῇ
3643 1613 3756 1664 τῶν

2089 1697 2342 1754 ἐναντίων
2368 1703 2568 1774 τροπῇ.

2159 1787 2513 1861 Εἶσάκουσον,
2569 1787 2755 1865 Κύριε,
2822 1788 3008 1866 φωνῆς
3087 1808 3192 1861 μου
3265 1789 3334 1857 ἧς
3413 1785 3680 1864 ἐκέκραξα
3734 1806 3750 1822 ’

2088 1875 2314 1949 ἐλέησόν
2369 1899 2454 1952 με,
2504 1877 2594 1933 καὶ
2647 1875 2960 1933 εἷσάκουσόν
2994 1897 3121 1952 μου.
3153 1898 3183 1930 »
3216 1909 3286 1918 —
3315 1875 3448 1954 Περὶ
3474 1883 3577 1947 τῆς
3617 1882 3746 1952 μιᾶς

2090 1965 2297 2038 ἐκείνης
2326 1966 2450 2039 αἰτή
2459 1968 2594 2031 σεώς
2625 1981 2786 2046 φησιν
2799 2011 2812 2024 .

2161 2078 2190 2108 ‹‹
2223 2055 2320 2111 Σοὶ
2375 2055 2517 2111 εἶπεν
2567 2058 2603 2126 ἡ
2643 2053 2840 2131 καρδία
2884 2076 3009 2130 μου,
3053 2053 3251 2130 Κύριον
3286 2055 3533 2128 ζητήσώ,
3565 2053 3752 2129 ἐξεζή-

2084 2143 2219 2214 τησέ
2276 2165 2335 2200 σε
2387 2145 2450 2200 τὸ
2500 2143 2794 2222 πρόσωπόν
2860 2165 2963 2218 μου
3018 2144 3082 2199 τὸ
3138 2142 3434 2220 πρόσωπόν
3493 2165 3616 2216 σου,
3652 2145 3751 2200 Κύ-

2087 2254 2189 2308 ριε,
2252 2235 2491 2306 ζητήσω.
2556 2256 2586 2286 >>
2637 2266 2704 2278 -
2743 2236 3160 2310 Πριφραστικῶς
3206 2233 3326 2288 ἀντὶ
3372 2236 3471 2288 τοῦ
3547 2232 3749 2305 ἐζήτη-

2086 2321 2153 2379 σά
2181 2343 2259 2380 σε.

2158 2435 2188 2464 ‹‹
2221 2411 2310 2482 Μὴ
2342 2411 2684 2490 ἀποστρέψῃς
2713 2411 2777 2467 τὸ
2799 2409 3093 2490 πρόσωπόν
3145 2431 3242 2466 σου
3301 2409 3398 2466 ἀπ’
3456 2409 3597 2484 ἐμοῦ
3655 2409 3744 2466 καὶ

2090 2502 2167 2576 μὴ
2201 2500 2448 2576 ἐκκλίνῃς
2482 2501 2534 2557 ἐν
2562 2501 2703 2578 όργῇ
2734 2500 2841 2557 ἀπὸ
2879 2504 2976 2556 τοῦ
3017 2497 3220 2556 δούλου
3269 2521 3389 2557 σου.
3442 2522 3472 2553 ››
3517 2532 3590 2544 —-
3645 2498 3742 2556 Καὶ

2089 2591 2167 2664 μή
2200 2590 2546 2668 ἀναχωρήσει
2575 2590 2669 2646 ἀπ’
2699 2588 2836 2664 ἐμοῦ
2867 2587 2938 2646 δι’
2967 2589 3133 2666 ὀργήν
3166 2609 3281 2646 σου.

2160 2702 2190 2732 ι(
2220 2678 2430 2750 Βοηθός
2467 2700 2572 2753 μου
2603 2682 2784 2754 γενοῦ,
2817 2678 2880 2734 οὐ
2907 2679 2984 2753 μὴ
3017 2675 3448 2753 ἀποσκοροδίσῃς
3492 2698 3582 2751 με.
3617 2702 3646 2730 ››
3676 2710 3741 2721 -

2086 2768 2176 2837 Μὴ
2199 2767 2530 2842 ἀποπέμψῃς
2549 2788 2618 2842 με
2636 2769 2773 2824 κατὰ
2805 2766 3111 2847 μεταφορὰν
3137 2773 3240 2838 τῆς
3269 2765 3569 2841 ἀποπεμπο
3579 2765 3738 2840 μένης

2085 2860 2183 2912 τοῦ
2213 2853 2442 2933 σιδήρου
2472 2856 2710 2934 σκωρίας
2739 2860 2809 2932 τῇ
2840 2855 3204 2935 σφυρηλασίᾳ.
3327 2859 3330 2863 ’

2165 2966 2190 2997 ι
2221 2945 2321 3000 Καὶ
2355 2946 2433 3019 μή
2465 2944 2831 3021 ἐγκαταλίπῃς
2863 2967 2932 3018 με
2960 2946 2989 3001 6
3018 2945 3147 3008 Θεὸς
3179 2945 3208 3000 6
3240 2945 3442 3021 Σωτήρ
3503 2965 3628 3019 μου,
3658 2939 3733 2999 ὅτι

2088 3035 2118 3090 6
2214 3036 2396 3111 πατήρ
2501 3057 2608 3108 μου
2708 3035 2799 3091 καὶ
2865 3036 2901 3105 ἡ
2973 3035 3159 3111 μήτηρ
3229 3055 3335 3108 μου
3387 3031 3723 3111 ἐγκατέλιπόν

2093 3143 2181 3196 με.
2217 3146 2247 3177 ››
2304 3157 2376 3167 -
2433 3123 2535 3182 Καὶ
2588 3122 2758 3195 αὐτῆς
2805 3129 2909 3192 τῆς
2965 3122 3072 3180 ἀπὸ
3108 3126 3218 3179 τῶν
3261 3123 3470 3199 γονέων
3499 3142 3724 3199 παραμυ-

2092 3210 2210 3276 θίας
2314 3211 2610 3288 ἐστέρημαι
2663 3230 2677 3246 ⁸
2737 3209 3011 3268 δεδοίκασι
3112 3212 3214 3290 γάρ
3321 3210 3552 3276 ἅπαντες
3645 3209 3726 3266 τὸν

3197 747 3270 762 --
3325 715 3412 770 Ἐν
3471 711 3754 793 ἀσφαλείᾳ

2009 3291 2055 3360 C
2095 3299 2302 3359 Σαούλ.

2162 3415 2192 3444 ‹‹
2253 3389 2638 3464 Νομοθέτησόν
2695 3411 2782 3466 με,
2838 3389 3024 3466 Κύριε,
3083 3389 3136 3447 ἐν
3196 3393 3266 3466 τῇ
3320 3389 3434 3465 ὁδῷ
3477 3412 3598 3465 σου,
3654 3389 3742 3446 καὶ

2091 3476 2364 3558 ὁδήγησόν
2426 3499 2496 3555 με
2542 3479 2594 3534 ἐν
2652 3474 2827 3556 τρίϐῳ
2883 3479 3062 3552 εὐθείᾳ
3117 3476 3274 3536 ἕνεκα
3337 3484 3446 3536 τῶν
3531 3479 3740 3557 ἐχθρῶν

2095 3590 2222 3644 μου.
2282 3592 2312 3621 »
2369 3601 2440 3613 --
2493 3568 2560 3626 Εἰ
2615 3569 2708 3625 καὶ
2767 3569 2845 3644 μὴ
2904 3566 2994 3624 διὰ
3049 3570 3149 3638 τὴν
3178 3569 3317 3644 ἐμὴν
3371 3569 3745 3646 ἀγαθωσύνην,

2091 3655 2240 3715 ἀλλὰ
2297 3655 2386 3713 διὰ
2433 3659 2535 3729 τήν
2588 3662 2696 3714 τῶν
2757 3657 2970 3736 ἐχθρῶν
3031 3657 3264 3733 ἀδικίαν,
3345 3659 3423 3733 μὴ
3490 3655 3747 3734 παραδῷς

2094 3768 2162 3822 με
2264 3747 2602 3825 ὑποχείριον.
2706 3748 2776 3805 Οἱ
2877 3742 3163 3810 θλίϐοντές
3250 3768 3317 3821 με
3396 3747 3534 3803 κατὰ
3598 3744 3749 3825 περί-

2134 3856 2304 3912 ρασιν.

2090 3857 2316 3995 φρῑσύἶῇ
2355 3923 2613 4004 παραδῷς
2673 3945 2742 4000 με
2797 3924 2873 3988 είς
2930 3926 3112 4002 ψυχὰς
3154 3919 3459 3982 θλιϐόντων
3522 3946 3616 4000 με,
3668 3925 3752 3982 δτι

2091 4015 2456 4086 ἐπανέστησάν
2509 4037 2604 4090 μοι
2663 4015 2931 4092 μάρτυρες
2979 4012 3180 4089 ἄδικοι,
3239 4015 3332 4070 καὶ
3392 4013 3660 4091 ἐψεύσατο
3715 4018 3751 4086 ἡ

2092 4103 2277 4162 ἀδικία
2303 4105 2520 4176 ἑαυτήν.
2558 4127 2580 4158 ι
2617 4104 2680 4160 Οὶ
2711 4103 2890 4161 ἄδικοι
2926 4105 3192 4183 μάρτυρες
3230 4105 3332 4174 τήν
3363 4103 3424 4161 ἐκ
3464 4111 3566 4176 τῆς
3631 4109 3756 4181 ψευ-

2093 4190 2457 4270 δομαρτυρίας
2519 4189 2732 4270 βλάϐην
2790 4195 3005 4258 ἑαυτοῖς
3061 4193 3420 4269 προσένειμαν
3486 4195 3590 4264 τὴν
3657 4195 3754 4264 ο-ἦν

2093 4281 2263 4360 ὀργὴν
2291 4284 2736 4361 κληρωσάμενοι.

2166 4395 2196 4426 ‹‹
2226 4371 2471 4428 Πιστεύω
2494 4377 2592 4428 τοῦ
2624 4369 2755 4428 ἰδεῖν
2776 4373 2845 4429 τὰ
2863 4370 3038 4447 ἀγαθά
3055 4371 3259 4450 Κυρίου
3281 4371 3333 4429 ἐν
3356 4375 3430 4448 γῇ
3455 4373 3704 4442 ζώντων.
3724 4396 3753 4425 »

2091 4494 2164 4505 —-
2190 4459 2663 4541 Πληροφοροῦμαι
2695 4461 2772 4524 εἰς
2795 4461 2896 4532 τὴν
2931 4459 3278 4531 δικαιοσυνην
3320 4466 3422 4517 τοῦ
3468 4465 3612 4517 Θεοῦ
3670 4459 3753 4516 ὅτι

2095 4550 2147 4607 ἐν
2175 4555 2256 4624 τῷ
2283 4551 2479 4626 κόσμῳ
2513 4555 2615 4622 ζῶν
2647 4549 2725 4606 ἔτι
2755 4551 2824 4606 τὰ
2851 4549 3012 4624 ἔθιμα
3039 4551 3188 4627 παρὰ
3229 4554 3364 4607 Θεοῦ
3419 4549 3752 4626 κομίσομαι,

337 4636 523 4743 θαρῥῶ
580 4665 656 4730 ὡς
713 4636 1695 4750 δειλανδρήσειήέὸνν
2016 4658 2064 4724 D
2422 4640 2737 4753 ,Fbpq
2774 4643 2881 4695 τῶν
2935 4639 3152 4709 ζώντων
3199 4638 3270 4696 τὰ
3313 4636 3464 4694 ﬁam
3493 4637 3753 4716 λήψομαι

336 4774 465 4832 χον.

410 4871 440 4900 α
483 4847 623 4905 Μίαν
674 4849 968 4925 ᾐτησάμην
1017 4852 1165 4928 παρὰ
1211 4852 1434 4929 Κυρίου,
1480 4853 1681 4922 ταύτην
1741 4856 1984 4928 ζητήσω,

335 4936 399 4993 τὸ
455 4944 720 4996 κατεικεῖν
777 4960 845 5014 με
891 4938 944 4996 ἐν
992 4937 1128 5014 οἴκῳ
1178 4940 1384 5017 Κυρίου
1429 4942 1604 5006 πάσας
1649 4943 1747 5006 τὰς
1775 4945 1988 5023 ἡμέρας

335 5033 435 5098 τῆς
498 5031 644 5099 ζωῆς
689 5050 815 5104 μου.
866 5052 897 5083 ››
945 5062 1016 5074 -
1061 5030 1200 5087 Μίαν
1249 5027 1462 5103 αἴτησιν
1491 5027 1751 5100 δηλονότι
1779 5033 1986 5110 ᾐτησά-

338 5136 472 5192 μην,
497 5117 588 5173 καὶ
618 5115 698 5173 ἔτι
724 5117 924 5190 ταύτην
955 5117 1274 5194 αἰτήσομαι.

411 5229 441 5260 ι(
495 5211 603 5262 Τοῦ
653 5213 874 5286 θεωρεῖν
928 5229 997 5284 με
1039 5210 1139 5279 τὴν
1197 5208 1538 5287 τερπνότητα
1591 5211 1817 5287 Κυρίου,
1893 5213 1984 5269 καὶ

336 5295 746 5352 ἐπισκέπτεσθαι
802 5297 893 5354 τὸν
950 5298 1077 5354 ναὸν
1134 5299 1320 5356 αὐτοῦ.
1383 5323 1412 5352 ››
1469 5332 1538 5344 --
1593 5303 1711 5358 Ἵνα
1766 5299 1856 5357 διὰ
1881 5310 1985 5374 τῆς

335 5384 654 5462 εὐπρεπείας
681 5391 778 5442 τοῦ
808 5383 959 5443 οἶειού
989 5388 1126 5464 πρὸς
1155 5389 1217 5444 τὸ
1260 5389 1401 5444 θεῖον
1450 5387 1658 5453 κάλλος
1707 5389 1800 5447 τόν
1857 5397 1983 5447 νοῦν

337 5471 484 5550 ἄγων
514 5474 821 5552 τέρπωμαι,
852 5477 940 5532 καὶ
991 5479 1105 5551 ἅμα
1153 5477 1332 5556 ἐφορῶ
1385 5481 1459 5552 μή
1506 5499 1558 5534 τι
1605 5479 1982 5558 παραμελθείη

333 5569 442 5621 τῶν
473 5564 823 5636 καθηκόντων
854 5565 905 5620 ἐν
929 5571 1010 5638 τῷ
1038 5571 1167 5640 ναῷ.

414 5678 436 5706 α
496 5655 615 5710 Ὅτι
665 5652 863 5730 ἔκρυψέ
923 5676 991 5728 με
1055 5655 1107 5710 ἐν
1168 5661 1346 5732 σκηνῇ
1412 5657 1576 5715 αὐτοῦ
1609 5703 1624 5730 ,
1685 5659 1738 5716 ἐν
1803 5661 1988 5737 ἡμέρᾳ

333 5748 514 5830 κακῶν
571 5765 678 5821 μου
737 5741 993 5801 ἰσκέπασέ
1052 5767 1120 5821 με
1165 5743 1218 5804 ἐν
1273 5745 1573 5829 ἀποκρύφῳ
1626 5750 1726 5822 τῆς
1783 5757 1986 5828 σκῇνῆς

2096 4727 2271 4806 ἀγαθά
2295 4733 2394 4784 τοῦ
2422 4726 2644 4806 Κυρίου.

2168 4842 2199 4872 ‹‹
2255 4816 2575 4892 Ὑπόμεινον
2648 4817 2740 4873 τὸν
2823 4815 3042 4893 Κύριον,
3120 4813 3393 4892 ἀνδρίζου,
3470 4817 3563 4873 καὶ
3623 4837 3753 4894 κρα⁴

2092 4907 2366 4972 ταιούσθω
2395 4909 2431 4979 ἡ
2481 4903 2681 4963 καπδία
2727 4927 2844 4982 σου,
2885 4905 2976 4962 καὶ
3009 4904 3308 4980 ὑπόμεινον
3337 4906 3430 4962 τὸν
3462 4905 3690 4984 Κύριον.
3724 4930 3747 4959 ι

2094 5029 2166 5042 -
2191 4999 2375 5056 Τοῦτο
2425 4995 2516 5054 καὶ
2557 4997 2621 5053 τὸ
2673 4996 2796 5069 ἐξῆς
2843 4995 2980 5071 πρὸς
3029 4995 3217 5052 ἑαυτὸν
3267 4996 3596 5076 θαρσοποιὸν
3634 4996 3752 5054 ἐπι-

2095 5087 2250 5166 φώνη
2261 5107 2352 5162 μα.

2693 5206 2995 5258 ΨΔΛΜΟΣ
3032 5202 3150 5260 ΚΖ’.

2170 5299 2462 5374 «Ψαλμὸς
2490 5303 2571 5375 τῷ
2617 5297 2806 5359 Δαυΐδ,
2859 5324 2882 5353 ιι
2934 5331 3006 5345 --
3051 5300 3344 5377 Προσευχή
3390 5303 3472 5374 τῷ
3513 5297 3751 5359 Δαυῒδ...

2092 5390 2185 5448 καὶ
2211 5394 2374 5447 τοῦτο
2415 5387 2752 5466 διωκόμενος
2811 5389 2916 5446 ὑπὸ
2970 5392 3069 5446 τοῦ
3126 5387 3312 5446 Σαοὺλ
3369 5390 3399 5445 6
3455 5391 3752 5471 προφήτης

2095 5479 2361 5547 συνέθετο.

2170 5594 2194 5623 α
2257 5569 2402 5647 Πρός
2457 5589 2536 5640 σε,
2596 5569 2782 5647 Κύριε,
2831 5567 3185 5648 κεκράξομαι,
3237 5570 3269 5625 6
3325 5566 3455 5633 Θεός
3510 5589 3615 5643 μου
3668 5568 3745 5642 μὴ

2093 5661 2525 5736 παρασιωπήσῃς
2554 5659 2646 5716 ἀπ’
2692 5657 2852 5735 ἐμοῦ,
2905 5661 3123 5734 μήποτε
3167 5659 3600 5734 παρασιωπήσῇς
3652 5657 3747 5714 ἀπ’

2095 5749 2255 5828 ἐμοῦ.
2289 5773 2320 5804 ››
2345 5781 2418 5796 --
2470 5749 2564 5823 Μὴ
2618 5746 2963 5829 παρακούσῇς
3023 5770 3154 5826 μου.
3211 5749 3481 5808 Εἰώθασιν
3529 5748 3584 5806 οἱ
3608 5766 3748 5826 παρ·
