4072 6420
381 416 540 484 1487

1599 419 2018 488 EXPOSITIO
2059 419 2144 486 IN
2187 421 2576 490 PSALMOS.

3637 416 3800 482 H38

382 551 668 617 ακούοντες
729 547 899 628 μηδὲν
977 550 1300 633 φθέγγεσθαι
1365 551 1502 631 πρὸς
1571 553 1700 618 1064
1775 552 2028 630 αίτουμέ-
2060 559 2118 628 Α
2144 553 2268 611 στὺν
2329 552 2475 633 λέγει
2531 555 2623 627 ἦν’
2656 552 2746 612 καὶ
2805 548 3039 633 βροντὴν
3095 549 3274 625 καλεῖ,
3333 550 3408 615 ὡς
3455 549 3508 624 ἐξ
3537 548 3796 629 οὐρανοῦ,

381 664 527 706 νους.

454 733 620 790 «Kal
681 733 1102 806 ὁμοιωθήσομαι
1159 740 1276 798 τοῖς
1330 730 1742 790 καταϐαίνουσιν
1775 734 1851 800 εἷς
1899 733 2034 790 λάκ-

380 844 496 880 κον.
532 847 560 874 ››
591 855 660 865 -
686 824 891 898 Ἥγουν
928 822 980 878 ἐν
1012 828 1129 887 τοῖς
1159 829 1393 902 νεκροῖς.

460 911 857 981 «Εἰσάκουσον,
933 912 1113 986 Κύριε,
1172 920 1275 983 τῆς
1347 919 1532 992 φωνῆς
1612 919 1714 983 τῆς
1797 910 2036 984 δεήσεώς

388 1022 512 1076 μου,
573 1001 622 1055 ἐν
672 1005 752 1074 τῷ
817 1000 1025 1066 δέεσθαί
1087 1024 1154 1075 με
1208 1001 1345 1080 πρός
1397 1004 1473 1076 σὲ,
1508 1002 1559 1058 ἐν
1617 1001 1699 1076 τῷ
1755 998 1924 1076 αἶ’ρειν
1973 1022 2038 1076 με

382 1091 573 1167 χεῖράς
610 1112 715 1164 μου
745 1091 880 1168 πρὸς
911 1091 1034 1148 ναὸν
1069 1092 1217 1170 ἅγιόν
1251 1114 1365 1148 σου.
1401 1115 1432 1145 κ
1459 1125 1526 1136 -
1557 1092 1697 1147 Ναὸν
1757 1089 1902 1169 λέγει
1941 1087 2036 1146 τόν

382 1179 628 1256 οὐρανόν.

457 1291 486 1321 ‹‹
515 1271 605 1338 Μὴ
641 1268 970 1345 συνελκύσῃς
995 1293 1062 1345 με
1096 1273 1230 1346 μετὰ
1259 1268 1626 1348 ἁμαρτωλῶν.
1660 1295 1689 1324 ››
1721 1302 1791 1314 -
1820 1271 1909 1340 Μὴ
1951 1267 2040 1325 διὰ

378 1357 442 1413 τὸ
493 1357 792 1436 συνδιάγειν
847 1382 912 1434 με
951 1366 1068 1423 τοῖς
1117 1360 1473 1437 ἁμαρτωλοῖς
1519 1358 1849 1434 συνελκύσῃς
1897 1359 2040 1433 κάμὲ

387 1448 502 1521 μετ’
535 1447 708 1503 αὐτῶν
741 1449 815 1512 είς
845 1451 908 1504 τὸ
940 1448 1119 1505 δοῦναι
1153 1449 1326 1521 δίκην.

456 1561 486 1589 α
518 1539 670 1592 Κατὰ
725 1540 792 1593 τὰ
849 1537 978 1616 ἔργα
1031 1543 1140 1594 τῶν
1209 1543 1410 1616 χειρῶν
1471 1538 1648 1594 αὐτῶν
1692 1535 1784 1602 δὸς
1835 1537 2034 1602 αὐτοῖς·

381 1623 586 1688 ἀπόδος
631 1628 694 1682 τὸ
744 1626 1097 1702 ἀνταπόδομα
1144 1628 1320 1684 αὐτῶν
1373 1627 1576 1692 αὐτοῖς.
1622 1651 1652 1680 ››
1682 1661 1752 1672 -
1797 1628 1905 1698 Τὴν
1952 1649 2040 1683 κε-

381 1735 636 1792 χρεωστη
647 1713 814 1791 μένην
841 1715 1118 1789 ἐκδίκησιν
1147 1716 1350 1781 ἀπόδος
1401 1717 1587 1780 αὐτοῖς
1633 1715 1728 1772 ’ίνα
1789 1715 2041 1794 βελτίους

383 1806 438 1860 οἱ
467 1806 623 1860 κακοὶ
653 1806 937 1884 γένωνται.

459 1919 488 1947 ‹‹
521 1897 639 1950 Ὅτι
688 1895 750 1950 οὐ
791 1904 1024 1966 συνῆκαν
1079 1897 1156 1960 εἷς
1204 1898 1274 1952 τὰ
1318 1892 1446 1974 ἔργα
1494 1895 1717 1971 Κυρίου.
1753 1919 1782 1950 ››
1815 1927 1886 1940 —-
1921 1897 2040 1952 Ὅτι

388 1983 490 2039 οὐκ
557 1981 790 2059 ἔγνωσαν
865 1985 960 2048 τὰς
1041 1985 1186 2048 θείας
1260 1983 1572 2060 οἷκονομίας
1647 1987 1722 2048 ὡς
1795 1983 2040 2062 ἀνέχεται

385 2071 558 2128 αὐτῶν
619 2074 647 2127 6
713 2075 863 2146 Θεὸς,
928 2075 1114 2151 καιρὸν
1179 2072 1440 2152 ὑφαπλῶν
1514 2073 1728 2138 τούτοις
1789 2075 2041 2151 ἐπιστρο-

388 2164 516 2240 φῆς.

457 2275 489 2305 ‹‹
517 2252 617 2307 Καὶ
647 2251 724 2315 εἷς
751 2252 818 2308 τὰ
848 2250 976 2330 ἔργα
1002 2258 1110 2308 τῶν
1139 2258 1340 2330 χειρῶν
1374 2253 1538 2309 αὐτοῦ
1567 2251 1814 2317 καθελεῖς
1844 2252 2044 2316 αὐτοὺς

382 2341 472 2396 καὶ
505 2340 568 2396 οὐ
603 2343 678 2415 μὴ
725 2341 1112 2416 οἶκοδομήσεις
1157 2343 1374 2406 αὐτούς.
1409 2367 1438 2396 ››
1471 2375 1541 2388 --
1570 2343 1908 2421 Προφητεύει
1957 2341 2041 2398 ὅτι

383 2428 638 2493 πεσόντες
669 2430 769 2486 οὐκ
791 2432 1280 2504 ἀνορθωθήσονται.

463 2520 617 2575 «Καὶ
691 2519 942 2577 ἆνέθαλεν
988 2525 1023 2592 ἡ
1075 2523 1202 2598 σάρξ
1252 2543 1378 2596 μου.
1434 2544 1456 2575 ι
1509 2554 1581 2566 -ο
1624 2523 1688 2579 Ἡ
1746 2521 1854 2599 πρὸ
1913 2519 2039 2575 τού-

384 2629 482 2664 του
551 2609 869 2681 ἐκτετηκυῖα
939 2617 1057 2674 ταῖς
1118 2611 1369 2690 φροντίσι
1445 2610 1536 2667 καὶ
1608 2616 1729 2674 ταῖς
1799 2630 2040 2667 κακοπα-

389 2697 574 2762 θείαις.

459 2812 488 2840 ‹‹
521 2787 620 2842 Καὶ
652 2787 710 2842 ἐκ
762 2785 1072 2863 θελήματός
1135 2811 1238 2864 μου
1283 2789 1763 2868 ἐξομολογήσομαι
1809 2787 1976 2861 αὐτῷ.
2012 2810 2042 2841 ››

387 2908 457 2920 --
485 2877 815 2954 Προθύμως,
846 2878 945 2934 οὐκ
974 2881 1373 2956 ἀναγκαστικῶς
1429 2879 1812 2955 εὐχαριστήσω
1869 2877 2040 2950 αὐτῷ’

387 2965 635 3021 τοιοῦτόν
666 2967 776 3022 ἐστι
805 2969 889 3040 τὸ,
928 2992 950 3019 ι
987 2969 1282 3031 Ἑκουσίως
1311 2967 1456 3024 θύσω
1487 2989 1594 3027 σοι.
1629 2992 1658 3020 ››

461 3079 490 3107 ‹‹
523 3054 723 3129 Κύριος
769 3057 1091 3132 κραταίωμα
1149 3062 1246 3113 τοῦ
1303 3057 1439 3114 λαοῦ
1500 3057 1665 3113 αὐτοῦ
1723 3057 1814 3113 καὶ
1879 3056 2043 3130 ὑπερ-

387 3143 653 3211 ασπιστὴς
682 3148 789 3198 τῶν
822 3145 1108 3220 σωτηρίων
1138 3150 1236 3200 τοῦ
1264 3149 1500 3222 Χριστοῦ
1529 3145 1694 3200 αὐτοῦ
1745 3143 1879 3202 ἐστι.
1916 3170 1938 3199 ι
1976 3177 2047 3188 --

385 3231 731 3308 Ὑπέρμαχος
781 3240 882 3303 τῆς
934 3234 1204 3311 σωτηρίας
1248 3240 1346 3291 τοῦ
1393 3234 1710 3312 χρισθέντω
1757 3235 2043 3311 προστάξει

387 3315 553 3373 αὐτοῦ
584 3319 662 3382 είς
697 3319 939 3394 βασιλέα.

403 3449 406 3451 .
463 3431 492 3460 ‹‹
524 3412 709 3464 Σῶσον
757 3410 847 3464 τὸν
899 3409 1030 3466 λαόν
1076 3431 1193 3482 σου,
1234 3411 1324 3466 καὶ
1373 3411 1672 3489 εὐλόγησον
1701 3413 1803 3482 τὴν
1831 3409 2046 3486 κληρο-

390 3496 586 3570 νομίαν
642 3519 757 3568 σου,
789 3500 880 3554 καὶ
927 3499 1195 3574 ποίμανον
1238 3500 1451 3572 αὐτοὺς,
1483 3501 1572 3557 καὶ
1601 3499 1803 3578 έπαρον
1850 3499 2048 3563 αὐτοὺς

387 3582 494 3649 ἓως
551 3591 650 3642 τοῦ
707 3588 923 3651 αἰῶνος.
973 3613 992 3640 ι
1027 3621 1098 3632 —-
1127 3589 1227 3645 Kal
1266 3589 1482 3665 ὕψωσον
1512 3595 1630 3654 τοῖς
1685 3592 1803 3646 κατ’
1833 3589 2044 3667 ἐχθρῶν

389 3676 678 3752 τροπαίοις
711 3677 876 3755 μέχρι
907 3679 1128 3742 παντὸς.

982 3846 1280 3898 ΨΑΛΜΟΣ
1321 3843 1445 3899 ΚΗ’.

399 3978 402 3981 ’
466 3978 703 4052 Ψαλμὸς
759 3986 839 4053 τῷ
893 3981 1057 4038 Δαυῖδ
1117 3981 1302 4056 ἐξόδου
1359 3991 1586 4056 σκηνῆς·
1622 4008 1652 4038 ››
1709 4017 1778 4028 —-
1833 3985 2052 4061 Ἰστορι-

393 4072 503 4130 κῶς
538 4069 634 4142 μὶν
661 4070 1033 4147 παραγγέλλει
1078 4079 1195 4137 τοῖς
1243 4074 1441 4151 ἱερεῦσι
1488 4076 1579 4130 καὶ
1626 4072 1877 4138 Λευίταις
1924 4075 2049 4151 περὶ

393 4164 496 4228 τῆς
552 4157 871 4232 ἐξελεύσεως
907 4168 1016 4231 τῆς
1063 4161 1122 4217 ἐκ
1165 4165 1266 4233 τῆς
1315 4167 1549 4237 νομικῆς
1601 4166 1827 4235 σκηνῆς,
1873 4162 2048 4240 λέγων

394 4246 500 4322 ὅτι,
533 4245 888 4322 Ἑτοιμάσατε
945 4247 1244 4321 ἐξελθόντες
1291 4253 1358 4306 τὰ
1402 4251 1540 4328 πρὸς
1589 4251 1863 4330 λατρείαν,
1901 4250 2051 4315 υἱοὺς

392 4343 559 4416 κριῶν
593 4339 682 4394 καὶ
713 4337 810 4394 ὅσα
841 4339 918 4403 εἷς
947 4341 1115 4412 τιμὴν
1147 4340 1237 4395 καὶ
1265 4337 1419 4412 δόξαν
1452 4345 1606 4398 Θεοῦ.
1667 4343 2052 4418 ’Λναγωγικῶς

395 4425 456 4483 δὲ
502 4429 675 4500 σκηνή
733 4428 843 4483 ἐστι
889 4428 954 4484 τὸ
1003 4432 1182 4504 σῶμα.
1235 4427 1474 4501 Ἐξόδιον
1524 4427 1583 4485 δὲ
1640 4433 1911 4500 σκηνῆςὴ
1943 4430 2050 4487 ἀπὸ

389 4514 552 4572 τοῦδε
580 4521 676 4572 τοῦ
710 4516 830 4595 βίου
861 4517 1208 4594 ἀναχώρησις
1237 4518 1374 4588 πρὸς
1401 4520 1468 4590 ἣν
1498 4518 1990 4596 παρασκευάζεσθαι
2021 4520 2050 4576 6

395 4603 558 4683 λόγος
586 4609 734 4680 ἡμᾶς
765 4613 1066 4685 παρεγγυᾷ.

464 4696 742 4774 Ἐνέγκατε
794 4684 876 4770 τῷ
932 4697 1135 4775 Κυρίῳ,
1169 4696 1278 4754 υἱοὶ
1338 4701 1492 4756 Θεοῦ.
1527 4723 1550 4754 ι
1607 4730 1676 4742 -
1734 4695 2046 4780 Κατέπειξιν
2081 4684 2130 4751 Ῑ)

393 4784 423 4840 6
453 4781 618 4862 λόγος
677 4783 813 4862 ἔχει.
877 4786 1040 4863 Λέγει
1086 4789 1212 4864 γὰρ,
1243 4789 1312 4842 Ὦ
1357 4787 1469 4844 υἱοὶ
1518 4791 1617 4843 τοῦ
1661 4791 1817 4858 Θεοῦ,
1869 4782 2042 4864 ἤγουν

394 4872 715 4944 ἀπόστολοι,
748 4874 994 4952 ἐνέγκατε
1017 4881 1097 4950 τῷ
1128 4878 1312 4952 Κυρίῳ
1341 4876 1470 4941 τοὺς
1501 4876 1652 4941 υἱοὺς
1682 4881 1790 4934 τῶν
1827 4874 2045 4956 ἀλόγων

393 4967 583 5040 κριῶν,
615 4961 786 5040 ἤγουν
817 4964 945 5028 τοὺς
965 4965 1016 5037 ἐξ
1049 4965 1236 5025 ἐθνῶν.

471 5075 494 5105 α
526 5055 839 5130 Ἐνέγκατε
867 5059 946 5128 τῷ
1004 5056 1191 5132 Κυρίῳ
1236 5057 1388 5121 υἱοὺς
1435 5060 1628 5134 κριῶν,
1665 5053 1916 5133 ἐνέγκατε
1967 5055 2049 5131 τῷ

392 5142 576 5222 Κυρίῳ
607 5141 761 5216 δόξαν
791 5143 882 5199 καὶ
911 5147 1106 5218 τιμήν.
1141 5170 1164 5200 ι
1223 5178 1271 5189 -
1301 5145 1437 5221 Δόξα
1485 5149 1583 5202 τοῦ
1634 5144 1903 5221 ὀνόματος
1950 5149 2048 5201 τοῦ

391 5236 626 5308 Χριστοῦ
657 5233 712 5287 αἱ
738 5231 1010 5288 ἐπαινεταὶ
1039 5234 1258 5312 πράξεις
1289 5237 1474 5310 ἡμῶν.

468 5320 808 5398 «Ἐνέγκατε
897 5324 977 5395 τῷ
1055 5323 1240 5397 Κυρίῳ
1331 5321 1486 5398 δόξαν
1559 5322 1785 5398 ὀνόματι
1859 5323 2046 5395 αὐτοῦ,

389 5413 801 5488 προσκυνήσατε
829 5415 908 5484 τῷ
939 5412 1122 5487 Κυρίῳ
1181 5411 1232 5467 ἐν
1286 5411 1429 5487 αὐλῇ
1490 5411 1621 5489 ἁγίᾳ
1664 5411 1850 5471 αὐτοῦ.
1903 5436 1932 5465 ››
1981 5446 2045 5456 -—

387 5499 575 5570 Αύλὴν
633 5497 775 5577 λέγει
832 5501 930 5570 τὴν
992 5500 1119 5574 μίαν
1177 5500 1499 5574 Ἐκκλησίαν
1557 5500 1648 5558 καὶ
1702 5504 1899 5572 πιστὴν
1942 5506 2052 5559 τῶν

388 5585 648 5647 εὐσεϐῶν.

463 5706 485 5734 ι
520 5681 688 5751 Φωνὴ
737 5680 940 5755 Κυρίου
998 5678 1086 5736 ἐπὶ
1143 5685 1254 5737 τῶν
1309 5679 1541 5741 ὑδάτων.
1590 5705 1621 5737 ››
1653 5682 1861 5752 -Τὴν
1893 5701 2050 5737 κατε-

385 5771 667 5849 νεχθεῖσαν
729 5768 1014 5849 οὐρανόθεν
1073 5769 1137 5840 ἐν,
1182 5774 1273 5845 τῷ.
1317 5769 1567 5852 ¹Ἰορδάνῃ
1620 5772 1754 5852 πρὸς
1799 5771 1892 5830 τὸν
1920 5775 2050 5849 Χρι-

2143 645 2234 701 καὶ
2265 645 2603 720 ἐξάκουστον,
2637 646 2768 708 Θεὸς
2797 643 2856 701 δὲ
2886 643 3048 717 δόξης
3080 644 3108 700 6
3139 640 3374 716 ἔνδοξος.

2223 740 2328 789 «Ὀ
2367 737 2495 799 Θεὸς
2549 739 2649 805 τῆς
2709 733 2873 807 δόξης
2933 730 3228 812 ἐϐρόντησε
3281 731 3480 809 Κύριος
3538 729 3626 786 ἐπὶ
3667 727 3796 787 ὑδά-

2143 845 2253 880 των
2303 823 2552 880 πολλῶν.
2617 848 2648 878 ››
2705 825 2865 881 -Ὁ
2897 823 3127 901 Χριστὸς
3183 822 3235 879 ἐν
3293 825 3374 894 τῷ
3431 817 3676 897 Ἰορδάνῃ
3705 821 3797 876 καὶ

2147 910 2218 968 δι’
2273 911 2479 969 ἐκείνου
2534 913 2586 968 ἐν
2638 919 2765 969 πᾶσι
2820 917 2937 978 τοῖς
2988 909 3172 968 ὕδασιν
3220 913 3456 986 ἁγιάζων
3487 909 3662 966 αὐτῶν
3694 911 3797 980 τὴν

2189 1000 2327 1058 ύσιψ

2147 1023 2385 1162 φυέίῶνὴ
2453 1092 2657 1168 Κυρίου
2711 1091 2762 1148 ἐν
2792 1090 2966 1168 ἰσχύϊ,
2999 1091 3150 1170 φωνὴ
3184 1087 3384 1166 Κυρίου
3440 1086 3493 1144 ἐν
3555 1084 3796 1164 μεγαλο-

2146 1180 2398 1257 πρεπείᾳ.
2431 1204 2462 1235 »
2493 1213 2564 1226 -ο
2621 1183 2787 1251 Φωνὴ
2846 1180 3046 1256 Κυρίου
3086 1180 3176 1236 καὶ
3232 1180 3296 1234 τὸ
3349 1175 3674 1255 Εὐαγγέλιον
3709 1175 3801 1232 καὶ

2147 1275 2250 1326 πᾶν
2311 1269 2633 1348 πρόσταγμα
2685 1275 2783 1327 τοῦ
2840 1274 2996 1343 Θεοῦ,
3055 1269 3086 1326 6'
3139 1269 3230 1325 καὶ
3287 1266 3548 1345 ἰσχυροὺς
3583 1265 3673 1322 καὶ
3706 1285 3804 1340 με·

2146 1357 2512 1437 γαλοπρεπεῖς
2540 1360 2820 1437 ἐργάζεται
2849 1359 2978 1423 τοὺς
3010 1358 3214 1433 ἀξίους.

2221 1473 2251 1502 ‹‹
2311 1452 2477 1520 Φωνή
2539 1451 2740 1528 Κυρίου
2799 1447 3182 1526 συντρίϐοντος
3238 1445 3482 1521 κέδρους,
3535 1444 3626 1502 καί
3687 1465 3808 1501 συν-

2145 1537 2324 1615 τρίψει
2383 1537 2586 1615 Κύριος
2639 1537 2734 1601 τὰς
2785 1535 3010 1615 κέδρους
3065 1541 3163 1593 τοῦ
3218 1531 3474 1593 Λιϐάνου.
3523 1559 3552 1588 ››
3582 1565 3654 1578 -
3706 1530 3805 1590 Κέ-

2150 1625 2311 1704 δρους
2367 1626 2517 1704 λέγει
2567 1626 2695 1692 τοὺς
2739 1627 2996 1701 δαίμονας
3043 1625 3135 1682 καὶ
3180 1626 3249 1682 τὰ
3287 1623 3494 1681 τούτων
3549 1622 3746 1696 τεμένη
3785 1662 3799 1678 .

2149 1714 2392 1792 ἐμνήσθη
2423 1716 2514 1772 καὶ
2541 1722 2640 1774 τοῦ
2669 1712 2830 1795 ὅρους
2877 1711 3138 1788 Λιϐάνου,
3187 1713 3270 1772 δτι
3319 1711 3508 1770 πολλᾶ
3545 1708 3802 1768 εἶδωλεῖα

2149 1805 2186 1876 ἦ
2219 1804 2271 1862 ἐν
2303 1804 2472 1880 αὐτῷ.

2226 1919 2255 1949 ι(
2287 1895 2386 1952 Καὶ
2417 1894 2671 1952 λεπτυνεῖ
2700 1895 2865 1960 αὐτὰς
2894 1896 2972 1958 ὡς
2997 1896 3090 1952 τὸν
3125 1893 3334 1971 μόσχον
3363 1892 3455 1948 τὸν
3488 1884 3747 1947 Λίϐανον.
3771 1911 3801 1941 η

2150 2016 2222 2028 --
2276 1989 2541 2043 Λεπτυνεῖ
2589 1984 2809 2060 αὐτοὺς,
2869 1982 3015 2064 λέγω
3072 1982 3140 2054 δὴ
3198 1982 3289 2040 τὸν
3346 1975 3580 2038 Λίϐανον
3647 1976 3801 2052 ὅλον,

2151 2072 2333 2149 ὣσπερ
2365 2075 2393 2130 6
2422 2081 2662 2146 Μωϋσῆς
2691 2075 2783 2132 τὸν
2815 2075 3056 2154 γλυπτὸν
3095 2073 3326 2150 μόσχον.

2223 2187 2253 2217 «
2282 2163 2380 2220 Καὶ
2412 2165 2440 2220 6
2495 2164 2848 2242 ἠγαπημένος
2906 2166 2951 2220 ὡ
3013 2161 3130 2227 υἱός
3192 2161 3608 2238 μονοκερώτων.
3671 2181 3702 2210 ››
3731 2188 3802 2201 -ο

2151 2251 2256 2309 Καὶ
2286 2252 2314 2306 6
2340 2253 2569 2329 Χριστὸς
2602 2251 2746 2308 ἔσται
2783 2249 2976 2327 μηδενὶ
3007 2251 3462 2327 ὑποτεταγμένος.

2231 2363 2258 2396 α
2287 2343 2454 2412 Φωνὴ
2487 2341 2688 2417 Κυρίου
2737 2339 3129 2404 διακόπτοντος
3175 2340 3357 2418 φλόγα
3404 2335 3596 2415 πυρός.
3654 2359 3684 2389 »ι
3731 2368 3802 2380 -

2151 2427 2276 2486 Εἷίτε
2329 2431 2430 2507 γὰρ
2486 2431 2614 2495 τοὺς
2667 2436 2816 2507 τρεῖς
2872 2429 3071 2494 παῖδας
3125 2429 3215 2486 καὶ
3273 2428 3351 2492 είς
3386 2425 3634 2490 πολλοὺς
3671 2426 3805 2502 μάρ-

2151 2540 2316 2597 τυρας
2372 2521 2473 2592 τὴν
2531 2519 2831 2599 φλέγουσαν
2890 2518 3144 2596 διέκοψαν
3205 2520 3306 2590 τὴν
3379 2515 3644 2594 ἐνέργειαν
3701 2516 3800 2570 τοῦ

2151 2611 2323 2686 πυρὸς
2377 2610 2468 2666 καὶ
2525 2611 2579 2667 ἐν
2633 2615 2704 2686 τῇ
2757 2608 2928 2687 κρίσει
2985 2610 3076 2666 καὶ
3131 2607 3227 2672 τὰς
3296 2604 3568 2684 ἐνεργείας
3634 2602 3802 2660 αὐτοῦ

2153 2697 2348 2771 διέλοι,
2404 2700 2504 2769 τὴν
2565 2701 2896 2780 φωτιστικὴν
2960 2699 3038 2764 είς
3092 2697 3220 2762 1064
3275 2694 3537 2768 δικαίους,
3569 2691 3645 2758 είς
3674 2689 3803 2755 τοὺς

2153 2787 2519 2864 ἁμαρτωλοὺς
2547 2789 2636 2844 καὶ
2665 2790 2765 2860 τὴν
2796 2790 3113 2860 καυστικὴν.

2227 2899 2257 2928 ››
2287 2879 2453 2948 Φωνή
2504 2876 2704 2954 Κυρίου
2759 2877 3096 2940 συσσείοντος
3144 2875 3373 2952 ἔρημον.
3441 2897 3471 2928 »
3522 2877 3801 2930 -Μετα-

2153 2969 2432 3030 κινοῦντος
2455 2966 2524 3023 τὰ
2552 2964 2678 3038 ἔθνη
2710 2966 2849 3045 πρὸς
2879 2971 3011 3022 Θεοῦ
3040 2969 3261 3042 γνῶσιν.

2227 3078 2256 3106 ‹‹
2287 3055 2388 3110 Καὶ
2445 3055 2607 3112 σείσει
2665 3054 2863 3134 Κύριος
2919 3056 3021 3125 τὴν
3077 3051 3285 3131 ἔρημον
3331 3051 3532 3125 Κάδης.
3573 3069 3602 3106 ο
3633 3080 3705 3095 -ν
3733 3049 3806 3106 Οὐ

2154 3149 2325 3200 πᾶσαν
2374 3143 2600 3220 ἔρημον,
2654 3143 2802 3202 ἀλλᾶ
2843 3145 2943 3216 τὴν
2992 3141 3197 3217 Κάδης,
3237 3139 3363 3214 ἤτοι
3390 3142 3492 3212 τὴν
3527 3138 3682 3219 ἁγίαν
3714 3137 3807 3196 καὶ

2156 3232 2542 3312 ἀφωρισμένην
2576 3232 2746 3308 αὐτῷ.

2231 3347 2260 3376 ‹‹
2321 3323 2484 3392 Φωνή
2542 3323 2746 3401 Κυρίου
2799 3320 3258 3401 καταρτιζομένου
3323 3317 3577 3400 ἐλάφους.
3655 3340 3686 3371 »
3743 3349 3814 3362 —-

2155 3411 2290 3476 T064
2343 3417 2644 3476 πατοῦντας
2701 3412 2882 3469 ἐπάνω
2940 3407 3115 3492 ὄφεων
3173 3409 3515 3473 ἀποστόλους
3573 3406 3652 3471 εἷς
3681 3403 3808 3481 δρό-

2160 3522 2260 3576 μον
2314 3506 2412 3557 τοῦ
2469 3502 2825 3579 κηρύγματος
2892 3499 3310 3558 τελειοποιοῦσα
3533 3494 3800 3574 ἐνισχύσει

2154 3594 2252 3646 τοῦ
2282 3589 2420 3646 Πνεύ
2430 3611 2620 3666 ματος.

2235 3702 2258 3733 ι
2319 3679 2419 3735 Καὶ
2476 3678 2816 3756 ἀποκαλύψει
2875 3677 3136 3756 δρυμούς.
3190 3702 3220 3732 ››
3280 3710 3348 3723 -
3393 3674 3501 3733 Καὶ
3532 3673 3804 3752 ἐκκαθάρῃ

2154 3770 2251 3833 τὰς
2286 3768 2665 3844 ὑλομανούσας
2695 3769 2876 3847 ψυχὰς
2905 3773 3013 3824 τῶν
3045 3768 3234 3827 ἐθνῶν.

2231 3883 2260 3913 ‹‹
2291 3859 2391 3914 Καὶ
2445 3858 2498 3914 ἐν
2552 3858 2634 3933 τῷ
2690 3861 2802 3933 ναῷ
2845 3859 3010 3914 αὐτοῦ
3046 3863 3152 3922 πᾶς
3179 3877 3264 3922 τις
3297 3855 3443 3934 λέγει
3476 3853 3651 3928 δόξαν.
3687 3877 3717 3907 η
3743 3886 3814 3899 -

2157 3947 2259 4003 Kal
2342 3945 2393 4003 ἐν
2451 3947 2610 4004 παντὶ
2692 3953 2806 4021 ναῷ
2885 3946 3048 4003 αὐτοῦ
3129 3945 3236 4010 πᾶς
3319 3944 3609 4009 πιστεύσας
3695 3939 3811 4017 ᾅσει

2159 4035 2325 4111 ὕμνον
2335 4081 2347 4094 .

2233 4149 2263 4179 ι(
2321 4124 2519 4203 Κύριος
2574 4125 2664 4182 τὸν
2717 4123 3097 4200 κατακλυσμὸν
3155 4127 3419 4184 κατοικεῖ.
3476 4147 3506 4178 ››
3565 4155 3638 4169 -
3704 4123 3815 4192 Τὴν

2157 4212 2495 4271 κλεισθεῖσαν
2595 4218 2664 4290 τῇ
2767 4213 2948 4290 πλάνῃ
3049 4215 3368 4291 συναγωγὴν
3442 4214 3552 4269 τῶν
3641 4211 3808 4278 ἐθνῶν

2161 4305 2485 4379 οἰκουμένην
2557 4305 2785 4377 ποιήσει·
2849 4309 2966 4369 τοῖς
3065 4307 3166 4360 τοῦ
3238 4301 3555 4378 Πνεύματος
3645 4300 3810 4379 χαρί-

2159 4414 2344 4470 σμασι.

2235 4507 2258 4534 α
2300 4481 2401 4538 Καὶ
2429 4483 2692 4539 καθιεῖται
2720 4481 2919 4559 Κύριος
2955 4481 3209 4560 βασιλεὺς
3257 4482 3334 4546 εἰς
3383 4480 3478 4538 τόν
3528 4480 3812 4548 αἶῶναᾶἷι

2156 4603 2229 4618 —-
2255 4572 2328 4629 T6
2382 4577 2648 4637 καθιεῖται
2704 4572 2821 4630 ἀντὶ
2865 4575 2964 4630 τοῦ
3021 4577 3171 4648 μενεῖ
3208 4570 3299 4629 διὰ
3323 4573 3387 4630 τὸ
3413 4573 3513 4642 τῆς
3543 4564 3816 4634 εὐσεϐείας

2160 4660 2576 4737 ἀμετάπτωτον.

2757 4780 3057 4833 ΨΔΛΜΟΣ
3096 4778 3218 4834 ΚΘ’.

2230 4899 2261 4928 ‹‹
2290 4874 2387 4938 Εἷς
2417 4876 2483 4932 τὸ
2509 4855 2690 4949 τέλῖς,
2719 4879 2799 4948 τῷ
2845 4871 3016 4931 Λαυῒδ
3061 4874 3284 4950 ψαλμὸς
3315 4872 3465 4950 ᾠδῆς
3490 4878 3590 4932 τοῦ
3629 4873 3810 4950 ἐγκαι-

2157 4969 2356 5039 νισμοῦ
2385 4969 2482 5020 τοῦ
2512 4961 2686 5022 οἷ’κου.
2723 4988 2752 5017 ››
2810 4997 2879 5008 -
2933 4960 3333 5041 ’Υπερϐατικῶς
3391 4963 3612 5040 ψαλμὸς
3664 4961 3814 5038 ᾠδῆς

2155 5058 2256 5110 τοῦ
2313 5051 2500 5113 Δαυίδ.
2552 5055 2609 5108 Ὀ
2667 5050 2726 5110 δὲ
2778 5057 2878 5109 τοῦ
2937 5049 3092 5110 οἴκου
3136 5052 3489 5130 ἐγκαινισμὸς
3519 5050 3688 5125 δηλοῖ
3718 5053 3814 5127 μὲν

2157 5142 2248 5199 καὶ
2305 5144 2404 5213 τὴν
2466 5143 2543 5207 εἷς
2595 5143 2661 5200 τὸ
2717 5141 3079 5222 προφητεύειν
3142 5141 3436 5220 ἐγκαίνισιν
3491 5145 3590 5214 τῆς
3628 5144 3814 5219 ψυχῆς

2157 5236 2255 5289 τοῦ
2304 5230 2468 5288 Δαυΐδ
2509 5253 2524 5268 ο
2580 5239 2682 5303 τῆς
2745 5231 3048 5309 γενομένης
3117 5229 3270 5288 οἷ’κου
3325 5236 3422 5288 τοῦ
3469 5237 3816 5313 προφητικοῦ

2158 5321 2498 5400 χαρίσματος
2527 5321 2653 5392 ἥτις
2681 5321 2970 5399 ἐγκαίνισις
3002 5318 3092 5377 διὰ
3124 5320 3407 5396 μετανοίας
3437 5320 3631 5399 γέγονε
3681 5323 3818 5396 μετὰ

2156 5414 2259 5482 τὴν
2291 5410 2378 5467 ἐπὶ
2405 5413 2497 5468 τὸν
2530 5410 2727 5489 Οὐρίαν
2758 5409 3120 5488 παρανομίαν·
3155 5409 3323 5482 δηλοῖ
3351 5409 3408 5467 δὲ
3435 5411 3525 5467 καὶ
3565 5411 3666 5481 τὴν
3712 5415 3818 5482 τῆς

2159 5498 2487 5572 Ἐκκλησίας
2515 5505 2622 5556 τῶν
2656 5504 2860 5556 πιστῶν
2887 5499 3236 5570 ἀνακαίνησιν
3268 5499 3359 5557 διὰ
3382 5507 3484 5572 τῆς
3529 5499 3818 5578 ἀναγεννή-

2159 5611 2297 5654 σεως
2322 5594 2422 5646 τοῦ
2456 5590 2855 5666 βαπτίσματος.

2231 5704 2260 5736 ‹‹
2291 5679 2520 5755 Ὑψώσω
2580 5699 2658 5753 σε,
2716 5680 2898 5756 Κύριε,
2960 5679 3047 5736 ὅτι
3105 5675 3373 5746 ὑπέλαϐές
3427 5702 3514 5756 με,
3568 5680 3662 5736 καὶ
3714 5678 3814 5736 οὐκ

2157 5767 2424 5851 εὔφρανας
2458 5768 2599 5846 ,τοὺς
2656 5767 2890 5848 ἐχθρούς
2951 5791 3058 5847 μου
3087 5769 3169 5827 ἐπ’
3194 5767 3312 5848 ἐμέ.
3346 5794 3378 5829 »
3407 5802 3478 5818 -ο
3505 5765 3812 5850 Μεγαλυνῶ
