4072 6424
333 401 489 469 HM

1558 394 1973 460 EXPOSITIO
2017 396 2096 460 ΙΝ
2141 396 2528 464 PSALMOS.

3596 410 3754 472 I442

335 551 507 608 νομον
553 523 1039 618 συμϐουλήν-καὶ
1085 527 1450 618 ὑπερηφανίαν
1501 528 1598 603 μὲν
1642 530 1744 600 τὴν
1795 525 1998 600 ἀλαζο-
2023 531 2079 600 Α
2109 529 2231 607 ρίας
2260 529 2340 596 εἷς
2389 529 2694 604 ἀθλιότητα
2748 533 2801 590 ἐν
2852 539 2935 609 τῷ
2986 533 3300 614 ἐμπαγῆναί
3335 560 3429 613 μοι
3456 542 3558 612 τὴν
3587 541 3757 618 ἀμαρ-

336 620 504 694 νείαν,
540 617 884 692 ἐξουδένωσιν
919 615 976 673 δὲ
1003 620 1103 688 τήν
1136 613 1314 695 ὕϐριν.

415 734 444 764 ‹‹
476 711 564 774 Ὡς
602 706 749 764 πολὺ
785 709 849 766 τὸ
876 705 1090 779 πλῆθος
1139 715 1241 778 τῆς
1297 707 1680 785 χρηστότητός
1738 730 1856 780 σου,
1887 706 1996 763 Κύ-

342 820 446 878 ριε,
477 802 545 870 ἧς
577 793 812 875 ἔκρυψας
864 802 982 861 τοῖς
1041 792 1406 876 φοϐουμένοις
1461 819 1540 856 σε.
1574 823 1604 851 ››
1633 832 1703 842 —
1731 801 1828 854 Ἢν
1862 797 1996 853 ἀπό-

339 900 493 954 θετον
553 886 847 966 φυλάσσεις
901 891 1019 950 τοῖς
1078 884 1298 950 δούλοις
1364 908 1464 944 σου
1539 888 1828 965 γυμνάζων
1895 887 1996 956 τὴν

334 978 546 1034 τούτων
581 978 685 1033 ὑπο
695 978 886 1052 μονήν.

415 1091 445 1121 κ
479 1064 802 1144 Ἐξειργάσω
856 1071 973 1130 τοῖς
1032 1064 1346 1137 ἐλπίζουσιν
1407 1065 1498 1124 ἐπὶ
1526 1067 1584 1124 σὶ
1615 1065 1849 1123 ἐναντίον
1891 1068 2000 1122 τῶν

340 1156 474 1213 υἱῶν
517 1161 624 1212 τῶν
670 1155 992 1233 ἀνθρώπων.
1029 1179 1060 1208 ››
1087 1188 1159 1200 --
1205 1153 1621 1231 Ἔξεπλήρωσας
1670 1153 1729 1211 δὲ
1774 1155 1864 1211 καὶ
1915 1152 2002 1209 ἔκ-

343 1243 514 1317 δηλον
576 1244 813 1323 εἰργάσω
862 1245 1029 1314 αὐτὴν
1078 1245 1130 1301 ἐν
1169 1250 1286 1308 τοῖς
1337 1244 1651 1315 ἐλπίζουσιν
1680 1243 1768 1300 ἐπὶ
1807 1244 1888 1318 σὲ,
1916 1241 2008 1298 ὅτε

337 1333 614 1407 ἠθέλησας
675 1333 906 1392 ἐνώπιον
963 1333 1194 1396 πολλῶν
1233 1331 1328 1392 ’ίνα
1379 1334 1623 1409 μάθωσιν
1673 1332 1757 1390 ὅτι
1807 1334 2005 1408 ὑπερα-

341 1422 551 1496 σπίζεις
578 1428 688 1480 τῶν
721 1428 852 1482 σῶν.

415 1537 445 1567 ι(
479 1512 854 1589 Κατακρύψεις
885 1511 1082 1578 αὑτοὺς
1115 1511 1168 1570 ἐν
1208 1511 1513 1593 ἀποκρύφῳ
1559 1516 1656 1570 τοῦ
1706 1511 2011 1590 προσώπου

347 1622 466 1661 σου.
500 1627 532 1656 ››
561 1635 629 1647 -
659 1607 818 1660 ’Ἠτοι
847 1602 976 1667 τοὺς
1008 1602 1328 1673 ἐλπίζοντας
1374 1603 1463 1660 ἐπὶ
1507 1604 1585 1677 σὲ,
1619 1603 1673 1660 ἐν
1705 1599 2010 1680 ἀποκρύφῳ

343 1693 504 1768 τόπῳ
532 1690 750 1765 δηλαδή
776 1697 877 1750 τοῦ
904 1690 1362 1770 προσώπου,ἤτοι
1382 1697 1478 1749 σοῦ
1498 1693 1635 1749 κατὰ
1662 1690 2012 1771 περίφρασιν,

343 1782 439 1839 καὶ
470 1781 578 1860 οὐχ
607 1781 927 1858 εὑρήσουσιν
959 1781 1157 1846 αὑτοὺς
1190 1783 1242 1837 οἱ
1273 1782 1490 1859 ἐχθροί.

423 1896 454 1925 ι(
489 1872 628 1928 Ἀπὸ
656 1872 906 1948 ταραχῆς
934 1871 1256 1950 ἀνθρώπων.
1284 1895 1314 1925 ››
1344 1903 1416 1916 --
1444 1872 1534 1928 ’Ev
1563 1875 1739 1948 καιρῷ
1765 1871 2018 1947 ταραχῆς

2101 619 2242 676 τίαν.

2177 735 2206 763 ‹‹
2239 712 2347 781 Τὴν
2417 712 2642 787 ἀνομίαν
2701 736 2806 789 μου
2862 715 3128 794 ἐγνώρισα
3182 719 3273 773 καὶ
3327 720 3426 788 τήν
3488 721 3754 798 ἁμαρτίαν

2109 820 2216 872 μου
2267 800 2368 857 οὑκ
2423 800 2687 878 ἐκάλυψα.
2733 828 2763 858 »
2803 838 2875 848 —
2925 805 2990 860 Εἰ
3063 807 3153 862 καὶ
3227 807 3589 885 αύθορμήτως
3661 811 3760 867 οὐκ

2107 887 2399 967 ἐφαύλισας
2453 893 2552 962 τήν
2614 892 2752 966 έμῆν
2809 895 3098 972 ἁμαρτίαν,
3155 894 3280 952 ἀλλ’
3309 897 3398 954 ὅτε
3425 897 3760 977 ἠλεγχόμην

2112 978 2214 1037 ὑπὸ
2244 979 2417 1036 Νάθαν
2443 981 2600 1046 εὐθὺς
2639 983 2979 1061 ὡμολόγησα
3005 985 3094 1040 καὶ
3137 986 3236 1041 οὐκ
3264 988 3616 1062 ἠρνησάμην.

2186 1092 2216 1121 (ς
2247 1070 2408 1144 Εἶπα,
2463 1071 2829 1149 Ἐξαγορεύσω
2885 1076 3001 1129 κατ’
3063 1073 3199 1148 ἐμοῦ
3253 1076 3355 1144 τὴν
3406 1076 3632 1150 ἀνομίαν
3665 1100 3770 1152 μου

2112 1162 2192 1230 τῷ
2247 1160 2449 1234 Κυρίῳ,
2506 1160 2596 1216 καὶ
2647 1160 2710 1215 σὺ
2769 1163 2980 1241 ἀφῆκας
3035 1165 3137 1234 τὴν
3192 1159 3438 1220 ἀσέϐειαν
3494 1168 3592 1236 τῆς
3647 1188 3776 1244 καρ-

2115 1243 2235 1310 δίας
2298 1269 2422 1322 μου.
2483 1272 2512 1302 ››
2569 1283 2638 1294 -
2693 1250 2804 1307 Ούκ
2859 1247 3153 1323 ἐσεϐάσθην
3190 1253 3302 1328 ἐγὼ
3333 1253 3460 1316 τοὺς
3491 1255 3614 1331 περί
3650 1243 3779 1328 μοι-

2117 1335 2271 1412 χείας
2328 1337 2418 1393 καὶ
2476 1338 2643 1416 φόνου
2684 1339 2890 1413 νόμους
2922 1361 3019 1397 σου
3053 1358 3066 1372 ⁶
3126 1340 3274 1397 ἀλλὰ
3302 1341 3365 1398 οὺ
3392 1345 3493 1414 τὴν
3518 1344 3781 1415 τοιαύτην

2119 1420 2362 1481 ἀσέϐειαν
2415 1428 2826 1504 συνεχώρησας,
2910 1428 3001 1485 καὶ
3086 1429 3185 1486 οὑκ
3232 1430 3594 1505 ἐθανάτωσας,
3659 1431 3786 1489 ἀλλ’

2119 1511 2294 1578 οὕτως
2325 1512 2663 1590 ἐπαίδευσας,
2696 1516 2770 1580 ὡς
2804 1517 2854 1572 εἷ’
2897 1519 2975 1592 μή
3040 1515 3494 1595 ὑπερϐαλλόντως
3552 1521 3777 1596 ἠνόμη-

2121 1623 2207 1661 σα.

2199 1715 2228 1744 ι(
2255 1693 2413 1769 Ὑπὲρ
2467 1691 2672 1766 ταύτης
2725 1696 3074 1773 προσεύξεται
3127 1698 3262 1773 πρὸς
3321 1699 3379 1753 σὲ
3407 1704 3513 1762 πᾶς
3544 1699 3692 1764 ὅσιος
3723 1700 3778 1757 ἐν

2123 1785 2299 1858 καιρῷ
2355 1781 2574 1856 εὐθέτῳ.
2637 1808 2658 1835 ι
2723 1818 2793 1843 τ-
2847 1787 2982 1842 Ἀπὸ
3038 1784 3242 1856 ταύτης
3308 1793 3410 1856 τῆς
3489 1787 3782 1867 ἀφεθείσης

2127 1869 2253 1942 ἐμοὶ
2313 1871 2577 1946 ἁμαρτίας
2636 1873 2954 1947 κινούμενος
3021 1880 3128 1938 πᾶς
3183 1871 3440 1946 θεοσεϐὴς
3497 1877 3597 1934 οὐκ
3645 1877 3783 1934 ἀπο-

340 1959 746 2031 στασιαζόντων
821 1961 1124 2038 ἀνθρώπων
1180 1961 1272 2017 καὶ
1329 1960 1381 2018 ἐν
1447 1965 1624 2034 καιρῷ
1700 1957 2097 2034 ἀντιλογίαςν
2128 1959 2416 2035 γνώσεται,
2474 1961 2624 2018 ἀλλὰ
2678 1961 3043 2040 παρακαλέσει
3101 1963 3155 2019 ἐν
3219 1969 3394 2039 καιρῷ
3473 1966 3785 2040 μετανοίας.

338 2050 636 2128 γλῶσσῶν.
667 2051 826 2106 Ἤτοι
854 2049 1128 2116 ἀπειθείας
1177 2051 1315 2108 λαοῦ
1362 2049 1647 2114 σκεπάσεις
1695 2047 1893 2112 αὐτοὺς
1939 2046 2015 2110 ὡς

344 2141 408 2198 ἒν
439 2144 639 2215 σκηνῇ.

427 2254 457 2283 ‹‹
491 2228 812 2307 Εὐλογητὸς
870 2228 1086 2307 Κύριος,
1147 2228 1231 2287 ὅτι
1302 2229 1687 2305 ἐθαυμάστωσε
1739 2227 1802 2284 τὸ
1861 2221 2016 2289 ἔλεος

345 2319 523 2377 αὐτοῦ
579 2318 631 2376 ἐν
689 2316 852 2375 πόλει
904 2326 1197 2397 περιοχῆς.
1233 2343 1262 2373 ››
1303 2351 1373 2364 --
1428 2315 1737 2398 Παράδοξον
1795 2315 2022 2386 ἐποίησε

345 2409 422 2467 τὸ
469 2407 623 2474 ἔλεος
673 2408 839 2467 αὐτοῦ
887 2409 940 2466 ἐν
988 2409 1134 2486 ἐμοὶ,
1179 2408 1584 2488 χρηματίσαντι
1631 2405 1899 2480 ἀναλώτῳ
1942 2405 2018 2468 ὡς

353 2498 524 2556 πόλει
550 2501 1076 2578 περιτετειχισμένῃ.

442 2613 464 2642 ιι
500 2590 644 2666 Ἐγὼ
675 2586 735 2644 δὲ
765 2589 888 2646 εἶπα
917 2589 968 2644 ἐν
999 2593 1068 2666 τῇ
1099 2589 1340 2646 ἐκστάσει
1371 2585 1885 2665 μου,Ἀπέρῥιμμαι
1914 2583 2020 2639 ἀπὸ

358 2683 664 2756 προσώπου
709 2683 820 2735 τῶν
871 2677 1174 2758 ὀφθαλμῶν
1219 2700 1336 2736 σου.
1371 2702 1400 2730 ››
1434 2711 1500 2722 -
1530 2679 1814 2732 Ἔκστασιν
1873 2672 2019 2750 λέγει

359 2769 462 2839 τὴν
505 2767 772 2842 ἐντροπὴν
811 2775 912 2838 τῆς
943 2764 1073 2823 ὀδοῦ
1095 2772 1204 2825 τῶν
1239 2767 1396 2824 θείων
1430 2766 1687 2823 ἐντολῶν.

441 2881 471 2911 ι(
503 2857 602 2914 Διὰ
655 2861 816 2913 τοῦτο
876 2856 1199 2929 εἰσ-ἤκουσας
1252 2863 1354 2927 τῆς
1413 2857 1598 2936 φωνῆς
1654 2855 1753 2924 τῆς
1783 2850 2022 2924 δεήσεώς

367 2968 498 3023 μου,
531 2945 585 3002 ἐν
641 2950 723 3019 τῷ
779 2946 1093 3024 κεκραγέναι
1136 2967 1205 3019 με
1257 2945 1397 3023 πρός
1457 2965 1534 3001 σε.
1571 2966 1600 2996 ››
1652 2941 1800 2998 Διότι
1853 2939 2020 3016 ἀπερ-

369 3035 636 3114 ῥιμμένον
669 3035 980 3111 ἡγούμενος
1022 3034 1252 3109 ἐμαυτὸν
1285 3033 1392 3089 ἀπὸ
1418 3039 1520 3104 τῆς
1553 3030 1865 3110 ἐπιφανείας
1919 3034 2021 3100 τῆς

366 3125 668 3196 ἐπισκοπῆς
726 3145 822 3180 σου
889 3121 980 3180 διὰ
1031 3125 1132 3194 τὴν
1192 3122 1457 3201 ἁμαρτίαν
1517 3119 1759 3200 μεγάλης
1825 3115 2023 3189 ὀδύνης

367 3209 608 3291 ἔπασχον
642 3208 957 3290 συντριϐήν.

2125 2049 2183 2103 Ὃ
2212 2049 2316 2124 γὰρ
2349 2049 2590 2118 ἀνόσιος,
2624 2049 2749 2108 οὐδὲ
2791 2051 3176 2126 μεταμέλεται.

2201 2160 2230 2190 ‹‹
2262 2136 2416 2208 Πλὴν
2445 2137 2498 2194 ἐν
2527 2138 2896 2214 κατακλυσμῷ
2935 2139 3142 2198 ὑδάτων
3201 2141 3432 2200 πολλῶν
3491 2144 3631 2220 πρὸς
3689 2144 3784 2201 αύ-

2126 2227 2217 2281 τὸν
2277 2225 2378 2283 οὐκ
2427 2226 2727 2304 ἐγγιοῦσιν.
2781 2253 2809 2282 ››
2841 2263 2911 2273 —
2938 2230 3009 2285 T6
3037 2228 3178 2300 κλήν
3206 2231 3324 2287 ἀντὶ
3354 2237 3450 2288 τοῦ
3480 2233 3569 2289 καὶ
3601 2252 3616 2267 ο
3650 2234 3783 2313 φησὶ

2127 2314 2231 2393 γάρ
2264 2356 2278 2371 .
2342 2317 2508 2372 «Καὶ
2566 2317 2618 2373 ἐν
2673 2317 2989 2396 πλημμύρᾳ
3039 2317 3268 2376 πολλῶν
3323 2325 3638 2398 πειρασμῶν
3687 2320 3787 2378 οὐκ

2129 2403 2372 2480 ἐγγιοῦσι
2403 2407 2538 2483 πρὸς
2569 2408 2729 2464 αὐτὸν
2778 2409 2832 2463 οἱ
2878 2410 3173 2486 πειρασμοὶ
3223 2408 3361 2466 ὣστε
3397 2410 3782 2476 καταποντίσαι

2131 2494 2418 2570 μακρόθεν,
2449 2497 2542 2551 καὶ
2567 2499 2860 2575 θροήσουσι
2888 2499 2978 2554 καὶ
3003 2499 3311 2576 ταράξουσι.

2200 2608 2230 2636 ‹‹
2265 2589 2500 2640 Συνετιῶ
2529 2605 2587 2641 σε
2613 2586 2703 2642 καὶ
2733 2581 2989 2660 συμϐιϐῶ
3047 2609 3104 2643 σε
3161 2587 3213 2643 ἐν
3273 2587 3384 2662 ὁδῷ
3407 2588 3575 2665 ταύτῃ
3601 2592 3642 2660 ἦ
3674 2611 3782 2646 πο-

2131 2673 2292 2749 ρεύσῃ
2325 2693 2336 2706 ·
2400 2672 2702 2751 ἐπιστηριῶ
2757 2675 2847 2731 ἐπὶ
2906 2677 2965 2731 σὲ
3008 2678 3136 2740 τοὺς
3195 2677 3516 2756 ὀφθαλμούς
3568 2699 3695 2753 μου.
3755 2702 3784 2732 ιν

2134 2794 2200 2804 —
2255 2763 2343 2825 Ὡς
2403 2763 2508 2819 ἀπὸ
2565 2768 2696 2820 Θεοῦ
2752 2766 2814 2821 τὸ
2877 2765 3062 2842 ῥητὸν,
3125 2767 3395 2822 Συνετίσω
3455 2789 3513 2823 σε
3561 2772 3681 2831 πῶς
3723 2764 3785 2824 ἄν

2133 2852 2520 2930 ὑπερτερήσῃς,
2577 2854 2669 2910 καὶ
2720 2855 3173 2933 συμπορεύσομαί
3229 2877 3314 2912 σοι
3373 2856 3425 2912 ἐν
3453 2860 3522 2932 τῇ
3563 2877 3787 2935 προκει-

2135 2941 2268 3017 μένῃ
2296 2942 2514 3020 πορείᾳ.

2203 3032 2344 3101 «Μὴ
2402 3031 2611 3109 γίνεσθε
2667 3032 2740 3097 ὡς
2797 3031 2963 3097 ἷίππος
3008 3032 3099 3090 καὶ
3148 3032 3382 3108 ἡμίονος
3426 3037 3510 3098 οἷς
3542 3033 3643 3091 οὐκ
3671 3033 3784 3091 ἔστι

2132 3118 2362 3184 σύνεσις.
2390 3145 2420 3174 ››
2451 3154 2521 3164 -
2543 3123 2638 3177 Ἐκ
2691 3125 2789 3177 τοῦ
2856 3120 3020 3179 Δαυίδ
3078 3123 3106 3179 6
3159 3121 3325 3199 λόγος
3357 3140 3372 3156 ·
3400 3128 3653 3198 παραινεῖ
3677 3123 3782 3200 γὰρ

2137 3211 2214 3285 μὴ
2280 3209 2523 3287 γίνεσθαι
2577 3213 2726 3286 ἡμᾶς
2775 3209 3110 3287 θηλυμανεῖς
3176 3213 3266 3268 καὶ
3343 3207 3576 3290 ἀγόνους
3647 3213 3786 3287 πρὸς

435 3327 465 3357 ι(
491 3305 835 3381 Ἀγαπήσατε
857 3303 952 3360 τὸν
984 3302 1204 3380 Κύριον,
1235 3301 1432 3367 πάντες
1464 3302 1516 3358 οἱ
1542 3299 1685 3357 ὅσιοι
1715 3297 1903 3369 αὑτοῦ,
1935 3295 2019 3352 ὅτι
2053 3297 2097 3365 C
2137 3299 2353 3375 ἀρετήν.

361 3390 624 3466 ἀληθείας
680 3391 898 3463 ἐκζητεῖ
953 3391 1174 3467 Κύριος.
1226 3415 1257 3445 ››
1305 3425 1372 3436 --
1425 3397 1582 3448 ’Ἤτοι
1638 3390 1737 3453 τὰς
1792 3387 2020 3460 ἀληθεῖς

361 3483 503 3560 πρὸς
532 3481 691 3538 αὑτὸν
734 3482 962 3560 ἀγάπας.

433 3596 463 3626 ‹‹
496 3571 596 3628 Καὶ
626 3569 1030 3628 ἀνταποδίδωσι
1073 3575 1190 3635 τοῖς
1237 3575 1508 3646 περισσῶς
1549 3573 1800 3626 ποιοῦσιν
1858 3568 2022 3643 ὑπερ-

361 3660 620 3742 ηφανίαν.
673 3686 703 3715 ››
753 3695 823 3705 —
880 3665 1013 3726 Τοῖς
1065 3661 1170 3738 γὰρ
1231 3658 1469 3737 μετρίως
1537 3655 2025 3731 ἀλαζονευομένοις

372 3753 739 3828 μακροθυμῶν
773 3751 876 3808 ούκ
895 3748 1318 3808 ἀνταποδίδωσι.

961 3870 1256 3926 ΨΑΛΜΟΣ
1294 3873 1424 3925 AA'.

440 3989 471 4018 α
504 3961 740 4036 Ψαλμός
795 3963 877 4038 τῷ
927 3962 1093 4021 Δαυῒδ
1144 3965 1429 4028 συνέσεως.
1479 3965 1750 4040 Μακάριοι
1807 3963 1881 4018 ὧν
1923 3962 2024 4041 ἀφ-

368 4051 586 4123 είθησαν
661 4053 718 4108 αἱ
795 4053 1038 4127 ἀνομίαι,
1109 4055 1200 4110 καὶ
1273 4054 1349 4109 ὧν
1426 4051 1874 4131 ἐπεκαλύφθησαν
1969 4052 2025 4108 αἱ

368 4140 651 4219 ἁμαρτίαι.
682 4164 713 4194 ››
753 4172 824 4186 --
851 4141 1144 4214 Ζηλωτους
1177 4141 1471 4200 ἀποκαλῶν
1501 4141 1631 4205 τοὺς
1670 4141 1887 4204 ἀπόνως
1937 4139 2028 4197 διὰ

362 4235 466 4286 τοῦ
524 4229 900 4306 βαπτίσματος
956 4232 1050 4286 τὸν
1125 4231 1425 4310 ἀφανισμὸν
1488 4235 1598 4287 τῶν
1661 4228 2022 4306 ἐγκλημάτων

363 4319 770 4397 κερδαίνοντας.

441 4435 473 4464 α
502 4411 780 4486 Μακάριος
813 4409 950 4486 ἀνὴρ
979 4410 1027 4483 ᾧ
1053 4409 1115 4466 ού
1156 4411 1233 4484 μή
1283 4409 1570 4488 λογίσηται
1609 4408 1807 4486 Κύριος
1850 4410 2026 4484 ἁμαρ-

361 4498 508 4571 τίαν,
541 4497 669 4555 οὐδὲ
725 4496 868 4555 ἔστιν
919 4499 972 4555 ἐν
1025 4503 1108 4572 τῷ
1164 4498 1394 4574 στόματι
1451 4499 1617 4555 αὐτοῦ
1675 4496 1862 4561 δόλος.
1895 4522 2027 4551 »-

363 4587 609 4652 Ἐκεῖνος
634 4587 693 4644 δὲ
720 4587 800 4664 τῷ
828 4584 943 4645 ὄντι
977 4588 1308 4666 μακάριος,ὁ
1326 4590 1396 4645 τὰ
1412 4589 1512 4659 τήν
1538 4585 1628 4644 διὰ
1652 4587 2024 4665 βαπτίσματος

2203 3411 2232 3440 ‹‹
2295 3389 2378 3444 Ἐν
2437 3393 2605 3464 κημῷ
2675 3389 2766 3445 καὶ
2839 3388 3058 3467 χαλινῷ
3121 3392 3217 3454 τὰς
3281 3391 3531 3467 σιαγόνας
3615 3389 3788 3446 αὐτῶν

2132 3477 2314 3552 ἄγξαις
2370 3483 2478 3534 τῶν
2534 3480 2609 3553 μὴ
2667 3479 2987 3556 ἐγγιζόντων
3045 3480 3182 3557 πρός
3239 3501 3318 3536 σε.
3354 3504 3382 3533 ››
3414 3513 3485 3523 -
3534 3479 3668 3537 Εἶτα
3699 3477 3788 3535 εἷε-

2133 3585 2290 3641 χεται
2346 3567 2484 3644 πρὸς
2542 3565 2671 3624 Θεὸν
2733 3567 2817 3624 ὅτι
2873 3567 3068 3632 αὐτοὺς
3139 3569 3460 3646 ἐγγίζοντας
3515 3569 3652 3646 πρός
3709 3589 3790 3638 σε,

2135 3652 2206 3709 δι’
2235 3653 2565 3736 ἐπιστροφῆς
2591 3656 2681 3712 καὶ
2714 3655 2941 3721 ἄκοντας
2971 3659 3269 3734 κατάσχοις
3297 3665 3397 3730 τῆς
3434 3659 3572 3734 πρὸς
3600 3657 3792 3714 κακίαν

2135 3750 2304 3824 φορᾶς
2335 3743 2404 3801 δι’
2433 3746 2722 3824 ἐπαγωγῆς
2750 3752 3090 3822 πειρασμῶν.

2207 3859 2236 3888 ‹‹
2267 3834 2615 3914 Εὐφράνθητε
2645 3835 2733 3892 ἐπὶ
2777 3836 2996 3913 Κύριον,
3041 3837 3132 3892 καὶ
3180 3836 3516 3913 ἀγαλλιᾶσθε
3564 3835 3789 3910 δίκαιοι,

2132 3923 2223 3980 καὶ
2287 3927 2564 4000 καυχᾶσθε
2617 3923 2810 3989 πάντες
2867 3927 2919 3982 οἱ
2974 3923 3143 3989 εὒθεῖς
3183 3929 3254 4001 τῇ
3284 3924 3500 4004 καρδίᾳ.
3535 3950 3564 3979 ι(
3594 3958 3665 3971 --
3692 3926 3784 3994 Μὴ

2135 4013 2223 4068 ἐπὶ
2252 4019 2372 4076 ταῖς
2404 4014 2617 4090 ἀρεταῖς
2649 4015 2799 4089 ὑμῶν
2832 4033 2845 4048 ο
2905 4010 3154 4071 ἀϐέϐαιοι
3191 4017 3297 4093 γὰρ
3349 4015 3396 4071 εί
3458 4017 3533 4091 μὴ
3595 4014 3800 4096 φυλάτ-

2131 4123 2311 4159 τοιντο
2342 4102 2448 4158 ὐπὸ
2477 4107 2632 4162 Θεοῦ.

2729 4227 2832 4277 ΨΑ
2842 4226 3028 4277 ΛΜοΣ
3071 4223 3188 4277 AB'.

2207 4343 2237 4372 ι(
2270 4317 2506 4393 Ψαλμὸς
2533 4323 2614 4392 τῷ
2645 4317 2829 4389 Δαυὶδ,
2883 4320 3246 4399 ἀνεπίγραφος
3308 4321 3435 4395 παρ’
3492 4314 3788 4398 Ἑϐραίοις.

2136 4407 2515 4485 Ἀγαλλιᾶσθε,
2548 4405 2769 4482 δίκαιοι,
2820 4408 2872 4464 ἐν
2924 4409 3106 4483 Κυρίῳ
3139 4429 3151 4442 ·
3199 4415 3319 4473 τοῖς
3377 4409 3551 4465 εὐθέσι
3593 4409 3794 4486 πρέπει

2133 4495 2352 4561 αἷνεσις.
2414 4496 2870 4574 Ἐξομολογεῖσθε
2932 4504 3010 4570 τῷ
3078 4498 3296 4575 Κυρίῳ*
3355 4499 3406 4554 ἐν
3463 4495 3680 4576 κιθάρᾳ,
3736 4499 3790 4554 ἐν

2134 4585 2449 4664 ψαλτηρίῳ,
2484 4585 2805 4664 δεκαχόρδῳ
2851 4586 3061 4662 ψάλατε
3105 4589 3272 4662 αὐτῷ.
3306 4614 3333 4641 ››
3367 4621 3437 4631 -
3465 4591 3650 4644 ’Ἐοικε
3695 4609 3795 4644 πε-

364 4675 556 4757 ὃὶφεσιν
594 4679 672 4753 μὴ
703 4678 1037 4755 ψευσάμενος
1078 4679 1176 4744 τὰς
1226 4678 1304 4742 εἰς
1356 4679 1486 4736 Θεὸν
1533 4680 1825 4750 συνθήκας
1860 4672 2024 4740 δόλος
2055 4671 2104 4737 D
2135 4684 2399 4747 ποιῆσθαι
2429 4677 2507 4740 εἰς
2535 4678 2635 4747 τὴν
2665 4678 2803 4733 κατὰ
2827 4677 2921 4733 τὸν
2955 4679 3191 4747 Ἐζεκίαν
3224 4677 3309 4734 ἐπὶ
3335 4683 3455 4741 τοῖς
3483 4677 3795 4755 ’Δσσυρίοις

363 4767 474 4844 γὰρ
500 4767 566 4824 τὸ
594 4765 815 4842 ψεῦδος,
844 4769 1027 4849 φησίν.

444 4880 474 4910 ι(
505 4859 626 4912 ’Ότι
685 4856 932 4934 ἐσίγησα,
981 4857 1298 4930 ἐπαλαιώθη
1353 4859 1422 4914 τὰ
1467 4856 1601 4914 ὀστᾶ
1645 4872 1755 4932 μου
1792 4857 1899 4912 ἀπὸ
1928 4860 2028 4914 τοῦ

363 4945 583 5022 κράζειν
645 4967 715 5022 με
761 4946 901 5020 ὅλην
948 4949 1048 5018 τήν
1094 4948 1328 5023 ἡμέραν.
1383 4973 1412 5001 ››
1443 4981 1513 4991 -
1561 4947 1710 5003 Ἐπεὶ
1743 4946 1843 5002 οὐκ
1871 4945 2028 5011 εὐθὺς

366 5037 470 5106 την
539 5035 804 5111 ἁμαρτίαν
872 5033 1257 5113 ἐθριάμϐευσα,
1327 5037 1542 5114 ἑτέρους
1614 5035 1673 5093 δέ
1747 5037 2025 5110 ἀνέμενον,

368 5119 580 5199 ἔλεγον,
639 5125 1019 5198 Ἑξησθένησεν
1079 5129 1114 5198 ἡ
1185 5124 1413 5202 δύναμίς
1479 5147 1584 5202 μου
1631 5125 1863 5182 ἀπὸτοῦ
1895 5126 2027 5203 βοᾷν

373 5235 442 5288 με
471 5212 561 5270 διὰ
588 5216 787 5280 παντὸς
816 5218 908 5273 καὶ
939 5214 1242 5294 ὀδύρεσθαι.

444 5328 475 5358 (ι
505 5307 622 5360 ’Ότι
681 5307 895 5384 ἡμέρας
949 5306 1041 5362 καὶ
1099 5306 1293 5369 νυκτὸς
1351 5299 1616 5382 ἐϐαρύνθη
1692 5303 1781 5360 ἐπὶ
1839 5304 1936 5378 ἐμὲ
1990 5306 2027 5376 ἠ

373 5392 500 5471 χείρ
558 5416 675 5452 σου.
713 5420 734 5449 ι
796 5429 868 5439 —
924 5396 1026 5452 Καὶ
1085 5395 1189 5473 γὰρ
1221 5393 1292 5451 δι’
1322 5394 1456 5451 ὅλου
1507 5395 1718 5472 βαρέως
1749 5393 2026 5470 ἐπηνέχθη

370 5481 454 5538 ἐπ’
485 5482 583 5558 ἐμὲ
611 5486 646 5555 ἡ
679 5485 924 5561 τιμωρία
953 5506 1049 5540 σου
1082 5509 1094 5517 ·
1129 5485 1222 5539 καὶ
1252 5483 1337 5540 ὅτι
1391 5483 1490 5539 ούκ
1549 5483 1703 5548 εὐθὺς
1767 5483 2030 5559 μετενόη-

370 5592 460 5630 σα.

439 5662 749 5742 Ἐστράφην
807 5663 886 5728 εἷς
950 5661 1351 5740 ταλαιπωρίαν,
1429 5660 1482 5717 ἐν
1552 5666 1632 5735 τῷ
1716 5661 2032 5740 ἐμπαγῆναί

373 5770 470 5828 μοι
503 5748 753 5818 ἄκανθαν.
787 5777 820 5813 n
857 5787 928 5812 e-
983 5751 1327 5834 Πιριετράπη
1399 5771 1498 5829 μοι
1553 5752 1633 5812 τὰ
1675 5757 1780 5826 τῆς
1835 5751 2036 5828 εὐκλη-

2138 4766 2282 4822 θείαν
2313 4767 2695 4844 τερατουργίαν
2731 4769 3052 4843 προτρέπων
3113 4769 3299 4842 ὑμνεῖν
3350 4768 3444 4824 τὸν
3489 4767 3619 4824 Θεὸν
3666 4766 3795 4832 τοὺς

2137 4856 2336 4928 ἀξίους
2371 4855 2454 4928 εἴη
2490 4853 2536 4911 δ’
2566 4855 2625 4912 ἂν
2657 4855 2748 4912 καὶ
2779 4858 2916 4930 ἡμῖν
2946 4855 3234 4933 ἁρμόδιος.

2213 4969 2240 4997 ‹‹
2271 4946 2471 5018 ’ᾼσατε
2528 4945 2676 5018 αὐτῷ
2728 4945 2875 5019 ᾆσμα
2921 4945 3190 5003 καινόν.»
3237 4980 3307 4991 —-
3349 4945 3473 5004 Ἐπὶ
3519 4947 3622 5023 γὰρ
3671 4950 3792 5009 τοῖς

2136 5035 2279 5098 νέοις
2310 5034 2562 5112 εὐεργετή
2575 5055 2732 5108 μασιν
2765 5034 3057 5112 ὀφείλομεν
3089 5037 3179 5091 καὶ
3208 5037 3298 5092 νέα
3330 5034 3623 5111 προσάγειν
3673 5035 3793 5107 Θεῷ

2138 5127 2208 5180 τὰ
2238 5124 2653 5201 εὐχαριστήρια·
2687 5125 2778 5180 καὶ
2809 5123 2997 5188 ἄλλως
3031 5123 3087 5180 δὲ
3113 5127 3181 5181 τὰ
3227 5126 3580 5202 Χριστιανικά
3622 5125 3794 5180 πάντα

2135 5214 2296 5270 καινὰ
2325 5214 2461 5289 πρὸς
2491 5214 2559 5268 τὰ
2582 5213 2790 5269 παλαιά
2818 5214 2909 5269 καὶ
2938 5212 3157 5289 νομικά.

2214 5300 2468 5365 «Καλῶς
2525 5302 2735 5376 ψάλατε
2800 5303 2946 5376 αὐτῷ
3000 5303 3052 5358 ἐν
3113 5303 3442 5380 ἀλαλαγμῷ.
3505 5328 3535 5357 ››
3585 5336 3656 5347 -
3699 5303 3791 5376 Τὸ,

2137 5392 2347 5464 καλῶς,
2380 5390 2547 5464 δηλοῖ
2569 5392 2632 5447 τὸ
2662 5392 3078 5469 ἀμετεωρίστως
3105 5393 3196 5448 καὶ
3229 5393 3548 5469 ὁλοψύχως.

2212 5507 2242 5536 ‹‹
2273 5483 2396 5540 ’Ότι
2457 5480 2610 5544 εὐθὺς
2669 5482 2698 5536 6
2753 5479 2922 5556 λόγος
2973 5487 3072 5538 τοῦ
3127 5481 3327 5560 Κυρίου
3381 5483 3470 5537 καὶ
3527 5481 3796 5538 πάντατά

2141 5569 2270 5648 ἔργα
2319 5570 2482 5626 αὑτοῦ
2541 5569 2592 5625 ἐν
2637 5570 2831 5626 πίστει.
2880 5597 2908 5624 ››
2938 5606 3007 5614 -—
3058 5570 3316 5643 Ἀληθεῖς
3366 5573 3418 5625 οἱ
3468 5568 3628 5646 λόγοι
3690 5577 3791 5625 Ko-

2141 5661 2262 5740 ρίου
2318 5659 2409 5716 καὶ
2464 5659 2521 5716 αἱ
2577 5654 2869 5728 ἀποϐάσεις
2912 5666 3019 5720 τῶν
3071 5658 3240 5745 ἔργων
3299 5659 3463 5720 αὐτοῦ
3509 5663 3790 5725 πιστοῦσιν

2139 5748 2359 5817 αὐτούς.
