4072 6448
248 415 410 481 1439

1499 419 1930 492 κιοιιΡΗοιιι
1969 409 2416 488 ΒΒΠΠῙΒΕ

3509 417 3678 487 me

247 569 306 605 σε
359 548 443 606 ὅτι
502 546 563 606 έκ
615 555 713 606 τοῦ
775 551 976 630 βόθρου
1013 561 1079 628 με
1105 560 1207 626 τῆς
1239 555 1508 634 ἁμαρτίας
1558 554 1697 614 amo
1710 577 1896 620 κυσας.
1929 556 1984 623 Α
2013 587 2082 600 —-
2110 555 2205 619 Εἰς
2232 557 2332 626 τήν
2361 555 2462 625 σὴν
2491 549 2822 630 κηδεμονίαν
2851 550 2942 611 καὶ
2969 553 3314 630 προμήθειαν
3362 548 3670 634 έπιῤῥίπτω

249 644 414 715 χεῖρα
446 641 701 716 βοηθείας
731 641 931 718 ὥρεξάς
962 666 1076 718 μοι.

323 752 352 781 α
383 732 629 794 ’Έσωσάς
661 754 727 804 με
757 732 864 788 ἀπὸ
892 739 1001 789 τῶν
1027 731 1461 793 καταϐαινόντων
1495 735 1571 800 εῗς
1611 736 1835 794 λάκκον.
1871 760 1900 789 ››

247 851 318 862 -
346 826 558 875 Λακκον
587 821 810 892 νοητέον
840 824 931 878 τὸν
966 821 1198 903 ἄφυκτον
1225 823 1492 885 κίνδυνον.

327 929 349 958 ι
383 910 608 965 Ψάλατε
647 915 727 984 τῷ
775 911 960 988 Κυρίῳ
1009 914 1061 968 οἱ
1106 913 1246 969 ὅσιοι
1292 915 1476 987 αὐτοῦ,
1507 915 1597 971 καὶ
1639 913 1900 990 ἐξομολο-

246 1002 428 1074 γεῖσθε
484 1003 552 1072 τῇ
607 1001 794 1072 μνήμη
838 1004 938 1070 τῆς
983 1002 1286 1077 ἁγιωσύνης
1331 1005 1517 1063 αὐτοῦ.
1549 1028 1578 1058 ››
1611 1038 1681 1048 -
1720 1005 1899 1082 Εὐχα-

248 1092 479 1162 ριστεῖτε
513 1085 594 1160 τῷ
622 1087 712 1142 τὸν
746 1089 901 1165 ἅγιον
955 1093 1257 1164 μνησθῆναι
1311 1095 1474 1167 ἡμῶν
1533 1092 1899 1170 ἐπιλελησμέ-

241 1195 349 1231 νων
376 1180 494 1238 ταῖς
527 1177 835 1253 ἁμαρτίαις.

321 1266 494 1320 α’Ότι
555 1264 694 1340 ὀργή
755 1267 807 1322 έν
865 1272 945 1341 τῷ
1002 1269 1160 1343 θυμῷ
1217 1269 1382 1327 αὐτοῦ
1423 1271 1515 1328 καὶ
1563 1275 1676 1343 ζωή
1709 1273 1760 1328 ὲν
1815 1278 1897 1347 τῷ

241 1349 514 1427 θελήματι
574 1355 758 1414 αὐτοῦ.
795 1380 822 1408 ››
851 1391 922 1401 —
971 1364 1169 1423 Καλῶς
1229 1358 1357 1437 ἄγαν
1411 1364 1512 1432 τήν
1571 1362 1796 1420 κόλασιν
1824 1368 1896 1440 τῇ

239 1442 599 1518 ἀγανακτήσει
631 1447 894 1520 συνέταξε,
925 1449 1026 1517 τήν
1078 1451 1410 1527 ζωογόνησιν
1460 1449 1519 1508 δὲ
1545 1455 1615 1528 τῇ
1674 1452 1895 1526 θελήσει

241 1535 312 1605 τῇ
343 1537 564 1611 φυσικῇ.

315 1645 344 1674 ‹‹
376 1623 446 1676 Τὸ
493 1621 718 1698 ἑσπέρας
766 1623 1153 1698 αὐλισθήσεται
1197 1627 1483 1703 κλαυθμὸς
1544 1629 1636 1686 καὶ
1696 1630 1774 1694 είς
1830 1631 1894 1687 τὸ

244 1709 394 1786 πρωῒ
442 1710 791 1788 ἀγαλλίασις.
822 1739 851 1766 ››
906 1749 977 1758 -
1032 1718 1102 1773 Τὸ
1160 1716 1542 1789 αὐλισθήσεται
1603 1717 1771 1791 δηλοῖ
1823 1723 1892 1796 τῇ

242 1800 527 1870 σκηνώσει.
582 1800 828 1858 Διδάσκει
918 1802 977 1861 δὲ
1066 1807 1128 1861 τὸ
1186 1806 1351 1884 ῥητὸν
1412 1809 1489 1872 ὡς
1539 1811 1576 1880 ἡ
1637 1808 1895 1883 μετάνοια

239 1887 329 1944 καί
399 1892 434 1960 ἡ
506 1893 856 1968 συγχώρησις
926 1901 1150 1972 ταχεῖαν
1229 1895 1420 1973 ἐπάγει
1494 1899 1594 1967 τὴν
1676 1900 1893 1976 συγχώ-

242 1997 423 2051 ρησιν.

317 2091 338 2119 ιι
367 2068 511 2144 Ἐγὼ
569 2065 627 2124 δὲ
685 2070 810 2126 εἶπα
863 2070 914 2127 ἐν
974 2072 1190 2146 εὐθηνίᾳ
1249 2093 1375 2148 μου,
1408 2073 1482 2128 Οὐ
1518 2076 1595 2149 μὴ
1649 2076 1894 2132 σαλευθῶ

241 2155 318 2219 εἷς
369 2157 432 2212 τὸ
492 2157 684 2218 αἰῶνα.
712 2181 739 2214 ι
772 2193 840 2203 -
873 2163 957 2216 Ἐν
989 2167 1059 2238 τῇ
1091 2163 1356 2238 εὐημερίᾳ
1406 2185 1511 2238 μου
1560 2165 1752 2239 ᾠήθην
1816 2167 1892 2241 μὴ

242 2242 619 2322 δυσπραγῆσαί
650 2268 802 2308 ποτε.

312 2360 342 2389 ‹‹
377 2335 561 2412 Κύριε,
605 2337 657 2393 ἐν
684 2338 764 2412 τῷ
795 2339 1066 2414 θελήμάτί
1114 2363 1211 2398 σου
1257 2344 1537 2422 παρέσχου
1574 2348 1654 2418 τῷ
1697 2342 1896 2401 κάλλει

243 2445 351 2498 μου
403 2423 654 2500 δύναμιν.
683 2452 713 2480 ››
747 2462 818 2473 -
866 2428 1042 2487 Ἀλλὰ
1094 2429 1270 2505 ψευδῆ
1317 2429 1611 2490 ὑπέλαϐον
1645 2433 1736 2490 ὅτε
1789 2433 1894 2510 γὰρ

240 2511 516 2584 ἠθέλησας
571 2517 842 2594 παρέσχες
900 2523 969 2593 τῇ
1054 2519 1405 2598 λαμπρότητί
1477 2544 1573 2579 σου
1649 2521 1895 2597 δύναμιν,

239 2603 516 2662 τουτέστιν
549 2604 792 2682 ῗσχυρῶς
827 2630 894 2682 με
923 2607 1194 2683 ἐδόξασας·
1229 2610 1320 2668 ὅτε
1349 2609 1409 2668 δὲ
1435 2609 1525 2668 διὰ
1549 2612 1650 2682 τήν
1683 2611 1893 2686 ἐμὴν...

241 2714 362 2765 ησιν
394 2693 758 2780 ᾐάπέστρεψας
803 2699 904 2768 τὴν
959 2697 1284 2774 ἐπισκοπὴν,
1313 2699 1576 2780 ἐγενόμην
1636 2699 1792 2764 εὐθὺς
1841 2701 1894 2758 ἐν

241 2778 461 2858 θορύϐῳ
489 2786 578 2839 καὶ
611 2792 883 2865 συμφορᾷ.

310 2895 340 2924 ‹‹
371 2872 463 2935 Τίς
496 2872 734 2952 ὠφέλεια
762 2873 815 2931 ἐν
857 2878 938 2950 τῷ
995 2875 1185 2952 α’ίματί
1237 2899 1362 2953 μου,
1397 2877 1447 2934 έν
1503 2883 1585 2954 τῷ
1639 2875 1896 2936 καταϐαι-

241 2981 348 3016 νειν
381 2983 448 3035 με
469 2962 546 3026 εἷς
578 2961 871 3042 διαφθοράν
897 2986 911 3036 ;
934 2990 964 3019 ››
996 3000 1066 3011 —
1094 2969 1158 3024 Ἥ
1188 2969 1315 3045 σὰρξ
1345 2970 1483 3043 αἷμα
1511 2971 1757 3047 πεπηγὸς
1789 2970 1894 3025 61:6

237 3049 471 3128 φύσεωςο
503 3053 634 3109 ποία
664 3052 979 3133 οὗν,φησὶν,
1006 3055 1246 3136 ὠφέλεια
1273 3060 1343 3132 τῇ
1377 3059 1533 3136 σαρκί
1559 3080 1684 3133 μου,
1719 3058 1891 3124 οὕτως

241 3138 528 3212 αὐξηθείση
579 3143 668 3198 καὶ
718 3145 1067 3220 κοσμηθείο-ῃ,
1110 3145 1226 3203 ἐπεὶ
1279 3145 1472 3221 μέλλω
1529 3145 1894 3226 διαφθαρῆναι

238 3228 518 3286 ἀποθανών
547 3258 560 3300 ;

314 3339 343 3371 «
371 3319 671 3394 ’Ἐστρεψας
735 3321 829 3378 τὸν
899 3323 1126 3379 κοπετόν
1200 3345 1304 3398 μου
1362 3325 1440 3390 εἰς
1503 3325 1678 3404 χαρὰν
1740 3326 1885 3401 ἐμοί·
1920 3309 1965 3378 CI

244 3401 531 3481 διέρῥηεας
620 3410 714 3465 τὸν
784 3408 979 3467 σάκκον
1056 3434 1181 3487 μου,
1245 3414 1336 3469 καὶ
1416 3401 1748 3490 περιέζωσάς
1827 3435 1896 3489 με

245 3491 602 3571 εὐφροσύνην.
659 3521 690 3551 ››
748 3531 818 3543 -
865 3499 936 3554 Τὸ
992 3502 1325 3579 περιέζωσας
1389 3503 1507 3560 ἀντὶ
1573 3507 1672 3560 τοῦ
1727 3504 1894 3584 ήφία-

247 3603 366 3638 σας.

318 3603 564 3737 ἒ⁹Όπως
613 3674 672 3730 ἃν
719 3676 867 3752 ψάλῃ
909 3681 1060 3750 σοιὴ
1094 3677 1220 3752 δόξα
1270 3702 1397 3756 μου,
1430 3680 1520 3737 καὶ
1570 3681 1633 3738 οὐ
1688 3683 1764 3756 μή
1796 3703 1893 3738 κα-

243 3765 457 3847 τανυγῶ
531 3786 562 3815 »
638 3797 704 3808 —
781 3773 1224 3845 Περιφραστικῶς
1308 3770 1422 3826 ἀντὶ
1497 3775 1594 3826 τοῦ
1679 3771 1789 3847 ἐγὼ
1866 3772 1896 3828 6

245 3846 628 3926 δεδοξασμένος
659 3858 728 3929 τῇ
773 3860 840 3930 σῇ
895 3859 1135 3932 βοηθείᾳ.
1169 3860 1248 3917 Τὸ
1297 3857 1375 3930 δὲ,
1412 3884 1442 3914 ‹‹
1471 3860 1549 3918 Οὐ
1611 3862 1688 3934 μὴ
1721 3846 1898 3917 κατα-

243 3943 408 4014 νυγῶ,
444 3963 472 3992 ι)
503 3941 620 3999 ἀντὶ
671 3949 769 4000 τοῦ
828 3946 891 4001 οὐ
945 3948 1021 4020 μὴ
1070 3950 1355 4019 σιωπήσω·
1399 3948 1618 4005 εἰώθασι
1690 3950 1794 4026 γὰρ
1844 3950 1898 4004 οἱ

247 4031 701 4106 κατανυσσόμενοι
765 4033 855 4089 καὶ
941 4033 994 4090 έν
1075 4033 1272 4113 καρδίᾳ
1356 4036 1693 4114 λυπούμενοι
1767 4059 1897 4095 σιω-

246 4135 376 4187 πᾳν.

868 4272 1163 4326 ΨΑΛΜΟΣ
1203 4269 1284 4327 Λ’.

324 4446 351 4481 ιι
380 4423 476 4488 Εἰς
558 4426 621 4481 τὸ
675 4425 855 4501 τέλος,
911 4428 1135 4503 ψαλμὸς
1204 4430 1286 4503 τῷ
1342 4427 1506 4486 Δαυῒδ
1579 4429 1898 4495 ἐκστάσεως.

246 4511 370 4569 Ἐπὶ
412 4513 517 4585 σοὶ,
559 4513 742 4590 Κύριε,
800 4514 1029 4586 ἤλπισα.
1061 4539 1089 4572 η
1125 4553 1192 4562 —
1246 4520 1531 4575 ’Έκστασιν
1575 4520 1675 4589 τὴν
1725 4540 1899 4597 παρα-

247 4604 416 4681 φορὰν
476 4599 645 4674 δηλοῖ
686 4612 786 4674 τῆς
841 4605 1127 4674 εὐθύτητος
1182 4609 1243 4678 ἢν
1312 4606 1477 4672 ἔπαθε
1529 4609 1755 4685 μοιχείᾳ
1807 4608 1898 4665 καὶ

248 4690 398 4769 φόνῳ
430 4691 615 4754 ἁλούς.
647 4698 888 4770 Ἔγραψε
919 4692 977 4751 δὲ
1003 4696 1094 4751 τὸν
1138 4696 1382 4772 ψαλμὸν,
1411 4683 1745 4772 διωκόμενος
1796 4697 1900 4754 ὑπὸ
1930 4683 1978 4750 Ῑ)

244 4784 342 4836 τοῦ
375 4776 726 4856 Ἀϐεσαλώμ.

321 4893 349 4920 ‹‹
382 4870 470 4938 Μὴ
521 4871 968 4946 καταισχυνθείην
1029 4873 1104 4936 εἰς
1155 4874 1249 4930 τὸν
1316 4873 1509 4930 αἰῶνα·
1570 4872 1624 4931 έν
1678 4878 1749 4950 τῇ
1818 4873 1900 4931 δι-

246 4957 504 5033 καιοσύνῃ
542 4981 644 5016 σοκ
691 4960 846 5036 ῥῦσαί
896 4983 986 5036 με,
1033 4963 1124 5018 καὶ
1163 4961 1349 5034 ἐξελοῦ
1399 4984 1484 5038 με.
1517 4987 1548 5017 ι)
1579 4997 1648 5009 -
1695 4965 1761 5020 Εἰ
1807 4963 1899 5021 καί

245 5047 460 5119 ἀνάξιός
499 5047 615 5122 εἶμι
650 5050 921 5127 βοηθείας,
951 5050 1080 5109 ἀλλ’
1128 5052 1203 5116 ὡς
1250 5049 1459 5116 δίκαιος
1501 5052 1564 5109 σὺ
1610 5058 1719 5111 τῶν
1769 5051 1899 5111 διω-

243 5136 450 5192 κόντων
482 5159 550 5210 με
583 5138 881 5214 λύτρωσαι.

321 5251 342 5278 ι
380 5225 576 5284 Κλῖνον
603 5229 740 5305 πρός
774 5251 842 5304 με
863 5231 927 5286 τὸ
958 5230 1050 5293 οὗς
1079 5251 1196 5304 σου,
1225 5229 1459 5308 τάχυνον
1497 5236 1599 5288 τοῦ
1627 5231 1897 5308 ἐξελέσθαι

251 5337 336 5390 με.
367 5339 396 5368 ››
429 5349 496 5359 -
515 5321 738 5394 Ταχέως
773 5341 840 5394 με
870 5319 1167 5396 λύτρωσαι.

319 5429 348 5459 ι(
380 5408 499 5490 ’Ότι
551 5408 870 5483 κραταίωμά
930 5431 1034 5484 μου
1093 5410 1184 5466 καὶ
1238 5413 1518 5490 καταφυγή
1580 5433 1690 5486 μου
1733 5412 1783 5468 εἶ
1809 5411 1895 5485 σὺ,

248 5493 338 5547 καὶ
393 5489 565 5550 ἕνεκεν
609 5501 706 5552 τοῦ
756 5497 1019 5571 ὀνόματός
1068 5520 1164 5554 σου
1215 5489 1510 5576 ὀδηγήσεις
1551 5523 1619 5576 με
1664 5501 1756 5558 καὶ
1787 5500 1900 5558 δια-

247 5581 460 5658 θρέψεις
513 5604 597 5655 με.
633 5609 661 5635 ››
703 5619 768 5630 -
799 5585 1120 5663 Ὁδηγήσεις
1173 5610 1242 5662 με
1286 5589 1363 5653 είς
1413 5590 1582 5647 τόπον
1615 5596 1760 5663 ζωῆς
1806 5593 1899 5648 καὶ

248 5669 594 5744 λιμώττοντα
624 5671 950 5750 διαθρέψεις.

317 5785 349 5817 ‹‹
377 5759 475 5824 Ek
523 5761 712 5840 χεῖράς
761 5785 857 5822 σου
905 5767 1289 5843 παραθήσομαι
1332 5767 1397 5824 τὸ
1452 5770 1664 5848 πνεῦμά
1703 5791 1830 5848 μου.
1866 5792 1898 5824 ι)

2018 665 2122 718 μου
2151 647 2250 716 τήν
2283 647 2468 722 ψυχήν
2479 689 2493 704 .

2089 765 2111 794 α
2149 742 2476 820 Ἐλυτρώσω
2529 763 2616 818 με,
2665 742 2829 820 Κύριε
2876 743 2905 798 6
2947 745 3078 806 Θεὸς
3135 749 3238 813 τῆς
3305 742 3582 815 ἀληθείας.
3634 767 3664 802 ι

2009 865 2080 876 —-
2111 831 2342 889 Πολλῶν
2399 832 2501 910 γάρ
2565 855 2631 908 με
2685 830 2943 888 κινδύνων
3004 830 3264 896 διέσωσας
3317 833 3348 888 6
3405 831 3668 905 ἀληθινὸς

2011 921 2163 985 Θεός.

2083 1044 2112 1075 ι(
2141 1019 2436 1094 Ἐμίσησας
2509 1020 2641 1085 τοὺς
2727 1019 3191 1100 διαφυλάσσοντας
3297 1019 3669 1096 ματαιότητας

2009 1107 2281 1181 διακενῆς.
2345 1131 2374 1164 ››
2424 1141 2494 1156 -ι
2539 1111 2878 1189 ’Δποστρέφῃ
2939 1109 3068 1173 τοὺς
3137 1108 3472 1185 ἐμμένοντας
3543 1116 3671 1175 ταῖς

2011 1199 2262 1274 ματαίαις
2299 1199 2553 1276 βουλαῖς,
2583 1199 2673 1256 καὶ
2701 1204 2869 1255 ταῦτα
2896 1198 3175 1264 ἀναιτίως.

2078 1322 2108 1351 ‹‹
2134 1299 2258 1356 ’Ότι
2321 1295 2528 1362 έπεῖδες
2578 1297 2666 1353 ἰπὶ
2714 1297 2814 1368 τὴν
2864 1296 3185 1354 ταπείνωσίν
3241 1317 3367 1374 μου.
3403 1321 3433 1352 ››
3464 1331 3535 1342 -
3564 1303 3673 1354 Τα-

2004 1388 2260 1443 πείνωσιν
2329 1387 2477 1466 λέγει
2544 1391 2636 1445 νῦν
2698 1387 2798 1458 τὴν
2859 1384 3236 1464 ταλαιπωρίαν
3301 1387 3393 1444 καὶ
3451 1409 3672 1464 συντρι-

2005 1472 2130 1549 ϐήν.

2077 1590 2107 1620 ‹‹
2138 1571 2385 1630 ’Έσωσας
2417 1565 2478 1624 ἐκ
2503 1569 2610 1622 τῶν
2659 1565 2905 1644 ἀναγκῶν
2962 1565 3064 1636 τὴν
3124 1563 3310 1642 ψυχήν
3375 1583 3502 1640 μου.
3538 1591 3560 1622 ι
3595 1598 3673 1612 —-

2004 1658 2163 1712 ’Ήτοι
2191 1661 2300 1712 τῶν
2333 1657 2699 1734 περιστάσεων
2727 1654 2818 1711 καὶ
2849 1652 3138 1712 κινδύνων.

2078 1778 2107 1807 ‹‹
2137 1755 2236 1810 Καὶ
2269 1753 2330 1810 οὐ
2363 1753 2706 1817 συνέκλεισάς
2739 1774 2808 1828 με
2836 1753 2914 1817 εἷς
2943 1758 3138 1832 χεῖρας
3170 1751 3407 1830 ἐχθρῶν·
3436 1749 3673 1824 ἔστησας

2004 1842 2056 1900 ἐν
2093 1842 2398 1920 εὐρυχώρῳ
2425 1842 2552 1906 τοὺς
2573 1841 2744 1906 πόδας
2774 1864 2902 1916 μου.
2937 1865 2968 1896 ››
2998 1875 3070 1887 -—
3097 1842 3377 1920 Παρέσχες
3415 1843 3674 1921 εὐρυχω-

1924 1935 1974 2001 Β
2002 1931 2119 2008 ρίαν
2159 1937 2278 1996 τοῖς
2325 1931 2456 1988 ποσί
2509 1953 2616 2006 μου
2664 1929 3089 2006 λυτρωσάμενος
3130 1937 3235 2002 τῆς
3293 1932 3668 2010 στενοχωρίας

2001 2029 2102 2094 τῆς
2135 2021 2195 2079 ἐκ
2219 2027 2318 2077 τοῦ
2348 2019 2712 2096 κυκλώματος
2742 2025 2851 2078 τῶν
2883 2020 3122 2098 ἐχθρῶν.

2077 2143 2106 2174 ι(
2139 2119 2399 2191 Ἐλέησόν
2436 2141 2523 2194 με,
2565 2119 2754 2197 Κύριε,
2786 2119 2871 2176 ὅτι
2920 2114 3208 2194 θλίϐομαι.
3245 2117 3560 2197 Ἐταράχθη
3607 2117 3665 2178 έν

2003 2211 2161 2284 θυμῷ
2190 2211 2219 2265 6
2251 2208 2533 2288 ὀφθαλμός
2585 2231 2711 2284 μου.
2744 2231 2774 2263 ››
2807 2242 2876 2251 -
2906 2210 3006 2264 Διὰ
3047 2209 3140 2265 τὸν
3187 2207 3271 2265 ἐπ’
3319 2209 3446 2284 ἐμοὶ
3489 2209 3668 2284 θυμόν

2005 2319 2101 2354 σου
2148 2298 2468 2374 τετάρακταί
2518 2320 2623 2372 μου
2673 2299 2702 2354 6
2748 2295 3056 2378 ὀφθαλμός.
3098 2298 3152 2352 '0
3205 2298 3300 2373 μέν
3350 2300 3672 2372 σωματικὸς

2005 2389 2111 2444 ἀπὸ
2165 2392 2264 2445 τοῦ
2313 2385 2584 2466 δακρύειν,
2617 2389 2646 2445 6
2694 2385 2753 2444 δὲ
2798 2387 3033 2465 ψυχικὸς
3087 2387 3193 2443 ἀπὸ
3239 2394 3343 2460 τῆς
3390 2386 3451 2444 ἐκ
3480 2386 3669 2460 λύπης

2005 2477 2342 2556 συγχύσεως.

2075 2600 2105 2630 α
2136 2577 2200 2632 Ἠ
2247 2577 2400 2653 ψυχή
2439 2596 2545 2650 μου
2592 2575 2683 2631 καὶ
2712 2577 2750 2646 ἡ
2781 2576 2990 2652 γαστήρ
3044 2597 3171 2649 μου.
3207 2599 3238 2628 ››
3276 2607 3347 2619 —
3393 2576 3460 2632 Ἠ
3507 2579 3670 2654 ψυχή

2003 2664 2110 2721 ἀπὸ
2193 2662 2514 2740 ἀδημονίας,
2560 2668 2597 2735 ἡ
2654 2667 2864 2741 γαστήρ
2948 2664 3056 2720 ἀπὸ
3119 2661 3372 2728 εὐσιτίας⁸
3449 2664 3672 2739 μᾶλλον

2004 2752 2063 2810 δὲ
2108 2755 2344 2832 γαστέρα
2389 2753 2616 2826 νοητέον
2667 2754 2894 2820 ἐνταῦθα
2935 2755 3000 2810 τὸ
3046 2759 3296 2830 ταμιεῖον
3347 2759 3459 2811 τῶν
3511 2753 3665 2834 λογι-

2002 2865 2154 2918 σμων
2165 2887 2178 2900 .

2075 2967 2103 2995 ‹‹
2135 2944 2253 2997 ’Ὀτι
2303 2941 2543 3014 ἐξέλιπεν
2595 2941 2648 2999 έν
2703 2939 2868 3017 ὀδύνῃ
2913 2943 2950 3012 ἡ
3007 2943 3121 3014 ζωή
3174 2962 3302 3016 μου,
3330 2941 3421 2998 καὶ
3467 2941 3536 2998 τὰ
3563 2940 3657 3015 ἔτη

2005 3053 2112 3106 μου
2169 3031 2222 3087 ἐν
2277 3035 2620 3108 στεναγμοῖς.
2673 3055 2696 3085 ιι
2749 3064 2819 3076 -
2866 3032 3003 3087 Ἀπὸ
3058 3035 3243 3087 κοινοῦ
3301 3031 3364 3087 τὸ
3432 3029 3646 3102 ἐλέησόν

2006 3141 2093 3194 με,
2143 3119 2228 3176 ὅτι
2277 3120 2422 3176 πᾶσά
2454 3141 2560 3196 μου
2597 3122 2634 3192 ἡ
2686 3121 2800 3192 ζωὴ
2850 3119 2902 3176 έν
2955 3119 3138 3195 θλίψει
3185 3118 3276 3177 καί
3332 3123 3649 3196 στεναγμοῖς

2002 3207 2365 3280 δεδαπάνηται
2380 3253 2393 3269 .

2073 3331 2102 3360 ‹‹
2137 3307 2449 3378 Ἠσθένησεν
2481 3307 2534 3362 έν
2564 3305 2816 3384 πτωχείᾳ
2834 3308 2870 3378 ἡ
2902 3306 3063 3384 ἲσχύς
3089 3325 3260 3382 μου.»
3288 3331 3355 3353 —-
3378 3303 3668 3384 Πτωχειαν

2002 3397 2102 3467 τήν
2135 3398 2234 3467 σὴν
2263 3391 2460 3475 τριϐήν
2493 3417 2625 3477 φησι
2652 3403 2753 3468 τῆς
2781 3399 2990 3475 ψυχῆς,
3013 3397 3050 3468 ἢ
3079 3397 3168 3454 καὶ
3195 3399 3296 3469 τήν
3329 3395 3534 3454 ἔνδειαν
3557 3401 3667 3453 τῶν

2004 3484 2328 3563 ἀναγκαίων.

2078 3607 2109 3636 ‹‹
2141 3583 2242 3640 Καὶ
2296 3583 2366 3639 τὰ
2412 3581 2546 3638 ὀστᾶ
2612 3603 2718 3657 μου
2783 3581 3184 3659 ἐταράχθησαν.
3235 3604 3268 3636 ι»
3314 3611 3386 3626 -—
3437 3587 3673 3659 Παρεκιο

2003 3673 2250 3744 νήθησαν
2296 3673 2386 3751 ἀφ’
2431 3675 2500 3741 ἧς
2554 3671 2706 3748 εἶχον
2755 3671 2964 3748 βάσεως
3013 3670 3261 3748 συνέχειν
3305 3691 3375 3746 με
3424 3672 3504 3745 μὴ
3571 3669 3669 3728 δυο

2003 3760 2229 3835 νάμενα.
2302 3762 2372 3816 Ἣ
2441 3757 2655 3835 μᾶλλον
2731 3759 3010 3836 πτωχείαν
3081 3759 3303 3831 νοητέον
3361 3761 3463 3831 τὴν
3516 3761 3668 3817 θείαν

2008 3848 2413 3926 έγκατάλειψιν,
2501 3848 2662 3925 ῒσχὺν
2768 3849 2868 3918 τήν
2977 3846 3194 3926 ἀνδρίαν
3263 3856 3366 3919 τῆς
3450 3853 3664 3926 ψυχῆς.

2009 3939 2143 3996 ὀστᾶ
2209 3936 2267 3995 δὲ
2327 3937 2456 4002 τοὺς
2520 3937 2868 4003 συνεκτικοὺς
2943 3937 3111 4008 αὐτῆς
3183 3936 3442 4017 στερροὺς
3505 3936 3667 4015 λογι-

2009 4049 2206 4104 σμους.

2081 4141 2112 4171 ι(
2142 4118 2297 4194 Παρά
2323 4118 2525 4180 πάντας
2551 4116 2680 4182 τοὺς
2710 4113 2943 4196 ἐχθρούς
2972 4137 3077 4193 μου
3102 4115 3362 4196 ἐγενήθην
3393 4112 3671 4181 ὄνειδος.»
3701 4114 3706 4117 ’

2009 4239 2080 4251 -
2108 4205 2206 4271 Εἲς
2235 4205 2458 4270 πάντας.

2086 4326 2110 4356 ι
2144 4303 2252 4360 Καὶ
2305 4307 2425 4366 τοῖς
2482 4301 2690 4380 γείτοσι
2749 4324 2857 4379 μου
2901 4297 3131 4386 σφόδρα.
3155 4327 3188 4359 ››
3213 4336 3285 4350 -
3314 4304 3454 4362 Ἀπὸ
3480 4310 3672 4364 κοινοῦ

2011 4391 2236 4469 ἐγενήθη
2267 4387 2497 4456 ὄνειδος.

2083 4514 2113 4543 ι(
2145 4489 2244 4545 Καὶ
2291 4485 2462 4570 φόϐος
2527 4494 2646 4553 τοῖς
2698 4496 2962 4568 γνωστοῖς
3018 4513 3146 4567 μου.
3194 4515 3224 4546 ››
3267 4520 3339 4538 -ι-
3387 4490 3674 4551 Δεδοίκασι

2015 4581 2215 4652 μήπως
2242 4577 2624 4636 κινδυνεύσωσι
2656 4577 2746 4636 διὰ
2771 4581 2873 4652 τὴν
2910 4579 2989 4645 είς
3019 4581 3119 4657 ἐμὲ
3155 4581 3451 4640 οἶκείωσιν.

2082 4701 2112 4731 ι(
2143 4676 2489 4749 Ἐπελήσθην
2568 4677 2698 4734 ὡσεὶ
2778 4679 2969 4757 νεκρὸς
3039 4679 3146 4736 ἀπὸ
3209 4679 3458 4756 καρδίας.
3510 4704 3540 4733 ››
3598 4712 3672 4726 -

2007 4769 2440 4842 Ἦμνημονήθην
2488 4767 2597 4824 ἀπὸ
2641 4765 2867 4844 καρδίας
2917 4771 3028 4825 τῶν
3063 4767 3241 4848 φίλων
3285 4788 3394 4844 μου
3423 4765 3607 4848 ὥσπερ
3639 4769 3672 4826 6

2008 4853 2218 4932 νεκρός.

2080 4969 2110 4998 ‹‹
2141 4947 2260 5001 ’Ὀτι
2316 4942 2528 5016 ἥκουσα
2577 4944 2744 5024 ψόγον
2803 4944 3032 5003 πολλῶν
3099 4945 3512 5024 παροικούντων
3567 4968 3666 5004 κυ-

2005 5033 2226 5100 κλόθεν.
2261 5058 2291 5088 ››
2322 5067 2388 5078 -
2418 5035 2557 5091 ’Δπὸ
2604 5039 2788 5091 κοινοῦ
2829 5035 2994 5094 πάλιν
3024 5037 3110 5109 τὸ,
3149 5062 3171 5090 ι
3206 5036 3428 5106 ἐλέησόν
3460 5058 3550 5113 με,
3582 5037 3670 5094 ὅτι

2009 5123 2216 5182 οίκεί...
2249 5125 2460 5197 ἀκήκοα
2491 5121 2770 5203 λοιδορίαν
2795 5123 2942 5202 παρᾶ
2970 5123 3224 5185 πολλῶν.
3257 5149 3288 5180 ››

2081 5223 2282 5301 «Ἐγὼ
2341 5220 2401 5279 δὶ
2455 5221 2543 5278 ἐπὶ
2593 5221 2702 5297 σοὶ,
2730 5222 2916 5300 Κύριε,
2947 5219 3178 5293 ἤλπισα·
3223 5222 3369 5296 εἶπα,
3421 5227 3500 5280 Σὺ
3543 5215 3596 5280 εἴ
3641 5225 3674 5283 ὁ

2008 5312 2139 5376 Θεός
2201 5333 2325 5388 μου.
2361 5336 2391 5365 ››
2421 5317 2606 5368 -Ἐν
2655 5315 2728 5388 τῇ
2785 5309 3006 5387 δύναμει
3074 5327 3172 5370 σου
3229 5315 3286 5370 αἱ
3339 5312 3516 5394 ψῆφοι
3559 5335 3673 5388 μου

2006 5400 2097 5458 καὶ
2143 5405 2242 5457 τοῦ
2289 5401 2519 5458 θανάτου
2563 5401 2656 5459 καὶ
2701 5407 2806 5473 τῆς
2859 5406 3028 5474 ζωῆς.
3058 5402 3129 5459 Τὸ
3159 5400 3292 5468 θεὸς
3333 5401 3394 5461 δὶ
3421 5403 3539 5460 ἀντὶ
3567 5407 3676 5462 τοῦ

2008 5489 2379 5566 ἔξουσιαστής.

2082 5587 2321 5643 «Ῥῦσαί
2381 5609 2448 5663 με
2505 5587 2567 5645 ἐκ
2619 5588 2812 5666 χειρὸς
2873 5588 3230 5666 ἐχθρῶνμου
3256 5577 3481 5649 καὶτῶν
3509 5607 3680 5648 κατα-

2008 5674 2318 5735 διωκόντων
2391 5699 2479 5753 με.
2523 5702 2554 5732 »
2609 5707 2680 5723 --
2729 5675 2948 5734 Δίκαιον
2997 5679 3185 5736 ἑαυτὸν
3235 5701 3401 5759 φησιν
3449 5680 3527 5744 ὡς
3587 5682 3672 5755 μὴ

2009 5763 2450 5848 προαδικήσαντα
2491 5765 2622 5834 τοὺς
2671 5765 2931 5848 ὐχθροὶις,
2959 5765 3193 5846 ἀνομίαν
3233 5767 3294 5830 δὶ
3334 5771 3440 5844 τὴν
3488 5768 3674 5852 παρά·-
