4072 6422
365 399 520 468 HM

1589 393 2004 460 EXPOSITIO
2048 395 2126 460 IN
2171 396 2558 464 PSALMOS.

3626 412 3785 474 1442

367 549 538 621 νυμον
573 521 930 621 συμϐουλήν·
952 527 1088 621 *καὶᾷ
1115 525 1480 621 ὑπερηφανίαν
1531 528 1628 602 μὲν
1672 529 1775 600 τήν
1825 525 2029 600 ἀλαζο-
2053 531 2110 600 Α
2139 529 2260 621 ρίας
2291 530 2371 596 εἷς
2420 530 2724 605 ἀθλιότητα
2779 534 2832 592 ἐν
2883 539 2964 610 τῷ
3017 535 3330 616 ἐμπαγῆναι
3366 561 3459 615 μοι
3487 543 3588 614 τὴν
3617 543 3787 621 ἀμαρ-

369 619 534 692 νείαν,
570 616 914 691 ἐξουδένωσιν
949 615 1007 672 δὲ
1033 619 1133 687 τὴν
1166 612 1344 693 ὕϐριν.

445 732 475 762 ‹‹
506 709 594 772 Ὡς
633 704 778 764 πολὺ
814 708 879 764 τὸ
906 703 1120 777 πλῆθος
1169 713 1272 777 τῆς
1328 707 1710 784 χρηστότητός
1768 729 1885 779 σου,
1917 706 2026 763 Κύ-

373 817 476 876 ριε,
507 800 576 868 ἧς
607 791 842 874 ἔκρυψας
894 801 1013 859 τοῖς
1071 791 1436 875 φοϐουμένοις
1491 819 1570 855 σε.
1604 821 1634 850 ››
1664 831 1733 842 —
1761 799 1858 854 Ἶῐν
1892 796 2026 853 ἀπό-

2131 619 2272 676 τίαν.

2207 735 2237 763 ιι
2269 712 2376 782 Τὴν
2447 713 2672 788 ἀνομίαν
2731 736 2836 790 μου
2892 715 3158 795 ἐγνώρισα
3212 721 3303 774 καὶ
3357 722 3455 790 τὴν
3518 723 3783 800 ἁμαρτίαν

2140 819 2246 872 μου
2297 801 2399 857 οὐκ
2453 801 2717 879 ἐκάλυψα.
2763 829 2793 858 ιι
2834 839 2905 850 ——-
2955 806 3020 862 Εἰ
3093 807 3183 863 καὶ
3256 809 3619 886 αὐθορμήτως
3691 813 3790 869 οὐκ

371 897 523 978 θετον
583 884 876 978 φυλάσσεις
931 890 1049 950 τοῖς
1107 883 1328 949 δούλοις
1395 907 1495 943 σου
1569 887 1858 965 γυμνάζων
1926 887 2027 956 τὴν
2137 887 2429 968 ἐφαύλισας
2483 893 2582 963 τήν
2643 893 2782 967 ἐμὴν
2839 896 3129 972 ἁμαρτίαν,
3185 895 3310 952 ἀλλ’
3339 883 3789 978 ὅτε-ἤλεγχόμην

366 976 576 1032 τούτων
611 977 715 1031 ὑπο
726 977 916 1050 μονήν.

445 1088 475 1119 κ
509 1063 833 1143 Ἐξειργάσω
887 1070 1004 1130 τοῖς
1061 1063 1375 1136 ἐλπίζουσιν
1437 1064 1527 1123 ἐπὶ
1555 1067 1614 1124 σὶ
1644 1065 1879 1123 ἐναντίον
1920 1067 2028 1122 τῶν

370 1155 504 1218 υἱῶν
547 1159 655 1210 τῶν
700 1153 1023 1232 ἀνθρώπων.
1058 1177 1088 1208 ››
1117 1187 1188 1198 -
1234 1152 1650 1231 Ἐξεπλήρωσας
1700 1153 1759 1210 δὲ
1803 1155 1894 1211 καὶ
1944 1151 2032 1209 ἔκ-

2141 978 2242 1037 ὗπὸ
2274 980 2447 1037 Νάθαν
2474 981 2630 1047 εὐθὺς
2669 983 3008 1062 ὡμολόγησα
3035 987 3124 1041 καὶ
3167 986 3266 1042 οὐκ
3293 989 3646 1064 ἠρνησάμην.

2216 1092 2246 1121 ιι
2275 1070 2437 1144 Εἶπα,
2492 1072 2858 1150 Ἐξαγορεύσω
2916 1077 3031 1130 κατ’
3093 1074 3228 1148 ἐμοῦ
3283 1077 3384 1145 τήν
3435 1078 3661 1153 ἀνομίαν
3695 1102 3800 1154 μου

2141 1161 2220 1230 τῷ
2276 1161 2479 1234 Κυρίῳ,
2535 1160 2626 1217 καὶ
2677 1161 2740 1216 σὺ
2799 1163 3010 1242 ἀφῆκας
3065 1166 3166 1235 τήν
3222 1161 3468 1221 ἀσέϐειαν
3523 1170 3622 1238 τῆς
3675 1190 3805 1246 καρ-

373 1241 544 1332 δηλον
605 1242 842 1332 εἰργάσω
892 1244 1058 1314 αὐτὴν
1108 1244 1160 1299 ἐν
1198 1249 1316 1332 τοῖς
1367 1243 1680 1315 ἐλπίζουσιν
1709 1243 1797 1300 ἐπὶ
1837 1244 1917 1317 σὲ,
1946 1241 2037 1298 ὅτε
2138 1244 2264 1310 ,δίας
2327 1269 2452 1323 μου.
2511 1272 2542 1302 ››
2598 1283 2668 1294 -—
2722 1251 2834 1308 Οὐκ
2889 1248 3183 1324 ἐσεϐάσθην
3220 1254 3330 1330 ἐγὼ
3362 1255 3490 1318 τοὺς
3521 1257 3644 1332 περί
3679 1241 3808 1330 μοί-

368 1330 644 1404 ἠθέλησας
705 1331 936 1391 ἐνώπιον
993 1332 1223 1395 πολλῶν
1263 1331 1358 1390 *ίνα
1409 1333 1652 1408 μάθωσιν
1703 1331 1786 1389 ὅτι
1837 1333 2035 1408 ὑπερα-

371 1420 581 1493 σπίζεις
608 1427 718 1478 τῶν
750 1426 881 1480 σῶν.

2146 1335 2300 1412 χείας
2357 1337 2447 1393 καὶ
2505 1339 2672 1416 φόνου
2714 1340 2920 1414 νόμους
2952 1363 3048 1398 σου
3083 1359 3096 1373 ·
3155 1341 3304 1398 ἀλλά
3331 1343 3394 1400 οὺ
3422 1346 3523 1415 τὴν
3548 1347 3810 1417 τοιαύτην

2149 1420 2391 1482 ἀσέϐειαν
2444 1429 2855 1506 συνεχώρησας,
2939 1429 3030 1486 καὶ
3115 1430 3214 1486 οὐκ
3262 1431 3623 1507 ἐθανάτωσας,
3688 1433 3816 1491 ἀλλ’

445 1536 475 1566 ιι
509 1511 884 1588 Κατακρύψεις
915 1511 1112 1576 αὐτοὺς
1144 1510 1197 1570 ἐν
1238 1511 1542 1592 ἀποκρύφῳ
1589 1515 1685 1570 τοῦ
1735 1511 2040 1589 προσώπου
2149 1511 2322 1578 οὕτως
2353 1513 2692 1591 ἐπαίδευσας,
2725 1517 2799 1581 ὡς
2833 1517 2884 1573 εἷ’
2927 1520 3004 1593 μὴ
3069 1515 3524 1597 ὑπερϐαλλόντως
3581 1524 3806 1598 ἠνόμη-

378 1621 495 1659 σου.
530 1625 561 1654 ››
591 1634 658 1646 —-
689 1606 848 1658 ’Ἤτοι
876 1601 1006 1665 τοὺς
1037 1601 1357 1672 ἐλπίζοντας
1403 1602 1492 1658 ἐπὶ
1537 1603 1614 1676 σὲ,
1647 1602 1702 1659 ἐν
1734 1599 2039 1679 ἀποκρύφῳ
2150 1623 2236 1661 σα.

374 1691 532 1766 τόπῳ
561 1689 778 1763 δηλαδὴ
805 1695 906 1754 τοῦ
933 1690 1392 1769 προσώπου,ἤτοι
1411 1696 1506 1748 σοῦ
1527 1692 1665 1749 κατὰ
1691 1691 2041 1771 περίφρασιν,

377 1780 468 1837 καὶ
499 1780 607 1859 οὐχ
637 1779 956 1856 εὑρήσουσιν
988 1781 1185 1845 αὐτοὺς
1219 1783 1270 1836 οἱ
1301 1781 1519 1857 ἐχθροί.

2152 1785 2328 1857 καιρῷ
2383 1781 2602 1857 εὐθέτῳ.
2665 1809 2687 1836 ιι

2228 1715 2256 1745 ιι
2283 1693 2442 1770 Ὑπὲρ
2496 1693 2701 1767 ταύτης
2754 1697 3103 1774 προσεύξεται
3156 1699 3290 1774 πρὸς
3349 1701 3408 1754 σὲ
3436 1705 3542 1764 πᾶς
3573 1700 3720 1766 ὅσιος
3752 1701 3806 1759 ἐν

2752 1819 2822 1844 -.—
2876 1787 3010 1844 Ἀπὸ
3067 1785 3271 1858 ταύτης
3336 1794 3438 1858 τῆς
3518 1788 3811 1869 ἀφεθείσης

452 1894 483 1923 ιι
519 1870 658 1926 Ἀπὸ
685 1871 934 1947 ταραχῆς
963 1870 1285 1948 ἀνθρώπων.
1313 1895 1343 1924 ››
1373 1903 1444 1915 -
1473 1871 1562 1927 Ἐν
1591 1874 1768 1948 καιρῷ
1793 1870 2047 1946 ταραχῆς
2073 1924 2122 1948 η
2155 1868 2282 1942 ἐμοὶ
2341 1871 2606 1947 ἁμαρτίας
2663 1873 2983 1948 κινούμενος
3049 1881 3157 1939 πᾶς
3212 1873 3469 1947 θεοσεϐὴς
3525 1868 3626 1936 οὐκ
3674 1879 3812 1935 ἀπο-

380 1957 775 2028 στασιαζόντων
849 1960 1152 2036 ἀνθρώπων
1209 1960 1302 2016 καὶ
1357 1960 1410 2016 ἐν
1476 1964 1652 2033 καιρῷ
1729 1956 2049 2034 ἀντιλογίας

379 2048 664 2126 γλῶσσῶν.
695 2049 854 2105 ’Ήτοι
882 2048 1156 2114 ἀπειθείας
1206 2049 1344 2107 λαοῦ
1390 2048 1675 2113 σκεπάσεις
1723 2046 1922 2111 αὐτοὺς
1968 2046 2045 2110 ὡς

384 2138 437 2196 ἐν
467 2142 668 2214 σκηνῇ.

457 2252 486 2281 ι(
519 2226 841 2306 Εὐλογητὸς
899 2227 1115 2306 Κύριος,
1176 2227 1259 2286 ὅτι
1330 2227 1714 2304 ἐθαυμάστωσε
1767 2226 1830 2283 τὸ
1888 2220 2044 2288 ἕλεος

385 2316 551 2376 αὐτοῦ
607 2317 660 2374 ἐν
717 2315 880 2374 πόλει
931 2325 1225 2396 περιοχῆς.
1261 2343 1291 2372 ››
1331 2350 1401 2363 -—-
1457 2314 1765 2397 Παράδοξον
1823 2315 2050 2386 ἐποίησε

384 2407 450 2465 τὸ
498 2406 651 2472 ἔλεος
702 2407 867 2464 αὐτοῦ
915 2407 967 2463 ἐν
1015 2408 1162 2484 ἐμοὶ,
1207 2407 1612 2486 χρηματίσαντι
1660 2403 1927 2480 ἀναλώτῳ
1970 2404 2046 2468 ὡς

390 2496 552 2554 πόλει
579 2499 1104 2576 περιτετειχισμένῃ.

471 2611 493 2640 ιι
529 2588 673 2664 Ἐγὼ
703 2585 763 2642 δὲ
794 2587 917 2644 εἶπα
945 2587 996 2643 ἐν
1027 2592 1096 2664 τῇ
1127 2587 1368 2644 ἐκστάσει
1399 2585 1913 2664 μου,Ἀπέῤῥιμμαι
1942 2583 2048 2639 ἀπὸ

393 2681 692 2754 προσώπου
737 2681 847 2732 τῶν
900 2675 1201 2756 ὀφθαλμῶν
1247 2699 1364 2734 σου.
1399 2701 1428 2730 ››
1462 2711 1528 2721 -
1558 2678 1842 2732 Ἔκστασιν
1901 2671 2046 2750 λέγει

391 2767 490 2837 τήν
533 2765 800 2840 ἐντροπὴν
839 2773 940 2837 τῆς
971 2763 1101 2822 ὀδοῦ
1123 2771 1232 2824 τῶν
1266 2765 1424 2822 θείων
1457 2765 1715 2822 ἐντολῶν.

469 2878 498 2909 ιι
531 2854 631 2912 Διά
683 2859 844 2910 τοῦτο
904 2854 1226 2927 είσήκουσας
1280 2863 1382 2926 τῆς
1441 2857 1626 2934 φωνῆς
1681 2855 1781 2923 τῆς
1811 2849 2050 2923 δεήσεώς

397 2965 525 3020 μου,
559 2943 613 3000 ἐν
669 2949 751 3018 τῷ
806 2945 1121 3022 κεκραγέναι
1164 2965 1233 3018 με
1285 2943 1425 3022 πρός
1484 2965 1561 3000 σε·
1598 2966 1628 2995 ’³
1679 2940 1828 2997 Διὸτι
1881 2937 2047 3016 ἀπεβ-

398 3033 664 3111 ῥιμμένον
696 3033 1008 3109 ἡγούμενος
1049 3033 1280 3108 ἐμαυτὸν
1313 3032 1420 3088 ἀπὸ
1445 3038 1548 3103 τῆς
1580 3030 1892 3110 ἐπιφανείας
1947 3033 2048 3099 τῆς

394 3122 695 3194 ἐπισκοπῆς
754 3143 850 3178 σου
917 3120 1007 3178 διὰ
1058 3123 1159 3193 τὴν
1219 3121 1485 3200 ἀμαρτίαν
1544 3118 1787 3200 μεγάλης
1852 3115 2050 3190 ὀδύνης

396 3208 636 3289 ἔπασχον
670 3207 984 3289 συντριϐήν.

2073 1924 2125 1992 Β

2156 1959 2445 2035 γνώσεται,
2503 1961 2653 2018 ἀλλά
2706 1962 3072 2040 παρακαλέσει
3130 1964 3184 2020 ἐν
3247 1971 3423 2041 καιρῷ
3502 1967 3813 2042 μετανοίας.

2153 2049 2211 2103 Ὀ
2241 2049 2344 2124 γὰρ
2378 2049 2619 2118 ἀνόσιος,
2653 2050 2778 2109 οὐδὲ
2819 2053 3204 2128 μεταμέλεται.

2229 2160 2258 2189 ιι
2289 2137 2444 2208 Πλὴν
2473 2138 2526 2194 ἐν
2556 2139 2925 2216 κατακλυσμῷ
2964 2140 3170 2199 ὑδάτων
3229 2143 3460 2200 πολλῶν
3520 2145 3660 2222 πρὸς
3717 2146 3812 2202 αὐ-

2154 2227 2245 2281 τὸν
2305 2225 2406 2283 οὐκ
2455 2227 2756 2304 ἐγγιοῦσιν.
2809 2254 2838 2283 ››
2869 2263 2939 2274 —-
2967 2231 3037 2286 T6
3065 2230 3206 2300 κλήν
3234 2232 3353 2288 ἀντὶ
3382 2238 3478 2290 τοῦ
3509 2234 3598 2290 καὶ
3629 2254 3644 2269 ·
3678 2235 3811 2314 φησὶ

2155 2314 2259 2393 γάρ
2292 2357 2306 2372 .
2370 2339 2399 2369 ιι
2436 2317 2538 2372 Καὶ
2595 2317 2646 2373 ἐν
2701 2318 3018 2397 πλημμύρᾳ
3068 2318 3296 2376 πολλῶν
3351 2326 3667 2399 πειρασμῶν
3715 2322 3815 2380 οὐκ

2157 2404 2401 2481 ἐγγιοῦσι
2431 2407 2566 2484 πρὸς
2597 2409 2756 2464 αὐτὸν
2807 2411 2860 2464 οἱ
2907 2411 3201 2487 πειρασμοὶ
3251 2409 3390 2467 ὣστε
3425 2412 3810 2479 καταποντίσαι

2160 2495 2446 2570 μακρόθεν,
2479 2497 2570 2552 καὶ
2595 2500 2889 2575 θροήσουσι
2916 2501 3006 2554 καὶ
3031 2501 3340 2578 ταράξουσι.

2228 2608 2259 2636 (‹
2293 2589 2528 2640 Συνετιῶ
2556 2606 2615 2641 σε
2642 2587 2731 2642 καὶ
2761 2582 3017 2662 συμϐιϐῶ
3075 2610 3133 2644 σε
3189 2588 3241 2645 ἐν
3301 2588 3412 2663 ὁδῷ
3435 2589 3603 2667 ταύτῃ
3629 2595 3671 2662 ἦ
3702 2613 3810 2648 πο-

2159 2673 2319 2750 ρεύσῃ
2353 2694 2365 2706 ·
2428 2673 2730 2751 ἐπιστηριῶ
2785 2676 2875 2732 ἐπὶ
2933 2677 2992 2732 σὲ
3036 2679 3164 2741 τοὺς
3223 2678 3543 2758 ὀφθαλμούς
3596 2701 3723 2755 μου.
3783 2704 3813 2734 »

2283 2764 2341 2817 (Ω
2441 2764 2455 2782 9
2509 2765 2536 2819 ὸ
2693 2769 2720 2780 4-
2819 2767 2833 2784 \
2917 2766 2931 2787 (
3016 2768 3031 2788 \
3638 2775 3665 2787 σο
3756 2766 3782 2790 Ἰ

2162 2794 2275 2832 -η
2345 2785 2370 2826 ς
2431 2784 2505 2819 απ
2592 2775 2724 2821 Θεου
2779 2787 2842 2821 το
2904 2788 3090 2843 ρητον,
3152 2767 3423 2824 Συνετίσω
3482 2791 3540 2824 σε
3589 2791 3709 2834 πως
3751 2790 3813 2826 αν

2160 2852 2547 2930 ὑπερτερήσῃς,
2605 2855 2696 2910 καὶ
2748 2855 3200 2934 συμπορεύσομαι
3257 2878 3342 2913 σοι
3401 2857 3549 2934 ἐντῇ
3590 2879 3814 2936 προκει-

2162 2941 2294 3018 μένῃ
2323 2942 2542 3021 πορείᾳ.

2231 3032 2371 3101 ‹‹Μὴ
2429 3032 2639 3110 γίνεσθε
2695 3033 2768 3098 ὡς
2825 3031 2990 3098 ἷίππος
3036 3033 3126 3091 καὶ
3175 3034 3410 3110 ἡμίονος
3453 3039 3537 3100 οἷς
3570 3035 3670 3093 οὐκ
3699 3034 3811 3093 ἔστι

2159 3119 2390 3184 σύνεσις.
2417 3145 2446 3175 ››
2478 3154 2549 3166 --
2570 3124 2666 3178 Ἐκ
2719 3126 2817 3178 τοῦ
2884 3121 3047 3180 Δαυίδ
3105 3125 3134 3180 6
3186 3122 3353 3201 λόγος
3385 3142 3399 3157 ·
3427 3130 3680 3200 παραινεῖ
3704 3125 3809 3202 γὰρ

2164 3211 2242 3285 μὴ
2307 3209 2550 3288 γίνεσθαι
2605 3213 2754 3287 ἡμᾶς
2803 3210 3138 3288 θηλυμανεῖς
3203 3215 3294 3270 καὶ
3370 3209 3603 3291 ἀγόνους
3675 3215 3814 3289 πρὸς

462 3324 492 3355 ιι
519 3304 862 3379 Ἀγαπήσατε
885 3302 979 3358 τὸν
1011 3300 1231 3378 Κύριον,
1262 3299 1459 3366 πάντες
1491 3301 1544 3357 οἱ
1570 3298 1712 3356 ὅσιοι
1741 3297 1930 3369 αὐτοῦ,
1962 3295 2046 3352 ὅτι
2080 3297 2124 3365 C
2164 3299 2379 3376 ἀρετήν.

389 3388 651 3463 ἀληθείας
707 3390 925 3462 ἐκζητεῖ
980 3389 1200 3466 Κύριος.
1254 3413 1284 3444 ››
1333 3425 1400 3435 -
1451 3396 1610 3447 ’Ἤτοι
1665 3390 1764 3452 τάς
1819 3386 2047 3460 ἀληθεῖς

390 3480 530 3558 πρὸς
559 3479 718 3536 αὐτὸν
761 3480 989 3558 ἀγάπας.

461 3595 491 3624 ιι
523 3569 623 3626 Καὶ
653 3567 1057 3626 ἀνταποδίδωσι
1100 3574 1218 3634 τοῖς
1264 3574 1535 3645 περισσῶς
1576 3573 1826 3626 ποιοῦσιν
1884 3567 2049 3643 ὑπερ-

390 3658 647 3740 ηφανίαν.
699 3684 730 3714 ››
781 3694 850 3703 -
907 3663 1040 3724 Τοῖς
1092 3659 1197 3737 γὰρ
1258 3657 1496 3736 μετρίως
1563 3655 2052 3731 ἀλαζονευομένοις

399 3751 767 3827 μακροθυμῶν
800 3749 902 3806 οὐκ
923 3747 1344 3807 ἀνταποδίδωσι.

988 3869 1283 3924 ΨΑΛΜΟΣ
1321 3872 1450 3924 ΛΑ’.

467 3987 498 4016 ιι
530 3959 767 4034 Ψαλμὸς
821 3961 903 4036 τῷ
954 3961 1120 4019 Δαυῒδ
1171 3964 1456 4026 συνέσεως.
1505 3964 1776 4040 Μακάριοι
1834 3963 1908 4018 ὧν
1949 3962 2050 4041 ἀφ-

395 4049 612 4121 είθησαν
688 4051 744 4105 αἱ
821 4051 1065 4125 ἀνομίαι,
1135 4054 1226 4108 καὶ
1299 4053 1376 4108 ὧν
1452 4050 1900 4130 ἐπεκαλύφθησαν
1995 4051 2051 4108 αἱ

396 4139 677 4217 ἁμαρτίαι.
710 4162 740 4192 ››
779 4171 850 4182 --
877 4139 1171 4212 Ζηλωτους
1203 4139 1498 4198 ἀποκαλῶν
1528 4140 1658 4204 τοὺς
1696 4140 1914 4204 ἀπόνως
1963 4139 2055 4197 διὰ

390 4233 492 4286 τοῦ
551 4227 926 4304 βαπτίσματος
982 4230 1076 4285 τὸν
1152 4229 1452 4309 ἀφανισμὸν
1514 4235 1624 4286 τῶν
1687 4227 2049 4306 ἐγκλημάτων

392 4317 796 4396 κερδαίνοντας.

467 4432 500 4462 α
528 4409 807 4485 Μακάριος
839 4407 976 4484 ἀνὴρ
1005 4409 1052 4482 ᾧ
1078 4407 1140 4464 οὐ
1182 4410 1259 4482 μὴ
1310 4407 1597 4487 λογίσηται
1634 4407 1833 4487 Κύριος
1876 4409 2052 4483 ἀμαρ-

392 4496 534 4570 τίαν,
567 4495 694 4553 οὐδὲ
751 4495 894 4554 ἔστιν
945 4497 998 4554 ἐν
1051 4501 1134 4572 τῷ
1190 4497 1420 4572 στόματι
1477 4498 1643 4554 αὐτοῦ
1701 4495 1888 4560 δόλος.
1921 4521 2052 4551 »-

394 4587 635 4650 Ἐκεῖνος
660 4584 719 4643 δὲ
746 4585 826 4661 τῷ
854 4582 968 4644 ὄντι
1003 4586 1290 4665 μακάριος,
1306 4589 1334 4643 6
1353 4589 1422 4644 τὰ
1438 4588 1538 4658 τὴν
1563 4585 1654 4643 διὰ
1677 4587 2050 4664 βαπτίσματος

2230 3412 2259 3440 ι(
2322 3389 2405 3445 Ἐν
2463 3393 2632 3464 κημῷ
2702 3390 2794 3446 καὶ
2867 3388 3085 3468 χαλινῷ
3148 3393 3244 3455 τὰς
3307 3392 3558 3468 σιαγόνας
3641 3391 3816 3448 αὐτῶν

2159 3477 2341 3552 ἄγξαις
2397 3483 2505 3534 τῶν
2561 3480 2635 3554 μὴ
2693 3479 3014 3557 ἐγγιζόντων
3071 3481 3208 3558 πρός
3267 3502 3344 3538 σε,
3381 3505 3410 3534 ››
3441 3515 3512 3524 -
3561 3481 3695 3538 Εἶτα
3726 3479 3815 3536 εύ-

2160 3585 2316 3640 χεται
2373 3567 2511 3644 πρὸς
2569 3566 2698 3624 Θεὸν
2761 3568 2844 3624 ὅτι
2900 3569 3095 3633 αὐτοὺς
3165 3569 3486 3647 ἐγγίζοντας
3542 3570 3678 3648 πρός
3737 3591 3817 3640 σε,

2162 3652 2233 3710 δι’
2261 3653 2592 3736 ἐπιστροφῆς
2618 3657 2708 3712 καὶ
2740 3656 2967 3722 ἄκοντας
2999 3661 3295 3736 κατάσχοις
3323 3666 3424 3731 τῆς
3461 3660 3599 3736 πρὸς
3627 3658 3818 3715 κακίαν

2161 3750 2330 3824 φορᾶς
2362 3743 2430 3801 δι’
2460 3746 2749 3824 ἐπαγωγῆς
2776 3753 3116 3823 πειρασμῶν.

2233 3859 2263 3888 ‹‹
2294 3835 2641 3914 Εὐφράνθητε
2672 3835 2760 3892 ἐπὶ
2803 3837 3022 3914 Κύριον,
3067 3837 3158 3893 καὶ
3206 3837 3542 3914 ἀγαλλιᾶσθε
3591 3836 3815 3912 δίκαιοι,

2159 3923 2249 3979 καὶ
2315 3927 2590 4001 καυχᾶσθε
2643 3924 2836 3990 πάντες
2893 3928 2945 3982 οἱ
3000 3924 3169 3990 εὒθεῖς
3210 3931 3279 4002 τῇ
3310 3925 3526 4005 καρδίᾳ.
3561 3951 3591 3981 ι(
3620 3960 3691 3973 --
3718 3928 3811 3996 Μὴ

2161 4012 2250 4068 ἐπὶ
2278 4019 2399 4076 ταῖς
2430 4014 2643 4090 ἀρεταῖς
2675 4015 2825 4089 ὑμῶν
2859 4035 2872 4049 ·
2931 4011 3180 4072 ἀϐέϐαιοι
3217 4017 3323 4094 γὰρ
3375 4017 3422 4072 εἷ
3483 4018 3559 4092 μὴ
3621 4015 3826 4098 φυλάτ-

2157 4123 2337 4159 τοιντο
2368 4103 2474 4158 ὐπὸ
2503 4107 2658 4162 Θεοῦ.

2755 4228 2858 4278 ΨΑ
2867 4227 3053 4278 ΛΜοΣ
3097 4223 3214 4278 ΛΒ’.

2233 4343 2263 4372 ‹‹
2295 4317 2531 4393 Ψαλμὸς
2559 4323 2639 4393 τῷ
2671 4318 2854 4390 Δαρὶδ,
2909 4321 3271 4400 ἀνεπίγραφος
3335 4322 3461 4397 παρ’
3518 4315 3815 4400 Ἑϐραίοις.

2162 4407 2540 4485 ’Δγαλλιᾶσθε,
2573 4406 2795 4483 δίκαιοι,
2846 4409 2898 4465 ἐν
2950 4411 3131 4484 Κυρίῳ
3165 4431 3176 4444 ·
3225 4416 3344 4474 τοῖς
3403 4410 3578 4466 εὐθέσι
3619 4411 3820 4488 πρέπει

2159 4495 2378 4561 αἴνεσις.
2440 4497 2896 4576 Ἐξομολογεῖσθε
2958 4504 3036 4572 τῷ
3103 4499 3322 4577 Κυρίῳ·
3381 4500 3432 4556 ἐν
3489 4497 3706 4577 κιθάρᾳ,
3761 4501 3816 4556 ἐν

2160 4585 2474 4664 ψαλτηρίῳ,
2510 4585 2830 4665 δεκαχόρδῳ
2877 4587 3086 4663 ψάλατε
3131 4590 3297 4663 αὐτῷ.
3331 4615 3358 4644 ››
3393 4623 3463 4633 -
3490 4594 3676 4646 Ἔοικε
3720 4610 3820 4646 πε-

395 4676 582 4756 ἅφεσιν
621 4677 697 4751 μὴ
728 4676 1062 4754 ψευσάμενος
1104 4678 1201 4742 τὰς
1253 4677 1330 4742 εἰς
1382 4679 1512 4735 Θεὸν
1558 4679 1851 4749 συνθήκας·
1886 4671 2050 4740 δόλος
2081 4671 2130 4737 D
2160 4683 2425 4747 ποιῆσθαι
2454 4677 2532 4740 εἰς
2561 4678 2660 4748 τήν
2691 4679 2828 4734 κατά
2853 4678 2946 4734 τὸν
2981 4679 3216 4749 Ἐζεκίαν
3249 4678 3334 4735 ἐπὶ
3360 4685 3480 4743 τοῖς
3508 4679 3821 4757 Ἀσσυρίοις

395 4765 500 4843 γὰρ
525 4765 592 4822 τὸ
621 4762 841 4841 ψεῦδος,
869 4767 1052 4846 φησίν.

470 4879 500 4908 ιι
531 4856 651 4910 ’Ὀτι
711 4855 957 4932 ἐσίγησα,
1006 4855 1323 4928 ἐπαλαιώθη
1378 4858 1446 4914 τὰ
1493 4855 1626 4913 ὀστᾶ
1671 4871 1780 4931 μου
1817 4855 1924 4912 ἀπὸ
1954 4859 2053 4913 τοῦ

393 4943 608 5021 κράζειν
671 4967 740 5019 με
787 4945 926 5018 ὅλην
973 4949 1073 5017 τὴν
1119 4947 1355 5021 ἡμέραν.
1407 4971 1438 5001 ››
1469 4980 1539 4990 -—
1586 4946 1736 5003 Ἐπεὶ
1769 4946 1868 5001 οὐκ
1896 4945 2054 5011 εὐθὺς

395 5035 496 5103 τὴν
565 5034 829 5108 ἁμαρτίαν
897 5031 1282 5111 ἐθριάμϐευσα,
1352 5036 1568 5113 ἑτέρους
1639 5033 1698 5092 δὲ
1772 5036 2050 5109 ἀνέμενον,

395 5117 606 5196 ἔλεγον,
665 5123 1044 5196 Ἑξησθένησεν
1104 5127 1140 5196 ἡ
1210 5123 1438 5201 δύναμίς
1504 5147 1610 5200 μου
1656 5125 1888 5181 ἀπὸτοῦ
1921 5125 2051 5202 βοᾷν

399 5233 467 5287 με
497 5209 586 5268 διὰ
613 5214 812 5278 παντὸς
841 5216 933 5271 καὶ
964 5212 1268 5292 ὀδύρεσθαι.

469 5325 500 5356 κ
531 5303 649 5358 Ὅτι
706 5305 920 5382 ἡμέρας
975 5305 1066 5360 καὶ
1124 5305 1318 5368 νυκτὸς
1376 5299 1642 5381 ἐϐαρύνθη
1718 5302 1807 5359 ἐπὶ
1863 5303 1962 5378 ἐμὲ
2015 5305 2052 5375 ἠ

398 5389 525 5468 χείρ
583 5413 700 5450 σου.
737 5417 759 5447 ν
821 5427 892 5437 -
949 5395 1050 5450 Καὶ
1110 5394 1214 5471 γὰρ
1247 5391 1316 5449 δι’
1347 5393 1480 5450 ὅλου
1532 5394 1743 5471 βαρέως
1774 5393 2051 5470 ἐπηνέχθη

396 5479 478 5536 ἐπ’
510 5479 608 5556 ἐμὲ
635 5484 672 5553 ἡ
703 5483 948 5559 τιμωρία
978 5505 1074 5539 σου
1107 5507 1120 5517 ~
1155 5482 1246 5538 καὶ
1277 5481 1362 5539 ὅτι
1416 5482 1515 5538 οὐκ
1573 5482 1728 5547 εὐθὺς
1792 5483 2055 5558 μετενόη-

396 5589 484 5628 σα.

464 5659 773 5740 Ἐστράφην
833 5662 910 5727 εἷς
974 5660 1376 5739 ταλαιπωρίαν,
1454 5659 1507 5716 ἐν
1577 5665 1657 5734 τῷ
1741 5661 2056 5739 ἐμπαγῆναί

399 5768 495 5825 μοι
527 5745 777 5816 ἄκανθαν.
813 5775 844 5811 η
883 5785 952 5811 ειτ-
1007 5749 1352 5834 Περιετράπη
1423 5770 1522 5828 μοι
1578 5751 1654 5811 τὰ
1700 5757 1804 5826 τῆς
1859 5751 2060 5827 εὐκλη-

2163 4766 2308 4822 θείαν
2339 4768 2720 4845 τερατουργίαν
2757 4770 3077 4844 προτρέπων
3139 4770 3324 4843 ὑμνεῖν
3376 4769 3469 4825 τὸν
3515 4769 3644 4826 Θεὸν
3691 4768 3821 4834 τοὺς

2162 4855 2360 4927 ἀξίους·
2397 4856 2480 4928 εἴη
2515 4853 2560 4911 δ’
2591 4855 2650 4912 ἂν
2683 4856 2773 4912 καὶ
2805 4859 2941 4932 ἡμῖν
2971 4856 3260 4934 ἁρμόδιος.

2238 4968 2266 4997 ‹‹
2296 4947 2496 5018 ’ᾼσατε
2553 4945 2701 5018 αὐτῷ
2753 4945 2900 5020 ᾆσμα
2946 4947 3152 5004 καινόν.
3188 4972 3216 5000 ››
3262 4981 3333 4992 —
3374 4947 3499 5006 Ἐπὶ
3544 4949 3648 5024 γὰρ
3697 4952 3818 5011 τοῖς

2161 5035 2304 5098 νέοις
2335 5034 2587 5112 εὐεργετή
2601 5057 2757 5108 μασιν
2790 5035 3082 5114 ὀφείλομεν
3113 5038 3204 5092 καὶ
3233 5038 3323 5093 νέα
3355 5036 3648 5113 προσάγειν
3698 5037 3818 5109 Θεῷ

2163 5127 2234 5180 τὰ
2263 5124 2678 5201 εὐχαριστήρια·
2712 5125 2803 5180 καὶ
2834 5123 3022 5189 ἄλλως
3057 5124 3113 5182 δὲ
3138 5129 3206 5182 τὰ
3252 5128 3604 5204 Χριστιανικά
3648 5127 3820 5182 πάντα

2160 5215 2322 5270 καινά
2351 5214 2487 5290 πρὸς
2516 5214 2584 5268 τὰ
2607 5213 2814 5270 παλαιά
2843 5214 2934 5270 καὶ
2963 5214 3182 5290 νομικοὶ.

2238 5300 2492 5365 «Καλῶς
2550 5303 2759 5377 ψάλατε
2825 5304 2970 5376 αὐτῷ
3025 5304 3077 5360 ἐν
3137 5304 3467 5383 ἀλαλαγμῷ.
3530 5329 3560 5359 ››
3610 5338 3682 5349 -
3725 5305 3816 5377 Τὸ,

2161 5392 2372 5465 καλῶς,
2405 5390 2572 5463 δηλοῖ
2594 5392 2656 5447 τὸ
2688 5392 3102 5470 ἀμετεωρίστως
3131 5395 3220 5450 καὶ
3253 5394 3573 5471 ὁλοψύχως.

2237 5507 2267 5535 ‹‹
2298 5484 2422 5540 ’Ότι
2481 5481 2634 5544 εὐθὺς
2694 5483 2723 5536 6
2777 5480 2947 5558 λόγος
2998 5488 3096 5539 τοῦ
3150 5483 3352 5561 Κυρίου
3405 5485 3495 5538 καὶ
3552 5483 3820 5540 πάντατά

2167 5568 2295 5648 ἔργα
2344 5571 2507 5626 αὐτοῦ
2566 5569 2616 5625 ἐν
2662 5570 2856 5626 πίστει.
2904 5597 2933 5625 ››
2962 5606 3031 5615 -
3083 5571 3340 5644 ’Δληθεῖς
3391 5575 3443 5626 οἱ
3493 5570 3652 5648 λόγοι
3715 5579 3816 5628 Κυο

2166 5661 2286 5739 ρίου
2343 5660 2434 5716 καὶ
2489 5659 2545 5716 αἱ
2601 5654 2893 5729 ἀποϐάσεις
2937 5667 3044 5721 τῶν
3095 5659 3265 5746 ἔργων
3323 5661 3488 5722 αὐτοῦ
3533 5665 3815 5728 πιστοῦσιν

2163 5749 2383 5817 αὐτούς.
