4072 6426
337 405 493 469 1443

413 559 446 592 α
477 538 676 612 Δγαπᾷ
725 530 1104 608 ἐλεημοσύνην
1159 529 1250 586 καὶ
1308 528 1503 607 κρίσιν.
1541 553 1563 581 ιι
1597 559 1667 573 --
1697 523 1984 600 Ἐλεήμων
2017 531 2072 611 Α

336 627 436 704 γὰρ
493 623 728 702 ὑπάρχει
786 623 878 679 καὶ
935 620 1163 684 δίκαιος.
1221 622 1342 674 ’Ὀτι
1390 640 1450 674 τε
1503 616 1722 695 κίρνησι
1776 619 1844 690 τῇ
1904 612 1984 670 δι-

335 715 595 791 καιοσύνῃ
648 715 741 770 τὸν
802 712 956 769 ἔλεον
987 712 1024 782 ἢ
1055 710 1140 768 ὅτι
1203 710 1296 766 τὸν
1358 709 1450 783 μὲν
1510 705 1660 763 ἔλεον
1715 705 1853 761 κατὰ
1897 704 1989 759 τὸν

337 803 580 882 παρόντα
609 802 782 859 αἰῶνα
813 801 1148 878 ὑπερεκχέει·
1167 800 1267 870 τὴν
1302 797 1360 854 δὲ
1390 795 1737 866 δικαιοσύνην
1773 791 1984 868 μᾶλλον

338 893 696 968 ἀποταμιεύει
727 891 802 955 είς
831 892 923 947 τὸν
956 888 1231 966 μέλλοντα
1259 888 1428 944 αἷῶνα
1463 887 1552 942 καὶ
1599 885 1723 940 τότε
1755 885 1984 960 ἄκρατον

1590 391 2012 458 NlCEPHORI
2054 389 2495 456 BLEMMIDE

3592 391 3764 454 1444

2087 553 2106 565 ν
2175 545 2202 579 α
2234 520 2453 593 Ψευδής
2505 520 2678 586 (ίππος
2736 521 2812 586 εἷς
2868 523 3162 593 σωτηρίαν.
3230 548 3252 576 ι
3312 557 3383 567 ——
3437 519 3762 589 Ἀϐέϐαιος·

2099 611 2304 684 ἄδηλον
2335 615 2436 690 γὰρ
2470 613 2515 670 εί
2547 615 2708 669 σώσει
2739 614 2828 669 τὸν
2863 612 3148 684 ἐπιϐάτην.

2169 728 2198 755 ‹‹
2234 704 2318 760 Ἐν
2351 699 2410 758 δέ
2437 701 2640 774 πλήθει
2673 699 2954 777 δυνάμεως
2985 702 3150 759 αὐτοῦ
3179 702 3241 758 οὐ
3274 705 3601 774 σωθήσεται.
3631 727 3665 758 ››
3696 738 3767 749 -

2095 793 2152 847 Ὁ
2176 789 2347 855 ’ίππος
2379 789 2657 864 δηλονότι.

2173 903 2196 932 α
2229 881 2511 938 Ῥύσασθαι
2587 880 2646 937 ἐκ
2713 882 2946 946 θανάτου
3008 883 3105 945 τὰς
3181 881 3362 958 ψυχὰς
3438 883 3622 938 αὐτῶν
3675 883 3768 939 καὶ

333 989 546 1056 τοῦτον,
605 980 714 1042 ε’ίπ.
753 1028 764 1039 .
803 1026 816 1039 .
854 1025 867 1040 .
905 1025 917 1037 .
949 980 1039 1034 καὶ
1070 978 1153 1034 ὅτι
1185 977 1299 1054 (αλ.
1357 974 1608 1053 ἄκρατον,
1641 974 1676 1044 ἢ
1730 973 1820 1029 καὶ
1878 971 1986 1042 ὅτι)
2096 968 2378 1048 διαθρέψαι
2431 969 2626 1034 αὐτοὺς
2671 970 2722 1026 ἐν
2775 969 2946 1045 λιμῷ.
2994 995 3022 1024 ››
3071 1005 3141 1014 ———
3197 974 3387 1036 Καθὼς
3445 972 3576 1035 τοὺς
3637 975 3767 1050 περὶ

331 1073 461 1136 τοὺς
543 1073 637 1147 μὲν
716 1068 1137 1145 διορθουμένους
1207 1065 1369 1138 ἐλεεῖ,
1424 1069 1541 1127 τοῖς
1625 1061 1683 1118 δέ
1754 1062 1980 1135 πάμπαν

333 1160 692 1237 ἀδιορθώτοις
720 1159 890 1216 κλείει
917 1158 1009 1213 τὸν
1043 1155 1216 1214 ἔλεον.

405 1283 436 1312 (ι
465 1260 572 1313 Τοῦ
622 1255 808 1319 ἐλέους
867 1253 1067 1331 Κυρίου
1123 1250 1347 1328 πλήρης
1403 1254 1439 1320 ἡ
1494 1255 1590 1326 γῆ.
1623 1273 1652 1302 ››
1691 1280 1761 1291 --
1808 1245 1983 1303 Ἐλεεῖ

327 1349 420 1404 καὶ
473 1347 603 1410 τοὺς
661 1345 872 1411 ἀθέους·
930 1349 1048 1407 πῶς
1104 1343 1206 1420 γὰρ
1269 1340 1330 1397 ἂν
1396 1339 1585 1402 ἄλλως
1659 1338 1728 1408 ἧν
1786 1335 1980 1400 αὐτοὺς

327 1440 424 1507 ζῇν
449 1453 465 1507 ;

358 1459 550 1598 ῃ;,Τῷ
599 1521 750 1601 λόγῳ
793 1519 992 1598 Κυρίου
1041 1521 1093 1575 οἱ
1152 1517 1373 1594 οὐρανοὶ
1434 1517 1833 1594 ἐστερεώθησαν
1889 1512 1981 1569 καὶ

323 1611 406 1687 τῷ
459 1611 724 1687 πνεύματι
777 1615 875 1666 τοῦ
930 1609 1201 1684 πόματος
1260 1607 1426 1664 αὐτοῦ
1472 1612 1619 1663 πᾶσα
1664 1608 1700 1676 ἡ
1750 1603 1980 1677 δύναμις

324 1701 525 1760 αὐτῶν.
561 1725 583 1754 ι)
617 1733 688 1744 --
717 1703 812 1773 Τῷ
843 1699 895 1755 ἐν
927 1699 1216 1772 ὐποστάτῳ
1269 1696 1422 1774 λόγῳ
1467 1700 1566 1752 τοῦ
1623 1695 1836 1771 Πατρὸς
1889 1692 1981 1748 καὶ

320 1789 403 1866 τῷ
450 1788 944 1865 ὁμοουσίῳαύτοῦ
995 1786 1285 1863 Πνεύματι·
1338 1783 1430 1841 διὰ
1472 1788 1634 1840 τοῦτο
1703 1783 1808 1860 γὰρ
1865 1780 1983 1836 εἶπε

319 1884 420 1937 τοῦ
449 1879 720 1954 στόματος
769 1878 935 1934 αὐτοῦ
981 1871 1598 1976 ἐθεμελιώθησανζῆτοι
1655 1871 1977 1976 ἐκτίσθησαν
2010 1911 2059 1976 Β

321 1969 412 2026 καὶ
469 1970 522 2026 οἱ
571 1967 794 2047 οὐρανοὶ
840 1967 931 2022 καὶ
980 1967 1035 2021 αἱ
1089 1963 1346 2040 δυνάμεις
1397 1963 1593 2019 αὐτῶν·
1644 1959 1770 2032 ἤτοι
1828 1960 1882 2014 αἱ
1927 1957 1978 2013 ἐν

323 2059 508 2122 αὐτοῖς
538 2055 700 2134 αἵπερ
727 2056 859 2112 εἰσὶν
889 2057 944 2112 αἱ
973 2055 1156 2132 νοεραὶ
1185 2054 1276 2110 καὶ
1307 2051 1490 2112 ἅϋλοι.

395 2181 425 2210 ι(
458 2154 720 2232 Συνάγων
753 2155 882 2210 ὡσεὶ
911 2153 1072 2210 ἀσκὸν
1121 2149 1290 2208 ὕδατα
1339 2150 1636 2221 θαλάσσης.
1671 2172 1700 2201 ››
1730 2179 1800 2192 -—-
1857 2145 1980 2202 Λεί-

324 2267 415 2303 πει
462 2248 498 2318 ἡ
548 2245 626 2309 εἷς
672 2244 947 2321 πρόθεσις·
998 2242 1142 2298 οὕτω
1205 2242 1328 2318 γὰρ,
1370 2241 1524 2320 φησὶ,
1553 2241 1622 2294 τὰ
1670 2235 1837 2293 ὕδατα
1881 2243 1981 2306 τῆς

331 2335 608 2408 θαλάσσης
633 2333 932 2413 περικλείει
965 2333 1040 2396 εἷς
1069 2331 1199 2395 τοὺς
1227 2331 1429 2393 τόπους
1459 2329 1634 2385 αὐτῶν
1691 2327 1870 2403 ὥσπερ
1903 2325 1980 2389 εἷς

326 2423 514 2484 ἀσκόν.

404 2539 433 2568 ιι
463 2514 638 2577 Τιθεῖς
696 2511 748 2569 ἐν
805 2514 1100 2589 θησαυροῖς
1148 2505 1437 2573 ἀϐύσσους.
1489 2533 1518 2562 ››
1560 2540 1630 2551 -—
1677 2503 1977 2562 Φυλάσσων

327 2603 381 2661 ἐν
439 2609 558 2667 τοῖς
609 2601 842 2666 κόλποις
897 2608 998 2671 τῆς
1053 2607 1154 2677 γῆς
1193 2600 1294 2668 τὴν
1342 2603 1450 2654 τῶν
1504 2594 1711 2652 ὑδάτων
1764 2593 1977 2666 πληθὺν

325 2691 508 2770 ὥσπερ
569 2689 621 2747 ἐν
678 2695 972 2764 θησαυροῖς
1027 2686 1118 2744 διὰ
1169 2689 1234 2745 τὸ
1297 2687 1696 2764 κεκρυμμένον,
1757 2682 1848 2739 διὰ
1916 2685 1980 2738 τὸ

325 2778 576 2857 δαψιλὲς,
606 2778 781 2836 διὰτὸ
809 2780 948 2836 κατὰ
992 2778 1180 2855 χρείαν
1233 2776 1538 2854 ἀνοίγεσθαί
1584 2797 1645 2830 τε
1689 2774 1779 2830 καὶ
1827 2771 1978 2828 κλεί-

326 2872 496 2928 εσθαι.

397 2984 427 3014 ‹‹
458 2952 772 3031 Φοϐηθήτω
802 2958 890 3013 τὸν
933 2957 1132 3034 Κύριον
1181 2961 1325 3013 πᾶσα
1353 2958 1388 3026 ἡ
1418 2957 1512 3029 γῆ.
1547 2955 1664 3012 Ἀπ’
1710 2953 1874 3009 αὐτοῦ
1922 2950 1980 3007 δὲ

327 3049 743 3120 σαλευθήτωσαν
800 3047 991 3110 πάντες
1061 3047 1116 3102 οἱ
1188 3050 1563 3107 κατοικοῦντες
1624 3045 1723 3113 τὴν
1792 3041 1978 3097 οἰκου-

329 3137 519 3214 μένην.
554 3161 584 3191 ››
613 3169 684 3181 --
713 3136 837 3193 Ἀπ’
865 3135 1030 3192 αὐτοῦ
1079 3132 1137 3191 δὲ
1176 3131 1303 3205 ἤτοι
1349 3139 1448 3190 τοῦ
1497 3128 1672 3212 φόϐου
1715 3129 1981 3209 τρομαζέ-

321 3248 500 3284 τωσαν
558 3226 774 3289 πάντες·
836 3223 1074 3281 διδάσκει
1132 3221 1191 3279 δέ
1247 3220 1337 3279 διὰ
1401 3221 1598 3279 τούτου
1651 3223 1750 3291 τήν
1811 3219 1975 3296 ἄκραν

321 3311 606 3373 εὐλάϐειαν
635 3319 733 3372 τοῦ
763 3309 1121 3388 σεϐάσματος.

399 3435 424 3464 α
457 3411 658 3490 Κύριος
735 3409 1068 3482 διασκεδάζει
1142 3409 1345 3486 βουλὰς
1420 3409 1608 3474 ἐθνῶν·
1669 3410 1846 3474 ἀθετεῖ
1921 3404 1980 3462 δὲ

325 3502 632 3578 λογισμοὺς
686 3498 859 3571 λαῶν,
907 3499 998 3556 καὶ
1061 3500 1239 3564 ἀθετεῖ
1310 3496 1513 3576 βουλὰς
1589 3497 1889 3575 ἀρχόντων.
1948 3518 1976 3547 ››

327 3623 401 3638 --
430 3589 614 3661 Βουλή
647 3589 788 3645 ἐστιν
836 3591 872 3660 ἡ
923 3590 1228 3665 κυρωθεῖσα
1271 3588 1493 3664 γνώμη,
1527 3585 1790 3664 λογισμὸς
1835 3583 1894 3641 δὲ
1940 3587 1976 3654 ἡ

334 3677 525 3741 ἁπλῶς
556 3677 873 3752 ἐνθύμησις.

407 3791 439 3823 ι(
471 3767 753 3844 Μακάριον
807 3765 871 3820 τὸ
914 3763 1059 3827 ἔθνος
1107 3765 1169 3820 οὗ
1218 3763 1328 3820 ἐστι
1357 3763 1552 3836 Κύριος
1581 3764 1610 3817 6
1640 3761 1768 3824 Θεὸς
1792 3760 1976 3835 αὐτοῦ,

329 3857 463 3921 λαὸς
517 3857 577 3913 ὃν
635 3854 909 3928 ἐξελέξατο
966 3854 1076 3919 εἷς’
1119 3852 1498 3930 κληρονομίαν
1578 3853 1769 3924 ἐαυτῷ.
1831 3877 1858 3905 ››
1909 3883 1980 3894 -

324 3946 607 4023 Μακάριον
637 3946 702 4001 τὸ
731 3943 880 4009 ἔθνος
917 3945 982 4000 τὸ
1009 3943 1393 4021 κυριευόμενον
1438 3942 1528 3999 καὶ
1579 3940 1978 4016 οἰκονομούμε-

321 4058 414 4094 νον
446 4036 551 4097 ὑπὸ
579 4039 677 4092 τοῦ
707 4032 851 4091 ῗδίου
880 4039 1049 4094 6:05.~

395 4125 546 4197 «Ἐξ
605 4124 838 4203 οὐρανοῦ
896 4117 1191 4198 ἐπέϐλεψεν
1241 4124 1271 4178 ὁ
1317 4123 1536 4200 Κύριος·
1604 4117 1713 4176 εἶδε
1775 4118 1976 4183 πάντας

323 4214 452 4278 τοὺς
501 4213 653 4277 υἱοὺς
695 4217 805 4269 τῶν
848 4213 1170 4290 ἀνθρώπων.
1207 4238 1229 4268 ι
1267 4245 1334 4256 --
1364 4211 1463 4267 Διᾶ
1507 4210 1713 4266 τούτων
1761 4209 1825 4264 τὸ
1853 4229 1980 4264 παν-

327 4303 653 4361 τεποπτικόν
685 4303 974 4358 αἰνίττεται
1003 4306 1101 4358 τοῦ
1131 4306 1284 4359 Θεοῦ.

404 4414 430 4445 ι
461 4395 548 4467 Ἐξ
596 4391 820 4467 ἐτοίμου
865 4391 1292 4465 κατοικητηρίου
1341 4390 1506 4446 αὐτοῦ
1556 4384 1848 4465 ἐπέϐλεψεν
1889 4387 1978 4444 ἐπὶ

325 4482 531 4546 πάντας
579 4481 707 4545 τοὺς
751 4485 1132 4544 κατοικοῦντας
1175 4481 1277 4551 τήν
1321 4486 1451 4557 γῆν.
1510 4503 1539 4532 ››
1570 4512 1639 4522 --
1684 4483 1789 4535 Τοῦ
1847 4500 1980 4556 προ-

325 4571 521 4652 χείρου
552 4571 631 4636 εἷς
659 4571 721 4626 τὸ
750 4569 951 4634 πάντας
981 4572 1219 4634 θεᾶσθαι.

2091 1061 2334 1130 Ἐζεκίαν
2383 1059 2445 1117 ἐκ
2498 1064 2596 1116 τοῦ
2654 1061 2770 1116 καθ’
2801 1061 3011 1136 ἡμέραν
3067 1058 3531 1136 προσδοκωμένου
3597 1063 3765 1117 θανά-

2088 1171 2186 1206 του
2236 1149 2521 1228 ἐρῥύσατο,
2551 1149 2641 1206 καὶ
2698 1149 2750 1206 ἐν
2792 1155 2871 1222 τῷ
2922 1150 3028 1205 ἀπὸ
3076 1148 3402 1225 πολιορκίας
3443 1151 3601 1226 λιμῷ
3656 1152 3766 1224 ἐξέ-

2091 1241 2303 1316 θρέψεν.

2169 1352 2192 1382 ι
2225 1332 2343 1385 Ὅτι
2375 1329 2428 1386 ἐν
2475 1329 2623 1403 αὐτῷ
2671 1329 3092 1410 εὐφρανθήσεται
3123 1331 3158 1400 ἡ
3191 1327 3388 1406 καρδία
3442 1333 3639 1404 ἡμῶν,
3668 1331 3760 1386 καὶ

2089 1417 2141 1475 ἐν
2198 1418 2279 1492 τῷ
2338 1419 2564 1494 ὀνόματι
2615 1418 2754 1495 ἀγίῳ
2813 1419 2975 1474 αὐτοῦ
3034 1418 3368 1494 ἠλπίσαμεν.
3410 1445 3430 1471 ι
3484 1453 3560 1464 --
3621 1420 3758 1479 Ἀπὸ

2087 1512 2272 1564 κοινοῦ
2307 1509 2425 1582 μὶν,
2458 1507 2542 1563 ὅτι
2573 1507 2733 1570 αὐτὸς
2766 1507 3018 1586 εὐφρανεῖ
3045 1511 3215 1582 ἡμᾶς.

2165 1620 2194 1650 ι(
2224 1597 2464 1672 Γένοιτο,
2494 1596 2680 1674 Κύριε,
2710 1597 2773 1653 τὸ
2831 1591 2986 1659 ἔλεός
3035 1618 3132 1652 σου
3191 1597 3274 1676 ἐφ’
3303 1600 3478 1672 ἡμᾶς,
3507 1600 3755 1676 καθάπερ

2089 1685 2400 1762 ἠλπίσαμεν
2428 1686 2516 1742 ἐπὶ
2547 1685 2626 1746 σέ.
2661 1710 2690 1740 ››
2723 1719 2790 1731 -
2818 1684 3155 1761 Ἦλπίσαμεν
3210 1684 3268 1742 δέ
3326 1685 3470 1743 λίαν·
3531 1689 3753 1765 γένοιτο

2087 1775 2270 1833 τοίνυν
2297 1775 2464 1834 πολύ.

2685 1895 2980 1950 ΨΑΛΜΟΣ
3018 1893 3141 1950 A1".

2165 2015 2194 2042 (ι
2225 1987 2462 2064 Ψαλμὸς
2492 1995 2572 2064 τῷ
2631 1988 2817 2061 Δαυῒδ,
2851 1989 2941 2044 ὅτε
2997 1989 3284 2060 ἠλλοίωσε
3331 1991 3396 2047 τὸ
3453 1991 3750 2067 πρόσωπον

2090 2079 2256 2135 αὐτοῦ
2315 2078 2551 2135 ἐναντίον
2602 2074 2928 2154 Ἀϐιμέλεχ,
2977 2079 3068 2134 καὶ
3116 2077 3382 2135 ἀπέλυσεν
3436 2081 3602 2137 αὐτὸν
3666 2083 3753 2137 καὶ

2089 2166 2354 2239 ἀπῆλθεν.
2383 2194 2412 2222 ‹‹
2443 2201 2511 2212 -
2543 2167 2769 2243 Φεύγων
2827 2169 2918 2224 τὸν
2971 2165 3152 2223 Σαοὺλ
3182 2170 3210 2224 6
3243 2167 3427 2238 Δαυΐδ,
3461 2171 3751 2248 ἀπήρχετο

2089 2258 2227 2335 πρὸς
2273 2259 2364 2314 τὸν
2416 2255 2731 2336 ἀλλόφυλον
2781 2256 3015 2334 ’Δγχοὺς
3070 2255 3296 2333 βασιλέα
3340 2265 3443 2329 τῆς
3492 2260 3620 2334 Γὶθ,
3663 2261 3749 2316 καὶ

2088 2349 2208 2412 καθ’
2255 2344 2378 2402 ὁδὸν
2449 2346 2698 2408 ἐκκλίνας
2755 2346 2892 2422 πρὸς
2954 2345 3266 2423 Ἀχιμελὲχ
3318 2349 3409 2403 τὸν
3464 2347 3745 2424 ἀρχιερέα,

2089 2435 2336 2499 καὶτοὺς
2369 2433 2564 2513 ἄρτους
2613 2429 2797 2490 Λαϐὼν
2843 2437 2941 2505 τῆς
2990 2437 3298 2510 προθέσεως
3353 2437 3443 2492 καὶ
3493 2439 3557 2492 τὸ
3621 2436 3746 2514 δόρυ

2088 2530 2185 2581 τοῦ
2215 2525 2413 2582 Γολιάθ
2443 2525 2473 2580 ’ὁ
2503 2525 2568 2594 ἧν
2617 2523 3024 2597 ἀνατεθειμένον
3077 2529 3157 2596 τῷ
3204 2529 3338 2598 Θεῷ,
3372 2527 3622 2596 ἀπῆλθεν
3673 2529 3744 2590 εἷς

2086 2616 2179 2671 τὸν
2239 2612 2501 2691 Ἀγχούς.
2553 2613 2816 2675 Γνωσθεῖς
2880 2610 2938 2668 δὲ
2995 2612 3142 2676 ὅστις
3205 2611 3288 2684 εἷή
3344 2613 3633 2684 ἠλλοίωσε
3685 2615 3745 2671 τὸ

2088 2699 2381 2779 πρόσωπον
2465 2701 2628 2757 αὐτοῦ
2717 2701 2908 2776 μανίαν
2997 2703 3328 2778 ύποκριθείς,
3399 2704 3488 2759 καὶ
3574 2704 3740 2767 οὕτως

2088 2793 2356 2864 ἀπελύθη.
2388 2792 2584 2848 Ἰστέον
2619 2789 2710 2846 οὖν
2743 2790 2826 2846 ὅτι
2859 2794 2920 2846 τὸ
2950 2786 3257 2869 ’Δϐιμελέχ
3286 2789 3463 2866 ὄνομα
3517 2795 3586 2864 ἦν
3637 2799 3738 2850 τῶν

2092 2880 2361 2960 βασιλέων
2413 2888 2516 2952 τῆς
2571 2880 2689 2950 Γὶθ,
2748 2878 2928 2957 ὥσπερ
2983 2882 3072 2936 καὶ
3131 2882 3183 2936 ἐν
3241 2885 3321 2954 τῷ
3377 2884 3586 2958 Φαραὼ
3638 2888 3738 2937 τῶν

2085 2980 2189 3044 τῆς
2249 2971 2542 3048 Αἰγύπτου·
2577 2973 2613 3041 ἡ
2665 2970 2934 3049 ἐπιγραφὴ
2993 2970 3172 3025 τοίνυν
3229 2974 3327 3025 τοῦ
3387 2968 3610 3045 ψαλμοῦ
3662 2969 3731 3040 τῷ

2092 3061 2362 3137 βασιλικῷ
2418 3060 2645 3134 ὀνόματι
2702 3060 2794 3114 τὸν
2853 3059 3086 3136 Ἀγχοὺς
3137 3055 3723 3132 ὀνομάζουσα,³Αϐιμε-

2090 3150 2197 3227 λέχ
2248 3149 2518 3207 ἐκάλεσεν.
2578 3148 2640 3205 El
2717 3146 2776 3204 δέ
2845 3148 2935 3203 καὶ
2993 3149 3021 3203 6
3079 3148 3369 3225 ἀρχιερεὺς
3442 3143 3728 3223 ’Δειμελὶχ

2091 3239 2552 3319 προσηγορεύετο,
2637 3239 2941 3312 θαυμαστὸν
3029 3236 3204 3308 οὐδὲν,
3273 3237 3385 3294 ἔστι
3467 3240 3572 3315 γὰρ
3649 3237 3732 3293 καὶ

2089 3331 2275 3406 κύριον
2334 3324 2509 3403 ὄνομα
2565 3326 2841 3406 βασιλεύς.
2899 3331 2955 3382 Ὃ
3030 3326 3317 3404 ἀρχιερεὺς
3393 3325 3451 3383 δὲ
3529 3325 3735 3402 μᾶλλον

2088 3417 2400 3496 Ἀχιμελὲχ
2456 3419 2508 3474 ἐν
2562 3423 2631 3492 τῇ
2688 3422 2796 3473 τῶν
2853 3415 3151 3475 Βασιλειῶν
3207 3413 3387 3492 βίϐλῳ
3415 3418 3738 3494 γέγραπται,

2086 3509 2176 3564 καὶ
2238 3509 2337 3564 οὐκ
2363 3502 2687 3581 Ἀϐιμελὲχ,
2717 3507 2814 3562 κᾶν
2873 3503 3081 3581 λέγωσί
3144 3527 3303 3575 τινες,
3345 3505 3427 3561 ὅτι
3484 3506 3554 3561 τά
3608 3527 3743 3561 στοι-

2087 3603 2216 3674 χεῖα
2268 3597 2397 3673 παρ’
2425 3591 2699 3672 Ἑϐραίοις
2744 3593 2808 3649 τὸ
2865 3594 3008 3670 Χάφ,
3038 3594 3101 3650 τὸ
3139 3595 3271 3664 Βηθ,
3302 3593 3524 3664 πολλὴν
3588 3593 3749 3674 ἐμφέ-

2091 3708 2236 3764 ρειαν
2264 3682 2454 3762 ἔχουσι
2492 3684 2725 3762 βραχείᾳ
2759 3682 2897 3758 μόνῃ
2923 3684 3114 3760 κεραίᾳ
3162 3683 3267 3738 τινὶ
3325 3681 3747 3757 διαλλάττοντα,

2088 3776 2193 3832 οὐκ
2250 3777 2540 3852 ἀναγκαῖον
2598 3777 2764 3829 τοῦτο
2815 3773 2953 3849 πρὸς
3007 3771 3278 3844 ἀπόδειξιν
3331 3778 3428 3828 τοῦ
3465 3773 3751 3830 καλεῖσθαι

2087 3864 2179 3922 τὸν
2237 3859 2565 3939 Ἀϐιμελέχ·
2599 3861 2787 3919 πολλὰ
2821 3862 2922 3938 γὰρ
2974 3862 3064 3916 καὶ
3115 3859 3259 3918 ἄλλα
3316 3868 3569 3938 στοιχεῖα
3617 3863 3752 3939 πρὸς

2093 3952 2319 4026 ἄλληλα
2375 3953 2628 4033 φέρουσιν
2693 3951 2999 4026 ὁμοιότητά
3070 3971 3191 4005 τινα
3267 3951 3358 4006 καὶ
3440 3951 3754 4028 ἐμφέρειαν,

2091 4043 2219 4100 ἀλλ’
2273 4041 2333 4098 οὐ
2392 4040 2483 4097 διὰ
2532 4045 2702 4097 τοῦτο
2763 4040 3085 4116 συγχέονται
3141 4039 3209 4094 τὰ
3243 4039 3501 4114 ὀνόματα·
3538 4040 3756 4112 μᾶλλον

2092 4135 2186 4208 μὲν
2273 4137 2365 4189 οῦν
2425 4133 2454 4187 6
2529 4128 2818 4208 ἀρχιερεὺς
2873 4127 3189 4206 ’Δχιμελέχ
3270 4129 3592 4203 ὠνομάζετο
3667 4127 3754 4185 καὶ

2088 4217 2348 4298 Ἀϐιάθαρ
2407 4221 2544 4276 κατά
2601 4217 2922 4292 διωνυμίαν·
2971 4219 3047 4281 ὡς
3105 4219 3251 4296 παρά
3301 4223 3408 4274 τῶν
3471 4217 3756 4296 εὐαγγελι-

2085 4316 2196 4368 κῶν
2230 4309 2594 4386 δεδιδάγμεθα
2639 4306 3012 4384 παραδόσεων·
3048 4307 3098 4362 εἷ’
3126 4305 3184 4363 δὲ
3237 4312 3333 4363 τοῦ
3390 4309 3466 4363 να¹
3521 4309 3751 4385 πρώτου

2086 4401 2313 4478 ψαλμοῦ
2341 4403 2377 4471 ἡ
2407 4399 2681 4476 ἐπιγραφή
2731 4393 3038 4474 ’Δϐιμελὲχ
3093 4397 3254 4454 καλεῖ
3307 4397 3399 4452 τὸν
3461 4397 3746 4476 ἀρχιερέα,

2085 4490 2348 4571 γραφικὸν
2379 4489 2476 4546 κᾶν
2509 4486 2735 4567 σφάλμα
2767 4486 3004 4562 μάλιστα
3030 4492 3212 4545 τοῦτο.

2158 4605 2187 4635 ι(
2219 4579 2529 4656 Εὐλογήσω
2557 4579 2648 4634 τὸν
2677 4577 2871 4654 Κύριον
2900 4577 2952 4634 ἐν
3003 4578 3164 4634 παντὶ
3220 4583 3414 4655 καιρῷ·
3450 4574 3744 4640 διαπαντὸς

400 4694 428 4722 ‹‹
460 4671 517 4725 Ὃ
572 4668 786 4733 πλάσας
841 4668 977 4724 κατᾶ
1034 4668 1201 4742 μόνας
1259 4669 1355 4730 τὰς
1414 4664 1639 4744 καρδίας
1699 4667 1898 4742 αὐτῶν,
1948 4668 1977 4722 6
2006 4659 2052 4725 D
2083 4673 2120 4742 ἡ
2152 4668 2352 4732 αἷκεσις
2382 4668 2546 4724 αὐτοῦ
2576 4666 2627 4721 ἐν
2679 4671 2758 4741 τῷ
2814 4665 3044 4742 στόματί
3105 4689 3232 4742 μου.
3266 4692 3296 4720 ››
3326 4701 3397 4709 -
3437 4669 3522 4723 Ἐν
3583 4668 3744 4722 παντὶ

328 4759 497 4816 συνιεῖ
609 4758 624 4782 ’
749 4760 807 4814 άν
960 4758 975 4778 ‘
1032 4756 1058 4778 "
1259 4757 1273 4778 ’
1321 4761 1349 4772 ’³
1923 4758 1938 4778 ‘

505 4781 530 4823 ς
581 4780 657 4822 εις
703 4781 744 4814 π
813 4779 880 4814 τα
917 4779 985 4814 τα
1032 4779 1161 4836 εργα
1215 4779 1412 4815 αυτων.
1447 4781 1476 4810 ››
1514 4791 1575 4800 -
1604 4755 1834 4832 Καρδίας
1879 4778 1977 4820 τας

332 4848 514 4927 ψυχάς
559 4869 722 4929 φησιν
768 4845 897 4918 ἤτοι
937 4846 1349 4925 κεχωρισμένας
1388 4851 1498 4902 τῶν
1537 4845 1746 4903 λοιπῶν
1798 4848 1974 4917 ζώων·

332 4939 587 5003 ἀθάνατοι
617 4937 722 5014 γὰρ
750 4937 841 4993 καὶ
875 4936 1112 5014 λογικαί.
1138 4938 1196 4990 Ὃ
1225 4940 1356 5013 γοῦν
1392 4935 1490 4998 τὰς
1536 4937 1716 5013 ψυχὰς
1767 4935 1980 5000 πλάσας

331 5025 447 5084 οἵδε
473 5026 692 5091 πάντως
723 5025 814 5084 καί
839 5027 906 5083 τὰ
933 5025 1141 5082 τούτων
1173 5027 1449 5100 κινήματα
1496 5026 1694 5088 συνιεὶς
1749 5027 1922 5081 πάντα
1951 5027 1979 5081 6

327 5116 508 5195 χωρὶς
539 5118 778 5192 ὁράσεως
805 5118 841 5187 ἦ
875 5117 1044 5188 ἀκοῆς
1099 5117 1135 5187 ἢ
1175 5113 1356 5186 ἄλλης
1404 5115 1703 5186 αἰσθήσεως
1755 5111 1978 5171 ἕκαστον

324 5211 433 5262 τῶν
465 5206 852 5282 πραττομένων
884 5211 1177 5263 κατανοῶν.
1474 5217 1481 5223 ’

397 5321 428 5349 ι(
461 5294 535 5351 Οὐ
595 5297 823 5351 σώσεται
887 5295 1140 5373 βασιλεὺς
1201 5293 1290 5350 διὰ
1343 5292 1563 5364 πολλὴν
1639 5293 1888 5369 δύναμιν.
1950 5319 1978 5346 ››

323 5415 395 5428 --
447 5384 554 5453 Τὴν
625 5383 676 5438 ἐν
750 5383 954 5456 πλήθει
1030 5388 1398 5462 στρατιωτῶν,
1454 5384 1544 5438 καὶ
1617 5381 1803 5439 ’ίππων
1887 5384 1978 5440 καὶ

325 5470 434 5529 δπλ
441 5493 514 5527 ων
525 5517 539 5530 .

399 5583 430 5614 ‹‹
462 5567 560 5616 Και
611 5561 770 5637 γίγας
825 5563 886 5619 οὐ
931 5567 1230 5636 σωθήσεται
1277 5563 1327 5619 ἐν
1381 5561 1584 5634 πλήθει
1644 5561 1835 5638 ἰσχύος
1883 5560 1978 5618 αὐ-

325 5655 447 5712 τοῦ.
479 5674 508 5704 ››
537 5682 607 5693 -
638 5651 794 5728 Γίγας
825 5651 965 5710 ἐστὶν
999 5654 1029 5711 6
1061 5654 1199 5712 κατὰ
1229 5658 1389 5732 σῶμα
1420 5650 1857 5733 ῥωμαλεώτατος
1887 5652 1977 5712 καὶ

329 5739 720 5840 γενναιότατος.

2084 4764 2260 4836 καιρῷ
2314 4759 2647 4833 προσήκοντι
2723 4757 2814 4812 καὶ
2900 4755 3188 4820 διαπαντὸς
3274 4756 3439 4812 ὁπότε
3518 4753 3744 4812 δυνατὸν

2090 4850 2318 4923 ὑμνήσω
2348 4847 2439 4904 τὸν
2469 4845 2690 4924 Κύριον,
2721 4851 2798 4918 τῷ
2829 4847 3040 4921 σώματι
3073 4845 3248 4924 κυρίῳ
3279 4845 3528 4920 στόματι·
3574 4851 3660 4919 τῷ
3690 4843 3748 4900 δὲ

2087 4942 2262 5015 νοερῷ
2319 4935 2611 5008 διηνεκῶς·
2645 4935 3045 5010 μνημονευτέον
3105 4938 3207 5013 γὰρ
3264 4940 3396 4992 Θεοῦ
3459 4933 3677 5010 μᾶλλον
3708 4933 3743 5004 ἢ

2088 5027 2468 5084 ἀναπνευστέον
2479 5069 2492 5084 .

2163 5143 2191 5171 ‹‹
2221 5121 2307 5174 Ἐν
2339 5121 2418 5190 τῷ
2445 5115 2630 5193 Κυρίῳ
2660 5114 3060 5186 ἐπαινεθήσεται
3090 5118 3125 5185 ἡ
3157 5118 3311 5192 ψυχή
3349 5136 3475 5189 μου.
3511 5140 3532 5165 ι
3567 5147 3640 5159 -—
3675 5111 3748 5168 Οὐ

2090 5205 2159 5264 δι’
2190 5207 2386 5282 ἀρετὴν
2412 5204 2613 5262 οἰκείαν
2653 5203 3152 5281 μιγαλυνθήσομαι,
3185 5205 3331 5262 ἀλλά
3363 5203 3453 5260 διὰ
3479 5206 3543 5260 τὸ
3600 5203 3748 5281 ἔχειν

2091 5297 2408 5374 ὑπέρμαχον
2433 5297 2524 5351 τὸν
2553 5295 2702 5353 Θεόν.

2162 5411 2189 5439 ‹‹
2223 5386 2633 5442 ’Δκουσάτωσαν
2693 5391 2906 5461 πραεῖς,
2937 5384 3027 5440 καὶ
3083 5384 3553 5462 εὐφρανθήτωσαν.
3587 5409 3616 5437 ››
3679 5413 3748 5425 —-

2089 5476 2497 5532 Ἀκουσάτωσαν
2527 5471 2609 5528 ὅτι
2643 5473 2882 5545 ἐζήτησα
2908 5475 2998 5528 τὸν
3029 5473 3223 5548 Κύριον
3277 5473 3354 5535 εἷς
3410 5470 3744 5547 ἐπικουρίαν,

2086 5563 2175 5620 καὶ
2208 5563 2490 5634 είσήκουσέ
2525 5584 2650 5636 μου.
2685 5568 2881 5639 Πραεῖς
2917 5560 2973 5618 δέ
3004 5583 3134 5640 φησι
3192 5562 3318 5624 τοὺς
3377 5561 3740 5632 ἀνεξικάκους·

2087 5657 2154 5726 ἦν
2187 5652 2368 5717 αὐτός.

2164 5767 2193 5804 ιι
2221 5741 2560 5832 Προσέλθετε
2605 5742 2746 5824 πρὸς
2801 5741 2962 5802 αὐτὸν
3020 5741 3112 5802 καὶ
3165 5739 3496 5827 φωτίσθητε,
3534 5738 3624 5799 καὶ
3678 5735 3746 5800 τὰ
