4072 6424
342 402 505 468 1445

1571 403 1989 472 EXPOSITIO
2033 406 2111 470 IN
2155 407 2549 475 PSALMOS.

3610 430 3769 495 1446

340 535 619 611 πρόσωπα
651 536 802 611 ὑμῶν
853 534 915 592 ού
969 537 1046 611 μὴ
1089 537 1486 615 καταισχυνθῇ.
1541 564 1571 594 υ
1622 573 1690 585 -
1736 541 1892 596 Ὅσοι
1935 543 2004 614 τῇ
2033 543 2090 612 Α
2193 564 2222 595 ‹‹
2251 540 2467 600 Πολλαῖ
2522 543 2578 600 αἱ
2633 543 2845 621 θλίψεις
2902 552 3011 606 τῶν
3063 549 3307 628 δικαίων,
3363 557 3454 614 καὶ
3486 558 3548 617 ἐκ
3573 567 3766 622 πασῶν

343 627 585 702 εὐθυμία
631 629 723 684 τὸν
772 633 898 684 νοῦν
947 629 1314 701 ἐσκοτίσθητε,
1369 628 1707 709 προσφύγετε
1755 629 1834 694 εἷς
1879 631 2006 687 Θεὸν

343 718 441 774 καὶ
471 720 540 791 τῇ
573 716 804 794 εύθυμίᾳ
842 717 1168 798 φωτίσθητε,
1218 720 1310 776 καὶ
1359 719 1422 776 οὗ
1474 721 1551 795 μὴ
1602 725 2005 796 καταισχυνθῆ-

341 828 410 863 τε
439 805 675 864 ἐλπίσιν.

423 920 453 950 ‹‹
503 897 672 959 Οὗτος
731 897 1009 975 ὁπτωγὸς
1065 896 1334 976 ἐκέκραξε,
1385 896 1477 955 καὶ
1525 898 1554 954 6
1597 897 1792 974 Κύριος
1854 897 2004 970 εῗσή-

343 1005 540 1041 κουσεν
589 985 775 1059 αὐτοῦ,
825 987 916 1043 καὶ
964 986 1026 1042 ἐκ
1074 991 1259 1043 πασῶν
1311 987 1550 1063 θλίψεων
1605 987 1768 1044 αὐτοῦ
1809 985 2003 1042 ἔσωσεν

346 1073 530 1132 αὐτόν.
562 1096 594 1127 »
621 1107 693 1118 —
722 1074 890 1139 Οὗτος
937 1073 1043 1153 ἐγὼ
1075 1076 1104 1132 6
1150 1075 1380 1153 πτωχός
1428 1075 1607 1148 πάσης
1656 1077 2003 1155 ἀνθρωπίνης

347 1161 688 1240 ἐπικουρίας.

425 1274 456 1305 ‹‹
484 1247 838 1329 Παρεμϐαλεῖ
885 1251 1112 1331 ἄγγελος
1158 1255 1359 1330 Κυρίου
1404 1253 1594 1329 κύκλῳ
1633 1259 1744 1312 τῶν
1798 1250 2001 1335 φοϐου-

349 1339 529 1414 μένων
585 1340 765 1412 αὐτὸν,
819 1342 912 1398 καὶ
961 1342 1174 1420 ῥύσεται
1217 1343 1436 1408 αύτούς.
1491 1369 1513 1396 ι
1557 1377 1629 1388 —
1693 1350 2000 1423 Στρατοπε-

345 1427 527 1486 δεύσει
589 1431 744 1505 πέριξ
792 1430 1016 1487 έκάστου
1067 1450 1083 1465 ο
1134 1436 1202 1508 τῇ
1271 1430 1498 1508 δυνάμει
1553 1433 1719 1490 αὐτοῦ
1765 1454 2001 1513 περιτει-

342 1518 521 1595 χίζων
578 1519 761 1577 αὐτόν.
820 1519 976 1595 ’Όλῳ
1045 1523 1151 1600 γάρ
1227 1527 1439 1600 στρατῷ
1512 1523 1825 1601 παρεικάζει
1861 1540 1863 1543 ‘
1898 1524 1998 1594 τὴν

339 1611 444 1662 τοῦ
499 1606 738 1685 ἀγγέλου
798 1606 1048 1685 δύναμιν,
1104 1613 1204 1666 τοῦ
1274 1609 1520 1691 φύλακος
1593 1619 1694 1684 τῆς
1772 1611 1999 1670 ἑκάστου

343 1702 516 1768 ζωῆς.

421 1810 449 1839 κ
482 1787 746 1852 Γεύσασθε
773 1788 865 1843 καὶ
896 1784 1058 1862 ἴδετε,
1090 1785 1174 1845 δτι
1207 1789 1450 1865 χρηστὸς
1481 1791 1510 1846 6
1553 1790 1773 1869 Κύριος.
1819 1791 2002 1849 Μακά-

2119 628 2291 686 αύτῶν
2345 631 2560 708 ῥύσεται
2603 635 2800 700 αύτοὺς
2843 637 2872 692 6
2920 639 3139 714 Κύριος.
3198 668 3227 698 ››
3278 679 3350 690 —-
3379 647 3497 704 Ἔτι
3526 658 3764 728 κρατεῖς,

2117 716 2369 794 ἐπιδείξει
2399 722 2595 786 παντὸς
2623 727 2944 801 πειρασμός.

2187 832 2217 862 ‹‹
2249 809 2520 866 Φυλάσσει
2579 813 2775 888 Κύριος
2831 816 3004 873 πάντα
3051 821 3119 875 τὰ
3174 821 3306 879 ὀστᾶ
3350 825 3524 884 αὐτῶν
3558 847 3574 864 ·
3604 827 3656 887 ἕν
3714 831 3767 906 ἐξ

2116 896 2289 954 αὐτῶν
2343 899 2404 956 ού
2453 897 2884 977 συντριϐήσεται.
2937 934 2960 962 ι
3021 942 3090 952 —-
3119 911 3276 967 ’οστᾶ
3303 912 3462 972 καλεῖ
3486 917 3616 983 τοὺς
3645 942 3764 978 στε-

2115 991 2368 1063 ρεοῦντας
2393 991 2493 1058 τήν
2527 992 2712 1066 ψυχὴν
2755 991 3082 1071 λογισμοὺς,
3133 1000 3205 1056 ὧν
3257 999 3432 1067 οὐδεὶς
3479 1004 3766 1085 συντριϐή-

2113 1097 2261 1132 σεται
2288 1081 2357 1152 τῇ
2395 1078 2486 1153 βίᾳ
2507 1087 2610 1150 τῆς
2641 1082 2930 1158 ἁμαρτίαις.

2189 1189 2228 1264 «Ι
2263 1165 2498 1232 Θάνατος
2544 1169 2890 1244 ἁμαρτωλῶν
2944 1176 3210 1253 πονηρός.
3265 1204 3294 1233 ››
3342 1215 3414 1226 -
3454 1185 3762 1264 Ἀλγεινὸς,

2111 1253 2331 1352 ἐπείπερ
2392 1256 2558 1352 ὀξέως
2603 1258 2940 1324 αἰσθάνονται
3005 1265 3129 1321 τότε
3191 1275 3293 1339 τῆς
3360 1253 3760 1352 διαδεχομένης

2107 1343 2334 1409 τούτους
2365 1344 2663 1412 κολάσεως.

2186 1454 2214 1489 ιι
2243 1435 2346 1491 Καὶ
2401 1435 2452 1490 οἱ
2485 1441 2768 1524 μισοῦντες
2795 1439 2885 1495 τὸν
2937 1438 3145 1500 δίκαιον
3187 1445 3682 1524 πλημμελήσουσι.
3726 1481 3756 1513 ››

2107 1554 2176 1564 -
2206 1527 2474 1600 Ψυχικῶς
2504 1523 2926 1587 κινδυνεύουσιν.

2183 1635 2214 1665 (ι
2263 1614 2606 1690 Λυτρώσεται
2676 1617 2874 1694 Κύριος
2921 1622 3101 1698 ψυχὰς
3152 1620 3364 1682 δούλων
3420 1629 3606 1706 αὐτοῦ,
3663 1635 3757 1692 καὶ

2110 1702 2174 1756 ού
2207 1701 2285 1776 μὴ
2318 1701 2790 1778 πλημμελήσουσι
2829 1709 3025 1766 πάντετ
3072 1713 3126 1768 οἱ
3174 1713 3482 1786 ἐλπίζοντες
3530 1701 3614 1777 ἐπ’
3663 1724 3760 1781 αύ-

2105 1788 2221 1848 τόν.
2258 1813 2302 1888 υ,
2334 1825 2392 1835 ——-
2447 1797 2561 1850 Τῶν
2607 1794 2962 1888 ἀνθρωπίνων
3010 1796 3319 1860 ἐπιϐουλῶν
3368 1808 3458 1863 καὶ
3507 1806 3758 1888 δαιμονι-

329 1895 385 1952 ρι
406 1895 465 1939 ος
495 1875 632 1951 ἀνὴρ
664 1873 725 1938 ὅς
755 1875 966 1946 ἐλπίζει
1013 1875 1096 1932 ἐπ’
1130 1875 1310 1934 αὐτόν.
1347 1901 1377 1931 ››
1407 1910 1477 1923 ση-
1505 1878 1676 1955 Πείρᾳ
1702 1884 1878 1985 γνῶτε
1905 1881 1998 1936 καὶ
2027 1917 2077 1985 Β
2106 1883 2214 1936 κῶν
2247 1877 2304 1936 ατί
2331 1883 2645 1954 ἡττήθησαν
2675 1887 2775 1956 τῆς
2805 1885 3016 1944 τούτων
3046 1889 3355 1965 ὑπομονῆς.

331 1963 542 2038 μάθετε
569 1965 670 2034 τὴν
699 1963 1049 2042 ἀγαθωσύνην
1079 1970 1178 2021 τοῦ
1208 1971 1363 2023 Θεοῦ.
1385 1968 1668 2024 Τουτέστιν
1703 1967 2000 2040 ἐκζητήσα-

323 2073 388 2108 τε
457 2053 548 2108 καὶ
606 2053 784 2128 ὑμεῖς,
840 2054 932 2109 καὶ
989 2052 1389 2132 προσδράμετε,
1446 2056 1538 2112 καὶ
1608 2059 1676 2112 τὰ
1750 2062 1995 2117 τοιαῦτα.

327 2141 649 2198 Αἷνίττεται
683 2140 742 2198 δὲ
768 2142 859 2198 καὶ
887 2143 980 2199 τὸν
1023 2142 1113 2199 διὰ
1162 2143 1534 2221 βαπτίσματος
1579 2167 1859 2225 φωτισμον
1907 2147 1996 2203 καὶ

323 2233 443 2302 τὴν
499 2237 609 2288 τῶν
659 2233 818 2288 θείων
880 2232 1152 2310 υστηρίων
1207 2236 1538 2310 μετάληψιν,
1614 2233 1683 2291 δι’
1757 2237 1831 2292 ὢν
1904 2237 1998 2294 τὸν

327 2323 570 2398 σταυρὸν
602 2321 692 2378 καὶ
719 2321 813 2378 τὸν
842 2323 1066 2378 θάνατον
1119 2319 1485 2399 διδασκόμεθα
1523 2325 1593 2381 τὰ
1635 2332 1737 2397 τῆς
1778 2326 1999 2403 ἀγαθω-

327 2410 508 2482 σύνης
536 2415 634 2468 τοῦ
663 2411 865 2489 Κύριου
888 2412 1280 2488 παραστατικά.

416 2524 446 2553 ‹‹
479 2495 770 2573 Φοϐήθητε
792 2503 883 2558 τὸν
925 2503 1145 2579 Κύριον,
1194 2503 1390 2568 πάντες
1431 2505 1484 2559 οἱ
1527 2504 1677 2582 ἅγιοι
1723 2505 1910 2564 αὐτοῦ.
1963 2530 1993 2562 ››

330 2621 414 2634 --
463 2589 676 2668 Ἀγίους
750 2590 909 2648 καλεῖ
978 2591 1107 2657 τοὺς
1181 2591 1566 2668 ἀνακειμένους
1640 2598 1722 2668 τῷ
1777 2595 1996 2672 καθαρῷ

333 2682 482 2738 Θεῶ.

412 2701 598 2826 Ϊ⁹Ότι
640 2767 740 2824 οὐκ
786 2763 928 2825 ἔστιν
981 2769 1262 2847 ὑστέρημα
1305 2776 1424 2835 τοῖς
1476 2766 1843 2851 φοϐουμένοις
1898 2773 1995 2830 αὐ-

332 2857 457 2914 τόν.
508 2881 540 2910 ››
587 2889 658 2900 --
700 2857 811 2913 Ούκ
851 2855 992 2914 ἔστιν
1043 2854 1291 2935 ἔλλειψις
1339 2858 1580 2930 ἀληθοῦς
1629 2860 1832 2938 ἀγαθοῦ
1874 2867 1995 2927 τοῖς

337 2940 713 3025 φοϐουμένοις
742 2942 924 3003 αὐτόν.

415 3059 444 3087 σι
512 3034 778 3092 Πλούσιοι
837 3035 1208 3114 ἐπτώχευσαν,
1267 3037 1356 3093 καὶ
1415 3036 1695 3095 ἐπείνασαν
1754 3083 1768 3098 .
1827 3040 1880 3095 οἱ
1938 3038 1997 3097 δὲ

337 3122 690 3195 ἐκζητοῦντες
734 3125 849 3180 τὸν.
875 3125 1070 3203 Κύριον
1120 3125 1221 3182 ούκ
1268 3125 1739 3200 ἐλαττωθήσονται
1787 3131 1994 3194 παντὸς

338 3213 566 3288 ἀγαθοῦ.
602 3237 632 3266 »
663 3246 734 3257 -ο
760 3213 999 3272 Αἷωνίου
1027 3213 1119 3271 καί
1150 3216 1448 3290 ἀμειώτου·

333 3354 338 3359 .
412 3335 442 3364 ‹‹
471 3309 563 3374 Τίς
612 3309 754 3367 ἐστιν
803 3310 1090 3390 ἄνθρωπος
1139 3314 1169 3369 6
1217 3313 1390 3370 θέλων
1439 3318 1622 3388 ζωήν;
1660 3337 1688 3372 ιι
1719 3350 1787 3362 -
1819 3318 1990 3373 Ἐκεῖ-

333 3419 431 3484 νος
479 3400 760 3455 ἀκουσάτω
809 3404 910 3476 τῇς
957 3400 1096 3476 ἐμῆς
1156 3399 1390 3481 διδαχῆς
1433 3403 1584 3468 ὅστις
1619 3405 1860 3484 ὀρέγεται
1890 3408 1990 3478 τήν

338 3482 510 3551 ὅντως
546 3491 712 3560 ζωήν.

415 3601 444 3629 ‹‹
484 3579 740 3654 Ἃγαπῶν
794 3579 1007 3656 ἠμέρας
1063 3577 1196 3636 ἰδεῖν
1253 3581 1496 3658 ἀγαθάς;
1556 3607 1586 3636 ››
1640 3617 1709 3628 -
1764 3586 1991 3665 Ἡμέραι

333 3665 470 3723 εἰσὶν
529 3665 724 3744 ἀγαθαὶ
767 3669 832 3724 τὸ
880 3666 1054 3725 ἀίδιον
1107 3674 1223 3749 φῶς
1285 3672 1419 3746 μετὰ
1472 3673 1572 3745 τῇς
1629 3672 1874 3746 ἀλήκτου
1904 3674 1992 3731 εύ-

334 3756 614 3834 φροσύνης
642 3757 732 3813 καὶ
763 3755 1162 3830 ἀνεκλαλήτου.

411 3869 442 3900 ‹‹
474 3850 686 3902 Παῦσον
733 3848 833 3916 τὴν
878 3847 1129 3924 γλῶσσάν
1181 3869 1278 3906 σου
1321 3850 1428 3906 ἀπὸ
1475 3856 1668 3922 κακοῦ,
1697 3853 1790 3908 καὶ
1819 3853 1988 3930 χείλη

337 3952 436 3989 σου
481 3939 578 3989 τοῦ
631 3935 708 4008 μὴ
760 3935 998 4007 λαλῆσαι
1050 3935 1234 3998 δόλον.
1285 3963 1313 3992 ››
1344 3973 1413 3985 --
1443 3942 1708 3998 Ἐντεῦθεν
1739 3942 1988 4000 ὑποτίθε-

332 4040 424 4076 ται
465 4021 534 4076 τὰ
589 4020 720 4098 ἔργα
762 4027 861 4078 τοῦ
898 4025 1043 4081 θείου
1091 4021 1264 4105 φόϐου
1300 4033 1398 4084 τοῦ
1430 4036 1866 4106 στοιχειωτικοῦ,
1897 4033 1988 4089 καὶ

325 4110 662 4187 ,σωφρονίζει
691 4114 1309 4199 πρῶτον-τήνγλῶσσαν
1352 4119 1416 4173 τὸ
1459 4119 1741 4185 εὐόλισθον
1797 4120 1990 4199 μόριον

332 4199 428 4254 καὶ
457 4199 886 4278 εροχπιρότατον
912 4197 1138 4279 ὄργανον
1167 4203 1243 4268 εἷς
1275 4206 1412 4261 ἅπαν
1443 4207 1628 4266 κακόν.

408 4313 440 4344 ‹‹
497 4289 787 4347 Ἕκκλινον
844 4291 952 4348 ἀπὸ
1015 4297 1206 4366 κακοῦ,
1281 4296 1374 4350 καὶ
1429 4296 1662 4369 ποίησον
1717 4298 1912 4374 ἀγαθόν
1969 4322 1986 4337 ο

333 4380 574 4466 ζήτησον
609 4380 856 4456 εἰρήνην,
903 4381 996 4437 καὶ
1049 4379 1241 4453 δίωξον
1301 4383 1492 4456 αὐτήν,
1538 4408 1570 4440 ››
1615 4419 1686 4431 -..
1727 4389 1859 4466 Περὶ
1887 4395 1986 4446 τοῖ’,

328 4462 503 4546 λόγου
533 4467 768 4544 διδάξας,
800 4471 876 4535 εἷς
906 4471 1004 4542 τὴν
1035 4472 1227 4548 πρᾶξιν
1256 4472 1526 4538 εὐτάκτως
1565 4462 1839 4553 ἐχώρησε.

403 4588 437 4619 ‹‹
472 4567 773 4645 Πρόσωπον
821 4571 1023 4647 Κυρίου
1066 4569 1154 4626 ἐπὶ
1201 4575 1493 4636 ποιοῦντας
1529 4575 1690 4644 κακὰ,
1727 4580 1825 4631 τοῦ
1874 4577 1985 4649 ἐξο-

328 4651 618 4732 λοθρεῦσαι
650 4656 710 4714 ἐκ
736 4664 843 4734 γῆς
870 4658 934 4715 τὸ
959 4659 1306 4734 μνημόσυνον
1341 4661 1539 4720 αὐτῶν.
1578 4684 1602 4714 α
1635 4696 1705 4709 -ο
1753 4667 1826 4722 ’Ή
1872 4665 1985 4723 ἐπι·
2010 4673 2062 4738 D

325 4745 508 4814 σκοπὴ
558 4745 648 4802 καὶ
694 4745 823 4810 τοὺς
869 4747 1168 4825 πονηροὺς,
1220 4747 1349 4806 ἀλλ’
1392 4746 1547 4807 ἕνεκα
1593 4757 1691 4808 τοῦ
1732 4753 1981 4834 ἀφανίσαι

322 4831 429 4901 τὴν
467 4837 693 4908 μνήμην
726 4835 901 4892 αὐτῶν
933 4836 992 4892 ἐκ
1015 4845 1116 4908 τῆς
1149 4839 1338 4914 χώρας
1366 4843 1476 4896 τῶν
1506 4831 1853 4918 σωζομένων.

399 4953 431 4984 ‹‹
461 4932 772 5008 Ἐκέκραξαν
827 4936 881 4990 οὶ
941 4933 1161 5010 δίκαιοι,
1217 4937 1308 4992 καὶ
1366 4938 1394 4992 ὁ
1442 4937 1639 5016 Κύριος
1669 4941 1979 5013 είσὴκουσεν
2089 4949 2287 5010 αὐτῶν.

2686 2050 2981 2105 ΨΑΛΜΟΣ
3020 2055 3141 2109 ΛΔ’.

2179 2207 2208 2236 ‹‹
2268 2182 2505 2280 Ψαλμὸς
2562 2191 2641 2280 τῶ
2695 2187 2880 2249 Δαυΐδ.
2939 2218 2967 2246 ››
3027 2227 3098 2238 -—-
3153 2197 3257 2254 Καὶ
3311 2203 3502 2258 τοῦτον
3558 2203 3688 2280 ᾖσεν
3728 2209 3758 2265 6

2106 2275 2404 2372 Ηροφήτης
2471 2272 2805 2372 διωκόμενος
2886 2281 2990 2337 ὑπὸ
3055 2289 3152 2340 τοῦ
3235 2288 3438 2350 Σαούλ.
3499 2272 3759 2372 Ἀρμόζει

2107 2357 2166 2416 δὲ
2221 2361 2310 2417 καὶ
2368 2369 2530 2420 πᾶσιν
2605 2366 2815 2441 ὁμοίως
2887 2377 3005 2435 τοῖς
3089 2357 3612 2454 καταδιωκομένοις
3667 2357 3759 2442 ὑπ’

2106 2449 2342 2527 ἐχθρῶν.

2180 2562 2210 2592 ‹‹
2249 2538 2496 2614 Δίκασον,
2556 2543 2738 2621 Κύριε,
2794 2546 2922 2612 τοὺς
2979 2548 3296 2618 ἀδικοῦντάς
3353 2579 3440 2630 με,
3498 2560 3754 2637 πολέμη-

2105 2648 2197 2683 σον
2228 2627 2354 2692 τοὺς
2373 2629 2753 2705 πολεμοῦντάς
2786 2656 2871 2710 με.
2909 2661 2939 2690 ››
2967 2671 3036 2685 —-
3082 2639 3170 2715 Τῷ
3213 2627 3461 2722 σχήματι
3489 2656 3590 2722 τῆς
3618 2627 3752 2709 τὲαᾲ-

2104 2715 2303 2780 οπλίας
2332 2716 2653 2794 ἐκδειματοῦ
2681 2724 2809 2788 τοὺς
2838 2729 3136 2806 πονηρούς.

2177 2830 2207 2859 ‹‹
2239 2808 2468 2898 Ἔκχεον
2529 2809 2822 2890 ῥομφαίαν,
2882 2815 2971 2872 καὶ
3047 2818 3366 2896 σύγκλεισον
3453 2825 3754 2898 ἐξεναντίας

2100 2895 2210 2951 τῶν
2241 2894 2686 2957 καταδιωκόντων
2720 2923 2806 2976 με.
2858 2928 2888 2958 ››
2936 2937 3007 2950 -—
3052 2907 3348 2982 Γύμνωσον
3390 2915 3489 2984 τὴν
3539 2919 3751 2990 σπάθην

2101 2981 2599 3079 ἥτις-ἐξελκομένη
2655 2995 2755 3046 τοῦ
2807 2993 3061 3070 κουλεοῦ,
3123 2981 3274 3055 δοκεῖ
3328 2981 3604 3079 ἐκχεῖσθαι
3660 2981 3752 3065 δίᾶ

2101 3075 2202 3144 τὴν
2235 3071 2514 3147 λειότητα.

2175 3188 2205 3218 ‹‹
2260 3164 2695 3242 Αἰσχυνθείησαν
2747 3171 2838 3227 καὶ
2891 3171 3275 3251 ἐντραπείησαν
3331 3181 3384 3236 οἱ
3466 3187 3753 3256 ζητοῦντες

2021 3293 2066 3363 c
2100 3253 2200 3363 την
2258 3256 2445 3363 ψυχήν
2516 3278 2665 3363 μου..
2707 3283 2758 3363 Ι,
2789 3293 2860 3363 —‘-
2916 3264 3126 3363 <I>pai§o‘v
3171 3264 3472 3346 ἔμπροσθεν
3504 3253 3643 3330 ῶστε
3675 3278 3752 3351 μὴ

2104 3340 2356 3408 δύνασθαι
2386 3344 2583 3410 αὐτοὺς
2610 3349 2702 3404 τὸν
2731 3349 2838 3406 ἀπὸ
2868 3357 2964 3407 σοῦ
2992 3340 3240 3413 κίνδυνον
3269 3340 3544 3439 ἐκφυγεῖν.

2174 3433 2675 3527 ’ἐλποστραφείησαν
2709 3437 2786 3502 εἷς
2812 3441 2880 3496 τὰ
2910 3442 3086 3499 ὀπίσω
3115 3445 3204 3501 καὶ
3229 3433 3748 3527 καταισχυνθείησαν

2101 3518 2542 3615 οἱ-λογιζόμεοοί
2576 3548 2668 3601 μοι
2708 3528 2863 3587 κακά.
2929 3554 2959 3584 ι(
3018 3566 3086 3578 -
3141 3535 3204 3590 Οἱ
3248 3518 3753 3615 πεπτόμενοι,’καὶ

2105 3609 2457 3684 μελετῶντες.

2174 3725 2203 3753 ‹‹
2235 3704 2624 3775 Γενηθήτωσαν
2681 3707 2811 3764 ὡσεὶ
2867 3714 3005 3786 χοῦς
3079 3713 3217 3770 κατὰ
3288 3718 3582 3794 πρόσωπον
3637 3722 3756 3781 ἀνέ-

2103 3810 2230 3864 μου.
2267 3814 2294 3843 υ
2326 3824 2396 3835 —
2423 3794 2585 3852 ’Όσον
2637 3794 2726 3852 ἐπῖ
2769 3796 2851 3871 τῷ
2901 3795 3373 3871 διασκεδάννυσθαι
3429 3808 3483 3864 ἐν
3509 3814 3590 3884 τῷ
3619 3811 3751 3891 φεύ-

2099 3899 2213 3954 γειν
2225 3923 2238 3937 .

2171 3992 2202 4021 ‹‹
2231 3968 2331 4024 Καὶ
2363 3965 2596 4064 ἅγγελος
2627 3973 2825 4049 Κυρίου
2855 3972 3122 4042 ἐκθλίϐων
3153 3979 3369 4047 αὐτούς.
3402 4008 3432 4039 ››
3464 4017 3535 4033 -ο
3562 3993 3744 4064 Προῦ-

2096 4059 2430 4114 πακουστέον
2458 4061 2520 4116 τὸ
2551 4057 2708 4119 ἔστω.

2170 4169 2200 4200 ι(
2231 4149 2518 4242 Υενηθήτω
2633 4149 2758 4242 ὀδὸς
2812 4154 2988 4211 αὐτῶν
3034 4158 3226 4224 σκότος
3257 4161 3347 4217 καὶ
3379 4162 3678 4242 ὀλίσθημα.
3711 4192 3744 4224 υ

2093 4269 2164 4331 έ-
2193 4237 2399 4331 Σκότος
2429 4239 2519 4331 καὶ
2551 4238 2831 4317 ὀλίσθημα
2878 4246 2976 4315 τήν
3024 4247 3368 4308 κατάπτωσιν
3400 4237 3660 4331 λέγειέυθί
3685 4277 3748 4317 τε

2091 4325 2193 4402 γὰρ
2244 4325 2296 4382 ἐν
2355 4327 2532 4384 σκότει
2589 4332 3037 4407 πιροσπταίοντες
3095 4338 3185 4394 καὶ
3238 4342 3292 4397 οἱ
3349 4325 3752 4414 ὀλισθαίνοντες

2092 4416 2505 4476 καταπίπτουσι.

2167 4529 2190 4560 ι
2255 4506 2354 4562 Καὶ
2410 4507 2642 4584 ἄγγελος
2724 4512 2922 4589 Κυρίου
3000 4514 3353 4576 καταδιώκων
3435 4522 3653 4589 αύτούς.
3711 4550 3744 4581 n

2092 4625 2162 4636 -—-
2217 4597 2370 4687 Μητε
2425 4597 2715 4676 ὀφθαλμῷ,
2777 4604 2917 4674 μήτε
2970 4603 3099 4661 ποδὶ
3160 4608 3548 4687 βοηθούμενοι,
3591 4634 3747 4673 κατε-

2089 4684 2451 4760 πειγέσθωσαν
2501 4688 2591 4742 καὶ
2638 4688 2741 4744 ὑπὸ
2789 4696 2886 4746 τοῦ
2934 4693 3170 4770 ἀγγέλου
3218 4684 3576 4766 ἐκδιώκοντος
3625 4703 3748 4760 ὄπι-

2093 4773 2154 4827 σθ
2183 4795 2233 4832 ν.

2134 4795 2342 4959 ’ῖς-Ὅτι
2392 4861 2596 4959 δωρεάν
2671 4866 2901 4959 ἕκρυψάν
2981 4880 3075 4946 μοι
3148 4871 3440 4956 διαφθορὰν
3511 4879 3743 4959 παγίδος

2351 4977 2378 5046 υ
2416 4987 2496 5046 A—-
2547 4956 2832 5021 Ἀναιτίως
2877 4960 2967 5015 καὶ
3013 4959 3218 5028 ἀδίκως
3259 4956 3612 5040 ἐτεκτήναντύ
3647 4991 3741 5046 μοι

323 5015 525 5092 αὐτῶν,
570 5022 662 5077 καὶ
709 5022 770 5078 ἐκ
818 5028 1001 5080 πασῶν
1047 5030 1154 5080 τῶν
1200 5025 1435 5100 θλίψεων
1485 5015 1660 5084 αύτῶν
1720 5029 1981 5106 ἐρῥύσατο
2089 5035 2318 5118 ὄλεθρον
2351 5039 2439 5098 διὰ
2469 5049 2726 5120 μηχανῆς
2757 5047 2954 5105 αὐτῶν·

327 5107 573 5196 αύτούς.
611 5136 634 5164 ι
695 5145 766 5156 —-
822 5115 1074 5190 Κραυγήν
1133 5117 1357 5187 νοητέον
1401 5118 1501 5187 τήν
1553 5117 1982 5196 ἐπιτεταγμένην

2161 5154 2190 5183 ‹‹
2221 5132 2410 5202 Μάτην
2452 5131 2729 5191 ὠνείδισαν
2783 5139 2881 5208 τήν
2939 5142 3124 5217 ψυχήν
3175 5164 3300 5216 μου.
3353 5169 3384 5198 ››
3415 5179 3483 5191 -
3512 5145 3742 5214 Ψευδῶς

323 5199 513 5275 νοερὰν
548 5195 802 5271 ἔντευξιν,
835 5199 1105 5279 λύτρωσιν
1137 5204 1228 5259 καὶ
1273 5204 1510 5280 θλίψεων
1552 5208 1617 5263 τὸ
1663 5195 1977 5286 ἀκυρίευτον
2089 5195 2488 5293 ὠνείδισάν.’με,

327 5286 418 5343 ὑπ’
446 5287 622 5344 αὐτῶν
660 5296 840 5364 μεῖναι
866 5293 966 5362 τὴν
1001 5295 1186 5370 ψυχὴν
1218 5295 1308 5350 καὶ
1337 5295 1636 5367 ἀήττητον.

399 5410 430 5441 ‹‹
484 5387 681 5462 Ἐγγὺς
741 5387 940 5466 Κύριος
993 5397 1111 5455 τοῖς
1165 5394 1646 5469 συντετριμμένοις
1698 5399 1768 5470 τῇ
1845 5417 1976 5475 καρ-

2165 5331 2187 5360 α
2222 5308 2457 5365 Έλθέτω
2505 5312 2652 5386 αὐτῷ
2700 5314 2866 5391 παγὶς
2913 5313 2975 5387 ἤν
3007 5317 3069 5372 οὐ
3099 5320 3376 5395 γινώσκει.
3412 5347 3442 5376 ››
3473 5357 3542 5370 -ι
3571 5328 3740 5385 Παντὶ

2083 5401 2164 5470 τῷ
2193 5403 2418 5454 τοιαῦτα
2446 5403 2562 5457 κατ’
2592 5402 2728 5475 ἐμοῦ
2787 5407 3167 5465 συσκευάσαντι
3226 5409 3433 5477 ἐλθέτω
3475 5419 3742 5497 συμφομὰ

325 5471 432 5548 δίᾳ.
492 5500 521 5529 ››
573 5508 644 5520 --
700 5483 826 5542 Τοῖς
891 5481 1365 5557 κατανενυγμένοις
1425 5481 1512 5538 ἐπὶ
1571 5489 1690 5548 τοῖς
1773 5471 1974 5543 ἐαυτῶν
2087 5487 2420 5563 ἀπρόοπτος.

325 5564 542 5642 ἀμαρτή
555 5586 704 5638 μασι.

2159 5577 2319 5632 «Καὶ
2371 5581 2406 5648 ἡ
2474 5581 2616 5656 θήρα
2681 5578 2747 5651 ἤν
2819 5580 3016 5660 ἔκρυψε
3082 5584 3403 5646 συλλαϐἐτω
3469 5589 3650 5654 αὐτόν.
3704 5620 3735 5650 »

394 5676 424 5704 «
456 5653 561 5708 Καὶ
589 5652 718 5717 τοὺς
746 5653 1031 5720 ταπεινοὺς
1061 5661 1140 5730 τῷ
1170 5657 1438 5734 πνεύματι
1467 5660 1649 5719 σώσει.
1684 5685 1714 5716 ››
1745 5695 1811 5706 --
1839 5662 1975 5729 Τοὺς
2083 5697 2153 5708 ——
2186 5669 2364 5740 Θήραν
2399 5652 2558 5746 λέγει-
2578 5671 2640 5725 τὸ
2672 5652 2892 5728 δίκτυον
2923 5692 2936 5706 ⁸
2963 5652 3061 5730 ’διὰ
3086 5676 3282 5733 τούτου
3313 5677 3370 5736 δὲ
3398 5682 3489 5737 καὶ
3519 5680 3611 5740 διὰ
3636 5652 3738 5756 τῆς

322 5737 550 5828 ἔχοντας
576 5746 1048 5826 τεταπεινωμένην
1080 5748 1293 5832 ψυχήν·

2081 5750 2321 5838 παγίδος
2355 5758 2456 5835 τὴν
2514 5761 2778 5839 συσκευὴ
2830 5761 3123 5828 αἰνίττεται
3173 5767 3266 5831 καὶ
3319 5771 3390 5848 τὴ
3448 5750 3738 5858 μηχανήν.
