4072 6422
295 427 455 487 1449

1517 421 1932 485 EXPOSlTlO
1975 420 2052 482 IN
2100 420 2485 484 PSALMOS.

3552 427 3711 490 “50

361 580 391 610 ‹‹
424 556 775 630 Ἀνθρώπους
808 555 914 612 ’καὶ
962 557 1131 628 κτήνη
1191 557 1402 628 σώσεις,
1451 554 1635 633 Κύριε.
1688 579 1716 609 n
1767 587 1832 597 —
1877 550 1948 607 Τὸ
1978 553 2033 621 Α
2137 575 2165 604 ‹‹
2199 553 2285 622 Μή
2326 551 2649 629 παραζήλου
2680 552 2734 608 ἐν
2762 557 2842 626 τῷ
2888 550 3334 630 κατευοδουμένῳ
3381 555 3433 611 ἐν
3480 561 3550 632 τῇ
3601 554 3715 632 ὀδῷ

289 645 482 708 σώσεις
515 645 634 700 ἀντὶ
662 649 759 700 τοῦ
791 646 1009 714 σώζεις,
1041 643 1288 700 τουτέστι
1321 649 1632 714 ζωοποιεῖς.

359 756 388 785 ‹‹
419 735 482 788 Οἱ
513 731 572 790 δὲ
609 732 718 788 υἱοὶ
768 738 876 789 τῶν
925 731 1222 808 ἅνθρώπων
1279 733 1332 789 ἐν
1382 733 1550 809 σκέπῃ
1594 736 1703 788 τῶν
1749 729 1947 806 πτερύ-

288 843 401 899 γων
457 844 552 878 σου
595 821 899 881 ἐλπιοῦσιν.
931 845 960 876 ››
992 856 1063 866 —-
1091 824 1245 878 Ὅσοι
1293 821 1495 900 κυρίως
1547 820 1679 877 εἰσὶν
1735 816 1945 898 ἅνθρω-

291 932 408 986 ποι,
463 913 540 987 μὴ
587 913 689 982 τὴν
740 912 1114 990 προσηγορίαν
1159 913 1258 982 τὴν
1307 911 1572 985 πονηρίαν
1621 909 1944 987 παραχαρά-

289 1003 490 1074 ξαντες.

2062 639 2225 696 αὐτοῦ
2275 641 2328 696 ἐν
2379 643 2646 717 ἀνθρώπῳ
2706 647 2950 698 ποιοῦντι
3009 645 3371 722 παρανομίαν.
3418 669 3450 699 ››
3497 681 3566 692 —-
3613 649 3714 705 Εἰ-

2057 731 2174 784 πὼν
2209 754 2240 783 ‹‹
2274 730 2325 786 ἐν
2357 736 2436 804 τῷ
2492 729 2938 807 κατευοδουμένῳ
2981 755 3004 785 ι
3066 731 3327 792 διέστειλε
3373 738 3500 812 περὶ
3547 739 3712 795 ποίου

2059 818 2228 895 λέγει.

2129 915 2397 965 «Παῦσαι
2446 910 2553 968 ἀπὸ
2614 909 2784 988 ὀργῆς
2845 912 2936 968 καὶ
2996 912 3324 990 ἐγκατάλιπε
3383 916 3574 991 θυμόν⁶
3630 921 3708 994 μὴ

2053 997 2378 1075 παραζήλου
2461 998 2602 1056 ὥστε
2663 1003 3077 1078 πονηρεύεσθαι.
3147 1027 3178 1057 ››
3244 1038 3314 1047 -
3377 1007 3465 1076 Μὴ
3538 1007 3707 1081 μόνον

362 1116 391 1144 ‹‹
424 1093 867 1163 Μεθυσθήσονται
925 1091 1033 1147 ἀπὸ
1079 1089 1343 1162 πιότητος
1409 1089 1562 1146 οἷ’κου
1632 1111 1750 1148 σου.
1792 1113 1821 1142 »
1875 1122 1945 1132 —
2053 1089 2226 1165 ἄπεχε
2277 1093 2374 1144 τοῦ
2446 1092 2726 1164 μιμεῖσθαι
2795 1091 2922 1154 τοὺς
2970 1092 3249 1167 πονηροὺς
3288 1094 3706 1173 εὐπραγοῦντας,

288 1180 762 1258 Εύιρρανθήσονται
804 1178 908 1236 ἀπὸ
961 1185 1059 1236 τοῦ
1104 1179 1348 1237 πλούτου
1397 1202 1512 1236 σου.
1544 1181 1797 1236 Τουτέστι
1842 1183 1940 1250 τῆς

2052 1175 2200 1233 ἀλλὰ
2230 1179 2305 1252 μὴ
2364 1177 2588 1256 ὀργίζου
2624 1177 2765 1254 μηδὲ
2813 1182 2989 1256 θυμοῦ
3038 1181 3089 1238 ἐν
3137 1188 3218 1256 τῷ
3263 1183 3461 1249 αὐτοὺς
3509 1185 3709 1263 εὐπρα-

286 1268 550 1333 πλουσίας
579 1269 854 1348 χορηγίας
883 1274 990 1326 τῶν
1022 1266 1310 1348 χρειωδῶν
1356 1274 1464 1325 τῶν
1509 1291 1568 1325 τε
1615 1274 1942 1344 σωματικῶν
2049 1272 2183 1343 γεῖν.

284 1360 375 1414 καὶ
398 1363 506 1415 τῶν
538 1364 938 1434 πνευματικῶν.

357 1449 524 1506 «Καὶ
570 1450 663 1506 τὸν
712 1449 1051 1526 χειμάρρουν
1121 1456 1225 1520 τῆς
1291 1456 1501 1528 τρυφῆς
1568 1469 1663 1504 σου
1729 1453 1938 1513 ποτιεῖς

285 1537 503 1602 αύτούς.
540 1563 562 1591 ι»
598 1573 665 1583 -
693 1539 796 1594 Τὸν
824 1536 1058 1618 σφοδρὸν
1092 1537 1241 1617 ῥοῦν.

355 1653 384 1681 ‹‹
416 1631 538 1683 Ὅτι
575 1630 723 1702 παρὰ
775 1628 858 1683 σοὶ
905 1630 1060 1704 πηγὴ
1115 1634 1280 1699 ζωῆς.
1311 1654 1339 1682 ››
1373 1661 1442 1672 --
1479 1631 1598 1685 ’Ότι
1649 1627 1713 1682 σὺ
1747 1629 1936 1704 πηγά-

291 1723 398 1788 ζεις
423 1723 596 1773 πᾶσαν
625 1720 769 1789 ζωήν
780 1759 793 1771 .

357 1831 385 1858 ‹‹
415 1813 502 1862 Ἐν
533 1811 614 1880 τῷ
646 1805 787 1884 φωτί
817 1827 913 1861 σου
947 1804 1194 1880 ὀψόμεθα
1223 1809 1360 1885 φῶς.
1397 1829 1418 1858 ι
1453 1840 1524 1850 ——
1553 1807 1652 1862 Διᾶ
1679 1809 1776 1862 τοῦ
1806 1805 1935 1862 Υἱοῦ

281 1917 377 1951 σου
408 1895 674 1972 ἐπιγνωσό
686 1906 822 1969 μεθα
850 1899 1072 1970 Πνεῦμα
1099 1895 1162 1950 τὸ
1193 1897 1372 1972 ἅγιον.

353 2009 382 2038 ‹‹
415 1986 741 2060 Παράτεινον
764 1985 826 2040 τὸ
858 1981 1012 2049 ἔλεός
1059 2006 1156 2040 σου
1197 1989 1315 2047 τοῖς
1363 1984 1691 2062 γινώσκουσί
1736 2005 1814 2059 σε,
1845 1985 1936 2041 καὶ

273 2076 376 2144 τὴν
428 2071 776 2145 δικαιοσύνην
805 2095 900 2130 σου
927 2079 1047 2136 τοῖς
1096 2073 1269 2129 εὖθέσι
1311 2077 1381 2149 τῇ
1429 2071 1642 2150 καρδίᾳ.
1677 2097 1707 2126 ››
1732 2105 1802 2116 -
1829 2073 1937 2142 Τὴν

278 2161 486 2219 δικαίαν
517 2161 848 2237 κηδεμονίαν
879 2185 994 2219 σου.

352 2277 379 2306 ‹‹
411 2254 500 2324 Μὴ
571 2251 772 2308 ἐλθέτω
841 2273 934 2327 μοι
1000 2255 1140 2315 ποῦς
1204 2251 1595 2332 ὑπερηφανίας,
1651 2253 1742 2308 καὶ
1807 2251 1932 2329 χεὶρ

276 2339 612 2417 ἁμαρτωλοῦ
659 2343 735 2415 μὴ
786 2340 1042 2397 σαλεύσαι
1095 2363 1180 2415 με.
1213 2365 1243 2394 ››
1291 2375 1363 2385 —
1407 2345 1848 2421 Περιφραστικῶς
1893 2342 1928 2411 ἠ

277 2429 620 2509 ὑπερηφανία
661 2429 751 2486 καὶ
801 2431 830 2486 6
874 2428 1226 2507 ἁμαρτωλός.
1268 2429 1624 2506 ’Δμαρτωλὸν
1677 2429 1736 2486 δὲ
1787 2428 1928 2506 μᾶλ-

273 2516 373 2574 λον
403 2518 624 2590 νοητέον
655 2519 746 2575 τὸν
781 2514 1060 2577 διάϐολον.

345 2632 374 2661 ‹‹
409 2610 553 2664 Ἐκεῖ
580 2604 768 2665 ἔπεσον
800 2610 995 2671 πάντες
1023 2609 1081 2663 οἱ
1111 2607 1468 2686 ἐργαζόμενοι
1499 2611 1600 2680 αὴν
1630 2609 1878 2684 ἀνομίαν.
1897 2631 1926 2661 »

273 2729 342 2740 --—
371 2699 546 2752 Ὅπου
574 2696 860 2752 πίπτουσιν
889 2697 942 2752 οἳ
973 2693 1296 2771 ἄνομοι,καὶ
1327 2700 1580 2762 πεσόντες
1607 2697 1925 2769 ἐξωθοῦνται

268 2786 376 2841 ἀπὸ
398 2790 516 2858 σοῦ,
557 2787 648 2842 καὶ
680 2785 1015 2860 ἐξωσθέντες,
1047 2787 1110 2843 οὐ
1143 2784 1468 2860 δυνήσονται
1495 2792 1593 2843 τοῦ
1632 2787 1926 2862 πτώματος

269 2875 398 2930 ἐπαν
405 2873 464 2931 ελ
472 2886 500 2941 θ
508 2879 584 2931 εῖν
595 2919 608 2932 .

879 2987 1174 3041 ΨΑΛΜΟΣ
1215 2985 1326 3054 AC.

342 3113 373 3140 ι(
404 3087 642 3164 Ψαλμὸς
673 3092 753 3161 τῷ
784 3087 969 3148 Δαυῒδ.
999 3090 1088 3159 Μὴ
1143 3090 1466 3162 παραζήλου
1515 3090 1567 3145 ἐν
1615 3111 1926 3168 πονηρευο-

273 3179 479 3254 μένοις.
519 3202 548 3232 ι)
579 3211 650 3220 -
679 3176 1078 3255 Παραζήλωσιν
1110 3179 1210 3249 τῆν
1243 3178 1476 3254 μίμησιν
1503 3176 1735 3254 εἷ’ρηκεν.

341 3292 371 3320 ‹‹
403 3265 558 3339 Μηδὲ
607 3265 778 3339 ζήλου
823 3267 953 3330 τοὺς
1000 3272 1295 3332 ποιοῦντας
1341 3269 1440 3339 τήν
1492 3268 1742 3343 ἀνομίαν.
1793 3293 1821 3323 n
1856 3301 1926 3313 -—

268 3353 424 3428 Μηδὲ
503 3355 786 3427 ζηλωτοὺς
852 3356 944 3411 καὶ
1013 3356 1312 3431 μακαρίους
1375 3357 1504 3420 τοὺς
1586 3359 1924 3433 ἀνομοῦντας

257 3447 398 3522 ἡγοῦ
475 3443 565 3500 διὰ
639 3447 741 3516 τὴν
831 3446 1025 3522 μικρὰν
1115 3444 1408 3521 εὐημερίαν
1489 3446 1580 3502 καί
1661 3448 1923 3521 πρόσκαι-

299 3556 378 3593 ον.

299 3556 378 3593 ον.

261 3556 290 3614 ρ
333 3647 362 3676 ‹‹
395 3621 660 3679 Ἔλπισον
695 3620 785 3677 ἐπὶ
816 3620 1033 3698 Κύριον,
1063 3623 1154 3677 καὶ
1197 3621 1343 3678 ποίει
1386 3622 1760 3700 χρηστότητα.
1793 3647 1823 3678 »
1854 3656 1925 3668 —

254 3712 526 3768 Ἔλπισον
560 3711 642 3767 ὅτι
671 3711 802 3774 τοὺς
829 3710 1028 3773 πόνους
1054 3715 1162 3767 τῶν
1196 3711 1460 3789 ἐναρέτων
1489 3711 1552 3768 οὐ
1582 3712 1923 3789 περίόψεται,

258 3802 351 3858 καὶ
382 3802 526 3857 ποίει
557 3802 620 3857 τὸ
651 3799 876 3876 ἀγαθόν.

339 3914 369 3944 ‹‹
400 3891 499 3948 Καὶ
555 3892 896 3960 κατασκήνω
943 3892 1044 3960 τήν
1091 3897 1217 3966 γῆν,
1271 3893 1358 3946 καὶ
1415 3892 1769 3967 ποιμανθήσῃ
1835 3891 1924 3948 ἐπὶ

255 3981 340 4050 τῷ
369 3977 602 4050 πλούτῳ
630 3977 820 4049 αὐτῆς.
856 4003 884 4031 ››
917 4011 986 4021 -—
1032 3979 1192 4036 Οὕτω
1238 3984 1434 4053 ποιῶν,
1467 3976 1689 4059 ἀφόϐως
1738 3981 1924 4037 κατοί-

251 4086 339 4120 κει
382 4066 483 4135 τήν
531 4071 659 4141 γῆν·
711 4067 1062 4140 ποιμανθήοῃ
1109 4069 1212 4144 γὰρ
1266 4070 1417 4146 παρά
1464 4075 1598 4126 Θεοῦ
1666 4069 1753 4125 ἐπὶ
1804 4075 1923 4134 τοῖς

252 4155 479 4231 ἀγαθοῖς
530 4154 721 4227 αὐτῆς,
776 4153 914 4210 ὥστε
954 4155 1063 4209 τῶν
1123 4157 1218 4230 μὲν
1266 4158 1562 4233 χρησίμων
1605 4157 1922 4236 ἀπολαύειν,

249 4248 363 4299 τῶν
395 4243 452 4300 δὲ
486 4241 841 4322 βλαπτόντων
875 4243 1196 4320 ἀπέχεσθαι.

338 4359 359 4386 ιι
397 4331 822 4411 Κατατρύφησον
878 4337 976 4388 τοῦ
1034 4332 1258 4410 Κυρίου,
1319 4334 1410 4390 καὶ
1479 4333 1638 4393 δώσει
1719 4359 1804 4394 σοι
1857 4341 1925 4395 τὰ

251 4421 537 4499 αἰτήματα
583 4429 687 4493 τῆς
729 4421 954 4501 καρδίας
1000 4443 1120 4480 σου.
1165 4447 1194 4477 ››
1236 4456 1308 4466 -—-
1357 4427 1455 4480 Διὰ
1500 4428 1602 4496 τῆς
1650 4426 1725 4489 εἰς
1767 4427 1926 4483 αὐτὸν

255 4509 554 4585 ἀκορέστου
608 4509 826 4586 ἀγάπης
873 4509 964 4566 καὶ
1006 4516 1106 4581 τῆς
1171 4509 1456 4582 ἀπλήστου
1526 4513 1762 4588 μελέτης
1817 4521 1927 4573 τῶν

252 4597 423 4655 αὐτοῦ
450 4598 710 4656 ἐντολῶν.

1964 1935 2014 2001 Β

2124 1381 2153 1409 ‹‹
2183 1359 2304 1413 Ὅτι
2335 1357 2386 1412 οὶ
2433 1357 2866 1435 πονηρευόμενοι
2916 1359 3491 1440 ἐξολοθρευθήσονταιο
3549 1367 3602 1422 οἰ
3651 1365 3710 1424 δὲ

2052 1446 2408 1521 ὑπομένοντες
2436 1448 2526 1503 τὸν
2559 1448 2775 1525 Κύριον,
2802 1449 2955 1506 αὐτοὶ
2985 1454 3473 1530 κληρονομήσουσι
3521 1460 3642 1535 γῆν.
3677 1482 3708 1512 ι)

2047 1535 2115 1590 Εἰ
2140 1534 2231 1591 καὶ
2288 1538 2365 1609 μὴ
2415 1536 2610 1602 πάντες
2659 1544 3007 1614 σωματικῶς,
3036 1540 3174 1605 τέως
3221 1539 3267 1597 δ’
3319 1542 3411 1601 οῦν
3472 1534 3706 1611 ἅπαντες

2045 1627 2320 1701 ψυχικῶς.

2118 1736 2149 1768 ‹‹
2178 1715 2278 1770 Καὶ
2335 1712 2416 1771 ἔτι
2473 1714 2664 1807 ὀλίγον
2721 1717 2811 1774 καὶ
2868 1718 2932 1774 οὗ
2980 1721 3055 1795 μὴ
3119 1722 3332 1800 ὑπάρξει
3377 1726 3406 1780 6
3439 1728 3702 1807 ἁμαρτω-

2044 1801 2162 1891 λός.
2220 1827 2242 1856 ι
2294 1837 2366 1848 --
2422 1805 2593 1862 Πόσον
2671 1808 2889 1879 ζήσεται
2953 1809 3044 1865 καὶ
3101 1817 3137 1882 ῆ
3192 1814 3432 1891 πονηρία
3482 1801 3702 1876 τούτου

2044 1887 2240 1966 σϐεσθή
2249 1915 2417 1950 σεται.

2118 2005 2148 2035 ‹‹
2176 1981 2275 2040 Καὶ
2308 1985 2562 2055 ζητήσεις
2615 1985 2708 2041 τὸν
2757 1987 2924 2043 τόπον
2972 1988 3157 2065 αὐτοῦ,
3205 1992 3297 2048 καὶ
3339 1992 3403 2048 οὐ
3473 1997 3549 2070 μὴ
3613 1996 3700 2054 εῦ-

2047 2091 2164 2163 ρης.
2197 2097 2330 2163 »Α-
2360 2074 2423 2129 Εἰ
2456 2076 2714 2163 ζητήσεις
2744 2073 2801 2130 δὲ
2834 2075 2883 2132 εἷ’
2911 2073 3031 2154 ἔχει
3060 2079 3253 2157 τόπον,
3285 2081 3348 2138 ού
3409 2085 3486 2158 μὴ
3545 2085 3704 2163 εὕρῃς

2041 2161 2134 2216 τὸν
2191 2160 2360 2218 τόπον
2412 2161 2596 2219 αὐτοῦ·
2657 2169 2765 2220 τῶν
2824 2164 2926 2244 γὰρ
2986 2170 3312 2244 σωζομένων
3371 2173 3473 2228 εἰσὶ
3503 2160 3700 2242 πάντες

2043 2249 2095 2304 οἰ
2137 2249 2322 2320 τόποι,
2353 2251 2445 2306 καὶ
2503 2253 2558 2307 αἱ
2618 2252 2780 2327 μοναὶ
2830 2258 2930 2311 τοῦ
2980 2261 3136 2312 Θεοῦ·
3178 2263 3288 2316 τῶν
3339 2257 3398 2316 δὲ
3449 2262 3696 2322 ἀπολλυ-

2047 2337 2221 2428 μένων
2262 2341 2298 2410 ἡ
2347 2341 2554 2418 γέεννα,
2585 2339 2710 2413 ἥτις
2753 2340 2878 2400 οὐδὲ
2925 2344 3015 2400 καὶ
3061 2345 3233 2411 τόπος
3276 2347 3510 2428 λέγεται,
3552 2351 3700 2411 ἀλλᾶ

2040 2426 2308 2486 ἀπώλεια.

2111 2542 2141 2571 ‹‹
2173 2519 2238 2574 Οἰ
2297 2516 2354 2574 δὲ
2409 2525 2599 2597 πραεῖς
2646 2520 3131 2600 κληρονομήσουσι
3189 2529 3317 2603 γῆν,
3372 2529 3463 2586 καὶ
3527 2553 3694 2590 κατα-

2036 2609 2401 2686 τρυφήσουσιν
2460 2609 2548 2665 ἐπὶ
2605 2609 2806 2683 πλήθει
2866 2613 3113 2691 εἰρήνης.
3181 2639 3213 2670 ››
3244 2651 3314 2662 --
3367 2619 3468 2675 Καὶ
3525 2642 3694 2680 κατα-

2036 2695 2500 2790 πολαύσοᾼυσιᾼτῆς
2665 2698 2872 2790 ἐκείνης
2904 2702 2956 2758 ἐν
2987 2704 3175 2780 πολλῇ
3208 2705 3416 2784 εἰρήνῃ·
3448 2710 3539 2766 καὶ
3585 2714 3689 2790 γὰρ

2038 2785 2237 2851 ἐκεῖθεν
2270 2785 2477 2864 ἀπέδρα
2511 2788 2700 2863 ὀδύνη,
2732 2789 2882 2862 λύπη
2913 2793 3004 2849 καὶ
3043 2797 3367 2873 στεναγμός.

2111 2895 2221 2983 «Ὁ
2267 2895 2474 2973 Κύριος
2516 2894 2862 2973 ἐκγελάσεται
2942 2898 3126 2973 αὐτὸν,
3199 2901 3282 2959 δτι
3360 2901 3690 2983 προϐλέπει,

2035 2982 2120 3039 ὅτι
2155 2982 2271 3054 ἥξει
2311 2986 2346 3054 ἡ
2395 2984 2579 3059 ἡμέρα
2625 2985 2810 3044 αὐτοῦ.
2844 3010 2874 3040 ››
2903 3020 2974 3031 -
3015 2993 3237 3067 Προορᾷ
3279 2982 3508 3070 16:06);
3555 2997 3690 3062 Θεὸς

2037 3071 2346 3149 ἐρχομένην
2437 3073 2538 3145 τὴν
2631 3075 2842 3150 ἡμέραν
2938 3078 3040 3148 τῆς
3117 3089 3499 3164 καταστροφῆς
3593 3087 3690 3143 αὖ-

2032 3183 2152 3220 του.

2108 3275 2137 3304 ‹‹
2169 3251 2465 3330 Ῥομφαίαν
2506 3251 2804 3310 ἐσπάσαντο
2848 3253 3194 3333 ἁμαρτωλοὶ,
3226 3258 3486 3318 ἐνέτειναν
3534 3261 3689 3336 τόξον

2035 3340 2232 3432 αὐτῶν.
2268 3365 2295 3394 »
2345 3375 2414 3432 —:
2583 3342 2817 3423 διαφορᾷ
2859 3350 2968 3402 τῶν
3023 3345 3212 3405 ὅπλων
3261 3351 3358 3414 τὰς
3401 3347 3693 3432 διαφόρους

2035 3425 2330 3494 ἐπιϐουλὰς
2362 3430 2445 3486 αἰν
2457 3431 2672 3491 ίττεται.

2107 3543 2137 3611 ιι
2169 3525 2424 3611 Κρεῖσσ-ον
2457 3519 2647 3597 ὀλίγον
2677 3527 2756 3596 τῷ
2787 3521 2982 3599 δικαίῳ
3035 3525 3168 3604 ὑπὲρ
3216 3525 3458 3587 πλοῦτον
3514 3533 3691 3611 ἁμαρ-

2031 3607 2225 3665 τωλῶν
2283 3609 2482 3669 πολύν.
2532 3635 2561 3663 ››
2605 3645 2676 3655 -
2721 3617 2809 3686 Τῷ
2856 3611 3051 3690 δικαίῳ
3108 3616 3384 3694 ἀνθρώπῳ
3445 3607 3691 3698 κρεῖττον

2031 3698 2310 3774 νομίζεται
2364 3700 2428 3755 τὸ
2488 3698 2678 3777 ὀλίγον
2744 3705 2878 3776 μετά
2935 3701 3281 3779 δικαιοσύνης
3325 3713 3421 3764 τοῦ
3468 3709 3690 3767 πολλοῦ

2035 3788 2172 3863 μετὰ
2198 3787 2488 3865 ἀμαρτίας.

2109 3901 2137 3930 ‹‹
2165 3880 2289 3933 ’Ότι
2319 3878 2609 3955 βραχίονες
2656 3879 3001 3957 ἁμαρτωλῶν
3048 3880 3523 3960 συντριϐήσονται.
3555 3908 3582 3944 ι
3621 3921 3692 3932 -

2033 3966 2341 4042 Βραχίονας
2369 3967 2465 4030 τὰς
2494 3965 2753 4041 δυνάμεις
2781 3969 2960 4028 καλεῖ.

2112 4077 2134 4107 ι
2167 4055 2543 4132 Ὑποστηρίζει
2593 4054 2651 4112 δὲ
2705 4058 2832 4122 τοὺς
2881 4057 3124 4125 δικαίους
3181 4063 3210 4119 6
3275 4063 3496 4142 Κύριος.
3547 4089 3578 4119 »
3622 4101 3692 4113 -

2032 4145 2162 4200 Ὑπὸ
2193 4143 2468 4218 δαιμόνων
2499 4145 2588 4202 καὶ
2617 4152 2875 4224 πονηρῶν
2930 4149 3226 4227 ἀνθρώπων
3285 4152 3588 4229 ὠθούμενοι
3629 4155 3692 4214 ού

2032 4255 2133 4311 περ
2144 4236 2338 4311 ιτραπή
2347 4255 2552 4293 σονται.

2109 4347 2138 4376 ‹‹
2168 4324 2426 4379 Γινώσκει
2486 4323 2686 4400 Κύριος
2724 4327 2819 4390 τὰς
2867 4326 3028 4392 ὁδοὺς
3071 4334 3181 4387 τῶν
3226 4330 3503 4408 ἀμώμων,
3531 4333 3623 4390 καὶ
3652 4337 3688 4406 ἡ

2035 4412 2386 4490 κληρονομία
2431 4413 2606 4470 αὐτῶν
2659 4415 2735 4479 εἰς
2782 4416 2954 4473 αἰῶνα
3002 4416 3171 4478 ἔσται.
3200 4441 3228 4475 ι»
3283 4454 3355 4465 —
3404 4423 3512 4493 Τήν
3557 4423 3692 4479 αῗώ-

2033 4523 2148 4557 νιον
2207 4502 2312 4580 γὰρ
2373 4503 2649 4578 βασιλείαν
2727 4509 2836 4563 τῶν
2911 4507 3153 4585 οὐρανῶν
3229 4509 3690 4588 κληρονομήσου-

2035 4614 2139 4652 σιν.

329 4713 360 4742 ς(
395 4689 784 4765 Ἀποκάλυψον
836 4690 974 4768 πρὸς
1033 4689 1238 4764 Κύριον
1285 4691 1386 4762 τὴν
1438 4689 1562 4749 ὁδόν
1613 4714 1727 4751 σου.
1787 4719 1816 4747 ,,
1862 4687 2010 4754 _D
2120 4705 2150 4736 ‹‹
2181 4681 2255 4737 Οὐ
2311 4684 2870 4759 καταισχυνθήσονται
2927 4685 2979 4743 ἐν
3035 4693 3213 4765 καιρῷ
3268 4696 3513 4768 πονηρῷ.
3545 4717 3575 4747 ››
3629 4726 3698 4737 —-

253 4777 438 4851 Ἀξίαν
517 4778 664 4841 θείας
745 4778 1046 4849 ἐπισκοπῆς
1141 4801 1372 4850 ποιησον
1450 4783 1550 4852 τὴν
1644 4781 1924 4842 πολιτείαν

261 4886 382 4924 σου.

334 4980 365 5009 ‹‹
400 4956 505 5012 Καὶ
549 4955 772 5013 ἔλπισον
825 4957 908 5013 ἐπ’
955 4956 1137 5031 αὐτὸν,
1165 4959 1256 5014 καὶ
1302 4959 1462 5022 αὐτὸς
1520 4963 1764 5034 ποιήσει.
1799 4988 1828 5016 ››
1858 4997 1928 5007 --

263 5046 496 5116 Ποιήσει
525 5045 559 5099 ἃ
589 5045 871 5124 συμφέρει.

331 5157 362 5185 ‹(
394 5135 492 5188 Καὶ
523 5133 716 5209 ἐξοίσει
748 5137 837 5200 ὡς’
869 5141 982 5216 φῶς
1025 5138 1124 5208 τὴν
1178 5135 1528 5210 δικαιοσύνην
1572 5161 1689 5214 σου,
1725 5143 1814 5196 καὶ
1865 5142 1928 5196 τὸ

254 5223 429 5301 κρίμα
455 5245 550 5279 σου
582 5224 657 5287 ὡς
694 5221 1055 5301 μεσημϐρίαν,
1084 5250 1114 5279 ››
1151 5261 1217 5272 —-
1248 5229 1602 5300 Δικαιοσύνην
1635 5230 1725 5285 καὶ
1754 5237 1929 5308 κρῖμα

249 5314 351 5383 τῆν
410 5311 620 5369 δικαίαν
682 5314 858 5391 κρίσιν
928 5313 1201 5383 ἐκάλεσεν,
1271 5317 1332 5385 ἢν
1404 5317 1433 5370 6
1501 5318 1630 5381 Θεὸς
1696 5321 1925 5396 φανερὰν

259 5401 532 5478 ἐξενέγκαι
560 5408 678 5466 τοῖς
707 5403 785 5466 εἷς
813 5403 972 5459 αὐτὸν
1009 5404 1234 5468 ἑαυτοὺς
1266 5404 1602 5483 ἐπιῤῥίψασι·
1633 5413 1796 5464 τοῦτο
1825 5409 1926 5485 γὰρ

258 5494 294 5562 ἡ
331 5490 549 5563 ἀληθὴς
583 5491 756 5554 ἐλπίς.

331 5605 360 5635 ‹‹
405 5583 740 5658 Ὑποτάγηθι
771 5586 850 5654 τῷ
883 5582 1069 5658 Κυρίῳ
1119 5581 1210 5637 καὶ
1257 5583 1525 5639 ἱκέτευσον
1579 5584 1763 5645 αὐτόν.
1798 5612 1826 5640 ››
1859 5623 1927 5633 —

257 5670 347 5740 Μὴ
404 5669 682 5746 ἀντιλέξῃς
730 5676 811 5743 τῷ
857 5671 1056 5727 τούτου
1112 5671 1450 5748 βουλήματι,
1498 5675 1590 5730 καὶ
1654 5675 1926 5734 ἱκέτευσον

257 5758 418 5816 αὐτὸν
454 5758 594 5828 ὥστε
623 5758 914 5835 ἐλεηθῆναι
947 5762 1038 5819 καὶ
1071 5765 1460 5834 σκεπασθῆναι.

545 5889 813 5954 ΡΑΤιιοι..
865 5892 974 5954 Gn.
1024 5891 1253 5955 CXLII.

2040 4773 2129 4829 Ἐν
2185 4776 2359 4848 καιρῷ
2417 4772 2684 4848 ἐπιπόνῳ,
2741 4777 3020 4833 τουτέστιν
3096 4777 3148 4834 ἐν
3224 4787 3572 4856 πειρασμοῖς,
3633 4781 3697 4838 ού

2038 4863 2559 4937 καταισχυνθήσεται
2641 4865 2916 4938 ήττηθεὶς,
2976 4867 3105 4924 οὕτε
3161 4869 3268 4942 μὴν
3329 4871 3382 4927 ἐν
3433 4876 3514 4945 τῷ
3595 4879 3696 4943 τῆς

2036 4948 2268 5028 κρίσεως
2297 4955 2471 5028 καιρῷ
2490 4957 2570 5024 τῷ
2598 4952 2990 5030 ἐπιπονωτάτῳ
3019 4963 3137 5022 τοῖς
3168 4959 3548 5038 ἁμαρτωλοῖς.

2112 5058 2270 5112 «Καὶ
2327 5056 2378 5113 ἐν
2439 5059 2622 5134 ἡμέρᾳ
2678 5059 2847 5135 λιμοῦ
2903 5069 3394 5139 χορτασθήσονται.
3429 5092 3459 5121 ››
3489 5101 3560 5113 -
3587 5075 3689 5124 Λι-

2041 5146 2141 5221 μὸν
2201 5144 2549 5237 ὑποληπτέον
2597 5150 2697 5220 τὴν
2748 5146 2952 5208 ἔνδειαν
2998 5156 3098 5224 τῆς
3155 5156 3424 5229 ἀληθινῆς
3491 5157 3694 5237 εὖφρο-

2037 5236 2224 5308 σύνης,
2258 5237 2319 5292 οῦ
2353 5233 2418 5307 δὴ
2451 5235 2622 5311 λιμοῦ
2653 5237 2716 5293 ού
2745 5245 3165 5317 πειρασθήσεται
3197 5247 3225 5303 ὁ
3257 5244 3492 5310 δίκαιος.

2107 5329 2283 5381 «Ὅτι
2341 5327 2394 5380 οἱ
2450 5326 2771 5404 ἁμαρτωλοὶ
2830 5330 3184 5394 ἀπολοῦνται.
3217 5360 3246 5389 ››
3278 5369 3347 5379 —-
3409 5335 3689 5394 Ἀπώλεια

2036 5415 2239 5491 κυρίως
2269 5417 2303 5485 ἡ
2337 5414 2605 5479 ἔκπτωσις
2635 5424 2736 5488 τῆς
2766 5420 3040 5495 σωτηρίας
3071 5422 3235 5480 ἐστίν.

2115 5529 2142 5554 ‹‹
2173 5506 2242 5562 Οἱ
2295 5502 2353 5558 δὲ
2400 5503 2591 5582 ἐχθροὶ
2637 5511 2738 5561 τοῦ
2787 5509 3004 5585 Κυρίου,
3075 5513 3188 5587 ἅμα
3232 5518 3312 5587 τῷ
3372 5513 3694 5590 δοξασθῆναι

2047 5593 2268 5666 αὐτοὺς,
2300 5594 2389 5649 καὶ
2450 5595 2752 5669 ὑψωθῆναι,
2787 5596 3102 5664 ἐκλιπόντες
3157 5603 3286 5659 ὡσεὶ
3331 5607 3536 5668 καπνὸς
3593 5605 3699 5679 ἐξέ-

2039 5681 2221 5740 λιπον.
2256 5705 2286 5735 ››
2319 5715 2383 5726 --
2433 5687 2602 5738 Τοῦτο
2660 5685 2749 5740 καὶ
2803 5691 2919 5750 τοῖς
2978 5687 3262 5755 Ἰουδαίοις
3318 5693 3544 5769 ἁρμόζει
3607 5694 3699 5750 καὶ

2035 5777 2152 5839 τοῖς
2182 5768 2438 5836 εἰδώλοις
2473 5774 2606 5850 μετᾶ
2634 5777 2742 5830 τῶν
2775 5773 3128 5836 ἐνοικούντων
3163 5768 3370 5844 αὐτοῖς.

3330 5914 3412 5974 46
