4072 6422
362 403 521 467 1451

1618 390 2044 456 NICEPHORI
2090 388 2531 452 BLEMMIDE

3631 379 3812 444 {452

442 557 472 588 «
504 530 804 601 Δανείζεται
846 530 875 583 6
906 526 1257 602 ἁμαρτωλὸς,
1289 526 1380 581 καὶ
1438 523 1536 580 οὐκ
1591 523 1855 580 ἀποτίσει.
1891 546 1920 575 ››
1951 553 2022 565 --
2050 526 2104 592 Α
2130 519 2312 583 τωλὸς
2342 516 2707 595 ἀντικρίνῃται
2754 516 2921 589 αύτῷ·
2983 513 3073 570 καὶ
3133 511 3238 602 γὰρ
3267 512 3320 569 οἱ
3377 509 3641 602 δαίμονες
3703 534 3810 570 κο-

371 622 449 683 Ού
512 622 670 697 μόνον
731 619 795 675 οὐ
863 615 1219 693 μεταδίδωσιν
1281 612 1469 685 οἴκων,
1500 612 1628 670 ἀλλ’
1658 611 1783 670 οὐδὲ
1827 612 1891 667 τὸ
1931 632 2021 667 κε-

371 710 794 790 χρεωστημένον
827 704 1151 764 ἀποδίδωσι·
1181 704 1439 761 τοσοῦτόν
1482 704 1623 759 ἐστιν
1674 703 1887 774 ἀπηνὴς
1933 699 2023 756 καὶ

373 800 711 879 παράνομος.

449 878 477 944 ξ(
511 892 573 948 Ὁ
621 887 681 945 δὲ
736 886 942 950 δίκαιος
990 884 1241 963 οἶκτείρει
1287 884 1378 940 καὶ
1426 881 1669 939 δίδωσιν.
1722 904 1753 935 ››
1806 913 1875 924 —
1926 878 2024 938 Οἷ-

372 979 574 1057 κτείρει
639 979 733 1053 μὲν
791 974 1021 1049 οἷ’κοθεν,
1057 973 1248 1031 δίδωσι
1297 971 1356 1029 δὲ
1404 973 1468 1028 τὸ
1511 969 2020 1048 κεχρεωστημένον,

372 1066 499 1141 ἤτοι
532 1064 853 1125 ἀποδίδωσι.

450 1183 480 1212 ‹‹
508 1160 633 1216 ’Ότι
665 1157 717 1212 οἱ
749 1156 1102 1232 εὐλογοῦντες
1132 1152 1291 1209 αὐτὸν
1355 1150 1841 1229 κληρονομήσουσι
1892 1154 2020 1224 γῆν·

374 1250 430 1305 οἱ
476 1245 535 1304 δὲ
595 1247 972 1323 καταρώμενοι
1039 1242 1196 1299 αὐτὸν
1262 1240 1825 1316 ἐξολοθρευθήσονται.
1882 1263 1905 1291 ι
1955 1268 2027 1281 --

370 1337 443 1394 T6
473 1335 557 1393 ὅτι
609 1333 968 1413 ἀποφαντικὸν
1026 1332 1141 1388 ἀντὶ
1170 1335 1268 1387 τοῦ
1329 1326 1521 1393 ὅντως·
1553 1328 1786 1407 κατάραν
1842 1325 1900 1384 δὶ
1926 1327 2026 1398 τὴν

375 1422 531 1505 ὕϐριν
555 1424 708 1505 φησί.

448 1540 479 1571 ‹‹
510 1515 664 1592 Παρὰ
718 1513 925 1588 Κυρίου
978 1514 1047 1569 τὰ
1103 1506 1417 1587 διαϐήματα
1472 1510 1759 1586 ἀνθρώπου
1842 1528 2029 1562 κατευ-

376 1606 610 1663 θύνεται.
645 1628 675 1657 »
706 1636 775 1647 -—-
802 1603 982 1680 Ὁρμᾷ
1041 1601 1137 1675 μὲν
1189 1602 1218 1657 6
1276 1598 1484 1661 δίκαιος
1540 1596 1747 1654 οἷ’κοθεν
1800 1596 1877 1659 εἷς
1926 1597 2025 1665 τὴν

381 1692 506 1751 ὁδὸν
563 1699 664 1763 τῆς
721 1692 941 1769 ἀρετῆς,
998 1690 1147 1767 πᾳρᾶ
1203 1689 1400 1766 Κυρίου
1441 1685 1499 1744 δὲ
1531 1685 1819 1765 διηγεῖται.
1845 1684 2030 1762 Χωρὶς

377 1786 483 1862 γὰρ
537 1790 638 1852 τῆς
687 1781 833 1844 Θείας
892 1777 1139 1842 οὐδόλως
1192 1775 1605 1849 εύοδωθήσεται·
1635 1775 1918 1852 ἀνθρώπου
1949 1772 2026 1849 δὲ,

375 1876 475 1929 τοῦ
506 1869 717 1927 δικαίου
750 1866 964 1941 δηλαδή
977 1913 990 1926 .

449 1983 479 2012 ‹‹
511 1958 609 2014 Καὶ
638 1958 738 2027 τὴν
769 1954 894 2012 ὁδὸν
923 1954 1086 2012 αὐτοῦ
1135 1954 1377 2027 θελήσει.
1412 1978 1441 2007 ››
1474 1988 1541 1998 -
1595 1955 1702 2023 Τὴν
1748 1951 2025 2010 πολιτείαν

373 2050 477 2126 γὰρ
506 2047 671 2103 αὐτοῦ
700 2042 1030 2122 ἀποδέχεται
1061 2044 1204 2103 λίαν.

450 2162 478 2189 ‹‹
508 2139 665 2195 Ὁταν
723 2137 879 2210 πέσῃ,
966 2135 1029 2191 οὐ
1107 2136 1597 2212 καταραχθήσεται·
1665 2128 1749 2189 ὅτι
1830 2133 2030 2211 Κύριος

372 2225 735 2303 ἀντίστηρίζει
794 2230 958 2301 χεῖρα
999 2224 1189 2281 αὐτοῦ.
1225 2247 1255 2277 ››
1286 2256 1353 2267 -
1382 2224 1548 2281 ’Όταν
1602 2221 1873 2298 ἀλισθήσῃ
1930 2222 2026 2279 λό-

372 2336 495 2393 γοις
523 2313 840 2388 οἰκονομίας
877 2312 1124 2387 μείζονος
1153 2313 1660 2388 παραχωρήσαντος
1714 2314 1812 2367 τοῦ
1871 2316 2026 2382 Θεοῦ,

373 2403 477 2461 οὐκ
503 2401 811 2475 ἀπολεῖται,
858 2407 1021 2479 χεῖρα
1064 2401 1333 2477 βοηθείας,
1367 2397 1540 2457 είίτοὸν
1580 2400 1908 2480 ἐπιστροφὴν
1939 2400 2029 2456 καὶ

379 2491 662 2570 μετάνοιαν
695 2491 1084 2566 ὑποτιθεμένου
1113 2490 1260 2564 αὐτῷ
1286 2494 1385 2547 τοῦ
1415 2494 1569 2549 Θεοῦ.

449 2625 480 2654 ‹‹
513 2599 789 2676 Νεώτερος
839 2597 1128 2674 ἐγενόμην·
1182 2597 1273 2653 καὶ
1328 2598 1430 2675 γὰρ
1490 2596 1749 2674 ἐγήρασα,
1796 2597 1886 2653 καὶ
1932 2598 2032 2654 οὐκ

379 2687 521 2748 εἶδον
580 2686 784 2745 δίκαιον
844 2686 1430 2765 ἐγκαταλελειμμένον.
1468 2711 1490 2738 ι
1528 2720 1597 2730 -
1650 2688 1758 2757 Τὴν
1814 2685 2026 2744 τελείαν

380 2779 542 2860 φησὶν
575 2775 903 2854 ἐγκατάλειψ
913 2799 978 2834 ιν.

456 2890 484 2924 α
514 2865 655 2927 Οὐδὲ
680 2868 744 2923 τὸ
801 2868 1017 2941 σπέρμα
1091 2865 1255 2922 αὐτοῦ
1332 2870 1527 2937 ζητοῦν
1604 2863 1823 2941 ἄρτους.
1883 2889 1909 2917 ››
1963 2898 2034 2909 —-

376 2956 520 3018 Οὐδὲ
549 2955 603 3013 εἷ’
621 2977 705 3019 τις
738 2955 882 3029 αὐτῷ
909 2954 1127 3032 γένηται
1156 2958 1294 3010 κατά
1323 2960 1554 3029 πνεῦμα,
1586 2955 1675 3010 καὶ
1705 2956 1797 3010 τὸν
1828 2956 2029 3032 τρόπον

379 3046 544 3103 αὐτοῦ
577 3043 867 3120 διεδέξατο,
898 3052 1001 3116 τῆς
1029 3045 1129 3114 τήν
1161 3045 1346 3121 ψυχὴν
1404 3042 1767 3121 στηριζούσης
1820 3051 2030 3124 τροφῆς

377 3134 710 3213 ἐξηπόρησεν
721 3178 735 3192 .

449 3248 481 3278 ‹‹
511 3223 688 3295 Ὅλην
719 3225 819 3295 τήν
848 3222 1058 3300 ἡμέραν
1095 3221 1238 3279 ἐλεεῖ
1265 3223 1355 3279 καὶ
1414 3221 1638 3293 δανείζει
1670 3225 1698 3279 6
1739 3221 1967 3287 δίκαιος.
2003 3249 2026 3278 1

2134 608 2429 683 λαζόμενοι
2486 602 2916 678 καταϐοήσονται
2969 608 3079 660 τῶν
3135 600 3379 676 δικαίων,
3415 598 3602 659 εἷ’ποτέ
3628 624 3691 659 τι
3725 603 3809 668 ὡς

2134 698 2410 776 ἅνθρωποι
2440 693 2890 771 ἐπλημμέλησαν.

2210 810 2232 838 ε
2265 785 2578 860 ’Υπόμεινον
2635 784 2726 840 τόν
2786 783 2982 860 Κύριον
3031 782 3122 838 καὶ
3180 779 3417 861 φύλαξον
3487 783 3594 852 τήν
3672 779 3809 839 ὁδὸν

2133 874 2322 943 αὐτοῦ,
2395 875 2486 931 καὶ
2588 875 2790 949 ὑψώσει
2892 894 2951 929 σε
3042 876 3138 927 τοῦ
3231 871 3808 949 κατακληρονομῆσαι

2131 970 2255 1040 γῆν.
2288 988 2316 1016 )›
2349 996 2419 1006 —
2446 962 2746 1039 ’Δνώτερόν
2780 983 2839 1019 σε
2882 962 3102 1033 ποιήσει
3152 964 3260 1016 τῶν
3310 954 3633 1018 ἐπιϐουλῶν
3692 962 3813 1035 ἅμα

2132 1051 2223 1108 καὶ
2250 1049 2458 1123 δοξάσει
2492 1072 2571 1111 σε.

2206 1166 2237 1196 ‹‹
2268 1143 2353 1198 Ἐν
2400 1139 2481 1214 τῷ
2523 1139 2960 1217 ἐξολοθρεύεσθαι
3024 1138 3390 1216 ἁμαρτωλοὺς
3455 1137 3603 1215 ὄψει.
3659 1166 3694 1194 n
3742 1173 3812 1185 -

2131 1233 2291 1289 ’Ήτοι
2320 1232 2420 1301 τήν
2453 1229 2820 1307 ἐξολόθρευσιν
2850 1234 2960 1285 τῶν
2992 1227 3337 1307 ἁμαρτωλῶν
3364 1227 3506 1304 ἴδῃς.

2209 1347 2238 1377 ‹‹
2263 1323 2320 1376 Ὁ
2348 1323 2517 1385 τόπος
2564 1319 2750 1377 αὐτοῦ.
2802 1344 2832 1374 ››
2871 1353 2939 1364 -
2988 1319 3128 1377 Ἀντὶ
3172 1323 3292 1393 τοῦ,
3326 1318 3435 1396 οὐχ
3474 1319 3684 1397 εὐρέθη
3736 1315 3809 1377 ὤν

2135 1433 2263 1471 που.

2209 1526 2238 1554 ‹‹
2271 1499 2522 1557 Φύλασσε
2572 1499 2757 1556 κακίαν
2805 1498 2897 1555 καὶ
2948 1494 3031 1555 ἴδε
3085 1497 3375 1569 εὐθύτητα.
3423 1522 3454 1553 ››
3507 1530 3579 1543 -
3638 1502 3813 1578 Τήρει

2134 1591 2199 1646 τὸ
2231 1591 2363 1646 εἶναι
2392 1589 2690 1667 ἀπόνηρος·
2722 1586 2813 1645 καί
2858 1583 2996 1645 λάϐε
3042 1588 3150 1665 πρὸ
3200 1586 3503 1666 ὀφθαλμῶν
3553 1588 3669 1660 τὴν
3722 1589 3807 1645 εύ-

2136 1680 2362 1753 θύτητα.
3025 1684 3042 1699 ’

2212 1795 2241 1825 ‹‹
2272 1774 2392 1827 ’Ότι
2423 1769 2565 1826 ἐστὶν
2597 1767 3011 1845 ἐγκατάλειμμα
3038 1767 3312 1845 ἀνθρώπῳ
3343 1766 3640 1845 εἷρηνικῷ,
3680 1793 3713 1821 ››
3744 1801 3807 1813 -

2139 1858 2587 1937 Ἐγκατάλειμμά
2616 1880 2750 1937 φησι
2777 1858 2841 1914 τὸ
2875 1856 3243 1931 μνημόσυνον.

2213 1975 2240 2003 ‹‹
2272 1951 2335 2005 Οί
2367 1947 2424 2005 δὲ
2447 1950 2756 2023 παράνομοι
2798 1946 3345 2022 ἐξολοθρευθήσονται
3394 1945 3484 2003 ἐπὶ
3532 1947 3601 2003 τὸ
3654 1947 3805 2019 αὐτὸ,

2136 2041 2204 2097 τὰ
2232 2038 2707 2118 ἐγκαταλείμματα
2749 2041 2859 2094 τῶν
2903 2032 3111 2092 ἀσεϐῶν
3156 2034 3746 2112 ἐξολοθρευθήσονται.
3777 2061 3807 2090 ι»

2141 2163 2207 2173 -
2233 2131 2402 2203 Ὁμοῦ
2429 2127 2510 2202 τῷ
2545 2148 2649 2201 μνη
2660 2125 2898 2202 μοσύνῳ.

2748 2301 3041 2355 ΨΑΛΜΟΣ
3082 2301 3199 2355 AZ’.

2214 2459 2243 2488 «
2269 2431 2503 2508 Ψαλμὸς
2546 2436 2627 2504 τῷ
2674 2427 2837 2487 Δαυὶδ
2881 2428 2959 2493 είς
2989 2429 3291 2503 ἀνάμνησιν
3325 2422 3642 2485 Σαϐϐάτου.
3676 2452 3706 2482 ››
3737 2460 3805 2472 —-

2142 2522 2237 2586 Είς
2263 2522 2562 2596 ἀνάμνησιν
2593 2525 2700 2576 τῶν
2734 2517 3242 2593 πλημμελημάτων
3290 2514 3509 2588 δηλαδή
3559 2518 3655 2572 καὶ
3694 2522 3799 2573 τῶν

2145 2609 2233 2668 διὰ
2294 2616 2461 2668 ταῦτα
2524 2610 2894 2666 κακοπαθειῶν
2958 2609 2987 2663 ὁ
3051 2605 3274 2682 ψαλμὸς
3339 2607 3677 2662 συντέθειται
3726 2611 3801 2679 τῷ

2143 2699 2306 2757 Δαυῗδ
2367 2698 2608 2774 δεομένῳ
2664 2698 2790 2777 περὶ
2862 2701 2961 2753 τοῦ
3027 2691 3334 2754 Σαϐϐάτου.
3392 2696 3647 2752 τουτέστι
3701 2702 3799 2765 τῆς

2139 2796 2247 2847 τῶν
2322 2789 2591 2866 ἀλγεινῶν
2686 2786 3093 2850 καταπαύσεως·
3176 2787 3352 2841 ἄνεσιν
3428 2785 3536 2863 γὰρ
3618 2785 3792 2841 θεόθεν

2140 2880 2445 2957 παρακαλεῖ
2491 2883 2598 2934 τῶν
2652 2875 2722 2933 δι’
2751 2876 3017 2953 ἁμαρτίας
3059 2875 3452 2953 ἐπενεχθεισῶν
3502 2874 3650 2948 αὐτῷ
3688 2895 3789 2929 πο-

2142 2968 2369 3026 λυειδῶν
2400 2971 2714 3048 συμφορῶν.

2215 3083 2244 3113 ι(
2274 3059 2456 3135 Κύριε,
2493 3059 2569 3132 μὴ
2612 3061 2693 3130 τῷ
2738 3057 2897 3130 θυμῷ
2939 3076 3036 3111 σου
3095 3052 3315 3133 ἐλέγξῃς
3383 3075 3476 3129 με,
3520 3050 3648 3127 μηδέ
3708 3052 3773 3123 τῇ

2140 3150 2280 3227 ὁργῇ
2312 3170 2408 3203 σου
2455 3143 2748 3221 παιδεύσῃς
2799 3166 2887 3221 με.
2921 3147 3039 3200 ’Ότι
3081 3143 3151 3199 τὰ
3199 3142 3337 3220 βέλη
3389 3164 3489 3199 σου
3537 3140 3745 3216 ἐνεπάγη

2144 3239 2237 3293 σάν
2303 3258 2419 3312 μοι.
2470 3258 2500 3289 ››
2539 3269 2609 3279 —-
2650 3232 2797 3306 Βέλη
2857 3237 2991 3290 Θεοῦ
3045 3230 3206 3289 καλεῖ
3257 3232 3356 3295 τὰς
3425 3228 3791 3308 ἐπενεχθείσας

378 3314 591 3369 --’Δεὶ
621 3311 844 3383 δανείζει
899 3314 927 3369 6
979 3310 1187 3375 δίκαιος
1235 3313 1265 3368 ’ὁ
1318 3311 1528 3389 βούλει.
1562 3312 1780 3369 Δάνειον
1829 3310 1887 3368 δὲ
1928 3319 2031 3369 πᾶν
2064 3283 2107 3351 C
2147 3283 2643 3403 αὐτῷΐησυμφορὰς,
2685 3283 2797 3386 τὰς.
2852 3324 2953 3393 τὴν
3015 3318 3240 3399 καρδιμν
3302 3283 3800 3388 νξιττούσαςνδίκηξι

382 3401 526 3476 δόμα
582 3406 680 3457 τοῦ
729 3399 963 3475 δικαίου,
996 3399 1086 3457 διὰ
1126 3401 1191 3457 τὸ
1236 3401 1330 3457 σὺν
1381 3399 1581 3474 πολλῷ
1629 3400 1778 3475 τόκῳ
1812 3400 2034 3477 μέλλειν

383 3490 544 3548 αὐτὸν
577 3490 757 3556 θεόθεν
788 3495 886 3546 τοῦ
917 3485 1236 3548 ἀπολαϐεῖν.

457 3604 488 3633 ‹‹
524 3580 626 3636 Καὶ
676 3580 740 3635 τὸ
789 3579 1005 3655 σπέρμα
1052 3579 1216 3635 αὐτοῦ
1255 3579 1333 3643 εἷς
1382 3578 1633 3656 εὐλογίαν
1686 3573 1853 3639 ἔσται.
1906 3604 1935 3633 ››
1967 3615 2036 3625 --

383 3669 638 3725 Τουτέστι
666 3667 1040 3745 εὐλογημένον
1071 3668 1161 3723 καὶ
1193 3667 1489 3727 ἐπαινετόν.

451 3781 481 3811 ‹‹
511 3755 798 3814 ’Έκκλινον
851 3756 959 3813 ἀπὸ
1013 3762 1204 3829 κακοῦ,
1234 3758 1325 3814 καὶ
1373 3758 1604 3829 ποίησον
1661 3756 1889 3834 ἀγαθὸν,
1941 3760 2032 3815 καὶ

373 3848 717 3918 κατασκήνου
770 3846 850 3911 εἰς
897 3846 1072 3903 αἰῶνα
1128 3846 1347 3910 αἰῶνος.
1391 3871 1419 3900 ››
1447 3879 1514 3890 -
1545 3849 1896 3920 Κατασκήνου
1953 3847 2032 3912 εἷς

372 3937 466 3992 τὸν
500 3936 668 3993 αἰῶνα
706 3937 799 3993 τὸν
846 3935 1141 4011 μέλλοντα,
1174 3935 1225 3991 ἐν
1274 3941 1354 4009 τῷ
1400 3935 1556 3993 αἰῶνι
1604 3941 1909 4015 παροικῶν,
1943 3935 2034 3994 διὰ

371 4028 436 4082 τὸ
465 4025 796 4103 πρόσκαιρον
831 4033 933 4097 τῆς
967 4030 1136 4096 ζωῆς.

441 4116 623 4174 ‹‹⁰¹Οτι
705 4113 902 4192 Κύριος
975 4116 1160 4191 ἀγαπᾷ
1218 4114 1416 4193 κρίσιν.
1479 4140 1501 4168 ι

368 4200 714 4275 δικαιοσύνην
746 4202 920 4281 λέγει.

440 4318 469 4347 ‹‹
504 4293 695 4368 Στόμα
750 4290 964 4349 δικαίου
1025 4292 1316 4369 μελετήσει
1368 4293 1580 4374 σοφίαν,
1610 4295 1702 4351 καὶ
1731 4297 1766 4367 ἠ
1810 4294 2033 4373 γλῶσσα

369 4381 534 4439 αὐτοῦ
593 4380 825 4454 λαλήσει
878 4383 1075 4460 κρίσιν.
1108 4407 1236 4437 »——-
1293 4383 1494 4462 Σοφίαν
1557 4380 1743 4462 εἴρηκε
1795 4385 1887 4441 τὸν
1938 4385 2029 4441 νό-

374 4492 474 4546 μον
519 4475 618 4527 τοῦ
666 4475 802 4526 Θεοῦ
840 4471 931 4527 καὶ
982 4472 1077 4535 τὰς
1106 4470 1329 4535 ἐντολὰς
1370 4472 1556 4532 αὐτοῦ.
1589 4473 1693 4536 Τὰς
1750 4473 1915 4538 αὐτὰς
1972 4472 2031 4530 δὲ

368 4560 461 4616 καὶ
489 4558 662 4637 κρίσιν
696 4558 945 4616 ἐκάλεσεν
956 4605 969 4618 .

1565 4149 1632 4160 -
1688 4115 1875 4194 Κρίσιν
1928 4117 2028 4188 τὴν

2187 3414 2326 3473 ελῶν
2336 3459 2350 3472 .

2150 3417 2383 3562 βείίωίἔαὶ
2441 3500 2792 3578 ἐπεστήριξας
2835 3498 2918 3556 ἐπ’
2967 3498 3066 3575 ἐμὲ
3109 3500 3208 3569 τὴν
3267 3498 3435 3576 χεῖρά
3481 3518 3603 3554 σου.
3654 3523 3685 3552 ››
3737 3529 3807 3540 —

2142 3593 2447 3663 Τουτέστιν,
2479 3590 2759 3666 ἐπιμόνως
2789 3587 3162 3665 ἐτιμώρησας.

2222 3708 2248 3739 α
2276 3681 2388 3738 Οὐκ
2417 3678 2559 3738 ἔστιν
2590 3678 2730 3744 ἴασις
2768 3678 2820 3736 ἐν
2867 3682 2938 3755 τῇ
2987 3677 3145 3756 σαρκί
3193 3699 3297 3753 μου
3345 3676 3453 3732 ἀπὸ
3499 3677 3812 3754 προσώπου

2140 3780 2243 3844 τῆς
2274 3772 2442 3850 ὀργῆς
2474 3792 2591 3829 σου.
2622 3793 2652 3822 ››
2684 3803 2752 3813 -
2779 3767 2943 3824 ’Ἲασίν
2976 3789 3109 3847 φησι
3138 3769 3240 3838 τήν
3276 3773 3380 3837 τῆς
3436 3766 3814 3829 κακοπαθείας

2140 3861 2493 3938 ἀπαλλαγήν·
2524 3859 2589 3916 τὸ
2620 3856 2679 3915 δὲ
2711 3882 2735 3912 α
2769 3858 2875 3914 ἀπὸ
2917 3858 3217 3935 προσώπου
3262 3858 3363 3927 τῆς
3416 3854 3595 3933 ὀργῆς
3632 3880 3666 3909 ››
3696 3853 3813 3911 ἀντὶ

2137 3956 2261 4026 τοῦ,
2294 3948 2384 4006 διὰ
2409 3951 2508 4021 τὴν
2542 3948 2713 4026 ὀργήν
2747 3967 2863 4004 σου·
2915 3949 3355 4025 περιφραστικῶς
3404 3944 3511 4021 γὰρ
3556 3942 3818 4021 εἴρηνται

2137 4043 2206 4099 τὰ
2230 4044 2473 4097 τοιαῦτα.

2218 4153 2246 4187 α
2274 4129 2386 4186 Οὐκ
2413 4126 2554 4185 ἔστιν
2586 4126 2777 4205 εἰρήνη
2812 4125 2865 4183 ἐν
2895 4130 3014 4190 τοῖς
3055 4124 3265 4187 ὀστέοις
3316 4144 3423 4198 μου
3472 4121 3585 4178 ἀπὸ
3646 4143 3816 4201 προσ-

2140 4222 2294 4277 ώπου
2339 4224 2446 4275 τῶν
2488 4217 2768 4296 ἁμαρτιῶν
2822 4238 2950 4292 μου.
3002 4239 3032 4269 ››
3079 4248 3150 4259 —
3198 4212 3519 4289 Κλονοῦμαι
3558 4212 3678 4292 γὰρ
3727 4212 3815 4269 καὶ

2136 4309 2345 4388 τρέμω.

2214 4422 2243 4454 α
2271 4399 2625 4477 Προσώζεσαν
2716 4395 2807 4453 καὶ
2874 4394 3149 4468 ἐσάπησαν
3215 4395 3268 4450 οἳ
3333 4391 3623 4467 μώλωπές
3713 4413 3816 4468 μου

2139 4490 2245 4546 ἀπὸ
2292 4488 2591 4565 προσώπου
2636 4494 2738 4559 τῆς
2785 4484 3097 4564 ἀφροσύνης
3151 4504 3277 4559 μου.
3312 4506 3344 4535 ››
3373 4514 3443 4525 -
3471 4482 3539 4536 Οἱ
3591 4480 3815 4556 μώλω-

2135 4600 2234 4643 πες
2278 4585 2379 4649 τῆς
2421 4581 2607 4654 ψυχῆς
2653 4598 2760 4651 μου
2809 4572 3074 4632 δυσωδίαν
3122 4572 3481 4652 ἀποφέρουσι,
3532 4570 3637 4627 καὶ
3723 4570 3819 4627 οὐκ

443 4673 472 4703 ί(
502 4648 788 4743 Ὀᾳνάιιφς
841 4655 940 4706 τοῦ
1002 4654 1137 4743 βεοῖ)
1196 4649 1260 4743 ἐνί
1303 4649 1525 4743 καρδίᾳ-
1551 4651 1738 4724 αὐτοῦ,
1779 4652 1870 4707 καὶ
1921 4654 2030 4732 οὐχ
2062 4663 2108 4729 D
2140 4668 2191 4743 ἐξ
2224 4648 2695 4741 mamma
2720 4665 2813 4721 καὶ
2842 4663 3114 4736 ἐσάπησαν
3144 4648 3356 4719 τέλεον.

376 4738 893 4811 ὑποσκελισθήσεται
962 4740 1030 4795 τὰ
1100 4734 1414 4813 διαδήματα
1470 4741 1654 4799 αὐτοῦ.
1715 4764 1745 4796 »
1805 4777 1877 4787 —-
1921 4743 2037 4803 Οὐκ

376 4825 833 4903 ἐμποδισθήσεται
863 4831 898 4899 ἠ
929 4830 1067 4906 πρὸς
1097 4830 1225 4885 Θεὸν
1254 4827 1382 4893 ὁδὸς
1414 4830 1599 4888 αὐτοῦ.

444 4959 475 4989 ‹‹
507 4939 773 4996 Κατανοεῖ
828 4939 857 4992 6
906 4935 1235 5014 ἁμαρτωλὸς
1290 4938 1383 4992 τὸν
1449 4935 1679 5011 δίκαιον,
1729 4940 1821 4995 καὶ
1882 4946 2034 5014 ζητεῖ

367 5028 466 5081 τοῦ
501 5026 804 5081 θανατῶσαι
868 5025 1048 5081 αὐτόν.
1086 5050 1114 5077 ›)
1145 5059 1215 5071 --
1243 5032 1554 5103 Παρατηρεῖ
1610 5027 1701 5083 καὶ
1761 5027 2033 5107 ἀνεδρεύει

368 5113 462 5168 τὸν
531 5110 735 5169 δίκαιον
797 5115 824 5168 ὁ
885 5112 1214 5192 ἁμαρτωλὸς
1271 5116 1299 5169 6
1352 5114 1609 5187 αἰσθητὸς
1666 5116 1757 5172 καὶ
1816 5120 1846 5173 6
1894 5141 2033 5190 νοη-

375 5200 493 5265 τός.

443 5312 477 5346 ι
508 5292 568 5350 Ὁ
612 5292 671 5349 δὲ
723 5293 920 5372 Κύριος
969 5293 1031 5349 ού
1081 5295 1156 5368 μή
1209 5292 1546 5371 ἐγκαταλίπῃ
1590 5294 1750 5351 αὐτὸν
1801 5297 1877 5361 εἷς
1934 5299 2032 5363 τὰς

372 5380 565 5456 χεῖρας
615 5380 801 5442 αὐτοῦ.
838 5406 865 5434 ››
896 5416 966 5426 -
997 5383 1127 5460 Περὶ
1184 5389 1288 5453 τῆς
1340 5381 1551 5446 τελείας
1611 5383 1755 5462 λέγει
1805 5385 2032 5463 ἐγκατα-

370 5466 637 5545 λείψεως.

452 5580 483 5609 α
509 5556 651 5616 Οὐδὲ
711 5562 787 5634 μὴ
844 5561 1271 5633 καταδικάοηται
1337 5561 1519 5636 αὐτόν,
1580 5561 1704 5618 ὅταν
1788 5564 2031 5642 κρίνηται

372 5645 554 5707 αὐτόν.
589 5671 619 5700 ››
652 5682 722 5692 -
765 5649 922 5709 Ἀλλ’
977 5650 1104 5708 οὐδὲ
1158 5651 1294 5707 κατὰ
1348 5652 1447 5722 τὴν
1492 5650 1800 5726 μέλλουσαν
1855 5654 2030 5733 κρίσιν

373 5734 663 5798 κπάδικον
690 5743 909 5817 ποιήσει
942 5743 970 5799 6
1001 5741 1131 5807 Θεὸς
1187 5742 1280 5799 τὸν
1336 5737 1567 5816 δίκαιον,
1601 5741 1726 5800 ὅταν
1781 5745 1809 5799 6
1852 5745 2029 5826 ἀμαρ-

2219 4781 2246 4811 ‹‹
2273 4755 2733 4833 Ἐταλαιπώρησα
2758 4755 2849 4812 καὶ
2878 4755 3266 4832 κατεκάμφθην
3290 4746 3394 4815 ἕως
3424 4749 3653 4814 τέλους·
3676 4748 3814 4819 ὅλην

2139 4848 2240 4917 τὴν
2286 4846 2495 4923 ἡμέραν
2557 4845 2958 4919 σκυθρωπάζων
3017 4843 3383 4921 ἐπορευόμην.
3416 4864 3448 4893 ››
3480 4872 3552 4884 —
3580 4840 3817 4897 Ἐκακο-

2142 4938 2382 5008 πάθησα,
2431 4934 2521 4991 καὶ
2569 4934 2863 5005 ἀσθενήσας
2908 4933 3295 5011 κατεκάμφθην
3343 4926 3672 5002 παντελῶς,
3720 4930 3814 4999 τὴν

2142 5026 2328 5101 ψυχὴν
2362 5022 2576 5096 δηλαδὴ
2607 5023 2699 5079 καὶ
2726 5023 2792 5080 τὸ
2823 5026 3003 5098 σῶμα.

2217 5141 2244 5169 ((
2278 5115 2484 5170 ’Ότιαὶ
2530 5112 2661 5188 ψόαι
2728 5133 2834 5187 μου
2897 5112 3248 5184 ἐπλήσθησαν
3300 5107 3743 5183 ἐμπαιγμάτων.
3788 5129 3815 5158 ι»

2143 5238 2213 5249 -~
2239 5208 2345 5267 Τὰς
2401 5202 2540 5277 ψόας
2596 5201 2829 5279 λαγόνας
2889 5200 3034 5257 εἶπεν
3068 5202 3097 5256 6
3129 5199 3460 5274 Σύμμαχος,
3494 5193 3568 5251 δι’
3598 5217 3687 5252 ων
3721 5194 3817 5265 δη-

2143 5292 2336 5350 λοῦται
2364 5292 2427 5348 τὸ
2458 5290 2870 5367 ἐπιθυμητικόν·
2916 5291 3040 5367 περὶ
3090 5288 3286 5352 ταύτας
3335 5287 3441 5364 γὰρ
3490 5286 3547 5341 οἱ
3592 5285 3814 5366 νεφροί·

2144 5384 2304 5463 φησὶν
2365 5382 2478 5438 οὖν·
2536 5383 2601 5437 Ἡ
2658 5380 2918 5455 ἐπιθυμία
2986 5402 3096 5455 μου
3155 5377 3454 5454 ἐνεπαίχθη
3526 5374 3639 5463 ὑπὸ
3726 5378 3818 5431 τοῦ

2144 5461 2404 5548 δαίμονος
2464 5469 2555 5527 διὰ
2625 5478 2727 5542 τῆς
2784 5491 2892 5527 των
2948 5471 3164 5527 ἀτόπων
3227 5466 3455 5544 ὀρέξεων
3511 5461 3819 5541 ἐκπληρώς

2144 5584 2301 5626 σεως.

2216 5677 2245 5706 ι(
2278 5650 2592 5721 Ἐκακώθην
2645 5649 2737 5706 καὶ
2787 5649 3153 5722 ἐταπεινώθην
3225 5642 3332 5709 ἓως
3388 5640 3624 5725 σφόδρα.
3668 5666 3702 5699 η
3750 5672 3820 5685 --

2144 5742 2243 5800 Διὰ
2286 5739 2486 5798 τούτου
2531 5741 2633 5813 τήν
2684 5738 3111 5820 σκληραγωγίαν
3180 5736 3274 5794 καὶ
3315 5732 3625 5814 κακουχίαν
3688 5729 3818 5807 ἐδή-
