  <div class='ocr_page' id='page_1' title='image "/cluster/home/n/w/nwhite01/storage/ocr_20150623/142/coo.31924054870476/738.png"; bbox 0 0 4072 6474; ppageno 0'>
   <div class='ocr_carea' id='block_1_1' title="bbox 227 467 378 529">
    <p class='ocr_par' dir='ltr' id='par_1_1' title="bbox 227 467 378 529">
     <span class='ocr_line' id='line_1_1' title="bbox 227 467 378 529; baseline -0.007 -1"><span class='ocrx_word' id='word_1_1' title='bbox 227 467 378 529; x_wconf 76' lang='grc'>1453</span> 
     </span>
    </p>
   </div>
   <div class='ocr_carea' id='block_1_2' title="bbox 1446 464 2418 530">
    <p class='ocr_par' dir='ltr' id='par_1_2' title="bbox 1446 464 2418 530">
     <span class='ocr_line' id='line_1_2' title="bbox 1446 464 2418 530; baseline 0 -2"><span class='ocrx_word' id='word_1_2' title='bbox 1446 464 1860 530; x_wconf 75' lang='lat' dir='ltr'>EXPOSITIO</span> <span class='ocrx_word' id='word_1_3' title='bbox 1903 465 1982 528; x_wconf 85' lang='lat' dir='ltr'>IN</span> <span class='ocrx_word' id='word_1_4' title='bbox 2030 468 2418 530; x_wconf 84' lang='lat' dir='ltr'>PSALMOS.</span> 
     </span>
    </p>
   </div>
   <div class='ocr_carea' id='block_1_3' title="bbox 3478 469 3639 531">
    <p class='ocr_par' dir='ltr' id='par_1_3' title="bbox 3478 469 3639 531">
     <span class='ocr_line' id='line_1_3' title="bbox 3478 469 3639 531; baseline 0.019 -3"><span class='ocrx_word' id='word_1_5' title='bbox 3478 469 3639 531; x_wconf 75' lang='grc'>1454</span> 
     </span>
    </p>
   </div>
   <div class='ocr_carea' id='block_1_4' title="bbox 229 593 3639 677">
    <p class='ocr_par' dir='ltr' id='par_1_4' title="bbox 229 593 3639 677">
     <span class='ocr_line' id='line_1_4' title="bbox 229 593 3639 677; baseline 0 -23"><span class='ocrx_word' id='word_1_6' title='bbox 229 597 392 657; x_wconf 89' lang='grc' dir='ltr'>λωσε.</span> <span class='ocrx_word' id='word_1_7' title='bbox 425 598 495 654; x_wconf 92' lang='grc' dir='ltr'>Τὸ</span> <span class='ocrx_word' id='word_1_8' title='bbox 527 594 586 654; x_wconf 77' lang='grc' dir='ltr'>δὲ</span> <span class='ocrx_word' id='word_1_9' title='bbox 614 593 720 661; x_wconf 71' lang='grc' dir='ltr'>ἕως</span> <span class='ocrx_word' id='word_1_10' title='bbox 777 593 984 677; x_wconf 80' lang='grc' dir='ltr'>σφόδρα</span> <span class='ocrx_word' id='word_1_11' title='bbox 1043 594 1160 652; x_wconf 85' lang='grc' dir='ltr'>ἀντὶ</span> <span class='ocrx_word' id='word_1_12' title='bbox 1215 600 1312 652; x_wconf 84' lang='grc' dir='ltr'>τοῦ</span> <span class='ocrx_word' id='word_1_13' title='bbox 1372 595 1540 674; x_wconf 85' lang='grc' dir='ltr'>μέχρι</span> <span class='ocrx_word' id='word_1_14' title='bbox 1587 602 1686 654; x_wconf 90' lang='grc' dir='ltr'>τοῦ</span> <span class='ocrx_word' id='word_1_15' title='bbox 1741 619 1876 654; x_wconf 83' lang='grc' dir='ltr'>παν·</span> <span class='ocrx_word' id='word_1_16' title='bbox 1905 602 1962 668; x_wconf 85' lang='grc' dir='ltr'>Α</span> <span class='ocrx_word' id='word_1_17' title='bbox 2069 621 2091 650; x_wconf 83' lang='grc' dir='ltr'>ιι</span> <span class='ocrx_word' id='word_1_18' title='bbox 2123 598 2285 669; x_wconf 78' lang='grc' dir='ltr'>Εἶπα,</span> <span class='ocrx_word' id='word_1_19' title='bbox 2337 596 2570 671; x_wconf 82' lang='grc' dir='ltr'>Φυλάξω</span> <span class='ocrx_word' id='word_1_20' title='bbox 2617 595 2712 660; x_wconf 84' lang='grc' dir='ltr'>τὰς</span> <span class='ocrx_word' id='word_1_21' title='bbox 2763 595 2922 661; x_wconf 77' lang='grc' dir='ltr'>ὁδούς</span> <span class='ocrx_word' id='word_1_22' title='bbox 2974 619 3103 672; x_wconf 87' lang='grc' dir='ltr'>μου,</span> <span class='ocrx_word' id='word_1_23' title='bbox 3130 602 3229 655; x_wconf 90' lang='grc' dir='ltr'>τοῦ</span> <span class='ocrx_word' id='word_1_24' title='bbox 3274 600 3350 672; x_wconf 83' lang='grc' dir='ltr'>μὴ</span> <span class='ocrx_word' id='word_1_25' title='bbox 3397 600 3639 676; x_wconf 83' lang='grc' dir='ltr'>ἁμαρτά-</span> 
     </span>
    </p>
   </div>
   <div class='ocr_carea' id='block_1_5' title="bbox 223 687 439 752">
    <p class='ocr_par' dir='ltr' id='par_1_5' title="bbox 223 687 439 752">
     <span class='ocr_line' id='line_1_5' title="bbox 223 687 439 752; baseline 0.005 -7"><span class='ocrx_word' id='word_1_26' title='bbox 223 687 439 752; x_wconf 88' lang='grc' dir='ltr'>τελοῦς.</span> 
     </span>
    </p>
   </div>
   <div class='ocr_carea' id='block_1_6' title="bbox 301 775 1878 855">
    <p class='ocr_par' dir='ltr' id='par_1_6' title="bbox 301 775 1878 855">
     <span class='ocr_line' id='line_1_6' title="bbox 301 775 1878 855; baseline -0.003 -23"><span class='ocrx_word' id='word_1_27' title='bbox 301 803 329 831; x_wconf 91' lang='grc'>‹‹</span> <span class='ocrx_word' id='word_1_28' title='bbox 364 776 641 854; x_wconf 74' lang='grc' dir='ltr'>Ὠρυόμην</span> <span class='ocrx_word' id='word_1_29' title='bbox 689 776 797 832; x_wconf 77' lang='grc' dir='ltr'>διπὸ</span> <span class='ocrx_word' id='word_1_30' title='bbox 848 781 1148 854; x_wconf 88' lang='grc' dir='ltr'>στεναγμοῦ</span> <span class='ocrx_word' id='word_1_31' title='bbox 1193 784 1295 848; x_wconf 89' lang='grc' dir='ltr'>τῆς</span> <span class='ocrx_word' id='word_1_32' title='bbox 1344 775 1564 855; x_wconf 82' lang='grc' dir='ltr'>καρδίας</span> <span class='ocrx_word' id='word_1_33' title='bbox 1617 799 1779 851; x_wconf 76' lang='grc' dir='ltr'>μου.»</span> <span class='ocrx_word' id='word_1_34' title='bbox 1810 811 1878 819; x_wconf 90' lang='lat'>-—</span> 
     </span>
    </p>
   </div>
   <div class='ocr_carea' id='block_1_7' title="bbox 230 865 1878 944">
    <p class='ocr_par' dir='ltr' id='par_1_7' title="bbox 230 865 1878 944">
     <span class='ocr_line' id='line_1_7' title="bbox 230 865 1878 944; baseline -0.001 -22"><span class='ocrx_word' id='word_1_35' title='bbox 230 868 292 922; x_wconf 90' lang='grc' dir='ltr'>Ἡ</span> <span class='ocrx_word' id='word_1_36' title='bbox 319 865 577 944; x_wconf 86' lang='grc' dir='ltr'>ἀγριότης</span> <span class='ocrx_word' id='word_1_37' title='bbox 607 871 706 922; x_wconf 91' lang='grc' dir='ltr'>τοῦ</span> <span class='ocrx_word' id='word_1_38' title='bbox 749 865 857 922; x_wconf 90' lang='grc' dir='ltr'>ἀπὸ</span> <span class='ocrx_word' id='word_1_39' title='bbox 886 866 1108 943; x_wconf 82' lang='grc' dir='ltr'>καρδίας</span> <span class='ocrx_word' id='word_1_40' title='bbox 1139 871 1464 943; x_wconf 75' lang='grc' dir='ltr'>στεναγμοῦ,</span> <span class='ocrx_word' id='word_1_41' title='bbox 1493 866 1735 923; x_wconf 90' lang='grc' dir='ltr'>τουτέστι</span> <span class='ocrx_word' id='word_1_42' title='bbox 1777 871 1878 922; x_wconf 89' lang='grc' dir='ltr'>τοῦ</span> 
     </span>
    </p>
   </div>
   <div class='ocr_carea' id='block_1_8' title="bbox 231 954 1348 1033">
    <p class='ocr_par' dir='ltr' id='par_1_8' title="bbox 231 954 1348 1033">
     <span class='ocr_line' id='line_1_8' title="bbox 231 954 1348 1033; baseline 0 -22"><span class='ocrx_word' id='word_1_43' title='bbox 231 955 288 1012; x_wconf 89' lang='grc' dir='ltr'>ἐκ</span> <span class='ocrx_word' id='word_1_44' title='bbox 322 957 540 1032; x_wconf 83' lang='grc' dir='ltr'>βάθους,</span> <span class='ocrx_word' id='word_1_45' title='bbox 576 955 892 1033; x_wconf 80' lang='grc' dir='ltr'>βρυχηθμῷ</span> <span class='ocrx_word' id='word_1_46' title='bbox 921 954 1141 1019; x_wconf 88' lang='grc' dir='ltr'>λέοντος</span> <span class='ocrx_word' id='word_1_47' title='bbox 1173 955 1348 1029; x_wconf 79' lang='grc' dir='ltr'>ἐῴκει.</span> 
     </span>
    </p>
   </div>
   <div class='ocr_carea' id='block_1_9' title="bbox 300 1044 1878 1122">
    <p class='ocr_par' dir='ltr' id='par_1_9' title="bbox 300 1044 1878 1122">
     <span class='ocr_line' id='line_1_9' title="bbox 300 1044 1878 1122; baseline 0.002 -24"><span class='ocrx_word' id='word_1_48' title='bbox 300 1070 329 1098; x_wconf 81' lang='grc' dir='ltr'>(ι</span> <span class='ocrx_word' id='word_1_49' title='bbox 360 1044 550 1122; x_wconf 89' lang='grc' dir='ltr'>Κύριε,</span> <span class='ocrx_word' id='word_1_50' title='bbox 586 1044 825 1101; x_wconf 85' lang='grc' dir='ltr'>ἐναντίον</span> <span class='ocrx_word' id='word_1_51' title='bbox 876 1066 971 1100; x_wconf 89' lang='grc' dir='ltr'>σου</span> <span class='ocrx_word' id='word_1_52' title='bbox 1029 1051 1172 1100; x_wconf 81' lang='grc' dir='ltr'>πᾶσα</span> <span class='ocrx_word' id='word_1_53' title='bbox 1200 1047 1236 1116; x_wconf 81' lang='grc' dir='ltr'>ἡ</span> <span class='ocrx_word' id='word_1_54' title='bbox 1269 1044 1528 1120; x_wconf 88' lang='grc' dir='ltr'>ἐπιθυμία</span> <span class='ocrx_word' id='word_1_55' title='bbox 1566 1065 1691 1120; x_wconf 83' lang='grc' dir='ltr'>μου⁶</span> <span class='ocrx_word' id='word_1_56' title='bbox 1725 1045 1814 1101; x_wconf 84' lang='grc' dir='ltr'>καὶ</span> <span class='ocrx_word' id='word_1_57' title='bbox 1849 1047 1878 1101; x_wconf 98' lang='lat'>6</span> 
     </span>
    </p>
   </div>
   <div class='ocr_carea' id='block_1_10' title="bbox 228 1129 1878 1210">
    <p class='ocr_par' dir='ltr' id='par_1_10' title="bbox 228 1129 1878 1210">
     <span class='ocr_line' id='line_1_10' title="bbox 228 1129 1878 1210; baseline 0.001 -20"><span class='ocrx_word' id='word_1_58' title='bbox 228 1134 524 1210; x_wconf 87' lang='grc' dir='ltr'>στεναγμός</span> <span class='ocrx_word' id='word_1_59' title='bbox 586 1156 690 1209; x_wconf 88' lang='grc' dir='ltr'>μου</span> <span class='ocrx_word' id='word_1_60' title='bbox 744 1134 851 1190; x_wconf 90' lang='grc' dir='ltr'>ἀπὸ</span> <span class='ocrx_word' id='word_1_61' title='bbox 925 1139 1022 1190; x_wconf 92' lang='grc' dir='ltr'>σοῦ</span> <span class='ocrx_word' id='word_1_62' title='bbox 1091 1135 1190 1190; x_wconf 76' lang='grc' dir='ltr'>οὐκ</span> <span class='ocrx_word' id='word_1_63' title='bbox 1253 1129 1557 1210; x_wconf 78' lang='grc' dir='ltr'>ἀπεκρύϐη.</span> <span class='ocrx_word' id='word_1_64' title='bbox 1603 1160 1630 1188; x_wconf 80' lang='grc'>›)</span> <span class='ocrx_word' id='word_1_65' title='bbox 1691 1169 1761 1178; x_wconf 93' lang='grc'><strong>-</strong></span> <span class='ocrx_word' id='word_1_66' title='bbox 1807 1137 1878 1192; x_wconf 91' lang='grc' dir='ltr'><strong><em>Ἦ</em></strong></span> 
     </span>
    </p>
   </div>
   <div class='ocr_carea' id='block_1_11' title="bbox 233 1222 1876 1301">
    <p class='ocr_par' dir='ltr' id='par_1_11' title="bbox 233 1222 1876 1301">
     <span class='ocr_line' id='line_1_11' title="bbox 233 1222 1876 1301; baseline 0.001 -23"><span class='ocrx_word' id='word_1_67' title='bbox 233 1223 364 1297; x_wconf 89' lang='grc' dir='ltr'>μετά</span> <span class='ocrx_word' id='word_1_68' title='bbox 385 1225 485 1293; x_wconf 78' lang='grc' dir='ltr'>τὴν</span> <span class='ocrx_word' id='word_1_69' title='bbox 519 1224 784 1298; x_wconf 77' lang='grc' dir='ltr'>ἁμαρτίαν</span> <span class='ocrx_word' id='word_1_70' title='bbox 818 1222 1088 1300; x_wconf 78' lang='grc' dir='ltr'>σωτηρίας</span> <span class='ocrx_word' id='word_1_71' title='bbox 1136 1223 1404 1298; x_wconf 89' lang='grc' dir='ltr'>ἐπιθυμῶ.</span> <span class='ocrx_word' id='word_1_72' title='bbox 1439 1225 1537 1280; x_wconf 80' lang='grc' dir='ltr'>Καὶ</span> <span class='ocrx_word' id='word_1_73' title='bbox 1592 1225 1876 1301; x_wconf 80' lang='grc' dir='ltr'>γινώσκεις</span> 
     </span>
    </p>
   </div>
   <div class='ocr_carea' id='block_1_12' title="bbox 227 1311 1395 1390">
    <p class='ocr_par' dir='ltr' id='par_1_12' title="bbox 227 1311 1395 1390">
     <span class='ocr_line' id='line_1_12' title="bbox 227 1311 1395 1390; baseline 0.003 -24"><span class='ocrx_word' id='word_1_74' title='bbox 227 1316 408 1382; x_wconf 87' lang='grc' dir='ltr'>τοῦτο,</span> <span class='ocrx_word' id='word_1_75' title='bbox 440 1312 530 1369; x_wconf 83' lang='grc' dir='ltr'>καὶ</span> <span class='ocrx_word' id='word_1_76' title='bbox 558 1317 657 1368; x_wconf 89' lang='grc' dir='ltr'>τοῦ</span> <span class='ocrx_word' id='word_1_77' title='bbox 689 1317 988 1390; x_wconf 77' lang='grc' dir='ltr'>στεναγμοῦ</span> <span class='ocrx_word' id='word_1_78' title='bbox 1024 1334 1128 1387; x_wconf 89' lang='grc' dir='ltr'>μου</span> <span class='ocrx_word' id='word_1_79' title='bbox 1159 1311 1395 1376; x_wconf 88' lang='grc' dir='ltr'>ἀκούεις.</span> 
     </span>
    </p>
   </div>
   <div class='ocr_carea' id='block_1_13' title="bbox 301 1399 1875 1479">
    <p class='ocr_par' dir='ltr' id='par_1_13' title="bbox 301 1399 1875 1479">
     <span class='ocr_line' id='line_1_13' title="bbox 301 1399 1875 1479; baseline 0.003 -25"><span class='ocrx_word' id='word_1_80' title='bbox 301 1427 328 1455; x_wconf 89' lang='grc'>‹‹</span> <span class='ocrx_word' id='word_1_81' title='bbox 364 1403 426 1457; x_wconf 88' lang='grc' dir='ltr'><strong>Ἣ</strong></span> <span class='ocrx_word' id='word_1_82' title='bbox 503 1399 698 1478; x_wconf 85' lang='grc' dir='ltr'>καρδία</span> <span class='ocrx_word' id='word_1_83' title='bbox 776 1423 881 1476; x_wconf 86' lang='grc' dir='ltr'>μου</span> <span class='ocrx_word' id='word_1_84' title='bbox 952 1401 1248 1479; x_wconf 89' lang='grc' dir='ltr'>ἐταράχθη·</span> <span class='ocrx_word' id='word_1_85' title='bbox 1328 1400 1646 1479; x_wconf 86' lang='grc' dir='ltr'>ἐγκατέλιπέ</span> <span class='ocrx_word' id='word_1_86' title='bbox 1717 1424 1786 1476; x_wconf 87' lang='grc' dir='ltr'>με</span> <span class='ocrx_word' id='word_1_87' title='bbox 1839 1405 1875 1472; x_wconf 83' lang='grc' dir='ltr'>ἡ</span> 
     </span>
    </p>
   </div>
   <div class='ocr_carea' id='block_1_14' title="bbox 226 1489 1877 1570">
    <p class='ocr_par' dir='ltr' id='par_1_14' title="bbox 226 1489 1877 1570">
     <span class='ocr_line' id='line_1_14' title="bbox 226 1489 1877 1570; baseline 0.001 -26"><span class='ocrx_word' id='word_1_88' title='bbox 226 1490 382 1568; x_wconf 76' lang='grc' dir='ltr'>ἱσχύς</span> <span class='ocrx_word' id='word_1_89' title='bbox 432 1512 556 1565; x_wconf 88' lang='grc' dir='ltr'>μου.</span> <span class='ocrx_word' id='word_1_90' title='bbox 611 1515 642 1544; x_wconf 85' lang='grc'><strong><em>››</em></strong></span> <span class='ocrx_word' id='word_1_91' title='bbox 689 1524 760 1536; x_wconf 89' lang='lat'><strong><em>—</em></strong></span> <span class='ocrx_word' id='word_1_92' title='bbox 803 1497 865 1547; x_wconf 90' lang='grc' dir='ltr'><strong><em>Ἡ</em></strong></span> <span class='ocrx_word' id='word_1_93' title='bbox 910 1489 1103 1568; x_wconf 78' lang='grc' dir='ltr'>καρδία</span> <span class='ocrx_word' id='word_1_94' title='bbox 1155 1513 1260 1565; x_wconf 90' lang='grc' dir='ltr'>μου</span> <span class='ocrx_word' id='word_1_95' title='bbox 1307 1491 1579 1570; x_wconf 82' lang='grc' dir='ltr'>ἐταράχθη</span> <span class='ocrx_word' id='word_1_96' title='bbox 1631 1493 1734 1547; x_wconf 87' lang='grc' dir='ltr'>ὑπὸ</span> <span class='ocrx_word' id='word_1_97' title='bbox 1779 1495 1877 1548; x_wconf 89' lang='grc' dir='ltr'>τοῦ</span> 
     </span>
    </p>
   </div>
   <div class='ocr_carea' id='block_1_15' title="bbox 226 1577 1878 1656">
    <p class='ocr_par' dir='ltr' id='par_1_15' title="bbox 226 1577 1878 1656">
     <span class='ocr_line' id='line_1_15' title="bbox 226 1577 1878 1656; baseline 0.001 -21"><span class='ocrx_word' id='word_1_98' title='bbox 226 1577 550 1642; x_wconf 60' lang='grc' dir='ltr'>συνειδότος</span> <span class='ocrx_word' id='word_1_99' title='bbox 601 1583 637 1650; x_wconf 78' lang='grc' dir='ltr'><strong>ἡ</strong></span> <span class='ocrx_word' id='word_1_100' title='bbox 691 1580 849 1656; x_wconf 77' lang='grc' dir='ltr'>ἰσχύς</span> <span class='ocrx_word' id='word_1_101' title='bbox 911 1601 1014 1654; x_wconf 89' lang='grc' dir='ltr'>μου</span> <span class='ocrx_word' id='word_1_102' title='bbox 1069 1579 1327 1637; x_wconf 90' lang='grc' dir='ltr'>κατέλιπέ</span> <span class='ocrx_word' id='word_1_103' title='bbox 1389 1603 1456 1656; x_wconf 90' lang='grc' dir='ltr'>με</span> <span class='ocrx_word' id='word_1_104' title='bbox 1497 1582 1603 1636; x_wconf 88' lang='grc' dir='ltr'>ἀπὸ</span> <span class='ocrx_word' id='word_1_105' title='bbox 1638 1588 1737 1652; x_wconf 91' lang='grc' dir='ltr'>τῆς</span> <span class='ocrx_word' id='word_1_106' title='bbox 1784 1603 1878 1636; x_wconf 91' lang='grc' dir='ltr'>κα-</span> 
     </span>
    </p>
   </div>
   <div class='ocr_carea' id='block_1_16' title="bbox 225 1669 476 1746">
    <p class='ocr_par' dir='ltr' id='par_1_16' title="bbox 225 1669 476 1746">
     <span class='ocr_line' id='line_1_16' title="bbox 225 1669 476 1746; baseline 0.008 -21"><span class='ocrx_word' id='word_1_107' title='bbox 225 1669 476 1746; x_wconf 86' lang='grc' dir='ltr'>κουχίας.</span> 
     </span>
    </p>
   </div>
   <div class='ocr_carea' id='block_1_17' title="bbox 296 1758 1881 1839">
    <p class='ocr_par' dir='ltr' id='par_1_17' title="bbox 296 1758 1881 1839">
     <span class='ocr_line' id='line_1_17' title="bbox 296 1758 1881 1839; baseline 0.004 -28"><span class='ocrx_word' id='word_1_108' title='bbox 296 1759 457 1813; x_wconf 85' lang='grc' dir='ltr'>«Καὶ</span> <span class='ocrx_word' id='word_1_109' title='bbox 516 1760 578 1814; x_wconf 83' lang='grc' dir='ltr'>τὸ</span> <span class='ocrx_word' id='word_1_110' title='bbox 627 1763 744 1839; x_wconf 82' lang='grc' dir='ltr'>φῶς</span> <span class='ocrx_word' id='word_1_111' title='bbox 791 1764 896 1815; x_wconf 88' lang='grc' dir='ltr'>τῶν</span> <span class='ocrx_word' id='word_1_112' title='bbox 940 1758 1238 1839; x_wconf 75' lang='grc' dir='ltr'>ὀφθαλμῶν</span> <span class='ocrx_word' id='word_1_113' title='bbox 1289 1781 1393 1834; x_wconf 90' lang='grc' dir='ltr'>μου</span> <span class='ocrx_word' id='word_1_114' title='bbox 1436 1760 1527 1815; x_wconf 89' lang='grc' dir='ltr'>καὶ</span> <span class='ocrx_word' id='word_1_115' title='bbox 1592 1760 1723 1816; x_wconf 84' lang='grc' dir='ltr'>αὐτὸ</span> <span class='ocrx_word' id='word_1_116' title='bbox 1781 1760 1881 1817; x_wconf 81' lang='grc' dir='ltr'>οὐκ</span> 
     </span>
    </p>
   </div>
   <div class='ocr_carea' id='block_1_18' title="bbox 226 1845 1708 1926">
    <p class='ocr_par' dir='ltr' id='par_1_18' title="bbox 226 1845 1708 1926">
     <span class='ocr_line' id='line_1_18' title="bbox 226 1845 1708 1926; baseline 0.003 -24"><span class='ocrx_word' id='word_1_117' title='bbox 226 1845 335 1903; x_wconf 76' lang='grc' dir='ltr'>ἔστι</span> <span class='ocrx_word' id='word_1_118' title='bbox 371 1849 486 1922; x_wconf 89' lang='grc' dir='ltr'>μετ’</span> <span class='ocrx_word' id='word_1_119' title='bbox 516 1848 673 1922; x_wconf 86' lang='grc' dir='ltr'>ἐμοῦ.</span> <span class='ocrx_word' id='word_1_120' title='bbox 709 1872 737 1901; x_wconf 84' lang='grc'><strong>››</strong></span> <span class='ocrx_word' id='word_1_121' title='bbox 771 1882 838 1892; x_wconf 89' lang='grc'><strong><em>-</em></strong></span> <span class='ocrx_word' id='word_1_122' title='bbox 868 1850 1005 1907; x_wconf 84' lang='grc' dir='ltr'>Ἀπὸ</span> <span class='ocrx_word' id='word_1_123' title='bbox 1032 1853 1132 1904; x_wconf 89' lang='grc' dir='ltr'>τοῦ</span> <span class='ocrx_word' id='word_1_124' title='bbox 1163 1853 1403 1925; x_wconf 87' lang='grc' dir='ltr'>συνεχῶς</span> <span class='ocrx_word' id='word_1_125' title='bbox 1437 1846 1708 1926; x_wconf 87' lang='grc' dir='ltr'>δακρύειν.</span> 
     </span>
    </p>
   </div>
   <div class='ocr_carea' id='block_1_19' title="bbox 1987 687 3642 765">
    <p class='ocr_par' dir='ltr' id='par_1_19' title="bbox 1987 687 3642 765">
     <span class='ocr_line' id='line_1_19' title="bbox 1987 687 3642 765; baseline 0.002 -23"><span class='ocrx_word' id='word_1_126' title='bbox 1987 708 2097 744; x_wconf 88' lang='grc' dir='ltr'>νειν</span> <span class='ocrx_word' id='word_1_127' title='bbox 2163 709 2231 761; x_wconf 84' lang='grc' dir='ltr'>με</span> <span class='ocrx_word' id='word_1_128' title='bbox 2280 689 2332 744; x_wconf 93' lang='grc' dir='ltr'>ἐν</span> <span class='ocrx_word' id='word_1_129' title='bbox 2376 687 2600 765; x_wconf 77' lang='grc' dir='ltr'>γλώσσῃ</span> <span class='ocrx_word' id='word_1_130' title='bbox 2652 709 2778 761; x_wconf 87' lang='grc' dir='ltr'>μου.</span> <span class='ocrx_word' id='word_1_131' title='bbox 2830 687 3066 760; x_wconf 87' lang='grc' dir='ltr'>Ἐθέμην</span> <span class='ocrx_word' id='word_1_132' title='bbox 3113 691 3192 743; x_wconf 89' lang='grc' dir='ltr'>τῶ</span> <span class='ocrx_word' id='word_1_133' title='bbox 3246 687 3474 762; x_wconf 87' lang='grc' dir='ltr'>στόματί</span> <span class='ocrx_word' id='word_1_134' title='bbox 3535 710 3642 763; x_wconf 90' lang='grc' dir='ltr'>μου</span> 
     </span>
    </p>
   </div>
   <div class='ocr_carea' id='block_1_20' title="bbox 1987 774 3647 859">
    <p class='ocr_par' dir='ltr' id='par_1_20' title="bbox 1987 774 3647 859">
     <span class='ocr_line' id='line_1_20' title="bbox 1987 774 3647 859; baseline 0.001 -26"><span class='ocrx_word' id='word_1_135' title='bbox 1987 779 2258 858; x_wconf 80' lang='grc' dir='ltr'>φυλακήν.</span> <span class='ocrx_word' id='word_1_136' title='bbox 2325 802 2355 830; x_wconf 87' lang='grc'><strong><em>››</em></strong></span> <span class='ocrx_word' id='word_1_137' title='bbox 2411 810 2484 822; x_wconf 92' lang='grc'><strong><em>-</em></strong></span> <span class='ocrx_word' id='word_1_138' title='bbox 2539 774 2728 840; x_wconf 85' lang='grc' dir='ltr'>Ὁδοὺς</span> <span class='ocrx_word' id='word_1_139' title='bbox 2787 775 3011 833; x_wconf 85' lang='grc' dir='ltr'>ἐνταῦθα</span> <span class='ocrx_word' id='word_1_140' title='bbox 3086 776 3216 840; x_wconf 76' lang='grc' dir='ltr'>τοὺς</span> <span class='ocrx_word' id='word_1_141' title='bbox 3289 775 3491 855; x_wconf 87' lang='grc' dir='ltr'>λόγους</span> <span class='ocrx_word' id='word_1_142' title='bbox 3545 801 3647 859; x_wconf 83' lang='grc' dir='ltr'>φη-</span> 
     </span>
    </p>
   </div>
   <div class='ocr_carea' id='block_1_21' title="bbox 1987 867 2088 925">
    <p class='ocr_par' dir='ltr' id='par_1_21' title="bbox 1987 867 2088 925">
     <span class='ocr_line' id='line_1_21' title="bbox 1987 867 2088 925; baseline 0.03 -3"><span class='ocrx_word' id='word_1_143' title='bbox 1987 867 2088 925; x_wconf 88' lang='grc' dir='ltr'>σίν.</span> 
     </span>
    </p>
   </div>
   <div class='ocr_carea' id='block_1_22' title="bbox 2061 953 3640 1034">
    <p class='ocr_par' dir='ltr' id='par_1_22' title="bbox 2061 953 3640 1034">
     <span class='ocr_line' id='line_1_22' title="bbox 2061 953 3640 1034; baseline 0.001 -24"><span class='ocrx_word' id='word_1_144' title='bbox 2061 980 2092 1011; x_wconf 83' lang='grc' dir='ltr'>(ι</span> <span class='ocrx_word' id='word_1_145' title='bbox 2125 957 2209 1012; x_wconf 89' lang='grc' dir='ltr'>Ἐν</span> <span class='ocrx_word' id='word_1_146' title='bbox 2240 960 2320 1012; x_wconf 89' lang='grc' dir='ltr'>τῶ</span> <span class='ocrx_word' id='word_1_147' title='bbox 2352 962 2608 1027; x_wconf 85' lang='grc' dir='ltr'>συστῆναι</span> <span class='ocrx_word' id='word_1_148' title='bbox 2651 956 2744 1013; x_wconf 90' lang='grc' dir='ltr'>τὸν</span> <span class='ocrx_word' id='word_1_149' title='bbox 2793 955 3120 1034; x_wconf 84' lang='grc' dir='ltr'>ἁμαρτωλὸν</span> <span class='ocrx_word' id='word_1_150' title='bbox 3161 953 3394 1013; x_wconf 83' lang='grc' dir='ltr'>ἐναντίον</span> <span class='ocrx_word' id='word_1_151' title='bbox 3449 979 3576 1032; x_wconf 89' lang='grc' dir='ltr'>μου.</span> <span class='ocrx_word' id='word_1_152' title='bbox 3607 980 3640 1013; x_wconf 83' lang='grc'><strong>››</strong></span> 
     </span>
    </p>
   </div>
   <div class='ocr_carea' id='block_1_23' title="bbox 1984 1041 3138 1123">
    <p class='ocr_par' dir='ltr' id='par_1_23' title="bbox 1984 1041 3138 1123">
     <span class='ocr_line' id='line_1_23' title="bbox 1984 1041 3138 1123; baseline 0 -22"><span class='ocrx_word' id='word_1_153' title='bbox 1984 1078 2055 1089; x_wconf 89' lang='lat'>—-</span> <span class='ocrx_word' id='word_1_154' title='bbox 2085 1052 2355 1116; x_wconf 86' lang='grc' dir='ltr'>Συστῆναι</span> <span class='ocrx_word' id='word_1_155' title='bbox 2384 1046 2448 1101; x_wconf 89' lang='grc' dir='ltr'>τὸ</span> <span class='ocrx_word' id='word_1_156' title='bbox 2475 1043 2872 1123; x_wconf 82' lang='grc' dir='ltr'>παρατάξασθαι</span> <span class='ocrx_word' id='word_1_157' title='bbox 2903 1041 3138 1120; x_wconf 63' lang='grc' dir='ltr'>εἴρηκεν.</span> 
     </span>
    </p>
   </div>
   <div class='ocr_carea' id='block_1_24' title="bbox 2057 1131 3640 1214">
    <p class='ocr_par' dir='ltr' id='par_1_24' title="bbox 2057 1131 3640 1214">
     <span class='ocr_line' id='line_1_24' title="bbox 2057 1131 3640 1214; baseline 0.002 -25"><span class='ocrx_word' id='word_1_158' title='bbox 2057 1160 2088 1189; x_wconf 88' lang='grc'>‹‹</span> <span class='ocrx_word' id='word_1_159' title='bbox 2121 1135 2451 1214; x_wconf 84' lang='grc' dir='ltr'>Ἐκωφώθην</span> <span class='ocrx_word' id='word_1_160' title='bbox 2482 1134 2572 1189; x_wconf 82' lang='grc' dir='ltr'>καὶ</span> <span class='ocrx_word' id='word_1_161' title='bbox 2603 1134 2965 1204; x_wconf 88' lang='grc' dir='ltr'>ἐταπεινώθην</span> <span class='ocrx_word' id='word_1_162' title='bbox 3008 1134 3098 1189; x_wconf 83' lang='grc' dir='ltr'>καὶ</span> <span class='ocrx_word' id='word_1_163' title='bbox 3128 1131 3356 1209; x_wconf 87' lang='grc' dir='ltr'>ἐσίγησα</span> <span class='ocrx_word' id='word_1_164' title='bbox 3402 1133 3452 1209; x_wconf 78' lang='grc' dir='ltr'>ἐξ</span> <span class='ocrx_word' id='word_1_165' title='bbox 3499 1134 3640 1211; x_wconf 86' lang='grc' dir='ltr'>ἀγα-</span> 
     </span>
    </p>
   </div>
   <div class='ocr_carea' id='block_1_25' title="bbox 1985 1221 3641 1302">
    <p class='ocr_par' dir='ltr' id='par_1_25' title="bbox 1985 1221 3641 1302">
     <span class='ocr_line' id='line_1_25' title="bbox 1985 1221 3641 1302; baseline -0.001 -21"><span class='ocrx_word' id='word_1_166' title='bbox 1985 1229 2116 1290; x_wconf 90' lang='grc' dir='ltr'>θῶν.</span> <span class='ocrx_word' id='word_1_167' title='bbox 2161 1248 2190 1278; x_wconf 84' lang='grc'><strong>››</strong></span> <span class='ocrx_word' id='word_1_168' title='bbox 2239 1257 2311 1268; x_wconf 92' lang='lat'>-—</span> <span class='ocrx_word' id='word_1_169' title='bbox 2348 1224 2682 1302; x_wconf 77' lang='grc' dir='ltr'>Ἐκωφώθην</span> <span class='ocrx_word' id='word_1_170' title='bbox 2744 1221 2878 1278; x_wconf 86' lang='grc' dir='ltr'>ἐκὼν</span> <span class='ocrx_word' id='word_1_171' title='bbox 2933 1223 3024 1278; x_wconf 82' lang='grc' dir='ltr'>καὶ</span> <span class='ocrx_word' id='word_1_172' title='bbox 3076 1222 3466 1296; x_wconf 85' lang='grc' dir='ltr'>ἐταπεινώθην,</span> <span class='ocrx_word' id='word_1_173' title='bbox 3524 1223 3641 1282; x_wconf 81' lang='grc' dir='ltr'>ἐπεὶ</span> 
     </span>
    </p>
   </div>
   <div class='ocr_carea' id='block_1_26' title="bbox 1988 1309 3642 1390">
    <p class='ocr_par' dir='ltr' id='par_1_26' title="bbox 1988 1309 3642 1390">
     <span class='ocr_line' id='line_1_26' title="bbox 1988 1309 3642 1390; baseline 0 -21"><span class='ocrx_word' id='word_1_174' title='bbox 1988 1313 2290 1388; x_wconf 79' lang='grc' dir='ltr'>ἐμνήσθην,</span> <span class='ocrx_word' id='word_1_175' title='bbox 2324 1312 2409 1369; x_wconf 80' lang='grc' dir='ltr'>ὅτι</span> <span class='ocrx_word' id='word_1_176' title='bbox 2440 1309 2530 1368; x_wconf 81' lang='grc' dir='ltr'>διὰ</span> <span class='ocrx_word' id='word_1_177' title='bbox 2554 1313 2650 1374; x_wconf 83' lang='grc' dir='ltr'>τὰς</span> <span class='ocrx_word' id='word_1_178' title='bbox 2680 1310 2946 1389; x_wconf 81' lang='grc' dir='ltr'>ἁμαρτίας</span> <span class='ocrx_word' id='word_1_179' title='bbox 2997 1332 3102 1385; x_wconf 90' lang='grc' dir='ltr'>μου</span> <span class='ocrx_word' id='word_1_180' title='bbox 3157 1315 3344 1369; x_wconf 88' lang='grc' dir='ltr'>ταῦτα.</span> <span class='ocrx_word' id='word_1_181' title='bbox 3378 1311 3642 1390; x_wconf 84' lang='grc' dir='ltr'>Ἐσίγησα</span> 
     </span>
    </p>
   </div>
   <div class='ocr_carea' id='block_1_27' title="bbox 1984 1397 3638 1479">
    <p class='ocr_par' dir='ltr' id='par_1_27' title="bbox 1984 1397 3638 1479">
     <span class='ocr_line' id='line_1_27' title="bbox 1984 1397 3638 1479; baseline 0 -21"><span class='ocrx_word' id='word_1_182' title='bbox 1984 1402 2075 1458; x_wconf 83' lang='grc' dir='ltr'>καὶ</span> <span class='ocrx_word' id='word_1_183' title='bbox 2142 1402 2243 1458; x_wconf 77' lang='grc' dir='ltr'>οὐκ</span> <span class='ocrx_word' id='word_1_184' title='bbox 2295 1401 2593 1479; x_wconf 82' lang='grc' dir='ltr'>ἀπεκρίθην</span> <span class='ocrx_word' id='word_1_185' title='bbox 2650 1404 2728 1456; x_wconf 91' lang='grc' dir='ltr'>τῶ</span> <span class='ocrx_word' id='word_1_186' title='bbox 2781 1397 3056 1476; x_wconf 76' lang='grc' dir='ltr'>ὑϐρίζοντι</span> <span class='ocrx_word' id='word_1_187' title='bbox 3115 1399 3167 1472; x_wconf 80' lang='grc' dir='ltr'>ἐξ</span> <span class='ocrx_word' id='word_1_188' title='bbox 3223 1401 3436 1479; x_wconf 82' lang='grc' dir='ltr'>ἀγαθῶν</span> <span class='ocrx_word' id='word_1_189' title='bbox 3509 1399 3638 1472; x_wconf 77' lang='grc' dir='ltr'>ἤτοι</span> 
     </span>
    </p>
   </div>
   <div class='ocr_carea' id='block_1_28' title="bbox 1987 1488 3523 1568">
    <p class='ocr_par' dir='ltr' id='par_1_28' title="bbox 1987 1488 3523 1568">
     <span class='ocr_line' id='line_1_28' title="bbox 1987 1488 3523 1568; baseline -0.001 -22"><span class='ocrx_word' id='word_1_190' title='bbox 1987 1490 2358 1568; x_wconf 89' lang='grc' dir='ltr'>ἀγαθωσύνης,</span> <span class='ocrx_word' id='word_1_191' title='bbox 2391 1489 2422 1546; x_wconf 82' lang='lat'>6&#39;</span> <span class='ocrx_word' id='word_1_192' title='bbox 2461 1490 2603 1546; x_wconf 81' lang='grc' dir='ltr'>ἐστιν</span> <span class='ocrx_word' id='word_1_193' title='bbox 2639 1489 2996 1561; x_wconf 83' lang='grc' dir='ltr'>ἀνεξικακίας.</span> <span class='ocrx_word' id='word_1_194' title='bbox 3519 1488 3523 1492; x_wconf 16' lang='grc' dir='ltr'><strong>Α</strong></span> 
     </span>
    </p>
   </div>
   <div class='ocr_carea' id='block_1_29' title="bbox 2060 1577 3643 1656">
    <p class='ocr_par' dir='ltr' id='par_1_29' title="bbox 2060 1577 3643 1656">
     <span class='ocr_line' id='line_1_29' title="bbox 2060 1577 3643 1656; baseline 0.003 -24"><span class='ocrx_word' id='word_1_195' title='bbox 2060 1604 2088 1632; x_wconf 89' lang='grc'>‹‹</span> <span class='ocrx_word' id='word_1_196' title='bbox 2120 1581 2220 1636; x_wconf 86' lang='grc' dir='ltr'>Καὶ</span> <span class='ocrx_word' id='word_1_197' title='bbox 2248 1581 2312 1636; x_wconf 89' lang='grc' dir='ltr'>τὸ</span> <span class='ocrx_word' id='word_1_198' title='bbox 2343 1579 2574 1656; x_wconf 79' lang='grc' dir='ltr'>ἄλγημά</span> <span class='ocrx_word' id='word_1_199' title='bbox 2607 1600 2711 1654; x_wconf 89' lang='grc' dir='ltr'>μου</span> <span class='ocrx_word' id='word_1_200' title='bbox 2759 1577 3118 1649; x_wconf 87' lang='grc' dir='ltr'>ἀνεκαινίσθή.</span> <span class='ocrx_word' id='word_1_201' title='bbox 3150 1601 3180 1631; x_wconf 86' lang='lat'><strong>»</strong></span> <span class='ocrx_word' id='word_1_202' title='bbox 3213 1611 3283 1621; x_wconf 92' lang='lat'>-—</span> <span class='ocrx_word' id='word_1_203' title='bbox 3329 1579 3430 1636; x_wconf 90' lang='lat' dir='ltr'>Kal</span> <span class='ocrx_word' id='word_1_204' title='bbox 3472 1580 3502 1634; x_wconf 87' lang='lat'>6</span> <span class='ocrx_word' id='word_1_205' title='bbox 3551 1577 3643 1636; x_wconf 85' lang='grc' dir='ltr'>διᾶ</span> 
     </span>
    </p>
   </div>
   <div class='ocr_carea' id='block_1_30' title="bbox 1983 1667 3303 1747">
    <p class='ocr_par' dir='ltr' id='par_1_30' title="bbox 1983 1667 3303 1747">
     <span class='ocr_line' id='line_1_30' title="bbox 1983 1667 3303 1747; baseline -0.001 -21"><span class='ocrx_word' id='word_1_206' title='bbox 1983 1671 2078 1732; x_wconf 81' lang='grc' dir='ltr'>τὰς</span> <span class='ocrx_word' id='word_1_207' title='bbox 2107 1669 2377 1747; x_wconf 78' lang='grc' dir='ltr'>ἁμαρτίας</span> <span class='ocrx_word' id='word_1_208' title='bbox 2406 1670 2572 1733; x_wconf 84' lang='grc' dir='ltr'>πόνος</span> <span class='ocrx_word' id='word_1_209' title='bbox 2601 1673 2670 1743; x_wconf 86' lang='grc' dir='ltr'>τῇ</span> <span class='ocrx_word' id='word_1_210' title='bbox 2715 1669 2908 1743; x_wconf 83' lang='grc' dir='ltr'>μνήμῃ</span> <span class='ocrx_word' id='word_1_211' title='bbox 2935 1667 3303 1740; x_wconf 83' lang='grc' dir='ltr'>ἀνεκαινίσθη.</span> 
     </span>
    </p>
   </div>
   <div class='ocr_carea' id='block_1_31' title="bbox 2060 1755 3644 1836">
    <p class='ocr_par' dir='ltr' id='par_1_31' title="bbox 2060 1755 3644 1836">
     <span class='ocr_line' id='line_1_31' title="bbox 2060 1755 3644 1836; baseline -0.001 -23"><span class='ocrx_word' id='word_1_212' title='bbox 2060 1757 2455 1836; x_wconf 82' lang='grc' dir='ltr'>«Ἐθερμάνθη</span> <span class='ocrx_word' id='word_1_213' title='bbox 2516 1760 2552 1828; x_wconf 83' lang='grc' dir='ltr'><strong>ἡ</strong></span> <span class='ocrx_word' id='word_1_214' title='bbox 2619 1755 2814 1834; x_wconf 84' lang='grc' dir='ltr'>καρδία</span> <span class='ocrx_word' id='word_1_215' title='bbox 2895 1778 3002 1831; x_wconf 91' lang='grc' dir='ltr'>μου</span> <span class='ocrx_word' id='word_1_216' title='bbox 3082 1756 3228 1821; x_wconf 87' lang='grc' dir='ltr'>ἐντός</span> <span class='ocrx_word' id='word_1_217' title='bbox 3309 1779 3436 1832; x_wconf 89' lang='grc' dir='ltr'>μου.</span> <span class='ocrx_word' id='word_1_218' title='bbox 3493 1781 3522 1812; x_wconf 84' lang='grc'>››</span> <span class='ocrx_word' id='word_1_219' title='bbox 3572 1791 3644 1804; x_wconf 91' lang='grc'><strong><em>-</em></strong></span> 
     </span>
    </p>
   </div>
   <div class='ocr_carea' id='block_1_32' title="bbox 1981 1843 3642 1926">
    <p class='ocr_par' dir='ltr' id='par_1_32' title="bbox 1981 1843 3642 1926">
     <span class='ocr_line' id='line_1_32' title="bbox 1981 1843 3642 1926; baseline 0.001 -23"><span class='ocrx_word' id='word_1_220' title='bbox 1981 1843 2360 1925; x_wconf 79' lang='grc' dir='ltr'>Ὑϐριζόμενος</span> <span class='ocrx_word' id='word_1_221' title='bbox 2438 1845 2783 1926; x_wconf 76' lang='grc' dir='ltr'>ἀνεφλέχθην</span> <span class='ocrx_word' id='word_1_222' title='bbox 2843 1845 2947 1901; x_wconf 83' lang='grc' dir='ltr'>ὑπὸ</span> <span class='ocrx_word' id='word_1_223' title='bbox 3007 1850 3205 1920; x_wconf 83' lang='grc' dir='ltr'>θυμοῦ’</span> <span class='ocrx_word' id='word_1_224' title='bbox 3264 1845 3414 1916; x_wconf 82' lang='grc' dir='ltr'>πλὴν</span> <span class='ocrx_word' id='word_1_225' title='bbox 3469 1847 3642 1912; x_wconf 85' lang='grc' dir='ltr'>ἐντός.</span> 
     </span>
    </p>
   </div>
   <div class='ocr_carea' id='block_1_33' title="bbox 298 1935 3445 2040">
    <p class='ocr_par' dir='ltr' id='par_1_33' title="bbox 298 1935 3445 2040">
     <span class='ocr_line' id='line_1_33' title="bbox 298 1935 3445 2040; baseline 0.001 -50"><span class='ocrx_word' id='word_1_226' title='bbox 298 1960 326 1989; x_wconf 93' lang='grc'>‹‹</span> <span class='ocrx_word' id='word_1_227' title='bbox 357 1937 420 1991; x_wconf 77' lang='grc' dir='ltr'>Οἱ</span> <span class='ocrx_word' id='word_1_228' title='bbox 451 1936 605 2016; x_wconf 75' lang='grc' dir='ltr'>φίλοι</span> <span class='ocrx_word' id='word_1_229' title='bbox 638 1959 780 2040; x_wconf 61' lang='grc' dir='ltr'>μου,</span> <span class='ocrx_word' id='word_1_230' title='bbox 811 1937 902 1993; x_wconf 77' lang='grc' dir='ltr'>καὶ</span> <span class='ocrx_word' id='word_1_231' title='bbox 955 1939 1008 1992; x_wconf 76' lang='grc' dir='ltr'>οἱ</span> <span class='ocrx_word' id='word_1_232' title='bbox 1051 1936 1287 2008; x_wconf 90' lang='grc' dir='ltr'>πλησίον</span> <span class='ocrx_word' id='word_1_233' title='bbox 1340 1959 1446 2012; x_wconf 91' lang='grc' dir='ltr'>μου</span> <span class='ocrx_word' id='word_1_234' title='bbox 1496 1937 1728 2010; x_wconf 81' lang='grc' dir='ltr'>ἐξέναντί</span> <span class='ocrx_word' id='word_1_235' title='bbox 1773 1959 1878 2013; x_wconf 88' lang='grc' dir='ltr'>μου</span> <span class='ocrx_word' id='word_1_236' title='bbox 1908 1973 1956 2040; x_wconf 83' lang='grc' dir='ltr'><strong>Β</strong></span> <span class='ocrx_word' id='word_1_237' title='bbox 1987 1937 2050 1992; x_wconf 85' lang='grc' dir='ltr'>ού</span> <span class='ocrx_word' id='word_1_238' title='bbox 2079 1939 2180 2014; x_wconf 81' lang='grc' dir='ltr'>γὰρ</span> <span class='ocrx_word' id='word_1_239' title='bbox 2212 1936 2441 2016; x_wconf 74' lang='grc' dir='ltr'>ἐξέφήνα</span> <span class='ocrx_word' id='word_1_240' title='bbox 2466 1940 2656 1992; x_wconf 90' lang='grc' dir='ltr'>τοῦτον</span> <span class='ocrx_word' id='word_1_241' title='bbox 2690 1936 3041 2012; x_wconf 78' lang='grc' dir='ltr'>χρησάμενος</span> <span class='ocrx_word' id='word_1_242' title='bbox 3077 1935 3445 2012; x_wconf 79' lang='grc' dir='ltr'>μακροθυμίᾳ.</span> 
     </span>
    </p>
   </div>
   <div class='ocr_carea' id='block_1_34' title="bbox 212 2024 1879 2103">
    <p class='ocr_par' dir='ltr' id='par_1_34' title="bbox 212 2024 1879 2103">
     <span class='ocr_line' id='line_1_34' title="bbox 212 2024 1879 2103; baseline 0.002 -23"><span class='ocrx_word' id='word_1_243' title='bbox 212 2025 469 2103; x_wconf 60' lang='grc' dir='ltr'>ἤγγισαν,</span> <span class='ocrx_word' id='word_1_244' title='bbox 499 2026 590 2082; x_wconf 85' lang='grc' dir='ltr'>καὶ</span> <span class='ocrx_word' id='word_1_245' title='bbox 622 2024 871 2098; x_wconf 79' lang='grc' dir='ltr'>ἔστησαν.</span> <span class='ocrx_word' id='word_1_246' title='bbox 904 2052 932 2079; x_wconf 85' lang='grc'><strong>››</strong></span> <span class='ocrx_word' id='word_1_247' title='bbox 964 2060 1035 2069; x_wconf 92' lang='lat'>—</span> <span class='ocrx_word' id='word_1_248' title='bbox 1061 2025 1495 2101; x_wconf 88' lang='grc' dir='ltr'>Ἐναντιούμενοι</span> <span class='ocrx_word' id='word_1_249' title='bbox 1547 2025 1879 2098; x_wconf 86' lang='grc' dir='ltr'>ἐπλησιασάν</span> 
     </span>
    </p>
   </div>
   <div class='ocr_carea' id='block_1_35' title="bbox 215 2112 1482 2189">
    <p class='ocr_par' dir='ltr' id='par_1_35' title="bbox 215 2112 1482 2189">
     <span class='ocr_line' id='line_1_35' title="bbox 215 2112 1482 2189; baseline -0.001 -19"><span class='ocrx_word' id='word_1_250' title='bbox 215 2137 322 2189; x_wconf 74' lang='grc' dir='ltr'>μοι</span> <span class='ocrx_word' id='word_1_251' title='bbox 349 2112 775 2178; x_wconf 85' lang='grc' dir='ltr'>καταδιώκοντες</span> <span class='ocrx_word' id='word_1_252' title='bbox 803 2115 894 2170; x_wconf 85' lang='grc' dir='ltr'>καὶ</span> <span class='ocrx_word' id='word_1_253' title='bbox 926 2113 1150 2186; x_wconf 80' lang='grc' dir='ltr'>ἔστησαν</span> <span class='ocrx_word' id='word_1_254' title='bbox 1180 2116 1297 2171; x_wconf 89' lang='grc' dir='ltr'>κατ’</span> <span class='ocrx_word' id='word_1_255' title='bbox 1327 2114 1482 2188; x_wconf 88' lang='grc' dir='ltr'>ἐμοῦ.</span> 
     </span>
    </p>
   </div>
   <div class='ocr_carea' id='block_1_36' title="bbox 300 2200 1880 2281">
    <p class='ocr_par' dir='ltr' id='par_1_36' title="bbox 300 2200 1880 2281">
     <span class='ocr_line' id='line_1_36' title="bbox 300 2200 1880 2281; baseline 0 -24"><span class='ocrx_word' id='word_1_256' title='bbox 300 2230 319 2257; x_wconf 77' lang='grc' dir='ltr'>α</span> <span class='ocrx_word' id='word_1_257' title='bbox 358 2204 457 2260; x_wconf 80' lang='grc' dir='ltr'>Καὶ</span> <span class='ocrx_word' id='word_1_258' title='bbox 489 2206 543 2260; x_wconf 71' lang='grc' dir='ltr'>οἳ</span> <span class='ocrx_word' id='word_1_259' title='bbox 585 2202 806 2281; x_wconf 77' lang='grc' dir='ltr'>ἔγγιστά</span> <span class='ocrx_word' id='word_1_260' title='bbox 839 2226 944 2279; x_wconf 89' lang='grc' dir='ltr'>μου</span> <span class='ocrx_word' id='word_1_261' title='bbox 993 2204 1100 2260; x_wconf 87' lang='grc' dir='ltr'>ἀπὸ</span> <span class='ocrx_word' id='word_1_262' title='bbox 1152 2204 1415 2280; x_wconf 86' lang='grc' dir='ltr'>μακρόθεν</span> <span class='ocrx_word' id='word_1_263' title='bbox 1466 2200 1713 2276; x_wconf 75' lang='grc' dir='ltr'>ἔστησαν.</span> <span class='ocrx_word' id='word_1_264' title='bbox 1749 2229 1779 2258; x_wconf 92' lang='grc'><strong>››</strong></span> <span class='ocrx_word' id='word_1_265' title='bbox 1812 2237 1880 2248; x_wconf 87' lang='grc'><strong><em>-</em></strong></span> 
     </span>
    </p>
   </div>
   <div class='ocr_carea' id='block_1_37' title="bbox 210 2292 1652 2371">
    <p class='ocr_par' dir='ltr' id='par_1_37' title="bbox 210 2292 1652 2371">
     <span class='ocr_line' id='line_1_37' title="bbox 210 2292 1652 2371; baseline 0.001 -22"><span class='ocrx_word' id='word_1_266' title='bbox 210 2295 322 2349; x_wconf 74' lang='grc' dir='ltr'>Καὶ</span> <span class='ocrx_word' id='word_1_267' title='bbox 354 2295 407 2349; x_wconf 77' lang='grc' dir='ltr'>οἱ</span> <span class='ocrx_word' id='word_1_268' title='bbox 436 2293 559 2368; x_wconf 84' lang='grc' dir='ltr'>ἐμοὶ</span> <span class='ocrx_word' id='word_1_269' title='bbox 592 2294 880 2371; x_wconf 86' lang='grc' dir='ltr'>σύμμαχοι</span> <span class='ocrx_word' id='word_1_270' title='bbox 915 2293 1107 2370; x_wconf 72' lang='grc' dir='ltr'>πόρρω</span> <span class='ocrx_word' id='word_1_271' title='bbox 1138 2292 1337 2371; x_wconf 76' lang='grc' dir='ltr'>ἔφυγον</span> <span class='ocrx_word' id='word_1_272' title='bbox 1369 2293 1462 2348; x_wconf 90' lang='grc' dir='ltr'>ἀπ’</span> <span class='ocrx_word' id='word_1_273' title='bbox 1495 2293 1652 2368; x_wconf 87' lang='grc' dir='ltr'>ἐμοῦ.</span> 
     </span>
    </p>
   </div>
   <div class='ocr_carea' id='block_1_38' title="bbox 296 2377 1879 2460">
    <p class='ocr_par' dir='ltr' id='par_1_38' title="bbox 296 2377 1879 2460">
     <span class='ocr_line' id='line_1_38' title="bbox 296 2377 1879 2460; baseline 0.002 -26"><span class='ocrx_word' id='word_1_274' title='bbox 296 2405 324 2435; x_wconf 89' lang='grc'>‹‹</span> <span class='ocrx_word' id='word_1_275' title='bbox 355 2385 456 2437; x_wconf 82' lang='grc' dir='ltr'>Καὶ</span> <span class='ocrx_word' id='word_1_276' title='bbox 485 2377 824 2454; x_wconf 79' lang='grc' dir='ltr'>ἐξεϐιάζοντο</span> <span class='ocrx_word' id='word_1_277' title='bbox 858 2384 911 2438; x_wconf 81' lang='grc' dir='ltr'>οἱ</span> <span class='ocrx_word' id='word_1_278' title='bbox 944 2388 1230 2455; x_wconf 87' lang='grc' dir='ltr'>ζητοῦντες</span> <span class='ocrx_word' id='word_1_279' title='bbox 1259 2384 1358 2452; x_wconf 79' lang='grc' dir='ltr'>τήν</span> <span class='ocrx_word' id='word_1_280' title='bbox 1392 2385 1577 2460; x_wconf 84' lang='grc' dir='ltr'>ψυχήν</span> <span class='ocrx_word' id='word_1_281' title='bbox 1612 2405 1785 2457; x_wconf 82' lang='grc' dir='ltr'>μου.»</span> <span class='ocrx_word' id='word_1_282' title='bbox 1811 2416 1879 2456; x_wconf 50' lang='lat' dir='ltr'>e-</span> 
     </span>
    </p>
   </div>
   <div class='ocr_carea' id='block_1_39' title="bbox 209 2467 1483 2548">
    <p class='ocr_par' dir='ltr' id='par_1_39' title="bbox 209 2467 1483 2548">
     <span class='ocr_line' id='line_1_39' title="bbox 209 2467 1483 2548; baseline -0.001 -21"><span class='ocrx_word' id='word_1_283' title='bbox 209 2471 321 2527; x_wconf 74' lang='grc' dir='ltr'>Καὶ</span> <span class='ocrx_word' id='word_1_284' title='bbox 353 2467 666 2528; x_wconf 80' lang='grc' dir='ltr'>συνέθλιϐόν</span> <span class='ocrx_word' id='word_1_285' title='bbox 704 2492 770 2546; x_wconf 90' lang='grc' dir='ltr'>με</span> <span class='ocrx_word' id='word_1_286' title='bbox 800 2473 853 2528; x_wconf 76' lang='grc' dir='ltr'>οἱ</span> <span class='ocrx_word' id='word_1_287' title='bbox 883 2470 1130 2535; x_wconf 88' lang='grc' dir='ltr'>θέλοντες</span> <span class='ocrx_word' id='word_1_288' title='bbox 1156 2470 1361 2528; x_wconf 84' lang='grc' dir='ltr'>ἀνελεῖν</span> <span class='ocrx_word' id='word_1_289' title='bbox 1399 2493 1483 2548; x_wconf 87' lang='grc' dir='ltr'>με.</span> 
     </span>
    </p>
   </div>
   <div class='ocr_carea' id='block_1_40' title="bbox 296 2559 1877 2636">
    <p class='ocr_par' dir='ltr' id='par_1_40' title="bbox 296 2559 1877 2636">
     <span class='ocr_line' id='line_1_40' title="bbox 296 2559 1877 2636; baseline 0.003 -24"><span class='ocrx_word' id='word_1_290' title='bbox 296 2585 324 2612; x_wconf 89' lang='grc'>‹‹</span> <span class='ocrx_word' id='word_1_291' title='bbox 358 2561 456 2616; x_wconf 86' lang='grc' dir='ltr'>Καὶ</span> <span class='ocrx_word' id='word_1_292' title='bbox 515 2561 567 2615; x_wconf 80' lang='grc' dir='ltr'>οἱ</span> <span class='ocrx_word' id='word_1_293' title='bbox 619 2565 904 2632; x_wconf 89' lang='grc' dir='ltr'>ζητοῦντες</span> <span class='ocrx_word' id='word_1_294' title='bbox 951 2562 1019 2617; x_wconf 70' lang='grc' dir='ltr'>τὰ</span> <span class='ocrx_word' id='word_1_295' title='bbox 1064 2559 1204 2618; x_wconf 86' lang='grc' dir='ltr'>κακά</span> <span class='ocrx_word' id='word_1_296' title='bbox 1271 2583 1363 2636; x_wconf 91' lang='grc' dir='ltr'>μοι</span> <span class='ocrx_word' id='word_1_297' title='bbox 1436 2559 1708 2634; x_wconf 86' lang='grc' dir='ltr'>ἐλάλησαν</span> <span class='ocrx_word' id='word_1_298' title='bbox 1775 2583 1877 2636; x_wconf 87' lang='grc' dir='ltr'>μα-</span> 
     </span>
    </p>
   </div>
   <div class='ocr_carea' id='block_1_41' title="bbox 214 2648 1879 2725">
    <p class='ocr_par' dir='ltr' id='par_1_41' title="bbox 214 2648 1879 2725">
     <span class='ocr_line' id='line_1_41' title="bbox 214 2648 1879 2725; baseline 0.001 -20"><span class='ocrx_word' id='word_1_299' title='bbox 214 2649 533 2721; x_wconf 83' lang='grc' dir='ltr'>ταιότητας.</span> <span class='ocrx_word' id='word_1_300' title='bbox 570 2673 599 2702; x_wconf 90' lang='grc'>››</span> <span class='ocrx_word' id='word_1_301' title='bbox 655 2683 700 2694; x_wconf 88' lang='lat'><strong>-</strong></span> <span class='ocrx_word' id='word_1_302' title='bbox 729 2650 830 2704; x_wconf 88' lang='lat' dir='ltr'>Kal</span> <span class='ocrx_word' id='word_1_303' title='bbox 861 2651 912 2704; x_wconf 76' lang='grc' dir='ltr'>οἱ</span> <span class='ocrx_word' id='word_1_304' title='bbox 962 2648 1209 2714; x_wconf 86' lang='grc' dir='ltr'>θέλοντες</span> <span class='ocrx_word' id='word_1_305' title='bbox 1255 2649 1567 2722; x_wconf 87' lang='grc' dir='ltr'>κακωθῆναί</span> <span class='ocrx_word' id='word_1_306' title='bbox 1620 2673 1714 2725; x_wconf 91' lang='grc' dir='ltr'>μοι</span> <span class='ocrx_word' id='word_1_307' title='bbox 1766 2649 1879 2706; x_wconf 82' lang='grc' dir='ltr'>διε-</span> 
     </span>
    </p>
   </div>
   <div class='ocr_carea' id='block_1_42' title="bbox 222 2736 1880 2815">
    <p class='ocr_par' dir='ltr' id='par_1_42' title="bbox 222 2736 1880 2815">
     <span class='ocr_line' id='line_1_42' title="bbox 222 2736 1880 2815; baseline 0 -19"><span class='ocrx_word' id='word_1_308' title='bbox 222 2736 582 2815; x_wconf 75' lang='grc' dir='ltr'>λοιδοροῦντά</span> <span class='ocrx_word' id='word_1_309' title='bbox 644 2761 762 2814; x_wconf 85' lang='grc' dir='ltr'>μοι,</span> <span class='ocrx_word' id='word_1_310' title='bbox 807 2739 898 2796; x_wconf 86' lang='grc' dir='ltr'>καὶ</span> <span class='ocrx_word' id='word_1_311' title='bbox 961 2738 1014 2795; x_wconf 90' lang='grc' dir='ltr'>ἐν</span> <span class='ocrx_word' id='word_1_312' title='bbox 1081 2739 1265 2803; x_wconf 77' lang='grc' dir='ltr'>αὐτοῖς</span> <span class='ocrx_word' id='word_1_313' title='bbox 1333 2736 1692 2796; x_wconf 77' lang='grc' dir='ltr'>ἐπεϐούλευον</span> <span class='ocrx_word' id='word_1_314' title='bbox 1762 2742 1880 2797; x_wconf 90' lang='grc' dir='ltr'>κατ’</span> 
     </span>
    </p>
   </div>
   <div class='ocr_carea' id='block_1_43' title="bbox 219 2829 380 2904">
    <p class='ocr_par' dir='ltr' id='par_1_43' title="bbox 219 2829 380 2904">
     <span class='ocr_line' id='line_1_43' title="bbox 219 2829 380 2904; baseline 0 -19"><span class='ocrx_word' id='word_1_315' title='bbox 219 2829 380 2904; x_wconf 88' lang='grc' dir='ltr'>ἐμοῦ.</span> 
     </span>
    </p>
   </div>
   <div class='ocr_carea' id='block_1_44' title="bbox 293 2916 1874 2996">
    <p class='ocr_par' dir='ltr' id='par_1_44' title="bbox 293 2916 1874 2996">
     <span class='ocr_line' id='line_1_44' title="bbox 293 2916 1874 2996; baseline 0.001 -23"><span class='ocrx_word' id='word_1_316' title='bbox 293 2918 496 2995; x_wconf 84' lang='grc' dir='ltr'>«Ἐγώ</span> <span class='ocrx_word' id='word_1_317' title='bbox 542 2917 601 2975; x_wconf 80' lang='grc' dir='ltr'>δὲ</span> <span class='ocrx_word' id='word_1_318' title='bbox 647 2919 778 2974; x_wconf 82' lang='grc' dir='ltr'>ὡσεὶ</span> <span class='ocrx_word' id='word_1_319' title='bbox 828 2918 1012 2996; x_wconf 77' lang='grc' dir='ltr'>κωφὸς</span> <span class='ocrx_word' id='word_1_320' title='bbox 1058 2918 1159 2974; x_wconf 84' lang='grc' dir='ltr'>οὐκ</span> <span class='ocrx_word' id='word_1_321' title='bbox 1201 2916 1423 2992; x_wconf 79' lang='grc' dir='ltr'>ήκουον,</span> <span class='ocrx_word' id='word_1_322' title='bbox 1456 2919 1546 2976; x_wconf 86' lang='grc' dir='ltr'>καὶ</span> <span class='ocrx_word' id='word_1_323' title='bbox 1576 2919 1706 2975; x_wconf 84' lang='grc' dir='ltr'>ὡσεὶ</span> <span class='ocrx_word' id='word_1_324' title='bbox 1741 2916 1874 2975; x_wconf 79' lang='grc' dir='ltr'>ἅλα-</span> 
     </span>
    </p>
   </div>
   <div class='ocr_carea' id='block_1_45' title="bbox 219 3007 1877 3086">
    <p class='ocr_par' dir='ltr' id='par_1_45' title="bbox 219 3007 1877 3086">
     <span class='ocr_line' id='line_1_45' title="bbox 219 3007 1877 3086; baseline 0.002 -24"><span class='ocrx_word' id='word_1_325' title='bbox 219 3007 320 3071; x_wconf 88' lang='grc' dir='ltr'>λος</span> <span class='ocrx_word' id='word_1_326' title='bbox 371 3007 470 3064; x_wconf 80' lang='grc' dir='ltr'>οὐκ</span> <span class='ocrx_word' id='word_1_327' title='bbox 521 3007 754 3086; x_wconf 89' lang='grc' dir='ltr'>ἀνοίγων</span> <span class='ocrx_word' id='word_1_328' title='bbox 800 3007 864 3064; x_wconf 89' lang='grc' dir='ltr'>τὸ</span> <span class='ocrx_word' id='word_1_329' title='bbox 923 3008 1100 3083; x_wconf 87' lang='grc' dir='ltr'>στόμα</span> <span class='ocrx_word' id='word_1_330' title='bbox 1150 3007 1336 3066; x_wconf 79' lang='grc' dir='ltr'>αὐτοῦ.</span> <span class='ocrx_word' id='word_1_331' title='bbox 1387 3033 1418 3063; x_wconf 84' lang='grc'><strong>››</strong></span> <span class='ocrx_word' id='word_1_332' title='bbox 1464 3041 1535 3052; x_wconf 85' lang='grc'>--</span> <span class='ocrx_word' id='word_1_333' title='bbox 1579 3007 1766 3065; x_wconf 89' lang='grc' dir='ltr'>Λείπει</span> <span class='ocrx_word' id='word_1_334' title='bbox 1813 3011 1877 3065; x_wconf 90' lang='grc' dir='ltr'>τὸ</span> 
     </span>
    </p>
   </div>
   <div class='ocr_carea' id='block_1_46' title="bbox 216 3094 398 3172">
    <p class='ocr_par' dir='ltr' id='par_1_46' title="bbox 216 3094 398 3172">
     <span class='ocr_line' id='line_1_46' title="bbox 216 3094 398 3172; baseline 0.005 -3"><span class='ocrx_word' id='word_1_335' title='bbox 216 3094 398 3172; x_wconf 74' lang='grc' dir='ltr'>ἤμηνο</span> 
     </span>
    </p>
   </div>
   <div class='ocr_carea' id='block_1_47' title="bbox 296 3184 1876 3264">
    <p class='ocr_par' dir='ltr' id='par_1_47' title="bbox 296 3184 1876 3264">
     <span class='ocr_line' id='line_1_47' title="bbox 296 3184 1876 3264; baseline 0.002 -25"><span class='ocrx_word' id='word_1_336' title='bbox 296 3211 326 3239; x_wconf 92' lang='grc'>‹‹</span> <span class='ocrx_word' id='word_1_337' title='bbox 359 3187 460 3242; x_wconf 87' lang='grc' dir='ltr'>Καὶ</span> <span class='ocrx_word' id='word_1_338' title='bbox 508 3185 776 3261; x_wconf 85' lang='grc' dir='ltr'>ἐγενόμην</span> <span class='ocrx_word' id='word_1_339' title='bbox 829 3185 958 3241; x_wconf 86' lang='grc' dir='ltr'>ὡσεὶ</span> <span class='ocrx_word' id='word_1_340' title='bbox 1023 3184 1306 3264; x_wconf 81' lang='grc' dir='ltr'>ἅνθρωπος</span> <span class='ocrx_word' id='word_1_341' title='bbox 1374 3186 1474 3242; x_wconf 83' lang='grc' dir='ltr'>οὐκ</span> <span class='ocrx_word' id='word_1_342' title='bbox 1517 3185 1728 3242; x_wconf 86' lang='grc' dir='ltr'>ἀκούων</span> <span class='ocrx_word' id='word_1_343' title='bbox 1786 3187 1876 3242; x_wconf 78' lang='grc' dir='ltr'>καὶ</span> 
     </span>
    </p>
   </div>
   <div class='ocr_carea' id='block_1_48' title="bbox 219 3272 1878 3353">
    <p class='ocr_par' dir='ltr' id='par_1_48' title="bbox 219 3272 1878 3353">
     <span class='ocr_line' id='line_1_48' title="bbox 219 3272 1878 3353; baseline 0.001 -22"><span class='ocrx_word' id='word_1_344' title='bbox 219 3275 323 3331; x_wconf 79' lang='grc' dir='ltr'>οὐκ</span> <span class='ocrx_word' id='word_1_345' title='bbox 352 3272 496 3351; x_wconf 81' lang='grc' dir='ltr'>ἔχων</span> <span class='ocrx_word' id='word_1_346' title='bbox 530 3275 582 3332; x_wconf 88' lang='grc' dir='ltr'>ἐν</span> <span class='ocrx_word' id='word_1_347' title='bbox 609 3280 690 3348; x_wconf 80' lang='grc' dir='ltr'>τῷ</span> <span class='ocrx_word' id='word_1_348' title='bbox 727 3274 957 3350; x_wconf 83' lang='grc' dir='ltr'>στόματι</span> <span class='ocrx_word' id='word_1_349' title='bbox 1003 3274 1168 3331; x_wconf 78' lang='grc' dir='ltr'>αὐτοῦ</span> <span class='ocrx_word' id='word_1_350' title='bbox 1210 3274 1499 3353; x_wconf 85' lang='grc' dir='ltr'>ἐλεγμούς.</span> <span class='ocrx_word' id='word_1_351' title='bbox 1529 3300 1558 3328; x_wconf 85' lang='grc'><strong>›)</strong></span> <span class='ocrx_word' id='word_1_352' title='bbox 1590 3311 1660 3320; x_wconf 91' lang='grc'><strong><em>-</em></strong></span> <span class='ocrx_word' id='word_1_353' title='bbox 1688 3276 1878 3353; x_wconf 88' lang='grc' dir='ltr'>Ἐλεγ-</span> 
     </span>
    </p>
   </div>
   <div class='ocr_carea' id='block_1_49' title="bbox 2060 2041 3641 2120">
    <p class='ocr_par' dir='ltr' id='par_1_49' title="bbox 2060 2041 3641 2120">
     <span class='ocr_line' id='line_1_49' title="bbox 2060 2041 3641 2120; baseline 0.002 -23"><span class='ocrx_word' id='word_1_354' title='bbox 2060 2069 2089 2099; x_wconf 88' lang='grc'>‹‹</span> <span class='ocrx_word' id='word_1_355' title='bbox 2121 2045 2221 2100; x_wconf 86' lang='grc' dir='ltr'>Καὶ</span> <span class='ocrx_word' id='word_1_356' title='bbox 2253 2045 2304 2100; x_wconf 87' lang='grc' dir='ltr'>ἐν</span> <span class='ocrx_word' id='word_1_357' title='bbox 2331 2047 2399 2118; x_wconf 82' lang='grc' dir='ltr'>τῇ</span> <span class='ocrx_word' id='word_1_358' title='bbox 2435 2041 2634 2118; x_wconf 77' lang='grc' dir='ltr'>μελέτῃ</span> <span class='ocrx_word' id='word_1_359' title='bbox 2671 2065 2773 2118; x_wconf 83' lang='grc' dir='ltr'>μου</span> <span class='ocrx_word' id='word_1_360' title='bbox 2805 2041 3191 2115; x_wconf 78' lang='grc' dir='ltr'>ἐκκαυθήσεται</span> <span class='ocrx_word' id='word_1_361' title='bbox 3220 2046 3351 2120; x_wconf 90' lang='grc' dir='ltr'>πῦρ.</span> <span class='ocrx_word' id='word_1_362' title='bbox 3393 2065 3424 2097; x_wconf 89' lang='grc'><strong>››</strong></span> <span class='ocrx_word' id='word_1_363' title='bbox 3453 2075 3525 2088; x_wconf 89' lang='grc'><strong><em>--</em></strong></span> <span class='ocrx_word' id='word_1_364' title='bbox 3552 2044 3641 2100; x_wconf 86' lang='grc' dir='ltr'>Ἐν</span> 
     </span>
    </p>
   </div>
   <div class='ocr_carea' id='block_1_50' title="bbox 1985 2129 3645 2209">
    <p class='ocr_par' dir='ltr' id='par_1_50' title="bbox 1985 2129 3645 2209">
     <span class='ocr_line' id='line_1_50' title="bbox 1985 2129 3645 2209; baseline -0.001 -20"><span class='ocrx_word' id='word_1_365' title='bbox 1985 2137 2066 2189; x_wconf 89' lang='grc' dir='ltr'>τῶ</span> <span class='ocrx_word' id='word_1_366' title='bbox 2110 2132 2337 2207; x_wconf 82' lang='grc' dir='ltr'>μελετᾷν</span> <span class='ocrx_word' id='word_1_367' title='bbox 2391 2154 2458 2206; x_wconf 88' lang='grc' dir='ltr'>με</span> <span class='ocrx_word' id='word_1_368' title='bbox 2501 2131 2590 2188; x_wconf 88' lang='grc' dir='ltr'>καί</span> <span class='ocrx_word' id='word_1_369' title='bbox 2639 2129 2954 2203; x_wconf 85' lang='grc' dir='ltr'>ἀναπολεῖν,</span> <span class='ocrx_word' id='word_1_370' title='bbox 2985 2131 3076 2186; x_wconf 85' lang='grc' dir='ltr'>καὶ</span> <span class='ocrx_word' id='word_1_371' title='bbox 3122 2133 3384 2209; x_wconf 89' lang='grc' dir='ltr'>πέπραχα</span> <span class='ocrx_word' id='word_1_372' title='bbox 3428 2131 3645 2209; x_wconf 80' lang='grc' dir='ltr'>πονηρᾶ</span> 
     </span>
    </p>
   </div>
   <div class='ocr_carea' id='block_1_51' title="bbox 1986 2220 3642 2300">
    <p class='ocr_par' dir='ltr' id='par_1_51' title="bbox 1986 2220 3642 2300">
     <span class='ocr_line' id='line_1_51' title="bbox 1986 2220 3642 2300; baseline -0.002 -21"><span class='ocrx_word' id='word_1_373' title='bbox 1986 2223 2077 2279; x_wconf 86' lang='grc' dir='ltr'>καὶ</span> <span class='ocrx_word' id='word_1_374' title='bbox 2107 2221 2141 2277; x_wconf 75' lang='grc' dir='ltr'>ἃ</span> <span class='ocrx_word' id='word_1_375' title='bbox 2170 2221 2368 2300; x_wconf 79' lang='grc' dir='ltr'>πάσχω</span> <span class='ocrx_word' id='word_1_376' title='bbox 2397 2220 2564 2295; x_wconf 77' lang='grc' dir='ltr'>δεινὰ,</span> <span class='ocrx_word' id='word_1_377' title='bbox 2595 2221 2678 2277; x_wconf 85' lang='grc' dir='ltr'>ἀεὶ</span> <span class='ocrx_word' id='word_1_378' title='bbox 2707 2221 3141 2300; x_wconf 84' lang='grc' dir='ltr'>ἀναφλεγήσεταί</span> <span class='ocrx_word' id='word_1_379' title='bbox 3175 2241 3268 2296; x_wconf 88' lang='grc' dir='ltr'>μοι</span> <span class='ocrx_word' id='word_1_380' title='bbox 3299 2225 3407 2299; x_wconf 87' lang='grc' dir='ltr'>πῦρ</span> <span class='ocrx_word' id='word_1_381' title='bbox 3459 2220 3642 2294; x_wconf 81' lang='grc' dir='ltr'>λύπης</span> 
     </span>
    </p>
   </div>
   <div class='ocr_carea' id='block_1_52' title="bbox 1987 2308 2862 2389">
    <p class='ocr_par' dir='ltr' id='par_1_52' title="bbox 1987 2308 2862 2389">
     <span class='ocr_line' id='line_1_52' title="bbox 1987 2308 2862 2389; baseline 0.001 -22"><span class='ocrx_word' id='word_1_382' title='bbox 1987 2310 2320 2389; x_wconf 89' lang='grc' dir='ltr'>ἐμπιμπρῶν</span> <span class='ocrx_word' id='word_1_383' title='bbox 2350 2313 2450 2381; x_wconf 81' lang='grc' dir='ltr'>τήν</span> <span class='ocrx_word' id='word_1_384' title='bbox 2473 2308 2698 2387; x_wconf 87' lang='grc' dir='ltr'>καρδίαν</span> <span class='ocrx_word' id='word_1_385' title='bbox 2733 2332 2862 2385; x_wconf 90' lang='grc' dir='ltr'>μου.</span> 
     </span>
    </p>
   </div>
   <div class='ocr_carea' id='block_1_53' title="bbox 2060 2398 3642 2478">
    <p class='ocr_par' dir='ltr' id='par_1_53' title="bbox 2060 2398 3642 2478">
     <span class='ocr_line' id='line_1_53' title="bbox 2060 2398 3642 2478; baseline 0.001 -23"><span class='ocrx_word' id='word_1_386' title='bbox 2060 2426 2090 2456; x_wconf 87' lang='grc'>‹‹</span> <span class='ocrx_word' id='word_1_387' title='bbox 2123 2399 2406 2472; x_wconf 85' lang='grc' dir='ltr'>Ἐλάλησα</span> <span class='ocrx_word' id='word_1_388' title='bbox 2435 2400 2486 2457; x_wconf 90' lang='grc' dir='ltr'>ἐν</span> <span class='ocrx_word' id='word_1_389' title='bbox 2518 2399 2740 2478; x_wconf 76' lang='grc' dir='ltr'>γλώσσῃ</span> <span class='ocrx_word' id='word_1_390' title='bbox 2786 2418 2912 2474; x_wconf 89' lang='grc' dir='ltr'>μου·</span> <span class='ocrx_word' id='word_1_391' title='bbox 2970 2398 3244 2476; x_wconf 86' lang='grc' dir='ltr'>Γνώρισόν</span> <span class='ocrx_word' id='word_1_392' title='bbox 3307 2421 3425 2474; x_wconf 88' lang='grc' dir='ltr'>μοι,</span> <span class='ocrx_word' id='word_1_393' title='bbox 3454 2399 3642 2478; x_wconf 82' lang='grc' dir='ltr'>Κύριε,</span> 
     </span>
    </p>
   </div>
   <div class='ocr_carea' id='block_1_54' title="bbox 1984 2487 3641 2569">
    <p class='ocr_par' dir='ltr' id='par_1_54' title="bbox 1984 2487 3641 2569">
     <span class='ocr_line' id='line_1_54' title="bbox 1984 2487 3641 2569; baseline -0.001 -22"><span class='ocrx_word' id='word_1_394' title='bbox 1984 2492 2048 2547; x_wconf 91' lang='grc' dir='ltr'>τὸ</span> <span class='ocrx_word' id='word_1_395' title='bbox 2076 2490 2243 2569; x_wconf 85' lang='grc' dir='ltr'>πέρας</span> <span class='ocrx_word' id='word_1_396' title='bbox 2281 2512 2405 2565; x_wconf 87' lang='grc' dir='ltr'>μου.</span> <span class='ocrx_word' id='word_1_397' title='bbox 2430 2515 2460 2542; x_wconf 89' lang='grc'>››</span> <span class='ocrx_word' id='word_1_398' title='bbox 2492 2523 2563 2532; x_wconf 98' lang='grc'><strong><em>-</em></strong></span> <span class='ocrx_word' id='word_1_399' title='bbox 2590 2491 2734 2567; x_wconf 88' lang='grc' dir='ltr'>Πρὸς</span> <span class='ocrx_word' id='word_1_400' title='bbox 2767 2490 2860 2564; x_wconf 74' lang='grc' dir='ltr'>μὲν</span> <span class='ocrx_word' id='word_1_401' title='bbox 2887 2491 2978 2545; x_wconf 87' lang='grc' dir='ltr'>τὸν</span> <span class='ocrx_word' id='word_1_402' title='bbox 3008 2487 3204 2566; x_wconf 86' lang='grc' dir='ltr'>ἐχθρὸν</span> <span class='ocrx_word' id='word_1_403' title='bbox 3233 2487 3481 2567; x_wconf 83' lang='grc' dir='ltr'>ἐσίγησα,</span> <span class='ocrx_word' id='word_1_404' title='bbox 3502 2491 3641 2568; x_wconf 89' lang='grc' dir='ltr'>πρὸς</span> 
     </span>
    </p>
   </div>
   <div class='ocr_carea' id='block_1_55' title="bbox 1989 2576 3646 2656">
    <p class='ocr_par' dir='ltr' id='par_1_55' title="bbox 1989 2576 3646 2656">
     <span class='ocr_line' id='line_1_55' title="bbox 1989 2576 3646 2656; baseline 0 -20"><span class='ocrx_word' id='word_1_405' title='bbox 1989 2577 2048 2636; x_wconf 73' lang='grc' dir='ltr'>δὲ</span> <span class='ocrx_word' id='word_1_406' title='bbox 2073 2581 2165 2636; x_wconf 89' lang='grc' dir='ltr'>τὸν</span> <span class='ocrx_word' id='word_1_407' title='bbox 2224 2579 2352 2635; x_wconf 85' lang='grc' dir='ltr'>Θεὸν</span> <span class='ocrx_word' id='word_1_408' title='bbox 2409 2576 2656 2650; x_wconf 87' lang='grc' dir='ltr'>ἐλάλησα</span> <span class='ocrx_word' id='word_1_409' title='bbox 2684 2579 2887 2656; x_wconf 82' lang='grc' dir='ltr'>ἠρέμα.</span> <span class='ocrx_word' id='word_1_410' title='bbox 2934 2578 3113 2649; x_wconf 91' lang='grc' dir='ltr'>Δῆλόν</span> <span class='ocrx_word' id='word_1_411' title='bbox 3167 2599 3260 2654; x_wconf 90' lang='grc' dir='ltr'>μοι</span> <span class='ocrx_word' id='word_1_412' title='bbox 3305 2579 3535 2650; x_wconf 79' lang='grc' dir='ltr'>ποίησον</span> <span class='ocrx_word' id='word_1_413' title='bbox 3581 2580 3646 2636; x_wconf 89' lang='lat'>16</span> 
     </span>
    </p>
   </div>
   <div class='ocr_carea' id='block_1_56' title="bbox 1985 2665 3646 2747">
    <p class='ocr_par' dir='ltr' id='par_1_56' title="bbox 1985 2665 3646 2747">
     <span class='ocr_line' id='line_1_56' title="bbox 1985 2665 3646 2747; baseline -0.001 -22"><span class='ocrx_word' id='word_1_414' title='bbox 1985 2667 2148 2734; x_wconf 90' lang='grc' dir='ltr'>τέλος</span> <span class='ocrx_word' id='word_1_415' title='bbox 2175 2671 2274 2738; x_wconf 79' lang='grc' dir='ltr'>τῆς</span> <span class='ocrx_word' id='word_1_416' title='bbox 2310 2673 2476 2739; x_wconf 88' lang='grc' dir='ltr'>ζωῆς·</span> <span class='ocrx_word' id='word_1_417' title='bbox 2511 2666 2719 2746; x_wconf 77' lang='grc' dir='ltr'>σφόδρα</span> <span class='ocrx_word' id='word_1_418' title='bbox 2747 2668 2850 2744; x_wconf 83' lang='grc' dir='ltr'>γὰρ</span> <span class='ocrx_word' id='word_1_419' title='bbox 2888 2667 3106 2747; x_wconf 80' lang='grc' dir='ltr'>ἐφίεμαι</span> <span class='ocrx_word' id='word_1_420' title='bbox 3132 2674 3242 2739; x_wconf 82' lang='grc' dir='ltr'>τῆς</span> <span class='ocrx_word' id='word_1_421' title='bbox 3263 2665 3525 2740; x_wconf 80' lang='grc' dir='ltr'>τελευτῆς</span> <span class='ocrx_word' id='word_1_422' title='bbox 3557 2665 3646 2725; x_wconf 85' lang='grc' dir='ltr'>διά</span> 
     </span>
    </p>
   </div>
   <div class='ocr_carea' id='block_1_57' title="bbox 1985 2755 2901 2834">
    <p class='ocr_par' dir='ltr' id='par_1_57' title="bbox 1985 2755 2901 2834">
     <span class='ocr_line' id='line_1_57' title="bbox 1985 2755 2901 2834; baseline 0.001 -20"><span class='ocrx_word' id='word_1_423' title='bbox 1985 2760 2085 2829; x_wconf 75' lang='grc' dir='ltr'>τὴν</span> <span class='ocrx_word' id='word_1_424' title='bbox 2118 2762 2225 2814; x_wconf 89' lang='grc' dir='ltr'>τῶν</span> <span class='ocrx_word' id='word_1_425' title='bbox 2257 2757 2521 2834; x_wconf 76' lang='grc' dir='ltr'>λυπηρῶν</span> <span class='ocrx_word' id='word_1_426' title='bbox 2549 2755 2901 2834; x_wconf 85' lang='grc' dir='ltr'>ἀπαλλαγήν.</span> 
     </span>
    </p>
   </div>
   <div class='ocr_carea' id='block_1_58' title="bbox 2060 2845 3643 2923">
    <p class='ocr_par' dir='ltr' id='par_1_58' title="bbox 2060 2845 3643 2923">
     <span class='ocr_line' id='line_1_58' title="bbox 2060 2845 3643 2923; baseline 0.002 -23"><span class='ocrx_word' id='word_1_427' title='bbox 2060 2871 2090 2900; x_wconf 86' lang='grc'>‹‹</span> <span class='ocrx_word' id='word_1_428' title='bbox 2122 2846 2227 2905; x_wconf 86' lang='grc' dir='ltr'>Καὶ</span> <span class='ocrx_word' id='word_1_429' title='bbox 2283 2847 2375 2902; x_wconf 91' lang='grc' dir='ltr'>τὸν</span> <span class='ocrx_word' id='word_1_430' title='bbox 2433 2847 2666 2923; x_wconf 86' lang='grc' dir='ltr'>ἀριθμὸν</span> <span class='ocrx_word' id='word_1_431' title='bbox 2719 2849 2828 2902; x_wconf 89' lang='grc' dir='ltr'>τῶν</span> <span class='ocrx_word' id='word_1_432' title='bbox 2887 2847 3109 2922; x_wconf 83' lang='grc' dir='ltr'>ἡμερῶν</span> <span class='ocrx_word' id='word_1_433' title='bbox 3175 2866 3280 2921; x_wconf 87' lang='grc' dir='ltr'>μου</span> <span class='ocrx_word' id='word_1_434' title='bbox 3336 2845 3422 2909; x_wconf 90' lang='grc' dir='ltr'>τίς</span> <span class='ocrx_word' id='word_1_435' title='bbox 3477 2845 3643 2922; x_wconf 68' lang='grc' dir='ltr'>ἐστιν,</span> 
     </span>
    </p>
   </div>
   <div class='ocr_carea' id='block_1_59' title="bbox 1981 2934 3643 3014">
    <p class='ocr_par' dir='ltr' id='par_1_59' title="bbox 1981 2934 3643 3014">
     <span class='ocr_line' id='line_1_59' title="bbox 1981 2934 3643 3014; baseline 0 -22"><span class='ocrx_word' id='word_1_436' title='bbox 1981 2935 2075 2993; x_wconf 70' lang='grc' dir='ltr'>’ίνα</span> <span class='ocrx_word' id='word_1_437' title='bbox 2129 2940 2238 3014; x_wconf 89' lang='grc' dir='ltr'>γνῶ</span> <span class='ocrx_word' id='word_1_438' title='bbox 2292 2935 2345 2992; x_wconf 94' lang='grc' dir='ltr'>τί</span> <span class='ocrx_word' id='word_1_439' title='bbox 2405 2937 2609 3013; x_wconf 80' lang='grc' dir='ltr'>ὑστερῶ</span> <span class='ocrx_word' id='word_1_440' title='bbox 2667 2934 2798 3011; x_wconf 85' lang='grc' dir='ltr'>ἐγώ.</span> <span class='ocrx_word' id='word_1_441' title='bbox 2833 2959 2863 2989; x_wconf 85' lang='grc'>››</span> <span class='ocrx_word' id='word_1_442' title='bbox 2921 2968 2992 2979; x_wconf 91' lang='lat'>—-</span> <span class='ocrx_word' id='word_1_443' title='bbox 3036 2935 3138 2991; x_wconf 85' lang='lat' dir='ltr'>Kal</span> <span class='ocrx_word' id='word_1_444' title='bbox 3193 2939 3298 2991; x_wconf 84' lang='grc' dir='ltr'>πᾶν</span> <span class='ocrx_word' id='word_1_445' title='bbox 3356 2935 3420 2991; x_wconf 88' lang='grc' dir='ltr'>τὸ</span> <span class='ocrx_word' id='word_1_446' title='bbox 3473 2937 3643 2992; x_wconf 87' lang='grc' dir='ltr'>ποσὸν</span> 
     </span>
    </p>
   </div>
   <div class='ocr_carea' id='block_1_60' title="bbox 1984 3021 3646 3102">
    <p class='ocr_par' dir='ltr' id='par_1_60' title="bbox 1984 3021 3646 3102">
     <span class='ocr_line' id='line_1_60' title="bbox 1984 3021 3646 3102; baseline 0 -21"><span class='ocrx_word' id='word_1_447' title='bbox 1984 3030 2083 3082; x_wconf 90' lang='grc' dir='ltr'>τοῦ</span> <span class='ocrx_word' id='word_1_448' title='bbox 2139 3023 2274 3080; x_wconf 84' lang='grc' dir='ltr'>ὅλου</span> <span class='ocrx_word' id='word_1_449' title='bbox 2324 3025 2529 3102; x_wconf 87' lang='grc' dir='ltr'>χρόνου</span> <span class='ocrx_word' id='word_1_450' title='bbox 2572 3027 2672 3095; x_wconf 81' lang='grc' dir='ltr'>τῆς</span> <span class='ocrx_word' id='word_1_451' title='bbox 2730 3029 2876 3096; x_wconf 84' lang='grc' dir='ltr'>ζωῆς</span> <span class='ocrx_word' id='word_1_452' title='bbox 2930 3045 3036 3099; x_wconf 88' lang='grc' dir='ltr'>μου</span> <span class='ocrx_word' id='word_1_453' title='bbox 3069 3021 3125 3080; x_wconf 89' lang='grc' dir='ltr'>τί</span> <span class='ocrx_word' id='word_1_454' title='bbox 3171 3023 3333 3095; x_wconf 86' lang='grc' dir='ltr'>ἐστιν,</span> <span class='ocrx_word' id='word_1_455' title='bbox 3362 3021 3451 3079; x_wconf 62' lang='grc' dir='ltr'>ἵνα</span> <span class='ocrx_word' id='word_1_456' title='bbox 3488 3023 3540 3096; x_wconf 81' lang='grc' dir='ltr'>ἐξ</span> <span class='ocrx_word' id='word_1_457' title='bbox 3571 3026 3646 3081; x_wconf 83' lang='grc' dir='ltr'>ὧν</span> 
     </span>
    </p>
   </div>
   <div class='ocr_carea' id='block_1_61' title="bbox 1987 3111 3646 3190">
    <p class='ocr_par' dir='ltr' id='par_1_61' title="bbox 1987 3111 3646 3190">
     <span class='ocr_line' id='line_1_61' title="bbox 1987 3111 3646 3190; baseline -0.001 -20"><span class='ocrx_word' id='word_1_458' title='bbox 1987 3115 2120 3170; x_wconf 89' lang='grc' dir='ltr'>ἐτῶν</span> <span class='ocrx_word' id='word_1_459' title='bbox 2154 3113 2341 3187; x_wconf 82' lang='grc' dir='ltr'>ἔζησα,</span> <span class='ocrx_word' id='word_1_460' title='bbox 2373 3111 2627 3190; x_wconf 87' lang='grc' dir='ltr'>γνωρίσω</span> <span class='ocrx_word' id='word_1_461' title='bbox 2655 3113 2718 3168; x_wconf 92' lang='grc' dir='ltr'>τὸ</span> <span class='ocrx_word' id='word_1_462' title='bbox 2748 3111 2938 3169; x_wconf 85' lang='grc' dir='ltr'>λεῖπον</span> <span class='ocrx_word' id='word_1_463' title='bbox 2973 3116 3044 3187; x_wconf 77' lang='grc' dir='ltr'>τῇ</span> <span class='ocrx_word' id='word_1_464' title='bbox 3075 3111 3304 3184; x_wconf 74' lang='grc' dir='ltr'>ὁλότὴτι</span> <span class='ocrx_word' id='word_1_465' title='bbox 3347 3117 3449 3182; x_wconf 89' lang='grc' dir='ltr'>τῆς</span> <span class='ocrx_word' id='word_1_466' title='bbox 3498 3116 3646 3184; x_wconf 83' lang='grc' dir='ltr'>ζωῆς</span> 
     </span>
    </p>
   </div>
   <div class='ocr_carea' id='block_1_62' title="bbox 2034 3227 2116 3263">
    <p class='ocr_par' dir='ltr' id='par_1_62' title="bbox 2034 3227 2116 3263">
     <span class='ocr_line' id='line_1_62' title="bbox 2034 3227 2116 3263; baseline 0.024 -3"><span class='ocrx_word' id='word_1_467' title='bbox 2034 3227 2116 3263; x_wconf 87' lang='grc' dir='ltr'>ου.</span> 
     </span>
    </p>
   </div>
   <div class='ocr_carea' id='block_1_63' title="bbox 1991 3227 3646 3366">
    <p class='ocr_par' dir='ltr' id='par_1_63' title="bbox 1991 3227 3646 3366">
     <span class='ocr_line' id='line_1_63' title="bbox 2034 3227 2116 3263; baseline 0.024 -3"><span class='ocrx_word' id='word_1_468' title='bbox 2034 3227 2116 3263; x_wconf 90' lang='grc' dir='ltr'>ου.</span> 
     </span>
     <span class='ocr_line' id='line_1_64' title="bbox 1991 3227 3646 3366; baseline -0.003 -19"><span class='ocrx_word' id='word_1_469' title='bbox 1991 3227 2258 3349; x_wconf 44' lang='grc' dir='ltr'>μ,‹‹Ἱδοί›</span> <span class='ocrx_word' id='word_1_470' title='bbox 2304 3289 2606 3356; x_wconf 77' lang='grc' dir='ltr'>παλαιστὰς</span> <span class='ocrx_word' id='word_1_471' title='bbox 2665 3288 2790 3348; x_wconf 80' lang='grc' dir='ltr'>ἔθου</span> <span class='ocrx_word' id='word_1_472' title='bbox 2844 3292 2941 3354; x_wconf 76' lang='grc' dir='ltr'>τὰς</span> <span class='ocrx_word' id='word_1_473' title='bbox 3017 3287 3230 3366; x_wconf 78' lang='grc' dir='ltr'>ἡμέρας</span> <span class='ocrx_word' id='word_1_474' title='bbox 3300 3311 3427 3365; x_wconf 88' lang='grc' dir='ltr'>μου.</span> <span class='ocrx_word' id='word_1_475' title='bbox 3486 3313 3518 3344; x_wconf 86' lang='grc'><strong>››</strong></span> <span class='ocrx_word' id='word_1_476' title='bbox 3574 3323 3646 3336; x_wconf 87' lang='grc'><strong>-</strong></span> 
     </span>
    </p>
   </div>
   <div class='ocr_carea' id='block_1_64' title="bbox 220 3345 3645 3457">
    <p class='ocr_par' dir='ltr' id='par_1_64' title="bbox 220 3345 3645 3457">
     <span class='ocr_line' id='line_1_65' title="bbox 220 3345 3645 3457; baseline -0.001 -18"><span class='ocrx_word' id='word_1_477' title='bbox 220 3345 515 3457; x_wconf 29' lang='lat' dir='ltr'>How-Ea}:</span> <span class='ocrx_word' id='word_1_478' title='bbox 573 3345 915 3441; x_wconf 30' lang='grc' dir='ltr'>ἀντ-ιρῥήσζείς</span> <span class='ocrx_word' id='word_1_479' title='bbox 971 3365 1102 3444; x_wconf 76' lang='grc' dir='ltr'>φησὶ</span> <span class='ocrx_word' id='word_1_480' title='bbox 1148 3363 1218 3420; x_wconf 66' lang='grc' dir='ltr'>δι’</span> <span class='ocrx_word' id='word_1_481' title='bbox 1247 3345 1458 3429; x_wconf 30' lang='grc' dir='ltr'><strong>ὧνίίτις</strong></span> <span class='ocrx_word' id='word_1_482' title='bbox 1515 3363 1732 3443; x_wconf 76' lang='grc' dir='ltr'>ἐλέγχει</span> <span class='ocrx_word' id='word_1_483' title='bbox 1782 3345 1874 3422; x_wconf 61' lang='grc' dir='ltr'>τδν</span> <span class='ocrx_word' id='word_1_484' title='bbox 1907 3345 1950 3413; x_wconf 77' lang='lat' dir='ltr'>C</span> <span class='ocrx_word' id='word_1_485' title='bbox 1991 3345 2684 3445; x_wconf 38' lang='grc' dir='ltr'>ἰδρὺ-’τιᾷλᾷιξξέιξηέὀοιζ</span> <span class='ocrx_word' id='word_1_486' title='bbox 2704 3345 3314 3457; x_wconf 30' lang='grc' dir='ltr'>-.τὰςῆμέράςιμοέ</span> <span class='ocrx_word' id='word_1_487' title='bbox 3368 3345 3645 3457; x_wconf 85' lang='grc' dir='ltr'>ὀλιγαρίθ-</span> 
     </span>
    </p>
   </div>
   <div class='ocr_carea' id='block_1_65' title="bbox 212 3451 687 3530">
    <p class='ocr_par' dir='ltr' id='par_1_65' title="bbox 212 3451 687 3530">
     <span class='ocr_line' id='line_1_66' title="bbox 212 3451 687 3530; baseline 0.002 -20"><span class='ocrx_word' id='word_1_488' title='bbox 212 3457 401 3516; x_wconf 86' lang='grc' dir='ltr'>κακῶς</span> <span class='ocrx_word' id='word_1_489' title='bbox 434 3451 687 3530; x_wconf 86' lang='grc' dir='ltr'>λέγοντα.</span> 
     </span>
    </p>
   </div>
   <div class='ocr_carea' id='block_1_66' title="bbox 294 3543 1880 3620">
    <p class='ocr_par' dir='ltr' id='par_1_66' title="bbox 294 3543 1880 3620">
     <span class='ocr_line' id='line_1_67' title="bbox 294 3543 1880 3620; baseline 0.003 -25"><span class='ocrx_word' id='word_1_490' title='bbox 294 3568 322 3595; x_wconf 91' lang='grc'>‹‹</span> <span class='ocrx_word' id='word_1_491' title='bbox 355 3546 474 3597; x_wconf 89' lang='grc' dir='ltr'>Ὅτι</span> <span class='ocrx_word' id='word_1_492' title='bbox 526 3543 700 3613; x_wconf 73' lang='grc' dir='ltr'>εἶπον,</span> <span class='ocrx_word' id='word_1_493' title='bbox 751 3544 842 3614; x_wconf 87' lang='grc' dir='ltr'>Μή</span> <span class='ocrx_word' id='word_1_494' title='bbox 896 3564 1029 3598; x_wconf 91' lang='grc' dir='ltr'>ποτε</span> <span class='ocrx_word' id='word_1_495' title='bbox 1080 3543 1386 3620; x_wconf 88' lang='grc' dir='ltr'>ἐπιχαρῶσί</span> <span class='ocrx_word' id='word_1_496' title='bbox 1437 3565 1531 3618; x_wconf 91' lang='grc' dir='ltr'>μοι</span> <span class='ocrx_word' id='word_1_497' title='bbox 1579 3545 1631 3599; x_wconf 80' lang='grc' dir='ltr'>οί</span> <span class='ocrx_word' id='word_1_498' title='bbox 1691 3543 1880 3620; x_wconf 88' lang='grc' dir='ltr'>ἐχθροί</span> 
     </span>
    </p>
   </div>
   <div class='ocr_carea' id='block_1_67' title="bbox 222 3631 1879 3710">
    <p class='ocr_par' dir='ltr' id='par_1_67' title="bbox 222 3631 1879 3710">
     <span class='ocr_line' id='line_1_68' title="bbox 222 3631 1879 3710; baseline 0 -21"><span class='ocrx_word' id='word_1_499' title='bbox 222 3655 417 3710; x_wconf 82' lang='grc' dir='ltr'>μου.»</span> <span class='ocrx_word' id='word_1_500' title='bbox 449 3665 520 3676; x_wconf 92' lang='lat'><strong>—-</strong></span> <span class='ocrx_word' id='word_1_501' title='bbox 555 3633 722 3688; x_wconf 81' lang='grc' dir='ltr'>Εἶπον</span> <span class='ocrx_word' id='word_1_502' title='bbox 782 3632 834 3687; x_wconf 88' lang='grc' dir='ltr'>ἐν</span> <span class='ocrx_word' id='word_1_503' title='bbox 891 3631 1112 3707; x_wconf 82' lang='grc' dir='ltr'>ἐμαυτῷ</span> <span class='ocrx_word' id='word_1_504' title='bbox 1167 3633 1492 3709; x_wconf 82' lang='grc' dir='ltr'>εὐχόμενος,</span> <span class='ocrx_word' id='word_1_505' title='bbox 1531 3635 1621 3703; x_wconf 79' lang='grc' dir='ltr'>Μὴ</span> <span class='ocrx_word' id='word_1_506' title='bbox 1684 3633 1879 3710; x_wconf 84' lang='grc' dir='ltr'>ἐπιχα-</span> 
     </span>
    </p>
   </div>
   <div class='ocr_carea' id='block_1_68' title="bbox 221 3721 1055 3801">
    <p class='ocr_par' dir='ltr' id='par_1_68' title="bbox 221 3721 1055 3801">
     <span class='ocr_line' id='line_1_69' title="bbox 221 3721 1055 3801; baseline 0.002 -23"><span class='ocrx_word' id='word_1_507' title='bbox 221 3723 450 3801; x_wconf 88' lang='grc' dir='ltr'>ρείησάν</span> <span class='ocrx_word' id='word_1_508' title='bbox 491 3745 582 3798; x_wconf 92' lang='grc' dir='ltr'>μοι</span> <span class='ocrx_word' id='word_1_509' title='bbox 615 3723 673 3777; x_wconf 78' lang='grc' dir='ltr'>οἱ</span> <span class='ocrx_word' id='word_1_510' title='bbox 704 3721 894 3799; x_wconf 80' lang='grc' dir='ltr'>ἐχθροί</span> <span class='ocrx_word' id='word_1_511' title='bbox 930 3743 1055 3796; x_wconf 89' lang='grc' dir='ltr'>μου.</span> 
     </span>
    </p>
   </div>
   <div class='ocr_carea' id='block_1_69' title="bbox 307 3809 1883 3888">
    <p class='ocr_par' dir='ltr' id='par_1_69' title="bbox 307 3809 1883 3888">
     <span class='ocr_line' id='line_1_70' title="bbox 307 3809 1883 3888; baseline 0.001 -21"><span class='ocrx_word' id='word_1_512' title='bbox 307 3836 334 3868; x_wconf 81' lang='grc' dir='ltr'>ιι</span> <span class='ocrx_word' id='word_1_513' title='bbox 365 3814 466 3867; x_wconf 87' lang='lat' dir='ltr'>Kal</span> <span class='ocrx_word' id='word_1_514' title='bbox 528 3812 578 3868; x_wconf 90' lang='grc' dir='ltr'>ἐν</span> <span class='ocrx_word' id='word_1_515' title='bbox 628 3816 709 3885; x_wconf 78' lang='grc' dir='ltr'>τῷ</span> <span class='ocrx_word' id='word_1_516' title='bbox 758 3811 1087 3882; x_wconf 84' lang='grc' dir='ltr'>σαλευθῆναι</span> <span class='ocrx_word' id='word_1_517' title='bbox 1134 3809 1307 3875; x_wconf 88' lang='grc' dir='ltr'>πόδας</span> <span class='ocrx_word' id='word_1_518' title='bbox 1359 3833 1463 3885; x_wconf 89' lang='grc' dir='ltr'>μου</span> <span class='ocrx_word' id='word_1_519' title='bbox 1503 3811 1582 3867; x_wconf 89' lang='grc' dir='ltr'>ἐπ’</span> <span class='ocrx_word' id='word_1_520' title='bbox 1613 3811 1710 3888; x_wconf 70' lang='grc' dir='ltr'>ἐμὲ</span> <span class='ocrx_word' id='word_1_521' title='bbox 1758 3811 1883 3885; x_wconf 87' lang='grc' dir='ltr'>ἐμε-</span> 
     </span>
    </p>
   </div>
   <div class='ocr_carea' id='block_1_70' title="bbox 221 3900 1886 3979">
    <p class='ocr_par' dir='ltr' id='par_1_70' title="bbox 221 3900 1886 3979">
     <span class='ocr_line' id='line_1_71' title="bbox 221 3900 1886 3979; baseline 0.001 -23"><span class='ocrx_word' id='word_1_522' title='bbox 221 3900 754 3978; x_wconf 75' lang='grc' dir='ltr'>γαλορῥημόνησαν.</span> <span class='ocrx_word' id='word_1_523' title='bbox 820 3926 842 3953; x_wconf 82' lang='grc' dir='ltr'>ιι</span> <span class='ocrx_word' id='word_1_524' title='bbox 903 3933 974 3944; x_wconf 90' lang='lat'><strong><em>—</em></strong></span> <span class='ocrx_word' id='word_1_525' title='bbox 1029 3901 1128 3956; x_wconf 85' lang='lat' dir='ltr'>Kal</span> <span class='ocrx_word' id='word_1_526' title='bbox 1189 3900 1242 3955; x_wconf 88' lang='grc' dir='ltr'>ἐν</span> <span class='ocrx_word' id='word_1_527' title='bbox 1316 3906 1396 3975; x_wconf 79' lang='grc' dir='ltr'>τῷ</span> <span class='ocrx_word' id='word_1_528' title='bbox 1469 3901 1886 3979; x_wconf 54' lang='grc' dir='ltr'>παρατραήναί</span> 
     </span>
    </p>
   </div>
   <div class='ocr_carea' id='block_1_71' title="bbox 226 3988 1888 4067">
    <p class='ocr_par' dir='ltr' id='par_1_71' title="bbox 226 3988 1888 4067">
     <span class='ocr_line' id='line_1_72' title="bbox 226 3988 1888 4067; baseline 0.003 -24"><span class='ocrx_word' id='word_1_529' title='bbox 226 4010 302 4064; x_wconf 85' lang='grc' dir='ltr'>με</span> <span class='ocrx_word' id='word_1_530' title='bbox 327 3995 428 4058; x_wconf 89' lang='grc' dir='ltr'>τῆς</span> <span class='ocrx_word' id='word_1_531' title='bbox 463 3988 671 4065; x_wconf 88' lang='grc' dir='ltr'>βάσεως</span> <span class='ocrx_word' id='word_1_532' title='bbox 697 3994 805 4045; x_wconf 82' lang='grc' dir='ltr'>τῶν</span> <span class='ocrx_word' id='word_1_533' title='bbox 857 3989 1013 4053; x_wconf 88' lang='grc' dir='ltr'>θείων</span> <span class='ocrx_word' id='word_1_534' title='bbox 1061 3988 1296 4047; x_wconf 85' lang='grc' dir='ltr'>ἐντολῶν</span> <span class='ocrx_word' id='word_1_535' title='bbox 1348 3989 1720 4067; x_wconf 73' lang='grc' dir='ltr'>ἐκαυχήσαντο</span> <span class='ocrx_word' id='word_1_536' title='bbox 1769 3992 1888 4047; x_wconf 87' lang='grc' dir='ltr'>κατ’</span> 
     </span>
    </p>
   </div>
   <div class='ocr_carea' id='block_1_72' title="bbox 222 4077 387 4150">
    <p class='ocr_par' dir='ltr' id='par_1_72' title="bbox 222 4077 387 4150">
     <span class='ocr_line' id='line_1_73' title="bbox 222 4077 387 4150; baseline 0.006 -17"><span class='ocrx_word' id='word_1_537' title='bbox 222 4077 387 4150; x_wconf 90' lang='grc' dir='ltr'>ἐμοῦ.</span> 
     </span>
    </p>
   </div>
   <div class='ocr_carea' id='block_1_73' title="bbox 304 4165 1891 4247">
    <p class='ocr_par' dir='ltr' id='par_1_73' title="bbox 304 4165 1891 4247">
     <span class='ocr_line' id='line_1_74' title="bbox 304 4165 1891 4247; baseline 0.004 -27"><span class='ocrx_word' id='word_1_538' title='bbox 304 4189 332 4218; x_wconf 80' lang='grc' dir='ltr'>κ</span> <span class='ocrx_word' id='word_1_539' title='bbox 364 4168 485 4221; x_wconf 86' lang='grc' dir='ltr'>Ὅτι</span> <span class='ocrx_word' id='word_1_540' title='bbox 516 4165 628 4242; x_wconf 84' lang='grc' dir='ltr'>ἐγὼ</span> <span class='ocrx_word' id='word_1_541' title='bbox 657 4165 733 4229; x_wconf 79' lang='grc' dir='ltr'>εἰς</span> <span class='ocrx_word' id='word_1_542' title='bbox 769 4167 1030 4243; x_wconf 87' lang='grc' dir='ltr'>μάστιγας</span> <span class='ocrx_word' id='word_1_543' title='bbox 1061 4165 1302 4241; x_wconf 77' lang='grc' dir='ltr'>ἕτοιμος.</span> <span class='ocrx_word' id='word_1_544' title='bbox 1333 4192 1355 4221; x_wconf 74' lang='grc' dir='ltr'>ι</span> <span class='ocrx_word' id='word_1_545' title='bbox 1382 4201 1452 4214; x_wconf 57' lang='grc' dir='ltr'>ος-</span> <span class='ocrx_word' id='word_1_546' title='bbox 1481 4169 1788 4247; x_wconf 86' lang='grc' dir='ltr'>Πρόχειρόν</span> <span class='ocrx_word' id='word_1_547' title='bbox 1823 4191 1891 4244; x_wconf 87' lang='grc' dir='ltr'>με</span> 
     </span>
    </p>
   </div>
   <div class='ocr_carea' id='block_1_74' title="bbox 221 4253 1285 4332">
    <p class='ocr_par' dir='ltr' id='par_1_74' title="bbox 221 4253 1285 4332">
     <span class='ocr_line' id='line_1_75' title="bbox 221 4253 1285 4332; baseline 0.002 -22"><span class='ocrx_word' id='word_1_548' title='bbox 221 4257 351 4317; x_wconf 80' lang='grc' dir='ltr'>ταῖς</span> <span class='ocrx_word' id='word_1_549' title='bbox 380 4254 674 4332; x_wconf 84' lang='grc' dir='ltr'>τιμωρίαις</span> <span class='ocrx_word' id='word_1_550' title='bbox 704 4257 740 4325; x_wconf 77' lang='grc' dir='ltr'>ἡ</span> <span class='ocrx_word' id='word_1_551' title='bbox 775 4254 1012 4330; x_wconf 81' lang='grc' dir='ltr'>ἁμαρτία</span> <span class='ocrx_word' id='word_1_552' title='bbox 1042 4253 1285 4327; x_wconf 90' lang='grc' dir='ltr'>ἐποίησε.</span> 
     </span>
    </p>
   </div>
   <div class='ocr_carea' id='block_1_75' title="bbox 309 4341 1890 4420">
    <p class='ocr_par' dir='ltr' id='par_1_75' title="bbox 309 4341 1890 4420">
     <span class='ocr_line' id='line_1_76' title="bbox 309 4341 1890 4420; baseline 0.003 -22"><span class='ocrx_word' id='word_1_553' title='bbox 309 4369 338 4398; x_wconf 81' lang='grc' dir='ltr'>(ι</span> <span class='ocrx_word' id='word_1_554' title='bbox 371 4345 478 4401; x_wconf 88' lang='lat' dir='ltr'>Kal</span> <span class='ocrx_word' id='word_1_555' title='bbox 507 4347 543 4416; x_wconf 76' lang='grc' dir='ltr'><strong>ἡ</strong></span> <span class='ocrx_word' id='word_1_556' title='bbox 595 4341 852 4420; x_wconf 85' lang='grc' dir='ltr'>ἀλγηδών</span> <span class='ocrx_word' id='word_1_557' title='bbox 916 4365 1021 4418; x_wconf 85' lang='grc' dir='ltr'>μου</span> <span class='ocrx_word' id='word_1_558' title='bbox 1071 4343 1303 4400; x_wconf 87' lang='grc' dir='ltr'>ἐνώπιον</span> <span class='ocrx_word' id='word_1_559' title='bbox 1355 4345 1461 4419; x_wconf 90' lang='grc' dir='ltr'>μού</span> <span class='ocrx_word' id='word_1_560' title='bbox 1513 4345 1626 4402; x_wconf 89' lang='grc' dir='ltr'>ἐστι</span> <span class='ocrx_word' id='word_1_561' title='bbox 1669 4344 1890 4402; x_wconf 89' lang='grc' dir='ltr'>διαπαν-</span> 
     </span>
    </p>
   </div>
   <div class='ocr_carea' id='block_1_76' title="bbox 225 4431 1890 4511">
    <p class='ocr_par' dir='ltr' id='par_1_76' title="bbox 225 4431 1890 4511">
     <span class='ocr_line' id='line_1_77' title="bbox 225 4431 1890 4511; baseline 0 -20"><span class='ocrx_word' id='word_1_562' title='bbox 225 4431 354 4498; x_wconf 85' lang='grc' dir='ltr'>τός.</span> <span class='ocrx_word' id='word_1_563' title='bbox 390 4458 418 4487; x_wconf 86' lang='grc'><strong>››</strong></span> <span class='ocrx_word' id='word_1_564' title='bbox 450 4468 519 4478; x_wconf 92' lang='grc'><strong><em>-</em></strong></span> <span class='ocrx_word' id='word_1_565' title='bbox 550 4434 654 4492; x_wconf 84' lang='grc' dir='ltr'>Καὶ</span> <span class='ocrx_word' id='word_1_566' title='bbox 684 4436 719 4505; x_wconf 80' lang='grc' dir='ltr'>ἡ</span> <span class='ocrx_word' id='word_1_567' title='bbox 750 4439 852 4505; x_wconf 89' lang='grc' dir='ltr'>τῆς</span> <span class='ocrx_word' id='word_1_568' title='bbox 908 4433 1176 4511; x_wconf 87' lang='grc' dir='ltr'>ἀμαρτιας</span> <span class='ocrx_word' id='word_1_569' title='bbox 1239 4435 1432 4509; x_wconf 84' lang='grc' dir='ltr'>μνήμη</span> <span class='ocrx_word' id='word_1_570' title='bbox 1493 4431 1782 4500; x_wconf 89' lang='grc' dir='ltr'>διαπαντὸς</span> <span class='ocrx_word' id='word_1_571' title='bbox 1838 4435 1890 4492; x_wconf 86' lang='grc' dir='ltr'>ἐν</span> 
     </span>
    </p>
   </div>
   <div class='ocr_carea' id='block_1_77' title="bbox 233 4522 1161 4600">
    <p class='ocr_par' dir='ltr' id='par_1_77' title="bbox 233 4522 1161 4600">
     <span class='ocr_line' id='line_1_78' title="bbox 233 4522 1161 4600; baseline 0.002 -21"><span class='ocrx_word' id='word_1_572' title='bbox 233 4523 391 4598; x_wconf 81' lang='grc' dir='ltr'>ἐμοὶ,</span> <span class='ocrx_word' id='word_1_573' title='bbox 421 4524 683 4580; x_wconf 85' lang='grc' dir='ltr'>νύττουσα</span> <span class='ocrx_word' id='word_1_574' title='bbox 711 4523 800 4578; x_wconf 87' lang='grc' dir='ltr'>καὶ</span> <span class='ocrx_word' id='word_1_575' title='bbox 831 4522 1161 4600; x_wconf 88' lang='grc' dir='ltr'>ἆλγύνουσα.</span> 
     </span>
    </p>
   </div>
   <div class='ocr_carea' id='block_1_78' title="bbox 1993 3465 3648 3548">
    <p class='ocr_par' dir='ltr' id='par_1_78' title="bbox 1993 3465 3648 3548">
     <span class='ocr_line' id='line_1_79' title="bbox 1993 3465 3648 3548; baseline -0.002 -20"><span class='ocrx_word' id='word_1_576' title='bbox 1993 3493 2131 3548; x_wconf 91' lang='grc' dir='ltr'>μους</span> <span class='ocrx_word' id='word_1_577' title='bbox 2198 3468 2437 3542; x_wconf 87' lang='grc' dir='ltr'>δηλαδή·</span> <span class='ocrx_word' id='word_1_578' title='bbox 2486 3471 2576 3526; x_wconf 88' lang='grc' dir='ltr'>καὶ</span> <span class='ocrx_word' id='word_1_579' title='bbox 2625 3471 2654 3524; x_wconf 88' lang='grc' dir='ltr'>ὁ</span> <span class='ocrx_word' id='word_1_580' title='bbox 2701 3469 3006 3540; x_wconf 80' lang='grc' dir='ltr'>παλαιστὴς</span> <span class='ocrx_word' id='word_1_581' title='bbox 3053 3471 3155 3546; x_wconf 80' lang='grc' dir='ltr'>γὰρ</span> <span class='ocrx_word' id='word_1_582' title='bbox 3210 3465 3500 3544; x_wconf 85' lang='grc' dir='ltr'>ἐλάχιστον</span> <span class='ocrx_word' id='word_1_583' title='bbox 3551 3469 3648 3544; x_wconf 83' lang='grc' dir='ltr'><strong>μὲ-</strong></span> 
     </span>
    </p>
   </div>
   <div class='ocr_carea' id='block_1_79' title="bbox 1988 3555 3646 3640">
    <p class='ocr_par' dir='ltr' id='par_1_79' title="bbox 1988 3555 3646 3640">
     <span class='ocr_line' id='line_1_80' title="bbox 1988 3555 3646 3640; baseline -0.002 -22"><span class='ocrx_word' id='word_1_584' title='bbox 1988 3583 2120 3640; x_wconf 91' lang='grc' dir='ltr'>τρου</span> <span class='ocrx_word' id='word_1_585' title='bbox 2164 3561 2296 3635; x_wconf 80' lang='grc' dir='ltr'>ἐστὶ,</span> <span class='ocrx_word' id='word_1_586' title='bbox 2345 3560 2436 3616; x_wconf 91' lang='grc' dir='ltr'>καὶ</span> <span class='ocrx_word' id='word_1_587' title='bbox 2485 3559 2619 3637; x_wconf 76' lang='grc' dir='ltr'>ὅπερ</span> <span class='ocrx_word' id='word_1_588' title='bbox 2664 3560 2717 3614; x_wconf 74' lang='grc' dir='ltr'>οἱ</span> <span class='ocrx_word' id='word_1_589' title='bbox 2763 3558 3017 3636; x_wconf 87' lang='grc' dir='ltr'>τέσσαρες</span> <span class='ocrx_word' id='word_1_590' title='bbox 3066 3555 3328 3614; x_wconf 85' lang='grc' dir='ltr'>δάκτυλοι</span> <span class='ocrx_word' id='word_1_591' title='bbox 3386 3562 3457 3633; x_wconf 81' lang='grc' dir='ltr'>τῇ</span> <span class='ocrx_word' id='word_1_592' title='bbox 3507 3579 3646 3633; x_wconf 88' lang='grc' dir='ltr'>συμ-</span> 
     </span>
    </p>
   </div>
   <div class='ocr_carea' id='block_1_80' title="bbox 1990 3647 3652 3727">
    <p class='ocr_par' dir='ltr' id='par_1_80' title="bbox 1990 3647 3652 3727">
     <span class='ocr_line' id='line_1_81' title="bbox 1990 3647 3652 3727; baseline -0.002 -20"><span class='ocrx_word' id='word_1_593' title='bbox 1990 3653 2151 3724; x_wconf 83' lang='grc' dir='ltr'>πήξει</span> <span class='ocrx_word' id='word_1_594' title='bbox 2214 3648 2628 3720; x_wconf 88' lang='grc' dir='ltr'>ἀποτελέσουσι,</span> <span class='ocrx_word' id='word_1_595' title='bbox 2679 3649 3040 3727; x_wconf 86' lang='grc' dir='ltr'>τριτημόριον</span> <span class='ocrx_word' id='word_1_596' title='bbox 3087 3647 3146 3703; x_wconf 81' lang='grc' dir='ltr'>ὃν</span> <span class='ocrx_word' id='word_1_597' title='bbox 3199 3654 3498 3722; x_wconf 89' lang='grc' dir='ltr'>σπιθαμῆς.</span> <span class='ocrx_word' id='word_1_598' title='bbox 3548 3648 3652 3704; x_wconf 86' lang='grc' dir='ltr'>Λέ-</span> 
     </span>
    </p>
   </div>
   <div class='ocr_carea' id='block_1_81' title="bbox 1991 3734 3657 3818">
    <p class='ocr_par' dir='ltr' id='par_1_81' title="bbox 1991 3734 3657 3818">
     <span class='ocr_line' id='line_1_82' title="bbox 1991 3734 3657 3818; baseline -0.002 -22"><span class='ocrx_word' id='word_1_599' title='bbox 1991 3762 2073 3818; x_wconf 90' lang='grc' dir='ltr'>γει</span> <span class='ocrx_word' id='word_1_600' title='bbox 2134 3738 2192 3796; x_wconf 71' lang='grc' dir='ltr'>δὲ</span> <span class='ocrx_word' id='word_1_601' title='bbox 2241 3737 2331 3795; x_wconf 84' lang='grc' dir='ltr'>διὰ</span> <span class='ocrx_word' id='word_1_602' title='bbox 2370 3739 2467 3802; x_wconf 82' lang='grc' dir='ltr'>τὰς</span> <span class='ocrx_word' id='word_1_603' title='bbox 2509 3736 2832 3800; x_wconf 87' lang='grc' dir='ltr'>ἐπιλοίπους</span> <span class='ocrx_word' id='word_1_604' title='bbox 2881 3735 3094 3814; x_wconf 79' lang='grc' dir='ltr'>ἡμέρας</span> <span class='ocrx_word' id='word_1_605' title='bbox 3143 3736 3334 3795; x_wconf 81' lang='grc' dir='ltr'>αύαοῦ.</span> <span class='ocrx_word' id='word_1_606' title='bbox 3374 3738 3568 3792; x_wconf 86' lang='grc' dir='ltr'>Ἰστέον</span> <span class='ocrx_word' id='word_1_607' title='bbox 3597 3734 3657 3792; x_wconf 64' lang='grc' dir='ltr'>δὲ</span> 
     </span>
    </p>
   </div>
   <div class='ocr_carea' id='block_1_82' title="bbox 1997 3823 3658 3902">
    <p class='ocr_par' dir='ltr' id='par_1_82' title="bbox 1997 3823 3658 3902">
     <span class='ocr_line' id='line_1_83' title="bbox 1997 3823 3658 3902; baseline -0.002 -19"><span class='ocrx_word' id='word_1_608' title='bbox 1997 3827 2081 3883; x_wconf 79' lang='grc' dir='ltr'>ὅτι</span> <span class='ocrx_word' id='word_1_609' title='bbox 2139 3827 2230 3882; x_wconf 86' lang='grc' dir='ltr'>καὶ</span> <span class='ocrx_word' id='word_1_610' title='bbox 2285 3827 2349 3882; x_wconf 91' lang='lat'>16</span> <span class='ocrx_word' id='word_1_611' title='bbox 2407 3824 2773 3902; x_wconf 88' lang='grc' dir='ltr'>μετρούμενον</span> <span class='ocrx_word' id='word_1_612' title='bbox 2827 3828 2909 3897; x_wconf 81' lang='grc' dir='ltr'>τῷ</span> <span class='ocrx_word' id='word_1_613' title='bbox 2960 3828 3056 3878; x_wconf 89' lang='grc' dir='ltr'>τοῦ</span> <span class='ocrx_word' id='word_1_614' title='bbox 3135 3825 3336 3902; x_wconf 85' lang='grc' dir='ltr'>μέτρου</span> <span class='ocrx_word' id='word_1_615' title='bbox 3408 3823 3658 3880; x_wconf 82' lang='grc' dir='ltr'>καλεῖται</span> 
     </span>
    </p>
   </div>
   <div class='ocr_carea' id='block_1_83' title="bbox 1998 3910 3654 3991">
    <p class='ocr_par' dir='ltr' id='par_1_83' title="bbox 1998 3910 3654 3991">
     <span class='ocr_line' id='line_1_84' title="bbox 1998 3910 3654 3991; baseline -0.002 -18"><span class='ocrx_word' id='word_1_616' title='bbox 1998 3916 2246 3991; x_wconf 87' lang='grc' dir='ltr'>ὀνόματι,</span> <span class='ocrx_word' id='word_1_617' title='bbox 2298 3915 2375 3978; x_wconf 84' lang='grc' dir='ltr'>ὡς</span> <span class='ocrx_word' id='word_1_618' title='bbox 2433 3913 2669 3990; x_wconf 88' lang='grc' dir='ltr'>λέγομεν</span> <span class='ocrx_word' id='word_1_619' title='bbox 2739 3913 2889 3969; x_wconf 89' lang='grc' dir='ltr'>σίτου</span> <span class='ocrx_word' id='word_1_620' title='bbox 2970 3910 3232 3988; x_wconf 83' lang='grc' dir='ltr'>μέδιμνον</span> <span class='ocrx_word' id='word_1_621' title='bbox 3308 3912 3400 3968; x_wconf 86' lang='grc' dir='ltr'>καὶ</span> <span class='ocrx_word' id='word_1_622' title='bbox 3467 3919 3654 3990; x_wconf 88' lang='grc' dir='ltr'>πῆχυν</span> 
     </span>
    </p>
   </div>
   <div class='ocr_carea' id='block_1_84' title="bbox 2001 4005 2335 4084">
    <p class='ocr_par' dir='ltr' id='par_1_84' title="bbox 2001 4005 2335 4084">
     <span class='ocr_line' id='line_1_85' title="bbox 2001 4005 2335 4084; baseline 0.003 -21"><span class='ocrx_word' id='word_1_623' title='bbox 2001 4005 2335 4084; x_wconf 75' lang='grc' dir='ltr'>ὑφάσματος.</span> 
     </span>
    </p>
   </div>
   <div class='ocr_carea' id='block_1_85' title="bbox 2072 4089 3657 4164">
    <p class='ocr_par' dir='ltr' id='par_1_85' title="bbox 2072 4089 3657 4164">
     <span class='ocr_line' id='line_1_86' title="bbox 2072 4089 3657 4164; baseline -0.003 -16"><span class='ocrx_word' id='word_1_624' title='bbox 2072 4119 2101 4148; x_wconf 86' lang='grc'>‹‹</span> <span class='ocrx_word' id='word_1_625' title='bbox 2133 4093 2234 4150; x_wconf 87' lang='grc' dir='ltr'>Καὶ</span> <span class='ocrx_word' id='word_1_626' title='bbox 2269 4095 2305 4164; x_wconf 82' lang='grc' dir='ltr'><strong>ἡ</strong></span> <span class='ocrx_word' id='word_1_627' title='bbox 2341 4091 2635 4154; x_wconf 83' lang='grc' dir='ltr'>ὑπόστασίς</span> <span class='ocrx_word' id='word_1_628' title='bbox 2668 4112 2773 4164; x_wconf 92' lang='grc' dir='ltr'>μου</span> <span class='ocrx_word' id='word_1_629' title='bbox 2815 4089 2943 4146; x_wconf 80' lang='grc' dir='ltr'>ὡσεὶ</span> <span class='ocrx_word' id='word_1_630' title='bbox 2993 4089 3144 4146; x_wconf 69' lang='grc' dir='ltr'>οὐθὲν</span> <span class='ocrx_word' id='word_1_631' title='bbox 3194 4089 3426 4148; x_wconf 82' lang='grc' dir='ltr'>ἐνώπιόν</span> <span class='ocrx_word' id='word_1_632' title='bbox 3484 4111 3602 4149; x_wconf 90' lang='grc' dir='ltr'>σου.</span> <span class='ocrx_word' id='word_1_633' title='bbox 3627 4113 3657 4144; x_wconf 85' lang='grc'><strong>››</strong></span> 
     </span>
    </p>
   </div>
   <div class='ocr_carea' id='block_1_86' title="bbox 2000 4177 3664 4260">
    <p class='ocr_par' dir='ltr' id='par_1_86' title="bbox 2000 4177 3664 4260">
     <span class='ocr_line' id='line_1_87' title="bbox 2000 4177 3664 4260; baseline -0.002 -22"><span class='ocrx_word' id='word_1_634' title='bbox 2000 4217 2071 4227; x_wconf 92' lang='grc'><strong><em>-</em></strong></span> <span class='ocrx_word' id='word_1_635' title='bbox 2102 4181 2204 4242; x_wconf 89' lang='lat' dir='ltr'>Kal</span> <span class='ocrx_word' id='word_1_636' title='bbox 2233 4183 2368 4260; x_wconf 85' lang='grc' dir='ltr'>πρὸς</span> <span class='ocrx_word' id='word_1_637' title='bbox 2398 4183 2498 4252; x_wconf 79' lang='grc' dir='ltr'>τήν</span> <span class='ocrx_word' id='word_1_638' title='bbox 2529 4181 2627 4250; x_wconf 80' lang='grc' dir='ltr'>σὴν</span> <span class='ocrx_word' id='word_1_639' title='bbox 2668 4177 2955 4252; x_wconf 85' lang='grc' dir='ltr'>αϊδιότητα</span> <span class='ocrx_word' id='word_1_640' title='bbox 3003 4185 3149 4236; x_wconf 81' lang='grc' dir='ltr'>πᾶσα</span> <span class='ocrx_word' id='word_1_641' title='bbox 3195 4182 3231 4252; x_wconf 79' lang='grc' dir='ltr'><strong>ἡ</strong></span> <span class='ocrx_word' id='word_1_642' title='bbox 3280 4179 3388 4253; x_wconf 86' lang='grc' dir='ltr'>ἐμή</span> <span class='ocrx_word' id='word_1_643' title='bbox 3439 4178 3664 4254; x_wconf 77' lang='grc' dir='ltr'>ὕπαρξις</span> 
     </span>
    </p>
   </div>
   <div class='ocr_carea' id='block_1_87' title="bbox 2001 4271 2281 4337">
    <p class='ocr_par' dir='ltr' id='par_1_87' title="bbox 2001 4271 2281 4337">
     <span class='ocr_line' id='line_1_88' title="bbox 2001 4271 2281 4337; baseline 0.004 -8"><span class='ocrx_word' id='word_1_644' title='bbox 2001 4274 2076 4337; x_wconf 86' lang='grc' dir='ltr'>ὡς</span> <span class='ocrx_word' id='word_1_645' title='bbox 2107 4271 2281 4330; x_wconf 78' lang='grc' dir='ltr'>οὐθέν.</span> 
     </span>
    </p>
   </div>
   <div class='ocr_carea' id='block_1_88' title="bbox 2076 4357 3664 4435">
    <p class='ocr_par' dir='ltr' id='par_1_88' title="bbox 2076 4357 3664 4435">
     <span class='ocr_line' id='line_1_89' title="bbox 2076 4357 3664 4435; baseline -0.001 -19"><span class='ocrx_word' id='word_1_646' title='bbox 2076 4388 2105 4416; x_wconf 92' lang='grc'>‹‹</span> <span class='ocrx_word' id='word_1_647' title='bbox 2136 4362 2294 4431; x_wconf 78' lang='grc' dir='ltr'>Πλήτ</span> <span class='ocrx_word' id='word_1_648' title='bbox 2349 4359 2418 4416; x_wconf 75' lang='grc' dir='ltr'>τὰ</span> <span class='ocrx_word' id='word_1_649' title='bbox 2473 4358 2760 4435; x_wconf 87' lang='grc' dir='ltr'>σύμπαντα</span> <span class='ocrx_word' id='word_1_650' title='bbox 2821 4358 3138 4434; x_wconf 87' lang='grc' dir='ltr'>ματαιότής.</span> <span class='ocrx_word' id='word_1_651' title='bbox 3175 4384 3204 4412; x_wconf 88' lang='grc'><strong>››</strong></span> <span class='ocrx_word' id='word_1_652' title='bbox 3261 4393 3331 4402; x_wconf 91' lang='grc'><strong>-</strong></span> <span class='ocrx_word' id='word_1_653' title='bbox 3386 4357 3664 4433; x_wconf 85' lang='grc' dir='ltr'>Ἀληθῶς,</span> 
     </span>
    </p>
   </div>
   <div class='ocr_carea' id='block_1_89' title="bbox 2005 4444 3368 4532">
    <p class='ocr_par' dir='ltr' id='par_1_89' title="bbox 2005 4444 3368 4532">
     <span class='ocr_line' id='line_1_90' title="bbox 2005 4444 3368 4532; baseline -0.004 -24"><span class='ocrx_word' id='word_1_654' title='bbox 2005 4452 2161 4532; x_wconf 76' lang='grc' dir='ltr'>φησὶ,</span> <span class='ocrx_word' id='word_1_655' title='bbox 2190 4451 2258 4507; x_wconf 82' lang='grc' dir='ltr'>τὰ</span> <span class='ocrx_word' id='word_1_656' title='bbox 2287 4449 2573 4524; x_wconf 87' lang='grc' dir='ltr'>σύμπαντα</span> <span class='ocrx_word' id='word_1_657' title='bbox 2601 4447 2914 4526; x_wconf 86' lang='grc' dir='ltr'>ἀνθρώπινα</span> <span class='ocrx_word' id='word_1_658' title='bbox 2944 4447 3120 4525; x_wconf 84' lang='grc' dir='ltr'>ἀγαθὰ</span> <span class='ocrx_word' id='word_1_659' title='bbox 3147 4444 3368 4524; x_wconf 81' lang='grc' dir='ltr'>ψεῦδος.</span> 
     </span>
    </p>
   </div>
   <div class='ocr_carea' id='block_1_90' title="bbox 2081 4535 3664 4616">
    <p class='ocr_par' dir='ltr' id='par_1_90' title="bbox 2081 4535 3664 4616">
     <span class='ocr_line' id='line_1_91' title="bbox 2081 4535 3664 4616; baseline -0.003 -22"><span class='ocrx_word' id='word_1_660' title='bbox 2081 4564 2109 4594; x_wconf 89' lang='grc'>‹‹</span> <span class='ocrx_word' id='word_1_661' title='bbox 2138 4544 2251 4603; x_wconf 81' lang='grc' dir='ltr'>Πᾶς</span> <span class='ocrx_word' id='word_1_662' title='bbox 2292 4540 2574 4616; x_wconf 62' lang='grc' dir='ltr'>ἅνθρωπος</span> <span class='ocrx_word' id='word_1_663' title='bbox 2626 4541 2752 4608; x_wconf 85' lang='grc' dir='ltr'>ζῶν.</span> <span class='ocrx_word' id='word_1_664' title='bbox 2789 4561 2820 4590; x_wconf 89' lang='grc'><strong>››</strong></span> <span class='ocrx_word' id='word_1_665' title='bbox 2850 4571 2919 4581; x_wconf 93' lang='lat'>—</span> <span class='ocrx_word' id='word_1_666' title='bbox 2963 4537 3214 4594; x_wconf 88' lang='grc' dir='ltr'>Τουτέστι</span> <span class='ocrx_word' id='word_1_667' title='bbox 3265 4541 3410 4592; x_wconf 81' lang='grc' dir='ltr'>πᾶσα</span> <span class='ocrx_word' id='word_1_668' title='bbox 3454 4535 3664 4614; x_wconf 88' lang='grc' dir='ltr'>ἀνθρω-</span> 
     </span>
    </p>
   </div>
   <div class='ocr_carea' id='block_1_91' title="bbox 313 4612 2320 4702">
    <p class='ocr_par' dir='ltr' id='par_1_91' title="bbox 313 4612 2320 4702">
     <span class='ocr_line' id='line_1_92' title="bbox 313 4612 2320 4702; baseline 0.004 -35"><span class='ocrx_word' id='word_1_669' title='bbox 313 4637 342 4702; x_wconf 80' lang='grc' dir='ltr'>ι‹</span> <span class='ocrx_word' id='word_1_670' title='bbox 365 4617 486 4670; x_wconf 89' lang='grc' dir='ltr'>Ὅτι</span> <span class='ocrx_word' id='word_1_671' title='bbox 511 4614 613 4684; x_wconf 83' lang='grc' dir='ltr'>τήτ</span> <span class='ocrx_word' id='word_1_672' title='bbox 643 4612 868 4688; x_wconf 85' lang='grc' dir='ltr'>ἀνομίαν</span> <span class='ocrx_word' id='word_1_673' title='bbox 901 4634 1004 4688; x_wconf 88' lang='grc' dir='ltr'>μου</span> <span class='ocrx_word' id='word_1_674' title='bbox 1026 4612 1131 4690; x_wconf 86' lang='grc' dir='ltr'>ἐγὼ</span> <span class='ocrx_word' id='word_1_675' title='bbox 1152 4612 1437 4690; x_wconf 84' lang='grc' dir='ltr'>ἀναγγελῶ</span> <span class='ocrx_word' id='word_1_676' title='bbox 1459 4614 1549 4670; x_wconf 85' lang='grc' dir='ltr'>καὶ</span> <span class='ocrx_word' id='word_1_677' title='bbox 1573 4616 1896 4690; x_wconf 87' lang='grc' dir='ltr'>μεριμνήσω</span> <span class='ocrx_word' id='word_1_678' title='bbox 2006 4629 2137 4702; x_wconf 71' lang='grc' dir='ltr'>πίνη</span> <span class='ocrx_word' id='word_1_679' title='bbox 2175 4631 2287 4700; x_wconf 68' lang='grc' dir='ltr'>ζωή</span> <span class='ocrx_word' id='word_1_680' title='bbox 2307 4671 2320 4688; x_wconf 81' lang='grc'>,</span> 
     </span>
    </p>
   </div>
   <div class='ocr_carea' id='block_1_92' title="bbox 235 4701 1980 4788">
    <p class='ocr_par' dir='ltr' id='par_1_92' title="bbox 235 4701 1980 4788">
     <span class='ocr_line' id='line_1_93' title="bbox 235 4701 1980 4788; baseline 0.002 -32"><span class='ocrx_word' id='word_1_681' title='bbox 235 4701 382 4779; x_wconf 72' lang='grc' dir='ltr'>ὑπὲρ</span> <span class='ocrx_word' id='word_1_682' title='bbox 437 4709 538 4774; x_wconf 87' lang='grc' dir='ltr'>τῆς</span> <span class='ocrx_word' id='word_1_683' title='bbox 598 4702 866 4778; x_wconf 85' lang='grc' dir='ltr'>ἁμαρτίας</span> <span class='ocrx_word' id='word_1_684' title='bbox 929 4725 1054 4779; x_wconf 90' lang='grc' dir='ltr'>μου.</span> <span class='ocrx_word' id='word_1_685' title='bbox 1088 4727 1118 4756; x_wconf 92' lang='grc'><strong>››</strong></span> <span class='ocrx_word' id='word_1_686' title='bbox 1165 4735 1236 4746; x_wconf 89' lang='lat'>—-</span> <span class='ocrx_word' id='word_1_687' title='bbox 1289 4703 1569 4774; x_wconf 85' lang='grc' dir='ltr'>Τουτέστι,</span> <span class='ocrx_word' id='word_1_688' title='bbox 1628 4704 1900 4782; x_wconf 82' lang='grc' dir='ltr'>φροντίσω</span> <span class='ocrx_word' id='word_1_689' title='bbox 1933 4721 1980 4788; x_wconf 83' lang='lat' dir='ltr'><strong>D</strong></span> 
     </span>
    </p>
   </div>
   <div class='ocr_carea' id='block_1_93' title="bbox 228 4789 885 4868">
    <p class='ocr_par' dir='ltr' id='par_1_93' title="bbox 228 4789 885 4868">
     <span class='ocr_line' id='line_1_94' title="bbox 228 4789 885 4868; baseline 0.006 -21"><span class='ocrx_word' id='word_1_690' title='bbox 228 4795 343 4860; x_wconf 85' lang='grc' dir='ltr'>τῆς</span> <span class='ocrx_word' id='word_1_691' title='bbox 378 4792 665 4868; x_wconf 87' lang='grc' dir='ltr'>θεραπείας</span> <span class='ocrx_word' id='word_1_692' title='bbox 696 4789 885 4863; x_wconf 83' lang='grc' dir='ltr'>αὐτῆς.</span> 
     </span>
    </p>
   </div>
   <div class='ocr_carea' id='block_1_94' title="bbox 2084 4711 3669 4794">
    <p class='ocr_par' dir='ltr' id='par_1_94' title="bbox 2084 4711 3669 4794">
     <span class='ocr_line' id='line_1_95' title="bbox 2084 4711 3669 4794; baseline -0.004 -22"><span class='ocrx_word' id='word_1_693' title='bbox 2084 4743 2113 4772; x_wconf 89' lang='grc'>‹‹</span> <span class='ocrx_word' id='word_1_694' title='bbox 2144 4719 2342 4775; x_wconf 84' lang='grc' dir='ltr'>Μέντοι</span> <span class='ocrx_word' id='word_1_695' title='bbox 2373 4737 2438 4794; x_wconf 88' lang='grc' dir='ltr'>γε</span> <span class='ocrx_word' id='word_1_696' title='bbox 2463 4716 2515 4773; x_wconf 91' lang='grc' dir='ltr'>ἐν</span> <span class='ocrx_word' id='word_1_697' title='bbox 2546 4715 2716 4772; x_wconf 82' lang='grc' dir='ltr'>εἰκόνι</span> <span class='ocrx_word' id='word_1_698' title='bbox 2763 4711 3140 4793; x_wconf 88' lang='grc' dir='ltr'>διαπορεύεται</span> <span class='ocrx_word' id='word_1_699' title='bbox 3190 4715 3494 4792; x_wconf 79' lang='grc' dir='ltr'>ἄνθρωπος.</span> <span class='ocrx_word' id='word_1_700' title='bbox 3527 4737 3557 4767; x_wconf 84' lang='grc'>››</span> <span class='ocrx_word' id='word_1_701' title='bbox 3596 4744 3669 4756; x_wconf 86' lang='lat'>--</span> 
     </span>
    </p>
   </div>
   <div class='ocr_carea' id='block_1_95' title="bbox 2013 4799 3671 4883">
    <p class='ocr_par' dir='ltr' id='par_1_95' title="bbox 2013 4799 3671 4883">
     <span class='ocr_line' id='line_1_96' title="bbox 2013 4799 3671 4883; baseline -0.005 -19"><span class='ocrx_word' id='word_1_702' title='bbox 2013 4808 2084 4864; x_wconf 90' lang='lat' dir='ltr'>T6</span> <span class='ocrx_word' id='word_1_703' title='bbox 2119 4805 2302 4882; x_wconf 80' lang='grc' dir='ltr'>μέντοι</span> <span class='ocrx_word' id='word_1_704' title='bbox 2334 4827 2399 4883; x_wconf 88' lang='grc' dir='ltr'>γε</span> <span class='ocrx_word' id='word_1_705' title='bbox 2425 4807 2516 4862; x_wconf 86' lang='grc' dir='ltr'>καὶ</span> <span class='ocrx_word' id='word_1_706' title='bbox 2543 4807 2608 4861; x_wconf 93' lang='grc' dir='ltr'>τὸ</span> <span class='ocrx_word' id='word_1_707' title='bbox 2643 4809 2835 4879; x_wconf 86' lang='grc' dir='ltr'>μενοῦν</span> <span class='ocrx_word' id='word_1_708' title='bbox 2857 4827 2918 4882; x_wconf 87' lang='grc' dir='ltr'>γε</span> <span class='ocrx_word' id='word_1_709' title='bbox 2946 4806 3008 4861; x_wconf 87' lang='grc' dir='ltr'>τὸ</span> <span class='ocrx_word' id='word_1_710' title='bbox 3037 4801 3195 4869; x_wconf 73' lang='grc' dir='ltr'>ὄντος</span> <span class='ocrx_word' id='word_1_711' title='bbox 3227 4802 3478 4874; x_wconf 73' lang='grc' dir='ltr'>δηλοῦσιο</span> <span class='ocrx_word' id='word_1_712' title='bbox 3517 4803 3580 4858; x_wconf 89' lang='lat'>16</span> <span class='ocrx_word' id='word_1_713' title='bbox 3611 4799 3671 4857; x_wconf 75' lang='grc' dir='ltr'>δὲ</span> 
     </span>
    </p>
   </div>
   <div class='ocr_carea' id='block_1_96' title="bbox 319 4878 3294 4960">
    <p class='ocr_par' dir='ltr' id='par_1_96' title="bbox 319 4878 3294 4960">
     <span class='ocr_line' id='line_1_97' title="bbox 319 4878 3294 4960; baseline 0.003 -17"><span class='ocrx_word' id='word_1_714' title='bbox 319 4903 348 4932; x_wconf 72' lang='grc' dir='ltr'>(ί</span> <span class='ocrx_word' id='word_1_715' title='bbox 381 4882 449 4937; x_wconf 70' lang='grc' dir='ltr'><strong>Οἳ</strong></span> <span class='ocrx_word' id='word_1_716' title='bbox 481 4878 540 4937; x_wconf 70' lang='grc' dir='ltr'>δὲ</span> <span class='ocrx_word' id='word_1_717' title='bbox 569 4879 760 4957; x_wconf 80' lang='grc' dir='ltr'>ἐχθροί</span> <span class='ocrx_word' id='word_1_718' title='bbox 813 4902 917 4956; x_wconf 85' lang='grc' dir='ltr'>μου</span> <span class='ocrx_word' id='word_1_719' title='bbox 968 4886 1097 4952; x_wconf 79' lang='grc' dir='ltr'>ζωσι</span> <span class='ocrx_word' id='word_1_720' title='bbox 1153 4881 1242 4937; x_wconf 69' lang='grc' dir='ltr'>καὶ</span> <span class='ocrx_word' id='word_1_721' title='bbox 1290 4882 1712 4960; x_wconf 79' lang='grc' dir='ltr'>κεκραταίωνται</span> <span class='ocrx_word' id='word_1_722' title='bbox 1771 4882 1903 4960; x_wconf 69' lang='grc' dir='ltr'>ὑπὲρ</span> <span class='ocrx_word' id='word_1_723' title='bbox 2017 4896 2068 4953; x_wconf 86' lang='grc' dir='ltr'>ἐν</span> <span class='ocrx_word' id='word_1_724' title='bbox 2102 4878 2270 4953; x_wconf 79' lang='grc' dir='ltr'>εἰκόνι</span> <span class='ocrx_word' id='word_1_725' title='bbox 2302 4878 2419 4951; x_wconf 74' lang='grc' dir='ltr'>ἀντὶ</span> <span class='ocrx_word' id='word_1_726' title='bbox 2447 4899 2545 4951; x_wconf 91' lang='grc' dir='ltr'>τοῦ</span> <span class='ocrx_word' id='word_1_727' title='bbox 2576 4878 2651 4949; x_wconf 54' lang='grc' dir='ltr'>διί</span> <span class='ocrx_word' id='word_1_728' title='bbox 2674 4878 2883 4959; x_wconf 74' lang='grc' dir='ltr'>εἰκόνος</span> <span class='ocrx_word' id='word_1_729' title='bbox 2913 4915 2973 4950; x_wconf 87' lang='grc' dir='ltr'>τε</span> <span class='ocrx_word' id='word_1_730' title='bbox 3001 4895 3091 4950; x_wconf 84' lang='grc' dir='ltr'>καὶ</span> <span class='ocrx_word' id='word_1_731' title='bbox 3121 4900 3294 4958; x_wconf 77' lang='grc' dir='ltr'>σκιᾶς.</span> 
     </span>
    </p>
   </div>
   <div class='ocr_carea' id='block_1_97' title="bbox 236 4968 1315 5044">
    <p class='ocr_par' dir='ltr' id='par_1_97' title="bbox 236 4968 1315 5044">
     <span class='ocr_line' id='line_1_98' title="bbox 236 4968 1315 5044; baseline 0.003 -20"><span class='ocrx_word' id='word_1_732' title='bbox 236 4968 367 5044; x_wconf 79' lang='grc' dir='ltr'>ἐμέ.</span> <span class='ocrx_word' id='word_1_733' title='bbox 404 4993 434 5022; x_wconf 85' lang='grc'><strong>››</strong></span> <span class='ocrx_word' id='word_1_734' title='bbox 463 4971 532 5025; x_wconf 88' lang='grc' dir='ltr'>Τὸ</span> <span class='ocrx_word' id='word_1_735' title='bbox 565 4973 725 5039; x_wconf 89' lang='grc' dir='ltr'>ζῶσιν</span> <span class='ocrx_word' id='word_1_736' title='bbox 756 4969 875 5025; x_wconf 85' lang='grc' dir='ltr'>ἀντὶ</span> <span class='ocrx_word' id='word_1_737' title='bbox 901 4974 1000 5025; x_wconf 90' lang='grc' dir='ltr'>τοῦ</span> <span class='ocrx_word' id='word_1_738' title='bbox 1029 4972 1315 5041; x_wconf 84' lang='grc' dir='ltr'>σώζονται.</span> 
     </span>
    </p>
   </div>
   <div class='ocr_carea' id='block_1_98' title="bbox 325 5053 1899 5138">
    <p class='ocr_par' dir='ltr' id='par_1_98' title="bbox 325 5053 1899 5138">
     <span class='ocr_line' id='line_1_99' title="bbox 325 5053 1899 5138; baseline 0.003 -28"><span class='ocrx_word' id='word_1_739' title='bbox 325 5080 348 5110; x_wconf 75' lang='grc' dir='ltr'>ι</span> <span class='ocrx_word' id='word_1_740' title='bbox 385 5053 644 5115; x_wconf 78' lang='grc' dir='ltr'>Διέϐαλόν</span> <span class='ocrx_word' id='word_1_741' title='bbox 709 5080 796 5132; x_wconf 87' lang='grc' dir='ltr'>με,</span> <span class='ocrx_word' id='word_1_742' title='bbox 864 5059 978 5115; x_wconf 84' lang='grc' dir='ltr'>ἐπεὶ</span> <span class='ocrx_word' id='word_1_743' title='bbox 1049 5058 1380 5116; x_wconf 86' lang='grc' dir='ltr'>κατεδίωκον</span> <span class='ocrx_word' id='word_1_744' title='bbox 1445 5061 1820 5138; x_wconf 87' lang='grc' dir='ltr'>ἀγαθωσύνην.</span> <span class='ocrx_word' id='word_1_745' title='bbox 1870 5088 1899 5116; x_wconf 86' lang='grc'><strong>››</strong></span> 
     </span>
    </p>
   </div>
   <div class='ocr_carea' id='block_1_99' title="bbox 1769 5150 1906 5225">
    <p class='ocr_par' dir='ltr' id='par_1_99' title="bbox 1769 5150 1906 5225">
     <span class='ocr_line' id='line_1_100' title="bbox 1769 5150 1906 5225; baseline -0.007 -19"><span class='ocrx_word' id='word_1_746' title='bbox 1769 5150 1906 5225; x_wconf 85' lang='grc' dir='ltr'>ἐμοῦ</span> 
     </span>
    </p>
   </div>
   <div class='ocr_carea' id='block_1_100' title="bbox 1473 5234 1906 5296">
    <p class='ocr_par' dir='ltr' id='par_1_100' title="bbox 1473 5234 1906 5296">
     <span class='ocr_line' id='line_1_101' title="bbox 1473 5234 1906 5296; baseline 0.005 -2"><span class='ocrx_word' id='word_1_747' title='bbox 1473 5238 1631 5294; x_wconf 81' lang='grc' dir='ltr'>αὐτοὶ</span> <span class='ocrx_word' id='word_1_748' title='bbox 1683 5234 1906 5296; x_wconf 76' lang='grc' dir='ltr'>διέϐαλ-</span> 
     </span>
    </p>
   </div>
   <div class='ocr_carea' id='block_1_101' title="bbox 231 5147 1709 5226">
    <p class='ocr_par' dir='ltr' id='par_1_101' title="bbox 231 5147 1709 5226">
     <span class='ocr_line' id='line_1_102' title="bbox 231 5147 1709 5226; baseline 0.005 -30"><span class='ocrx_word' id='word_1_749' title='bbox 231 5181 317 5196; x_wconf 85' lang='grc'>......</span> <span class='ocrx_word' id='word_1_750' title='bbox 393 5147 774 5224; x_wconf 87' lang='grc' dir='ltr'>Ἀγαθωσύνην</span> <span class='ocrx_word' id='word_1_751' title='bbox 867 5149 1014 5226; x_wconf 84' lang='grc' dir='ltr'>λέγει</span> <span class='ocrx_word' id='word_1_752' title='bbox 1079 5152 1181 5221; x_wconf 72' lang='grc' dir='ltr'>τὴν</span> <span class='ocrx_word' id='word_1_753' title='bbox 1257 5150 1610 5222; x_wconf 83' lang='grc' dir='ltr'>ἀνεξικακίαν·</span> <span class='ocrx_word' id='word_1_754' title='bbox 1681 5175 1709 5203; x_wconf 89' lang='grc'>‹‹</span> 
     </span>
    </p>
   </div>
   <div class='ocr_carea' id='block_1_102' title="bbox 233 5236 1430 5317">
    <p class='ocr_par' dir='ltr' id='par_1_102' title="bbox 233 5236 1430 5317">
     <span class='ocr_line' id='line_1_103' title="bbox 233 5236 1430 5317; baseline -0.002 -23"><span class='ocrx_word' id='word_1_755' title='bbox 233 5238 376 5317; x_wconf 82' lang='grc' dir='ltr'>γὰρ,</span> <span class='ocrx_word' id='word_1_756' title='bbox 429 5236 617 5316; x_wconf 80' lang='grc' dir='ltr'>φησὶν,</span> <span class='ocrx_word' id='word_1_757' title='bbox 665 5236 1104 5308; x_wconf 56' lang='grc' dir='ltr'>ἀνεξικακοῶτος</span> <span class='ocrx_word' id='word_1_758' title='bbox 1155 5237 1360 5313; x_wconf 77' lang='grc' dir='ltr'>αὐτοῖς,</span> <span class='ocrx_word' id='word_1_759' title='bbox 1402 5265 1430 5293; x_wconf 85' lang='grc'><strong>››</strong></span> 
     </span>
    </p>
   </div>
   <div class='ocr_carea' id='block_1_103' title="bbox 237 5328 470 5402">
    <p class='ocr_par' dir='ltr' id='par_1_103' title="bbox 237 5328 470 5402">
     <span class='ocr_line' id='line_1_104' title="bbox 237 5328 470 5402; baseline -0.013 -14"><span class='ocrx_word' id='word_1_760' title='bbox 237 5328 347 5388; x_wconf 87' lang='grc' dir='ltr'>λόν</span> <span class='ocrx_word' id='word_1_761' title='bbox 384 5348 470 5402; x_wconf 86' lang='grc' dir='ltr'>με.</span> 
     </span>
    </p>
   </div>
   <div class='ocr_carea' id='block_1_104' title="bbox 849 5429 1314 5487">
    <p class='ocr_par' dir='ltr' id='par_1_104' title="bbox 849 5429 1314 5487">
     <span class='ocr_line' id='line_1_105' title="bbox 849 5429 1314 5487; baseline 0.013 -6"><span class='ocrx_word' id='word_1_762' title='bbox 849 5431 1145 5483; x_wconf 83' lang='grc' dir='ltr'>ΨΑΛΜΟΣ</span> <span class='ocrx_word' id='word_1_763' title='bbox 1185 5429 1314 5487; x_wconf 85' lang='grc' dir='ltr'>ΛΗ’.</span> 
     </span>
    </p>
   </div>
   <div class='ocr_carea' id='block_1_105' title="bbox 325 5538 1912 5618">
    <p class='ocr_par' dir='ltr' id='par_1_105' title="bbox 325 5538 1912 5618">
     <span class='ocr_line' id='line_1_106' title="bbox 325 5538 1912 5618; baseline 0.004 -23"><span class='ocrx_word' id='word_1_764' title='bbox 325 5565 355 5594; x_wconf 76' lang='grc' dir='ltr'>ιι</span> <span class='ocrx_word' id='word_1_765' title='bbox 393 5540 489 5604; x_wconf 76' lang='grc' dir='ltr'>Εἰς</span> <span class='ocrx_word' id='word_1_766' title='bbox 544 5541 607 5596; x_wconf 91' lang='grc' dir='ltr'>τὸ</span> <span class='ocrx_word' id='word_1_767' title='bbox 653 5538 814 5605; x_wconf 84' lang='grc' dir='ltr'>τέλος</span> <span class='ocrx_word' id='word_1_768' title='bbox 862 5547 941 5615; x_wconf 81' lang='grc' dir='ltr'>τῷ</span> <span class='ocrx_word' id='word_1_769' title='bbox 987 5542 1230 5618; x_wconf 81' lang='grc' dir='ltr'>Ἰδιθοὺμ</span> <span class='ocrx_word' id='word_1_770' title='bbox 1279 5540 1396 5617; x_wconf 81' lang='grc' dir='ltr'>ᾠδή</span> <span class='ocrx_word' id='word_1_771' title='bbox 1445 5546 1525 5616; x_wconf 80' lang='grc' dir='ltr'>τῷ</span> <span class='ocrx_word' id='word_1_772' title='bbox 1562 5540 1746 5603; x_wconf 79' lang='grc' dir='ltr'>Δαυΐδ.</span> <span class='ocrx_word' id='word_1_773' title='bbox 1782 5567 1810 5596; x_wconf 90' lang='grc'>››</span> <span class='ocrx_word' id='word_1_774' title='bbox 1843 5577 1912 5586; x_wconf 86' lang='grc'><strong><em>-</em></strong></span> 
     </span>
    </p>
   </div>
   <div class='ocr_carea' id='block_1_106' title="bbox 2094 4999 3674 5080">
    <p class='ocr_par' dir='ltr' id='par_1_106' title="bbox 2094 4999 3674 5080">
     <span class='ocr_line' id='line_1_107' title="bbox 2094 4999 3674 5080; baseline -0.004 -19"><span class='ocrx_word' id='word_1_775' title='bbox 2094 5027 2120 5060; x_wconf 87' lang='grc' dir='ltr'>ιι</span> <span class='ocrx_word' id='word_1_776' title='bbox 2151 5004 2307 5074; x_wconf 74' lang='grc' dir='ltr'>Πλὴν</span> <span class='ocrx_word' id='word_1_777' title='bbox 2363 5005 2536 5078; x_wconf 87' lang='grc' dir='ltr'>μάτην</span> <span class='ocrx_word' id='word_1_778' title='bbox 2585 5003 2926 5078; x_wconf 87' lang='grc' dir='ltr'>ταράσσεται,</span> <span class='ocrx_word' id='word_1_779' title='bbox 2973 5001 3284 5080; x_wconf 86' lang='grc' dir='ltr'>θησαυρίζει</span> <span class='ocrx_word' id='word_1_780' title='bbox 3339 4999 3431 5059; x_wconf 82' lang='grc' dir='ltr'>καί</span> <span class='ocrx_word' id='word_1_781' title='bbox 3474 4999 3536 5056; x_wconf 85' lang='grc' dir='ltr'>ού</span> <span class='ocrx_word' id='word_1_782' title='bbox 3581 5020 3674 5077; x_wconf 88' lang='grc' dir='ltr'>γι-</span> 
     </span>
    </p>
   </div>
   <div class='ocr_carea' id='block_1_107' title="bbox 2013 5087 3674 5166">
    <p class='ocr_par' dir='ltr' id='par_1_107' title="bbox 2013 5087 3674 5166">
     <span class='ocr_line' id='line_1_108' title="bbox 2013 5087 3674 5166; baseline -0.004 -15"><span class='ocrx_word' id='word_1_783' title='bbox 2013 5096 2210 5151; x_wconf 86' lang='grc' dir='ltr'>νώσκει</span> <span class='ocrx_word' id='word_1_784' title='bbox 2254 5093 2359 5149; x_wconf 87' lang='grc' dir='ltr'>τίνι</span> <span class='ocrx_word' id='word_1_785' title='bbox 2409 5092 2615 5165; x_wconf 82' lang='grc' dir='ltr'>συνάξει</span> <span class='ocrx_word' id='word_1_786' title='bbox 2659 5091 2810 5150; x_wconf 77' lang='grc' dir='ltr'>αὐτά.</span> <span class='ocrx_word' id='word_1_787' title='bbox 2848 5115 2877 5146; x_wconf 88' lang='grc'>››</span> <span class='ocrx_word' id='word_1_788' title='bbox 2939 5124 2996 5136; x_wconf 54' lang='grc' dir='ltr'><strong><em>μ</em></strong></span> <span class='ocrx_word' id='word_1_789' title='bbox 3031 5093 3236 5148; x_wconf 85' lang='grc' dir='ltr'>Λοιπὸν</span> <span class='ocrx_word' id='word_1_790' title='bbox 3291 5087 3463 5166; x_wconf 81' lang='grc' dir='ltr'>ψευδῆ</span> <span class='ocrx_word' id='word_1_791' title='bbox 3518 5108 3674 5165; x_wconf 83' lang='grc' dir='ltr'>περι-</span> 
     </span>
    </p>
   </div>
   <div class='ocr_carea' id='block_1_108' title="bbox 2018 5190 2235 5243">
    <p class='ocr_par' dir='ltr' id='par_1_108' title="bbox 2018 5190 2235 5243">
     <span class='ocr_line' id='line_1_109' title="bbox 2018 5190 2235 5243; baseline 0.014 -3"><span class='ocrx_word' id='word_1_792' title='bbox 2018 5190 2235 5243; x_wconf 80' lang='grc' dir='ltr'>σπᾶται.</span> 
     </span>
    </p>
   </div>
   <div class='ocr_carea' id='block_1_109' title="bbox 2100 5264 3677 5346">
    <p class='ocr_par' dir='ltr' id='par_1_109' title="bbox 2100 5264 3677 5346">
     <span class='ocr_line' id='line_1_110' title="bbox 2100 5264 3677 5346; baseline -0.004 -19"><span class='ocrx_word' id='word_1_793' title='bbox 2100 5296 2122 5327; x_wconf 85' lang='grc' dir='ltr'>ιι</span> <span class='ocrx_word' id='word_1_794' title='bbox 2156 5273 2261 5330; x_wconf 88' lang='grc' dir='ltr'>Καὶ</span> <span class='ocrx_word' id='word_1_795' title='bbox 2315 5275 2406 5328; x_wconf 90' lang='grc' dir='ltr'>νῦν</span> <span class='ocrx_word' id='word_1_796' title='bbox 2452 5269 2534 5327; x_wconf 81' lang='grc' dir='ltr'>τίς</span> <span class='ocrx_word' id='word_1_797' title='bbox 2583 5271 2618 5340; x_wconf 85' lang='grc' dir='ltr'>ἡ</span> <span class='ocrx_word' id='word_1_798' title='bbox 2672 5269 2923 5344; x_wconf 82' lang='grc' dir='ltr'>ὑπομονή</span> <span class='ocrx_word' id='word_1_799' title='bbox 2974 5292 3079 5345; x_wconf 86' lang='grc' dir='ltr'>μου</span> <span class='ocrx_word' id='word_1_800' title='bbox 3109 5297 3124 5341; x_wconf 84' lang='grc'><strong>;</strong></span> <span class='ocrx_word' id='word_1_801' title='bbox 3156 5269 3269 5346; x_wconf 82' lang='grc' dir='ltr'>εἷχὶ</span> <span class='ocrx_word' id='word_1_802' title='bbox 3317 5267 3553 5344; x_wconf 84' lang='grc' dir='ltr'>Κύριος;</span> <span class='ocrx_word' id='word_1_803' title='bbox 3587 5264 3677 5322; x_wconf 80' lang='grc' dir='ltr'>καὶ</span> 
     </span>
    </p>
   </div>
   <div class='ocr_carea' id='block_1_110' title="bbox 2021 5354 3680 5437">
    <p class='ocr_par' dir='ltr' id='par_1_110' title="bbox 2021 5354 3680 5437">
     <span class='ocr_line' id='line_1_111' title="bbox 2021 5354 3680 5437; baseline -0.005 -18"><span class='ocrx_word' id='word_1_804' title='bbox 2021 5367 2057 5435; x_wconf 82' lang='grc' dir='ltr'>ἡ</span> <span class='ocrx_word' id='word_1_805' title='bbox 2084 5361 2375 5425; x_wconf 84' lang='grc' dir='ltr'>ὑπόστασίς</span> <span class='ocrx_word' id='word_1_806' title='bbox 2410 5380 2514 5436; x_wconf 90' lang='grc' dir='ltr'>μου</span> <span class='ocrx_word' id='word_1_807' title='bbox 2544 5359 2691 5437; x_wconf 88' lang='grc' dir='ltr'>παρὰ</span> <span class='ocrx_word' id='word_1_808' title='bbox 2720 5363 2816 5414; x_wconf 90' lang='grc' dir='ltr'>σοῦ</span> <span class='ocrx_word' id='word_1_809' title='bbox 2849 5358 3011 5418; x_wconf 77' lang='grc' dir='ltr'>ἐστιν.</span> <span class='ocrx_word' id='word_1_810' title='bbox 3044 5383 3074 5414; x_wconf 85' lang='grc'><strong>››</strong></span> <span class='ocrx_word' id='word_1_811' title='bbox 3102 5391 3173 5404; x_wconf 91' lang='grc'><strong><em>--</em></strong></span> <span class='ocrx_word' id='word_1_812' title='bbox 3210 5358 3310 5414; x_wconf 85' lang='lat' dir='ltr'>Kal</span> <span class='ocrx_word' id='word_1_813' title='bbox 3358 5357 3552 5414; x_wconf 89' lang='grc' dir='ltr'>λοιπὸν</span> <span class='ocrx_word' id='word_1_814' title='bbox 3598 5354 3680 5418; x_wconf 81' lang='grc' dir='ltr'>τίς</span> 
     </span>
    </p>
   </div>
   <div class='ocr_carea' id='block_1_111' title="bbox 2021 5450 2424 5526">
    <p class='ocr_par' dir='ltr' id='par_1_111' title="bbox 2021 5450 2424 5526">
     <span class='ocr_line' id='line_1_112' title="bbox 2021 5450 2424 5526; baseline -0.01 -17"><span class='ocrx_word' id='word_1_815' title='bbox 2021 5456 2058 5525; x_wconf 77' lang='grc' dir='ltr'>ἡ</span> <span class='ocrx_word' id='word_1_816' title='bbox 2091 5450 2247 5514; x_wconf 88' lang='grc' dir='ltr'>ἐλπίς</span> <span class='ocrx_word' id='word_1_817' title='bbox 2282 5472 2386 5526; x_wconf 89' lang='grc' dir='ltr'>μου</span> <span class='ocrx_word' id='word_1_818' title='bbox 2411 5469 2424 5521; x_wconf 90' lang='grc'><strong>;</strong></span> 
     </span>
    </p>
   </div>
   <div class='ocr_carea' id='block_1_112' title="bbox 2095 5531 3682 5619">
    <p class='ocr_par' dir='ltr' id='par_1_112' title="bbox 2095 5531 3682 5619">
     <span class='ocr_line' id='line_1_113' title="bbox 2095 5531 3682 5619; baseline -0.006 -23"><span class='ocrx_word' id='word_1_819' title='bbox 2095 5567 2125 5596; x_wconf 92' lang='grc'>‹‹</span> <span class='ocrx_word' id='word_1_820' title='bbox 2154 5541 2493 5619; x_wconf 79' lang='grc' dir='ltr'>Ἐκωφώθην</span> <span class='ocrx_word' id='word_1_821' title='bbox 2550 5537 2642 5594; x_wconf 79' lang='grc' dir='ltr'>καὶ</span> <span class='ocrx_word' id='word_1_822' title='bbox 2693 5537 2791 5593; x_wconf 80' lang='grc' dir='ltr'>οὐκ</span> <span class='ocrx_word' id='word_1_823' title='bbox 2837 5536 3029 5611; x_wconf 76' lang='grc' dir='ltr'>ἤνοιξα</span> <span class='ocrx_word' id='word_1_824' title='bbox 3070 5539 3132 5594; x_wconf 90' lang='grc' dir='ltr'>τὸ</span> <span class='ocrx_word' id='word_1_825' title='bbox 3189 5537 3367 5612; x_wconf 87' lang='grc' dir='ltr'>στόμα</span> <span class='ocrx_word' id='word_1_826' title='bbox 3417 5557 3545 5612; x_wconf 89' lang='grc' dir='ltr'>μου,</span> <span class='ocrx_word' id='word_1_827' title='bbox 3595 5531 3682 5589; x_wconf 79' lang='grc' dir='ltr'>ὅτι</span> 
     </span>
    </p>
   </div>
   <div class='ocr_carea' id='block_1_113' title="bbox 231 5622 3681 5711">
    <p class='ocr_par' dir='ltr' id='par_1_113' title="bbox 231 5622 3681 5711">
     <span class='ocr_line' id='line_1_114' title="bbox 231 5622 3681 5711; baseline -0.002 -25"><span class='ocrx_word' id='word_1_828' title='bbox 231 5633 514 5691; x_wconf 82' lang='grc' dir='ltr'>Ἐνταῦθα</span> <span class='ocrx_word' id='word_1_829' title='bbox 569 5628 846 5708; x_wconf 82' lang='grc' dir='ltr'>τραγῳδεῖ</span> <span class='ocrx_word' id='word_1_830' title='bbox 907 5633 934 5686; x_wconf 90' lang='lat'>6</span> <span class='ocrx_word' id='word_1_831' title='bbox 1003 5634 1300 5711; x_wconf 82' lang='grc' dir='ltr'>Προφήτης</span> <span class='ocrx_word' id='word_1_832' title='bbox 1383 5639 1484 5703; x_wconf 88' lang='grc' dir='ltr'>τῆς</span> <span class='ocrx_word' id='word_1_833' title='bbox 1567 5632 1911 5710; x_wconf 78' lang='grc' dir='ltr'>ἀνθρωπίνης</span> <span class='ocrx_word' id='word_1_834' title='bbox 2026 5631 2090 5688; x_wconf 77' lang='grc' dir='ltr'>σὺ</span> <span class='ocrx_word' id='word_1_835' title='bbox 2121 5630 2404 5698; x_wconf 87' lang='grc' dir='ltr'>ἐποίησας.</span> <span class='ocrx_word' id='word_1_836' title='bbox 2437 5628 2713 5685; x_wconf 74' lang='grc' dir='ltr'>››-⁶Ὀτι</span> <span class='ocrx_word' id='word_1_837' title='bbox 2773 5627 2835 5682; x_wconf 73' lang='grc' dir='ltr'>σὺ</span> <span class='ocrx_word' id='word_1_838' title='bbox 2890 5629 3296 5706; x_wconf 71' lang='grc' dir='ltr'>παρεχώρησας</span> <span class='ocrx_word' id='word_1_839' title='bbox 3331 5622 3681 5694; x_wconf 85' lang='grc' dir='ltr'>όνειδίζεσθαί</span> 
     </span>
    </p>
   </div>
   <div class='ocr_carea' id='block_1_114' title="bbox 239 5716 2364 5803">
    <p class='ocr_par' dir='ltr' id='par_1_114' title="bbox 239 5716 2364 5803">
     <span class='ocr_line' id='line_1_115' title="bbox 239 5716 2364 5803; baseline 0 -27"><span class='ocrx_word' id='word_1_840' title='bbox 239 5719 588 5803; x_wconf 74' lang='grc' dir='ltr'>φύσεωςκαὶ</span> <span class='ocrx_word' id='word_1_841' title='bbox 616 5720 714 5789; x_wconf 76' lang='grc' dir='ltr'>τήν</span> <span class='ocrx_word' id='word_1_842' title='bbox 745 5719 1014 5776; x_wconf 79' lang='grc' dir='ltr'>εὐτέλειαν</span> <span class='ocrx_word' id='word_1_843' title='bbox 1049 5721 1401 5796; x_wconf 85' lang='grc' dir='ltr'>μεμνημένος</span> <span class='ocrx_word' id='word_1_844' title='bbox 1457 5719 1546 5777; x_wconf 83' lang='grc' dir='ltr'>καὶ</span> <span class='ocrx_word' id='word_1_845' title='bbox 1597 5722 1670 5778; x_wconf 83' lang='grc' dir='ltr'>ὧν</span> <span class='ocrx_word' id='word_1_846' title='bbox 1719 5717 1914 5787; x_wconf 64' lang='grc' dir='ltr'>ἔπαθεν</span> <span class='ocrx_word' id='word_1_847' title='bbox 2031 5743 2097 5798; x_wconf 91' lang='grc' dir='ltr'>με</span> <span class='ocrx_word' id='word_1_848' title='bbox 2127 5716 2364 5790; x_wconf 87' lang='grc' dir='ltr'>δηλαδή.</span> 
     </span>
    </p>
   </div>
   <div class='ocr_carea' id='block_1_115' title="bbox 244 5801 1149 5888">
    <p class='ocr_par' dir='ltr' id='par_1_115' title="bbox 244 5801 1149 5888">
     <span class='ocr_line' id='line_1_116' title="bbox 244 5801 1149 5888; baseline 0.002 -21"><span class='ocrx_word' id='word_1_849' title='bbox 244 5801 364 5872; x_wconf 77' lang='grc' dir='ltr'>ὗπὸ</span> <span class='ocrx_word' id='word_1_850' title='bbox 403 5801 764 5888; x_wconf 71' lang='grc' dir='ltr'>Ἀϐεσσαλὼμ</span> <span class='ocrx_word' id='word_1_851' title='bbox 793 5807 1149 5888; x_wconf 85' lang='grc' dir='ltr'>διωκόμενος.</span> 
     </span>
    </p>
   </div>
   <div class='ocr_carea' id='block_1_116' title="bbox 2103 5801 3688 5888">
    <p class='ocr_par' dir='ltr' id='par_1_116' title="bbox 2103 5801 3688 5888">
     <span class='ocr_line' id='line_1_117' title="bbox 2103 5801 3688 5888; baseline -0.003 -24"><span class='ocrx_word' id='word_1_852' title='bbox 2103 5835 2132 5864; x_wconf 88' lang='grc'>‹‹</span> <span class='ocrx_word' id='word_1_853' title='bbox 2167 5811 2252 5868; x_wconf 88' lang='grc' dir='ltr'>Ἐν</span> <span class='ocrx_word' id='word_1_854' title='bbox 2308 5806 2563 5888; x_wconf 83' lang='grc' dir='ltr'>ἐλεγμοῖς</span> <span class='ocrx_word' id='word_1_855' title='bbox 2648 5806 2782 5888; x_wconf 78' lang='grc' dir='ltr'>ὑπὲρ</span> <span class='ocrx_word' id='word_1_856' title='bbox 2831 5806 3062 5886; x_wconf 85' lang='grc' dir='ltr'>ἀνομίας</span> <span class='ocrx_word' id='word_1_857' title='bbox 3110 5805 3424 5871; x_wconf 87' lang='grc' dir='ltr'>ἐπαίδευσας</span> <span class='ocrx_word' id='word_1_858' title='bbox 3481 5801 3688 5886; x_wconf 74' lang='grc' dir='ltr'>ἄνθρω-</span> 
     </span>
    </p>
   </div>
  </div>
