4072 6420
422 422 582 484 1455

1679 417 2101 481 NICEPHORI
2149 417 2587 483 BLEMMIDIE

3706 414 3876 475 1496

418 570 542 607 πον.
574 572 605 604 ››
640 577 703 599 =
759 557 844 607 ’Ev
900 554 1018 613 τοῖς
1077 546 1170 605 διὰ
1222 549 1412 623 πείρας
1468 547 1723 626 ἐλέγχοις
1780 570 1878 605 σου
1933 546 2074 604 ἐσω-
2101 546 2326 625 Απρὸς
2410 548 2634 613 θυσίαν·
2705 545 2891 626 εἴρηκε
2965 548 3090 625 γὰρ,
3161 570 3184 601 ι
3256 548 3455 627 Πάτερ,
3514 543 3765 625 ἤγγικεν
3829 548 3871 619 ἡ

422 637 676 715 φρόνισας
752 640 1059 716 ἄνθρωπον,
1134 638 1171 710 ἢ
1242 639 1317 702 ὡς
1385 636 1484 712 ἐμὲ
1554 635 1728 693 ἕνεκεν
1830 636 2077 712 ἀνομίας

423 726 668 803 ἠνόμισα
693 726 820 805 γάρ.

497 841 528 871 ‹‹
563 816 659 872 Καὶ
691 815 939 888 ἐξέτηξας
968 817 1045 880 ὡς
1085 815 1330 895 ἀράχνην
1358 817 1457 887 τήν
1491 817 1677 893 ψυχὴν
1735 815 1922 874 αὑτοῦ.
1956 838 1985 870 ››
2012 848 2082 859 ——-

426 906 514 969 Ἐν
542 911 661 969 τοῖς
688 910 1015 982 πειρασμοῖς
1041 902 1334 969 ἐλέπτυνας
1364 904 1521 961 αὐτὸν
1554 905 1631 968 ὡς
1682 906 1784 975 τήν
1833 902 2079 981 ἀράχνην

427 997 492 1054 τὸ
522 994 779 1074 ζωύφιον.

505 1109 536 1139 ι(
565 1084 721 1155 Πλὴν
777 1082 951 1158 μάτην
998 1086 1320 1161 ταράσσεται
1348 1089 1454 1148 πᾶς
1485 1081 1793 1162 ἄνθρωπος.
1828 1107 1859 1137 ››
1890 1115 1960 1126 -
1985 1084 2083 1139 Διὰ

428 1179 593 1232 τοῦτο
639 1171 851 1250 ψευδῶς
916 1178 1022 1236 πᾶς
1068 1174 1352 1250 ἄνθρωπος
1415 1172 1631 1230 σπεύδει
1679 1171 1936 1242 δηλονότι
1989 1173 2082 1229 καὶ

431 1263 771 1341 ἀγωνίζεται.

504 1376 533 1407 ‹‹
562 1352 894 1411 Εἷσάκουσον
943 1358 1045 1422 τῆς
1093 1358 1408 1429 προσευχῆς
1461 1372 1588 1425 μου,
1637 1350 1821 1427 Κύριε,
1851 1351 1942 1407 καὶ
1979 1353 2080 1421 τῆς

429 1439 667 1515 δεήσεώς
701 1463 828 1517 μου,
852 1440 1097 1497 ἐνώτισαι
1124 1444 1233 1496 τῶν
1267 1437 1515 1517 δακρύων
1551 1461 1679 1515 μου,
1706 1442 1782 1516 μή
1808 1460 2082 1517 παρασιω-

424 1534 626 1607 πήσῃς.
662 1554 693 1585 »
721 1562 792 1574 —
816 1528 965 1587 Ἀντὶ
992 1533 1092 1586 τοῦ
1120 1527 1373 1607 παρίδηςο
1405 1527 1704 1609 ἀδιάφορος
1742 1528 2013 1596 κάνταῦθα
2040 1531 2077 1600 ἡ

427 1621 670 1694 σύνταξις
699 1618 775 1683 ὠς
804 1617 1123 1696 πολλαχοῦ.

499 1734 531 1765 ι(
561 1713 682 1765 ’Ότι
712 1710 975 1786 πάροικος
1008 1707 1115 1785 ἐγώ
1162 1706 1277 1783 εῗμι
1331 1709 1479 1786 παρὰ
1533 1708 1640 1782 σοὶ,
1697 1710 1790 1765 καὶ
1844 1708 2077 1787 παρεπί-

429 1797 630 1875 δημος,
668 1798 849 1864 καθὼς
906 1796 1100 1860 πάντες
1149 1796 1203 1854 οἱ
1258 1796 1482 1876 πατέρες
1542 1818 1670 1873 μου.
1729 1823 1758 1852 ››
1820 1832 1887 1843 -—
1940 1799 2077 1856 Κάτ-

2190 634 2327 713 ὥρα.
2363 662 2391 690 ››

2261 750 2291 779 ‹‹
2321 730 2405 781 Ἑν
2437 724 2691 804 κεφαλίδι
2735 720 2956 803 βιϐλίου
3006 724 3301 803 γέγραπται
3347 727 3477 804 περὶ
3525 725 3700 802 ἐμοῦ.
3736 751 3768 781 ››
3802 759 3872 770 -

2189 809 2387 871 Βιϐλία
2464 814 2714 892 λέγονται
2786 814 2857 872 τὰ
2929 814 3346 892 συγγράμματα·
3423 813 3737 895 κεφαλίδες
3811 813 3868 872 δὲ

2187 904 2259 960 τὰ
2287 903 2594 979 είλητάρια,
2625 903 2676 960 ἐν
2711 906 2796 968 οἷς
2842 904 2896 960 οἱ
2944 899 3188 982 Ἑϐραῖοι
3236 905 3552 961 συνέταττον
3607 904 3692 961 τὰ
3740 925 3867 983 συγ-

2188 994 2489 1071 γράμματα
2513 997 2620 1049 τῶν
2652 992 2926 1051 παλαιῶν.
2954 993 3130 1066 Φησίν
3181 990 3273 1050 οῦν
3319 994 3407 1050 Ἑν
3452 991 3732 1074 κεφαλίδι
3786 995 3865 1070 βι-

2191 1077 2372 1155 ϐλίου,
2406 1080 2665 1155 δηλονότι
2703 1087 3084 1161 προφητικῷς,
3117 1107 3147 1137 ‹‹
3175 1084 3302 1161 περὶ
3348 1090 3450 1155 τῆς
3500 1083 3660 1158 ἐμῆς
3711 1083 3867 1139 οἰκο-

2189 1170 2385 1245 νομίας
2415 1170 2743 1249 γέγραπται-ι
2772 1196 2801 1225 ››
2826 1176 3184 1246 περιεκτικῶς
3210 1174 3315 1251 γὰρ
3342 1172 3435 1230 καὶ
3478 1176 3730 1251 γενικῶς
3775 1173 3867 1236 τὰς

2188 1259 2484 1339 κεφαλίδας
2509 1259 2775 1340 κεφαλίδα
2803 1258 3041 1339 εἷ’ρηκεν.

2264 1374 2294 1403 ‹‹
2322 1354 2428 1406 Τοῦ
2457 1353 2685 1421 ποιῆσαι
2708 1351 2773 1407 τὸ
2803 1349 3023 1426 θέλημά
3053 1373 3170 1425 σου,
3206 1353 3235 1408 6
3265 1351 3396 1415 θεός
3449 1374 3582 1427 μου,
3620 1347 3862 1423 ἐϐουλή-

2191 1450 2312 1511 θην.
2364 1464 2394 1493 ››
2440 1474 2511 1484 —
2556 1440 2655 1496 Καὶ
2709 1440 2777 1497 τὸ
2840 1445 2943 1497 τοῦ
2994 1441 3247 1519 περιττὸν
3306 1442 3509 1498 τίθεται
3576 1441 3867 1508 κάνταῦθα

2189 1527 2371 1605 ὥσπερ
2401 1530 2494 1586 καὶ
2521 1527 2841 1607 πολλαχοῦ.

2262 1643 2290 1672 ‹‹
2320 1620 2420 1675 Καὶ
2449 1619 2543 1676 τὸν
2573 1618 2741 1694 νόμον
2772 1640 2869 1675 σου
2901 1618 2955 1675 ἐν
2986 1619 3137 1694 μέσῳ
3163 1625 3267 1690 τῆς
3294 1617 3513 1684 κοιλίας
3559 1641 3704 1693 μου.
3738 1640 3769 1673 ν»
3799 1651 3865 1663 ——

2189 1708 2288 1764 Καὶ
2316 1708 2412 1771 τὰς
2439 1707 2665 1772 ἐντολάς
2695 1729 2793 1765 σου
2817 1708 2871 1764 ἐν
2906 1707 3057 1783 μέσῳ
3082 1714 3185 1779 τῆς
3212 1706 3440 1787 καρδίας
3474 1730 3609 1784 μου,
3645 1709 3861 1767 τουτέσο

2185 1818 2292 1869 τιν,
2327 1795 2627 1874 ὀλοψύχως
2653 1792 2981 1870 ἠϐουλήθην
3011 1804 3263 1869 ποιῆσαι.

431 1909 582 1951 οικος
641 1888 736 1962 μέν
794 1887 909 1961 εἷ’μι
964 1886 1114 1994 πρὸς
1158 1885 1286 1994 τοὺς
1342 1887 1665 1965 ἀνθρώπους
1704 1887 1851 1965 παρὰ
1905 1887 1991 1943 σοὶ
2021 1885 2081 1943 δὶ
2113 1929 2160 1994 Β
2260 1885 2721 1994 Εὐηγγελιράμην
2753 1884 3102 1994 δικοξιοσύχην
3133 1885 3187 1943 ἐν
3216 1886 3498 1994 ,ἐκκλησίᾳ
3550 1888 3801 1994 μεέάλῃ.
3831 1913 3853 1944 ι

428 1980 715 2056 πάροικος*
748 1979 844 2031 σοῦ
873 1977 979 2053 γὰρ
1029 1974 1384 2040 κελεύσαντος
1418 1980 1519 2032 τοῦ
1574 1976 1774 2054 Κυρίού
1824 1984 1926 2047 τῆς
1980 1984 2084 2055 ﬁ:
2118 1974 2160 1994 ¹“’
2193 2009 2263 2019 -
2293 1975 2649 2047 Δικαιοσύνην
2696 1977 2761 2031 τὸ
2809 1974 3139 2052 Εὐαγγέλιον
3187 1974 3402 2054 εἴρηκεν
3470 1977 3552 2041 ὡς
3611 1975 3857 2035 δικαιοῦν

432 2066 709 2144 μετοικίζο
717 2085 836 2141 μαι.

503 2181 534 2211 ‹‹
564 2159 720 2219 "Ave:
783 2175 899 2230 μοι,
925 2151 1015 2210 ἵνα
1066 2153 1316 2230 ἀναψύξω
1370 2154 1481 2233 πρὸ
1532 2159 1631 2211 τοῦ
1690 2177 1758 2230 με
1804 2155 2085 2229 ἀπελθέῖν,

429 2246 522 2304 καὶ
549 2244 728 2301 οὐκέτι
758 2244 823 2299 ού
857 2245 932 2318 μὴ
968 2242 1212 2321 ὑπάρξω.
1252 2266 1281 2296 ››
1311 2276 1380 2287 --
1409 2245 1495 2300 Ἐν
1521 2244 1601 2319 τῷ
1644 2245 1750 2321 βίῳ
1778 2245 1956 2321 τούτῳ
1988 2243 2091 2315 δη-

433 2332 598 2407 λαδή.

1030 2446 1326 2498 ΨΔΛΜΟΣ
1365 2447 1488 2499 AG’.

506 2575 535 2605 «
564 2549 665 2619 Εἰς
691 2549 757 2604 τὸ
808 2545 989 2621 τέλος,
1018 2551 1101 2621 τῷ
1142 2544 1305 2603 Δαυῖδ
1362 2546 1607 2623 ψαλμός.
1641 2571 1671 2601 ››
1703 2582 1772 2593 ——
1800 2551 2091 2628 Προσώπῳ

428 2646 531 2711 τῆς
561 2635 887 2706 Ἐκκλησίας
939 2641 1049 2694 τῶν
1106 2641 1444 2715 Χριστιανῶν
1504 2637 1937 2715 εὐχαριστούσης
1994 2640 2090 2715 μὲν

431 2728 514 2805 ἐφ’
544 2729 627 2791 οἷς
681 2727 893 2800 ἠξιώθη
950 2731 1051 2796 τῆς
1105 2725 1255 2788 θοίας
1314 2731 1565 2803 χάριτος,
1598 2725 1862 2802 δεομένης
1891 2727 1948 2785 δὲ
1996 2731 2087 2786 καὶ

431 2816 557 2893 περὶ
584 2821 696 2879 τῶν
726 2813 1164 2889 ἐπανισταμένων
1192 2813 1331 2890 αὐτῇ
1356 2813 1647 2894 τυράννων.

508 2931 539 2962 α
569 2903 878 2981 Ὑπομένων
956 2901 1219 2978 ὑπέμεινα
1289 2903 1384 2959 τὸν
1457 2902 1679 2979 Κύριον,
1754 2905 1845 2961 καὶ
1918 2927 2087 2983 προσ-

435 2997 567 3073 έσχε
595 3016 711 3071 μοι,
740 2993 831 3051 καὶ
860 2993 1146 3064 εἷσήκουσε
1196 2998 1300 3064 τῆς
1349 2988 1585 3064 δεήσεώς
1636 3015 1763 3068 μου.
1798 3018 1827 3047 ››
1858 3028 1926 3040 —-
1953 2995 2087 3061 Τοὺς

439 3085 728 3162 μεγίστους
792 3080 1075 3146 κινδύνους
1155 3080 1427 3145 τοιούτοις
1484 3083 1537 3138 οἱ
1596 3084 1750 3140 παισὶ
1827 3085 2087 3160 ὀνόμασιν

437 3173 609 3247 ὗπεσῆ
618 3192 806 3250 μαινον
816 3214 831 3230 .

507 3289 529 3316 ι
565 3263 664 3318 Καὶ
720 3261 956 3338 ἀνήγαγέ
1013 3279 1080 3333 με
1137 3259 1198 3315 ἐκ
1272 3259 1472 3317 λάκκευ
1540 3261 1919 3340 ταλαιπωρίας
1993 3266 2083 3321 καὶ
2117 3303 2161 3370 C

512 3353 529 3370 ι
650 3348 872 3370 κ-νκι
1155 3350 1314 3370 ...ι
1521 3349 1858 3370 κηηη.
2066 3354 2080 3370 .

430 3353 538 3409 ἀπὸ
566 3349 754 3419 πηλοῦ
785 3348 962 3412 ἰλύος.
997 3372 1026 3402 »
1059 3381 1129 3392 -—
1155 3350 1407 3405 Τουτέστι
1438 3349 1623 3419 πηλοῦ
1684 3349 1955 3417 ίλυώδους
1993 3354 2083 3410 καὶ

431 3437 736 3503 δυσώδους.

509 3553 539 3588 α
566 3529 666 3585 Καὶ
695 3526 915 3594 ἔστησεν
946 3524 1035 3581 ἐπὶ
1066 3527 1261 3581 πέτναν
1287 3528 1412 3591 τοὺς
1441 3526 1614 3592 πόδας
1646 3551 1773 3602 μου.
1803 3554 1832 3582 υ
1866 3564 1933 3577 -—
1965 3532 2087 3587 Ἐπὶ

423 3620 528 3691 τήν
556 3616 852 3698 ἀσφάλειαν
880 3622 982 3686 τῆς
1028 3615 1264 3679 πίστεως
1305 3616 1401 3671 καὶ
1441 3615 1648 3693 ἤδρασέ
1698 3639 1786 3692 με,
1819 3618 1958 3676 ὥστε
2008 3621 2085 3695 μὴ

425 3706 738 3766 κλονεῖσθαι
762 3710 881 3768 τοῖς
910 3710 1239 3782 πειρασμοῖς
1250 3749 1262 3763 .

495 3822 527 3853 ι(
557 3795 662 3854 Καὶ
715 3792 1009 3859 κατεύθυνε
1055 3794 1125 3850 τὰ
1153 3788 1470 3869 διαϐήματά
1502 3817 1629 3871 μου.
1664 3820 1695 3849 ››
1724 3831 1794 3841 -—
1821 3798 1835 3819 '
1877 3795 2087 3871 πέδειξέ

432 3908 529 3965 μοι
552 3887 656 3958 τὴν
680 3892 781 3957 τῆς
809 3882 1087 3959 σωτηρίας
1116 3881 1264 3942 ὀδόν.

498 4001 528 4031 ‹‹
559 3975 660 4032 Καὶ
690 3969 940 4031 ἐνέϐαλεν
973 3973 1049 4037 είς
1078 3974 1141 4028 τὸ
1170 3973 1347 4047 στόμα
1375 3995 1480 4049 μου
1512 3974 1659 4051 ᾆσμα
1685 3977 1895 4048 καινὸν,
1915 3975 2083 4053 ὕμνον

424 4071 507 4141 τῷ
534 4069 652 4139 Θεῷ
678 4066 861 4139 ἡμῶν.
895 4086 925 4116 ιυ
950 4094 1020 4108 --
1046 4066 1124 4137 Τῇ
1154 4061 1313 4138 καινῇ
1342 4062 1530 4140 χάριτι
1577 4064 1661 4121 κεὶ
1704 4070 1827 4131 ταῖς
1870 4071 2084 4130 καιναῖς

430 4153 759 4236 εὐεργεσίαις
785 4157 884 4209 τοῦ
916 4158 1179 4229 Σωτῆρος
1207 4150 1527 4229 ἐπιπρεπές.

501 4269 532 4298 ‹‹
558 4246 825 4319 ⁸Ὀψονται
854 4239 1084 4313 πολλοὶ,
1112 4240 1203 4297 καὶ
1251 4236 1678 4321 φοϐηθήσονται,
1726 4243 1817 4301 καὶ
1864 4242 2085 4301 ἐλπιοῦ-

423 4355 508 4392 σιν
534 4333 623 4390 ἐπὶ
651 4331 873 4410 Κύριον.
904 4355 936 4386 »
968 4363 1037 4376 —
1062 4332 1324 4406 ’Ὄψονται
1352 4332 1419 4388 τὰ
1444 4334 1699 4408 τεράστια
1723 4337 1825 4390 τοῦ
1878 4334 2082 4410 Κυρίου

423 4424 517 4481 κάὶ
547 4417 951 4504 φοϐηθήσονται
979 4421 1074 4478 τὸν
1104 4419 1427 4498 ἐνεργοῦντα
1454 4426 1642 4479 ταῦτα.

495 4510 835 4590 «Μακάριος
889 4510 1049 4587 ἀνὴρ,
1109 4509 1172 4566 οὗ
1234 4508 1344 4566 ἐστι
1401 4511 1464 4566 τὸ
1521 4506 1697 4586 ὄνομα
1754 4511 1956 4588 Κυρίου
1986 4510 2079 4569 ἐλ-

421 4604 517 4667 πὶς
562 4602 729 4659 αὐτοῦ
743 4645 756 4662 .

424 4712 565 4771 ριος.

495 4806 526 4836 (ι
568 4777 910 4857 Ἀπήγγειλα
980 4778 1072 4836 καὶ
1136 4777 1401 4853 ἐλάλησα,
1471 4777 1884 4848 ἐπληθύνθησαν
1943 4781 2079 4860 ὑπὲρ

424 4870 677 4948 ἀριθμόν.
710 4893 741 4924 »
771 4902 841 4913 —
891 4866 1253 4946 Διηγησάμην
1301 4865 1493 4924 πολλά
1537 4890 1639 4924 σου
1690 4868 1981 4945 θαυμάσια,
2015 4870 2079 4927 οὐ

427 4962 535 5037 μὴν
561 4962 629 5017 τὰ
656 4957 849 5016 πάντα·
880 4962 1001 5022 πῶς
1028 4958 1131 5035 γὰρ
1161 4956 1195 5012 ἃ
1223 4957 1314 5013 καὶ
1358 4957 1489 5034 ὑπὲρ
1535 4958 1636 5028 τὴν
1686 4958 1935 5036 ἀπειρίαν
1979 4966 2077 5017 τοῦ

421 5051 661 5129 ἀριθμοῦ
688 5046 1118 5117 ἐπληθύνθησαν.

497 5138 748 5195 «Θυσίαν
807 5138 898 5194 καὶ
963 5137 1276 5215 προσφορὰν
1337 5136 1438 5191 οὐκ
1494 5135 1785 5208 ἠθέλησας·
1842 5139 1955 5196 ὦτα
2019 5137 2079 5196 δὲ

420 5227 732 5306 κατηρτίσω
764 5249 879 5301 μοι.
901 5251 1008 5279 1-
1035 5226 1112 5281 Τδι
1138 5224 1375 5290 ἐντεῦθεν
1406 5226 1688 5302 προσώπῳ
1713 5231 1812 5282 τοῦ
1840 5233 2076 5306 Χριστοῦ

417 5317 554 5393 πρὸς
606 5318 699 5373 τὸν
758 5315 969 5394 Πατέρα
1048 5313 1322 5391 λέγοντος,
1378 5337 1407 5367 ‹‹
1467 5312 1901 5389 Ἃπεδοκίμασας
1972 5319 2073 5389 τὴν

414 5408 650 5480 νομικὴν
711 5405 917 5472 θυσίαν,
948 5409 1108 5478 σῶμα
1165 5400 1223 5459 δέ
1283 5424 1374 5477 μοι
1432 5403 1825 5469 κατεσκεύασας
1880 5405 1941 5463 ἐκ
1966 5412 2077 5463 τῶν

414 5496 748 5572 παρθενικῶν
794 5494 1059 5570 αἲμάτων.
1098 5517 1128 5546 ››
1183 5495 1347 5549 Ὥστε
1401 5496 1566 5548 τοῦτο
1621 5493 1753 5571 ὑπὲρ
1810 5502 1912 5566 τῆς
1963 5500 2073 5553 τῶν

417 5583 722 5657 ἀνθρώπων
748 5585 971 5653 τυθῆναι
1003 5582 1302 5657 σωτηρίας.

489 5696 520 5725 ‹‹
549 5671 681 5728 Τότε
731 5671 904 5727 εἶπον·
960 5667 1103 5729 Ἰδοὺ
1156 5668 1300 5740 ἥκω.
1326 5693 1355 5722 ››
1413 5701 1484 5714 —-
1535 5668 1669 5725 Τότε
1723 5669 1813 5727 ὅτε
1864 5673 1934 5729 τὰ
1987 5696 2073 5731 νο-

420 5763 557 5842 μικὰ
611 5759 825 5838 θύματα
878 5756 1257 5833 ἐπῃυδόκησας
1333 5758 1483 5816 εἶπον
1542 5757 1676 5842 ἐγώο
1735 5758 1877 5817 Ἰδοὺ
1946 5761 2070 5837 ἤκω

2192 2065 2322 2129 τοὺς
2376 2064 2748 2129 πιστεύοντας·
2809 2066 2871 2121 τὸ
2946 2062 2994 2121 δ’
3065 2064 3199 2121 αύτὸ
3266 2065 3361 2122 καὶ
3432 2065 3713 2139 ἀλήθειαν
3776 2069 3858 2124 καὶ

2193 2157 2464 2230 σωτήριον
2493 2152 2671 2219 ἕλεος.

2271 2269 2301 2298 ‹‹
2332 2244 2408 2300 Σὺ
2476 2241 2554 2315 δὲ,
2620 2243 2805 2322 Κύριε,
2856 2245 2932 2318 μὴ
2999 2242 3276 2321 μακρύνῃς
3335 2245 3467 2309 τοὺς
3537 2246 3859 2324 οἶκτιρμούς

2196 2356 2294 2390 σου
2326 2335 2417 2390 ἀπ’
2447 2333 2604 2408 ἐμοῦ.
2637 2358 2668 2387 κ
2698 2366 2768 2379 --
2795 2334 2871 2389 Τὰ
2899 2332 3137 2391 ἐντεῦθεν
3170 2335 3458 2412 προσώπῳ
3484 2337 3590 2406 τῆς
3618 2341 3735 2393 τῶν
3773 2357 3854 2392 πι-

2197 2428 2334 2479 στῶν
2369 2422 2571 2495 Ἐκκλη
2580 2423 2719 2487 σίας.

2270 2535 2299 2564 ‹‹
2332 2504 2644 2569 Κατέλαϐόν
2701 2532 2767 2584 με
2814 2511 2869 2565 αἱ
2912 2508 3137 2585 ἀνομίαι
3183 2531 3313 2585 μου,
3359 2511 3453 2567 καὶ
3499 2511 3608 2569 οὐκ
3666 2512 3856 2585 ἠδυνή-

2198 2600 2297 2671 θην
2341 2604 2439 2656 τοῦ
2487 2598 2728 2677 βλέπειν.
2763 2623 2793 2653 δι
2824 2632 2893 2644 -ο
2939 2600 3255 2671 Σκοτίζουσι
3303 2600 3408 2678 γὰρ
3457 2602 3512 2659 οἱ
3560 2603 3852 2681 πειρασμοὶ

2195 2688 2329 2753 τοὺς
2357 2690 2579 2765 νοεροὺς
2608 2687 2785 2769 ὀφθαλ
2794 2689 2954 2765 μούς.

2269 2803 2299 2832 ι(
2334 2780 2396 2835 Ἠ
2443 2776 2639 2856 καρδία
2686 2800 2792 2853 μου
2840 2776 3160 2856 ἐγκατέλιπε
3216 2800 3303 2855 με.
3357 2804 3388 2832 ››
3416 2813 3489 2823 —
3533 2781 3693 2838 Οὕτω
3737 2787 3849 2845 τοῖς

2195 2874 2524 2945 πειρασμοῖς
2592 2866 2944 2941 ἐξησθένησα,
3011 2868 3087 2932 ὡς
3171 2865 3348 2926 δοκεῖν
3423 2868 3572 2944 μηδὲ
3632 2869 3843 2944 καρδίαν

2199 2979 2366 3016 εγειν.

2268 2979 2366 3016 ειν.

2225 2979 2299 3101 χι(
2332 3045 2666 3120 Εὐδόκησον.
2720 3048 2904 3125 Κύριε,
2952 3052 3050 3103 τοῦ
3099 3047 3360 3125 ῥύσασθαί
3420 3070 3510 3122 με.
3556 3073 3578 3098 ι
3625 3079 3692 3090 -
3731 3046 3822 3103 Θέ-

2198 3138 2370 3209 λησον
2429 3134 2805 3212 λυτρώσασθαί
2855 3157 2923 3211 με
2967 3142 3069 3206 τῆς
3110 3140 3218 3192 τῶν
3263 3142 3582 3213 πειρασμῶν
3608 3156 3827 3192 κατακυ-

2199 3227 2477 3305 ριεύσεως.

2271 3341 2299 3369 (ι
2328 3315 2858 3392 Καταισχυνθείησαν
2904 3316 2994 3371 καὶ
3042 3314 3430 3393 ἐντραπείησαν
3482 3317 3602 3391 ἅμα
3648 3317 3700 3372 οἱ
3751 3321 3846 3386 ζηο

2195 3410 2415 3468 τοῦντες
2446 3406 2545 3474 τήν
2605 3406 2790 3481 ψυχήν
2851 3424 2955 3478 μου
3004 3409 3101 3460 τοῦ
3151 3404 3330 3482 ἐξᾶραι
3382 3405 3577 3477 αὐτήν.
3613 3431 3643 3459 ››
3675 3438 3747 3451 --
3775 3405 3852 3463 T6

2198 3497 2313 3569 ἅμα
2339 3493 2457 3549 ἀντὶ
2486 3497 2607 3565 τοῦ,
2637 3494 2753 3549 κατ’
2785 3491 2946 3549 αὐτὸν
2976 3492 3191 3557 πάντες.

2271 3607 2300 3635 ί(
2332 3583 2431 3638 Καὶ
2487 3582 2789 3639 εἰπάτωσαν
2849 3579 3158 3655 διαπαντὸς,
3190 3582 3603 3661 Μεγαλυνθήτω
3663 3586 3695 3640 6
3755 3584 3856 3640 Κύ-

2196 3692 2336 3749 ριος,
2388 3672 2441 3728 οἱ
2490 3671 2803 3749 ἀγαπῶντες
2835 3673 2899 3727 τὸ
2947 3671 3220 3748 σωτήριόν
3269 3694 3388 3733 σου,
3422 3697 3451 3726 ››
3483 3705 3555 3717 —-
3606 3676 3680 3730 Ol
3724 3675 3862 3750 ἀγαμ-

2194 3767 2404 3826 πῶντες
2452 3763 2552 3833 τὴν
2600 3761 2725 3838 περὶ
2774 3765 2887 3817 σοῦ
2920 3761 3195 3839 σωτηρίαν
3258 3762 3348 3819 καὶ
3415 3764 3492 3838 μὴ
3553 3764 3668 3835 τὴν
3736 3763 3860 3842 παρ’

2193 3851 2513 3929 ἀνθρώπων.

2264 3965 2294 3995 «
2326 3940 2536 4014 Βοηθός
2597 3961 2702 4017 μου
2782 3940 2874 3997 καὶ
2958 3940 3363 4018 ὑπερασπιστής
3424 3963 3532 4016 μου
3578 3942 3637 3998 σῖ
3690 3942 3778 4017 σὺ,
3834 3943 3862 3998 6

2194 4030 2325 4094 Θεός
2378 4052 2504 4105 μου,
2539 4031 2616 4104 μὴ
2671 4029 2952 4107 χρονίσῃς.
3003 4054 3033 4084 ››
3082 4063 3153 4074 --
3200 4032 3291 4102 Μὴ
3345 4028 3623 4109 βραδύνῃς
3677 4032 3761 4096 εἰς
3804 4032 3862 4087 τὸ

2197 4121 2299 4196 βοη
2310 4126 2465 4191 θῆναι
2500 4140 2618 4195 μοι.

2807 4285 3103 4339 ΨΔΛΜΟΣ
3143 4282 3230 4340 Μ’.

2265 4447 2293 4476 ‹‹
2322 4421 2418 4486 Εἲς
2452 4423 2517 4480 τὸ
2562 4420 2725 4486 τέλος
2772 4421 2992 4498 ψαλμὸς
3036 4427 3117 4497 τῷ
3165 4418 3351 4481 Δαυίδ.
3383 4448 3407 4479 ι
3442 4457 3513 4466 -
3553 4424 3857 4484 Φιλοπτω-

2188 4512 2315 4592 χίαν
2348 4510 2588 4569 διδάσκει
2614 4511 2705 4568 καὶ
2736 4510 2818 4567 εἰσ
2845 4513 3076 4589 Χριστὸν
3099 4512 3439 4592 ἀναφέρεται,
3464 4514 3560 4570 καὶ
3586 4516 3730 4594 περὶ
3767 4522 3859 4587 τῆς

800 4625 823 4653 ι
856 4601 1025 4656 -Τὸ
1077 4594 1251 4675 ὄνομα
1306 4599 1506 4678 Κυρίου
1554 4600 1672 4657 ἀντὶ
1724 4605 1844 4672 τοῦ,
1896 4603 1927 4659 6
1975 4602 2080 4662 Κό-
2187 4605 2285 4657 τοῦ
2313 4598 2491 4657 Ἰούδα
2518 4598 2780 4678 προλέγει
2811 4599 3165 4665 ἀποστασίας.

2258 4716 2287 4745 ‹‹
2319 4690 2596 4767 Μακάριος
2651 4690 2681 4746 6
2738 4690 2935 4746 συνιὼν
2987 4687 3077 4747 ἐπὶ
3134 4692 3360 4770 πτωχὸν
3420 4689 3513 4748 καὶ
3556 4693 3802 4768 πένητα.
3829 4715 3854 4749 ι

2187 4814 2255 4825 -
2284 4781 2355 4837 Τὸ
2410 4780 2605 4836 συνιὼν
2661 4784 2834 4836 κεῖται
2893 4778 3121 4837 ἐνταῦθα
3178 4781 3297 4837 ἀντὶ
3354 4785 3473 4857 τοῦ,
3533 4779 3666 4841 δέον
3725 4796 3855 4865 φρυ-

2185 4891 2289 4926 νων
2300 4914 2314 4928 .

2259 4983 2288 5013 «
2322 4960 2409 5014 ’Ev
2466 4956 2650 5035 ἡμέρᾳ
2702 4961 2917 5035 πονηρᾷ
2974 4958 3187 5036 ῥύσεται
3242 4958 3403 5016 αὐτὸν
3458 4960 3487 5016 6
3549 4961 3785 5041 Κύριος.
3830 4984 3857 5014 ιι

2186 5083 2256 5093 -σ
2286 5047 2520 5125 Ἣμέραν
2579 5048 2825 5125 πονηρὰν
2882 5046 3134 5122 ὀνομάζει
3176 5048 3306 5113 τούς
3353 5070 3413 5105 τε
3460 5050 3701 5126 καιροὺς
3754 5055 3854 5107 τῶν

2185 5142 2524 5214 πειρασμῶν,
2574 5137 2666 5193 καὶ
2723 5137 2824 5208 τὴν
2876 5143 2979 5208 τῆς
3033 5135 3351 5212 μελλούσης
3401 5138 3642 5215 κρίσεως
3689 5139 3851 5219 ὥραν·

2182 5230 2281 5299 τὴν
2315 5225 2570 5283 ἐπίπονον
2600 5231 2718 5289 τοῖς
2751 5225 3129 5302 ἁμαρτωλοῖς.

2261 5341 2283 5371 «ι
2315 5316 2513 5392 Κύριος
2560 5314 2789 5394 φυλάξαι
2840 5314 3000 5371 αὐτὸν
3048 5316 3139 5371 καὶ
3182 5317 3339 5388 ζήσαι
3386 5314 3573 5387 αὐτὸν,
3603 5318 3708 5374 καὶ
3764 5339 3855 5393 μα-

2182 5406 2397 5484 καρίσαι
2428 5404 2588 5461 αὐτὸν
2617 5404 2669 5460 ἐν
2716 5408 2787 5479 τῇ
2833 5408 2905 5482 γῇ
2950 5406 3042 5460 καὶ
3094 5407 3170 5480 μή
3219 5403 3496 5482 παραδοίη
3556 5404 3732 5464 αὐτὸν
3785 5406 3852 5467 εἷς

2183 5501 2376 5573 χεῖρας
2409 5493 2621 5570 ἐχθρῶν
2669 5491 2854 5552 αὐτοῦ.
2896 5518 2917 5545 ι
2950 5495 3120 5549 -Τὸ
3173 5496 3330 5566 ζήσαι
3378 5493 3499 5549 ἀντὶ
3549 5499 3653 5551 τοῦ
3721 5501 3853 5566 ζωο-

2182 5587 2430 5657 ποιήσαι·
2476 5590 2577 5659 γῆν
2635 5579 2693 5638 δὲ
2758 5581 2947 5640 πολλᾶ
3010 5584 3103 5640 τὸν
3169 5583 3423 5662 οὐράνιον
3488 5587 3685 5661 χῶρον
3760 5604 3854 5640 κα-

2183 5674 2291 5733 λεῖ.

2256 5786 2286 5818 ‹‹
2314 5758 2515 5840 Κύριος
2572 5761 2840 5839 βοηθῆσαι
2889 5761 3038 5838 αύτῷ
3081 5762 3171 5822 ἐπὶ
3237 5761 3439 5836 κλίνης
3505 5759 3719 5836 ὀδύνης
3764 5759 3858 5818 αὗ-

4023 6048 4026 6259 ι
