4072 6420
272 430 428 493 “57

1504 422 1920 488 EXPOSITIO
1963 423 2044 488 IN
2087 421 2476 490 PSALMOS.

3543 431 3701 495 M58

265 565 388 620 τοῦ.
435 583 465 613 »
511 591 582 605 --
624 555 834 628 Κλίνην
881 552 1082 628 ὀδύνης
1140 554 1272 635 φησὶ
1329 556 1430 627 τὴν
1507 554 1924 633 ὑποδεχομένην
1956 563 2012 629 Α
2044 559 2335 634 Προσώπῳ
2411 563 2518 615 τῶν
2608 557 3160 636 αἰχμαλωτισθέντων
3240 559 3318 625 εἰς
3399 555 3698 620 Βαϐυλῶνα

268 652 360 707 τὸν
397 648 761 723 ὀδυνώμενον.

340 766 370 793 ‹‹
401 739 574 811 Ὅλην
627 741 728 808 τήν
777 735 968 804 κοίτην
1019 735 1187 791 αὐτοῦ
1236 732 1496 810 ἔστρεψας
1545 735 1596 791 ἐν
1648 739 1717 811 τῇ
1747 734 1930 812 ἀρῥω-

2045 644 2310 712 θεοσεϐῶν
2393 647 2602 725 ἀνδρῶν
2687 649 3083 730 ἐκπειιςοώνηται⁸
3171 653 3396 728 ἁρμόζει
3478 651 3536 710 δὲ
3603 654 3695 710 καὶ

2041 737 2202 792 παντὶ
2259 741 2656 796 κακοπαθοῦντι
2712 744 2804 796 τὸν
2887 742 3013 797 Θεὸν
3092 741 3181 797 καὶ
3251 744 3350 813 τὴν
3435 743 3692 800 ἀνάλυσιν

268 829 392 902 στίᾳ
445 828 628 886 αὐτοῦ.
681 850 711 881 ››
762 859 834 870 ——
878 826 1078 896 Κοίτην
1137 825 1269 904 φησί
1319 826 1418 894 τὴν
1472 825 1810 881 κατάκλισιν·
1866 825 1930 880 τὸ
2041 825 2417 884 ἐπισπεύδοντι
2477 830 2535 885 ὃν
2597 827 2833 887 ὀνειδί...
2894 852 2946 885 σι
3007 830 3221 904 μᾶλλον
3282 833 3333 886 οὶ
3409 830 3690 906 δαίμονες.

269 918 331 975 δὲ
388 917 647 994 ἔστρεψας
701 915 820 972 ἀντὶ
903 919 1001 970 τοῦ
1070 915 1338 992 στρέψεις,
1400 911 1572 969 εἷ’τουν
1648 911 1928 985 ἀλλάξεις,

270 1009 377 1064 ἀπὸ
425 1012 650 1084 νοσερᾶς
699 1006 775 1069 εἰς
829 1005 1090 1081 ὑγιεινήν.
1123 1003 1308 1066 Οὕτως
1360 1001 1418 1059 δὲ
1465 1004 1802 1060 συντακτέον.
1838 1005 1925 1061 Ἐν

268 1097 338 1173 τῇ
395 1096 674 1174 ἀρρωστίᾳ
729 1095 894 1151 αὐτοῦ
951 1094 1088 1149 κατὰ
1145 1094 1238 1149 τὸν
1315 1093 1501 1168 καιρὸν
1571 1099 1674 1162 τῆς
1747 1090 1926 1169 ἀρῥω-

271 1187 420 1250 στίας
479 1186 644 1242 αὐτοῦ
693 1185 769 1248 εἰς
813 1185 876 1239 τὸ
923 1183 1183 1247 παντελὲς
1227 1184 1328 1253 τὴν
1393 1181 1708 1238 κατάκλισιν
1761 1181 1925 1237 αὐτοῦ

268 1273 541 1350 ἀλλάξεις.

339 1389 370 1418 ‹‹
403 1366 544 1442 Ἐγὼ
575 1364 718 1420 εἶπα.
752 1362 935 1440 Κύριε,
969 1357 1193 1433 ἐλέησόν
1259 1383 1346 1434 με,
1380 1358 1524 1417 ἴασαι
1575 1361 1676 1429 τήν
1734 1362 1920 1436 ψυχήν

268 1475 395 1528 μου,
428 1453 512 1510 ὅτι
541 1451 789 1530 ἤμαρτόν
824 1473 930 1508 σοι.
964 1474 994 1504 ››
1025 1483 1095 1495 --
1123 1453 1204 1508 Τὰ
1252 1451 1490 1516 ἐντεῦθεν
1538 1451 1713 1504 πάντα
1755 1470 1922 1526 προσ-

265 1545 402 1618 ώπῳ
469 1547 568 1600 τοῦ
638 1546 874 1619 Χριστοῦ
949 1538 1356 1617 ἀναδεχομένου
1429 1540 1503 1603 εἰς
1582 1539 1768 1595 ἐαυτὸν
1821 1540 1917 1602 τὰς

263 1632 535 1710 ἁμαρτίας
564 1635 745 1706 ἡμῶν.

335 1747 365 1776 ‹‹
397 1723 461 1777 Οἱ
513 1719 704 1799 ἐχθροί
757 1741 862 1794 μου
914 1719 1064 1774 εἶπον
1113 1718 1252 1776 κακά
1304 1740 1417 1793 μοι.
1472 1742 1501 1770 ››
1551 1722 1752 1772 -Τοῦ
1809 1725 1912 1773 Κυ-

263 1811 384 1888 ρίου
411 1809 605 1889 ἐχθροὶ
637 1810 690 1864 οἱ
723 1806 998 1864 Ἰουδαῖοι·
1029 1810 1170 1864 κακὰ
1199 1805 1276 1881 δὲ,
1311 1807 1378 1885 ῥή
1389 1828 1530 1882 ματα
1559 1805 1817 1878 δηλονότι
1845 1806 1914 1862 τὰ

259 1899 496 1976 πονηρά.

336 2013 365 2041 ‹‹
397 1989 538 2046 Πότε
583 1988 954 2060 ἀποθανεῖται,
1004 1986 1097 2042 καὶ
1144 1986 1430 2043 ἀπολεῖται
1479 1986 1543 2041 τὸ
1592 1984 1770 2060 ὄνομα
1823 1983 1916 2039 αὐ-

259 2083 358 2134 τοῦ
385 2098 400 2149 ;
428 2076 529 2134 Καὶ
585 2079 634 2134 εἱ
683 2076 1053 2154 εἰσεπορεύετο
1102 2081 1199 2133 τοῦ
1251 2074 1402 2132 ἰδεῖν.
1451 2100 1480 2129 ››
1532 2109 1601 2119 -
1650 2074 1779 2150 Περὶ
1821 2079 1919 2129 τοῦ

261 2166 441 2225 Ἰούδα
488 2168 650 2246 φησὶν
684 2165 766 2222 ὅτι
804 2191 825 2220 ιι
877 2169 1187 2243 Εὶσήρχετο
1237 2161 1361 2222 ἔνθα
1403 2164 1748 2242 κατηγόμην,
1780 2162 1919 2219 ὥστε

263 2255 396 2314 ἰδεῖν
428 2259 475 2312 εἰ
505 2255 647 2312 ἔστιν
679 2255 925 2333 εὐκαιρία
947 2254 1037 2311 ’ίνα
1070 2277 1138 2330 με
1166 2253 1412 2332 παραδῷ.
1456 2280 1484 2308 ››

335 2346 583 2416 «Μάτην
642 2343 852 2403 ἐλάλει.
884 2369 914 2400 ››
965 2377 1033 2389 -
1091 2347 1279 2416 Μάτην
1339 2343 1573 2419 ἐμελέτα
1629 2346 1664 2413 ἡ
1722 2340 1917 2419 καρδία

255 2437 423 2492 αὐτοῦ
455 2435 638 2501 λαθεῖν
671 2455 740 2508 με
767 2435 858 2490 τὸν
881 2432 1343 2512 καρδιογνώστην.

330 2551 359 2579 ι(
391 2527 455 2584 Ἡ
483 2525 678 2606 καρδία
715 2527 882 2582 αὐτοῦ
930 2529 1227 2602 συνήγαγεν
1277 2525 1502 2599 ἀνομίαν
1555 2524 1751 2596 ἐαυτῷ.
1784 2545 1813 2575 »
1846 2555 1916 2566 -ι

257 2615 427 2675 Οὐδὲν
485 2617 664 2697 ἕτερον
721 2619 782 2674 ἐκ
833 2624 934 2688 τῆς
991 2611 1292 2685 ἐπιϐουλῆς
1367 2612 1676 2691 ἐκέρδησεν,
1737 2613 1772 2682 ἢ
1829 2611 1912 2668 ὅτι

257 2705 604 2784 ἐθησαύρισεν
639 2708 716 2772 εἷς
749 2707 937 2764 ἐαυτὸν
970 2704 1219 2779 ἀνομίαν.

337 2818 368 2850 ί(
397 2797 780 2875 Ἐξοπορεύετο
812 2793 914 2868 ἔξω
951 2797 1043 2851 καὶ
1074 2792 1259 2850 ἐλάλει
1291 2792 1379 2848 ἐπὶ
1406 2793 1470 2848 τὸ
1495 2791 1646 2849 αὐτό.
1682 2814 1711 2846 »
1745 2825 1815 2836 -ο
1842 2792 1912 2847 Τὸ

257 2884 346 2940 ἐπὶ
369 2886 437 2941 τό
470 2886 600 2943 αὐτὸ
632 2887 750 2943 ἀντὶ
777 2891 896 2958 τοῦ,
929 2886 1072 2958 ὁμοῦ
1101 2882 1284 2945 αὐτοῖς
1314 2887 1430 2945 τοῖς
1459 2882 1704 2958 ἐχθροῖς.

329 3000 359 3028 ‹‹
392 2977 516 3032 Κατ’
547 2975 683 3050 ἐμοῦ
711 2974 1017 3051 ἐψιθύριζον
1060 2973 1252 3034 πάντες
1287 2972 1340 3026 οἱ
1369 2970 1561 3047 ἐχθροί
1611 2992 1738 3045 μου.
1771 2995 1800 3023 ››
1845 3005 1913 3016 -

258 3065 330 3121 Τὸ
364 3063 683 3141 ἐλογίζοντο
708 3064 825 3120 ἀντὶ
853 3068 952 3119 τοῦ
981 3060 1254 3137 ἐμελέτων
1284 3060 1374 3116 καὶ
1406 3055 1785 3116 ἐϐουλεύοντο.

336 3174 360 3204 ι
390 3153 566 3231 Λόγον
639 3152 955 3229 παράνομον
1020 3149 1301 3207 κατέθεντο
1347 3151 1464 3205 κατ’
1539 3149 1696 3224 ἐμοῦ.
1747 3173 1776 3204 ››
1843 3183 1913 3194 -ι

260 3242 604 3319 Κατηγορίαν
635 3239 806 3316 ψευδῆ
839 3239 1222 3296 συνεσκεύασαν
1271 3239 1387 3294 κατ⁶
1418 3237 1574 3311 ἐμοῦ’
1627 3238 1774 3294 εἶπον
1806 3239 1910 3314 γὰρ

255 3327 339 3385 ὅτι
363 3331 464 3387 ἀ...
493 3332 584 3387 τὸν
618 3327 791 3406 ὄχλον
821 3329 959 3384 κατὰ
983 3332 1082 3384 τοῦ
1113 3326 1399 3402 Καίσαρος.

327 3443 357 3472 ‹‹
388 3421 478 3490 Μὴ
513 3421 542 3476 6
587 3421 937 3494 κοιμώμενος
991 3416 1126 3492 οὐχὶ
1172 3417 1468 3493 προσθήσει
1515 3419 1615 3471 τοῦ
1663 3414 1908 3486 ἀποστῆ-

251 3526 378 3579 ναι;
413 3533 442 3562 ››
475 3543 543 3554 -
601 3511 764 3584 Ἀρα,
823 3507 1010 3587 φησὶν,
1041 3507 1068 3561 6
1121 3506 1302 3561 ὑπνῶν
1363 3504 1463 3560 οὐκ
1518 3503 1905 3582 ἐγερθήσεται;

250 3599 406 3675 κάγὼ
462 3600 658 3671 θανὼν,
691 3597 864 3660 οὕτως
924 3595 1166 3659 εὐκόλως
1225 3594 1675 3668 ἐξαναστήσομαι,
1726 3593 1908 3673 ὥσπερ

252 3687 462 3762 ἐκοιμώ
471 3711 602 3763 μην.

327 3803 355 3832 ι(
387 3777 486 3835 Καὶ
542 3781 644 3855 γὰρ
693 3778 722 3833 6
774 3777 1058 3853 ἄνθρωπος
1101 3780 1205 3844 τῆς
1289 3772 1513 3851 εἰρήνης
1568 3795 1674 3847 μου
1724 3773 1806 3853 ἐφ’
1849 3775 1907 3829 ὃν

259 3864 485 3935 ἤλπισα.
523 3891 552 3918 ››
586 3899 653 3908 -
698 3866 770 3920 Τὸ
818 3866 922 3942 γὰρ
971 3862 1268 3941 παρέλκον·
1315 3863 1449 3941 φησί
1502 3860 1580 3935 δέ,
1619 3863 1693 3918 Οὐ
1744 3863 1906 3938 μόνον

256 3955 308 4009 οἱ
339 3953 528 4029 ἐχθροί
561 3976 686 4027 μου,
722 3953 868 4009 ἀλλὰ
895 3954 985 4008 καὶ
1016 3953 1046 4008 6
1076 3953 1362 4029 ἅνθρωπος
1390 3959 1492 4022 τῆς
1534 3951 1721 4032 φιλίας
1781 3974 1906 4028 μου,

255 4040 427 4117 ἤγουν
461 4044 490 4097 6
540 4036 819 4119 ἀγαπητός
878 4062 1005 4115 μου,
1063 4042 1121 4097 ὃν
1180 4036 1502 4120 ἀπέτρεφον,
1559 4039 1906 4118 ἐμεγάλυνεν,

254 4129 383 4202 ἤτοι
418 4132 581 4210 μέγαν
611 4129 893 4206 εἰργάσατο
931 4131 1046 4186 κατ’
1077 4129 1214 4204 ἐμοῦ
1244 4128 1431 4188 δόλον.

330 4245 359 4274 ‹‹
392 4221 471 4276 Σὺ
518 4220 596 4291 δέ,
644 4219 824 4296 Κύριε,
875 4217 1101 4289 ἐλέησόν
1168 4239 1254 4293 με,
1307 4219 1397 4274 καὶ
1464 4217 1760 4291 ἀνάστησόν
1819 4242 1906 4294 με,

250 4312 345 4368 καὶ
400 4307 774 4368 ἀνταποδώσω
823 4307 1028 4371 αὐτοῖς.
1065 4331 1096 4360 ››
1124 4339 1197 4351 -ο
1221 4309 1292 4362 Τὸ
1349 4306 1576 4380 ἐλέησον
1630 4309 1721 4365 καὶ
1779 4310 1906 4365 ἀνά-

251 4422 454 4474 στησον
540 4397 1023 4476 ἀνθρωποπρεπές⁶
1097 4397 1160 4452 τὸ
1223 4395 1282 4453 δὲ
1347 4397 1716 4454 ἀνταποδώσω
1794 4401 1909 4455 θεο-

247 4491 474 4568 πρεπές.

324 4603 354 4633 ‹‹
385 4580 473 4635 Ἐν
523 4578 704 4652 τούτῳ
757 4576 921 4655 ἔγνων
977 4575 1062 4632 ὅτι
1107 4574 1407 4647 τεθέληκάς
1458 4597 1545 4649 με,
1579 4576 1664 4632 ὅτι
1713 4577 1775 4632 οὐ
1827 4579 1902 4651 μὴ

2041 915 2321 993 Ἰορδάνης
2362 917 2420 974 δέ
2451 919 2800 997 ἑρμηνεύεται
2830 927 2899 996 γῆ
2930 919 3214 992 κατωτάτη
3246 922 3338 977 καὶ
3368 924 3694 997 Ἐρμονιεὶμ

2035 1006 2204 1070 τόπος
2236 1006 2438 1079 λύπης.

2113 1098 2260 1151 «Ὃν
2317 1098 2520 1172 τρόπον
2580 1097 2833 1164 ἐπιποθεῖ
2886 1103 2920 1170 ἡ
2976 1097 3176 1180 ἔλαφος
3233 1098 3322 1156 ἐπὶ
3378 1100 3476 1164 τὰς
3504 1103 3691 1178 πηγὰς

2033 1189 2142 1241 τῶν
2205 1183 2435 1260 ὑδάτων,
2496 1185 2669 1250 οὕτως
2714 1187 2965 1252 ἐπιποθεῖ
3019 1191 3056 1258 ἠ
3115 1191 3268 1264 ψυχή
3307 1209 3412 1262 μου
3441 1189 3579 1265 πρὸς
3610 1189 3688 1258 σὲ,

2034 1274 2063 1329 6
2116 1275 2268 1338 Θεός.
2332 1299 2355 1330 ι
2419 1309 2487 1320 --
2542 1277 2612 1332 Τὸ
2670 1275 2939 1347 ἐπιποθεῖ,
3000 1277 3117 1334 ἀντὶ
3169 1283 3269 1333 τοῦ
3327 1275 3544 1334 σπεύδει
3598 1275 3689 1333 καὶ

2034 1362 2325 1440 ἐπείγεται.
2386 1367 2529 1442 Πρὸς
2583 1367 2642 1420 σὲ
2699 1363 2776 1436 δὲ,
2839 1366 2932 1422 τὸν
2983 1367 3236 1422 οἰκοῦντα
3267 1363 3474 1438 δηλαδὲ
3504 1366 3555 1422 ἐν
3588 1368 3691 1422 Ἰε-

2031 1451 2342 1528 ρουσαλήμ.
2406 1455 2492 1510 Ἐν
2551 1449 2842 1512 Βαϐυλῶνι
2891 1457 2997 1533 γὰρ
3053 1456 3154 1512 οὐκ
3209 1451 3384 1529 ᾤοντο
3442 1455 3686 1533 ἐντυχεῖν

2032 1547 2112 1616 τῷ
2140 1542 2254 1616 θεῷ
2289 1540 2379 1599 διὰ
2405 1545 2504 1613 τὴν
2533 1546 2633 1614 τῆς
2665 1545 2855 1620 χώρας
2887 1542 3366 1622 εἰδωλολατρείαν.

2103 1673 2131 1702 ‹‹
2164 1648 2450 1725 Ἐδίψησεν
2482 1653 2518 1722 ἡ
2550 1653 2703 1728 ψυχή
2743 1673 2851 1726 μου
2899 1653 3036 1725 πρὸς
3074 1654 3167 1708 τὸν
3209 1653 3340 1710 Θεὸν
3393 1653 3486 1709 τὸν
3550 1656 3683 1723 ζῶν-

2023 1760 2109 1818 τα.
2147 1763 2168 1791 ι
2205 1773 2273 1784 —
2301 1741 2373 1796 T6
2404 1738 2681 1816 ἐδίψησεν,
2713 1741 2833 1796 ἀντὶ
2869 1745 2968 1797 τοῦ
3025 1741 3438 1816 ἐπιθυμητικῶς
3497 1741 3678 1818 ἔσχεν.

2015 1813 2270 1905 Ἰσχυρὸν
2309 1827 2369 1886 δὲ
2429 1813 2604 1900 ζῶντα
2659 1828 2807 1908 λέγει
2855 1832 2946 1887 τὸν
3008 1832 3137 1888 Θεὸν
3191 1813 3282 1888 διὰ
3334 1832 3462 1896 τούς
3521 1813 3677 1897 ἀσθε-

1950 1924 2137 2004 Βνεῖς
2192 1918 2284 1974 καὶ
2335 1919 2558 1996 νεκροὺς
2616 1919 2772 1984 θεοὺς
2825 1925 2932 1977 τῶν
2993 1918 3381 1979 Βαϐυλῶνίῶν.
3451 1920 3567 1978 Μία
3623 1919 3684 1977 δέ

2027 2007 2118 2063 καὶ
2149 2009 2184 2079 ἡ
2239 2007 2375 2079 αὐτή
2434 2005 2611 2065 ἔννοια
2665 2013 2763 2065 τοῦ
2819 2031 2878 2066 τε
2931 2009 3196 2087 παρόντος
3246 2010 3434 2088 ῥητοῦ,
3467 2011 3683 2066 καὶτοῦ

2027 2094 2231 2162 ἄνῶθεν
2279 2097 2610 2176 ὑπ’ἀγγέλου
2668 2097 3055 2176 δεδιδαγμένου
3111 2097 3247 2175 ἡμῖν
3306 2099 3481 2174 ὕμνου
3536 2121 3686 2178 τρισ-

2026 2185 2183 2262 αγίου
2215 2186 2292 2250 είς
2322 2187 2474 2242 Θεόν.

2099 2299 2128 2326 ‹‹
2187 2275 2328 2332 Ηότε
2408 2274 2525 2348 ἥξω
2597 2279 2688 2333 καὶ
2749 2277 3059 2357 ὀφθήσομαι
3116 2283 3196 2351 τῷ
3252 2280 3533 2355 προσώπῳ
3583 2283 3681 2334 τοῦ

2025 2369 2181 2422 Θεοῦ.
2217 2389 2344 2417 ››-
2401 2365 2541 2422 Πότε
2595 2366 2710 2439 ἥξω
2767 2367 2906 2444 πρὸς
2962 2368 3052 2423 τὸν
3111 2369 3260 2437 ναὸν,
3317 2368 3407 2424 καὶ
3453 2368 3676 2446 ἐμφανι-

2025 2455 2296 2528 σθήσομαι
2324 2461 2405 2529 τῷ
2434 2455 2576 2530 Θεῷ.

2098 2566 2127 2596 (ι
2159 2545 2418 2622 Ἐγενήθη
2449 2546 2518 2600 τὰ
2575 2543 2780 2622 δάκρυά
2834 2567 2938 2619 μου
2994 2546 3121 2620 ἐμοὶ
3179 2545 3362 2624 ἄρτος.
3423 2571 3454 2599 ››
3494 2548 3681 2610 -οὨς

2024 2633 2052 2687 6
2084 2630 2246 2707 ἄρτος
2274 2639 2388 2696 τοῖς
2416 2634 2746 2711 ἀνθρώποις,
2781 2634 2955 2698 οὕτως
2978 2635 3148 2710 κάμοὶ
3182 2636 3251 2692 τὰ
3280 2633 3486 2713 δάκρυα
3539 2637 3676 2708 ἦσαν

2026 2721 2220 2798 ὀρεκτά
2249 2721 2340 2778 καί
2371 2724 2733 2799 ἀπαραίτητα.

2095 2837 2123 2864 ‹‹
2155 2817 2329 2868 Ταῦτα
2381 2813 2657 2886 ἐμνήσθην
2713 2814 2804 2870 καὶ
2863 2813 3049 2892 ἐξέχεα
3106 2814 3289 2889 ἐπ’ἐμέ
3345 2816 3445 2886 τήν
3491 2819 3677 2893 ψυχήν

2026 2922 2152 2974 μου.
2188 2924 2217 2952 ››
2249 2935 2316 2945 -
2370 2907 2546 2957 Ταῦτα
2602 2904 2668 2957 τὰ
2719 2901 2900 2974 ὀνείδη
2961 2907 3066 2958 τῶν
3120 2902 3304 2980 ἐχθρῶ
3336 2903 3670 2978 ἐνεθυμήθην

2021 2988 2111 3045 καί
2142 2991 2426 3067 ἐχαύνῶσα
2455 2991 2507 3045 ἐν
2564 2991 2688 3065 ἐμοὶ
2745 2993 2844 3061 τήν
2902 2994 3089 3068 ψυχήν
3138 3014 3264 3067 μου,
3294 2992 3678 3069 παραλελυμέ-

2020 3100 2118 3150 νην
2151 3081 2242 3135 καὶ
2273 3079 2385 3135 οἶον
2419 3077 2766 3157 διαρῥέουσαν
2798 3082 3030 3152 ποιήσας
3056 3080 3244 3152 αὐτήν.

2101 3190 2124 3220 ι
2156 3169 2273 3224 Ὅτι
2306 3166 2654 3242 διελεύσομαι
2713 3169 2764 3224 ἐν
2820 3169 2976 3243 τόπῳ
3031 3176 3260 3241 σκηνῆς.
3318 3194 3347 3222 ››
3396 3172 3560 3228 -Τὸ
3589 3167 3673 3228 ὅτι

2027 3256 2382 3335 βεϐαιωτικρν
2433 3278 2446 3291 ⁸
2507 3257 2837 3337 προφητεύει
2914 3259 3019 3336 γὰρ
3075 3261 3174 3329 τῆν
3234 3257 3514 3318 ἐπάνοδον.
3574 3262 3675 3316 Καὶ

2019 3341 2184 3402 τόπον
2251 3347 2345 3421 μὲν
2405 3355 2610 3418 σκηνῆς
2663 3348 2754 3403 τὸν
2811 3348 2935 3404 ναὸν
2985 3346 3166 3421 καλεῖ,
3237 3355 3372 3406 Θεοῦ
3431 3347 3489 3406 δὲ
3523 3356 3674 3407 οῖκον

2015 3438 2084 3492 τὰ
2113 3434 2300 3494 ἄδυτα.

2097 3548 2120 3578 α
2152 3532 2331 3604 ’Ήχου
2364 3525 2751 3603 ἑορταζόντων*
2786 3550 2816 3578 ››
2842 3559 2910 3568 —
2937 3526 3009 3583 T6
3040 3527 3400 3604 ἑορταζόντων
3433 3528 3551 3586 ἀντὶ
3579 3533 3677 3586 τοῦ

2020 3616 2392 3693 ἐορταστικοῦ.

2098 3727 2120 3756 α
2156 3708 2441 3782 Σωτήριον
2474 3710 2570 3761 τοῦ
2601 3707 2897 3784 προσώπου
2934 3728 3060 3780 μου,
3089 3706 3179 3762 καὶ
3212 3709 3240 3762 6
3289 3707 3423 3771 Θεός
3482 3729 3609 3782 μου.
3644 3733 3674 3761 ››

2023 3828 2088 3838 —
2116 3801 2224 3864 Τῆς
2254 3793 2472 3870 ὕστερον
2508 3794 2807 3872 εὐεργεσίας
2833 3799 2930 3849 τοῦ
2988 3801 3122 3850 Θεοῦ
3183 3796 3438 3868 μνησθεὶς
3495 3793 3674 3866 ἡδέως

2019 3881 2357 3939 ἐπικαλεῖται
2411 3883 2595 3952 αὐτὸν,
2623 3883 2819 3962 λέγων·
2887 3905 2910 3934 ι
2942 3884 3010 3939 Ὦ
3067 3883 3312 3962 σωτηρία
3372 3905 3475 3958 μου
3505 3885 3595 3940 καὶ
3626 3887 3673 3940 ὦ

2019 3972 2150 4036 Θεός
2185 3994 2311 4046 μου.
2348 3997 2376 4023 ››

2092 4086 2120 4114 ‹‹
2154 4063 2296 4138 Πρὸς
2348 4059 2578 4134 ἐμαυτὸν
2624 4063 2661 4130 ἡ
2709 4062 2865 4136 ψυχή
2915 4082 3019 4134 μου
3066 4059 3365 4138 ἐταράχθη.
3405 4086 3427 4113 ι
3470 4095 3541 4105 —-
3585 4069 3672 4119 Ἐν

2017 4151 2257 4224 ἐμαυτῷ,
2293 4152 2366 4224 μή
2398 4171 2546 4212 τινος
2575 4153 2684 4206 τῶν
2733 4147 2837 4224 ἔξω
2891 4151 2991 4220 τὴν
3049 4147 3232 4222 λύπην
3287 4151 3670 4228 γινώσκοντος.

2019 4240 2329 4317 Ἐταράχθη
2390 4235 2449 4294 δὲ
2497 4236 2587 4294 διά
2633 4260 2692 4294 τε
2720 4239 2816 4302 τὰς
2875 4238 3142 4316 ἁμαρτίας
3175 4261 3304 4314 μου,
3334 4241 3424 4296 καὶ
3455 4239 3546 4297 διὰ
3571 4242 3672 4312 τὴν

2021 4326 2330 4405 βραδυτῆτα
2358 4334 2459 4399 τῆς
2489 4325 2776 4385 ἐπανόδου.

2089 4417 2246 4472 «Διὰ
2299 4421 2461 4472 τοῦτο
2513 4417 2869 4492 μνηθήσομαί
2923 4439 3020 4473 σου
3090 4419 3151 4474 ἐκ
3232 4423 3338 4494 γῆς
3394 4417 3672 4496 Ἰορδάνου

2014 4507 2105 4562 καὶ
2165 4505 2485 4584 Ἐρμονιεὶμ
2540 4507 2646 4562 ἀπὸ
2703 4501 2867 4584 ὅρους
2926 4511 3145 4584 μικροῦ.
3181 4533 3204 4564 ι
3239 4542 3309 4552 —
3357 4508 3457 4564 Διά
3507 4513 3672 4566 τοῦτο

2014 4599 2108 4651 νῦν
2137 4590 2466 4669 θλιϐόμενος
2498 4596 2857 4670 μνημονεύσω
2884 4603 2988 4666 τῆς
3035 4595 3162 4674 περὶ
3219 4599 3371 4672 ἡμᾶς
3426 4595 3670 4673 κηδεμο-

251 4665 520 4763 ἐπιχαρῆ
543 4667 599 4763 δ-
631 4666 824 4763 ἒγθρός
881 4687 985 4763 PP"
1043 4663 1124 4763 gi“,
1170 4664 1297 4763 ἐμέο
1333 4688 1362 4763 ’ζ
1388 4665 1906 4763 ῖξΐὸλτξθέληδξας
1941 4678 1985 4744 D
2014 4684 2131 4748 νίας
2190 4706 2285 4740 σου
2308 4663 2317 4669 '
2343 4685 2430 4763 ἀφ’
2458 4663 2532 4740 ῶν
2697 4686 2769 4758 τῇ
2824 4688 2898 4761 γῇ
2926 4663 3028 4755 τῆς
3058 4663 3390 4760 ἐπαγγελίας
3423 4663 3672 4758 ἀπηλαύ-

253 4754 374 4812 ἀντὶ
422 4760 524 4811 τοῦ
571 4755 880 4833 ἠγάπησας·
915 4754 1114 4831 ἐχθρὸς
1167 4751 1226 4810 δὲ
1270 4752 1362 4810 καὶ
1403 4754 1432 4808 6
1461 4751 1722 4817 Ἰουδαῖος
1753 4755 1845 4810 καὶ
1876 4756 1906 4811 6

255 4840 537 4908 διάϐολος.

332 4957 361 4990 α
389 4936 560 5009 Ἐμοῦ
591 4931 650 4990 δὲ
678 4931 769 4990 διὰ
815 4935 916 5002 τήν
965 4933 1186 4989 ἀκακίαν
1234 4928 1554 4990 ἀντελάϐου.
1590 4956 1619 4985 ››
1649 4967 1719 4977 --
1748 4935 1906 4992 Ἀκα-

255 5024 376 5081 κίαν
405 5026 504 5094 τὴν
531 5023 800 5101 ἁμαρτίαν
829 5023 995 5080 εἶπεν.

333 5140 356 5168 ι
389 5114 489 5171 Καὶ
521 5109 852 5177 ἐϐεϐαίωσάς
886 5133 955 5188 με
983 5111 1214 5168 ἐνώπιόν
1264 5133 1359 5169 σου
1408 5111 1482 5176 εἰς
1525 5113 1617 5169 τὸν
1652 5112 1842 5170 αἰῶνα.
1879 5137 1909 5166 ››

254 5237 326 5248 —
353 5201 605 5278 Ἴδρυσας
636 5203 782 5278 παρὰ
810 5207 1017 5275 σεαυτῷ
1047 5202 1149 5261 άεί.

333 5317 363 5348 ‹‹
394 5291 714 5369 Εὐλογητὸς
746 5292 944 5369 Κύριος
977 5293 1005 5347 6
1036 5292 1166 5356 Θεὸς
1201 5291 1420 5370 Ἰσραὴλ
1452 5292 1559 5348 ἀπὸ
1585 5297 1684 5348 τοῦ
1713 5292 1910 5355 αἰῶνος

254 5383 348 5440 καὶ
400 5381 477 5446 εἰς
532 5402 624 5438 τον
671 5381 864 5439 αἰῶνα.
912 5381 1152 5456 Γένοίτο,
1198 5380 1432 5458 γένοιτο.
1468 5405 1496 5434 ››
1523 5415 1593 5424 -
1639 5383 1696 5436 Ὁ
1746 5379 1910 5438 Δαυϊδ

262 5475 420 5547 ὑμνεῖ
486 5476 584 5528 τοῦ
657 5469 929 5527 Δεσπότου
1021 5471 1119 5540 τὴν
1203 5464 1617 5549 συγκατάϐασιν,
1689 5471 1750 5541 ἣν
1821 5472 1911 5527 καὶ

261 5559 660 5636 ἐπιτεταμένως
691 5558 1002 5637 ἐπεύχεται.

840 5678 1135 5734 ΨΑΛΜΟΣ
1175 5677 1306 5733 MA'.

336 5799 366 5830 «
397 5775 497 5840 Εἰς
539 5774 602 5832 τὸ
639 5769 801 5840 τέλος
851 5772 928 5839 εἷς
978 5771 1188 5830 σύνεσιν
1236 5779 1354 5838 τοῖς
1404 5773 1547 5840 υἱοῖς
1595 5776 1754 5854 Κορέ.
1786 5798 1816 5829 υ
1846 5809 1915 5819 -

2018 4794 2184 4848 σαμεν
2261 4775 2490 4851 ἀγαθῶν
2557 4774 2662 4830 ἀπὸ
2732 4773 2836 4850 γὰρ
2900 4777 3000 4830 τοῦ
3071 4772 3345 4852 Ἰορδάνου
3414 4775 3506 4830 καὶ
3571 4779 3671 4831 τοῦ

2019 4863 2344 4940 Ἐρμονιεὶμ
2414 4857 2598 4940 ὅρους,
2654 4860 2780 4934 ἤτοι
2841 4867 2942 4920 τοῦ
3013 4865 3266 4942 Δυρμὼν,
3323 4869 3496 4920 «iactv
3568 4863 3671 4935 τήν

2015 4950 2276 5008 Ἰουδαίαν
2309 4951 2606 5025 ἐδήλωσεν.

2091 5066 2118 5093 ‹‹
2151 5037 2424 5105 ’Ἁϐυσσος
2503 5038 2730 5098 ἄϐυσσον
2785 5041 3120 5098 ἐπικαλεῖται
3181 5043 3257 5106 εἰς
3322 5044 3507 5121 φωνὴν
3563 5044 3672 5100 τῶν

2019 5130 2404 5208 καταρῥακτῶν
2462 5153 2580 5190 σου.
2634 5156 2664 5185 ››
2695 5165 2766 5176 -
2794 5130 3234 5204 Ἀλλεπάλληλα
3287 5137 3380 5189 νῦν
3436 5132 3504 5188 τὰ
3561 5129 3671 5188 δει-

2017 5219 2101 5276 νά·
2143 5223 2178 5292 ἠ
2231 5221 2333 5298 γὰρ
2391 5216 2622 5284 ἄϐυσσος
2679 5225 2788 5277 τῶν
2846 5225 3140 5301 συμφορῶν
3200 5220 3383 5299 ἱτέραν
3441 5216 3672 5278 ἄϐυσσον

2018 5308 2405 5387 προσκαλεῖται
2464 5309 2542 5373 εἰς
2592 5308 2830 5385 ὀδυρμὸν
2897 5313 3083 5384 ὑμῶν,
3139 5315 3248 5367 τῶν
3307 5310 3674 5389 κατεῤῥαγμέ-

2020 5421 2127 5455 νων
2161 5418 2277 5454 σου’
2311 5397 2422 5456 ἔστι
2463 5401 2566 5476 γὰρ
2600 5399 2776 5455 εὐθεῖα
2804 5399 2833 5454 6
2861 5399 3254 5477 καταρῥακτός.

2093 5531 2124 5558 ‹‹
2159 5507 2358 5568 Πάντες
2405 5507 2463 5560 οἱ
2515 5505 2880 5581 μετεωρισμοί
2916 5528 3033 5576 σου,
3065 5507 3155 5562 καὶ
3199 5509 3265 5562 τὰ
3308 5505 3524 5582 κύματά
3579 5528 3675 5564 σου

2023 5595 2107 5653 ἐπ’
2135 5596 2231 5670 ἐμὲ
2256 5593 2506 5666 διῆλθον.
2537 5620 2566 5649 ››
2599 5629 2667 5638 ——
2697 5595 3119 5674 Μετεωρισμοὺς
3149 5597 3240 5654 καὶ
3270 5596 3488 5672 κύματα
3530 5595 3675 5674 λέγει

2021 5687 2119 5750 τὰς
2150 5684 2527 5748 ἐπαναστάσεις
2555 5688 2664 5740 τῶν
2691 5691 3027 5763 πειρασμῶν,

2098 5799 2128 5830 ‹‹
2159 5775 2398 5854 Ἡμέρας
2457 5773 2745 5832 ἐντελεῖται
2815 5774 3011 5854 Κύριος
3069 5777 3136 5834 τὸ
3208 5775 3362 5843 ἔλεος
3427 5776 3613 5838 αὐτοῦ.
3644 5800 3677 5833 ››
