4072 6426
383 404 546 473 “59

1643 399 2066 471 NICEPHORI
2109 397 2554 466 BLEMMIDE

3678 401 3865 469 1460

382 573 453 587 --
481 540 553 597 T6
580 537 791 619 ἡμέρας
817 536 935 597 ἀντὶ
962 543 1088 612 τοῦ,
1117 536 1168 597 ἐν
1200 539 1407 617 ἡμέρᾳ,
1461 540 1707 598 τουτέστι
1765 539 2032 618 φανερῶς.
2062 537 2118 604 Α
2144 532 2512 611 ἐργασάμενος
2569 533 2729 600 αὐτὸς
2793 534 2842 593 εἴ
2885 534 2976 593 καὶ
3031 538 3150 607 νῦν,
3193 531 3408 612 ὁμοίως
3472 533 3856 615 βασιλεύων,

382 630 455 688 Τὸ
487 628 547 688 δὲ
572 627 866 687 ἐντελεῖται
889 630 1007 688 ἀντὶ
1035 636 1133 687 τοῦ
1162 628 1473 688 ἀποστελεῖ.

462 744 485 773 ι
518 720 619 777 Καὶ
672 720 866 784 νυκτὸς
924 717 1042 794 ᾠδὴ
1100 718 1286 778 αὐτοῦ.
1347 743 1377 772 ››
1433 752 1504 764 --
1556 726 1642 776 Ἐν
1718 716 1867 775 νυκτὶ
1942 719 2032 772 νῦν

385 806 571 886 ὖμνῶν
623 808 716 867 τὸν
767 807 898 867 Θεδν
946 807 1037 866 διὰ
1078 810 1142 867 τὸ
1189 809 1241 866 ἐν
1287 810 1470 885 ἠμέρᾳ
1511 812 1610 881 τῆς
1643 806 1894 871 δουλείας
1925 803 2039 861 ἐπί-

390 919 580 974 μονον.

458 1013 489 1043 α
519 990 607 1046 Ἐν
661 987 742 1063 τῷ
786 987 1161 1068 ηταφλᾶσθαι
1217 987 1287 1045 τα
1335 987 1467 1044 ὀστᾶ
1499 1009 1626 1063 μου,
1657 983 1934 1055 ὠνείδιζόν
1973 1005 2039 1058 με

387 1078 443 1135 οἳ
470 1076 663 1155 ἐχθροὶ
697 1100 824 1152 μου.
858 1101 889 1132 ››
915 1110 987 1121 --
1044 1071 1494 1153 Συντριϐομὲνων
1553 1080 1662 1133 τῶν
1698 1074 1871 1131 ὀστῶθ
1934 1093 2038 1147 μου

389 1164 481 1223 διὰ
534 1169 634 1237 τῆς
710 1166 1044 1246 ἀχθοφορίας
1100 1166 1191 1223 καὶ
1250 1166 1640 1241 μαστιγώσεως
1717 1160 2040 1233 ὀνειδίζουσί

391 1275 461 1329 με
505 1255 558 1311 οἱ
606 1254 799 1332 ἐχθροί
854 1277 959 1331 μου
1007 1255 1281 1333 λέγοντες,
1308 1259 1423 1311 Ποῦ
1454 1254 1593 1310 ἐστιν
1646 1255 1675 1310 6
1724 1252 1855 1317 Θεός
1903 1269 2037 1322 σου;

978 1357 1272 1411 ΨΑΛΜΟΣ
1313 1359 1441 1411 MB’.

461 1466 492 1496 ‹‹
522 1441 761 1517 Ψαλμὸς
812 1447 892 1516 τῷ
942 1440 1127 1499 Δαυῒδ.
1161 1467 1192 1496 ››
1240 1475 1309 1488 —-
1338 1438 1563 1514 Συνᾴδει
1592 1444 1671 1513 τῷ
1697 1439 1806 1517 πρὸ
1853 1438 2040 1513 αὐτοῦ,

387 1539 490 1605 τῆς
519 1531 688 1602 αὐτῆς
717 1530 927 1597 ἐννοίας
959 1531 1248 1609 ἐχόμενος.

465 1644 496 1676 α
524 1620 719 1697 Κρῖνόν
780 1643 866 1697 με,
899 1621 928 1678 6
953 1622 1107 1692 Θεὸς,
1136 1620 1228 1677 καὶ
1295 1618 1515 1677 δίκασαν
1570 1621 1672 1690 τήν
1719 1616 1877 1690 δίκην
1911 1635 2040 1694 μου’

389 1710 442 1786 ἐξ
471 1709 657 1776 ἔθνους
704 1709 813 1789 οὐχ
866 1710 1038 1783 ὀσίου,
1069 1710 1177 1767 ἀπὸ
1234 1709 1522 1785 ἀνθρώπου
1579 1706 1768 1765 ἀδίκου
1823 1708 1914 1764 καὶ
1953 1705 2045 1764 δο-

390 1799 515 1857 λίου
572 1799 726 1877 ῥῦσαί
787 1821 875 1874 με.
932 1802 1053 1855 Ὅτι
1112 1799 1175 1855 σὺ
1220 1799 1269 1855 εἶ
1316 1800 1344 1855 6
1374 1800 1505 1863 Θεὸς
1551 1795 1875 1876 κραταίωμά
1915 1814 2047 1871 μου.

390 1895 509 1947 Ἴνα
549 1888 604 1946 τί
647 1888 854 1945 ἀπώσω
902 1908 1006 1963 με;
1035 1888 1126 1945 καὶ
1169 1886 1263 1945 ἵνα
1305 1888 1359 1944 τί
1388 1889 1794 1964 σκυθωρπάζων
1852 1884 2048 1964 πορεύο

390 1999 544 2053 ομαι,
597 1976 650 2035 ἐν
693 1978 775 2052 τῷ
820 1972 1090 2034 ἐκθλίϐειν
1134 1977 1227 2033 τὸν
1276 1976 1472 2055 ἐχυρόν
1510 1995 1646 2052 μους
1687 1999 1718 2027 ››
1749 2009 1817 2019 -
1848 1976 2050 2050 Κριτὴς

387 2070 546 2146 γενοῦ
607 2087 702 2142 μοι
753 2067 892 2141 μετᾶ
947 2062 1132 2129 ἔθνους
1186 2065 1421 2122 ἀνοσίου·
1454 2068 1491 2137 ἡ
1520 2066 1623 2144 γὰρ
1677 2064 1729 2136 ἐξ
1781 2064 1899 2120 ἀντὶ
1948 2070 2052 2134 τῆς

397 2158 534 2232 μετὰ
587 2154 789 2220 ἔθνους·
843 2155 934 2212 καὶ
989 2154 1200 2211 ἀνόσιοι
1255 2154 1308 2211 οἱ
1366 2149 1713 2212 Βαϐυλώνιοι
1740 2153 1831 2210 καὶ
1862 2151 2052 2227 δαίμο-

390 2266 501 2310 νες.
564 2247 887 2322 Ἀνθρωπος
954 2241 1013 2300 δὶ
1071 2240 1259 2308 ἄδικος
1310 2244 1339 2299 ὁ
1398 2239 1904 2321 Ναϐουχοδονῶσορ
1960 2242 2051 2299 καὶ

393 2335 423 2391 6
453 2329 738 2399 διάϐολος.

465 2448 495 2477 ‹‹
528 2422 942 2496 Ἐξαπόστειλον
968 2423 1034 2479 τὸ
1063 2426 1184 2503 φῶς
1212 2443 1309 2479 σου
1338 2421 1432 2479 καὶ
1461 2423 1561 2503 τῂν
1593 2420 1852 2494 ἀλήθειάν
1886 2443 2052 2479 σου.»

390 2544 463 2558 —-
491 2518 619 2577 Φῶς
654 2514 748 2589 μὶν
787 2512 947 2570 καλεῖ
981 2514 1081 2584 τὴν
1128 2511 1274 2568 θείαν
1323 2511 1651 2582 ἐπισκοπὴν,
1685 2511 1943 2582 ἀλήθειαν
1995 2508 2054 2567 δὲ

387 2604 488 2674 τήν
549 2603 816 2675 ἀληθινὴν
873 2603 1154 2680 βοήθειαν.
1208 2598 1590 2679 ’Δναγωγικῶς
1649 2597 1707 2656 δὲ
1772 2604 1889 2679 φῶς
1964 2600 2054 2656 καὶ

392 2691 633 2765 ἀλήθειά
660 2691 800 2748 ἐστιν
832 2690 862 2747 6
890 2690 1146 2766 Χριστός.

468 2804 498 2833 ››
530 2780 679 2837 Δύτά
708 2801 777 2855 με
805 2777 1097 2858 ὠδήγησαν
1130 2778 1223 2835 καὶ
1253 2777 1464 2857 ¹ἰςγαγόν
1500 2799 1567 2853 με
1598 2777 1676 2842 εἷς
1726 2772 1853 2847 ὅρος
1898 2775 2053 2854 όίγιόν

390 2892 520 2941 σου,
547 2871 638 2927 καὶ
669 2868 746 2933 εἷς
772 2869 842 2927 τὰ
887 2867 1225 2945 σκηνώματά
1276 2890 1395 2926 σου.
1428 2892 1458 2924 ››
1486 2901 1556 2911 -
1605 2868 2054 2945 Ἀντιχρονικῶς,

395 2984 426 3015 α
456 2958 608 3019 Αύτά
639 2980 727 3036 με,
759 2959 946 3040 φησὶν,
979 2958 1056 3023 εἰς
1091 2960 1234 3015 Σιὼν
1276 2959 1368 3014 καὶ
1413 2957 1491 3021 είς
1536 2957 1628 3014 τὸν
1677 2957 1800 3014 ναὸν
1852 2957 2058 3013 ἀποκα-

395 3050 778 3122 ταστήσουσιν.
810 3072 841 3103 ››
873 3049 1262 3125 ’Δναγωγικῶς
1292 3044 1352 3102 δὲ
1380 3047 1409 3103 6
1438 3047 1671 3125 Χριστὸς
1700 3046 1779 3111 εἷς
1828 3045 2055 3123 ούρανὸν

399 3136 689 3217 ὁδηγήσει,
719 3138 757 3208 ἢ
790 3134 900 3212 ἄξει
928 3136 1055 3200 τοὺς
1083 3134 1330 3199 πιστούς.

470 3250 503 3280 ‹‹
534 3224 635 3282 Καὶ
667 3224 1045 3301 εἰσελεύσομαι
1075 3224 1215 3304 πρὸς
1243 3224 1308 3281 τὸ
1338 3225 1717 3301 θυσιαστήριον
1732 3226 1831 3281 τοῦ
1856 3227 2056 3282 Θεοῦ.»

398 3347 472 3364 -
496 3314 816 3393 Λατρεύσων
847 3313 996 3389 αὐτῷ
1024 3314 1116 3371 καὶ
1145 3313 1343 3372 θύσων.

472 3427 505 3458 ‹‹
535 3403 681 3478 Πρὸς
763 3405 856 3461 τὸν
930 3404 1060 3461 Θεὸν
1116 3403 1208 3460 τὸν
1263 3402 1619 3482 εὐφραίνοντα
1670 3404 1771 3474 τὴν
1829 3401 2062 3475 νεότητά

404 3514 533 3570 μου.
566 3516 598 3546 ιο
634 3525 704 3537 -
747 3491 995 3565 Νεότητα
1047 3494 1149 3564 τὴν
1201 3493 1384 3567 ἀκμὴν
1430 3499 1534 3564 τῆς
1585 3491 1895 3571 προθυμίας
1944 3492 2062 3548 ἐκά-

400 3580 547 3640 λεσε⁶
591 3585 1031 3662 περιφραστικῶς
1079 3578 1139 3638 δὲ
1187 3579 1392 3658 εἴρηκε,
1440 3580 1581 3659 πρὸς
1633 3582 1725 3638 τὸν
1785 3583 1915 3638 Θεὸν
1968 3582 2059 3638 τὸν

402 3669 756 3750 εὐφραίνοντα
810 3667 909 3745 ἐμὶ
965 3668 1058 3725 τὸν
1112 3662 1428 3742 ἀκμάζοντα
1490 3671 1561 3742 τῇ
1625 3667 1908 3743 προθυμίᾳ
1960 3674 2061 3739 τῆς

401 3759 568 3816 αὐτοῦ
617 3756 892 3835 λατρείας.
940 3756 1116 3832 Δηλοῖ
1162 3754 1222 3813 δὲ
1266 3757 1358 3812 καὶ
1400 3757 1501 3828 τήν
1548 3754 1639 3812 διὰ
1689 3756 2063 3833 βαπτίσματος

404 3846 716 3909 ἀνανέωσιν.

994 3941 1295 3992 ΨΔΛΜΟΣ
1334 3935 1463 3993 Ml".

478 4078 510 4108 α
540 4054 633 4118 Εἷς
680 4053 746 4111 τὸ
797 4051 960 4117 τέλος
1006 4056 1125 4116 τοῖς
1167 4052 1310 4115 υἱοῖς
1355 4052 1494 4126 Κορὲ
1539 4050 1617 4115 εἷς
1668 4050 1902 4109 σύνεσιν.
1939 4073 1969 4105 ››
1998 4083 2070 4094 -

406 4145 515 4214 Τὴν
568 4143 875 4221 ἐπιγραφὴν
936 4144 966 4199 6
1025 4142 1214 4219 παρὼν
1286 4139 1510 4217 ψαλμὸς
1580 4140 1731 4220 φέρει
1806 4145 1904 4197 τοῦ
1983 4136 2071 4214 μα’

407 4231 654 4308 ψαλμοῦ
702 4232 983 4309 προσώπῳ
1021 4229 1081 4288 δὲ
1122 4227 1336 4306 εἷ’ρηται
1380 4234 1488 4286 τῶν
1538 4225 1927 4299 Μακκαὸαίων,
1957 4233 2068 4285 τῶν

408 4319 812 4400 ἀνδρισαμένων
842 4324 980 4378 κατά
1005 4324 1104 4376 τοῦ
1134 4318 1426 4396 Ἀντιόχου
1453 4318 1545 4375 καὶ
1582 4323 1692 4375 τῶν
1748 4316 2068 4375 Μακεδόνων

407 4412 728 4484 πεποιθήσει
853 4410 931 4474 είς
961 4408 1114 4467 Θεόν.

481 4524 511 4554 11
542 4501 600 4556 Ὀ
655 4500 807 4573 Θεὸς,
866 4500 920 4556 ἐν
973 4503 1092 4562 τοῖς
1166 4495 1296 4553 ὠσὶν
1374 4498 1538 4571 ἡμῶν
1615 4496 1948 4572 ἠκούσαμεν,
2019 4498 2072 4553 οἱ

2147 623 2356 698 ὁμοίως
2385 628 2619 702 κρατῶν.

2220 734 2249 765 ‹‹
2278 712 2333 766 Ὀ
2362 710 2759 787 ἐντελλόμενος
2815 713 2910 777 τὰς
2958 712 3226 790 σωτηρίας
3277 709 3501 774 Ἰακώϐ.
3532 739 3565 769 υ
3600 749 3686 759 —
3740 718 3856 774 Διά

2143 801 2341 857 τούτου
2394 803 2494 872 τὴν
2545 802 2796 860 εὐκολίαν
2843 810 2949 874 τῆς
2995 800 3249 875 ϐοηθείας
3288 802 3605 876 ἐδήλωσεν
3680 805 3859 883 ἀρκεῖ

2146 891 2274 968 γὰρ,
2305 891 2461 969 φησὶ,
2494 889 2661 969 λόγος
2693 913 2789 949 σου
2823 892 2989 968 μόνος
3020 894 3099 957 είς
3143 895 3207 950 τὸ
3255 897 3502 965 σωθῆναι
3558 896 3665 951 τὸν
3723 895 3856 952 ἐπι-

2145 979 2485 1056 γινώσκοντα
2514 979 2667 1037 λαόν.

2220 1092 2250 1122 (ι
2283 1069 2368 1125 Ἐν
2426 1070 2515 1125 σοὶ
2553 1068 2683 1134 τοὺς
2737 1069 2968 1147 ἐχθροὺς
3021 1073 3185 1146 ἡμῶν
3240 1076 3643 1149 κερατιοῦμεν.
3714 1099 3748 1127 ι»
3784 1109 3858 1119 -

2148 1156 2221 1213 Τὸ
2274 1162 2629 1235 κερατιοῦμεν
2686 1159 2802 1216 ἀντὶ
2858 1163 2955 1215 τοῦ
3035 1159 3550 1237 καταγωνισόμεθα,
3620 1161 3694 1218 ἐκ
3762 1185 3860 1237 με·

2148 1252 2386 1325 ταφορᾶς
2415 1252 2523 1303 τῶν
2550 1252 2668 1312 τοῖς
2697 1247 2882 1326 κέρασι
2914 1248 3220 1326 χρωμένων
3257 1250 3411 1320 ζώων
3445 1249 3527 1314 εἷς
3563 1252 3681 1322 τήν
3739 1258 3854 1310 τῶν

2151 1336 2464 1394 ἀντιπάλων
2494 1337 2803 1416 καθαίρεσιν
2814 1380 2826 1394 .

2229 1449 2251 1478 α
2286 1425 2385 1482 Καὶ
2442 1426 2495 1483 ἐν
2552 1431 2631 1501 τῷ
2703 1426 2934 1502 ὀνόματί
3006 1450 3104 1484 σου
3176 1428 3625 1505 ἐξουδενώσομεν
3717 1433 3854 1496 τοὺς

2154 1512 2609 1588 ἐπανισταμένους
2665 1517 2824 1589 ἡμῖν.
2889 1537 2918 1569 »
2967 1549 3038 1558 —
3096 1515 3274 1572 Μόνον
3330 1516 3617 1593 εἰπόντες,
3687 1545 3725 1573 ‹‹
3788 1522 3854 1579 Ὁ

2155 1602 2286 1665 Θεὸς
2340 1607 2442 1658 τοῦ
2474 1603 2716 1679 Ἰσραὴλ,
2748 1627 2778 1657 ››
2813 1602 3316 1685 εὐκαταφρονήτους
3345 1608 3680 1682 ποιήσομεν
3717 1608 3857 1673 τοὺς

2156 1689 2410 1767 ἐχθρούς.

2228 1804 2257 1833 ‹‹
2290 1781 2375 1837 Ἐν
2402 1785 2485 1855 τῷ
2512 1782 2626 1856 Θεῷ
2655 1782 3150 1858 ἐπαινεσθησόμεθα
3178 1783 3317 1857 ὅλην
3366 1786 3468 1855 τὴν
3519 1786 3793 1864 ἡμέραν.
3832 1814 3854 1840 ι

2154 1900 2226 1913 --
2251 1869 2374 1925 Ἐπὶ
2401 1868 2483 1945 τῷ
2510 1871 2696 1947 Κυρίῳ
2726 1872 3126 1949 καυχησόμεθα
3159 1870 3485 1938 διαπαντός.

2235 1999 2259 2029 ιι
2295 1977 2394 2033 Καί
2424 1977 2477 2033 ἐν
2507 1976 2589 2051 τῷ
2617 1977 2848 2053 ὀνόματί
2888 2000 2986 2035 σου
3026 1976 3561 2057 ἐξομολογησόμεθα
3613 1983 3703 2047 εἷς
3764 1984 3861 2040 τὸν

2158 2063 2346 2124 αίῶνα.
2382 2090 2411 2118 ››
2438 2099 2510 2110 -
2537 2068 2602 2123 Ἡ
2630 2067 2682 2123 ἐν
2732 2066 2985 2145 πρόθεσις
3042 2070 3295 2146 περιττήδ
3330 2071 3468 2149 φησί
3521 2070 3663 2150 γὰρ,
3698 2097 3735 2127 α
3766 2078 3860 2147 Τῷ

2160 2153 2389 2230 ὀνόματί
2420 2177 2517 2212 σου
2546 2159 3016 2235 εύχαριστήσομεν
3049 2155 3141 2213 διὰ
3165 2158 3395 2222 παντός.
3429 2183 3462 2212 »

2239 2265 2268 2300 α
2296 2244 2399 2303 Καὶ
2452 2245 2553 2303 οὐκ
2599 2244 2885 2321 ἐξελεύσει,
2917 2248 2946 2302 6
2977 2246 3128 2311 Θεός.
3182 2272 3206 2303 ι
3251 2281 3321 2293 -
3366 2249 3852 2328 Ἀντιχρονικῶς,

2160 2357 2192 2387 ‹‹
2223 2333 2322 2390 Καὶ
2353 2334 2453 2391 οὐκ
2480 2335 2695 2413 ἐξέρχῃ,
2724 2337 2879 2416 φησὶ,
2909 2337 2978 2392 τὰ
3006 2336 3400 2415 στρατεύματα.
3438 2361 3471 2391 ››

2233 2448 2262 2477 ‹‹
2288 2424 2652 2500 Ἀπέστρεψας
2719 2425 2869 2500 ἡμᾶς
2947 2425 3024 2489 εἷς
3098 2426 3162 2482 τὸ
3231 2427 3410 2483 ὀπίσω
3484 2429 3651 2505 παρὰ
3720 2432 3853 2495 τοὺς

2162 2513 2394 2592 ἐχθροὺς
2448 2517 2632 2589 ἡμῶν.
2665 2538 2695 2567 ››
2745 2548 2813 2560 -—
2869 2515 3121 2589 Είωθὼς,
3182 2517 3229 2571 ὧ
3286 2515 3561 2591 Δέσποτα,
3624 2521 3852 2598 τρὲπειν

2162 2604 2289 2667 τοὺς
2320 2602 2551 2680 ἐχθροὺς
2578 2606 2740 2678 ἡμῶν
2765 2603 2855 2661 καὶ
2884 2606 3034 2678 ἡμᾶς
3061 2604 3471 2684 κρατύνειν,νῦν
3499 2606 3571 2664 16
3594 2607 3845 2667 ἐναντίον

2163 2692 2494 2765 πεποίηκας.

2236 2806 2265 2835 ‹‹
2299 2784 2607 2858 Διήρπαζον
2637 2784 2870 2847 ἑαυτοῖς.
2900 2806 2921 2836 ο
2955 2816 3027 2826 -
3046 2786 3358 2862 Διήρπαζον
3387 2784 3460 2841 τὰ
3484 2788 3764 2865 ἡμέτερα.

2242 2894 2273 2929 α
2299 2869 2548 2936 Ἔδωκας
2585 2875 2736 2947 ἡμᾶς
2785 2872 2864 2936 ὡς
2904 2867 3156 2951 πρόϐατα
3199 2875 3481 2951 βρώσεως.
3519 2900 3550 2929 n
3583 2911 3656 2921 -
3686 2880 3836 2950 Ἐξέ-

2167 2959 2345 3025 δωκας
2375 2963 2527 3036 ἡμᾶς
2558 2960 2635 3025 είς
2667 2963 2893 3041 σφαγήν.

2245 3073 2274 3108 σ
2301 3050 2401 3107 Καὶ
2449 3049 2502 3106 ἐν
2545 3055 2665 3115 τοῖς
2720 3047 2895 3107 ἔθνεσι
2943 3048 3253 3129 διέσπειρας
3298 3056 3474 3128 ἡμᾶς.
3502 3075 3530 3111 ι
3558 3086 3622 3097 —
3660 3057 3818 3110 Ὅσοι

2165 3141 2257 3196 τὸν
2315 3140 2535 3206 θάνατον
2596 3138 2947 3220 διεφύγομεν,
3001 3139 3134 3217 τῇδε
3186 3141 3409 3199 κάκεῖσε
3466 3142 3822 3220 ἀπεμπολού-

2172 3250 2342 3304 μενοι,
2375 3226 2650 3287 δουλεύειν
2683 3230 3121 3308 ἀναγκαζόμεθα.

2240 3342 2271 3373 ‹‹
2304 3316 2535 3376 ’Δπέδου
2591 3319 2684 3375 τὸν
2742 3317 2873 3376 λαόν
2934 3341 3031 3376 σου
3100 3317 3226 3376 ἄνευ
3298 3325 3491 3397 τιμῆς.
3542 3346 3575 3375 ››
3630 3356 3703 3368 —
3758 3325 3848 3388 Ὠς

2169 3407 2482 3485 ἀχρήστους
2507 3407 2599 3465 καὶ
2634 3408 2862 3483 ἀτίμους
2918 3407 3149 3474 δούλους
3204 3409 3461 3467 ἐκδίδωσι
3488 3433 3578 3476 τις
3608 3409 3853 3491 δωρεὰν,

2166 3494 2359 3575 κέρδος
2385 3497 2691 3575 ἡγούμενος
2715 3499 2817 3569 τὴν
2872 3497 3081 3554 τούτων
3140 3496 3494 3579 ἀπαλλαγὴν,
3546 3500 3705 3559 οὕτω
3756 3504 3856 3559 καὶ

2171 3585 2235 3642 σὺ
2262 3583 2524 3659 ἐξέδωκας
2551 3589 2700 3662 ἡμᾶς
2724 3592 2842 3651 τοῖς
2871 3587 3123 3666 ἐχθροῖς.

2247 3699 2277 3729 (ι
2308 3674 2411 3732 Καὶ
2443 3674 2545 3731 οὐκ
2567 3676 2634 3747 ἧν
2665 3673 2879 3747 πλῆθος
2909 3676 2962 3732 ἐν
3000 3682 3119 3742 τοῖς
3164 3675 3540 3757 ἀλανάγμασιν
3584 3683 3797 3756 ἡμῶν.
3832 3710 3857 3738 ι

2172 3796 2243 3809 --
2272 3765 2518 3841 Ἐχθρῶν
2549 3763 2602 3820 ἐν
2632 3768 2712 3838 τῷ
2742 3766 2861 3821 καθ’
2887 3766 2923 3837 ή
2935 3770 3050 3839 μῶν
3106 3764 3400 3838 ἀλαλάζειν
3448 3769 3522 3825 τὰ
3580 3769 3863 3834 ἐπινίκια,

2174 3851 2303 3911 ἀλλ’
2332 3853 2422 3909 ὑπ’
2451 3852 2658 3929 ὀλίγων
2685 3853 3102 3931 ᾖχμαλωτεύθη
3113 3875 3232 3930 μεν.

2247 3944 2468 4001 «Ἔθου
2513 3945 2663 4018 ἡμᾶς
2719 3939 2927 4008 ὄνειδος
3005 3950 3125 4008 τοῖς
3203 3943 3438 4021 γείτοσιν
3496 3948 3692 4022 ἡμῶν,
3766 3973 3871 4026 μυ.

2174 4033 2481 4111 κτηρισμὸν
2510 4033 2601 4088 καὶ
2641 4032 2933 4110 χλεύασμα
2984 4039 3104 4098 τοῖς
3145 4030 3337 4108 κύκλῳ
3384 4037 3576 4110 ἡμῶν.
3614 4062 3647 4091 ››
3680 4071 3763 4085 —
3793 4044 3873 4097 Τά

2179 4119 2300 4193 ἔθνη
2333 4121 2385 4177 ἐν
2417 4122 2501 4186 οἷς
2539 4118 2873 4198 δουλεύομεν
2906 4125 3198 4198 (repetitio
3255 4129 3445 4184 exstat
3494 4126 3558 4185 in
3613 4129 3871 4190 duobus

2178 4211 2396 4285 oodd.).
2675 4271 2679 4274 ,

2252 4300 2418 4358 Ἔθου
2459 4301 2609 4375 ἡμᾶς
2653 4299 2729 4363 είς
2774 4295 3100 4377 παραϐολὴν
3150 4300 3204 4358 ἐν
3248 4306 3365 4366 τοῖς
3410 4299 3613 4379 ἔθνεσι,
3644 4306 3873 4381 κίνησῗν

2179 4388 2424 4468 κεφαλῆς
2454 4388 2505 4445 ἐν
2534 4394 2653 4452 τοῖς
2701 4388 2877 4452 λαοῖς.
2901 4413 2931 4443 »ι
2961 4421 3033 4434 -
3060 4392 3137 4446 Τὰ
3183 4386 3309 4464 ἔθνη
3358 4390 3411 4448 ἐν
3456 4394 3543 4456 οἷς
3588 4391 3875 4455 δουλεύο-

2185 4498 2280 4553 μεν
2337 4474 2688 4555 παράδειγμα
2742 4477 2962 4556 ἔχουσιν
3016 4481 3165 4555 ἡμᾶς
3230 4479 3282 4536 ἐν
3342 4486 3422 4555 τῷ
3475 4480 3691 4555 πλήθει
3753 4493 3872 4545 τῶν

409 4588 638 4668 πατέρες
694 4571 856 4665 ἡμῶν
931 4585 1275 4664 ἀπήγγειλαν
1329 4588 1492 4660 ἡμῖν,
1545 4583 1705 4664 ἔργον
1753 4586 1784 4641 ’ὸ
1833 4571 2072 4664 εἰργάσω
2108 4655 2143 4668 _
2181 4571 2502 4668 συμεξεξριῖξν-

409 4678 463 4735 ἐν
512 4655 629 4743 ταῖς
694 4655 928 4755 ἦμέραις
994 4655 1170 4732 αύτῶν
1241 4675 1294 4731 ἐν
1353 4655 1588 4750 ἦμέραις
1621 4655 1968 4752 ἀρχαίαις...
2004 4708 2073 4720 —
2101 4655 2150 4723 Β

411 4768 746 4843 Ἥκούσαμεν
794 4768 858 4824 τὸ
903 4766 996 4822 σὸν
1048 4762 1207 4843 ἔργον
1252 4765 1403 4840 παρά
1442 4767 1549 4819 τῶν
1603 4765 1849 4842 πατέρων
1882 4766 1917 4835 ἡ
1928 4768 2067 4838 μῶν,

409 4856 561 4930 ετιή
593 4854 822 4932 δύναμίς
881 4876 978 4911 σου
1033 4850 1158 4925 ἔθνη
1217 4853 1477 4932 ἠφάνισεν
1536 4851 1598 4907 ἐκ
1622 4860 1724 4923 τῆς
1775 4851 2067 4909 Παλαιστί·

409 4968 534 5021 νης,
565 4946 656 5004 καὶ
709 4943 837 5010 τοὺς
888 4941 1124 5018 πατέρας
1181 4944 1344 5017 ἡμῶν
1398 4940 1709 5005 κατοικίσας
1763 4938 2068 5019 ἡδραίωσεν

412 5034 574 5095 αὐτῆ.

490 5059 513 5094 1
561 5082 574 5095 .

490 5059 607 5182 «ὩὉ
656 5125 903 5205 βραχίων
954 5122 1131 5180 αὐτῶν
1172 5121 1272 5178 οὐκ
1315 5117 1513 5177 ἔσωσεν
1557 5118 1775 5185 αύτούς.
1810 5144 1840 5174 ››
1870 5153 1941 5165 --
1978 5122 2072 5178 Ἐκ

411 5219 513 5273 τοῦ
539 5213 795 5289 πολέμου
821 5218 931 5271 τῶν
963 5209 1324 5291 ἀλλοφύλων.

486 5327 520 5359 «
549 5302 726 5363 Ἀλλὰ
780 5306 817 5375 ἡ
868 5300 1016 5374 δεξιά
1054 5322 1152 5357 σου
1200 5299 1290 5356 καὶ
1349 5301 1378 5356 6
1439 5297 1686 5377 βραχίων
1729 5320 1851 5371 σου,
1901 5299 1992 5356 καὶ
2041 5300 2070 5356 ὁ

417 5391 703 5474 φωτισμὸς
753 5396 853 5450 τοῦ
910 5391 1212 5471 προσώπου
1268 5410 1386 5447 σου.
1416 5410 1444 5445 ιι
1478 5421 1549 5433 --
1578 5389 1761 5461 Δεξιάν
1811 5389 1902 5445 καὶ
1938 5391 2072 5466 βρα-

415 5480 583 5561 χίονα
610 5481 816 5559 Κυρίου
841 5483 943 5554 τήν
969 5481 1111 5547 θείαν
1145 5479 1401 5553 ὀνομάζει
1445 5477 1626 5554 ἰσχύνο
1677 5480 1958 5557 φωτισμὸν
2016 5476 2076 5535 δὲ

418 5570 716 5647 προσώπου
744 5571 845 5643 τὴν
878 5570 1178 5639 ἐπισκοπὴν
1214 5568 1305 5623 καὶ
1336 5567 1648 5642 ἀντίληψιν*
1681 5570 1716 5638 ἡ
1769 5564 1988 5623 εὐδοκία
2016 5565 2076 5623 δὲ

421 5658 676 5734 σημαίνει
701 5659 764 5715 τὸ
791 5658 984 5737 ἀγαθὸν
1010 5655 1218 5738 δόγμα.

470 5745 639 5827 ,αιὺ
697 5747 745 5803 εἶ
788 5746 949 5813 αὐτὸς
997 5747 1028 5803 6
1078 5743 1335 5824 βασιλεύς
1402 5765 1530 5823 μου.
1581 5768 1611 5799 »
1661 5778 1729 5791 --
1777 5747 1833 5802 Ὀ
1901 5746 2078 5803 ἐκεῖνα

806 5948 813 5953 κ
830 5912 928 5955 ’ἢν
965 5914 1006 5945 ’⁵9

2254 4680 2283 4709 ››
2314 4658 2454 4712 Ἀπὸ
2484 4659 2666 4735 φωνῆς
2697 4653 3054 4728 ὀνειδίζοντος
3095 4659 3189 4714 καὶ
3217 4658 3688 4727 καταλαλοῦντος.
3727 4689 3764 4719 ››
3795 4699 3870 4711 --

2175 4743 2248 4800 Τὸ
2271 4743 2710 4809 καταλαλοῦντος
2739 4745 2857 4801 ἀντὶ
2887 4751 2984 4802 τοῦ
3019 4745 3498 4827 βλασφημοῦντος.

2251 4858 2281 4888 ‹‹
2314 4834 2453 4890 Ἀπὸ
2510 4835 2809 4910 προσώπου
2866 4835 3069 4913 ἐχθροῦ
3122 4836 3215 4893 καὶ
3273 4835 3669 4905 ἐκδιώκοντος.
3708 4866 3735 4895 ι
3794 4878 3870 4889 —

2182 4918 2426 5001 Σοϐαρὸν
2479 4925 2584 5002 γὰρ
2643 4924 2841 5002 ὁρῶσιν
2901 4925 2978 4988 εἷς
3033 4925 3131 5002 ἐμὲ
3186 4927 3240 4983 οἱ
3296 4925 3513 5006 ἐχθροὶ,
3576 4931 3679 4987 καὶ
3741 4934 3867 4992 068’

2179 5007 2522 5070 ἀντιϐλέπειν
2553 5012 2770 5078 τούτοις
2802 5014 3006 5092 ἰσχύω.

2254 5125 2285 5157 ‹‹
2312 5106 2489 5159 Ταῦτα
2529 5102 2705 5159 πάντα
2742 5102 2909 5174 ἦλθεν
2963 5103 3044 5182 ἐφ’
3072 5105 3242 5180 ἡμᾶς,
3273 5107 3366 5162 καὶ
3421 5106 3525 5164 ούκ
3582 5107 3867 5170 ἐπελαθό-

2185 5190 2321 5267 μεθά
2348 5213 2470 5248 σου.
2504 5215 2534 5245 ››
2562 5225 2634 5237 —-
2651 5195 2816 5249 Ὥστε
2845 5192 3112 5268 ὀνομάσαι
3143 5194 3274 5251 Θεὸν
3300 5191 3510 5273 ἕτερον.

2259 5299 2416 5355 «Καὶ
2470 5299 2571 5356 οὐκ
2628 5297 2970 5375 ἠδικήσαμεν
3024 5301 3076 5356 ἐν
3123 5298 3353 5379 διαθήκῃ
3396 5324 3516 5364 σου.
3570 5329 3602 5359 ››
3649 5341 3724 5351 -
3786 5311 3864 5367 06

2180 5382 2496 5466 παρέὗημεν
2524 5389 2616 5446 τὸν
2642 5389 2808 5463 νόμον
2836 5407 2961 5446 σου·
2996 5391 3073 5455 εἷς
3114 5391 3209 5448 τὸν
3249 5391 3418 5468 νόμον
3459 5394 3563 5470 γὰρ
3614 5394 3861 5455 ἀδικεῖὸ

2182 5473 2449 5554 παραϐαίν
2457 5500 2531 5535 ων
2561 5477 2722 5536 αὐτόν
2733 5522 2746 5536 .

2256 5591 2287 5622 (ι
2316 5567 2417 5623 Καὶ
2447 5567 2546 5624 ούκ
2573 5568 2776 5641 ἀπέστη
2810 5568 2885 5634 εἷς
2928 5570 2998 5625 τὰ
3046 5568 3221 5626 ὀπίσω
3268 5571 3303 5641 ἠ
3356 5569 3559 5649 καρδία
3599 5576 3798 5649 ἡμῶν.
3835 5604 3864 5632 ιι

2183 5689 2253 5701 -
2281 5659 2486 5734 ’Ὠσπερ
2516 5658 2545 5712 6
2573 5657 2745 5733 νόμος
2798 5656 2874 5721 είς
2927 5657 2998 5714 τὰ
3052 5656 3361 5734 ἔμπροσθεν
3421 5659 3565 5739 ἄγει,
3604 5664 3791 5732 οὕτως
3825 5670 3861 5739 ἠ

2184 5745 2499 5823 παρανομία
2527 5745 2603 5812 είς
2630 5746 2698 5805 τὰ
2727 5746 2904 5805 ὀπίσω
2932 5746 3268 5825 μεθίστησιν.

3550 6306 3739 6371 .·
3756 6304 3843 6335 δίπῖ
3864 6310 3889 6329 -’
3916 6332 3975 6355 ___:
