4072 6422
284 423 446 490 1461

1513 417 1931 484 EXPOSITIO
1975 417 2053 482 IN
2099 418 2486 486 PSALMOS.

3555 421 3710 486 1462

361 553 528 616 «Καὶ
586 552 687 615 οὐκ
739 551 1010 630 ἐξέκλινας
1065 553 1162 618 τὰς
1215 546 1436 631 τρίϐους
1495 552 1654 625 ἡμῶν
1687 550 1794 607 ἀπὸ
1839 556 1941 621 τῆς
1970 552 2222 623 Ατήτου
2308 551 2491 617 οὐσίας
2579 575 2674 610 σου
2748 552 2847 624 τὴν
2919 549 3208 633 τυραννίδα
3279 557 3377 613 τοῦ
3445 547 3707 614 διαϐόλου

279 647 420 706 ὁδοῦ
466 671 646 704 σου.»
691 681 760 692 —
803 646 939 706 Ἀπὸ
985 647 1172 700 κοινοῦ
1214 643 1278 700 τὸ
1326 641 1613 718 ἀρνητικόν
1641 662 1652 674 ·
1701 639 1938 704 πολλοῖς

286 741 388 814 μὲν
440 737 710 815 ἀλγεινοῖς
764 739 913 811 ἡμᾶς
969 731 1304 796 ἐπαίδευσας⁶
1366 732 1428 787 οὐ
1486 730 1822 808 παρέτρεψας
1882 727 1941 785 δὲ

276 839 386 900 την
420 825 696 905 διαγωγὴν
727 829 762 897 ἡ
774 830 888 900 μῶν
910 824 1015 880 ἀπὸ
1045 827 1141 879 τοῦ
1168 822 1341 897 νόμου
1366 841 1481 877 σου·
1517 820 1578 877 οὐ
1609 821 1709 898 γὰρ
1750 819 1937 876 τέλεον

279 920 438 992 ἡμᾶς
470 915 835 994 ἐγκατέλιπες.

363 1031 392 1060 ‹‹
421 1007 520 1062 Καὶ
552 1004 883 1081 ἐπεκάλυψεν
914 1006 1085 1079 ἡμᾶς.
1120 1026 1149 1055 ››
1178 1036 1246 1046 —-
1278 1003 1340 1057 ἹΙ
1371 1006 1495 1056 σκιᾶ
1549 999 1795 1075 μιμεῖταί
1823 1019 1940 1061 πως

273 1097 348 1152 τὸ
374 1095 754 1171 πρωτότυπον.

363 1209 391 1237 ‹‹
420 1186 558 1240 Σκιᾶ
611 1183 862 1241 θανάτου.
919 1207 947 1236 ››
1008 1213 1078 1224 -
1133 1182 1234 1243 Τὰς
1303 1184 1382 1252 τῷ
1437 1179 1650 1252 θανάτῳ
1703 1175 1940 1240 ἐοικυίας

280 1272 503 1349 θλίψεις
537 1271 807 1330 ἐκάλεσεν.

357 1387 389 1416 ‹‹
422 1363 562 1439 Οὐχὶ
593 1365 622 1419 6
652 1364 784 1426 Θεὸς
814 1362 1099 1432 ἐκζητήσει
1130 1363 1298 1414 ταῦτα
1329 1377 1343 1429 ;
1377 1357 1537 1421 αὐτὸς
1559 1359 1662 1434 γὰρ
1685 1357 1940 1433 γινώσκει

272 1453 349 1510 τὰ
379 1454 582 1535 κρύφια
630 1462 732 1526 τῆς
781 1452 1026 1526 καρδίας.
1056 1478 1084 1506 ››
1135 1486 1206 1496 -
1245 1452 1317 1507 Τὸ
1360 1451 1666 1522 ἐκζητήσει,
1699 1447 1816 1504 ἀντὶ
1844 1451 1941 1503 τοῦ

277 1543 539 1616 ἐξετάσει.

358 1657 390 1688 ι(
420 1634 543 1693 Ὅτι
573 1631 749 1689 ἕνεκέν
783 1655 879 1688 σου
929 1629 1303 1706 θανατούμεθα
1346 1629 1484 1700 ὅλην
1515 1630 1612 1698 τὴν
1640 1627 1878 1704 ἡμέραν.
1913 1649 1942 1677 ››

271 1756 352 1766 -
431 1725 729 1797 Δυνάμενοι
807 1722 1084 1786 συνθέσθαι
1153 1725 1270 1782 τοῖς
1348 1715 1778 1793 εἰδωλολάτραις
1851 1714 1942 1769 καὶ

272 1812 592 1890 εὐπραγεῖν,
647 1810 737 1868 διὰ
795 1813 852 1868 σε
899 1812 1312 1884 ἀποθνήσκομεν
1364 1813 1434 1883 τῇ
1492 1806 1803 1884 προαιρέσει
1854 1801 1945 1860 διὰ

273 1902 511 1966 παντός.

2049 637 2341 698 κατάλαϐε.

2123 756 2151 783 ‹‹
2185 731 2287 788 Καὶ
2342 731 2571 788 ἕντεινον
2626 733 2714 790 καὶ
2773 732 3068 790 κατευοδοῦ
3121 734 3212 791 καὶ
3266 733 3535 812 βασίλευε.
3573 759 3602 789 ››
3635 768 3704 781 --

2051 819 2347 876 Ἐπίτεινον
2393 823 2492 891 τήν
2543 822 2720 898 ὁρμήν
2783 845 2898 897 σου,
2959 823 3225 901 κατόρθου
3282 830 3384 880 πᾶν
3432 825 3460 880 ’ὸ
3503 825 3700 896 θέλεις,

2049 908 2141 964 καὶ
2205 910 2418 985 κυρίευε
2479 916 2588 968 τῶν
2639 913 3026 990 ἐπερχομένων
3075 935 3159 969 σοι
3217 911 3305 970 διὰ
3355 914 3453 977 τὰς
3511 913 3702 989 ἀρετάς

2050 1020 2166 1058 σου.

2127 1113 2149 1142 α
2186 1091 2284 1146 Καὶ
2336 1089 2598 1168 ὁδηγήσει
2650 1113 2707 1148 σε
2755 1098 3076 1167 θαυμαστῶς
3125 1095 3162 1165 ἡ
3215 1091 3358 1165 δεξιά
3405 1115 3521 1150 σου.
3574 1118 3604 1148 ››
3635 1127 3706 1139 --

2050 1179 2158 1236 Καὶ
2190 1179 2380 1256 ἀγάγει
2420 1201 2478 1237 σε
2525 1180 2614 1237 ἐπὶ
2659 1186 2825 1237 ταῦτα
2868 1183 2937 1238 τὰ
2980 1182 3379 1260 κατορθώματα
3415 1185 3443 1254 ἡ
3477 1180 3705 1256 δύναμίς

2053 1289 2171 1339 σου,
2207 1267 2439 1342 μηδενὸς
2472 1269 2648 1326 ἄλλου
2695 1269 2972 1346 δεόμενον.
3030 1277 3361 1346 Θαυμαστῶς
3408 1269 3466 1328 δὲ
3505 1271 3588 1328 ὅτι
3618 1271 3708 1328 διὰ

2051 1365 2153 1429 τῆς
2183 1359 2416 1436 κατάρας
2446 1361 2545 1430 τὴν
2579 1360 2810 1439 κατάραν
2844 1361 3198 1441 ἐξαφανίσεις,
3237 1362 3326 1418 καὶ
3359 1359 3450 1418 διὰ
3479 1362 3706 1419 θανάτου

2050 1451 2293 1526 καταργή
2303 1470 2410 1512 σεις
2432 1449 2523 1505 τὸν
2555 1449 2796 1507 θάνατον.

2124 1580 2154 1609 ‹‹
2184 1557 2260 1611 Τὰ
2291 1555 2425 1633 βέλη
2483 1579 2578 1612 σου
2625 1557 2963 1632 ἠκονημένα,
3013 1555 3220 1614 δυνατέ·
3270 1557 3396 1615 λαοὶ
3452 1559 3706 1616 ὑποκάτω

2053 1667 2148 1700 σου
2177 1650 2463 1702 πεσοῦνται
2496 1645 2548 1702 ἐν
2580 1645 2777 1724 καρδίᾳ
2820 1652 2927 1703 τῶν
2961 1647 3171 1724 ἐχθρῶν
3220 1651 3317 1702 τοῦ
3350 1646 3643 1724 βασιλέως.
3677 1673 3708 1703 ››

2052 1767 2122 1776 -
2177 1730 2554 1812 Ὑπερϐατῶς,
2610 1736 2678 1791 τὰ
2739 1734 2875 1813 βέλη
2938 1758 3035 1792 σου
3092 1738 3459 1810 ἠκονημένα,
3515 1759 3646 1795 τουτ
3679 1771 3704 1783 -

2053 1825 2166 1880 ἐστι
2195 1826 2248 1880 οἱ
2298 1824 2646 1902 εὐαγγελικοί
2693 1847 2777 1882 σοι
2826 1825 3007 1902 λόγοι.
3041 1826 3298 1903 Λαμπροὶ
3344 1824 3402 1882 δὲ
3442 1827 3705 1901 τμητικοὶ

1971 1928 2020 1994 Β
2052 1912 2104 1969 ἐν
2152 1911 2349 1989 καρδίᾳ
2393 1919 2500 1970 τῶν
2553 1913 2766 1991 ἐχθρῶν
2810 1921 2906 1971 τοῦ
2959 1915 3229 1992 βασιλέως
3279 1937 3395 1987 σου,
3444 1919 3551 1971 τῶν
3607 1917 3702 1989 μὲν

358 2015 388 2043 ‹<
417 1990 709 2081 Ἐλογίσθη
724 2011 817 2081 μεν
868 1991 944 2054 ὡς
994 1985 1244 2065 πρόϐατα
1292 1994 1528 2066 σφαγῆς·
1578 2009 1606 2039 ’³
1639 2017 1709 2028 ··’·
1739 1986 1839 2040 Διά
1877 1983 1940 2040 τὸ
1972 1983 2019 1994 υ
2053 1983 2338 2077 δαιμόνων⁷
2381 2003 2520 2081 πρὸς
2565 1983 2848 2078 νέκρωσιν,
2896 1983 3000 2062 τῶν
3035 2003 3092 2062 δὲ
3139 2004 3214 2068 εἷς
3246 1983 3702 2081 είδωλολατρείαν

274 2082 425 2160 πρὸς
455 2080 723 2155 ἀναίρεσιν
756 2079 1000 2157 εὐχερές.

360 2195 390 2223 ‹‹
421 2168 780 2244 Ἐπιλανθάνῃ
828 2172 927 2239 τῆς
971 2166 1249 2244 πτωχείας
1298 2169 1458 2240 ἡμῶν
1513 2163 1604 2220 καὶ
1660 2169 1762 2233 τῆς
1816 2161 1942 2218 θλέ-

276 2263 434 2336 ψεως
463 2263 645 2334 ἡμῶν.
684 2284 713 2311 ››
739 2293 808 2302 —
839 2258 1100 2335 Πτωχεία
1129 2257 1345 2333 λέγεται
1382 2256 1473 2311 καὶ
1501 2257 1536 2324 ἡ
1583 2249 1856 2328 κακουχία
1885 2251 1944 2306 ἐκ

273 2354 380 2405 τοῦ
413 2348 510 2404 ἐπο
519 2351 703 2424 μένου.

357 2441 538 2494 «Ὅτι
595 2438 926 2509 ἐταπεινώθη
988 2437 1062 2500 εἷς
1114 2441 1250 2513 χοῦν
1296 2438 1332 2506 ἡ
1378 2436 1532 2510 ψυχὴ
1582 2437 1764 2508 ἡμῶν.
1812 2456 1840 2485 ››
1871 2464 1942 2474 -

276 2532 728 2607 Περιφραστικῶς
766 2547 778 2559 ·
843 2529 1009 2604 μέχρι
1063 2533 1164 2596 τῆς
1237 2532 1343 2598 γῆς
1416 2524 1586 2594 αὐτῆς
1641 2525 1884 2596 κατεκάμ
1915 2555 1939 2565 -

279 2620 390 2696 φθη
403 2638 524 2690 μεν,
554 2618 630 2681 ὡς
675 2618 766 2673 καὶ
812 2618 913 2686 τὴν
953 2617 1186 2694 γαστέρα
1231 2616 1392 2688 ἡμῶν
1442 2613 1578 2688 αὐτῇ
1610 2610 1840 2669 πελάσαι
1871 2619 1938 2681 τῆ

279 2715 356 2784 γῆ
394 2748 407 2762 .
460 2707 558 2762 Διά
613 2706 820 2763 τούτων
878 2704 936 2762 δὲ
985 2704 1048 2761 τὸ
1105 2705 1252 2761 πολὺ
1315 2705 1482 2780 βάρος
1533 2702 1782 2782 ἐμφαίνει
1836 2705 1942 2756 τῶν

281 2794 549 2872 θλίψεων.
607 2795 939 2869 Ἀρμόζουσι
995 2793 1054 2850 δὲ
1109 2795 1162 2849 οἱ
1220 2793 1381 2869 λόγοι
1437 2792 1525 2848 καὶ
1591 2799 1707 2854 τοῖς
1761 2789 1939 2866 ἁγίοις

288 2885 543 2964 μάρτυσι,
574 2885 665 2941 καὶ
696 2892 825 2941 πᾶσι
855 2889 972 2949 τοῖς
1006 2883 1460 2960 ἐπηρεαζομένοις
1492 2879 1582 2936 διὰ
1611 2879 1864 2958 Χριστόν.

875 3046 1175 3102 ΨΑΛΜΟΣ
1217 3044 1349 3100 ΜΔ’.

363 3212 390 3241 ‹‹
418 3189 515 3252 Εἷς
563 3190 625 3244 τὸ
671 3187 850 3261 τέλος,
899 3187 1032 3262 ὑπὲρ
1077 3191 1186 3242 τῶν
1237 3183 1770 3258 ἀλλοιωθησομένων
1820 3188 1940 3246 τοῖς

282 3278 427 3340 υἱοῖς
477 3279 620 3354 Κορὲ
666 3276 743 3339 εἰς
801 3275 1028 3347 σύνεσιν,
1078 3273 1195 3349 ᾠδὴ
1241 3275 1375 3351 ὐπῖερ
1424 3278 1522 3329 τοῦ
1567 3275 1872 3349 ἀγαπητοῦ.
1906 3296 1935 3325 ››

281 3398 356 3410 -
412 3363 993 3439 Ἀλλοιωθησομένους
1051 3365 1183 3443 φησὶ
1235 3363 1362 3426 τοὺς
1419 3361 1802 3440 Χριστιανοὺς,
1862 3361 1936 3424 ὡς

287 3453 827 3530 μεταποιησομένους
875 3451 965 3509 διὰ
1018 3461 1118 3524 τῆς
1164 3451 1582 3528 παλιγγενεσίας
1639 3455 1735 3506 τοῦ
1792 3450 1939 3505 θείου

286 3545 686 3623 βαπτίσματοςο
756 3543 1031 3620 ἀγαπητὸν
1083 3541 1141 3598 δὲ
1187 3543 1279 3597 τὸν
1330 3541 1587 3616 Χριστὸν,
1640 3539 1720 3612 τῷ
1768 3538 1939 3616 Πατρὶ

287 3635 384 3710 μὶν
415 3634 491 3696 ὡς
529 3633 671 3703 Υἱὸν,
703 3635 839 3707 ἡμῖν
870 3630 928 3688 δὲ
955 3631 1031 3695 ὡς
1062 3632 1274 3708 Πατέρα
1302 3628 1832 3702 κηδεμονικώτατον.

363 3747 386 3776 ιι
423 3722 774 3800 Ἐξηρεύξατο
823 3724 858 3792 ἡ
906 3719 1102 3798 καρδία
1153 3742 1256 3796 μου
1305 3715 1474 3795 λόγον
1523 3718 1744 3794 ἀγαθόν.
1801 3741 1830 3769 ››
1873 3751 1942 3760 —-

286 3811 713 3888 Προοιμιάζεται
771 3811 800 3866 6
858 3812 1157 3889 Προφήτης
1223 3807 1306 3865 ὅτι
1372 3807 1533 3884 λόγον
1593 3807 1792 3883 ἀγαθὸν
1851 3806 1942 3862 καὶ

286 3902 559 3975 σωτήριον
593 3898 724 3974 ἐρεῖ,
761 3895 975 3974 μεγάλα
1003 3896 1394 3973 προαγορεύσει
1422 3896 1547 3972 περὶ
1578 3898 1834 3972 Χριστοῦ.

365 4010 394 4039 ι(
424 3988 580 4063 Λέγω
613 3987 718 4062 ἐγὼ
745 3987 812 4041 τὰ
843 3985 972 4062 ἔργα
1005 4007 1110 4061 μου
1140 3990 1218 4058 τῷ
1261 3985 1494 4062 βασιλεῖ.
1519 4008 1548 4036 ››
1569 4019 1638 4028 ——
1677 3991 1942 4063 Προσφω-

286 4080 391 4148 νεῖ,
441 4075 599 4154 φησὶ,
649 4079 728 4147 τῷ
780 4073 996 4151 βασιλεῖ
1042 4076 1260 4152 Χριστῷ
1305 4075 1373 4129 τὰ
1417 4071 1547 4151 ἔργα
1579 4095 1684 4148 μου
1724 4071 1856 4150 ἔργα
1887 4073 1946 4128 δὲ

286 4165 578 4244 προφήτου
609 4163 665 4219 αἱ
691 4168 1040 4242 προφητεῖαι.

362 4278 392 4306 ‹‹
451 4254 514 4310 Ἡ
559 4251 786 4328 γλῶσσά
837 4273 942 4326 μου
994 4248 1247 4325 κάλαμος
1301 4252 1670 4328 γραμματέως
1721 4251 1944 4328 όξυγρά-

287 4363 415 4423 φου.
467 4367 498 4396 ››
545 4375 616 4387 -
663 4343 725 4398 Ἥ
781 4339 1007 4418 γλῶσσά
1065 4361 1170 4414 μου
1228 4340 1491 4417 ὑπουργεῖ
1543 4345 1624 4414 τῷ
1679 4339 1946 4414 πνεύματι

289 4432 378 4488 οἶα
435 4434 464 4488 6
519 4430 772 4506 κάλαμος
847 4428 1044 4509 γράφει
1111 4431 1452 4509 ταχυγράφῳ
1487 4476 1503 4501 ,
1557 4430 1800 4506 εὐχερῶς
1856 4429 1946 4484 καὶ

287 4521 648 4594 ἀμελετήτως
694 4520 866 4578 ἐκεῖνα
915 4519 1286 4599 φθεγγομένη,
1335 4520 1471 4596 πρὸς
1503 4518 1537 4574 ἃ
1562 4524 1785 4574 κινεῖται
1820 4519 1947 4595 παρ’

288 4631 476 4670 αυτου.

2051 2090 2396 2148 ἀποστάντων
2441 2093 2734 2170 ἀνθρώπῶν
2799 2095 2937 2170 πρὸς
2981 2092 3226 2166 αἷὶτθησιν
3275 2093 3365 2149 καὶ
3413 2092 3702 2171 ἐπίγνωσιν

2047 2184 2148 2236 τοῦ
2204 2181 2496 2237 Δεσπότου.
2553 2181 2674 2238 Εἶεν
2731 2179 2779 2238 δ’
2836 2183 2894 2239 ἂν
2953 2183 3043 2239 καὶ
3102 2183 3154 2239 οἱ
3213 2179 3511 2239 ἀπόστολοι
3564 2181 3700 2261 βέλη

2049 2274 2305 2346 Χριστοῦ.

2128 2380 2151 2410 α
2183 2360 2240 2413 Ὁ
2271 2358 2463 2434 θρόνος
2494 2381 2612 2432 σου,
2646 2361 2674 2416 6
2705 2361 2941 2430 Θεὸς,εἶς
2976 2361 3066 2416 τὸν
3087 2361 3259 2416 αἷῶνα
3285 2365 3388 2418 τοῦ
3419 2361 3638 2425 αἰῶνος.
3673 2384 3701 2414 ›ι

2049 2479 2119 2490 -·
2149 2448 2298 2505 Ἐπεὶ
2331 2446 2563 2512 διπλοῦς
2597 2451 2624 2505 6
2654 2451 2906 2527 Χριστὸς,
2938 2451 3072 2506 ποτὲ
3121 2452 3215 2525 μὲν
3267 2451 3391 2528 περὶ
3429 2457 3531 2522 τῆς
3560 2451 3705 2515 θείας

2048 2538 2213 2595 αὐτοῦ
2245 2539 2452 2617 φύσεως
2481 2542 2516 2610 ἡ
2571 2538 2878 2619 προφητεία
2925 2537 3248 2618 διαλέγεται,
3297 2541 3439 2596 ποτὰ
3486 2537 3543 2597 δὲ
3580 2540 3704 2616 περὶ

2045 2635 2146 2698 τῆς
2180 2628 2543 2702 ἀνθρωπίνης.

2124 2741 2151 2768 ‹‹
2181 2719 2279 2773 Καὶ
2310 2720 2345 2788 ἡ
2383 2713 2582 2794 ῥάϐδος
2610 2725 2711 2789 τῆς
2743 2718 3035 2791 εὐθύτητος
3065 2714 3265 2796 ῥάϐδος
3292 2725 3392 2790 τῆς
3427 2717 3705 2794 βασιλείας

2048 2826 2163 2860 σου.
2201 2829 2230 2856 ››
2262 2838 2332 2849 ——
2361 2807 2416 2860 Ὀ
2445 2805 2635 2883 θρόνος
2665 2807 2728 2862 τὸ
2758 2805 3046 2864 Βασιλικὸν
3068 2806 3409 2882 παρίστησιν·
3442 2808 3477 2876 ἡ
3503 2801 3702 2882 ῥάϐδος

2049 2892 2108 2949 δὲ
2133 2896 2196 2950 τὸ
2227 2893 2555 2954 δικαστικόν.

2121 3009 2150 3037 ‹‹
2184 2985 2283 3040 Διὰ
2309 2990 2471 3041 τοῦτο
2503 2980 2688 3062 ἕχρισέ
2735 3006 2794 3040 σε
2844 2987 2872 3040 ὁ
2904 2984 3055 3059 Θεός,
3107 2987 3136 3042 6
3182 2986 3312 3048 Θεὸς
3363 3006 3478 3060 σου,
3512 2984 3696 3042 ἔλαιον

2049 3072 2426 3150 ἀγαλλιάσεως
2469 3076 2616 3150 παρὰ
2657 3074 2789 3139 τοὺς
2843 3074 3114 3151 μετόχους
3164 3096 3282 3133 σου.
3314 3099 3343 3129 ››
3375 3109 3444 3119 -
3489 3074 3702 3132 ’Λκούει

2046 3164 2136 3218 καὶ
2184 3164 2248 3219 τὸ
2281 3163 2646 3239 πρόσλημμα,
2700 3161 2839 3219 διότι
2887 3165 3163 3221 τεθέωται.
3219 3163 3364 3235 Φησὶ
3405 3167 3556 3241 γοῦν,
3606 3164 3704 3220 Διά

2046 3257 2207 3308 τοῦτο
2267 3251 2341 3316 ὠς
2395 3253 2544 3325 Θεὸς,
2599 3258 2670 3328 τῇ
2731 3254 2918 3318 θεώσει
2979 3249 3227 3325 δηλαδὴ,
3289 3250 3476 3330 ἔχρισέ
3529 3274 3586 3310 σε
3635 3252 3706 3328 τῇ

2049 3341 2264 3414 θεότητι
2325 3343 2353 3397 6
2406 3341 2559 3420 φύσει
2614 3343 2744 3406 Θεός
2803 3364 2920 3415 σου,
2977 3339 3064 3398 ἵνα
3118 3344 3362 3414 ποιήσης
3416 3343 3592 3398 πάντα
3641 3343 3711 3398 τὰ

2050 3431 2329 3508 εἰρημένα.
2364 3438 2591 3508 ’Έχρισε
2643 3429 2702 3487 δὲ
2749 3431 2808 3487 σὲ
2852 3433 3000 3508 παρά
3028 3430 3230 3494 πάντας
3274 3430 3400 3495 τοὺς
3436 3431 3707 3508 μετόχους

2047 3518 2176 3591 ἤτοι
2207 3520 2505 3584 κοινωνούς
2551 3542 2646 3576 σου
2693 3521 2829 3577 κατὰ
2864 3521 2928 3576 τὸ
2958 3521 3188 3598 Χριστὸς
3238 3517 3434 3596 ὄνομα,
3465 3521 3708 3577 τουτέστι

2049 3611 2196 3686 παρὰ
2251 3610 2456 3672 πάντας
2531 3609 2775 3686 βασιλεῖς
2849 3611 2938 3665 καὶ
2996 3611 3160 3686 ἱερεῖς
3234 3609 3324 3665 καὶ
3376 3612 3661 3690 προφήτας
3694 3652 3708 3667 .

2051 3698 2174 3758 Τίνι
2231 3699 2336 3776 γάρ
2397 3698 2572 3754 αὐτῶν
2627 3697 2831 3768 ἥνωται
2888 3701 3007 3763 καθ’
3078 3695 3368 3756 ὑπόστασιν
3425 3701 3453 3755 6
3509 3699 3637 3762 Θεός
3698 3718 3713 3770 ;

2051 3786 2277 3844 Ἔλαιον
2328 3786 2387 3843 δὲ
2425 3790 2527 3858 τὴν
2578 3788 2760 3865 χρίσιν
2809 3786 3096 3844 ἐκάλεσεν·
3149 3786 3534 3863 ἀγαλλιάσεως
3585 3787 3642 3844 δὲ
3678 3791 3713 3859 ἡ

2051 3877 2256 3954 χρίσις·
2292 3877 2408 3932 ἐπεὶ
2457 3877 2762 3954 χαροποιὸς
2812 3880 2846 3948 ἡ
2896 3877 3011 3933 θεία
3060 3876 3217 3955 φύσις
3257 3877 3347 3933 καὶ
3381 3876 3716 3956 εὐφροσύνης

2052 3964 2430 4038 ἀνεκλαλήτου
2460 3987 2568 4042 παρ
2577 3969 2760 4039 εκτική
2771 4012 2783 4026 .

2130 4055 2436 4132 «Σμύρνα,
2483 4056 2572 4110 καὶ
2623 4057 2848 4129 στακτὴ,
2888 4055 2980 4111 καὶ
3034 4055 3197 4112 κασία
3253 4055 3360 4112 ἀπὸ
3415 4059 3522 4112 τῶν
3580 4057 3710 4130 ἱμα-

2052 4143 2183 4200 τίων
2243 4165 2379 4200 σου.
2433 4166 2462 4198 ››
2523 4176 2593 4187 —
2650 4142 2958 4219 Ἐνδύματα
3011 4149 3110 4202 τοῦ
3167 4144 3350 4220 Λόγου
3408 4146 3560 4222 ψυχὴ
3621 4146 3712 4200 καὶ

2055 4233 2204 4310 σὰρξ,
2236 4234 2370 4310 ἅπερ
2401 4231 2622 4310 ἐφόρεσε
2652 4230 2722 4288 δι’
2769 4236 2940 4307 ἡμᾶς.
2976 4234 3069 4289 Ἐκ
3119 4235 3214 4307 μὲν
3266 4231 3358 4289 οὖν
3387 4240 3488 4304 τῆς
3519 4234 3714 4310 σαρκὸς

2053 4321 2314 4397 νέκρωσις
2365 4319 2555 4394 ἓσταῖ,
2616 4321 2799 4401 φησὶν,
2859 4321 2920 4378 ἐκ
2976 4319 3035 4378 δέ
3087 4329 3188 4392 τῆς
3245 4325 3432 4398 ψυχῆς
3479 4319 3712 4386 κάθοδος

2058 4411 2134 4474 είς
2167 4405 2325 4482 ᾅδηνο
2384 4411 2691 4491 κατωφερὲς
2745 4413 2849 4487 γὰρ
2903 4415 2938 4482 ἡ
2996 4413 3220 4483 στακτή·
3280 4411 3332 4483 ἐξ
3390 4411 3712 4491 ἀμφοτέρων

2057 4498 2116 4556 δὲ
2162 4503 2198 4571 ἡ
2254 4498 2454 4557 εὐωδία
2493 4507 2594 4571 τῆς
2653 4500 3071 4577 ἀναμαρτησίας·
3127 4498 3458 4576 ἀρωματίζει
3514 4501 3616 4578 γὰρ
3675 4504 3710 4572 ἡ

2055 4590 2237 4664 κασία,
2269 4589 2391 4660 ἥτις
2422 4589 2512 4645 καὶ
2544 4588 2634 4646 διὰ
2661 4589 2726 4646 τὸ
2755 4587 2991 4661 ξυλῶδες
3020 4586 3300 4662 ὐποδηλοῖ
3339 4611 3460 4653 πως
3499 4590 3589 4646 καὶ
3617 4589 3710 4646 τὸν

361 4723 392 4753 ‹‹
423 4701 639 4778 Ὠραῖος
668 4697 861 4756 κάλλει
893 4699 1039 4775 παρὰ
1083 4696 1212 4761 τοὺς
1241 4696 1392 4760 υἱοὺς
1421 4700 1527 4752 τῶν
1559 4697 1882 4774 ἀνθρώπων.
1916 4719 1946 4749 ››
1977 4669 2023 4734 D
2055 4679 2302 4778 “auffsv-

289 4821 358 4832 --
407 4790 552 4866 Πρὸς
615 4789 846 4866 Χριστὸν
924 4786 1033 4858 ἤδη
1108 4787 1443 4843 ἀποτείνεται
1499 4788 1590 4842 καὶ
1655 4787 1779 4863 περὶ
1834 4789 1943 4842 τῶν

287 4876 496 4954 ἀρετῶν
530 4875 744 4949 διέξεισι
772 4880 872 4933 τοῦ
891 4873 1108 4953 προσλή
1122 4897 1354 4951 μματος,
1379 4901 1407 4929 ‹‹
1433 4877 1671 4950 Ὧραῖος,
1703 4875 1942 4955 φάσκων,

293 4966 340 5022 εἷ
395 4967 498 5037 τήν
551 4967 736 5043 ψυχὴν
795 4967 942 5044 παρά
996 4966 1199 5029 πάντας
1247 4965 1589 5044 ἀνθρῶπους,
1649 4988 1678 5018 ››
1729 4963 1810 5021 ὅτι
1853 4965 1943 5020 καὶ

294 5053 460 5132 μόνος
490 5055 895 5132 ἀναμάρτητος.

361 5170 392 5199 ‹‹
423 5144 684 5223 Ἐξεχύθη
719 5147 756 5215 ἡ
787 5143 951 5223 χάρις
982 5143 1033 5200 ἐν
1064 5141 1276 5222 χείλεσί
1301 5165 1418 5202 σου.
1451 5165 1481 5196 »
1511 5176 1582 5189 —-
1609 5142 1858 5221 Χαρίτων
1892 5145 1944 5200 οῖ

290 5233 446 5314 λόγοι
480 5256 574 5290 σου
599 5234 880 5312 γέμουσιν.

361 5348 391 5379 ‹‹
422 5326 523 5380 Διὰ
570 5327 733 5380 τοῦτο
782 5321 1048 5401 εὐλόγησέ
1096 5343 1156 5378 σε
1203 5323 1233 5378 6
1277 5324 1407 5387 Θεὸς
1439 5323 1517 5386 εἷς
1557 5323 1648 5379 τὸν
1688 5322 1878 5381 αἰῶνα,
1916 5347 1938 5375 ι

287 5449 358 5460 -
387 5416 486 5470 Διὰ
509 5412 708 5476 ταύτας
737 5412 830 5468 οῦν
864 5433 960 5468 σου
988 5411 1085 5476 τὰς
1111 5412 1305 5488 ἀρετὰς
1353 5413 1592 5486 ὑμνητὸν
1627 5410 1717 5468 διὰ
1743 5412 1942 5476 παντὸς

288 5503 513 5576 ἐποίησέ
532 5524 590 5559 σε
615 5503 643 5558 6
669 5497 822 5566 Θεός.

363 5616 394 5648 (ι
449 5592 751 5669 Περίζωσαι
808 5593 906 5662 τὴν
964 5590 1235 5670 ῥομφαίαν
1313 5613 1410 5647 σου
1465 5591 1552 5647 ἐπὶ
1608 5592 1700 5648 τὸν
1767 5591 1940 5667 μηρόν
1996 5666 2002 5670 .

288 5704 406 5754 σου,
440 5681 649 5741 δυνατέ.
682 5706 710 5735 »
741 5714 813 5726 —-
857 5682 967 5752 Τήν
1014 5681 1346 5751 κολαπικήν
1399 5702 1498 5736 σου
1553 5679 1776 5756 δύναμιν
1817 5681 1943 5736 ἀνα-

293 5767 497 5833 λαϐοῦν
545 5771 598 5829 ἐν
647 5778 716 5847 τῆ
765 5772 930 5852 ἀρετῇ
971 5791 1088 5829 σουο
1139 5769 1402 5847 τουτέστι,
1436 5768 1526 5827 διὰ
1569 5772 1668 5841 τῆς
1699 5770 1943 5849 ἀναμαρ-

2127 4793 2156 4822 ‹‹
2191 4769 2325 4827 Ἀπὸ
2378 4766 2586 4845 βάρεων
2637 4767 3018 4846 ἐλεφαντίνων.
3070 4792 3100 4821 ››
3129 4801 3200 4810 —
3246 4769 3354 4838 Τὴν
3403 4770 3574 4844 σάρκα
3622 4768 3712 4824 καὶ

2051 4859 2153 4927 τὴν
2201 4859 2386 4935 ψυχὴν
2439 4857 2531 4913 καὶ
2584 4859 2767 4934 βάρεις
2820 4857 3091 4930 ἐκάλεσεν,
3143 4854 3326 4921 οἷθιους
3359 4855 3575 4930 δηλαδή
3614 4863 3716 4928 τῆς

2056 4947 2312 5020 θεότητος
2349 4991 2361 5004 .
2422 4948 2522 5003 Διὰ
2596 4945 2656 5003 δὲ
2725 4946 3073 5028 ἐλεφαντίνου
3117 4953 3220 5017 τῆς
3282 4947 3480 5024 ἀρετῆς
3531 4946 3708 5004 αὐτῶν

2051 5036 2270 5112 ᾐνίξατο
2296 5037 2396 5106 τήν
2429 5035 2815 5112 λαμπρότητα.

2125 5150 2154 5178 ‹‹
2190 5126 2275 5198 Ἐξ
2334 5127 2408 5181 ὧν
2467 5123 2729 5204 εῦφρανάν
2787 5147 2846 5182 σε
2893 5125 3174 5204 θυγατέρες
3231 5124 3497 5202 βασιλέων
3559 5124 3611 5182 ἐν
3639 5128 3711 5197 τῆ

2051 5219 2188 5288 τιμῆ
2250 5235 2371 5273 σου.
2405 5237 2434 5266 ››
2469 5247 2534 5258 -
2581 5216 2676 5270 Ὦν
2732 5210 2905 5288 ἕνεκα,
2961 5219 3064 5284 τῆς
3121 5215 3434 5291 νεκρώσεως
3490 5211 3704 5285 δηλαδή

2051 5303 2141 5359 καὶ
2171 5309 2272 5374 τῆς
2302 5304 2379 5367 εἷς
2430 5300 2565 5376 ᾅδην
2610 5300 2845 5368 καθόδου
2887 5303 2976 5360 καὶ
3026 5302 3125 5360 ὅσα
3170 5303 3295 5381 περὶ
3339 5303 3402 5359 τὸ
3434 5305 3705 5380 σωτήριον

2051 5391 2244 5464 πάθος,
2295 5392 2615 5472 εὐφρανοῦσί
2657 5414 2716 5448 σε
2764 5392 2815 5447 ἐν
2863 5397 2943 5465 τῷ
2990 5387 3236 5458 σέϐεσθαί
3266 5414 3324 5448 σε
3349 5396 3458 5450 τῶν
3498 5396 3704 5448 πιστῶν

2054 5482 2107 5536 αἱ
2134 5481 2330 5558 ψυχαὶ,
2355 5481 2416 5546 ἃς
2449 5479 2540 5538 διὰ
2584 5486 2682 5538 τοῦ
2731 5481 3106 5558 βαπτίσματος
3156 5483 3208 5537 οἱ
3257 5477 3705 5559 συγκληρονόμοι

2052 5576 2152 5641 τῆς
2185 5577 2284 5642 σῆς
2321 5571 2597 5648 βασιλείας
2629 5569 2928 5626 ἀπόστολοί
2957 5593 3052 5626 σου
3080 5573 3419 5648 γεννήσουσι.

2125 5702 2154 5730 ‹‹
2187 5680 2432 5756 Παρέστη
2465 5681 2500 5748 ἡ
2537 5675 2824 5756 βασίλισσα
2871 5677 2930 5734 ἐκ
2979 5676 3164 5750 δεξιῶν
3215 5700 3310 5736 σου
3341 5677 3393 5735 ἐν
3425 5678 3709 5752 ἱματισμῷ

2053 5768 2337 5848 διαχρύσῳ
2390 5763 2838 5848 περιϐεϐλημένη
2873 5815 2890 5843 ,
2947 5766 3375 5843 πεποικιλμένη.
3423 5791 3453 5823 ››
3530 5799 3600 5810 —
3639 5768 3708 5823 Ἦ
