4072 6422
381 399 537 466 M63

381 619 599 697 Χριστῷ
682 617 1098 697 ένυμφεύσατο,
1158 618 1194 686 ἢ
1280 618 1678 694 παραστήσεται
1763 618 1834 688 τῇ
1905 611 2032 686 δόξῃ

379 709 545 766 αύτυῦ
599 703 1046 784 περιϐεϐλημένη
1104 711 1183 778 τῷ
1239 705 1369 778 θείῳ
1430 705 1759 782 βαπτίσματι
1815 702 1904 758 καὶ
1959 708 2027 771 τῆ

377 804 477 855 τοῦ
544 797 858 872 Πνεύματος
934 795 1120 873 χάριτι
1175 842 1192 869 ,
1267 795 1357 850 καὶ
1434 792 1838 868 πεποικιλμένη
1911 796 2030 853 ταῖς

382 889 598 967 ἀρεταῖς
608 932 621 947 .

453 1002 485 1032 ‹‹
513 979 803 1048 ’¹Ακουσον,
845 975 1097 1052 θύγατερ,
1143 977 1233 1032 καὶ
1286 973 1386 1047 ἴδε,
1445 975 1534 1030 καὶ
1590 973 1777 1030 κλῖνον
1823 972 1888 1028 τὸ
1944 969 2036 1034 οῦς

384 1087 502 1124 σου.
562 1091 590 1118 »
645 1098 717 1110 -—-
772 1064 872 1121 Καὶ
928 1065 1168 1142 θύγατρα
1219 1066 1310 1121 καὶ
1367 1063 1584 1142 νύμφην
1642 1065 1879 1138 Χριστοῦ
1934 1063 2034 1130 τήν

383 1159 493 1212 τῶν
553 1152 857 1231 ὁρθοδόξων
918 1151 1243 1225 Ἐκκλησίαν
1307 1154 1335 1208 6
1392 1154 1690 1230 Προφήτης
1745 1157 1926 1224 καλεῖ,
1975 1151 2037 1206 16

389 1245 483 1320 μὲν
534 1246 610 1306 ὡς
660 1245 1102 1321 ἀναγεννηθεῖσαν
1151 1243 1297 1316 αὐτῷ
1346 1241 1435 1298 διὰ
1482 1247 1578 1298 τοῦ
1642 1241 2038 1318 βαπτίσματος,

381 1334 446 1390 τὸ
469 1331 516 1389 δ’
545 1334 620 1397 ὡς
651 1335 1009 1408 ἁρμοσθεῖσαν
1061 1330 1151 1388 διὰ
1195 1336 1293 1388 τοῦ
1349 1331 1680 1408 Εὗαγγελίου
1713 1374 1727 1388 .
1771 1333 2037 1386 ’Ἄκουσον

385 1421 502 1495 οῦν,
550 1421 734 1502 φησίν,
783 1422 817 1476 ἃ
877 1422 1042 1499 λέγω,
1101 1423 1192 1477 καὶ
1251 1419 1333 1477 ἴδε
1383 1422 1452 1476 τὰ
1509 1418 1600 1476 διὰ
1655 1421 1714 1474 σὲ
1743 1419 2042 1492 παθήματά

382 1533 443 1575 τε
483 1513 572 1567 καὶ
630 1513 877 1587 θαύματα
929 1516 1027 1567 τοῦ
1083 1511 1376 1566 Δεσπότου·
1434 1510 1524 1565 καὶ
1575 1508 1770 1573 ὑπόθες
1828 1509 1891 1563 τὸ
1949 1508 2041 1570 οὗς

385 1601 436 1657 ἐν
464 1605 581 1664 ταῖς
611 1600 776 1657 αὐτοῦ
806 1597 1075 1671 ἐντολαῖς,
1124 1601 1214 1655 καὶ
1263 1598 1524 1656 ἐπιλάθου
1569 1602 1666 1654 τοῦ
1707 1595 1888 1662 ἔθνους
1921 1615 2037 1653 σου⁶

379 1687 623 1746 τουτέστι
650 1697 752 1756 τῆς
789 1694 1034 1766 πονηρᾶς
1065 1688 1349 1753 πολιτείας
1407 1688 1580 1744 αὐτῶν
1630 1687 1720 1744 καὶ
1763 1692 1860 1742 τοῦ
1908 1690 2040 1742 ναοῦ

382 1783 480 1836 τοῦ
509 1779 636 1856 πρὶν
665 1779 868 1856 πατρὸς
895 1782 994 1834 τοῦ
1025 1773 1309 1835 διαϐόλου.

1619 389 2047 457 NICEPHORI
2090 389 2534 456 BLEMMIDE

383 527 700 608 βασίλισσαν
761 524 908 608 λέγει
963 528 1065 598 τὴν
1126 527 1448 604 συναγωγὴν
1496 531 1604 582 τῶν
1651 520 1905 596 εὐσεϐῶν,
1964 523 2032 592 ἢν
2063 524 2117 591 Α

3661 386 3842 452 1464

2735 527 3032 580 ΨΑΛΜΟΣ
3072 520 3207 582 ΜΕ¹.

2219 635 2246 667 α
2273 613 2367 676 Εἰς
2393 611 2552 676 τέλος
2610 614 2744 687 ὑπὲρ
2787 617 2894 670 τῶν
2955 614 3086 667 υἱῶν
3143 609 3299 686 Κορὲ,
3352 610 3488 687 ὑπερ
3533 614 3655 666 τῶν
3694 631 3840 687 κρυ-

2141 700 2298 777 φίων.
2334 725 2364 755 ››
2394 735 2463 746 —-
2515 703 2588 758 T6
2647 705 2740 776 μὲν
2802 703 2934 778 ὑπὲρ
2991 705 3099 756 τῶν
3150 701 3280 756 υἱῶν
3341 700 3486 776 Κορὲ
3545 699 3683 756 ἀντὶ
3735 705 3840 755 τοῦ

2142 787 2234 845 διὰ
2258 795 2366 846 τῶν
2395 793 2524 848 υἱῶν
2566 793 2708 869 Κορὲ
2739 789 2997 862 δηλονότι
3030 789 3258 866 ἔψαλται
3301 787 3383 862 τῷ
3429 786 3632 862 Δαυίδ,
3667 790 3742 844 τὸ
3777 787 3839 846 δὲ

2145 879 2277 956 ὑπὲρ
2326 885 2435 937 τῶν
2486 881 2729 960 κρυφίων
2779 880 2898 936 ἀντὶ
2941 884 3038 935 τοῦ
3087 879 3212 956 περὶ
3256 883 3364 934 τῶν
3413 877 3837 954 κεκρυμμένων

2141 975 2261 1033 τοῖς
2290 969 2525 1034 πολλοῖς
2563 990 2575 1004 ·
2628 967 3010 1047 αἲνιγματώδη
3062 971 3167 1045 γὰρ
3219 969 3272 1024 έν
3321 966 3469 1041 αύτῴ
3497 970 3575 1024 τὰ
3608 966 3836 1027 πολλά.

2146 1054 2375 1132 Εἴρηται
2409 1055 2466 1112 δὶ
2497 1059 2525 1113 6
2569 1056 2792 1132 ψαλμὸς
2838 1057 3122 1133 προσώπῳ
3174 1060 3282 1110 τῶν
3342 1053 3692 1111 ἀποστόλων
3748 1057 3842 1111 καὶ

2153 1147 2438 1224 μαρτύρων
2499 1192 2515 1220 ,
2574 1146 2964 1222 προαγορεύων
3058 1143 3188 1208 τοὺς
3287 1151 3386 1214 τῆς
3478 1141 3838 1213 Ἐκκλησίας

2150 1233 2428 1312 διωγμοὺς
2475 1235 2565 1291 καὶ
2594 1237 2693 1306 τὴν
2741 1234 2945 1306 ταύτης
2995 1235 3279 1308 ὑπομονήν
3329 1233 3418 1288 καὶ
3462 1233 3573 1303 τὴν
3635 1232 3842 1312 ἐφεξῆς

2151 1325 2400 1402 εἰρήνην.

2221 1457 2250 1485 ‹‹
2283 1433 2413 1495 Θεὸς
2441 1434 2602 1506 ἡμῶν
2636 1433 2916 1511 καταφυγὴ
2948 1429 3038 1486 καὶ
3070 1428 3318 1504 δύναμις,
3356 1431 3568 1506 βοηθὸς
3617 1429 3680 1485 ἐν
3720 1428 3842 1484 θλί-

2149 1523 2274 1594 ψεσι
2309 1525 2428 1583 ταῖς
2479 1520 2758 1597 εὗρούσαις
2802 1523 2951 1594 ἡμᾶς
2997 1517 3224 1598 σφόδρα.
3279 1542 3309 1572 ››
3357 1551 3427 1562 ——
3474 1519 3558 1576 T6
3617 1518 3838 1598 σφόδρα

2149 1610 2285 1686 πρὸς
2316 1611 2377 1666 τὸ
2412 1611 2614 1686 βοηθὸς
2655 1607 2974 1667 ἀποδοτέον.

2222 1723 2252 1752 ‹‹
2285 1701 2384 1755 Διά
2417 1704 2581 1756 τοῦτο
2631 1699 2692 1755 06
2743 1694 3173 1775 φοϐηθησόμεθα
3219 1699 3273 1758 έν
3327 1702 3408 1772 τῷ
3452 1699 3832 1773 ταράσσεσθαι

2147 1789 2246 1858 τήν
2275 1796 2400 1865 γῆν.
2450 1813 2480 1842 ››
2509 1821 2580 1832 -—-
2634 1789 2786 1846 Ἐπεὶ
2838 1792 3086 1845 τοιοῦτον
3152 1789 3350 1864 βοηθὸν
3404 1786 3663 1863 ἔχομεν,
3725 1785 3837 1843 οὐδ’

455 1893 487 1956 (ξ
537 1869 637 1924 Καὶ
720 1869 1188 1944 προσκυνήσουσιν
1267 1866 1416 1956 αὗτῷ
1457 1865 1774 1956 -θνγατέρες
1856 1865 2038 1956 Τύρου
2069 1889 2118 1956 Β
2149 1878 2207 1933 ἂν
2241 1877 2415 1933 πάντα
2481 1875 2593 1933 ἄνω
2649 1879 2741 1934 καὶ
2798 1878 2946 1934 κάτω
3003 1877 3227 1954 γένηται
3287 1875 3684 1950 δειλιάσομεν.
3741 1878 3835 1932 Διά

383 1956 436 2014 έν
470 1955 693 2035 δώροις.
748 1981 780 2011 κ
825 1991 896 2000 -
939 1957 1037 2014 Καὶ
1089 1959 1124 2027 ἠ
1169 1959 1270 2026 τῆς
1323 1954 1779 2032 εἷδωλολατρείας
1833 1954 2038 2032 μητρό-

381 2044 549 2111 πολις
569 2045 741 2124 Τύρος
772 2045 826 2103 ἐν
860 2044 1060 2123 δώροις
1090 2042 1215 2116 ἤτοι
1252 2045 1388 2121 μετὰ
1438 2043 1629 2123 δώρων
1679 2046 2041 2121 προσκυνήσει

383 2141 620 2213 Χριστῷ.

457 2250 486 2279 ‹‹
517 2227 588 2280 Τὸ
617 2219 908 2301 πρόσωπόν
943 2245 1040 2280 σου
1085 2222 1487 2280 λιτανεύσουσιν
1539 2226 1596 2279 οἱ
1641 2223 1899 2281 πλούσιοι
1945 2227 2042 2279 τοῦ

384 2312 544 2373 λαοῦ.
578 2337 608 2366 ››
637 2347 708 2359 --
737 2314 1040 2392 ΙΙρόσωπον
1087 2310 1214 2384 ἤτοι
1260 2314 1470 2393 κεφαλή
1517 2321 1618 2385 τῆς
1645 2312 1972 2385 Έκκλησίας
2012 2313 2039 2368 6

385 2403 620 2481 Χριστὸς
652 2449 668 2478 ,
729 2405 788 2460 ὃν
839 2402 1208 2460 λιτανεύσουσι
1241 2450 1256 2477 ,
1328 2403 1573 2460 τουτέστι
1636 2407 1842 2478 τιμῶσι
1875 2447 1889 2474 ,
1949 2401 2038 2458 καὶ

386 2491 737 2568 ἴκετεύσουσι,
767 2492 858 2548 καὶ
888 2492 1182 2568 ἡγεμόνες,
1207 2492 1295 2548 καὶ
1331 2490 1592 2569 βασιλεῖς.

459 2621 490 2658 α
543 2606 701 2658 Πᾶσα
772 2603 808 2672 ή
887 2597 1014 2672 δόξα
1083 2606 1184 2671 τῆς
1266 2600 1531 2677 θυγατρὸς
1587 2604 1689 2655 τοῦ
1769 2599 2038 2674 βασιλέως

385 2685 601 2748 ἔσωθεν.
636 2714 666 2743 ››
697 2723 767 2735 --
794 2687 1378 2764 Κεκαλλωπισμένους,
1433 2689 1620 2768 φησὶν,
1670 2689 1885 2745 ἀκούων
1934 2695 2034 2759 τῆς

380 2785 483 2849 τῆς
514 2776 798 2854 βασιλίδος
828 2777 1176 2855 Ἐκκλησίας,
1227 2777 1421 2836 ἔσωθεν
1473 2778 1606 2835 εἶναι
1649 2778 1875 2842 τούτους
1923 2777 2034 2834 νόει

387 2888 484 2942 μοι
510 2867 601 2923 καὶ
633 2867 710 2930 εἷς
742 2869 950 2944 ψυχὴν,

456 2981 487 3011 ‹‹
517 2958 605 3013 Ἐν
645 2962 979 3035 κροσσωτοῖς
1028 2962 1259 3035 χρυσοῖς
1304 2953 1752 3031 περιϐεϐλημένη
1778 3005 1793 3032 ,
1843 2979 2037 3014 πεποι-

381 3046 640 3121 κιλμένη.
700 3069 730 3102 »
789 3080 857 3092 --
909 3046 1263 3124 Κροσσωτοὺς
1317 3045 1445 3118 ἤτοι
1498 3046 1724 3122 κρόσσια
1768 3048 1880 3104 νόει
1940 3069 2033 3120 μοι

381 3137 479 3199 τὰς
503 3132 814 3199 πολυειδεῖς
839 3133 1052 3212 ἀρετὰς,
1084 3136 1174 3191 καὶ
1201 3137 1270 3191 τὰ
1299 3133 1530 3214 διάφορα
1576 3140 1674 3191 τοῦ
1718 3135 2036 3209 Ιῐνεύματος

384 3225 720 3302 χαρίσματα,
753 3223 825 3280 ὥν
857 3226 920 3280 τὸ
948 3224 1132 3299 τίμιον
1164 3225 1450 3281 αἰνίττεται
1483 3227 1511 3281 ὁ
1536 3226 1763 3302 χρυσός.

451 3337 481 3366 ‹‹
537 3315 1035 3390 ’Δπενεχθήσονται
1108 3319 1189 3388 τῷ
1270 3315 1487 3390 βασιλεῖ
1541 3315 1795 3389 παρθένοι
1858 3313 2035 3370 ὀπίσω

378 3402 568 3472 αὐτῆς.
630 3426 660 3455 ››
717 3435 788 3446 --
841 3402 996 3462 Μετά
1046 3403 1147 3472 τὴν
1205 3403 1455 3461 σύστασιν
1506 3411 1608 3475 τῆς
1667 3403 2033 3477 Ἐκκλησίας,

377 3490 598 3568 ὕστερον
657 3490 748 3547 καὶ
821 3493 858 3562 ἡ
914 3492 1216 3568 παρθενία,
1275 3493 1436 3571 φησὶν
1471 3540 1486 3566 ,
1543 3495 1578 3564 ἡ
1643 3495 1719 3568 μὴ
1774 3493 2036 3569 πρότερον

381 3577 607 3652 ζηλωτή
639 3577 1108 3654 πολιτευθήσεται,
1157 3582 1247 3636 καὶ
1292 3582 1378 3636 σοὶ
1423 3581 1504 3656 τῷ
1539 3581 1754 3658 βασιλεῖ
1777 3581 2034 3659 παρθένοι

376 3668 553 3744 ψυχαὶ
608 3670 1053 3746 προσαχήσονται
1109 3669 1440 3746 χαίρουσαι,
1499 3670 1590 3726 καὶ
1649 3669 1816 3744 μηδὲν
1867 3672 2035 3747 ἡγού-

383 3778 533 3833 μεναι
561 3757 626 3814 τὸ
675 3760 774 3828 τῆς
823 3756 1113 3834 παρθενίας
1161 3758 1441 3832 ἐπίπονον,
1488 3756 1685 3815 διὰτὸν
1723 3759 1814 3814 σὸν
1836 3757 2030 3833 ἔρωτα.

378 3845 622 3918 Πλησίον
675 3844 734 3902 δὲ
789 3844 944 3904 αῦται
971 3854 1074 3918 τῆς
1108 3845 1432 3919 Ἐκκλησίας
1472 3853 1551 3922 τῷ
1593 3847 1786 3925 τρόπῳ
1835 3846 1925 3904 διὰ
1969 3849 2034 3905 τὸ

378 3933 701 4010 ὁμόπιστον,
753 3933 956 4000 αἵτινος
1004 3937 1080 4000 εἰς
1126 3937 1219 3994 τὸν
1269 3936 1518 4014 οὐράνιον
1564 3939 1693 3995 ναὸν
1742 3939 1819 4002 ὡς
1849 3937 2031 3994 θυσίαν

381 4025 524 4102 ἀχθή
532 4046 716 4082 σονται
727 4069 740 4085 .

454 4137 485 4166 ‹‹
519 4113 666 4170 ’Δντὶ
710 4120 820 4172 τῶν
866 4117 1112 4192 πατέρων
1167 4137 1266 4173 σου
1311 4115 1669 4193 ἐγεννήθησαν
1716 4117 1825 4173 υἱοί
1862 4138 1970 4176 σοι.
2004 4141 2034 4171 ››

381 4235 452 4250 -—-
479 4203 626 4280 Πρὸς
670 4205 772 4275 τὴν
822 4203 1146 4275 Ἐκκλησίαν
1192 4207 1221 4262 ὁ
1265 4203 1452 4284 λόγος.
1505 4206 1827 4280 Ἐπελάθου,
1878 4207 2035 4286 φησὶ,

379 4295 488 4347 τῶν
519 4294 766 4370 πατέρων
816 4314 937 4349 σου·
986 4295 1078 4350 καὶ
1128 4295 1246 4351 ἀντὶ
1293 4295 1502 4351 τούτων
1551 4292 1761 4353 ἔσονται
1807 4297 2034 4374 πατέρες

379 4379 607 4437 πολλῶν
641 4382 693 4438 οἱ
721 4383 1056 4459 γεννηθέντες
1088 4384 1148 4440 ἐκ
1177 4389 1274 4440 σοῦ
1304 4382 1396 4441 διὰ
1421 4390 1518 4442 τοῦ
1552 4385 1946 4462 βαπτίσματος.

459 4512 480 4541 ι
528 4491 891 4561 Καταστήσεις
967 4491 1160 4554 αὐτοὺς
1230 4493 1502 4569 ἄρχοντας
1562 4493 1650 4548 ἐπὶ
1705 4498 1878 4548 πᾶσαν
1936 4493 2036 4562 τήν

379 4583 506 4654 γῆν.
539 4603 564 4634 ιι
598 4581 832 4654 -Ὅρα
883 4581 984 4650 τὴν
1043 4579 1285 4652 ἐξουσίαν
1339 4589 1440 4651 τῆς
1499 4579 1825 4654 Ἐκκλησίας
1881 4580 1981 4654 ὅση
2017 4600 2031 4613 ·

2150 1967 2358 2024 τούτων
2387 1964 2446 2023 δὲ
2490 1972 2600 2024 τῶν
2653 1967 2835 2046 ῥητῶν
2873 1969 2974 2037 τὴν
3027 1962 3342 2044 ὑπερϐολὴν
3393 1971 3503 2024 τῶν
3551 1965 3831 2024 κινδύνων

2152 2055 2398 2131 ᾐνίξατο.

2223 2170 2255 2200 ‹‹
2286 2151 2539 2222 ’Ἠχησαν
2594 2145 2686 2201 καὶ
2751 2145 3125 2223 ἐταράχθησαν
3176 2147 3248 2202 τὰ.
3293 2142 3462 2202 ὕδατα
3519 2145 3716 2202 αὐτῶν
3761 2189 3774 2202 .
3809 2171 3835 2195 τι

2152 2268 2220 2279 -
2249 2231 2677 2309 Παντοδύναμος
2723 2237 2752 2291 6
2805 2236 3010 2312 βοηθὸς
3278 2234 3556 2298 πολλάκις
3608 2236 3725 2312 γὰρ
3772 2237 3836 2290 τὰ

2151 2322 2318 2380 ὕδατα
2345 2328 2454 2380 τῶν
2489 2323 2770 2389 θαλασσῶν
2821 2320 3200 2402 ἐϐρυχήσαντό
3252 2325 3344 2380 καὶ
3384 2319 3819 2399 ἀνεϐράσθησαν,

2149 2415 2240 2470 καὶ
2267 2416 2336 2470 τὰ
2365 2409 2467 2490 ὅρη
2501 2413 2809 2485 ἐσείσθησαν
2839 2417 2909 2489 τῇ
2940 2412 3166 2488 δυνάμει
3194 2413 3379 2474 αὐτοῦ.

2221 2527 2252 2558 ‹‹
2311 2507 2416 2560 Τοῦ
2471 2507 2724 2577 ποταμοῦ
2791 2503 2860 2559 τὰ
2935 2504 3237 2580 ὁρμήματά
3291 2502 3654 2581 εὐφραίνουσι
3720 2506 3815 2572 τήν

2147 2591 2312 2650 πόλιν
2341 2597 2438 2648 τοῦ
2469 2597 2625 2649 Θεοῦ.
2659 2616 2689 2646 ››
2719 2625 2790 2636 --
2818 2591 3086 2666 Ποταμὸς
3129 2593 3195 2648 τὸ
3242 2595 3472 2665 Πνεῦμα
3516 2594 3585 2648 τὸ
3637 2594 3812 2670 ἅγιον·

2147 2682 2446 2758 ὁρμήματα
2493 2681 2658 2737 016106
2703 2683 2773 2738 τὰ
2824 2679 3056 2760 διάφορα
3105 2682 3457 2760 χαρίσματα·
3502 2681 3678 2745 πόλις
3719 2687 3810 2737 106

2147 2775 2282 2828 Θεοῦ
2310 2772 2373 2826 τὸ
2404 2769 2660 2845 σύστημα
2683 2776 2790 2826 τῶν
2823 2775 3051 2830 πιστῶν.

2224 2885 2246 2914 ι
2279 2860 2498 2936 Ἡγίασε
2551 2861 2615 2916 16
2664 2862 2932 2936 σκήνωμα
2987 2861 3154 2918 αὐτοῦ
3211 2861 3242 2915 ὁ
3309 2863 3597 2934 Ὕψιστος.
3656 2886 3688 2914 ››
3739 2893 3804 2905 -

2142 2950 2498 3026 Ἠγιασμένον
2573 2951 2841 3024 σκήνωμα
2915 2955 3050 3006 Θεοῦ
3105 2952 3141 3019 ἡ
3203 2948 3508 3021 Ἐκκλησία
3542 2995 3556 3020 ,
3615 2954 3679 3019 ἧς
3746 2947 3794 3002 ἐν

2151 3039 2300 3113 μέσῳ
2357 3038 2497 3094 ἐστὶν
2557 3039 2586 3095 6
2644 3039 2895 3112 Χριστὸς,
2953 3038 3348 3115 ἀπερίτρεπτον
3398 3039 3569 3108 αὐτὴν
3613 3036 3783 3114 διαφυ-

2145 3126 2356 3184 λάττων
2383 3132 2500 3191 τοῖς
2532 3133 2880 3204 πειρασμοῖς.

2219 3241 2251 3270 «
2289 3219 2563 3290 Βοηθήσει
2620 3217 2757 3292 αὐτῇ
2815 3218 2844 3274 6
2903 3218 3033 3280 Θεὸς
3086 3217 3149 3272 τὸ
3206 3218 3344 3294 πρὸς
3391 3218 3548 3294 πρωῒ
3582 3212 3794 3291 πρωί.»

2146 3309 2234 3363 Ἐν
2262 3312 2380 3369 ταῖς
2427 3306 2768 3382 περιστάσεσι
2822 3308 3086 3383 βοηθήσει
3128 3307 3266 3382 αὐτῇ
3295 3307 3435 3362 κατᾶ
3462 3306 3526 3362 16
3558 3306 3706 3382 πρωὶ
3736 3325 3803 3358 ων

2144 3395 2528 3472 πρωϊαίτερον,
2559 3393 2728 3473 ἤγουν
2759 3395 2896 3451 κατὰ
2921 3395 3095 3472 τάχος
3125 3398 3328 3473 τάχους
3349 3395 3682 3473 τάχύτερον.

2223 3507 2251 3540 α
2281 3484 2691 3562 Ἐταράχθησαν
2740 3482 2886 3557 ἔθνη.
2921 3508 2950 3537 ››
2983 3519 3053 3530 -
3082 3490 3187 3540 Τοῦ
3214 3483 3562 3560 Εὐαγγελίου
3605 3504 3812 3561 κηρυσ-

2145 3575 2380 3648 σομένου
2411 3575 2829 3646 συνεκινήθησαν
2876 3573 3096 3647 πάντες,
3147 3574 3201 3630 οἱ
3235 3575 3328 3648 μὲν
3375 3575 3813 3652 προστρέχοντες

2142 3667 2212 3735 τῇ
2244 3663 2442 3738 πίστει,
2476 3665 2529 3718 οὶ
2559 3661 2617 3718 δὲ
2645 3663 2814 3734 αὐτῆς
2844 3664 3292 3741 κατατρέχοντες.

2224 3775 2251 3809 α
2280 3751 2538 3810 Ἕκλιναν
2602 3750 2896 3829 βασιλεῖαι.
2943 3773 2972 3807 ιι
3025 3785 3097 3796 --
3144 3751 3306 3817 Τίνες
3367 3753 3463 3827 μὲν
3537 3753 3819 3830 βασιλεῖαι

2142 3841 2486 3916 πολεμοῦσαι
2560 3848 2628 3913 τῆ
2711 3841 3014 3916 Ἐκκλησία
3085 3843 3400 3914 ἡττήθησαν
3462 3861 3476 3876 ·
3542 3844 3705 3907 τινες
3763 3841 3818 3898 δὲ

2144 3930 2485 4006 ὑπετάγησαν
2512 3930 2650 4001 αὐτῆ
2685 3928 2773 3986 διὰ
2800 3929 3058 3995 πίστεως.

2219 4043 2242 4072 α
2276 4015 2512 4074 Ἔδωκεν
2569 4019 2753 4097 φωνὴν
2811 4017 2977 4074 αὐτοῦ
3037 4019 3066 4073 6
3123 4021 3404 4094 ’Ύψιστος
3464 4015 3816 4091 έσαλεύθηή

2143 4113 2239 4185 γῆ.
2273 4130 2302 4160 ››
2333 4139 2404 4152 --
2433 4105 2653 4164 Κελεύει
2688 4106 2856 4182 μόνον
2893 4107 2922 4162 6
2979 4106 3131 4183 Θεὸς,
3163 4107 3253 4163 καὶ
3284 4106 3483 4164 σείεται
3541 4110 3581 4180 ἡ
3645 4109 3820 4186 γῆ,⁹ὀν

2149 4195 2337 4273 βούλει
2371 4196 2616 4270 σεισμόν.

2222 4311 2243 4338 υ
2279 4285 2484 4362 Κύριος
2532 4289 2639 4342 τῶν
2691 4283 2972 4362 δυνάμεων
3011 4287 3128 4360 μεθ’
3177 4289 3362 4361 ἡμῶν.
3394 4309 3424 4340 ››
3480 4314 3546 4335 ==
3605 4292 3674 4346 Ἦ
3706 4290 3820 4344 Ἐκ-

2144 4374 2350 4447 κλησία
2375 4375 2546 4431 ταῦτά
2575 4396 2728 4453 φησι.

2218 4464 2436 4536 «Τὸξον
2493 4463 2795 4542 συντρίψει,
2845 4464 2936 4520 καὶ
2989 4461 3281 4541 συγκλάσει
3343 4462 3541 4538 ὅπλον,
3605 4467 3819 4523 καίθυ-

2146 4553 2300 4629 ρεοὺς
2330 4553 2651 4609 κατακαύσει
2686 4553 2738 4609 έν
2787 4553 2939 4630 πυρί.
2993 4578 3024 4606 ››
3054 4586 3125 4597 —-
3161 4552 3372 4610 ’Ὁπλον
3432 4549 3590 4631 λέγει
3623 4563 3734 4612 πᾶν
3763 4558 3820 4611 τὸ

379 4637 686 4743 ἀειροτονεῖ
715 4637 844 4732 τόὺς
893 4637 1044 4733 υἱοὺς
1073 4637 1230 4741 ταύτῆ
1298 4637 1604 4747 προστάτας
1653 4637 1744 4726 καὶ
1793 4637 2035 4748 ήγουμέ-
2071 4637 2118 4703 D
2148 4642 2475 4748 ‘iYXéfa‘X‘mf
2509 4641 2764 4748 δργανον;

381 4775 507 4818 νους
539 4753 591 4810 έν
612 4754 756 4831 πάσῃ
802 4761 869 4832 τῇ
1057 4759 1118 4814 Οἱ
1169 4761 1273 4837 γὰρ
1326 4765 1433 4816 τῶν
1493 4758 1831 4816 διδασκάλων
1873 4760 2036 4836 νόμοι

382 4843 474 4900 καὶ
528 4845 597 4902 τὰ
650 4845 858 4902 τούτων
935 4845 1186 4923 δόγματα
1257 4850 1356 4919 τήν
1425 4850 1754 4924 οἰκουμένην
1828 4850 2036 4906 ἅπασαν

388 4930 725 5012 διειλήφασι,
783 4934 874 4991 καὶ
935 4937 1151 5007 ζώντων
1210 4937 1386 4994 αὐτῶν
1441 4940 1532 4994 καὶ
1599 4939 1869 5004 θανόντων
1897 4984 1912 5013 ,
1971 4939 2040 4995 τὰ

384 5021 594 5079 τούτων
624 5023 903 5100 ἐνεργοῦσι
933 5025 1207 5102 ἐνεργοῦσι
1238 5028 1594 5102 θεσπίσματα.

461 5137 492 5166 ‹‹
525 5115 933 5190 Μνησθήσομαι
979 5120 1080 5172 τοῦ
1128 5115 1397 5191 ὀνόματός
1445 5140 1541 5174 σου
1585 5118 1636 5175 έν
1687 5120 1829 5194 πάσῃ
1887 5124 2042 5196 γενεᾷ

386 5201 478 5258 καὶ
508 5208 687 5280 γενεᾷ.
723 5227 752 5257 ››
782 5237 854 5250 -ο
881 5206 944 5262 Ἦ
972 5208 1326 5282 Χριστιανική
1369 5205 1669 5280 Ἐκκλησία
1713 5209 1879 5265 ταυτά
1908 5232 2039 5289 φησι

384 5291 525 5367 πρὸς
552 5291 644 5347 τὸν
677 5292 896 5368 Κύριον.

460 5403 490 5433 ‹‹
519 5379 618 5435 Διὰ
661 5385 822 5437 τοῦτο
899 5381 1026 5439 λαοὶ
1092 5383 1593 5462 έξομολογήσονταί
1665 5410 1750 5444 σοι
1810 5388 1887 5451 εἷς
1947 5390 2038 5445 τὸν

385 5468 576 5542 αἰῶνα,
631 5471 723 5524 καὶ
779 5471 855 5534 εἷς
911 5473 1002 5529 τὸν
1058 5473 1230 5530 αἰῶνα
1284 5480 1382 5531 τοῦ
1438 5477 1657 5540 αἰῶνος.
1715 5502 1736 5530 ι
1771 5511 1841 5522 —-
1889 5479 2036 5535 Διότι

381 5556 650 5628 τοσαύτης
713 5580 780 5632 με
833 5563 1176 5638 προμηθείας
1243 5565 1526 5638 ἠξίωσας,
1586 5565 1773 5638 πλήθη
1831 5572 2037 5624 πιστῶν

388 5645 827 5724 εὐχαριστίσουσί
855 5671 962 5725 σοι,
993 5653 1084 5709 καὶ
1132 5653 1184 5709 ἐν
1233 5654 1393 5710 παντὶ
1439 5660 1518 5727 τῷ
1558 5659 1646 5711 νῦν
1680 5655 1832 5713 αἶ’ῶνι
1863 5657 1953 5714 καὶ
1984 5657 2036 5712 ἐν

385 5741 467 5809 τῷ
501 5733 783 5811 μέλλοντι.

2224 4753 2252 4786 α
2284 4731 2626 4808 Σχολάσατε,
2677 4732 2768 4788 καὶ
2817 4737 2987 4810 γνῶτε
3030 4732 3118 4789 6'11
3160 4734 3270 4811 ἐγώ
3319 4733 3434 4808 εἶμι
3486 4735 3515 4789 6
3565 4736 3760 4800 Θεόςς.
3792 4759 3817 4787 ››

2148 4852 2220 4864 --
2271 4822 2606 4898 Ἦσυχάσατε
2679 4821 2787 4877 ἀπὸ
2859 4827 2965 4896 τῶν
3041 4821 3285 4900 συνεχῷν
3345 4825 3656 4898 πολέμων,
3715 4829 3815 4896 τῶν

2150 4909 2425 4984 αἰσθητῶν
2487 4910 2578 4966 καὶ
2631 4911 2872 4984 νοητῷν,
2933 4909 3022 4966 καὶ
3076 4913 3176 4982 τὴν
3229 4910 3368 4987 ἐμὴν
3424 4910 3703 4991 έπίγνωτε
3733 4912 3816 4970 δύε-

2148 5020 2212 5055 να
2220 5020 2332 5074 μιν.

2756 5111 3054 5164 ΨΑΑΜΟΣ
3092 5113 3211 5181 MC’.

2224 5237 2254 5268 (ι
2283 5213 2380 5278 Εἷς
2419 5213 2578 5277 τέλος
2627 5214 2762 5292 ὑπὲρ
2807 5219 2916 5270 τῶν
2952 5216 3084 5272 υἱῶν
3132 5215 3294 5286 Κορέ.
3346 5239 3377 5269 υ
3406 5249 3480 5261 —-
3519 5221 3816 5292 ΙΙροσώπῳ

2147 5307 2257 5359 τῶν
2287 5302 2610 5361 ἀποστόλων
2635 5304 3024 5382 προαγορεύων
3056 5305 3122 5362 τὸ
3165 5306 3438 5378 ἀήττητον
3487 5309 3697 5384 κράτος
3725 5313 3815 5365 τοῦ

2150 5390 2505 5469 εὖαγγελικοῦ
2533 5391 2912 5470 κηρύγματος.

2221 5483 2470 5538 «Πάντα
2527 5482 2594 5537 τὰ
2660 5479 2782 5552 ἔθνη
2842 5485 3147 5557 κροτήσατε
3202 5489 3394 5562 χεῖρας
3429 5529 3444 5556 ,
3502 5483 3811 5559 ἀλαλάξατε

2146 5575 2226 5642 τῷ
2255 5575 2372 5643 Θεῷ
2404 5571 2457 5625 ἐν
2509 5578 2662 5649 φωνῆ
2713 5567 3118 5646 ἀγαλλιάσεως.
3151 5576 3272 5629 Ὅτι
3311 5573 3511 5650 Κύριος
3562 5575 3808 5650 ὕψιστος,

2149 5655 2399 5737 φοϐερὸς,
2465 5658 2719 5735 βασιλεὺς
2775 5660 2940 5736 μέγας
2996 5659 3085 5718 ἐπὶ
3147 5668 3319 5718 πᾶσαν
3367 5663 3470 5734 τὴν
3518 5671 3643 5741 γῆν.
3685 5690 3708 5717 ι
3743 5697 3808 5708 -

2149 5749 2296 5806 Διότι
2328 5750 2358 5806 6
2385 5751 2617 5826 Χριστὸς
2662 5749 2888 5827 ὕψιστος
2939 5753 3076 5810 κατὰ
3122 5753 3222 5823 τήν
3269 5751 3526 5829 θεότητα,
3573 5748 3806 5834 φοϐερὸς

4015 377 4017 484 1
