4072 6418
311 404 479 477 1468

1533 407 1952 473 EXPOSITIO
1994 406 2076 473 IN
2122 410 2514 477 PSALMOS.

3577 400 3739 469 1466

309 545 404 599 νῦν
433 538 543 597 ἀπὸ
595 542 702 596 τῶν
752 539 997 615 σημείων
1046 536 1122 597 ὧν
1173 542 1291 598 καθ’
1348 539 1572 613 ἑκάστην
1619 546 1973 620 τερατουργεῖ
1999 545 2053 611 Α
2081 544 2144 600 τὸ
2173 538 2301 621 ὅρος
2347 544 2440 600 καὶ
2467 546 2569 615 τὴν
2599 541 2783 600 πόλιν.
2831 537 3050 619 Πλευρὰ
3097 536 3157 597 δὲ
3204 537 3351 618 λέγει
3399 536 3467 595 τὰ
3505 532 3738 614 πλάγια.

310 631 408 689 καὶ
468 630 724 707 βασιλεὺς
785 632 955 707 μέγας
1013 629 1157 703 ὅλης
1210 638 1310 702 τῆς
1365 640 1494 707 γῆς.
1544 637 1714 688 Τοῦτο
1769 630 1827 688 δὲ
1857 633 1974 687 εἷπε

316 718 413 777 διὰ
436 720 565 784 τοὺς
608 720 975 797 προσκαίρους
1023 720 1290 797 βασιλεῖς,
1338 722 1428 776 καὶ
1456 725 1560 799 γῆς
1601 726 1809 800 μικρῶν
1839 741 1973 799 κρα-

314 814 545 873 τοῦντας
583 814 784 888 μερῶν.

393 922 423 953 ‹‹
451 894 696 971 Ὑπέταξε
743 897 911 963 λαοὺς
956 902 1113 974 ἡμῖν,
1160 900 1251 957 καὶ
1300 897 1427 973 ἔθνη
1478 901 1583 957 ὐπὸ
1630 900 1756 963 106:
1803 898 1973 965 πόδας

314 991 503 1063 ἡμῶν.
557 1012 588 1042 »
638 1021 707 1032 —-
749 990 927 1052 Λαούς
976 987 1126 1066 λέγει
1174 989 1301 1053 τοὺς
1350 990 1402 1061 ἐξ
1451 988 1727 1047 Ἰουδαίων
1760 989 1975 1046 πιστεύ-

320 1098 537 1142 σανταςο
598 1077 726 1149 ἔθνη
784 1077 914 1142 τοὺς
971 1078 1030 1134 ἐκ
1077 1083 1185 1136 τῶν
1232 1078 1442 1137 λοιπῶν
1482 1084 1676 1154 γενῶψ
1725 1080 1816 1135 καὶ
1863 1080 1976 1135 πά-

316 1164 408 1222 λιν
463 1165 840 1244 κληρονομίαν
908 1169 1099 1224 ὲαυτοῦ
1172 1169 1304 1232 τοὺς
1378 1168 1430 1243 ἐξ
1490 1169 1676 1225 ἐθνῶν·
1734 1168 1862 1231 τοὺς
1922 1168 1974 1239 ἐξ

312 1253 595 1314 Ἰουδαίων
648 1254 707 1312 δὲ
754 1254 1035 1326 καλλονήν
1084 1252 1298 1316 Ἰακὼϐ.
1352 1258 1638 1329 Καλλονῆν
1695 1253 1753 1314 δέ
1810 1278 1973 1336 φησιν

317 1346 396 1408 ὼς
426 1344 780 1420 κατάλειμμα
808 1345 899 1402 καί
947 1347 1022 1409 ὡς
1068 1345 1328 1423 ἐκλογήν·
1376 1350 1444 1405 τὰ
1490 1350 1595 1425 γὰρ
1644 1347 1977 1424 ὑπερέχοντα

313 1438 428 1492 τῶν
459 1433 646 1493 ἄλλων
677 1435 992 1494 καταλείπει
1022 1438 1198 1510 ἑαυτῷ
1235 1437 1511 1514 βασιλεύς.

391 1548 422 1577 ‹‹
455 1523 762 1597 Ἐξελέξατο
827 1529 963 1599 ἡμῖν
1020 1527 1120 1596 τήν
1177 1524 1548 1604 κληρονομίαν
1608 1528 1822 1599 ἑαυτοῦ,
1874 1529 1973 1597 τὴν

314 1610 599 1684 ηλλονην
633 1609 828 1673 Ἰακὼϐ
856 1616 918 1685 ἣν
967 1616 1268 1691 ἠγάπησεν.
1300 1638 1342 1677 ››,
1363 1648 1433 1659 —-
1459 1616 1532 1673 T6
1560 1618 1696 1690 ἡμῖν
1735 1616 1852 1672 ἀντὶ
1880 1619 1978 1670 τοῦ

316 1699 393 1759 δι’
421 1705 605 1777 ἡμῶν.

392 1817 423 1846 ‹‹
455 1790 652 1866 Ἀνέϐη
711 1796 742 1851 6
798 1795 929 1858 Θεὸς
987 1794 1041 1851 ἐν
1096 1792 1459 1871 ἀλαλαγμῷ,
1518 1795 1608 1853 καὶ
1665 1795 1865 1873 Κύριος
1923 1794 1974 1851 έν

2085 633 2204 689 Εἶεν
2241 631 2286 689 δ’
2317 632 2376 689 ἂν
2410 630 2511 711 ὄρη
2562 635 2705 689 Σιὼν
2753 632 2844 688 καὶ
2893 632 2944 686 οἱ
2993 628 3331 702 διδάσκαλοι,
3384 628 3435 699 ἐξ
3485 629 3559 683 ὦν
3591 625 3739 682 πλα-

2081 723 2275 800 γιάζει,
2322 723 2595 780 τουτέστιν
2647 722 2907 790 ἐκκλίνει,
2954 722 2982 776 6
3035 720 3275 797 βορρἆ,
3322 716 3448 788 ἤτοι
3483 719 3511 773 6
3561 723 3739 773 Σατα-

2080 819 2196 876 νᾶς.
2230 811 2400 876 Πόλις
2430 811 2488 868 δὲ
2518 817 2652 870 Θεοῦ
2681 816 2716 882 ἡ
2748 811 3037 888 συναγωγή
3067 814 3174 865 τῶν
3206 812 3433 866 πιστῶν.

2155 927 2183 955 ‹‹
2218 904 2274 958 Ὁ
2324 900 2454 966 Θεὸς
2513 902 2564 957 έν
2623 907 2743 964 ταῖς
2804 900 3018 977 βάρεσιν
3070 899 3244 954 αὐτῶν
3300 897 3641 973 γινώσκεται.
3703 918 3734 947 ››

2082 1024 2153 1035 —-
2188 993 2629 1069 Ἐπιγινώσκεται
2678 993 2707 1046 6
2755 990 2957 1066 Κύριος
3005 989 3058 1045 ἐν
3105 992 3224 1050 τοῖς
3271 987 3602 1062 πυργώμασι
3631 992 3733 1055 τῆς

2083 1081 2299 1144 πόλεως
2347 1082 2408 1137 ἐκ
2462 1080 2663 1150 ταύτης
2722 1073 3208 1153 ἀντιλαμϐάνεσθαι
3263 1076 3353 1132 καὶ
3414 1072 3680 1152 διαφυλάτ
3716 1105 3736 1117 -

2082 1192 2192 1227 τειν
2225 1172 2391 1240 αὐτὴν
2422 1171 2760 1249 ἀπόρθητον.

2157 1286 2187 1315 ‹‹
2237 1265 2356 1317 Ὅτι
2412 1260 2531 1317 ἰδοὺ
2593 1262 2647 1315 οἱ
2717 1259 2959 1337 βασιλεῖς
3012 1264 3115 1328 τῆς
3171 1264 3277 1332 γῆς
3334 1256 3686 1329 συνήχθησαν
3727 1272 3740 1286 ·

2086 1349 2382 1423 διήλθοσαν
2443 1351 2531 1407 ἐπὶ
2584 1351 2650 1406 τὸ
2703 1348 2853 1407 αὐτό.
2916 1372 2945 1400 ››
2993 1345 3388 1424 -Παρῆλθον
3437 1342 3521 1400 ἐπ’
3572 1342 3744 1411 αὐτὴν

2087 1443 2250 1515 ὁμοῦ.

2159 1555 2187 1584 ‹‹
2219 1528 2387 1589 Αὐτοί
2436 1529 2642 1593 ίδόντες
2689 1527 2865 1592 οὕτως
2912 1526 3234 1601 ἐθαύμασαν.

2086 1621 2204 1677 ἀντὶ
2230 1625 2349 1691 τοῦ,
2388 1621 2522 1694 μετὰ
2547 1620 2610 1675 τὸ
2642 1617 2796 1676 ἰδεῖν.

2159 1734 2189 1763 ι(
2247 1711 2393 1766 Ἐκεῖ
2446 1707 2638 1772 ὠδῖνες
2689 1709 2766 1772 ὡς
2813 1704 3103 1777 τικτούσης
3138 1749 3151 1764 .
3208 1726 3238 1757 ››
3294 1732 3367 1747 -
3410 1707 3497 1757 Ἐν
3550 1699 3737 1762 αὐτοῖς

2087 1798 2313 1877 ἀγωνίαι
2344 1799 2436 1854 καὶ
2468 1798 2692 1873 ὑποψίαι
2723 1794 2985 1853 κινδύνων
3018 1791 3270 1873 σφοδραί.

3284 1547 3313 1577 ››
3347 1556 3415 1568 -—
3441 1523 3512 1577 T6
3559 1520 3735 1584 οὕτως

316 1891 477 1965 φωνῆ
537 1881 859 1987 σάλπιγγος.
893 1908 1039 1987 »‘—
1087 1882 1443 1961 ’ΔλαΛαγμὸν
1486 1885 1578 1942 καὶ
1609 1886 1794 1964 φωνὴν
1842 1884 1979 1941 σάλ-
2009 1920 2059 1987 Β
2161 1913 2190 1941 ‹‹
2223 1890 2309 1943 Ἐν
2348 1887 2611 1960 πνεύματι
2656 1885 2821 1963 βιαίῳ
2869 1883 3174 1960 συντρίψεις
3214 1878 3387 1935 πλοῖα
3431 1881 3677 1953 Θαρσεῖς.
3711 1898 3741 1927 ››

311 1964 521 2051 πιγγος
566 1974 662 2037 τὰς
714 1973 897 2052 φωνὰς
946 1972 1096 2050 λέγει
1138 1979 1249 2031 τῶν
1296 1973 1652 2031 συνανιόντων
1682 1978 1763 2048 τῷ
1793 1973 1979 2051 Κυρίῳ
2009 1964 2059 1987 υ
2088 2010 2158 2020 -
2196 2001 2226 2031 ‹‹
2260 1977 2331 2032 Τὸ
2379 1981 2605 2053 Θαρσεῖς
2650 1974 2910 2050 τροπικὸν
2941 1972 3032 2028 καὶ
3066 1967 3435 2045 μονόκλητον.
3477 1964 3741 2045 Ἐφοίτων

310 2063 565 2141 ἀγγέλων
621 2064 761 2119 κατὰ
804 2064 906 2133 τὴν
962 2063 1162 2120 τούτου
1217 2064 1514 2139 ἀνάληψιν,
1572 2065 1649 2128 ὡς
1705 2063 1978 2144 εὐφημίας

321 2152 632 2217 ἐπινικίους
665 2150 1215 2231 μεγαληγορούντων.

397 2268 427 2296 ‹‹
460 2241 686 2299 Ψάλατε
729 2246 811 2315 τῷ
859 2247 978 2316 Θεῷ
1025 2245 1208 2317 ἡμῶν,
1257 2240 1485 2318 ψάλατε·
1534 2242 1744 2318 ψάλατε
1770 2248 1851 2316 τῷ
1882 2244 1980 2320 βα-

315 2331 473 2390 σιλεῖ
494 2334 677 2406 ἡμῶν,
707 2330 934 2407 ψάλατε.
969 2355 1000 2386 ››
1029 2366 1100 2377 —-
1127 2334 1216 2404 Μὴ
1245 2331 1469 2410 γλώττῃ
1499 2332 1683 2409 μόνον,
1716 2330 1864 2390 ἀλλὰ
1891 2332 1982 2390 καὶ

317 2422 437 2480 νοῒ.

409 2504 850 2569 «Ἐϐασίλευσεν
906 2513 936 2568 6
992 2512 1123 2576 Θεὸς
1170 2511 1259 2569 ἐπὶ
1307 2513 1374 2568 τὰ
1419 2509 1568 2585 ἔθνη.
1607 2536 1629 2565 ι
1664 2544 1732 2556 -
1764 2506 1983 2568 Ἐϐασί-

325 2604 491 2659 λευσε
534 2600 627 2658 καὶ
672 2603 811 2659 κατὰ
842 2602 907 2658 τὸ
951 2602 1151 2660 τούτου
1189 2602 1551 2680 ἀνθρώπινον,
1597 2601 1689 2658 καὶ
1725 2601 1861 2658 κατὰ
1887 2603 1987 2671 τὴν

325 2689 577 2747 ἑκούσιον
604 2695 712 2747 τῶν
746 2689 1185 2769 βασιλευομένων
1216 2693 1512 2768 ὁποταγήν.

411 2803 440 2833 ‹‹
468 2781 526 2834 Ὀ
565 2780 697 2844 Θεὸς
739 2779 971 2853 κάθηται
1019 2780 1109 2837 ἐπὶ
1156 2781 1350 2857 θρόνου
1402 2780 1560 2858 ἁγίου
1599 2780 1788 2839 αὐτοῦ.
1839 2806 1867 2834 ››
1917 2814 1988 2824 ·-

317 2872 386 2922 Ὅ
416 2866 605 2942 θρόνος
658 2865 827 2939 δηλοῖ
870 2868 934 2924 τὸ
990 2866 1274 2946 βασιλικὸν
1326 2871 1417 2925 καὶ
1461 2870 1527 2926 τὸ
1575 2868 1904 2939 δικαστικὸν,
1948 2872 1983 2942 ἠ

324 2954 567 3033 καθέδρα
614 2957 677 3013 τὸ
728 2952 971 3033 βέϐαιον,
1014 2961 1050 3029 ἡ
1110 2954 1337 3035 άγιὸτης
1403 2959 1469 3016 τὸ
1514 2960 1747 3037 καθαρὸν
1807 2962 1988 3033 πάσης

333 3045 815 3124 προσωποληψίας
827 3090 842 3106 .

407 3156 435 3190 α
462 3136 767 3212 ’Ἄρχοντες
842 3135 989 3193 λαῶν
1070 3139 1419 3214 συνήχθησαν
1499 3138 1636 3213 μετὰ
1683 3143 1784 3195 τοῦ
1848 3145 1983 3198 Θεοῦ

2091 2065 2150 2123 δὲ
2205 2066 2295 2123 καὶ
2352 2064 2443 2122 διὰ
2494 2070 2602 2121 τῶν
2659 2062 2870 2121 πλοίων
2928 2066 3037 2118 τῶν
3084 2065 3308 2136 Θαρσεῖς
3352 2055 3615 2130 πολέμιοι
3668 2057 3739 2128 τῇ

2088 2154 2485 2233 Ἰερουσαλήμ.
2535 2158 2795 2211 Νοοῦνται
2841 2151 2900 2209 δὲ
2942 2150 3116 2208 πλοῖα
3170 2153 3415 2226 Θαρσεῖς,
3467 2143 3739 2202 τουτέστιν

2091 2245 2440 2315 ἀποστασίας,
2492 2243 2584 2300 καὶ
2642 2244 2695 2300 οἱ
2755 2240 3006 2317 δαίμονες
3060 2244 3141 2312 τῷ
3196 2234 3416 2317 σφοδρῷ
3476 2236 3737 2308 κινήματι

2088 2343 2189 2408 τῆς
2217 2334 2361 2398 θείας
2398 2334 2566 2411 ὀργῆς
2597 2327 3032 2409 συντριϐόμενοι.

2164 2448 2196 2480 ‹‹
2225 2425 2475 2500 Καθάπερ
2530 2422 2864 2496 ἠκούσαμεν,
2924 2419 3097 2483 οὕτως
3166 2416 3257 2474 καὶ
3317 2413 3553 2489 εἷ’δομεν.
3602 2437 3625 2466 ι
3677 2444 3748 2456 —-

2093 2514 2427 2588 Ἦκούσαμεν
2505 2510 2868 2589 τερατουργὸν
2932 2506 3169 2586 γενέσθαι
3235 2506 3330 2563 τὸν
3404 2504 3532 2561 Θεὸν
3612 2502 3747 2578 ὑπὲρ

2091 2607 2191 2663 τοῦ
2248 2602 2385 2661 λαοῦ
2445 2601 2629 2659 αὐτοῦ.
2687 2604 2859 2657 Τοῦτο
2914 2597 3005 2654 καὶ
3061 2594 3242 2675 ἔργοις
3301 2591 3517 2669 εἷ’δομεν
3563 2596 3653 2648 νῦν
3695 2590 3747 2647 ἐν

2094 2694 2130 2763 ἡ
2140 2696 2250 2766 μῖν.

2167 2806 2196 2834 ‹‹
2228 2781 2285 2836 Ὀ
2343 2779 2473 2844 Θεὸς
2517 2777 2876 2853 έθεμελίωσεν
2934 2775 3101 2845 αὐτὴν
3157 2773 3235 2837 εἰς
3291 2771 3384 2829 τὸν
3441 2770 3614 2827 αἰῶνα
3643 2814 3657 2827 .
3720 2793 3750 2822 »

2095 2903 2164 2915 --—
2191 2871 2369 2927 Τοῦτο
2427 2872 2669 2948 φανερῶς
2724 2865 2849 2945 περὶ
2905 2869 3006 2936 τῆς
3063 2861 3419 2934 Ἐκκλησίας,
3461 2861 3532 2931 ἧς
3578 2857 3749 2916 πύλαι

2097 2954 2229 3031 ᾅδου
2261 2957 2323 3014 οἷ)
2352 2956 2796 3034 κατισχύσουσιν.

2168 3074 2201 3103 ι(
2229 3047 2374 3104 Κατά
2400 3046 2466 3104 τὸ
2520 3042 2696 3121 ὄνομά
2749 3067 2866 3116 σου,
2925 3045 2954 3101 6
3011 3044 3163 3116 Θεὸς,
3212 3041 3387 3105 οὕτως
3434 3039 3526 3096 καὶ
3572 3032 3749 3112 ὄνομά

2097 3157 2195 3194 σου
2243 3135 2329 3192 ἐπὶ
2377 3135 2445 3192 τὰ
2489 3136 2696 3212 πέρατα
2739 3141 2841 3204 τῆς
2891 3140 3019 3210 γῆς.
3073 3156 3104 3185 ››
3129 3164 3199 3175 -
3226 3133 3430 3206 ’Ὠσπερ
3473 3127 3537 3184 τὸ
3574 3121 3753 3200 ὄνομά

326 3219 586 3300 Δϐραάμ.
618 3249 641 3279 ι
675 3256 744 3268 -
772 3224 848 3280 Οὐ
882 3225 1044 3298 μόνον
1102 3224 1336 3301 ἰδιῶται,
1385 3227 1533 3285 ἀλλὰ
1577 3230 1668 3285 καὶ
1720 3226 1987 3307 βασιλεῖςί
2025 3296 2061 3307 κ
2100 3248 2196 3283 σου
2243 3225 2559 3297 ἐξάκουστον
2599 3225 2823 3302 γεγονὸς
2871 3223 2930 3279 ἐκ
2984 3227 3091 3278 τῶν
3140 3218 3454 3296 θαυμασίων
3511 3238 3607 3274 σου
3657 3215 3750 3307 καὶ

326 3315 679 3389 συνήχθησαν
727 3314 863 3388 μετὰ
907 3319 1004 3370 τοῦ
1051 3320 1324 3392 Χριστοῦ,
1371 3321 1471 3387 τῆς
1519 3296 1740 3396 μερίδος
1785 3318 1988 3375 τούτου
2019 3296 2063 3364 CI
2102 3315 2180 3380 είς
2229 3296 2393 3379 αὐτὰς
2437 3315 2533 3377 τὰς
2576 3296 2832 3390 ἐσχατιάς
2878 3334 2979 3383 της
3025 3319 3127 3389 γῆς
3176 3308 3498 3387 κηρύττεται
3532 3326 3547 3341 ⁸
3605 3305 3751 3362 οὕτω

330 3401 645 3478 γενόμενοι,
696 3403 757 3465 ὃς
806 3401 873 3473 δη
925 3404 1156 3481 Χριστὸς
1203 3406 1295 3461 καὶ
1344 3410 1441 3461 τοῦ
1481 3402 1733 3484 Ἀϐραὰμ
1760 3408 1891 3473 Θεὸς
1922 3410 1983 3479 ἣν

326 3491 422 3547 καὶ
440 3497 542 3561 τῆς
574 3489 833 3561 Παλαιᾶς
850 3494 1153 3567 νομοθέτης
1182 3494 1259 3557 ὡς
1282 3502 1384 3566 τῆς
1406 3502 1626 3567 Καινῆς.

406 3603 437 3632 ‹‹
474 3582 593 3636 ’Ότι
663 3584 762 3637 τοῦ
836 3585 974 3637 Θεοῦ
1047 3583 1100 3639 οἱ
1156 3585 1405 3660 κραταιοί
1467 3588 1566 3656 τῆς
1620 3592 1725 3662 γῆς
1780 3584 1989 3666 σφόδρα

336 3669 669 3745 ἐπήρθησαν.
704 3693 734 3722 ››
781 3702 853 3714 -ο
899 3671 1016 3726 Ὀτι
1073 3676 1154 3745 τῶ
1208 3678 1327 3747 Θεῷ
1378 3676 1516 3730 κατὰ
1565 3675 1839 3753 τυράννων
1896 3676 1988 3732 καὶ

328 3760 472 3814 κατά
530 3756 805 3833 δαιμόνων
862 3763 1325 3837 κεκραταιωμένοι
1397 3762 1718 3837 ἀπόστολοι,
1774 3765 1989 3823 πάντων

329 3850 441 3903 τῶν
468 3845 675 3933 γηΐνων
726 3846 848 3905 λίαν
905 3850 1353 3925 ὑπερυψώθησαν.
1403 3853 1491 3933 ὑφ’
1519 3854 1594 3910 ὧν
1643 3855 1698 3910 οἱ
1726 3851 1989 3931 ἄρχοντες

332 3938 444 4024 τῶν
476 3932 648 4010 λαῶν,
682 3934 940 4008 δηλονότι
966 3939 1058 3995 καὶ
1088 3940 1146 3996 οἱ
1193 3932 1522 4018 ἀρχὸμενοι,
1573 3944 1710 4019 πρὸς
1757 3946 1988 4024 Χριστὸν

337 4019 762 4099 έχειραγωγήθη
769 4046 862 4081 σαν
872 4069 886 4082 .

938 4139 1235 4191 ΨΑΛΜΟΣ
1273 4138 1398 4194 NZ'.

409 4259 440 4289 «
470 4234 709 4311 Ψαλμὸς
746 4235 897 4312 ᾠδῆς
940 4245 1059 4304 τοῖς
1129 4241 1272 4306 υἱοῖς
1313 4245 1457 4316 Κορὶ
1503 4243 1727 4324 δευτέρᾳ
1776 4244 1991 4305 Σαϐϐά-

331 4345 454 4385 του.
486 4350 620 4415 »7—
647 4329 726 4399 Τῆ
777 4324 1001 4407 δευτέρᾳ
1039 4329 1225 4415 ἡμέρᾳ
1248 4339 1349 4403 τῆς
1386 4328 1694 4412 ἑϐδομάδος
1743 4338 1771 4392 6
1801 4341 1989 4415 παρὼν

333 4414 671 4501 ἐμελῳδήθη
731 4415 975 4493 ψαλμός·
1030 4414 1311 4478 Σάϐϐατσν
1386 4425 1489 4501 γὰρ
1544 4425 1635 4480 καὶ
1692 4428 1791 4496 τὴν
1851 4414 1988 4499 ὅλην

331 4500 617 4595 ἑϐδομάδα
669 4505 929 4565 καλοῦσιν
975 4505 1241 4586 Ἑϐραῖοι.
1296 4500 1661 4591 Εὐχάριστίαν
1707 4513 1767 4572 δὲ
1806 4518 1989 4595 περιέ-

332 4613 430 4683 χει
461 4596 491 4651 6
524 4594 746 4671 ψαλμὸς
773 4598 909 4675 πρὸς
937 4600 1067 4655 Θεὸν
1096 4601 1378 4677 προσώπῳ
1406 4607 1515 4659 τῶν
1544 4603 1605 4660 ἐκ
1647 4612 1752 4677 τῆς
1780 4594 1992 4683 αἰχμα-

334 4655 549 4749 λωσίας
608 4655 1012 4745 ἐπανελθόντων
1071 4655 1152 4755 εἷς
2025 4666 2071 4735 D
2101 4655 2465 4772 anotéiﬂm:

331 4773 429 4830 καὶ
458 4780 576 4839 τοῖς
607 4774 660 4847 ἐξ
702 4778 1093 4854 αἲχμαλωσίας
1136 4785 1245 4838 τῶν
1297 4778 1572 4857 δαιμόνων
1614 4781 1789 4841 είίτουν
1839 4783 1996 4843 εἰδω-

334 4858 664 4941 λολατρείας
694 4863 1045 4924 ἐπανελθοῦσι
1074 4870 1213 4947 πρὸς
1241 4872 1587 4948 θεογνωσίαν.

411 4975 442 5007 ‹‹
472 4952 660 5030 Μέγας
690 4954 888 5034 Κύριος
935 4957 1027 5013 καὶ
1075 4959 1285 5023 αἰνετὸς
1334 4958 1543 5039 σφόδρα
1582 4960 1634 5017 ἐν
1682 4961 1845 5020 πόλει
1896 4969 1994 5022 τοῦ

333 5046 473 5098 Θεοῦ
516 5044 678 5118 ἡμῶν
724 5044 776 5100 έν
827 5041 941 5123 ὄρει
995 5045 1141 5123 ἀγίῳ
1197 5048 1382 5106 αὐτοῦ.
1435 5073 1465 5103 κ
1493 5084 1565 5099 σ-
1611 5052 1795 5124 ’Δξιος
1823 5053 1991 5110 αἶνεῖ-

332 5142 459 5196 σθαι
492 5130 545 5190 ἐν
578 5132 943 5211 Ἰερουσαλὴμ
988 5136 1080 5193 καὶ
1131 5136 1185 5194 ἐν
1224 5143 1305 5213 τῷ
1344 5135 1462 5217 ϐρει
1501 5142 1666 5207 Σιὼν,
1697 5147 1778 5217 τῷ
1806 5142 1993 5208 καλῶς

332 5219 705 5300 ἰῤῥιζωμένῳ,
743 5225 989 5283 τουτέστι
1037 5222 1276 5302 βεϐαίως
1323 5225 1683 5308 πεπηγμένῳ,
1741 5235 1822 5306 τῷ
1881 5228 1993 5289 ὄντι

335 5309 633 5401 εὐφροσύνῃ
688 5312 868 5401 πάσης
923 5321 1028 5386 τῆς
1080 5316 1437 5393 οἰκουμένης.
1493 5324 1670 5376 Ταῦτα
1727 5317 1787 5377 δέ
1828 5343 1992 5401 φησιν

336 5399 558 5479 ἐπείπερ
608 5403 647 5473 ἡ
700 5399 945 5460 εὐσέϐεια
997 5406 1234 5483 πρώτως
1293 5407 1371 5472 είς
1430 5407 1795 5485 Ἰερουσαλὴμ
1842 5399 1993 5489 ήέρῥί-

338 5495 528 5564 ζωται,
582 5489 824 5549 κάκεῖθεν
884 5492 1181 5567 ἐξελήλυθε
1231 5497 1300 5554 τὰ
1350 5504 1453 5568 τῆς
1502 5499 1847 5577 παγκοσμίου
1886 5522 1992 5579 χα-

336 5585 434 5657 ρᾶς
465 5579 781 5658 εὐαγγέλια.

408 5693 439 5722 ‹‹
470 5671 605 5748 Ὀρη
641 5673 785 5729 Σιὼν
833 5672 903 5729 τὰ
948 5670 1164 5751 πλευρὰ
1205 5679 1306 5732 τοῦ
1353 5675 1553 5755 βορῥᾶ,
1593 5679 1629 5748 ἡ
1678 5676 1844 5741 πόλις
1893 5678 1992 5755 βα-

333 5755 535 5826 σιλέως
578 5764 679 5818 τοῦ
739 5760 1008 5843 μεγάλου.
1040 5788 1075 5819 »
1129 5799 1200 5813 --
1256 5770 1588 5846 Ιῐεριχαρῶς
1645 5766 1992 5827 ἀνακαλεῖται

2095 3404 2377 3462 συνέπεται
2406 3404 2496 3461 καὶ
2529 3406 2558 3461 6
2589 3405 2680 3468 σὸς
2705 3401 2871 3477 ὕμνος
2900 3405 2970 3477 τῇ
3002 3398 3254 3479 διηγήσει
3297 3402 3405 3455 τῶν
3432 3394 3745 3472 θαυμασίων

2096 3516 2214 3554 σου.

2168 3609 2197 3638 ‹‹
2231 3583 2589 3655 Δικαιοσύνης
2618 3581 2845 3660 πλήρης
2865 3583 2900 3653 ἡ
2924 3577 3071 3653 δεξιά
3099 3600 3217 3638 σου,
3256 3602 3279 3632 ι
3311 3611 3380 3624 -—
3408 3578 3496 3640 Ὠς
3524 3573 3749 3639 δικαίως

2095 3673 2412 3750 ἀμυνομένη
2441 3672 2570 3736 τοὺς
2594 3669 2914 3735 ἀδικοῦντας
2944 3672 3114 3745 ἡμᾶς.

2173 3787 2203 3818 ι(
2231 3762 2602 3842 Εὐφρανθήτω
2650 3757 2778 3836 ὅρος
2829 3760 2992 3833 Σιὼν,
3042 3757 3134 3814 καὶ
3197 3754 3653 3835 ἀγαλλιάσθωσαν
3696 3754 3755 3810 αἱ

2097 3851 2382 3931 θυγατέρες
2438 3859 2540 3922 τῆς
2598 3848 2877 3913 Ἰουδαίας.
2918 3873 2941 3901 ι
2975 3881 3047 3891 -
3098 3849 3260 3922 Ὅρος
3320 3849 3462 3901 Σιῶν
3504 3846 3540 3915 ἡ
3587 3845 3756 3931 καθο-

2100 3929 2231 4013 λικὴ
2288 3939 2592 4012 Ἐκκλησία
2622 3957 2636 3971 ⁸
2698 3937 2983 4016 θυγατέρες
3040 3934 3101 3992 δὲ
3153 3942 3257 4007 τῆς
3316 3930 3581 3996 Ἰουδαίας
3628 3929 3753 4001 ἤτοι

2097 4039 2201 4101 τῆς
2249 4028 2704 4105 ἐξομολογήσεως
2752 4027 2845 4083 καὶ
2881 4026 3116 4088 πίστεως
3158 4025 3217 4080 αἱ
3262 4022 3401 4080 κατὰ
3447 4020 3612 4098 μέρος
3665 4018 3755 4076 έκ-

2098 4118 2323 4193 κλησίαι
2356 4118 2446 4175 καὶ
2473 4118 2528 4173 αἱ
2557 4115 2732 4194 ψυχάῖ
2758 4120 2868 4174 τῶν
2901 4119 3130 4174 πιστῶν.

2172 4234 2203 4265 ‹‹
2234 4210 2577 4286 Διηγήσασθε
2632 4207 2685 4263 έν
2740 4211 2857 4268 τοῖς
2908 4203 3136 4283 πύργοις
3191 4202 3381 4273 αὐτῆς.
3418 4226 3441 4256 ι
3494 4234 3565 4247 -ο
3623 4207 3754 4274 Διη-

2099 4301 2339 4379 γήσασθε
2410 4299 2479 4353 τὰ
2547 4296 2947 4374 κατορθώματα
3017 4297 3115 4350 τοῦ
3170 4295 3406 4367 Χριστοῦ
3441 4335 3455 4351 .
3517 4291 3638 4348 Εἰσὶ
3698 4289 3757 4348 δὲ

2100 4388 2302 4468 πύργοι
2357 4387 2448 4444 καὶ
2530 4388 2712 4463 βάρεις
2781 4392 2883 4456 τῆς
2959 4381 3260 4453 καθολικῆς
3317 4380 3644 4453 Ἐκκλησίας
3704 4381 3758 4436 αἱ

2105 4476 2344 4556 μερικαὶ,
2377 4477 2427 4534 ἐν
2462 4477 2546 4540 αἷς
2592 4479 2700 4533 τῶν
2744 4478 2843 4531 τοῦ
2890 4476 3125 4551 Χριστοῦ
3160 4471 3604 4549 κατορθωμάτων
3631 4469 3759 4532 τούς

2102 4567 2306 4643 λόγους
2364 4567 2695 4638 ποιήσασθαι
2771 4562 3133 4643 προτρέπεται
3206 4561 3269 4617 τὸ
3344 4563 3566 4634 Πνεῦμα
3630 4556 3759 4622 τοὺς

2180 4771 2202 4799 ι
2236 4745 2400 4811 Θέσθε
2451 4746 2548 4808 τὰς
2604 4740 2828 4822 καρδίας
2886 4742 3038 4816 ὑμῶν
3097 4739 3174 4804 εἷς
3212 4739 3312 4809 τὴν
3368 4736 3595 4812 δύναμιν
3656 4735 3756 4792 αὐ-

2101 4843 2224 4908 τῆς.
2258 4859 2288 4888 ››
2320 4868 2389 4879 -
2441 4831 2770 4910 Φροντίσατε
2827 4831 2905 4894 εἷς
2959 4831 3060 4902 τὴν
3119 4835 3221 4901 τῆς
3277 4826 3604 4899 Ἐκκλησίας
3653 4824 3758 4882 ένί-

2102 4946 2320 5004 σχυσιν.

2178 5038 2208 5069 ‹‹
2255 5014 2357 5071 Καὶ
2413 5009 2795 5070 καταδιέλεσθε
2838 5010 2933 5075 τὰς
3001 5008 3185 5088 βάρεις
3241 5008 3428 5080 αὐτοῦ,
3488 5005 3638 5069 ὅπως
3697 5006 3760 5061 ἂν

2103 5102 2445 5181 διηγήσησθε
2501 5102 2579 5167 εἷς
2637 5102 2823 5178 γενεάν
2884 5100 3091 5177 ἑτέραν.
3153 5122 3183 5152 >›
3240 5131 3311 5141 -—
3364 5095 3762 5174 Ἀπομερίσατε

2104 5197 2323 5258 ἑαυτοῖς
2376 5191 2603 5256 ἕκαστος
2660 5190 2736 5256 εἷς
2784 5189 3151 5268 καταρτισμὸν
3209 5186 3305 5251 τὰς
3360 5188 3498 5243 κατὰ
3557 5185 3762 5250 τόπους

2050 5297 2055 5301 ’
2104 5282 2419 5357 ἐκκλησίας.

2691 5389 2996 5447 ΨΔΛΜΟΣ
3037 5386 3170 5443 MH’.

2179 5523 2201 5553 ι
2236 5497 2331 5563 EI:
2358 5497 2422 5555 16
2449 5495 2632 5568 τέλος,
2683 5502 2803 5560 τοῖς
2851 5496 2992 5558 υἱοῖς
3034 5493 3196 5570 Κορέ.
3229 5492 3524 5549 ’Δκούσατε
3566 5495 3754 5566 ταῦτα,

2100 5589 2275 5645 πάντα
2330 5589 2399 5644 τά
2453 5585 2603 5659 ἔθνη⁶
2662 5584 2986 5643 ἐνωτίσασθε
3015 5630 3032 5659 ,
3088 5584 3283 5647 πάντες
3339 5584 3393 5639 οἱ
3443 5586 3758 5638 κατοικοῦν-

2097 5699 2188 5742 τες
2232 5679 2335 5749 τὴν
2384 5677 2735 5752 οἰκουμένην.
2790 5699 2820 5726 ›ι
2867 5707 2937 5718 -
2984 5672 3385 5750 Διαλεγόμενος
3433 5673 3573 5749 πρὸς
3607 5673 3757 5746 ἡμᾶς

2099 5767 2275 5826 κλινῶ
2300 5769 2365 5825 τὸ
2421 5769 2514 5832 οὗς
2562 5774 2665 5842 τῆς
2695 5767 2880 5843 ψυχῆς
2944 5787 3051 5841 μου
3102 5765 3182 5831 εἰς
3227 5765 3329 5835 τήν
3378 5762 3757 5840 ένηχουμένην
