4072 6436
313 400 469 466 “67

1565 410 1990 477 NIGEPHORI
2033 410 2472 480 BLEMMIDE

3570 406 3769 480 1468

321 557 414 612 μοι
471 538 618 614 παρά
671 542 768 595 τοῦ
823 537 976 617 ἁγίου
1032 539 1347 617 Πνεύματος
1395 539 1740 620 παραϐολὴν·
1779 547 1965 602 τουτέ-
1996 554 2050 617 Α
2081 543 2170 602 διὰ
2197 553 2294 604 τοῦ
2347 548 2617 624 πόματος
2663 546 2836 606 αὐτῶν
2885 548 3270 624 ἀρεσθήσονται
3315 552 3435 614 τοῖς
3483 570 3763 629 πεπραγ-

317 648 430 683 στιν
461 626 536 691 εἷς
581 628 890 708 ἀπόκρυφον
951 631 1136 709 γόγον·
1193 637 1418 688 τοιαῦτα
1473 634 1576 710 γὰρ
1627 636 1694 690 τὰ
1749 655 1965 714 προφη-

313 737 456 774 τικα.

389 807 673 879 «Ἀνοίξω
730 809 781 864 ἐν
840 807 1131 887 ψαλτηρίῳ
1185 812 1248 867 τὸ
1293 807 1598 887 πρόϐλημά
1650 833 1776 886 μου.
1827 837 1856 866 ››
1897 847 1968 858 —

313 898 620 973 Φανερώσω
677 895 766 953 διά
822 896 1152 976 ψαλτηρίου,
1208 902 1451 956 τουτέστι
1511 901 1644 975 μετά
1704 907 1966 976 μουσικοῦ

319 984 523 1059 μέλους
552 987 642 1042 τὸν
677 985 842 1062 λόγον
879 1010 1003 1063 μου.

391 1096 415 1126 ιι
445 1078 560 1133 Ἵνα
587 1076 639 1131 τί
671 1072 946 1155 φοϐοῦμαι
981 1078 1030 1134 ἐν
1060 1081 1242 1155 ἡμέρᾳ
1270 1084 1521 1155 πονηρᾷ;
1558 1103 1586 1131 ›)
1607 1093 1684 1124 ’--
1716 1080 1966 1158 Πονηράν

311 1163 469 1220 καλεῖ
495 1166 593 1235 τήν
622 1165 722 1241 τῇς
751 1167 999 1244 κρίσεως.

381 1277 408 1305 ‹‹
441 1255 504 1309 Ἡ
537 1253 736 1328 ἀνομία
779 1262 882 1326 τῆς
929 1255 1164 1334 πτέρνης
1207 1278 1310 1330 μου
1367 1257 1640 1314 κυκλώσει
1695 1279 1780 1332 με.
1839 1283 1860 1310 ι
1895 1292 1964 1302 -

310 1341 408 1398 Διά
451 1343 504 1397 τί
553 1339 826 1421 φοϐοῦμαι
861 1364 874 1414 ;
909 1343 990 1400 ὅτι
1039 1345 1103 1400 τὸ
1152 1349 1250 1416 τῆς
1308 1345 1581 1402 κυκλώσει
1641 1367 1708 1420 με
1763 1347 1965 1421 ἀνομία

305 1438 409 1502 τῆς
441 1431 652 1502 ἀπάτης
694 1455 798 1506 μου
835 1451 845 1464 ’
894 1433 1070 1505 ἀπάτη
1106 1431 1164 1489 δὲ
1213 1434 1450 1510 ἁμαρτία
1479 1435 1556 1498 ὡς
1585 1434 1844 1491 ἀπατῶσα
1871 1437 1964 1493 τὸν

309 1521 687 1595 ἁμαρτάνοντα
743 1529 1187 1602 Περιφραστικῶς
1247 1521 1304 1580 δὲ
1361 1523 1506 1580 εἶπεν
1563 1524 1680 1580 ἀντὶ
1735 1530 1864 1596 τοῦ,
1925 1529 1960 1597 ἡ

310 1611 547 1688 ἁμαρτία
580 1633 705 1686 μου.

382 1701 496 1755 «Οἱ
542 1700 860 1764 πεποιθότες
916 1702 1004 1757 ἐπὶ
1062 1703 1133 1778 τῇ
1191 1700 1417 1778 δυνάμει
1475 1703 1674 1760 αὐτῶνο
1733 1704 1824 1760 καὶ
1873 1704 1960 1760 ἐπὶ

303 1794 382 1862 τῷ
429 1788 632 1862 πλήθει
686 1796 783 1846 τοῦ
836 1789 1085 1848 πλούτου
1143 1791 1318 1848 αὐτῶν
1373 1795 1748 1870 καυχώμενοι.
1806 1817 1835 1846 ››
1894 1826 1962 1836 -ι

301 1877 817 1956 Προσυπακουστέον
845 1882 907 1936 τὸ
937 1881 1338 1938 ἀκουσάτωσαν.

377 2010 406 2038 ‹‹
439 1984 704 2065 ’Δδελφὸς
734 1987 796 2043 ού
828 1986 1138 2065 λυτροῦται·
1197 1988 1533 2066 λυτρώσεται
1589 1991 1892 2066 ἄνθρωπος.
1931 2013 1958 2043 ››

304 2109 374 2118 --
406 2077 728 2152 ’Ἄνθρωπος
757 2077 1054 2154 ἀλλότριος
1087 2075 1324 2150 δηλαδή.

377 2165 509 2220 «ού
571 2163 732 2222 δώσει
786 2172 865 2240 τῷ
921 2172 1037 2240 Θεῷ
1097 2166 1363 2242 ἐξίλασμα
1420 2169 1632 2227 ἑαυτοῦ.
1693 2194 1723 2222 ››
1781 2205 1832 2213 -
1887 2170 1960 2227 Ού

305 2251 470 2310 δώσει
502 2275 552 2310 τι
581 2253 763 2334 ἕτερον
797 2256 872 2320 εἷς
903 2255 1100 2334 λύτρον
1127 2261 1207 2332 τῷ
1235 2263 1351 2331 Θεῷ
1379 2259 1570 2315 ἑαυτοῦ
1601 2258 1652 2315 ἐν
1685 2263 1752 2334 τῇ
1786 2260 1963 2338 κρίσει

303 2346 332 2401 6
371 2344 458 2400 ἐπὶ
486 2348 558 2414 τῆ
588 2342 808 2420 δυνάμει
843 2346 1006 2402 αὐτοῦ
1035 2348 1332 2412 πεποιθώς.

373 2457 403 2486 ι(
435 2433 535 2490 Καὶ
581 2435 681 2503 τήν
740 2437 910 2510 τιμὴν
962 2443 1064 2507 τῆς
1124 2435 1446 2514 λυτρώσεως
1490 2444 1594 2508 τῆς
1640 2441 1824 2515 ψυχῆς
1872 2440 1964 2496 αύ-

299 2527 417 2578 τοῦ·
451 2548 480 2577 ››
509 2556 580 2566 -
609 2523 734 2579 Νόει
796 2545 892 2597 μοι
945 2523 1216 2602 λύτρωσιν
1261 2527 1360 2595 τήν
1413 2524 1740 2598 ἐλευθερίαν.
1791 2529 1959 2602 τιμὴν

304 2608 363 2667 δὲ
389 2613 452 2667 τὸ
483 2612 722 2686 τίμημα.
757 2612 902 2684 Φησῖ
935 2610 995 2669 δὲ
1034 2609 1119 2670 ὅτι
1169 2614 1268 2670 οὐκ
1315 2613 1637 2687 ἐξωνήσεται
1687 2617 1958 2694 σωτηρίαν

303 2700 477 2774 ἐαυτῷ
507 2701 535 2757 ὑ
564 2703 926 2778 καυχώμενος
956 2702 1008 2759 ἐν
1039 2701 1288 2778 πλνύτῳ.

377 2813 405 2842 ‹‹
437 2790 538 2846 Καὶ
589 2789 872 2847 ἐκοπίασεν
935 2791 1011 2855 εἷς
1068 2793 1158 2848 τὸν
1217 2793 1407 2852 αἰῶνα.
1465 2818 1493 2847 ‹‹
1551 2827 1622 2839 ——-
1670 2796 1764 2860 ’ος
1795 2794 1854 2852 δὲ
1883 2796 1960 2861 εἷς

299 2877 392 2935 τὸν
426 2879 596 2936 αἰῶνα
621 2881 814 2936 τοῦτον
864 2881 1118 2938 ἐκοπίασε
1161 2880 1252 2938 διὰ
1297 2884 1444 2958 Θεὸν,
1492 2886 1592 2954 τῆς
1645 2884 1961 2960 μελλούσης

308 2972 454 3038 ζωῆς
487 2967 837 3040 ἑπιτεύξεται.

379 3081 401 3108 ιι
435 3056 546 3113 Ούκ
597 3053 784 3133 ὄψεται
837 3060 1180 3140 καταφθορὰν
1236 3059 1362 3118 ὅταν
1415 3059 1505 3137 ἴδῃ
1565 3062 1766 3143 σοφοὺς
1824 3063 1962 3120 ἀπο-

302 3147 652 3217 θνήσκοντας.
691 3171 712 3200 »
748 3181 819 3191 -
865 3151 1219 3229 Καταφθορὰν
1280 3149 1538 3224 ὀνομάζει
1589 3151 1815 3209 ἐνταῦθα
1858 3154 1959 3224 τὴν

301 3233 578 3292 ἀπώλειαν
632 3237 734 3306 τῆς
792 3240 999 3314 ψυχῆς,
1055 3239 1154 3308 τὴν
1217 3239 1295 3302 εἷς
1344 3239 1408 3295 τὸ
1441 3237 1686 3311 διηνεκὲς
1725 3246 1963 3298 κακοπά-

304 3334 473 3395 θειαν,
531 3326 593 3394 ἣν
655 3325 756 3381 ούκ
812 3324 901 3402 ἴδῃ
959 3327 1034 3391 εἷς
1090 3327 1247 3383 αὐτὸν
1302 3329 1330 3382 ὁ
1379 3329 1516 3384 κατά
1544 3331 1672 3386 Θεὸν
1709 3352 1962 3387 κεκοπια-

303 3414 437 3485 κὼς,
489 3411 579 3469 ὅτε
637 3413 879 3470 θεάσεται
925 3415 1056 3479 τοὺς
1112 3422 1211 3471 τοῦ
1268 3416 1479 3490 κόσμου
1539 3419 1774 3497 σοφοὺς.
1832 3420 1961 3484 τοὺς

304 3502 623 3579 περιέργους
655 3503 975 3580 ἀνθρώπους
1005 3503 1263 3576 δηλονότι
1307 3507 1398 3561 καὶ
1426 3508 1724 3584 πονηροὺς,
1761 3507 1853 3565 τὸν
1907 3510 1961 3566 ἐν

305 3592 489 3666 γεέννῃ
519 3592 738 3648 θάνατον
771 3592 1234 3666 ἀποθνήσκοντας.

385 3703 407 3731 ι
470 3680 788 3737 Ἐπιτοαυτὸ
839 3680 1022 3760 ἄφρων
1082 3682 1171 3739 καὶ
1229 3685 1384 3747 ἄνους
1444 3684 1823 3760 ἀπολοῦνται,
1870 3688 1961 3744 καὶ

303 3767 720 3844 καταλείψουσιν
774 3769 1098 3848 ἀλλοτρίοις
1143 3773 1236 3828 τὸν
1293 3771 1534 3830 πλοῦτον
1586 3775 1786 3835 αὐτῶν.
1830 3800 1859 3830 ››
1891 3811 1963 3822 -—

300 3859 399 3914 Τὸν
429 3862 498 3933 τῇ
531 3855 751 3931 δοκήσει
801 3862 963 3934 σοφὸν
1012 3861 1088 3925 εἷς
1136 3863 1345 3942 ἄφρονα
1389 3863 1482 3918 καὶ
1530 3861 1686 3920 ἄνουν
1739 3863 1956 3944 διαιρεῖ’

300 3947 391 4002 καὶ
427 3945 633 4026 ἄφρονα
663 3949 758 4021 μὶν
807 3948 966 4006 καλεῖ
1003 3952 1096 4007 τὸν
1146 3953 1223 4025 μή
1258 3950 1440 4008 εἰδότα
1466 3953 1557 4009 τὸν
1599 3949 1772 4018 ὄντως
1806 3959 1958 4028 Θεὸν,

301 4036 460 4092 ἄνουν
495 4034 553 4093 δὲ
577 4039 669 4094 τὸν
697 4038 1033 4114 ἐπτοημένον
1083 4041 1207 4118 περὶ
1258 4043 1324 4097 τὰ
1360 4045 1540 4120 γήϊνα·
1593 4045 1646 4100 οἳ
1675 4045 1816 4121 ὁμοῦ
1859 4053 1960 4117 τῆς

298 4129 406 4180 τῶν
440 4127 767 4202 σωζομένων
803 4126 1027 4206 μερίδος
1057 4129 1537 4208 ἀφανισθήσονται.

376 4255 406 4283 ‹‹
437 4231 537 4287 Καὶ
597 4234 649 4288 οἱ
704 4235 865 4312 τάφοι
925 4233 1098 4290 αὐτῶν
1159 4235 1328 4292 οὶκίαι
1380 4237 1556 4294 αὐτῶν
1617 4238 1693 4303 εἷς
1733 4241 1826 4296 τὸν
1875 4241 1959 4296 αἷ-

306 4324 438 4376 ῶνα.
497 4345 527 4373 ››
568 4355 636 4366 -
694 4323 869 4378 Οἰκίαι
929 4322 1102 4379 αὐτῶν
1160 4325 1250 4380 καὶ
1293 4329 1728 4400 κατασκηνώσεις
1783 4329 1957 4386 αὐτῶν

304 4405 512 4466 ἔσονται
590 4407 697 4474 ἓως
762 4418 861 4482 τῆς
931 4413 1237 4477 συντελείας
1304 4417 1356 4471 οἱ
1411 4419 1576 4496 τάφοι
1633 4419 1806 4474 αὐτῶν
1867 4419 1956 4474 καὶ

303 4498 411 4576 οὐχ
469 4499 502 4554 ἂ
549 4500 938 4558 κατεσκεύασαν
995 4502 1274 4578 οἰκήματα
1331 4503 1562 4583 λαμπρὰ
1615 4507 1706 4564 καὶ
1762 4508 1908 4566 πολυ
1935 4542 1960 4553 -

300 4589 434 4660 τελῆ
446 4634 460 4647 .

2081 635 2284 709 μένοις,
2343 635 2492 713 ἤτοι,
2547 636 2746 702 Καλῶς
2804 637 3162 714 ἐποιήσαμεν,
3224 637 3426 716 ἐροῦσι,
3503 640 3597 696 καὶ
3683 641 3759 696 τὸ

2075 727 2238 782 κακὸν
2271 727 2354 784 αίν
2362 728 2590 785 έσουσιν.

2149 839 2178 868 ‹‹
2229 816 2315 878 Ὠς
2373 812 2620 893 πρόϐατα
2679 817 2731 873 ἐν
2787 812 2887 892 ᾅδῃ
2944 815 3090 873 ἔθετο
3143 838 3156 853 ⁸
3207 816 3432 881 θάνατος
3474 824 3766 893 ποιμανεῖ

2075 904 2293 970 αὐτούς.
2353 931 2382 959 ››
2441 939 2510 950 --
2569 908 2716 963 Ἐπεὶ
2777 907 3257 980 ἀπεκτηνώθησαν,
3319 920 3471 980 θησει
3534 905 3763 972 αύτοὺς

2075 995 2104 1049 6
2136 995 2264 1058 Θεὸς
2317 994 2368 1050 ἐν
2417 995 2497 1069 τῷ
2539 997 2694 1071 τόπῳ
2743 999 2843 1066 τῆς
2889 994 3170 1060 κολάσεως
3211 997 3284 1060 ὠς
3314 992 3569 1073 πρόϐατα
3600 999 3762 1074 πρό-

2073 1103 2236 1161 χειρα
2303 1086 2378 1148 εἱς
2437 1085 2737 1159 ἀπώλειαν,
2795 1085 2886 1142 καὶ
2944 1086 3132 1162 γέεννα
3175 1087 3586 1162 κατακυριεύσει
3660 1088 3768 1143 αὖ·

2072 1195 2204 1231 των.

2145 1286 2176 1316 ‹(
2255 1265 2358 1322 Καὶ
2428 1264 2937 1342 κατακυριεύσουσιν
3026 1263 3204 1319 αὐτῶν
3281 1264 3334 1319 οἱ
3413 1263 3594 1330 εύθεῖς
3692 1265 3763 1321 τὸ

2072 1351 2240 1429 πρωί.
2273 1378 2303 1406 ››
2334 1388 2403 1398 -—
2459 1353 2558 1410 Καὶ
2617 1353 2896 1432 κρείττους
2950 1353 3126 1409 αὐτῶν
3175 1350 3386 1410 ἔσονται
3411 1355 3464 1410 οἱ
3495 1354 3763 1431 ἐνάρετοι

2070 1443 2322 1520 τάχιστα,
2385 1445 2462 1508 ὡς
2509 1441 2763 1500 δεσπόται
2817 1444 2954 1522 πρὸς
3009 1441 3268 1513 δούλους,
3311 1443 3407 1498 κᾶν
3460 1448 3636 1499 τοῦτο
3705 1444 3765 1500 ἐν

2070 1536 2151 1604 τῷ
2172 1527 2366 1606 κόσμῳ
2396 1532 2496 1588 οὐκ
2526 1534 2616 1603 ἦν.

2145 1645 2174 1674 ‹‹
2232 1621 2332 1677 Καὶ
2409 1625 2444 1693 ἡ
2530 1624 2758 1699 βοήθεια
2809 1620 2986 1677 αὐτῶν
3044 1619 3492 1694 παλαιωθήσεται
3548 1621 3605 1678 ἐν
3670 1628 3762 1696 τῷ

2072 1707 2195 1786 ᾅδῃ.
2230 1734 2260 1763 ››
2299 1744 2369 1755 --
2397 1713 2680 1768 Τουτέστιν
2714 1712 3154 1790 ἀφανισθήσεται.

2143 1824 2173 1852 ‹‹
2207 1801 2301 1856 Ἐκ
2354 1807 2454 1871 τῆς
2513 1799 2674 1875 δόξης
2723 1800 2897 1857 αὐτῶν
2949 1799 3276 1871 ἐξώσθησαν.
3329 1823 3359 1854 ››
3416 1832 3486 1844 -ο
3534 1807 3659 1872 Τῆς
3694 1801 3760 1858 ἐκ

1992 1920 2040 1986 Β
2071 1885 2316 1944 πλούτου
2344 1891 2453 1986 καὶ.
2484 1887 2949 1986 οὶκρδομημάτων
2997 1886 3160 1960 δόξης
3211 1888 3388 1945 αὐτῶν
3443 1891 3751 1966 ἀποσπαρ-

2073 1979 2329 2050 θήσονται
2359 1979 2497 2054 πρὸς
2529 1974 2662 2050 ᾅδην
2699 1979 2979 2054 ἀγόμενοι.

2146 2090 2175 2120 ‹‹
2214 2065 2369 2136 Πλὴν
2425 2068 2454 2123 ὁ
2511 2069 2643 2130 Θεὸς
2702 2066 3036 2145 λυτρώσεται
3091 2068 3194 2139 τὴν
3255 2069 3442 2145 ψυχήν
3499 2090 3607 2142 μου
3683 2071 3750 2127 ἐκ

2074 2157 2266 2233 χειρὸς
2295 2155 2450 2230 ᾅδου,
2482 2152 2607 2212 ὅταν
2641 2152 2896 2232 λαμϐάνῃ
2931 2178 3018 2232 με.
3051 2180 3080 2211 ›)
3134 2191 3204 2199 -
3252 2158 3595 2236 Προφητεύει
3654 2158 3746 2216 ὅτι

2081 2247 2112 2302 6
2143 2246 2273 2309 Θεὸς
2329 2245 2526 2324 Λόγος,
2571 2241 2698 2302 ὅταν
2751 2241 2892 2321 λάϐῃ
2937 2247 3036 2317 τὴν
3087 2245 3430 2323 ἀνθρωπίνην
3485 2251 3745 2327 μορφήν,

2069 2334 2168 2398 τὰς
2196 2340 2303 2391 τῶν
2334 2335 2634 2412 ἀνθρώπων
2666 2337 2848 2412 ψυχὰς
2880 2335 2942 2392 ἐκ
2979 2337 3080 2406 τὴς
3125 2340 3223 2391 τοῦ
3274 2331 3406 2408 ᾅδου
3458 2339 3746 2415 κατασχέ-

2072 2445 2208 2487 σεως
2242 2423 2478 2501 ῥύσεται.

2143 2538 2171 2566 ‹‹
2204 2516 2323 2569 ’Ὁτι
2354 2515 2390 2583 ἡ
2421 2515 2575 2590 ψυχὴ
2609 2512 2773 2569 αὐτοῦ
2806 2513 2858 2569 ἐν
2906 2517 2977 2589 τῇ
3031 2519 3146 2588 ζωῇ
3195 2515 3362 2571 αὐτοῦ
3418 2515 3740 2594 εὐλογηθή-

2072 2624 2241 2661 σεται.
2304 2626 2334 2656 ››
2393 2636 2462 2648 ——
2519 2604 2624 2661 Καὶ
2671 2603 2773 2680 γὰρ
2825 2602 2988 2667 αὐτὸς
3039 2601 3146 2668 ἓως
3195 2605 3255 2658 ἅν
3323 2609 3503 2679 ζῶμεν
3567 2626 3740 2682 χαρι-

2072 2694 2172 2764 σθή
2183 2713 2352 2749 σεται.

2145 2804 2175 2835 ‹‹
2231 2779 2732 2856 Ἑξομολογήσεταί
2780 2803 2866 2837 σοι
2933 2780 3058 2837 ὅταν
3115 2781 3381 2859 ἀγαθύνῃς
3451 2783 3622 2858 αὸτῷ.
3701 2811 3734 2840 υ

2070 2901 2138 2915 -
2170 2871 2312 2948 Ηρὸς
2341 2871 2432 2926 τὸν
2460 2871 2589 2927 Θεὸν
2649 2873 2678 2926 6
2733 2869 2914 2947 Λόγος
2975 2871 3360 2948 εύχαριστήσει
3420 2868 3546 2929 ὅταν
3609 2877 3731 2952 ἀγα.

2071 2959 2186 3023 θοῖς
2213 2958 2412 3035 ἐντύχῃ
2443 2981 2458 2994 υ
2492 2958 2617 3015 ὅταν
2648 2957 2707 3016 δὲ
2736 2959 3008 3035 λυπηροῖς

2146 3089 2177 3119 ι(
2232 3065 2609 3123 Εἰσελεύσεται
2657 3063 2766 3130 ἓως
2814 3072 3003 3144 γενεᾶς
3054 3067 3306 3144 πατέρων
3358 3069 3537 3126 αὐτοῦ.
3582 3093 3610 3121 »
3641 3101 3707 3112 —-

2072 3157 2220 3212 Ἐκεῖ
2270 3158 2587 3227 καταντήσει
2647 3157 2807 3233 γενεά
2850 3161 2958 3212 τῶν
3004 3156 3294 3232 προγόνων
3340 3157 3509 3214 αὐτοῦ
3557 3157 3628 3222 είς
3650 3158 3712 3213 τὸ

2071 3243 2330 3321 ἐξώτερον
2365 3244 2556 3308 σκότος
2588 3245 2652 3301 τὸ
2681 3245 2919 3303 αἰώνιον.

2150 3355 2172 3384 α
2208 3334 2306 3388 Καὶ
2338 3331 2622 3411 ἄνθρωπος
2655 3333 2706 3390 ἐν
2738 3338 2878 3409 τιμῇ
2911 3332 2984 3390 ὢν
3018 3335 3080 3391 ού
3111 3343 3330 3407 συνῆκε.
3366 3360 3397 3389 ››
3445 3370 3515 3380 --
3563 3338 3731 3393 Ἐπα-

2069 3418 2408 3498 ναλαμϐάνει
2440 3422 2805 3500 σχετλιάζων.

2664 3518 2963 3570 ΨΑΛΜΟΣ
3004 3516 3134 3571 ΜΘ’.

2144 3626 2174 3656 (ί
2204 3601 2442 3676 Ψαλμὸς
2489 3607 2570 3675 τῷ
2628 3604 2816 3682 Ἀσάφ.
2867 3626 2898 3658 ››
2958 3636 3029 3646 -
3076 3603 3178 3660 Καὶ
3223 3603 3386 3668 οὗτος
3432 3605 3462 3660 6
3508 3605 3742 3680 ψαλμὸς

2069 3691 2194 3769 περὶ
2223 3699 2324 3762 τῆς
2354 3698 2546 3763 κοινῆς
2578 3691 2808 3767 κρίσεως
2844 3710 2856 3726 ·
2890 3691 3038 3762 πλὴν
3060 3693 3111 3749 ἐν
3139 3699 3217 3766 νῷ
3241 3695 3350 3771 πρὸ
3379 3693 3579 3750 τούτου
3636 3698 3739 3770 μὲν

2069 3786 2454 3857 κατηγορεῖται
2506 3787 2612 3844 πᾶς
2669 3782 2934 3859 πονηρὸς,
2990 3781 3042 3838 ἐν
3097 3783 3277 3858 τούτῳ
3327 3781 3386 3840 δὲ
3444 3781 3637 3848 ἷδικῶς
3683 3788 3745 3841 οἱ

2069 3867 2323 3928 Ἰουδαῖοι
2359 3867 2705 3947 ἐλέγχονται.

2143 3981 2174 4011 ‹‹
2215 3959 2347 4022 Θεὸς
2396 3964 2530 4024 θεῶν
2582 3960 2779 4034 Κύριος
2831 3957 3072 4032 ἐλάλησε
3118 3961 3210 4017 καὶ
3241 3959 3466 4017 ἐκάλεσε
3492 3964 3595 4032 τὴν
3628 3970 3740 4040 γῆν

2070 4047 2176 4104 ἀπὸ
2201 4047 2481 4104 ἀνατολῶν
2512 4046 2679 4119 ἡλίου
2717 4047 2882 4126 μέχρι
2938 4046 3182 4123 δυσμων.
3223 4074 3254 4103 ››
3301 4082 3374 4094 ·-
3418 4053 3474 4107 Ὀ
3533 4051 3745 4129 Κύριος

2067 4135 2159 4192 καὶ
2189 4136 2320 4199 Θεὸς
2352 4136 2442 4192 καὶ
2493 4135 2831 4214 δημιουργὸς
2877 4142 2986 4194 τῶν
3039 4139 3462 4214 ὀνομαζομένων
3509 4142 3741 4199 πάντων

2067 4226 2200 4281 θεῶν
2249 4224 2481 4298 λαλήσει
2533 4224 2860 4292 δικαστικῶς
2920 4226 3009 4284 καί
3054 4227 3275 4286 καλέσει
3321 4230 3423 4300 τήν
3471 4237 3573 4307 γῆν
3629 4237 3743 4287 πᾶ-

2067 4335 2186 4388 σαν,
2215 4313 2297 4370 ὅτι
2327 4315 2418 4369 καὶ
2446 4315 2794 4392 παγκόσμιον
2823 4316 2888 4373 τὸ
2917 4318 3224 4393 κριτήριον.

2139 4427 2169 4458 ‹‹
2199 4404 2297 4460 Ἐκ
2327 4405 2469 4460 Σιὼν
2516 4407 2552 4475 ἡ
2587 4404 2880 4482 εὐπρέπεια
2923 4413 3026 4478 τῆς
3078 4405 3421 4484 ὡραιότητος
3472 4407 3664 4468 αὐτοῦ.
3705 4434 3740 4462 ››

2063 4524 2137 4540 —
2194 4494 2465 4549 Ἐντεῦθεν
2531 4491 2638 4558 ἕως
2683 4499 2781 4551 τοῦ
2831 4497 3099 4552 Ἀκουσον
3156 4493 3290 4560 λαός
3351 4519 3480 4571 μου,
3541 4499 3738 4572 μέσον,

2070 4580 2416 4660 βουλήματα.
2480 4583 2626 4654 Φησὶ
2673 4582 2731 4640 δὲ
2777 4589 2868 4640 νῦν
2921 4583 3004 4641 ὅτι
3057 4584 3118 4641 ἐκ
3157 4592 3259 4657 τῆς
3311 4588 3456 4644 Σιὼν
3489 4584 3642 4643 ἔσται
3672 4591 3739 4645 τὸ

379 4703 408 4731 ‹‹
459 4678 884 4736 Ἐπεκαλέσαντο
966 4681 1035 4736 τὰ
1110 4681 1353 4755 ὀνόματα
1419 4682 1596 4740 αὐτῶν
1677 4684 1766 4741 ἐπὶ
1848 4692 1957 4743 τῶν
1988 4667 2037 4734 D
2066 4669 2416 4749 πρόσλημμα
2469 4677 2565 4729 τοῦ
2614 4673 2814 4752 Λόγου,
2871 4672 3004 4752 ὅπερ
3045 4675 3158 4730 ἐστὶ
3193 4675 3323 4740 ναὸς
3351 4677 3442 4732 καὶ
3474 4673 3601 4747 δόξα
3629 4686 3738 4748 τῆς

306 4772 499 4845 γαιῶν.
534 4791 563 4821 ››
593 4800 664 4812 -ο
694 4768 1045 4843 Ἐπωνύμους
1103 4771 1315 4835 ἑαυτοῖς
1374 4771 1699 4846 ἐποιήσαντο
1741 4771 1958 4849 πόλεις,

306 4857 395 4913 καὶ
427 4858 639 4935 χώρας,
661 4858 752 4914 καὶ
779 4858 998 4936 ἀγρούς.

383 4971 411 4998 ‹‹
441 4946 541 5004 Καὶ
595 4948 878 5026 ἄνθρωπος
935 4948 961 5005 ἐ
1006 4953 1144 5024 τιμῇ
1192 4946 1267 5005 ὢν
1315 4949 1378 5005 ού
1422 4958 1640 5026 συνῆκε,
1689 4974 1958 5031 παρασυν-

309 5030 520 5108 εϐλήθη
553 5041 671 5100 τοῖς
719 5038 969 5109 ἀνοήτοις
1012 5041 1230 5110 κτήνεσι
1259 5039 1349 5095 καὶ
1397 5040 1664 5114 ὡμοιώθη
1696 5030 1903 5108 αὐτοῖς.
1927 5068 1956 5098 ››

304 5126 503 5181 -Καὶ
558 5133 665 5190 πᾶς
717 5147 800 5190 τις
861 5127 1036 5182 αὐτῶν
1092 5125 1376 5202 ἄνθρωπος
1434 5126 1506 5184 ὢν
1565 5129 1616 5186 ἐν
1667 5136 1806 5206 τιμῇ
1859 5137 1958 5188 τοῦ

303 5215 422 5271 κατ’
471 5215 670 5289 εἶκόνα,
716 5215 955 5294 ἠγνόησε
998 5220 1161 5273 τοῦτο
1210 5217 1366 5292 ἑκὼν,
1398 5217 1489 5273 καὶ
1536 5219 1803 5298 συνετάγη
1839 5226 1957 5285 τοῖς

305 5305 577 5374 κτήνεσιν.

379 5417 409 5446 ‹‹
446 5391 590 5463 Αὕτη
624 5395 658 5463 ἡ
692 5391 816 5457 ὁδὸς
848 5392 1022 5450 αύτῶν
1053 5392 1351 5452 σκάνδαλον
1384 5395 1590 5460 αὐτοῖς.
1623 5420 1653 5450 ››
1700 5429 1772 5442 -
1806 5397 1956 5472 Αὕτη

308 5483 344 5551 ἡ
378 5478 626 5556 διαγωγή
660 5481 851 5555 αὐτῶν,
882 5481 1054 5559 ἤγουν
1087 5486 1122 5553 ἡ
1153 5483 1291 5561 πρὸς
1337 5486 1405 5540 τὰ
1450 5487 1624 5558 κτήνη
1669 5487 1956 5561 ὁμοίωσις,

310 5566 573 5644 ἐμπόδιον
600 5569 813 5634 τούτοις
845 5572 920 5635 εἷς
949 5573 1167 5649 ἀρετήν.

379 5683 407 5712 ‹‹
443 5657 541 5713 Καὶ
602 5659 736 5732 μετὰ
779 5665 948 5716 ταῦτα
1003 5661 1055 5716 ἐν
1113 5667 1192 5735 τῷ
1236 5662 1467 5737 στόματι
1515 5663 1688 5721 αὐτῶν
1722 5664 1960 5740 εὐδοκή-

309 5768 512 5806 σουσιν.
547 5770 575 5802 ››
609 5781 677 5791 —
725 5749 824 5805 Καὶ
876 5750 1014 5826 μετᾶ
1058 5750 1120 5806 τὸ
1177 5751 1512 5827 ὁμοιωθῆναι
1559 5759 1674 5821 τοῖς
1716 5759 1958 5832 κτήνεσι,

2069 4761 2237 4817 αὐτοῦ
2267 4761 2608 4838 ὡραιότητος
2627 4760 2752 4832 ἤτοι
2785 4761 3069 4834 θεότητος.

2143 4891 2172 4922 ‹‹
2203 4869 2259 4923 Ὀ
2290 4868 2420 4932 Θεὸς
2461 4869 2718 4948 ἐμφανῶς
2747 4869 2885 4942 ἥξει.
2921 4894 2951 4924 ‹‹
2999 4902 3071 4914 -
3119 4872 3206 4928 Ἐν
3257 4872 3353 4945 μὲν
3409 4876 3481 4947 τῇ
3538 4875 3739 4950 πρώτῃ

2067 4956 2337 5034 παρουσίᾳ
2362 4957 2607 5037 κρυφίως
2651 4957 2918 5030 ἐλήλυθεν
2949 4977 2963 4991 ⁸
2997 4959 3050 5015 ἐν
3099 4958 3158 5017 δὲ
3195 4964 3267 5036 τῇ
3319 4957 3543 5039 δευτέρᾳ
3597 4963 3740 5037 μετά

2069 5043 2353 5120 δυνάμεως
2383 5045 2474 5102 καὶ
2508 5043 2674 5119 δόξης
2703 5046 2837 5122 ἔλθῃ
2865 5046 3108 5120 πολλῆς.

2139 5159 2170 5188 ‹‹
2202 5136 2259 5190 ’O
2316 5134 2446 5198 Θεὸς
2501 5137 2689 5212 ἡμῶν,
2755 5136 2837 5192 κεὶ
2896 5137 2960 5193 ού
3023 5141 3534 5214 παρασιωπήσεται.
3601 5166 3625 5198 ι
3662 5172 3733 5187 -

2067 5223 2179 5282 Ούκ
2232 5224 2632 5299 ἀνεξικακήσει,
2689 5223 2818 5284 ἀλλ’
2865 5225 3136 5285 ἀποδώσει
3195 5227 3404 5304 ἑκάστῳ
3457 5230 3596 5286 κατὰ
3668 5231 3740 5288 τὰ

2069 5309 2205 5391 ἔργα
2232 5313 2419 5373 αὐτοῦ.

2139 5425 2170 5456 ‹‹
2209 5407 2324 5480 Ηῦρ
2381 5402 2611 5462 ἐνώπιον
2661 5403 2829 5461 αὐτοῦ
2877 5406 3203 5477 καυθήσεται
3251 5407 3343 5463 καὶ
3385 5405 3576 5481 κύκλῳ
3636 5409 3735 5465 αὖ·

2064 5495 2162 5548 τοῦ
2217 5492 2476 5561 καταιγὶς
2526 5490 2753 5572 σφόδρα.
2803 5515 2826 5548 ι
2882 5526 2949 5536 -
3024 5495 3095 5551 Τὸ
3144 5494 3369 5574 φρικτὸν
3419 5495 3586 5552 αὐτοῦ
3635 5498 3737 5554 καὶ

2068 5579 2437 5638 ἀνυπόστατον
2468 5579 2558 5639 διὰ
2584 5582 2792 5638 τοὸτων
2827 5579 3015 5656 δηλοῖ·
3047 5583 3298 5658 κπαιγῖς
3330 5582 3390 5641 δέ
3418 5583 3535 5640 ἐστι
3595 5585 3736 5663 ῥαγ-

2069 5667 2194 5727 δαία
2218 5669 2525 5746 πνεύματος
2555 5670 2705 5749 ῥύμη
2739 5671 3036 5751 ἀφόρητος.

2146 5758 2642 5840 ιΠροσκαλέσεται
2687 5763 2780 5821 τὸν
2840 5761 3068 5840 οὐρανὸν
3127 5764 3262 5837 ἄνω,
3318 5762 3410 5821 καὶ
3461 5763 3565 5836 τὴν
3625 5770 3737 5841 γῆν
