4072 6420
372 392 531 460 1469

1591 397 2015 464 EXPOSITIO
2056 398 2139 463 IN
2179 397 2566 467 PSALMOS.

3630 392 3792 459 M70

367 533 468 586 τοῦ
513 525 782 607 διακρῖναι
823 525 915 585 τὸν
966 526 1097 586 λαὸν
1143 526 1330 590 αύτοῦ.
1369 553 1392 583 ι
1422 564 1490 576 -
1535 527 1892 609 Ὑπερϐατῶς,
1921 532 2035 587 τὸνι
2045 536 2101 604 Α
2131 528 2285 607 δείξω
2339 538 2420 607 τῷ
2476 533 2651 598 οὕτως
2706 531 2884 591 θύοντι
2947 530 3048 604 τήν
3118 552 3228 610 παρ
3286 529 3422 607 ἐμοῦ
3490 528 3785 608 σωτηρίαν.

374 619 486 675 ἅνω
524 617 655 677 ὄντα
701 618 926 696 οὐρανὸν
974 616 1402 697 προσκαλέσεται
1450 622 1541 677 καὶ
1589 622 1687 692 τὴν
1737 618 1842 697 γῆν
1873 618 2027 679 ἕνεκα

371 713 468 765 τοῦ
498 708 711 786 ἐλέγξαι
739 709 832 765 τὸν
865 708 995 766 λαὸν
1024 708 1191 765 αὐτοῦ
1221 710 1312 766 τὸν
1340 708 1658 769 Ἰουδαϊκόν.

448 840 477 870 ‹‹
510 815 850 893 Συναγάγετε
883 815 1030 889 αύτῷ
1058 816 1186 881 τοὺς
1217 817 1398 881 ὁσίους
1429 818 1613 875 αὐτοῦ.
1651 842 1681 871 ››
1721 851 1787 862 —-
1817 816 2028 881 Ὀσίους

376 905 525 983 λέγει
615 904 743 969 τοὺς
821 901 1129 983 Ἐϐραίους,
1200 908 1276 971 ὡς
1368 906 1769 986 ἀφοσιωθέντας
1856 908 2023 980 αὐτῷ.

446 994 636 1058 «Τοὺς
683 992 1082 1069 διατιθεμένους
1128 998 1227 1066 τὴν
1279 993 1545 1069 διαθήκην
1595 997 1760 1053 αὐτοῦ
1804 996 1892 1053 ἐπὶ
1941 1009 2030 1062 θυ-

375 1084 536 1149 σίαις.
569 1108 600 1137 ››
651 1117 720 1129 -
764 1083 903 1148 Τοὺς
950 1082 1291 1149 διοικοῦντας
1336 1086 1429 1142 καὶ
1473 1084 1883 1161 ἐκπληροῦντας
1932 1085 2025 1142 τὸν

372 1173 537 1250 νόμον
570 1173 735 1231 αὐτοῦ
762 1173 852 1232 ἐπὶ
883 1174 1091 1239 θυσίαις
1127 1175 1310 1250 μόνον.

448 1287 479 1318 ι(
508 1263 613 1322 Καὶ
690 1263 1079 1340 ἀναγγελοῦσιν
1127 1266 1181 1320 οἱ
1228 1263 1449 1342 ούρανοί
1510 1266 1609 1336 τὴν
1680 1262 2026 1337 δικαιοσύνην

375 1352 560 1426 αὐτοῦ,
593 1352 678 1409 ὅτι
715 1354 744 1408 6
794 1352 922 1416 Θεὸς
968 1354 1160 1430 κριτής
1212 1352 1377 1412 ἐστιν.
1409 1377 1439 1408 »
1481 1387 1549 1399 —
1594 1353 1927 1430 Κηρύξουσιν
1973 1355 2031 1409 οἱ

376 1442 597 1519 ούρανοὶ
623 1443 725 1513 τὴν
757 1440 1097 1509 δικαιοσύνην
1129 1442 1315 1514 αὐτοῦ,
1349 1443 1432 1500 ὅτι
1465 1438 1632 1507 ὅντως
1671 1446 1863 1521 κριτής
1895 1444 2028 1516 ἐστι,

377 1531 532 1611 φύσει
559 1552 723 1602 κεκτη
735 1532 897 1606 μένος
925 1531 989 1587 τὸ
1020 1528 1253 1589 δίκαιον.

444 1644 475 1673 ‹‹
508 1621 797 1692 Ἀκουσον,
832 1619 965 1684 λαός
1018 1642 1145 1695 μου,
1176 1620 1270 1677 καὶ
1319 1618 1551 1693 λαλήσω
1602 1643 1710 1680 σοι.
1746 1646 1775 1674 ››
1808 1656 1875 1667 -
1914 1623 2029 1679 Ἐν-

369 1710 549 1764 τεῦθεν
583 1710 637 1764 οἱ
666 1707 822 1787 λόγοι
860 1714 959 1765 τοῦ
989 1714 1145 1767 Θεοῦ.
1176 1710 1248 1766 Τὸ
1287 1708 1347 1766 δὲ
1395 1707 1856 1789 διαμαρτύρομαι,
1890 1711 2028 1785 ἀντὶ,

369 1796 650 1875 παρῥησίᾳ
678 1797 1051 1876 λεχθήσομαι.

444 1909 474 1940 ι(
500 1888 757 1963 Ἔγνωκα
820 1885 998 1943 πάντα
1063 1888 1132 1942 τὰ
1195 1886 1415 1943 πετεινὰ
1472 1892 1574 1945 τοῦ
1639 1888 1891 1965 ούρανοῦ,
1938 1889 2029 1945 καὶ

368 1975 642 2050 ὡραιότης
674 1975 843 2054 ἀγροῦ
886 1977 1001 2051 μετ’
1032 1975 1169 2050 ἐμοῦ
1200 1976 1333 2035 ἐστι.
1357 2000 1387 2031 ››
1422 2009 1489 2021 -
1517 1978 1806 2055 Ὠραιότης
1857 1980 2024 2056 ἀγροῦ

368 2066 421 2121 οί
450 2068 588 2122 κατὰ
613 2067 838 2142 καιροὺς
870 2065 1135 2147 φυόμενοι
1163 2064 1386 2143 καρποίο
1408 2066 1473 2122 τὸ
1508 2064 1566 2123 δὲ
1592 2069 1709 2125 κατ’
1741 2066 1879 2143 ἐμοῦ
1909 2067 2027 2124 ἀντὶ

365 2160 485 2230 τοῦ,
516 2157 645 2233 παρ’
674 2154 820 2230 ἐμοί.

446 2270 469 2298 ι
498 2245 621 2300 Ἐὰν
673 2245 929 2317 πεινάσω,
953 2243 1016 2301 οὐ
1068 2247 1145 2319 μή
1199 2265 1284 2300 σοι
1334 2242 1491 2302 εἷ’πω.
1540 2268 1571 2298 ››

374 2333 627 2411 ρωνικόν.

449 2444 478 2479 α
503 2428 671 2480 Θῦσον
701 2427 782 2497 τῷ
811 2428 928 2497 Θεῷ
959 2423 1143 2489 θυσίαν
1194 2422 1470 2487 αἰνέσεως.
1508 2447 1538 2477 ››
1569 2457 1639 2470 —-
1674 2420 1887 2482 Αἷ¹νεσιν
1930 2425 2030 2494 τήν

378 2512 728 2591 εὐχαριστίαν
762 2513 922 2592 φησίν
933 2558 947 2572 .

451 2626 481 2656 ‹‹
511 2603 611 2659 Καὶ
660 2600 866 2666 ἀπόδος
908 2607 988 2675 τῷ
1034 2603 1269 2678 Ὑψίστῳ
1323 2604 1419 2667 τὰς
1486 2603 1652 2680 εὐχάς
1715 2624 1833 2662 σου.
1885 2626 1913 2656 ι)
1962 2637 2030 2648 -

374 2691 560 2768 Εύχὰς
609 2690 761 2769 λέγει
800 2692 899 2756 τὰς
954 2692 1276 2769 ὑποσχέσεις
1340 2698 1443 2763 τῆς
1506 2693 1929 2770 εύαρεστήσεως*
1979 2693 2032 2765 ἐξ

375 2781 540 2838 αὐτοῦ
603 2782 708 2859 γὰρ
758 2785 856 2837 τοῦ
911 2779 1102 2837 δοῦλοι
1150 2780 1432 2839 καλεῖσθαι
1483 2786 1622 2838 Θεοῦ
1662 2780 1744 2856 τῷ
1793 2781 2035 2856 Δεσπότῃ

376 2869 673 2947 εὐαρεστεῖν
708 2870 1083 2949 ὁποσχόμεθα.

449 2983 479 3013 (ι
506 2965 595 3034 Τῷ
651 2958 711 3017 δὲ
766 2958 1084 3038 ἁμαρτωλῷ
1142 2960 1286 3016 εἶπεν
1339 2962 1369 3016 6
1425 2959 1578 3023 Θεός.
1633 2982 1664 3013 ››
1720 2991 1792 3005 --
1835 2966 2031 3037 Αμαρ-

370 3047 552 3106 τωλόν
607 3072 739 3129 φησι
788 3050 881 3106 τὸν
931 3053 1038 3105 τῶν
1090 3049 1281 3127 ἱερέων
1347 3049 1438 3105 καὶ
1496 3048 1866 3127 γραμματέων
1930 3069 2034 3126 χο-

374 3138 489 3214 ρόν.

448 3252 477 3281 ‹‹
507 3227 572 3283 Εἰ
643 3227 895 3305 ἐθεώρεις
968 3226 1230 3301 κλέπτην,
1304 3226 1623 3305 συνέτρεχες
1696 3226 1866 3301 αὐτῷ,
1940 3227 2032 3283 καὶ

378 3318 515 3391 μετὰ
567 3321 783 3395 μοιχῶν
818 3318 917 3388 τήν
973 3314 1168 3393 μερίδα
1214 3339 1311 3372 σου
1360 3316 1571 3381 ἐτίθεις.
1617 3340 1649 3370 ››
1696 3350 1767 3360 -—-
1812 3316 2027 3393 Μοιχὸν

376 3405 603 3471 ἐνταῦθά
658 3428 790 3486 φησι
843 3412 1096 3463 παντοῖον
1172 3404 1475 3463 ἀκόλαστον
1557 3411 1679 3469 ταῖς
1751 3410 2034 3483 σαρκικαῖς

375 3494 712 3570 ἐπιθυμίαις.

449 3609 479 3639 ‹‹
508 3585 580 3640 Τὸ
636 3584 816 3661 στόμα
867 3606 965 3640 σου
1032 3582 1327 3641 ἐπλεόνασε
1380 3582 1562 3657 κακίᾳ.
1622 3605 1653 3636 ››
1703 3616 1773 3626 —-
1818 3580 2034 3654 Ἐπλη-

378 3676 529 3753 ρώθη
579 3672 833 3750 ψεύδους.
884 3671 1208 3754 ’Δδιάφορος
1256 3672 1315 3730 δὲ
1369 3677 1406 3745 ἡ
1457 3673 1702 3747 σύνταξις
1767 3672 2037 3729 κάνταῦθα

377 3763 453 3825 ὡς
482 3760 799 3840 πολλαχοῦ·

449 3875 479 3905 ‹‹
533 3852 855 3926 Καθήμενος
907 3852 1046 3908 κατὰ
1094 3856 1194 3908 τοῦ
1252 3849 1492 3930 ἀδελφοῦ
1547 3872 1643 3907 σου
1692 3848 2034 3920 κατελάλεις,

375 3939 499 3995 κατὶ
529 3941 668 3995 κατὰ
692 3944 792 3996 τοῦ
822 3941 944 3996 υἱοῦ
990 3948 1091 4012 τῆς
1143 3940 1350 4019 μητρός
1406 3962 1502 3997 σου
1560 3939 1752 4004 ἐτίθεις
1809 3936 2036 3995 σκάνδα-

378 4025 497 4083 λον.
558 4051 587 4080 ››
621 4061 689 4072 -
718 4026 1087 4103 Συνεδριάζων
1140 4030 1303 4086 τισίν·
1362 4028 1597 4111 ἀδελφὸν
1659 4027 1718 4086 δὲ
1769 4029 1861 4085 καὶ
1917 4028 2033 4084 υἱὸν

380 4117 589 4195 μητρὸς
614 4115 676 4172 ἐκ
701 4117 1071 4194 παραλλήλου
1101 4119 1237 4196 φηαὶ
1264 4120 1356 4175 τὸν
1414 4125 1516 4190 τῆς
1572 4114 1743 4190 αὕτῆς
1800 4117 2037 4197 φύσειως

377 4202 493 4281 ἅμα
518 4205 610 4262 καὶ
638 4204 876 4270 πίστεως
921 4207 1205 4264 κοινωνόν·
1240 4206 1553 4265 Σκάνδαλον
1595 4205 1655 4264 δὲ
1680 4208 1779 4279 τήν
1811 4204 2035 4285 παγίδα,

374 4296 619 4353 τουτέστι
647 4296 747 4366 τὴν
780 4290 1105 4368 ἐπιϐουλήν.

1646 2277 1689 2289 -
1731 2248 1901 2302 Τοῦτο
1950 2245 2025 2302 εί-

450 4427 481 4458 ‹‹
521 4406 698 4459 Ταῦτα
763 4401 1047 4478 ἐποίησας,
1104 4403 1196 4460 καὶ
1254 4402 1517 4481 ἐσίγησαν
1560 4427 1590 4457 ‹‹

414 4492 620 4552 ύμησα.

414 4505 444 4549 ὑ
534 4514 620 4552 σα.

380 4505 410 4559 θ
452 4515 799 4647 ῗῖιϊπέλαϐες
831 4581 1058 4657 ἀνομίαν
1091 4576 1175 4638 ὅτι
1228 4579 1421 4658 ἔσομαί
1476 4604 1567 4639 σοι
1624 4578 1840 4658 ὅμοιος.
1906 4607 1933 4635 ››
1965 4617 2033 4627 —

1646 4436 1718 4448 ——
1771 4405 1826 4460 Ἐ
1836 4425 2037 4481 μακρο-

2057 1915 2107 1981 Β
2133 1935 2225 1992 τία
2250 1956 2356 2010 μου
2397 1915 2627 1992 ἐνώπιόν
2661 1915 2795 2010 ’μού
2820 1915 2957 1992 ’ἐστι
3006 1915 3317 1998 διαπαντός.

2753 655 2854 708 ΨΑ
2864 655 3049 708 ΛΜΟΣ
3089 652 3169 708 Ν’.

2209 782 2238 811 ι(
2272 757 2365 821 Είς
2393 759 2456 813 τὸ
2482 757 2642 822 τέλος
2702 758 2923 834 ψαλμὸς
2980 762 3059 831 τῷ
3116 754 3306 816 Λαυῖδ.
3358 758 3443 812 Ἐν
3494 760 3575 829 τῷ
3607 754 3782 812 ἐλθεῖν

2134 848 2273 925 πρὸς
2329 846 2488 902 αύτὸν
2542 846 2715 903 Νωαν
2772 848 2863 904 τὸν
2936 850 3247 927 προφήτηνο
3326 847 3490 917 ἡνίκα
3563 843 3787 915 είσῆλθε

2135 938 2273 1014 πρὸς
2329 931 2624 1013 Βηρσαϐεέ.
2686 960 2717 990 ››
2772 970 2842 981 —--
2892 938 2962 992 Τὸ
3034 936 3198 1007 ἡνίκα
3273 936 3493 991 ἐνταῦθα
3566 935 3785 1011 ὑστερο-

2137 1026 2362 1103 χρονίαν
2396 1023 2600 1098 δηλοῦν
2634 1025 2780 1105 ἐφτιν
2814 1027 2929 1082 ἀνιὶ
2958 1031 3055 1082 τοῦ
3098 1021 3267 1100 μεθ’ὄ.

2217 1146 2240 1175 ι
2274 1121 2532 1196 Ἐλέησόν
2598 1146 2684 1199 με,
2745 1126 2774 1180 6
2823 1126 2973 1197 Θεὸν,
3019 1126 3157 1180 κατὰ
3197 1124 3260 1180 τὸ
3313 1123 3455 1198 μέγα
3482 1118 3636 1185 ἔλεός
3670 1142 3788 1192 σου,

2140 1213 2231 1269 καὶ
2262 1213 2398 1269 κατά
2423 1212 2488 1268 τὸ
2518 1212 2735 1284 πλῆθος
2761 1217 2870 1269 τῶν
2904 1211 3202 1291 οἷ’κτιρμῶν
3235 1233 3352 1284 σου,
3400 1210 3680 1284 ἐξάλειψον
3732 1210 3795 1265 τὸ

2141 1301 2407 1376 ἀνόμημά
2467 1323 2593 1377 μου.
2648 1327 2670 1357 ι
2724 1335 2795 1346 —-
2841 1300 3036 1375 Ἀξίως
3082 1306 3180 1357 τοῦ
3216 1300 3454 1378 μεγάλου
3482 1321 3578 1356 σου
3606 1297 3793 1363 ἐλέους

2140 1389 2367 1461 ἐλέησόν
2404 1413 2470 1465 με
2502 1390 2757 1467 μεγάλως
2791 1389 3153 1466 ἡμαρτηκότα
3177 1410 3283 1446 σοι.

2212 1515 2241 1543 ‹‹
2284 1489 2405 1544 Ἐπὶ
2461 1487 2652 1545 πλεῖον
2701 1487 2906 1544 πλῦνόν
2968 1509 3034 1563 με
3076 1487 3182 1543 ἀπὸ
3225 1490 3324 1562 τῆς
3381 1486 3613 1561 ἀνομίας
3664 1506 3791 1559 μου,

2138 1579 2230 1635 κιοὶ
2260 1578 2367 1634 ἀπὸ
2403 1586 2503 1649 τῆς
2535 1578 2807 1656 ἁμαρτίας
2840 1600 2944 1653 μου
2973 1577 3262 1655 καθάρισόν
3299 1598 3387 1651 με.
3442 1600 3465 1629 ι
3525 1608 3597 1619 -
3654 1581 3789 1631 Συν-

2141 1669 2401 1746 εχωρήθη
2432 1669 2536 1745 γὰρ
2565 1668 2658 1724 καί
2698 1665 2790 1723 διὰ
2817 1668 3016 1723 Νάθαν.
3051 1672 3240 1723 Κεῖται
3299 1664 3358 1721 δὲ
3384 1668 3448 1721 τὸ
3500 1664 3782 1721 ἐπιπλεῖον

2140 1756 2255 1813 ἀντὶ
2278 1761 2378 1814 τοῦ
2409 1753 2564 1833 ἄγαν.

2214 1870 2244 1899 ‹‹
2277 1847 2395 1901 Ὀτι
2424 1849 2524 1916 τήν
2558 1845 2783 1922 ἀνομίαν
2819 1867 2923 1922 μου
2972 1845 3079 1924 ἐγὼ
3107 1846 3385 1922 γινώσκω,
3416 1844 3507 1900 καὶ
3544 1846 3581 1913 ἡ
3615 1843 3794 1917 ἀμαρ-

3372 1958 3402 1987 ››
3430 1967 3503 1977 -
3531 1932 3794 2005 Ἐλέησόν

2140 2046 2227 2099 με,
2260 2024 2446 2102 φησὶν,
2478 2020 2560 2080 ὅτι
2593 2024 2694 2081 ούκ
2722 2022 3070 2100 ἐπελαθόμην
3096 2032 3197 2096 τῆς
3230 2023 3498 2099 ἁμαρτίας
3536 2044 3663 2099 μου,
3694 2040 3791 2078 κα-

2133 2116 2475 2193 ταφρονήσας
2548 2114 2738 2189 αὐτῆς,
2811 2112 2941 2170 ἀλλ’
3014 2114 3068 2171 ἐν
3143 2112 3222 2188 νῷ
3292 2114 3492 2186 ταύτην
3579 2110 3793 2192 στρέφω

2138 2202 2242 2262 ἀεί.

2216 2314 2239 2344 ι
2274 2292 2372 2349 Σοὶ
2406 2293 2556 2368 μόνω
2599 2292 2864 2370 ἥμαρτον,
2897 2294 2987 2350 καὶ
3033 2293 3095 2350 τὰ
3124 2293 3366 2371 πονηρὸν
3423 2285 3655 2349 ἐνώπιόν
3685 2311 3786 2347 σου

2139 2380 2389 2454 ἐποίησα.
2451 2406 2480 2434 ››
2523 2414 2594 2427 -—-
2634 2382 2896 2447 Βασιλεὺς
2943 2382 3017 2439 ὣν
3071 2383 3161 2440 καὶ
3210 2382 3295 2439 σοὶ
3355 2383 3506 2458 μόνῳ
3562 2378 3789 2455 δικαστῇ

2141 2471 2518 2547 ὑποκεὶμενος,
2575 2478 2663 2528 σοῖ
2721 2472 2873 2547 μόνῳ
2930 2471 3201 2551 ἥμαρτον.
3259 2470 3488 2534 ’Ἄλλως
3543 2468 3622 2539 δὲ,
3682 2470 3790 2528 Κάν

2137 2560 2231 2619 τὸν
2293 2560 2489 2638 Οὺρίρν
2546 2560 2805 2634 ἠδίκησα.
2860 2559 2987 2618 ἀλλ’
3047 2561 3181 2634 αὕτη
3251 2560 3490 2639 ἁμαρτία
3570 2558 3659 2616 ἐπὶ
3738 2560 3798 2615 σὲ

2142 2645 2409 2707 διαϐαίνει
2443 2671 2456 2685 ·
2501 2651 2630 2715 τοὺς
2687 2652 2815 2716 σοὺς
2872 2652 3072 2725 νόμους
3128 2652 3230 2730 γὰρ
3288 2644 3667 2729 παραϐέϐηκα.
3719 2654 3793 2705 ’Ή

2140 2734 2248 2814 ὅτι,
2276 2741 2404 2805 τοὺς
2436 2738 2643 2804 ἄλλους
2673 2739 2876 2813 λαθὼν,
2924 2742 3010 2797 σοὶ
3073 2740 3225 2817 μόνῳ
3280 2737 3556 2819 ἕγνωσμαι
3610 2740 3795 2816 ἡμαρ-

2139 2831 2350 2902 τηκώς.

2215 2944 2243 2972 ‹‹
2272 2920 2458 2982 Ὀπως
2485 2919 2545 2975 ἅν
2578 2917 2876 2995 δικαιωθῇς
2909 2919 2961 2975 ἐν
3004 2925 3124 2984 τοῖς
3168 2919 3360 2995 λόγοις
3410 2939 3528 2977 σου.
3567 2941 3597 2971 »
3626 2948 3697 2962 -
3724 2916 3796 2974 Τὸ

2141 3007 2292 3072 ὅπως
2324 3008 2424 3065 οὐκ
2453 3007 2567 3065 ἔστι
2590 3012 2682 3065 νῦν
2713 3007 2887 3072 αίτίας
2928 3007 3261 3080 δηλωτικὸν,
3320 3006 3448 3065 ἀλλ’
3502 3002 3796 3070 ἐκϐάσεως.

2142 3098 2289 3170 Φησὶ
2345 3099 2471 3176 γὰρ,
2534 3098 2800 3171 Ἐποίησα
2855 3099 2917 3154 τὸ
2969 3100 3132 3155 κακὸν
3197 3097 3335 3154 κατὰ
3406 3099 3505 3168 τῆς
3565 3095 3803 3170 ἐμαυτοῦ

2141 3184 2385 3267 κεφαλῆς
2423 3185 2550 3243 ’ίν’ἐν
2606 3193 2726 3251 ταῖς
2776 3185 3181 3265 δικαιολογίαις
3227 3208 3326 3243 ,οου
3369 3190 3490 3251 ταῖς
3532 3186 3670 3263 πρὸς
3703 3185 3802 3260 ἐμὲ

2062 3290 2105 3358 ρ
2144 3275 2207 3331 σὺ
2242 3277 2336 3351 μὲν
2396 3273 2817 3351 δεδικαιωμένος
2875 3276 3046 3355 ὀφθῇς
3102 3274 3194 3332 καὶ
3241 3272 3637 3347 ἀνεπίληπτος,
3687 3273 3798 3351 ἐγὼ

2146 3364 2204 3421 δὲ
2257 3363 2782 3441 καταδεδικασμένος
2834 3370 2925 3421 καί
2986 3365 3255 3437 ὑπαίτιος,
3311 3364 3402 3421 καὶ
3460 3362 3623 3436 ἐντῷ
3654 3359 3799 3439 ἄγειν

2144 3454 2366 3511 σεαυτὸν
2424 3455 2502 3520 είς
2557 3456 2734 3533 κρὶσιν
2798 3461 2911 3530 μετ’
2958 3455 3116 3529 ἐμοῦ,
3166 3454 3230 3510 σὺ
3283 3454 3378 3529 μὲν
3408 3455 3655 3529 νικήσῃς,
3688 3451 3796 3531 ἐγὼ

2145 3541 2204 3600 δὲ
2258 3546 2502 3618 ἡττηθω,
2552 3544 2799 3621 Κρίνεται
2858 3542 2916 3600 δέ
2972 3545 3001 3601 6
3059 3545 3190 3609 Θεὸς
3252 3543 3369 3619 μεθ’
3422 3544 3606 3618 ἡμῶν,
3665 3537 3792 3598 ὅταν

2145 3631 2347 3711 ὲλέγωσι
2376 3635 2547 3709 ἡμᾶςο
3462 3692 3463 3695 γ

2216 3746 2247 3775 ‹‹
2303 3721 2445 3781 Ἰδοὺ
2502 3724 2605 3801 γὰρ
2667 3723 2719 3780 ἐν
2793 3722 3047 3799 ἆνομίαις
3122 3722 3493 3801 συνελήφθην,
3574 3719 3667 3777 καὶ
3742 3719 3796 3777 ἐν

2144 3810 2435 3888 ἁμαρτίαις
2465 3812 2715 3884 ἐκίσσησέ
2749 3833 2817 3889 με
2846 3813 2880 3886 ή
2916 3814 3103 3891 μήτηρ
3137 3833 3263 3887 μου.
3298 3834 3328 3865 η
3358 3843 3430 3855 —--
3458 3811 3797 3887 Συνεσχέθην

2144 3905 2263 3964 ταῖς
2293 3901 2571 3976 ἀνομίαις·
2605 3905 2641 3974 ἡ
2706 3904 2892 3980 μήτηρ
2939 3923 3066 3977 μου,
3098 3902 3176 3966 ὡς
3205 3898 3398 3975 ἔοικεν,
3430 3900 3507 3963 εἰς
3537 3898 3699 3956 τοῦτό
3734 3921 3803 3969 με

2145 3988 2458 4065 ἀγέννησεν,
2520 3990 2597 4054 εἷς
2648 3991 2714 4047 τὸ
2769 3989 3114 4068 ἁμαρτάνειν⁹
3187 3990 3249 4046 τὸ
3325 3990 3430 4068 γὰρ
3514 3987 3795 4058 ἐκίσσησεν

2146 4077 2423 4156 ἐγέννησεν
2457 4079 2602 4136 εἶπεν
2635 4081 2663 4137 ὁ
2696 4080 3029 4159 Σύμμαχος.

2216 4208 2246 4239 ‹‹
2274 4183 2414 4241 Ἰδοὺ
2440 4185 2543 4263 γὰρ
2601 4185 2860 4258 ἀλήθειαν
2911 4183 3221 4264 ἠγάπησας.
3291 4209 3320 4238 ››
3378 4218 3448 4229 -
3502 4186 3799 4260 Ὀμολογῶ

2142 4274 2239 4338 τὰς
2269 4273 2501 4349 ἀνομίας
2536 4296 2662 4349 μου,
2696 4271 2835 4331 διότι
2867 4274 3074 4352 ἀγαπᾷς
3099 4275 3200 4344 τήν
3232 4275 3510 4351 ἀγήθειαν.

2216 4382 2351 4437 «Ta
2377 4379 2559 4454 ἄδηλα
2612 4379 2702 4438 καί
2754 4381 2824 4439 τὰ
2879 4383 3081 4461 κρύφια
3134 4384 3235 4452 τῆς
3292 4380 3482 4459 σοφίας
3537 4399 3634 4434 σου
3673 4375 3801 4450 έδή-

2145 4471 2328 4536 λωσάς
2390 4492 2506 4547 μοι.
2540 4495 2569 4524 ››
2625 4504 2694 4516 —-
2748 4471 2895 4548 Πρὸς
2942 4471 3143 4529 οῗκείαν
3195 4470 3462 4548 αἰσχύνην
3498 4466 3660 4525 τοῦτό
3691 4490 3799 4547 φη-

2144 4581 2248 4620 σιν.

380 4670 551 4746 Ἐμοῦ
610 4649 1110 4749 μακροθυμοῦντος,
1189 4649 1458 4736 ὑπέλαϐες
1538 4649 1875 4729 συνευδοκεῖν
1968 4694 2035 4748 με
2062 4664 2111 4730 Ι)
2184 4674 2243 4749 ᾖ(
2313 4651 2584 4749 ἱΡαντιεῖς
2637 4671 2742 4749 ,μῆ
2804 4649 3054 4749 ’ἷθσσώπφν
3108 4651 3199 4749 {ad
3273 4649 3744 4749 καρίξρισθήσομαι
3776 4666 3790 4681 ⁸

378 4766 497 4825 τοῖς
527 4760 949 4838 ἁμαρτάνουσιν.

457 4874 481 4904 α
516 4848 714 4907 Σύνετε
742 4847 809 4922 δὴ
838 4855 1027 4923 ταῦτα,
1064 4851 1116 4906 οἱ
1156 4848 1638 4927 ἐπιλανθανόμενοι
1686 4851 1784 4908 τδῦ
1814 4856 1969 4909 Θεοῦ.
2002 4876 2033 4906 ››

378 4971 450 4983 -
477 4940 541 4996 Οἱ
571 4940 1019 5015 ἀμνημονοῦντες
1047 4944 1146 4997 τοῦ
1175 4946 1310 4998 Θεοῦ
1360 4938 1450 4999 διὰ
1496 4942 1595 5012 τήν
1657 4942 2030 5020 μακροθυμίαν

378 5049 744 5192 αυταοζέήποτε
774 5120 1006 5198 ἁρπαοῃ,
1037 5118 1129 5176 καὶ
1159 5119 1221 5177 ού
1258 5120 1336 5196 μὴ
1361 5119 1401 5197 ᾔ
1434 5121 1464 5177 6
1520 5120 1807 5200 ῥυόμενος.
1879 5146 1900 5175 ι
1961 5153 2034 5166 -

376 5210 606 5291 Μήποτε
633 5206 847 5286 ἁρπάσῃ
881 5208 981 5273 τὰς
1036 5207 1219 5285 ψυχὰς
1266 5211 1428 5285 ήμῶν
1478 5207 1551 5266 δι’
1595 5210 1845 5289 ἀγγέλων
1892 5211 2030 5269 ἀπο-

375 5298 676 5446 τόῗαΘνύσία
704 5385 958 5453 αἰνέσεως
991 5385 1202 5461 δοξάσει
1233 5410 1322 5465 με.
1380 5413 1411 5443 ››
1459 5423 1530 5434 —-
1575 5391 1683 5461 Τὴν
1736 5388 1806 5447 δι’
1864 5389 2032 5468 εὐχα-

381 5477 591 5557 ριστίας
670 5477 853 5544 θυσίαν
909 5477 1027 5555 ἐχω
1083 5475 1238 5553 δόξαν
1298 5478 1438 5555 ἐμὴν
1495 5480 1586 5536 καὶ
1644 5480 1706 5538 ού
1768 5481 1869 5551 τὴν
1945 5478 2035 5537 δια

382 5573 645 5715 ζωάῡνῖίαὶ
704 5657 815 5716 ἐκεῖ
880 5654 1005 5721 όδὸς
1058 5656 1127 5729 ἤν
1195 5655 1354 5731 δείξω
1408 5658 1557 5734 αύτῷ
1629 5660 1694 5716 τὸ
1764 5659 2033 5737 σωτήριόν

387 5770 513 5826 μου.
546 5773 576 5806 ››
607 5781 678 5795 --
706 5749 807 5807 Καὶ
862 5746 917 5807 ἐν
970 5746 1142 5826 ἐκείνῃ
1183 5751 1254 5825 τῇ
1299 5747 1457 5827 θυσίᾳ
1499 5748 1645 5809 ἐστὶν
1691 5747 1819 5816 όδὸς
1867 5747 1938 5807 δι’
1966 5751 2036 5824 ἧς

2140 4738 2363 4803 πλυνεῖς
2420 4761 2508 4814 με,
2565 4738 2654 4795 καὶ
2722 4739 2863 4815 ὑπάρ
2920 4739 3084 4816 χιόνα
3138 4737 3593 4812 λευκανθήσομαι.
3650 4761 3679 4791 ››
3726 4771 3794 4781 —

2139 4833 2315 4885 Ταῦτα
2370 4827 2598 4903 δύναμιν
2652 4825 2769 4905 ἔχει
2828 4828 3018 4905 εὐχῆς.
3076 4829 3357 4884 ’Υσσωπον
3400 4824 3459 4884 δὶ
3506 4829 3785 4904 τροπικῶς

2142 4918 2400 4993 ὀνομάζει
2448 4919 2549 4989 τὴν
2581 4918 2789 4996 ἄφεσιν.

2219 5030 2248 5065 α
2276 5008 2290 5032 ’
2321 5012 2606 5071 Δκουτιεῖς
2687 5028 2755 5082 με
2821 5004 3144 5083 ἀγαλλίασιν
3201 5005 3293 5062 καὶ
3350 5002 3705 5084 εῦφροσύνην.
3765 5029 3795 5059 ››

2136 5128 2212 5145 --
2237 5100 2376 5162 Ταῖς
2434 5097 2621 5161 ἀκοαῖς
2674 5099 2777 5168 τῆτ
2822 5098 3011 5173 ψυχῆς
3045 5117 3150 5172 μου
3198 5094 3487 5171 ἐνηχήσεις
3518 5094 3692 5172 χαρὰν
3725 5098 3797 5170 τῇ

2137 5184 2494 5267 πληροφορίᾳ
2518 5192 2622 5259 τῆς
2652 5186 3083 5264 συγχωρήσεως·

2216 5307 2239 5339 ι
2319 5285 2419 5341 Καὶ
2492 5281 2920 5362 ἀγαλλιάσονται
3002 5282 3160 5339 ὀστέα
3229 5282 3689 5356 τεταπεινωμένα.
3765 5304 3795 5333 ››

2138 5406 2211 5419 —-
2238 5375 2344 5431 Λιᾶ
2370 5377 2480 5430 τῶν
2511 5374 2682 5430 ὀστῶν
2714 5368 2845 5429 ὅλον
2878 5370 3046 5446 δηλοῖ
3094 5372 3279 5429 ἑαυτὸν
3346 5371 3797 5452 κατακαμφθέντα

2138 5467 2219 5537 τῷ
2246 5463 2456 5542 φορτίῳ
2482 5466 2582 5534 τῆς
2611 5461 2898 5541 ἁμαρτίας.

2214 5595 2245 5625 ‹‹
2273 5569 2638 5647 Ἀπόστρεψον
2694 5569 2759 5625 τὸ
2814 5567 3109 5648 πρόσωπόν
3164 5591 3261 5626 σου
3320 5569 3426 5626 διπὸ
3480 5572 3589 5625 τῶν
3622 5569 3795 5645 ἀμαρ-

2140 5664 2272 5717 τιῶν
2308 5682 2434 5735 μου,
2488 5659 2580 5716 καὶ
2635 5661 2810 5723 πάσας
2864 5660 2960 5723 τὰς
3007 5660 3238 5736 ἀνομίας
3292 5680 3398 5735 μου
3428 5658 3731 5735 ἐξάλειψον.
3760 5677 3789 5714 ιο

2143 5783 2214 5796 --
2240 5747 2445 5830 Πάριδέ
2478 5770 2583 5826 μου
2610 5749 2679 5807 τὰ
2708 5750 2922 5827 ἁμαρτή
2934 5768 3094 5823 ματα.
