4072 6432
306 414 457 480 1471

1552 418 1980 489 NICEPHORI
2022 418 2467 484 BLMMIDE

3567 414 3764 480 1472

378 573 409 603 ι(
464 545 699 625 Καρδίαν
773 549 1007 630 καθαράν
1064 552 1248 610 κτίσον
1307 551 1360 611 ἐν
1415 554 1563 629 ἐμοὶ,
1624 554 1652 610 ὀ
1708 556 1860 618 Θεός.
1920 578 1948 607 ››
1981 554 2038 623 Α
2067 546 2339 628 Ἐϐραϊκῷ
2414 549 2505 607 διὰ
2579 550 2679 622 τήν
2747 547 2969 621 πολλὴν
3052 544 3338 627 ἐμφέρειαν
3402 549 3512 604 τῶν
3602 544 3770 626 παρ’

304 672 373 681 -
407 637 637 716 Καρδίαν
694 641 795 710 τὴν
852 644 1035 720 ψυχὴν
1096 640 1267 720 λέγει.
1324 643 1515 700 Κτίσον
1567 641 1626 701 δὲ
1652 646 1715 701 τὸ
1752 644 1957 700 ἀποκα-

303 728 470 799 τάστη
479 749 589 787 σον.

377 841 406 869 ‹‹
439 818 537 873 Καὶ
594 823 809 894 πνεῦμα
864 820 1010 883 εύθές
1068 821 1365 899 ὶγκαίνισον
1432 822 1485 879 ἐν
1534 828 1652 887 τοῖς
1706 822 1954 899 έγκάτοις

303 927 431 974 μου.
483 932 512 960 ››
571 941 640 951 --
690 913 913 983 Πνεῦμα
970 910 1115 973 εύθές
1165 913 1228 967 τὸ
1283 912 1645 987 πτευματικὸν
1707 914 1956 989 χάρισμα

296 1003 400 1066 τῆς
449 996 760 1067 εὐθύτητος.
819 1001 891 1054 Τὸ
948 998 1006 1055 δὲ
1051 999 1373 1076 ἐγκαίνισον,
1430 1002 1549 1059 ἀντὶ
1600 1007 1719 1073 τοῦ,
1752 1007 1954 1063 καινῶς

303 1079 511 1158 ἔμϐαλε
540 1083 733 1162 ἔγκατα
782 1085 840 1143 δὲ
885 1088 1045 1144 καλεῖ
1071 1090 1137 1145 τὰ
1181 1090 1342 1167 κρύια
1394 1097 1494 1162 τῆς
1543 1089 1804 1165 διανοίας,
1861 1091 1951 1147 καὶ

294 1173 361 1229 τὰ
394 1175 531 1250 βάθη
565 1180 673 1231 τῶν
702 1175 1005 1253 λογισμῶν.

365 1288 395 1315 ‹‹
425 1261 658 1328 ’Δπόδος
692 1287 784 1339 μοι
814 1268 915 1337 τήν
976 1265 1301 1343 ἀγαλλίασιν
1330 1274 1430 1325 τοῦ
1459 1270 1736 1347 σωτηρίου
1766 1292 1883 1329 σου.
1919 1294 1950 1323 ι)

294 1385 365 1394 -
392 1354 499 1422 Τήν
532 1355 704 1431 χαρὰν
736 1355 803 1425 ἦν
835 1357 984 1434 εἶχον
1018 1356 1077 1413 ἐκ
1104 1362 1200 1413 τοῦ
1229 1359 1491 1429 σώζεσθαι
1525 1356 1614 1414 διὰ
1642 1364 1758 1414 σοῦ.

369 1465 398 1494 ‹‹
454 1445 555 1498 Καὶ
628 1445 896 1519 πνεύματι
961 1448 1276 1523 ἠγεμονικῷ
1330 1442 1579 1524 στήριξόν
1644 1468 1731 1521 με.
1792 1472 1820 1501 ››
1880 1481 1951 1492 -

300 1532 647 1607 Κραταίωσόν
708 1555 775 1607 με
831 1534 1132 1611 χαρίσματι
1190 1541 1514 1612 κυριευτικῷ
1567 1541 1674 1593 τῶν
1738 1538 1947 1610 παθῶν,

290 1621 380 1676 καὶ
420 1619 609 1698 ὁδηγῶ
639 1623 775 1699 πρὸς
804 1624 872 1679 τὰ
899 1624 1199 1701 κρείττονα.

366 1733 395 1762 ‹‹
426 1708 641 1783 Λιδάξω
697 1712 939 1787 ἀνόμους
993 1713 1090 1777 τὰς
1147 1710 1308 1778 ὁδούς
1350 1736 1467 1787 σου,
1497 1715 1588 1771 καὶ
1615 1711 1825 1780 ἀσεϐεῖς
1859 1714 1948 1772 ἐπὶ

294 1801 352 1853 σὲ
402 1798 830 1877 ἐπιστρέφουσιν.
864 1826 893 1855 »
919 1835 989 1846 ——
1019 1806 1154 1867 Τοῖς
1198 1803 1395 1867 ἄλλοις
1426 1802 1780 1881 ἁμαρτωλοῖς
1835 1801 1951 1861 ἔσο-

299 1909 395 1963 μαι
422 1890 593 1953 τύπος
626 1889 913 1964 μετανοίας
940 1893 1031 1947 καὶ
1054 1892 1408 1972 ἐπιστροφῆςο

364 2002 392 2030 ‹‹
426 1979 607 2034 Ῥῦσαί
665 2002 733 2055 με
788 1980 840 2053 ἐξ
896 1980 1167 2056 αἱμάτων,
1226 1982 1255 2039 ὀ
1294 1983 1447 2057 Θεὸς,
1505 1981 1688 2047 ὀΘεὸς
1713 1990 1814 2056 τῆς
1844 2005 1949 2040 σω-

289 2066 482 2144 τηρίας
517 2090 643 2142 μου.
671 2092 700 2121 ››
734 2102 803 2111 —
834 2067 1051 2144 Α’ίματα
1081 2069 1325 2148 λέγονται
1355 2072 1445 2128 καὶ
1475 2074 1528 2129 οἱ
1558 2070 1735 2129 ἄδικοι
1766 2072 1945 2153 φόνοι,

293 2157 383 2212 καί
414 2157 466 2212 οἱ
496 2156 710 2221 τούτοις
743 2157 1115 2235 έπιχαίροντες
1155 2157 1431 2235 δαίμονες.

371 2270 400 2299 ‹‹
434 2245 852 2325 Ἀγαλλιάσεται
900 2251 935 2318 ἡ
985 2248 1209 2325 γλῶσσά
1263 2272 1367 2326 μου
1431 2253 1532 2323 τὴν
1602 2249 1945 2324 δικαιοσύνην

290 2355 409 2392 σου.
462 2359 490 2387 ››
534 2368 605 2379 -—
658 2338 740 2412 Τῇ
789 2336 1095 2415 ἀπαγγελίᾳ
1139 2345 1240 2410 τῆς
1295 2342 1442 2418 παρὰ
1497 2345 1593 2397 σοῦ
1648 2336 1947 2419 γενομένης

296 2446 389 2499 μοι
421 2421 755 2489 δικαιώσεως
788 2425 961 2482 εἷ’τουν
1022 2425 1330 2506 ἐλευθερίας
1363 2430 1469 2486 ἀπὸ
1520 2437 1623 2501 τῆς
1682 2431 1948 2509 ἁμαρτίας

298 2535 427 2588 μου.

370 2626 392 2657 ι
428 2601 610 2680 Κύριε,
641 2604 710 2659 τὰ
736 2601 901 2682 χείλη
939 2626 1046 2679 μου
1095 2606 1346 2679 ἀνοίξεις,
1377 2608 1468 2664 καὶ
1506 2611 1570 2665 τὸ
1616 2608 1794 2683 στόμα
1842 2633 1949 2685 μου

297 2690 593 2769 ἀναγγελεῖ
643 2694 743 2762 τήν
802 2690 997 2749 αἶ’νεσίν
1031 2716 1148 2753 σου.
1181 2719 1211 2748 ››
1243 2729 1311 2741 -
1340 2695 1599 2770 Ἀνοίξεις
1655 2700 1792 2777 πρὸς
1846 2701 1948 2770 τήν

293 2783 392 2851 σήν
427 2780 741 2859 δοξολογίαν
762 2783 853 2838 καὶ
874 2782 1105 2858 ὕμνησιν
1137 2784 1496 2861 κεκλεισμένα
1521 2791 1590 2863 τῇ
1615 2788 1947 2866 καταγνώσει

299 2868 390 2927 διὰ
416 2872 517 2940 τήν
550 2871 839 2949 ἁμαρτίαν.

367 2983 397 3012 ι(
428 2961 547 3015 Ὅτι
597 2960 643 3014 εἰ
682 2957 961 3032 ἠθέλησας
1018 2961 1223 3037 θυσίαν,
1273 2960 1450 3021 ἔδωκα
1495 2966 1579 3020 ἄν’
1632 2966 1947 3022 ὁλοκαυτώ-

300 3070 442 3122 ματα
481 3048 581 3104 ούκ
626 3047 960 3122 εὐδοκήσεις.
1004 3075 1034 3105 ››
1064 3086 1134 3096 -
1182 3052 1262 3111 Τὸ
1300 3050 1635 3129 εύδοκήσεις,
1682 3055 1803 3112 ἀντὶ
1849 3060 1947 3112 τοῦ

292 3135 543 3213 ἀποδέξῃ.

2069 636 2340 719 Ἑϐραίοις
2373 640 2688 718 στοιχείων,
2718 644 2816 696 τοῦ
2844 661 2905 696 τε
2953 640 3070 719 χάφ
3112 639 3204 694 καὶ
3415 637 3763 715 Ἀχιμέλεχ

2065 730 2170 807 γὰρ
2200 732 2263 787 τὸ
2284 726 2459 805 ὄνομα
2470 736 2573 787 τοῦ
2589 731 2890 808 ἀρχιερέως
2916 730 2971 785 αἱ
2992 726 3267 786 Βασιλεῖαι
3291 725 3755 805 διαγορεύουσιν.

2143 843 2171 876 α
2198 820 2258 876 Τί
2289 820 2531 898 έγκαυχᾷ
2560 819 2613 876 ἐν
2644 819 2842 892 κακίᾳε
2876 842 2906 872 ››
2936 853 3007 864 -
3036 816 3272 881 Δυνατός
3322 817 3376 873 έν
3423 817 3594 890 κακίᾳ
3646 818 3755 873 καὶ

2064 912 2252 981 Διωὴκ
2277 910 2368 966 καὶ
2400 911 2428 965 6
2457 902 2734 986 προδότης
2766 905 2994 981 Ἰούδας,
3022 906 3116 963 καὶ
3145 908 3174 963 6
3206 901 3469 970 διάϐολος
3504 904 3752 981 μᾶλλον

2060 999 2151 1055 καὶ
2176 1005 2281 1063 πᾶς
2316 1000 2593 1076 ὑπηρέτης
2621 998 2808 1057 αὐτοῦ.

2134 1112 2165 1142 ‹‹
2194 1090 2252 1143 '0
2298 1086 2537 1162 δυνατὸς,
2581 1087 2804 1162 ἀνομίαν
2875 1085 3013 1158 ὅλην
3076 1087 3173 1155 τήν
3222 1084 3457 1163 ἡμέραν,
3508 1082 3752 1142 ἀδικίαν

2061 1175 2344 1255 ἐλογίσατο
2392 1180 2428 1248 ἡ
2477 1176 2703 1254 γλῶσσά
2748 1198 2867 1233 σου.
2914 1200 2944 1229 ››
2975 1208 3047 1218 —
3075 1169 3416 1237 Ἀσυνδέτως
3464 1175 3749 1249 ἀνομίαν,

2057 1265 2270 1323 ἀδικίαν
2302 1265 2589 1330 διαπαντὸς
2618 1265 2909 1345 ἐφθέγξατο
2938 1267 2975 1335 ἠ
3006 1264 3236 1341 γλῶσσά
3262 1286 3383 1320 σου.

2132 1381 2162 1409 ι(
2191 1355 2333 1414 Ὧσεὶ
2393 1357 2548 1435 ξυρὸν
2608 1356 2954 1428 ἠκονημένον
3023 1353 3286 1426 ἐποίησας
3334 1351 3524 1410 δόλον.
3577 1377 3616 1408 ι»
3672 1386 3755 1398 -

2056 1445 2260 1518 Ὀξεῖαν
2289 1445 2381 1502 καὶ
2414 1444 2738 1522 δραστηρίαν
2768 1442 3162 1507 κατεσκεύασας
3193 1442 3391 1520 βολήν.

2135 1560 2158 1587 ι
2220 1537 2535 1613 Ἠγάπησας
2630 1535 2806 1591 πάντα
2920 1532 3145 1610 ῥήματα
3252 1536 3747 1606 καταποντισμοῦ,

2056 1623 2306 1701 γλῶσσαν
2356 1622 2568 1682 δολίαν.
2612 1648 2640 1678 ››
2692 1656 2760 1669 -
2808 1622 3019 1700 Λόγους
3063 1620 3589 1685 καταποντιστικοὺς
3643 1622 3748 1679 καὶ

2057 1713 2440 1793 ἀφανιστικοὺς
2468 1714 2792 1791 ἀνθρώπων.

2131 1826 2160 1855 ‹‹
2190 1802 2289 1859 Διὰ
2327 1807 2490 1859 τοῦτο
2542 1804 2571 1859 6
2622 1803 2755 1865 Θεὸς
2799 1798 3025 1866 καθέλοι
3069 1820 3129 1856 σε
3157 1799 3236 1865 είς
3265 1797 3452 1864 τέλος.
3484 1824 3515 1853 ››
3547 1833 3629 1845 -
3659 1804 3747 1858 Τὰ

1978 1928 2027 1994 Β
2055 1891 2275 1994 εὐκτικὰ
2319 1893 2437 1994 ἀντὶ
2497 1889 2815 1966 μελλόντων
2870 1891 3181 1966 ὁριστικῶψ
3231 1894 3564 1969 προφητεῖαι
3621 1891 3742 1969 γάρ

2057 1981 2189 2038 εἰσιν
2219 1980 2270 2037 έν
2300 1981 2459 2056 τύπῳ
2491 1982 2644 2059 ἀρᾶς.

2130 2094 2159 2124 ‹‹
2189 2069 2429 2127 Ἐκτίλαι
2461 2091 2538 2144 σε,
2560 2070 2652 2126 καὶ
2685 2067 3098 2144 μεταναστεύσαι
3125 2089 3186 2124 σε
3213 2068 3320 2124 ἀπὸ
3350 2068 3739 2143 σκηνώματός

2057 2180 2175 2217 σου.
2212 2183 2236 2214 ι
2264 2192 2335 2204 -
2363 2161 2642 2233 Σκήνωμα
2667 2166 2768 2230 τῆς
2788 2160 2976 2234 ψυχῆς
3003 2159 3067 2214 τὸ
3095 2161 3275 2231 σῶμαο
3305 2161 3406 2213 τοῦ
3451 2156 3513 2214 δὲ
3541 2160 3740 2217 Σατᾶν

2057 2252 2093 2321 ἡ
2124 2250 2252 2326 παρ’
2281 2252 2417 2324 ἡμῖν
2446 2246 2763 2325 προσεδρία.

2134 2362 2163 2392 ι(
2191 2338 2292 2395 Καὶ
2320 2339 2383 2394 τὸ
2415 2338 2631 2415 ῥίζωμά
2661 2358 2757 2393 σου
2811 2336 2872 2393 ἐκ
2905 2343 3011 2414 γῆς
3043 2337 3283 2407 ζώντων.
3316 2360 3345 2389 ››
3377 2369 3447 2381 -
3477 2337 3739 2413 Ῥίζωμα

2053 2428 2120 2485 τὸ
2146 2431 2303 2505 γένος
2331 2426 2422 2483 καί
2450 2430 2486 2497 ἡ
2516 2430 2614 2497 τῆς
2645 2423 2970 2504 προσεδρίας
2998 2422 3308 2502 έδραίωσις.

2128 2542 2159 2571 ‹‹
2193 2519 2450 2593 Ὄψονται
2475 2514 2678 2572 δίκαιοι
2706 2514 2797 2571 καὶ
2828 2510 3258 2595 φοϐηθήσονται.
3289 2537 3319 2569 ι»
3353 2545 3426 2559 -—-
3459 2517 3736 2591 ’Ὄψονται

2055 2610 2155 2663 τοῦ
2184 2611 2430 2684 πονηροῦ
2460 2606 2862 2684 καταστροφὴν,
2892 2604 2983 2661 καὶ
3013 2601 3406 2683 ἀσφαλέστεροι
3455 2603 3538 2677 τῷ
3568 2600 3735 2681 φόϐῳ

2058 2695 2301 2774 ἀφύκτου
2331 2693 2487 2768 δίκης
2507 2696 2850 2772 γενήσονται.

2135 2810 2158 2838 σ
2192 2786 2293 2841 Καὶ
2350 2784 2434 2841 ἐπ’
2488 2784 2649 2840 αὐτὸν
2721 2780 3045 2860 γελάσονται
3114 2782 3206 2837 καὶ
3276 2781 3515 2860 ἐροῦσιν·
3577 2782 3724 2841 Ἰδοὺ

2056 2874 2338 2952 ἄνθρωπος
2393 2875 2453 2936 ’ὸς
2499 2873 2600 2929 οὐκ
2646 2868 2795 2929 ἔθετο
2842 2871 2935 2927 τὸν
2986 2870 3114 2927 Θεὸν
3187 2872 3390 2948 βοηθὸν
3467 2872 3654 2932 αὐτοῦ.
3686 2898 3718 2927 ιο

2057 2997 2127 3009 —
2154 2965 2473 3039 Ἀνθρωπος
2504 2961 2718 3041 λέγεται
2745 2961 2839 3017 καὶ
2869 2962 2898 3017 6
2922 2955 3185 3024 διάϐολος
3232 2958 3324 3017 διὰ
3366 2962 3431 3017 τὸ
3479 2960 3707 3042 φιλήδο-

2052 3074 2142 3112 νον
2168 3053 2357 3112 αὐτοῦ.

2134 3164 2157 3194 α
2187 3142 2348 3200 Ἀλλ’
2378 3140 2676 3213 ἐπήλπισεν
2708 3139 2797 3196 ἐπὶ
2825 3140 2890 3195 τὸ
2927 3138 3140 3210 πλῆθος
3180 3143 3278 3195 τοῦ
3320 3137 3563 3197 πλούτου
3606 3138 3695 3195 a6-

365 3252 394 3281 ‹‹
427 3228 593 3284 Θυσία
651 3233 731 3302 τῷ
798 3234 912 3303 Θεῷ
979 3234 1193 3307 πνεῦμα
1257 3233 1737 3312 συντετριμμένον.
1790 3259 1820 3289 ››
1874 3267 1945 3279 --
1987 3301 2021 3312 Α
2057 3237 2178 3305 τοῦ,
2210 3232 2302 3289 καὶ
2332 3229 2714 3305 ἐνεδυναμώθη
2749 3229 2839 3285 ἐπὶ
2865 3227 2937 3305 τῇ
2988 3228 3316 3303 ματαιότητι
3369 3229 3558 3287 αὐτοῦ.
3592 3253 3622 3281 η
3648 3261 3718 3274 --

292 3316 587 3381 Ἑκουσίως
614 3319 1049 3394 τεταπεινωμένη
1082 3322 1261 3398 ψυχή.

365 3405 660 3483 «Καρδίαν
716 3410 1177 3485 συντετριμμένην
1229 3411 1258 3465 6
1301 3411 1430 3475 Θεὸς
1490 3412 1591 3469 οὐκ
1656 3410 1949 3485 έξουδενώ·

302 3515 402 3550 σει.
460 3516 491 3548 »
559 3527 631 3538 —
684 3495 797 3551 Οὔκ
868 3494 1286 3573 ἀποδοκιμάσει,
1358 3500 1458 3556 ούκ
1532 3502 1949 3582 ἀποστραφήσε-

298 3604 409 3641 ται.

370 3697 400 3725 ((
430 3673 747 3749 Ἀγάθυνον,
778 3673 960 3750 Κύριε,
993 3674 1046 3732 έν
1076 3680 1146 3752 τῇ
1179 3674 1397 3752 εὐδοκία
1426 3700 1521 3735 σου
1576 3681 1676 3751 τήν
1718 3682 1885 3737 Σιών.
1921 3704 1951 3733 ››

298 3795 370 3805 -
398 3762 687 3841 Ἀγάθυνον
737 3764 833 3838 μὲν
903 3766 965 3820 τὸ
1034 3765 1461 3843 ἀγαθοποίησον,
1520 3769 1663 3825 Σιὼν
1726 3768 1785 3825 δὲ
1861 3768 1952 3826 καί

296 3854 333 3923 ἡ
363 3856 472 3908 τῶν
532 3857 739 3909 πιστῶν
801 3857 1090 3932 συναγωγὴ
1147 3856 1239 3912 καὶ
1298 3856 1394 3932 μία
1452 3858 1648 3930 ἑκάστη
1682 3859 1836 3936 ψυχὴ
1864 3858 1951 3916 εὖ·

297 3936 482 4015 σεϐἠς,
512 3941 671 4018 τάχω
722 3939 781 3998 δὲ
825 3944 983 4015 καὶὴ
1032 3951 1134 4016 τῆς
1179 3944 1512 4019 Ἒκκλησίας
1555 3948 1951 4025 προϊσταμένη,

295 4028 386 4085 καὶ
444 4030 498 4085 οἱ
565 4031 665 4100 τήν
736 4033 922 4108 ψυχὴν
995 4032 1322 4111 ὀχυροῦντες
1388 4036 1603 4115 στερροὶ
1667 4034 1951 4114 λογισμοί·

297 4118 452 4174 θυσία
500 4116 557 4176 δὲ
602 4117 941 4192 δικαιοσύνη,
968 4120 1094 4193 ¹ἤτοι
1144 4121 1327 4180 δικαία
1354 4126 1390 4196 ἠ
1422 4124 1611 4203 ἀρετή.
1666 4125 1766 4182 Kal
1822 4125 1956 4181 ἁνα-

301 4208 444 4286 φορά
502 4210 621 4282 μὲν,
676 4208 850 4267 εἷ’τουν
903 4211 1265 4292 ἀναφαίρεμα,
1313 4217 1349 4285 ἡ
1414 4216 1610 4289 μερικὴ
1673 4216 1859 4291 ἀρετή·
1916 4217 1952 4286 ἡ

304 4294 361 4352 δὲ
392 4297 629 4355 καθόλου
677 4299 768 4355 καὶ
812 4299 997 4357 τελεία
1050 4299 1436 4378 ὀλοκαύτωμα’
1496 4302 1699 4380 μόσχοι
1740 4301 1799 4359 δὲ
1835 4302 1955 4360 ὅσοι

305 4383 394 4443 διὰ
438 4387 684 4463 πράξεως
739 4388 830 4444 καὶ
883 4389 1112 4466 θεωρίας
1159 4392 1497 4467 κερατίζουσι
1537 4394 1630 4449 τὸν
1671 4388 1954 4465 διάϐολον,

301 4475 391 4531 καὶ
453 4477 529 4540 εἷς
601 4476 780 4552 ὀσμήν
843 4476 1075 4543 εὐωδίας
1151 4481 1515 4559 προσάγουσιν
1580 4483 1801 4546 ἑαυτοὺς
1877 4487 1958 4555 τῷ

304 4570 441 4638 Θεῷ.

905 4669 1197 4725 ΨΑΛΜΟΣ
1230 4671 1355 4728 ΝΔ’.

385 4803 415 4834 ‹‹
446 4779 543 4846 Εἷς
569 4783 633 4837 τὸ
662 4782 844 4854 τέλος,
876 4782 1139 4848 συνέσεως
1183 4789 1263 4858 τῷ
1317 4783 1504 4856 Δαυῒδ,
1536 4786 1589 4842 έν
1645 4790 1727 4861 τῷ
1784 4785 1977 4849 ἐλθεῖν,

312 4873 476 4941 Δωήκ
502 4872 593 4926 τὸν
642 4870 972 4946 Ἰδουμαῖον,
1002 4875 1094 4929 καὶ
1143 4874 1460 4951 ἀναγγεῖλαι
1508 4879 1590 4949 τῷ
1639 4873 1821 4932 Σαοὺλ
1869 4874 1961 4932 καὶ

309 4959 477 5016 εἰπεῖν
511 4959 676 5035 αὐτῷ·
710 4961 880 5027 Ἦλθε
909 4961 1074 5019 Δαυῒδ
1124 4964 1225 5036 εἰς.
1249 4965 1341 5019 τὸν
1391 4965 1537 5021 οἶκον
1566 4963 1900 5043 Ἀχιμέλεχ.
1930 4990 1954 5021 ι

301 5080 373 5095 --
403 5048 625 5129 Φεύγων
677 5050 840 5108 Δαυῒδ
890 5051 1072 5110 Σαοὺλ
1124 5050 1382 5127 έπέίνασε,
1432 5055 1521 5111 καὶ
1574 5055 1823 5111 ἀπελθὼν
1883 5053 1961 5117 είς

306 5134 503 5213 Νομϐἀ
529 5138 691 5196 πόλιν
718 5145 825 5197 τῶν
859 5141 1045 5219 ἱερέων
1094 5135 1234 5220 πρὸς
1279 5139 1589 5221 ’Δϐιμελὶχ
1630 5144 1723 5200 τὸν
1769 5143 1960 5223 ἀρχιε-

308 5231 424 5307 ρέα,
487 5230 832 5304 κατεμηνύθη
928 5237 1007 5305 τῷ
1106 5231 1288 5289 Σαοὺλ
1381 5232 1529 5311 παρά
1615 5235 1780 5304 Δωὴκ
1862 5238 1961 5289 τοῦ

308 5316 650 5393 ἐπιμελητοῦ
720 5325 829 5377 τῶν
886 5318 1184 5398 βασιλικῶν
1235 5322 1504 5397 ἡμιόνων.
1552 5324 1839 5398 Ἐκμανεὶς
1904 5320 1964 5379 δὲ

307 5409 336 5463 6
383 5406 564 5463 Σαοὺλ
640 5409 874 5487 ἠγάγετο
940 5411 1032 5467 καὶ
1086 5410 1380 5492 κατέσφαξε
1427 5411 1553 5475 τοὺς
1615 5412 1962 5491 τριακοσίους

310 5499 648 5568 πεντήκοντα
716 5500 880 5572 ἱερεῖς
929 5497 1019 5555 διὰ
1069 5502 1250 5575 Δωὴκ,
1289 5502 1380 5557 καὶ
1421 5507 1592 5557 πᾶσαν
1639 5502 1739 5571 τήν
1800 5499 1895 5557 πό)
1917 5521 1964 5557 ιν

313 5586 488 5641 αὐτῶν
535 5586 886 5662 πανωλεθρίᾳ
927 5588 1262 5666 παρέδωκεν,
1293 5591 1323 5646 ’ὀ
1358 5593 1545 5665 μαθὼν
1579 5591 1608 5647 6
1657 5587 1822 5647 Aaul‘S
1868 5591 1959 5647 τὸν

313 5676 551 5752 παρόντα
598 5676 819 5752 ψαλμὸν
866 5680 1163 5736 συντέθεικε
1196 5724 1211 5739 .
1248 5721 1259 5735 .
1297 5724 1311 5739 .
1348 5723 1361 5737 .
1408 5678 1559 5737 στέον
1603 5680 1693 5737 καὶ
1759 5679 1843 5737 ὅτι
1899 5682 1964 5738 τὸ

314 5759 598 5846 Δϐιμέλεχ
637 5764 864 5849 σφάλμα
924 5765 1074 5827 δοκεῖ
1125 5769 1410 5851 γραφικὸν,
1471 5771 1715 5850 γεγονὼς
1772 5768 1827 5828 ἐν
1883 5774 1964 5845 τῷ

1980 3301 2024 3369 C
2061 3327 2306 3379 ΠΛοῦτον
2333 3320 2492 3377 καλεῖ
2518 3319 2609 3376 καὶ
2637 3319 2735 3390 τήν
2762 3320 2951 3389 κτῆσιν
2981 3324 3084 3389 τῆς
3110 3317 3325 3381 κακίας.

2131 3436 2161 3466 ι(
2193 3412 2333 3488 Ἐγὼ
2374 3408 2434 3466 δὲ
2480 3410 2611 3466 ὡσεὶ
2658 3406 2818 3465 έλαία
2857 3409 3205 3484 κατάκαρπος
3250 3407 3303 3463 ἐν
3343 3412 3424 3483 τῷ
3454 3404 3600 3482 οἴκῳ
3627 3413 3733 3466 τοῦ

2059 3505 2217 3559 Θεοῦ.
2275 3521 2303 3555 ιο
2368 3532 2439 3543 -
2492 3496 2833 3578 Προφητεύει
2906 3495 2990 3553 δτι
3055 3496 3309 3574 ἀκέραιος
3367 3495 3735 3576 φυλαχθήσε-

2056 3611 2149 3647 ται
2206 3589 2258 3646 ἐν
2314 3591 2386 3662 τῇ
2444 3588 2614 3663 σκέπῃ
2640 3590 2739 3644 τοῦ
2795 3590 2952 3659 Θεοῦ,
3009 3586 3254 3663 καθάπερ
3289 3584 3468 3658 ἐλαία,
3497 3588 3568 3656 ἧς
3631 3587 3742 3644 οὐκ

2059 3677 2303 3758 ἀπερῥύη
2337 3680 2367 3734 6
2394 3676 2625 3755 καρπός.

2132 3793 2162 3823 ‹‹
2194 3764 2715 3843 Ἐξομολογήσομαί
2745 3785 2831 3821 σοι
2861 3764 2938 3828 εἷς
2966 3764 3061 3820 τὸν
3090 3764 3265 3821 αίῶνα
3284 3760 3367 3821 ὅτι
3390 3762 3740 3836 ἐποίησας.»

2061 3891 2133 3904 -—
2161 3856 2481 3929 Ἐποίησας,
2511 3852 2789 3925 ἐκδίκησιν
2822 3851 3063 3925 δηλαδή.

2134 3972 2163 4001 ‹‹
2197 3946 2295 4003 Καὶ
2340 3947 2599 4020 ὑπομενῶ
2626 3945 2689 4001 τὸ
2735 3939 2912 4018 ὄνομά
2957 3964 3076 4001 σου.
3111 3966 3144 3996 »
3172 3977 3243 3991 ——-
3278 3943 3381 4001 Kal
3422 3940 3503 4000 ἔτι
3551 3965 3749 4023 προσ-

2063 4035 2287 4109 δοκήσω
2314 4056 2394 4108 σε,
2427 4032 2690 4107 δηλονότι
2722 4030 3038 4105 έκδικητήν.

2138 4149 2169 4180 ‹‹
2196 4127 2315 4181 ’Ότι
2354 4124 2595 4202 χρηστὸν
2643 4122 2884 4179 ἐναντίον
2928 4126 3039 4179 τῶν
3084 4120 3252 4178 ὁσίων
3296 4142 3415 4178 σου.
3444 4145 3476 4176 ν
3506 4155 3579 4167 --
3610 4125 3746 4181 Ὀτι

2063 4212 2347 4294 ὠφέλιμον
2391 4217 2553 4269 τοῦτο
2602 4212 2752 4289 παρὰ
2791 4215 2912 4275 τοῖς
2974 4210 3393 4291 ἀφωσιωμένοις
3454 4212 3548 4268 καὶ
3594 4212 3743 4271 ἀνα-

2062 4302 2334 4380 κειμένοις
2365 4324 2471 4360 σοι.

2673 4404 2974 4458 ΨΑΛΜΟΣ
3013 4400 3134 4456 NB'.

2139 4541 2169 4571 «
2200 4517 2292 4580 Εἰς
2320 4514 2483 4580 τέλος
2514 4516 2647 4593 ὑπὲρ
2704 4512 2919 4581 Μαελὶθ
2970 4515 3233 4579 συνέσεως
3272 4519 3353 4589 τῷ
3382 4512 3571 4574 Δαυίδ.
3608 4540 3644 4570 »
3663 4551 3745 4564 -—

2067 4607 2135 4665 Εἴ
2154 4605 2244 4663 καὶ
2269 4610 2352 4679 τῷ
2376 4603 2806 4683 τρισκαιδεκάτῳ
2844 4606 2985 4661 κατὰ
3012 4605 3115 4676 τὴν
3141 4603 3471 4683 ἐπαγγελίαν
3503 4605 3535 4662 6
3562 4606 3744 4673 αὐτός

1990 4675 2233 4770 1)έστιν,
2270 4675 2423 4766 πλὴν
2475 4694 2684 4771 ὀλίγων
2740 4675 2928 4767 τινῶν,
2986 4675 3135 4750 ἀλλὰ
3186 4675 3310 4765 τὴῖ
3340 4690 3551 4751 ἔννοιαν
3611 4694 3744 4774 ἔχει

2071 4783 2333 4865 διαφορὰν
2364 4779 2893 4861 μυστηριώδη·ὄλος
2919 4781 3024 4862 γὰρ
3051 4789 3155 4854 τῆς
3183 4785 3324 4841 κατᾶ
3350 4786 3591 4863 Χριστοῦ
3620 4790 3743 4844 τῶν

2069 4873 2347 4932 Ἰουδαίων
2378 4874 2583 4946 λύττης
2611 4878 2927 4954 κατηγορεῖ.

2143 4990 2173 5018 (ι
2204 4964 2368 5023 Εἶπεν
2427 4962 2612 5043 ἄφρων
2662 4962 2715 5019 ἐν
2762 4960 2962 5041 καρδίᾳ
3016 4961 3203 5035 αὐτοῦ,
3253 4963 3368 5019 Οὐκ
3410 4960 3524 5019 ἔστι
3573 4964 3739 5029 Θεός·

2071 5052 2456 5134 διεφθάρησαν,
2530 5053 2620 5109 καὶ
2720 5047 3128 5129 ἐϐδελύχθησαν
3214 5050 3266 5108 έν
3352 5052 3631 5128 ἀνομίαις.
3704 5080 3739 5112 ››

2070 5177 2139 5189 .._
2167 5146 2225 5199 Ὁ
2253 5141 2439 5223 ἄφρων
2470 5140 2767 5205 Ἰουδαϊκὸς
2809 5140 2942 5205 λαὸς
2999 5140 3292 5217 ἐλογίσατσ
3331 5140 3384 5198 ἐν
3444 5144 3515 5218 τῇ
3573 5146 3740 5222 ψυχῇ

2070 5232 2255 5306 αὖτοῦ,
2286 5232 2378 5289 καὶ
2407 5230 2729 5310 ἐδογμάτισε
2754 5230 2881 5308 περῖ
2908 5234 3008 5287 τοῦ
3037 5234 3297 5309 Χριστοῦ,
3326 5228 3413 5287 ὅτι
3468 5231 3571 5289 οὐκ
3618 5230 3739 5291 ἔστι

2070 5324 2223 5396 Θεὸς,
2254 5321 2382 5380 ἀλλ’
2412 5319 2698 5399 ἄνθρωπος
2728 5319 2912 5396 ψιλός.

2145 5434 2176 5466 (ι
2202 5413 2324 5467 Ὅτι
2380 5411 2510 5475 Θεὸς
2567 5404 2941 5488 διεσκόρπισεν
2990 5408 3125 5467 ὄστᾶ
3163 5411 3663 5489 ἀνθρωπαρέσκων.
3707 5437 3740 5468 ››

2070 5534 2141 5547 ..-
2170 5501 2684 5577 Ἀνθρωπαρέσκους
2717 5497 2974 5573 ὀνομάζει
3030 5498 3164 5563 τοὺς
3191 5498 3506 5574 Ἰουδαίους,
3541 5500 3598 5557 οἳ
3644 5502 3745 5559 καὶ

2069 5591 2162 5648 τὸν
2227 5590 2472 5667 Καίσαρα
2540 5586 2951 5666 θεραπεύοντες·
3012 5582 3208 5644 έϐόωψ
3259 5613 3291 5644 ‹‹
3350 5589 3463 5646 Οὗκ
3524 5584 3740 5668 ἔχομεν

2075 5678 2304 5757 βασιλέα
2325 5678 2371 5735 εἰ
2406 5679 2483 5754 μὴ
2513 5678 2770 5755 Καίσαραο
2797 5700 2827 5733 υ
2860 5678 2936 5733 ὧν
2966 5674 3311 5756 διεσκόρπισα
3335 5680 3407 5737 τὰ
3436 5677 3740 5752 ὄστᾶ,ἤτοι

2071 5769 2168 5834 τὰς
2198 5765 2374 5849 φυλὰς
2407 5764 2479 5825 δι’
2509 5768 2585 5825 ὧν
2617 5765 2923 5827 συνίστατο.
