4072 6426
334 428 491 493 i473

1554 420 1974 485 EXPOSITIO
2017 417 2095 480 IN
2140 418 2533 484 PSALMOS.

3596 428 3755 488 1474

416 586 440 615 α
500 558 978 637 Κατῃσχύνθησαν,
1037 555 1121 613 ὅτι
1181 557 1211 612 6
1271 555 1403 618 Θεὸς
1476 552 1824 627 ἐξουδένωσεν
1898 552 1990 608 αὑ-
2016 558 2073 625 Α
2102 551 2415 629 ἀμηχανίαν
2464 557 2562 611 τοῦ
2600 557 2718 617 πῶς
2778 549 2837 609 ἅν
2887 553 3111 631 ἐκφύγοι
3149 553 3245 619 τὰς
3297 552 3595 622 ἐπιϐουλὰς
3643 564 3752 615 τῶν

335 651 487 714 τούς.
563 672 594 703 ››
648 682 721 694 --
791 647 1041 724 Δίσχύνη
1119 651 1279 701 πᾶσιν
1350 643 1520 700 ἔθνεσι
1603 644 1990 721 προετέθησαν,

2103 638 2314 719 ἐχθρῶν
2367 662 2380 675 ·
2435 641 2668 722 διάφορα
2714 643 2815 721 γὰρ
2865 643 3112 722 ἐμφαίνει
3156 646 3219 701 τὸ
3265 653 3368 716 τῆς
3410 644 3751 724 ἀδπλεσχίας

340 738 479 797 διότι
538 740 567 795 6
624 738 853 817 Χριστὸς
928 734 1272 810 ἐξουδένωμα
1342 733 1432 790 καὶ
1508 731 1717 797 ὅνειδος
1791 730 1990 795 αὐτοὺς
2100 724 2294 805 ὄνομα.
2326 737 2610 809 πανταχοῦ
2645 731 2830 806 μέντοι
2858 733 2922 789 τὸ
2954 734 3174 809 συνεχὲς
3208 732 3395 806 δηλοῖ.

343 827 588 901 ἐποίησε.

945 918 1244 971 ΨΑΛΜΟΣ
1285 918 1404 970 NI".

413 1039 442 1071 «
474 1013 570 1077 Εἲς
598 1012 663 1069 τὸ
685 1010 853 1087 τέμος
884 1013 937 1068 ἐν
965 1009 1160 1085 ὕμνοις
1188 1011 1451 1073 συνέσεως
1479 1009 1560 1082 τῷ
1593 1005 1780 1081 Δαυῒδ,
1832 1006 1885 1063 ἐν
1914 1009 1997 1079 τῷ

344 1104 520 1169 ἐλθεῖν
550 1101 679 1166 τοὺς
709 1100 962 1181 Ζιφαίους
993 1099 1084 1156 καὶ
1124 1099 1294 1156 εἰπεῖν
1344 1102 1422 1172 τῷ
1467 1096 1671 1155 Σαοὺλ·
1723 1095 1832 1152 Ούκ
1875 1093 1997 1151 ἰδοὺ

342 1189 514 1249 Λαυῒδ
559 1189 856 1266 κέκρυπται
912 1210 1023 1267 παρ
1052 1191 1230 1262 ἡμῖν;
1307 1212 1337 1241 ››
1388 1220 1460 1232 -
1514 1192 1603 1243 Ἐν
1657 1189 1739 1258 τῷ
1818 1183 1995 1249 ἐλθεῖν

340 1280 470 1344 τοὺς
525 1280 780 1360 Ζιφαίους
835 1277 925 1335 καὶ
1005 1278 1173 1335 εἰπεῖν
1248 1281 1329 1350 τῷ
1403 1273 1610 1347 Σαοὺλ,
1685 1273 1797 1330 Οὺκ
1884 1271 1999 1329 ἰδοὺ

342 1367 511 1426 Λαυῖδ
542 1369 837 1444 κέκρυπται
895 1369 1021 1444 παρ’
1077 1371 1237 1442 ἡμῖν.
1298 1365 1525 1442 Φεύγων
1580 1364 1673 1421 τὸν
1736 1361 1918 1419 Σαὸὺλ
1970 1361 2000 1415 6

343 1460 516 1516 Λαυῒὸ
547 1459 785 1515 ἐκάθισεν
820 1458 897 1522 εἷς
927 1459 1027 1528 τὴν
1079 1453 1287 1533 ἔρημον
1320 1455 1439 1535 Ζίφ.
1472 1455 1535 1510 Οἱ
1567 1452 1626 1510 δὲ
1656 1458 1870 1529 Ζιφαῖοι
1897 1452 2001 1522 τὴν

349 1550 444 1623 μὲν
476 1547 613 1625 πρὸς
642 1544 815 1603 Λαυῗδ
843 1544 1030 1626 φιλίαν
1078 1543 1468 1623 ὑπεκρέθησαν,
1519 1546 1895 1617 κατεμήνυσαν
1946 1538 2004 1596 δὲ

345 1636 503 1694 ἂύτὸν
554 1641 635 1711 τῷ
694 1634 905 1706 Σαοὺλ,
948 1634 1040 1691 καὶ
1103 1634 1163 1697 ὅς
1211 1634 1598 1712 ἐπεστράτευσε
1647 1633 1765 1688 κατ’
1813 1629 2004 1689 αὐτοῦ.

347 1728 435 1783 Ἐν
465 1725 579 1800 ὅσῳ
607 1724 665 1783 δέ
710 1730 897 1796 τοῦτο,
941 1723 1190 1799 πόλεμος
1236 1727 1343 1780 τῶν
1389 1718 1724 1801 ἀλλοφύλων
1768 1719 2003 1797 ἐγένετο,

345 1815 437 1872 καὶ
493 1819 593 1871 τοῦ
642 1812 824 1870 Σαοὺλ
880 1814 1454 1889 ἀντιπερίσπασθέντος
1506 1811 1644 1886 πρὸς
1685 1811 1778 1866 τὸν
1827 1812 2007 1865 τοιοῦ-

345 1924 442 1962 τον
469 1907 579 1961 τῶν
630 1901 963 1983 ἀλλοφύλων
1015 1901 1282 1977 πόλεμον,
1330 1898 1514 1964 ἀδείας
1557 1900 1743 1976 τυχὼν
1776 1900 1805 1955 6
1834 1893 2007 1954 Aau‘l‘6

349 1993 440 2049 καὶ
491 1993 705 2072 φεύγων
764 1991 960 2048 ἐκεῖθεν
1015 1993 1107 2047 τὸν
1157 1989 1398 2067 παρόντα
1456 1987 1675 2064 ψαλμὸν
1735 1987 2002 2044 συντέθει-

349 2104 439 2140 κεν
471 2082 892 2160 εύχαριστήριον
935 2085 1015 2155 τῷ
1045 2084 1181 2154 Θεῷο

421 2196 453 2226 ι(
483 2171 636 2244 Θεὸς,
687 2170 740 2226 ἐν
785 2175 866 2244 τῷ
915 2169 1144 2245 ὀνόματί
1193 2190 1289 2225 σου
1338 2168 1510 2225 σῶσόν
1548 2189 1636 2242 με.
1673 2192 1695 2219 ιο
1727 2199 1800 2212 --
1825 2169 1944 2222 Ὅτι
1975 2167 2003 2221 6

352 2262 551 2338 Σωτὴρ
598 2259 863 2336 ὀνομάζῃ,
918 2259 1010 2315 καὶ
1058 2257 1138 2314 ἔτι
1187 2258 1362 2314 σῶσόν
1412 2279 1498 2333 με,
1540 2257 1575 2329 ἦ
1608 2256 1692 2313 ὅτι
1723 2258 1879 2334 ἀρκεῖ
1910 2277 2003 2331 μοι

349 2351 488 2428 πρὸς
521 2348 793 2427 σωτηρίαν
821 2351 857 2420 ἡ
887 2352 986 2405 τοῦ
1017 2352 1113 2403 σοῦ
1145 2346 1415 2422 ὀνόματος
1447 2346 1758 2418 ἐπίκλησις.

427 2462 456 2492 ‹‹
486 2438 585 2494 Καὶ
614 2438 667 2495 ἐν
699 2435 924 2513 δυνάμει
953 2459 1050 2493 σου
1096 2437 1279 2515 κρῖνόν
1334 2458 1421 2512 με.
1457 2461 1487 2491 ››
1517 2469 1587 2480 —-
1636 2436 1736 2492 Kal
1779 2434 1862 2491 ὅτι
1912 2432 2003 2490 δυ-

354 2528 534 2602 νατὸς,
567 2528 634 2598 εἶ,
668 2525 973 2599 ἐκδίκήσεις
1010 2547 1096 2602 με.

425 2642 455 2671 ‹‹
486 2618 544 2672 Ὀ
572 2619 722 2690 Θεὸς,
752 2616 1067 2673 εἰσάκουσον
1119 2621 1220 2687 τῆς
1266 2621 1583 2693 προσευχῆς
1637 2633 1762 2688 μου·
1816 2613 2007 2669 ἐνώτι-

353 2707 540 2763 σαιτά
569 2706 788 2784 ῥήματα
813 2710 911 2761 τοῦ
951 2705 1219 2780 στόματός
1256 2725 1384 2779 μου,
1438 2703 1521 2760 ὅτι
1568 2702 1860 2781 ἀλλότριοι
1908 2701 2009 2758 ἐπ-

354 2795 648 2866 ανέστησαν
707 2794 913 2869 ἐπ’ἐμέ.
962 2819 993 2847 ››
1040 2827 1112 2839 —
1160 2793 1519 2869 ’Δλλοτρίους
1565 2792 1716 2870 λέγοι
1766 2789 1826 2848 ἄν
1882 2791 2009 2855 τοὺς

358 2885 616 2964 Ζιφαίους
646 2885 721 2948 ὠς
770 2883 1203 2956 ἀποξενωθέντας
1258 2886 1358 2955 τῇς
1419 2883 1555 2959 πρὸς
1586 2882 1744 2939 αὐτὸν
1774 2881 2007 2943 εὐνοίαςο

354 2974 646 3053 κραταιοὺς
695 2971 755 3029 δὲ
797 2972 927 3037 τοὺς
977 2972 1103 3051 περὶ
1148 2971 1241 3028 τὸν
1293 2970 1477 3028 Σαοὺλ
1525 2969 1616 3026 διά
1639 2972 1740 3042 τὴν
1772 2971 2009 3045 πολεμι-

358 3064 459 3132 κήν
518 3062 834 3141 παράταξιν.
894 3063 1084 3135 Ἡμεῖς
1134 3058 1192 3116 δὲ
1252 3059 1382 3124 τοὺς
1450 3057 1712 3134 δαίμονας
1785 3055 2007 3133 οἴδαμεν

356 3149 487 3214 τοὺς
546 3151 712 3221 αὐτὴν
762 3146 1216 3212 ἐπιϐουλεύοντας
1256 3151 1358 3219 τήν
1431 3150 1616 3226 ψυχὴν
1681 3146 2010 3225 ἀλλοτρίους

2174 843 2205 872 ι(
2254 821 2391 876 Ἀπὸ
2438 822 2626 899 φωνῆς
2670 821 2869 899 ἐχθροῦ
2916 821 3006 878 καὶ
3055 822 3162 878 ἀπὸ
3211 821 3449 898 θλίψεως
3496 826 3753 902 ἁμαρτω-

2103 905 2226 966 λοῦ.
2261 932 2290 961 ‹‹
2320 943 2393 953 ——
2449 911 2645 981 Φωνήν
2696 910 2909 987 ἐχθρῶν
2962 912 3057 975 τὰς
3111 906 3370 976 διαϐολάς
3419 936 3575 993 φησι,
3621 916 3751 979 τοὺς

2109 994 2452 1073 ὀνειδισμοὺς
2509 1000 2601 1055 καὶ
2645 1000 2744 1063 τὰς
2790 995 2994 1077 ὕϐρεις.
3047 999 3231 1076 θλίψιν
3294 999 3353 1057 δὲ
3404 1003 3532 1067 τοὺς
3583 1002 3750 1081 διωγ-

2110 1087 2268 1164 μούς.

2182 1200 2210 1230 ‹‹
2240 1179 2360 1233 ’Ὀτι
2390 1176 2663 1249 ἐξέκλιναν
2695 1177 2779 1234 ἐπ’
2821 1179 2922 1254 ἐμὲ
2978 1178 3228 1255 ἀνομίαν·
3287 1207 3307 1233 ι
3360 1216 3429 1225 -
3478 1183 3757 1255 Ἐκίνησαν

2108 1264 2191 1322 ἐπ’
2224 1266 2344 1340 ἐμὲ,
2389 1266 2457 1337 ἥν
2521 1267 2621 1323 οὐκ
2662 1263 2811 1343 ᾔδειν
2861 1268 3110 1343 ἀνομίαν,
3162 1268 3455 1327 ἐπίϐουλον
3507 1273 3641 1328 εἶναί
3694 1295 3760 1349 με

2107 1358 2206 1410 τοῦ
2240 1353 2511 1431 βασιλέως
2531 1359 3044 1436 συκοφαντήσαντες.

2187 1466 2216 1495 ‹‹
2246 1443 2347 1499 Καὶ
2378 1445 2430 1500 ἐν
2468 1445 2609 1522 ὀργῇ
2641 1446 2918 1502 ένεκότουν
2955 1469 3068 1520 μοι.
3102 1473 3132 1501 ››
3172 1482 3244 1492 -
3290 1450 3389 1505 Καὶ
3441 1452 3492 1507 ἐν
3540 1456 3621 1525 τῷ
3671 1453 3764 1528 ὀρ-

2112 1532 2355 1609 γίζεσθαι
2387 1540 2502 1590 κατ’
2532 1534 2669 1610 ἐμοῦ
2700 1535 3092 1610 ἐμνησικάκουν
3124 1558 3241 1612 μοι.

2187 1664 2215 1692 ‹‹
2247 1635 2430 1704 Φόϐος
2459 1641 2548 1696 καὶ
2579 1642 2783 1718 τρόμος
2809 1641 2975 1713 ἦλθεν
3009 1642 3092 1699 ἐπ’
3122 1643 3240 1718 ἐμὲ,
3270 1647 3360 1700 καὶ
3411 1645 3647 1722 ἐκάλυψέ
3697 1671 3765 1724 με

2115 1728 2331 1793 σκότος.
2366 1754 2396 1783 ››
2423 1764 2494 1775 -
2516 1732 2624 1801 Τὴν
2658 1731 2884 1807 ἀθυμίαν
2915 1732 3067 1811 φησί.

2194 1841 2222 1875 α
2259 1818 2359 1874 Kal
2418 1820 2565 1892 εἶπα,
2614 1820 2704 1883 Τίς
2756 1818 2919 1877 δώσει
2970 1843 3062 1897 μοι
3112 1822 3382 1901 πτέρυγας
3433 1827 3563 1882 ὡσεὶ
3611 1850 3767 1907 περι-ο

2117 1913 2330 1984 περᾶς,
2392 1910 2484 1964 καὶ
2548 1911 2955 1985 πετασθήσομαι
3013 1909 3103 1967 καί
3153 1913 3533 1987 κωταπαύσω,
3596 1941 3618 1968 ιι
3695 1951 3767 1963 -.

2116 2002 2440 2073 Περιπερᾶς
2509 1996 2742 2070 ἐζήτησε
2794 2000 3087 2076 πτέρυγας,
3147 2001 3208 2057 οὐ
3254 2002 3413 2059 τόσον
3470 2001 3555 2060 ὅτι
3605 2006 3768 2080 ὀξέως

2112 2084 2176 2142 τὸ
2209 2090 2346 2155 ζῶον
2385 2086 2609 2143 ’ίπταται
2659 2087 2783 2143 ὅσον
2833 2085 2923 2144 διὰ
2969 2090 3032 2145 τὸ
3079 2090 3354 2164 ἀπόνηρον
3403 2094 3570 2150 αὐτοῦ
3604 2118 3616 2132 ο
3650 2097 3766 2153 ἐπεὶ

2114 2179 2361 2238 τοιοῦτος
2410 2175 2502 2230 καὶ
2559 2178 2588 2231 6
2644 2179 2934 2256 προφήτης
2973 2174 3143 2253 ᾔτησε
3189 2181 3279 2235 καὶ
3340 2186 3765 2255 πετασθήσεσθαι

2115 2263 2192 2327 εἷς
2239 2263 2441 2326 τόπους
2486 2263 2767 2343 ἀσφαλεῖς,
2817 2266 2908 2320 καὶ
2954 2273 3289 2325 καταπαῦσαι
3338 2271 3445 2327 ἀπὸ
3490 2278 3598 2329 τῶν
3637 2298 3765 2333 συν-

2117 2357 2262 2429 εχῶν
2295 2348 2479 2431 φόϐων
2508 2374 2567 2408 τε
2594 2352 2685 2409 καὶ
2722 2353 2924 2413 πόνων.

2192 2464 2217 2497 ι
2252 2440 2391 2499 Ἰδοὺ
2429 2441 2704 2520 ἐμάκρυνα
2751 2443 3088 2522 φυγαδεύων,
3137 2449 3227 2504 καὶ
3274 2451 3542 2526 ηὗλίσθην
3594 2455 3646 2511 ἐν
3697 2462 3766 2533 τῇ

2116 2533 2332 2610 ἐρήμῳ.
2370 2556 2399 2586 »
2428 2567 2499 2577 —
2528 2535 2678 2591 Ἀντί
2706 2539 2800 2591 τνῦ
2828 2535 3066 2615 φεύγων.

2188 2646 2216 2675 ‹‹
2250 2620 2676 2699 Προσεδεχόμην
2706 2624 2798 2680 τὸν
2828 2623 2957 2681 Θεὸν
2985 2626 3079 2682 τὸν
3129 2629 3375 2699 σώζοντα
3419 2631 3526 2688 ἀπὸ
3574 2633 3768 2713 ὁλιγο-

2117 2711 2326 2803 ψυχίας
2371 2713 2462 2768 καὶ
2519 2714 2624 2769 ἀπὸ
2680 2712 3020 2790 καααιγίδος.
3076 2740 3105 2769 »
3149 2747 3219 2762 --
3276 2720 3568 2799 Καταιγίδα
3623 2711 3771 2803 λέγει

2115 2801 2216 2870 τὴν
2248 2799 2418 2873 ζάλην
2444 2806 2550 2857 τῶν
2583 2808 2919 2877 πειρασμῶν.

2191 2913 2220 2942 ‹‹
2253 2890 2674 2965 Καταπόντισον,
2723 2891 2910 2969 Κύριε,
2961 2894 3050 2950 καὶ
3094 2894 3389 2955 κατπδίελε
3433 2901 3530 2964 τὰς
3579 2901 3764 2979 γλώσ-

2118 2998 2213 3040 σας
2271 2978 2471 3067 αύτῶν.
2506 3004 2535 3034 ‹‹
2583 3013 2655 3024 --
2695 2981 2805 3036 Τάσ
2849 2986 2956 3037 τῶν
2999 2981 3275 3041 Ἰουδαίῶν
3310 2988 3672 3067 βγασφήμους
3702 2994 3764 3058 ἅς

2125 3067 2218 3141 μὲν
2267 3066 2590 3143 αύγκλεισον
2644 3069 2697 3124 ἐν
2754 3073 2835 3144 τῷ
2890 3071 3118 3146 στόματι
3166 3073 3341 3131 αὐτῶν
3376 3066 3473 3133 καὶ
3521 3080 3771 3159 ἀφὼνους

2120 3155 2436 3251 ἀπέργασαι,
2481 3162 2589 3214 τῶν
2659 3155 2717 3251 δὲ
2759 3160 2861 3230 τὴν
2908 3161 3224 3251 συμφωνίαν
3267 3161 3469 3225 διάλυ..
3514 3155 3770 3251 διασκορ-

364 3239 484 3314 μὲν,
543 3239 619 3303 ὦς
667 3239 972 3303 ἀποστάτας
1028 3243 1181 3309 Θεοῦ,
1229 3237 1518 3316 κραταιοὺς
1574 3235 1633 3293 δὲ
1681 3236 1757 3300 εἷς
1821 3235 2010 3293 κακίαν
2042 3304 2083 3330 η
2121 3244 2280 3309 πίσας
2328 3245 2459 3310 τοὺς
2507 3247 2843 3313 θεοκτόνους·
2898 3235 3057 3314 ὅσους
3110 3251 3375 3330 παρέλθοι
3450 3262 3558 3314 τῶν
3638 3235 3771 3317 ’ρέ..

358 3327 449 3383 καὶ
481 3328 556 3392 ὡς
587 3328 914 3402 ἀσωμάτους
940 3327 1031 3383 καὶ
1063 3329 1139 3392 ὡς
1169 3328 1641 3405 κοσμοκράτορας.

510 3424 551 3472 Κ
594 3417 609 3437 ‘
699 3416 712 3435 ‘
896 3418 951 3472 ἐθ
1155 3418 1183 3473 ὸ
1338 3417 1353 3437 ‘
1522 3419 1533 3438 '
1766 3414 1780 3435 ’
1827 3419 1857 3430 “

430 3442 459 3471 ‹‹
556 3439 610 3473 αι
664 3439 728 3473 ου
784 3438 890 3491 προ
955 3438 1073 3473 εντο
1119 3440 1149 3473 τ
1186 3441 1212 3472 ν
1261 3424 1392 3473 Θεον
1442 3416 1672 3472 ἐνωπιον
1723 3437 1920 3471 αυτων.
1974 3437 2004 3468 ››

354 3540 424 3549 -—
453 3506 528 3561 Οὺ
580 3505 869 3582 προέθεντο
916 3507 1008 3563 τὸν
1062 3507 1190 3562 Θεὸν
1239 3507 1347 3583 πρὸ
1392 3506 1693 3583 προσώπου
1737 3511 1841 3575 τῆς
1903 3507 2006 3579 ψυ-

353 3603 467 3674 χῆς
496 3595 698 3666 αὐτῶν,
731 3593 904 3652 εἷ’τουν
936 3594 1036 3651 οὐκ
1074 3596 1420 3671 ἐμνήσθησαν
1479 3590 1565 3650 ὅτι
1611 3594 1780 3670 ὁρατά
1834 3592 2009 3649 πάντα

353 3686 444 3742 καὶ
472 3690 648 3763 κρινεῖ
678 3683 899 3748 δικαίως
911 3729 924 3742 .

427 3800 457 3829 ‹‹
505 3776 594 3833 Ἐν
645 3777 716 3850 τῇ
773 3773 1004 3847 ἀληθείᾳ
1059 3795 1156 3831 σου
1231 3770 1610 3850 ἐξολόθρευσον
1685 3771 1901 3835 αὐτούς.
1976 3796 2007 3826 ››

354 3895 426 3907 —-
452 3863 609 3920 Λιότι
654 3861 870 3933 άληθής
916 3863 984 3936 εἷ,
1035 3862 1290 3943 ἀφάνισον
1336 3861 1533 3927 αὐτοὺς
1581 3859 1796 3937 ψευδεῖς
1826 3856 2007 3934 ὄντας,

353 3951 446 4007 καὶ
476 3949 622 4007 ἄλλα
653 3952 748 4024 μὲν
782 3951 1060 4030 λέγοντας,
1094 3951 1242 4009 ἀλλὰ
1262 3950 1320 4008 δὲ
1350 3949 1702 4015 σπεύδοντας.

426 4061 457 4092 ‹‹
487 4038 778 4101 Ἑκουσίως
821 4039 967 4104 θὸσω
1027 4061 1134 4099 σοι.
1181 4065 1209 4094 ››
1262 4075 1331 4086 -
1377 4041 1491 4097 Οὐκ
1535 4041 1587 4113 ἐξ
1640 4039 1882 4117 ἀνάγκης
1918 4061 2008 4096 νο-

355 4134 547 4202 μικῆς,
607 4125 734 4183 ἀλλ’
784 4127 844 4184 ἐκ
890 4129 1258 4207 προαιρέσεως
1304 4131 1512 4207 θερμῆς
1565 4129 1747 4186 θυσίαν
1790 4128 2010 4206 εὐχαρι-

352 4215 501 4281 στίας
527 4215 782 4295 προσάξω
812 4237 923 4274 σοι.

430 4330 460 4362 ‹‹
489 4305 1006 4385 Ἐξομολογὴσομαι
1052 4310 1133 4380 τῷ
1184 4305 1414 4383 ὀνόματί
1455 4329 1574 4381 σου,
1623 4307 1809 4387 Κύριε.
1861 4332 1890 4361 ›)
1942 4340 2011 4352 -

350 4395 757 4473 Εὖχαριστήσω
811 4417 917 4453 σοι·
968 4400 1139 4452 Τοῦτο
1192 4393 1249 4452 δέ
1297 4397 1680 4477 σαφηνιστικόν
1741 4397 1852 4454 ἐστι
1910 4401 2008 4454 τοῦ

353 4509 383 4539 ‹‹
423 4485 569 4541 θύσω
603 4506 711 4543 σοι.
745 4509 774 4538 ››
808 4485 1209 4563 Εὐχαριστήσω
1257 4484 1344 4541 σοὶ
1395 4483 1473 4556 δέ,
1526 4483 1667 4542 διότι
1715 4484 1776 4543 ἐκ
1828 4485 2008 4560 πάσης

353 4572 596 4650 θλίψεως
627 4574 839 4652 ἐρῥύσω
874 4596 960 4650 με.

429 4665 600 4719 «Ὅτι
641 4664 876 4777 ἐγῴἒβ,
1097 4662 1437 4777 ξῖδιη¹²ῗοὶειήςἸ
1478 4661 1736 4777 Ρξίψεωί
1799 4662 2009 4777 ἓρύξω
2042 4680 2090 4746 D
2121 4692 2199 4746 Τὰ
2254 4690 2494 4756 ἐντεῦθεν
2566 4661 2844 4770 ἓρὶὶξτὼ
2886 4661 3427 4777 ἰοόδὲιέῗτέρᾅέέίξτέξᾷ

359 4772 446 4825 με.
482 4776 512 4806 >›
542 4784 612 4796 -·
641 4753 872 4829 Ἀγαθὸν
921 4754 1024 4831 γὰρ
1061 4755 1125 4810 τὸ
1175 4751 1624 4829 ἐξομογολεῖσθαι
1668 4758 1749 4827 τῷ
1803 4754 2009 4832 Κυρίῳ.

430 4868 458 4895 ιι
510 4843 612 4897 Καὶ
671 4840 724 4899 ἐν
779 4847 900 4906 τοῖς
953 4841 1172 4921 ἐχθροῖς
1224 4864 1329 4918 μου
1384 4841 1590 4898 ἐπεῖδεν
1650 4844 1678 4898 6
1729 4841 2015 4922 ὀφθαλμός

359 4950 488 5003 μου.
514 4954 543 4984 ››
575 4963 646 4974 -—-
675 4931 775 4986 Kal
809 4930 861 4987 ἐν
889 4936 1005 4994 τοῖς
1043 4931 1267 5008 ἐχθροῖς
1318 4953 1423 5006 μου
1470 4929 1578 5004 ἤδη
1632 4929 1773 4987 εἶδον
1834 4927 2016 5007 ὄμμα-

356 5039 407 5073 σι
439 5013 873 5097 προϐλεπτικοῖς
904 5018 935 5074 ὅ
974 5015 1291 5094 ἐϐουλὸμην
1339 5017 1577 5092 δηλαδὴ,
1631 5018 1877 5076 τουτέστι
1928 5020 2014 5077 ἐκ·

357 5104 589 5179 δίκησιν.
627 5109 778 5164 Ἐστι
811 5105 871 5164 δὲ
898 5108 1014 5164 ἀντὶ
1059 5107 1362 5184 μέλλοντος
1390 5109 1419 5164 6
1452 5110 1832 5186 παρῳχηκώς.

952 5230 1250 5283 ΨΑΛΜΟΣ
1290 5227 1412 5285 ΝΔ’.

432 5336 462 5367 ‹‹
510 5314 605 5378 Εἷς
657 5313 720 5369 τὸ
774 5313 961 5389 τέλος,
1017 5313 1070 5369 ἐν
1125 5311 1316 5388 ὕμνοις
1367 5316 1625 5379 συνέσεως
1680 5320 1760 5389 τῷ
1816 5312 2012 5373 Λαυῗδ.

370 5403 675 5472 Ἐνώτισαι,
709 5404 738 5458 ὁ
769 5404 922 5474 Θεὸς,
953 5405 1052 5474 τὴν
1086 5407 1402 5481 προσευχήν
1439 5427 1564 5478 μου,
1614 5405 1705 5459 καὶ
1740 5405 1816 5478 μὴ
1852 5405 2016 5481 ὑπερ-

365 5489 479 5569 ίδῃς
507 5493 611 5563 τήυ
660 5488 842 5564 δέησίν
894 5496 1020 5566 μοῦ.
1067 5492 1347 5571 Πρόσσχες
1400 5514 1515 5568 μοι,
1563 5493 1655 5549 καὶ
1701 5493 2013 5550 εἷσάκουσόν

365 5602 491 5656 μου,
520 5581 801 5653 ἐλυπήθην
835 5580 887 5637 ἐν
917 5580 988 5657 τῇ
1007 5579 1306 5659 ἀδολεσχίᾳ
1341 5605 1468 5658 μου,
1501 5582 1591 5638 καὶ
1625 5580 1959 5660 ἐταράχθην.
1991 5604 2018 5638 ιι

2126 3333 2299 3408 μαίων
2330 3336 2367 3405 ἡ
2402 3336 2671 3412 μάχαιρα.

2195 3448 2218 3477 ιι
2250 3425 2370 3479 ’Ότι
2402 3422 2544 3481 εἶδον
2571 3425 2822 3500 ἀνομίαν,
2852 3427 2943 3484 καὶ
2972 3427 3285 3508 ἀντιλογίαν
3315 3433 3368 3489 ἐν
3395 3440 3465 3511 τῇ
3521 3436 3704 3498 πόλει.
3741 3465 3770 3495 ››

2117 3544 2188 3603 _—-
2223 3511 2487 3588 Τεθέαμαι
2545 3520 2661 3579 τοῖς
2715 3524 3079 3596 προφητικοῖς
3136 3516 3375 3596 ὄμμασιν
3434 3526 3486 3581 ἐν
3544 3532 3613 3603 τῇ
3668 3530 3772 3586 πό-

2119 3601 2203 3658 λει
2262 3603 2625 3678 Ἰερουσαλήμ
2682 3605 2908 3680 ἀνομίαν
2957 3608 3052 3682 μὲν
3103 3604 3188 3666 ὅτι
3236 3610 3460 3683 ἐζήτουν
3529 3601 3768 3681 θανατῶ-

2118 3711 2205 3746 σαι
2233 3692 2324 3748 τὸν
2378 3694 2626 3770 χορηγὸν
2666 3697 2764 3766 τῆς
2814 3699 2981 3767 ζωῆς.
3029 3698 3338 3778 ἀντιλογίαν
3390 3701 3468 3775 δὲ,
3519 3706 3603 3762 ὅτι
3647 3708 3769 3764 ἀντ-

2117 3778 2308 3857 έλεγον
2336 3780 2483 3855 αύτῷ
2508 3779 2815 3840 διδάσκοντι
2853 3785 2920 3841 τὰ
2951 3790 3215 3864 σωτήρια.

2190 3894 2220 3924 ‹‹
2270 3871 2506 3947 Ἡμέρας
2549 3872 2641 3928 καὶ
2696 3874 2888 3938 νυκτὸς
2961 3874 3235 3934 κυκλώσει
3302 3880 3471 3952 αὐτὴν
3546 3883 3639 3940 ἐπῖ
3703 3888 3763 3943 τᾶ,

2116 3957 2280 4035 τείχη
2310 3958 2481 4029 αὐτῆς
2511 3960 2730 4035 ἀνομία.
2784 3985 2814 4015 ››
2856 3992 2920 4012 =
2970 3969 3276 4032 Λιαπαντὸς
3317 3968 3612 4045 περιέλαϐε
3662 3976 3765 4045 τήν

2118 4045 2256 4118 ὅλην
2283 4045 2448 4103 πόλιν
2480 4050 2515 4119 ἡ
2536 4051 2873 4127 παρανομία.

2191 4160 2221 4189 ‹‹
2250 4136 2484 4210 ’Δνομία
2508 4139 2600 4194 καὶ
2629 4139 2798 4204 κόπος
2832 4140 2883 4197 ἐν
2919 4141 3067 4217 μέσῳ
3097 4144 3267 4217 αὐτῆς
3293 4147 3384 4204 ml
3416 4147 3617 4210 ἀδικία.
3650 4174 3681 4206 »
3704 4186 3776 4197 --

2118 4225 2192 4280 Οὐ
2245 4227 2353 4300 μὴν
2398 4224 2546 4284 ἀλλά
2592 4230 2683 4284 καὶ
2726 4229 2900 4295 κόπος
2944 4233 3013 4303 ἦν
3057 4238 3126 4309 τῇ
3174 4235 3337 4292 πόλει
3385 4237 3438 4293 ἐν
3484 4245 3606 4304 ταῖς
3634 4245 3774 4299 κατὰ

2116 4318 2225 4371 τῶν
2276 4315 2527 4372 ἐναντίων
2582 4324 2878 4396 μηχαναῖς,
2925 4321 3016 4377 καὶ
3062 4321 3255 4399 ἀδοξία
3304 4326 3356 4383 ἐν
3404 4333 3485 4402 τῷ
3539 4328 3769 4387 πλεονε-

2117 4408 2286 4460 κτεῖν’
2332 4402 2423 4461 καί
2470 4405 2633 4470 τόκος
2678 4412 2777 4464 τοῦ
2818 4408 2992 4483 νόμου
3056 4417 3218 4468 τοῦτο
3284 4413 3619 4483 κωλύοντος.
3679 4422 3772 4477 καὶ

2116 4492 2296 4566 ἀπάτη
2327 4493 2378 4549 ἐν
2410 4494 2528 4559 τοὶς
2559 4494 3005 4576 συναλλάγμασιν
3039 4500 3241 4562 αὐτῶν.

2191 4626 2222 4656 cc
2252 4605 2373 4657 ’Ὀτι
2398 4602 2445 4658 εἰ
2477 4603 2506 4658 6
2537 4601 2737 4680 ἐχθρὸς
2766 4603 3012 4664 ὠνείδισέ
3045 4630 3132 4682 με,
3170 4610 3447 4689 ὑπήνεγκα
3490 4615 3576 4672 ἄν.
3628 4639 3659 4669 ››
3701 4649 3772 4659 —

3475 4708 3571 4759 τοῦ
3647 4710 3780 4782 Χρι-

2122 4800 2273 4839 στου.

2195 4892 2224 4922 ‹‹
2251 4867 2328 4924 Σὺ
2360 4866 2439 4941 δὲ,
2473 4870 2723 4948 ἄνθρωπε
2765 4871 3020 4950 ἰσόψυχε,
3070 4878 3295 4953 ἡγεμών
3345 4901 3471 4953 μου,
3520 4882 3610 4937 καὶ
3640 4904 3779 4959 γνω-

2122 4959 2213 5014 στέ
2248 4980 2373 5029 μου,
2408 4984 2437 5011 ››
2468 4992 2538 5003 --
2567 4959 2753 5017 Λείπει
2781 4963 2867 5031 τὸ,
2901 4961 2988 5019 ἵνα
3016 4964 3068 5019 τί
3093 4965 3369 5031 ὠνείδισας
3402 4970 3576 5027 εῗτουν
3608 4970 3727 5043 ἐξου
3761 4990 3774 5004 ·

2125 5044 2378 5121 δένωσας,
2449 5047 2538 5103 καὶ
2602 5047 2691 5106 ’L'va
2756 5051 2811 5106 τί
2879 5051 3518 5132 ἐμεγαλορῥημόνησας;
3600 5056 3774 5116 εἶτουν

2124 5137 2660 5213 ἀπηναισχύντησας.
2717 5139 3003 5217 Ἰσόψυχον
3060 5142 3118 5199 δὲ
3171 5146 3362 5202 τοῦτόν
3439 5169 3623 5226 φησιν,
3704 5151 3781 5212 ὡς

2122 5226 2419 5304 ἀγαπητόν·
2469 5226 2715 5303 ἡγεμόνα
2765 5227 2824 5285 δέ
2853 5230 2927 5293 ὡς
2978 5234 3115 5305 μετὰ
3177 5239 3283 5289 τῶν
3346 5234 3534 5293 ἄλλων
3601 5239 3783 5312 μαθη-

2121 5320 2230 5371 τῶν
2319 5317 2771 5392 χειροτονηθέντα
2837 5316 3161 5377 διδάσκαλον
3230 5328 3338 5380 τῶν
3415 5327 3783 5383 πιστευόντων

2124 5405 2215 5459 καὶ
2246 5402 2504 5480 ἅρχοντα’
2535 5406 2777 5481 γνωστὸν
2812 5404 2870 5463 δὲ
2899 5408 2973 5471 ὡς
2995 5409 3347 5471 οἰκειότατον.

2202 5517 2232 5545 «
2271 5496 2365 5557 Ὃς
2415 5492 2504 5548 ἐπὶ
2555 5494 2618 5550 τὸ
2667 5495 2799 5552 αὐτὸ
2843 5496 3140 5572 ἐγκύκανάς
3193 5524 3285 5575 μοι
3319 5500 3658 5578 ἐδέσματα.»
3713 5540 3784 5551 -

2123 5585 2218 5645 Ὃς
2277 5581 2368 5638 σὺν
2420 5582 2543 5657 ἐμοὶ
2587 5581 2661 5638 ὢν
2711 5581 2916 5650 ἔδωκάς
2976 5608 3069 5662 μοι
3126 5591 3326 5668 βρῶσιν
3395 5594 3658 5668 αἰσθητήν
3722 5617 3783 5651 τε

359 5704 430 5715 —-
459 5669 818 5760 Ἀδολεσχίαν
850 5669 1078 5737 ἐνταῦθα
1114 5672 1214 5742 τήν
1267 5673 1571 5760 συνέχειαν
1604 5672 1860 5745 ὀνομάζει
1905 5677 2014 5729 τῶν
2126 5672 2201 5760 ᾡς
2239 5670 2536 5748 ὑπηρέτης,
2585 5673 2676 5728 καὶ
2725 5677 2931 5746 νοητὴν
2979 5677 3053 5740 ὡς
3103 5678 3410 5747 ἀπόστολος
3442 5704 3453 5717 ·
3490 5682 3574 5760 εἴη
3626 5682 3671 5743 δ’
3715 5685 3777 5744 ἀν

359 5764 676 5843 συμφορῶν,
723 5757 762 5834 ἤ
811 5762 902 5819 καὶ
958 5762 1060 5836 τήν
1109 5769 1312 5842 συνεχῆ
1371 5759 1737 5840 ἐμμελέτησιν
1783 5760 1874 5819 καὶ
1904 5764 1978 5839 τὴ

2124 5756 2259 5836 αὕτη
2290 5765 2385 5817 τοῦ
2414 5761 2764 5844 κηρύγματος
2790 5766 2828 5840 ἡ
2860 5762 3203 5831 διδασκαλία.
