4072 6422
300 420 453 486 1477

1521 416 1936 486 EXPOSITIO
1978 418 2058 484 IN
2105 421 2492 486 PSALMOS.

3559 429 3717 492 M78

295 555 367 632 τῇ
399 554 702 632 ἐπαγγελίᾳ
748 576 866 614 σου.
901 579 930 608 ››
961 587 1030 597 —-
1060 550 1302 617 Ἐπεῖδες
1351 551 1419 610 τὰ
1463 551 1668 632 δάκρυά
1720 575 1824 628 μου
1877 553 1953 617 ὡς
1981 557 2036 624 Α
2139 578 2166 606 ‹‹
2199 554 2473 628 Ὑψώθητι
2533 553 2621 610 ἐπὶ
2676 553 2805 618 τοὺς
2862 554 3142 633 οὐρανοὺς,
3200 558 3228 614 6
3285 559 3436 624 Θεός·
3469 560 3558 616 καὶ
3627 559 3716 616 ἐπὶ

300 645 616 722 ἐπηγγείλω
647 644 699 700 ἐν
749 644 908 718 νόμῳ
957 666 1051 698 σου
1098 644 1222 720 περὶ
1263 647 1361 699 τοῦ
1412 641 1791 718 ἀδικουμένου⁶
1833 665 1951 699 στε-

299 734 471 805 νάζων
532 733 676 810 λέγει
723 733 860 812 πρός
911 756 977 808 με
1023 733 1113 789 καὶ
1163 732 1538 808 ἐπακούσομαι
1581 732 1766 790 αὐτοῦ·
1799 732 1954 805 ἐλεή-

239 817 242 819 λ
305 845 420 900 μων
453 827 557 900 γάρ
589 824 724 898 εἶμι.

375 937 403 966 ‹‹
437 912 876 990 Ἐπιστρέψουσιν
931 913 982 967 οἱ
1042 912 1234 989 ἐχθροί
1295 934 1400 986 μου
1459 911 1534 975 εἷς
1573 911 1641 966 τὰ
1670 909 1865 981 ὁπίσω,
1899 910 1951 966 ἐν

299 1003 338 1075 ᾗ
365 1002 423 1058 ἂν
470 1001 653 1080 ἡμέρα
701 999 1109 1076 ἐπικαλέσωμαί
1140 1022 1215 1057 σε.
1253 1024 1282 1054 ››
1311 1034 1382 1044 -—
1427 1001 1684 1059 Τουτέστι
1735 1000 1954 1080 φεύξον-

298 1111 408 1148 ται.

373 1177 565 1235 «Ἰδοὺ
596 1176 760 1256 ἔγνω,
792 1179 874 1237 ὅτι
915 1179 1046 1243 Θεός
1079 1201 1183 1255 μου
1215 1180 1266 1236 εἴ
1286 1179 1368 1236 σύ·
1405 1204 1434 1232 ››
1469 1213 1535 1224 -
1579 1177 1721 1251 ’Ήδη
1785 1177 1954 1255 ἔγνων

303 1268 476 1325 εἷτουν
509 1268 666 1333 εὐθὺς
695 1270 948 1348 γινώσκω
979 1269 1392 1344 εἷσακουόμενος
1441 1269 1524 1325 ὅτι
1571 1269 1702 1332 Θεός
1754 1291 1858 1343 μου
1913 1268 1964 1323 εἴ

299 1379 386 1416 συ.

374 1472 403 1500 ‹‹
437 1447 678 1522 Ἐπὶτῷ
733 1452 847 1521 Θεῷ
904 1447 1099 1504 αἰνέσω
1159 1447 1332 1524 ῥῆμα,
1367 1446 1455 1504 ἐπὶ
1493 1451 1571 1521 τῷ
1626 1445 1810 1523 Κυρίῳ
1871 1445 1956 1502 αἷ-

295 1537 438 1592 νέσω
471 1535 662 1614 λόγον.
695 1561 723 1590 »
757 1569 826 1580 --
857 1537 955 1592 Καὶ
1001 1535 1109 1592 ὧδε
1151 1537 1214 1591 τὸ
1266 1537 1484 1606 αἰνέσω,
1511 1537 1626 1592 ἀντὶ
1666 1541 1764 1591 τοῦ
1813 1536 1954 1590 αἰνε-

295 1626 392 1680 τὸν
421 1627 661 1696 ποιήσω,
691 1627 783 1681 καὶ
816 1624 969 1703 ῥῆμα
1001 1626 1096 1700 μὶν
1127 1626 1155 1681 6
1207 1624 1418 1702 βραχὺς
1469 1624 1660 1703 λόγος,
1693 1623 1857 1702 λόγος
1901 1621 1960 1680 δὶ

300 1716 330 1770 6
369 1713 592 1788 μείζων.

377 1827 406 1856 ‹‹
439 1805 560 1858 Ἐπὶ
587 1807 668 1876 τῷ
697 1808 812 1877 Θεῷ
839 1802 1070 1874 ἤλπισα⁶
1104 1803 1166 1859 οὐ
1197 1798 1586 1882 φοϐηθήσομαι
1635 1801 1689 1858 τί
1737 1805 1956 1875 ποιήσει

305 1913 402 1967 μοι
435 1894 742 1969 ἄνθρωπος.
773 1916 803 1945 ››
832 1925 902 1936 -ο
929 1897 1019 1947 ’³ον
1063 1892 1206 1948 εἶπεν
1235 1889 1520 1970 ἄνθρωπον
1568 1890 1619 1948 ἐν
1653 1892 1802 1969 ἀρχῇ
1859 1895 1956 1947 τοῦ

301 1981 553 2056 ψαλμοῦ,
581 1986 772 2036 τοῦτον
804 1980 1072 2037 κάνταῦθά
1101 2003 1285 2061 φησιν.

379 2095 408 2124 ‹‹
441 2072 527 2128 Ἐν
588 2069 733 2144 ἐμοὶ,
768 2071 796 2124 ὁ
829 2070 979 2143 Θεὸς,
1033 2069 1212 2146 εὐχαὶ,
1254 2069 1318 2134 ἃς
1385 2065 1656 2125 ἀποδώσω
1705 2069 1954 2131 αἰνέσεώς

301 2181 419 2217 σου.
452 2184 480 2211 ››
511 2191 580 2202 -—-
612 2161 697 2214 ’Ev
725 2163 794 2233 τῇ
831 2160 1022 2234 μνήμῃ
1055 2159 1160 2233 μού
1200 2159 1331 2214 εἶσιν
1379 2160 1434 2214 αἱ
1487 2158 1808 2235 ὑποσχέσεις
1857 2163 1956 2214 τοῦ

297 2249 595 2322 ἐπαινέσαι,
627 2248 691 2311 ἃς
722 2248 813 2304 καὶ
845 2248 1208 2325 ἐκπληρώσω.

375 2342 540 2392 «Τοῦ
597 2337 948 2415 εὐαρεστῆσαι
1010 2358 1078 2411 με
1132 2335 1362 2392 ἐνώπιον
1443 2337 1646 2414 Κυρίου
1706 2336 1759 2392 ἐν
1817 2336 1956 2415 φωτὶ

301 2427 544 2496 ζώντων.
579 2451 608 2481 »
659 2460 728 2471 --
777 2426 1048 2504 Εὐάρεστα
1097 2431 1176 2499 τῷ
1223 2426 1407 2502 Κυρίῳ
1453 2427 1640 2503 πράξω
1665 2422 1766 2489 ἕως
1803 2424 1860 2481 ἂν
1892 2425 1957 2481 τὸ

299 2520 418 2593 φῶς
447 2521 609 2572 τοῦτο
646 2516 834 2592 βλέπω
861 2517 925 2572 τὸ
956 2521 1144 2595 φαῖνον
1175 2521 1294 2579 τοῖς
1328 2521 1512 2586 ζῶσιν.

900 2636 1199 2689 ΨΑΛΜΟΣ
1241 2637 1351 2702 Νζ.

376 2754 405 2782 ‹‹
438 2729 532 2794 Εἷς
589 2728 652 2786 τὸ
697 2727 876 2804 τέλος,
954 2731 1029 2804 μὴ
1111 2727 1446 2808 διαφθείρῃς,
1505 2734 1584 2802 τῷ
1657 2727 1819 2784 Δαυ³ιδ
1880 2728 1955 2792 εἷς

302 2818 736 2898 στηλογραφίαν,
765 2818 817 2874 ἐν
845 2823 926 2892 τῷ
955 2819 1113 2875 αὐτὸν
1147 2816 1561 2896 ἀποδιδράσκειν
1624 2819 1730 2874 ἀπὸ
1785 2839 1954 2895 προσ-

305 2911 460 2965 ώπου
520 2907 702 2964 Σαοὺλ
753 2907 829 2970 εἷς
895 2910 958 2964 τὸ
1006 2907 1301 2980 σπήλαιον.
1358 2906 1615 2979 Ἐλέησόν
1666 2929 1754 2982 με,
1803 2909 1956 2980 Θεὸς,

302 2997 527 3069 ἐλέησόν
567 3015 651 3072 με·
681 2995 766 3052 ὅτι
797 2997 884 3052 ἐπὶ
935 2998 1020 3053 σοὶ
1067 2997 1318 3053 πέποιθεν
1367 3000 1403 3068 ἡ
1453 2999 1604 3073 ψυχή
1669 3018 1794 3071 μου.
1830 3021 1859 3050 ››
1889 3031 1960 3040 -

305 3085 442 3160 Ἰδίᾳ
495 3088 615 3142 καθ’
663 3088 820 3142 ἑαυτὸ
882 3087 1272 3164 ἀναγνωστέον·
1323 3085 1658 3160 κοιμωμένῳ
1713 3088 1814 3162 γὰρ
1877 3091 1958 3160 τῷ

301 3175 484 3232 Σαοὺλ
544 3174 784 3231 ἐπελθὼν
843 3176 1077 3254 ξιφήρης
1111 3175 1161 3232 ἐν
1222 3174 1302 3249 τῷ
1359 3172 1620 3248 σπηλαίῳ
1675 3179 1837 3230 τοῦτο
1893 3176 1958 3231 τὸ

300 3264 605 3342 πρόρῥημα
683 3263 1000 3337 κατεπᾴδων
1076 3266 1267 3322 ἑαυτοῦ
1341 3263 1721 3340 συνεχέστερον
1799 3265 1954 3320 κατέ-

301 3353 483 3410 στειλε
518 3355 611 3409 τὸν
660 3354 829 3427 θυμὸν
875 3353 966 3408 καὶ
998 3353 1096 3410 οὐκ
1124 3351 1334 3410 ἀνεῖλεν
1369 3354 1549 3412 αὐτόν.
1591 3359 1852 3431 Παραινεῖ
1899 3351 1958 3410 δὲ

300 3442 394 3498 καὶ
423 3445 573 3516 ἡμᾶς
608 3443 684 3516 μή
726 3439 1048 3521 διαφθείρειν
1095 3444 1196 3513 τήν
1235 3442 1584 3514 ἀνεξικακίαν.
1617 3443 1957 3522 Προφητεύει

302 3529 362 3587 δὲ
390 3531 481 3588 καὶ
512 3531 764 3608 περὶτῆς
821 3537 930 3586 τῶν
981 3531 1145 3587 ἐθνῶν
1197 3531 1546 3604 Ἐκκλησίας.
1581 3533 1845 3604 Συνετέθη
1899 3529 1958 3587 δὲ

298 3622 327 3676 ὁ
363 3619 586 3696 ψαλμὸς
640 3621 774 3696 μετὰ
815 3621 878 3676 τὸ
927 3620 1156 3693 ἐξελθεῖν
1202 3623 1295 3677 τὸν
1343 3623 1642 3700 Προφήτην
1687 3626 1784 3677 τοῦ
1815 3643 1956 3693 σπη-

302 3708 488 3770 λαίου.

372 3825 401 3853 ‹‹
436 3800 534 3856 Καὶ
584 3799 636 3855 ἐν
686 3803 756 3874 τῇ
806 3803 931 3872 σκιᾷ
973 3804 1083 3856 τῶν
1131 3799 1414 3876 πτερύγων
1463 3821 1558 3855 σου
1601 3799 1799 3873 ἐλπιῶ,
1849 3797 1958 3863 ἕως

300 3889 364 3942 οὗ
393 3887 638 3962 παρέλθῃ
665 3890 702 3958 ἡ
733 3887 955 3962 ἀνομία.
982 3912 1010 3941 ››
1047 3921 1112 3931 -
1144 3894 1280 3960 Σκιᾷ
1307 3888 1589 3966 πτερύγων
1617 3890 1718 3958 τήν
1757 3890 1960 3960 σκέπην

301 3976 485 4053 φησίν·
520 3975 747 4048 ἀνομίαν
783 3973 840 4030 δὲ
862 3977 962 4045 τὴν
1016 3973 1318 4048 ἐπιϐουλὴν
1365 3979 1464 4047 τὴν
1516 3977 1567 4049 ἐξ
1616 3978 1825 4054 ὁρατῶν
1869 3977 1958 4034 καὶ

302 4061 548 4139 ἀοράτων
583 4062 962 4140 ἐχθρῶν,ίῆτις
991 4057 1115 4121 τότε
1138 4065 1564 4144 παρέλθοι,δταν
1597 4061 1726 4142 ἔλθῃ
1754 4069 1789 4138 ἡ
1823 4067 1962 4142 πρὸς

303 4151 528 4216 θάνατον
560 4149 836 4214 ἀνάλυσις.

373 4266 403 4294 ι(
433 4239 836 4313 Ἐξαπέστειλεν
868 4239 919 4314 ἐξ
959 4241 1191 4319 ούρανοῦ
1237 4244 1327 4299 καὶ
1371 4243 1538 4300 ἔσωσε
1590 4266 1676 4319 με.
1710 4269 1738 4298 ››
1771 4278 1840 4289 -
1870 4245 1959 4317 Ἐξ

301 4328 473 4406 ὕψους
505 4328 790 4386 ἀπέστειλε
821 4327 1072 4404 δύναμιν.

373 4446 403 4474 ‹‹
435 4419 671 4478 Ἔδωκεν
706 4419 782 4484 εἷς
817 4415 1025 4484 ὄνειδος
1055 4419 1182 4484 τοὺς
1237 4425 1676 4487 καταπατοῦντάς
1711 4445 1798 4498 με.
1832 4447 1861 4476 ››
1891 4456 1961 4467 -

296 4507 543 4574 Ὅνειδος
572 4511 672 4580 τήν
703 4508 969 4586 αἰσχύνην
1001 4509 1188 4589 φησίν.

378 4625 400 4652 ι
443 4597 840 4672 Ἐξακέστειλεν
900 4601 929 4656 6
977 4601 1108 4663 Θεὸς
1154 4600 1218 4656 τὸ
1276 4597 1431 4664 ἔλεος
1479 4601 1666 4676 αὐτοῦ,
1715 4602 1804 4657 καὶ
1857 4603 1959 4671 τήν

2061 649 2233 699 πᾶσαν
2280 646 2380 714 τὴν
2424 651 2526 718 γῆν
2560 647 2594 714 ὴ
2628 641 2755 715 δόξα
2798 665 2914 700 σου.
2950 670 2979 696 ››
3016 678 3085 689 -ο
3130 647 3364 722 Ὑψηλὸς
3413 649 3503 704 καὶ
3555 649 3713 706 ἐπου-

2064 731 2246 808 ράνιος
2274 733 2544 808 γνώσθητι
2575 733 2665 789 καὶ
2695 738 2810 796 τοῖς
2859 736 2933 807 μὴ
2990 732 3157 790 εἶδόσι
3207 758 3284 804 σε,
3314 738 3404 793 καὶ
3459 735 3714 815 δραμέτω

2062 820 2150 876 ἐπὶ
2180 826 2352 876 πᾶσαν
2383 822 2483 890 τήν
2515 829 2616 899 γῆν
2647 824 2682 892 ἠ
2719 823 3083 897 μεγαλειότης
3115 846 3228 880 σου.

2135 932 2165 962 ι(
2199 907 2407 986 Παγίδα
2435 912 2738 984 ἡτοίμασαν
2769 917 2885 974 τοῖς
2917 912 3045 968 ποσί
3081 934 3205 986 μου·
3238 915 3328 969 καὶ
3365 916 3712 990 κατέκαμψαν

2063 999 2162 1068 τὴν
2244 999 2432 1074 ψυχήν
2508 1021 2633 1072 μου.
2696 1023 2725 1052 ››
2786 1033 2855 1045 —
2911 1001 3164 1080 Θήρατρά
3239 1025 3331 1076 μοι
3408 999 3716 1062 ἐπιϐουλῶν

2065 1087 2452 1144 κατεσκεύασαν
2486 1088 2575 1144 καὶ
2607 1087 2946 1146 ἐθανάτωσάν
2985 1113 3072 1164 με.

2137 1202 2166 1231 ‹‹
2196 1177 2425 1255 ’Ὼρυξαν
2457 1178 2564 1255 πρὸ
2593 1183 2891 1255 προσώπου
2927 1202 3030 1254 μου
3084 1180 3279 1257 βόθρον
3330 1181 3421 1237 καί
3473 1183 3722 1240 ἐνέπεσαν

2067 1265 2144 1329 εἷς
2175 1265 2354 1324 αὐτόν.
2381 1290 2409 1318 n
2440 1299 2508 1309 —
2538 1266 2874 1344 Πότρέπισάν
2921 1291 3014 1342 μοι
3069 1270 3262 1346 βόθρον
3308 1270 3584 1336 ἀπωλείας
3635 1272 3726 1330 διὰ

2067 1354 2266 1432 λόγων⁹
2299 1354 2452 1411 αὐτοὶ
2479 1352 2536 1411 δὲ
2566 1353 2954 1416 ἐκινδύνευσαν.

2144 1469 2166 1496 ι
2201 1444 2432 1519 Ἐτοίμη
2537 1443 2733 1522 καρδία
2781 1468 2908 1520 μου,
2942 1448 2970 1502 6
3017 1448 3169 1518 Θεὸς,
3201 1448 3393 1524 ἑτοίμη
3446 1453 3480 1522 ἡ
3527 1450 3724 1529 καρδία

2071 1553 2201 1607 μου·
2241 1531 2440 1608 ᾄσομαι
2471 1523 2560 1590 καὶ
2594 1534 2774 1610 ψαλῶ.
2811 1560 2840 1588 ››
2873 1569 2943 1579 ——
2981 1538 3088 1606 Τὴν
3143 1539 3241 1608 σήν
3291 1537 3382 1593 οὖν
3433 1538 3578 1618 ἔχων
3628 1542 3718 1596 ἀν-

2065 1621 2290 1697 τίληψιν
2338 1619 2560 1698 ἕτοιμός
2605 1623 2720 1698 εἶμι
2768 1625 2908 1700 πρὸς
2964 1625 3132 1682 πάντα
3198 1630 3498 1704 πειρασμὸν
3565 1630 3721 1709 ἐπερ-

2066 1711 2139 1789 χό
2147 1733 2324 1787 μενον.

2144 1823 2168 1852 α
2201 1803 2287 1858 Ἐν
2309 1805 2377 1876 τῇ
2411 1799 2537 1877 δόξῃ
2571 1824 2696 1876 μου.
2733 1828 2760 1855 ››

2065 1891 2127 1959 ἣν
2159 1887 2460 1961 ἐδοξάζετο.

2139 2003 2166 2031 ‹‹
2199 1979 2559 2056 Ἐξεγέρθητι,
2607 1983 2643 2051 ἡ
2686 1978 2812 2052 δόξα
2865 2003 2991 2056 μου.
3033 2006 3062 2036 ››
3095 2015 3164 2027 --
3199 1984 3362 2056 Δόξαν
3422 1983 3512 2040 οὖν
3568 1984 3719 2051 αὖθίς

2066 2089 2196 2146 φησι
2226 2067 2290 2123 τὸ
2314 2067 2653 2147 προφητικὸν
2686 2070 2953 2146 χάρισμα.

2137 2181 2167 2210 (ι
2201 2157 2558 2234 Ἐξεγέρθητι,
2611 2161 2916 2238 ψαλτήριον
2967 2162 3054 2216 καὶ
3101 2165 3315 2240 κιθάρα.
3351 2188 3379 2216 ››
3412 2199 3474 2207 -
3502 2165 3573 2220 Τὸ
3624 2168 3720 2240 μὲν

2066 2244 2371 2321 ψαλτήριον
2423 2246 2673 2322 ἀνάγεται
2711 2247 2789 2310 εἷς
2835 2249 3044 2323 ψυχήν,
3092 2251 3126 2319 ἡ
3174 2248 3369 2326 κιθάρα
3413 2247 3470 2306 δὲ
3517 2251 3596 2316 εἷς
3658 2254 3722 2308 τὸ

2067 2339 2145 2389 σῶ
2153 2355 2245 2409 μα.

2139 2447 2166 2476 ‹‹
2202 2424 2653 2502 Ἐξεγερθήσομαι
2687 2421 2908 2502 ὄρθρου.
2943 2451 2971 2478 ››

2063 2512 2304 2589 ταχέως.

2795 1837 2860 1847 -
2892 1804 3054 1876 Δόξαν
3087 1802 3236 1881 λέγει
3267 1807 3366 1876 τήν
3409 1805 3616 1862 σύνεσιν
3648 1806 3723 1864 δι’

3098 2427 3167 2482 Τὸ
3217 2423 3436 2483 ὄρθρου.
3469 2429 3586 2483 ἀντὶ
3623 2436 3717 2483 τοῦ

3003 2460 3071 2474 —-
3107 2449 3167 2482 10
3217 2449 3436 2506 ορυρου,
3469 2451 3586 2486 αντι
3623 2452 3720 2486 του

2666 2665 2964 2715 ΨΔΛΜΟΣ
3004 2666 3046 2715 Ν
3053 2661 3122 2718 Ζ’.

2141 2841 2170 2870 ‹‹
2199 2815 2296 2880 Εἷς
2323 2817 2386 2872 τὸ
2415 2816 2600 2891 τέλος,
2639 2819 2715 2888 μὴ
2757 2816 3087 2898 διαφθείρῃς·
3135 2824 3214 2892 τῷ
3263 2817 3427 2876 Δαυῖδ
3478 2821 3555 2885 εἷς
3595 2844 3726 2894 στη-

2068 2905 2389 2985 λογραφίπν.
2428 2931 2455 2959 ››
2485 2941 2555 2950 -
2583 2912 2689 2977 Τῆς
2721 2907 2891 2979 αὐτῆς
2933 2905 3116 2984 ἔχεται
3151 2907 3455 2974 ὑποθέσεως
3482 2915 3564 2984 τῷ
3612 2913 3720 2988 πρὸ

2068 2995 2233 3050 αὐτοῦ
2295 2997 2410 3069 μετ⁹
2468 2995 2670 3052 ἐκεῖνόν
2727 3017 2787 3052 τε
2836 2998 3134 3073 γέγραπται
3184 2999 3324 3076 πρὸς
3372 3000 3461 3054 τὸν
3514 3000 3725 3069 Σαοὺλ,

2067 3083 2500 3161 προηγουμένως
2551 3085 2640 3140 καὶ
2701 3085 2830 3149 τοὺς
2876 3087 2998 3164 περέ
3059 3086 3218 3143 αὐτὸν
3279 3087 3724 3163 ἀποτεινόμενος,

2070 3173 2352 3248 ἑπομένως
2384 3171 2442 3230 δὲ
2469 3173 2561 3230 καὶ
2590 3176 2726 3253 πρὸς
2757 3175 2961 3240 πάντας
3007 3176 3133 3240 τοὺς
3187 3178 3563 3252 μιμουμένους
3622 3181 3722 3250 τήν

1987 3305 2031 3372 C
2068 3261 2333 3338 πονηρίαν
2368 3261 2564 3320 αὐτῶν.

2201 3351 2263 3372 1'."
2308 3349 2355 3372 ’.Χ
2416 3355 2478 3372 λη’

2146 3375 2168 3402 ι
2201 3351 2266 3406 Εἰ
2298 3349 2520 3422 ἀληθῶς
2571 3349 2674 3428 ἄρα
2716 3350 3058 3425 δικαιοσύνην
3105 3353 3346 3428 λαλεῖτε,
3379 3354 3558 3419 εὐθεῖα
3603 3355 3722 3433 κρί-

2065 3460 2206 3513 νατε,
2239 3441 2290 3495 οἱ
2349 3441 2458 3495 υἱοὶ
2505 3445 2613 3496 τῶν
2654 3442 2970 3519 ἀνθρώπων.
3007 3468 3035 3495 ››
3065 3477 3132 3487 -
3164 3443 3224 3499 Εἰ
3258 3444 3480 3516 ἀληθῶς
3541 3442 3725 3501 δίκαια

2067 3527 2275 3604 λέγετε,
2309 3529 2391 3586 ὅτι
2425 3525 2718 3588 ἐπίϐουλον
2752 3533 2879 3606 ὑμῖν
2911 3531 3008 3607 ἐμὲ
3063 3533 3356 3610 γενόμενον
3401 3532 3732 3591 καταδιώκε-

2065 3640 2144 3692 τε,
2179 3619 2344 3696 ὀρθὰς
2401 3620 2696 3700 ἀποφάσεις
2759 3621 3062 3699 ἐξενέγκατε
3119 3623 3172 3679 ἐν
3217 3623 3321 3679 τίνι
3371 3643 3439 3698 με
3485 3624 3726 3699 πονηρὸν

2071 3708 2355 3786 ἐγνώκατε.

2144 3821 2165 3850 ι
2201 3797 2306 3854 Καὶ
2335 3797 2436 3875 γὰρ
2468 3797 2520 3852 ἐν
2549 3795 2745 3874 καρδίᾳ
2776 3798 3004 3873 ἀνομίας
3036 3799 3336 3878 ἐργάζεσθε.
3372 3823 3400 3857 η
3432 3835 3502 3844 -
3537 3801 3724 3858 Λείπει

2068 3887 2151 3960 τὸ,
2179 3886 2306 3944 ἀλλ’
2347 3887 2409 3942 οὐ
2470 3885 2693 3943 δύνασθε
2745 3887 2923 3965 ὀρθῶς
2981 3895 3181 3962 κρῖναι·
3239 3891 3330 3945 καὶ
3385 3891 3489 3966 γὰρ
3549 3887 3724 3965 ὄνομα

2072 3974 2382 4050 μελετᾶται.
2417 3975 2737 4050 Πρόσκειται
2770 3973 2828 4032 δὲ
2854 3977 2917 4033 τὸ
2950 3976 3002 4033 ἐν
3031 3981 3100 4052 τῇ
3133 3981 3224 4055 γῇ,
3259 3977 3341 4034 ὅτι
3391 3979 3444 4034 ἐν
3491 3984 3571 4052 τῷ
3619 3974 3722 4055 ᾅδῃ

2069 4063 2179 4140 οὐχ
2208 4063 2382 4128 οὕτως
2414 4061 2558 4120 ἔσται
2586 4064 2794 4128 αὐτοῖς.

2144 4176 2174 4207 ‹‹
2202 4159 2288 4210 Ἐν
2342 4157 2412 4229 τῇ
2472 4157 2546 4230 γῇ
2602 4152 2809 4210 ἀδικίαν
2869 4154 2923 4210 αἱ
2982 4161 3165 4233 χεῖρες
3197 4157 3350 4232 ὑμῶν
3384 4154 3733 4232 συμπλέκου-

2071 4264 2176 4302 σιν.
2211 4267 2240 4297 ››
2273 4275 2343 4287 —-
2395 4241 2812 4317 Συμπλέκουσιν
2875 4243 2991 4300 εἶπε
3047 4243 3136 4302 διὰ
3189 4248 3251 4301 τὸ
3307 4245 3561 4302 ποικίλον
3619 4251 3732 4303 τῶν

2071 4331 2325 4409 ἐπιχειρη
2338 4334 2542 4407 μάτων.

2141 4447 2171 4476 ι(
2205 4421 2770 4500 ’Δπηλλοτριώθησαν
2804 4424 2856 4479 οἱ
2889 4422 3210 4502 ἁμαρτωλοὶ
3260 4425 3366 4481 ἀπὸ
3427 4426 3660 4502 μήτρας.
3695 4449 3727 4479 ››

2068 4509 2378 4588 -Σχεδὸν
2441 4509 2517 4567 ἔτι
2558 4513 2911 4587 γεννώμενοι,
2972 4511 3297 4590 ἀλλοτρίους
3356 4513 3580 4578 ἑαυτοὺς
3626 4519 3727 4571 τοῦ

2070 4605 2204 4657 Θεοῦ
2255 4603 2608 4675 πεποιήκασι,
2667 4600 2966 4681 σύντροφον
3018 4603 3119 4673 τήν
3180 4601 3448 4675 πονηρίαν
3526 4604 3730 4675 κτησά-

301 4685 561 4760 ἀλήθειαν
623 4687 808 4762 αὐτοῦ,
859 4688 952 4745 καὶ
1008 4687 1271 4766 ἐρρύσατο
1326 4692 1427 4760 τήν
1481 4693 1667 4767 ψυχήν
1741 4712 1846 4764 μου
1903 4680 2038 4747 ἐκΒ
2076 4711 2251 4765 μενοι.

308 4776 476 4850 μέσου
525 4777 800 4851 σκύμνων.
831 4802 861 4829 ››
911 4810 980 4821 —
1029 4775 1324 4850 Ἀλήθειαν
1375 4777 1670 4855 πολλαχοῦ
1719 4781 1818 4850 τήν
1879 4777 1961 4835 δι-

299 4865 594 4936 καιοσύνην
654 4866 817 4945 φησὶν
873 4868 936 4936 ἣν
983 4866 1351 4938 ἐξαπέστειλεν
1411 4865 1741 4937 ὁΘεὸς,’ίνα
1797 4890 1960 4924 κατα-

301 4950 493 5029 δικάσῃ
521 4954 650 5018 τοὺς
681 4953 1023 5019 ἀδικοῦντας’
1073 4957 1136 5012 τὸ
1168 4955 1226 5013 δὲ
1271 4957 1446 5031 ἔλεος,
1480 4959 1566 5014 ίνα
1623 4957 1822 5034 ἐλεήσῃ
1869 4960 1960 5014 τὸν

299 5041 678 5119 ἀδικούμενον·
737 5042 827 5100 διὰ
880 5043 936 5100 δὲ
983 5051 1090 5101 τῶν
1149 5046 1400 5122 σκύμνων
1431 5051 1466 5117 ἡ
1514 5049 1745 5119 ἀπήνεια
1803 5045 1964 5120 δεδή-

304 5131 481 5189 λωται
509 5139 618 5189 τῶν
653 5133 891 5211 ἐχθρῶν.

381 5249 402 5275 α
439 5225 772 5296 Ἐκοιμήθην
823 5225 1239 5302 τεταραγμένος.
1279 5251 1300 5279 ι
1335 5260 1404 5269 -
1450 5229 1536 5282 Ἐν
1575 5231 1655 5284 τῶ
1704 5225 1965 5301 σπηλαίῳ

304 5311 816 5389 συγκεκλεισμένος,
847 5313 882 5383 ἢ
913 5313 963 5369 ἐν
995 5321 1113 5377 ταῖς
1143 5321 1479 5393 νυκτεριναῖς
1539 5315 1804 5381 ἐπιθέσεσι
1859 5320 1968 5372 τῶν

306 5400 578 5478 δαιμόνων
611 5397 949 5478 στροϐούμεν
959 5425 1037 5466 ος.

378 5517 406 5545 ‹‹
439 5493 556 5547 Υἱοὶ
586 5490 886 5568 ἀνθρώπων
923 5490 1138 5556 ὀδόντες
1169 5493 1366 5550 αὐτῶν⁸
1401 5494 1546 5550 ὅπλα
1584 5495 1676 5549 καὶ
1738 5493 1900 5571 βέλη.
1936 5518 1966 5547 ››

308 5615 376 5626 —
409 5583 506 5636 Δια
532 5581 739 5637 τούτων
767 5580 893 5645 τοὺς
935 5580 1137 5658 λόγους
1170 5581 1417 5656 ἐδήλωσε
1472 5588 1580 5640 τῶν
1637 5579 1964 5642 ἐπιϐουλῶν.

306 5671 428 5729 Εἶεν
462 5669 509 5726 δ’
539 5670 598 5726 ἂν
630 5671 721 5727 καὶ
774 5667 1044 5747 δαιμόνων
1104 5671 1320 5738 ὀδόντες
1378 5673 1469 5730 καὶ
1525 5671 1748 5753 γλῶσσα
1779 5674 1833 5728 οἱ
1861 5695 1965 5730 πο-

306 5760 466 5844 νηροὶ
497 5761 782 5842 λογισμοί.

2145 4779 2345 4834 «Ὦσεὶ
2384 4777 2612 4842 ἀσπίδος
2671 4780 2863 4859 κωφῆς
2913 4781 3003 4835 καὶ
3061 4780 3298 4856 βυούσης
3344 4779 3412 4835 τὰ
3466 4782 3581 4836 ὦτα
3638 4779 3734 4836 αὐ-

2071 4876 2192 4939 τῆς,
2230 4893 2258 4921 ››
2293 4902 2363 4912 -
2411 4869 2591 4943 Θυμὸς
2645 4869 2810 4926 πάλιν
2863 4869 3048 4932 αὐτοῖς
3102 4870 3231 4925 ὡσεὶ
3281 4867 3505 4933 ἀσπίδος
3549 4869 3735 4926 ἐθελο-

2071 4957 2330 5038 κωφούση
2341 4980 2384 5022 ς.

2145 5072 2173 5100 ‹‹
2207 5049 2362 5109 Ἥτις
2422 5046 2521 5102 οὐκ
2573 5046 2939 5102 εἷσακούσεται
2996 5050 3182 5125 φωνῆς
3240 5045 3572 5119 ἐπᾳδόντων,
3640 5047 3731 5104 καὶ

2075 5141 2364 5216 φαρμακοῦ
2391 5157 2452 5192 τε
2481 5136 2942 5214 φαρμακουμένου
2989 5137 3136 5212 παρὰ
3181 5141 3371 5213 σοφοῦ.
3409 5160 3436 5188 ιο
3467 5170 3536 5179 -
3568 5136 3738 5207 Ἐπά-

2075 5224 2238 5281 δοντα
2273 5225 2363 5280 καὶ
2419 5226 2702 5304 φαρμακὸν
2757 5223 2882 5294 ἤτοι
2946 5225 3141 5300 γόητα,
3174 5225 3264 5280 καὶ
3323 5226 3507 5304 σοφὸν,
3561 5222 3730 5302 ἤγουν

2073 5315 2350 5391 τεχνίτην,
2409 5316 2498 5370 τὸν
2558 5311 2879 5390 θηρεπῳδὸν
2967 5313 3310 5388 ὀνομάζεται,
3369 5315 3428 5378 ὃς
3497 5311 3735 5387 ἐπῳδαῖς

2073 5426 2184 5460 τισι
2238 5401 2580 5480 καταθέλγων
2625 5403 2694 5457 τὰ
2745 5402 2964 5480 ἐρπετᾶ,
3000 5401 3259 5478 ἐξημεροῖ
3299 5401 3390 5458 καὶ
3422 5403 3560 5479 πρὸς
3592 5409 3736 5480 χρῆ-

2192 5494 2207 5515 ἳ
2349 5493 2360 5512 Ι
2655 5493 2664 5510 9
2901 5491 2913 5511 Ι
3101 5494 3115 5511 \
3209 5487 3233 5512 ’ί
3312 5490 3336 5510 Ν
3455 5491 3462 5508 Ι
3625 5497 3653 5507 a-

2076 5515 2157 5549 σιν
2195 5513 2424 5568 ιατρειας
2481 5486 2772 5566 λαμϐανει.
2806 5494 3000 5565 Τούτῳ
3056 5513 3156 5562 την
3207 5509 3398 5570 εφοοον
3432 5494 3522 5547 ὅτε
3551 5512 3666 5568 γνῳ
3696 5494 3731 5563 ἡ

2079 5581 2239 5645 ἀσπὶς
2279 5579 2610 5660 ἀποφράττει
2662 5578 2752 5635 διὰ
2795 5580 3148 5657 πανουργίας,
3177 5578 3270 5636 ’ίνα
3316 5583 3392 5655 μή
3443 5582 3737 5658 θελχθεῖσα

2077 5672 2218 5745 ἁλῷ.

2153 5783 2183 5816 ‹‹
2211 5757 2768 5839 Ἐξουδενωθήσονται
2800 5759 2930 5816 ὡσεὶ
2989 5756 3137 5844 ὕδωρ
3188 5756 3665 5844 διαπορευόμενον.
3701 5784 3732 5818 »
