4072 6432
230 440 410 526 λέξει

1488 456 1899 522 EXPOSITIO
1945 458 2022 519 IN
2068 457 2456 521 PSALMOS.

3521 459 3678 519 1482

246 586 364 651 Ὀὑκ
400 581 508 650 ’ἐπὶ
547 585 754 657 ’ἅπλῶς
812 591 1109 666 συντελείᾳ,
1169 584 1295 649 ἀλλ’
1354 591 1443 649 ἐπὶ
1511 596 1669 664 θυμῷ
1727 610 1907 645 συντε-
1941 605 1995 672 Α
2023 610 2105 643 νοι
2136 590 2271 659 ἦσαν
2319 591 2371 644 οἱ
2420 584 2754 667 φοϐούμενοί
2804 610 2860 644 σε
2907 589 2997 644 καὶ
3044 587 3144 643 οὐκ
3186 587 3534 664 ἀνῃρέθησαν·
3587 584 3677 642 διὰ

253 682 425 757 λείας,
483 681 575 739 καί
633 682 825 739 λοιπὸν
890 682 991 738 οὑκ
1045 678 1122 738 ἔτι
1153 681 1320 737 πάλιν
1381 680 1458 743 εἷς
1506 677 1785 735 πολιτείαν
1821 700 1914 733 συ-

250 770 547 844 στήσονται
592 790 608 805 ⁸
664 771 995 828 ’συντέλειαν
1066 771 1170 849 γάρ
1246 770 1309 826 ού
1377 772 1477 840 τήν
1535 768 1911 845 πανωλεθρίαν

251 859 473 941 ἔφησεν,
528 849 676 918 ἀλλά
724 862 828 941 τήν
892 868 994 932 τῆς
1052 857 1334 923 πολιτείας
1389 859 1792 938 καταστροφὴν,
1850 857 1913 926 ἢν

249 951 359 1027 οὐχ
394 942 607 1013 ’ἁπλῶς
663 952 851 1006 παθεῖν
916 949 1047 1013 τοὺς
1107 948 1554 1026 γριστοκτόνους,
1616 945 1762 1004 ἀλλά
1819 946 1911 1001 σὺν

232 1038 515 1116 ’ἐπαγωγῇ
572 1044 857 1115 τιμωριῶν
900 1038 1277 1117 προαγγέλλει
1347 1036 1576 1094 πολλῶν
1632 1036 1722 1092 καὶ
1779 1057 1911 1114 σφο-

255 1126 426 1206 δρῶν.

324 1216 485 1273 «Καὶ
539 1218 844 1294 γνώσονται
898 1216 982 1274 ὅτι
1040 1218 1172 1281 Θεὸς
1226 1216 1475 1286 δεσπόζει
1534 1220 1634 1271 τοῦ
1690 1208 1909 1287 Ἰακὼϐ,

249 1306 341 1361 καὶ
368 1310 479 1362 τῶν
500 1306 757 1384 περάτων
814 1313 914 1377 τῆς
970 1313 1099 1383 γῆς.
1154 1327 1182 1361 ι
1238 1340 1309 1349 -
1356 1306 1484 1363 Θεὸν
1539 1303 1766 1368 ἐνταῦθα
1816 1303 1909 1358 τὸν

258 1390 487 1472 Χριστόν
522 1417 706 1474 φησιν.

327 1480 553 1542 «Ὰὺτόὶ
628 1482 1208 1563 διασκορπισθήσονται
1265 1489 1361 1541 τοῦ
1413 1488 1598 1563 φαγεῖν
1632 1501 1647 1514 ’
1708 1482 1794 1537 ἐὰν
1855 1477 1912 1536 δὲ

259 1573 338 1647 μὴ
397 1576 740 1651 χορτασθῶσι
797 1574 888 1629 καὶ
944 1573 1310 1650 γογγύσωσιν.
1372 1597 1403 1627 ››
1451 1607 1520 1617 --
1576 1580 1909 1648 Λιασκορπι-

259 1663 544 1734 σθήσονται
599 1667 1019 1739 προσαιτοῦντες
1054 1710 1068 1735 ,
1135 1660 1292 1719 ἕνεκα
1344 1667 1442 1718 τοῦ
1500 1666 1682 1741 φαγεῖν
1721 1679 1735 1692 ·
1794 1659 1908 1715 ἐπεὶ

260 1748 320 1805 δὲ
377 1750 441 1806 οὑ
495 1754 986 1829 χορτασθήσονται,
1045 1740 1107 1807 ού
1164 1740 1556 1826 μετανοήσουσι
1612 1751 1748 1827 πρὸς
1806 1748 1909 1803 Κύ-

250 1856 394 1918 ριον,
427 1837 574 1897 ἀλλά
594 1840 957 1918 γογγύσουσιν
998 1842 1077 1903 ὡς
1124 1836 1178 1895 οἱ
1229 1840 1489 1919 πρόγονοι
1530 1838 1761 1895 τούτων.
1813 1843 1911 1892 Πε-

252 1929 435 2005 ριττὸς
465 1926 527 1984 δὲ
550 1929 825 1985 κάνταῦθα
853 1929 882 1984 6
911 1928 1001 1985 καὶ
1034 1927 1355 2004 σύνδεσμος.

853 2058 1152 2110 ΨΑΛΜΟΣ
1193 2059 1312 2111 ΝΘ¹.

324 2132 484 2206 «Ἐῖς
538 2143 602 2199 τὸ
658 2138 841 2213 τέλος,
891 2146 1011 2206 τοῖς
1071 2130 1637 2216 ἀλλοιωθησομένοις,
1695 2137 1773 2195 ἔτι
1831 2138 1909 2202 είς

254 2230 652 2310 στηλογραγίαν
708 2236 790 2304 τῷ
831 2229 995 2287 Δαυῗδ
1054 2230 1133 2294 εἷς
1190 2228 1445 2308 διδαχὴν,
1505 2229 1670 2287 ὁπότε
1719 2228 1907 2285 ένεπύ-

256 2342 373 2399 ρισε
397 2322 499 2392 τήν
522 2316 946 2394 Μεσοποταμίαν
992 2314 1213 2398 Συρίας,
1260 2320 1351 2376 καὶ
1399 2321 1499 2390 τήν
1553 2318 1749 2396 Συρίαν
1786 2325 1906 2373 Σω-

255 2405 385 2483 ϐἀλ,
428 2408 520 2465 καὶ
565 2408 883 2486 ἐπέστρεψεν
915 2404 1115 2489 εἸωᾶϐ,
1162 2409 1252 2465 καὶ
1302 2409 1528 2480 ἐπάταξε
1572 2409 1664 2464 τὸν
1725 2405 1911 2481 Ἐδὼμ

256 2497 310 2554 ἐν
338 2501 409 2573 τῇ
440 2497 675 2577 φάραγγι
700 2503 810 2554 τῶν
862 2498 1010 2557 Ἀλῶ
1058 2496 1269 2554 δώδεκα
1316 2496 1599 2581 χιλιάδας.
1647 2529 1717 2539 -
1757 2499 1907 2551 ’Ἐστι

257 2585 316 2644 δὲ
370 2586 446 2651 εἷς
504 2587 911 2667 Μλογραφίαν
969 2592 1050 2662 τῷ
1102 2583 1266 2643 Δαυῒδ
1320 2587 1397 2652 εἰς
1443 2584 1695 2664 διδαχὴν,
1745 2585 1910 2641 ὁπότε

256 2675 535 2754 ἐνεπύρισε
578 2678 681 2748 τήν
730 2675 1155 2753 Μεσοποταμίαν
1218 2678 1441 2754 Συρίας,
1499 2677 1591 2731 καὶ
1645 2676 1746 2745 τὴν
1803 2681 1907 2729 Συ-

255 2764 373 2840 ρίαν
420 2760 649 2837 Σωϐἀλ,
708 2765 798 2821 καὶ
854 2765 1177 2843 ἐπέστρεψεν
1235 2764 1288 2821 ἐν
1333 2759 1495 2821 Ἰωάϐ
1532 2765 1623 2820 καὶ
1653 2760 1906 2834 ἐπάταξεν

252 2853 305 2909 ἐν
481 2854 721 2933 φάραγγι
775 2858 884 2909 τῶν
932 2852 1114 2910 ’Δλῶν
1167 2851 1378 2910 δώδεκα
1425 2849 1702 2930 χιλιάδας.
1733 2851 1909 2914 Τόπος

252 2941 393 2999 ἐστὶν
423 2944 460 3014 ὴ
493 2942 696 3019 φάραγξ
723 2946 832 2999 τῶν
886 2939 1086 3016 Ἁλῶν,
1137 2939 1208 2998 δι’
1252 2945 1319 3017 ἧς
1346 2940 1475 3005 τοὺς
1521 2944 1906 3002 κατοικοῦντας

250 3030 551 3105 ἐδήλωσεν.
608 3029 1199 3105 ’Δλλοιωθησομένους
1274 3027 1333 3086 δὲ
1407 3031 1556 3106 Λέγει
1615 3029 1744 3092 τοὺς
1800 3029 1906 3085 ἀπὸ

248 3123 351 3191 τῆς
406 3118 514 3176 τῶν
572 3118 1139 3196 αἲχμαλωτευσάντων
1221 3116 1471 3182 δουλείας
1542 3119 1619 3182 εἷς
1693 3117 1906 3183 ἐλευθε-

252 3208 370 3286 ρίαν
428 3207 684 3271 ἐλθόντας
745 3206 1062 3280 Ἰουδαίους,
1124 3207 1338 3283 μᾶλλον
1400 3205 1457 3263 δὲ
1510 3206 1640 3272 τοὺς
1689 3207 1750 3263 ἐκ
1801 3215 1904 3278 τῆς

251 3295 575 3372 δαιμονικῆς
622 3292 936 3381 τυραννίδος
995 3296 1448 3375 ἐλευθερωθέντας
1515 3294 1604 3352 διὰ
1655 3300 1754 3352 τοῦ
1806 3298 1902 3374 βα-

248 3385 572 3462 πτίσματος,
634 3380 866 3462 διδαχὴν
924 3382 982 3443 δὲ
1039 3386 1188 3465 λέγει
1248 3385 1557 3464 εὐεργεσίας
1613 3388 1649 3457 ἢ
1698 3385 1906 3459 ὑπομο-

250 3496 374 3547 νης.

324 3586 354 3619 ‹‹
386 3564 517 3628 Θεὸς
550 3608 566 3635 ,
616 3558 822 3620 ἀπώσω
863 3565 1014 3639 ἡμὰς
1060 3563 1150 3621 καὶ
1206 3565 1455 3630 καθεῖλες
1512 3566 1701 3639 ἡμᾶς,
1761 3564 1910 3640 ἀργί-

248 3656 407 3729 σθης,
453 3653 546 3711 καὶ
594 3653 938 3733 οἷκτείρησας
987 3657 1159 3729 ἡμᾶς.
1214 3678 1243 3706 ››
1274 3688 1344 3697 -
1391 3655 1625 3728 Σεισμὸν
1673 3653 1763 3709 καὶ
1811 3674 1907 3708 τα-

249 3744 430 3821 ραχὴν
480 3745 772 3821 ἱστορικῶς
826 3742 923 3817 μὶν
969 3744 1075 3814 τῆς
1118 3749 1224 3821 γῆς
1253 3747 1360 3799 τῶν
1412 3740 1684 3799 Ἰουδαίων
1717 3742 1908 3821 φησὶν,

246 3831 367 3903 ἤως
412 3833 514 3903 τὴν
557 3834 936 3912 καςαστροφῆν
984 3837 1092 3888 τῶν
1136 3828 1188 3889 ἐν
1236 3830 1375 3908 αὐτῇ
1425 3827 1610 3904 πόλει,
1659 3832 1750 3887 καὶ
1803 3833 1905 3902 τήν

248 3918 547 3992 λεηλασίαν
603 3922 695 3976 καὶ
749 3924 850 3992 τήν
912 3921 1178 4000 σύγχυσιν
1234 3926 1343 3978 τῶν
1404 3921 1729 3999 ἀνθρώπων,
1779 3921 1906 3977 ἀνα-

248 4012 511 4084 γωγικῶς
562 4005 622 4063 δὲ
674 4007 775 4078 τὴν
830 4016 933 4079 τῆς
991 4009 1319 4085 οἲκουμένης
1382 4010 1664 4084 μετάθεσιν
1720 4008 1772 4081 ἐξ
1830 4010 1906 4066 εἰ·

252 4092 662 4173 δωλολατρείας
734 4095 812 4159 εἷς
887 4098 1212 4175 θεογνωσίαν
1264 4098 1356 4154 καὶ
1423 4100 1530 4155 ἀπὸ
1575 4104 1674 4155 τοῦ
1730 4098 1905 4173 νόμου

249 4183 389 4262 πρὸς
413 4184 478 4240 τὸ
532 4179 867 4262 Εὑαγγέλιον
922 4186 1014 4241 τόν
1070 4194 1132 4242 τε
1182 4180 1413 4263 θόρυϐον
1462 4188 1521 4243 ’ὸν
1571 4184 1810 4265 ἔπασχον
1853 4190 1905 4244 οἱ

250 4272 530 4352 ἄνθρωποι
561 4268 623 4329 ἐκ
660 4280 763 4344 τῆς
809 4275 1005 4352 φήμης
1032 4278 1155 4351 ¹τῶν
1206 4275 1785 4353 θαυματουργημάτων
1813 4278 1903 4333 καὶ

245 4368 358 4420 τῶν
412 4360 756 4442 διδαγμάτων
815 4367 913 4420 τοῦ
969 4367 1205 4442 Χριστοῦ
1259 4363 1377 4420 καθ’
1422 4363 1481 4420 ’ὸν
1528 4366 1687 4430 οὗτος
1715 4367 1903 4444 καιρὸν

247 4452 596 4511 ἐπολιτεύετο
628 4448 720 4510 ἐπὶ
748 4459 855 4530 γῆς
868 4496 880 4512 .

325 4540 555 4598 α”Ῑασαι
608 4544 678 4599 τὰ
730 4542 1110 4621 συντρίμματα
1172 4541 1341 4614 αὑτῆς
1398 4542 1483 4598 ὅτι
1540 4541 1826 4616 ἐσαλεύθη.
1875 4569 1903 4597 ››

247 4664 314 4674 -
347 4633 653 4709 Ἱστορικῶς
724 4633 818 4707 μὲν
892 4631 1273 4711 συντρίμματά
1351 4653 1485 4712 φησι
1540 4634 1640 4702 τήν
1697 4638 1902 4689 πτῶσιν

2021 683 2119 733 τοῦ
2149 679 2307 749 τόξου
2368 677 2423 733 δὲ
2477 684 2580 733 πᾶν
2642 676 2944 750 πολεμικὸν
3002 676 3157 748 τόξον
3216 674 3519 748 δεδήλωκε.
3565 684 3678 747 Ση-

2027 768 2253 840 μείωσις
2285 765 2342 823 δὲ
2372 768 2555 830 αὐτοῖς
2586 768 2645 823 ἂν
2697 767 2922 847 σφραγὶς
2970 772 3068 822 τοῦ
3111 766 3270 842 ἀγίου
3306 766 3680 843 βαπτίσματος

2022 856 2110 911 καὶ
2146 858 2174 912 ὁ
2222 855 2394 920 τύπος
2442 862 2540 913 τοῦ
2592 856 2880 935 ζωηφόρου
2925 860 3175 932 σταυροῦ.
3229 853 3299 911 δι’
3349 857 3423 911 ὧν
3476 854 3673 935 φεύγο-

2027 967 2119 1020 μεν
2155 945 2215 1001 ἐκ
2242 951 2339 1001 τοῦ
2368 950 2474 1002 τῶν
2511 943 2785 1020 δαιμόνων
2818 945 3075 1002 ποικίλου
3103 943 3283 1016 τόξου.

2101 1056 2123 1084 ι
2156 1037 2341 1098 Ὅπως
2390 1036 2450 1090 ἂν
2504 1034 2768 1111 ῥυσθῶσιν
2818 1036 2870 1090 οἱ
2920 1034 3190 1111 ἀγαπητοί
3239 1056 3356 1091 σου.
3391 1058 3421 1085 ››

2022 1123 2195 1178 αἰτίαν
2231 1123 2376 1200 λέγει
2405 1125 2571 1179 πάλιν
2597 1132 2698 1194 τῆς
2731 1146 2796 1194 ση
2809 1125 3107 1198 μειώσεως.

2097 1236 2125 1267 ‹‹
2158 1217 2341 1268 Σῶσον
2398 1217 2467 1288 τῇ
2528 1210 2674 1285 δεξιᾷ
2731 1235 2847 1286 σου,
2897 1213 2988 1268 καὶ
3037 1211 3333 1269 ἐπάκουσόν
3384 1234 3511 1287 μου.
3546 1236 3574 1265 ››
3605 1246 3676 1257 -

2020 1302 2203 1373 Δεξιάν
2239 1301 2386 1377 λέγει
2419 1306 2510 1356 νῦν
2541 1303 2639 1371 τήν
2675 1299 2923 1375 δύναμιν.

2093 1415 2122 1444 ι(
2151 1396 2207 1445 Ὁ
2234 1393 2360 1453 Θεὸς
2385 1388 2650 1461 ἐλάλησεν
2704 1390 2756 1445 ἐν
2803 1395 2885 1462 τῷ
2927 1391 3070 1466 ἀγίῳ
3114 1390 3300 1449 αὑτοῦ.
3331 1415 3361 1444 ››
3392 1424 3463 1434 —
3503 1395 3673 1447 Τοῦτο

2018 1481 2299 1557 προσώπῳ
2356 1480 2542 1553 οἰκείῳ
2600 1480 2762 1557 φησὶν
2821 1481 2849 1534 6
2908 1478 3093 1550 Δαυίδ,
3143 1479 3342 1555 λέγων,
3393 1481 3506 1534 «Ὃ
3546 1482 3676 1544 Θεὸς

2019 1567 2258 1640 ἐλάλησε
2304 1567 2394 1625 διᾶ
2442 1574 2540 1625 τοῦ
2590 1570 2746 1644 ἁγίου
2792 1569 2957 1625 αὑτοῦ
2995 1569 3331 1642 Πνεύματος,
3374 1593 3404 1622 ››
3432 1567 3674 1642 δηλαδὴ,

2022 1657 2460 1734 Ἀγαλλιάσομαι
2489 1659 2560 1731 τῇ
2589 1658 2865 1734 εὐαρεστίᾳ
2911 1662 3009 1713 τοῦ
3041 1658 3177 1732 ἐμοῦ
3224 1657 3382 1728 λαοῦ,
3413 1658 3503 1713 καὶ
3533 1657 3674 1730 κλη-

2024 1744 2308 1824 ροδοτήσω
2363 1747 2546 1810 αὐτοῖς
2623 1748 2719 1816 τὴν
2779 1746 2941 1803 πόλιν
2993 1750 3092 1817 τῆς
3150 1747 3330 1826 φυλῆς
3388 1745 3672 1826 Ἐφραίμ,

2017 1837 2116 1905 τὴν
2175 1834 2519 1910 καλουμένην
2580 1835 2784 1910 Σίκιμα
2832 1836 2923 1891 καὶ
2979 1835 3041 1891 τὸ
3098 1835 3205 1911 πρὸ
3260 1840 3369 1891 τῶν
3423 1834 3671 1910 Σικίμων

2018 1924 2266 2000 κείμενον
2319 1924 2554 2002 χωρίον,
2611 1926 2641 1980 ’ὁ
2698 1929 2921 1995 Σκηνῶν
2976 1925 3223 1981 καλεῖται
3278 1923 3470 1987 κοιλάς
3503 1967 3515 1979 .
3576 1926 3676 1980 Διά

2016 2013 2223 2070 τούτων
2256 2012 2313 2070 δὲ
2342 2014 2625 2089 σύμπασαν
2651 2016 2751 2084 τὴν
2785 2011 3046 2070 Ἰουδαίαν
3086 2011 3383 2085 ἐδήλωσεν.

3450 1024 3674 1104 --ϊΓὴν

2090 2146 2121 2174 ‹‹
2153 2121 2318 2194 Ἐμός
2368 2120 2479 2176 ἐστι
2538 2118 2752 2177 Γαλαὰδ
2797 2121 2888 2175 καὶ
2937 2119 3067 2194 ἐμός
3112 2120 3224 2176 ἐστι
3272 2122 3560 2191 Μανασσῆς
3589 2165 3602 2178 .
3636 2141 3664 2175 ι

2016 2244 2086 2253 -
2136 2211 2234 2266 Διά
2276 2214 2385 2265 τῶν
2441 2209 2719 2284 ὀνομάτων
2766 2208 2975 2284 τούτων
3023 2211 3197 2273 πάσας
3246 2207 3528 2281 δεδήλωκε
3573 2210 3671 2274 τὰς

2019 2298 2211 2378 φυλὰς,
2274 2298 2334 2362 ἃς
2394 2280 2688 2355 οἱκειοῦται
2745 2280 2798 2354 δ’
2825 2300 2953 2361 Θεὸς
3000 2298 3188 2372 πάλιν,
3218 2298 3315 2354 κᾶν
3362 2280 3443 2354 δι’
3492 2301 3669 2374 ἁμαρ-

2016 2389 2133 2445 τίαν
2194 2390 2468 2445 ἀπώσατο.
2529 2389 2688 2444 Καίὁ
2723 2390 2953 2466 Χριστὸς
3011 2387 3163 2465 λέγοι
3222 2387 3281 2444 ἂν
3337 2393 3525 2446 ταῦτα.
3586 2388 3669 2444 οἷ-

2017 2477 2335 2552 κειούμενος
2382 2478 2509 2541 τοὺς
2570 2477 2734 2534 αὑτοῦ
2788 2479 2925 2533 κατά
2968 2477 3138 2554 σάρκα
3179 2476 3549 2555 προπάτορας,
3580 2477 3671 2533 καί

2022 2566 2234 2640 μᾶλλον
2269 2566 2359 2622 διὰ
2380 2567 2508 2630 τοὺς
2540 2567 2927 2630 πιστεύσαντας
2949 2567 3000 2638 ἐξ
3033 2567 3227 2625 αὐτῶν.

2091 2682 2120 2709 ‹‹
2169 2658 2266 2711 Καὶ
2317 2655 2557 2736 Ἐφραίμ
2610 2656 2934 2734 κραταίωσις
2987 2663 3088 2727 τῆς
3145 2656 3388 2735 κεφαλῆς
3451 2678 3576 2731 μου.
3641 2680 3664 2710 ιι

2018 2778 2087 2788 —-
2130 2747 2381 2822 Κεφαλήν
2424 2748 2524 2816 τὴν
2572 2747 2751 2824 ἀρχὴν
2805 2746 3061 2820 ὀνομάζει
3108 2745 3198 2801 καὶ
3251 2746 3553 2823 βασιλείαν,
3606 2748 3669 2816 ἣν

2019 2835 2292 2891 οἰκοῦνται
2322 2833 2412 2890 διὰ
2439 2836 2529 2891 τὸν
2563 2834 2718 2891 λαόν.

2094 2949 2115 2977 α
2149 2919 2305 2981 Μοὰϐ
2356 2920 2526 2995 λέϐης
2573 2931 2673 2996 τῆς
2724 2921 2948 2988 ἐλπίδος
3001 2946 3127 2999 μου.
3162 2948 3191 2977 ››
3224 2958 3293 2966 -—
3322 2919 3494 2982 Μωάϐ
3542 2921 3670 2994 ἤτοι

2016 3015 2077 3069 τὸ
2127 3008 2432 3070 Μωαϐιτῶν
2479 3012 2648 3082 ἔθνος,
2694 3008 2863 3084 λέϐης
2912 3008 3080 3087 ἔσται,
3138 3011 3304 3091 ἤγουν
3370 3013 3670 3090 ὑπηρέτης·

2019 3103 2341 3178 ὑπηρετικὸν
2399 3105 2504 3179 γάρ
2563 3106 2751 3165 σκεῦος
2806 3104 2834 3157 6
2883 3098 3074 3174 λέϐης’
3127 3103 3402 3178 ὑπηρέτης
3457 3100 3515 3157 δὲ
3571 3108 3672 3173 τῆς

2017 3189 2239 3254 ἐλπίδος
2275 3214 2401 3265 μου,
2432 3191 2675 3247 τουτέστι
2705 3195 2812 3247 τῶν
2832 3190 3163 3262 ἐλπιζόντων
3192 3191 3267 3255 εἷς
3300 3191 3419 3265 ἐμέ.

2089 3324 2118 3351 ‹‹
2153 3298 2272 3353 Ἐπὶ
2318 3300 2418 3369 την
2468 3295 2777 3373 Ἰδουμαίαν
2827 3297 3025 3353 ἐκτενῶ
3069 3298 3133 3353 τὸ
3182 3294 3443 3371 ὑπόδημά
3475 3318 3601 3371 μου.
3635 3320 3666 3349 ››

2018 3420 2086 3431 -
2136 3384 2423 3462 Ὑπόδημα
2476 3389 2575 3458 τὴν
2629 3387 2849 3464 πορείαν
2909 3386 3077 3464 λέγει.
3137 3386 3282 3458 Φησὶ
3337 3384 3394 3442 δὲ
3439 3385 3524 3442 ὅτι
3575 3386 3666 3442 καὶ

2015 3475 2146 3540 τοὺς
2196 3474 2533 3551 Ἰδουμαίους
2590 3477 2838 3550 ὑποτάξω
2884 3480 2962 3549 τῷ
3007 3480 3125 3549 Λαῷ
3178 3497 3302 3550 μου,
3352 3496 3671 3552 συνεκστρα-

2014 3565 2205 3629 τεύσας
2279 3565 2426 3638 αὐτῷ
2458 3610 2471 3623 .
2532 3567 2749 3642 Λέγεται
2833 3563 2891 3620 δὲ
2943 3565 3034 3620 καὶ
3107 3572 3208 3635 τῆς
3262 3569 3359 3620 τοῦ
3436 3568 3674 3641 Χριστοῦ

2016 3654 2272 3724 θεότητος
2333 3652 2592 3729 ὑπόδημα
2647 3658 2682 3725 ἡ
2742 3654 3002 3733 θεοφόρος
3058 3653 3223 3709 αὑτοῦ
3281 3654 3430 3730 σὰρξ,
3490 3650 3562 3708 δι’
3602 3655 3672 3722 ἧς

2017 3741 2358 3817 ἐπιδημῆσαι
2410 3744 2500 3799 καὶ
2567 3750 2684 3807 τοῖς
2739 3741 3082 3823 ἀλλοφύλοις
3140 3738 3400 3813 εὖδόκησε
3441 3789 3455 3814 ,
3515 3764 3671 3798 τουτ-

2015 3832 2156 3888 έστιν
2187 3833 2399 3910 ἀγαγεῖν
2432 3832 2629 3895 αὑτοὺς
2658 3831 2795 3909 πρὸς
2828 3831 3113 3909 ἐπίγνωσιν
3143 3829 3354 3888 ἐαυτοῦ.

2088 3947 2117 3975 ιι
2146 3923 2306 3996 Ἐμοὶ
2338 3919 2648 4000 ἀλλόφυλοι
2681 3922 3038 3997 ὑπετάγησαν.
3068 3944 3098 3973 ››
3128 3954 3196 3964 -
3225 3919 3297 3973 Τὸ
3323 3919 3665 3995 ὑπετάγησαν

2014 4011 2132 4067 ἀντὶ
2161 4015 2257 4066 τοῦ
2284 4011 2529 4086 ὑποταγή
2537 4032 2739 4068 σονται.

2088 4125 2116 4154 ‹‹
2147 4100 2238 4162 Τίς
2290 4098 2477 4171 ἀπάξει
2529 4120 2596 4173 με
2645 4100 2710 4172 εἶ,
2762 4098 2924 4155 πόλιν
2974 4105 3244 4175 περιοχῆς
3280 4116 3294 4167 ;
3325 4121 3356 4149 ››
3383 4131 3451 4142 --
3483 4103 3663 4171 Προσ-

2016 4190 2152 4263 ώπῳ
2181 4190 2274 4264 μὲν
2305 4193 2413 4244 τῶν
2462 4186 2839 4265 αἰχμαλώτων
2887 4186 2986 4257 τήν
3037 4185 3405 4263 Ἰερουσαλὴμ
3451 4185 3480 4240 6
3527 4192 3668 4264 Προ-

2015 4281 2195 4357 φήτης
2244 4275 2630 4346 ἀνακαλεῖται,
2679 4275 2841 4333 πόλιν
2890 4278 3159 4354 περιοχῆς
3212 4275 3496 4349 ὀνομάζων
3545 4276 3673 4330 ταύ-

2011 4389 2137 4439 την,
2196 4365 2285 4422 διά
2330 4367 2391 4422 τὸ
2449 4365 2801 4443 εὐτείχιστον.
2858 4365 3059 4439 Οἱκείῳ
3116 4363 3173 4420 δὲ
3230 4364 3511 4441 προσώπῳ
3565 4365 3666 4434 τὴν

2014 4455 2338 4528 Ἐκκλησίαν
2400 4453 2531 4511 ἰδεῖν
2590 4456 2843 4530 ἐπιθυμεῖ
2895 4459 3002 4510 τῶν
3058 4458 3286 4527 πιστῶν,
3343 4454 3443 4525 τὴν
3497 4474 3668 4509 τετει-

2015 4546 2282 4621 χισμένην
2353 4551 2471 4607 ταῖς
2529 4544 2743 4620 ἀρεταῖς
2799 4544 2891 4600 καὶ
2943 4549 3060 4607 τοῖς
3117 4547 3508 4617 πνευματικοῖς
3560 4562 3668 4619 χα-

2016 4635 2240 4712 ρίσμασι
2267 4634 2358 4689 καὶ
2386 4634 2483 4697 τὰς
2515 4634 2683 4698 θείαις
2715 4631 3023 4708 δυνάμεσιν.

245 4726 349 4791 τῆς
407 4716 770 4797 Ἰερουσαλὴμ
823 4722 915 4777 καὶ
963 4725 1072 4777 τῶν
1123 4721 1247 4799 περὶ
1308 4720 1475 4793 αὐτὴν
1518 4720 1734 4778 πόλεων
1783 4724 1905 4779 ἀνα·
1935 4718 1982 4782 D
2088 4746 2116 4776 «
2146 4725 2216 4777 Ἥ
2267 4723 2349 4786 τίς
2408 4720 2669 4799 ὁδηγήσει
2731 4744 2798 4797 με
2842 4720 2948 4786 ἕως
2996 4729 3095 4794 τῆς
3148 4720 3454 4797 Ἰδουμαίας
3489 4741 3503 4791 ;
3540 4744 3568 4774 υ
3602 4753 3672 4763 --

245 4813 499 4886 γωγικῶς
548 4807 607 4866 δὲ
651 4810 748 4874 τὰς
778 4811 1020 4888 ψυχικὰς
1061 4811 1397 4875 ἀντιστάσεις
1446 4817 1553 4867 τῶν
1603 4811 1903 4888 ἀνθρώπων

246 4896 452 4975 Κυρίῳ,
478 4894 568 4954 καί
592 4896 757 4955 σάλον
784 4900 883 4970 τὴν
908 4898 1264 4977 παρατροπήν
1294 4906 1394 4956 τοῦ
1427 4896 1669 4965 δέοντος.

321 5006 351 5041 α
381 4984 626 5059 Ἔδειξας
682 4986 763 5062 τῷ
815 4984 937 5062 λαῷ
983 5010 1080 5044 σου
1136 4987 1369 5068 σκληρά.
1417 5014 1446 5043 ››
1502 5023 1572 5033 -
1623 4996 1747 5054 Τοῖς
1810 4993 1903 5066 μὲν

249 5073 536 5139 Ἰουδαίοις
608 5075 677 5133 τὰ
745 5084 849 5148 τῆς
902 5076 1289 5154 αἰχμαλωσίας
1341 5078 1570 5135 ἐπίπονα
1601 5124 1618 5151 ,
1675 5086 1790 5144 τοῖς
1850 5078 1908 5137 δὲ

247 5163 564 5221 πιστεύσασι
615 5162 717 5235 τήν
763 5172 866 5237 τῆς
915 5166 1110 5242 ἀρετῆς
1160 5167 1345 5238 στενήν
1396 5168 1487 5223 καὶ
1531 5166 1905 5245 τεθλιμμένην

249 5252 401 5311 ὁδόν.

323 5369 354 5397 ‹‹
382 5342 668 5425 Ἐπότισας
724 5346 875 5419 ἡμᾶς
932 5344 1077 5401 οἶνον
1136 5346 1492 5418 κατανύξεως.
1542 5367 1571 5402 ι
1624 5380 1694 5390 --
1750 5349 1909 5414 Οἶνος

244 5426 585 5505 κατανύξεως
643 5434 697 5489 αἱ
756 5432 970 5509 θλίψεις
1024 5435 1081 5490 αἱ
1139 5433 1396 5514 φέρουσαι
1447 5439 1556 5491 τῶν
1612 5458 1909 5514 προεπται-

244 5522 467 5597 σμένων
528 5521 835 5597 μετάμελον
869 5570 884 5597 ,
942 5523 1034 5579 καὶ
1105 5524 1170 5579 τὸ
1243 5522 1595 5602 εὖαγγελικὸν
1654 5530 1910 5605 κήρυγμα

246 5612 536 5691 εὐφραῖνον
567 5614 711 5687 ὁμοῦ
737 5612 828 5668 καὶ
856 5614 994 5689 πρὸς
1026 5614 1310 5687 μετάνοιαν
1343 5615 1496 5689 ἄγον.

323 5700 359 5754 «ε
386 5698 633 5765 Ἐδωκας
658 5700 779 5765 τοῖς
827 5696 1192 5781 φοϐουμένοις
1240 5723 1299 5757 σε
1329 5701 1629 5777 σημείωσιν
1668 5710 1768 5761 τοῦ
1810 5728 1909 5786 φυ-

246 5792 366 5875 γεῖν
393 5790 499 5848 ἀπὸ
539 5788 839 5869 προσώπου
883 5790 1065 5864 τόξου.
1102 5815 1131 5843 ››
1164 5825 1233 5836 -
1281 5791 1459 5848 Οἱονεὶ
1513 5792 1913 5874 ἐνσεσημασμέ-

542 5920 809 5986 Ριτιιοι.
858 5921 971 5985 Gn.
1020 5920 1250 5987 CXLII.

2015 4812 2251 4886 Ὁμοίως
2308 4811 2399 4867 καὶ
2450 4812 2551 4881 τήν
2610 4811 2834 4867 ἄπιστον
2912 4810 3174 4868 Ἰουδαίαν
3247 4807 3671 4867 καταδουλώσα-

2016 4902 2136 4956 σθαι
2192 4901 2285 4973 μὲν
2343 4899 2572 4978 ἐφίενται
2632 4902 2683 4956 οἱ
2730 4900 3085 4977 αἰχμάλωτοι
3122 4921 3135 4935 ο
3179 4902 3208 4956 6
3258 4898 3316 4956 δὲ
3366 4902 3672 4978 Προφήτης

2014 4989 2373 5046 πιστεύσασαν
2405 4989 2494 5045 καὶ
2524 4988 2724 5061 ταύτην
2760 4987 2891 5046 ἰδεῖν
2924 4990 3158 5061 ἐκζητεῖ.

2092 5104 2121 5133 ‹‹
2146 5079 2286 5157 Οὐχὶ
2312 5079 2398 5145 σὺ,
2430 5080 2458 5134 6
2486 5081 2636 5147 Θεὸς,
2668 5081 2695 5134 6
2726 5078 3084 5153 ἀπωσάμενος
3128 5082 3275 5154 ἡμᾶς
3308 5098 3323 5149 ;
3358 5100 3388 5131 ››
3414 5110 3483 5120 -
3511 5078 3670 5133 ’Πτοι

2014 5170 2106 5225 τὸν
2139 5165 2433 5225 Ἰουδαϊκὸν
2468 5167 2599 5225 λαὸν
2628 5170 3028 5245 ἁμαρτήσαντα.

2092 5257 2251 5313 «Καὶ
2311 5256 2410 5313 οὑκ
2466 5255 2734 5332 ἐξελεύσῃ,
2795 5258 2823 5312 6
2875 5258 3042 5330 Θεὸς,
3099 5256 3152 5313 ἐν
3204 5261 3324 5320 ταῖς
3382 5253 3671 5329 δυνάμεσιν

2018 5350 2179 5421 ἡμῶν
2211 5366 2224 5417 ;
2260 5373 2287 5399 ››
2323 5380 2390 5391 —
2422 5345 2681 5423 Ἀρμόζει
2729 5351 2897 5402 ταῦτα
2946 5348 3036 5402 καὶ
3079 5345 3149 5421 τῇ
3178 5350 3286 5402 τῶν
3317 5350 3524 5400 πιστῶν
3558 5345 3679 5400 Ἐκ-

2016 5435 2238 5508 κλησίᾳ.

2093 5550 2121 5578 ‹‹
2154 5526 2255 5588 Δὸς
2286 5527 2421 5599 ἡμῖν
2484 5526 2738 5601 βοήθειαν
2792 5525 2843 5581 ἐν
2895 5524 3134 5601 θλίψεσι,
3177 5525 3267 5582 καὶ
3321 5523 3521 5598 ματαία
3569 5543 3679 5578 σω-

2017 5612 2183 5687 τηρία
2239 5613 2549 5691 ἀνθρώπου.
2585 5638 2710 5666 ››-
2767 5618 2828 5670 Ἣ
2885 5616 3030 5692 παρὰ
3086 5616 3377 5692 ἀνθρώπου
3436 5611 3681 5687 σωτηρία

2020 5700 2244 5781 ψευδής.

2097 5821 2125 5849 ‹‹
2157 5797 2245 5854 Ἐν
2292 5790 2371 5869 τῷ
2424 5796 2539 5869 Θεῷ
2587 5795 2893 5871 ποιήσομεν
2951 5792 3191 5869 δύναμιν.
3228 5818 3257 5845 ››
3305 5823 3376 5834 --
3433 5789 3532 5846 Διά
3582 5786 3685 5850 τοῖ

3321 5920 3398 5991 47
