4072 6434
382 392 411 448 1
422 388 542 449 483

1631 391 2053 456 NICEPHORI
2099 393 2542 457 BLEMMIDE

3629 402 3838 464 .1434

377 523 512 575 Θεοῦ
564 516 760 575 δυνατὰ
810 515 956 596 ἔργα,
1014 517 1285 575 τουτέστιν
1349 518 1558 596 μεγάλα
1606 523 2024 598 κατορθώματα,
2054 526 2111 594 Α
2143 525 2310 598 ζωὴν,
2343 522 2615 600 διαμενεῖν
2666 524 2824 583 αὐτὸν
2881 524 3053 604 λέγων
3103 524 3368 599 διηνεκῶς
3417 528 3661 586 ἐνώπιον
3719 534 3836 587 τοῦ

377 607 736 685 ἐργασόμεθα.

992 774 1286 826 ΨΑΛΜΟΣ
1325 771 1410 826 Ξ’.

449 938 478 966 ‹‹
510 912 604 976 Εἰς
632 913 693 968 τὸ
740 911 922 985 τέλος,
969 911 1022 968 ἐν
1072 912 1265 986 ὕμνοις
1312 914 1392 986 τῷ
1441 910 1625 970 Δαυῒδ.
1674 913 2029 984 Εἰσάκουσον,

376 1002 405 1055 ὁ
436 1002 586 1073 Θεὸς,
641 1002 740 1070 τῆς
803 999 1040 1070 δεήσεώς
1101 1020 1226 1074 μου,
1286 999 1560 1076 πρόσσχες
1615 1005 1686 1075 τῇ
1745 1005 2028 1078 προσευχῇ

380 1111 507 1164 μου.
541 1113 571 1142 ››
601 1122 672 1132 -
698 1090 797 1144 Τὸν
830 1088 1031 1143 σκοπὸν
1059 1090 1088 1143 6
1137 1090 1322 1166 παρὼν
1369 1087 1590 1163 ψαλμὸς
1641 1089 1757 1166 ἔχει
1793 1095 1892 1145 τοῦ
1921 1091 2029 1167 πρὸ

374 1178 563 1237 αὑτοῦ.
594 1185 679 1234 Ἐν
729 1177 922 1253 ὕμνοις
971 1175 1049 1248 δὲ,
1101 1177 1184 1232 ὅτι
1237 1179 1395 1252 ὑμνεῖ
1439 1179 1532 1234 τὸν
1577 1178 1883 1256 εὐεργέτην,
1931 1181 2028 1244 τὰς

376 1268 675 1347 εὐεργεσίας
708 1267 872 1323 αὐτοῦ
903 1264 1291 1342 διηγούμενος.

450 1401 478 1430 ‹‹
509 1377 644 1434 Ἀπὸ
673 1379 781 1430 τῶν
829 1375 1078 1450 περάτων
1129 1381 1230 1444 τῆς
1281 1377 1386 1450 γῆς
1416 1376 1552 1452 πρὸς
1600 1376 1659 1430 σὲ
1689 1374 1961 1453 ἐκέκραξα.
1995 1400 2025 1430 ››

373 1500 444 1511 -—
473 1465 622 1522 Ἀντῖ
677 1469 796 1537 τοῦ,
847 1463 908 1518 ἐκ
952 1471 1055 1534 τῆς
1102 1460 1467 1527 Βαϐυλῶνος·
1523 1462 1729 1542 πέρατα
1772 1467 1878 1542 γὰρ
1924 1472 2028 1536 τῆς

373 1563 480 1632 γῆς
534 1555 625 1611 καὶ
680 1557 715 1618 ἡ
775 1548 1041 1611 Βαϐυλὼν
1101 1551 1307 1629 λέγοιτ’
1363 1552 1460 1624 ἂν,
1519 1554 1594 1617 ὡς
1653 1553 1878 1631 ἐσχατιὰ
1924 1561 2028 1625 τῆς

371 1644 642 1720 ἡμετέρας
698 1641 1044 1714 οἰκουμένης·
1106 1641 1142 1710 ἢ
1204 1641 1322 1696 ἀντὶ
1377 1646 1475 1696 τοῦ
1536 1643 1801 1719 μακρόθεν
1846 1687 1857 1699 .
1916 1649 2029 1699 Μα-

371 1735 502 1808 κρᾶν
560 1731 616 1788 δέ
669 1731 778 1787 ἐστι
833 1735 930 1786 τοῦ
987 1735 1121 1786 Θεοῦ
1170 1731 1199 1784 6
1251 1731 1326 1804 μή
1377 1727 1804 1806 πολιτευόμενος
1852 1734 2028 1806 ὀρθῶς

371 1823 460 1878 καὶ
493 1819 785 1900 θεοφιλῶς.

447 1954 474 1981 ‹‹
504 1931 590 1988 Ἐν
650 1927 730 2001 τῷ
783 1925 1071 1999 ἀκηδιάσαι
1119 1928 1218 1996 τὴν
1277 1925 1502 2003 καρδίαν
1553 1949 1695 2000 μου,
1755 1929 1807 1983 ἐν
1857 1929 2027 2005 πέτρᾳ

370 2018 590 2094 ὕψωσάς
648 2039 734 2091 με.
763 2042 792 2070 ››
823 2049 892 2059 -
945 2020 1069 2072 Ὅτε
1125 2015 1402 2090 ἀπέκαμον
1460 2023 1581 2080 ταῖς
1629 2016 1897 2092 θλίψεσιν,
1935 2016 2025 2074 ἐπὶ

365 2109 430 2163 τὸ
487 2107 622 2180 ὕψος
699 2107 789 2161 καὶ
861 2107 961 2176 τήν
1037 2103 1305 2180 ἀσφάλεια
1377 2113 1476 2176 τῆς
1533 2105 1608 2169 εἷς
1685 2108 1743 2162 σὲ
1800 2103 2023 2170 ἐλπίδος

367 2197 633 2273 ἀνήγαγές
695 2217 781 2270 με,
837 2198 911 2269 μὴ
971 2194 1128 2258 ἐάσας
1196 2201 1584 2272 συγχωσθῆναι
1641 2200 2026 2274 ταῖςοσυμφο-

403 2292 488 2350 άῖς
497 2329 508 2340 .

369 2308 809 2452 ρΩιίῗίΩδήγησάς
865 2395 976 2448 με,
1027 2373 1110 2429 ὅτι
1164 2373 1424 2449 ἐγενήθης
1473 2372 1628 2430 ἐλπίς
1687 2395 1812 2448 μου.
1872 2395 1900 2426 ι
1953 2407 2024 2417 —

367 2462 675 2542 Ὠδήγησάς
730 2485 797 2538 με
827 2463 913 2518 ἐπὶ
949 2463 1020 2518 τὰ
1047 2461 1190 2518 καλὰ
1217 2461 1308 2517 καὶ
1339 2465 1604 2539 σωτήρια,
1639 2460 1827 2532 ἐπειδὴ
1860 2460 2022 2539 ἔσχον

368 2569 566 2628 ἐλπίδα
591 2570 886 2649 σωτηρίας.
1878 2557 1881 2564 ”

443 2702 472 2730 ‹‹
498 2677 712 2756 Πύργος
754 2676 948 2754 ἰσχύος
993 2676 1099 2732 ἀπὸ
1150 2677 1448 2754 προσώπου
1479 2676 1698 2754 ἐχθροῦ.
1727 2702 1756 2730 ››
1787 2712 1855 2720 -
1887 2680 2022 2736 Ἀπὸ

367 2773 554 2825 κοινοῦ
583 2769 666 2842 τὸ,
700 2769 1030 2844 Ἐγεννήθης
1058 2765 1268 2842 πύργος
1299 2765 1526 2842 ἰσχυρὸς
1555 2767 1786 2822 ἐνώπιον
1817 2766 2021 2845 ἐχθροῦ

365 2857 504 2915 ὥστε
531 2856 765 2914 κωλύειν
779 2863 782 2866 ’
798 2855 976 2911 αὐτόν.

433 2990 462 3018 ‹‹
495 2965 825 3042 Παροικήσω
871 2962 924 3018 ἐν
971 2966 1052 3035 τῷ
1097 2962 1421 3037 σκηνώματι
1471 2985 1568 3019 σου
1629 2963 1705 3027 εἰς
1757 2965 1848 3020 τὸν
1881 2965 2013 3020 αἰῶ-

359 3075 444 3113 να.
498 3078 529 3106 ››
567 3087 639 3098 -
687 3054 969 3127 Σκήνωμα
1013 3056 1144 3107 Θεοῦ
1196 3053 1224 3107 6
1274 3054 1419 3116 θεῖος
1469 3054 1596 3117 ναὸς
1645 3053 1736 3108 καὶ
1785 3055 1814 3109 6
1863 3054 2019 3130 οὐρά-

358 3165 476 3208 νιος
530 3148 739 3220 χῶρος,
792 3142 863 3197 Τὸ
921 3139 979 3196 δὲ
1037 3141 1114 3204 εἰς
1169 3141 1298 3204 τοὺς
1358 3142 1559 3206 αἰῶνας
1627 3143 1691 3197 τὸ
1751 3139 2016 3214 διηνεκῶς

360 3231 549 3305 δηλοῖ.

433 3347 463 3377 ‹‹
493 3319 740 3384 Ἕδωκας
785 3319 1161 3397 κληρονομίαν
1210 3325 1327 3384 τοῖς
1379 3316 1734 3394 «οϐουμένοις
1782 3322 1847 3377 τὸ
1895 3317 2017 3378 ὕνο-

367 3413 443 3486 μά
467 3433 584 3470 σου,
620 3434 648 3463 ››
680 3442 750 3453 -
807 3414 966 3465 Δεῦτε
1019 3410 1143 3484 γὰρ,
1203 3409 1358 3488 φησὶ,
1412 3408 1872 3487 κληρονομήσατε
1913 3413 2013 3482 τὴν

362 3499 775 3574 ἡτοιμασμένην
824 3499 950 3573 ὑμῖν
999 3497 1298 3574 βασιλείαν.
1349 3499 1659 3572 Ἱστορικῶς
1699 3497 1757 3555 δὲ
1783 3501 1882 3569 τὴν
1911 3503 2013 3576 γῆν

360 3591 460 3658 τῆς
493 3587 812 3666 ἐπαγγελίας
845 3584 988 3641 εἷ’ποι
1015 3607 1101 3649 τις
1123 3588 1204 3643 ἄν.

436 3721 466 3750 (ι
493 3695 729 3772 Ἡμέρας
757 3694 839 3773 ἐφ’
887 3693 1095 3770 ἡμέρας
1141 3697 1240 3749 τοῦ
1292 3692 1560 3770 βασιλέως
1596 3698 1946 3772 προσθήσεις.
1986 3722 2008 3749 ι

361 3819 432 3830 —-
464 3783 685 3848 Πολλὰς
733 3784 947 3860 ἡμέρας
994 3785 1320 3859 προσθήσεις
1378 3782 1466 3838 ἐπὶ
1500 3783 1875 3859 τᾶςςὴμέρας,
1909 3807 2013 3864 φη-

361 3876 436 3947 σὶ,
487 3879 585 3930 τοῦ
620 3873 886 3951 βασιλέως
946 3869 1036 3928 διὰ
1087 3873 1186 3941 τήν
1239 3871 1544 3951 θεοφίλειαν
1603 3873 1788 3928 αὐτοῦ.
1851 3874 2011 3951 Λέγει

361 3962 420 4020 δὲ
461 3966 553 4020 τὸν
599 3958 910 4040 Ζοροϐάϐελ
961 3963 988 4017 ὁ
1036 3959 1322 4024 Ἰουδαῖος.
1359 3960 1534 4018 Ἀλλά
1584 3961 1646 4017 τὸ
1678 3961 1800 4034 ἑξῆς
1833 3961 2011 4020 οὐδενί

271 4065 274 4070 ’
358 4051 517 4128 ἄλλῳ
547 4053 775 4131 ἁρμόζει
803 4051 951 4122 πλὴν
976 4055 1075 4106 τοῦ
1130 4049 1372 4126 μεγάλου
1425 4049 1698 4114 Βασιλέως
1752 4058 2007 4129 Χριστοῦ.

358 4143 432 4198 Οὗ
480 4142 569 4199 ἐπὶ
613 4143 709 4204 τὰς
757 4139 1065 4218 ἀριθμητάς
1112 4140 1324 4216 ἡμέρας
1366 4147 1468 4211 τῆς
1513 4139 1566 4195 ἐν
1616 4141 1808 4215 κόσμῳ
1863 4147 2010 4212 ζωῆς

356 4233 542 4289 αὐτοῦ·
589 4232 800 4308 ἡμέρας
847 4230 1250 4308 ἀναριθμήτους
1295 4229 1386 4284 οὗν
1435 4228 1609 4284 αὐτῶν
1663 4229 1827 4286 οἰκῶν
1877 4231 2008 4294 Θεὸς

355 4323 537 4398 Λόγος
607 4320 902 4399 προσέθετο
976 4320 1113 4374 κατὰ
1191 4318 1290 4388 τήν
1363 4318 1727 4395 ὑπερκόσμιον
1811 4320 2008 4375 τούτου

357 4415 526 4484 ζωήν·
586 4408 672 4466 διὸ
726 4410 816 4466 καὶ
872 4410 965 4472 τὰς
1011 4406 1393 4486 προστεθείσας
1443 4409 1656 4484 ἡμέρας
1699 4408 2008 4488 σαφηνίζων

353 4503 384 4556 6
442 4502 764 4579 Προφήτης,
823 4498 1064 4574 ἐπήγαγε
1107 4497 1176 4552 τὰ
1232 4495 1376 4567 ἑξῆς,
1426 4497 1516 4551 καὶ
1569 4499 1734 4570 μήτις
1782 4502 1863 4570 τῷ
1903 4505 2004 4569 τῆς

350 4592 674 4668 προσθήκης
747 4588 1155 4664 ταραταττέσθω
1239 4585 1466 4658 ὀνόματι
1523 4604 1536 4617 ·
1612 4583 1829 4642 δύναται
1901 4589 2003 4665 γὰρ

2141 617 2274 670 Θεοῦ
2303 615 2395 669 καὶ
2425 615 2662 692 Πατρός.

2213 729 2242 757 ‹‹
2272 703 2464 769 Ἔλεος
2508 707 2601 761 καὶ
2647 703 2909 778 ἀλήθειαν
2955 706 3121 763 αὐτοῦ
3165 706 3247 771 τίς
3299 706 3635 781 ἐκζητήσει;
3683 732 3713 764 ι
3753 743 3835 756 -ο

2140 790 2336 857 Πύδεὶς
2369 794 2657 868 ἐκζητήσει
2688 793 2827 852 ὥστε
2859 801 3066 870 μαθεῖν·
3100 796 3443 869 ἀκατανόητα
3473 800 3604 875 γάρ.

2219 904 2242 933 ε
2274 882 2458 947 Οὕτως
2481 882 2644 960 ψαλῶ
2690 889 2770 957 τῷ
2815 881 3048 960 ὀνόματί
3097 907 3194 942 σου
3225 887 3301 950 εἰς
3345 887 3476 951 τοὺς
3506 887 3754 952 αἰῶνας.
3799 914 3821 941 ι

2139 1005 2209 1014 —
2263 975 2465 1049 ’Ὠσπερ
2521 979 2636 1048 νῦν,
2697 974 2862 1046 οὕτω,
2923 975 3116 1053 φησὶν,
3179 977 3407 1051 ὑμνήσω
3466 998 3525 1033 σε
3585 976 3831 1035 διαπαν-

2136 1083 2250 1125 τος.

2217 1157 2376 1208 ιΤοῦ
2433 1150 2730 1208 ἀποδοῦναί
2781 1174 2848 1226 με
2921 1153 3019 1217 τὰς
3079 1153 3246 1232 εὐχάς
3316 1177 3422 1230 μου
3479 1156 3707 1234 ἡμέραν
3769 1157 3825 1230 ἐξ

2137 1241 2371 1319 ἡμέρας.
2406 1266 2436 1294 ››
2466 1276 2535 1286 —
2565 1244 2724 1298 Ὠστε
2770 1241 3068 1298 ἀποδοῦναί
3121 1242 3190 1317 μέ
3221 1265 3306 1300 σοι
3348 1246 3445 1308 τὰς
3481 1253 3590 1316 τῆς
3623 1247 3825 1320 ὑμνη-

2136 1351 2272 1393 σεως
2353 1330 2673 1408 ὑποσχέσεις
2755 1354 2861 1406 μου
2917 1333 3036 1388 καθ’
3117 1332 3330 1408 ἡμέραν
3404 1334 3456 1407 ἐξ
3529 1336 3764 1412 ἡμερας
3799 1381 3816 1408 ,

2135 1418 2303 1497 ἤγουν
2352 1420 2404 1475 ἐν
2456 1419 2692 1498 διαδοχῇ
2745 1423 2991 1498 ἡμερῶν·
3053 1421 3359 1500 ὑπέσχηται
3418 1423 3523 1499 γὰρ
3581 1423 3818 1480 πολλά-

2135 1531 2221 1573 κις
2289 1509 2342 1564 ἐν
2389 1515 2508 1573 τοῖς
2569 1506 2913 1588 προλαϐοῦσι
2977 1509 3226 1585 ψαλμοῖς
3287 1512 3372 1568 ἀεὶ
3441 1513 3630 1588 ὑμνεῖν
3711 1516 3818 1570 τὸν

2135 1598 2287 1656 Θεόν.

2724 1713 3020 1764 ΨΑΛΜΟΣ
3058 1708 3192 1765 ΞΝ.

2210 1838 2238 1867 ‹‹
2267 1814 2361 1876 Εἰς
2389 1815 2453 1869 τὸ
2481 1811 2663 1880 τέλος,
2717 1814 2850 1890 ὑπὲρ
2882 1811 3124 1888 Ἰδιθοὺμ
3160 1813 3382 1889 ψαλμὸς
3431 1819 3512 1888 τῷ
3542 1813 3742 1874 Δαυΐδ.
3781 1843 3812 1869 ιι

2059 1907 2104 1973 Β
2137 1936 2202 1946 -
2255 1902 2622 1978 Προαγορεύει
2682 1903 2710 1956 6
2785 1901 3007 1978 ψαλμὸς
3076 1903 3176 1973 τὴν
3251 1909 3359 1959 τῶν
3428 1901 3812 1962 Μακκαϐαίων

2137 1992 2269 2069 ὑπὲρ
2326 1986 2596 2054 εὐσεϐείας
2656 1989 2938 2047 ἔνστασιν·
3001 1992 3448 2070 προτρεπόμενος
3506 1994 3599 2049 καὶ
3662 1996 3808 2069 ἡμῖν

2136 2081 2421 2155 ὑπομονὴν
2448 2080 2536 2135 καὶ
2567 2077 2766 2136 ἐλπίδα
2805 2082 2905 2150 τήν
2954 2081 3032 2144 εἰς
3081 2080 3229 2139 Θεόν.
3261 2082 3524 2160 Ἀρμόζει
3573 2081 3637 2139 δὲ
3667 2091 3805 2140 πᾶσι

2131 2175 2248 2232 τοῖς
2279 2170 2411 2243 ὑπὲρ
2444 2165 2716 2232 εὐσεϐείας
2748 2170 3198 2245 ἀγωνισαμένοις.

2205 2282 2235 2311 ‹‹
2277 2256 2418 2335 Οὐχί
2466 2263 2546 2331 τῷ
2583 2263 2699 2331 Θεῷ
2747 2259 3144 2334 ὑποταγήσεται
3191 2261 3226 2330 ἡ
3274 2263 3429 2338 ψυχή
3483 2283 3592 2335 μου
3625 2282 3642 2334 ;
3675 2265 3810 2340 παρ’

2131 2347 2296 2403 αὐτοῦ
2326 2349 2430 2425 γὰρ
2478 2349 2542 2403 τὸ
2580 2348 2851 2425 σωτήριόν
2907 2370 3032 2422 μου.
3064 2371 3092 2405 ι
3127 2383 3197 2392 -
3226 2348 3300 2404 Οὐ
3343 2356 3460 2414 τοῖς
3492 2352 3669 2415 θείοις
3703 2354 3806 2426 ἐμ-

2137 2441 2281 2511 μενῶ
2311 2434 2666 2512 διατάγμασιν
2678 2482 2691 2495 .

2208 2550 2230 2578 α
2267 2525 2650 2602 ’Δντιλήπτωρ
2693 2546 2820 2600 μου,
2872 2525 2934 2582 οὐ
2991 2527 3067 2600 μὴ
3098 2525 3345 2584 σαλευθῶ
3389 2526 3479 2584 ἐπὶ
3511 2528 3737 2588 πλεῖον.
3777 2556 3808 2583 ››

2131 2647 2200 2658 --
2232 2613 2409 2670 Σάλον
2439 2616 2538 2685 τήν
2571 2613 2777 2671 δειλίαν
2809 2614 2990 2672 καλεῖ.

2204 2707 2410 2768 «Ἕως
2455 2703 2589 2760 πότε
2653 2703 2954 2769 ἐπιτίθεσθε
2999 2703 3083 2760 ἐπ’
3141 2704 3426 2782 ἄνθρωπον
3478 2726 3493 2778 ;
3543 2708 3803 2787 φονεύετε

2128 2793 2324 2857 πάντες
2354 2795 2560 2868 ἡμεῖς,
2597 2818 2626 2846 ››
2657 2826 2725 2836 -
2769 2787 3189 2871 Ὑπερϐατικῶς,
3241 2799 3389 2858 Ἕως
3439 2795 3578 2852 πότε
3623 2797 3800 2872 ἐπεμ-

2129 2877 2340 2938 ϐαίνετε
2394 2881 2587 2946 πάντες
2666 2884 2834 2956 ἡμεῖς
2907 2881 2991 2938 ἐπ’
3050 2881 3334 2960 ἄνθρωπον
3407 2885 3655 2960 ἀσθενῆ,
3717 2888 3798 2950 ὡς

2131 2967 2443 3050 ὑπερϐαίνει
2496 2993 2578 3035 τις
2629 2971 2806 3047 τοίχῳ
2863 2970 3172 3046 κεκλιμένῳ
3243 2973 3322 3036 εἰς
3379 2979 3628 3047 πτῶσιν,
3689 2977 3784 3030 καὶ

2128 3065 2367 3141 φραγμῷ
2437 3060 2859 3137 ἐκτετιναγμένῳ
2934 3061 3020 3116 ἶνα
3091 3060 3280 3117 τέλεον
3335 3067 3766 3138 καταστραφῶσιν

2126 3150 2281 3224 αὐτά,
2311 3147 2419 3213 ἕως
2446 3149 2579 3206 πότε
2600 3149 2850 3229 φονεύετε
2881 3169 2895 3219 ;

2197 3265 2227 3293 ‹‹
2260 3239 2416 3310 Πλὴν
2445 3240 2546 3310 τὴν
2575 3241 2745 3314 τιμήν
2795 3261 2902 3314 μου
2945 3234 3339 3296 ἐϐουλεύσαντο
3375 3240 3710 3300 ἀπώσασθαι.
3753 3265 3778 3294 ι

2125 3362 2196 3373 ---
2252 3323 2678 3384 Ἐϐουλεύσαντο
2734 3329 2787 3383 οἱ
2843 3327 3032 3404 ἐχθροὶ
3109 3330 3426 3384 ἀπώσασθαι
3500 3330 3595 3384 ἀπ’
3653 3330 3796 3404 ἐμοῦ

2124 3421 2223 3488 τὴν
2257 3413 2548 3474 εὐσέϐειαν·
2583 3417 2754 3481 ὐντως
2786 3417 2891 3495 γὰρ
2921 3419 3058 3493 τιμή
3089 3419 3153 3474 τὸ
3184 3415 3462 3475 δουλεύειν
3504 3424 3644 3492 Θεῷ.

2202 3533 2223 3560 α
2259 3505 2532 3582 Ἔδραμον
2584 3505 2637 3563 ἐν
2688 3505 2852 3581 δίψει.
2887 3532 2916 3560 »
2957 3540 3026 3551 —
3074 3508 3373 3564 Ἐσπευσαν
3425 3507 3478 3562 ἐν
3525 3507 3805 3584 ἐπιθυμίᾳ

2123 3596 2313 3671 πολλῇ
2343 3597 2480 3672 πρὸς
2510 3601 2692 3654 τοῦτο.

2195 3713 2224 3740 ‹‹
2256 3684 2344 3759 Τῷ
2401 3685 2629 3760 στόματι
2687 3684 2861 3741 αὐτῶν
2920 3685 3199 3763 ηὐλόγουν
3243 3735 3260 3762 ,
3319 3686 3409 3742 καὶ
3465 3691 3534 3762 τῇ
3589 3685 3810 3765 καρδίᾳ

2123 3775 2297 3831 αὐτῶν
2328 3780 2667 3852 κατηρῶντο.
2701 3799 2731 3829 ››
2759 3808 2828 3817 -
2855 3774 3070 3830 Χείλεσι
3106 3776 3203 3849 μὲν
3235 3774 3590 3834 ἐκολάκευον.
3629 3778 3804 3855 ψυχῇ

2122 3862 2181 3920 δὲ
2211 3860 2454 3942 ὕϐριζον.

2194 3979 2223 4008 ‹‹
2255 3957 2375 4009 *Ὀτι
2403 3955 2531 4030 παρ’
2570 3952 2734 4008 αὐτοῦ
2777 3954 2813 4024 ἡ
2860 3953 3114 4027 ὑπομονή
3164 3976 3289 4028 μου.
3327 3980 3349 4010 ι
3391 3988 3458 3998 -
3503 3955 3658 4011 Αὐτά
3693 3979 3802 4030 μοι

2121 4041 2312 4099 δίδωσι
2339 4045 2441 4112 τὴν
2471 4043 2522 4098 ἐν
2554 4041 2772 4118 θλίψεσι
2799 4042 3101 4120 καρτερίαν.

2191 4157 2220 4187 ‹‹
2253 4136 2371 4188 Ὅτι
2402 4133 2561 4196 αὐτὸς
2593 4132 2724 4196 Θεός
2760 4153 2887 4207 μου,
2916 4133 3006 4188 καὶ
3037 4135 3223 4209 σωτήρ
3258 4152 3384 4207 μου·
3417 4131 3795 4213 ἀντιλήπτωρ

2121 4245 2248 4297 μου,
2280 4223 2342 4279 οὐ
2391 4224 2467 4297 μὴ
2521 4222 2914 4296 μεταναστεύω.
2949 4245 2978 4275 ››
3011 4256 3079 4266 -
3109 4223 3184 4278 Οὐ
3239 4217 3624 4298 μεταϐήσομαι
3676 4226 3794 4282 ἀπὸ

2115 4320 2215 4384 τῆς
2245 4313 2319 4376 εἰς
2348 4313 2476 4368 Θεὸν
2511 4310 2753 4375 δουλίας.

2189 4427 2219 4455 ‹‹
2249 4402 2373 4459 Ἐπὶ
2401 4406 2481 4474 τῷ
2509 4406 2624 4475 Θεῷ
2650 4403 2714 4457 τὸ
2760 4401 3030 4479 σωτήριόν
3086 4423 3190 4476 μου
3219 4401 3310 4458 καὶ
3337 4403 3372 4473 ἡ
3424 4399 3552 4474 δόξα
3585 4424 3724 4476 μου.
3762 4430 3795 4458 ››

2114 4527 2184 4537 -
2223 4492 2344 4548 Ἐπὶ
2373 4496 2453 4564 τῷ
2481 4496 2616 4564 Θεῷ,
2651 4491 2749 4547 οὐκ
2778 4491 2861 4547 ἐπ’
2883 4492 3173 4569 ἀνθρώπῳ,
3203 4491 3294 4547 καὶ
3323 4491 3388 4548 τὸ
3415 4493 3684 4562 σώζεσθαί
3720 4515 3796 4568 με

2113 4582 2204 4638 καὶ
2234 4582 2295 4637 τὸ
2327 4579 2659 4652 δοξάζεσθαι.

345 4646 428 4753 τῷ
473 4646 868 4756 πεπερασμὲνίρ
913 4677 1275 4751 προστεθῆναι
1322 4646 1496 4747 ποσῷ·
1544 4673 1608 4730 τὸ
1663 4677 1800 4732 κατὰ
1843 4646 2003 4740 τέᾷοξ
2033 4646 2081 4712 D
2191 4694 2220 4724 ‹‹
2250 4677 2304 4726 '0
2335 4646 2594 4739 686617.:
2649 4668 2904 4744 βοηθείας
2957 4691 3084 4744 μου,
3128 4670 3219 4725 καὶ
3250 4670 3286 4740 ἠ
3337 4668 3496 4732 ἐλπίς
3549 4691 3661 4745 μου
3692 4669 3796 4728 ὲπί

349 4766 592 4846 ἄπειρον,
651 4765 824 4823 εἰίτουν
884 4767 946 4821 τὸ
998 4763 1355 4835 ἀτελεύτητον
1391 4782 1403 4794 ·
1467 4763 1529 4818 οὐ
1593 4765 1700 4838 μὴν
1755 4766 1819 4821 τὸ
1874 4765 2000 4822 ἀνά-

346 4857 458 4914 παλ
469 4881 513 4914 ιν
525 4903 538 4916 .

419 4973 448 5001 ‹‹
480 4949 555 5002 Τὰ
585 4942 678 5018 ἔτη
732 4945 897 5001 αὐτοῦ
944 4942 1050 5007 ἕως
1099 4942 1371 5020 ἡμετέρας
1415 4943 1682 5019 γενέἆς.·››
1716 4976 1786 4985 -
1830 4948 1999 5001 Τοῦτο

346 5037 724 5116 σαφηνιστικὸν
777 5043 880 5106 τῆς
939 5035 1298 5110 προσθήκης·
1353 5033 1421 5087 τά
1477 5031 1568 5103 ἔτη
1654 5031 1817 5088 αὐτοῦ
1873 5036 1996 5111 γὰρ,

345 5128 527 5206 φησὶν,
561 5125 668 5190 ἕως
711 5132 813 5196 τῆς
858 5122 1172 5186 τελευταίας
1216 5123 1427 5198 ἡμέρας
1473 5126 1580 5176 τῶν
1623 5118 1719 5177 δύο
1772 5127 1990 5198 γενεῶν,

342 5221 438 5270 τοῦ
465 5237 525 5272 τε
552 5215 790 5272 παλαιοῦ
819 5213 910 5269 καὶ
938 5217 1036 5268 τοῦ
1084 5213 1201 5268 νέου
1249 5210 1405 5282 λαοῦ,
1452 5211 1724 5266 τουτέστιν
1763 5209 1868 5274 ἕως
1897 5215 1996 5282 τῆς

342 5303 645 5366 συντελείας
680 5324 692 5336 ·
750 5308 848 5359 τοῦ
921 5302 1024 5377 γὰρ
1073 5304 1139 5370 ἦν
1192 5301 1255 5355 τὸ
1312 5298 1567 5373 δεόμενον
1629 5301 1944 5364 πιστώσεως
1981 5321 1994 5336 ’

346 5395 479 5466 μετά
507 5393 608 5468 γὰρ
635 5394 734 5462 τὴν
785 5391 1089 5447 συντέλειαν
1143 5387 1310 5458 δῆλον
1367 5389 1559 5442 ἅπασιν
1610 5386 1640 5442 ὕ
1675 5409 1727 5442 τι
1778 5391 1992 5461 ζήσεται

341 5479 650 5542 διαπαντός·
701 5480 801 5535 οὐκ
855 5479 930 5535 ἔτι
982 5481 1085 5554 γὰρ
1135 5476 1368 5554 κυριεύει
1424 5478 1452 5530 ὁ
1511 5477 1732 5540 θάνατος
1791 5477 1840 5533 ἐν
1900 5477 1992 5533 οὐ·

343 5567 425 5623 δεν
436 5569 464 5625 ί.

416 5682 443 5708 ‹‹
492 5656 728 5733 Διάγένει
779 5657 852 5719 εἰς
897 5656 1166 5711 τὸυαίῶνα
1213 5654 1444 5711 ἐνώπιον
1486 5658 1586 5709 τοῦ
1630 5658 1786 5711 Θεοῦ.
1847 5679 1877 5707 ››
1925 5688 1995 5698 --

342 5753 656 5831 Σαιρτοτατα
709 5745 835 5822 χίαν
887 5748 916 5801 ὁ
964 5743 1127 5803 Δαυϊδ
1167 5745 1268 5817 τήν
1317 5748 1418 5801 τοῦ
1465 5743 1695 5821 χριστοῦ
1754 5741 1990 5800 διδάσκει

2107 4765 2188 4834 τῷ
2216 4765 2355 4834 Θεῷ.
2392 4784 2421 4813 ››
2453 4793 2524 4802 -
2552 4761 2610 4814 Ὀ
2639 4759 2770 4821 Θεὸς
2802 4759 2830 4813 6
2861 4759 3074 4829 Βοηθός
3112 4780 3240 4833 μου.

2182 4876 2210 4904 ‹‹
2243 4850 2536 4906 Ἐλπίσατε
2581 4848 2663 4904 ἐπ’
2701 4848 2884 4921 αὐτὸν,
2933 4855 3078 4904 πᾶσα
3122 4850 3409 4925 συναγωγὴ
3461 4847 3637 4920 λαῶν,
3687 4849 3786 4906 ἐκ·

2108 4939 2272 5016 χέατε
2303 4938 2529 4994 ἐνώπιον
2577 4937 2742 4992 αὐτοῦ
2790 4940 2888 5000 τὰς
2935 4935 3163 5014 καρδίας
3213 4938 3387 5012 ὑμῶν·
3441 4937 3526 4994 ὅτι
3575 4939 3605 4993 6
3647 4941 3786 5002 Θεὸς

2111 5030 2314 5106 βοηθὸς
2372 5029 2534 5102 ἡμῶν
2610 5027 2684 5090 εἰς
2761 5029 2854 5082 τὸν
2936 5027 3125 5085 αἰῶνα.
3188 5051 3219 5080 ››
3282 5061 3344 5071 -
3410 5030 3784 5085 Ἐκκενώσατε

2109 5119 2336 5174 ἐνώπιον
2396 5117 2561 5173 αὐτοῦ
2618 5116 2820 5180 πάντας
2876 5116 3004 5178 τοὺς
3052 5115 3353 5193 λογισμοὺς
3405 5117 3582 5191 ὑμῶν·
3616 5117 3778 5195 ἀφιε-

2107 5209 2316 5285 ρώσατε
2368 5207 2596 5270 τούτους
2654 5206 2800 5278 αὐτῷ
2853 5205 2944 5261 καὶ
3001 5203 3278 5282 διχόνοιαν
3341 5207 3417 5280 μὴ
3479 5203 3641 5282 ἔχετε
3695 5205 3779 5269 εἷς

2105 5297 2284 5354 αὐτόν.

2177 5412 2207 5441 ‹‹
2238 5385 2394 5456 Πλὴν
2454 5386 2672 5460 μάταιοι
2723 5383 2832 5439 υἱοὶ
2884 5388 2992 5438 τῶν
3021 5384 3345 5460 ἀνθρώπων,
3396 5407 3428 5436 ››
3457 5416 3528 5427 -
3557 5385 3774 5447 Ὄντως

2102 5474 2323 5546 ἀνόητοί
2355 5474 2488 5529 εἰσιν
2519 5475 2572 5528 οἱ
2619 5479 2733 5535 τοῖς
2782 5471 3143 5548 ἀνθρωπίνοις
3191 5473 3628 5550 προστετηκότες
3680 5474 3774 5530 καὶ

2106 5567 2182 5640 μὴ
2213 5565 2289 5627 εἷς
2323 5564 2451 5619 Θεὸν
2483 5563 2564 5618 ἀεὶ
2601 5561 2917 5639 βλέποντες.

2174 5679 2204 5707 ‹‹
2235 5650 2468 5715 Ψευδεῖς
2509 5653 2619 5706 υἱοὶ
2650 5656 2758 5706 τῶν
2808 5652 3108 5728 ἀνθρώπων
3161 5650 3212 5708 ἐν
3266 5657 3446 5729 ζυγοῖς
3493 5656 3595 5708 τοῦ
3649 5650 3772 5709 ἀδι-

2107 5747 2289 5817 κῆσαι.
2347 5767 2374 5796 ››
2404 5776 2472 5784 -
2518 5743 2620 5805 Τὰς
2670 5741 2874 5820 κρίσεις
2919 5738 3078 5796 καλεῖ
3123 5741 3213 5797 καί
3263 5763 3418 5825 φησι·
3452 5766 3483 5795 ‹‹
3529 5739 3773 5808 Ψευδεῖς
