4066 6470
405 436 559 498 i487

1641 427 2067 496 NICEPHORI
2112 428 2553 530 mmmam

2251 519 2272 526 ..
2309 515 2346 547 ι,
2430 527 2438 540 ,ι
3663 515 3740 538 ’λ’
3778 515 3788 518 ‘
3815 517 3828 543 ε

474 592 503 620 ‹‹
537 568 633 622 Σοὶ
665 567 854 645 πρέπει
889 565 1080 642 ὕμνος,
1113 568 1142 622 6
1173 566 1325 639 Θεὸς,
1357 565 1409 622 ἐν
1447 567 1611 622 Σιών·
1643 565 1734 621 καὶ
1783 561 1870 618 σοὶ
1918 559 2055 616 ἀπο·
2083 561 2139 629 Α
2166 570 2267 640 γῆς
2343 562 2410 617 τὰ
2487 558 2624 637 βάθη
2721 563 2828 614 τῶν
2912 554 3178 634 καρδιῶν*
3251 558 3569 633 γεννήματα
3649 553 3717 613 δὲ
3757 515 3866 614 ιἀἱ

403 653 688 728 δοθήσεται
743 657 882 734 εὐχή
943 655 996 711 ἐν
1055 654 1441 734 Ἰερουσαλήμ.
1477 680 1508 708 ››
1537 689 1604 697 -
1635 679 1663 707 ‹‹
1723 653 2051 709 Εἰσάκουσον

402 753 718 822 προσευχῆς
752 769 878 820 μου.
909 747 1046 823 πρὸς
1093 747 1152 800 σὲ
1188 751 1333 800 πᾶσα
1384 744 1510 821 σάρξ
1540 741 1678 814 ἥξει.
1730 765 1760 795 ››
1790 773 1860 783 —-
1885 743 2054 795 Τοῦτο

402 835 709 912 προφητεία
737 836 860 912 περὶ
891 839 989 906 τῆς
1021 835 1342 910 θεογνωσίας
1378 833 1469 890 καὶ
1521 831 1732 908 μᾶλλον
1781 837 1882 901 τῆς
1929 827 2053 903 περὶ

401 925 500 993 τήν
533 924 840 981 συντέλειαν
868 926 1269 1000 γενησομένης.

478 1047 506 1073 ‹‹
538 1022 706 1098 Λόγοι
753 1022 971 1096 ἀνόμων
1025 1021 1510 1099 ὑπερεδυνάμωσαν
1559 1022 1728 1093 ἡμᾶς.
1763 1042 1792 1070 ››
1823 1051 1889 1092 ἡ·
1928 1021 2055 1079 Τοῖς

406 1109 596 1185 λόγοις
622 1115 729 1166 τῶν
763 1111 976 1184 ἀνόμων
1010 1111 1112 1167 οὐκ
1140 1111 1513 1183 ἠσθενήσαμεν
1545 1109 1643 1177 τὴν
1665 1108 1741 1171 εἰς
1770 1107 1829 1163 σὲ
1856 1107 2054 1179 πίστιν,

407 1198 554 1254 ἀλλά
599 1199 688 1255 καὶ
738 1201 860 1256 λίαν
909 1197 1408 1278 ἐνεδυναμώθημεν·
1458 1195 1542 1253 διὸ
1590 1203 1710 1260 ταῖς
1765 1197 2055 1273 προτέραις

407 1283 676 1351 ἀσεϐείαις
704 1291 864 1362 ἡμῶν
898 1287 1191 1365 σύγγνωθι.

481 1401 511 1429 ‹‹
543 1378 964 1448 Κατασκηνώσει
1016 1377 1067 1433 ἐν
1124 1382 1243 1438 ταῖς
1301 1376 1493 1439 αὐλαῖς
1551 1389 1670 1432 σου.
1703 1398 1734 1429 »
1762 1407 1832 1417 -—
1879 1371 2056 1429 Αὐλαὶ

403 1470 536 1520 Θεοῦ
600 1466 870 1537 αἰσθητῶς
920 1466 1015 1539 μὲν
1061 1466 1111 1519 οἱ
1160 1466 1296 1520 θεῖοι
1325 1466 1486 1537 ναοὶ,
1530 1468 1743 1535 νοητῶς
1777 1461 1835 1519 δὲ
1861 1463 1918 1518 αἱ
1945 1463 2056 1518 ἄνω

414 1569 595 1627 μοναι.

479 1669 508 1697 ‹‹
544 1643 979 1719 Πλησθησόμεθα
1027 1643 1079 1700 ἐν
1129 1649 1246 1706 τοῖς
1292 1643 1512 1720 ἀγαθοῖς
1559 1647 1658 1698 τοῦ
1687 1640 1846 1698 οἷ’κου
1875 1663 1992 1698 σου.
2027 1666 2057 1694 ››

504 1733 571 1787 Ογ
645 1753 667 1770 Α
814 1739 840 1748 ~
1015 1732 1029 1753 ’
1093 1735 1102 1752 Ι
1329 1737 1356 1747 ⁸⁸
1606 1733 1622 1753 κ
1688 1731 1702 1752 9
1830 1732 1843 1750 \
1937 1731 1950 1752 ,
2025 1735 2054 1746 ~

406 1765 474 1776 —
556 1755 665 1796 ,ιιοι⁵
713 1747 845 1792 Θεου
897 1735 924 1789 6
975 1754 1221 1810 ουρανιος
1280 1745 1490 1810 χωρος,
1533 1753 1623 1788 και
1677 1743 1853 1808 αγαθα
1893 1752 2058 1787 αυτου

407 1824 463 1877 αἱ
512 1822 639 1884 τοὺς
702 1820 946 1885 δικαίους
1014 1822 1264 1896 μένουσαι
1331 1819 1679 1884 ἀπολαύσεις·
1729 1822 1820 1876 καὶ
1861 1823 1898 1891 ἡ
1943 1822 2060 1876 Ἐκ-

401 1910 604 1983 κλησία
651 1910 708 1968 δὲ
753 1917 860 1968 τῶν
909 1916 1113 1967 πιστῶν
1163 1913 1310 1974 οἶκος
1360 1915 1514 1984 Θεοῦ,
1562 1912 1652 1966 καὶ
1711 1912 1885 1986 ἀγαθά
1927 1911 2058 1967 ταύ·
2088 1934 2137 2001 Β

403 2001 599 2071 τηςτᾶ
627 2002 744 2056 θεῖα
773 1998 1038 2078 δόγματα.

480 2093 727 2166 ι”Λγιος
778 2091 807 2144 6
855 2089 982 2152 ναός
1032 2110 1148 2162 σου,
1200 2088 1507 2164 θαυμαστὸς
1557 2088 1610 2144 ἐν
1657 2087 1983 2165 δικαιοσύνῃ.
2023 2114 2053 2143 ››

403 2212 470 2221 -
504 2180 803 2254 ’Δγιασμοῦ
861 2177 1085 2254 πλήρης
1114 2180 1143 2233 6
1174 2178 1264 2240 σὸς
1318 2177 1467 2240 ναός.
1501 2179 1557 2230 Ὀ
1613 2179 1762 2233 κάτω
1809 2179 1898 2233 καὶ
1945 2180 2057 2234 ἅνω

401 2266 492 2322 καὶ
542 2265 593 2321 ἐν
641 2270 711 2340 τῇ
761 2270 828 2341 σῇ
897 2265 1205 2342 δικαιοσύνῃ
1269 2267 1615 2340 θαυμάζεται·
1671 2269 1699 2323 6
1746 2268 1893 2322 κάτω
1963 2269 2058 2342 μὲν

405 2353 494 2410 διὰ
560 2360 667 2411 τῶν
746 2357 851 2410 σῶν
926 2354 1127 2432 λογίων
1181 2353 1447 2411 διδάσκων
1501 2355 1678 2411 αὐτόν·
1738 2357 1766 2411 ὁ
1825 2355 1936 2412 ἅνω
1999 2354 2056 2412 δὲ

401 2449 712 2522 πρακτικῶς
769 2444 934 2514 αὐτὴν
996 2442 1359 2520 διηγούμενος
1419 2443 1508 2500 διὰ
1563 2452 1662 2515 τῆς
1733 2447 1849 2501 κατ’
1907 2445 2056 2516 ἀξίαν

405 2534 610 2608 ἐκάστῳ
642 2532 910 2608 διανομῆς
939 2539 1044 2589 τῶν
1077 2533 1188 2589 ἐκεῖ
1218 2534 1585 2590 ἀναπαύσεων.

479 2657 502 2684 ι
536 2631 864 2688 Ἐπάκουσον
897 2634 1078 2706 ἡμῶν,
1102 2633 1131 2687 6
1163 2633 1359 2707 Σωτὴρ
1409 2634 1596 2706 ἡμῶν,
1627 2634 1662 2702 ἡ
1705 2631 1863 2695 ἐλπὶς
1921 2635 2054 2688 πάν-

401 2741 510 2776 των
567 2725 675 2777 τῶν
723 2721 968 2796 περάτων
1015 2728 1116 2791 τῆς
1167 2727 1274 2797 γῆς
1317 2720 1539 2776 καὶτῶν
1572 2721 1623 2776 ἐν
1657 2720 1898 2797 θαλάσσῃ
1947 2743 2050 2796 μα-

402 2809 556 2886 κράν.
591 2834 620 2862 ››
652 2843 722 2852 -
749 2811 819 2865 Τὸ
853 2809 1060 2885 μακρὰν
1087 2809 1150 2864 τὸ
1179 2809 1370 2887 πόῤῥω
1425 2816 1525 2881 τῆς
1578 2810 1808 2885 ἠπείρου
1861 2809 2051 2883 δηλοῖ,

403 2896 492 2953 διὰ
523 2897 582 2954 δὲ
611 2906 713 2970 τῆς
742 2897 1020 2970 θαλάσσης
1047 2899 1144 2962 τὰς
1175 2900 1376 2970 νήσους
1409 2897 1502 2970 ἐσή
1516 2920 1698 2972 μανεν.

473 3021 500 3048 ‹‹
535 2997 869 3070 Ἐτοιμάζων
919 2991 1022 3073 ὅρη
1071 2996 1123 3051 ἐν
1169 2999 1239 3070 τῇ
1272 2995 1427 3072 ἰσχύϊ
1455 2995 1640 3054 αὐτοῦ.
1675 3021 1704 3050 ››
1741 3030 1806 3040 -
1864 2998 2048 3070 Συνεξ-

399 3085 648 3141 ακούεται
680 3085 744 3141 τὸ
771 3083 902 3141 ἔστι·
934 3085 997 3140 τὸ
1029 3085 1329 3160 ἐτοιμάζων
1363 3081 1422 3141 δέ
1466 3087 1530 3141 τὸ
1575 3084 1811 3164 ἐδράζων
1862 3085 2048 3158 δηλοῖ.

476 3199 496 3226 α
532 3173 972 3253 Περιεζωσμένος
1041 3173 1095 3230 ἐν
1163 3172 1462 3247 δυναστείᾳ.
1523 3199 1552 3228 ››
1610 3208 1680 3219 -
1730 3182 2051 3254 Περικεκυκ-

397 3263 648 3339 λωμένος
674 3267 743 3338 τῇ
777 3263 982 3340 ἀπείρῳ
1013 3261 1256 3337 δυνάμει.

471 3378 499 3406 ‹‹
531 3355 977 3430 Ταραχθήσονται
1044 3354 1111 3407 τὰ
1171 3351 1323 3425 ἔθνη,
1371 3353 1462 3408 καὶ
1519 3349 1923 3432 φοϐηθήσονται
1996 3358 2049 3410 οἱ

398 3447 775 3505 κατοικοῦντες
827 3444 894 3497 τά
947 3441 1150 3517 πέρατα
1200 3442 1307 3498 ἀπὸ
1380 3447 1486 3497 τῶν
1545 3443 1789 3518 σημείων
1841 3465 1957 3501 σου.
2018 3469 2048 3498 ιι

399 3565 469 3574 -
499 3530 597 3586 Διᾶ
622 3533 685 3585 τὸ
716 3529 879 3600 ἄηθες
909 3531 998 3586 καὶ
1025 3532 1168 3601 ξένον
1198 3535 1296 3587 τοῦ
1349 3531 1700 3608 εὐαγγεκικοῦ
1751 3532 2048 3609 κηρύγμα-

397 3640 511 3682 τος.
1991 3635 1994 3640 ’

471 3735 499 3762 ‹‹
533 3707 781 3781 Ἐξόδους
857 3708 1068 3787 πρωΐας
1142 3709 1231 3764 καὶ
1317 3709 1541 3784 ἐσπέρας
1596 3710 1835 3787 τέρψεις.
1895 3736 1924 3766 ››
1977 3745 2048 3755 ——-

398 3798 496 3853 Καὶ
553 3801 650 3862 τὰς
707 3797 921 3873 ἐξόδους
977 3806 1077 3870 τῆς
1149 3796 1363 3875 πρωίας
1437 3797 1612 3876 ἤγουν
1695 3799 1813 3856 ὅθεν
1901 3801 2041 3879 ἐξέρ.

395 3908 550 3964 χεται
608 3888 698 3943 καὶ
757 3889 984 3965 ἄρχεται
1039 3890 1074 3959 ἡ
1133 3886 1340 3960 πρωία,
1379 3889 1468 3943 καί
1525 3889 1619 3951 τὰς
1671 3887 1886 3963 ἐξόδους
1942 3897 2044 3961 τῆς

393 3977 638 4055 ἐσπέρας,
697 3975 869 4054 ⁴ἤγουν
926 3977 1016 4033 καὶ
1071 3979 1194 4047 τήν·
1234 3975 1500 4048 ἀνατολὴν
1563 3977 1653 4033 καὶ
1710 3980 1810 4049 τὴν
1869 3977 2046 4064 δύσιν,

390 4064 516 4138 ἤτοι
564 4073 752 4123 πᾶσαν.
792 4068 891 4137 τήν
953 4066 1299 4140 οἰκουμένην,
1332 4066 1610 4146 εὐφρανεῖς
1668 4064 1757 4124 διὰ
1786 4071 1911 4139 τῆς
1945 4078 2043 4141 an";

391 4157 867 4233 ἐνανθρωπήσεως.

467 4271 496 4301 ι(
527 4247 840 4320 Ἐπεσκέψω
890 4247 990 4315 τήν
1044 4252 1148 4321 γῆν
1203 4245 1293 4300 καὶ
1351 4244 1614 4318 ἐμέθυσας
1673 4246 1858 4318 αὐτήν.
1897 4271 1926 4300 ››
1973 4280 2042 4293 -

387 4335 701 4410 Ἐπεσκέψω
755 4333 882 4397 τοὺς
933 4333 1023 4390 ἐπὶ
1051 4340 1158 4410 γῆς
1215 4337 1284 4409 τῇ
1345 4337 1412 4409 σῇ
1460 4335 1746 4412 παρουσίᾳ,
1794 4337 1884 4391 καὶ
1933 4337 2041 4393 ἐνέ-

388 4423 607 4497 πλησας
637 4422 832 4487 αὐτοὺς
860 4431 961 4494 τῆς
994 4422 1325 4502 εὐφροσύνης
1361 4420 1712 4488 διδασκαλίας
1743 4446 1860 4482 σου.

462 4545 492 4574 ‹‹
520 4519 861 4593 Ἐπλήθυνας
915 4525 1014 4576 τοῦ
1073 4519 1380 4590 πλουτῆσαι
1437 4519 1624 4592 αὐτήν.
1659 4545 1684 4574 ν
1718 4554 1789 4564 —-
1829 4520 2039 4594 Ἐπλή-

387 4613 542 4674 θυνας
593 4611 694 4681 τήν
754 4607 1109 4687 εὐαγγελικὴν
1165 4607 1398 4686 ἀρδείαν,
1437 4607 1531 4665 ’ίνα
1585 4611 1682 4681 τήν
1737 4610 2033 4687 εἰρημένην

384 4708 489 4776 γῆν
521 4698 820 4772 πλουτίσης
846 4704 966 4762 ταῖς
997 4699 1237 4776 ἀρεταῖς.

462 4814 484 4841 σι
525 4795 580 4844 '0
627 4789 873 4862 ποταμὸς
919 4792 1017 4843 τοῦ
1065 4792 1196 4843 Θεοῦ
1245 4785 1543 4862 ἐπληρώθη
1603 4784 1835 4845 ὑδάτων.
1888 4812 1916 4842 ››
1969 4823 2038 4833 -

386 4879 639 4952 Ποταμὸς
687 4882 784 4932 τοῦ
843 4881 976 4934 Θεοῦ
1034 4877 1062 4930 6
1111 4875 1308 4953 Κύριος
1366 4875 1602 4945 Ἰησοῦς·
1664 4873 1832 4932 ὕδατα
1884 4875 2040 4933 δὲτὰ

384 4967 580 5023 τούτου
626 4964 953 5042 διδάγματα.
1002 4965 1167 5027 Οὗτος
1229 4963 1458 5040 ὀχετοὺς
1511 4963 1639 5027 τοὺς
1707 4965 2040 5029 ἀποστέλους

387 5055 680 5134 ἀπέρῥευσε
765 5056 853 5112 καὶ
936 5061 1106 5110 πᾶσαν
1206 5055 1305 5123 τὴν
1408 5053 1734 5127 οἰκουμένην
1836 5058 2038 5133 κατήρ.

391 5144 569 5200 δευσεν
580 5189 592 5202 .

462 5260 491 5287 ‹‹
521 5234 848 5308 Ἠτοίμασας
922 5235 1021 5302 τήν
1096 5233 1303 5310 τροφὴν
1363 5230 1556 5286 αὐτῶν·
1617 5231 1700 5288 ὅτι
1769 5232 1942 5297 οὕτως
1999 5237 2036 5306 ἡ

389 5322 672 5396 ἐτοιμασία
719 5345 837 5383 σου.
885 5347 914 5376 ››
968 5354 1035 5365 -
1077 5320 1407 5394 Ἠτοίμασας
1453 5321 1551 5389 τήν
1624 5320 1852 5398 λογικὴν
1911 5343 2037 5400 τρο-

386 5413 491 5485 φὴν
540 5417 646 5466 τῶν
699 5412 884 5468 ἐθνῶν·
941 5412 1024 5467 ὅτι
1068 5411 1242 5472 οὕτως
1294 5408 1578 5482 ἐτοιμασία
1629 5413 1729 5480 τῆς
1772 5409 2039 5481 ἀληθινῆς

381 5507 614 5577 τροφῆς,
662 5501 751 5555 καὶ
827 5501 928 5556 οὐκ
1001 5497 1209 5560 ἄλλως·
1266 5498 1572 5565 τουτέστιν,
1629 5495 1819 5575 ἄριστα
1866 5521 2038 5577 παρε-

383 5587 641 5651 σκεύασας
674 5587 1000 5665 διδαχθῆναι
1027 5590 1096 5645 τὰ
1125 5587 1248 5657 ἔθνη
1280 5589 1378 5656 τήν
1422 5581 1723 5644 εὐσέϐειαν.

457 5702 484 5728 ‹‹
519 5677 660 5740 Τοὺς
744 5676 986 5741 αὔλακας
1054 5677 1220 5747 αὐτῆς
1291 5677 1538 5749 μέθυσον,
1618 5673 1894 5748 πλήθυνον
1969 5676 2038 5734 τὰ

383 5767 692 5849 γεννήματα
748 5767 937 5841 αὐτῆς.
1006 5793 1034 5821 ››
1096 5800 1164 5809 -
1242 5761 1486 5830 Αὕλακες
1562 5772 1665 5838 τῆς
1743 5767 2039 5847 εἰρημένης

2163 651 2372 709 ἀρεταί.

2203 669 2372 729 ρεται.
2590 669 2592 674 ’
2753 680 2761 688 ·
2935 669 2937 672 ‘
3427 669 3430 672 ‘

2237 767 2266 793 ‹‹
2300 741 2386 796 Ἐν
2438 745 2558 802 ταῖς
2632 736 2880 814 σταγόσιν
2964 736 3132 806 αὐτῆς
3211 734 3644 814 εὐφρανθήσεται
3712 736 3860 792 ἀνα-

2162 829 2452 886 τέλλουσα.
2507 853 2536 881 ››
2584 860 2654 870 -
2713 824 2981 903 Σταγόνες
3033 825 3087 880 αἱ
3144 824 3250 880 ἀπὸ
3312 829 3430 880 τῶν
3478 822 3856 896 διδασκάλων

2164 921 2454 990 στάζουσαι
2499 915 2730 992 ψεκάδες
2775 922 2877 986 τῆς
2928 912 3180 990 διδαχῆς,
3217 913 3304 992 ὑφ’
3339 913 3412 968 ὧν
3469 912 3858 986 πιανθήσεται

2163 1008 2443 1066 θάλλουσά
2485 1029 2547 1063 τε
2588 1006 2678 1062 καὶ
2731 1003 2982 1078 αὔξουσα.
3011 1005 3084 1060 T6
3127 1001 3186 1060 δὲ
3232 1003 3400 1076 αὐτῆς
3448 1003 3524 1060 τὸ
3560 1001 3632 1059 δι’
3667 1003 3854 1074 αὐτὴν

2166 1097 2296 1153 εἶναι
2325 1098 2420 1159 τὰς
2450 1095 2717 1172 σταγόνας
2747 1091 2936 1164 δηλοῖ.
3441 1093 3448 1098 ’
3534 1097 3541 1104 ’
3765 1097 3770 1104 ’

2169 1199 2176 1205 ·
2240 1210 2264 1240 ι
2300 1183 2634 1262 Εὐλογήσεις
2723 1183 2817 1239 τὸν
2887 1183 3145 1261 στέφανον
3216 1186 3314 1238 τοῦ
3399 1182 3662 1238 ἐνιαυτοῦ
3743 1190 3852 1254 τῆς

2165 1273 2545 1353 χρηστότητός
2613 1293 2729 1331 σου.
2784 1296 2813 1324 ››
2861 1303 2931 1315 —-
2977 1272 3164 1348 Ἀγιον
3229 1269 3627 1342 ποιήσειιὲκαὶ
3684 1269 3855 1327 ἐπαι-

2164 1365 2424 1438 νούμενον
2481 1363 2573 1418 τὸν
2624 1359 2828 1418 κύκλον
2875 1365 2986 1416 τοῦ
3021 1359 3265 1416 ἐνιαυτοῦ
3307 1366 3408 1430 τῆς
3473 1366 3597 1430 σῆς’
3630 1361 3855 1437 ἄγαθό-

2163 1475 2352 1526 τητος.
2405 1453 2682 1515 Ἐνιαυτὸς
2741 1447 2799 1506 δὲ
2841 1452 2941 1520 τῆς
3003 1454 3103 1504 τοῦ
3151 1448 3356 1526 Κυρίου
3403 1449 3773 1524 ἀγαθότητος
3829 1450 3862 1504 6

2165 1544 2265 1614 τῆς
2296 1539 2590 1615 ἐπιδημίας
2619 1539 2822 1596 τούτου
2849 1538 3061 1613 καιρός.
3697 1537 3706 1542 ’

2242 1657 2271 1686 ιι
2303 1631 2402 1686 Καὶ
2442 1631 2511 1686 τὰ
2551 1627 2713 1685 πεδία
2759 1649 2856 1683 σου
2898 1626 3307 1699 πλησθήσονται
3365 1626 3664 1698 πιότητος.
3709 1653 3743 1681 ››
3774 1661 3854 1675 .-

2168 1722 2266 1778 Διδι
2320 1726 2426 1776 τῶν
2475 1716 2676 1776 πεδίων
2724 1717 2814 1773 καὶ
2859 1721 2967 1772 τῶν
3021 1717 3231 1794 βουνῶν
3276 1716 3368 1772 καὶ
3411 1721 3519 1771 τῶν
3547 1715 3854 1774 κοιλάδων

2169 1810 2408 1890 ἐκφαίνει
2437 1810 2512 1872 ὡς
2545 1810 2684 1871 ἅπας
2707 1807 2876 1870 τόπος
2907 1803 3222 1878 ὑποδέξεται
3249 1805 3380 1869 τοὺς
3409 1805 3672 1869 πιστούς.
3725 1804 3742 1834 τ

2231 1924 2274 1956 «ι
2303 1899 2696 1970 Πιανθήσονται
2724 1897 2794 1952 τά
2821 1896 2996 1973 ὡραῖα
3010 1899 3120 1950 ’τοῦ
3141 1894 3235 1970 ἐρή
3248 1893 3480 1968 μου·καὶ
3501 1895 3849 1972 ἀγαλλίασιν

2167 1991 2219 2046 0':
2273 1988 2459 2065 βουνοὶ
2507 1987 2918 2064 περιζώσονται.
2953 2008 2984 2037 »
3013 2017 3082 2027 —
3124 1986 3314 2062 Ὧραῖα
3358 1989 3460 2054 τῆς
3491 1983 3854 2060 ἐρήμουτά

2162 2078 2365 2150 ταύτης
2397 2074 2678 2148 ἐπιτήδεια
2709 2076 2848 2152 μέρη
2879 2079 3001 2138 ταῖς
3029 2073 3199 2151 ὥραις
3227 2078 3326 2130 τοῦ
3357 2073 3638 2146 ἐνιαυτοῦ,
3660 2072 3842 2152 ἤγουν

2163 2169 2231 2224 τὰ
2256 2167 2598 2246 καρποφόρα.
2633 2165 2732 2221 Διὰ
2775 2163 2981 2220 τούτων
3035 2162 3095 2219 δὲ
3138 2161 3268 2227 τοὺς
3320 2163 3374 2218 ἐν
3424 2162 3622 2227 αὐτοῖς
3654 2184 3848 2220 κατοι-

2163 2263 2391 2320 κοῦντας
2423 2253 2754 2328 δεδήλωκεν.

2235 2372 2264 2400 ‹‹
2294 2342 2638 2402 Ἐνεδύσαντο
2687 2344 2740 2398 οἳ
2788 2341 2934 2418 κριοὶ
2978 2345 3088 2397 τῶν
3127 2335 3444 2417 προϐάτων.
3481 2365 3513 2393 ››
3544 2372 3623 2388 -—-
3678 2344 3841 2419 Κριοέ

2161 2440 2269 2492 τῶν
2329 2430 2619 2512 προϐάτων
2676 2433 2728 2490 αἱ
2784 2437 2889 2488 τῶν
2950 2436 3158 2486 πιστῶν
3217 2430 3504 2508 ἡγεμόνες,
3537 2429 3833 2506 ἐνδεδυμέ-

2160 2548 2246 2582 νοι
2275 2527 2375 2594 τὴν
2401 2523 2562 2601 χάριν
2592 2527 2691 2578 τοῦ
2721 2518 3068 2596 Πνεύματος.

2233 2640 2262 2668 ‹‹
2296 2613 2395 2670 Καὶ
2454 2615 2511 2668 αἱ
2566 2609 2823 2673 κοιλάδες
2889 2631 2987 2666 σου
3044 2607 3390 2681 πληθυνοῦσι
3449 2614 3632 2668 σῖτον.
3687 2634 3718 2663 ›ι
3781 2643 3851 2655 -

2162 2703 2323 2760 Σῖτόν
2353 2723 2488 2782 φησι
2517 2706 2623 2756 τῶν
2653 2704 2878 2777 καρπῶν
2907 2703 3017 2754 τῶν
3050 2698 3279 2775 ἀρετῶν.

2232 2817 2260 2847 (ι
2292 2791 2648 2869 Κεκράξονται
2694 2790 2785 2846 καὶ
2841 2789 2945 2866 γάρ
2997 2789 3330 2862 ὑμνήσουσι.
3379 2807 3408 2840 ι
3464 2820 3538 2831 --
3585 2790 3840 2858 Βοήσου-

2157 2904 2240 2938 σιν
2304 2879 2640 2958 εὐχαρίστως
2717 2878 2855 2954 πρὸς
2930 2876 3126 2952 Κύριον
3199 2875 3292 2932 καὶ
3361 2877 3455 2931 τὸν
3531 2875 3822 2952 εὐεργέτην

2159 2973 2481 3047 ὑμνήσουσι·
2515 2967 2765 3044 περιττὸς
2801 2965 2858 3052 δὲ
2881 2967 2945 3024 τὸ
2972 2965 3094 3043 γάρ.

2745 3093 3047 3150 ΨΑΛΜΟΣ
3085 3093 3218 3149 ΞΕ’.

2229 3209 2259 3238 ‹‹
2291 3183 2385 3249 Εἰς
2439 3184 2503 3240 τὸ
2559 3179 2741 3252 τέλος,
2971 3179 3197 3255 ψαλμοῦ
3256 3179 3605 3241 ἀναστάσεως.
3654 3201 3684 3229 η
3729 3209 3804 3221 -

2076 3307 2122 3372 C
2159 3275 2230 3331 T6
2299 3274 2636 3336 ἀναστάσεως
2719 3271 2833 3326 ἀντὶ
2905 3274 3006 3326 τοῦ
3076 3268 3201 3346 περὶ
3257 3271 3378 3338 ’τῆς
3459 3267 3812 3330 ἀναστάσεως·

2159 3365 2172 3372 -
2379 3367 2405 3372 _
2549 3361 2562 3372 .
2691 3368 2717 3372 μ
2799 3361 2839 3372 ..
2884 3354 2913 3372 ο
2953 3358 3022 3372 κ..
3216 3362 3243 3372 -
3383 3357 3397 3372 .
3531 3357 3553 3372 ς
3716 3358 3764 3372 _.

2158 3365 2448 3442 ἱστορικῶς
2509 3361 2603 3438 μὲν
2651 3368 2754 3430 τῆς
2799 3354 3131 3421 Βαϐυλῶνος
3176 3362 3286 3413 τῶν
3345 3357 3832 3434 αἰχμαλωτισθέν-

2154 3473 2284 3509 των·
2337 3453 2688 3529 ἀναγωγικῶς
2745 3447 2804 3504 δὲ
2851 3455 2952 3519 τῆς
2996 3445 3049 3518 ἐξ
3097 3446 3366 3522 ἁμαρτίας
3410 3448 3518 3501 τῶν
3568 3445 3832 3523 ἐπιστρε-

2157 3543 2387 3622 φόντων·
2418 3537 2751 3618 προφητεύει
2780 3537 2882 3615 γὰρ
2914 3537 2944 3591 6
2974 3534 3196 3611 ψαλμὸς
3232 3535 3360 3611 περὶ
3417 3537 3518 3606 τῆς
3568 3535 3832 3599 ’πίστεως

2153 3636 2262 3686 τῶν
2303 3631 2492 3702 ἐθνῶν,
2551 3627 2633 3684 ἔτι
2684 3648 2744 3682 τε
2799 3625 2930 3702 περὶ
2981 3629 3092 3679 τῶν
3143 3629 3244 3680 τοῦ
3298 3629 3534 3700 Χριστοῦ
3609 3625 3838 3701 μαρτύ-

2192 3743 2287 3778 ων.

2157 3741 2626 3877 ρωεἴ.’λΔλαλάζατε
2669 3805 2750 3880 τῷ
2779 3809 2916 3878 Θεῷ,
2947 3809 3093 3858 πᾶσα
3124 3805 3160 3873 ἡ
3193 3807 3289 3879 γῇ.
3323 3801 3549 3858 Ψάλατε
3609 3800 3687 3872 δὴ
3749 3809 3835 3879 τῷ

2157 3893 2387 3972 ὀνόματι
2443 3895 2628 3952 αὐτοῦ.
2666 3919 2796 3947 »~--
2843 3889 3187 3965 Δότε“δόξαν
3242 3895 3313 3970 τῇ
3370 3891 3571 3948 αἰνέσει
3624 3892 3812 3950 αὐτοῦ

2151 3987 2444 4058 τουτέστιν,
2478 3983 2707 4055 ἐνδόξως
2734 3981 2973 4038 αἰνέσατε
3001 3981 3182 4040 αὐτόν.

2232 4098 2254 4128 ι
2285 4083 2370 4132 Ἐν
2427 4079 2507 4148 τῷ
2559 4072 2762 4144 πλήθει
2815 4079 2917 4142 τῆς
2998 4068 3280 4145 δυνάμεώς
3349 4090 3446 4124 σου
3523 4069 3838 4146 ψεύσονταί

2153 4187 2238 4222 σοι
2289 4167 2344 4220 οἱ
2390 4163 2581 4242 ἐχθροί
2627 4174 2740 4218 σου.
2774 4185 2804 4216 ››
2837 4191 2909 4204 -—
2939 4161 3001 4242 Οἱ
3036 4166 3150 4231 τῆς
3189 4156 3458 4231 ’ἀληθείας
3489 4156 3694 4237 ἐχθροὶ
3728 4164 3828 4232 τήν

2152 4255 2228 4318 εἰς
2281 4255 2340 4310 σε
2395 4254 2578 4309 πίστιν
2633 4248 2846 4326 ψευδῶς
2895 4250 3352 4328 ὑποκριθήσονται
3399 4245 3490 4302 διὰ
3514 4249 3614 4303 τὸν
3645 4246 3829 4328 φόϐον

2148 4351 2251 4414 τῆς
2281 4339 2506 4413 πολλῆς
2549 4338 2830 4414 δυνάμεώς
2879 4347 2994 4412 σου,
3013 4344 3139 4409 ’τῆς
3177 4337 3233 4392 ἐν
3274 4341 3344 4412 τῇ
3409 4335 3668 4412 βασιλείᾳ
3716 4342 3836 4396 τῶν

2151 4428 2405 4489 εὐσεϐῶν.
2659 4442 2662 4448 ’
2769 4441 2772 4444 ’
3282 4431 3286 4436 ’
3425 4418 3431 4424 ’
3811 4429 3826 4457 ³

2220 4546 2250 4574 ‹‹
2283 4524 2442 4576 Δεῦτε
2490 4517 2581 4574 καὶ
2638 4515 2784 4574 ἴδετε
2834 4517 2904 4573 τά
2951 4514 3084 4593 ἔργα
3140 4519 3239 4571 τοῦ
3285 4519 3441 4589 Θεοῦ,
3473 4515 3549 4579 ὡς
3581 4512 3834 4594 φοϐερὸς

2149 4610 2203 4665 ἐν
2241 4607 2468 4686 βουλαῖς
2501 4607 2633 4683 ὑπὲρ
2662 4607 2792 4669 τοὺς
2824 4604 2977 4669 υἱοὺς
3001 4609 3109 4660 τῶν
3160 4604 3479 4681 ἀνθρώπων.
3513 4628 3544 4656 ››
3681 4607 3834 4664 Af”

3819 3941 3835 3968 9

2068 4673 2114 4739 D
2148 4673 2381 4778 φοέερὸς
2411 4697 2501 4753 καὶ
2533 4673 2700 4773 μέγας
2729 4693 2872 4751 ἐστὶν
2904 4694 2957 4750 ἐν
3003 4673 3387 4769 μεθόδοις’“καὶ
3437 4692 3827 4772 οἰκονομίαις,

2149 4788 2275 4843 ὅταν
2301 4787 2434 4860 θέλῃ
2465 4790 2636 4840 σῶσαι
2664 4785 2756 4840 τὸν
2791 4784 2924 4841 λαὸν
2954 4783 3141 4840 αὐτοῦ.

2279 4878 2292 4899 ν
2613 4878 2642 4888 Α·
2869 4873 2883 4894 Ι
3211 4870 3258 4894 ’λ’
3514 4873 3528 4891 ‘
3776 4875 3792 4896 Ι

2221 4900 2249 4930 ‹‹
2297 4882 2365 4931 Εν
2423 4895 2656 4948 ποταμῳ
2707 4871 3072 4929 διελευσονται
3129 4893 3278 4929 ποοι.
3307 4895 3336 4925 ››
3367 4877 3538 4927 -Το
3594 4870 3828 4929 διελευ-

2146 4985 2327 5020 σονται
2379 4963 2496 5020 ἀντὶ
2533 4966 2632 5018 τοῦ
2677 4958 2975 5033 διήλθοσαν
3027 4962 3080 5016 οἱ
3123 4961 3378 5037 πρόγονοι
3429 4963 3620 5034 ἡμῶν.
3671 4963 3825 5020 Ποδῖ

2147 5052 2206 5110 δὲ
2264 5052 2381 5109 ἀντὶ
2435 5057 2534 5109 τοῦ
2589 5055 2729 5126 πεζῇ
2787 5050 2877 5106 καὶ
2935 5051 2998 5106 οὐ
3057 5051 3192 5124 μετά
3247 5048 3470 5108 πλοίου.
3517 5052 3656 5128 Περὶ
3715 5056 3826 5110 τοῦ

2148 5141 2419 5218 Ἰορδάνου
2469 5139 2528 5197 δέ
2581 5133 2742 5220 φησιν
2794 5139 2878 5195 ὅτι
2929 5135 3082 5212 διέϐη
3133 5139 3290 5196 αὐτὸν
3342 5142 3377 5209 ὴ
3426 5134 3672 5204 κιϐωτὸς
3727 5139 3830 5198 διᾶ

2147 5231 2335 5308 ξηρᾶς.
3371 5255 3375 5260 ‘
3811 5232 3826 5238 ”

2223 5343 2246 5373 ι
2281 5321 2425 5374 Ἐκεῖ
2478 5317 2960 5397 εὐφρανθησόμεθα
3007 5317 3087 5372 ἐπ’
3135 5317 3302 5391 αὐτῷ,
3347 5321 3429 5390 τῷ
3487 5314 3822 5389 δεσπόζοντι

2147 5407 2199 5464 ἐν
2247 5412 2316 5482 τῇ
2368 5404 2647 5479 δυναστείᾳ
2700 5411 2798 5462 τοῦ
2848 5406 3065 5470 αἰῶνος.
3098 5428 3125 5460 ι
3159 5439 3227 5450 -
3269 5407 3342 5460 Τὸ
3387 5405 3502 5462 ἐκεῖ
3545 5406 3670 5464 ἀντὶ
3719 5414 3818 5465 τοῦ

2147 5496 2201 5551 ἐν
2257 5501 2376 5558 τοῖς
2431 5494 2703 5558 τοιούτοις
2777 5495 3041 5568 θαύμασιν
3116 5495 3494 5572 εὐφράνθημεν
3569 5493 3666 5551 ἐπὶ

2146 5590 2393 5659 Θεῷ,τῷ
2448 5583 2764 5654 δεσπόζοντι
2822 5585 3019 5647 παντὸς
3074 5585 3296 5647 αἶ’ῶνος.
3329 5587 3418 5640 Ἐν
3470 5587 3542 5658 τῇ
3596 5585 3827 5664 ἀπείρῳ

2146 5673 2368 5749 δυνάμει
2425 5673 2590 5729 αὐτοῦ
2647 5673 2940 5730 οἰκειοῦται
3001 5673 3090 5730 καὶ
3155 5675 3257 5743 τήν
3336 5676 3445 5729 τῶν
3516 5673 3830 5754 προγόνωῆ

2148 5763 2510 5846 εὐφροσύνην.
