4066 6438
245 431 402 499 1493

1462 432 1880 502 EXPOSITIO
1923 430 2004 495 IN
2050 429 2439 497 PSALMOS.

3505 432 3664 495 1494

239 572 338 625 τοῦ
393 565 598 647 Κυρίου
646 561 930 645 δυνάμεώς
983 567 1196 628 ἔστιτὸ
1245 565 1502 648 διεξάγειν
1551 569 1613 627 ἐκ
1667 567 1896 623 θανάτου
1926 569 1982 636 Α
2012 584 2107 640 χοι
2155 563 2245 621 καὶ
2314 561 2616 621 ἀπύλεκτοι
2691 562 2795 635 τῇς
2851 558 3156 634 Ἰουδαϊκῆς
3214 559 3416 643 φυλῆς,
3473 561 3550 627 ὡς
3607 563 3661 620 οἱ

243 659 320 723 εἰς
382 661 548 731 ζωήν
599 659 764 734 μόνου
819 662 921 737 γάρ
979 659 1142 716 αὐτοῦ
1195 661 1414 738 γέγονεν
1468 663 1504 731 ἡ
1554 656 1736 730 ἔξοδος
1792 660 1895 712 τοῦ
2002 652 2231 734 ἀδελφοί
2286 660 2384 710 τοῦ
2443 655 2642 729 Κυρίου
2694 655 2784 709 καὶ
2842 655 2894 708 ο⁴ι
2950 657 3047 709 τοῦ
3105 649 3396 711 Ζαϐουλὼν
3437 653 3526 710 καί
3554 661 3658 725 τῆς

251 750 479 805 θανάτου
508 750 598 804 καὶ
629 747 972 820 διεξέλευσις.

319 871 342 898 α
379 845 532 917 Πλὴν
590 849 619 902 6
675 847 806 910 Θεὸς
864 847 1152 914 συνθλάσει
1227 848 1468 927 κεφαλὰς
1527 848 1737 924 ἐχθρῶν
1797 846 1890 902 αύ-

239 940 416 992 τοῦ.»
445 934 794 1016 -Κεφαλάς
842 935 1007 994 ἐθνῶν
1062 938 1159 1001 τὰς
1217 939 1578 1015 καιριωτάτας
1636 935 1892 1009 δυνάμεις

239 1029 349 1082 τῶν
383 1021 656 1100 δαιμόνων
690 1023 846 1106 φησί.

316 1115 630 1194 «Κορυφήν
717 1117 914 1192 τριχὸς
1016 1115 1490 1193 διαπορευομένων
1567 1115 1619 1171 έν
1698 1112 1891 1189 πλημ-

244 1203 486 1277 μελείαις
571 1203 765 1263 αὐτῶν.
826 1229 856 1257 ››
912 1238 982 1248 --
1043 1210 1158 1260 Τῶν
1245 1203 1718 1282 διαπορευομένων
1801 1205 1892 1260 καὶ

241 1292 647 1369 ἐξιχνιαζόντων
703 1294 753 1350 έν
810 1299 932 1358 ταῖς
987 1294 1405 1370 πλημμελείαις
1462 1294 1638 1351 αὐτῶν
1697 1293 1890 1368 πλημ-

243 1379 558 1456 μελούντων
643 1384 942 1460 ἀνθρώπων
1028 1383 1119 1439 καὶ
1203 1385 1302 1454 τὴν
1384 1384 1659 1462 κορυφὴν,
1733 1403 1890 1439 τουτ-

239 1473 349 1527 έστι
404 1471 469 1528 τὸ
526 1472 820 1548 ἀκρότατον
878 1479 979 1543 τῆς
1036 1472 1254 1550 τριχός*
1287 1470 1455 1550 ἤγουν
1521 1477 1628 1527 τῶν
1686 1471 1890 1550 ἐξερευ-

238 1561 458 1616 νώντων
507 1559 561 1616 ἐν
617 1565 698 1634 τῷ
751 1561 928 1636 καιρῷ
973 1566 1071 1618 τοῦ
1101 1560 1399 1638 λογοθέτου
1427 1568 1528 1632 τῆς
1561 1564 1770 1638 ψυχῆς,
1801 1559 1889 1616 καί

232 1649 302 1705 τά
329 1648 451 1706 λίαν
483 1653 588 1706 τῶν
622 1651 1034 1725 ἁμαρτημάτων
1065 1649 1455 1728 σμικρότητος.

305 1746 494 1802 «Εἶπε
549 1745 772 1824 Κύριος’
834 1747 920 1819 Ἐξ
981 1747 1146 1824 βασάν
1208 1747 1534 1827 ἐπιστρέφω.
1581 1771 1610 1799 ››
1658 1780 1727 1790 -
1781 1754 1890 1804 Βα-

233 1837 328 1891 σᾶν
359 1834 608 1912 αἰσχύνει
665 1836 1040 1912 ἑρμηνεύεται.
1075 1837 1427 1914 Ἐπέστρεψεν
1477 1837 1569 1893 οῦν
1616 1838 1645 1894 6
1691 1836 1888 1915 Κύριος

2000 749 2100 800 τοῦ
2149 743 2484 822 Νεφθαλεὶμ,
2533 741 2651 814 ἤως
2716 745 2769 798 οἰ
2823 743 2930 798 ἀπὸ
2980 740 3276 806 Γαλιλαίας
3333 742 3654 800 ἀπόστολοι⁸

2002 836 2038 904 ἡ
2088 831 2358 890 Γαλιλαία
2411 833 2516 910 γὰρ
2561 837 2641 905 τῷ
2693 827 2983 888 Ζαϐουλὼν
3041 829 3508 908 κεκληροδότηται
3565 832 3657 890 καὶ

2001 927 2081 997 τῷ
2111 921 2447 1002 Νεφθαλείμ.

2075 1037 2105 1065 (ι
2136 1012 2432 1085 Ἐντειλαι,
2466 1013 2494 1067 6
2537 1014 2685 1081 Θεὸς,
2743 1015 2814 1086 τῇ
2872 1009 3092 1085 δυνάμει
3153 1031 3268 1066 σου.
3306 1035 3335 1063 ››
3366 1045 3436 1054 -
3483 1016 3654 1068 Τοῦτο

2001 1103 2137 1180 πρὸς
2193 1102 2285 1157 τὸν
2346 1103 2579 1180 Πατέρα,
2605 1100 2696 1157 ’ίνα
2747 1099 3051 1172 έντείληται
3106 1101 3186 1173 τῷ
3243 1101 3354 1174 Υῖῷ
3407 1101 3476 1157 τὰ
3528 1103 3654 1178 περὶ

1998 1195 2097 1247 τοῦ
2151 1190 2503 1268 κηρύγματος
2561 1191 2635 1254 ὡς
2697 1191 2760 1245 τὸ
2817 1185 3160 1266 διαγγέλλων
3213 1189 3277 1244 τὸ
3333 1189 3656 1268 πρόσταγμα

1997 1284 2096 1336 τοῦ
2126 1280 2349 1356 Κυρίου.

2072 1412 2102 1442 ι(
2136 1389 2488 1462 Δυνάμωσ-ον,
2523 1389 2552 1443 6
2583 1388 2734 1457 Θεὸς,
2766 1390 2928 1441 τοῦτο
2959 1387 2989 1441 ’ὁ
3013 1387 3348 1464 κατειργάσω
3371 1384 3424 1442 έν
3447 1388 3607 1460 ἡμῖν.
3626 1409 3650 1440 ι

1999 1511 2069 1520 -
2114 1482 2285 1533 Τοῦτο
2357 1479 2493 1553 πρὸς
2549 1477 2641 1532 τὸν
2699 1476 2846 1547 Υἱὸν,
2897 1476 3244 1552 Κραταίωσον
3304 1475 3357 1531 έν
3406 1477 3543 1550 ἡμῖν
3591 1476 3656 1532 τὸ

1997 1568 2278 1642 κήρυγμα,
2303 1565 2437 1644 ὅπερ
2469 1568 2771 1643 ἀπήρτισας
2803 1563 2892 1620 διὰ
2918 1569 3017 1620 τοῦ
3055 1568 3187 1620 ναοῦ
3233 1585 3351 1635 σου,
3382 1561 3509 1634 ἤτοι
3557 1568 3656 1621 τοῦ

1997 1655 2440 1733 προσλήμματός
2470 1677 2588 1728 σου,
2620 1655 2708 1711 ἐπὶ
2734 1655 2835 1724 τήν
2867 1657 2970 1730 γῆν
3020 1661 3124 1724 τῆς
3170 1654 3534 1731 Ἰερουσαλὴμ
3579 1654 3656 1718 ὡς

1996 1745 2059 1800 τὸ
2091 1744 2178 1800 ἐπὶ
2206 1746 2348 1800 Σιὼν
2380 1739 2510 1822 ὄρος
2536 1745 2601 1800 τὸ
2633 1745 2781 1822 ἅγιον
2815 1742 3004 1804 αὐτοῦ.

2072 1875 2102 1906 ‹‹
2132 1852 2231 1908 Σοὶ
2280 1849 2487 1908 οἰῦουσι
2536 1849 2782 1927 βασιλεῖς
2830 1848 3000 1928 δῶρα.
3032 1873 3062 1902 ››
3102 1881 3173 1893 —-
3219 1849 3400 1908 Ναούς
3454 1871 3516 1906 τε
3563 1849 3655 1906 καὶ

231 1927 366 2001 πρὸς
397 1927 582 1982 ἑαυτὸν
613 1926 682 1982 τὰ
711 1922 835 2016 ἔθνη
868 1925 929 2016 έκ
955 1927 1054 1995 τῆς
1082 1929 1191 1982 τῶν
1223 1923 1470 1982 εἰδώλων
1501 1924 1769 2004 αἰσχύνης
1799 1925 1889 1983 καὶ
1920 1945 1969 2012 Β
1999 1943 2168 2013 ἀναθτς
2181 1963 2340 2016 ματα,

228 2021 333 2085 τῆς
360 2020 468 2071 τῶν
499 2017 690 2072 παθῶν
721 2014 962 2091 ἀτιμίας.

303 2128 332 2157 ‹‹
366 2104 704 2182 Ἐπιστρέφω
761 2103 814 2160 ἐν
879 2105 1065 2181 βυθοῖς
1143 2103 1440 2175 θαλάσσης.
1504 2128 1534 2157 »
1609 2137 1680 2147 —
1737 2104 1888 2161 Ἐπέ-

230 2197 426 2269 στρεψε
479 2193 569 2249 καὶ
624 2192 754 2256 τοὺς
814 2193 867 2249 ἐν
932 2195 1117 2271 βυθοῖς
1181 2192 1474 2265 θαλάσσης·
1533 2192 1700 2271 ἤγουν
1757 2193 1885 2256 τοὺς

229 2281 282 2339 ἐν
330 2287 409 2355 τῷ
464 2283 616 2359 βάθει
671 2289 774 2353 τῆς
828 2281 1260 2346 πολυκλύδωνος
1317 2281 1586 2358 ἁμαρτίας
1633 2281 1786 2346 ὅπως
1824 2283 1884 2338 ἂν

233 2373 381 2449 βαφῇ
439 2372 468 2426 6
525 2371 661 2435 πούς
717 2393 834 2428 σου.
890 2375 1092 2445 Τοῦτο,
1149 2371 1306 2449 φησὶ,
1354 2374 1624 2444 ποιήσεις,
1696 2371 1883 2449 Κύριε,

230 2458 381 2523 ὅπως
438 2457 623 2516 τέλεον
681 2463 908 2536 νικήσῃς
964 2460 1091 2524 τοὺς
1151 2458 1434 2535 δαίμονας.
1489 2462 1546 2516 '0
1605 2461 1768 2538 λόγος
1828 2458 1887 2517 δὲ

234 2545 620 2628 μεταφορικός.

305 2641 424 2698 «Ἥ
471 2638 696 2718 γλῶσσα
749 2645 856 2696 τῶν
912 2644 1089 2696 κυνῶν
1146 2662 1242 2696 σου
1329 2640 1381 2712 ἐξ
1466 2640 1703 2718 ἐχθρῶν.
1757 2640 1885 2716 παρ’

230 2727 416 2785 αὐτοῦ.
451 2751 482 2782 ››
513 2762 584 2772 —
613 2728 786 2785 Πάλιν
820 2731 856 2800 ἡ
897 2729 1126 2805 γλῶσσα
1178 2733 1286 2785 τῶν
1345 2733 1518 2784 κυνῶν
1577 2750 1674 2784 σου
1735 2730 1881 2807 βαφὴ

227 2818 357 2893 παρ’
415 2816 600 2887 αὐτοῦ,
655 2816 929 2874 τουτέστιν
1018 2819 1110 2873 ἀπ’
1167 2817 1333 2874 αὐτοῦ
1407 2822 1505 2874 τοῦ
1563 2817 1616 2889 ἔξ
1675 2817 1884 2894 ἐχθρῶν

228 2901 384 2970 ὄντος
429 2903 665 2981 αἵματος
722 2905 962 2979 δηλαδή.
1010 2906 1176 2970 Κύνες
1226 2905 1286 2962 δὲ
1335 2912 1433 2964 τοῦ
1490 2902 1884 2981 παμϐασιλέως

227 2998 462 3071 Χριστοῦ
522 2997 575 3051 οἱ
634 2997 771 3052 θεῖοι
825 2994 1106 3070 ποιμένες,
1137 2996 1190 3051 οἱ
1245 2996 1375 3058 τοὺς
1431 2995 1666 3072 ἐχθροὺς
1717 2994 1884 3051 αὐτοῦ

227 3084 304 3146 ὡς
359 3083 583 3162 ἀγρίους
639 3087 806 3160 θῆρας
860 3084 1214 3162 ταράσσοντες
1269 3084 1359 3140 καὶ
1413 3084 1643 3158 μονονοὺ
1670 3089 1770 3140 τοῦ
1798 3083 1883 3140 α’ί-

233 3193 401 3246 ματος
455 3171 654 3228 τούτου
723 3174 1178 3250 ἀπογευσάμενοι.
1239 3172 1386 3236 Ποὺς
1440 3170 1499 3228 δὲ
1555 3177 1789 3250 Χριστοῦ
1844 3175 1881 3244 ἡ

227 3259 548 3335 Ἐκκλησία,
577 3265 646 3332 ἧς
676 3261 838 3324 αὐτὸς
866 3261 1101 3341 κεφαλή.

301 3373 331 3403 ι(
355 3317 774 3427 Ἐθεωρήθηπν
823 3317 884 3406 αἱ
938 3317 1154 3428 πορέῖαί
1210 3371 1328 3424 σου,
1369 3352 1398 3406 ὁ
1443 3351 1596 3414 Θεός.
1629 3375 1660 3404 ››
1691 3385 1760 3396 -
1812 3350 1884 3408 Δί’
1911 3317 1956 3386 C

225 3438 556 3518 ἀναστροφαὶ
631 3442 732 3510 τῆς
801 3439 1062 3514 ἐνσάρκου
1139 3437 1420 3503 πολιτείας
1497 3461 1615 3509 σου,
1672 3445 1770 3496 τοῦ
1826 3440 1879 3496 έν

223 3525 306 3602 τῷ
364 3527 505 3605 ἁγίῳ
561 3529 734 3606 Πατρὶ
806 3523 964 3592 ὄντος
1032 3529 1180 3602 Υῖοῦ,
1241 3524 1495 3608 ὤφθησαν
1566 3535 1684 3593 τοῖς
1762 3534 1880 3594 σοῖς

227 3616 541 3681 αύτόπταις.

300 3733 330 3761 ‹‹
361 3709 711 3786 Προέφθασαν
766 3709 1028 3786 ἄρχοντες
1111 3707 1373 3785 ἐχόμενοι
1440 3705 1789 3783 ψαλλόντων.
1849 3731 1880 3760 ››

229 3831 295 3842 -
325 3792 640 3874 Προέλαεον
699 3799 900 3861 πάντας
958 3797 1010 3852 οἰ
1067 3797 1334 3874 ἄρχοντες
1386 3800 1495 3851 τῶν
1542 3795 1704 3852 ἐθνῶν
1745 3797 1882 3854 ἀπό-

224 3885 416 3942 στολοι
527 3889 741 3962 πρῶτοι
841 3885 1216 3949 πιστεύσαντες
1293 3885 1554 3963 ἐχόμενα,
1635 3889 1880 3943 τουτέστι

226 3974 485 4050 σύνεγγυς
515 3978 624 4028 τῶν
654 3969 978 4048 ψαλλόντων
1016 3975 1136 4044 ἤτοι
1195 3974 1581 4053 έκφωνούντων
1636 3975 1706 4031 τὰ
1754 3975 1879 4054 περὶ

220 4065 320 4117 τοῦ
405 4065 664 4138 Χριστοῦ,
730 4060 974 4116 τουτέστι
1057 4067 1165 4117 τῶν
1246 4067 1542 4141 προφητῶν
1628 4063 1719 4119 καὶ
1798 4070 1880 4138 τῷ

222 4149 411 4229 χρόνῳ
438 4149 530 4206 καὶ
558 4147 640 4222 τῷ
669 4147 982 4226 κηρύγματι
1013 4149 1438 4215 ἀκολουθοῦντες
1467 4151 1672 4216 αὐτοῖς.

295 4273 325 4303 ‹‹
357 4252 448 4306 Ἐν
528 4248 679 4324 μέσῳ
737 4245 991 4303 νεανίδων
1048 4254 1515 4326 τυμπανιστριῶν.
1576 4274 1606 4302 ››
1663 4282 1734 4294 -
1789 4252 1877 4310 Ἑν

229 4340 379 4413 μέσῳ
436 4335 697 4411 δηλονότι
754 4337 1134 4400 πιστεύσαντες
1187 4341 1296 4392 τῶν
1358 4335 1666 4394 Ἰουδαϊκῶν
1718 4361 1878 4395 συνα-

222 4433 444 4506 γωγῶν,
477 4426 534 4483 αἱ
571 4423 805 4489 νεάνιδες
837 4423 928 4482 διὰ
965 4425 1030 4482 τὸ
1076 4424 1266 4489 ἀτελὲς
1311 4433 1414 4496 τῆς
1461 4425 1744 4490 πολιτείας
1787 4427 1880 4484 αύ-

219 4516 797 4592 τῶνοτυμπανίστριαι
848 4513 927 4590 δὲ,
959 4513 1050 4570 διὰ
1098 4516 1163 4571 τὸ
1218 4517 1528 4589 σωματικὸν
1583 4523 1685 4586 τῆς
1741 4517 1877 4594 πρὸς

227 4603 360 4662 Θεὸν
388 4604 665 4684 λατρείας.

298 4717 328 4746 ‹‹
363 4694 448 4749 Ἐν
509 4692 826 4765 ἐκκλησίαις
882 4692 1162 4769 εὐλογεῖτε
1212 4693 1304 4749 τὸν
1363 4695 1492 4750 Θεὸν
1552 4693 1748 4772 Κύριον
1818 4688 1954 4754 ἐκῘ)

225 4786 420 4858 πηγῶν
477 4780 722 4859 Ἰσραήλ.
756 4807 786 4835 ››
818 4815 888 4826 -
938 4783 1125 4858 Πηγὰς
1181 4782 1404 4860 Ἰσραήλ
1462 4805 1594 4863 φησι
1640 4784 1736 4847 τὰς
1764 4789 1872 4839 τῶν

222 4874 520 4949 προφητῶν
549 4868 641 4926 καί
695 4875 797 4926 τοῦ
851 4869 1026 4945 νόμου
1083 4871 1320 4950 Γραφάς,
1351 4873 1437 4936 αῖς
1486 4870 1729 4945 συνᾴδειν
1783 4873 1874 4929 τὸν

223 4957 301 5022 εἰς
332 4959 461 5016 Θεὸν
494 4957 665 5034 ὕμνον
700 4957 1092 5017 διακελεύεται.

294 5080 326 5110 ‹‹
355 5059 502 5113 Ἐκεῖ
552 5059 806 5126 Βενιαμὶν
863 5059 1148 5135 νεώτερος.
1183 5083 1212 5113 ››
1245 5093 1315 5103 -
1340 5062 1486 5116 Ἐκεῖ
1533 5059 1584 5116 ἐν
1644 5066 1763 5124 ταῖς
1795 5059 1880 5116 ἐκ·

214 5145 497 5218 κλησίαις,
549 5143 766 5217 δηλαδὴ
829 5147 858 5202 6
916 5147 1194 5222 Βενιαμὶν,
1229 5148 1356 5219 ἤτοι
1386 5150 1415 5204 6
1447 5150 1609 5225 ἅγιος
1659 5149 1878 5212 Παῦλος

217 5236 249 5292 6
279 5234 341 5290 ἐκ
368 5232 551 5315 φυλῆς
609 5233 987 5308 Βενιαμίτιδος
1043 5236 1328 5314 νεώτερος,
1359 5236 1486 5308 ἥτοι
1521 5242 1630 5293 τῶν
1690 5235 1878 5295 ἄλλων

213 5321 542 5382 ἀποστόλων
576 5323 794 5401 ὕστερον
827 5325 1142 5390 πιστεύσας.

291 5415 436 5471 «Ἐν
490 5411 753 5471 ἐκστάσει.
787 5437 819 5467 ››
847 5447 915 5458 -
944 5414 1044 5470 Διά
1095 5416 1197 5486 τὴν
1254 5415 1360 5481 ἕως
1405 5416 1593 5495 τρίτου
1645 5417 1877 5494 ούρανοῦ

221 5504 498 5581 ἁρπαγήν.

293 5615 325 5644 ‹‹
355 5592 660 5670 Ἄρχοντες
739 5590 917 5647 Ἰούδα
993 5593 1268 5668 ἡγεμόνες
1353 5593 1548 5652 αὐτῶν·
1617 5597 1880 5673 ἄρχοντες

227 5674 544 5755 Ζαϐουλῶε,
618 5683 884 5759 ἄρχοντες
960 5679 1272 5760 Νεφθαλίμ.
1349 5707 1378 5736 ››
1454 5716 1526 5727 -
1591 5684 1881 5762 Ἡγεμόνες

227 5768 408 5829 αὐτῶν
465 5775 574 5830 τῶν
631 5769 1100 5846 ἐκκλησιαστικῶν
1155 5772 1209 5827 οἱ
1265 5770 1529 5852 ἄρχοντες
1560 5770 1734 5831 εἰίτουν
1767 5771 1880 5847 ἔξο-

2072 2053 2102 2087 α
2132 2031 2492 2105 Ἐπιτίμησον
2545 2035 2663 2093 τοῖς
2721 2028 2940 2106 θηρίοις
2996 2033 3092 2084 τοῦ
3161 2028 3435 2103 καλάμου.
3493 2049 3522 2084 ι
3584 2061 3658 2075 -ο

1998 2121 2261 2195 Φίμωσον
2327 2119 2457 2183 τοὺς
2521 2118 2722 2191 νοητὰς
2789 2117 3036 2194 λέοντας,
3083 2118 3214 2182 τοὺς
3277 2117 3502 2196 ἀγρίους
3563 2117 3654 2176 καὶ

1997 2209 2230 2282 ἀπηνεῖς
2257 2207 2542 2284 δαίμονας.

2071 2324 2100 2353 ‹‹
2130 2305 2191 2355 Ἡ
2249 2300 2537 2376 συναγωγὴ
2589 2303 2699 2354 τῶν
2764 2297 2978 2376 ταύρων
3053 2297 3105 2354 ἐν
3183 2304 3304 2360 ταῖς
3387 2295 3656 2373 δαμάλεσι

1993 2393 2104 2446 τῶν
2138 2387 2310 2445 λαῶν.
2342 2409 2370 2442 ι
2421 2420 2470 2430 --
2520 2389 2583 2442 Οἱ
2619 2392 2727 2443 τῶν
2761 2385 3036 2444 Ἰουδαίων
3085 2387 3384 2464 ἡγούμενοι
3433 2387 3486 2443 ἐν
3533 2393 3656 2452 ταῖς

1997 2475 2264 2552 δαμάλεσι
2305 2481 2414 2533 τῶν
2465 2474 2636 2550 λαῶν,
2677 2475 2950 2533 τουτέστιν
3002 2475 3054 2532 έν
3109 2475 3259 2552 μέσῳ
3300 2480 3410 2532 τῶν
3459 2476 3654 2533 ὑποτε-

1993 2566 2271 2644 ταγμένων
2331 2565 2504 2636 λαῶν,
2557 2565 2795 2644 ἐγίνοντο
2846 2563 3133 2638 δηλονότι,
3183 2565 3322 2622 ὥστε
3365 2564 3494 2628 τοὺς
3561 2563 3654 2622 δο-

1994 2657 2192 2732 κίμους
2224 2660 2304 2729 τῷ
2358 2653 2683 2732 Εὐαγγελίῳ
2735 2654 2864 2718 τοὺς
2923 2653 3264 2718 ἀποστόλους
3319 2653 3650 2731 ἐγκλεισθῆ-

1993 2767 2102 2814 ναι,
2151 2745 2396 2802 τουτέστι
2455 2743 2773 2815 κωλυθῆναι
2826 2744 3114 2821 κηρύττειν
3170 2766 3231 2801 τε
3285 2745 3376 2800 καὶ
3433 2745 3652 2822 εὐαγγε-

1997 2833 2258 2905 λίζεσθαι.

2070 2947 2100 2978 (ι
2130 2922 2522 3001 Διασκόρπισον
2555 2919 2681 2994 ἔθνη
2714 2924 2782 2978 τὰ
2808 2921 2935 2985 τοὺς
2978 2919 3264 2997 πολέμους
3310 2921 3586 2988 ἐθέλοντα.
3621 2947 3651 2976 ››

1960 3045 2064 3078 ,--
2107 3013 2244 3076 Τοὺς
2302 3010 2596 3084 αίσθητούς
2643 3032 2702 3067 τε
2765 3011 2856 3067 καὶ
2913 3010 3146 3082 νοητοὺς
3198 3009 3502 3087 πολεμίους
3548 3018 3652 3083 τῆς

1995 3099 2346 3173 Ἐκκλησίας.

2072 3215 2094 3243 ι
2127 3191 2351 3262 ’Ἠξουσι
2395 3185 2649 3268 πρέσϐεις
2709 3189 2760 3264 ἐξ
2822 3188 3120 3267 Αἰγύπτου.
3169 3211 3198 3244 ι»
3251 3221 3321 3232 —-
3368 3187 3652 3246 Ἐλευσαν-

1989 3301 2078 3336 ται
2132 3281 2315 3336 πιστοὶ
2373 3274 2756 3357 πρεσϐεύοντες
2812 3279 2945 3356 ὑπὲρ
2999 3283 3098 3335 τοῦ
3151 3279 3364 3354 κόσμου
3447 3279 3649 3344 παντὸς

1993 3367 2045 3440 ἐξ
2101 3369 2406 3446 Αἰγύπτου,
2463 3367 2709 3425 τουτέστι
2777 3369 2955 3440 πάσης
3031 3375 3138 3446 γῆς
3215 3367 3452 3442 ὲθνικῆς,
3513 3364 3648 3441 ὅσης

1989 3457 2257 3534 ἐκυρίευεν
2287 3459 2315 3514 ὁ
2345 3458 2546 3530 νοητὸς
2579 3458 2805 3534 Φαραώ.

2063 3589 2094 3619 ‹‹
2128 3565 2385 3622 Αἰθιοπία
2437 3566 2736 3644 προφθάσει
2791 3569 2956 3643 χεῖρα
3007 3564 3178 3636 αὐτῆς
3215 3566 3296 3638 τῷ
3349 3570 3484 3638 Θεῷ.
3519 3591 3543 3621 ι
3577 3597 3650 3610 -

1991 3655 2140 3711 Ἀντὶ
2195 3659 2293 3710 τοῦ
2347 3657 2670 3734 προφθάσει,
2717 3653 2964 3710 τουτέστι
3022 3656 3243 3726 ποιήσει
3302 3656 3499 3731 φθάσαι
3553 3655 3646 3710 καὶ

1989 3741 2294 3816 πλησιάσαι
2321 3749 2401 3817 τῷ
2437 3748 2555 3817 Θεῷ
2586 3741 2675 3800 διὰ
2711 3746 3028 3821 προσευχῆς
3081 3743 3172 3798 καὶ
3233 3739 3425 3820 δώρων
3477 3764 3648 3820 προσ-

1991 3840 2216 3911 αγωγῆς
2265 3834 2362 3896 τὰς
2409 3838 2602 3910 χεῖρας
2651 3831 2842 3903 αὐτῆς.
2894 3833 2993 3887 Διά
3040 3831 3231 3904 αὐτῆς,
3273 3828 3363 3886 διὰ
3404 3839 3506 3902 τῆς
3548 3831 3647 3888 Δί-

1989 3922 2203 3986 θιοπίας
2262 3920 2320 3978 δὲ
2376 3922 2443 3977 τὰ
2497 3929 2599 3992 τῆς
2654 3928 2758 3998 γῆς
2815 3920 3037 3996 ᾐνίξατο
3092 3919 3319 3996 πέρατα,
3372 3920 3465 3976 καὶ
3540 3920 3644 3998 γὰρ

1990 4008 2212 4087 ἔσχατοι
2244 4009 2456 4066 πάντων
2506 4009 2808 4085 ἀνθρώπων
2860 4008 2913 4064 ἐν
2960 4007 3199 4083 ἀνατολῇ
3245 4029 3305 4064 τε
3357 4009 3449 4064 καὶ
3496 4006 3644 4065 δύσει

1988 4104 2332 4156 κατοικοῦσιν
2362 4097 2644 4164 Αἷθιόπες.

2067 4227 2092 4258 ι
2125 4206 2194 4262 Αἰ
2253 4204 2526 4282 βασιλεῖαι
2576 4211 2679 4276 τῆς
2736 4210 2860 4280 γῆς,
2892 4201 3054 4277 ᾅσατε
3107 4209 3187 4278 τῷ
3242 4208 3379 4278 Θεῷ·
3437 4203 3648 4279 ψάλατε

1985 4299 2066 4368 τῷ
2111 4294 2296 4368 Κυρίῳ
2340 4295 2422 4368 τῷ
2466 4289 2819 4366 ἐπιϐεϐηκότι
2867 4293 2955 4349 ἐπὶ
3002 4295 3093 4349 τὸν
3145 4293 3371 4367 οὐρανὸν
3413 4297 3513 4349 τοῦ
3552 4293 3647 4350 o6-

1989 4387 2154 4460 ρανοῦ
2211 4383 2348 4440 κατᾶ
2399 4381 2684 4446 ἀνατολάς.
2719 4407 2749 4436 ››
2780 4383 2938 4460 -εΗ
2976 4383 3170 4460 πρώτη
3229 4383 3317 4438 ἐπὶ
3373 4382 3492 4438 ἀντὶ
3541 4385 3644 4454 τῆς

1985 4471 2110 4544 ἀνά,
2137 4477 2218 4545 τῷ
2249 4467 2611 4544 ἀναϐεϐηκότι
2666 4471 2756 4528 ἐπὶ
2809 4472 2902 4528 τὸν
2953 4471 3222 4548 ἀνώτερον
3251 4471 3477 4548 οὐρανὸν
3509 4473 3646 4527 κατά

1987 4559 2277 4634 ἀνατολὰς,
2307 4558 2426 4631 ἤως
2468 4561 2544 4624 εἰς
2605 4562 2702 4625 τὰς
2746 4558 3034 4631 ἀνατολάς,
3080 4559 3353 4617 τουτέστιν
3411 4559 3487 4624 εἷς
3539 4561 3641 4631 τὴν

1986 4650 2253 4727 προτέραν
2285 4650 2450 4706 αὐτοῦ
2481 4647 2636 4722 δόξαν
2666 4671 2727 4706 τε
2755 4653 2846 4706 καί
2877 4647 3264 4726 λαμπρότητα.

2057 4781 2087 4810 ‹‹
2118 4754 2260 4813 Ἰδοὺ
2292 4754 2455 4813 δώσει
2481 4761 2551 4832 τῇ
2581 4761 2738 4835 φωνῇ
2767 4757 2932 4812 αὐτοῦ
2957 4758 3142 4837 φωνὴν
3175 4753 3480 4832 δυνάμεως.
3512 4783 3542 4811 ››
3573 4791 3643 4801 -

1982 4852 2107 4909 Τοῖς
2135 4845 2466 4910 ἀποστόλοις
2501 4844 2664 4902 δώσει
2692 4845 2857 4923 λόγον
2891 4845 3208 4920 ένδύναμον.

2060 4977 2087 5005 ‹ι
2123 4954 2228 5008 Επὶ
2287 4954 2377 5008 τὸν
2439 4952 2661 5030 Ἰσραὴλ
2692 4955 2728 5023 ἡ
2766 4953 3206 5030 μεγαλοπρέπεια
3260 4953 3445 5010 αὐτοῦ.
3497 4976 3526 5004 ››
3577 4987 3646 4997 -.

1987 5046 2076 5115 Τῷ
2124 5047 2444 5118 θεωρητικῷ
2488 5040 2642 5118 ἀνδρὶ
2688 5042 2756 5096 τὰ
2798 5045 2898 5096 τοῦ
2946 5046 3081 5098 Θεοῦ
3133 5040 3395 5119 μεγαλεῖα
3449 5041 3646 5119 γνωρί-

1992 5136 2194 5201 ζονται,
2239 5131 2330 5186 καὶ
2387 5134 2423 5201 ἡ
2481 5127 2711 5205 δύναμις
2768 5129 2934 5186 αὐτοῦ
2984 5129 3066 5205 τῷ
3113 5129 3484 5208 ὑπαρηρμένῳ
3535 5134 3646 5186 τῶν

1988 5224 2228 5297 γεηρῶν.

2068 5333 2089 5362 σ
2124 5311 2442 5384 Θαυμαστὸς
2489 5311 2518 5364 6
2575 5309 2707 5371 Θεὸς
2760 5309 2811 5364 ἐν
2868 5315 2987 5372 τοῖς
3042 5309 3220 5384 ἀγίοις
3267 5308 3453 5365 αύτοῦ.
3507 5333 3536 5361 ››
3581 5341 3651 5352 --

1991 5399 2332 5473 Θαυμάζεται
2381 5400 2410 5453 6
2457 5397 2588 5461 Θεὸς
2624 5397 2714 5453 ἐπὶ
2760 5403 2878 5460 τοῖς
2927 5397 3104 5474 ἀγίοις
3155 5397 3341 5470 αὐτοῦ,
3392 5396 3510 5467 ἤως
3559 5397 3649 5454 ἐπὶ

1989 5491 2060 5561 τῇ
2099 5485 2353 5560 πολιτείᾳ
2380 5486 2589 5543 τούτων
2621 5485 2713 5542 καὶ
2741 5490 2812 5560 τῇ
2844 5487 3218 5562 τερατουργίᾳ.

2071 5619 2093 5646 α
2128 5596 2187 5650 Ὀ
2233 5595 2362 5657 Θεὸς
2412 5592 2639 5670 Ισραήλ,
2694 5593 2855 5656 αὐτὸς
2906 5591 3066 5648 δώσει
3119 5591 3342 5668 δύναμιν
3374 5593 3465 5649 καὶ
3515 5613 3646 5670 κρα-

1991 5682 2216 5739 ταίωσιν
2268 5682 2348 5756 τῷ
2405 5682 2522 5755 λαῷ
2580 5681 2826 5740 αὐτοῦ.»
2869 5715 2938 5724 -
2997 5681 3091 5738 Εἷς
3148 5683 3212 5738 τὸ
3271 5681 3524 5758 ἐμμένειν
3577 5681 3649 5758 τῇ

1994 5772 2289 5850 ἀμωμήτῳ
2316 5772 2492 5830 πίστει
2521 5770 2710 5832 αὐτοῦ.
