4066 6428
342 410 497 479 H97
526 448 529 453 -

1556 411 1973 478 EXPOSITIO
2014 412 2096 476 IN
2139 410 2529 479 PSALMOS.

3594 396 3755 472 1498

337 546 459 605 Ὅτι
515 546 577 603 ὃν
630 539 695 602 σὺ
740 543 1097 624 παταχθῆναι
1152 544 1552 622 παρεσκεύασας
1616 544 1769 602 αὐτοὶ
1834 543 1991 602 κατέ·
2021 550 2076 617 Α
2104 548 2327 603 καὶτῶν
2358 546 2545 605 ἄλλων
2576 541 2886 603 ἐπιϐουλῶν
2916 548 3025 602 τῶν
3072 564 3133 601 τε
3177 537 3324 621 παρᾶ
3377 544 3483 613 τῶν
3536 560 3748 613 νοητων

344 634 577 716 δραμον,
608 634 771 714 ἄχρις
802 636 862 692 ἂν
894 635 1203 715 ἐφόνευσαν.

420 749 443 782 ι
476 726 577 783 Καὶ
634 725 721 782 ἐπὶ
761 727 826 782 τὸ
873 724 1040 804 ἄλγος
1086 730 1192 782 τῶν
1237 724 1558 803 τραυμάτων
1627 747 1733 799 μου
1785 724 1988 802 προσέ-

343 819 535 889 θηκαν.
571 838 593 870 ι
629 850 697 861 -
727 813 971 888 Ηύξησάν
1023 837 1119 890 μοι
1162 817 1226 873 τὸ
1270 814 1441 892 ἄλγος
1489 821 1595 872 τῶν
1640 816 1986 893 τραυμάτων,

345 910 417 982 τῇ
481 907 761 982 προσθήκῃ
821 911 918 962 τοῦ
967 904 1297 979 ὀνειδισμοῦ’
1344 907 1380 975 ἢ
1425 912 1519 962 καῖ
1577 912 1678 976 τῆς
1728 925 1989 984 συκοφαν-

341 995 483 1069 τίας,
512 995 595 1051 ὅτι
622 995 809 1073 ταφεὶς
842 992 1106 1068 ἐκλάπην,
1138 992 1266 1051 ἀλλ’
1298 994 1396 1049 οὐκ
1424 994 1671 1065 ἀνέστηνο

416 1109 439 1138 ι
474 1083 713 1161 Πρόσθες
760 1083 987 1158 ἀνομὶαν
1030 1083 1146 1140 ,ἐπὶ
1202 1085 1301 1153 τήν
1352 1083 1580 1157 ἀνομίαν
1630 1082 1825 1139 αὐτῶν.
1862 1108 1892 1135 ››
1922 1116 1989 1126 -

337 1174 443 1238 Τάς
490 1174 738 1248 αὐξήσεις
795 1172 1055 1251 προλέγει
1120 1177 1229 1229 τῶν
1289 1168 1723 1247 συμϐησομένων
1787 1194 1993 1251 συμφο-

343 1268 450 1339 ρῶν
512 1269 630 1327 τοῖς
686 1261 972 1326 Ἰουδαίοις
1033 1283 1047 1296 ⁸
1106 1261 1331 1338 ἀνομίαν
1387 1264 1488 1338 γὰρ
1520 1261 1745 1319 ἐνταῦθα
1789 1263 1887 1332 νὴν
1922 1260 1993 1317 δι’

341 1352 609 1430 ἁμαρτίαν
643 1352 995 1429 ἐπαγομένην,
1014 1352 1286 1428 τιμωρίαν
1315 1352 1472 1431 φησί.

419 1463 442 1493 ι
474 1442 575 1500 Καὶ
606 1441 707 1499 οὐκ
761 1443 1147 1498 εἰσελθέτωσαν
1202 1441 1255 1498 ἐν
1310 1439 1620 1516 δικαιοσύνῃ
1677 1462 1793 1497 σου.
1847 1465 1875 1493 ››
1924 1475 1994 1486 -

346 1531 448 1587 Καὶ
504 1530 567 1587 οὐ
630 1532 707 1605 μὴ
765 1529 994 1588 ἔλθωσιν
1053 1531 1132 1595 εἰς
1186 1532 1250 1586 τὸ
1308 1528 1666 1601 δικαιωθῆναι
1720 1530 1867 1607 παρά
1896 1536 1993 1587 σοῦ

344 1620 436 1676 καὶ
466 1626 653 1697 τυχεῖν
684 1619 896 1685 ἐλέους.

416 1731 447 1763 «
479 1707 952 1788 Ἐζαλειφήτωσαν
1009 1708 1071 1766 ἐκ
1131 1704 1328 1786 βίϐλου
1386 1710 1622 1780 ζώντων.
1685 1733 1715 1762 ››
1744 1739 1815 1753 —
1844 1714 1994 1765 Ζῶν-

336 1818 434 1861 τας
490 1795 637 1874 λέγει
691 1797 822 1860 τοὺς
877 1796 1270 1876 κληρονόμους
1323 1800 1424 1869 τὴν
1484 1797 1536 1853 ἐν
1594 1797 1664 1873 τῇ
1745 1796 1995 1875 βασιλείᾳ

337 1891 447 1943 τῶν
466 1887 716 1963 οὐρανῶν
771 1889 914 1959 ζωὴν
956 1889 1063 1958 αήν
1114 1888 1358 1946 αἰώνιον.
1390 1883 1595 1945 Βίϐλον
1629 1886 1688 1944 δέ
1713 1893 1990 1964 τροπικῶς
2025 1923 2073 1989 Β

340 1975 438 2046 τήν
469 1975 613 2032 θείαν
644 1980 845 2053 γνῶσιν
877 1975 1054 2034 καλεῖ.

413 2088 444 2118 α
494 2065 596 2121 Καὶ
658 2067 792 2139 μετᾶ
846 2064 1067 2124 δικαίων
1126 2068 1202 2143 μὴ
1262 2069 1648 2147 γραφήτωσαν.
1706 2100 1776 2112 —-
1825 2073 1994 2124 Τοῦτο

335 2157 435 2210 τοῦ
466 2155 577 2210 ἄνω
608 2152 734 2235 ἐφερ
742 2155 1063 2229 μηνευτικόν
1074 2200 1086 2215 .

424 2243 690 2307 «Πτωχὸς
741 2245 837 2300 καὶ
889 2243 1074 2321 ἀλγῶν
1119 2244 1235 2320 εἰμὶ
1293 2244 1426 2322 ἐγώ.
1471 2270 1501 2298 ››
1530 2280 1600 2289 -
1627 2247 1863 2322 Ητωχὸς
1899 2246 1993 2321 μὲν

347 2332 377 2387 6
432 2331 635 2410 Κύριος
683 2335 821 2389 κατά
868 2334 1039 2411 σάρκα
1080 2334 1171 2393 καὶ
1216 2338 1325 2391 τῶν
1377 2334 1465 2391 ἐπὶ
1517 2338 1627 2411 γῆς
1682 2333 1996 2390 εὐτελέστα-

336 2441 431 2487 τος
466 2440 481 2454 ·
541 2418 723 2499 ἀλγῶν
782 2420 841 2478 δέ
869 2427 1013 2495 ,τοῖς
1070 2424 1140 2479 δι’
1194 2425 1344 2498 ἡμᾶς
1387 2425 1575 2481 πάθεσι
1603 2429 1701 2480 τοῦ
1729 2423 1996 2499 παναγίου

340 2508 438 2567 αὐτ
448 2513 507 2566 οὔ
540 2513 618 2566 σώ
626 2532 814 2585 ματος.

418 2622 449 2652 ι(
479 2600 542 2656 Ἠ
590 2601 837 2678 σωτηρία
885 2622 1003 2673 σου,
1057 2603 1085 2658 6
1134 2603 1287 2676 Θεὸς,
1333 2598 1658 2660 ἀντελάϐετό
1708 2624 1834 2677 μου.
1870 2626 1898 2656 ››
1929 2634 2000 2646 —-

339 2689 417 2745 Τὰ
471 2688 707 2755 ἐντεῦθεν
761 2692 1044 2767 προσώπῳ
1081 2693 1183 2762 τῆς
1230 2691 1576 2766 Ἐκκλησίας,
1624 2694 1688 2749 Ἡ
1735 2692 1840 2748 ἀπὸ
1902 2696 1999 2747 σοῦ

343 2777 607 2852 σωτηρία,
640 2776 933 2856 λεγοὺσης,
962 2780 1307 2858 ἠλευθέρωσέ
1340 2802 1408 2855 με
1434 2784 1534 2852 τῆς
1564 2779 1799 2855 πλάνης.

410 2891 441 2920 «
479 2866 580 2923 Καὶ
633 2866 813 2945 ἀρέσει
864 2874 945 2943 τῷ
1000 2871 1118 2942 Θεῷ
1178 2870 1311 2946 ὑπὲρ
1372 2870 1582 2947 μόσχον
1636 2870 1751 2927 νέον
1800 2870 1999 2948 κέρατα

338 2954 635 3036 ἐκφέροντα
679 2956 772 3014 καὶ
808 2956 1091 3029 ὁπλάςοξν
1136 2991 1206 3001 —
1256 2964 1516 3023 Τοιοῦτος
1543 2960 1648 3036 γὰρ
1681 2961 1710 3014 6
1741 2962 1864 3015 κατέ
1903 2961 1995 3015 νό-

338 3065 439 3119 μον
492 3044 760 3121 θυόμενος
818 3046 1052 3122 μόσχος,
1112 3048 1345 3123 ἀκμαῖος
1390 3045 1501 3120 ἤδη
1555 3067 1569 3081 ⁸
1616 3053 1781 3105 τοῦτο
1823 3051 1925 3127 γάρ
1956 3052 1992 3120 ἡ

334 3132 592 3214 ἀρτιφυΐα
617 3139 726 3191 τῶν
757 3135 995 3214 κεράτων
1026 3136 1114 3192 κσὶ
1142 3140 1249 3194 τῶν
1304 3137 1521 3215 ὀνύχων
1579 3135 1749 3195 δπλοῖ
1777 3157 1791 3171 ·
1855 3138 1994 3212 μᾶλ-

335 3218 435 3278 λον
485 3221 545 3279 δέ
597 3225 828 3296 τήντῆς
860 3232 1093 3300 νομικῆς
1124 3224 1372 3304 λατρείας
1426 3225 1688 3305 νέκρωσιν
1750 3226 1839 3283 διὰ
1888 3235 1989 3299 τῆς

336 3315 461 3367 τῶν.
503 3290 742 3388 κεράτων
784 3290 893 3370 ⁷καὶ
928 3290 939 3300 ’
978 3290 1166 3373 ὅπλων
1225 3290 1547 3393 νεκρότητος
1603 3316 1632 3371 6
1690 3290 1989 3395 Προφήτης
2023 3297 2066 3364 C
2104 3290 2167 3346 χι

335 3398 578 3476 ᾐνίξατο.

413 3513 436 3542 ι
470 3487 776 3547 Εἰδέτωσαν
848 3493 1071 3569 πτωχοὶ
1134 3492 1225 3549 καὶ
1305 3492 1778 3572 εὐφρανθὴτωσαν.
1830 3518 1859 3547 ››
1924 3530 1993 3538 -

337 3578 402 3633 Οἱ
431 3580 654 3657 πτωχοί
681 3580 866 3638 πιστοὶ
894 3578 1154 3639 ἰδέτωσαν
1184 3580 1285 3638 ὅσα
1314 3583 1344 3639 6
1389 3582 1588 3660 Κύριος
1635 3584 1876 3640 πέπονθε
1922 3582 1993 3639 δι’

335 3666 531 3725 αὐτοὺς
562 3669 653 3724 καὶ
684 3667 784 3725 ὅσα
805 3671 1153 3748 κατώρθωσε.

403 3782 434 3810 ‹‹
464 3759 586 3815 Ὅτι
616 3758 901 3832 εἰσήκουσε
934 3764 1043 3816 τῶν
1088 3762 1340 3832 πενήτων
1397 3761 1425 3817 6
1482 3761 1707 3838 Κύριος,
1746 3763 1838 3819 καὶ
1896 3783 1992 3817 πε-

328 3844 673 3921 πεδημένους
709 3845 876 3904 αὐτοῦ
931 3848 1031 3907 ούκ
1086 3847 1428 3921 ἐξουδένωσε.
1462 3874 1492 3902 ››
1522 3884 1594 3893 -
1623 3852 1706 3907 Ἐν
1750 3856 1831 3925 τῷ
1885 3852 1993 3929 πρὸ

331 3932 529 3990 τούτου
795 3936 921 4014 περί
948 3958 1058 3995 των
1091 3936 1298 4009 πεπεδη
1311 3938 1485 4012 μένων
1519 3936 1857 4010 διείληπται.

403 4043 435 4076 «ι
473 4024 594 4078 Ὅτι
635 4023 665 4077 6
710 4024 848 4088 Θεὸς,
898 4026 1073 4083 σώσει
1097 4028 1198 4095 τήν
1248 4028 1416 4101 Σιὼν,
1463 4028 1554 4083 καὶ
1620 4026 1993 4103 οἰκοδομηθή-

332 4131 517 4166 σονται
547 4112 604 4167 αἱ
632 4109 824 4176 πόλεις
870 4120 971 4185 τῆς
1017 4112 1305 4180 Ἰουδαίας.
1336 4143 1366 4171 ››
1396 4151 1466 4160 --
1497 4117 1640 4172 Σιὼν
1692 4116 1837 4195 λέγει
1886 4123 1991 4174 τῶν

334 4202 541 4256 πιστῶν
579 4199 909 4271 Ἐκκλησίαν
962 4203 1064 4273 τήν
1117 4203 1445 4276 καθολικήν⁶
1503 4205 1697 4270 πόλεις
1746 4203 1804 4261 δὲ
1860 4209 1992 4263 Ἰου-

336 4285 487 4353 δαίας
531 4290 628 4354 τὰς
674 4289 829 4347 κατὰ,
860 4288 1025 4368 μέρος
1077 4295 1417 4369 συναγωγὰς,
1448 4293 1504 4349 αἳ
1552 4292 1621 4349 δι’
1651 4293 1992 4373 ἐξομολογή-

329 4398 467 4441 σεως
546 4377 950 4457 προσέρχονται
1004 4383 1086 4454 τῷ
1144 4385 1380 4456 Χριστῷ·
1429 4380 1667 4440 Ἰουδαία
1722 4384 1826 4462 γὰρ
1879 4384 1992 4459 ἐξο-

333 4465 639 4546 μολόγησις
667 4466 725 4545 ἐρ
733 4468 1043 4543 μηνεύεται.

404 4580 436 4611 (ι
463 4556 565 4613 Καὶ
622 4560 1041 4631 κατοικήσουσιν
1110 4558 1224 4615 ἐκεῖ
1298 4559 1387 4615 καὶ
1472 4560 1988 4638 κληρονομήσουσιν

328 4645 519 4719 αὐτήν.
552 4671 583 4700 ››
612 4679 683 4691 --·
712 4648 777 4704 Οἱ
808 4645 1000 4705 δοῦλοί
1048 4670 1145 4705 σου
1195 4646 1438 4721 δηλαδὴ,
1467 4648 1712 4707 τουτέστι
1763 4652 1817 4707 οἱ
1865 4652 1996 4709 ἀπό-
2024 4667 2073 4733 Ι)

331 4733 521 4792 στολοι
551 4736 643 4793 καὶ
680 4737 734 4791 οἰ
788 4737 1074 4812 ποιμένες,
1105 4739 1180 4794 ὧν
1238 4738 1455 4815 σπέρμα
1511 4739 1562 4795 οἰ
1610 4741 1847 4814 μαθηταὶ
1904 4740 1995 4797 αύ-

330 4827 441 4881 τῶν
468 4824 802 4902 Χριστιανοί.

935 4938 1232 4994 ΨΑΛΜΟΣ
1268 4936 1399 4995 ΞΘ’.

408 5064 438 5093 ‹‹
475 5040 589 5105 Εἰς,
623 5041 690 5098 τὸ
726 5040 904 5106 ,τέλος
948 5046 1031 5115 τῷ
1070 5039 1255 5105 τΔαυῗίδ
1306 5028 1397 5108 -έίςι
1448 5043 1770 5120 ἀνάμνησιν,
1800 5046 1876 5109 εἰς
1933 5047 1995 5102 τὸ

332 5127 513 5187 σῶσαί
533 5131 861 5207 μετΚύριον..
888 5131 1041 5203 Θεὸς,
1073 5131 1153 5196 εἰς
1180 5132 1282 5202 τὴν
1322 5133 1602 5210 ,βοήθειάν
1662 5156 1769 5209 μου
1821 5135 2001 5212 πρόσω

330 5237 489 5296 σχες·
518 5218 715 5296 Κύριε,
754 5218 851 5283 εἰς,
884 5221 949 5279 τὸ
1002 5221 1278 5297 βοηθῆσαί
1327 5244 1425 5297 μοι
1472 5227 1727 5282 σπεῦσον.
1760 5250 1788 5277 ››
1828 5258 1898 5269 --
1924 5226 1996 5280 Τὸ

326 5313 397 5385 τῇ
458 5307 731 5389 ἐπιγραφῇ
795 5309 1156 5386 προκείμενον
1206 5312 1269 5368 τὸ
1319 5312 1398 5376 εἰς
1444 5314 1508 5369 τὸ
1558 5312 1728 5370 σῶσαί
1782 5336 1849 5391 με
1896 5314 1998 5370 K6-

329 5395 925 5476 ριον.’δηλαδὴ,-·τοῖς
979 5398 1279 5477 ἐξηγηταῖς
1336 5396 1662 5461 κώϐέλισταιο
1726 5400 1897 5475 δηλοῖ
1938 5401 1997 5459 δὲ

329 5486 485 5564 ὅμως
509 5487 597 5547 κιέν
648 5489 849 5565 βραχεῖ
893 5490 988 5545 τὸν
1030 5490 1241 5551 σκοπὸν
1283 5495 1384 5549 τοῦ
1431 5494 1676 5567 ψαλμοῦ·
1735 5493 1996 5567 συνθέμε-

330 5598 423 5641 νος
446 5578 552 5655 γᾶρ
584 5578 613 5634 6
639 5580 940 5657 Προφήτης
985 5577 1079 5635 τὸν
1137 5580 1381 5658 παρόντα
1414 5580 1651 5656 -ψαλμὸν
1698 5582 1759 5653 ἐξ
1808 5583 1882 5639 ὧν
1941 5582 1993 5639 ἐν

330 5670 412 5740 τῷ
442 5665 525 5742 λθ¹
542 5666 897 5746 επροείρηκαν
913 5666 1233 5745 πρόχειρον
1267 5669 1417 5747 εἶχεν
1459 5669 1543 5726 ἀεὶ
1582 5670 1679 5727 καὶ
1730 5668 1800 5725 δι’
1829 5671 1996 5727 αὐτοῦ

334 5760 437 5827 τῆς
476 5755 614 5813 κατὰ
655 5756 750 5813 τὸν
795 5755 1381 5837 Οὐρίανιπαρανομίας
1440 5758 1995 5837 ἀναμιμνησκόμενος

2097 638 2311 715 ἐχθρῶν
2367 641 2457 695 καὶ
2513 644 2621 694 τῶν
2683 639 2978 708 αἰσθητῶν,
3024 631 3150 705 ἤτοι
3209 634 3480 710 σωτηρίαν
3540 632 3601 689 ἐκ
3653 636 3752 687 τοῦ

2097 734 2252 797 Θεοῦ,
2308 730 2599 805 χρώμενος
2654 733 2734 801 τῷ
2784 726 3021 799 τοιούτῳ
3077 724 3282 800 ψαλμῶ
3357 723 3448 779 καὶ
3497 722 3586 795 οίᾳ
3650 721 3753 779 τινὶ

2099 815 2286 893 ἐπῳδῇ
2319 819 2455 873 κατά
2483 817 2658 888 πάσης
2688 812 3008 895 προσϐολῆς
3034 814 3304 870 παντοίων
3336 812 3550 889 ἐχθρῶν
3572 855 3585 870 .

2714 947 3011 999 ΨΑΛΜΟΣ
3052 941 3128 997 Ο’.

2174 1057 2202 1085 ‹‹
2227 1038 2314 1106 Τῷ
2364 1030 2526 1088 Δαυῒδ
2574 1032 2814 1107 ψαλμὸς,
2851 1036 2957 1086 τῶν
3019 1030 3149 1085 υἱῶν
3198 1022 3480 1094 Ἰωναδάϐ,
3508 1028 3599 1082 καί
3642 1031 3751 1083 τῶν

2100 1124 2333 1199 πρώτων
2396 1120 2974 1197 αἰχμαλωτισθέντων.
3028 1143 3057 1172 ››
3108 1151 3179 1159 -
3234 1117 3522 1191 Προσώπῳ
3578 1113 3753 1172 τῶνδε

2101 1211 2423 1267 συντέθειται
2458 1213 2485 1266 6
2525 1209 2768 1285 ψαλμὸς,
2802 1207 3026 1283 ἁρμόζει
3061 1204 3119 1262 δέ
3160 1211 3275 1268 τοῖς
3324 1212 3427 1275 τῆς
3485 1199 3753 1267 εὐσεϐείας

2101 1301 2450 1376 ἀγωνισταῖς,
2503 1300 2604 1355 ὑπὸ
2656 1299 2929 1369 αἰσθητῶν
2984 1293 3408 1370 πολεμουμένης
3473 1293 3562 1350 καὶ
3628 1315 3754 1350 νοου

2107 1390 2200 1465 μέν
2208 1412 2280 1446 ων
2312 1391 2523 1466 ἐχθρῶν
2535 1434 2548 1446 .

2174 1505 2203 1533 ‹‹
2238 1480 2359 1536 Ἐπὶ
2391 1481 2496 1550 σοὶ,
2533 1478 2715 1555 Κύριε,
2768 1475 3000 1548 ἤλπισα,
3038 1476 3112 1550 μὴ
3166 1471 3617 1549 καταισχυνθείην
3677 1472 3755 1536 εἰς

2100 1571 2193 1626 τὸν
2248 1569 2437 1625 αἰῶνα.
2503 1594 2530 1620 ››
2582 1601 2649 1610 -
2706 1571 2857 1640 ’Ἅμα
2912 1569 2992 1638 τῷ
3044 1566 3309 1641 τεχθῆναι
3358 1560 3448 1619 ἐπὶ
3497 1563 3556 1618 σὲ
3583 1559 3753 1637 ἡδρά-

2104 1661 2233 1730 σθην
2267 1660 2342 1722 ὡς
2376 1659 2463 1714 ἐπὶ
2496 1657 2775 1735 ἔῤῥεισμα.

2176 1774 2204 1803 ‹‹
2236 1750 2325 1805 Ἐν
2357 1749 2441 1804 σοί
2471 1751 2506 1819 ἡ
2538 1746 2767 1821 ὕμνησίς
2829 1767 2933 1820 μου
2991 1742 3301 1805 διαπαντός.
3340 1767 3361 1794 ι
3398 1775 3467 1784 —
3513 1742 3604 1813 Σὲ,
3651 1764 3756 1821 φη-

2106 1839 2208 1911 σὶν,
2245 1839 2325 1893 ἀεὶ
2359 1839 2533 1911 ὑμνῶ·
2566 1839 2628 1893 τὸ
2661 1841 2789 1913 γοῦν
2824 1835 2876 1891 ἐν
2909 1835 3016 1906 σοὶ,
3050 1833 3167 1889 ἀντὶ
3192 1837 3289 1888 τοῦ
3320 1831 3396 1894 εἰς
3425 1830 3501 1888 σέ.

2177 1952 2205 1980 ‹‹
2237 1927 2379 1983 Ὠσεί
2460 1928 2626 2004 τέρας
2687 1925 2951 2000 ἐγενήθην
3021 1928 3140 1986 τοῖς
3215 1919 3495 1984 πολλοῖςυ
3530 1919 3620 1975 καὶ
3693 1918 3755 1975 σὺ

2108 2017 2308 2094 βοηθός
2369 2038 2472 2091 μου
2528 2014 2805 2093 κραταιός.
2838 2036 2866 2070 ιι
2911 2046 2980 2057 --
3039 2012 3326 2074 Συντακεὶς
3368 2010 3473 2066 ὑπὸ
3508 2008 3758 2081 νηστείας

2104 2107 2194 2163 καὶ
2228 2104 2619 2177 σακκενδυτῶν,
2651 2105 2741 2160 καὶ
2790 2101 3044 2181 εἰδεχθὴς
3104 2100 3164 2157 ἐκ
3218 2099 3425 2171 λύπης,
3458 2098 3759 2178 φερόμενος

2106 2196 2274 2252 οἱονεὶ
2326 2197 2483 2272 τέρας
2535 2193 2828 2270 ἐνομίσθην
2884 2198 3003 2256 τοῖς
3059 2189 3332 2268 χυδαίοις,
3365 2187 3493 2245 ἀλλ’
3524 2188 3586 2245 ού
3642 2193 3760 2252 τοῖς

2106 2284 2358 2365 ἔμφροσι.

2182 2362 2603 2453 αίΠληρωθήτω
2676 2374 2739 2429 τὸ
2810 2372 2984 2446 στόμα
3058 2362 3162 2445 μου
3248 2370 3525 2439 αἰνέσεως,
3610 2364 3759 2430 ὅπως

2109 2466 2338 2539 ὑμνήσω
2387 2466 2486 2534 τήν
2538 2462 2691 2535 δόξαν
2742 2484 2860 2535 σου,
2893 2460 3029 2532 ὅλην
3070 2462 3168 2529 τὴν
3210 2459 3420 2534 ἡμέραν
3448 2458 3547 2528 τήν
3598 2478 3760 2533 μεγα-

2108 2552 2436 2629 λοπρέπειάν
2474 2575 2589 2611 σου.
2628 2576 2656 2605 ››
2687 2586 2754 2595 -
2782 2554 2853 2607 Τὸ
2900 2551 3255 2627 πληρωθήτω
3304 2547 3421 2603 ἀντὶ
3468 2550 3568 2604 τοῦ
3613 2545 3760 2618 πλη-

2109 2643 2330 2721 ρωθείη,
2364 2643 2439 2705 ὡς
2468 2641 2528 2697 ἂν
2563 2643 2812 2716 ὑμνήσω,
2845 2640 2998 2719 φησί,
3042 2640 3141 2709 τὴν
3206 2634 3580 2715 μεγαλοσύνην
3640 2656 3758 2709 σου,

2108 2733 2197 2789 καὶ
2249 2733 2357 2809 οὐχ
2414 2732 2572 2803 ἅπαξ,
2603 2729 2731 2786 ἀλλ’
2787 2728 2926 2801 ὅλην
2975 2730 3074 2798 τῆν
3106 2726 3335 2805 ἡμέραν,
3365 2724 3608 2782 τουτέστι
3641 2723 3758 2782 δια-

2106 2822 2330 2885 παντός.

2179 2936 2207 2964 ‹‹
2240 2913 2330 2981 Μὴ
2406 2908 2712 2988 ἀποῤῥίψῃς
2792 2930 2858 2983 με
2926 2907 3001 2970 εἰς
3056 2907 3240 2981 καιρὸν
3300 2907 3508 2981 γήρωςο
3569 2903 3621 2959 ἐν
3678 2908 3760 2977 τῷ

2105 2999 2372 3057 ἐκλείπειν
2421 3001 2521 3069 τήν
2568 2997 2749 3075 ἰσχὺν,
2785 2998 2860 3071 μὴ
2913 2993 3285 3073 ἐγκαταλίπῃξ
3328 3015 3415 3067 με.
3452 3016 3482 3045 ››
3514 3026 3584 3036 -
3611 2994 3669 3047 Ὀ
3699 2992 3760 3048 ἐκ

2100 3090 2360 3161 νεότητος
2394 3089 2609 3166 βοηθῶν
2647 3108 2739 3157 μοι
2775 3087 2850 3161 μὴ
2884 3086 3075 3160 ἀπώσῃ
3108 3106 3177 3159 με
3205 3082 3257 3139 ἐν
3300 3086 3380 3156 τῷ
3431 3085 3606 3158 καιρῷ
3658 3086 3758 3137 τοῦ

2100 3182 2306 3258 γήρως
2356 3186 2527 3256 γῆρας
2577 3174 2635 3233 δὲ
2672 3181 2873 3232 νοεῖται
2921 3173 3012 3230 καὶ
3051 3176 3087 3245 ἡ
3120 3172 3356 3250 ἁμαρτίιο
3395 3169 3486 3228 διὰ
3530 3172 3629 3242 τήν
3657 3174 3756 3247 ψυ-

2169 3270 2271 3338 κὴν
2303 3267 2541 3324 ἀτονίαν.
3456 3286 3461 3291 -

2175 3382 2204 3411 ‹‹
2237 3361 2354 3413 Ὅτι
2419 3356 2566 3412 εἶπον
2627 3356 2679 3409 0'1
2736 3353 2926 3430 ἐχθροί
2986 3374 3093 3428 μου
3152 3350 3296 3426 ἐμοί.
3331 3374 3360 3403 ››
3392 3351 3558 3407 -Τὸ
3608 3350 3758 3426 ἐμοὶ,

2102 3448 2220 3503 ἀντὶ
2273 3450 2371 3502 νοῦ
2428 3446 2511 3502 ἐπ’
2559 3444 2706 3519 ἐμοὶ,
2736 3462 2981 3499 τουτεστι
3035 3439 3105 3497 δι’
3155 3440 3273 3515 ἐμέ·
3328 3440 3477 3497 εἶπον
3511 3437 3570 3498 δὲ
3624 3440 3762 3519 πρὸς

2105 3536 2414 3608 ἀλλήλους.

2178 3651 2208 3681 ‹‹
2240 3626 2340 3682 Καὶ
2372 3626 2426 3682 0'1
2456 3623 2818 3705 φυλάσσοννες
2847 3622 2946 3692 τήν
2980 3623 3165 3697 ψυχήν
3220 3641 3325 3695 μου
3371 3615 3759 3677 ἐϐουλεύσαντο

2105 3715 2193 3772 ἐπὶ
2221 3715 2285 3772 τὸ
2315 3714 2598 3773 αύτό.››-
2620 3711 3004 3774 Φυλάσσοντας
3036 3710 3185 3785 λέγει
3209 3709 3339 3773 τοὺς
3371 3708 3760 3787 ἐπιτηροῦντάς

2102 3825 2164 3859 τε
2190 3804 2282 3860 καὶ
2311 3798 2780 3864 ἐπιϐουλεύοντας.

2180 3917 2209 3946 ‹‹
2252 3895 2308 3948 Ὁ
2348 3891 2478 3955 Θεός
2539 3913 2666 3965 μου,
2720 3891 2796 3964 μὴ
2856 3886 3130 3965 μακρύνῃς
3180 3888 3272 3942 ἀπ’
3329 3886 3485 3961 ἐμοῦ⁸
3546 3888 3575 3943 6
3631 3886 3764 3950 Θεός

2111 4003 2237 4056 μου,
2270 3981 2347 4044 εἰς
2382 3982 2482 4050 τὴν
2533 3978 2788 4056 βοήθειάν
2844 3999 2949 4052 μου
2998 3976 3293 4053 πρόσσχες.
3332 3998 3361 4028 ››
3393 4008 3461 4020 -
3490 3975 3761 4051 Μακρύνει

2106 4072 2135 4126 6
2193 4070 2322 4133 θεὸς
2383 4069 2446 4125 οὐ
2495 4069 2613 4124 κατ’
2669 4066 2877 4135 οὐσίαν,
2923 4065 3172 4142 ἀόριστος
3233 4066 3363 4141 γὰρ,
3421 4063 3568 4121 ἀλλά
3629 4067 3766 4121 κατά

2103 4160 2380 4237 πρόνοιαν,
2440 4157 2565 4213 ὅταν
2628 4153 2732 4212 ὑπὸ
2808 4161 2907 4225 τῆς
2979 4151 3247 4217 δυσωδιας
3319 4151 3587 4225 διώκηται
3658 4158 3764 4210 τῶν

2103 4249 2381 4325 ἀμαρτιῶν
2412 4250 2595 4321 ἡμῶν.

2176 4362 2204 4391 ‹‹
2238 4339 2377 4413 Ἐγὼ
2431 4333 2490 4391 δὲ
2539 4333 2826 4397 διαπαντὸς
2874 4331 3051 4389 ἐλπιῶ
3098 4333 3187 4389 ἐπὶ
3237 4334 3315 4401 σὲ,
3346 4330 3438 4389 καὶ
3466 4334 3761 4409 προσθήσω

2104 4425 2193 4483 ἐπὶ
2239 4432 2410 4482 πᾶσαν
2464 4425 2561 4495 τὴν
2631 4420 2832 4480 αἰ¹νεσίν
2884 4443 3000 4478 σου.
3057 4446 3086 4475 ››
3135 4455 3205 4464 -
3253 4428 3433 4478 Πᾶσαν
3483 4421 3628 4479 εἶπεν
3676 4420 3762 4477 6'11

2102 4514 2165 4571 ού
2198 4512 2288 4570 διὰ
2317 4514 2499 4589 λόγων
2537 4511 2724 4587 μόνον,
2756 4510 2903 4568 ἀλλά
2947 4511 3038 4566 καὶ
3089 4508 3159 4566 δι’
3208 4505 3378 4588 ἔργων
3430 4508 3571 4566 ἐστίν
3623 4507 3763 4566 αἴνε-

2102 4621 2207 4667 σις·
2269 4602 2399 4682 φησί
2454 4602 2558 4679 γὰρ
2619 4602 2647 4656 6
2710 4602 2928 4678 Σωτήρ,
2972 4624 3002 4653 ι(
3052 4603 3240 4664 Ὅπως
3298 4598 3455 4656 ἴδωσι
3497 4599 3566 4655 τὰ
3617 4599 3762 4656 καλᾶ

2104 4686 2235 4770 ἔργα
2265 4693 2415 4766 ὑμῶν
2448 4690 2538 4747 καὶ
2571 4688 2835 4763 δοξάζωσι
2866 4690 2957 4745 τὸν
2989 4690 3203 4767 Πατέρα
3258 4690 3411 4764 ὑμῶν
3436 4690 3528 4746 τὸν
3564 4688 3617 4745 ἐν
3646 4694 3763 4753 τοῖς

2105 4780 2374 4858 οὐρανοῖς,
2406 4804 2434 4831 ››

2180 4893 2211 4923 ι(
2250 4872 2368 4924 Ὅτι
2442 4867 2542 4923 οὐκ
2605 4866 2774 4945 ἔγνων
2837 4865 3234 4944 γραμματείοις,
3287 4891 3310 4921 ι
3369 4898 3442 4909 -
3497 4864 3759 4942 Ὑποσχό-

2109 4980 2271 5034 μενος
2327 4956 2645 5035 ἀναγγεῖλαι
2695 4958 2796 5027 τήν
2850 4961 2946 5012 τοῦ
3002 4960 3136 5012 Θεοῦ
3166 4953 3513 5027 δικαιοσύνην
3540 4954 3630 5011 καὶ
3658 4957 3760 5025 τήν

2104 5050 2231 5127 παρ’
2291 5047 2456 5104 αὐτοῦ
2511 5045 2804 5120 σωτηρίαν·
2868 5044 2981 5100 εἶτα
3037 5044 3211 5107 συνεὶς
3284 5043 3366 5100 6'11
3444 5043 3544 5100 οὐκ
3619 5039 3760 5099 ἔστιν

2104 5138 2311 5209 ἱκανὸς,
2348 5140 2706 5215 μετροφρονεῖ
2762 5133 2962 5211 λέγων’
3025 5134 3172 5190 Διότι
3231 5132 3332 5189 ούκ
3372 5130 3572 5208 ἔμαθον
3606 5155 3760 5212 σοφι-

2107 5225 2286 5289 στείας
2367 5226 2623 5301 τεχνικάς
2682 5222 2746 5279 ἰ¹ν’
2802 5222 3037 5279 ἐντεῦθεν
3113 5221 3324 5295 δυνηθῶ
3381 5222 3542 5295 ἀξίως
3596 5223 3761 5299 ἀναγ-

2105 5315 2306 5393 γελεῖν’
2355 5312 2446 5369 διὰ
2488 5318 2656 5370 τοῦτο
2734 5311 3111 5386 εἰσελεύσομαι
3157 5312 3234 5375 εἰς
3293 5313 3394 5382 τὴν
3468 5312 3758 5389 ὑπόσχεσιν

2106 5404 2157 5459 ἐν
2209 5408 2278 5479 τῇ
2333 5409 2430 5459 τοῖ’)
2462 5408 2597 5459 Θεοῦ
2628 5400 2877 5477 δυνάμει,
2924 5402 3015 5457 καὶ
3055 5402 3223 5477 ταύτῃ
3275 5402 3487 5480 θαρρῶν
3550 5401 3761 5479 ἐπιχει-

2107 5494 2259 5569 ρήσω
2286 5490 2367 5565 τῷ
2396 5488 2742 5567 ἀναγγεῖλαι.

2183 5605 2204 5633 ι
2242 5580 2429 5657 Κύριε·
2495 5581 2884 5653 μνησθήσομαι
2940 5586 3041 5649 τῆς
3102 5578 3451 5659 δικαιοσςινης
3501 5601 3598 5636 σου
3656 5581 3757 5654 μό-

2104 5691 2217 5727 νου.
2274 5693 2303 5722 ››
2335 5703 2406 5713 --
2436 5669 2615 5725 Μόνου
2672 5668 2814 5723 εἶπεν
2867 5667 3047 5742 ὥσπερ
3106 5670 3152 5726 εἰ
3207 5668 3388 5748 ἔλεγε,
3450 5670 3526 5726 Σὺ
3589 5670 3757 5745 μόνος

2109 5757 2344 5823 δικάσεις
2375 5761 2508 5835 ἡμῖν
2539 5779 2600 5814 τε
2627 5757 2717 5814 καὶ
2746 5762 2865 5824 τοῖς
2895 5758 3140 5839 ἐχθροῖς.
