4066 6506
177 417 205 482 1
218 423 336 490 499

1433 431 1859 500 NICEPHORI
1901 435 2342 504 BLEMMIDE

3436 445 3610 512 1500
3645 455 3652 472 ³

252 582 274 610 α
307 557 550 657 Ὁωθεὸς,
582 555 824 657 ἐδίδαξάς
879 585 954 657 με
1010 561 1070 621 έκ
1124 564 1382 657 νεοτητός
1432 589 1536 642 μου
1583 568 1673 624 καὶ
1733 569 1828 642 μέ·
1859 574 1914 640 Α
1945 570 2110 628 Δαυὶδ
2159 569 2288 629 ὅντα
2338 574 2474 632 υἱόν.
2509 577 2696 653 Κρῖμα
2744 572 2802 633 δὲ
2839 575 3090 654 ὠνόμασε
3144 577 3246 651 τήν
3300 577 3500 657 κρίσιν,
3535 580 3610 637 οὗ

178 665 276 722 χρι
333 654 425 704 νῦν
485 650 782 728 ἀπαγγελῶ
835 655 901 709 τά
959 655 1231 729 θαυμάσιά
1283 678 1400 714 σου.
1446 681 1474 710 ››
1519 691 1587 700 -
1635 659 1826 733 Ὑπερ-

178 731 434 807 ϐατικῶς,
468 741 530 797 Ὀ
559 741 688 803 Θεός
734 763 858 816 μου,
903 743 1202 819 ἀπαγγελῶ
1254 747 1321 800 τά
1377 745 1653 818 Θαυμάσιά
1708 731 1827 814 σου,

177 825 209 878 ἃ
240 823 480 899 ἐδίδαξάς
512 851 579 902 με
613 829 671 885 ἐκ
708 831 964 903 νεότητός
1027 855 1130 906 μου
1181 834 1272 888 καὶ
1333 835 1498 911 μέχρι
1555 839 1653 890 τοῦ
1707 839 1818 907 νῦν,

173 917 243 970 τά
269 937 328 971 τε
358 917 408 971 ἐν
456 915 670 992 βίϐλοις
721 922 1094 996 γεγραμμένα,
1125 924 1215 978 καὶ
1254 922 1351 978 ὅσα
1407 923 1460 978 ἐν
1515 928 1635 986 ταῖς
1695 925 1831 998 ἠμέ-

182 1024 301 1080 ραις
336 1028 441 1079 μου
467 1009 766 1084 γεγόνασιν.

247 1118 277 1147 ‹‹
309 1096 408 1150 Καὶ
457 1093 562 1160 ἕως
612 1099 800 1174 γήρως
843 1099 933 1154 καὶ
984 1094 1294 1175 πρεσϐείου,
1329 1102 1356 1156 6
1399 1101 1528 1164 Θεός
1583 1123 1708 1174 μου,
1749 1101 1826 1174 μὴ

177 1181 545 1260 ἐγκαταλίπῃς
609 1208 693 1259 με.
743 1209 770 1242 η
824 1221 890 1230 —
946 1190 1021 1245 Τὸ
1076 1188 1178 1252 ἓως
1236 1189 1505 1264 ἀόριστον,
1568 1187 1826 1262 ἰδιώματι

177 1279 446 1352 γραφικῷ.
480 1271 772 1351 Πρεσϐεῖον
828 1274 886 1333 δὲ
933 1278 996 1333 τὸ
1026 1274 1258 1354 ἔσχατον
1285 1279 1461 1354 γῆράς
1512 1278 1674 1347 ἐστιν,
1706 1276 1826 1343 ὅθεν

178 1363 266 1416 καὶ
298 1359 625 1438 πρεσϐύτης.

247 1476 275 1503 ‹‹
308 1454 415 1522 Τήν
459 1451 764 1510 δυναστείαν
807 1477 902 1511 σου
950 1457 1040 1511 καὶ
1086 1458 1184 1527 τήν
1235 1454 1582 1528 δικαιοσύνην
1642 1477 1760 1513 σου.
1799 1478 1822 1508 ι

180 1573 250 1583 --
284 1542 422 1597 Ἀπὸ
477 1549 663 1598 κοινοῦ
709 1546 790 1616 τὸ,
826 1569 855 1597 ‹‹
885 1542 988 1608 ἓῶς
1045 1546 1104 1601 ἃν
1149 1545 1492 1622 ἀπαγγείλω.
1526 1569 1555 1598 ››
1588 1547 1741 1601 Ἔστι
1771 1541 1829 1599 δὲ

178 1631 214 1698 ἡ
265 1627 539 1686 δυναστεία
609 1632 1062 1710 ἐφερμηνευτικὸν
1120 1639 1218 1690 τοῦ
1291 1635 1609 1712 βραχίονος.
1657 1634 1729 1690 Τὸ
1781 1631 1831 1689 δ’

181 1718 304 1791 ἑξῆς
363 1715 696 1794 ὑπερϐατῶς,
734 1724 834 1793 τήν
890 1720 996 1786 ἕως
1043 1728 1148 1778 τῶν
1210 1724 1447 1798 ὑψίστων
1481 1722 1825 1794 δικαιοσύνην

179 1829 297 1867 σου.
329 1812 573 1884 ’Ύψιστοι
603 1809 681 1884 δὲ,
712 1812 986 1869 τουτέστιν
1017 1813 1374 1888 ὑψηλότατοι,
1408 1814 1460 1868 οἱ
1493 1812 1734 1888 οὐρανοί.

255 1923 274 1950 ι
309 1900 366 1952 Ὀ
395 1899 545 1972 Θεὸς,
577 1897 682 1964 ἕως
711 1906 819 1956 τῶν
853 1902 1088 1976 ὑψίστων
1121 1903 1156 1957 ἃ
1180 1902 1438 1974 ἐποίησας
1472 1901 1756 1977 μεγαλεῖα.
1793 1927 1815 1954 ι

177 2021 246 2030 -
274 1988 345 2043 Τὸ
375 1989 408 2044 ἃ
434 1990 523 2045 καὶ
552 1991 615 2046 τὸ
647 1990 774 2054 ὅσας
805 1993 1012 2062 ἠθικῶς
1041 1991 1405 2069 ἀναγνωστέον
1432 1991 1538 2047 ἀπὸ
1579 1989 1822 2068 καρδίας⁶

179 2077 295 2132 εἶτα
349 2078 655 2135 ἐπενεκτέον
709 2082 771 2137 τὸ
803 2079 948 2153 ἑξῆς,
979 2080 1065 2137 ὅτι
1112 2080 1328 2145 πολλὰς
1376 2081 1467 2136 καὶ
1519 2081 1827 2144 κακωτικάς

180 2163 352 2222 εἷ’τουν
389 2168 626 2245 βαρείας.

253 2258 474 2320 «Ὅσας
529 2255 731 2329 ἔδειξάς
793 2280 886 2332 μοι
944 2258 1157 2333 θλίψεις
1215 2258 1431 2322 πολλάς
1500 2259 1592 2314 καὶ
1661 2259 1830 2321 κακὰς

177 2345 267 2399 καὶ
298 2345 620 2420 ἐπιστρέψας
649 2346 991 2417 έζωποίησάς
1043 2367 1129 2420 με·
1161 2347 1252 2403 καὶ
1310 2346 1369 2402 ἐκ
1423 2351 1531 2402 τῶν
1582 2341 1829 2402 ἀϐύσσων

184 2439 286 2502 τῆς
314 2441 418 2508 γῆς
449 2433 714 2513 ἀνήγαγές
776 2457 862 2510 με.
913 2459 943 2488 ››
972 2470 1039 2479 -
1069 2435 1289 2510 Θανάτῳ
1345 2435 1450 2514 γὰρ
1481 2437 1536 2491 αἱ
1568 2433 1830 2515 σφροδραὶ

183 2521 393 2596 θλίψεις
422 2523 679 2582 ἐοίκασιν.

250 2635 279 2665 ι(
309 2611 668 2677 Ἐπλεόνασας
720 2615 801 2670 ἐπ’
856 2615 954 2690 ἐμὲ
991 2616 1091 2686 τὴν
1129 2615 1528 2690 μεγαλωσύνην
1559 2636 1675 2672 σου.
1701 2639 1731 2668 ››
1763 2647 1832 2658 -

189 2698 335 2756 Ἀντί
363 2705 461 2757 τοῦ
490 2700 916 2778 ἐπεδαψιλεύσω.

255 2814 284 2841 ‹‹
316 2789 415 2845 Καὶ
461 2793 563 2868 γὰρ
614 2792 723 2868 ἐγὼ
773 2792 1255 2870 ἐξομολογήσομαί
1295 2815 1379 2849 σοι
1411 2793 1463 2849 ἐν
1496 2793 1675 2864 λαοῖς,
1729 2792 1832 2848 Κύ-

183 2898 283 2954 ριε’
320 2903 349 2932 ››
379 2914 448 2922 —
476 2885 530 2934 Ὀ
557 2883 658 2958 γὰρ
689 2880 986 2956 σύνδεσμος
1015 2881 1294 2959 παρέλκει.
1487 2911 1490 2914 ~

253 2993 280 3021 (ο
317 2970 401 3024 Ἐν
434 2971 640 3026 σκεύεσι
672 2971 898 3046 ψαλμοῦ
952 2974 1052 3042 τῆν
1101 2973 1358 3044 ἀλήθειάν
1391 2993 1509 3045 σου,
1543 2977 1572 3027 ὸ
1615 2971 1767 3034 Θέος.
1803 2993 1832 3022 ››

180 3090 249 3100 -
280 3059 455 3131 Σκεύη
512 3058 748 3134 ψαλμῶν
804 3063 873 3117 τὰ
931 3059 1165 3141 διάφορα
1220 3059 1338 3133 εἷ’δη
1393 3065 1502 3116 τῶν
1557 3062 1831 3134 μουσικῶν

180 3145 449 3223 ὀργάνων,
480 3149 517 3218 ἢ
548 3149 639 3204 καὶ
668 3150 802 3206 αύτά
828 3152 896 3206 τά
931 3149 1215 3226 ψάλλοντα
1267 3146 1474 3228 ὄργανα
1528 3148 1829 3229 φωνητικά’

177 3236 266 3292 καὶ
299 3234 486 3300 ἄλλως
519 3235 577 3293 δὲ
603 3241 670 3294 τά
693 3237 810 3311 εἴδη
843 3239 933 3295 καὶ
964 3241 1018 3296 οἱ
1052 3247 1397 3317 χαρακτῆρες
1455 3243 1564 3294 τῶν
1623 3237 1829 3312 ὕμνων·

183 3325 532 3403 ἀναγωγικῶς
567 3325 624 3383 δὲ
651 3328 740 3383 καὶ
769 3333 876 3383 τῶν
907 3333 1110 3384 πιστῶν
1143 3329 1198 3383 αἱ
1222 3327 1418 3404 ψυχαί.

255 3440 284 3467 ‹‹
316 3413 494 3471 Ψαλῶ
521 3437 609 3472 σοι
638 3415 689 3472 ἐν
721 3417 934 3492 κιθάρᾳ,
967 3419 994 3473 ὁ
1026 3418 1183 3492 ἅγιος
1211 3421 1310 3472 τοῦ
1342 3414 1586 3494 Ἰσραήλ.
1615 3439 1643 3468 ››
1674 3449 1742 3459 -
1771 3417 1834 3470 Ἡ

183 3506 378 3582 κιθάρα
407 3506 658 3581 ἀνάγεται
704 3505 782 3569 είς
811 3507 911 3576 τὴν
952 3509 1157 3583 ψυχήν·
1190 3508 1345 3582 ἅγιος
1375 3503 1434 3562 δὲ
1459 3511 1558 3562 τοῦ
1590 3503 1834 3583 Ἰσραὴλ,

187 3594 215 3649 6
248 3595 486 3670 ἁγιάζων
516 3596 607 3650 τὸν
637 3594 879 3669 Ἰσραήλ.

259 3706 290 3734 α
319 3681 740 3758 Ἀγαλλιάσεται
772 3685 840 3739 τά
867 3683 1032 3762 χείλη
1069 3706 1174 3758 μου
1206 3685 1329 3741 ὅταν
1362 3681 1526 3759 ψαλῶ
1558 3702 1662 3738 σοι·
1687 3683 1777 3738 καὶ
1799 3685 1835 3752 ἡ

186 3774 339 3849 ψυχή
377 3794 481 3847 μου
510 3774 572 3843 ἣν
602 3772 916 3851 ἐλυτρώσω.
950 3799 978 3828 ››
1011 3807 1081 3817 —
1110 3774 1195 3846 Ἐξ
1226 3775 1433 3850 ὁρατῶν
1481 3769 1697 3843 δηλαδή
1745 3771 1839 3828 καὶ

188 3862 432 3938 ἀοράτων
466 3861 698 3940 ἐχθρῶν.

263 3975 290 4003 ‹‹
319 3953 438 4006 Ἔτι
470 3949 528 4007 δὲ
558 3951 647 4006 καὶ
678 3954 713 4022 ἡ
743 3950 965 4028 γλῶσσά
997 3974 1102 4026 μου
1135 3950 1271 4023 ὅλην
1319 3953 1419 4021 τὴν
1473 3951 1682 4028 ἡμέραν
1745 3971 1839 4024 με·

193 4038 410 4110 λετήσει
439 4043 537 4110 τήν
572 4038 924 4112 δικαιοσύνην
957 4063 1075 4098 σου.
1108 4067 1137 4095 ››
1171 4075 1239 4083 -
1259 4041 1330 4097 Τὸ
1383 4038 1691 4116 μελετήσει,
1723 4039 1841 4096 ἀντὶ

187 4133 284 4183 τοῦ
317 4129 593 4203 ἐπιμόνως
625 4129 876 4201 λαλήσει.

266 4242 295 4271 ‹‹
324 4220 485 4274 Ὅταν
543 4218 876 4295 αἰσχυνθῶσι
931 4221 1022 4275 καὶ
1079 4219 1407 4296 ἐντραπῶσιν
1466 4219 1519 4274 οἱ
1555 4222 1840 4289 ζητοῦντες

189 4307 258 4361 τὰ
313 4308 452 4362 κακά
501 4329 616 4380 μοι.
650 4333 679 4360 ››
719 4341 790 4352 -—-
825 4308 1021 4366 Τέλεον
1065 4311 1168 4386 γάρ
1216 4306 1552 4384 ἀπαλλαγεὶς
1598 4311 1708 4363 τῶν
1751 4305 1843 4382 ἒχ-

192 4397 333 4472 θρῶν
390 4396 802 4472 ἀπερισπάστως
853 4395 1182 4475 ἐνδιατρίψω
1235 4399 1326 4453 καὶ
1386 4397 1841 4476 ἐμφιλοχωρήσω

190 4491 306 4548 τοῖς
340 4483 534 4559 ὕμνοις
564 4508 681 4544 σου.

778 4669 1072 4724 ΨΑΛΜΟΣ
1121 4671 1242 4722 ΟΔ¹.

269 4836 296 4863 ‹‹
326 4811 423 4874 Εἷς
479 4809 836 4882 Σολομῶντα.
882 4832 912 4860 ››
961 4841 1031 4852 ——
1073 4809 1240 4872 Οὗτος
1288 4811 1316 4864 ὁ
1363 4810 1584 4884 ψαλμὸς
1638 4805 1846 4885 προδή-

194 4900 307 4963 λως
359 4900 436 4963 εἷς
490 4900 582 4954 τὸν
641 4899 1060 4973 εἰρηνικώτατον
1115 4898 1308 4976 ἐρρέθη
1366 4898 1615 4975 Χριστόν·
1651 4900 1679 4954 6
1738 4903 1843 4973 γὰρ

194 4989 465 5064 Σολομῶν
494 4985 617 5044 οὔτε
645 4989 1049 5062 συμπαρέμεινε
1092 4992 1172 5060 τῷ
1215 4985 1364 5060 ἡλίῳ
1419 4985 1543 5042 οὕτε
1589 4987 1695 5064 πρὸ
1740 4991 1843 5057 τῆς

194 5079 432 5151 σελήνης
489 5079 576 5150 ἧν,
609 5074 733 5132 οὔτε
786 5074 1129 5154 κατεκυρίευε
1181 5080 1290 5132 τῶν
1317 5075 1562 5154 περάτων
1589 5083 1687 5146 τῆς
1717 5077 1844 5152 γῆς,

196 5166 320 5225 οὔτε
347 5169 453 5245 πρὸ
481 5171 578 5223 τοῦ
609 5165 773 5237 ἡλίου
799 5165 864 5220 τὸ
892 5161 1068 5240 ὄνομα
1097 5164 1282 5222 αὐτοῦ.

271 5282 299 5310 ‹‹
330 5259 481 5328 Θεὸς,
511 5257 573 5313 τὸ
602 5256 775 5334 κρῖμά
803 5277 898 5310 σου
933 5253 1148 5332 βασιλεῖ
1178 5252 1290 5324 δὸς,
1340 5255 1430 5310 καὶ
1487 5257 1585 5326 τήν
1645 5253 1849 5311 δικαιο-

195 5367 358 5418 συνην
411 5351 492 5418 τῷ
543 5347 645 5418 υἱῷ
693 5349 792 5400 τοῦ
852 5343 1140 5421 βασιλέως.
1175 5368 1204 5397 ››
1259 5377 1330 5388 —-
1383 5346 1761 5422 Προεωρακὼς
1819 5344 1848 5399 ὁ

198 5433 365 5492 Δαυ³ιδ
419 5436 487 5490 τά
541 5433 676 5489 κατά
726 5434 952 5510 Χριστὸν
1011 5434 1319 5510 παρακαλεῖ
1371 5438 1604 5512 ταχῦναι
1658 5438 1847 5505 ταῦτα,

195 5527 287 5582 καὶ
334 5523 558 5595 δοθῆναι
602 5523 748 5596 αὖτῴ
813 5524 889 5585 ὡς
933 5524 1205 5600 ἀνθρώπῳ
1263 5523 1298 5577 ’ά
1338 5524 1484 5600 εἶχεν
1548 5525 1624 5588 ὡς
1697 5523 1846 5586 Θεός.

198 5612 437 5672 Βασιλέα
496 5610 553 5668 δὲ
608 5611 698 5666 καὶ
763 5609 1031 5684 βασιλέως
1087 5613 1203 5667 υἱὸν
1251 5612 1498 5669 ἐκάλεσεν
1559 5614 1718 5669 αὐτὸν
1774 5614 1848 5674 ὡς

201 5704 330 5760 Θεὸν
382 5702 472 5758 καὶ
528 5705 659 5760 Θεοῦ
725 5700 866 5771 Υίὸν,
918 5701 1007 5754 καὶ
1081 5702 1217 5756 κατά
1286 5703 1349 5756 τὸ
1405 5703 1742 5779 ἀνθρώπινον
1792 5701 1853 5756 ἐκ

206 5789 495 5868 βασιλικῆς
573 5787 752 5868 φυλῆς
821 5787 1206 5867 καταγόμενον,
1255 5790 1345 5846 καὶ
1413 5795 1510 5847 τοῦ
1582 5787 1852 5867 βασιλέως

1859 1953 1908 2019 Β

1941 660 2064 740 ἐφερ
2074 664 2396 734 μηνευτικὸν
2429 667 2464 736 ἡ
2499 662 2811 740 δικαιοσύνη
2825 713 2839 728 .

2012 774 2038 802 ‹‹
2070 750 2276 827 Κρίνειν
2330 754 2424 810 τὸν
2481 753 2613 811 λαόν
2678 779 2772 812 σου
2826 757 2878 812 έν
2926 755 3259 835 δικαιοσύνῃ,
3319 759 3410 815 καὶ
3466 759 3607 823 τοὺς

1937 840 2198 917 πτωχούς
2257 865 2350 898 σου
2395 843 2445 898 ἐν
2496 845 2690 922 κρίσει.
2742 870 2771 899 ››
2817 881 2885 890 -
2928 849 3064 911 Τοὺς
3114 847 3246 904 λαὸν
3306 851 3400 924 μὲν
3433 845 3605 913 ὄντας

1938 935 2070 985 Θεοῦ
2099 935 2186 985 νῦν
2219 929 2309 987 διὰ
2335 935 2435 1002 τῆν
2477 934 2676 1004 πίστιν,
2707 937 2968 1014 πτωχοὺς
3017 936 3074 994 δὲ
3115 936 3204 994 διὰ
3247 941 3346 1009 τῆν
3399 940 3612 1015 προτέ-

1938 1039 2032 1095 ραν
2093 1021 2340 1077 ἀπιστίαν
2392 1023 2587 1100 κρίνει,
2633 1024 2787 1102 φησὶ,
2822 1027 2957 1100 μετά
3002 1032 3100 1083 τοῦ
3150 1023 3434 1084 διαϐόλου·
3495 1031 3612 1099 τήν

1936 1109 2107 1184 κρίσιν
2164 1111 2267 1186 γάρ
2318 1117 2491 1168 πᾶσαν
2542 1115 2570 1168 6
2622 1116 2809 1190 Πατὴρ
2861 1113 3066 1172 δέδωκε
3105 1122 3185 1190 τῷ
3242 1119 3366 1191 Υἱῷ,
3411 1120 3611 1182 καθὼς

1937 1199 1966 1254 6
1996 1199 2195 1276 Κύριος
2243 1197 2445 1275 εἷ’ρηκε.
2495 1202 2593 1258 Καὶ
2642 1203 2830 1276 πάλιν,
2883 1229 2912 1258 ‹‹
2962 1211 3071 1262 Νῦν
3119 1206 3294 1284 κρίσις
3335 1207 3448 1264 ἐστὶ
3496 1213 3609 1263 τοῦ

1935 1287 2162 1362 κόσμου.
2196 1313 2225 1343 ››

2009 1402 2038 1430 ‹‹
2071 1375 2416 1436 Ἀναλαϐέτω
2491 1381 2558 1436 τὰ
2629 1376 2728 1459 ὄρη
2794 1383 3015 1458 εἰρήνην
3067 1388 3147 1457 τῷ
3199 1382 3339 1458 λαῷ,
3391 1385 3482 1440 καὶ
3547 1387 3606 1440 οἱ

1940 1467 2125 1543 βουνοὶ
2177 1466 2544 1542 δικαιοσύνην.
2581 1495 2609 1523 ››
2642 1477 2855 1528 -Τῶν
2911 1473 2962 1528 ἐν
3024 1472 3166 1550 ἕρεσι
3226 1473 3315 1529 καὶ
3376 1475 3604 1550 βουνοῖς

1935 1558 2266 1631 τιμωμένων
2317 1565 2645 1616 στασιαστῶν
2691 1562 2780 1617 καὶ
2830 1560 3029 1618 ἀδίκων
3082 1561 3353 1638 δαιμόνων
3420 1562 3606 1620 ἀπελι-

1937 1647 2160 1710 θόντων.
2213 1649 2270 1703 Ὀ
2316 1648 2479 1712 αὐτός
2536 1649 2646 1707 ἐστι
2696 1653 3037 1730 συκοφάντης
3085 1654 3176 1708 καὶ
3226 1654 3254 1708 6
3303 1649 3602 1724 διάϐολος,

1937 1736 1966 1789 6
2009 1741 2107 1791 τοῦ
2145 1737 2344 1814 Κυρίου
2392 1741 2883 1814 καταψευσάμενος,
2934 1739 3016 1796 ὅτι
3068 1738 3158 1797 διὰ
3205 1741 3400 1820 φθόνον
3443 1741 3602 1812 ἀπη-

1936 1825 2163 1902 γόρευσε
2191 1831 2289 1882 τοῦ
2322 1834 2492 1906 φυτοῦ
2517 1829 2616 1898 τῆν
2654 1830 2990 1905 μετάληψιν.

2015 1955 2043 1988 α
2071 1939 2254 2009 Κρινεῖ
2289 1933 2417 1997 τοὺς
2463 1936 2724 2012 πτωχοὺς
2771 1941 2870 1993 τοῦ
2917 1935 3075 2011 λαοῦ,
3109 1937 3200 1992 καὶ
3252 1938 3413 1993 σώσει
3466 1936 3610 2000 τοὺς

1940 2021 2090 2084 υἱοὺς
2148 2028 2254 2078 τῶν
2325 2027 2592 2098 πενήτων,
2651 2025 2743 2081 καὶ
2822 2027 3144 2082 ταπεινώσει
3231 2028 3610 2105 συκοφάντην.

1940 2111 2043 2169 Καὶ
2103 2119 2517 2187 συμπαραμενεῖ
2560 2120 2639 2188 τῷ
2685 2115 2835 2189 ἡλίῳ
2881 2117 2972 2172 καὶ
3020 2116 3129 2193 πρὸ
3191 2119 3290 2186 τῆς
3359 2115 3615 2187 σελήνης

1938 2207 2126 2277 γενεᾶς
2171 2207 2389 2278 γενεῶν.
2444 2228 2474 2256 ››
2522 2237 2592 2247 -
2641 2206 2739 2260 Διά
2785 2209 2883 2260 τοῦ
2927 2206 3022 2279 μὲν
3055 2210 3473 2282 συμπαραμενεῖ
3527 2210 3617 2277 τῷ

1938 2289 2088 2364 ἡλίῳ
2134 2291 2198 2346 τὸ
2247 2291 2606 2364 ἀτελεύτητον
2650 2299 2748 2349 τοῦ
2797 2293 2997 2370 Κυρίου
3063 2292 3332 2366 ἐδήλωσε
3392 2291 3485 2350 διὰ
3554 2292 3620 2349 δὲ

1939 2379 2046 2456 πρὸ
2099 2387 2203 2450 τῆς
2261 2381 2498 2453 σελήνης
2555 2383 2619 2438 τὸ
2672 2384 2932 2461 ἄναρχον*
2994 2383 3237 2461 ἐπήγαγε
3310 2383 3414 2459 γὰρ
3468 2384 3617 2460 πρὸς

1940 2469 2224 2547 ἀμφότερα
2269 2471 2333 2526 τὸ
2384 2477 2570 2546 γενεᾶς
2612 2478 2834 2549 γενεῶν,
2877 2471 2908 2527 ὅ
2950 2475 3061 2528 ἑστι
3109 2477 3207 2528 τοῦ
3237 2472 3466 2546 ἀπείρου
3515 2472 3614 2527 καὶ

1939 2556 2118 2613 ἀϊδίου
2149 2557 2498 2638 έμφαντικόν.

2012 2672 2042 2700 (ι
2074 2645 2446 2721 Καταϐήσεται
2521 2651 2596 2712 ὡς
2666 2651 2818 2714 ὑετὸς
2887 2651 2976 2706 ἐπὶ
3041 2650 3233 2723 πόκον,
3302 2648 3396 2706 καί
3471 2651 3609 2706 ὡσεὶ

1941 2739 2149 2815 σταγὼν
2201 2741 2237 2808 ἠ
2296 2739 2563 2809 στάζουσα
2613 2738 2700 2795 ἐπὶ
2745 2741 2846 2810 τήν
2897 2742 3021 2816 γῆν.
3075 2764 3105 2793 ››
3154 2746 3313 2796 -Ἥ
3360 2741 3458 2814 μὲν
3503 2744 3607 2795 τοῦ

1942 2825 2098 2882 ὑετοῦ
2152 2827 2292 2903 πρὸς
2350 2827 2443 2882 τὸν
2495 2827 2662 2883 πόκον
2708 2824 3002 2891 κατάϐασις
3048 2830 3149 2897 τήν
3200 2828 3253 2884 ἓν
3310 2833 3381 2902 τῇ
3420 2830 3607 2904 μήτρᾳ

1938 2922 2042 2985 τῆς
2089 2916 2362 2992 Παρθένου
2409 2914 2639 2972 κάθοδον
2685 2922 2784 2972 τοῦ
2832 2917 3012 2994 Λόγου
3061 2915 3340 2988 ὑποδηλοῖ
3386 2924 3488 2986 τῆς
3546 2917 3604 2972 ἐκ

1938 3009 2037 3060 τοῦ
2085 3002 2454 3075 πλανηθέντος
2503 3000 2780 3079 προϐάτου
2826 3006 2924 3075 τήν
2971 3006 3176 3082 γένεσιν
3209 3004 3532 3082 ἐσγηκυιας·
3561 3007 3594 3074 ἡ

1943 3091 2002 3149 δὲ
2029 3100 2130 3164 τῆς
2163 3093 2426 3168 σταγόνος
2467 3096 2602 3172 πρὸς
2646 3101 2774 3170 γῆν,
2805 3097 2906 3164 τὴν
2957 3092 3206 3172 δευτέραν
3250 3099 3352 3150 τοῦ
3403 3093 3591 3169 Κυρίου

1941 3184 2078 3260 πρὸς
2120 3185 2221 3253 τὴν
2269 3185 2600 3257 οἴκουμένην
2648 3182 2950 3240 έπέλευσινο
3003 3183 3113 3240 ἐκεῖ
3163 3185 3260 3257 μὲν
3307 3184 3413 3261 γάρ
3463 3181 3596 3238 πολὺ

1941 3273 2006 3328 τὸ
2039 3271 2303 3344 λεληθὸς,
2334 3272 2557 3329 ἐνταῦθα
2587 3271 2646 3329 δὲ
2682 3273 2745 3329 τό
2795 3271 3072 3345 ἀλάθητον
3122 3271 3313 3328 οὐδένα
3362 3271 3607 3328 λανθάνει

1944 3367 2114 3442 φορᾶς
2162 3362 2440 3437 σταγόνων
2487 3363 2624 3439 πρὸς
2676 3365 2777 3433 τὴν
2818 3362 3110 3418 ἀντίτυπου
3180 3365 3308 3438 γῆν.
3364 3364 3506 3438 Ὅρα
3557 3358 3616 3416 δὲ

1944 3451 2035 3507 καὶ
2081 3452 2181 3521 τῆν
2224 3455 2333 3506 τῶν
2384 3446 2680 3523 συμϐόλων
2721 3451 3016 3529 ἐνάργειαν·
3074 3451 3340 3528 πρότερον
3374 3452 3402 3506 6
3454 3451 3613 3513 ὑετὸς

1946 3540 1999 3595 ἐν
2033 3539 2208 3614 πόκῳ,
2248 3539 2340 3595 καὶ
2387 3539 2510 3596 τότε
2555 3539 2606 3595 ἐν
2654 3544 2749 3617 γῇ,
2781 3541 2871 3596 καὶ
2921 3539 3011 3596 ὅτε
3063 3542 3156 3613 μὲν
3207 3539 3259 3595 ἐν
3312 3544 3392 3612 τῷ
3449 3539 3612 3611 πόκῳ

1948 3628 2048 3685 ούκ
2076 3628 2127 3684 έν
2157 3629 2227 3704 τῇ
2256 3634 2351 3706 γῇ,
2385 3631 2475 3685 δ’τε
2505 3627 2550 3684 δ’
2589 3629 2642 3685 ἐν
2671 3633 2740 3704 τῇ
2771 3633 2845 3705 γῇ
2877 3627 3042 3684 πάλιν
3073 3628 3174 3684 οὐκ
3203 3628 3255 3683 έν
3302 3633 3380 3701 τῷ
3424 3627 3607 3701 πόκῳ.

2021 3743 2050 3771 ‹‹
2080 3717 2359 3774 Ἀνατελεῖ
2409 3719 2461 3775 ἐν
2511 3723 2631 3780 ταῖς
2686 3719 2920 3792 ἡμέραις
2972 3717 3136 3773 αὐτοῦ
3185 3715 3523 3787 δικαιοσύνη.
3579 3741 3610 3767 )›

1948 3840 2018 3851 -
2065 3805 2286 3878 Ἐπειδή
2334 3811 2435 3878 τῆς
2484 3806 2735 3885 δευτέρας
2787 3807 3033 3881 ἐμνήσθη
3082 3812 3181 3862 τοῦ
3227 3807 3432 3884 Κυρίου
3488 3806 3612 3861 ἐ.πὶ-

1950 3898 2192 3973 φανείας,
2243 3896 2387 3974 λέγει
2429 3897 2552 3953 τίνα
2617 3893 2762 3952 ἔσται
2810 3896 2952 3953 τότε.
3006 3896 3182 3968 Φησὶν
3239 3895 3330 3952 οῦν
3391 3895 3614 3969 λάμψαι

1949 3990 2232 4062 πανταχοῦ
2281 3988 2381 4056 τὴν
2443 3984 2817 4056 δικαιοσύνην,
2868 3983 2993 4056 ἥτις
3053 3985 3193 4041 ἐστὶν
3252 3989 3288 4055 ἡ
3341 3992 3442 4055 τῆς
3509 3983 3616 4056 δη-

1955 4080 2225 4152 μιουργοῦ
2267 4073 2495 4151 Τριάδος
2545 4075 2841 4152 ἐπίγνωσις
2887 4075 2978 4131 καὶ
3026 4074 3419 4150 προσκύνησις,
3451 4074 3546 4130 καὶ
3576 4077 3616 4145 ἠ

1951 4169 2048 4221 τοῦ
2076 4166 2195 4221 κατ’
2227 4165 2372 4236 ἀξίαν
2406 4163 2631 4221 ἑκάστου
2663 4162 2924 4238 διανομή.

2026 4295 2056 4325 (ι
2085 4271 2188 4330 Καὶ
2217 4270 2437 4342 πλῆθος
2467 4271 2714 4344 εἰρήνης.
2748 4294 2778 4323 ››
2810 4301 2882 4316 -
2906 4270 3040 4326 Τότε
3085 4270 3187 4348 γὰρ
3233 4267 3461 4332 τελείως
3509 4285 3616 4326 Λυ-

1952 4363 2176 4433 θήσεται
2222 4361 2285 4416 τὸ
2339 4367 2440 4430 τῆς
2506 4356 2707 4437 ἔχθρας
2761 4359 3106 4435 μεσότειχαν,
3149 4360 3362 4415 πάντων
3415 4358 3620 4416 ὑποτε-

1948 4449 2231 4528 ταγμένων
2254 4455 2334 4522 τῷ
2361 4448 2650 4506 πλάσαντι.

2023 4564 2054 4593 ‹‹
2085 4542 2231 4603 Ἕως
2261 4537 2324 4595 οῦ
2348 4535 2705 4612 ἀνταναιρεδῇ
2736 4539 2772 4609 ἡ
2805 4537 3036 4609 σελήνη.
3069 4562 3098 4592 ››
3131 4569 3198 4583 -—
3231 4542 3401 4593 Τοῦτο
3444 4534 3624 4608 δῆλοῖ

1948 4631 2051 4700 τὴν
2105 4635 2208 4699 τῆς
2267 4629 2490 4706 εἰρήνης
2545 4625 2874 4699 διηθέκτιαν·
2925 4628 2994 4683 τά
3050 4627 3156 4705 γάρ
3199 4631 3487 4701 ποιήματα
3512 4633 3620 4684 τοῦ

1929 4723 2085 4776 ’Θεοῦ
2114 4716 2589 4789 ἀλλοιωθήσονται
2625 4717 2718 4791 μὲν
2748 4717 2812 4772 τὸ
2839 4721 3086 4793 κρεῖττον
3116 4715 3207 4772 καὶ
3239 4713 3615 4792 ἐνδοξότερον·

1952 4808 2014 4864 οὗ
2044 4809 2153 4882 μὴν
2181 4807 2624 4883 ἀναιρεθήσονται
2653 4807 2899 4865 πώποτε.

2026 4922 2055 4950 ‹‹
2089 4897 2188 4952 Καὶ
2235 4895 2641 4973 κατακυριεύσει
2689 4895 2797 4950 ἀπὸ
2845 4893 3124 4966 θαλάσσης
3170 4892 3276 4957 ’έως
3309 4893 3619 4965 θαλάσσης·

1952 4986 2043 5042 καὶ
2073 4987 2180 5041 ἀπὸ
2209 4989 2473 5059 ποταμῶν
2499 4981 2605 5046 ἕως
2634 4989 2742 5039 τῶν
2772 4986 3021 5061 περάτων
3068 4987 3168 5054 τῆς
3213 4991 3339 5061 γῆς.
3370 5009 3401 5038 ››
3433 5015 3505 5026 --
3540 4984 3628 5041 Τὰ

1951 5079 2051 5132 τοῦ
2081 5074 2322 5130 ὠκεανοῦ
2357 5071 2496 5151 μέρη
2521 5077 2620 5130 τοῦ
2647 5077 2984 5137 κυκλοῦντος
3012 5080 3186 5130 πᾶσαν
3225 5075 3327 5144 τὴν
3371 5079 3476 5149 γῆν
3529 5069 3631 5129 διὰ

1960 5165 2054 5239 μὶν
2104 5165 2194 5219 τὸν
2245 5161 2573 5238 πληθυσμὸν
2627 5165 2736 5218 τῶν
2783 5159 2992 5218 ὑδάτων
3044 5161 3315 5228 θαλάσσας
3345 5161 3631 5238 ὠνόμασε,

1957 5251 2048 5310 διὰ
2106 5251 2165 5308 δὲ
2204 5251 2270 5308 τὸ
2315 5252 2536 5308 ἀένναον
2586 5251 2893 5327 ποταμούς.
2926 5251 3208 5330 Κυρίευσιν
3244 5249 3305 5307 δὲ
3333 5249 3481 5330 λέγει
3520 5257 3630 5323 τήν

1959 5344 2077 5400 κατ’
2106 5341 2418 5418 ἐπίγνωσιν.

2032 5454 2062 5484 ‹‹
2093 5431 2360 5488 Ἐνώπιον
2392 5429 2560 5486 αὐτοῦ
2588 5433 3020 5506 προσπεσοῦνται
3049 5430 3329 5496 Αἰθίοπες.
3356 5453 3385 5487 ι
3418 5463 3490 5476 -
3517 5431 3637 5502 Τὴν

1962 5522 2240 5598 ὑποταγὴν
2301 5522 2481 5591 πάσης
2539 5528 2642 5590 τῆς
2699 5519 3027 5594 οἰκουμένης
3087 5518 3178 5576 διὰ
3229 5525 3339 5576 τῶν
3391 5521 3459 5576 τὰ
3488 5519 3639 5600 ἄκρα

1957 5609 2161 5680 ταύτης
2192 5608 2489 5665 οἰκούντων
2521 5609 2796 5687 ἐνέφηνεν.

2035 5720 2062 5754 α
2090 5699 2189 5754 Καὶ
2220 5699 2274 5753 οἱ
2320 5697 2508 5776 ἐχθροὶ
2561 5697 2726 5754 αὐτοῦ
2773 5703 2908 5775 χοῦν
2961 5697 3216 5771 λείξουσι.
3251 5722 3284 5753 ››
3312 5700 3479 5776 -μΟὶ
3509 5696 3634 5756 δαί-

1965 5810 2146 5867 μονες,
2177 5787 2336 5870 φησὶ,
2366 5785 2592 5854 τελείως
2623 5783 3155 5864 καταϐληθήσονται.
3181 5843 3184 5847 .
