4066 6454
356 395 509 464 1501

1576 394 1993 462 EXPOSITIO
2033 397 2115 461 IN
2158 395 2545 461 PSALMOS.

3608 388 3766 456 1602

434 556 458 586 ι
492 527 744 591 Βασιλεῖ)
803 532 1029 607 Θαρσεῖς
1080 525 1172 588 καὶ
1229 530 1385 601 νῆσοι
1435 526 1584 608 δῶρα
1628 529 2003 608 προσοίσουσι-
2037 533 2093 601 Α
2123 528 2308 602 Δαυΐδ,
2337 531 2613 585 τουτέστιν
2659 528 2712 586 ο⁶ι
2761 527 2884 601 ἑξῆς
2933 523 3147 604 ψαλμοὶ
3205 521 3311 605 ούχ
3367 521 3768 601 ὑμνῳδήθησαν

361 619 608 701 βασιλεῖς
660 616 909 699 ’Δράϐων
963 620 1054 677 καὶ
1112 615 1265 677 Σαϐἆ
1293 617 1442 697 δῶρα
1468 619 1846 697 προσάξουσιν.
1878 645 1907 674 ››
1940 653 2011 663 --

356 717 580 788 Θαρσεῖς
605 713 704 783 τήν
733 714 836 781 τῆς
864 705 1074 782 Λιϐύης
1122 707 1454 788 Καρχηδόνα
1495 709 1682 786 φησὶν,
1734 703 1887 763 Σαϐἆ
1952 707 2010 763 66

351 800 516 858 πόλιν
550 798 744 864 Ἰνδίας
772 806 1065 879 περιφανῆ.
1100 800 1199 854 Διά
1226 806 1327 869 τῆς
1359 800 1729 874 προσαγωγῆς
1762 796 1853 854 οὖν
1897 802 2006 853 τῶν

354 888 570 969 δώρων,
617 896 719 961 τῆς
769 889 856 945 ὑπ’
905 887 1079 944 αὑτῶν
1144 909 1204 944 τε
1245 887 1337 942 καὶ
1385 892 1494 942 τῶν
1542 887 1679 942 κατά
1744 886 2009 943 θάλασσαν

351 981 554 1052 νήσων,
610 986 713 1049 τῆς
788 979 1001 1049 ἀπάσης
1070 984 1176 1053 γῆς
1253 977 1344 1033 καὶ
1398 975 1674 1047 θαλάσσης
1731 974 2005 1048 ἐδήλωσεν

353 1069 595 1138 ὑπακοὴν
627 1066 881 1124 ἀκούσιον
912 1066 989 1130 εἷς
1015 1065 1269 1144 Χριστόν.

420 1182 450 1210 ‹‹
483 1160 602 1213 Ὅτι
635 1156 896 1235 ἐῤῥύσατο
923 1156 1143 1232 πτωχεν
1175 1154 1235 1211 ἐκ
1265 1153 1551 1227 δυνάστου,
1581 1156 1671 1211 καὶ
1722 1156 1931 1225 πένητα
1961 1156 2007 1227 ᾧ

351 1246 460 1324 οὐχ
509 1246 727 1324 ὑπῆρχε
774 1244 994 1322 βοηθός.
1030 1271 1053 1300 ι
1090 1277 1159 1287 -
1190 1245 1420 1322 Πτωχὸν
1468 1244 1561 1300 καὶ
1608 1245 1816 1315 πένητα
1862 1243 2006 1321 λέγει

351 1335 441 1391 τὸν
475 1334 527 1408 ἐξ
558 1335 724 1401 ἐθνῶν
756 1333 908 1390 λαόν·
950 1331 1215 1405 δυνάστην
1271 1332 1329 1389 66
1370 1334 1462 1389 τὸν
1509 1338 2009 1409 κατατυραννοῦντα

345 1424 545 1481 τούτου
574 1423 744 1481 πάλαι
776 1421 806 1479 6
816 1417 1061 1480 ιάϐολου.

352 1514 603 1570 Φείσεται
646 1516 877 1589 πτωχοῦ
918 1508 1008 1567 καί
1069 1511 1302 1583 πένητος
1367 1510 1458 1567 καί
1525 1513 1706 1589 ψυχὰς
1755 1514 2005 1584 πενήτων

351 1604 535 1660 σώσει.
588 1626 618 1655 ››
666 1633 734 1646 —-
779 1600 921 1657 Ποτέ
971 1600 1066 1675 μὲν
1111 1606 1241 1678 περῖ
1283 1607 1387 1672 τῆς
1430 1598 1678 1679 δευτέρας
1708 1599 2005 1675 ἐπιδημίας

346 1697 449 1748 τοῦ
505 1690 768 1769 Σωτῆρός
815 1709 971 1769 φησι⁶
1020 1691 1155 1746 ποτε
1203 1688 1261 1747 66
1297 1691 1421 1768 περὶ
1450 1696 1552 1761 τῆς
1580 1691 1807 1765 πρώτης
1842 1711 2003 1765 μετα-

349 1776 553 1838 ϐαίνων
598 1785 681 1855 τῷ
736 1778 888 1857 λόγῳ
940 1778 1032 1834 καὶ
1082 1780 1183 1849 τὴν
1250 1778 1397 1855 τάξιν
1452 1777 1837 1854 μεταλλάττων
1906 1782 2003 1850 τῆς

349 1868 684 1949 διηγήσεως,
716 1866 824 1935 ἔθει
862 1873 1204 1947 προφητικῷ.

2116 621 2262 694 παρὰ
2311 624 2408 675 τοῦ
2465 617 2650 675 Δαυΐδο
2730 617 2814 674 διὸ
2870 618 2961 673 καὶ
3019 617 3127 694 ούχ
3183 618 3234 672 οἱ
3286 615 3522 691 ψαλμοὶ,
3582 614 3771 693 φησὶν,

2119 708 2364 782 ἐξέλιπον
2426 715 2525 765 τοῦ
2591 706 2775 781 Δαυΐδ,
2829 706 2955 764 ἀλλ’
3006 709 3058 761 0':
3102 707 3285 781 ὕμνοι.
3336 706 3771 782 Ἐσχημάτισται

2119 797 2176 855 δὲ
2227 801 2254 854 6
2302 800 2488 875 παρὼν
2552 798 2774 874 ψαλμὸς
2844 798 3121 875 πρεσώπῳ
3194 800 3290 851 τοῦ
3361 793 3412 850 ἐν
3484 789 3771 853 Βαϐυλῶνι

2119 886 2470 966 δορυαλώτου
2532 886 2691 943 λαοῦ·
2747 888 2973 963 ἁρμὸζει
3021 885 3079 942 66
3123 886 3215 941 καὶ
3270 885 3427 941 παντὶ
3501 886 3771 960 μικροψυ-

2117 983 2332 1055 χοῦντι,
2374 978 2453 1056 ἐφ’
2497 980 2579 1041 οἷς
2628 979 2679 1032 οἱ
2724 976 2957 1053 πονηροὶ
3018 976 3346 1050 εύπραγοῦσι
3393 972 3483 1029 καὶ
3533 971 3771 1049 δυσπρα-

2117 1072 2303 1143 γοῦσιν
2363 1069 2415 1123 0':
2474 1068 2685 1144 ἀγαθοὶ,
2714 1068 2815 1136 τὴν
2868 1067 3125 1137 τοιαύτην
3182 1061 3549 1142 μικροψυχίαν
3597 1082 3771 1137 παρα-

2120 1157 2480 1231 μυθούμενος.

2194 1270 2215 1297 ι
2246 1247 2333 1307 Ὣς
2390 1246 2587 1322 ἀγαθὸς
2635 1246 2663 1299 6
2713 1246 2843 1307 Θεὸς
2889 1242 2971 1317 τῷ
3022 1243 3266 1320 Ἰσραὴλ,
3314 1248 3432 1305 τοῖς
3478 1242 3654 1307 εὐθέσι
3700 1243 3769 1314 τῇ

2115 1332 2328 1412 καρδίᾳ.
2384 1360 2412 1388 ››
2464 1367 2534 1377 ——
2583 1333 2715 1389 Λίαν
2782 1334 2979 1411 ἀγαθὸς
3028 1334 3057 1388 6
3108 1335 3236 1396 Θεὸς
3291 1338 3369 1387 τῶ
3425 1329 3663 1407 Ἰσραήλ⁶
3724 1329 3770 1385 εί

2114 1422 2358 1480 παιδεύει
2410 1426 2536 1501 γὰρ,
2589 1422 2715 1481 ἀλλ’
2769 1423 2822 1495 ἐξ
2866 1425 3078 1500 ἀγάπης
3123 1423 3214 1479 καὶ
3276 1417 3414 1499 πρός
3458 1420 3769 1497 διόρθωσιν.

2115 1515 2293 1570 Τοῦτο
2327 1511 2384 1569 66
2415 1512 2487 1569 ὢν
2520 1514 2752 1588 κρίνεται
2782 1514 2930 1590 παρὰ
2956 1518 3072 1575 τοῖς
3125 1511 3303 1588 ὀρθῶς
3360 1509 3769 1586 λογιζομένοιςο

2113 1600 2310 1678 καρδίᾳ
2337 1603 2440 1678 γὰρ
2471 1601 2562 1659 τὸν
2598 1602 2869 1678 λογισμὸν
2903 1601 3127 1657 ἐνταῦθα
3158 1598 3526 1671 ὑποληπτέον.

2189 1731 2220 1762 ‹‹
2251 1711 2419 1783 Ἐμοῦ
2470 1709 2528 1766 66
2573 1711 2717 1787 παρά
2767 1709 2959 1786 μικρὸν
3014 1707 3375 1779 ἐσαλεύθησαν
3425 1708 3480 1762 0':
3525 1702 3708 1769 πόδες.
3742 1729 3764 1759 ι

2113 1831 2185 1841 —
2215 1796 2391 1862 Πόδας
2420 1797 2582 1855 καλεῖ
2609 1799 2738 1861 τοὺς
2769 1795 3148 1876 ὑπερείδοντας
3174 1798 3276 1866 τήν
3326 1798 3511 1873 ψυχήν
3535 1791 3770 1858 εὐσεϐεῖς

2036 1909 2084 1974 Β
2116 1887 2438 1974 Αογισμοὺς.
2473 1888 2619 1960 Φησὶ
2653 1886 2729 1960 66,
2761 1892 2971 1963 Μικροῦ
2998 1885 3347 1974 παρετράπην
3371 1886 3463 1941 καὶ
3496 1884 3767 1961 ὑπεσύρην

423 1984 453 2013 “
483 1960 583 2053 Ἕκ
609 2048 623 2053 _
666 1959 833 2015 τόκου
925 1955 1017 2012 καὶ
1081 1960 1132 2034 ἐξ
1162 2048 1175 2053 _
1202 1956 1415 2053 ᾀδικίαξῖ
1508 1957 1843 2053 λξντρῷσεται
1884 1958 2006 2053 λτάς
2038 1955 2084 1974 υ
2118 1955 2210 2041 εἷς.
2255 1955 2495 2049 ὄλισθον,
2527 1955 2626 2034 τοῦ
2676 1955 2751 2053 μη
2791 1955 2883 2033 τὸν
2940 1955 3088 2033 Θεὸν.
3116 1955 3316 2032 οἴεσθαι
3365 1980 3618 2052 προνοεῖν
3668 1955 3769 2029 τοῦ

352 2050 536 2126 ψυχὰς
565 2048 764 2107 αὐτῶν.
799 2074 829 2103 ››
867 2084 937 2095 -
962 2052 1132 2107 Τόκον
1162 2048 1315 2127 λέγει
1343 2050 1441 2119 τὴν
1478 2051 1593 2104 καθ’
1630 2051 1792 2123 ἡμῶν
1840 2046 2008 2103 πλεο-

349 2138 525 2211 νεξίαν
583 2143 680 2196 τοῦ
740 2146 954 2197 Σατανᾶ
1007 2141 1097 2197 καὶ
1146 2137 1376 2210 ἀδικίαν,
1408 2141 1508 2209 τὴν
1563 2138 1651 2194 ὑπ’
1698 2136 1863 2193 αὑτοῦ
1911 2158 2008 2192 κα-

350 2224 719 2300 ταδούλωσιν,
750 2228 802 2301 ἐξ
832 2230 907 2285 ὧν
944 2228 1075 2294 τοὺς
1116 2228 1502 2291 πιστεύσαντας
1560 2228 1588 2282 6
1634 2226 1831 2303 Κύριος
1883 2225 2007 2282 ἐλυ-

344 2317 617 2394 τρώσατο.

424 2430 455 2458 ‹‹
485 2405 584 2462 Καὶ
618 2407 836 2478 ζήσεται
883 2408 975 2464 καὶ
1024 2405 1308 2479 δοθήσεται
1356 2405 1521 2479 αὐτῷ.
1555 2430 1577 2461 ι
1616 2439 1684 2448 -
1714 2404 1861 2462 Μετά
1907 2405 2008 2474 τὴν

349 2496 652 2571 τριήμερόν
680 2498 857 2576 ταφὴν
888 2498 1107 2569 ζήσεται
1138 2496 1217 2559 εἰς
1245 2496 1336 2552 τὸν
1368 2494 1559 2552 αἶ’ῶνα.

424 2608 455 2636 (ι
485 2585 580 2641 Ἐκ
606 2589 704 2641 τοῦ
732 2585 963 2662 χρυσίου
990 2592 1094 2657 τῆς
1125 2580 1407 2663 Ἀραϐίας.
1434 2607 1463 2638 ³)
1490 2619 1557 2628 -
1579 2581 1751 2640 Πάλιν
1786 2581 1875 2639 διὰ
1902 2590 2004 2655 τῆς

357 2671 702 2753 δωροφορίας
731 2676 831 2745 τήν
866 2675 1145 2751 ὑποταγὴν
1175 2674 1452 2749 σημαίνει.

424 2787 453 2816 ‹‹
487 2763 594 2819 Καὶ
640 2763 1026 2841 προσεύξονται
1082 2761 1207 2841 περὶ
1275 2763 1442 2819 αὐτοῦ
1491 2760 1804 2825 διαπαντός.
1860 2785 1887 2813 ››
1938 2796 2005 2804 —

343 2852 415 2908 T6
477 2851 601 2929 περὶ
657 2851 824 2908 αὑτοῦ
871 2852 989 2908 ἀντὶ
1026 2857 1125 2908 τοῦ
1170 2852 1296 2929 περὶ
1340 2859 1440 2923 τῆς
1488 2853 1616 2928 παρ’
1665 2850 1830 2906 αὐτοῦ
1897 2872 2002 2906 σω-

346 2940 566 3017 τηρίας.

424 3052 453 3085 α
483 3036 671 3087 Ἔσται
698 3032 976 3108 στήριγμα
1004 3029 1057 3086 ἐν
1093 3030 1162 3106 τῇ
1192 3033 1266 3107 γῇ
1297 3029 1382 3085 ἐπ’
1410 3031 1589 3107 ἄκρων
1618 3027 2001 3105 τῶνςόρέων.»

278 3180 283 3183 _
348 3124 634 3175 -Ἔσται
695 3120 724 3174 6
772 3120 1005 3195 Χριστὸς
1059 3121 1341 3195 στήριγμα
1396 3117 1449 3174 ἐν
1504 3122 1575 3193 τῇ
1630 3122 1727 3194 γῇ,
1757 3118 1999 3173 τουτέστι

342 3212 461 3271 τοῖς
518 3208 571 3263 ἓν
617 3211 688 3283 τῇ
738 3211 835 3284 γῇ,
877 3205 1049 3285 ἤγουν
1098 3212 1169 3284 τῇ
1220 3206 1520 3281 Ἐκκλησίᾳ
1565 3206 1753 3277 αὑτοῦ,
1797 3210 1864 3281 τῇ
1916 3205 1999 3262 ἐπ’

2117 2065 2348 2141 κόσμου.

2195 2181 2215 2208 ιι
2251 2158 2384 2234 Παρ’
2436 2156 2627 2233 ὀλίγον
2680 2156 2905 2233 ἐξεχύθη
2958 2157 3025 2212 τά
3073 2151 3390 2230 διαϐήματά
3441 2175 3564 2229 μου.
3615 2177 3645 2208 ››
3699 2184 3771 2196 —-

2115 2246 2422 2318 Τουτέστιν,
2454 2246 2739 2323 ἐχαυνώθη
2765 2246 2834 2301 τά
2863 2243 3201 2320 διανοήματά
3233 2266 3358 2319 μου.

2191 2355 2368 2408 «Ὅτι
2417 2351 2666 2424 ἐζήλωςα
2716 2351 2803 2409 ἐπὶ
2860 2357 2978 2415 τοῖς
3027 2352 3272 2427 ἀνόμοις,
3324 2351 3544 2427 εἰρήνην
3595 2345 3769 2426 ἁμαρ-

2114 2446 2309 2497 τωλῶν
2340 2444 2581 2519 θεωρῶν.
2615 2467 2645 2494 ››
2684 2474 2755 2486 —-
2800 2443 2916 2499 Ὀτι
2964 2440 3051 2497 ἐπὶ
3100 2446 3214 2505 τοῖς
3260 2441 3488 2516 ἀνόμοις
3547 2439 3769 2517 ἐχθροῖς

2116 2529 2428 2605 ἐθυμώθην,
2495 2530 2717 2594 δικαίως
2786 2532 2859 2595 ὡς
2924 2526 3327 2605 ὑπελάμϐανον,
3392 2530 3444 2587 ἐν
3511 2527 3771 2605 ἀταραξίᾳ

2114 2619 2371 2676 παντελεῖ
2399 2618 2683 2697 διάγοντας
2719 2619 2936 2698 βλέπων
2972 2620 3186 2683 αὐτούς.

2190 2749 2219 2779 ‹‹
2246 2730 2365 2781 Ὅτι
2424 2727 2523 2783 ούκ
2570 2726 2710 2782 ἔστιν
2760 2726 3032 2791 ἀνάνευσις
3070 2725 3121 2782 ἐν
3153 2731 3235 2800 τῷ
3264 2728 3474 2799 θανατῷ
3502 2726 3700 2784 αὑτῶν.
3735 2740 3783 2779 ››’

2112 2846 2181 2860 --
2212 2817 2516 2880 ’Λνάνευσις
2564 2819 2600 2887 ἡ
2650 2816 3028 2894 ἀπαγόρευσις.
3072 2817 3218 2888 Φησὶ
3266 2820 3415 2891 γοῦν·
3466 2815 3577 2871 Οὐκ
3622 2813 3763 2871 ἔστιν

2113 2906 2376 2969 ἀπευκτὸς
2422 2907 2450 2960 6
2503 2908 2728 2971 θάνατος
2774 2906 2973 2978 αὐτῶν,
3024 2907 3117 2962 ἅτε
3165 2908 3301 2962 κατά
3346 2904 3502 2985 φύσιν
3547 2904 3637 2961 καὶ
3685 2906 3763 2980 μὴ

2116 2993 2308 3070 βιαίως
2340 2993 2732 3071 ἐπερχόμενος.

2182 3124 2212 3153 (ι
2245 3102 2344 3156 Καὶ
2400 3102 2684 3178 στερέωμα
2735 3101 2787 3157 ἐν
2833 3106 2903 3177 τῇ
2957 3103 3181 3178 μάστιγι
3227 3101 3425 3161 αὐτῶν.
3460 3124 3490 3154 ››
3521 3133 3592 3145 --
3638 3098 3764 3156 Οὐδ’

2109 3188 2349 3263 ἐπιμονή
2384 3189 2435 3245 ἐν
2466 3194 2536 3265 τῇ
2567 3190 2761 3268 πληγῇ
2794 3190 2990 3246 αὐτῶν
3026 3190 3072 3246 εἰ
3121 3192 3226 3269 γάρ
3274 3212 3407 3246 ποτε
3451 3191 3763 3263 κακωθεῖεν,

344 3292 524 3373 ἄκρων
571 3278 680 3353 τῶν
736 3278 1086 3376 όρέωνξῆως
1250 3278 1536 3377 περιφανεῖ
1577 3297 1669 3352 καὶ
1719 3278 2001 3374 περιόπτῳ
2032 3280 2076 3349 C
2110 3278 2253 3354 ταχὺ
2280 3286 2382 3349 τῆς
2413 3279 2652 3355 θλίψεως
2683 3278 3139 3337 ἀπαλλάττονται-

339 3389 463 3448 ταῖς
492 3384 731 3463 ἀρεταῖς.

417 3496 441 3528 α
497 3475 952 3553 Ὑπεραρθήσεται
1031 3475 1168 3553 ὑπὲρ
1245 3476 1339 3531 τὸν
1416 3470 1650 3531 Λίϐανον
1710 3475 1740 3530 6
1794 3474 2000 3551 καρπὸς

341 3562 528 3622 αὐτοῦ.
566 3588 588 3615 ι
640 3597 712 3608 -
754 3565 813 3620 '0
853 3565 1083 3641 καρπὸς,
1114 3561 1283 3642 ἤγουν
1342 3566 1378 3635 ἡ
1431 3561 1756 3621 διδασκαλία
1810 3563 1997 3638 αὐτοῦ,

339 3652 586 3709 τουτέστι
614 3653 680 3710 τὸ
710 3648 1075 3730 Εὑαγγέλιον,
1106 3653 1196 3709 καὶ
1231 3653 1364 3731 ὑπὲρ
1391 3652 1456 3709 :6
1505 3652 1640 3729 ὕψος
1688 3658 1786 3709 τοῦ
1830 3649 1998 3709 Λιϐά-

339 3762 439 3798 νου
462 3742 829 3818 ὑψωθήσεταιο
859 3746 1023 3798 τοῦτο
1055 3738 1112 3798 66
1151 3741 1287 3816 εἶπε,
1329 3739 1421 3798 διὰ
1461 3741 1526 3798 :6
1571 3739 1796 3816 μέλλειν
1847 3743 1997 3818 ὑψω-

343 3832 505 3902 θῆναι
548 3831 641 3887 καὶ
689 3828 1010 3904 δοξασθῆναι
1058 3832 1121 3887 τὸ
1165 3834 1425 3910 κήρυγμα
1467 3835 1567 3886 τοῦ
1610 3836 1847 3907 Χριστοῦ
1907 3832 1999 3888 καὶ

339 3921 519 3991 πάσης
548 3916 1008 3997 εἷδωλολατρείας
1037 3925 1339 3998 κυριεῦσαι,
1370 3917 1702 3976 κατείδωλον
1733 3921 1837 3998 γὰρ
1869 3920 1998 3997 ὅρος

342 4007 372 4062 6
409 4003 670 4070 Λίϐανος.

416 4119 440 4147 ι
474 4094 579 4153 Καὶ
628 4092 1007 4169 ἐξανθήσουσιν
1060 4096 1121 4152 ἐκ
1174 4096 1392 4161 πόλεως
1450 4097 1579 4152 ὠσεῖ
1635 4096 1839 4174 χόρτος
1894 4104 1998 4168 τῆς

337 4184 463 4261 γῆς.
498 4207 529 4237 ››
557 4215 629 4228 -
658 4184 1068 4258 Ἐξανθήσουσιν
1100 4184 1160 4241 ἐκ
1185 4185 1405 4249 πόλεως
1452 4187 1666 4257 ἀπάσης
1712 4186 1764 4242 οἱ
1812 4187 1995 4242 πιστοὶ

339 4271 497 4346 δίκην
525 4272 733 4351 χόρτου
763 4270 855 4331 διὰ
879 4275 943 4331 τὸ
971 4273 1189 4345 πλῆθος
1216 4275 1307 4331 καὶ
1335 4276 1436 4346 τήν
1467 4273 1726 4332 ἐπίδοσιν.

412 4386 443 4418 ι(
470 4362 573 4420 Καὶ
629 4359 1165 4441 ἐνευλογισθήσονται
1225 4362 1278 4419 ἐν
1332 4363 1479 4438 αὐτῷ
1520 4369 1686 4420 πᾶσαι
1735 4365 1788 4420 οἱ
1827 4363 1994 4443 φυλαὶ

334 4455 436 4524 τῆς
477 4459 600 4531 γῆς.
634 4475 667 4507 »
695 4484 767 4497 --
810 4452 883 4509 T6
931 4450 1479 4529 ἐνευλογηθήσονται,
1527 4453 1646 4510 ἀντὶ
1692 4458 1791 4510 τοῦ
1834 4454 1992 4531 ἀγια-

339 4543 438 4614 σθή
448 4563 631 4598 σονται
640 4587 654 4602 .

2182 3411 2210 3438 ‹‹
2242 3387 2331 3443 Ἐν
2358 3385 2556 3449 κόποις
2584 3386 2883 3462 ἀνθρώπων
2926 3383 3028 3442 οῦκ
3072 3386 3199 3457 εἶσι,
3230 3386 3320 3443 καὶ
3372 3388 3507 3461 μετὰ
3553 3385 3764 3464 ἀνθρώ-

2107 3495 2225 3530 πων
2280 3476 2343 3531 οὑ
2407 3478 2931 3553 μαστιγωθήσονται.
2998 3476 3180 3532 »Οὐκ
3264 3475 3398 3531 εἰσὶν
3452 3475 3504 3532 ἐν
3564 3476 3760 3539 κόποις

2108 3564 2185 3627 ὡς
2234 3565 2287 3619 0':
2336 3562 2526 3620 λοιποὶ
2574 3570 2682 3620 τῶν
2734 3565 3058 3642 ἀνθρώπων·
3107 3565 3172 3620 τὸ
3211 3566 3315 3641 γὰρ
3361 3569 3558 3637 κοπιᾷν
3622 3563 3762 3621 ἴδιον

2110 3652 2433 3727 ἀνθρώπων·
2460 3653 2584 3710 ἀλλ’
2614 3653 2831 3717 ἀπόνως
2861 3659 3093 3711 κτῶνται
3125 3655 3191 3709 τὰ
3237 3654 3409 3730 ἀγαθὰ
3451 3654 3543 3709 καὶ
3588 3655 3765 3717 καθὼς

2109 3742 2163 3797 οἱ
2218 3740 2408 3797 λοιποὶ
2462 3744 2762 3820 ἂνθρωποι,
2820 3742 2882 3798 06
2957 3745 3389 3816 κακωθήσονται,
3446 3744 3524 3806 ὡς
3572 3741 3765 3820 ἔμοιγε

2109 3830 2381 3910 φαίνεται.

2187 3943 2214 3975 α
2242 3922 2342 3975 Διά
2368 3925 2531 3976 τοῦτο
2563 3921 2853 3998 ἐκράτησεν
2899 3921 3093 3984 αὐτοὺς
3123 3924 3160 3992 ἡ
3195 3921 3531 4000 ὑπερηφανία
3584 3921 3761 3976 αὐτῶν

2108 4008 2185 4073 εἰς
2214 4008 2394 4082 τέλος,
2426 4008 2756 4081 ἐξελεύσεται
2786 4011 2861 4074 ὡς
2894 4009 2953 4067 ἐκ
2980 4011 3198 4074 στέατος
3229 4014 3265 4082 ἡ
3296 4008 3479 4066 ἀδικία
3508 4009 3705 4069 αὐτῶν.
3731 4034 3762 4063 ››

2104 4131 2176 4141 -
2204 4099 2422 4173 Λιπαρά
2448 4100 2538 4154 καὶ
2570 4096 2825 4173 δαψιλής·
2858 4103 3104 4155 τοιοῦτον
3136 4102 3239 4177 γὰρ
3274 4101 3339 4155 τὸ
3385 4098 3653 4177 ἀποῤῥέον
3702 4097 3765 4155 ἐκ

2106 4185 2347 4251 στέατος.

2182 4300 2204 4330 ι
2240 4275 2543 4349 Διήλθοσαν
2611 4277 2690 4340 εἷς
2759 4273 2994 4341 διάθεσιν
3056 4274 3304 4353 καρδίας.
3356 4300 3386 4330 >›
3435 4309 3507 4321 —-
3555 4274 3759 4333 Ἦλθον

2104 4364 2182 4427 είς
2235 4362 2343 4437 ἕξιν
2400 4373 2502 4437 τῆς
2558 4364 2792 4429 ἀδικίας·
2853 4363 2963 4437 ἕξις
3020 4367 3126 4443 γὰρ
3166 4369 3202 4437 ἡ
3234 4362 3360 4443 περί
3414 4387 3469 4421 τι
3528 4365 3763 4439 μένουσα

2105 4450 2371 4530 διάθεσις,
2402 4453 2528 4525 ἤτοι
2560 4457 2747 4532 σχέσις
2775 4459 2875 4527 τῆς
2903 4454 3151 4534 καρδίας.

2174 4585 2206 4615 «
2236 4565 2601 4635 Διενοήθησαν
2658 4563 2750 4618 καὶ
2794 4561 3069 4635 ἐλάλησαν
3114 4562 3166 4618 ἐν
3209 4561 3469 4639 πονηρίᾳ.
3510 4583 3541 4613 n
3570 4591 3641 4604 —
3666 4565 3762 4615 Ἐκ

410 4655 441 4684 “
473 4629 797 4730 ιῗῦλογηῖὸς
864 4629 1160 4730 Κύριοξλες
1216 4631 1382 4730 θεξς-
1412 4630 1656 4730 ’ξσΡτξῆλν
1724 4633 1754 4687 δ
1817 4636 1989 4730 πξδιῷν
2021 4653 2075 4729 Ι),
2104 4648 2340 4723 μελέτης
2368 4629 2460 4707 καὶ
2488 4629 2732 4727 σκέψεως
2786 4629 3060 4724 ἐλάλησαν
3118 4629 3369 4730 πονηρὰ,
3387 4629 3478 4707 καὶ
3527 4649 3590 4705 οὐ
3622 4650 3760 4705 κατά

333 4720 606 4794 θαυμάσια
651 4719 839 4795 μόνος.
877 4744 900 4771 ιι
934 4752 1005 4763 -
1031 4716 1173 4779 Ἰδοὺ
1220 4719 1311 4776 καὶ
1351 4719 1482 4776 Θεὸν
1530 4719 1780 4777 ἐκάλεσεν
1825 4719 1985 4777 αὑτὸν

337 4812 583 4887 φανερῶν
615 4808 705 4865 καὶ
740 4807 909 4884 μόνον
931 4808 1071 4888 πρὸς
1101 4806 1516 4881 ἀντιδιαστολήν
1566 4814 1674 4865 τῶν
1719 4808 1992 4886 ψευδωνύ-

338 4918 457 4973 μων
490 4899 651 4957 θεῶν.

403 5010 435 5039 ‹‹
467 4987 567 5042 Καὶ
594 4983 1025 5064 πληρωθήσεται
1071 4993 1172 5058 τῆς
1205 4984 1370 5061 δόξης
1405 4987 1571 5045 αὑτοῦ
1618 4993 1763 5045 πᾶσα
1808 4992 1845 5060 ἡ
1890 4995 1988 5065 γῆ·

328 5073 559 5154 γένοιτο,
592 5075 829 5153 γένοιτο.
858 5101 883 5133 ο
917 5108 989 5121 —-
1016 5075 1282 5155 Προλέγει
1330 5079 1422 5134 καὶ
1466 5082 1628 5134 τοῦτο
1665 5079 1768 5149 τήν
1808 5078 1987 5135 πίστιν

331 5163 583 5222 ἁπάντων
610 5164 799 5224 ἐθνῶν.

922 5329 1219 5385 ΨΔΛΜΟΣ
1258 5328 1381 5386 ΟΒ’.

406 5489 431 5521 ι
464 5464 747 5541 Ἐξέλιπον
802 5465 856 5521 0':
931 5465 1095 5542 ὕμνοι
1169 5465 1333 5525 Δαυΐδ
1406 5473 1506 5525 τοῦ
1580 5469 1702 5525 υἱοῦ
1770 5471 1985 5530 Ἰεσσαί.

325 5555 564 5632 Ψαλμὸς
623 5558 703 5629 τῷ
758 5555 952 5632 Ἀσάφ.
1005 5578 1034 5610 ιι
1108 5590 1178 5602 —
1234 5558 1438 5622 Πάντες
1495 5557 1589 5632 μέν
1645 5560 1697 5615 0':
1771 5558 1986 5635 ψαλμοὶ

325 5649 614 5722 ποιήματα
662 5648 763 5701 τοῦ
835 5643 1024 5720 Δαυΐδ,
1092 5646 1157 5702 οὔ
1211 5648 1409 5711 πάντες
1468 5645 1526 5703 66
1583 5645 1984 5723 ὑμνῳδήθησαν

328 5736 457 5814 παρ’
504 5735 693 5794 αὑτοῦ.
746 5737 847 5791 Καί
891 5740 1053 5794 τοῦτο
1101 5732 1271 5808 δηλοῖ
1312 5735 1377 5793 τὸ
1423 5735 1667 5811 ἐξέλιπον
1721 5738 1773 5793 οἱ
1821 5737 1986 5814 ὕμνοι

2103 4743 2473 4817 συναρπαγήν.

2173 4826 2471 4886 «Ἀδικίαν
2523 4831 2599 4893 εἷς
2647 4832 2710 4886 τὸ
2759 4831 2892 4906 ὕψος
2940 4829 2987 4886 ἐ)
3007 4830 3235 4901 άλησαν.
3292 4854 3320 4884 ››
3368 4831 3610 4885 -Κατά
3658 4832 3756 4885 τοῦ

2100 4917 2327 4993 ὑψίστου
2359 4924 2493 4975 Θεοῦ
2523 4914 2978 4999 ἐϐλασφήμησαν,
3011 4919 3265 4996 λέγοντες
3300 4920 3376 4994 μὴ
3409 4920 3542 4975 εἶναι
3594 4917 3752 4975 αὑτὸν

2099 5006 2228 5064 Θεόν
2240 5051 2252 5065 .

2176 5118 2204 5152 α
2235 5098 2454 5154 Ἔθεντο
2478 5098 2553 5161 εἰς
2583 5097 2808 5174 οὐρανὸν
2838 5099 2900 5154 τὸ
2932 5099 3109 5173 στόμα
3136 5098 3437 5172 αύτῶν,καὶ
3459 5100 3495 5168 ἡ
3527 5097 3753 5174 γλῶσσα

2101 5183 2323 5256 διῆλθεν
2375 5187 2463 5242 ἐπὶ
2510 5195 2612 5258 τῆς
2654 5194 2782 5262 γῆς.
2837 5213 2867 5240 ››
2914 5185 3264 5265 -Ὕϐριζον
3318 5188 3413 5263 μὲν
3457 5188 3550 5244 τὸν
3598 5186 3747 5249 Θεόν·

2097 5272 2444 5349 κατεπῴδουν
2478 5273 2536 5331 66
2561 5275 2691 5339 τοὺς
2720 5276 3061 5353 ἀνθρώπους.

2169 5406 2201 5435 ‹‹
2233 5382 2331 5438 Διά
2370 5386 2532 5438 τοῦτο
2581 5381 2887 5460 ἐπιστρέψει
2918 5384 2946 5438 ὁ
3004 5381 3139 5448 λαός
3190 5406 3296 5458 μου
3344 5382 3587 5442 ἐνταῦθα.
3621 5407 3653 5438 »
3684 5418 3752 5429 —

2098 5471 2197 5526 Διά
2249 5472 2349 5541 τὴν
2406 5471 2596 5527 κακίαν
2654 5469 2744 5526 οὖν
2804 5476 2912 5527 τῶν
3000 5471 3237 5550 ἐχθρῶν,
3296 5473 3459 5552 φησὶν
3514 5475 3543 5530 6
3601 5474 3750 5547 Θεὸς,

2096 5559 2402 5638 ἐπιστρέψει
2435 5561 2463 5615 6
2495 5559 2547 5616 ἐν
2575 5559 2934 5637 αἰχμαλωσίᾳ
2964 5559 3096 5625 λαός
3131 5584 3236 5636 μου
3276 5562 3363 5618 ἐπὶ
3412 5564 3513 5633 τήν
3561 5564 3752 5620 ἑαυτοῦ

2095 5647 2348 5725 πατρίδα.

2168 5763 2197 5792 ‹‹
2229 5739 2328 5795 Καὶ
2385 5737 2590 5818 ἡμέραι
2648 5737 2884 5817 πλήρεις
2931 5738 3310 5818 εὑρεθήσονται
3371 5740 3423 5798 ἐν
3478 5741 3680 5809 αὐτοῖς.
3719 5766 3749 5797 n
