4066 6464
367 444 525 546 4595

1589 431 2004 530 EXPOSI’l‘lO
2047 439 2124 502 IN
2172 430 2558 538 psupios.

3621 437 3776 504 1506

369 556 501 637 ἐσέι.
559 579 800 645 τίθεσθαι
851 577 902 634 ἐν
955 575 1036 650 τῷ
1090 566 1274 652 Κυρίῳ
1326 573 1426 643 τὴν
1480 570 1677 629 ἐλπίδα
1731 592 1855 646 μου.
1890 594 1920 624 ››
1950 573 2102 640 -Α
2133 568 2296 643 θύρας
2323 572 2432 622 τῶν
2461 568 2646 623 οίκιῶν
2702 568 2792 623 καὶ
2834 566 2933 623 ὅσα
2979 565 3030 622 iv
3076 563 3282 640 ξύλοις,
3334 566 3386 624 iv
3437 569 3777 648 λαξευτηρίῳ

372 668 789 747 Προσκολλᾶταί
817 689 900 730 τις
929 671 1009 739 τῷ
1038 669 1154 738 Θεῷ
1202 662 1270 719 δι’
1325 662 1489 740 ὀρθῆς
1527 661 1759 723 πίστεως
1787 661 2016 746 καίων.

371 759 608 816 ἐντολῶν
641 756 907 837 φυλακῆς.
1188 750 1207 760 ’

447 875 469 901 α
503 853 608 904 Τοῦ
667 844 973 924 ἐξαγγεῖλαί
1040 865 1107 918 με
1153 844 1326 906 πάσας
1381 843 1476 904 τὰς
1519 839 1745 902 αἱνέσεις
1791 838 1842 895 ἐν
1899 843 2018 900 ταῖς

368 938 569 1002 πύλαις
623 944 724 1007 τῆς
784 933 1048 1011 θυγατρὸς
1098 934 1264 990 Σιών.
1307 957 1336 987 ››
1397 965 1466 974 —
1512 929 1633 986 Εἰσὶ
1681 930 1773 985 καὶ
1828 928 2021 1000 νοηταὶ

366 1026 538 1083 πύλαι
569 1027 736 1098 Σιὼν,
770 1024 826 1079 αἱ
854 1024 990 1078 κατὰ
1033 1021 1238 1084 τύπους
1284 1018 1567 1090 ἐκκλησίαι
1600 1016 1670 1073 δι’
1704 1019 1778 1073 ὧν
1809 1015 1910 1072 εἶσί
1936 1035 2019 1077 τις

367 1115 444 1180 εἰς
472 1116 573 1185 τήν
602 1111 714 1170 ἄνω
747 1113 913 1170 Σιών.

967 1222 1262 1274 ΨΔΛΜΟΣ
1304 1217 1424 1275 ΟΓ’.

445 1353 473 1386 α
507 1330 780 1391 Συνέσεως
824 1332 904 1399 τῷ
951 1327 1145 1405 Ἀσάφ.
1197 1350 1226 1378 ››
1259 1357 1324 1368 -
1375 1320 1740 1400 Ἀπαγγέλλει
1787 1321 1884 1384 τὰς
1912 1324 2021 1376 τῶν

367 1407 646 1478 Ἰουδαίων
714 1417 997 1495 συμφορὰς
1053 1417 1147 1478 τὰς
1201 1415 1337 1469 κατά
1393 1414 1492 1483 τήν
1571 1413 1674 1468 ὑπὸ
1738 1409 2023 1485 Ῥωμαίων

364 1508 682 1566 τελευταίαν
733 1506 961 1580 ἅλωσιν,
1023 1502 1425 1582 εὐαγγελίζεται
1487 1500 1545 1558 δέ
1599 1501 1690 1558 καὶ
1737 1503 1838 1572 τήν
1884 1503 2024 1574 ἠμε-

373 1604 531 1673 τέραν
567 1595 862 1671 σωτηρίαν.

447 1712 477 1740 ‹‹
510 1689 627 1742 Ἵνα
654 1684 730 1758 τί,
763 1685 792 1739 6
822 1684 973 1757 Θεὸς,
997 1683 1202 1738 ἀπώσω
1251 1680 1330 1743 εἷς
1373 1679 1534 1743 τέλος
1564 1700 1578 1750 ;
1616 1704 1637 1731 ι»
1663 1712 1732 1723 --
1752 1679 1822 1734 Τὸ
1860 1676 1950 1733 ’ίνα
1975 1677 2029 1733 τί

373 1774 753 1846 δυσωπητικὸν
786 1774 1009 1829 ἐνταῦθα
1036 1772 1126 1827 καὶ
1179 1770 1416 1847 οἰκτρόν·
1447 1771 1512 1824 τὸ
1544 1767 1601 1824 δὲ
1632 1763 1707 1832 εἷς
1737 1766 1898 1831 τέλος
1927 1769 2026 1838 τὴν

372 1863 614 1934 παντελῆ
651 1860 817 1935 δηλοῖ
849 1860 1255 1938 ἐγκατάλειψιν.

454 1981 475 2006 ι
512 1953 764 2030 Ὠργίσθη
818 1953 847 2006 ὁ
891 1950 1063 2026 θυμός
1113 1971 1210 2005 σου
1240 1949 1328 2005 ἐπὶ
1369 1943 1618 2026 πρόϐατα
1644 1954 1820 2022 νομῆς
1851 1967 1967 2003 σου.
2001 1969 2031 1999 >>
2061 1950 2110 2016 Β

375 2076 444 2086 -
475 2043 614 2119 Ἀπὸ
642 2045 831 2097 κοινοῦ
877 2042 941 2096 τὸ
979 2038 1072 2114 τίνα
1117 2038 1194 2096 τί.
1247 2039 1350 2096 Καὶ
1396 2033 1646 2114 πρόϐατα
1698 2038 1792 2113 μὲν
1822 2038 1850 2092 ὁ
1881 2035 2034 2099 λαός’

375 2132 522 2207 νομῆ
557 2129 616 2187 δέ
642 2130 710 2187 τὸ.
730 2131 853 2206 ἰερά
883 2128 1050 2206 λόγια
1075 2135 1177 2199 τῆς
1211 2126 1570 2183 θεοπνεύστου
1601 2133 1839 2206 Γραφῆς.

450 2247 478 2274 ‹‹
532 2217 814 2292 Μνήσθητι
873 2226 975 2288 τῆς
1035 2223 1356 2293 συναγωγῆς
1417 2238 1512 2271 σου
1570 2216 1637 2286 ἧς
1686 2213 1896 2287 ἐκτήσω
1948 2215 2039 2270 ἀπ’

377 2311 581 2386 ἀρχῆς.
640 2335 669 2361 ››
726 2341 796 2351 -
853 2308 952 2362 Διὰ
1006 2311 1104 2362 τοῦ
1147 2306 1370 2380 πρώτου
1429 2306 1516 2360 καὶ
1573 2302 1751 2376 ἄλλην
1819 2304 2037 2382 ὑστέραν

383 2397 709 2454 ἐνδείκνυται
742 2395 997 2466 δηλονότι
1028 2400 1132 2450 τῶν
1157 2394 1208 2466 ἐξ
1239 2393 1421 2450 ἐθνῶν.

456 2511 486 2539 ‹‹
542 2485 870 2562 Ἐλυτρώσω
944 2480 1140 2562 ῥάϐδον
1210 2482 1588 2561 κληρονομίας
1662 2505 1758 2538 σου
1811 2527 1822 2540 .

387 2573 1130 2650 Ἀπολύτωςᾶναγνωστέον
1191 2593 1203 2606 ·
1267 2571 1596 2647 Ἐλυτρώσω
1646 2573 1705 2628 ἐκ
1777 2573 2039 2646 πολέμων

385 2665 476 2720 καὶ
535 2662 934 2740 αἰχμαλωσιῶν
994 2663 1092 2730 τὴν
1175 2655 1413 2738 ῥάϐδον,
1465 2659 1591 2736 ἤτοι
1646 2661 1710 2715 τὸ
1768 2663 2040 2736 σκῆπτρον

385 2753 475 2810 καὶ
506 2754 604 2824 τὴν
639 2750 941 2829 βασιλείαν⁵
969 2750 1212 2807 τουτέστι
1270 2749 1364 2805 τὸν
1435 2744 1858 2832 βασιλευόμενον
1914 2747 2046 2805 λαὸν

385 2850 486 2916 τῆς
516 2835 896 2916 κληρονομίας
946 2863 1068 2912 σου,
1118 2839 1236 2910 ἤως
1288 2840 1346 2894 ὃν
1397 2836 1554 2917 ἔσχες
1606 2840 1681 2903 ὡς
1715 2838 1920 2917 κλῆρον
1952 2840 2044 2894 καὶ

386 2940 581 3006 κτῆμα
612 2929 748 2987 ἴδιον
764 2974 776 2990 .

457 3046 485 3074 ‹‹
517 3023 678 3098 Ὅρος
731 3021 872 3076 Σιὼν
920 3024 1082 3076 τοῦτο
1131 3020 1160 3074 ’ὸ
1208 3021 1626 3091 κατεσκήνωσας
1678 3017 1732 3073 ἐν
1791 3017 1960 3091 αύτῷ.
2015 3043 2043 3070 ››

388 3143 459 3153 —
515 3111 585 3165 T6
641 3105 770 3184 ὅρος
829 3109 972 3163 Σιὼν
1023 3109 1087 3163 τὸ
1159 3107 1548 3182 πολυύμνητον
1602 3106 1764 3162 τοῦτό
1824 3099 1963 3163 ἐστιν
2015 3106 2047 3164 ὅ

387 3200 801 3268 κατεσκήνωσας
839 3198 931 3252 τὸν
984 3195 1115 3252 λαόν
1169 3218 1285 3270 σου,
1319 3197 1356 3267 ἢ
1390 3195 1452 3252 σὺ
1502 3196 1682 3259 αὐτός.
1714 3195 1785 3252 Τὸ
1815 3195 1866 3252 ἐν
1901 3195 2046 3273 αὐτῷ

391 3285 450 3341 δέ
479 3287 553 3348 ὡς
582 3284 854 3362 παρέλκον
885 3283 1153 3358 κείμενον,
1181 3279 1468 3360 βεϐαίωσιν
1498 3282 1767 3362 ἐμφαίνει.

461 3399 491 3427 ‹‹
522 3377 762 3449 Ἕπαρον
815 3373 911 3436 τὰς
977 3373 1169 3450 χεῖράς
1228 3394 1323 3428 σου
1375 3371 1464 3427 ἐπὶ
1522 3373 1617 3436 τὰς
1680 3371 2045 3452 ὑπερηφανίας

382 3462 560 3519 αὐτῶν
610 3463 688 3525 είς
735 3460 918 3526 τέλος.
977 3487 998 3514 ιι
1051 3495 1121 3504 —
1169 3456 1456 3519 Κατάϐαλε
1501 3463 1597 3525 τὰς
1649 3457 1897 3539 ἐπάρσεις
1936 3466 2044 3518 τῶν

389 3551 609 3629 ἐχθρῶν
638 3551 847 3609 τέλεον.

465 3666 486 3692 α
550 3644 686 3696 Ὅσα
762 3639 1159 3718 ἐπονηρεύσατο
1235 3641 1265 3695 6
1341 3640 1536 3716 ἐχθρὸς
1627 3641 1679 3695 έν
1753 3643 1834 3712 τῷ
1909 3639 2046 3716 ἁγίῳ

391 3749 526 3800 σου;
563 3755 592 3782 ››
623 3763 693 3776 --
744 3727 1118 3804 Ἐνδιαθέτως,
1166 3733 1276 3785 Φεῦ
1306 3731 1317 3786 !
1350 3729 1495 3784 πόσα
1536 3729 1753 3806 πονηρά
1793 3727 2043 3801 ἐποίησεν

390 3821 418 3873 6
451 3819 650 3895 ἐχθρὸς
680 3817 732 3874 ἐν
781 3823 860 3892 τῷ
904 3819 1018 3890 ναῷ
1065 3838 1180 3874 σου·
1233 3817 1321 3874 καὶ
1350 3818 1451 3895 γὰρ
1498 3816 1684 3874 πολλά
1712 3820 2047 3895 παροινήσας

394 3907 473 3969 εἷς
502 3906 662 3961 αὑτὸν
695 3905 1059 3982 πολυτρόπως
1086 3912 1278 3963 τοῦτον
1311 3907 1602 3984 ἐξέτριψεν.

469 4001 500 4045 ‹‹’
529 3996 751 4049 ’Έθεντο
806 3995 872 4050 τά
941 4001 1143 4070 σημεῖα
1211 3987 1385 4052 αὐτῶν
1463 4002 1664 4071 σημεῖα
1712 4043 1728 4072 ,
1781 3997 1871 4052 καὶ
1948 3997 2048 4054 οὐκ

399 4077 638 4156 ἔγνωσαν
671 4083 746 4144 ὡς
792 4083 868 4145 εἲς
915 4086 1014 4154 τὴν
1057 4083 1238 4158 ἔξοδον
1269 4085 1538 4163 ὑπεράνω.
1572 4109 1599 4139 η
1634 4119 1704 4129 -
1730 4088 1806 4142 Τὰ
1845 4092 2048 4166 σημεῖα

395 4169 570 4226 αύτων
620 4167 746 4240 ἤτοι
792 4172 886 4233 τὰς
954 4173 1192 4246 σημαίας
1247 4171 1446 4245 ἔθεντο,
1485 4169 1769 4230 ’τουτέστιν
1821 4171 2048 4248 ἔστησαν

392 4259 467 4322 ὡς
498 4259 576 4322 εἷς
603 4261 702 4328 τὴν
737 4257 937 4333 ἔξοδον,
986 4259 1111 4330 ἦτοι
1154 4263 1292 4340 πρὸς
1323 4263 1418 4326 τὰς
1467 4261 1645 4328 πύλας
1674 4271 1774 4335 τῆς
1805 4263 2046 4337 πόλεως,

391 4347 572 4404 ἐπάνω
624 4349 822 4420 αὐτῶν,
868 4347 1037 4427 ἤγουν
1088 4351 1163 4414 εἷς
1209 4352 1272 4406 τὸ
1299 4357 1509 4428 τεῖχος.
1541 4353 1611 4423 Τὸ
1659 4352 1733 4415 ὡς
1785 4351 1843 4426 δὲ
1890 4353 2046 4409 ποιό-

389 4460 530 4510 τητα
577 4436 748 4511 δηλοῖ
791 4439 1016 4510 ταύτης.
1067 4442 1334 4512 Ἕστησαν
1385 4442 1438 4496 οἱ
1489 4443 1792 4516 Ῥωμαῖοι,
1845 4448 2049 4516 σημεῖα

389 4528 550 4600 νίκης
629 4531 1000 4608 πορθήσαντες
1081 4531 1181 4602 τὴν
1265 4530 1647 4606 Ἰερουσαλὴμ,
1730 4531 1821 4586 καὶ
1894 4531 2048 4588 οῧπω

393 4611 625 4695 ἔγνωσαν
653 4619 704 4672 οἱ
735 4613 886 4675 ἔνδον
920 4616 997 4675 ἔτι
1028 4617 1154 4697 περὶ
1187 4619 1378 4695 ἑορτήν
1411 4617 1838 4696 ἀσχολούμενοι.
2042 4613 2044 4616 ’

1882 2507 2044 2536 >)-·-σ

2129 655 2188 712 δῖε
2213 658 2282 712 τὰ
2316 657 2474 733 τείχη
2527 658 2617 711 καὶ
2662 655 2788 718 τοὺς
2828 655 3054 731 τοίχους
3100 657 3189 712 καὶ
3234 656 3332 722 ὅσα
3385 658 3435 712 ἐν
3487 659 3683 724 λίθοις·
3717 661 3779 715 τὸ

2129 744 2482 822 λαξευτήριον
2511 747 2612 822 γὰρ
2647 743 2998 822 λιθουργικόν
3031 745 3169 800 ἐστιν
3196 741 3444 823 ὄργανον.

2202 879 2231 907 ‹‹
2293 852 2637 929 Ἐνεπύρισαν
2698 851 2748 908 ἐν
2808 851 2939 928 πυρὶ
2995 853 3058 907 τὸ
3115 852 3460 931 ἀγιαστήριόν
3529 878 3647 928 σου,
3701 858 3779 922 εἷς

2127 947 2228 1013 τήν
2261 951 2364 1018 γῆν
2398 937 2747 1012 ἐϐεϐήλωσαν
2773 941 2837 997 τὸ
2867 943 3133 1015 σκήνωμα
3159 948 3256 998 τοῦ
3297 943 3566 1019 ὀνόματός
3602 969 3716 1004 σου.
3752 971 3779 1000 ι)

2130 1065 2201 1076 -ο
2255 1032 2327 1102 Τὸ
2377 1026 2724 1102 ἐϐεϐήλωσαν
2777 1030 2894 1086 ἀντὶ
2940 1036 3036 1086 τοῦ
3087 1027 3340 1108 βεϐήλως
3407 1036 3496 1090 καὶ
3553 1036 3782 1099 ἀνοσίως

2131 1120 2454 1198 κατέρριψαν
2494 1142 2507 1156 ο

2130 1210 2278 1273 ναός.

2207 1325 2235 1353 ι(
2268 1299 2433 1358 Εἶπον
2484 1298 2536 1354 ἐν
2704 1295 2898 1375 καρδίᾳ
2943 1298 3119 1354 αὐτῶν
3165 1301 3219 1355 αἱ
3262 1303 3566 1378 συγγένειαι
3613 1304 3785 1360 αὐτῶν

2134 1388 2221 1446 ἐπὶ
2249 1390 2313 1445 τὸ
2341 1388 2492 1444 αὐτό.
2525 1412 2553 1441 ››
2587 1421 2656 1431 -
2703 1388 2868 1443 Εἶπον
2924 1390 3062 1463 πρὸς
3110 1387 3394 1461 ἀλλήλους
3443 1393 3583 1466 ὁμοῦ
3622 1401 3789 1449 πᾶσαι

2136 1480 2190 1535 αἱ
2222 1478 2520 1556 συγγένειαι
2547 1482 2656 1532 τῶν
2693 1476 2859 1532 ἐθνῶν
2911 1476 2962 1532 iv
3013 1477 3116 1552 ὅλῃ
3157 1477 3352 1556 καρδίᾳ
3391 1481 3588 1553 αὐτῶν,
3637 1505 3795 1540 τουτ-

2137 1570 2278 1625 έστιν
2355 1568 2460 1623 ἀπὸ
2535 1564 2757 1643 καρδίας
2811 1586 2824 1598 ·
2887 1572 3048 1623 Δεῦτε
3141 1569 3230 1623 καὶ
3303 1569 3630 1646 ἀργήσωμεν
3705 1576 3802 1638 τὰς

2137 1657 2372 1732 νομικὰς
2443 1655 2696 1730 λατρείας
2772 1661 2869 1732 τοῦ
2945 1661 3078 1712 Θεοῦ
3156 1657 3352 1714 τούτου
3411 1659 3468 1715 ὅν
3539 1660 3795 1719 Ἰουδαῖοι

2138 1742 2409 1819 σέϐουσιν,
2459 1744 2806 1824 ἀφανίσαντες
2850 1744 2977 1808 τοὺς
3023 1745 3228 1820 νόμους
3269 1748 3487 1811 καὶτὰς
3516 1749 3800 1816 πολιτείας

2139 1835 2314 1891 αὐτῶν
2325 1881 2337 1894 .

2218 1948 2240 1976 ι
2283 1927 2366 1982 Τὰ
2395 1930 2597 1998 σημεῖα
2625 1927 2787 1998 ἡμῶν
2830 1923 2929 1980 ούκ
2985 1921 3222 1999 εἷ’δομεν.
3257 1949 3285 1978 ››
3317 1959 3383 1970 -
3417 1927 3492 1984 Τά
3546 1927 3805 2005 τεράστια

2148 2014 2182 2070 ’ἀ
2232 2013 2450 2091 λέγουσι
2533 2014 2625 2069 τὸν
2693 2015 2901 2085 Ἰησοῦν
2983 2012 3158 2069 αὐτῶν
3240 2016 3665 2095 θαυματουργεῖν
3732 2016 3802 2074 δι’

2147 2104 2365 2173 αὐτοὺς,
2406 2105 2572 2176 ἡμεῖς
2601 2103 2739 2166 τέως
2772 2101 2881 2179 ούχ
2911 2102 3226 2179 ἑωράκαμεν
3260 2104 3338 2167 εἰς
3372 2106 3610 2169 ἑαυτούς.

2223 2217 2251 2246 ‹‹
2282 2191 2392 2246 Ούκ
2418 2188 2559 2247 ἔστιν
2605 2188 2683 2246 ἔτι
2729 2193 3041 2268 προφήτης·
3084 2191 3174 2247 καὶ
3221 2195 3369 2266 ἡμᾶς
3424 2194 3484 2249 οὐ
3536 2197 3801 2271 γνώσεται

2151 2279 2175 2303 ,I
2487 2279 2500 2299 7
2592 2278 2617 2301 Ἰ
2786 2279 2811 2300 Ἰ
2964 2279 2974 2298 Ι
3181 2281 3195 2302 θ
3314 2283 3327 2300 \
3441 2291 3474 2314 :-

2150 2303 2304 2339 ετι.»
2335 2314 2404 2323 -—
2433 2287 2544 2335 Ουκ
2590 2302 2731 2336 εστιν
2785 2301 2886 2348 ετι,
2938 2281 3106 2358 ἠγουν
3151 2303 3228 2345 εις
3275 2303 3337 2338 το
3386 2283 3530 2355 ἑξῆς,
3582 2289 3800 2364 προφή-

2147 2393 2248 2442 της
2299 2369 2350 2425 iv
2401 2369 2607 2442 αύτοῖς,
2659 2370 2734 2432 εἷς
2782 2371 2844 2424 τὸ
2889 2368 3196 2445 προειδέναι
3245 2394 3296 2427 τι
3349 2375 3465 2427 καθ’
3519 2377 3679 2448 ἡμῶν
3717 2377 3806 2430 καὶ

2151 2459 2325 2537 λέγειν
2370 2457 2461 2514 καί
2512 2458 2793 2536 θαρρύνειν
2850 2458 3068 2522 αὐτούς.
3121 2465 3290 2516 Τοῦτο
3339 2462 3442 2539 γὰρ
3511 2461 3679 2535 δηλοῖ
3746 2466 3807 2519 τὸ

2151 2554 2298 2627 ἡμᾶς
2329 2549 2391 2604 ού
2422 2551 2706 2625 γνώσεται,
2739 2549 2890 2612 ὅπως
2940 2548 3125 2624 ἕξομεν
3184 2548 3423 2622 δηλαδὴ,
3454 2553 3516 2608 τὸ
3559 2552 3806 2632 δεύτερον

2154 2637 2211 2695 δὲ
2243 2635 2319 2695 ἔτι
2350 2638 2468 2694 ἀντὶ
2497 2643 2596 2693 τοῦ
2627 2637 2843 2696 λοιπόν.

2229 2753 2252 2780 ι
2286 2731 2432 2791 Ἕως
2462 2727 2613 2799 πότε,
2665 2727 2693 2781 6
2737 2728 2888 2799 Θεὸς,
2945 2725 3164 2783 ὀνειδιεῖ
3211 2731 3238 2785 6
3284 2729 3518 2805 ἐχθρός;
3568 2735 3802 2810 παροξυ-

2151 2823 2229 2874 νεῖ
2261 2819 2288 2873 6
2322 2817 2630 2878 ὑπεναντίος
2659 2817 2720 2871 τὸ
2751 2812 2927 2890 ὄνομά
2955 2838 3050 2872 σου
3079 2817 3156 2881 εἷς
3185 2817 3344 2882 τέλος
3371 2840 3385 2889 ;
3412 2844 3440 2876 ››
3474 2855 3542 2863 -
3570 2827 3624 2877 '0
3673 2824 3803 2886 Θεὸς

2154 2904 2376 2962 ὀνειδιεῖ
2398 2903 2457 2960 δέ
2484 2904 2574 2960 καὶ
2603 2907 2752 2980 ἡμᾶς
2777 2905 2868 2960 καὶ
2899 2906 2978 2975 σὲ,
3009 2910 3371 2984 παροξυντικά
3401 2909 3619 2986 ῥήματα
3665 2914 3801 2968 κατά

2153 3001 2252 3068 σοῦ
2282 2995 2668 3075 φθεγγόμενος,
2703 2994 2748 3049 εἰ
2796 2992 2886 3050 καί
2925 2994 2988 3049 σὺ
3035 2999 3404 3074 μακροθυμεῖς
3454 3007 3804 3078 παραχωρῶν

2153 3084 2338 3147 αὐτοῖς
2369 3081 2460 3138 διὰ
2481 3084 2576 3146 τὰς
2610 3082 2877 3157 ἀμαρτίας
2911 3085 3092 3157 ἡμῶν.

2569 1120 2922 1197 ἀγιαστήριον
2979 1119 3037 1176 δέ
3091 1121 3180 1177 καὶ
3237 1126 3505 1198 σκήνωμα
3562 1131 3696 1182 Θεοῦ
3755 1129 3783 1182 6

2230 3193 2403 3247 «Ἵνα
2464 3189 2516 3245 τί
2587 3189 2942 3268 ἀποστρέφεις
3010 3192 3109 3262 τήν
3176 3195 3340 3270 χεῖρά
3399 3215 3495 3250 σου
3562 3196 3652 3252 καὶ
3708 3199 3808 3268 τὴν

2076 3316 2120 3383 C
2160 3278 2332 3352 δεξιάν
2383 3299 2478 3334 σου
2526 3277 2586 3332 ἐκ
2636 3279 2801 3351 μέσου
2847 3283 2945 3334 τοῦ
2992 3279 3205 3336 κόλπου
3245 3303 3339 3337 σου
3370 3283 3416 3338 εί
3445 3283 3644 3354 τέλος;
3677 3310 3706 3338 ››
3740 3320 3811 3331 .-

2159 3369 2374 3432 Κόλπος
2418 3371 2551 3450 Θεοῦ
2599 3368 2628 3422 6
2673 3371 2779 3423 τῶν
2823 3367 3035 3445 ἀγαθῶν
3093 3371 3382 3447 θησαυρὸς,
3433 3375 3556 3450 χεὶρ
3613 3372 3671 3430 δὲ
3717 3377 3808 3430 καὶ

2157 3457 2302 3532 δεξιά
2368 3461 2402 3528 ἡ
2477 3455 2804 3531 μεταδοτική
2878 3461 2986 3512 τῶν
3055 3459 3267 3534 ἀγαθῶν
3338 3460 3595 3538 ἐνέργεια.
3661 3463 3807 3534 Φησί

2153 3554 2307 3626 γοῦν,
2357 3547 2454 3602 Διά
2498 3546 2551 3602 τί
2595 3550 2704 3602 τῶν
2755 3547 2968 3621 ἀγαθῶν
3017 3547 3078 3603 ού
3149 3547 3447 3623 μεταδίδως
3511 3555 3668 3627 ἡμῖν,
3729 3555 3806 3616 ὡς

2154 3637 2457 3714 πρότερον;
2508 3636 2579 3691 Τὸ
2630 3633 2687 3690 δὲ
2744 3635 2821 3699 εἰς
2867 3635 3027 3700 τέλος
3072 3639 3171 3709 τὴν
3222 3637 3444 3711 διηνεκῆ
3487 3639 3654 3713 δηλοῖ
3699 3645 3808 3698 τῶν

2157 3725 2433 3785 Ἰουδαίων
2466 3721 2785 3800 παρόρασιν.

2230 3818 2344 3871 «Ὁ
2394 3813 2452 3870 δὲ
2499 3814 2628 3877 Θεὸς
2679 3813 2934 3889 βασιλεὺς
2984 3818 3146 3889 ἡμῶν
3208 3819 3314 3893 πρὸ
3375 3818 3568 3882 αἰῶνος
3635 3821 3814 3898 εἰργά-

2157 3927 2286 3963 σατο
2318 3903 2591 3980 σωτηρίαν
2643 3902 2694 3959 ἐν
2753 3903 2900 3978 μέσῳ
2940 3911 3040 3974 τῆς
3088 3911 3209 3980 γῆς,
3253 3929 3283 3958 »
3317 3941 3383 3950 ..-
3411 3909 3483 3963 Τὸ
3531 3910 3638 3986 πρὸ
3677 3911 3818 3965 αἰῶ-

2153 4019 2263 4069 νος,
2322 3993 2436 4050 ἀντί
2491 3998 2589 4049 τοῦ
2649 3993 2700 4064 ἐξ
2751 3992 2954 4069 ἀρχῆςο
3001 3994 3066 4049 τὸ
3114 3991 3172 4050 δὲ
3218 3994 3270 4051 ἐν
3324 3995 3471 4070 μέσῳ
3533 4002 3632 4068 τῆς
3677 4007 3803 4077 γῆς,

2156 4086 2270 4142 ἀντὶ
2334 4088 2432 4139 τοῦ
2489 4082 2540 4137 iv
2617 4080 2766 4155 μέσῳ
2829 4087 2936 4136 τῶν
2998 4083 3315 4160 ἀνθρώπων,
3373 4084 3498 4155 ἤτοι
3558 4094 3806 4166 φανερῶς

2155 4173 2302 4231 λίαν.
2371 4171 2654 4253 Σξωτηρίαν
2735 4171 2884 4247 λέγει
2963 4172 3061 4241 τὴν
3131 4173 3190 4229 ἐκ
3260 4182 3360 4244 τῆς
3434 4175 3807 4254 Αἰγυπτιακῆς

2157 4261 2406 4324 δουλείας
2456 4259 2760 4336 ἐλευθερίαν
2811 4262 2921 4316 τῶν
2987 4260 3285 4337 Ἰουδαίων,
3341 4264 3552 4338 μᾶλλον
3602 4265 3660 4323 δὲ
3705 4270 3807 4338 τὴν

2153 4360 2254 4425 τῆς
2280 4357 2484 4424 νοητῆς
2518 4347 2769 4412 δουλείας
2812 4349 3139 4428 ἀπαλλαγὴν
3172 4355 3333 4426 ἡμῶν
3374 4351 3464 4409 διὰ
3507 4363 3610 4427 τῆς
3662 4357 3810 4421 θείας

2156 4441 2468 4517 ἐνανθρωπή
2477 4459 2631 4501 σεως.

2229 4555 2258 4586 ‹‹
2291 4529 2367 4586 Σὺ
2399 4527 2759 4604 ἐκραταίωσας
2811 4527 2864 4584 ἐν
2917 4533 2986 4603 τῇ
3037 4527 3261 4605 δυνάμει
3315 4553 3410 4588 σου
3459 4535 3558 4604 τήν
3606 4533 3808 4591 θάλασ-

2159 4641 2276 4678 σαν.
2327 4641 2355 4674 ιι
2409 4652 2478 4660 -
2529 4616 2886 4692 Ἐστερέωσας
2955 4620 3023 4674 τὰ
3090 4617 3421 4698 διαιρεθέντα
3491 4622 3628 4698 μέρη
3711 4632 3810 4695 τῆς

465 4731 494 4759 ‹‹
529 4706 630 4764 Καὶ
662 4685 1110 4786 ἐνεκαυχήσαντοι
1137 4709 1189 4764 οἱ
1237 4685 1521 4783 μισὸῦντές
1569 4729 1628 4764 σε
1657 4685 1710 4764 ἐν
1758 4708 1908 4783 μέσῳ
1947 4717 2048 4786 τῆς
2083 4685 2131 4749 D
2161 4711 2442 4788 Ἐρυθρᾶς,
2491 4707 2527 4778 ἢ
2580 4685 2834 4781 κραταιὰν
2886 4709 3022 4764 κατά
3065 4685 3339 4784 δαιμόνων
3394 4685 3653 4783 ἐποίηὲΐιίς

395 4795 590 4872 ἑορτῆς
638 4818 754 4854 σου.
810 4822 836 4850 ››
868 4831 936 4841 -
983 4799 1207 4872 Ἐορτῆν
1256 4800 1355 4869 τήν
1409 4803 1503 4854 τοῦ
1547 4799 1740 4877 Πάσχα
1786 4801 1905 4864 καθ’
1949 4799 2052 4870 ῆνὸ

396 4889 555 4947 Τῖτος
587 4884 948 4962 ἐπολιόρκησε
994 4887 1081 4942 καὶ
1131 4885 1500 4964 ᾐχμαλώτισε
1544 4886 1670 4950 τοὺς
1714 4887 1765 4942 ἐν
1793 4886 1960 4963 ταύτῃ
1981 4891 2050 4962 τῇ

397 4973 558 5050 ἑορτῇ
589 4975 680 5030 τὸν
716 4982 950 5050 Σωτῆρα
979 4978 1409 5052 σταυρώσαντας.
2045 4983 2049 4988 ’

468 5087 497 5115 ι(
528 5064 616 5127 Ὧς
649 5063 700 5118 iv
735 5063 927 5141 δρυμῷ
977 5065 1153 5138 ξύλων
1201 5067 1399 5138 ἀξίναις
1449 5066 1702 5141 ἐξέκοψαν
1748 5067 1845 5129 τὰς
1886 5066 2051 5143 θύρας

393 5151 560 5222 αὐτῆς
622 5152 710 5208 ἐπὶ
765 5155 829 5209 τὸ
885 5149 1037 5210 αύτό.
1074 5177 1103 5208 ››
1134 5189 1203 5198 -—
1243 5155 1458 5233 Δρυμός
1517 5155 1656 5210 ἐστιν
1715 5157 1751 5225 ἠ
1803 5154 1854 5210 ἐν
1904 5143 2048 5232 δρεσι

394 5241 696 5320 ξυλοφόρος
733 5251 830 5320 γῆ.
883 5246 1056 5316 Φησὶν
1110 5243 1201 5300 οὖν
1253 5245 1336 5300 ὅτι
1385 5243 1684 5320 κατέκοψαν
1727 5245 1822 5308 τὰς
1872 5243 2048 5308 πύλας

391 5338 494 5402 τῆς
547 5331 786 5396 πόλεως’
858 5332 945 5389 ἐπὶ
1007 5335 1070 5389 τὸ
1120 5335 1270 5407 αὐτὸ,
1318 5333 1590 5390 τουτέστιν
1653 5334 1795 5408 ὁμοῦ
1852 5333 2046 5405 πάσας,

399 5419 578 5496 ὥσπερ
615 5420 702 5476 ἐὰν
729 5420 950 5477 ’ίσταντο
980 5421 1032 5478 ἐν
1064 5420 1258 5499 δρυμῷ
1289 5421 1488 5494 ξύλων,
1521 5423 1573 5477 οἱ
1621 5421 2048 5487 κατακόπτοντες

393 5510 548 5583 αὐτὰ,
580 5509 672 5566 καὶ
696 5508 922 5567 ἔκοπτον
958 5509 1221 5584 δηλονότι
1261 5511 1395 5584 ξύλα
1425 5510 1634 5574 ἀπλῶς.

468 5626 497 5655 α
573 5603 659 5656 Ἐν
763 5601 980 5658 πελέκει
1088 5602 1179 5658 καὶ
1282 5601 1621 5678 λαξευτηρίῳ
1719 5601 2043 5679 κατέρῥαξαν

391 5689 580 5762 αὐτήν.
644 5715 672 5743 ››
731 5690 1035 5767 -Αύτῆει,
1075 5690 1247 5768 ἤγουν
1297 5693 1396 5762 τὴν
1454 5691 1640 5765 πόλιν,
1700 5691 2044 5768 κατέρῥαξαν,

391 5773 516 5855 ἤτοι
551 5775 882 5858 κατέϐαλον,
942 5781 996 5838 ἐν
1053 5780 1278 5839 πελέκοι
1339 5779 1434 5860 μὲν
1490 5779 1557 5837 τὰ
1614 5778 1777 5860 στέγη
1827 5779 2043 5848 καῖ’τάς

2165 4797 2431 4864 θάλασσαν
2471 4801 2567 4852 τοῦ
2609 4794 3000 4870 βαπτίσματος.

2240 4911 2263 4940 ι
2297 4887 2373 4942 Σὺ
2412 4884 2731 4962 συνέτριψας
2778 4886 2875 4948 τὰς
2921 4885 3161 4966 κεφαλὰς
3207 4893 3311 4943 τῶν
3366 4886 3670 4966 δρακόντων
3723 4891 3812 4947 ἐπὶ

2158 4981 2257 5034 τοῦ
2287 4975 2448 5032 ὕδατο
2707 4977 2750 5032 Τ
2789 4973 2801 4991 “
2900 4975 2966 5030 Α⁷
3125 4975 3137 4996 ’
3404 4978 3414 4996 '
3535 5003 3543 5014 ·
3669 4981 3684 5003 ‘
3759 4981 3772 4998 “

2455 4997 2498 5038 ς,
2536 4999 2564 5027 ››
2597 5006 2666 5018 -ο
2756 4995 2847 5037 ους
2955 4997 3216 5052 ιγυπτιων
3268 4981 3615 5055 ταξιαρχοδς,
3648 4982 3683 5050 ἠ
3716 5001 3812 5044 τας

2162 5065 2355 5140 δαιμον
2367 5064 2480 5127 ικάς
2506 5062 2701 5139 ἀρχάς.

2233 5180 2261 5208 ‹‹
2295 5154 2371 5210 Σὸ
2404 5153 2727 5214 συνέθλασας
2754 5153 2854 5221 τήν
2896 5151 3138 5230 κεφαλὴν
3192 5161 3289 5210 τοῦ
3338 5153 3648 5232 δράκοντος.
3685 5184 3713 5211 ››
3746 5193 3814 5204 —

2159 5246 2214 5300 '0
2265 5242 2475 5318 δράκων
2535 5241 2719 5304 ἐνικῶς
2769 5243 2796 5296 6
2846 5241 3102 5314 αἰσθητὸς
3167 5247 3369 5322 Φαραὼ
3433 5247 3522 5302 καὶ
3593 5249 3810 5320 νοητὸς,

2160 5333 2352 5400 θλάσις
2383 5330 2440 5389 δέ
2467 5328 2710 5411 κεφαλῆς
2755 5333 2790 5401 ἡ
2833 5327 3092 5409 συντριϐὴ
3139 5341 3239 5404 τῆς
3287 5336 3466 5412 ἀρχῆς
3515 5336 3604 5392 καὶ
3653 5339 3810 5414 βασι-

2157 5423 2307 5487 λείας
2336 5422 2535 5478 αὐτῶν.

2229 5537 2259 5565 ‹‹
2293 5509 2536 5574 Ἐδωκας
2569 5509 2728 5565 αὐτὸν
2785 5511 2980 5585 βρῶμα
3030 5509 3186 5576 λαοῖς
3234 5519 3350 5576 τοῖς
3401 5515 3643 5590 Αἰθίοψι.
3679 5541 3706 5567 ››
3752 5550 3811 5560 --

2154 5603 2224 5658 Τὸ
2278 5599 2488 5664 ’ἔδωκας
2536 5600 2653 5655 ἀντὶ
2700 5605 2798 5654 τοῦ
2846 5597 3106 5672 ἐξέδωκας
3157 5605 3256 5658 Διά
3329 5603 3385 5660 δὲ
3442 5610 3538 5660 τοῦ
3606 5606 3809 5683 Φαραὼ

2154 5691 2245 5747 καὶ
2295 5696 2467 5746 πᾶσαν
2528 5689 2627 5759 τήν
2694 5689 2783 5744 ὑπ’
2830 5689 2987 5745 αὐτὸν
3050 5693 3239 5770 χώραν
3292 5692 3583 5768 ὑποδηλοῖ·
3632 5696 3700 5766 ἣν
3758 5696 3810 5753 οἱ

2158 5779 2413 5844 Αἰθίοπες
2463 5777 2659 5860 ὅμοροι
2707 5783 2825 5844 τοῖς
2873 5778 3198 5858 Αἰγυπτίοις
3259 5778 3412 5849 ὄντες
3483 5785 3575 5842 καὶ
3639 5783 3812 5880 πάλαιι
