4066 6448
286 431 437 496 1511
1543 422 1914 495 NICEPHOE

2029 420 2449 490 3LEMMIDJE
3514 422 3728 497 ιειῦιέε

283 563 509 641 λαγείην
544 569 649 620 τῶν
678 564 967 642 ἀλγεινῶν,
997 562 1086 621 καὶ
1122 565 1198 639 μὴ
1232 564 1577 642 εὑρίσκοντός
1610 584 1718 637 μου
1749 560 1923 632 λύσιν,
1956 568 2010 634 Α
2043 581 2139 632 μαι
2198 560 2305 615 ἀπὸ
2349 566 2453 631 τῆς
2499 558 2681 636 ἀρχῆς
2720 562 2828 616 τῶν
2870 558 3201 636 θαυμασίων
3232 583 3364 623 ησου.
3398 587 3429 618 ››
3464 598 3538 609 —-
3568 565 3731 625 Ἀπο

285 653 705 732 ἐστενοχωρήθη
738 657 774 724 ἧ
808 656 960 729 ψυχή
999 675 1124 727 μου·
2047 655 2234 705 κοινοῦ
2267 647 2506 719 ληπτέον
2538 648 2690 714 αὖθις
2718 652 2781 706 τὸ
2810 653 2902 706 κιί
2938 650 3360 729 εἶπαᾸΕργαδὲ
3383 654 3595 732 Κυρίου·
3620 674 3737 730 καὶ

2044 736 2450 813 ἐπιτηδεύματα
2505 740 2664 796 καλεῖ
2716 741 2813 804 τάς
2868 742 3008 819 πρὸς
3063 742 3365 820 ἀνθρώπων
3426 746 3733 823 σωτηρίαν

2045 827 2357 903 οἰκονομίας
2386 828 2572 886 αὐτοῦ.

2116 942 2145 970 ‹‹
2177 920 2235 973 Ὀ
2264 919 2418 987 Θεὸς,
2452 918 2504 975 ἐν
2552 924 2632 992 τῷ
2677 919 2818 996 ἀγίῳ
2875 922 2911 991 ἡ
2961 917 3089 984 ὁδός
3135 943 3253 979 σου.
3292 946 3333 977 ·››
3384 956 3454 968 --
3502 916 3737 1001 ’Ἠγουν

2042 1006 2094 1061 ἐν
2147 1008 2400 1083 ἁγιότητι
2445 1011 2482 1079 ἡ
2531 1009 2724 1086 πρᾶξίς
2768 1029 2883 1064 σου·
2928 1015 3076 1065 πᾶσα
3135 1012 3239 1088 γὰρ
3288 1013 3499 1090 ⁸πρᾶξις
3546 1008 3734 1070 ⁵Θεόῦ

2043 1096 2169 1171 ἀγία
2210 1097 2301 1152 καὶ
2347 1098 2655 1172 ἄμεμπτος.
2706 1098 2807 1154 Καὶ
2857 1096 3048 1163 ἄλλως
3098 1097 3157 1155 δὲ
3185 1094 3359 1178 ’ἅγιος
3407 1103 3437 1158 6
3468 1104 3732 1178 Χριστὸς

2041 1186 2069 1239 6
2103 1185 2266 1259 μόνος
2319 1186 2726 1264 ἀναμάρτητος,
2758 1187 2810 1243 ἐν
2870 1189 2916 1261 ᾦ
2965 1190 3001 1259 ἠ
3050 1188 3178 1266 περὶ
3231 1194 3341 1247 τῶν
3392 1192 3728 1269 ἀνθρώπων

2040 1275 2314 1353 σωτηρίας
2386 1275 2677 1351 οἰκονομία
2740 1281 2838 1332 τοῦ
2903 1282 3039 1333 Θεοῦ
3106 1278 3198 1335 καὶ
3258 1281 3471 1357 Πιπρὸς
3538 1281 3725 1359 ἐνηρ-

2038 1365 2208 1439 γήθη-

2109 1476 2140 1507 ‹‹
2168 1452 2259 1516 Τίς
2291 1454 2412 1518 θεὸς
2471 1454 2636 1531 μέγας
2683 1454 2759 1518 ὡς
2787 1455 2816 1510 6
2844 1456 2972 1520 Θεὸς
3020 1458 3222 1531 ἡμῶν;
3253 1480 3285 1512 ι)
3315 1490 3387 1501 -—-
3428 1458 3526 1523 Τίς
3560 1461 3719 1525 -θιὸις

279 1540 582 1619 λάμϐανον·
641 1544 744 1600 ὑπὸ
791 1545 895 1621 γὰρ
939 1547 1038 1614 τῆς
1093 1548 1356 1621 συνεχοῦς
1409 1543 1678 1621 μερίμνης
1727 1543 1869 1613 ἀπῆν
1898 1543 1927 1597 ὁ
2033 1546 2140 1597 τῶν
2176 1540 2513 1617 ἀλλοφύλων
2546 1541 2689 1598 οὕτω
2722 1542 3722 1626 μεγαλοδύναμοςκαὶμεγαλουργὸς

2034 1631 2213 1696 καθὼς
2248 1632 2275 1686 6
2304 1634 2339 1701 ἡ
2351 1631 2574 1707 μέτερος
2598 1651 2612 1702 ;

358 769 378 794 ι
416 738 929 820 Προσκατελάϐοντο
978 740 1223 819 φυλακὰς
1281 743 1333 798 οἱ
1384 740 1663 821 ὀφθαλμοί
1718 763 1843 816 μου.
1904 763 1931 791 ››

281 866 350 875 —
387 834 548 897 Ἔθος
598 833 651 888 ἐν
699 837 819 894 τοῖς
873 828 1259 908 στρατοπέδοις
1310 827 1645 907 διάϐρεῖσθαι
1695 832 1795 900 τὴν
1845 827 1933 883 νύ-

280 942 380 977 κτα
435 928 606 977 πᾶσαν
668 921 742 984 εἷς
792 922 1023 996 τέσσαρα
1081 920 1244 995 μέρη,
1301 921 1392 976 καὶ
1442 922 1558 976 καθ’
1604 917 1659 975 ἓν
1712 917 1930 974 ἕκαστον

278 1010 710 1089 τεταρτημόριον
769 1017 872 1080 τῆς
928 1010 1122 1073 νυκτὸς
1179 1009 1538 1086 ἐπαγρυπνεῖν
1598 1010 1931 1085 στρατιώτας

281 1095 582 1174 ἀμοιϐαδὸν
663 1099 754 1155 καὶ
841 1098 1127 1177 φυλάσσειν
1202 1099 1265 1154 τὸ
1339 1097 1469 1154 ὅλον
1546 1094 1931 1174 στρατόπεδον·

282 1188 552 1253 Ἐντεῦθεν
587 1186 679 1244 οὖν
729 1189 796 1244 τά
848 1189 1080 1265 τέσσαρα
1128 1187 1537 1265 τεταρτημόρια
1588 1194 1690 1257 τῆς
1739 1186 1929 1248 νυκτὸς

283 1277 675 1351 ὠνομάσθησαν
755 1275 1024 1355 φωλακαί.
1086 1271 1399 1351 Προέλαϐον
1461 1274 1575 1346 οὖν,
1632 1275 1819 1353 φησὶν,
1877 1274 1930 1328 οἱ

283 1365 561 1444 ὀφθαλμοί
622 1387 727 1440 μου
782 1366 877 1428 τάς
923 1372 1025 1435 τῆς
1084 1365 1276 1427 νυκτὸς
1332 1363 1603 1441 φυλακὰς,
1647 1362 1817 1440 ἤγουν
1876 1364 1930 1419 οἱ

278 1463 442 1511 πᾶσαι
501 1455 737 1533 φυλακαὶ
792 1458 890 1525 τῆς
951 1456 1141 1517 νυκτὸς
1195 1454 1574 1529 ἀγρυπνοῦντά
1632 1475 1699 1527 με
1771 1474 1927 1509 κατε-

275 1631 444 1696 ὕπνος
472 1637 580 1687 τῶν
612 1632 756 1705 ἐμῶν
792 1629 1115 1710 ὀφθαλμῶν.

347 1747 373 1772 ‹‹
409 1721 768 1797 Ἐταράχθην,
819 1722 909 1776 καὶ
959 1722 1061 1776 οὐκ
1111 1720 1377 1792 ἐλάλησα.
1414 1743 1435 1773 ι
1490 1754 1559 1763 -
1609 1719 1923 1796 Συνεχύθην
2114 1743 2140 1774 «
2171 1719 2247 1774 Σὺ
2279 1720 2330 1775 εἴ
2354 1720 2503 1794 Θεὸς,
2526 1722 2555 1776 6
2584 1726 2757 1777 ποιῶν
2782 1723 3123 1797 θαυμάσια.»
3144 1758 3215 1769 --
3247 1724 3326 1780 Σὺ
3356 1726 3407 1782 εἶ
3432 1727 3465 1781 6
3486 1727 3719 1805 κυρίως

264 1816 383 1873 ταῖς
440 1809 711 1884 θλίψεσιν,
761 1809 888 1866 ἀλλ’
945 1810 1045 1865 οὐκ
1091 1809 1316 1889 ἐξέφηνα
1361 1809 1556 1871 ταύτας
1618 1809 1753 1884 πρὸς
1795 1808 1923 1871 τοὺς
2033 1808 2187 1877 Θεὸς,
2229 1809 2258 1863 6
2289 1813 2464 1863 ποιῶν
2490 1810 2773 1884 θαυμαστὰ
2802 1809 2950 1889 ἔργα.

265 1898 520 1976 ἐχθρούς·
547 1898 641 1953 τίνα
673 1900 750 1972 μή
780 1898 870 1954 καὶ
906 1897 1121 1971 μᾶλλον
1155 1896 1461 1974 ἐπιχαρῶσί
1496 1920 1611 1966 μοι.
1953 1943 2003 2009 Β
2105 1939 2133 1966 ‹‹
2165 1915 2490 1992 Ἐγνώρισας
2538 1914 2590 1970 ἐν
2636 1922 2755 1980 τοῖς
2799 1915 2957 1981 λαοῖς
3000 1919 3102 1988 τὴν
3143 1917 3374 1995 δύναμίν
3404 1942 3523 1981 σου,
3560 1947 3596 1977 ››
3632 1955 3717 1970 ..-

333 2031 364 2059 ‹‹
394 2004 798 2083 Διελογισάμην
866 2004 1078 2081 ἡμέρας
1129 2006 1382 2082 ἀρχαίας·
1431 2005 1522 2061 καὶ
1583 2002 1676 2075 ἔτη
1728 2005 1921 2060 αἰώνια
1953 2002 1996 2009 ”
2031 2002 2368 2080 Ἐγνωρίσθη
2405 2005 2500 2078 μὲν
2528 2005 2581 2061 ἐν
2608 2011 2729 2068 ταῖς
2775 2006 3098 2083 Αἰγυπτίοις
3154 2009 3247 2065 καὶ
3300 2016 3421 2074 τοῖς
3464 2011 3714 2078 λοιποῖς

260 2095 562 2169 ἐμνήσθην.
596 2120 626 2148 ››
656 2128 726 2139 ——
756 2094 1191 2170 Ἀνελογισάμην
1218 2094 1347 2157 τοὺς
1393 2092 1624 2149 ἔκπαλαι
1671 2093 1916 2170 καιροὺς,

262 2185 352 2241 ὅτε
377 2188 477 2255 τῆς
509 2185 560 2239 ἐν
594 2184 856 2261 Αἰγύπτῳ
889 2180 1138 2245 δουλείας
1166 2183 1547 2260 ἐλυτρώθησαν
1579 2185 1631 2238 οἱ
1660 2183 1781 2238 τότε
1826 2183 1917 2238 καὶ

265 2274 430 2350 μυρία
485 2273 945 2350 εὐηργετηθησαν.
1003 2273 1074 2327 Τὸ
1142 2270 1200 2327 δὲ
1274 2271 1551 2346 ἐμνήσθην
1631 2272 1745 2327 ἀντὶ
1820 2276 1917 2327 τοῦ

258 2362 635 2437 ἐνεπολέμησα
679 2363 814 2417 κατά
859 2366 1007 2417 νοῦν·
1058 2361 1120 2417 τὸ
1169 2358 1226 2416 δέ
1277 2360 1583 2436 ἐμελέτησα
1630 2362 1728 2430 τήν
1785 2362 1921 2434 μετά

256 2454 495 2528 σκέψεως
525 2451 820 2526 ἀνάμνησιν
852 2448 1038 2522 δηλοῖ.

335 2567 364 2596 ‹‹
396 2541 495 2597 Καὶ
543 2539 848 2614 ἐμελέτησα
894 2540 1107 2611 νυκτὸς,
1162 2540 1297 2614 μετά
1353 2546 1456 2609 τῆς
1521 2536 1743 2615 καρδίας
1811 2560 1915 2613 μου

267 2629 633 2707 ἠδολέσχουν.
665 2654 694 2684 ››
727 2664 796 2672 —
844 2629 923 2687 Τὸ
970 2630 1163 2691 νυκτὸς
1213 2627 1330 2683 ἀντὶ
1377 2632 1475 2683 τοῦ
1524 2627 1576 2682 ἐν
1623 2627 1797 2695 νυκτὶ,
1830 2626 1915 2683 ὅτι

263 2720 469 2797 ἠρεμία
494 2719 728 2776 πάντων.
763 2720 916 2777 Μετὰ
959 2725 1059 2789 τῆς
1099 2715 1322 2793 καρδίας
1366 2738 1471 2790 μου
1513 2718 1594 2785 δὲ,
1646 2716 1760 2771 ἀντὶ
1814 2720 1913 2772 τοῦ

262 2810 313 2865 ἐν
334 2814 404 2884 τῇ
436 2813 591 2887 ψυχῇ
626 2829 752 2883 μου.

335 2924 357 2951 ι
390 2899 491 2954 Καὶ
544 2895 804 2954 ἔσκαλλεν
855 2898 916 2952 τὸ
968 2897 1181 2970 πνεῦμά
1230 2918 1355 2970 μου.

2026 2090 2369 2169 ἀλλοφύλοις
2396 2095 2432 2163 ἡ
2466 2091 2695 2168 δύναμις
2720 2100 2819 2151 τοῦ
2857 2101 2992 2152 Θεοῦ
3034 2095 3220 2174 ἔργοις
3266 2099 3456 2164 αὐτοῖς
3494 2099 3711 2176 (λαοὺς

2025 2180 2127 2258 γὰρ
2160 2180 2386 2247 ἐνταῦθα
2431 2184 2499 2238 τὰ
2545 2180 2669 2255 ἔθνη
2720 2185 2934 2263 φησὶν),
2982 2184 3286 2263 ἐγνωρίσθη
3336 2186 3397 2245 δὲ
3445 2188 3500 2246 ἐν
3561 2198 3706 2248 nam

2024 2274 2146 2331 τοῖς
2214 2267 2416 2335 ἔθνεσιν
2486 2270 2709 2349 ὕστερον
2768 2275 2803 2344 ἡ
2870 2273 3232 2339 ἐνυπὸστατος
3294 2274 3525 2354 δύναμις
3596 2284 3705 2338 τοῖι

2028 2358 2259 2432 Πατρός.

2102 2469 2130 2502 α
2160 2447 2488 2525 Ἐλυτρώσω
2532 2449 2584 2506 ἐν
2636 2456 2716 2525 τῷ
2776 2452 3031 2530 βραχίονί
3094 2475 3193 2511 σου
3246 2457 3338 2512 τὸν
3397 2455 3533 2514 λαόν
3596 2480 3702 2516 σου

2022 2536 2154 2599 τοὺς
2201 2532 2395 2593 Ἰακὼϐ
2446 2539 2538 2594 καὶ
2584 2543 2809 2620 Ἰωσήφ.
2880 2566 2910 2595 ››
2964 2576 3035 2587 -—
3095 2545 3181 2599 Ἐν
3245 2546 3340 2620 μὲν
3380 2547 3504 2620 θείᾳ
3532 2545 3699 2605 60%-

2027 2647 2117 2699 μει
2145 2632 2522 2704 τερατουργῶν
2556 2628 2896 2706 Λελύτρωται
2928 2635 3036 2687 τῶν
3086 2632 3254 2698 ἐθνῶν
3302 2636 3331 2691 6
3488 2634 3696 2695 Ἰακὼϐ

2022 2715 2111 2770 καὶ
2171 2717 2372 2794 Ἰωσὴφ
2441 2718 2782 2793 κατηγμὲνος
2864 2718 2998 2784 λαὸς
3069 2720 3330 2796 παλαιὸς,
3366 2724 3420 2779 ἐν
3486 2722 3549 2782 δὶ
3610 2731 3691 2801 τῷ

2024 2809 2241 2879 Χριστῷ
2295 2813 2396 2876 τῆς
2447 2810 2545 2861 τοῦ
2603 2802 2868 2864 διαϐόλου
2919 2808 3234 2884 τυραννίδος
3295 2813 3324 2868 6
3379 2814 3508 2877 νέος
3554 2813 3687 2872 λαὸς

2021 2895 2187 2967 ἡμεῖς
2219 2892 2633 2971 λελυτρώμεθα,
2669 2894 2865 2960 οἵτινες
2895 2897 2987 2955 καὶ
3032 2898 3091 2954 οἱ
3132 2899 3248 2955 υἱοὶ
3295 2906 3437 2957 Θεοῦ
3480 2901 3676 2958 καλού-

2025 2984 2158 3055 μεθα
2199 2982 2289 3038 καὶ
2339 2979 2537 3039 Ἰακὼϐ
2588 2984 2680 3040 καὶ
2726 2986 2953 3066 Ἰωσὴφ,
3000 2987 3077 3051 ὡς
3125 2988 3244 3044 ἀντὶ
3291 2994 3395 3045 τοῦ
3446 2989 3667 3047 παλαιοῦ

1414 2920 1435 2945 ι
1477 2927 1549 2938 -ι-ι
1593 2895 1665 2950 Τὸ
1714 2892 1913 2950 ἐσκαλ-

261 2986 384 3062 λον,
411 2988 529 3044 ἀντὶ
574 2992 673 3043 τοῦ
723 2987 1042 3065 ἀνώρυττεν,
1073 2986 1357 3060 ἀνηρεύνα.
1388 2985 1449 3039 Τί
1499 2982 1554 3040 δὲ
1599 2984 1667 3039 τά
1712 2983 1909 3060 ἐπαγό-

259 3097 431 3150 μενα;
2021 3068 2157 3126 λαοῦ
2206 3072 2603 3144 υἱοθετηθέντες
2652 3074 2799 3147 αύτῷ
2842 3076 2933 3130 καὶ
3004 3076 3104 3145 τὴν
3172 3077 3405 3153 ἐκείνου,
3456 3076 3517 3148 δὴ
3568 3080 3664 3134 τοῦ

323 3192 352 3221 ‹‹
385 3168 477 3237 Μὴ
531 3167 609 3229 εἷς
657 3165 784 3229 τοὺς
833 3165 1038 3227 αἰῶνας
1104 3163 1380 3219 ἀπώσεται
1434 3163 1658 3241 Κύριος,
1706 3162 1797 3217 καὶ
1846 3162 1907 3218 ού
2019 3159 2257 3216 παλαιοῦ
2300 3159 2459 3233 λαοῦ,
2508 3163 2599 3218 καὶ
2643 3163 2914 3220 οἷκείωσιν
2962 3164 3054 3221 καὶ
3082 3164 3284 3237 κλῆσιν
3314 3167 3666 3244 κληρονομή-

249 3258 544 3335 πρεσθήσει
598 3259 697 3311 τοῦ
758 3253 1048 3325 εύδοκῆσαι
1106 3252 1218 3323 ἕτι;
1266 3279 1288 3308 ›
1354 3287 1425 3295 —
1477 3254 1551 3307 Τὰ
1606 3254 1905 3329 προσθήσει
1940 3313 1980 3335 η
2020 3270 2226 3313 σαντες.

2093 3364 2122 3392 ‹‹
2150 3336 2377 3397 Εἷδοσάν
2428 3362 2487 3397 σε
2531 3339 2720 3411 ὕδατα,
2751 3343 2782 3399 6
2825 3343 2978 3417 Θεὸς,
3006 3342 3218 3401 εἷ’δοσάν
3256 3364 3319 3403 σε
3365 3342 3559 3421 ὕδατα,
3586 3348 3680 3404 καὶ

2016 3423 2386 3507 ἐφοϐήθησαν,
2461 3431 2554 3486 καὶ
2643 3432 3020 3509 ἐταράχθησαν
3122 3428 3369 3494 ἄϐυσσοι.
3449 3434 3682 3507 Πλῆθος

2012 3515 2191 3594 ἤχους
2225 3516 2431 3575 ὑδάτων
2463 3521 2649 3598 φωνὴν
2678 3519 2885 3577 ἔδωκαν
2934 3524 2990 3578 αἱ
3038 3522 3281 3603 νεφέλαι.
3316 3549 3341 3577 ι
3376 3557 3448 3569 --
3476 3526 3679 3582 Πεπεέ-

2017 3627 2201 3683 ρανται
2265 3608 2358 3682 μὲν
2404 3617 2505 3680 τῆς
2574 3610 2720 3674 Θείας
2781 3608 3061 3686 δυνάμεως
3121 3614 3191 3669 τὰ
3253 3619 3357 3685 τῆς

2016 3693 2183 3751 ὕδατα
2228 3696 2317 3753 καὶ
2384 3699 2551 3755 οἱονεὶ
2610 3695 2922 3778 φοϐηθέντα
2967 3698 3280 3774 διέστησαν,
3327 3703 3421 3760 ὅτε
3459 3703 3550 3759 καὶ
3604 3705 3684 3760 τὰ

2021 3785 2158 3861 βάθη
2232 3794 2333 3857 τῆς
2409 3786 2685 3859 Θαλάσσης
2768 3788 3143 3867 ἐταράγθησαν
3226 3795 3308 3865 τῷ
3381 3791 3685 3868 ἐμπεσόντι

2018 3874 2202 3949 ἀνέμῳ
2233 3882 2351 3940 τοῖς
2383 3874 2558 3950 ὕδασι,
2590 3877 2681 3933 καὶ
2712 3877 2934 3949 πλῆθοσ
2971 3878 3162 3956 γέγονε
3205 3879 3333 3938 τότε
3375 3887 3477 3938 τοῦ
3524 3879 3686 3961 ἤχου

2014 3969 2123 4019 τῶν
2176 3962 2407 4040 ὑδάτων,
2452 3966 2712 4023 ’τουτέστι
2773 3967 2951 4033 πολὺς
3000 3969 3170 4046 ἦχοςο
3220 3969 3520 4049 εὐρίσκεται
3576 3973 3694 4051 γὰρ

2016 4053 2107 4109 καὶ
2154 4054 2216 4109 τὸ
2262 4055 2408 4130 ἦχος
2467 4055 2666 4111 εὐθεῖα·
2730 4053 2944 4115 εἷ’δοσαν
2985 4055 3045 4115 δὲ
3088 4056 3260 4115 ὕδατα
3300 4061 3394 4116 τὸν
3424 4063 3693 4137 Χριστὸν,

2017 4141 2106 4198 ὅτε
2143 4148 2240 4198 τοῦ
2289 4143 2490 4200 πλοίου
2545 4145 2928 4220 βυθιζομένου,
2978 4144 3309 4214 διυπνισθεὶς
3353 4149 3519 4214 αὐτὸς
3562 4150 3700 4209 ἐπὲ-

2013 4232 2215 4306 τίμησε
2273 4237 2388 4296 τοῖς
2446 4233 2672 4307 ἀνέμοις
2725 4234 2817 4291 καὶ
2865 4239 2936 4311 τῇ
2989 4234 3255 4313 θαλάσσῃ,
3284 4238 3376 4294 καὶ
3428 4232 3691 4317 ἐφοϐήθη

2016 4321 2105 4376 καὶ
2162 4320 2427 4398 ἡσύχασε.
2484 4322 2618 4381 Τότε
2673 4319 2733 4378 δὲ
2789 4323 3161 4402 ἐταράχθησαν
3216 4326 3309 4382 καὶ
3365 4327 3420 4383 αἱ
3450 4323 3691 4384 ἄϐυσσοι

2014 4416 2116 4479 τῆς
2164 4408 2431 4477 θαλάσσης
2487 4415 2565 4484 τῷ
2624 4406 2781 4491 φόϐῳ
2845 4419 2947 4483 τῆς
3015 4411 3343 4486 δεσποτικῆς
3409 4415 3689 4491 ἐπιτιμή-

2015 4520 2172 4561 σεως.
2208 4500 2322 4554 Ἐτι
2354 4496 2414 4555 δὲ
2439 4500 2504 4556 τὸ
2531 4498 2746 4572 πλῆθος
2774 4505 2872 4557 τοῦ
2899 4499 3085 4579 ἤχους
3111 4508 3222 4560 τῶν
3278 4502 3489 4561 ὖδάτων
3545 4505 3689 4577 ἤτοι

2012 4592 2120 4643 τῶν
2154 4588 2469 4665 ἠχηθέντων
2500 4591 2757 4664 κυμάτων
2786 4593 2823 4662 ἡ
2853 4589 3084 4659 πληθύς.

252 3313 342 3401 ἐπὶ
398 3350 495 3401 τοῦ
544 3345 610 3400 τὰ
656 3344 790 3399 αὐτὰ
835 3345 926 3399 καί
972 3341 1136 3399 πάλιν
1185 3345 1413 3412 ποιῆσαι
1476 3342 1567 3397 καὶ
1629 3342 1907 3418 ἐνεργῆσαι
1938 3313 1981 3380 C

254 3436 500 3491 τάττεται
540 3434 685 3509 παρὰ
726 3439 827 3503 τῆς
872 3435 1107 3511 Γραφῆς.
1138 3432 1209 3485 Τὸ
1243 3436 1374 3507 γοῦν
1427 3455 1447 3481 ι
1504 3432 1580 3503 μὴ
1637 3429 1700 3485 ού
1740 3451 1906 3502 προσ-

257 3526 411 3596 θήσει
449 3520 739 3591 εὐδοκῆσαι
792 3546 813 3572 υ
868 3520 984 3575 ἀντὶ
1030 3524 1147 3591 τοῦ,
1184 3521 1261 3593 μή
1293 3517 1419 3595 ούχί
1465 3519 1556 3573 καὶ
1602 3517 1767 3573 πάλιν
1818 3518 1904 3573 εύ-

255 3611 502 3685 δοκήσει,
530 3611 772 3666 τουτέστι
813 3611 983 3686 ἀγαθά
1031 3609 1270 3680 θελήσει,
1315 3606 1486 3683 ἤγουν
1541 3607 1902 3685 εὐεργετήσει.

248 3703 320 3758 Τὸ
348 3706 446 3758 τοῦ
475 3699 533 3757 δὲ
560 3698 841 3777 παρέλκει-
878 3698 1259 3772 ἐπαπορητικά
1290 3695 1348 3752 δέ
1375 3698 1441 3752 τὰ
1488 3697 1707 3774 ῥήματα
1740 3698 1905 3773 μέχρι

242 3796 361 3847 τοῦ·
400 3813 423 3846 ι
458 3790 558 3846 Καὶ
594 3789 736 3862 εἶπα,
767 3793 873 3844 Νῦν
907 3786 1183 3864 ἠρξάμην.
1221 3811 1247 3839 ››

321 3924 349 3952 ‹‹
379 3901 447 3955 Ἢ
472 3898 548 3961 εἶς
585 3896 744 3960 τέλος
767 3897 831 3952 τὸ
865 3892 1016 3958 ἕλεος
1064 3894 1230 3950 αὐτοῦ
1280 3894 1622 3971 ἀποκρύψει;
1660 3917 1687 3946 ››
1722 3927 1789 3936 —
1831 3895 1908 3951 T6

249 3989 326 4052 εἷς
354 3987 514 4051 τέλος
543 3992 631 4043 νῦν
662 3986 779 4042 ἀντὶ
808 3990 906 4041 τοῦ
936 3983 1242 4046 παντελῶς.

329 4103 351 4130 α
389 4076 711 4133 Συνετέλεσε
769 4074 922 4152 ῥῆμα
977 4074 1083 4129 ἀπὸ
1141 4078 1331 4149 γενεᾶς
1392 4072 1469 4135 εἷς
1529 4073 1734 4149 γενεάν.
1782 4099 1805 4123 ο
1840 4105 1909 4115 .-

251 4169 499 4237 Μήποτε,
533 4166 687 4244 φησὶ,
703 4166 767 4220 τὸ
798 4165 902 4220 ἀπὸ
931 4168 1120 4240 γενεᾶς
1153 4162 1230 4224 εἷς
1262 4162 1447 4238 γενεὰν
1481 4161 1907 4238 ῥῆμα,τουτέστι

246 4257 348 4326 τήν
378 4255 609 4332 ἀρχαίαν
641 4251 963 4330 ἐπαγγελίαν
993 4254 1093 4322 τήν
1125 4252 1264 4329 πρὸς
1288 4250 1419 4315 τοὺς
1462 4251 1696 4326 πατέρας
1744 4253 1906 4325 ἡμῶν

245 4344 578 4413 συντέλεσεν,
629 4341 801 4399 εἷ’τουν
876 4340 1212 4398 συνέκλεισεν
1283 4341 1359 4403 ὡς
1443 4342 1519 4414 μή
1597 4339 1907 4418 παραιτέρω

239 4441 524 4510 χωρῆσαι.

314 4523 479 4579 »Καὶ
535 4522 678 4594 εἶπα,
729 4526 839 4576 Νῦν
890 4520 1162 4597 ἠρξάμην.
1210 4542 1240 4570 ››
1288 4552 1357 4560 -
1400 4517 1829 4593 Εύγνωμοσύνης
1877 4518 1905 4573 6

239 4610 424 4689 λόγος·
472 4610 941 4687 ἀναλογισάμενος
984 4608 1088 4685 γάρ
1138 4626 1324 4687 φησιν·
1363 4611 1427 4664 *Α
1475 4604 1749 4683 ἥμαρτον,
1783 4607 1906 4661 εἶπα

247 4684 334 4756 δτί
360 4705 448 4755 νῦν
484 4701 629 4777 ἀρχή
656 4684 759 4773 ’μοι
789 4701 890 4769 τῆς
923 4697 1126 4770 εὐεξίας
1152 4684 1445 4773 τιμωρίας
1473 4697 1541 4751 τὰ
1583 4696 1685 4773 γὰρ
1735 4698 1901 4774 μέχρι
1936 4684 1981 4749 D
2086 4717 2115 4747 «
2145 4694 2244 4750 Καὶ
2275 4695 2377 4772 γὰρ
2423 4696 2492 4751 τὰ
2548 4695 2683 4773 βέλη
2740 4717 2837 4753 σου
2895 4695 3332 4776 διαπορεύονται,
3363 4702 3518 4781 φωνῆ
3572 4709 3685 4774 τῆς

244 4795 342 4845 τοῦ
371 4794 463 4845 νῦν
493 4789 761 4865 προοίμια
789 4787 1015 4858 ταύτης.
2018 4784 2253 4860 βροντῆς
2302 4805 2397 4839 σου
2446 4784 2499 4840 ἐν
2546 4790 2627 4859 τῷ
2655 4787 2867 4865 τροχῷ.
2904 4813 2927 4843 ι
2954 4821 3025 4830 -
3072 4788 3402 4867 Καταιγίδος
3457 4794 3693 4869 γενομέ-

321 4902 351 4933 ‹‹
381 4879 530 4950 Αὕτη
558 4881 593 4948 ἡ
625 4876 925 4940 ἀλλοίωσις
953 4883 1056 4945 τῆς
1103 4872 1278 4946 δεξιᾶς
1326 4879 1424 4931 τοῦ
1469 4875 1739 4949 Ὑψίστου.
1776 4899 1805 4927 ι)
1835 4908 1906 4918 -
2011 4894 2105 4940 νης
2165 4872 2308 4936 εἰκὸς
2360 4874 2451 4929 καὶ
2514 4875 2739 4951 βροντὰς
2786 4875 3024 4953 γενέσθαι
3078 4878 3171 4933 καὶ
3240 4878 3536 4957 ἀστραπὰς,
3599 4882 3689 4950 εἷς

244 4972 315 5026 Ἦ
366 4967 666 5045 ἐναλλαγὴ,
723 4966 908 5046 φησὶν,
968 4968 1003 5036 ἡ
1061 4964 1167 5020 ἀπὸ
1219 4964 1529 5039 ἐλευθερίας
1593 4962 1685 5019 καί
1758 4963 1902 5019 αίνέ-
2010 4961 2341 5033 κατάπληξιν
2389 4968 2499 5019 τῶν
2557 4964 2892 5041 Αἰγυπτίων,
2941 4985 3113 5046 φωναι
3164 4965 3225 5024 δὲ
3265 4973 3374 5025 τῶν
3430 4968 3690 5048 νεφελῶν

247 5081 384 5122 σεως
436 5056 922 5133 εἰς’στενοχωρίαν
966 5056 1065 5124 τῆς
1116 5053 1258 5118 θείας
1326 5051 1481 5130 ἔργον
1548 5053 1758 5129 χειρὸς,
1806 5074 1901 5109 κο·
2012 5051 2069 5105 αἱ
2099 5050 2337 5128 βρονταί·
2376 5050 2511 5128 βέλη
2541 5050 2601 5108 δέ
2648 5051 3082 5130 διαπορευόμενα
3127 5059 3248 5114 κατ’
3292 5056 3503 5136 ἐχθρῶν
3554 5074 3690 5133 νοη-

246 5146 522 5218 λαζούσης
576 5149 747 5220 ἡμᾶς.
810 5146 1194 5219 ’Δναγωγικῶς
1249 5139 1306 5197 δὲ
1363 5141 1487 5218 περῖ
1567 5148 1668 5211 τῆς
1742 5141 1902 5219 εύαγ-
2014 5141 2150 5194 θεῖεν
2204 5139 2261 5195 ἂν
2307 5141 2363 5195 αἱ
2410 5140 2700 5219 ἀστραπαί.
2739 5145 2811 5199 Τὸ
2857 5145 3040 5219 μέντοι
3096 5142 3514 5222 δια-πορεύονται
3560 5144 3693 5205 ἀντῖ

244 5236 474 5314 γελιχῆς
530 5232 813 5297 πολιτείας
872 5234 900 5289 ὁ
950 5231 1133 5308 λόγος’
1194 5230 1395 5301 ταύτην
1463 5233 1565 5308 γὰρ
1624 5251 1901 5309 προφητι-
2010 5233 2108 5284 τοῦ
2135 5227 2513 5303 διεπορεύοντο
2544 5231 2963 5310 ἀντιχρονικῶς.
2997 5234 3087 5291 καὶ
3135 5236 3167 5290 6
3212 5237 3315 5313 γὰρ
3373 5230 3688 5312 σύνδεσμος

2010 5318 2282 5392 περιττός.
2344 5322 2545 5391 Φωνὴν
2595 5318 2653 5377 δὲ
2710 5320 2916 5379 ἔδωκαν
2993 5325 3047 5380 αἱ
3114 5323 3336 5403 νεφέλαι
3410 5326 3500 5383 ἐπὶ
3575 5329 3688 5399 τῆς

2017 5409 2512 5495 μεταμορφώσεως.
2573 5410 2713 5478 Φησὶ
2768 5413 2891 5489 γάρ·
2946 5437 2975 5466 ‹‹
3034 5413 3138 5470 Καὶ
3200 5410 3318 5470 ίδοὸ
3399 5410 3562 5495 φὼνὴ
3620 5416 3688 5474 ἐκ

2009 5503 2111 5565 τῆς
2168 5494 2396 5575 νεφέλης
2447 5496 2698 5575 λέγουσα·
2764 5500 2931 5564 Οὗτός
3007 5500 3147 5557 ἐστιν
3207 5504 3237 5558 6
3294 5494 3420 5568 Υἱός
3480 5526 3589 5580 μου
3649 5508 3686 5564 6

2013 5586 2309 5661 ἀγαπητός’
2366 5585 2500 5662 βέλη
2560 5585 2618 5644 δὲ
2673 5594 2911 5664 Χριστοῦ
2986 5592 3040 5647 οἱ
3094 5590 3416 5666 ἀπόστολοι,
3479 5593 3687 5654 διαπο-

2013 5674 2295 5749 ρευόμενοι
2354 5675 2431 5741 εἷς
2460 5677 2553 5734 τὸν
2584 5678 2792 5755 κόσμον
2850 5680 2942 5737 καὶ
2981 5681 3325 5759 ἀναιροῦντες
3372 5682 3507 5748 τοὺς
3561 5680 3689 5745 6:115-

2016 5785 2207 5842 μονας.

246 5331 365 5387 κοῖς
397 5320 638 5399 ὄμμασιν
687 5321 816 5378 ἰδὼν
858 5323 885 5376 6
935 5318 1100 5377 Δαυίδ
1147 5318 1613 5396 παρηλλαγμένην
1663 5327 1766 5390 τῆς
1812 5341 1903 5375 νο-

253 5422 438 5489 μικῆς,
500 5412 660 5491 φησὶν
711 5411 793 5467 ὅτι
857 5411 991 5485 αὕτη
1046 5414 1146 5465 τοῦ
1212 5413 1448 5485 Χριστοῦ
1519 5408 1658 5463 ἐστὶν
1719 5405 1898 5485 ἔργον·

248 5502 407 5565 οὗτος
465 5502 568 5577 γὰρ
610 5499 756 5571 δεξιά
800 5503 889 5556 καὶ
941 5498 1189 5575 βραχίων
1224 5503 1322 5553 τοῦ
1373 5498 1581 5573 Πατρὸς
1632 5518 1906 5575 προσαγο-

247 5593 454 5671 ρεύεται
512 5590 648 5645 κατὰ
692 5591 791 5660 τήν
842 5589 1089 5659 θεότητκ,
1141 5587 1215 5649 ὡς
1269 5589 1506 5658 ποιητὴς
1556 5588 1769 5642 πάντων
1811 5589 1900 5643 καὶ

244 5684 318 5740 ὡς
351 5679 575 5753 δύναμις
592 5723 603 5735 .

318 5796 340 5826 α
377 5769 686 5847 Ἐμνήσθην
733 5771 837 5825 τῶν
895 5762 1068 5849 ἔργων
1146 5765 1374 5846 Κυρίου,
1424 5763 1509 5822 6'1:
1589 5767 1901 5841 μνησθήσο-
