  <div class='ocr_page' id='page_1' title='image "/cluster/home/n/w/nwhite01/storage/ocr_20150623/142/coo.31924054870476/768.png"; bbox 0 0 4066 6432; ppageno 0'>
   <div class='ocr_carea' id='block_1_1' title="bbox 315 375 475 438">
    <p class='ocr_par' dir='ltr' id='par_1_1' title="bbox 315 375 475 438">
     <span class='ocr_line' id='line_1_1' title="bbox 315 375 475 438; baseline 0 -1"><span class='ocrx_word' id='word_1_1' title='bbox 315 375 475 438; x_wconf 81' lang='grc'>1513</span> 
     </span>
    </p>
   </div>
   <div class='ocr_carea' id='block_1_2' title="bbox 1538 374 2512 438">
    <p class='ocr_par' dir='ltr' id='par_1_2' title="bbox 1538 374 2512 438">
     <span class='ocr_line' id='line_1_2' title="bbox 1538 374 2512 438; baseline -0.001 -1"><span class='ocrx_word' id='word_1_2' title='bbox 1538 375 1956 438; x_wconf 87' lang='lat' dir='ltr'>EXPOSITIO</span> <span class='ocrx_word' id='word_1_3' title='bbox 1999 374 2078 437; x_wconf 92' lang='lat' dir='ltr'>IN</span> <span class='ocrx_word' id='word_1_4' title='bbox 2125 375 2512 438; x_wconf 86' lang='lat' dir='ltr'>PSALMOS.</span> 
     </span>
    </p>
   </div>
   <div class='ocr_carea' id='block_1_3' title="bbox 3575 381 3738 442">
    <p class='ocr_par' dir='ltr' id='par_1_3' title="bbox 3575 381 3738 442">
     <span class='ocr_line' id='line_1_3' title="bbox 3575 381 3738 442; baseline 0 -2"><span class='ocrx_word' id='word_1_5' title='bbox 3575 381 3738 442; x_wconf 71' lang='lat' dir='ltr'>15M</span> 
     </span>
    </p>
   </div>
   <div class='ocr_carea' id='block_1_4' title="bbox 381 501 3741 586">
    <p class='ocr_par' dir='ltr' id='par_1_4' title="bbox 381 501 3741 586">
     <span class='ocr_line' id='line_1_4' title="bbox 381 501 3741 586; baseline 0.001 -22"><span class='ocrx_word' id='word_1_6' title='bbox 381 509 556 584; x_wconf 89' lang='grc' dir='ltr'>Ἥχος</span> <span class='ocrx_word' id='word_1_7' title='bbox 601 512 702 578; x_wconf 83' lang='grc' dir='ltr'>τῆς</span> <span class='ocrx_word' id='word_1_8' title='bbox 751 506 854 562; x_wconf 83' lang='grc' dir='ltr'>ὑπὸ</span> <span class='ocrx_word' id='word_1_9' title='bbox 903 509 999 561; x_wconf 90' lang='grc' dir='ltr'>σοῦ</span> <span class='ocrx_word' id='word_1_10' title='bbox 1046 506 1355 579; x_wconf 84' lang='grc' dir='ltr'>κτισθείσης</span> <span class='ocrx_word' id='word_1_11' title='bbox 1414 507 1685 584; x_wconf 82' lang='grc' dir='ltr'>βροντῆς,</span> <span class='ocrx_word' id='word_1_12' title='bbox 1738 507 1790 561; x_wconf 85' lang='grc' dir='ltr'>ἐν</span> <span class='ocrx_word' id='word_1_13' title='bbox 1843 505 1965 562; x_wconf 80' lang='grc' dir='ltr'>ἐκά-</span> <span class='ocrx_word' id='word_1_14' title='bbox 1997 513 2054 580; x_wconf 76' lang='grc' dir='ltr'><strong>Α</strong></span> <span class='ocrx_word' id='word_1_15' title='bbox 2095 501 2503 580; x_wconf 86' lang='grc' dir='ltr'>ἐϐεϐαιώθημεν</span> <span class='ocrx_word' id='word_1_16' title='bbox 2579 506 2668 561; x_wconf 87' lang='grc' dir='ltr'>καὶ</span> <span class='ocrx_word' id='word_1_17' title='bbox 2727 505 3285 586; x_wconf 86' lang='grc' dir='ltr'>ἐπληροφορήθημεν.</span> <span class='ocrx_word' id='word_1_18' title='bbox 3345 506 3605 566; x_wconf 90' lang='grc' dir='ltr'>Βούλεται</span> <span class='ocrx_word' id='word_1_19' title='bbox 3680 507 3741 567; x_wconf 87' lang='lat'>66</span> 
     </span>
    </p>
   </div>
   <div class='ocr_carea' id='block_1_5' title="bbox 311 594 1965 674">
    <p class='ocr_par' dir='ltr' id='par_1_5' title="bbox 311 594 1965 674">
     <span class='ocr_line' id='line_1_5' title="bbox 311 594 1965 674; baseline -0.002 -22"><span class='ocrx_word' id='word_1_20' title='bbox 311 619 422 670; x_wconf 86' lang='grc' dir='ltr'>στῳ</span> <span class='ocrx_word' id='word_1_21' title='bbox 453 594 655 674; x_wconf 82' lang='grc' dir='ltr'><strong>ἅρματι</strong></span> <span class='ocrx_word' id='word_1_22' title='bbox 683 600 771 666; x_wconf 76' lang='grc' dir='ltr'>ἦν’</span> <span class='ocrx_word' id='word_1_23' title='bbox 801 597 1007 673; x_wconf 86' lang='grc' dir='ltr'>τροχὸς</span> <span class='ocrx_word' id='word_1_24' title='bbox 1037 597 1141 672; x_wconf 77' lang='grc' dir='ltr'>γὰρ</span> <span class='ocrx_word' id='word_1_25' title='bbox 1173 596 1278 652; x_wconf 88' lang='grc' dir='ltr'>ἀπὸ</span> <span class='ocrx_word' id='word_1_26' title='bbox 1315 596 1510 674; x_wconf 87' lang='grc' dir='ltr'>μέρους</span> <span class='ocrx_word' id='word_1_27' title='bbox 1539 599 1602 652; x_wconf 87' lang='grc' dir='ltr'>τὸ</span> <span class='ocrx_word' id='word_1_28' title='bbox 1634 596 1764 653; x_wconf 78' lang='grc' dir='ltr'>ὅλον</span> <span class='ocrx_word' id='word_1_29' title='bbox 1817 598 1965 672; x_wconf 81' lang='grc' dir='ltr'>ἅρμα</span> 
     </span>
    </p>
   </div>
   <div class='ocr_carea' id='block_1_6' title="bbox 308 684 1964 763">
    <p class='ocr_par' dir='ltr' id='par_1_6' title="bbox 308 684 1964 763">
     <span class='ocr_line' id='line_1_6' title="bbox 308 684 1964 763; baseline -0.001 -21"><span class='ocrx_word' id='word_1_30' title='bbox 308 686 582 757; x_wconf 83' lang='grc' dir='ltr'>κληθῆναι</span> <span class='ocrx_word' id='word_1_31' title='bbox 616 685 855 755; x_wconf 89' lang='grc' dir='ltr'>δύναται,</span> <span class='ocrx_word' id='word_1_32' title='bbox 891 686 977 763; x_wconf 82' lang='grc' dir='ltr'>ὑφ’</span> <span class='ocrx_word' id='word_1_33' title='bbox 1006 688 1070 755; x_wconf 72' lang='grc' dir='ltr'>ἧς</span> <span class='ocrx_word' id='word_1_34' title='bbox 1103 684 1168 755; x_wconf 82' lang='grc' dir='ltr'>δὴ</span> <span class='ocrx_word' id='word_1_35' title='bbox 1199 693 1300 756; x_wconf 81' lang='grc' dir='ltr'>τῆς</span> <span class='ocrx_word' id='word_1_36' title='bbox 1337 688 1567 762; x_wconf 80' lang='grc' dir='ltr'>βροντῆς</span> <span class='ocrx_word' id='word_1_37' title='bbox 1610 685 1964 762; x_wconf 79' lang='grc' dir='ltr'>ἐκταραχθέν-</span> 
     </span>
    </p>
   </div>
   <div class='ocr_carea' id='block_1_7' title="bbox 307 772 1959 849">
    <p class='ocr_par' dir='ltr' id='par_1_7' title="bbox 307 772 1959 849">
     <span class='ocr_line' id='line_1_7' title="bbox 307 772 1959 849; baseline -0.001 -19"><span class='ocrx_word' id='word_1_38' title='bbox 307 797 416 830; x_wconf 91' lang='grc' dir='ltr'>των</span> <span class='ocrx_word' id='word_1_39' title='bbox 445 780 553 831; x_wconf 91' lang='grc' dir='ltr'>τῶν</span> <span class='ocrx_word' id='word_1_40' title='bbox 579 773 764 830; x_wconf 67' lang='grc' dir='ltr'>’ίππων</span> <span class='ocrx_word' id='word_1_41' title='bbox 817 772 1164 845; x_wconf 71' lang='grc' dir='ltr'>συνεδέθησαν</span> <span class='ocrx_word' id='word_1_42' title='bbox 1202 775 1478 846; x_wconf 85' lang='grc' dir='ltr'>ἀλλήλοις</span> <span class='ocrx_word' id='word_1_43' title='bbox 1528 776 1579 830; x_wconf 88' lang='grc' dir='ltr'>οἰ</span> <span class='ocrx_word' id='word_1_44' title='bbox 1623 774 1805 849; x_wconf 80' lang='grc' dir='ltr'>ἄξονες</span> <span class='ocrx_word' id='word_1_45' title='bbox 1851 779 1959 830; x_wconf 88' lang='grc' dir='ltr'>τῶν</span> 
     </span>
    </p>
   </div>
   <div class='ocr_carea' id='block_1_8' title="bbox 304 861 1959 940">
    <p class='ocr_par' dir='ltr' id='par_1_8' title="bbox 304 861 1959 940">
     <span class='ocr_line' id='line_1_8' title="bbox 304 861 1959 940; baseline 0.001 -22"><span class='ocrx_word' id='word_1_46' title='bbox 304 869 523 940; x_wconf 81' lang='grc' dir='ltr'>τροχῶν</span> <span class='ocrx_word' id='word_1_47' title='bbox 571 864 662 920; x_wconf 88' lang='grc' dir='ltr'>καὶ</span> <span class='ocrx_word' id='word_1_48' title='bbox 713 861 882 940; x_wconf 75' lang='grc' dir='ltr'>ἤγετο</span> <span class='ocrx_word' id='word_1_49' title='bbox 935 864 1068 937; x_wconf 77' lang='grc' dir='ltr'>μετὰ</span> <span class='ocrx_word' id='word_1_50' title='bbox 1118 865 1240 940; x_wconf 83' lang='grc' dir='ltr'>βίας</span> <span class='ocrx_word' id='word_1_51' title='bbox 1286 867 1322 935; x_wconf 79' lang='grc' dir='ltr'>ἡ</span> <span class='ocrx_word' id='word_1_52' title='bbox 1374 864 1676 940; x_wconf 78' lang='grc' dir='ltr'>Αἰγύπτιος</span> <span class='ocrx_word' id='word_1_53' title='bbox 1717 865 1959 940; x_wconf 90' lang='grc' dir='ltr'>στρατιά.</span> 
     </span>
    </p>
   </div>
   <div class='ocr_carea' id='block_1_9' title="bbox 307 951 1959 1031">
    <p class='ocr_par' dir='ltr' id='par_1_9' title="bbox 307 951 1959 1031">
     <span class='ocr_line' id='line_1_9' title="bbox 307 951 1959 1031; baseline 0 -23"><span class='ocrx_word' id='word_1_54' title='bbox 307 955 473 1022; x_wconf 82' lang='grc' dir='ltr'>Φωνή</span> <span class='ocrx_word' id='word_1_55' title='bbox 553 951 611 1008; x_wconf 87' lang='lat'>66</span> <span class='ocrx_word' id='word_1_56' title='bbox 685 954 920 1030; x_wconf 84' lang='grc' dir='ltr'>βροντῆς</span> <span class='ocrx_word' id='word_1_57' title='bbox 978 953 1067 1008; x_wconf 78' lang='grc' dir='ltr'>καὶ</span> <span class='ocrx_word' id='word_1_58' title='bbox 1121 955 1186 1009; x_wconf 88' lang='grc' dir='ltr'>τὸ</span> <span class='ocrx_word' id='word_1_59' title='bbox 1244 952 1594 1031; x_wconf 81' lang='grc' dir='ltr'>εὐαγγελικὸν</span> <span class='ocrx_word' id='word_1_60' title='bbox 1649 956 1959 1030; x_wconf 85' lang='grc' dir='ltr'>κήρυγμα,</span> 
     </span>
    </p>
   </div>
   <div class='ocr_carea' id='block_1_10' title="bbox 305 1041 1957 1120">
    <p class='ocr_par' dir='ltr' id='par_1_10' title="bbox 305 1041 1957 1120">
     <span class='ocr_line' id='line_1_10' title="bbox 305 1041 1957 1120; baseline -0.001 -22"><span class='ocrx_word' id='word_1_61' title='bbox 305 1042 381 1106; x_wconf 84' lang='grc' dir='ltr'>ὡς</span> <span class='ocrx_word' id='word_1_62' title='bbox 422 1041 473 1114; x_wconf 82' lang='grc' dir='ltr'>ἐξ</span> <span class='ocrx_word' id='word_1_63' title='bbox 522 1043 754 1119; x_wconf 77' lang='grc' dir='ltr'>ούρανοῦ</span> <span class='ocrx_word' id='word_1_64' title='bbox 804 1043 937 1112; x_wconf 79' lang='grc' dir='ltr'>ἧκον</span> <span class='ocrx_word' id='word_1_65' title='bbox 987 1041 1076 1097; x_wconf 79' lang='grc' dir='ltr'>καὶ</span> <span class='ocrx_word' id='word_1_66' title='bbox 1127 1042 1202 1105; x_wconf 86' lang='grc' dir='ltr'>ὡς</span> <span class='ocrx_word' id='word_1_67' title='bbox 1245 1044 1456 1120; x_wconf 88' lang='grc' dir='ltr'>στερεὸν</span> <span class='ocrx_word' id='word_1_68' title='bbox 1504 1044 1595 1098; x_wconf 78' lang='grc' dir='ltr'>καὶ</span> <span class='ocrx_word' id='word_1_69' title='bbox 1643 1043 1957 1114; x_wconf 80' lang='grc' dir='ltr'>ἐξάκουστον</span> 
     </span>
    </p>
   </div>
   <div class='ocr_carea' id='block_1_11' title="bbox 301 1129 1956 1210">
    <p class='ocr_par' dir='ltr' id='par_1_11' title="bbox 301 1129 1956 1210">
     <span class='ocr_line' id='line_1_11' title="bbox 301 1129 1956 1210; baseline -0.001 -24"><span class='ocrx_word' id='word_1_70' title='bbox 301 1137 461 1187; x_wconf 80' lang='grc' dir='ltr'>πᾶσιν</span> <span class='ocrx_word' id='word_1_71' title='bbox 490 1131 821 1210; x_wconf 84' lang='grc' dir='ltr'>ἀνθρώποις.</span> <span class='ocrx_word' id='word_1_72' title='bbox 852 1132 1065 1209; x_wconf 85' lang='grc' dir='ltr'>Τροχὸς</span> <span class='ocrx_word' id='word_1_73' title='bbox 1097 1129 1154 1187; x_wconf 84' lang='lat'>66</span> <span class='ocrx_word' id='word_1_74' title='bbox 1187 1131 1214 1187; x_wconf 93' lang='lat'>6</span> <span class='ocrx_word' id='word_1_75' title='bbox 1243 1132 1455 1207; x_wconf 87' lang='grc' dir='ltr'>κόσμος</span> <span class='ocrx_word' id='word_1_76' title='bbox 1505 1131 1596 1187; x_wconf 82' lang='grc' dir='ltr'>διὰ</span> <span class='ocrx_word' id='word_1_77' title='bbox 1639 1132 1702 1188; x_wconf 87' lang='grc' dir='ltr'>τὸ</span> <span class='ocrx_word' id='word_1_78' title='bbox 1733 1129 1956 1188; x_wconf 77' lang='grc' dir='ltr'>ἄστατον</span> 
     </span>
    </p>
   </div>
   <div class='ocr_carea' id='block_1_12' title="bbox 302 1241 492 1278">
    <p class='ocr_par' dir='ltr' id='par_1_12' title="bbox 302 1241 492 1278">
     <span class='ocr_line' id='line_1_12' title="bbox 302 1241 492 1278; baseline 0.016 -4"><span class='ocrx_word' id='word_1_79' title='bbox 302 1241 492 1278; x_wconf 90' lang='grc' dir='ltr'>αυτου.</span> 
     </span>
    </p>
   </div>
   <div class='ocr_carea' id='block_1_13' title="bbox 372 1309 1959 1388">
    <p class='ocr_par' dir='ltr' id='par_1_13' title="bbox 372 1309 1959 1388">
     <span class='ocr_line' id='line_1_13' title="bbox 372 1309 1959 1388; baseline 0.001 -27"><span class='ocrx_word' id='word_1_80' title='bbox 372 1333 403 1362; x_wconf 86' lang='grc'>‹‹</span> <span class='ocrx_word' id='word_1_81' title='bbox 447 1316 684 1388; x_wconf 82' lang='grc' dir='ltr'>’Ἐφαναν</span> <span class='ocrx_word' id='word_1_82' title='bbox 742 1311 797 1365; x_wconf 91' lang='grc' dir='ltr'>αἱ</span> <span class='ocrx_word' id='word_1_83' title='bbox 851 1309 1118 1387; x_wconf 83' lang='grc' dir='ltr'>ἀστραπαί</span> <span class='ocrx_word' id='word_1_84' title='bbox 1173 1331 1268 1365; x_wconf 87' lang='grc' dir='ltr'>σου</span> <span class='ocrx_word' id='word_1_85' title='bbox 1323 1310 1394 1385; x_wconf 80' lang='grc' dir='ltr'>τῇ</span> <span class='ocrx_word' id='word_1_86' title='bbox 1451 1311 1766 1385; x_wconf 80' lang='grc' dir='ltr'>οἰκουμένῃ.</span> <span class='ocrx_word' id='word_1_87' title='bbox 1817 1333 1846 1364; x_wconf 88' lang='grc'>››</span> <span class='ocrx_word' id='word_1_88' title='bbox 1889 1343 1959 1353; x_wconf 90' lang='grc'><strong><em>--</em></strong></span> 
     </span>
    </p>
   </div>
   <div class='ocr_carea' id='block_1_14' title="bbox 299 1398 2015 1478">
    <p class='ocr_par' dir='ltr' id='par_1_14' title="bbox 299 1398 2015 1478">
     <span class='ocr_line' id='line_1_14' title="bbox 299 1398 2015 1478; baseline 0.002 -28"><span class='ocrx_word' id='word_1_89' title='bbox 299 1422 330 1450; x_wconf 87' lang='grc'>‹‹</span> <span class='ocrx_word' id='word_1_90' title='bbox 360 1399 657 1478; x_wconf 86' lang='grc' dir='ltr'>Ἐφάνηςαν</span> <span class='ocrx_word' id='word_1_91' title='bbox 709 1399 900 1455; x_wconf 74' lang='grc' dir='ltr'>ἅπασιν</span> <span class='ocrx_word' id='word_1_92' title='bbox 954 1401 1008 1454; x_wconf 89' lang='grc' dir='ltr'>αἱ</span> <span class='ocrx_word' id='word_1_93' title='bbox 1059 1398 1447 1476; x_wconf 84' lang='grc' dir='ltr'>λαμπρότητες</span> <span class='ocrx_word' id='word_1_94' title='bbox 1491 1405 1600 1455; x_wconf 91' lang='grc' dir='ltr'>τῶν</span> <span class='ocrx_word' id='word_1_95' title='bbox 1643 1399 1954 1474; x_wconf 81' lang='grc' dir='ltr'>θαυμασίων</span> <span class='ocrx_word' id='word_1_96' title='bbox 2011 1412 2015 1418; x_wconf 86' lang='grc'><em>’</em></span> 
     </span>
    </p>
   </div>
   <div class='ocr_carea' id='block_1_15' title="bbox 299 1508 482 1546">
    <p class='ocr_par' dir='ltr' id='par_1_15' title="bbox 299 1508 482 1546">
     <span class='ocr_line' id='line_1_15' title="bbox 299 1508 482 1546; baseline -0.011 -4"><span class='ocrx_word' id='word_1_97' title='bbox 299 1508 482 1546; x_wconf 81' lang='grc' dir='ltr'>σου.››</span> 
     </span>
    </p>
   </div>
   <div class='ocr_carea' id='block_1_16' title="bbox 369 1577 1955 1656">
    <p class='ocr_par' dir='ltr' id='par_1_16' title="bbox 369 1577 1955 1656">
     <span class='ocr_line' id='line_1_16' title="bbox 369 1577 1955 1656; baseline 0.004 -26"><span class='ocrx_word' id='word_1_98' title='bbox 369 1577 731 1649; x_wconf 82' lang='grc' dir='ltr'>«Ἐσαλεύθη</span> <span class='ocrx_word' id='word_1_99' title='bbox 789 1580 880 1634; x_wconf 85' lang='grc' dir='ltr'>καὶ</span> <span class='ocrx_word' id='word_1_100' title='bbox 947 1577 1211 1656; x_wconf 78' lang='grc' dir='ltr'>ἔντρομος</span> <span class='ocrx_word' id='word_1_101' title='bbox 1269 1578 1496 1656; x_wconf 88' lang='grc' dir='ltr'>ἐγενήθη</span> <span class='ocrx_word' id='word_1_102' title='bbox 1556 1582 1592 1649; x_wconf 80' lang='grc' dir='ltr'><strong>ἡ</strong></span> <span class='ocrx_word' id='word_1_103' title='bbox 1799 1603 1828 1630; x_wconf 82' lang='lat'>»</span> <span class='ocrx_word' id='word_1_104' title='bbox 1885 1613 1955 1622; x_wconf 90' lang='lat'><strong><em>—</em></strong></span> 
     </span>
    </p>
   </div>
   <div class='ocr_carea' id='block_1_17' title="bbox 301 1662 1952 1746">
    <p class='ocr_par' dir='ltr' id='par_1_17' title="bbox 301 1662 1952 1746">
     <span class='ocr_line' id='line_1_17' title="bbox 301 1662 1952 1746; baseline 0.001 -25"><span class='ocrx_word' id='word_1_105' title='bbox 301 1689 324 1720; x_wconf 78' lang='grc' dir='ltr'>ιι</span> <span class='ocrx_word' id='word_1_106' title='bbox 358 1662 735 1746; x_wconf 88' lang='grc' dir='ltr'>Ἐφοϐήθησαν</span> <span class='ocrx_word' id='word_1_107' title='bbox 766 1669 960 1731; x_wconf 89' lang='grc' dir='ltr'>πάνσες</span> <span class='ocrx_word' id='word_1_108' title='bbox 990 1666 1268 1743; x_wconf 77' lang='grc' dir='ltr'>ἅνθρωποι</span> <span class='ocrx_word' id='word_1_109' title='bbox 1298 1669 1404 1724; x_wconf 88' lang='grc' dir='ltr'>ἀπὸ</span> <span class='ocrx_word' id='word_1_110' title='bbox 1431 1673 1528 1724; x_wconf 91' lang='grc' dir='ltr'>τοῦ</span> <span class='ocrx_word' id='word_1_111' title='bbox 1563 1667 1824 1744; x_wconf 91' lang='grc' dir='ltr'>μεγέθους</span> <span class='ocrx_word' id='word_1_112' title='bbox 1843 1672 1952 1723; x_wconf 92' lang='grc' dir='ltr'>τῶν</span> 
     </span>
    </p>
   </div>
   <div class='ocr_carea' id='block_1_18' title="bbox 293 1755 802 1831">
    <p class='ocr_par' dir='ltr' id='par_1_18' title="bbox 293 1755 802 1831">
     <span class='ocr_line' id='line_1_18' title="bbox 293 1755 802 1831; baseline -0.002 -22"><span class='ocrx_word' id='word_1_113' title='bbox 293 1755 586 1831; x_wconf 83' lang='grc' dir='ltr'>τεραστίων</span> <span class='ocrx_word' id='word_1_114' title='bbox 619 1778 736 1815; x_wconf 89' lang='grc' dir='ltr'>σου.</span> <span class='ocrx_word' id='word_1_115' title='bbox 773 1781 802 1809; x_wconf 72' lang='grc' dir='ltr'>ι)</span> 
     </span>
    </p>
   </div>
   <div class='ocr_carea' id='block_1_19' title="bbox 365 1841 1952 1923">
    <p class='ocr_par' dir='ltr' id='par_1_19' title="bbox 365 1841 1952 1923">
     <span class='ocr_line' id='line_1_19' title="bbox 365 1841 1952 1923; baseline 0.004 -27"><span class='ocrx_word' id='word_1_116' title='bbox 365 1868 396 1897; x_wconf 88' lang='grc'>‹‹</span> <span class='ocrx_word' id='word_1_117' title='bbox 450 1845 536 1900; x_wconf 89' lang='grc' dir='ltr'>Ἐν</span> <span class='ocrx_word' id='word_1_118' title='bbox 592 1849 660 1920; x_wconf 80' lang='grc' dir='ltr'>τῇ</span> <span class='ocrx_word' id='word_1_119' title='bbox 717 1844 958 1920; x_wconf 81' lang='grc' dir='ltr'>θαλάσσῃ</span> <span class='ocrx_word' id='word_1_120' title='bbox 995 1849 1028 1917; x_wconf 91' lang='grc' dir='ltr'>ή</span> <span class='ocrx_word' id='word_1_121' title='bbox 1065 1844 1189 1908; x_wconf 87' lang='grc' dir='ltr'>ὁδός</span> <span class='ocrx_word' id='word_1_122' title='bbox 1246 1867 1363 1920; x_wconf 92' lang='grc' dir='ltr'>σου,</span> <span class='ocrx_word' id='word_1_123' title='bbox 1394 1848 1484 1902; x_wconf 84' lang='grc' dir='ltr'>καὶ</span> <span class='ocrx_word' id='word_1_124' title='bbox 1515 1847 1569 1901; x_wconf 92' lang='grc' dir='ltr'>αἱ</span> <span class='ocrx_word' id='word_1_125' title='bbox 1620 1841 1799 1923; x_wconf 87' lang='grc' dir='ltr'>τρίϐοι</span> <span class='ocrx_word' id='word_1_126' title='bbox 1855 1868 1952 1902; x_wconf 91' lang='grc' dir='ltr'>σου</span> 
     </span>
    </p>
   </div>
   <div class='ocr_carea' id='block_1_20' title="bbox 294 1929 1945 2012">
    <p class='ocr_par' dir='ltr' id='par_1_20' title="bbox 294 1929 1945 2012">
     <span class='ocr_line' id='line_1_20' title="bbox 294 1929 1945 2012; baseline 0.002 -26"><span class='ocrx_word' id='word_1_127' title='bbox 294 1930 345 1986; x_wconf 88' lang='grc' dir='ltr'>ἐν</span> <span class='ocrx_word' id='word_1_128' title='bbox 379 1929 532 1988; x_wconf 78' lang='grc' dir='ltr'>ὕδασι</span> <span class='ocrx_word' id='word_1_129' title='bbox 581 1932 837 1996; x_wconf 59' lang='grc' dir='ltr'>πολλοῖς</span> <span class='ocrx_word' id='word_1_130' title='bbox 887 1935 978 1989; x_wconf 84' lang='grc' dir='ltr'>καὶ</span> <span class='ocrx_word' id='word_1_131' title='bbox 1024 1935 1093 1990; x_wconf 79' lang='grc' dir='ltr'>τὰ</span> <span class='ocrx_word' id='word_1_132' title='bbox 1121 1932 1248 2011; x_wconf 67' lang='grc' dir='ltr'>ἴχνη</span> <span class='ocrx_word' id='word_1_133' title='bbox 1297 1956 1393 1990; x_wconf 92' lang='grc' dir='ltr'>σου</span> <span class='ocrx_word' id='word_1_134' title='bbox 1451 1937 1882 2012; x_wconf 86' lang='grc' dir='ltr'>γνωσθήσονται.</span> <span class='ocrx_word' id='word_1_135' title='bbox 1917 1961 1945 1989; x_wconf 85' lang='grc'>››</span> 
     </span>
    </p>
   </div>
   <div class='ocr_carea' id='block_1_21' title="bbox 289 2021 1949 2100">
    <p class='ocr_par' dir='ltr' id='par_1_21' title="bbox 289 2021 1949 2100">
     <span class='ocr_line' id='line_1_21' title="bbox 289 2021 1949 2100; baseline 0.002 -24"><span class='ocrx_word' id='word_1_136' title='bbox 289 2022 537 2076; x_wconf 81' lang='grc' dir='ltr'>-Ἐπεὶ</span> <span class='ocrx_word' id='word_1_137' title='bbox 579 2022 976 2098; x_wconf 78' lang='grc' dir='ltr'>προεπορεύετο</span> <span class='ocrx_word' id='word_1_138' title='bbox 1027 2022 1224 2100; x_wconf 87' lang='grc' dir='ltr'>Κύριος</span> <span class='ocrx_word' id='word_1_139' title='bbox 1271 2028 1368 2078; x_wconf 88' lang='grc' dir='ltr'>τοῦ</span> <span class='ocrx_word' id='word_1_140' title='bbox 1423 2023 1558 2079; x_wconf 88' lang='grc' dir='ltr'>λαοῦ</span> <span class='ocrx_word' id='word_1_141' title='bbox 1608 2023 1802 2079; x_wconf 84' lang='grc' dir='ltr'>αὐτοῦ·</span> <span class='ocrx_word' id='word_1_142' title='bbox 1860 2021 1949 2079; x_wconf 66' lang='grc' dir='ltr'>διὰ</span> 
     </span>
    </p>
   </div>
   <div class='ocr_carea' id='block_1_22' title="bbox 288 2108 1946 2184">
    <p class='ocr_par' dir='ltr' id='par_1_22' title="bbox 288 2108 1946 2184">
     <span class='ocr_line' id='line_1_22' title="bbox 288 2108 1946 2184; baseline 0.002 -20"><span class='ocrx_word' id='word_1_143' title='bbox 288 2116 389 2180; x_wconf 82' lang='grc' dir='ltr'>τῆς</span> <span class='ocrx_word' id='word_1_144' title='bbox 420 2108 699 2182; x_wconf 85' lang='grc' dir='ltr'>θαλάσσης</span> <span class='ocrx_word' id='word_1_145' title='bbox 731 2109 789 2166; x_wconf 89' lang='lat'>66</span> <span class='ocrx_word' id='word_1_146' title='bbox 837 2109 1160 2183; x_wconf 77' lang='grc' dir='ltr'>διελήλυθεν</span> <span class='ocrx_word' id='word_1_147' title='bbox 1221 2113 1248 2166; x_wconf 97' lang='lat'>6</span> <span class='ocrx_word' id='word_1_148' title='bbox 1281 2111 1434 2182; x_wconf 85' lang='grc' dir='ltr'>λαὸς,</span> <span class='ocrx_word' id='word_1_149' title='bbox 1490 2112 1577 2169; x_wconf 81' lang='grc' dir='ltr'>διὰ</span> <span class='ocrx_word' id='word_1_150' title='bbox 1607 2120 1710 2184; x_wconf 84' lang='grc' dir='ltr'>τῆς</span> <span class='ocrx_word' id='word_1_151' title='bbox 1741 2112 1946 2178; x_wconf 83' lang='grc' dir='ltr'>θαλάσ-</span> 
     </span>
    </p>
   </div>
   <div class='ocr_carea' id='block_1_23' title="bbox 291 2197 1947 2277">
    <p class='ocr_par' dir='ltr' id='par_1_23' title="bbox 291 2197 1947 2277">
     <span class='ocr_line' id='line_1_23' title="bbox 291 2197 1947 2277; baseline 0.003 -24"><span class='ocrx_word' id='word_1_152' title='bbox 291 2219 391 2270; x_wconf 87' lang='grc' dir='ltr'>σης</span> <span class='ocrx_word' id='word_1_153' title='bbox 451 2197 680 2255; x_wconf 83' lang='grc' dir='ltr'>ὥδευσεν</span> <span class='ocrx_word' id='word_1_154' title='bbox 740 2201 768 2254; x_wconf 91' lang='lat'>6</span> <span class='ocrx_word' id='word_1_155' title='bbox 823 2201 1042 2273; x_wconf 84' lang='grc' dir='ltr'>Κύριος.</span> <span class='ocrx_word' id='word_1_156' title='bbox 1102 2201 1178 2256; x_wconf 78' lang='grc' dir='ltr'>Τὰ</span> <span class='ocrx_word' id='word_1_157' title='bbox 1235 2199 1366 2277; x_wconf 68' lang='grc' dir='ltr'>ἴχνη</span> <span class='ocrx_word' id='word_1_158' title='bbox 1429 2200 1488 2257; x_wconf 89' lang='lat'>66</span> <span class='ocrx_word' id='word_1_159' title='bbox 1538 2209 1638 2273; x_wconf 81' lang='grc' dir='ltr'>τῆς</span> <span class='ocrx_word' id='word_1_160' title='bbox 1687 2202 1947 2274; x_wconf 83' lang='grc' dir='ltr'>τοιαύτης</span> 
     </span>
    </p>
   </div>
   <div class='ocr_carea' id='block_1_24' title="bbox 286 2287 1949 2367">
    <p class='ocr_par' dir='ltr' id='par_1_24' title="bbox 286 2287 1949 2367">
     <span class='ocr_line' id='line_1_24' title="bbox 286 2287 1949 2367; baseline 0.002 -25"><span class='ocrx_word' id='word_1_161' title='bbox 286 2287 508 2364; x_wconf 80' lang='grc' dir='ltr'>πορείας</span> <span class='ocrx_word' id='word_1_162' title='bbox 540 2309 636 2343; x_wconf 90' lang='grc' dir='ltr'>σου</span> <span class='ocrx_word' id='word_1_163' title='bbox 688 2289 750 2344; x_wconf 91' lang='lat'>06</span> <span class='ocrx_word' id='word_1_164' title='bbox 801 2290 1181 2366; x_wconf 77' lang='grc' dir='ltr'>γινώσκονται,</span> <span class='ocrx_word' id='word_1_165' title='bbox 1224 2288 1313 2346; x_wconf 75' lang='grc' dir='ltr'>διὰ</span> <span class='ocrx_word' id='word_1_166' title='bbox 1351 2291 1414 2346; x_wconf 89' lang='grc' dir='ltr'>τὸ</span> <span class='ocrx_word' id='word_1_167' title='bbox 1464 2297 1802 2367; x_wconf 78' lang='grc' dir='ltr'>συναχθῆναι</span> <span class='ocrx_word' id='word_1_168' title='bbox 1848 2293 1949 2346; x_wconf 82' lang='grc' dir='ltr'>πά·</span> 
     </span>
    </p>
   </div>
   <div class='ocr_carea' id='block_1_25' title="bbox 289 2373 1947 2454">
    <p class='ocr_par' dir='ltr' id='par_1_25' title="bbox 289 2373 1947 2454">
     <span class='ocr_line' id='line_1_25' title="bbox 289 2373 1947 2454; baseline 0.003 -24"><span class='ocrx_word' id='word_1_169' title='bbox 289 2373 374 2430; x_wconf 91' lang='grc' dir='ltr'>λιν</span> <span class='ocrx_word' id='word_1_170' title='bbox 429 2378 492 2432; x_wconf 91' lang='grc' dir='ltr'>τὸ</span> <span class='ocrx_word' id='word_1_171' title='bbox 548 2375 696 2454; x_wconf 77' lang='grc' dir='ltr'>ὕδωρ</span> <span class='ocrx_word' id='word_1_172' title='bbox 756 2379 918 2452; x_wconf 87' lang='grc' dir='ltr'>ὁμοῦ,</span> <span class='ocrx_word' id='word_1_173' title='bbox 967 2379 1059 2434; x_wconf 81' lang='grc' dir='ltr'>καὶ</span> <span class='ocrx_word' id='word_1_174' title='bbox 1110 2380 1374 2450; x_wconf 77' lang='grc' dir='ltr'>ένωθῆναι</span> <span class='ocrx_word' id='word_1_175' title='bbox 1417 2381 1518 2449; x_wconf 82' lang='grc' dir='ltr'>τὴν</span> <span class='ocrx_word' id='word_1_176' title='bbox 1563 2381 1856 2438; x_wconf 87' lang='grc' dir='ltr'>θάλασσαν.</span> <span class='ocrx_word' id='word_1_177' title='bbox 1889 2382 1947 2435; x_wconf 76' lang='grc' dir='ltr'>Ὀ</span> 
     </span>
    </p>
   </div>
   <div class='ocr_carea' id='block_1_26' title="bbox 286 2463 1948 2544">
    <p class='ocr_par' dir='ltr' id='par_1_26' title="bbox 286 2463 1948 2544">
     <span class='ocr_line' id='line_1_26' title="bbox 286 2463 1948 2544; baseline 0.004 -26"><span class='ocrx_word' id='word_1_178' title='bbox 286 2465 518 2540; x_wconf 87' lang='grc' dir='ltr'>Χριστὸς</span> <span class='ocrx_word' id='word_1_179' title='bbox 563 2463 622 2521; x_wconf 88' lang='lat'>66</span> <span class='ocrx_word' id='word_1_180' title='bbox 661 2465 712 2521; x_wconf 84' lang='grc' dir='ltr'>έν</span> <span class='ocrx_word' id='word_1_181' title='bbox 757 2471 826 2542; x_wconf 82' lang='grc' dir='ltr'>τῇ</span> <span class='ocrx_word' id='word_1_182' title='bbox 877 2468 1118 2544; x_wconf 81' lang='grc' dir='ltr'>θαλάσσῃ</span> <span class='ocrx_word' id='word_1_183' title='bbox 1162 2470 1262 2539; x_wconf 81' lang='grc' dir='ltr'>τήν</span> <span class='ocrx_word' id='word_1_184' title='bbox 1322 2467 1446 2525; x_wconf 88' lang='grc' dir='ltr'>ὁδὸν</span> <span class='ocrx_word' id='word_1_185' title='bbox 1504 2469 1798 2540; x_wconf 86' lang='grc' dir='ltr'>ἐποιήσατο</span> <span class='ocrx_word' id='word_1_186' title='bbox 1857 2469 1948 2525; x_wconf 76' lang='grc' dir='ltr'>ὅτε</span> 
     </span>
    </p>
   </div>
   <div class='ocr_carea' id='block_1_27' title="bbox 285 2551 1944 2630">
    <p class='ocr_par' dir='ltr' id='par_1_27' title="bbox 285 2551 1944 2630">
     <span class='ocr_line' id='line_1_27' title="bbox 285 2551 1944 2630; baseline 0.004 -24"><span class='ocrx_word' id='word_1_187' title='bbox 285 2551 497 2622; x_wconf 78' lang='grc' dir='ltr'>ἀπῆλθε</span> <span class='ocrx_word' id='word_1_188' title='bbox 553 2555 691 2630; x_wconf 75' lang='grc' dir='ltr'>πρὸς</span> <span class='ocrx_word' id='word_1_189' title='bbox 746 2556 875 2620; x_wconf 76' lang='grc' dir='ltr'>τοὺς</span> <span class='ocrx_word' id='word_1_190' title='bbox 938 2559 1185 2630; x_wconf 81' lang='grc' dir='ltr'>μαθητὰς</span> <span class='ocrx_word' id='word_1_191' title='bbox 1221 2604 1234 2629; x_wconf 91' lang='grc'>,</span> <span class='ocrx_word' id='word_1_192' title='bbox 1290 2558 1530 2629; x_wconf 85' lang='grc' dir='ltr'>πεζεύων</span> <span class='ocrx_word' id='word_1_193' title='bbox 1601 2558 1778 2614; x_wconf 82' lang='grc' dir='ltr'>ἐπάνω</span> <span class='ocrx_word' id='word_1_194' title='bbox 1843 2566 1944 2630; x_wconf 79' lang='grc' dir='ltr'>τῆς</span> 
     </span>
    </p>
   </div>
   <div class='ocr_carea' id='block_1_28' title="bbox 285 2638 1712 2720">
    <p class='ocr_par' dir='ltr' id='par_1_28' title="bbox 285 2638 1712 2720">
     <span class='ocr_line' id='line_1_28' title="bbox 285 2638 1712 2720; baseline 0.006 -25"><span class='ocrx_word' id='word_1_195' title='bbox 285 2638 580 2715; x_wconf 86' lang='grc' dir='ltr'>θαλάσσης.</span> <span class='ocrx_word' id='word_1_196' title='bbox 613 2647 690 2699; x_wconf 80' lang='lat' dir='ltr'>Ta‘:</span> <span class='ocrx_word' id='word_1_197' title='bbox 729 2642 860 2720; x_wconf 68' lang='grc' dir='ltr'>ἴχνη</span> <span class='ocrx_word' id='word_1_198' title='bbox 891 2648 1010 2701; x_wconf 85' lang='grc' dir='ltr'>καθ’</span> <span class='ocrx_word' id='word_1_199' title='bbox 1039 2645 1232 2710; x_wconf 77' lang='grc' dir='ltr'>ὕδατος</span> <span class='ocrx_word' id='word_1_200' title='bbox 1264 2649 1326 2702; x_wconf 88' lang='lat'>06</span> <span class='ocrx_word' id='word_1_201' title='bbox 1358 2647 1712 2706; x_wconf 87' lang='grc' dir='ltr'>συνίστανται.</span> 
     </span>
    </p>
   </div>
   <div class='ocr_carea' id='block_1_29' title="bbox 356 2729 1944 2814">
    <p class='ocr_par' dir='ltr' id='par_1_29' title="bbox 356 2729 1944 2814">
     <span class='ocr_line' id='line_1_29' title="bbox 356 2729 1944 2814; baseline 0.006 -30"><span class='ocrx_word' id='word_1_202' title='bbox 356 2729 714 2810; x_wconf 82' lang='grc' dir='ltr'>«Ὡδήγησας</span> <span class='ocrx_word' id='word_1_203' title='bbox 767 2735 844 2798; x_wconf 87' lang='grc' dir='ltr'>ὡς</span> <span class='ocrx_word' id='word_1_204' title='bbox 899 2731 1150 2811; x_wconf 90' lang='grc' dir='ltr'>πρόϐατα</span> <span class='ocrx_word' id='word_1_205' title='bbox 1203 2737 1295 2792; x_wconf 88' lang='grc' dir='ltr'>τὸν</span> <span class='ocrx_word' id='word_1_206' title='bbox 1352 2734 1485 2793; x_wconf 91' lang='grc' dir='ltr'>λαόν</span> <span class='ocrx_word' id='word_1_207' title='bbox 1536 2759 1632 2793; x_wconf 93' lang='grc' dir='ltr'>σου</span> <span class='ocrx_word' id='word_1_208' title='bbox 1691 2737 1744 2792; x_wconf 92' lang='grc' dir='ltr'>ἐν</span> <span class='ocrx_word' id='word_1_209' title='bbox 1795 2738 1944 2814; x_wconf 80' lang='grc' dir='ltr'>’χειρὶ</span> 
     </span>
    </p>
   </div>
   <div class='ocr_carea' id='block_1_30' title="bbox 285 2822 1944 2903">
    <p class='ocr_par' dir='ltr' id='par_1_30' title="bbox 285 2822 1944 2903">
     <span class='ocr_line' id='line_1_30' title="bbox 285 2822 1944 2903; baseline 0.004 -28"><span class='ocrx_word' id='word_1_210' title='bbox 285 2826 488 2892; x_wconf 81' lang='grc' dir='ltr'>Μωϋσῆ</span> <span class='ocrx_word' id='word_1_211' title='bbox 547 2822 637 2877; x_wconf 82' lang='grc' dir='ltr'>καὶ</span> <span class='ocrx_word' id='word_1_212' title='bbox 697 2824 929 2900; x_wconf 88' lang='grc' dir='ltr'>Ἀαρών.</span> <span class='ocrx_word' id='word_1_213' title='bbox 991 2849 1020 2877; x_wconf 93' lang='grc'><strong>››</strong></span> <span class='ocrx_word' id='word_1_214' title='bbox 1078 2859 1146 2870; x_wconf 89' lang='grc'><strong>-</strong></span> <span class='ocrx_word' id='word_1_215' title='bbox 1191 2827 1280 2888; x_wconf 74' lang='grc' dir='ltr'>Ὠς</span> <span class='ocrx_word' id='word_1_216' title='bbox 1336 2822 1585 2903; x_wconf 89' lang='grc' dir='ltr'>πρόϐατα</span> <span class='ocrx_word' id='word_1_217' title='bbox 1642 2826 1779 2898; x_wconf 73' lang='grc' dir='ltr'>εἶπε,</span> <span class='ocrx_word' id='word_1_218' title='bbox 1840 2849 1944 2897; x_wconf 87' lang='grc' dir='ltr'>ση-</span> 
     </span>
    </p>
   </div>
   <div class='ocr_carea' id='block_1_31' title="bbox 292 2909 1945 2989">
    <p class='ocr_par' dir='ltr' id='par_1_31' title="bbox 292 2909 1945 2989">
     <span class='ocr_line' id='line_1_31' title="bbox 292 2909 1945 2989; baseline 0.004 -25"><span class='ocrx_word' id='word_1_219' title='bbox 292 2909 499 2982; x_wconf 93' lang='grc' dir='ltr'>μαίνων</span> <span class='ocrx_word' id='word_1_220' title='bbox 551 2913 648 2980; x_wconf 81' lang='grc' dir='ltr'>τὴν</span> <span class='ocrx_word' id='word_1_221' title='bbox 699 2913 774 2975; x_wconf 88' lang='grc' dir='ltr'>εἰς</span> <span class='ocrx_word' id='word_1_222' title='bbox 804 2912 1000 2976; x_wconf 81' lang='grc' dir='ltr'>αὐτοὺς</span> <span class='ocrx_word' id='word_1_223' title='bbox 1049 2913 1387 2988; x_wconf 79' lang='grc' dir='ltr'>ἐπιμέλειαν,</span> <span class='ocrx_word' id='word_1_224' title='bbox 1423 2915 1537 2970; x_wconf 82' lang='grc' dir='ltr'>ἐπεὶ</span> <span class='ocrx_word' id='word_1_225' title='bbox 1583 2916 1674 2970; x_wconf 85' lang='grc' dir='ltr'>καὶ</span> <span class='ocrx_word' id='word_1_226' title='bbox 1711 2915 1945 2989; x_wconf 89' lang='grc' dir='ltr'>ποιμαί-</span> 
     </span>
    </p>
   </div>
   <div class='ocr_carea' id='block_1_32' title="bbox 281 2998 1944 3082">
    <p class='ocr_par' dir='ltr' id='par_1_32' title="bbox 281 2998 1944 3082">
     <span class='ocr_line' id='line_1_32' title="bbox 281 2998 1944 3082; baseline 0.004 -30"><span class='ocrx_word' id='word_1_227' title='bbox 281 3019 390 3052; x_wconf 88' lang='grc' dir='ltr'>νων</span> <span class='ocrx_word' id='word_1_228' title='bbox 442 2998 535 3054; x_wconf 86' lang='grc' dir='ltr'>τὸν</span> <span class='ocrx_word' id='word_1_229' title='bbox 591 3000 812 3076; x_wconf 80' lang='grc' dir='ltr'>Ἰσραὴλ</span> <span class='ocrx_word' id='word_1_230' title='bbox 865 3001 1208 3076; x_wconf 86' lang='grc' dir='ltr'>ὀνομάζεται.</span> <span class='ocrx_word' id='word_1_231' title='bbox 1262 3003 1558 3082; x_wconf 90' lang='grc' dir='ltr'>Στρέφεται</span> <span class='ocrx_word' id='word_1_232' title='bbox 1609 3001 1668 3059; x_wconf 86' lang='lat'>66</span> <span class='ocrx_word' id='word_1_233' title='bbox 1720 3007 1756 3074; x_wconf 78' lang='grc' dir='ltr'>ἡ</span> <span class='ocrx_word' id='word_1_234' title='bbox 1815 3003 1944 3059; x_wconf 83' lang='grc' dir='ltr'>ἀνα-</span> 
     </span>
    </p>
   </div>
   <div class='ocr_carea' id='block_1_33' title="bbox 283 3089 1942 3167">
    <p class='ocr_par' dir='ltr' id='par_1_33' title="bbox 283 3089 1942 3167">
     <span class='ocr_line' id='line_1_33' title="bbox 283 3089 1942 3167; baseline 0.004 -27"><span class='ocrx_word' id='word_1_235' title='bbox 283 3089 441 3161; x_wconf 90' lang='grc' dir='ltr'>γωγὴ</span> <span class='ocrx_word' id='word_1_236' title='bbox 494 3092 592 3142; x_wconf 91' lang='grc' dir='ltr'>τοῦ</span> <span class='ocrx_word' id='word_1_237' title='bbox 641 3094 810 3165; x_wconf 90' lang='grc' dir='ltr'>ρητοῦ</span> <span class='ocrx_word' id='word_1_238' title='bbox 857 3091 995 3165; x_wconf 88' lang='grc' dir='ltr'>πρὸς</span> <span class='ocrx_word' id='word_1_239' title='bbox 1061 3091 1125 3146; x_wconf 91' lang='grc' dir='ltr'>τὸ</span> <span class='ocrx_word' id='word_1_240' title='bbox 1172 3093 1466 3167; x_wconf 90' lang='grc' dir='ltr'>πρόσωπον</span> <span class='ocrx_word' id='word_1_241' title='bbox 1509 3097 1607 3147; x_wconf 91' lang='grc' dir='ltr'>τοῦ</span> <span class='ocrx_word' id='word_1_242' title='bbox 1661 3097 1796 3167; x_wconf 85' lang='grc' dir='ltr'>Θεοῦ</span> <span class='ocrx_word' id='word_1_243' title='bbox 1850 3091 1942 3147; x_wconf 80' lang='grc' dir='ltr'>καὶ</span> 
     </span>
    </p>
   </div>
   <div class='ocr_carea' id='block_1_34' title="bbox 283 3164 1944 3258">
    <p class='ocr_par' dir='ltr' id='par_1_34' title="bbox 283 3164 1944 3258">
     <span class='ocr_line' id='line_1_34' title="bbox 283 3164 1944 3258; baseline 0.004 -30"><span class='ocrx_word' id='word_1_244' title='bbox 283 3175 515 3251; x_wconf 87' lang='grc' dir='ltr'>ΙΙατρὸς,</span> <span class='ocrx_word' id='word_1_245' title='bbox 549 3177 611 3231; x_wconf 82' lang='grc' dir='ltr'>οὗ</span> <span class='ocrx_word' id='word_1_246' title='bbox 642 3164 756 3232; x_wconf 84' lang='grc' dir='ltr'>νέος</span> <span class='ocrx_word' id='word_1_247' title='bbox 805 3164 937 3241; x_wconf 83' lang='grc' dir='ltr'>λαὸς</span> <span class='ocrx_word' id='word_1_248' title='bbox 987 3181 1016 3235; x_wconf 90' lang='lat'>6</span> <span class='ocrx_word' id='word_1_249' title='bbox 1065 3164 1462 3256; x_wconf 79' lang='grc' dir='ltr'>Χριστιανικός.</span> <span class='ocrx_word' id='word_1_250' title='bbox 1493 3181 1623 3258; x_wconf 83' lang='grc' dir='ltr'>Χεὶρ</span> <span class='ocrx_word' id='word_1_251' title='bbox 1651 3164 1733 3236; x_wconf 61' lang='grc' dir='ltr'>’δὲ</span> <span class='ocrx_word' id='word_1_252' title='bbox 1756 3184 1791 3251; x_wconf 80' lang='grc' dir='ltr'>ἡ</span> <span class='ocrx_word' id='word_1_253' title='bbox 1827 3201 1944 3256; x_wconf 92' lang='grc' dir='ltr'>χει-</span> 
     </span>
    </p>
   </div>
   <div class='ocr_carea' id='block_1_35' title="bbox 2087 594 3737 677">
    <p class='ocr_par' dir='ltr' id='par_1_35' title="bbox 2087 594 3737 677">
     <span class='ocr_line' id='line_1_35' title="bbox 2087 594 3737 677; baseline 0.004 -28"><span class='ocrx_word' id='word_1_254' title='bbox 2087 597 2568 672; x_wconf 85' lang='grc' dir='ltr'>ἀπαριθμήσασθαι</span> <span class='ocrx_word' id='word_1_255' title='bbox 2649 596 2744 660; x_wconf 77' lang='grc' dir='ltr'>τὰς</span> <span class='ocrx_word' id='word_1_256' title='bbox 2834 600 2940 652; x_wconf 90' lang='grc' dir='ltr'>τῶν</span> <span class='ocrx_word' id='word_1_257' title='bbox 3021 594 3298 654; x_wconf 85' lang='grc' dir='ltr'>Ἰουδαίων</span> <span class='ocrx_word' id='word_1_258' title='bbox 3386 599 3737 677; x_wconf 75' lang='grc' dir='ltr'>εὐεργεσίας,</span> 
     </span>
    </p>
   </div>
   <div class='ocr_carea' id='block_1_36' title="bbox 2080 683 3736 765">
    <p class='ocr_par' dir='ltr' id='par_1_36' title="bbox 2080 683 3736 765">
     <span class='ocr_line' id='line_1_36' title="bbox 2080 683 3736 765; baseline 0.004 -27"><span class='ocrx_word' id='word_1_259' title='bbox 2080 684 2210 746; x_wconf 86' lang='grc' dir='ltr'>τοὺς</span> <span class='ocrx_word' id='word_1_260' title='bbox 2265 683 2439 739; x_wconf 77' lang='grc' dir='ltr'>αὐτῶν</span> <span class='ocrx_word' id='word_1_261' title='bbox 2498 684 2912 762; x_wconf 82' lang='grc' dir='ltr'>παροργισμοὺς</span> <span class='ocrx_word' id='word_1_262' title='bbox 2971 686 3046 749; x_wconf 86' lang='grc' dir='ltr'>εἰς</span> <span class='ocrx_word' id='word_1_263' title='bbox 3098 687 3190 742; x_wconf 92' lang='grc' dir='ltr'>τὸν</span> <span class='ocrx_word' id='word_1_264' title='bbox 3250 686 3530 765; x_wconf 70' lang='grc' dir='ltr'>εὐεργέτην</span> <span class='ocrx_word' id='word_1_265' title='bbox 3565 732 3580 760; x_wconf 89' lang='grc'>,</span> <span class='ocrx_word' id='word_1_266' title='bbox 3638 690 3736 753; x_wconf 80' lang='grc' dir='ltr'>τὰς</span> 
     </span>
    </p>
   </div>
   <div class='ocr_carea' id='block_1_37' title="bbox 2073 771 3730 854">
    <p class='ocr_par' dir='ltr' id='par_1_37' title="bbox 2073 771 3730 854">
     <span class='ocr_line' id='line_1_37' title="bbox 2073 771 3730 854; baseline 0.004 -27"><span class='ocrx_word' id='word_1_267' title='bbox 2073 771 2311 837; x_wconf 85' lang='grc' dir='ltr'>ἐντεῦθεν</span> <span class='ocrx_word' id='word_1_268' title='bbox 2345 771 2638 851; x_wconf 81' lang='grc' dir='ltr'>διαφόρους</span> <span class='ocrx_word' id='word_1_269' title='bbox 2686 772 2933 837; x_wconf 88' lang='grc' dir='ltr'>παιδείας</span> <span class='ocrx_word' id='word_1_270' title='bbox 2978 775 3068 830; x_wconf 86' lang='grc' dir='ltr'>καὶ</span> <span class='ocrx_word' id='word_1_271' title='bbox 3098 775 3358 852; x_wconf 72' lang='grc' dir='ltr'>ἰατρείας,</span> <span class='ocrx_word' id='word_1_272' title='bbox 3398 778 3484 854; x_wconf 83' lang='grc' dir='ltr'>ὑφ’</span> <span class='ocrx_word' id='word_1_273' title='bbox 3523 779 3598 832; x_wconf 81' lang='grc' dir='ltr'>ὧν</span> <span class='ocrx_word' id='word_1_274' title='bbox 3627 784 3730 849; x_wconf 85' lang='grc' dir='ltr'>τῆς</span> 
     </span>
    </p>
   </div>
   <div class='ocr_carea' id='block_1_38' title="bbox 2068 858 3730 941">
    <p class='ocr_par' dir='ltr' id='par_1_38' title="bbox 2068 858 3730 941">
     <span class='ocr_line' id='line_1_38' title="bbox 2068 858 3730 941; baseline 0.004 -25"><span class='ocrx_word' id='word_1_275' title='bbox 2068 861 2261 924; x_wconf 86' lang='grc' dir='ltr'>κακίας</span> <span class='ocrx_word' id='word_1_276' title='bbox 2324 865 2398 935; x_wconf 78' lang='grc' dir='ltr'>μὴ</span> <span class='ocrx_word' id='word_1_277' title='bbox 2461 858 2796 939; x_wconf 85' lang='grc' dir='ltr'>ἐκτριϐείσης</span> <span class='ocrx_word' id='word_1_278' title='bbox 2854 863 3153 941; x_wconf 83' lang='grc' dir='ltr'>ἀναγκαίως</span> <span class='ocrx_word' id='word_1_279' title='bbox 3214 862 3471 936; x_wconf 89' lang='grc' dir='ltr'>δηλονότι</span> <span class='ocrx_word' id='word_1_280' title='bbox 3517 866 3582 922; x_wconf 90' lang='grc' dir='ltr'>τὸ</span> <span class='ocrx_word' id='word_1_281' title='bbox 3627 874 3730 938; x_wconf 85' lang='grc' dir='ltr'>τῆς</span> 
     </span>
    </p>
   </div>
   <div class='ocr_carea' id='block_1_39' title="bbox 2069 949 3726 1032">
    <p class='ocr_par' dir='ltr' id='par_1_39' title="bbox 2069 949 3726 1032">
     <span class='ocr_line' id='line_1_39' title="bbox 2069 949 3726 1032; baseline 0.004 -27"><span class='ocrx_word' id='word_1_282' title='bbox 2069 949 2214 1014; x_wconf 90' lang='grc' dir='ltr'>θείας</span> <span class='ocrx_word' id='word_1_283' title='bbox 2273 950 2729 1029; x_wconf 88' lang='grc' dir='ltr'>ἐνανθρωπήσεως</span> <span class='ocrx_word' id='word_1_284' title='bbox 2787 950 2961 1009; x_wconf 50' lang='grc' dir='ltr'>αἴτιον</span> <span class='ocrx_word' id='word_1_285' title='bbox 3027 954 3091 1010; x_wconf 92' lang='grc' dir='ltr'>τὸ</span> <span class='ocrx_word' id='word_1_286' title='bbox 3150 959 3380 1018; x_wconf 79' lang='grc' dir='ltr'>συνετῶς</span> <span class='ocrx_word' id='word_1_287' title='bbox 3439 952 3726 1032; x_wconf 88' lang='grc' dir='ltr'>παραδεί-</span> 
     </span>
    </p>
   </div>
   <div class='ocr_carea' id='block_1_40' title="bbox 2069 1060 2276 1098">
    <p class='ocr_par' dir='ltr' id='par_1_40' title="bbox 2069 1060 2276 1098">
     <span class='ocr_line' id='line_1_40' title="bbox 2069 1060 2276 1098; baseline 0.014 -3"><span class='ocrx_word' id='word_1_288' title='bbox 2069 1060 2276 1098; x_wconf 88' lang='grc' dir='ltr'>κνυται.</span> 
     </span>
    </p>
   </div>
   <div class='ocr_carea' id='block_1_41' title="bbox 2143 1147 3724 1228">
    <p class='ocr_par' dir='ltr' id='par_1_41' title="bbox 2143 1147 3724 1228">
     <span class='ocr_line' id='line_1_41' title="bbox 2143 1147 3724 1228; baseline 0.004 -27"><span class='ocrx_word' id='word_1_289' title='bbox 2143 1147 2302 1203; x_wconf 83' lang='grc' dir='ltr'>«Καὶ</span> <span class='ocrx_word' id='word_1_290' title='bbox 2361 1149 2414 1202; x_wconf 90' lang='grc' dir='ltr'>οἱ</span> <span class='ocrx_word' id='word_1_291' title='bbox 2467 1149 2694 1226; x_wconf 76' lang='grc' dir='ltr'>πατέρες</span> <span class='ocrx_word' id='word_1_292' title='bbox 2750 1152 2910 1224; x_wconf 80' lang='grc' dir='ltr'>ἡμῶν</span> <span class='ocrx_word' id='word_1_293' title='bbox 2977 1147 3310 1228; x_wconf 79' lang='grc' dir='ltr'>διηγήσαντο</span> <span class='ocrx_word' id='word_1_294' title='bbox 3367 1153 3528 1226; x_wconf 79' lang='grc' dir='ltr'>ἡμῖν.</span> <span class='ocrx_word' id='word_1_295' title='bbox 3584 1175 3614 1206; x_wconf 85' lang='grc'>››</span> <span class='ocrx_word' id='word_1_296' title='bbox 3652 1185 3724 1197; x_wconf 93' lang='grc'><strong>-</strong></span> 
     </span>
    </p>
   </div>
   <div class='ocr_carea' id='block_1_42' title="bbox 2068 1237 3722 1318">
    <p class='ocr_par' dir='ltr' id='par_1_42' title="bbox 2068 1237 3722 1318">
     <span class='ocr_line' id='line_1_42' title="bbox 2068 1237 3722 1318; baseline 0.003 -26"><span class='ocrx_word' id='word_1_297' title='bbox 2068 1237 2132 1291; x_wconf 86' lang='grc' dir='ltr'>Οἱ</span> <span class='ocrx_word' id='word_1_298' title='bbox 2193 1238 2288 1310; x_wconf 77' lang='grc' dir='ltr'>μὲν</span> <span class='ocrx_word' id='word_1_299' title='bbox 2360 1239 2586 1315; x_wconf 86' lang='grc' dir='ltr'>πατέρες</span> <span class='ocrx_word' id='word_1_300' title='bbox 2664 1238 2999 1316; x_wconf 84' lang='grc' dir='ltr'>διηγήσαντο</span> <span class='ocrx_word' id='word_1_301' title='bbox 3069 1239 3205 1296; x_wconf 82' lang='grc' dir='ltr'>αὐτὰ</span> <span class='ocrx_word' id='word_1_302' title='bbox 3255 1245 3373 1303; x_wconf 91' lang='grc' dir='ltr'>τοῖς</span> <span class='ocrx_word' id='word_1_303' title='bbox 3431 1245 3722 1318; x_wconf 86' lang='grc' dir='ltr'>προσεχῶς</span> 
     </span>
    </p>
   </div>
   <div class='ocr_carea' id='block_1_43' title="bbox 2064 1325 3722 1406">
    <p class='ocr_par' dir='ltr' id='par_1_43' title="bbox 2064 1325 3722 1406">
     <span class='ocr_line' id='line_1_43' title="bbox 2064 1325 3722 1406; baseline 0.004 -25"><span class='ocrx_word' id='word_1_304' title='bbox 2064 1325 2274 1390; x_wconf 90' lang='grc' dir='ltr'>τέκνοις</span> <span class='ocrx_word' id='word_1_305' title='bbox 2325 1325 2518 1382; x_wconf 58' lang='grc' dir='ltr'>αὐτῶν</span> <span class='ocrx_word' id='word_1_306' title='bbox 2567 1330 2635 1383; x_wconf 84' lang='lat'>10‘:</span> <span class='ocrx_word' id='word_1_307' title='bbox 2683 1326 2742 1384; x_wconf 82' lang='lat'>66</span> <span class='ocrx_word' id='word_1_308' title='bbox 2775 1326 2936 1384; x_wconf 81' lang='grc' dir='ltr'>τέκνα</span> <span class='ocrx_word' id='word_1_309' title='bbox 2981 1329 3081 1385; x_wconf 80' lang='grc' dir='ltr'>οὐκ</span> <span class='ocrx_word' id='word_1_310' title='bbox 3123 1325 3356 1406; x_wconf 75' lang='grc' dir='ltr'>ἔκρυψαν</span> <span class='ocrx_word' id='word_1_311' title='bbox 3406 1331 3541 1406; x_wconf 74' lang='grc' dir='ltr'>ἅπερ</span> <span class='ocrx_word' id='word_1_312' title='bbox 3583 1327 3722 1405; x_wconf 78' lang='grc' dir='ltr'>ἔμα-</span> 
     </span>
    </p>
   </div>
   <div class='ocr_carea' id='block_1_44' title="bbox 2067 1416 3725 1494">
    <p class='ocr_par' dir='ltr' id='par_1_44' title="bbox 2067 1416 3725 1494">
     <span class='ocr_line' id='line_1_44' title="bbox 2067 1416 3725 1494; baseline 0.004 -25"><span class='ocrx_word' id='word_1_313' title='bbox 2067 1426 2158 1479; x_wconf 91' lang='grc' dir='ltr'>θον</span> <span class='ocrx_word' id='word_1_314' title='bbox 2217 1416 2355 1492; x_wconf 89' lang='grc' dir='ltr'>πρὸς</span> <span class='ocrx_word' id='word_1_315' title='bbox 2413 1416 2596 1492; x_wconf 75' lang='grc' dir='ltr'>ἑτέραν</span> <span class='ocrx_word' id='word_1_316' title='bbox 2653 1418 2768 1491; x_wconf 85' lang='grc' dir='ltr'>μετ’</span> <span class='ocrx_word' id='word_1_317' title='bbox 2826 1417 3021 1480; x_wconf 78' lang='grc' dir='ltr'>αὐτοὺς</span> <span class='ocrx_word' id='word_1_318' title='bbox 3094 1418 3304 1494; x_wconf 82' lang='grc' dir='ltr'>γενεὰν,</span> <span class='ocrx_word' id='word_1_319' title='bbox 3363 1417 3490 1476; x_wconf 84' lang='grc' dir='ltr'>ἀλλ’</span> <span class='ocrx_word' id='word_1_320' title='bbox 3545 1418 3725 1494; x_wconf 85' lang='grc' dir='ltr'>ὁμοίω</span> 
     </span>
    </p>
   </div>
   <div class='ocr_carea' id='block_1_45' title="bbox 2066 1501 3723 1582">
    <p class='ocr_par' dir='ltr' id='par_1_45' title="bbox 2066 1501 3723 1582">
     <span class='ocr_line' id='line_1_45' title="bbox 2066 1501 3723 1582; baseline 0.004 -24"><span class='ocrx_word' id='word_1_321' title='bbox 2066 1501 2397 1581; x_wconf 82' lang='grc' dir='ltr'>διηγήσαντο</span> <span class='ocrx_word' id='word_1_322' title='bbox 2446 1505 2581 1560; x_wconf 75' lang='grc' dir='ltr'>αὐτὰ</span> <span class='ocrx_word' id='word_1_323' title='bbox 2626 1511 2745 1570; x_wconf 87' lang='grc' dir='ltr'>τοῖς</span> <span class='ocrx_word' id='word_1_324' title='bbox 2788 1507 2928 1570; x_wconf 91' lang='grc' dir='ltr'>υἱοῖς</span> <span class='ocrx_word' id='word_1_325' title='bbox 2977 1507 3176 1582; x_wconf 80' lang='grc' dir='ltr'>αὐτῶν,</span> <span class='ocrx_word' id='word_1_326' title='bbox 3229 1508 3319 1563; x_wconf 84' lang='grc' dir='ltr'>καὶ</span> <span class='ocrx_word' id='word_1_327' title='bbox 3371 1507 3515 1565; x_wconf 72' lang='grc' dir='ltr'>οὕτω</span> <span class='ocrx_word' id='word_1_328' title='bbox 3564 1510 3723 1565; x_wconf 90' lang='grc' dir='ltr'>καθε-</span> 
     </span>
    </p>
   </div>
   <div class='ocr_carea' id='block_1_46' title="bbox 2064 1593 3723 1672">
    <p class='ocr_par' dir='ltr' id='par_1_46' title="bbox 2064 1593 3723 1672">
     <span class='ocr_line' id='line_1_46' title="bbox 2064 1593 3723 1672; baseline -0.002 -16"><span class='ocrx_word' id='word_1_329' title='bbox 2064 1595 2174 1666; x_wconf 60' lang='grc' dir='ltr'>ξῆς</span> <span class='ocrx_word' id='word_1_330' title='bbox 2208 1593 2380 1667; x_wconf 88' lang='grc' dir='ltr'>νόμος</span> <span class='ocrx_word' id='word_1_331' title='bbox 2430 1596 2532 1671; x_wconf 78' lang='grc' dir='ltr'>γὰρ</span> <span class='ocrx_word' id='word_1_332' title='bbox 2579 1598 2645 1664; x_wconf 76' lang='grc' dir='ltr'>ἦν</span> <span class='ocrx_word' id='word_1_333' title='bbox 2687 1594 2888 1672; x_wconf 77' lang='grc' dir='ltr'>λέγων’</span> <span class='ocrx_word' id='word_1_334' title='bbox 2930 1617 2953 1646; x_wconf 72' lang='grc' dir='ltr'><em>α</em></span> <span class='ocrx_word' id='word_1_335' title='bbox 2986 1593 3226 1668; x_wconf 85' lang='grc' dir='ltr'>Διδάξεις</span> <span class='ocrx_word' id='word_1_336' title='bbox 3284 1595 3420 1653; x_wconf 78' lang='grc' dir='ltr'>αὐτὰ</span> <span class='ocrx_word' id='word_1_337' title='bbox 3443 1602 3560 1660; x_wconf 90' lang='grc' dir='ltr'>τοῖς</span> <span class='ocrx_word' id='word_1_338' title='bbox 3580 1598 3723 1662; x_wconf 87' lang='grc' dir='ltr'>υἱοῖς</span> 
     </span>
    </p>
   </div>
   <div class='ocr_carea' id='block_1_47' title="bbox 2062 1681 3126 1752">
    <p class='ocr_par' dir='ltr' id='par_1_47' title="bbox 2062 1681 3126 1752">
     <span class='ocr_line' id='line_1_47' title="bbox 2062 1681 3126 1752; baseline 0.002 -17"><span class='ocrx_word' id='word_1_339' title='bbox 2062 1701 2180 1752; x_wconf 88' lang='grc' dir='ltr'>σου,</span> <span class='ocrx_word' id='word_1_340' title='bbox 2211 1681 2301 1736; x_wconf 83' lang='grc' dir='ltr'>καὶ</span> <span class='ocrx_word' id='word_1_341' title='bbox 2324 1687 2442 1745; x_wconf 90' lang='grc' dir='ltr'>τοῖς</span> <span class='ocrx_word' id='word_1_342' title='bbox 2472 1683 2612 1746; x_wconf 91' lang='grc' dir='ltr'>υἱοῖς</span> <span class='ocrx_word' id='word_1_343' title='bbox 2643 1687 2750 1738; x_wconf 91' lang='grc' dir='ltr'>τῶν</span> <span class='ocrx_word' id='word_1_344' title='bbox 2785 1684 2916 1739; x_wconf 84' lang='grc' dir='ltr'>υἱῶν</span> <span class='ocrx_word' id='word_1_345' title='bbox 2948 1706 3065 1743; x_wconf 86' lang='grc' dir='ltr'>σου.</span> <span class='ocrx_word' id='word_1_346' title='bbox 3096 1709 3126 1738; x_wconf 92' lang='grc'><strong>››</strong></span> 
     </span>
    </p>
   </div>
   <div class='ocr_carea' id='block_1_48' title="bbox 2139 1796 3715 1877">
    <p class='ocr_par' dir='ltr' id='par_1_48' title="bbox 2139 1796 3715 1877">
     <span class='ocr_line' id='line_1_48' title="bbox 2139 1796 3715 1877; baseline 0.006 -27"><span class='ocrx_word' id='word_1_347' title='bbox 2139 1821 2167 1848; x_wconf 92' lang='grc'>‹‹</span> <span class='ocrx_word' id='word_1_348' title='bbox 2222 1796 2693 1876; x_wconf 85' lang='grc' dir='ltr'>Ἀπαγγέλλοντες</span> <span class='ocrx_word' id='word_1_349' title='bbox 2764 1801 2863 1863; x_wconf 81' lang='grc' dir='ltr'>τὰς</span> <span class='ocrx_word' id='word_1_350' title='bbox 2919 1801 3147 1863; x_wconf 90' lang='grc' dir='ltr'>αἰνέσεις</span> <span class='ocrx_word' id='word_1_351' title='bbox 3200 1805 3298 1857; x_wconf 89' lang='grc' dir='ltr'>τοῦ</span> <span class='ocrx_word' id='word_1_352' title='bbox 3367 1801 3569 1877; x_wconf 87' lang='grc' dir='ltr'>Κυρίου</span> <span class='ocrx_word' id='word_1_353' title='bbox 3624 1804 3715 1859; x_wconf 81' lang='grc' dir='ltr'>καὶ</span> 
     </span>
    </p>
   </div>
   <div class='ocr_carea' id='block_1_49' title="bbox 1980 1884 3714 1963">
    <p class='ocr_par' dir='ltr' id='par_1_49' title="bbox 1980 1884 3714 1963">
     <span class='ocr_line' id='line_1_49' title="bbox 1980 1884 3714 1963; baseline 0.003 -23"><span class='ocrx_word' id='word_1_354' title='bbox 1980 1886 2150 1951; x_wconf 78' lang='grc' dir='ltr'>Βτὰς</span> <span class='ocrx_word' id='word_1_355' title='bbox 2208 1884 2520 1951; x_wconf 84' lang='grc' dir='ltr'>δυναστείας</span> <span class='ocrx_word' id='word_1_356' title='bbox 2594 1887 2758 1944; x_wconf 79' lang='grc' dir='ltr'>αὐτοῦ</span> <span class='ocrx_word' id='word_1_357' title='bbox 2831 1889 2921 1944; x_wconf 84' lang='grc' dir='ltr'>καὶ</span> <span class='ocrx_word' id='word_1_358' title='bbox 2993 1891 3062 1946; x_wconf 79' lang='grc' dir='ltr'>τὰ</span> <span class='ocrx_word' id='word_1_359' title='bbox 3132 1892 3404 1963; x_wconf 83' lang='grc' dir='ltr'>θαυμάσια</span> <span class='ocrx_word' id='word_1_360' title='bbox 3459 1889 3625 1946; x_wconf 79' lang='grc' dir='ltr'>αὐτοῦ</span> <span class='ocrx_word' id='word_1_361' title='bbox 3678 1890 3714 1946; x_wconf 77' lang='grc' dir='ltr'>ἃ</span> 
     </span>
    </p>
   </div>
   <div class='ocr_carea' id='block_1_50' title="bbox 2058 1973 3712 2057">
    <p class='ocr_par' dir='ltr' id='par_1_50' title="bbox 2058 1973 3712 2057">
     <span class='ocr_line' id='line_1_50' title="bbox 2058 1973 3712 2057; baseline 0.004 -28"><span class='ocrx_word' id='word_1_362' title='bbox 2058 1973 2308 2046; x_wconf 84' lang='grc' dir='ltr'>ἐποίησεν</span> <span class='ocrx_word' id='word_1_363' title='bbox 2365 2019 2377 2032; x_wconf 94' lang='grc'><strong>.</strong></span> <span class='ocrx_word' id='word_1_364' title='bbox 2445 1976 2517 2032; x_wconf 91' lang='lat' dir='ltr'>T6</span> <span class='ocrx_word' id='word_1_365' title='bbox 2563 2022 2577 2048; x_wconf 88' lang='lat'>,</span> <span class='ocrx_word' id='word_1_366' title='bbox 2631 2001 2661 2030; x_wconf 74' lang='grc' dir='ltr'>ι(</span> <span class='ocrx_word' id='word_1_367' title='bbox 2733 1979 2786 2032; x_wconf 90' lang='grc' dir='ltr'>οἱ</span> <span class='ocrx_word' id='word_1_368' title='bbox 2857 1979 3082 2056; x_wconf 87' lang='grc' dir='ltr'>πατέρες</span> <span class='ocrx_word' id='word_1_369' title='bbox 3136 1981 3298 2053; x_wconf 81' lang='grc' dir='ltr'>ἡμῶν</span> <span class='ocrx_word' id='word_1_370' title='bbox 3383 1977 3712 2057; x_wconf 88' lang='grc' dir='ltr'>διηγήσαντο</span> 
     </span>
    </p>
   </div>
   <div class='ocr_carea' id='block_1_51' title="bbox 2055 2063 3715 2148">
    <p class='ocr_par' dir='ltr' id='par_1_51' title="bbox 2055 2063 3715 2148">
     <span class='ocr_line' id='line_1_51' title="bbox 2055 2063 3715 2148; baseline 0.005 -31"><span class='ocrx_word' id='word_1_371' title='bbox 2055 2065 2217 2137; x_wconf 85' lang='grc' dir='ltr'>ἡμῖν,</span> <span class='ocrx_word' id='word_1_372' title='bbox 2269 2087 2298 2117; x_wconf 93' lang='grc'>››</span> <span class='ocrx_word' id='word_1_373' title='bbox 2357 2069 2436 2137; x_wconf 78' lang='grc' dir='ltr'>τῷ</span> <span class='ocrx_word' id='word_1_374' title='bbox 2492 2063 2936 2142; x_wconf 86' lang='grc' dir='ltr'>ἀπαγγέλλοντες</span> <span class='ocrx_word' id='word_1_375' title='bbox 2995 2066 3332 2124; x_wconf 87' lang='grc' dir='ltr'>συντάττεται</span> <span class='ocrx_word' id='word_1_376' title='bbox 3386 2069 3503 2124; x_wconf 84' lang='grc' dir='ltr'>καθ’</span> <span class='ocrx_word' id='word_1_377' title='bbox 3555 2069 3715 2148; x_wconf 83' lang='grc' dir='ltr'>ὑπερ-</span> 
     </span>
    </p>
   </div>
   <div class='ocr_carea' id='block_1_52' title="bbox 2057 2146 3713 2235">
    <p class='ocr_par' dir='ltr' id='par_1_52' title="bbox 2057 2146 3713 2235">
     <span class='ocr_line' id='line_1_52' title="bbox 2057 2146 3713 2235; baseline 0.004 -30"><span class='ocrx_word' id='word_1_378' title='bbox 2057 2146 2219 2208; x_wconf 88' lang='grc' dir='ltr'>ϐατόν</span> <span class='ocrx_word' id='word_1_379' title='bbox 2280 2197 2294 2211; x_wconf 90' lang='grc'><strong>.</strong></span> <span class='ocrx_word' id='word_1_380' title='bbox 2356 2153 2599 2217; x_wconf 86' lang='grc' dir='ltr'>Δίνέσεις</span> <span class='ocrx_word' id='word_1_381' title='bbox 2673 2153 2730 2210; x_wconf 87' lang='grc' dir='ltr'>δέ</span> <span class='ocrx_word' id='word_1_382' title='bbox 2805 2178 2935 2234; x_wconf 89' lang='grc' dir='ltr'>φησι</span> <span class='ocrx_word' id='word_1_383' title='bbox 3012 2157 3078 2211; x_wconf 73' lang='grc' dir='ltr'>τὰ</span> <span class='ocrx_word' id='word_1_384' title='bbox 3151 2157 3334 2212; x_wconf 83' lang='grc' dir='ltr'>αἰνετᾶ</span> <span class='ocrx_word' id='word_1_385' title='bbox 3409 2153 3542 2235; x_wconf 77' lang='grc' dir='ltr'>ἔργα</span> <span class='ocrx_word' id='word_1_386' title='bbox 3614 2146 3713 2214; x_wconf 85' lang='grc' dir='ltr'>τοῦ</span> 
     </span>
    </p>
   </div>
   <div class='ocr_carea' id='block_1_53' title="bbox 2058 2246 2214 2299">
    <p class='ocr_par' dir='ltr' id='par_1_53' title="bbox 2058 2246 2214 2299">
     <span class='ocr_line' id='line_1_53' title="bbox 2058 2246 2214 2299; baseline 0.019 -3"><span class='ocrx_word' id='word_1_387' title='bbox 2058 2246 2214 2299; x_wconf 90' lang='grc' dir='ltr'>Θεοῦ.</span> 
     </span>
    </p>
   </div>
   <div class='ocr_carea' id='block_1_54' title="bbox 2129 2348 3718 2432">
    <p class='ocr_par' dir='ltr' id='par_1_54' title="bbox 2129 2348 3718 2432">
     <span class='ocr_line' id='line_1_54' title="bbox 2129 2348 3718 2432; baseline 0.006 -31"><span class='ocrx_word' id='word_1_388' title='bbox 2129 2372 2160 2401; x_wconf 85' lang='grc'>‹‹</span> <span class='ocrx_word' id='word_1_389' title='bbox 2190 2348 2306 2406; x_wconf 82' lang='grc' dir='ltr'>Υἱοὶ</span> <span class='ocrx_word' id='word_1_390' title='bbox 2362 2349 2760 2426; x_wconf 87' lang='grc' dir='ltr'>τεχθησόμενοι</span> <span class='ocrx_word' id='word_1_391' title='bbox 2819 2353 2910 2407; x_wconf 84' lang='grc' dir='ltr'>καὶ</span> <span class='ocrx_word' id='word_1_392' title='bbox 2957 2352 3350 2425; x_wconf 86' lang='grc' dir='ltr'>ἀναστήσονται</span> <span class='ocrx_word' id='word_1_393' title='bbox 3405 2353 3495 2410; x_wconf 85' lang='grc' dir='ltr'>καὶ</span> <span class='ocrx_word' id='word_1_394' title='bbox 3544 2357 3718 2432; x_wconf 80' lang='grc' dir='ltr'>ἀπαγ-</span> 
     </span>
    </p>
   </div>
   <div class='ocr_carea' id='block_1_55' title="bbox 2055 2435 3720 2515">
    <p class='ocr_par' dir='ltr' id='par_1_55' title="bbox 2055 2435 3720 2515">
     <span class='ocr_line' id='line_1_55' title="bbox 2055 2435 3720 2515; baseline 0.005 -24"><span class='ocrx_word' id='word_1_395' title='bbox 2055 2435 2310 2513; x_wconf 85' lang='grc' dir='ltr'>γελοῦσιν</span> <span class='ocrx_word' id='word_1_396' title='bbox 2361 2439 2498 2494; x_wconf 82' lang='grc' dir='ltr'>αὗτὰ</span> <span class='ocrx_word' id='word_1_397' title='bbox 2544 2445 2661 2502; x_wconf 88' lang='grc' dir='ltr'>τοῖς</span> <span class='ocrx_word' id='word_1_398' title='bbox 2710 2441 2852 2504; x_wconf 82' lang='grc' dir='ltr'>υἱοῖς</span> <span class='ocrx_word' id='word_1_399' title='bbox 2901 2441 3098 2499; x_wconf 81' lang='grc' dir='ltr'>αὐτῶν,</span> <span class='ocrx_word' id='word_1_400' title='bbox 3147 2467 3175 2495; x_wconf 90' lang='grc'>››</span> <span class='ocrx_word' id='word_1_401' title='bbox 3229 2475 3298 2486; x_wconf 89' lang='lat'>—-</span> <span class='ocrx_word' id='word_1_402' title='bbox 3351 2442 3422 2498; x_wconf 94' lang='lat' dir='ltr'>T6</span> <span class='ocrx_word' id='word_1_403' title='bbox 3477 2442 3720 2515; x_wconf 81' lang='grc' dir='ltr'>ἀναστή-</span> 
     </span>
    </p>
   </div>
   <div class='ocr_carea' id='block_1_56' title="bbox 2057 2528 2865 2604">
    <p class='ocr_par' dir='ltr' id='par_1_56' title="bbox 2057 2528 2865 2604">
     <span class='ocr_line' id='line_1_56' title="bbox 2057 2528 2865 2604; baseline 0.007 -23"><span class='ocrx_word' id='word_1_404' title='bbox 2057 2547 2240 2582; x_wconf 87' lang='grc' dir='ltr'>σονται</span> <span class='ocrx_word' id='word_1_405' title='bbox 2271 2528 2388 2582; x_wconf 85' lang='grc' dir='ltr'>ἀντί</span> <span class='ocrx_word' id='word_1_406' title='bbox 2419 2549 2572 2604; x_wconf 92' lang='grc' dir='ltr'>γεννη</span> <span class='ocrx_word' id='word_1_407' title='bbox 2583 2531 2648 2601; x_wconf 82' lang='grc' dir='ltr'>θή</span> <span class='ocrx_word' id='word_1_408' title='bbox 2658 2551 2865 2589; x_wconf 81' lang='grc' dir='ltr'>σονται.</span> 
     </span>
    </p>
   </div>
   <div class='ocr_carea' id='block_1_57' title="bbox 2127 2635 3716 2712">
    <p class='ocr_par' dir='ltr' id='par_1_57' title="bbox 2127 2635 3716 2712">
     <span class='ocr_line' id='line_1_57' title="bbox 2127 2635 3716 2712; baseline 0.005 -26"><span class='ocrx_word' id='word_1_409' title='bbox 2127 2657 2157 2686; x_wconf 89' lang='grc'>‹‹</span> <span class='ocrx_word' id='word_1_410' title='bbox 2189 2636 2307 2689; x_wconf 84' lang='grc' dir='ltr'>Ἵνα</span> <span class='ocrx_word' id='word_1_411' title='bbox 2334 2639 2535 2691; x_wconf 89' lang='grc' dir='ltr'>αῶνται</span> <span class='ocrx_word' id='word_1_412' title='bbox 2567 2635 2655 2691; x_wconf 85' lang='grc' dir='ltr'>ἐπὶ</span> <span class='ocrx_word' id='word_1_413' title='bbox 2685 2637 2776 2693; x_wconf 91' lang='grc' dir='ltr'>τὸν</span> <span class='ocrx_word' id='word_1_414' title='bbox 2826 2639 2955 2694; x_wconf 87' lang='grc' dir='ltr'>Θεὸν</span> <span class='ocrx_word' id='word_1_415' title='bbox 3000 2639 3102 2708; x_wconf 76' lang='grc' dir='ltr'>τήν</span> <span class='ocrx_word' id='word_1_416' title='bbox 3153 2636 3350 2695; x_wconf 79' lang='grc' dir='ltr'>ἐλπίδα</span> <span class='ocrx_word' id='word_1_417' title='bbox 3394 2639 3594 2712; x_wconf 81' lang='grc' dir='ltr'>αὐτῶν,</span> <span class='ocrx_word' id='word_1_418' title='bbox 3623 2638 3716 2695; x_wconf 85' lang='grc' dir='ltr'>καὶ</span> 
     </span>
    </p>
   </div>
   <div class='ocr_carea' id='block_1_58' title="bbox 2058 2721 3719 2804">
    <p class='ocr_par' dir='ltr' id='par_1_58' title="bbox 2058 2721 3719 2804">
     <span class='ocr_line' id='line_1_58' title="bbox 2058 2721 3719 2804; baseline 0.003 -25"><span class='ocrx_word' id='word_1_419' title='bbox 2058 2723 2134 2795; x_wconf 80' lang='grc' dir='ltr'>μή</span> <span class='ocrx_word' id='word_1_420' title='bbox 2169 2721 2532 2780; x_wconf 82' lang='grc' dir='ltr'>ἐπιλάθωνται</span> <span class='ocrx_word' id='word_1_421' title='bbox 2584 2730 2691 2782; x_wconf 89' lang='grc' dir='ltr'>τῶν</span> <span class='ocrx_word' id='word_1_422' title='bbox 2743 2721 2912 2804; x_wconf 78' lang='grc' dir='ltr'>ἔργων</span> <span class='ocrx_word' id='word_1_423' title='bbox 2961 2733 3059 2784; x_wconf 88' lang='lat'>106</span> <span class='ocrx_word' id='word_1_424' title='bbox 3107 2733 3244 2784; x_wconf 91' lang='grc' dir='ltr'>Θεοῦ</span> <span class='ocrx_word' id='word_1_425' title='bbox 3291 2729 3382 2784; x_wconf 80' lang='grc' dir='ltr'>καὶ</span> <span class='ocrx_word' id='word_1_426' title='bbox 3428 2729 3526 2792; x_wconf 81' lang='grc' dir='ltr'>τὰς</span> <span class='ocrx_word' id='word_1_427' title='bbox 3567 2727 3719 2785; x_wconf 84' lang='grc' dir='ltr'>ἐντο-</span> 
     </span>
    </p>
   </div>
   <div class='ocr_carea' id='block_1_59' title="bbox 2055 2809 3716 2891">
    <p class='ocr_par' dir='ltr' id='par_1_59' title="bbox 2055 2809 3716 2891">
     <span class='ocr_line' id='line_1_59' title="bbox 2055 2809 3716 2891; baseline 0.005 -25"><span class='ocrx_word' id='word_1_428' title='bbox 2055 2809 2155 2874; x_wconf 82' lang='grc' dir='ltr'>λὰς</span> <span class='ocrx_word' id='word_1_429' title='bbox 2201 2811 2366 2867; x_wconf 91' lang='lat'>«6106</span> <span class='ocrx_word' id='word_1_430' title='bbox 2414 2813 2806 2886; x_wconf 83' lang='grc' dir='ltr'>ἐκζητήσωσιν.</span> <span class='ocrx_word' id='word_1_431' title='bbox 2855 2840 2886 2869; x_wconf 88' lang='grc'>››</span> <span class='ocrx_word' id='word_1_432' title='bbox 2934 2849 3006 2860; x_wconf 91' lang='lat'>-—</span> <span class='ocrx_word' id='word_1_433' title='bbox 3051 2817 3424 2880; x_wconf 85' lang='grc' dir='ltr'>Μανθάνοντες</span> <span class='ocrx_word' id='word_1_434' title='bbox 3475 2815 3716 2891; x_wconf 81' lang='grc' dir='ltr'>δηλαδὴ,</span> 
     </span>
    </p>
   </div>
   <div class='ocr_carea' id='block_1_60' title="bbox 2053 2897 3717 3044">
    <p class='ocr_par' dir='ltr' id='par_1_60' title="bbox 2053 2897 3717 3044">
     <span class='ocr_line' id='line_1_60' title="bbox 2053 2897 3717 2980; baseline 0.005 -25"><span class='ocrx_word' id='word_1_435' title='bbox 2053 2897 2154 2956; x_wconf 77' lang='grc' dir='ltr'>ὅσα</span> <span class='ocrx_word' id='word_1_436' title='bbox 2208 2902 2237 2958; x_wconf 91' lang='lat'>6</span> <span class='ocrx_word' id='word_1_437' title='bbox 2294 2902 2424 2964; x_wconf 87' lang='grc' dir='ltr'>Θεὸς</span> <span class='ocrx_word' id='word_1_438' title='bbox 2482 2901 2850 2980; x_wconf 85' lang='grc' dir='ltr'>ἐπηγγείλατο</span> <span class='ocrx_word' id='word_1_439' title='bbox 2915 2910 3032 2968; x_wconf 90' lang='grc' dir='ltr'>τοῖς</span> <span class='ocrx_word' id='word_1_440' title='bbox 3106 2905 3419 2976; x_wconf 87' lang='grc' dir='ltr'>ἐλπίζουσιν</span> <span class='ocrx_word' id='word_1_441' title='bbox 3485 2905 3567 2962; x_wconf 82' lang='grc' dir='ltr'>ἐπ’</span> <span class='ocrx_word' id='word_1_442' title='bbox 3623 2905 3717 2962; x_wconf 88' lang='lat'>0:6-</span> 
     </span>
     <span class='ocr_line' id='line_1_61' title="bbox 2053 2988 2168 3044; baseline 0 0"><span class='ocrx_word' id='word_1_443' title='bbox 2053 2988 2168 3044; x_wconf 90' lang='grc' dir='ltr'>τόν.</span> 
     </span>
    </p>
   </div>
   <div class='ocr_carea' id='block_1_61' title="bbox 2052 3010 2168 3047">
    <p class='ocr_par' dir='ltr' id='par_1_61' title="bbox 2052 3010 2168 3047">
     <span class='ocr_line' id='line_1_62' title="bbox 2052 3010 2168 3047; baseline 0.026 -3"><span class='ocrx_word' id='word_1_444' title='bbox 2052 3010 2168 3047; x_wconf 84' lang='grc' dir='ltr'>τον.</span> 
     </span>
    </p>
   </div>
   <div class='ocr_carea' id='block_1_62' title="bbox 2126 3098 3716 3180">
    <p class='ocr_par' dir='ltr' id='par_1_62' title="bbox 2126 3098 3716 3180">
     <span class='ocr_line' id='line_1_63' title="bbox 2126 3098 3716 3180; baseline 0.003 -29"><span class='ocrx_word' id='word_1_445' title='bbox 2126 3120 2157 3150; x_wconf 90' lang='grc'>‹‹</span> <span class='ocrx_word' id='word_1_446' title='bbox 2189 3099 2347 3154; x_wconf 88' lang='grc' dir='ltr'>Γενεά</span> <span class='ocrx_word' id='word_1_447' title='bbox 2373 3099 2496 3169; x_wconf 79' lang='grc' dir='ltr'>ἥτις</span> <span class='ocrx_word' id='word_1_448' title='bbox 2545 3098 2608 3154; x_wconf 92' lang='lat'>06</span> <span class='ocrx_word' id='word_1_449' title='bbox 2659 3100 2959 3172; x_wconf 86' lang='grc' dir='ltr'>κατηύθυνε</span> <span class='ocrx_word' id='word_1_450' title='bbox 3005 3103 3108 3172; x_wconf 85' lang='grc' dir='ltr'>τὴν</span> <span class='ocrx_word' id='word_1_451' title='bbox 3157 3100 3382 3180; x_wconf 86' lang='grc' dir='ltr'>καρδίαν</span> <span class='ocrx_word' id='word_1_452' title='bbox 3434 3102 3651 3174; x_wconf 81' lang='grc' dir='ltr'>ἐαυτῆς.</span> <span class='ocrx_word' id='word_1_453' title='bbox 3685 3127 3716 3156; x_wconf 90' lang='grc'><strong>››</strong></span> 
     </span>
    </p>
   </div>
   <div class='ocr_carea' id='block_1_63' title="bbox 2053 3182 3710 3266">
    <p class='ocr_par' dir='ltr' id='par_1_63' title="bbox 2053 3182 3710 3266">
     <span class='ocr_line' id='line_1_64' title="bbox 2053 3182 3710 3266; baseline 0.004 -26"><span class='ocrx_word' id='word_1_454' title='bbox 2053 3217 2124 3228; x_wconf 92' lang='grc'><strong><em>-</em></strong></span> <span class='ocrx_word' id='word_1_455' title='bbox 2152 3185 2263 3241; x_wconf 81' lang='grc' dir='ltr'>Οὐκ</span> <span class='ocrx_word' id='word_1_456' title='bbox 2291 3182 2516 3262; x_wconf 82' lang='grc' dir='ltr'>ὤρθωσε</span> <span class='ocrx_word' id='word_1_457' title='bbox 2564 3190 2665 3258; x_wconf 79' lang='grc' dir='ltr'>τὴν</span> <span class='ocrx_word' id='word_1_458' title='bbox 2711 3187 2933 3266; x_wconf 89' lang='grc' dir='ltr'>καρδίαν</span> <span class='ocrx_word' id='word_1_459' title='bbox 2977 3191 3195 3263; x_wconf 69' lang='grc' dir='ltr'>ἑαυτῆς,</span> <span class='ocrx_word' id='word_1_460' title='bbox 3225 3190 3365 3248; x_wconf 79' lang='grc' dir='ltr'>ὥστε</span> <span class='ocrx_word' id='word_1_461' title='bbox 3395 3190 3584 3256; x_wconf 82' lang='grc' dir='ltr'>ἁπλῶς</span> <span class='ocrx_word' id='word_1_462' title='bbox 3615 3191 3710 3247; x_wconf 82' lang='grc' dir='ltr'>καὶ</span> 
     </span>
    </p>
   </div>
   <div class='ocr_carea' id='block_1_64' title="bbox 286 3257 3470 3356">
    <p class='ocr_par' dir='ltr' id='par_1_64' title="bbox 286 3257 3470 3356">
     <span class='ocr_line' id='line_1_65' title="bbox 286 3257 3470 3356; baseline 0.007 -38"><span class='ocrx_word' id='word_1_463' title='bbox 286 3264 531 3356; x_wconf 75' lang='grc' dir='ltr'>ραγωγία</span> <span class='ocrx_word' id='word_1_464' title='bbox 575 3266 666 3320; x_wconf 86' lang='grc' dir='ltr'>καὶ</span> <span class='ocrx_word' id='word_1_465' title='bbox 713 3264 982 3343; x_wconf 84' lang='grc' dir='ltr'>ὁδήγησις</span> <span class='ocrx_word' id='word_1_466' title='bbox 1026 3273 1124 3323; x_wconf 91' lang='grc' dir='ltr'>τοῦ</span> <span class='ocrx_word' id='word_1_467' title='bbox 1174 3274 1426 3346; x_wconf 82' lang='grc' dir='ltr'>Χριστοῦ·</span> <span class='ocrx_word' id='word_1_468' title='bbox 1479 3271 1537 3333; x_wconf 80' lang='grc' dir='ltr'>ὅς</span> <span class='ocrx_word' id='word_1_469' title='bbox 1585 3269 1697 3325; x_wconf 87' lang='grc' dir='ltr'>ἐστι</span> <span class='ocrx_word' id='word_1_470' title='bbox 1740 3277 1942 3340; x_wconf 78' lang='grc' dir='ltr'>Μωσῆς</span> <span class='ocrx_word' id='word_1_471' title='bbox 1976 3257 2018 3324; x_wconf 78' lang='lat' dir='ltr'>C</span> <span class='ocrx_word' id='word_1_472' title='bbox 2062 3270 2296 3350; x_wconf 92' lang='grc' dir='ltr'>βεϐαίως</span> <span class='ocrx_word' id='word_1_473' title='bbox 2320 3257 3095 3356; x_wconf 66' lang='grc' dir='ltr'>πιστεύειν,ἀλλ”έσχολίαζε</span> <span class='ocrx_word' id='word_1_474' title='bbox 3125 3257 3470 3351; x_wconf 77' lang='grc' dir='ltr'>διστάζουσα.</span> 
     </span>
    </p>
   </div>
   <div class='ocr_carea' id='block_1_65' title="bbox 287 3351 1942 3436">
    <p class='ocr_par' dir='ltr' id='par_1_65' title="bbox 287 3351 1942 3436">
     <span class='ocr_line' id='line_1_66' title="bbox 287 3351 1942 3436; baseline 0.006 -31"><span class='ocrx_word' id='word_1_475' title='bbox 287 3351 383 3424; x_wconf 72' lang='grc' dir='ltr'>μὲν</span> <span class='ocrx_word' id='word_1_476' title='bbox 410 3353 484 3416; x_wconf 86' lang='grc' dir='ltr'>ὡς</span> <span class='ocrx_word' id='word_1_477' title='bbox 515 3357 820 3428; x_wconf 89' lang='grc' dir='ltr'>νομοθέτης</span> <span class='ocrx_word' id='word_1_478' title='bbox 848 3361 946 3412; x_wconf 92' lang='grc' dir='ltr'>τοῦ</span> <span class='ocrx_word' id='word_1_479' title='bbox 976 3356 1336 3434; x_wconf 84' lang='grc' dir='ltr'>εὐαγγελικοῦ</span> <span class='ocrx_word' id='word_1_480' title='bbox 1379 3359 1575 3434; x_wconf 87' lang='grc' dir='ltr'>νόμου,</span> <span class='ocrx_word' id='word_1_481' title='bbox 1621 3360 1828 3436; x_wconf 86' lang='grc' dir='ltr'>Ἀαρὼν</span> <span class='ocrx_word' id='word_1_482' title='bbox 1863 3358 1942 3430; x_wconf 82' lang='lat'>6&#39;6,</span> 
     </span>
    </p>
   </div>
   <div class='ocr_carea' id='block_1_66' title="bbox 285 3439 1943 3524">
    <p class='ocr_par' dir='ltr' id='par_1_66' title="bbox 285 3439 1943 3524">
     <span class='ocr_line' id='line_1_67' title="bbox 285 3439 1943 3524; baseline 0 -21"><span class='ocrx_word' id='word_1_483' title='bbox 285 3439 362 3503; x_wconf 81' lang='grc' dir='ltr'>ὠς</span> <span class='ocrx_word' id='word_1_484' title='bbox 407 3442 573 3520; x_wconf 85' lang='grc' dir='ltr'>μέγας</span> <span class='ocrx_word' id='word_1_485' title='bbox 617 3444 928 3521; x_wconf 84' lang='grc' dir='ltr'>ἀρχιερεὺς,</span> <span class='ocrx_word' id='word_1_486' title='bbox 989 3446 1154 3512; x_wconf 81' lang='grc' dir='ltr'>θύσας</span> <span class='ocrx_word' id='word_1_487' title='bbox 1213 3448 1398 3504; x_wconf 75' lang='grc' dir='ltr'>ἑαυτὸν</span> <span class='ocrx_word' id='word_1_488' title='bbox 1457 3449 1589 3524; x_wconf 79' lang='grc' dir='ltr'>ὑπὲρ</span> <span class='ocrx_word' id='word_1_489' title='bbox 1650 3453 1748 3503; x_wconf 89' lang='grc' dir='ltr'>τοῦ</span> <span class='ocrx_word' id='word_1_490' title='bbox 1807 3447 1943 3506; x_wconf 90' lang='grc' dir='ltr'>λαοῦ</span> 
     </span>
    </p>
   </div>
   <div class='ocr_carea' id='block_1_67' title="bbox 283 3529 1306 3587">
    <p class='ocr_par' dir='ltr' id='par_1_67' title="bbox 283 3529 1306 3587">
     <span class='ocr_line' id='line_1_68' title="bbox 283 3529 1306 3587; baseline 0.002 -4"><span class='ocrx_word' id='word_1_491' title='bbox 283 3529 468 3587; x_wconf 87' lang='lat'>«6106.</span> <span class='ocrx_word' id='word_1_492' title='bbox 1299 3577 1306 3585; x_wconf 95' lang='lat'>.</span> 
     </span>
    </p>
   </div>
   <div class='ocr_carea' id='block_1_68' title="bbox 878 3646 1331 3703">
    <p class='ocr_par' dir='ltr' id='par_1_68' title="bbox 878 3646 1331 3703">
     <span class='ocr_line' id='line_1_69' title="bbox 878 3646 1331 3703; baseline 0.011 -5"><span class='ocrx_word' id='word_1_493' title='bbox 878 3646 1179 3702; x_wconf 82' lang='grc' dir='ltr'><strong>ΨΔΛΜΟΣ</strong></span> <span class='ocrx_word' id='word_1_494' title='bbox 1221 3650 1331 3703; x_wconf 92' lang='grc' dir='ltr'>ΟΖ’.</span> 
     </span>
    </p>
   </div>
   <div class='ocr_carea' id='block_1_69' title="bbox 355 3746 1942 3832">
    <p class='ocr_par' dir='ltr' id='par_1_69' title="bbox 355 3746 1942 3832">
     <span class='ocr_line' id='line_1_70' title="bbox 355 3746 1942 3832; baseline 0.006 -32"><span class='ocrx_word' id='word_1_495' title='bbox 355 3770 385 3800; x_wconf 82' lang='grc' dir='ltr'>(ι</span> <span class='ocrx_word' id='word_1_496' title='bbox 418 3746 692 3811; x_wconf 88' lang='grc' dir='ltr'>Συνέσεως</span> <span class='ocrx_word' id='word_1_497' title='bbox 743 3749 932 3828; x_wconf 85' lang='grc' dir='ltr'>Ἀσάφ.</span> <span class='ocrx_word' id='word_1_498' title='bbox 974 3775 994 3802; x_wconf 75' lang='grc' dir='ltr'><strong><em>υ</em></strong></span> <span class='ocrx_word' id='word_1_499' title='bbox 1029 3785 1098 3794; x_wconf 86' lang='grc'><strong>--</strong></span> <span class='ocrx_word' id='word_1_500' title='bbox 1126 3751 1400 3815; x_wconf 87' lang='grc' dir='ltr'>Συνέσεως</span> <span class='ocrx_word' id='word_1_501' title='bbox 1447 3752 1551 3828; x_wconf 74' lang='grc' dir='ltr'>γὰρ</span> <span class='ocrx_word' id='word_1_502' title='bbox 1602 3751 1685 3808; x_wconf 90' lang='grc' dir='ltr'>δεῖ</span> <span class='ocrx_word' id='word_1_503' title='bbox 1713 3755 1850 3832; x_wconf 86' lang='grc' dir='ltr'>πρὸς</span> <span class='ocrx_word' id='word_1_504' title='bbox 1879 3755 1942 3809; x_wconf 92' lang='lat'>16</span> 
     </span>
    </p>
   </div>
   <div class='ocr_carea' id='block_1_70' title="bbox 281 3835 1938 3919">
    <p class='ocr_par' dir='ltr' id='par_1_70' title="bbox 281 3835 1938 3919">
     <span class='ocr_line' id='line_1_71' title="bbox 281 3835 1938 3919; baseline 0.007 -30"><span class='ocrx_word' id='word_1_505' title='bbox 281 3840 485 3910; x_wconf 89' lang='grc' dir='ltr'>γνῶναι</span> <span class='ocrx_word' id='word_1_506' title='bbox 518 3835 601 3892; x_wconf 83' lang='lat'>6&#39;1:</span> <span class='ocrx_word' id='word_1_507' title='bbox 635 3839 663 3892; x_wconf 92' lang='lat'>6</span> <span class='ocrx_word' id='word_1_508' title='bbox 685 3837 849 3894; x_wconf 76' lang='grc' dir='ltr'>Δαυῒδ</span> <span class='ocrx_word' id='word_1_509' title='bbox 869 3841 1152 3914; x_wconf 79' lang='grc' dir='ltr'>προσώπῳ</span> <span class='ocrx_word' id='word_1_510' title='bbox 1174 3846 1410 3917; x_wconf 87' lang='grc' dir='ltr'>Χριστοῦ</span> <span class='ocrx_word' id='word_1_511' title='bbox 1431 3841 1587 3898; x_wconf 89' lang='grc' dir='ltr'>τόνδε</span> <span class='ocrx_word' id='word_1_512' title='bbox 1605 3843 1697 3899; x_wconf 89' lang='grc' dir='ltr'>τὸν</span> <span class='ocrx_word' id='word_1_513' title='bbox 1721 3843 1938 3919; x_wconf 82' lang='grc' dir='ltr'>ψαλμὸν</span> 
     </span>
    </p>
   </div>
   <div class='ocr_carea' id='block_1_71' title="bbox 286 3923 1028 4000">
    <p class='ocr_par' dir='ltr' id='par_1_71' title="bbox 286 3923 1028 4000">
     <span class='ocr_line' id='line_1_72' title="bbox 286 3923 1028 4000; baseline 0.007 -21"><span class='ocrx_word' id='word_1_514' title='bbox 286 3923 431 4000; x_wconf 85' lang='grc' dir='ltr'>λέγει</span> <span class='ocrx_word' id='word_1_515' title='bbox 461 3926 599 4000; x_wconf 91' lang='grc' dir='ltr'>πρὸς</span> <span class='ocrx_word' id='word_1_516' title='bbox 628 3925 754 3988; x_wconf 80' lang='grc' dir='ltr'>τοὺς</span> <span class='ocrx_word' id='word_1_517' title='bbox 785 3929 1028 3990; x_wconf 88' lang='grc' dir='ltr'>πιστούς.</span> 
     </span>
    </p>
   </div>
   <div class='ocr_carea' id='block_1_72' title="bbox 361 4014 1942 4095">
    <p class='ocr_par' dir='ltr' id='par_1_72' title="bbox 361 4014 1942 4095">
     <span class='ocr_line' id='line_1_73' title="bbox 361 4014 1942 4095; baseline 0.008 -30"><span class='ocrx_word' id='word_1_518' title='bbox 361 4035 389 4062; x_wconf 92' lang='grc'>‹‹</span> <span class='ocrx_word' id='word_1_519' title='bbox 421 4014 750 4089; x_wconf 84' lang='grc' dir='ltr'>Προσέχετε,</span> <span class='ocrx_word' id='word_1_520' title='bbox 785 4015 915 4078; x_wconf 91' lang='grc' dir='ltr'>λαός</span> <span class='ocrx_word' id='word_1_521' title='bbox 949 4039 1074 4090; x_wconf 87' lang='grc' dir='ltr'>μου,</span> <span class='ocrx_word' id='word_1_522' title='bbox 1121 4024 1202 4092; x_wconf 74' lang='grc' dir='ltr'>τῷ</span> <span class='ocrx_word' id='word_1_523' title='bbox 1247 4019 1405 4094; x_wconf 86' lang='grc' dir='ltr'>νόμῳ</span> <span class='ocrx_word' id='word_1_524' title='bbox 1458 4043 1586 4095; x_wconf 84' lang='grc' dir='ltr'>μου,</span> <span class='ocrx_word' id='word_1_525' title='bbox 1633 4020 1852 4077; x_wconf 90' lang='grc' dir='ltr'>κλίνατε</span> <span class='ocrx_word' id='word_1_526' title='bbox 1881 4023 1942 4078; x_wconf 89' lang='lat'>16</span> 
     </span>
    </p>
   </div>
   <div class='ocr_carea' id='block_1_73' title="bbox 288 4101 1940 4186">
    <p class='ocr_par' dir='ltr' id='par_1_73' title="bbox 288 4101 1940 4186">
     <span class='ocr_line' id='line_1_74' title="bbox 288 4101 1940 4186; baseline 0.007 -31"><span class='ocrx_word' id='word_1_527' title='bbox 288 4101 381 4164; x_wconf 79' lang='grc' dir='ltr'>οῦς</span> <span class='ocrx_word' id='word_1_528' title='bbox 414 4102 564 4175; x_wconf 85' lang='grc' dir='ltr'>ὑμῶν</span> <span class='ocrx_word' id='word_1_529' title='bbox 599 4102 674 4165; x_wconf 89' lang='grc' dir='ltr'>εἷς</span> <span class='ocrx_word' id='word_1_530' title='bbox 705 4105 772 4158; x_wconf 80' lang='lat'>10‘:</span> <span class='ocrx_word' id='word_1_531' title='bbox 883 4126 1024 4177; x_wconf 87' lang='grc' dir='ltr'>ματα</span> <span class='ocrx_word' id='word_1_532' title='bbox 1041 4112 1138 4163; x_wconf 90' lang='grc' dir='ltr'>τοῦ</span> <span class='ocrx_word' id='word_1_533' title='bbox 1160 4109 1431 4183; x_wconf 90' lang='grc' dir='ltr'>στόματός</span> <span class='ocrx_word' id='word_1_534' title='bbox 1456 4133 1580 4184; x_wconf 89' lang='grc' dir='ltr'>μου.</span> <span class='ocrx_word' id='word_1_535' title='bbox 1607 4136 1635 4164; x_wconf 88' lang='grc'><strong>››</strong></span> <span class='ocrx_word' id='word_1_536' title='bbox 1667 4145 1736 4154; x_wconf 88' lang='grc'>--</span> <span class='ocrx_word' id='word_1_537' title='bbox 1757 4112 1940 4186; x_wconf 86' lang='grc' dir='ltr'>Νόμον</span> 
     </span>
    </p>
   </div>
   <div class='ocr_carea' id='block_1_74' title="bbox 287 4188 963 4268">
    <p class='ocr_par' dir='ltr' id='par_1_74' title="bbox 287 4188 963 4268">
     <span class='ocr_line' id='line_1_75' title="bbox 287 4188 963 4268; baseline 0.007 -23"><span class='ocrx_word' id='word_1_538' title='bbox 287 4188 436 4267; x_wconf 87' lang='grc' dir='ltr'>λέγει</span> <span class='ocrx_word' id='word_1_539' title='bbox 465 4191 556 4246; x_wconf 87' lang='grc' dir='ltr'>τὸν</span> <span class='ocrx_word' id='word_1_540' title='bbox 588 4189 963 4268; x_wconf 82' lang='grc' dir='ltr'>εὐάγγελικόν.</span> 
     </span>
    </p>
   </div>
   <div class='ocr_carea' id='block_1_75' title="bbox 359 4278 1944 4369">
    <p class='ocr_par' dir='ltr' id='par_1_75' title="bbox 359 4278 1944 4369">
     <span class='ocr_line' id='line_1_76' title="bbox 359 4278 1944 4369; baseline 0.005 -34"><span class='ocrx_word' id='word_1_541' title='bbox 359 4280 648 4369; x_wconf 76' lang='grc' dir='ltr'>«Ἀνοίξω</span> <span class='ocrx_word' id='word_1_542' title='bbox 702 4280 755 4336; x_wconf 85' lang='grc' dir='ltr'>ἐν</span> <span class='ocrx_word' id='word_1_543' title='bbox 813 4278 1158 4357; x_wconf 87' lang='grc' dir='ltr'>παραϐολαῖς</span> <span class='ocrx_word' id='word_1_544' title='bbox 1215 4285 1278 4341; x_wconf 90' lang='grc' dir='ltr'>τὸ</span> <span class='ocrx_word' id='word_1_545' title='bbox 1335 4286 1513 4362; x_wconf 89' lang='grc' dir='ltr'>στόμα</span> <span class='ocrx_word' id='word_1_546' title='bbox 1572 4310 1681 4364; x_wconf 85' lang='grc' dir='ltr'>μου</span> <span class='ocrx_word' id='word_1_547' title='bbox 1715 4309 1727 4322; x_wconf 84' lang='grc'><em>’</em></span> <span class='ocrx_word' id='word_1_548' title='bbox 1786 4289 1944 4369; x_wconf 88' lang='grc' dir='ltr'>φθέγ-</span> 
     </span>
    </p>
   </div>
   <div class='ocr_carea' id='block_1_76' title="bbox 286 4365 1947 4455">
    <p class='ocr_par' dir='ltr' id='par_1_76' title="bbox 286 4365 1947 4455">
     <span class='ocr_line' id='line_1_77' title="bbox 286 4365 1947 4455; baseline 0.007 -32"><span class='ocrx_word' id='word_1_549' title='bbox 286 4367 446 4444; x_wconf 81' lang='grc' dir='ltr'>ξομαι</span> <span class='ocrx_word' id='word_1_550' title='bbox 493 4365 868 4447; x_wconf 90' lang='grc' dir='ltr'>προϐλήματα</span> <span class='ocrx_word' id='word_1_551' title='bbox 915 4372 1006 4428; x_wconf 83' lang='grc' dir='ltr'>ἀπ’</span> <span class='ocrx_word' id='word_1_552' title='bbox 1049 4373 1252 4450; x_wconf 84' lang='grc' dir='ltr'>ἀρχῆς.</span> <span class='ocrx_word' id='word_1_553' title='bbox 1303 4400 1332 4428; x_wconf 83' lang='grc'><strong>››</strong></span> <span class='ocrx_word' id='word_1_554' title='bbox 1383 4409 1454 4419; x_wconf 90' lang='grc'><strong><em>-</em></strong></span> <span class='ocrx_word' id='word_1_555' title='bbox 1499 4378 1601 4440; x_wconf 79' lang='grc' dir='ltr'>Τὰς</span> <span class='ocrx_word' id='word_1_556' title='bbox 1645 4365 1947 4455; x_wconf 70' lang='grc' dir='ltr'>εὐαγγελι-</span> 
     </span>
    </p>
   </div>
   <div class='ocr_carea' id='block_1_77' title="bbox 283 4455 1943 4539">
    <p class='ocr_par' dir='ltr' id='par_1_77' title="bbox 283 4455 1943 4539">
     <span class='ocr_line' id='line_1_78' title="bbox 283 4455 1943 4539; baseline 0.006 -27"><span class='ocrx_word' id='word_1_557' title='bbox 283 4457 382 4521; x_wconf 76' lang='grc' dir='ltr'>κᾶς</span> <span class='ocrx_word' id='word_1_558' title='bbox 429 4455 749 4534; x_wconf 79' lang='grc' dir='ltr'>παραϐολὰς</span> <span class='ocrx_word' id='word_1_559' title='bbox 801 4459 1053 4536; x_wconf 87' lang='grc' dir='ltr'>ὠνόμασε</span> <span class='ocrx_word' id='word_1_560' title='bbox 1097 4463 1187 4518; x_wconf 83' lang='grc' dir='ltr'>καὶ</span> <span class='ocrx_word' id='word_1_561' title='bbox 1235 4459 1644 4539; x_wconf 88' lang='grc' dir='ltr'>προϐλήματα.</span> <span class='ocrx_word' id='word_1_562' title='bbox 1696 4465 1943 4538; x_wconf 90' lang='grc' dir='ltr'>Ληλοῦσι</span> 
     </span>
    </p>
   </div>
   <div class='ocr_carea' id='block_1_78' title="bbox 286 4542 1946 4630">
    <p class='ocr_par' dir='ltr' id='par_1_78' title="bbox 286 4542 1946 4630">
     <span class='ocr_line' id='line_1_79' title="bbox 286 4542 1946 4630; baseline 0.006 -29"><span class='ocrx_word' id='word_1_563' title='bbox 286 4542 342 4601; x_wconf 96' lang='lat'>66</span> <span class='ocrx_word' id='word_1_564' title='bbox 398 4548 488 4603; x_wconf 82' lang='grc' dir='ltr'>καὶ</span> <span class='ocrx_word' id='word_1_565' title='bbox 544 4550 710 4628; x_wconf 79' lang='grc' dir='ltr'>ἄμφω</span> <span class='ocrx_word' id='word_1_566' title='bbox 753 4551 818 4606; x_wconf 92' lang='grc' dir='ltr'>τὸ</span> <span class='ocrx_word' id='word_1_567' title='bbox 876 4550 1292 4628; x_wconf 83' lang='grc' dir='ltr'>αἰνιγματῶδες·</span> <span class='ocrx_word' id='word_1_568' title='bbox 1357 4553 1571 4628; x_wconf 73' lang='grc' dir='ltr'>μάλλον</span> <span class='ocrx_word' id='word_1_569' title='bbox 1637 4557 1820 4630; x_wconf 90' lang='grc' dir='ltr'>μέντοι</span> <span class='ocrx_word' id='word_1_570' title='bbox 1877 4558 1946 4612; x_wconf 80' lang='lat'>10‘:</span> 
     </span>
    </p>
   </div>
   <div class='ocr_carea' id='block_1_79' title="bbox 283 4632 1946 4722">
    <p class='ocr_par' dir='ltr' id='par_1_79' title="bbox 283 4632 1946 4722">
     <span class='ocr_line' id='line_1_80' title="bbox 283 4632 1946 4722; baseline 0.007 -33"><span class='ocrx_word' id='word_1_571' title='bbox 283 4632 659 4712; x_wconf 87' lang='grc' dir='ltr'>προϐλήματα</span> <span class='ocrx_word' id='word_1_572' title='bbox 723 4639 948 4706; x_wconf 87' lang='grc' dir='ltr'>ἐνταῦθα</span> <span class='ocrx_word' id='word_1_573' title='bbox 995 4641 1131 4698; x_wconf 83' lang='grc' dir='ltr'>αύτά</span> <span class='ocrx_word' id='word_1_574' title='bbox 1188 4642 1442 4719; x_wconf 85' lang='grc' dir='ltr'>σημαίνει</span> <span class='ocrx_word' id='word_1_575' title='bbox 1499 4645 1567 4700; x_wconf 79' lang='grc' dir='ltr'>τὰ</span> <span class='ocrx_word' id='word_1_576' title='bbox 1620 4645 1946 4722; x_wconf 88' lang='grc' dir='ltr'>προκαλύμ-</span> 
     </span>
    </p>
   </div>
   <div class='ocr_carea' id='block_1_80' title="bbox 287 4726 1949 4809">
    <p class='ocr_par' dir='ltr' id='par_1_80' title="bbox 287 4726 1949 4809">
     <span class='ocr_line' id='line_1_81' title="bbox 287 4726 1949 4809; baseline 0.008 -32"><span class='ocrx_word' id='word_1_577' title='bbox 287 4745 470 4796; x_wconf 89' lang='grc' dir='ltr'>ματα.</span> <span class='ocrx_word' id='word_1_578' title='bbox 558 4726 864 4797; x_wconf 90' lang='grc' dir='ltr'>Δηλοῦνται</span> <span class='ocrx_word' id='word_1_579' title='bbox 952 4729 1010 4786; x_wconf 89' lang='lat'>66</span> <span class='ocrx_word' id='word_1_580' title='bbox 1093 4729 1182 4788; x_wconf 82' lang='grc' dir='ltr'>διὰ</span> <span class='ocrx_word' id='word_1_581' title='bbox 1265 4731 1472 4789; x_wconf 91' lang='grc' dir='ltr'>τούτων</span> <span class='ocrx_word' id='word_1_582' title='bbox 1559 4733 1949 4809; x_wconf 82' lang='grc' dir='ltr'>κεκαλυμμένα</span> 
     </span>
    </p>
   </div>
   <div class='ocr_carea' id='block_1_81' title="bbox 282 4812 1949 4900">
    <p class='ocr_par' dir='ltr' id='par_1_81' title="bbox 282 4812 1949 4900">
     <span class='ocr_line' id='line_1_82' title="bbox 282 4812 1949 4900; baseline 0.009 -35"><span class='ocrx_word' id='word_1_583' title='bbox 282 4812 373 4900; x_wconf 81' lang='grc' dir='ltr'>καὶ</span> <span class='ocrx_word' id='word_1_584' title='bbox 432 4815 719 4894; x_wconf 86' lang='grc' dir='ltr'>ἀπόκρυφα</span> <span class='ocrx_word' id='word_1_585' title='bbox 777 4818 1089 4896; x_wconf 88' lang='grc' dir='ltr'>πράγματα·</span> <span class='ocrx_word' id='word_1_586' title='bbox 1151 4820 1294 4876; x_wconf 79' lang='grc' dir='ltr'>οὕτω</span> <span class='ocrx_word' id='word_1_587' title='bbox 1352 4823 1457 4898; x_wconf 82' lang='grc' dir='ltr'>γὰρ</span> <span class='ocrx_word' id='word_1_588' title='bbox 1512 4824 1604 4878; x_wconf 86' lang='grc' dir='ltr'>καὶ</span> <span class='ocrx_word' id='word_1_589' title='bbox 1654 4826 1682 4878; x_wconf 90' lang='grc' dir='ltr'>ὁ</span> <span class='ocrx_word' id='word_1_590' title='bbox 1724 4823 1949 4900; x_wconf 82' lang='grc' dir='ltr'>εὐαγγε-</span> 
     </span>
    </p>
   </div>
   <div class='ocr_carea' id='block_1_82' title="bbox 285 4898 1950 4990">
    <p class='ocr_par' dir='ltr' id='par_1_82' title="bbox 285 4898 1950 4990">
     <span class='ocr_line' id='line_1_83' title="bbox 285 4898 1950 4990; baseline 0.009 -36"><span class='ocrx_word' id='word_1_591' title='bbox 285 4898 479 4990; x_wconf 77' lang='grc' dir='ltr'>λιστής</span> <span class='ocrx_word' id='word_1_592' title='bbox 539 4906 822 4970; x_wconf 87' lang='grc' dir='ltr'>Ματθαῖος</span> <span class='ocrx_word' id='word_1_593' title='bbox 868 4910 1203 4982; x_wconf 79' lang='grc' dir='ltr'>ἡρμήνευσεο</span> <span class='ocrx_word' id='word_1_594' title='bbox 1258 4934 1287 4963; x_wconf 90' lang='grc'>‹‹</span> <span class='ocrx_word' id='word_1_595' title='bbox 1351 4913 1663 4988; x_wconf 81' lang='grc' dir='ltr'>Φθέγξομαι</span> <span class='ocrx_word' id='word_1_596' title='bbox 1716 4898 1950 4990; x_wconf 85' lang='grc' dir='ltr'>κεκρυμ-</span> 
     </span>
    </p>
   </div>
   <div class='ocr_carea' id='block_1_83' title="bbox 293 4989 1949 5080">
    <p class='ocr_par' dir='ltr' id='par_1_83' title="bbox 293 4989 1949 5080">
     <span class='ocr_line' id='line_1_84' title="bbox 293 4989 1949 5080; baseline 0.008 -37"><span class='ocrx_word' id='word_1_597' title='bbox 293 4989 419 5056; x_wconf 76' lang='grc' dir='ltr'>μένα</span> <span class='ocrx_word' id='word_1_598' title='bbox 474 4991 581 5046; x_wconf 89' lang='grc' dir='ltr'>άπὸ</span> <span class='ocrx_word' id='word_1_599' title='bbox 638 4991 954 5066; x_wconf 76' lang='grc' dir='ltr'>καταϐολῆς</span> <span class='ocrx_word' id='word_1_600' title='bbox 1010 4999 1222 5074; x_wconf 88' lang='grc' dir='ltr'>κόσμου</span> <span class='ocrx_word' id='word_1_601' title='bbox 1258 5020 1270 5032; x_wconf 92' lang='grc'><strong>·</strong></span> <span class='ocrx_word' id='word_1_602' title='bbox 1333 5026 1360 5052; x_wconf 87' lang='grc'><strong>››</strong></span> <span class='ocrx_word' id='word_1_603' title='bbox 1420 5002 1487 5057; x_wconf 79' lang='grc' dir='ltr'>τὰ</span> <span class='ocrx_word' id='word_1_604' title='bbox 1555 5007 1657 5058; x_wconf 92' lang='grc' dir='ltr'>τοῦ</span> <span class='ocrx_word' id='word_1_605' title='bbox 1715 5007 1949 5080; x_wconf 87' lang='grc' dir='ltr'>Χριστοῦ</span> 
     </span>
    </p>
   </div>
   <div class='ocr_carea' id='block_1_84' title="bbox 287 5073 1952 5168">
    <p class='ocr_par' dir='ltr' id='par_1_84' title="bbox 287 5073 1952 5168">
     <span class='ocr_line' id='line_1_85' title="bbox 287 5073 1952 5168; baseline 0.007 -34"><span class='ocrx_word' id='word_1_606' title='bbox 287 5073 390 5147; x_wconf 79' lang='grc' dir='ltr'>γὰρ</span> <span class='ocrx_word' id='word_1_607' title='bbox 447 5081 866 5168; x_wconf 72' lang='grc' dir='ltr'>οἰκονομήματά</span> <span class='ocrx_word' id='word_1_608' title='bbox 908 5107 967 5141; x_wconf 91' lang='grc' dir='ltr'>τε</span> <span class='ocrx_word' id='word_1_609' title='bbox 1013 5089 1102 5144; x_wconf 79' lang='grc' dir='ltr'>καὶ</span> <span class='ocrx_word' id='word_1_610' title='bbox 1152 5091 1552 5166; x_wconf 85' lang='grc' dir='ltr'>κατορθώματα</span> <span class='ocrx_word' id='word_1_611' title='bbox 1601 5092 1952 5168; x_wconf 88' lang='grc' dir='ltr'>κεκρυμμένα</span> 
     </span>
    </p>
   </div>
   <div class='ocr_carea' id='block_1_85' title="bbox 289 5161 1955 5256">
    <p class='ocr_par' dir='ltr' id='par_1_85' title="bbox 289 5161 1955 5256">
     <span class='ocr_line' id='line_1_86' title="bbox 289 5161 1955 5256; baseline 0.007 -31"><span class='ocrx_word' id='word_1_612' title='bbox 289 5161 426 5231; x_wconf 80' lang='grc' dir='ltr'>ἦσαν</span> <span class='ocrx_word' id='word_1_613' title='bbox 463 5161 602 5256; x_wconf 34' lang='lat' dir='ltr'>ﬁt;</span> <span class='ocrx_word' id='word_1_614' title='bbox 629 5172 842 5237; x_wconf 79' lang='grc' dir='ltr'>αἰῶνος·</span> <span class='ocrx_word' id='word_1_615' title='bbox 900 5180 1062 5232; x_wconf 89' lang='grc' dir='ltr'>τοῦτο</span> <span class='ocrx_word' id='word_1_616' title='bbox 1119 5179 1220 5256; x_wconf 82' lang='grc' dir='ltr'>γὰρ</span> <span class='ocrx_word' id='word_1_617' title='bbox 1279 5161 1534 5254; x_wconf 81' lang='grc' dir='ltr'>σημαίνει</span> <span class='ocrx_word' id='word_1_618' title='bbox 1593 5182 1656 5236; x_wconf 91' lang='grc' dir='ltr'>τὸ</span> <span class='ocrx_word' id='word_1_619' title='bbox 1701 5161 1828 5236; x_wconf 36' lang='grc' dir='ltr'>’ἀπἸ</span> <span class='ocrx_word' id='word_1_620' title='bbox 1864 5182 1955 5256; x_wconf 87' lang='grc' dir='ltr'>ἀρ-</span> 
     </span>
    </p>
   </div>
   <div class='ocr_carea' id='block_1_86' title="bbox 290 5248 1951 5346">
    <p class='ocr_par' dir='ltr' id='par_1_86' title="bbox 290 5248 1951 5346">
     <span class='ocr_line' id='line_1_87' title="bbox 290 5248 1951 5346; baseline 0.008 -34"><span class='ocrx_word' id='word_1_621' title='bbox 461 5249 496 5304; x_wconf 74' lang='grc' dir='ltr'>’ἀ</span> <span class='ocrx_word' id='word_1_622' title='bbox 547 5248 614 5321; x_wconf 73' lang='grc' dir='ltr'>δὴ</span> <span class='ocrx_word' id='word_1_623' title='bbox 675 5261 834 5318; x_wconf 52' lang='grc' dir='ltr'>αὐτὸς</span> <span class='ocrx_word' id='word_1_624' title='bbox 883 5266 911 5319; x_wconf 91' lang='lat'>6</span> <span class='ocrx_word' id='word_1_625' title='bbox 958 5248 1201 5342; x_wconf 43' lang='grc' dir='ltr'>Χριστὸς.</span> <span class='ocrx_word' id='word_1_626' title='bbox 1245 5248 1529 5345; x_wconf 26' lang='grc' dir='ltr'>ἐσθ-έτγξατο</span> <span class='ocrx_word' id='word_1_627' title='bbox 1579 5270 1670 5326; x_wconf 85' lang='grc' dir='ltr'>καὶ</span> <span class='ocrx_word' id='word_1_628' title='bbox 1721 5248 1951 5346; x_wconf 76' lang='grc' dir='ltr'>εὐηγγε-</span> 
     </span>
    </p>
   </div>
   <div class='ocr_carea' id='block_1_87' title="bbox 294 5338 506 5396">
    <p class='ocr_par' dir='ltr' id='par_1_87' title="bbox 294 5338 506 5396">
     <span class='ocr_line' id='line_1_88' title="bbox 294 5338 506 5396; baseline 0.014 -3"><span class='ocrx_word' id='word_1_629' title='bbox 294 5338 506 5396; x_wconf 88' lang='grc' dir='ltr'>λίσατο.</span> 
     </span>
    </p>
   </div>
   <div class='ocr_carea' id='block_1_88' title="bbox 366 5429 1954 5516">
    <p class='ocr_par' dir='ltr' id='par_1_88' title="bbox 366 5429 1954 5516">
     <span class='ocr_line' id='line_1_89' title="bbox 366 5429 1954 5516; baseline 0.015 -37"><span class='ocrx_word' id='word_1_630' title='bbox 366 5451 396 5479; x_wconf 81' lang='grc' dir='ltr'>(ι</span> <span class='ocrx_word' id='word_1_631' title='bbox 420 5430 555 5482; x_wconf 89' lang='grc' dir='ltr'>Ὅσα</span> <span class='ocrx_word' id='word_1_632' title='bbox 584 5429 895 5506; x_wconf 80' lang='grc' dir='ltr'>ἠκούσαμεν</span> <span class='ocrx_word' id='word_1_633' title='bbox 945 5433 1034 5489; x_wconf 78' lang='grc' dir='ltr'>καί</span> <span class='ocrx_word' id='word_1_634' title='bbox 1084 5444 1324 5516; x_wconf 65' lang='grc' dir='ltr'>έγ-δωμεν</span> <span class='ocrx_word' id='word_1_635' title='bbox 1376 5445 1530 5504; x_wconf 82' lang='grc' dir='ltr'>αύτά.</span> <span class='ocrx_word' id='word_1_636' title='bbox 1565 5471 1595 5499; x_wconf 92' lang='grc'><strong>››</strong></span> <span class='ocrx_word' id='word_1_637' title='bbox 1636 5481 1706 5490; x_wconf 90' lang='grc'>--</span> <span class='ocrx_word' id='word_1_638' title='bbox 1733 5447 1805 5503; x_wconf 89' lang='grc' dir='ltr'>Τὸ</span> <span class='ocrx_word' id='word_1_639' title='bbox 1852 5446 1954 5503; x_wconf 75' lang='grc' dir='ltr'>ὅσα</span> 
     </span>
    </p>
   </div>
   <div class='ocr_carea' id='block_1_89' title="bbox 289 5517 1954 5608">
    <p class='ocr_par' dir='ltr' id='par_1_89' title="bbox 289 5517 1954 5608">
     <span class='ocr_line' id='line_1_90' title="bbox 289 5517 1954 5608; baseline 0.014 -37"><span class='ocrx_word' id='word_1_640' title='bbox 289 5519 405 5572; x_wconf 83' lang='grc' dir='ltr'>καθ’</span> <span class='ocrx_word' id='word_1_641' title='bbox 460 5518 645 5572; x_wconf 72' lang='grc' dir='ltr'>ἑαυτὸν</span> <span class='ocrx_word' id='word_1_642' title='bbox 702 5517 1074 5596; x_wconf 77' lang='grc' dir='ltr'>ἀναγνωστέον</span> <span class='ocrx_word' id='word_1_643' title='bbox 1151 5529 1528 5602; x_wconf 82' lang='grc' dir='ltr'>θαυμαστικῶς</span> <span class='ocrx_word' id='word_1_644' title='bbox 1557 5583 1572 5608; x_wconf 87' lang='grc'>,</span> <span class='ocrx_word' id='word_1_645' title='bbox 1639 5534 1782 5591; x_wconf 85' lang='grc' dir='ltr'>ὠσάν</span> <span class='ocrx_word' id='word_1_646' title='bbox 1817 5557 1829 5570; x_wconf 82' lang='grc'><em>’</em></span> <span class='ocrx_word' id='word_1_647' title='bbox 1889 5540 1954 5591; x_wconf 90' lang='grc' dir='ltr'><strong>Ὣ</strong></span> 
     </span>
    </p>
   </div>
   <div class='ocr_carea' id='block_1_90' title="bbox 291 5605 1952 5703">
    <p class='ocr_par' dir='ltr' id='par_1_90' title="bbox 291 5605 1952 5703">
     <span class='ocr_line' id='line_1_91' title="bbox 291 5605 1952 5703; baseline 0.013 -41"><span class='ocrx_word' id='word_1_648' title='bbox 291 5605 433 5662; x_wconf 83' lang='grc' dir='ltr'>πόσα</span> <span class='ocrx_word' id='word_1_649' title='bbox 475 5606 786 5682; x_wconf 81' lang='grc' dir='ltr'>ἠκούσαμεν</span> <span class='ocrx_word' id='word_1_650' title='bbox 839 5613 986 5686; x_wconf 89' lang='grc' dir='ltr'>παρά</span> <span class='ocrx_word' id='word_1_651' title='bbox 1032 5634 1089 5669; x_wconf 89' lang='grc' dir='ltr'>τε</span> <span class='ocrx_word' id='word_1_652' title='bbox 1135 5620 1244 5672; x_wconf 88' lang='grc' dir='ltr'>τῶν</span> <span class='ocrx_word' id='word_1_653' title='bbox 1279 5620 1437 5676; x_wconf 86' lang='grc' dir='ltr'>θείων</span> <span class='ocrx_word' id='word_1_654' title='bbox 1479 5605 1726 5703; x_wconf 75' lang='grc' dir='ltr'>Γραφῶνο</span> <span class='ocrx_word' id='word_1_655' title='bbox 1758 5626 1952 5682; x_wconf 87' lang='grc' dir='ltr'>Ἠκού-</span> 
     </span>
    </p>
   </div>
   <div class='ocr_carea' id='block_1_91' title="bbox 293 5694 1954 5792">
    <p class='ocr_par' dir='ltr' id='par_1_91' title="bbox 293 5694 1954 5792">
     <span class='ocr_line' id='line_1_92' title="bbox 293 5694 1954 5792; baseline 0.012 -39"><span class='ocrx_word' id='word_1_656' title='bbox 293 5717 458 5776; x_wconf 87' lang='grc' dir='ltr'>σαμεν</span> <span class='ocrx_word' id='word_1_657' title='bbox 509 5694 566 5752; x_wconf 87' lang='lat'>66</span> <span class='ocrx_word' id='word_1_658' title='bbox 616 5696 732 5753; x_wconf 83' lang='grc' dir='ltr'>εἰπε</span> <span class='ocrx_word' id='word_1_659' title='bbox 779 5695 869 5755; x_wconf 78' lang='grc' dir='ltr'>διὰ</span> <span class='ocrx_word' id='word_1_660' title='bbox 909 5703 972 5757; x_wconf 89' lang='grc' dir='ltr'>τὸ</span> <span class='ocrx_word' id='word_1_661' title='bbox 1022 5704 1388 5783; x_wconf 89' lang='grc' dir='ltr'>πρόσλημμα·</span> <span class='ocrx_word' id='word_1_662' title='bbox 1419 5694 1660 5792; x_wconf 74' lang='grc' dir='ltr'>ἔγνωμεν</span> <span class='ocrx_word' id='word_1_663' title='bbox 1721 5711 1780 5770; x_wconf 81' lang='lat'>66</span> <span class='ocrx_word' id='word_1_664' title='bbox 1835 5713 1954 5773; x_wconf 81' lang='grc' dir='ltr'>ἀντὶ</span> 
     </span>
    </p>
   </div>
   <div class='ocr_carea' id='block_1_92' title="bbox 580 5827 1284 5904">
    <p class='ocr_par' dir='ltr' id='par_1_92' title="bbox 580 5827 1284 5904">
     <span class='ocr_line' id='line_1_93' title="bbox 580 5827 1284 5904; baseline 0.014 -10"><span class='ocrx_word' id='word_1_665' title='bbox 580 5827 846 5895; x_wconf 65' lang='grc' dir='ltr'>Ρλτιιοι..</span> <span class='ocrx_word' id='word_1_666' title='bbox 896 5831 1008 5897; x_wconf 75' lang='lat' dir='ltr'>Gn.</span> <span class='ocrx_word' id='word_1_667' title='bbox 1055 5833 1284 5904; x_wconf 80' lang='lat' dir='ltr'>CXLII.</span> 
     </span>
    </p>
   </div>
   <div class='ocr_carea' id='block_1_93' title="bbox 2130 3393 3720 3474">
    <p class='ocr_par' dir='ltr' id='par_1_93' title="bbox 2130 3393 3720 3474">
     <span class='ocr_line' id='line_1_94' title="bbox 2130 3393 3720 3474; baseline 0.006 -29"><span class='ocrx_word' id='word_1_668' title='bbox 2130 3415 2159 3445; x_wconf 81' lang='grc' dir='ltr'>ι(</span> <span class='ocrx_word' id='word_1_669' title='bbox 2189 3393 2288 3446; x_wconf 84' lang='grc' dir='ltr'>Καὶ</span> <span class='ocrx_word' id='word_1_670' title='bbox 2346 3393 2446 3448; x_wconf 82' lang='grc' dir='ltr'>οὐκ</span> <span class='ocrx_word' id='word_1_671' title='bbox 2506 3393 2778 3467; x_wconf 81' lang='grc' dir='ltr'>έπιστώθη</span> <span class='ocrx_word' id='word_1_672' title='bbox 2845 3397 2980 3470; x_wconf 73' lang='grc' dir='ltr'>μετὰ</span> <span class='ocrx_word' id='word_1_673' title='bbox 3032 3400 3132 3452; x_wconf 92' lang='grc' dir='ltr'>τοῦ</span> <span class='ocrx_word' id='word_1_674' title='bbox 3197 3401 3332 3453; x_wconf 89' lang='grc' dir='ltr'>Θεοῦ</span> <span class='ocrx_word' id='word_1_675' title='bbox 3382 3398 3446 3453; x_wconf 91' lang='grc' dir='ltr'>τὸ</span> <span class='ocrx_word' id='word_1_676' title='bbox 3502 3402 3720 3474; x_wconf 88' lang='grc' dir='ltr'>πνεῦμα</span> 
     </span>
    </p>
   </div>
   <div class='ocr_carea' id='block_1_94' title="bbox 2053 3480 3713 3566">
    <p class='ocr_par' dir='ltr' id='par_1_94' title="bbox 2053 3480 3713 3566">
     <span class='ocr_line' id='line_1_95' title="bbox 2053 3480 3713 3566; baseline 0.005 -30"><span class='ocrx_word' id='word_1_677' title='bbox 2053 3480 2244 3552; x_wconf 80' lang='grc' dir='ltr'>αὐτῆς.</span> <span class='ocrx_word' id='word_1_678' title='bbox 2279 3507 2308 3535; x_wconf 89' lang='grc'><strong>››</strong></span> <span class='ocrx_word' id='word_1_679' title='bbox 2342 3516 2410 3527; x_wconf 90' lang='grc'><strong>-</strong></span> <span class='ocrx_word' id='word_1_680' title='bbox 2441 3483 2514 3539; x_wconf 89' lang='lat'>06</span> <span class='ocrx_word' id='word_1_681' title='bbox 2540 3485 2705 3555; x_wconf 83' lang='grc' dir='ltr'>πιστή</span> <span class='ocrx_word' id='word_1_682' title='bbox 2738 3483 2950 3561; x_wconf 85' lang='grc' dir='ltr'>ἐγένετο</span> <span class='ocrx_word' id='word_1_683' title='bbox 2979 3489 3016 3558; x_wconf 80' lang='grc' dir='ltr'><strong>ἡ</strong></span> <span class='ocrx_word' id='word_1_684' title='bbox 3049 3488 3202 3564; x_wconf 80' lang='grc' dir='ltr'>ψυχὴ</span> <span class='ocrx_word' id='word_1_685' title='bbox 3254 3486 3418 3543; x_wconf 79' lang='grc' dir='ltr'>αὐτοῦ</span> <span class='ocrx_word' id='word_1_686' title='bbox 3455 3487 3593 3566; x_wconf 89' lang='grc' dir='ltr'>πρὸς</span> <span class='ocrx_word' id='word_1_687' title='bbox 3620 3490 3713 3545; x_wconf 87' lang='grc' dir='ltr'>τὸν</span> 
     </span>
    </p>
   </div>
   <div class='ocr_carea' id='block_1_95' title="bbox 2054 3570 2914 3650">
    <p class='ocr_par' dir='ltr' id='par_1_95' title="bbox 2054 3570 2914 3650">
     <span class='ocr_line' id='line_1_96' title="bbox 2054 3570 2914 3650; baseline 0.006 -24"><span class='ocrx_word' id='word_1_688' title='bbox 2054 3571 2181 3626; x_wconf 88' lang='grc' dir='ltr'>Θεὸν</span> <span class='ocrx_word' id='word_1_689' title='bbox 2212 3571 2303 3627; x_wconf 77' lang='grc' dir='ltr'>καὶ</span> <span class='ocrx_word' id='word_1_690' title='bbox 2332 3571 2460 3636; x_wconf 78' lang='grc' dir='ltr'>τοὺς</span> <span class='ocrx_word' id='word_1_691' title='bbox 2491 3570 2696 3650; x_wconf 91' lang='grc' dir='ltr'>λόγους</span> <span class='ocrx_word' id='word_1_692' title='bbox 2727 3573 2914 3633; x_wconf 89' lang='lat'>«6106.</span> 
     </span>
    </p>
   </div>
   <div class='ocr_carea' id='block_1_96' title="bbox 2128 3678 3706 3760">
    <p class='ocr_par' dir='ltr' id='par_1_96' title="bbox 2128 3678 3706 3760">
     <span class='ocr_line' id='line_1_97' title="bbox 2128 3678 3706 3760; baseline 0.006 -28"><span class='ocrx_word' id='word_1_693' title='bbox 2128 3678 2309 3733; x_wconf 83' lang='grc' dir='ltr'>«Υἱοὶ</span> <span class='ocrx_word' id='word_1_694' title='bbox 2363 3679 2602 3759; x_wconf 75' lang='grc' dir='ltr'>Ἐφραῒμ</span> <span class='ocrx_word' id='word_1_695' title='bbox 2658 3679 2980 3745; x_wconf 87' lang='grc' dir='ltr'>ἐντείνοντες</span> <span class='ocrx_word' id='word_1_696' title='bbox 3053 3683 3145 3738; x_wconf 87' lang='grc' dir='ltr'>καὶ</span> <span class='ocrx_word' id='word_1_697' title='bbox 3207 3683 3502 3760; x_wconf 89' lang='grc' dir='ltr'>βάλλοντες</span> <span class='ocrx_word' id='word_1_698' title='bbox 3551 3684 3706 3758; x_wconf 84' lang='grc' dir='ltr'>τόξον</span> 
     </span>
    </p>
   </div>
   <div class='ocr_carea' id='block_1_97' title="bbox 2053 3768 3709 3851">
    <p class='ocr_par' dir='ltr' id='par_1_97' title="bbox 2053 3768 3709 3851">
     <span class='ocr_line' id='line_1_98' title="bbox 2053 3768 3709 3851; baseline 0.004 -29"><span class='ocrx_word' id='word_1_699' title='bbox 2053 3768 2389 3847; x_wconf 76' lang='grc' dir='ltr'>ἐστράφησαν</span> <span class='ocrx_word' id='word_1_700' title='bbox 2449 3769 2502 3824; x_wconf 88' lang='grc' dir='ltr'>ἐν</span> <span class='ocrx_word' id='word_1_701' title='bbox 2556 3771 2740 3847; x_wconf 80' lang='grc' dir='ltr'>ἡμέρᾳ</span> <span class='ocrx_word' id='word_1_702' title='bbox 2803 3771 3054 3845; x_wconf 89' lang='grc' dir='ltr'>πολέμου</span> <span class='ocrx_word' id='word_1_703' title='bbox 3088 3813 3100 3826; x_wconf 94' lang='grc'><em>.</em></span> <span class='ocrx_word' id='word_1_704' title='bbox 3161 3773 3224 3826; x_wconf 93' lang='grc' dir='ltr'>Οἱ</span> <span class='ocrx_word' id='word_1_705' title='bbox 3299 3773 3553 3851; x_wconf 83' lang='grc' dir='ltr'>ἀπόγονοι</span> <span class='ocrx_word' id='word_1_706' title='bbox 3609 3777 3709 3830; x_wconf 90' lang='grc' dir='ltr'>τοῦ</span> 
     </span>
    </p>
   </div>
   <div class='ocr_carea' id='block_1_98' title="bbox 2051 3857 3706 3937">
    <p class='ocr_par' dir='ltr' id='par_1_98' title="bbox 2051 3857 3706 3937">
     <span class='ocr_line' id='line_1_99' title="bbox 2051 3857 3706 3937; baseline 0.004 -26"><span class='ocrx_word' id='word_1_707' title='bbox 2051 3857 2290 3934; x_wconf 73' lang='grc' dir='ltr'>Ἐφραῒμ</span> <span class='ocrx_word' id='word_1_708' title='bbox 2318 3858 2368 3912; x_wconf 91' lang='grc' dir='ltr'>οἱ</span> <span class='ocrx_word' id='word_1_709' title='bbox 2403 3857 2725 3922; x_wconf 87' lang='grc' dir='ltr'>ἐντείνοντες</span> <span class='ocrx_word' id='word_1_710' title='bbox 2769 3859 2898 3933; x_wconf 82' lang='grc' dir='ltr'>τόξα</span> <span class='ocrx_word' id='word_1_711' title='bbox 2944 3859 3032 3916; x_wconf 78' lang='grc' dir='ltr'>καί</span> <span class='ocrx_word' id='word_1_712' title='bbox 3086 3860 3381 3937; x_wconf 77' lang='grc' dir='ltr'>βάλλοντες</span> <span class='ocrx_word' id='word_1_713' title='bbox 3423 3863 3484 3918; x_wconf 88' lang='grc' dir='ltr'>ἐκ</span> <span class='ocrx_word' id='word_1_714' title='bbox 3509 3863 3706 3934; x_wconf 81' lang='grc' dir='ltr'>τόξων,</span> 
     </span>
    </p>
   </div>
   <div class='ocr_carea' id='block_1_99' title="bbox 2053 3945 3712 4027">
    <p class='ocr_par' dir='ltr' id='par_1_99' title="bbox 2053 3945 3712 4027">
     <span class='ocr_line' id='line_1_100' title="bbox 2053 3945 3712 4027; baseline 0.004 -27"><span class='ocrx_word' id='word_1_715' title='bbox 2053 3945 2408 4025; x_wconf 81' lang='grc' dir='ltr'>ἐστράφησαν,</span> <span class='ocrx_word' id='word_1_716' title='bbox 2441 3945 2704 4003; x_wconf 82' lang='grc' dir='ltr'>δεδώκασι</span> <span class='ocrx_word' id='word_1_717' title='bbox 2748 3953 2892 4004; x_wconf 89' lang='grc' dir='ltr'>νῶτα</span> <span class='ocrx_word' id='word_1_718' title='bbox 2939 3948 3246 4027; x_wconf 86' lang='grc' dir='ltr'>φεύγοντες.</span> <span class='ocrx_word' id='word_1_719' title='bbox 3297 3949 3474 4023; x_wconf 91' lang='grc' dir='ltr'>Δηλοῖ</span> <span class='ocrx_word' id='word_1_720' title='bbox 3523 3948 3581 4006; x_wconf 89' lang='lat'>66</span> <span class='ocrx_word' id='word_1_721' title='bbox 3621 3948 3712 4007; x_wconf 76' lang='grc' dir='ltr'>διὰ</span> 
     </span>
    </p>
   </div>
   <div class='ocr_carea' id='block_1_100' title="bbox 2051 4035 3711 4118">
    <p class='ocr_par' dir='ltr' id='par_1_100' title="bbox 2051 4035 3711 4118">
     <span class='ocr_line' id='line_1_101' title="bbox 2051 4035 3711 4118; baseline 0.003 -28"><span class='ocrx_word' id='word_1_722' title='bbox 2051 4042 2152 4106; x_wconf 87' lang='grc' dir='ltr'>τῆς</span> <span class='ocrx_word' id='word_1_723' title='bbox 2197 4040 2296 4090; x_wconf 91' lang='grc' dir='ltr'>τοῦ</span> <span class='ocrx_word' id='word_1_724' title='bbox 2347 4037 2584 4113; x_wconf 82' lang='grc' dir='ltr'>Ἐφραῖμ</span> <span class='ocrx_word' id='word_1_725' title='bbox 2630 4043 2811 4116; x_wconf 77' lang='grc' dir='ltr'>φυλῆς</span> <span class='ocrx_word' id='word_1_726' title='bbox 2858 4037 2949 4092; x_wconf 82' lang='grc' dir='ltr'>καὶ</span> <span class='ocrx_word' id='word_1_727' title='bbox 2998 4038 3095 4102; x_wconf 77' lang='grc' dir='ltr'>τὰς</span> <span class='ocrx_word' id='word_1_728' title='bbox 3145 4037 3322 4103; x_wconf 80' lang='grc' dir='ltr'>ἄλλας</span> <span class='ocrx_word' id='word_1_729' title='bbox 3371 4038 3544 4118; x_wconf 80' lang='grc' dir='ltr'>φυλὰς</span> <span class='ocrx_word' id='word_1_730' title='bbox 3591 4035 3711 4095; x_wconf 74' lang='grc' dir='ltr'>ὅσαι</span> 
     </span>
    </p>
   </div>
   <div class='ocr_carea' id='block_1_101' title="bbox 2055 4121 3711 4205">
    <p class='ocr_par' dir='ltr' id='par_1_101' title="bbox 2055 4121 3711 4205">
     <span class='ocr_line' id='line_1_102' title="bbox 2055 4121 3711 4205; baseline 0.004 -27"><span class='ocrx_word' id='word_1_731' title='bbox 2055 4121 2597 4201; x_wconf 84' lang='grc' dir='ltr'>εἰδωλολατρήσασαι</span> <span class='ocrx_word' id='word_1_732' title='bbox 2644 4124 3016 4203; x_wconf 85' lang='grc' dir='ltr'>παρεδόθησαν</span> <span class='ocrx_word' id='word_1_733' title='bbox 3079 4133 3197 4191; x_wconf 89' lang='grc' dir='ltr'>τοῖς</span> <span class='ocrx_word' id='word_1_734' title='bbox 3255 4127 3477 4205; x_wconf 86' lang='grc' dir='ltr'>ἐχθροῖς</span> <span class='ocrx_word' id='word_1_735' title='bbox 3513 4129 3711 4185; x_wconf 81' lang='grc' dir='ltr'>αὐτῶν·</span> 
     </span>
    </p>
   </div>
   <div class='ocr_carea' id='block_1_102' title="bbox 2052 4213 3716 4296">
    <p class='ocr_par' dir='ltr' id='par_1_102' title="bbox 2052 4213 3716 4296">
     <span class='ocr_line' id='line_1_103' title="bbox 2052 4213 3716 4296; baseline 0.005 -29"><span class='ocrx_word' id='word_1_736' title='bbox 2052 4215 2087 4283; x_wconf 84' lang='grc' dir='ltr'><strong>ἡ</strong></span> <span class='ocrx_word' id='word_1_737' title='bbox 2120 4214 2222 4289; x_wconf 79' lang='grc' dir='ltr'>γὰρ</span> <span class='ocrx_word' id='word_1_738' title='bbox 2255 4213 2402 4292; x_wconf 77' lang='grc' dir='ltr'>φυλὴ</span> <span class='ocrx_word' id='word_1_739' title='bbox 2431 4219 2529 4269; x_wconf 93' lang='grc' dir='ltr'>τοῦ</span> <span class='ocrx_word' id='word_1_740' title='bbox 2560 4213 2799 4292; x_wconf 72' lang='grc' dir='ltr'>Ἐφραίμ</span> <span class='ocrx_word' id='word_1_741' title='bbox 2843 4217 2964 4272; x_wconf 91' lang='grc' dir='ltr'>υἱοῦ</span> <span class='ocrx_word' id='word_1_742' title='bbox 2994 4218 3200 4296; x_wconf 76' lang='grc' dir='ltr'>Ἰωσὴφ</span> <span class='ocrx_word' id='word_1_743' title='bbox 3246 4217 3575 4294; x_wconf 83' lang='grc' dir='ltr'>τοξικωτέρα</span> <span class='ocrx_word' id='word_1_744' title='bbox 3602 4221 3716 4276; x_wconf 88' lang='grc' dir='ltr'>τῶν</span> 
     </span>
    </p>
   </div>
   <div class='ocr_carea' id='block_1_103' title="bbox 2048 4298 3279 4383">
    <p class='ocr_par' dir='ltr' id='par_1_103' title="bbox 2048 4298 3279 4383">
     <span class='ocr_line' id='line_1_104' title="bbox 2048 4298 3279 4383; baseline 0.006 -27"><span class='ocrx_word' id='word_1_745' title='bbox 2048 4298 2240 4356; x_wconf 76' lang='grc' dir='ltr'>’ἄλλων</span> <span class='ocrx_word' id='word_1_746' title='bbox 2263 4303 2331 4372; x_wconf 83' lang='grc' dir='ltr'>ἦν</span> <span class='ocrx_word' id='word_1_747' title='bbox 2362 4303 2452 4358; x_wconf 79' lang='grc' dir='ltr'>καὶ</span> <span class='ocrx_word' id='word_1_748' title='bbox 2483 4302 2535 4358; x_wconf 90' lang='grc' dir='ltr'>ἐν</span> <span class='ocrx_word' id='word_1_749' title='bbox 2563 4302 2832 4378; x_wconf 87' lang='grc' dir='ltr'>πολέμοις</span> <span class='ocrx_word' id='word_1_750' title='bbox 2863 4305 3279 4383; x_wconf 86' lang='grc' dir='ltr'>χρησιμωτέρα.</span> 
     </span>
    </p>
   </div>
   <div class='ocr_carea' id='block_1_104' title="bbox 2132 4408 3717 4488">
    <p class='ocr_par' dir='ltr' id='par_1_104' title="bbox 2132 4408 3717 4488">
     <span class='ocr_line' id='line_1_105' title="bbox 2132 4408 3717 4488; baseline 0.006 -28"><span class='ocrx_word' id='word_1_751' title='bbox 2132 4429 2156 4460; x_wconf 77' lang='grc' dir='ltr'>ι</span> <span class='ocrx_word' id='word_1_752' title='bbox 2185 4408 2297 4465; x_wconf 79' lang='grc' dir='ltr'>Οὐκ</span> <span class='ocrx_word' id='word_1_753' title='bbox 2322 4408 2585 4488; x_wconf 74' lang='grc' dir='ltr'>ἐφύλαξαν</span> <span class='ocrx_word' id='word_1_754' title='bbox 2613 4413 2713 4481; x_wconf 85' lang='grc' dir='ltr'>τήν</span> <span class='ocrx_word' id='word_1_755' title='bbox 2767 4408 3030 4484; x_wconf 86' lang='grc' dir='ltr'>διαθήκην</span> <span class='ocrx_word' id='word_1_756' title='bbox 3080 4417 3178 4467; x_wconf 90' lang='grc' dir='ltr'>τοῦ</span> <span class='ocrx_word' id='word_1_757' title='bbox 3225 4417 3380 4473; x_wconf 89' lang='grc' dir='ltr'>Θεοῦ.</span> <span class='ocrx_word' id='word_1_758' title='bbox 3416 4437 3444 4468; x_wconf 81' lang='grc'>›)</span> <span class='ocrx_word' id='word_1_759' title='bbox 3479 4448 3549 4456; x_wconf 95' lang='grc'><strong>-</strong></span> <span class='ocrx_word' id='word_1_760' title='bbox 3592 4414 3717 4469; x_wconf 83' lang='grc' dir='ltr'>Ἐν·-</span> 
     </span>
    </p>
   </div>
   <div class='ocr_carea' id='block_1_105' title="bbox 2052 4498 3717 4581">
    <p class='ocr_par' dir='ltr' id='par_1_105' title="bbox 2052 4498 3717 4581">
     <span class='ocr_line' id='line_1_106' title="bbox 2052 4498 3717 4581; baseline 0.003 -28"><span class='ocrx_word' id='word_1_761' title='bbox 2052 4500 2220 4554; x_wconf 88' lang='grc' dir='ltr'>ταῦθα</span> <span class='ocrx_word' id='word_1_762' title='bbox 2273 4499 2337 4554; x_wconf 89' lang='lat'>16</span> <span class='ocrx_word' id='word_1_763' title='bbox 2388 4507 2491 4570; x_wconf 82' lang='grc' dir='ltr'>τῆς</span> <span class='ocrx_word' id='word_1_764' title='bbox 2545 4500 2720 4572; x_wconf 78' lang='grc' dir='ltr'>ἥττης</span> <span class='ocrx_word' id='word_1_765' title='bbox 2775 4498 2948 4557; x_wconf 64' lang='grc' dir='ltr'>αἷίτιον</span> <span class='ocrx_word' id='word_1_766' title='bbox 3008 4499 3276 4581; x_wconf 83' lang='grc' dir='ltr'>διασαφεῖ.</span> <span class='ocrx_word' id='word_1_767' title='bbox 3326 4504 3599 4575; x_wconf 89' lang='grc' dir='ltr'>Διαθήκην</span> <span class='ocrx_word' id='word_1_768' title='bbox 3658 4499 3717 4558; x_wconf 89' lang='lat'>66</span> 
     </span>
    </p>
   </div>
   <div class='ocr_carea' id='block_1_106' title="bbox 2056 4586 3720 4670">
    <p class='ocr_par' dir='ltr' id='par_1_106' title="bbox 2056 4586 3720 4670">
     <span class='ocr_line' id='line_1_107' title="bbox 2056 4586 3720 4670; baseline 0.002 -28"><span class='ocrx_word' id='word_1_769' title='bbox 2056 4586 2202 4664; x_wconf 85' lang='grc' dir='ltr'>λέγει</span> <span class='ocrx_word' id='word_1_770' title='bbox 2255 4589 2350 4652; x_wconf 84' lang='grc' dir='ltr'>τὰς</span> <span class='ocrx_word' id='word_1_771' title='bbox 2404 4592 2669 4661; x_wconf 83' lang='grc' dir='ltr'>συνθήκας</span> <span class='ocrx_word' id='word_1_772' title='bbox 2703 4637 2718 4663; x_wconf 90' lang='grc'>,</span> <span class='ocrx_word' id='word_1_773' title='bbox 2775 4590 2838 4654; x_wconf 83' lang='grc' dir='ltr'>ἂς</span> <span class='ocrx_word' id='word_1_774' title='bbox 2893 4588 3166 4670; x_wconf 86' lang='grc' dir='ltr'>διαφόρως</span> <span class='ocrx_word' id='word_1_775' title='bbox 3225 4591 3518 4664; x_wconf 87' lang='grc' dir='ltr'>ἐποιήσατο</span> <span class='ocrx_word' id='word_1_776' title='bbox 3583 4590 3720 4666; x_wconf 88' lang='grc' dir='ltr'>μετὰ</span> 
     </span>
    </p>
   </div>
   <div class='ocr_carea' id='block_1_107' title="bbox 2055 4673 3718 4757">
    <p class='ocr_par' dir='ltr' id='par_1_107' title="bbox 2055 4673 3718 4757">
     <span class='ocr_line' id='line_1_108' title="bbox 2055 4673 3718 4757; baseline 0.003 -25"><span class='ocrx_word' id='word_1_777' title='bbox 2055 4681 2163 4732; x_wconf 89' lang='grc' dir='ltr'>τῶν</span> <span class='ocrx_word' id='word_1_778' title='bbox 2190 4673 2454 4754; x_wconf 86' lang='grc' dir='ltr'>Ἐϐραίων</span> <span class='ocrx_word' id='word_1_779' title='bbox 2507 4680 2536 4734; x_wconf 87' lang='lat'>6</span> <span class='ocrx_word' id='word_1_780' title='bbox 2583 4680 2735 4752; x_wconf 88' lang='grc' dir='ltr'>Θεὸς,</span> <span class='ocrx_word' id='word_1_781' title='bbox 2785 4681 2932 4756; x_wconf 81' lang='grc' dir='ltr'>ἅγων</span> <span class='ocrx_word' id='word_1_782' title='bbox 2981 4680 3176 4745; x_wconf 77' lang='grc' dir='ltr'>αὐτοὺς</span> <span class='ocrx_word' id='word_1_783' title='bbox 3231 4681 3306 4744; x_wconf 84' lang='grc' dir='ltr'>εἷς</span> <span class='ocrx_word' id='word_1_784' title='bbox 3334 4682 3433 4751; x_wconf 74' lang='grc' dir='ltr'>τήν</span> <span class='ocrx_word' id='word_1_785' title='bbox 3488 4687 3592 4757; x_wconf 80' lang='grc' dir='ltr'>γῆν</span> <span class='ocrx_word' id='word_1_786' title='bbox 3618 4683 3718 4751; x_wconf 71' lang='grc' dir='ltr'>τῆς</span> 
     </span>
    </p>
   </div>
   <div class='ocr_carea' id='block_1_108' title="bbox 2057 4764 3100 4842">
    <p class='ocr_par' dir='ltr' id='par_1_108' title="bbox 2057 4764 3100 4842">
     <span class='ocr_line' id='line_1_109' title="bbox 2057 4764 3100 4842; baseline 0.006 -22"><span class='ocrx_word' id='word_1_787' title='bbox 2057 4764 2405 4842; x_wconf 88' lang='grc' dir='ltr'>ἐπαγγελίας·</span> <span class='ocrx_word' id='word_1_788' title='bbox 2439 4766 2607 4842; x_wconf 91' lang='grc' dir='ltr'>νόμον</span> <span class='ocrx_word' id='word_1_789' title='bbox 2642 4765 2700 4824; x_wconf 82' lang='lat'>66</span> <span class='ocrx_word' id='word_1_790' title='bbox 2728 4769 2826 4832; x_wconf 78' lang='grc' dir='ltr'>τὰς</span> <span class='ocrx_word' id='word_1_791' title='bbox 2858 4768 3100 4833; x_wconf 88' lang='grc' dir='ltr'>ἐντολάς.</span> 
     </span>
    </p>
   </div>
   <div class='ocr_carea' id='block_1_109' title="bbox 2137 4874 3720 4954">
    <p class='ocr_par' dir='ltr' id='par_1_109' title="bbox 2137 4874 3720 4954">
     <span class='ocr_line' id='line_1_110' title="bbox 2137 4874 3720 4954; baseline 0.003 -28"><span class='ocrx_word' id='word_1_792' title='bbox 2137 4896 2160 4926; x_wconf 80' lang='grc' dir='ltr'>ιι</span> <span class='ocrx_word' id='word_1_793' title='bbox 2195 4874 2293 4929; x_wconf 84' lang='grc' dir='ltr'>Καὶ</span> <span class='ocrx_word' id='word_1_794' title='bbox 2343 4874 2676 4940; x_wconf 87' lang='grc' dir='ltr'>ἐπελάθοντο</span> <span class='ocrx_word' id='word_1_795' title='bbox 2725 4881 2833 4931; x_wconf 91' lang='grc' dir='ltr'>τῶν</span> <span class='ocrx_word' id='word_1_796' title='bbox 2889 4876 3207 4954; x_wconf 85' lang='grc' dir='ltr'>εὐεργεσιῶν</span> <span class='ocrx_word' id='word_1_797' title='bbox 3259 4877 3426 4933; x_wconf 92' lang='lat'>«6106</span> <span class='ocrx_word' id='word_1_798' title='bbox 3476 4876 3566 4932; x_wconf 86' lang='grc' dir='ltr'>καὶ</span> <span class='ocrx_word' id='word_1_799' title='bbox 3611 4879 3720 4931; x_wconf 88' lang='grc' dir='ltr'>τῶν</span> 
     </span>
    </p>
   </div>
   <div class='ocr_carea' id='block_1_110' title="bbox 2059 4961 3724 5040">
    <p class='ocr_par' dir='ltr' id='par_1_110' title="bbox 2059 4961 3724 5040">
     <span class='ocr_line' id='line_1_111' title="bbox 2059 4961 3724 5040; baseline 0.002 -24"><span class='ocrx_word' id='word_1_800' title='bbox 2059 4962 2372 5036; x_wconf 88' lang='grc' dir='ltr'>θαυμασίων</span> <span class='ocrx_word' id='word_1_801' title='bbox 2424 4964 2610 5037; x_wconf 82' lang='grc' dir='ltr'>αὐτοῦ,</span> <span class='ocrx_word' id='word_1_802' title='bbox 2658 4966 2731 5020; x_wconf 83' lang='grc' dir='ltr'>ὧν</span> <span class='ocrx_word' id='word_1_803' title='bbox 2783 4961 2977 5038; x_wconf 78' lang='grc' dir='ltr'>ἔδειξεν</span> <span class='ocrx_word' id='word_1_804' title='bbox 3030 4965 3239 5029; x_wconf 80' lang='grc' dir='ltr'>αὐτοῖς.</span> <span class='ocrx_word' id='word_1_805' title='bbox 3290 4990 3319 5019; x_wconf 85' lang='grc'><strong>››</strong></span> <span class='ocrx_word' id='word_1_806' title='bbox 3372 4999 3443 5010; x_wconf 90' lang='grc'>--</span> <span class='ocrx_word' id='word_1_807' title='bbox 3489 4964 3724 5040; x_wconf 88' lang='grc' dir='ltr'>Θαυμά-</span> 
     </span>
    </p>
   </div>
   <div class='ocr_carea' id='block_1_111' title="bbox 2061 5052 3722 5132">
    <p class='ocr_par' dir='ltr' id='par_1_111' title="bbox 2061 5052 3722 5132">
     <span class='ocr_line' id='line_1_112' title="bbox 2061 5052 3722 5132; baseline 0.002 -26"><span class='ocrx_word' id='word_1_808' title='bbox 2061 5074 2150 5107; x_wconf 90' lang='grc' dir='ltr'>σια</span> <span class='ocrx_word' id='word_1_809' title='bbox 2199 5052 2344 5129; x_wconf 86' lang='grc' dir='ltr'>λέγει</span> <span class='ocrx_word' id='word_1_810' title='bbox 2393 5054 2489 5116; x_wconf 85' lang='grc' dir='ltr'>τὰς</span> <span class='ocrx_word' id='word_1_811' title='bbox 2535 5059 2644 5110; x_wconf 91' lang='grc' dir='ltr'>τῶν</span> <span class='ocrx_word' id='word_1_812' title='bbox 2693 5055 3013 5130; x_wconf 80' lang='grc' dir='ltr'>Αἰγυπτίων</span> <span class='ocrx_word' id='word_1_813' title='bbox 3065 5053 3285 5132; x_wconf 80' lang='grc' dir='ltr'>πληγὰς</span> <span class='ocrx_word' id='word_1_814' title='bbox 3335 5055 3427 5111; x_wconf 86' lang='grc' dir='ltr'>καὶ</span> <span class='ocrx_word' id='word_1_815' title='bbox 3473 5056 3565 5111; x_wconf 88' lang='grc' dir='ltr'>τὸν</span> <span class='ocrx_word' id='word_1_816' title='bbox 3598 5053 3722 5110; x_wconf 75' lang='grc' dir='ltr'>ὄλε-</span> 
     </span>
    </p>
   </div>
   <div class='ocr_carea' id='block_1_112' title="bbox 2059 5139 3724 5219">
    <p class='ocr_par' dir='ltr' id='par_1_112' title="bbox 2059 5139 3724 5219">
     <span class='ocr_line' id='line_1_113' title="bbox 2059 5139 3724 5219; baseline 0.002 -25"><span class='ocrx_word' id='word_1_817' title='bbox 2059 5143 2185 5217; x_wconf 90' lang='grc' dir='ltr'>θρον</span> <span class='ocrx_word' id='word_1_818' title='bbox 2219 5141 2419 5199; x_wconf 78' lang='grc' dir='ltr'>αὐτῶν.</span> <span class='ocrx_word' id='word_1_819' title='bbox 2480 5139 2686 5214; x_wconf 81' lang='grc' dir='ltr'>’Ἑδειξε</span> <span class='ocrx_word' id='word_1_820' title='bbox 2737 5141 2794 5198; x_wconf 91' lang='lat'>66</span> <span class='ocrx_word' id='word_1_821' title='bbox 2845 5143 3032 5207; x_wconf 79' lang='grc' dir='ltr'>αὐτοῖς</span> <span class='ocrx_word' id='word_1_822' title='bbox 3080 5149 3250 5200; x_wconf 88' lang='grc' dir='ltr'>ταῦτα</span> <span class='ocrx_word' id='word_1_823' title='bbox 3301 5141 3391 5200; x_wconf 81' lang='grc' dir='ltr'>διὰ</span> <span class='ocrx_word' id='word_1_824' title='bbox 3436 5152 3537 5215; x_wconf 82' lang='grc' dir='ltr'>τῆς</span> <span class='ocrx_word' id='word_1_825' title='bbox 3585 5143 3724 5219; x_wconf 87' lang='grc' dir='ltr'>πρὸς</span> 
     </span>
    </p>
   </div>
   <div class='ocr_carea' id='block_1_113' title="bbox 2059 5229 3280 5310">
    <p class='ocr_par' dir='ltr' id='par_1_113' title="bbox 2059 5229 3280 5310">
     <span class='ocr_line' id='line_1_114' title="bbox 2059 5229 3280 5310; baseline 0.005 -26"><span class='ocrx_word' id='word_1_826' title='bbox 2059 5229 2256 5293; x_wconf 83' lang='grc' dir='ltr'>αὑτοὺς</span> <span class='ocrx_word' id='word_1_827' title='bbox 2284 5229 2635 5294; x_wconf 88' lang='grc' dir='ltr'>διδασκαλίας</span> <span class='ocrx_word' id='word_1_828' title='bbox 2663 5237 2771 5289; x_wconf 89' lang='grc' dir='ltr'>τῶν</span> <span class='ocrx_word' id='word_1_829' title='bbox 2803 5234 3051 5310; x_wconf 87' lang='grc' dir='ltr'>πατέρων</span> <span class='ocrx_word' id='word_1_830' title='bbox 3081 5234 3280 5293; x_wconf 79' lang='grc' dir='ltr'>αὑτῶν.</span> 
     </span>
    </p>
   </div>
   <div class='ocr_carea' id='block_1_114' title="bbox 2136 5339 3727 5414">
    <p class='ocr_par' dir='ltr' id='par_1_114' title="bbox 2136 5339 3727 5414">
     <span class='ocr_line' id='line_1_115' title="bbox 2136 5339 3727 5414; baseline 0.004 -24"><span class='ocrx_word' id='word_1_831' title='bbox 2136 5362 2165 5390; x_wconf 88' lang='grc'>‹‹</span> <span class='ocrx_word' id='word_1_832' title='bbox 2212 5339 2483 5394; x_wconf 87' lang='grc' dir='ltr'>Ἐναντίον</span> <span class='ocrx_word' id='word_1_833' title='bbox 2542 5343 2649 5394; x_wconf 91' lang='grc' dir='ltr'>τῶν</span> <span class='ocrx_word' id='word_1_834' title='bbox 2701 5341 2949 5413; x_wconf 89' lang='grc' dir='ltr'>πατέρων</span> <span class='ocrx_word' id='word_1_835' title='bbox 3007 5341 3182 5396; x_wconf 81' lang='grc' dir='ltr'>αὑτῶν</span> <span class='ocrx_word' id='word_1_836' title='bbox 3243 5341 3279 5396; x_wconf 76' lang='grc' dir='ltr'>ἃ</span> <span class='ocrx_word' id='word_1_837' title='bbox 3327 5339 3552 5414; x_wconf 87' lang='grc' dir='ltr'>ἐποίησε</span> <span class='ocrx_word' id='word_1_838' title='bbox 3601 5341 3727 5397; x_wconf 85' lang='grc' dir='ltr'>θαυ-</span> 
     </span>
    </p>
   </div>
   <div class='ocr_carea' id='block_1_115' title="bbox 2067 5427 3720 5505">
    <p class='ocr_par' dir='ltr' id='par_1_115' title="bbox 2067 5427 3720 5505">
     <span class='ocr_line' id='line_1_116' title="bbox 2067 5427 3720 5505; baseline 0.002 -23"><span class='ocrx_word' id='word_1_839' title='bbox 2067 5427 2233 5501; x_wconf 87' lang='grc' dir='ltr'>μάσια</span> <span class='ocrx_word' id='word_1_840' title='bbox 2280 5428 2332 5484; x_wconf 86' lang='grc' dir='ltr'>ἐν</span> <span class='ocrx_word' id='word_1_841' title='bbox 2382 5433 2453 5503; x_wconf 79' lang='grc' dir='ltr'>γῇ</span> <span class='ocrx_word' id='word_1_842' title='bbox 2502 5428 2762 5505; x_wconf 80' lang='grc' dir='ltr'>Αἰγύπτῳ</span> <span class='ocrx_word' id='word_1_843' title='bbox 2819 5429 2872 5484; x_wconf 84' lang='grc' dir='ltr'>ἐν</span> <span class='ocrx_word' id='word_1_844' title='bbox 2928 5427 3101 5504; x_wconf 85' lang='grc' dir='ltr'>πεδίῳ</span> <span class='ocrx_word' id='word_1_845' title='bbox 3147 5429 3381 5494; x_wconf 88' lang='grc' dir='ltr'>Τάνεως.</span> <span class='ocrx_word' id='word_1_846' title='bbox 3444 5455 3474 5483; x_wconf 92' lang='grc'><strong>››</strong></span> <span class='ocrx_word' id='word_1_847' title='bbox 3529 5463 3601 5474; x_wconf 95' lang='lat'>—</span> <span class='ocrx_word' id='word_1_848' title='bbox 3656 5430 3720 5485; x_wconf 88' lang='grc' dir='ltr'>Ἡ</span> 
     </span>
    </p>
   </div>
   <div class='ocr_carea' id='block_1_116' title="bbox 2060 5517 3726 5597">
    <p class='ocr_par' dir='ltr' id='par_1_116' title="bbox 2060 5517 3726 5597">
     <span class='ocr_line' id='line_1_117' title="bbox 2060 5517 3726 5597; baseline 0.001 -25"><span class='ocrx_word' id='word_1_849' title='bbox 2060 5519 2218 5580; x_wconf 89' lang='grc' dir='ltr'>Τάνις</span> <span class='ocrx_word' id='word_1_850' title='bbox 2287 5517 2454 5582; x_wconf 88' lang='grc' dir='ltr'>πόλις</span> <span class='ocrx_word' id='word_1_851' title='bbox 2519 5519 2584 5588; x_wconf 79' lang='grc' dir='ltr'>ἦν</span> <span class='ocrx_word' id='word_1_852' title='bbox 2655 5519 2999 5594; x_wconf 80' lang='grc' dir='ltr'>Αἰγυπτιακὴ</span> <span class='ocrx_word' id='word_1_853' title='bbox 3068 5519 3119 5575; x_wconf 86' lang='grc' dir='ltr'>έν</span> <span class='ocrx_word' id='word_1_854' title='bbox 3260 5525 3359 5576; x_wconf 89' lang='grc' dir='ltr'>τοῦ</span> <span class='ocrx_word' id='word_1_855' title='bbox 3407 5521 3610 5597; x_wconf 85' lang='grc' dir='ltr'>Φαραὼ</span> <span class='ocrx_word' id='word_1_856' title='bbox 3659 5518 3726 5574; x_wconf 79' lang='grc' dir='ltr'>τὰ</span> 
     </span>
    </p>
   </div>
   <div class='ocr_carea' id='block_1_117' title="bbox 2069 5606 2338 5682">
    <p class='ocr_par' dir='ltr' id='par_1_117' title="bbox 2069 5606 2338 5682">
     <span class='ocr_line' id='line_1_118' title="bbox 2069 5606 2338 5682; baseline 0.011 -20"><span class='ocrx_word' id='word_1_857' title='bbox 2069 5606 2338 5682; x_wconf 88' lang='grc' dir='ltr'>βασίλεια.</span> 
     </span>
    </p>
   </div>
   <div class='ocr_carea' id='block_1_118' title="bbox 2140 5711 3730 5797">
    <p class='ocr_par' dir='ltr' id='par_1_118' title="bbox 2140 5711 3730 5797">
     <span class='ocr_line' id='line_1_119' title="bbox 2140 5711 3730 5797; baseline 0.006 -28"><span class='ocrx_word' id='word_1_858' title='bbox 2140 5739 2168 5768; x_wconf 89' lang='grc'><em>‹‹</em></span> <span class='ocrx_word' id='word_1_859' title='bbox 2221 5713 2562 5790; x_wconf 81' lang='grc' dir='ltr'>Ιιαρέστησεν</span> <span class='ocrx_word' id='word_1_860' title='bbox 2616 5711 2783 5773; x_wconf 82' lang='grc' dir='ltr'>ὕδατα</span> <span class='ocrx_word' id='word_1_861' title='bbox 2811 5760 2824 5774; x_wconf 93' lang='grc'><strong>.</strong></span> <span class='ocrx_word' id='word_1_862' title='bbox 2881 5741 2908 5769; x_wconf 82' lang='lat' dir='ltr'><em>n</em></span> <span class='ocrx_word' id='word_1_863' title='bbox 2967 5750 3037 5762; x_wconf 90' lang='lat'>—-</span> <span class='ocrx_word' id='word_1_864' title='bbox 3084 5717 3155 5773; x_wconf 89' lang='lat' dir='ltr'>T6</span> <span class='ocrx_word' id='word_1_865' title='bbox 3213 5718 3548 5797; x_wconf 79' lang='grc' dir='ltr'>παρέστησεν</span> <span class='ocrx_word' id='word_1_866' title='bbox 3609 5715 3730 5778; x_wconf 74' lang='grc' dir='ltr'>ἀντὶ</span> 
     </span>
    </p>
   </div>
   <div class='ocr_carea' id='block_1_119' title="bbox 3360 5845 3441 5918">
    <p class='ocr_par' dir='ltr' id='par_1_119' title="bbox 3360 5845 3441 5918">
     <span class='ocr_line' id='line_1_120' title="bbox 3360 5845 3441 5918; baseline 0.074 -6"><span class='ocrx_word' id='word_1_867' title='bbox 3360 5845 3441 5918; x_wconf 68' lang='grc'>48</span> 
     </span>
    </p>
   </div>
  </div>
