4066 6438
252 452 407 514 1517

1476 446 1894 511 EXPOSITIO
1935 448 2016 509 IN
2061 447 2451 511 PSALMOS.

3518 444 3678 509 1518

316 607 347 637 ‹‹
379 582 491 638 Οὐκ
544 580 890 653 ἐμνήσθησαν
942 585 1046 650 τῆς
1105 580 1293 657 χειρὸς
1354 578 1784 657 αὐτοῦ,ἠμέρας
1831 582 1900 649 ἧς
1929 582 2082 654 Αρα
2140 578 2313 643 οὕτως
2369 580 2707 655 ὠνόμασται,
2765 578 3086 654 προπάτορα
3152 576 3271 653 εἶχε
3346 577 3441 633 τὸν
3522 577 3672 652 Χάμ.

247 670 593 748 ἐλυτρώσατο
634 669 833 733 αὐτοὺς
876 668 937 724 ἐκ
988 670 1177 745 χειρὸς
1230 662 1539 732 θλίϐοντος.
1595 692 1623 720 ››
1673 701 1745 711 ——-
1799 667 1910 723 Οὐκ

246 760 591 835 ἐμνήσθησαν
667 765 771 829 τῆς
857 756 1136 832 δυνάμεως
1203 756 1389 831 αὐτοῦ,
1451 755 1542 812 καί
1605 764 1706 827 τῆς
1767 756 1908 830 ἡμέ-

243 870 338 926 ρας
391 849 509 904 καθ’
555 848 618 918 ἦν
670 845 1018 924 ἐλυτρώσατο
1067 844 1262 909 αὐτοὺς
1332 845 1392 901 ἐκ
1435 851 1539 917 τῆς
1590 841 1907 923 τυραννίδος

243 942 342 993 τοῦ
373 936 601 1013 Φαραώ.

315 1050 347 1080 ‹‹
377 1028 467 1089 Ὧς
514 1023 665 1089 ἔθετο
715 1022 767 1080 ἐν
815 1022 1082 1100 Αἰγύπτῳ
1126 1023 1195 1079 τὰ
1239 1028 1443 1098 σημεῖα
1492 1022 1658 1079 αὐτοῦ
1702 1023 1795 1079 καὶ
1841 1022 1910 1078 τὰ

245 1113 442 1192 τέρατα
484 1112 652 1169 αὐτοῦ
699 1112 751 1168 ἐν
802 1110 976 1186 πεδίῳ
1022 1111 1254 1175 Τάνεως.
1290 1136 1319 1164 ››
1362 1144 1434 1155 -
1476 1110 1587 1167 Οὐκ
1633 1110 1908 1185 ἐμνήσθη-

244 1224 339 1259 σαν
395 1206 516 1266 πῶς
572 1201 723 1258 ἔθετο
785 1202 838 1256 έν
894 1201 1157 1279 Δῖγύπτῳ
1213 1202 1280 1257 τὰ
1332 1206 1538 1275 σημεῖα
1594 1200 1760 1256 αὐτοῦ
1815 1200 1907 1256 καὶ

250 1292 601 1370 μετέστρεψεν
633 1292 712 1356 εἰς
743 1293 897 1367 αἷμα·
928 1290 1023 1348 τδν
1054 1291 1253 1348 Νεῖλον
1279 1290 1370 1347 καὶ
1399 1292 1474 1347 ,τὰ
1521 1292 1723 1347 ἐκεῖθεν
1779 1311 1906 1364 μετ-

247 1381 642 1458 οχετευόμενος
702 1380 891 1459 ῥεῖθρα
944 1380 1232 1456 ποταμούς
1301 1400 1483 1459 φησιν·
1572 1374 1912 1454 ὀμϐρήματα

246 1468 306 1526 δὲ
323 1471 419 1535 τὰς
450 1468 763 1545 δεξαμενάς.
792 1469 978 1526 Εἰπὼν
1022 1468 1081 1526 δὲ
1133 1469 1186 1525 ἐν
1242 1469 1504 1546 Αἰγύπτῳ
1559 1468 1801 1546 ἐπήγαγε
1842 1468 1907 1523 τὸ

242 1560 418 1617 αὐτῶν
450 1558 576 1631 ἤτοι
607 1564 715 1616 τῶν
750 1559 1089 1637 Αἰγυπτίων.

314 1664 777 1739 «Ἐξαπέστειλεν
834 1667 909 1729 εἰς
967 1666 1163 1729 αὐτοὺς
1220 1666 1544 1740 κυνόμυιαν,
1604 1665 1697 1721 καὶ
1746 1663 1911 1720 κατέ--

243 1777 410 1836 φαγεν
472 1756 690 1821 αὐτούς.
746 1780 775 1808 ››
833 1790 903 1801 -
958 1756 1031 1810 Οὐ
1088 1756 1272 1828 τίθησι
1328 1757 1427 1837 τὰς
1484 1754 1713 1831 πληγὰς
1766 1755 1907 1809 κατά

238 1847 409 1919 τάξιν.
441 1846 505 1902 Ἣ
558 1844 827 1920 κυνόμυιά
887 1844 1028 1901 ἐστιν
1086 1844 1250 1922 ἀγρία
1310 1850 1444 1919 μυῖα
1499 1844 1590 1899 καὶ
1648 1840 1899 1915 ἀναιδής.

237 1935 308 1988 Τὸ
359 1932 417 1990 δὲ
470 1933 744 2013 κατέφαγε
799 1935 1260 2011 καταχρηστικῶς
1342 1930 1555 2010 εἴρηκεν
1623 1932 1744 1988 ἀντὶ
1807 1935 1905 1986 τοῦ
1933 1952 1983 2017 Β

240 2021 527 2080 κατέδακεν
539 2068 554 2082 .

312 2138 342 2167 ‹‹
371 2114 473 2168 Καὶ
507 2113 803 2190 βάτραχον,
834 2112 925 2169 καὶ
977 2110 1274 2193 διέφθειρεν
1323 2110 1541 2174 αὐτούς.
1583 2134 1614 2165 »
1648 2144 1717 2155 -η
1744 2108 1902 2166 Ἐλυ-

242 2205 452 2278 μήνατο
485 2199 692 2257 δάκνων
723 2202 815 2257 καὶ
862 2200 1026 2265 αὒτὸς
1072 2202 1163 2257 καὶ
1211 2202 1307 2265 τὰς
1354 2201 1484 2278 ῥοὰς
1530 2198 1895 2277 προαρπάζων

238 2292 328 2348 καὶ
357 2290 538 2363 πάσης
570 2290 765 2363 ἀηδίας
798 2290 1114 2365 ἐμπιπλῶν.
1643 2307 1649 2311 ’

311 2404 341 2434 ‹‹
373 2381 478 2437 Καὶ
538 2377 735 2435 ἔδωκεν
793 2384 863 2455 τῇ
923 2374 1145 2454 ἐρυσίϐῃ
1200 2378 1329 2442 τοὺς
1385 2378 1631 2454 καρποὺς
1695 2378 1893 2451 αὐτῶν,

235 2470 327 2525 καὶ
405 2469 534 2533 τοὺς
616 2469 814 2533 πόνους
892 2469 1066 2525 αὐτῶν
1133 2473 1202 2544 τῇ
1260 2467 1463 2547 ἀκρίδι.
1525 2494 1554 2522 ››
1614 2502 1683 2513 -
1739 2471 1895 2546 Ἐρυ-

235 2554 363 2631 σίϐη
422 2563 571 2614 ποιεῖ
621 2559 701 2621 ὡς
754 2556 1093 2636 κονιορτώδη
1144 2558 1345 2637 φθοράν
1384 2580 1492 2614 των
1542 2556 1889 2635 σπερμάτωνο

228 2648 297 2704 τὸ
348 2648 450 2725 γὰρ
507 2647 817 2718 ἐπικαθίζον
874 2653 995 2711 τοῖς
1040 2652 1272 2723 καρποῖς
1299 2644 1592 2724 παχνῶδες
1649 2647 1739 2703 καὶ
1794 2668 1891 2703 κα-

226 2742 448 2793 τακαῖον
506 2735 726 2810 αὐτοὺς,
787 2737 962 2793 ἐκεῖνό
1018 2758 1183 2815 φησιν
1240 2737 1269 2792 6
1312 2735 1648 2815 Ἡρωδιανὸς
1709 2735 1889 2812 ἐρυσί-

230 2822 334 2898 ϐην
345 2871 360 2886 .

300 2940 331 2970 ‹‹
364 2916 706 2972 ’Δπέκτεινεν
744 2914 796 2971 ἐν
852 2914 1073 2992 χαλάζῃ
1128 2917 1227 2987 τήν
1286 2914 1533 2985 ἄμπελον
1566 2914 1765 2986 αὐτῶν,
1796 2912 1887 2969 καὶ

221 3005 320 3068 τὰς
377 3004 709 3080 συκαμίνους
767 3004 942 3060 αὐτῶν
1002 3004 1055 3061 ἐν
1110 3004 1182 3080 τῇ
1236 3006 1440 3081 πάχνῃ.
1474 3027 1504 3057 ››
1537 3037 1609 3048 --
1665 3005 1887 3060 Ἐναπε-

223 3095 486 3171 νέκρωσεν
520 3094 598 3158 εἰς
626 3094 1015 3172 καρπογονίαν.

299 3208 329 3237 ‹‹
377 3182 480 3239 Καὶ
537 3182 867 3260 παρέδωκεν
910 3182 987 3246 εἰς
1042 3181 1288 3259 χάλαζαν
1345 3182 1414 3239 τὰ
1471 3184 1645 3255 κτήνη
1707 3181 1883 3238 αὐτῶν

224 3272 317 3327 καὶ
366 3272 467 3341 τὴν
528 3270 752 3348 ὕπαρξιν
810 3272 986 3327 αὐτῶν
1046 3271 1197 3348 πυρί.
1233 3296 1262 3324 ››
1300 3305 1371 3315 —-
1424 3273 1681 3347 Ὕπαρξιν
1736 3270 1881 3348 λέγει

228 3362 331 3430 τὴν
362 3367 554 3431 κτῆσιν
583 3361 684 3430 τήν
717 3359 1049 3433 ὁθενδήποτε
1077 3366 1383 3439 προσοῦσαν
1414 3361 1621 3425 αὐτοῖς.

304 3491 335 3522 ‹‹
368 3466 766 3539 Ἐξαπέστειλεν
801 3467 876 3531 εἴς
922 3467 1119 3531 αὐτοὺς
1179 3469 1351 3546 ὀργὴν
1403 3471 1581 3542 θυμοῦ
1636 3467 1821 3526 αὐτοῦ,
1858 3491 1889 3522 »

228 3590 300 3601 --
330 3557 529 3635 Ὀργην
563 3562 740 3631 θυμοῦ
780 3557 947 3613 εἰπὼν
992 3559 1095 3628 τὴν
1143 3556 1378 3637 σφοδρὰν
1429 3556 1705 3630 ἐδήλωσεν
1754 3557 1889 3634 ἀγα-

225 3647 503 3721 νάκτησιν,
562 3646 653 3702 καὶ
714 3643 786 3702 δι’
842 3646 1009 3716 αὐτῆς
1054 3647 1153 3710 τὰς
1208 3646 1483 3723 τιμωρίας
1539 3644 1697 3724 α’ίπερ
1754 3647 1891 3717 ἦσαν

222 3739 323 3807 τῆς
353 3736 499 3799 θείας
531 3734 948 3813 ἀγανακτήσεως
976 3735 1348 3810 ἀποτέλεσμα.

300 3848 323 3877 ιι
358 3825 541 3898 Θυμὸν
574 3825 665 3880 καὶ
719 3825 891 3901 ὀργήν
936 3826 1027 3881 καὶ
1076 3823 1289 3900 θλίψιν,
1318 3822 1633 3895 ἀποστολὴν
1687 3822 1741 3879 δι
1796 3825 1892 3901 ἀγ-

219 3910 397 3988 γέλων
447 3917 725 3987 πονηρῶν.
761 3938 784 3966 ι)
837 3947 906 3958 --
949 3915 1130 3989 Θυμὸν
1184 3916 1278 3989 μὲν
1327 3936 1490 3987 ηττον
1543 3914 1890 3986 κολαζούσης

222 3998 497 4074 τιμωρίας
556 3998 792 4077 εἷ’ρηκεν,
856 4002 1024 4079 ὀργὴν
1082 4000 1141 4057 δὲ
1203 4005 1302 4066 τὰς
1385 4002 1600 4077 μᾶλλον
1676 4001 1890 4078 θλίψεις

224 4086 586 4162 ἐμποιούσας,
617 4086 805 4163 θλίψιν
869 4088 928 4145 δὲ
982 4091 1080 4154 τὰς
1135 4087 1216 4147 ἔτι
1273 4090 1660 4171 σφοδροτέραςο
1716 4114 1889 4164 πονη-

228 4175 355 4254 ροὺς
389 4173 447 4232 δὲ
474 4174 761 4253 ςάγγέλους
806 4177 937 4242 τοὺς
990 4179 1192 4243 πόνους
1248 4180 1613 4254 ἐμποιοῦντας
1670 4179 1886 4261 ἔφησεν,

226 4262 352 4334 ἤτοι
382 4264 520 4331 τοὺς
548 4263 933 4331 κολαστικούς.

301 4378 331 4408 ‹‹
362 4354 475 4411 Οὔκ
529 4354 778 4435 ἐφείσατο
830 4355 937 4412 ἀπὸ
979 4356 1207 4412 θανάτου
1236 4361 1346 4412 τῶν
1378 4361 1574 4434 ψυχῶν
1628 4357 1824 4414 αὐτῶν.
1860 4381 1890 4410 ››

223 4474 298 4489 -
352 4444 463 4501 Οὐκ
514 4444 761 4526 ἐφείσατο
814 4450 922 4502 τῶν
980 4450 1175 4523 ψυχῶν
1236 4445 1411 4503 αὐτῶν
1486 4447 1593 4503 ἀπὸ
1661 4444 1892 4504 θανάτου

225 4530 366 4590 ὥστε
420 4537 496 4610 μὴ
546 4536 874 4593 θανατῶσαι.
928 4535 1091 4612 Λέγει
1147 4533 1206 4590 δὲ
1261 4535 1388 4612 περὶ
1445 4540 1553 4592 τῶν
1612 4536 1895 4614 πρωτοτό-

226 4642 370 4683 κων.

2089 693 2119 721 ‹‹
2152 669 2251 724 Καὶ
2308 668 2513 743 ἀπῆρεν
2565 669 2640 732 ὡς
2697 662 2945 744 πρόϐατα
2999 666 3091 723 τὸν
3151 665 3283 723 λαὸν
3333 666 3522 723 αὐτοῦ.
3571 666 3676 721 Καὶ

2019 758 2281 835 ἀνήγαγεν
2362 756 2555 820 αὐτοὺς
2655 756 2786 812 ὡσεὶ
2861 756 3119 831 ποίμνιον
3209 755 3262 811 ἐν
3345 754 3562 831 ἐρήμῳ.
3641 778 3674 809 ››

2016 848 2420 923 -Ἀπήγαγεν
2452 845 2649 909 αὐτούς
2705 845 2765 901 ἐκ
2819 852 2923 915 τῆς
2986 842 3260 922 Αἰγύπτου
3317 841 3536 920 ὁδηγῶν
3582 842 3677 900 καὶ

2016 934 2288 1011 περιέπων
2322 935 2397 999 ὡς
2428 936 2643 1011 ποιμὴν
2676 929 2943 1009 πρόϐατα.

2090 1049 2119 1078 ‹‹
2152 1024 2256 1082 Καὶ
2301 1022 2590 1101 ὡδήγησεν
2636 1023 2833 1087 αὐτοὺς
2877 1023 2961 1080 ἐπ’
3006 1021 3212 1093 ἐλπίδι,
3254 1021 3345 1078 καὶ
3393 1021 3493 1077 οὐκ
3548 1019 3683 1078 ἐδει-

2018 1111 2231 1169 λίασαν·
2291 1116 2383 1169 καὶ
2438 1114 2566 1177 τοὺς
2625 1112 2857 1191 ἐχθροὺς
2912 1112 3088 1191 αὐτῶν
3164 1111 3405 1187 ἐκάλυψε
3479 1108 3679 1167 θάλασ-

2018 1223 2103 1261 σα.
2166 1227 2195 1255 ››
2254 1236 2323 1247 -
2374 1188 2693 1281 Ὠδήγησεν
2732 1188 2929 1265 αὐτοὺς
3005 1188 3400 1279 ἐξερχομένους
3480 1198 3533 1255 ἐν
3609 1205 3679 1270 τῆ

2016 1292 2208 1369 πρώτῃ
2262 1293 2432 1348 νυκτί·
2512 1292 2595 1347 ἐπ’
2671 1290 2858 1347 ἐλπίδι
2929 1288 2987 1346 δὲ
3058 1298 3162 1361 τῆς
3230 1291 3368 1368 πρὸς
3426 1283 3685 1366 ’Δϐραὰμ

2018 1380 2362 1459 ἐπαγγελίας.
2415 1383 2528 1438 Οὐκ
2591 1380 2898 1439 ἐδειλίασαν
2948 1379 3007 1437 δὲ
3056 1379 3109 1436 ἐν
3154 1387 3225 1451 τῆ
3274 1378 3425 1436 νυκτὶ
3481 1377 3679 1455 ἐκείνῃσ

2018 1469 2237 1546 ὕστερον
2268 1473 2374 1548 γάρ
2404 1471 2495 1527 καὶ
2524 1471 2663 1527 πάνυ
2694 1469 3007 1529 ἐδεδίεισαν.

2092 1560 2251 1615 «Καὶ
2300 1560 2578 1639 εἰσήγαγεν
2630 1560 2827 1624 αὐτοὺς
2877 1559 2954 1623 εἷς
3014 1554 3145 1637 ὅρος
3198 1559 3533 1635 ἀγιάσματος
3581 1557 3680 1614 αὐ-

2014 1653 2133 1706 τοῦ.
2166 1673 2195 1703 »
2230 1683 2299 1693 --
2329 1655 2491 1726 Ὅρος
2548 1649 2693 1727 λέγει
2748 1650 2813 1705 τὸ
2863 1652 3030 1705 Σιῶν·
3090 1646 3426 1725 ἁγιάσματος
3482 1645 3543 1703 δὲ
3599 1647 3677 1710 ὡς

2015 1736 2490 1812 ἀπονενεμημένον
2565 1744 2634 1809 τῆ
2711 1734 2954 1794 κιϐωτῶ·
3023 1737 3227 1808 ταύτην
3277 1737 3383 1815 γὰρ
3442 1734 3676 1793 ἐκάλουν

2017 1826 2281 1903 ἁγίασμα.

2091 1940 2114 1967 ι
2147 1916 2313 1992 Ὄρος
2343 1920 2507 1972 τοῦτο
2547 1917 2577 1972 ὃ
2625 1915 2888 1987 ἐκτήσατο
2934 1918 2971 1986 ὴ
3023 1912 3170 1987 δεξιὰ
3212 1915 3399 1973 αὐτοῦ.
3430 1937 3461 1967 »
3490 1947 3559 1959 --
3605 1913 3680 1971 Ἦ

2015 2003 2277 2077 ἐκτήσατο
2309 2004 2418 2082 οὐχ
2445 2008 2482 2077 ἠ
2515 2003 2708 2084 ἀνδρία
2734 2010 2833 2062 τοῦ
2861 2003 3023 2075 λαοῦ,
3054 2002 3183 2061 ἀλλ’
3212 2006 3249 2076 ἡ
3295 2001 3527 2078 δύναμις
3576 2005 3679 2059 τοῦ

2011 2099 2168 2151 Θεοῦ.

2082 2209 2113 2238 ‹‹
2145 2182 2245 2239 Καὶ
2318 2180 2564 2257 ἐξέλαϐεν
2644 2186 2751 2240 ἀπὸ
2825 2183 3125 2261 προσώπου
3193 2182 3370 2239 αὐτῶν
3429 2179 3579 2253 ἔθνη.
3646 2204 3678 2235 ι)

2009 2308 2078 2319 -
2142 2276 2310 2330 Ἐπτά
2385 2270 2537 2345 ἔθνη,
2609 2273 2952 2345 Χειτταίους,
3024 2271 3398 2350 Γεργεσαίους,
3473 2270 3679 2349 ’Δμοῤ-

2007 2362 2218 2440 ῥσέους,
2270 2363 2625 2437 Χαναναίους,
2660 2362 3011 2441 Φερεζαίους,
3042 2361 3272 2425 Εὐαίους
3322 2360 3415 2418 καὶ
3464 2355 3675 2419 Ἰεϐου-

2005 2453 2215 2517 σαίους.

2075 2566 2105 2595 ‹‹
2136 2542 2234 2598 Καὶ
2288 2538 2722 2619 ἐκληροδότησεν
2778 2541 2975 2605 αὐτοὺς
3034 2540 3088 2597 ἐν
3145 2540 3381 2616 σχοινίῳ
3455 2539 3665 2615 κληρο-

2003 2629 2207 2694 δοσίας.
2244 2655 2272 2684 ››
2302 2664 2374 2676 --
2419 2630 2606 2695 Οὕτως
2655 2629 2954 2693 ἀκωλύτως
2996 2628 3264 2705 διένειμεν
3331 2628 3518 2692 αὐτοῖς
3563 2629 3668 2699 τὴν

1998 2727 2100 2797 γῆν
2146 2724 2255 2776 τῶν
2303 2719 2495 2791 ἐθνῶν,
2525 2721 2600 2783 ὡς
2647 2716 2704 2775 εἷ’
2738 2741 2825 2783 τις
2868 2720 3051 2794 πατὴρ
3093 2717 3146 2773 ἐν
3180 2717 3418 2795 σχοινίῳ
3452 2719 3657 2795 μετρή-

2000 2831 2077 2866 σει
2105 2816 2223 2873 τοῖς
2251 2810 2434 2866 παισὶν
2467 2809 2633 2893 αὐτοῦ
2662 2809 2906 2887 κλήρους
2933 2816 3036 2886 γῆς
3070 2810 3282 2865 ἑαυτοῦ.

2068 2942 2099 2971 ‹‹
2130 2916 2231 2973 Καὶ
2287 2917 2624 2994 ἀπέστρεψαν
2675 2917 2766 2972 καὶ
2824 2915 3120 2988 ἠθέτησαν.
3170 2939 3202 2969 ››
3251 2947 3323 2959 —-
3369 2913 3659 2991 Ἀπέστρε-

1995 3008 2237 3083 ψαν’ἀπὸ
2265 3012 2399 3065 Θεοῦ
2453 3007 2544 3063 καὶ
2604 3003 3084 3084 εἰδωλολάτρησαν
3126 3005 3217 3061 καὶ
3264 3003 3533 3077 ἠθέτησαν
3561 3004 3655 3061 τὸν

1994 3097 2150 3155 Θεόν.

2066 3210 2096 3241 ‹‹
2127 3188 2316 3250 Καθὼς
2395 3186 2449 3241 οἱ
2512 3186 2742 3261 πατέρες
2806 3182 2983 3240 αὐτῶν
3066 3182 3509 3264 μετεστράφησαν
3577 3182 3658 3247 εἷς

1994 3276 2151 3347 τόξον
2198 3271 2480 3353 στρεϐλόν.
2536 3300 2566 3328 ››
2595 3307 2665 3318 —-
2712 3272 3165 3353 Μετεστράφησαν
3206 3274 3314 3330 ἀπὸ
3363 3281 3466 3344 τῆς
3512 3272 3661 3349 εὐερ-

1997 3364 2178 3441 γεσίας
2223 3364 2302 3428 είς
2349 3359 2660 3419 δυσσέϐειαν
2711 3361 2867 3435 δίκην
2917 3358 3077 3435 τόξου
3127 3358 3418 3441 στρεϐλοῦ’
3473 3363 3657 3426 καθὼς

1996 3452 2099 3529 γὰρ
2150 3454 2212 3508 τὸ
2256 3451 2682 3527 διεστραμμένον
2747 3451 2902 3523 τόξον
2979 3451 3082 3508 οὐκ
3145 3451 3323 3526 ὀρθῶς
3392 3451 3462 3507 τὰ
3517 3450 3652 3528 βέλη

1999 3540 2243 3620 ἀφίησιν,
2295 3540 2438 3596 οὕτω
2483 3541 2573 3596 καὶ
2632 3541 2661 3596 6
2704 3544 2830 3603 νοῦς
2903 3540 3079 3596 αὐτῶν
3141 3539 3489 3620 διαστραφεὶς
3558 3539 3659 3597 οὐκ

2004 3628 2178 3707 ὀρθῶς
2226 3630 2372 3709 ἀφίει
2415 3632 2511 3693 τάς
2560 3628 2685 3707 περί
2728 3633 2865 3687 Θεοῦ
2908 3629 3133 3694 ἐννοίας.
3187 3631 3371 3687 Ἔστιν
3420 3628 3514 3687 οὖν
3568 3629 3656 3686 ἐν-

1997 3722 2168 3776 ταῦθα
2193 3722 2258 3776 τὸ
2289 3718 2363 3782 εἷς
2393 3719 2513 3775 ἀντὶ
2541 3724 2639 3775 τοῦ
2670 3719 2768 3783 ὡς.

2072 3834 2102 3863 ι(
2134 3809 2238 3867 Καὶ
2288 3812 2639 3887 παρώργισαν
2694 3809 2854 3865 αὐτὸν
2898 3808 2952 3864 ἐν
2990 3813 3110 3872 τοῖς
3144 3809 3365 3885 βουνοῖς
3393 3807 3591 3866 αὐτῶν.
3623 3834 3647 3865 ι

1999 3900 2173 3954 -Τὰ
2224 3898 2328 3975 γὰρ
2382 3896 2502 3969 ἔθνη
2564 3897 2617 3953 ἐν
2668 3903 2787 3962 τοῖς
2849 3899 3068 3975 βουνοῖς
3124 3896 3298 3957 ἔθυον.
3341 3895 3565 3954 Γλυπτὰ
3594 3896 3655 3955 δὲ

1999 3989 2133 4058 ἦσαν
2186 3988 2254 4042 τὰ
2303 3983 2509 4041 εἷ’δωλα
2563 3985 2757 4045 αὐτῶν.
2791 3988 2871 4044 Τὸ
2929 3984 2988 4042 δέ
3037 3985 3436 4063 παρεζήλωσαν
3489 3987 3652 4044 αὐτὸν

1999 4076 2118 4133 ἀντὶ¹
2174 4079 2294 4145 τοῦ,
2354 4072 2751 4149 παραζηλῶσαι
2828 4074 3115 4149 ἐποίησαν,
3172 4076 3203 4132 6'
3258 4075 3371 4133 ἐστι
3431 4073 3657 4140 δικαίως

2003 4166 2319 4243 ὀργισθῆναι
2351 4162 2441 4220 διὰ
2490 4166 2560 4219 τὰ
2612 4164 2849 4242 γλυπτά,
2905 4165 2997 4220 καὶ
3058 4166 3224 4222 οἱονεὶ
3276 4166 3658 4238 ζηλοτυπῆσαι

2001 4256 2076 4318 ὡς
2125 4259 2223 4311 τοῦ
2287 4254 2586 4325 ἀνήκονυπ
2645 4253 2794 4327 αὐτῷ
2859 4249 3200 4328 πϐάσματος
3276 4257 3659 4334 ἁρπαζομένου

2000 4344 2091 4401 καὶ
2122 4342 2414 4419 διδομένου
2446 4349 2563 4407 τοῖς
2593 4343 3010 4421 παραγράπτοις
3043 4347 3212 4410 θεοῖς.

2074 4458 2106 4488 ‹‹
2138 4435 2398 4489 Ἤκουσεν
2450 4434 2480 4487 6
2533 4435 2663 4496 Θεὸς
2736 4434 2828 4489 καὶ
2887 4432 3154 4513 ὑπερεῖδε.
3218 4458 3247 4487 ››
3301 4467 3372 4479 ο-
3429 4435 3666 4491 Ἤκουσε

2005 4524 2224 4600 βοώσης
2284 4524 2381 4592 τῆς
2428 4517 2675 4585 ἀσεϐείας
2722 4520 2921 4596 αὐτῶν,
2952 4524 3043 4579 καὶ
3100 4522 3398 4599 ὑπερεῖδεν,
3431 4523 3463 4579 6'
3494 4523 3665 4593 ἐστιν,
3698 4538 3705 4543 ’

2002 4611 2319 4691 ἀπεστράφη
2353 4609 2448 4667 τδν
2478 4609 2724 4687 Ἰσραήλ.

297 4736 327 4764 α
358 4709 689 4783 uacuam”
713 4708 905 4792 τρίϐον
929 4714 1001 4790 τῇ
1036 4713 1179 4790 ὀργῇ
1210 4714 1398 4773 αὐτοῦ.
1437 4738 1459 4768 ι,
1494 4747 1566 4758 ___
1610 4719 1690 4790 τῇ
1749 4716 1890 4793 ὀργῇ
1921 4705 1969 4771 D
2010 4789 2034 4793 μ
2079 4724 2103 4754 ι
2135 4701 2236 4757 Καὶ
2284 4698 2608 4793 ἐξουδένωσε
2657 4699 2865 4793 σφόδρα
2910 4703 3003 4793 τὸν
3040 4702 3308 4793 ΔἸσραήλ.
3344 4725 3476 4793 ››,--
3504 4707 3665 4759 ’Ἤτοι

223 4798 391 4856 αὐτοῦ
462 4802 730 4880 πρότερον
790 4804 1078 4881 ήρεμούσῃ
1155 4802 1245 4859 διὰ
1296 4803 1710 4883 φιλανθρωπίαν
1770 4802 1895 4860 ὁδὸν

224 4889 630 4961 κατεσκεύασεν,
678 4891 817 4948 ὥστε
885 4891 1124 4969 βαδίζειν
1184 4896 1322 4949 κατὰ
1393 4898 1503 4949 τῶν
1576 4894 1891 4971 Αἰγυπτίων

230 4977 370 5049 σκλη
380 4998 503 5054 ρυνο
513 4981 690 5055 μένων
702 5024 715 5037 .

152 5062 161 5071 ’
306 5086 336 5115 tt
364 5067 464 5123 Καὶ
520 5069 589 5123 τὰ
642 5071 814 5141 κτήνη
874 5069 1050 5127 αὐτῶν
1102 5071 1178 5135 εἷς
1215 5073 1441 5127 θάνατον
1502 5070 1832 5130 συνέκλεισε.
1866 5096 1896 5124 ›ι

229 5184 304 5196 --
356 5149 455 5205 Διά
498 5160 595 5210 τοῦ
647 5158 983 5216 συνέκλεισεν
1038 5161 1103 5215 τὸ
1170 5161 1406 5237 ἄφυκτον
1462 5167 1567 5230 τῆς
1626 5162 1897 5239 τιμωρίας

232 5238 542 5313 δεδήλωκε.

308 5353 337 5383 ‹‹
370 5329 469 5385 Καὶ
528 5327 758 5401 ἐπάταξε
812 5341 915 5392 πᾶν
964 5338 1320 5413 πρωτότοκον
1380 5338 1433 5394 ἐν
1475 5341 1548 5417 γῆ
1609 5339 1898 5417 Αῗγύπτῳ,

228 5420 492 5496 ἀπαρχὴν
543 5418 743 5483 παντὸς
800 5421 970 5477 πόνου
1027 5428 1201 5483 αὐτῶν
1261 5429 1313 5484 ἐν
1392 5434 1511 5491 τοῖς
1578 5431 1899 5505 σκηνώμασι

226 5509 361 5583 Χάμ
417 5532 446 5561 ››
496 5540 568 5551 -
614 5508 905 5586 Ἀπαρχὴν
955 5510 1107 5589 λέγει
1151 5518 1213 5571 τὸ
1262 5516 1529 5593 ἐξαίρετον
1561 5519 1653 5573 καὶ
1699 5521 1901 5594 τιμιώ-

223 5618 416 5656 τατον·
470 5596 636 5652 πόνον
715 5594 773 5653 δὲ
858 5602 958 5670 τὴν
1042 5610 1257 5674 κτῆσιν·
1311 5612 1507 5677 κτῆσις
1576 5604 1635 5662 δὲ
1688 5608 1779 5663 καὶ
1835 5611 1905 5665 τά

224 5689 417 5746 τέκνα.
452 5685 629 5757 Δῆλοῖ
686 5684 744 5742 δὲ
798 5688 965 5745 πάλιν
1025 5693 1094 5747 τὰ
1160 5695 1504 5772 πρωτότοκα·
1567 5699 1905 5772 σκηνώματα

233 5777 300 5837 δὶ
336 5777 467 5857 Χὰμ
491 5778 528 5851 ἡ
560 5773 861 5857 Αἴγυπτος·
896 5781 925 5836 ὁ
964 5783 1069 5861 γάρ
1123 5781 1419 5863 Αἴγυπτος,
1451 5785 1541 5869 ἀφ’
1589 5787 1653 5843 οὗ
1700 5790 1737 5859 ἡ
1790 5789 1905 5866 χώ-

2004 4789 2198 4865 ἅτιμον
2255 4791 2347 4844 καὶ
2402 4788 2867 4868 εὐκαταφρόνητον
2927 4789 3172 4862 ἐποίησε’
3228 4789 3515 4872 διαφόροις
3560 4793 3665 4867 γὰρ

2004 4877 2177 4945 ἔθνεσι
2211 4877 2487 4958 διαφόρως
2517 4876 2829 4954 παρέδωκεν
2864 4880 2940 4943 εἷς
2970 4879 3386 4957 αΐχμαλωσίαν.

2081 5010 2111 5040 ‹‹
2140 4986 2241 5042 Καὶ
2290 4986 2546 5041 ἀπώσατο
2592 4985 2693 5054 τὴν
2747 4988 2954 5057 σκηνὴν
3007 4985 3247 5063 Σηλώμ.
3297 5012 3326 5041 ››
3371 5021 3441 5033 —
3490 4986 3672 5043 ’Δπώ-

2006 5098 2136 5133 σατο
2163 5077 2263 5147 τήν
2296 5076 2576 5132 κατοικίαν
2606 5076 2706 5145 τὴν
2741 5074 2794 5130 ἐν
2844 5077 3082 5151 Σηλὼμ,
3114 5074 3231 5147 ἤως
3282 5077 3381 5133 οὐκ
3429 5076 3674 5148 ἠθέλησε

2009 5166 2102 5223 διὰ
2125 5173 2226 5237 τῆς
2256 5161 2498 5221 κιϐωτοῦ
2528 5170 2797 5221 κατοικεῖν
2833 5163 2911 5221 ἔτι
2941 5165 2993 5222 ἐν
3029 5165 3267 5242 Σηλώμ·
3306 5166 3406 5223 οὐκ
3450 5165 3513 5222 ἃν
3566 5165 3673 5243 γὰρ

2010 5254 2157 5326 άλλη
2191 5255 2267 5318 ὡς
2297 5250 2537 5318 κιϐωτός
2563 5252 2789 5333 ἐλείφθη
2816 5260 2937 5319 τοῖς
2964 5255 3284 5331 πολεμίοις.

2087 5370 2109 5398 ι
2145 5346 2449 5419 Σκήνωμα,
2510 5344 2574 5400 οῦ
2630 5346 3035 5416 κατεσκήνωσεν
3113 5345 3165 5401 ἐν
3238 5347 3572 5422 ἀνθρώποις.
3640 5366 3669 5400 ο

2011 5434 2216 5504 -Τήν
2260 5435 2464 5505 σκηνὴν
2495 5434 2557 5498 ἣν
2588 5434 2964 5505 κατεσκήνωσε
3012 5431 3103 5490 διὰ
3149 5441 3253 5506 τῆς
3309 5430 3557 5492 κιϐωτοῦ
3617 5433 3671 5490 ἐν

2010 5523 2337 5599 ἀνθρώποις
2410 5522 2463 5576 ἐν
2525 5519 2745 5594 Σηλὼμ
2797 5523 2902 5599 γὰρ
2959 5523 3224 5602 πρότερον
3277 5526 3575 5599 κατῴκισεν
3627 5524 3666 5590 ἡ

2010 5608 2269 5675 κιϐωτός.
2306 5611 2524 5686 Σηλὼμ
2553 5608 2612 5666 δὲ
2638 5612 2739 5680 τὴν
2765 5612 3127 5688 Ἰερουσαλὴμ
3159 5613 3455 5688 ἐξελέξατο.

2089 5725 2113 5755 ι
2148 5700 2252 5758 Καὶ
2309 5698 2623 5777 παρέδωκεν
2674 5700 2753 5763 εἰς
2810 5701 3197 5778 αἰχμαλωσίαν
3251 5705 3353 5775 τήν
3389 5702 3548 5780 ἰσχὺν
3580 5700 3676 5757 αὖ·

2013 5795 2145 5851 τῶν.
2178 5814 2209 5846 ››
2239 5822 2310 5835 —-
2354 5789 2537 5869 ’ἰσχὺν
2583 5789 2674 5846 καὶ
2724 5789 3002 5864 καλλονὴν
3048 5793 3225 5850 αὐτῶν
3276 5793 3531 5873 ὀνομάζει
3571 5791 3674 5867 τήν
