4066 6440
287 453 442 516 1521

1515 446 1931 513 EXPOSITIO
1974 447 2054 511 IN
2096 447 2487 514 PSALMOS.

3551 443 3708 507 1522

359 611 388 639 ι(
420 581 726 650 Εἰσελθέτω
782 577 1012 640 ἐνώπιόν
1070 602 1165 638 σου
1223 580 1252 636 6
1281 581 1576 658 στεναγμὸς
1620 584 1726 636 τῶν
1771 600 1934 636 πεπε-
1967 584 2023 651 Α
2051 581 2213 656 ναμίν
2248 603 2343 638 σου
2393 583 2470 646 εἰς
2521 579 2810 656 ἀντίληψιν
2855 580 3041 655 ἡμῶν·
3088 581 3158 654 τῇ
3195 573 3542 656 μακροθυμίᾳ
3590 577 3704 632 οἷον

288 672 562 750 δημένων.
615 697 644 727 n
676 678 890 729 -Τῶν
941 672 1016 736 εἰς
1065 670 1448 748 αἰχμαλωσίαν
1496 669 1854 748 ἀπαγομένων
1904 669 1941 740 ἢ

285 770 393 821 τῶν
422 765 474 822 ἐν
506 762 774 844 φυλακαῖς
805 765 894 818 καὶ
927 760 1172 837 δεσμοῖς.

359 855 568 912 «Κατά
609 854 709 922 τὴν
763 851 1156 929 μεγαλωσύνην
1204 856 1301 906 τοῦ
1353 850 1651 928 βραχίονός
1701 870 1796 905 σου
1844 869 1938 904 πε-

288 944 572 1021 ριποίησαι
625 941 754 1005 τοὺς
825 940 976 1005 υἱοὺς
1048 945 1156 996 τῶν
1223 938 1677 1012 τεθανατωμένων
1712 980 1725 993 .

287 1031 558 1110 Βραχίονα
584 1033 684 1102 τὴν
714 1029 870 1108 ἰσχὺν
905 1029 1076 1106 λέγει.
1109 1030 1188 1087 Τὸ
1219 1027 1276 1085 δὲ
1295 1028 1650 1105 περιποίησαι
1682 1025 1851 1099 δηλοῖ
1877 1027 1940 1083 τὸ

287 1120 316 1178 6
325 1122 552 1178 ιάσωσον
563 1165 576 1179 .

356 1236 386 1265 ‹‹
417 1208 650 1274 Ἀπόδος
703 1215 820 1273 τοῖς
880 1209 1116 1285 γείτοσιν
1177 1211 1341 1283 ἡμῶν
1402 1206 1805 1264 ἑπταπλασίονα
1863 1205 1940 1268 εἰς

281 1299 374 1356 τδν
417 1296 626 1356 κόλπον
676 1298 872 1356 αὐτῶν.
921 1323 944 1352 ι
1001 1329 1070 1341 -
1118 1295 1555 1356 Ἐπταπλασίονα
1597 1297 1689 1352 τὸν
1742 1291 1938 1351 ὀνειδι-

284 1391 446 1464 σμὸν,
476 1388 602 1460 ἤτοι
632 1385 1088 1444 πολλαπλασίονα
1132 1388 1231 1456 τήν
1293 1385 1658 1458 ἐξουδένωσιν.
1709 1384 1804 1447 Εἰς
1849 1384 1941 1438 τὸν

281 1479 490 1535 κόλπον
543 1475 601 1534 δὲ
657 1477 822 1532 εἰπὼν
881 1472 1265 1548 ἀναπόϐλητον
1336 1477 1552 1552 ᾐνίξατο
1600 1475 1786 1538 αὐτοῖς
1840 1475 1940 1543 τὴν

279 1567 550 1645 τιμωρίαν
579 1571 682 1624 τοῦ
713 1567 790 1630 εἰς
821 1566 948 1624 Θεὸν
985 1563 1320 1641 ὀνειδισμοῦ,
1351 1567 1441 1621 καὶ
1471 1566 1554 1622 ἀεὶ
1587 1565 1937 1638 ἐπικειμένην

283 1658 490 1722 αὐτοῖς.

1786 961 1942 990 »-

359 1771 382 1800 α
415 1749 606 1821 Ἡμεῖς
667 1744 727 1803 δὲ
783 1745 914 1809 λαός
970 1767 1089 1817 σου,
1145 1746 1237 1801 καὶ
1293 1740 1543 1822 πρόϐατα
1597 1751 1778 1818 νομῆς
1820 1765 1937 1817 σου,

281 1835 840 1914 ἀνθομολοῃσόμεθά
887 1857 972 1891 σοι
1027 1835 1105 1898 εἰς
1159 1835 1250 1891 τὸν
1305 1835 1499 1892 αἰῶνα.
1552 1857 1581 1886 »
1629 1866 1699 1877 —
1749 1835 1938 1908 Ἡμεῖς

2051 670 2430 730 καθεύδουσαν.

2092 756 2240 820 ἀὉ
2300 763 2430 826 Θεὸς
2502 762 2820 839 έπίστρεῲον
2897 763 3046 834 ἡμᾶς
3082 805 3096 834 ,
3155 756 3246 814 καὶ
3326 755 3580 834 ἐπίφανον
3636 754 3700 810 τὸ

2050 849 2342 927 πρόσωπόν
2403 873 2519 924 σου,
2579 851 2668 908 καὶ
2723 850 3102 924 σωθησόμεθα.
3136 871 3166 900 ››
3199 880 3266 890 -
3319 871 3341 899 ε
3404 844 3541 901 Ἀπὸ
3595 847 3704 900 τῶν

2052 937 2316 1017 λυπηρῶν
2346 940 2421 1004 εἰς
2465 942 2534 996 τὰ
2581 937 2808 1014 εὐθυμα,
2860 940 2896 1010 ἢ
2949 939 3085 1016 πρὸς
3119 937 3177 993 σε
3209 936 3527 1014 ἐπίστρεψον
3555 937 3708 1009 ἡμᾶς

2051 1034 2317 1106 συνεργῶν
2354 1029 2430 1092 εἷς
2457 1031 2526 1085 τὰ
2554 1031 2620 1085 σὰ
2647 1029 2952 1104 θελήματα.

2128 1138 2152 1168 ι
2190 1117 2353 1193 Κύριε
2399 1119 2428 1173 ὁ
2485 1118 2615 1183 Θεὸς
2671 1124 2777 1174 τῶν
2830 1117 3129 1193 δυνάμεων,
3177 1113 3282 1178 ἕως
3324 1115 3458 1170 πότε
3508 1111 3704 1190 ὀργίζῃ

2050 1207 2137 1262 ἐπὶ
2166 1209 2265 1278 τὴν
2297 1209 2612 1284 προσευχὴν
2642 1213 2741 1264 τοῦ
2771 1206 2974 1264 δούλου
3007 1228 3126 1264 σου.
3160 1230 3190 1259 ››
3214 1239 3282 1250 -
3310 1203 3456 1263 Ἀντὶ
3485 1206 3583 1260 τοῖ’)
3605 1202 3705 1258 οὗκ

2050 1295 2364 1377 ἐπιστρέφῃ.

2124 1410 2154 1441 (ι
2184 1393 2438 1462 Ψωμιεῖς
2469 1391 2618 1462 ἡμᾶς
2652 1389 2814 1465 ἄρτον
2864 1384 3111 1461 δακρύων
3159 1384 3249 1440 καὶ
3298 1388 3508 1446 ποτιεῖς
3556 1385 3706 1457 ἡμᾶς

2050 1475 2102 1531 ἐν
2135 1473 2388 1554 δάκρυσιν
2421 1477 2474 1532 ἐν
2512 1479 2715 1551 μέτρῳ.
2750 1499 2780 1529 ››
2811 1509 2882 1519 --
2906 1479 3052 1538 Ἕως
3090 1473 3224 1530 πότε
3271 1478 3460 1553 φαγεῖν
3515 1469 3709 1535 δώσεις

2046 1565 2137 1620 τὸν
2166 1566 2326 1642 ἄρτον
2360 1565 2411 1621 ἐν
2448 1563 2692 1640 δάκρυσι,
2725 1568 2817 1621 καὶ
2863 1569 3006 1620 πιεῖν
3051 1564 3114 1620 τὸ
3145 1562 3297 1638 πόμα
3325 1561 3492 1618 πάλιν
3525 1560 3579 1618 ἐν
3612 1559 3708 1616 δά-

2047 1673 2256 1728 κρυσιν·
2289 1656 2325 1726 ἢ
2375 1655 2494 1712 ἀντὶ
2545 1657 2840 1732 βρώματος
2883 1655 2973 1710 καὶ
3022 1653 3270 1728 πόματος
3321 1650 3514 1714 δώσεις
3572 1653 3711 1724 ἡμῖν

2049 1738 2255 1819 δάκρυα
2309 1747 2452 1798 πιεῖν
2509 1764 2570 1798 τε
2624 1743 2715 1798 καὶ
2770 1747 2982 1821 φαγεῖν.
3041 1743 3112 1796 Τὸ
3156 1738 3214 1796 δὲ
3260 1741 3312 1795 ἐν
3366 1741 3550 1817 μέτρῳ
3593 1738 3709 1794 ἀντὶ

2045 1835 2145 1886 τοῦ
2173 1833 2310 1908 πρὸς
2373 1831 2591 1910 μέτρον,
2637 1831 2667 1888 6'
2725 1832 2864 1888 ἐστιν
2921 1829 3204 1909 ἀναλόγως
3248 1835 3368 1893 ταῖς
3417 1827 3708 1908 ἁμαρτίαις

280 1922 338 1981 δὲ
369 1923 500 1989 λαός
534 1925 630 1981 σού
661 1925 842 2000 ἐσμεν,
893 1925 940 1981 εἰ
986 1924 1076 1980 καὶ
1126 1923 1475 1999 ἐπταίσαμεν.
1507 1924 1668 2023 ΙἿομῆ
1696 1920 1759 2023 δὲ
1802 1926 1937 2023 Θεοῦ
1968 1956 2018 2023 Β
2047 1923 2232 1994 ἡμῶν.

276 2016 346 2068 τὰ
375 2019 492 2079 θεῖα
521 2012 848 2089 ἐντάλματα.
882 2012 1353 2091 Ἀνθομολόγησις
1381 2015 1482 2083 τήν
1526 2011 1608 2068 ἐπ’
1661 2011 1942 2089 εὐεργεσίᾳ

279 2103 626 2179 εὐχαριστίαν
661 2101 847 2176 δηλοῖ.

891 2271 990 2322 ΨΔ
1001 2271 1188 2322 ΛΜΟΣ
1219 2271 1338 2322 ΟΘ’.

349 2410 445 2473 Εἰς
473 2409 538 2464 τὸ
565 2408 888 2487 τέλος,ὐπὲρ
908 2412 1016 2464 τῶν
1040 2408 1603 2482 ἀλλοιωθησομένων,
1641 2405 1936 2483 μαρτύριον

276 2503 357 2570 τῷ
373 2499 566 2577 Ἀσὰφ,
590 2497 810 2574 ψαλμὸς
836 2499 968 2573 ὑπὲρ
987 2503 1086 2554 τοῦ
1109 2497 1416 2575 Ἀσσυρίου.
1445 2521 1472 2550 ››
1494 2531 1565 2540 —
1583 2497 1655 2552 T6
1678 2497 1808 2574 ὑπὲρ
1830 2501 1936 2551 τῶν

280 2586 820 2662 ἀλλοιωθησομένων
900 2584 1212 2662 μεταϐολὴν
1271 2585 1609 2663 πραγμάτων
1683 2585 1940 2659 σημαίνει

279 2682 581 2753 πανταχοῦ.
611 2677 684 2732 Τὸ
733 2675 791 2732 δὲ
843 2677 1138 2754 μαρτύριον
1195 2674 1363 2748 δηλοῖ
1389 2678 1452 2732 τὸ
1493 2673 1938 2750 διαμαρτύρεται,

277 2764 395 2837 ἤως
454 2764 780 2844 ἀναγγέλλει
836 2769 934 2830 τάς
984 2765 1244 2840 ἐσομένας
1291 2771 1408 2828 τοῖς
1459 2763 1746 2828 Ἰουδαίοις
1802 2786 1940 2838 συμ-

279 2855 449 2935 φορὰς
491 2853 585 2911 τίνα
635 2856 1064 2934 σωφρονέστεροι
1109 2854 1389 2932 γένωνται.
1439 2855 1519 2913 Τὸ
1571 2851 1630 2909 δὲ
1680 2854 1811 2928 ὑπὲρ
1843 2857 1940 2909 τοῦ

275 2944 567 3020 Ἀσσυρίου
624 2945 741 3000 ἀντὶ
798 2949 897 3000 τοῦ
962 2944 1087 3020 περὶ
1142 2948 1240 2999 τοῦ
1297 2943 1585 3021 Ἀσσυρίου
1621 2989 1635 3016 ,
1693 2944 1938 2998 τουτέστι

276 3033 401 3108 περὶ
457 3035 532 3089 ὧν
583 3032 869 3098 Ἰουδαίοις
916 3036 1195 3105 ποιήσειεν
1247 3035 1275 3088 6
1321 3029 1677 3095 Βαϐυλώνιος
1725 3027 1938 3087 Ναϐου-

277 3120 602 3199 χοδονόσορ,
636 3125 666 3178 6
718 3121 768 3194 ἐξ
817 3122 1114 3200 Ἀσσυρίων
1161 3120 1340 3178 ἕλκων
1383 3122 1447 3177 τὸ
1496 3123 1676 3198 γένος.
1729 3120 1937 3197 Ἀρμό-

280 3215 358 3280 ζει
412 3207 470 3266 δὲ
525 3213 554 3266 6
601 3209 822 3286 ψαλμὸς
868 3213 959 3267 καὶ
1003 3217 1121 3274 τοῖς
1167 3211 1271 3267 ὑπὸ
1325 3215 1434 3266 τῶν
1495 3209 1781 3284 πολεμίων
1838 3217 1940 3280 τῆς

274 3297 508 3362 πίστεως
568 3302 936 3356 κακοπαθοῦσι
997 3305 1362 3377 Χριστιανοῖς.
1427 3301 1512 3355 Ἐν
1568 3304 1648 3372 τῷ
1691 3299 1841 3355 τέλει
1879 3295 1938 3354 δὲ

275 3387 401 3464 περὶ
429 3394 529 3459 τῆς
560 3388 704 3453 θείας
734 3387 1105 3466 προαγγέλλει
1131 3389 1551 3464 ἀνθρωπήσεως.

349 3501 378 3528 ‹‹
412 3477 469 3531 Ὁ
517 3478 824 3551 ποιμαίνων
872 3478 967 3534 τὸν
1015 3476 1238 3556 Ἰσραὴλ
1287 3477 1584 3555 πρόσσχες,
1638 3479 1666 3532 6
1717 3474 1935 3553 ὁδηγῶν

275 3565 405 3620 ὡσεὶ
436 3561 710 3641 πρόϐατον
765 3569 989 3646 Ἰωσήφ.
1040 3591 1069 3620 ››
1123 3599 1193 3610 -
1223 3569 1651 3644 Ἀντιχρονικῶς
1684 3567 1800 3622 ἀντὶ
1839 3569 1939 3621 τοῦ

277 3653 306 3708 ό
364 3655 638 3730 ποιμάνας
695 3655 786 3711 καὶ
841 3653 1122 3733 ὁδηγήσας
1166 3701 1181 3726 ,
1237 3661 1318 3728 τῷ
1383 3656 1476 3729 μὲν
1533 3656 1754 3732 Ἰσραὴλ
1811 3653 1939 3725 ἤτοι

270 3742 352 3817 τῷ
410 3739 607 3802 Ἰακὼϐ
684 3744 954 3822 ὑπέσχετο
1028 3749 1294 3817 συνεῖναι,
1346 3745 1437 3800 καὶ
1497 3743 1785 3823 φυλάττειν
1842 3743 1936 3799 αὐ-

269 3831 386 3886 τόν·
446 3833 539 3888 τὸν
595 3834 792 3908 Ἰωσήρ
836 3832 1004 3890 πάλιν
1060 3841 1162 3904 τῆς
1219 3830 1532 3909 θηριώδους
1570 3835 1802 3909 γνώμης
1847 3832 1938 3888 καὶ

276 3919 474 3992 μανίας
531 3920 848 3992 ἀπαλλάξας
891 3927 1000 3977 τῶν
1061 3920 1336 4001 ἀδελφῶν,
1372 3919 1662 3998 ὡδήγησεν
1710 3921 1786 3985 εἷς
1835 3923 1935 3991 τὴν

273 4003 554 4082 Αἴγυπτον
602 4009 694 4062 καὶ
740 4011 902 4064 πάσιν
955 4011 1022 4080 ἦν
1073 4011 1556 4088 χειραγωγῶν,καὶ
1609 4015 1718 4065 τῶν
1777 4011 1934 4087 ἐπερ-

273 4094 532 4171 χομένων
591 4093 853 4150 κινδύνων
915 4096 1309 4173 λυτρούμενος.
1361 4098 1596 4174 Λέγοιτο
1657 4096 1704 4154 δ’
1753 4099 1811 4154 ἂν
1848 4100 1937 4154 καὶ

274 4183 303 4238 6
343 4183 394 4254 ἐξ
453 4183 654 4239 ἐκείνου
709 4185 1052 4260 κατηγμένος
1111 4185 1244 4250 λαὸς
1302 4186 1524 4264 Ἰσραὴλ
1570 4189 1660 4244 καὶ
1712 4190 1935 4268 Ἰωσήφ⁸

275 4271 540 4329 ἀλλὰκαὶ
589 4273 618 4329 6
666 4272 718 4345 ἐξ
768 4272 930 4339 ἐθνῶν
982 4273 1115 4337 λαὸς
1163 4279 1260 4330 τοῦ
1289 4281 1547 4352 Χριστοῦ,
1581 4278 1657 4340 ὡς
1707 4278 1939 4354 ὁρῶντες

268 4361 362 4417 τὸν
392 4363 522 4419 Θεὸν
566 4362 657 4418 καὶ
705 4361 886 4439 ὥσπερ
935 4363 1344 4440 προτεθειμένοι
1393 4371 1510 4428 τοῖς
1559 4365 1612 4436 ἐξ
1659 4364 1934 4422 Ἰουδαίων

269 4457 533 4515 πιστοῖς.
592 4454 697 4510 Καὶ
756 4451 904 4508 ἄλλα
975 4448 1223 4529 πρόϐατα
1271 4453 1388 4530 ἔχω
1431 4501 1445 4526 ,
1504 4455 1690 4533 φησὶν,
1748 4455 1782 4510 ἂ
1839 4455 1938 4512 οὐκ

271 4537 416 4596 ἔστιν
487 4543 549 4597 ἐκ
601 4549 705 4612 τῆς
763 4541 938 4614 αὐλῆς
984 4542 1186 4614 ταύτης
1220 4588 1234 4601 .
1289 4544 1493 4621 Ἰωσὴφ
1566 4542 1624 4599 δὲ
1679 4545 1935 4622 πρόθεσις

272 4626 330 4706 ἐρ
339 4630 652 4703 μηνεύεται.

343 4742 372 4771 ‹‹
406 4724 462 4774 Ὁ
511 4721 822 4794 καθήμενος
883 4720 971 4777 ἐπὶ
1027 4726 1136 4777 τῶν
1191 4717 1497 4797 Χερουϐὶμ,
1557 4722 1851 4801 ἐμφάνηθι.
1901 4747 1930 4777 ››

271 4809 427 4863 --“Ο
477 4808 958 4884 ἐπαναπαυόμενος
1007 4812 1057 4866 ἐν
1107 4817 1226 4874 τοῖς
1277 4808 1580 4889 Χερουϐὶμ,
1639 4813 1932 4892 ἐμφάνηθι,

267 4896 515 4954 τουτέστι
542 4900 818 4976 γνώσθητι
850 4899 934 4956 ὅτι
963 4899 1132 4970 ἦλθες
1187 4903 1386 4978 βοηθὸς
1441 4900 1656 4973 δηλαδή
1699 4902 1930 4958 ἐνώπιον

267 4991 368 5040 τοῦ
430 4985 570 5043 λαοῦ
629 5009 746 5044 σου·
809 4991 916 5044 ἀπὸ
969 4991 1070 5066 γὰρ
1121 4995 1230 5046 τῶν
1285 4998 1450 5068 τριῶν
1506 4991 1932 5070 ἐπιφανεστέρων

271 5073 395 5130 τότε
454 5075 642 5154 φυλῶν
703 5079 767 5134 τὸ
826 5078 1040 5152 σύμπαν
1087 5079 1486 5157 Ἰσραηλιτικὸν
1548 5080 1786 5154 ἐσήματε
1841 5083 1929 5157 γέ-

269 5184 387 5225 νος.
421 5165 644 5241 Λέγεται
677 5165 736 5222 δὲ
766 5167 857 5223 καὶ
907 5169 936 5223 6
982 5170 1364 5245 Χριστιανικὸς
1411 5169 1542 5233 λαὸς
1586 5172 1824 5249 Ἐφραῗμ
1855 5171 1931 5233 ὡς

269 5250 622 5330 καρποφόρος
650 5262 771 5318 ταῖς
805 5257 1044 5335 ἀρεταῖς,
1099 5260 1359 5334 Βενιαμὶν
1411 5261 1486 5322 ὡς
1535 5257 1707 5334 δεξιὸς
1757 5260 1809 5316 ἐν
1859 5265 1928 5336 τῇ

267 5340 467 5398 πίστει*
529 5348 818 5414 Μανασσῆς
876 5343 935 5400 δὲ
985 5347 1062 5410 ὡς
1118 5349 1299 5420 λήθην
1355 5344 1540 5407 λαϐὼν
1590 5357 1692 5420 τῆς
1731 5352 1929 5426 προτέ-

270 5452 370 5508 ρας
425 5431 664 5501 πλάνης.
725 5434 1150 5507 Ἐρμηνεύονται
1207 5435 1266 5493 δὲ
1339 5439 1685 5518 καρποφορία
1746 5441 1841 5514 μὲν
1902 5441 1930 5496 ὁ

268 5521 533 5601 Ἐφραῖμ,
588 5521 706 5584 υἱὸς
765 5519 939 5594 δεξιᾶς
987 5525 1016 5580 6
1063 5527 1343 5601 Βενιαμὶν,
1392 5527 1784 5603 ἐπιπλησμονή
1813 5527 1872 5586 δὲ
1902 5531 1930 5585 ὁ

268 5611 586 5682 Μανασσῆς.

345 5723 374 5752 ‹‹
409 5699 708 5776 Ἐξέγειρον
751 5702 851 5772 τὴν
902 5699 1212 5760 δυναστείαν
1267 5727 1384 5778 σου,
1433 5706 1524 5762 καὶ
1572 5702 1698 5773 ἔλθε
1747 5707 1824 5770 εἰς
1867 5708 1932 5763 τὸ

270 5791 443 5846 σῶσαι
501 5790 674 5866 ἡμᾶς.
734 5815 762 5843 ››
815 5825 885 5836 -
944 5792 1336 5868 Ἐξανάστησον
1391 5797 1492 5868 τὴν
1542 5797 1788 5878 ὑπερφυῆ
1841 5794 1930 5853 δύο

2125 2035 2156 2064 ‹‹
2189 2012 2354 2068 Ἔθου
2383 2012 2533 2085 ἡμᾶς
2561 2010 2870 2088 ἀντιλογίαν
2919 2015 3036 2075 τοῖς
3085 2009 3318 2088 γείτοσιν
3358 2011 3544 2084 ἡμῶν.
3577 2031 3606 2063 η
3641 2039 3712 2051 --

2049 2099 2398 2178 ἈντιΛογίαν
2427 2100 2653 2157 ἐνταῦθα
2676 2101 2740 2158 τὸ
2771 2095 2980 2164 ὄνειδός
3011 2121 3198 2181 φησιν.

2119 2213 2150 2242 ‹‹
2210 2188 2493 2264 ’Ἄμπελον
2553 2189 2604 2264 ἐξ
2662 2189 2949 2268 Αἰγύπτου
3010 2193 3289 2268 μετῆρας.
3350 2212 3380 2242 ››
3439 2221 3508 2232 —
3557 2193 3706 2263 ’Ἀμ-

2046 2275 2216 2334 πελον
2289 2279 2516 2350 νοητέον
2565 2278 2656 2334 καὶ
2712 2280 2813 2350 τὴν
2886 2283 2996 2335 τῶν
3053 2277 3330 2336 Ἰουδαίων
3389 2279 3701 2356 συναγωγὴν

2049 2365 2139 2422 διὰ
2177 2367 2242 2422 τὸ
2290 2366 2534 2440 εὐθαλὲς,
2585 2367 2734 2425 ἀλλὰ
2781 2368 2870 2426 καὶ
2915 2369 3016 2440 τὴν
3067 2369 3118 2443 ἐξ
3167 2368 3332 2425 ἐθνῶν
3379 2365 3702 2440 Ἐκκλησίαν

2048 2457 2280 2532 ὁμοίως,
2330 2457 2391 2513 ἐκ
2431 2465 2534 2528 τῆς
2587 2461 2867 2530 σκοτεινῆς
2914 2458 3194 2536 Αἰγύπτου
3241 2457 3508 2536 ἀγνωσίας
3557 2479 3708 2533 μετε-

2046 2545 2381 2624 νηνεγμένην
2417 2547 2505 2603 ἐπὶ
2533 2548 2632 2618 τὴν
2666 2549 2873 2625 ἀγαθὴν
2902 2555 3005 2619 τῆς
3038 2543 3332 2611 εὐσεϐείας.

2125 2677 2154 2707 (ι
2205 2649 2485 2728 Ἐξέϐαλες
2563 2652 2688 2726 ἔθνη
2759 2657 2850 2711 καὶ
2923 2655 3316 2734 κατεφύτευσας
3390 2655 3558 2726 αὐτήν
3600 2698 3614 2712 .
3677 2678 3707 2707 ››

2048 2775 2119 2786 -
2149 2744 2315 2813 ’Έθνη
2364 2741 2422 2798 δὲ
2461 2749 2556 2798 καῖ
2597 2741 2912 2822 ἀλλόφυλοι
2955 2745 3048 2800 καὶ
3086 2745 3140 2800 οἱ
3188 2741 3462 2818 δαίμονες·
3515 2741 3605 2799 διὰ
3651 2741 3712 2799 δὲ

2047 2836 2144 2887 τοῦ
2195 2831 2590 2903 κατεφύτευσας
2641 2833 2741 2903 τήν
2810 2831 3025 2911 ἑδραίαν
3101 2833 3418 2904 κατοίκησιν
3482 2830 3652 2906 ὑπεδή
3686 2866 3712 2878 -

2049 2918 2223 2976 λωσεν
2234 2965 2246 2979 .

2125 3033 2155 3063 ιι
2182 3007 2547 3082 Ὦδοποίησας
2598 3007 2899 3089 ἔμπροσθεν
2957 3011 3126 3083 αὐτῆς
3177 3013 3270 3068 καὶ
3316 3011 3709 3091 κατεφύτευσας

2047 3098 2145 3162 τὰς
2204 3099 2354 3177 ῥίζας
2412 3099 2602 3171 αὐτῆς,
2661 3102 2752 3156 καὶ
2828 3099 3120 3178 ἐπλήρωσε
3171 3103 3271 3172 τῆν
3331 3109 3437 3177 γῆν
3474 3143 3487 3157 .
3549 3125 3580 3156 ››
3641 3134 3710 3146 -

2046 3185 2196 3244 Ὁδὸν
2269 3189 2529 3260 ἐποίησας
2608 3188 2804 3264 ἐξελὼν
2855 3190 2923 3245 τὰ
2991 3187 3115 3263 ἔθνη
3156 3236 3170 3261 ,
3230 3188 3387 3262 δίκην
3461 3190 3703 3256 ἀκανθῶν

2047 3278 2139 3333 καὶ
2199 3276 2414 3334 σκύλων
2475 3277 2691 3355 ἑτέρων,
2741 3280 2776 3350 ἢ
2808 3274 2978 3354 νόμον
3030 3277 3159 3343 δοὺς
3203 3277 3274 3335 δι’
3320 3280 3383 3336 οὗ
3417 3277 3706 3357 βαδιεῖται,

2048 3367 2293 3423 τουτέστι
2353 3366 2732 3424 πολιτεύσεται
2787 3370 2823 3438 ἡ
2881 3372 2990 3424 τῶν
3068 3365 3346 3426 Ἰουδαίων
3419 3369 3707 3446 συναγωγή

2047 3457 2119 3526 ἧς
2152 3455 2272 3533 ῥίζα
2300 3459 2335 3527 ἡ
2373 3454 2640 3532 βασιλεία.
2690 3463 2799 3527 Γῆν
2851 3454 2909 3512 δὲ
2952 3457 3177 3528 νοητέον
3209 3459 3308 3528 τήν
3356 3460 3457 3527 τῆς
3491 3457 3712 3536 ἐπαγγε-

2049 3544 2170 3607 λίας
2225 3551 2328 3615 τῆς
2384 3544 2436 3617 ἐξ
2490 3543 2657 3600 ἐθνῶν
2721 3545 3070 3618 Ἐκκλησίας.
3121 3543 3470 3617 Ὀδοποίησις
3505 3547 3601 3621 μὲν
3642 3548 3714 3602 τὰ

2049 3633 2372 3711 εὐαγγελικᾶ
2401 3632 2765 3711 διατάγματα,
2800 3635 2945 3713 ῥίζαι
2997 3633 3054 3691 δὲ
3105 3634 3274 3705 αὐτῆς
3315 3636 3384 3692 τά
3419 3635 3545 3712 περὶ
3576 3640 3711 3694 Θεοῦ

2050 3720 2320 3800 δόγματα.
2349 3730 2456 3794 Γῆν
2491 3721 2539 3780 δ’
2591 3723 2814 3789 ἐνταῦθα
2861 3727 3080 3796 νοήσεις
3126 3724 3217 3780 καὶ
3246 3725 3347 3794 τὴν
3383 3725 3712 3799 οἰκουμένην

2047 3811 2138 3868 καὶ
2173 3810 2449 3890 βασιλείαν
2478 3816 2589 3868 τῶν
2621 3813 2888 3890 οὐρανῶν.

2121 3943 2151 3971 ‹‹
2184 3917 2481 3994 Ἐκάλυψεν
2542 3915 2643 3995 ὄρη
2707 3922 2742 3990 ἡ
2796 3921 2921 3976 σκιά
2975 3921 3168 3990 αὐτῆς⁹
3230 3921 3320 3976 καὶ
3381 3921 3438 3975 αἰ
3488 3917 3708 3976 ἀναδεν-

2049 4005 2241 4086 δράδες
2313 4008 2482 4079 αὐτῆς
2546 4010 2644 4072 τὰς
2719 4007 2946 4086 κέδρους
3021 4015 3120 4065 τοῦ
3199 4013 3334 4066 Θεοῦ
3368 4053 3382 4067 .
3444 4033 3474 4062 ››
3519 4041 3592 4056 -—
3645 4011 3710 4066 Ἡ

2049 4097 2174 4152 σκιά
2226 4104 2328 4168 τῆς
2384 4096 2691 4168 Ἰουδαϊκῆς
2752 4106 3072 4176 συναγωγῆς
3127 4101 3162 4169 ἡ
3208 4098 3346 4154 κατᾶ
3388 4098 3558 4173 νόμον
3615 4096 3712 4155 λα-

2043 4186 2217 4262 τρεία·
2250 4182 2351 4260 ὅρη
2386 4184 2445 4242 δὲ
2472 4187 2536 4242 τὸ
2584 4186 2636 4241 ἐν
2671 4186 2889 4262 Σηλὼμ
2914 4188 3004 4243 καὶ
3056 4189 3223 4260 Σιὼν,
3256 4188 3308 4243 ἐν
3341 4187 3424 4252 οἷς
3454 4189 3709 4262 κατῴκη-

2048 4297 2132 4330 σεν
2173 4277 2208 4346 ἡ
2256 4278 2453 4346 σκηνή.
2484 4276 2547 4331 Ἣ
2579 4277 2704 4332 σκιά
2755 4276 2849 4350 μὶν
2897 4278 2933 4347 ἡ
2983 4276 3198 4348 ἐξουσία
3235 4276 3326 4332 καὶ
3357 4279 3392 4348 ἡ
3426 4275 3710 4333 δυναστεία

2045 4368 2082 4436 ἡ
2115 4363 2419 4429 ἐπιτεθεῖσα
2467 4364 2678 4435 αὐτοῖς,
2726 4361 2827 4442 ὅρη
2888 4363 2946 4420 δὲ
2989 4367 3058 4421 τὰ
3087 4364 3268 4442 ὅμορα
3315 4363 3462 4438 ἔθνη·
3493 4364 3584 4421 καὶ
3613 4366 3709 4421 κέ-

2048 4452 2167 4530 δροι
2221 4455 2315 4528 μὲν
2365 4455 2418 4509 οἱ
2468 4452 2730 4532 ἄρχοντες
2778 4459 2885 4510 τῶν
2937 4453 3102 4520 ἐθνῶν
3140 4459 3239 4510 τοῦ
3269 4459 3404 4512 Θεοῦ
3435 4449 3585 4518 ὅντες
3614 4455 3706 4510 καὶ

2045 4544 2222 4616 αὐτοὶ,
2254 4545 2329 4607 ὡς
2363 4545 2468 4599 ὑπὸ
2498 4549 2632 4600 Θεοῦ
2678 4545 2741 4601 τὸ
2791 4545 2980 4622 ἄρχειν
3029 4543 3337 4625 εἰληφότες’
3392 4541 3710 4620 ἀναδενδρά-

2049 4631 2134 4698 δες
2195 4631 2254 4689 δὲ
2310 4635 2364 4689 οἰ
2417 4638 2524 4689 τῶν
2605 4631 2882 4690 Ἰουδαίων
2957 4635 3138 4711 κριταὶ
3207 4633 3297 4690 καὶ
3349 4633 3704 4710 ἡγούμενοι·

1966 4701 2013 4764 D
2048 4724 2314 4798 κλήματα
2369 4723 2428 4778 δὲ
2482 4723 2550 4779 τὰ
2604 4721 2795 4795 πλήθη
2847 4727 2947 4779 τοῦ
2995 4701 3145 4779 ’λαοῦ
3179 4765 3192 4779 .
3249 4701 3512 4780 Θάλασσα.
3565 4720 3622 4778 δὲ
3672 4724 3708 4794 ἡ

2045 4809 2270 4884 Ἰνδική·
2305 4811 2650 4892 παραφυάδες
2701 4811 2759 4868 δὲ
2807 4814 2860 4868 οἱ
2910 4812 2962 4884 ἐξ
3006 4811 3322 4889 ἀλλογενῶν
3366 4809 3709 4889 προσήλυτοι

2043 4902 2182 4978 πρὸς
2242 4901 2606 4980 θεογνωσίαν·
2667 4901 2910 4976 ποταμοὶ
2980 4899 3039 4957 δὲ
3095 4901 3386 4981 Εὐφράτης
3440 4899 3710 4972 πληθυν-

2041 4996 2231 5053 τικῶς·
2287 4999 2388 5061 τῆς
2442 4989 2767 5063 Ἐκκλησίας
2819 4991 2942 5046 σκιά
2988 4995 3023 5061 ἡ
3075 4989 3202 5063 δόξα
3247 4990 3336 5046 καὶ
3386 4993 3422 5060 ἡ
3463 4989 3706 5046 ἐπισκιά-

2047 5086 2208 5149 ζουσα
2256 5079 2457 5151 ταύτην
2511 5082 2677 5157 χάρις
2723 5085 2820 5135 τοῦ
2869 5079 3207 5152 Πνεύματοςο
3259 5075 3360 5156 ὅρη
3403 5077 3460 5134 6‘s
3490 5078 3707 5134 οἱκατὰ

2040 5171 2344 5246 πρακτικὴν
2378 5169 2573 5245 ἀρετὴν
2605 5168 2830 5244 ὑψηλοί·
2861 5166 3045 5244 κέδροι
3095 5167 3154 5224 δὲ
3184 5170 3237 5225 οἱ
3276 5169 3412 5224 κατά
3437 5169 3536 5238 τὴν
3570 5170 3704 5224 θεω-

2044 5264 2298 5335 ρητικήν·
2333 5257 2721 5334 ἀναδενδράδες
2771 5257 2829 5314 δὲ
2875 5259 2944 5314 τὰ
2989 5260 3114 5335 περὶ
3145 5257 3405 5330 θεότητος
3436 5255 3703 5334 δόγματα.

2040 5346 2309 5404 θάλασσαν
2361 5347 2420 5404 δὲ
2465 5349 2690 5420 νοητέον
2740 5354 2912 5403 πᾶσαν
2960 5348 3051 5403 καὶ
3079 5347 3362 5422 ποταμοὺς
3392 5349 3594 5411 πάντας
3639 5343 3709 5403 δι’

2041 5439 2115 5493 ὧν
2146 5435 2411 5508 δηλοῦται
2443 5441 2478 5508 ἡ
2512 5438 2831 5510 οἰκουμένη.

2123 5529 2296 5583 «Ἵνα
2350 5527 2404 5582 τί
2455 5526 2704 5591 καθεῖλες
2758 5529 2849 5583 τὸν
2907 5527 3156 5606 φραγμὸν
3215 5527 3384 5597 αὐτῆς
3441 5527 3531 5582 καὶ
3575 5547 3704 5603 τρυ-

2041 5621 2210 5693 γῶσιν
2242 5615 2410 5685 αὐτὴν
2441 5615 2637 5681 πάντες
2689 5619 2742 5672 οἱ
2793 5616 3301 5694 παραπορευόμενοι
3330 5617 3429 5688 τὴν
3466 5613 3591 5672 ὀδόν
3626 5636 3640 5686 ;
3673 5640 3703 5670 ››

2040 5738 2112 5751 -ι
2166 5708 2427 5783 Φραγμὸν
2484 5707 2627 5784 λέγει
2697 5708 2797 5777 τῆν
2868 5712 3208 5786 φρουροῦσαν
3286 5705 3486 5770 αὐτοὺς
3539 5705 3697 5762 ’θείαν

2043 5797 2346 5868 ἑπισκοπήν
2382 5815 2395 5829 ·
2459 5801 2654 5874 τρυγᾷν
2714 5793 2772 5854 δὲ
2843 5798 2907 5853 τὸ
2965 5795 3361 5873 λυμαίνεσθαι⁹
3419 5817 3640 5874 παραπο
3671 5829 3696 5842 -
