  <div class='ocr_page' id='page_1' title='image "/cluster/home/n/w/nwhite01/storage/ocr_20150623/142/coo.31924054870476/773.png"; bbox 0 0 4066 6438; ppageno 0'>
   <div class='ocr_carea' id='block_1_1' title="bbox 456 400 616 464">
    <p class='ocr_par' dir='ltr' id='par_1_1' title="bbox 456 400 616 464">
     <span class='ocr_line' id='line_1_1' title="bbox 456 400 616 464; baseline -0.013 -1"><span class='ocrx_word' id='word_1_1' title='bbox 456 400 616 464; x_wconf 74' lang='grc'>1523</span> 
     </span>
    </p>
   </div>
   <div class='ocr_carea' id='block_1_2' title="bbox 433 620 1617 701">
    <p class='ocr_par' dir='ltr' id='par_1_2' title="bbox 433 620 1617 701">
     <span class='ocr_line' id='line_1_2' title="bbox 433 620 1617 701; baseline -0.001 -21"><span class='ocrx_word' id='word_1_2' title='bbox 433 624 536 693; x_wconf 76' lang='grc' dir='ltr'>τὴν</span> <span class='ocrx_word' id='word_1_3' title='bbox 569 620 748 678; x_wconf 89' lang='grc' dir='ltr'>δίοδον</span> <span class='ocrx_word' id='word_1_4' title='bbox 784 620 1158 701; x_wconf 75' lang='grc' dir='ltr'>ἀλλοφύλους,</span> <span class='ocrx_word' id='word_1_5' title='bbox 1190 623 1227 692; x_wconf 73' lang='grc' dir='ltr'><strong>ἢ</strong></span> <span class='ocrx_word' id='word_1_6' title='bbox 1260 620 1617 697; x_wconf 78' lang='grc' dir='ltr'>ἀλλοδόξους.</span> 
     </span>
    </p>
   </div>
   <div class='ocr_carea' id='block_1_3' title="bbox 518 710 2106 789">
    <p class='ocr_par' dir='ltr' id='par_1_3' title="bbox 518 710 2106 789">
     <span class='ocr_line' id='line_1_3' title="bbox 518 710 2106 789; baseline 0.003 -24"><span class='ocrx_word' id='word_1_7' title='bbox 518 736 541 765; x_wconf 75' lang='grc' dir='ltr'>α</span> <span class='ocrx_word' id='word_1_8' title='bbox 576 711 928 787; x_wconf 89' lang='grc' dir='ltr'>Ἐλυμήνατο</span> <span class='ocrx_word' id='word_1_9' title='bbox 988 710 1155 780; x_wconf 78' lang='grc' dir='ltr'>αὐτὴν</span> <span class='ocrx_word' id='word_1_10' title='bbox 1210 710 1272 774; x_wconf 79' lang='grc' dir='ltr'>ῦς</span> <span class='ocrx_word' id='word_1_11' title='bbox 1332 713 1392 768; x_wconf 82' lang='grc' dir='ltr'>ἐκ</span> <span class='ocrx_word' id='word_1_12' title='bbox 1448 710 1658 789; x_wconf 79' lang='grc' dir='ltr'>δρυμοῦ</span> <span class='ocrx_word' id='word_1_13' title='bbox 1692 736 1703 748; x_wconf 92' lang='grc'><strong>·</strong></span> <span class='ocrx_word' id='word_1_14' title='bbox 1764 716 1856 770; x_wconf 82' lang='grc' dir='ltr'>καὶ</span> <span class='ocrx_word' id='word_1_15' title='bbox 1917 715 2106 788; x_wconf 86' lang='grc' dir='ltr'>μονιὸς</span> 
     </span>
    </p>
   </div>
   <div class='ocr_carea' id='block_1_4' title="bbox 430 798 2109 879">
    <p class='ocr_par' dir='ltr' id='par_1_4' title="bbox 430 798 2109 879">
     <span class='ocr_line' id='line_1_4' title="bbox 430 798 2109 879; baseline 0.001 -21"><span class='ocrx_word' id='word_1_16' title='bbox 430 803 623 879; x_wconf 74' lang='grc' dir='ltr'>ἄγριος</span> <span class='ocrx_word' id='word_1_17' title='bbox 677 803 1084 873; x_wconf 84' lang='grc' dir='ltr'>κατενεμήσατο</span> <span class='ocrx_word' id='word_1_18' title='bbox 1154 800 1363 871; x_wconf 78' lang='grc' dir='ltr'>αὐτήν.</span> <span class='ocrx_word' id='word_1_19' title='bbox 1423 824 1453 854; x_wconf 91' lang='grc'><strong>››</strong></span> <span class='ocrx_word' id='word_1_20' title='bbox 1510 836 1580 845; x_wconf 88' lang='grc'><strong><em>-</em></strong></span> <span class='ocrx_word' id='word_1_21' title='bbox 1636 804 1693 856; x_wconf 87' lang='lat'>&#39;0</span> <span class='ocrx_word' id='word_1_22' title='bbox 1763 798 2109 867; x_wconf 90' lang='grc' dir='ltr'>Βαϐυλώνιος</span> 
     </span>
    </p>
   </div>
   <div class='ocr_carea' id='block_1_5' title="bbox 436 886 2108 971">
    <p class='ocr_par' dir='ltr' id='par_1_5' title="bbox 436 886 2108 971">
     <span class='ocr_line' id='line_1_5' title="bbox 436 886 2108 971; baseline 0.001 -23"><span class='ocrx_word' id='word_1_23' title='bbox 436 888 933 967; x_wconf 83' lang='grc' dir='ltr'>Ναϐουχοδονόσορ</span> <span class='ocrx_word' id='word_1_24' title='bbox 1009 886 1073 953; x_wconf 83' lang='grc' dir='ltr'>ῦς</span> <span class='ocrx_word' id='word_1_25' title='bbox 1133 891 1227 964; x_wconf 76' lang='grc' dir='ltr'>μὲν</span> <span class='ocrx_word' id='word_1_26' title='bbox 1301 890 1526 968; x_wconf 79' lang='grc' dir='ltr'>λεχθείη</span> <span class='ocrx_word' id='word_1_27' title='bbox 1589 890 1649 946; x_wconf 75' lang='grc' dir='ltr'>ἂν</span> <span class='ocrx_word' id='word_1_28' title='bbox 1705 892 1782 955; x_wconf 89' lang='grc' dir='ltr'>ώς</span> <span class='ocrx_word' id='word_1_29' title='bbox 1842 893 2045 971; x_wconf 83' lang='grc' dir='ltr'>ἀκάθαρ</span> <span class='ocrx_word' id='word_1_30' title='bbox 2077 927 2108 937; x_wconf 96' lang='grc'><strong><em>-</em></strong></span> 
     </span>
    </p>
   </div>
   <div class='ocr_carea' id='block_1_6' title="bbox 435 976 2107 1058">
    <p class='ocr_par' dir='ltr' id='par_1_6' title="bbox 435 976 2107 1058">
     <span class='ocr_line' id='line_1_6' title="bbox 435 976 2107 1058; baseline 0.001 -21"><span class='ocrx_word' id='word_1_31' title='bbox 435 1001 531 1044; x_wconf 89' lang='grc' dir='ltr'>τος</span> <span class='ocrx_word' id='word_1_32' title='bbox 598 980 691 1035; x_wconf 90' lang='grc' dir='ltr'>καὶ</span> <span class='ocrx_word' id='word_1_33' title='bbox 767 983 847 1052; x_wconf 81' lang='grc' dir='ltr'>τῷ</span> <span class='ocrx_word' id='word_1_34' title='bbox 920 983 1029 1034; x_wconf 89' lang='grc' dir='ltr'>τῶν</span> <span class='ocrx_word' id='word_1_35' title='bbox 1110 977 1322 1049; x_wconf 78' lang='grc' dir='ltr'>ἡδονῶν</span> <span class='ocrx_word' id='word_1_36' title='bbox 1405 976 1662 1057; x_wconf 88' lang='grc' dir='ltr'>βορϐόρῳ</span> <span class='ocrx_word' id='word_1_37' title='bbox 1737 981 2107 1058; x_wconf 85' lang='grc' dir='ltr'>ἐγκαλινδού-</span> 
     </span>
    </p>
   </div>
   <div class='ocr_carea' id='block_1_7' title="bbox 443 1064 2107 1147">
    <p class='ocr_par' dir='ltr' id='par_1_7' title="bbox 443 1064 2107 1147">
     <span class='ocr_line' id='line_1_7' title="bbox 443 1064 2107 1147; baseline -0.002 -21"><span class='ocrx_word' id='word_1_38' title='bbox 443 1088 627 1144; x_wconf 85' lang='grc' dir='ltr'>μενος·</span> <span class='ocrx_word' id='word_1_39' title='bbox 693 1068 881 1142; x_wconf 86' lang='grc' dir='ltr'>μονιὸς</span> <span class='ocrx_word' id='word_1_40' title='bbox 938 1064 998 1123; x_wconf 78' lang='grc' dir='ltr'>δέ</span> <span class='ocrx_word' id='word_1_41' title='bbox 1053 1067 1129 1131; x_wconf 87' lang='grc' dir='ltr'>ὠς</span> <span class='ocrx_word' id='word_1_42' title='bbox 1188 1068 1356 1141; x_wconf 87' lang='grc' dir='ltr'>μόνος</span> <span class='ocrx_word' id='word_1_43' title='bbox 1416 1066 1547 1145; x_wconf 87' lang='grc' dir='ltr'>δίχα</span> <span class='ocrx_word' id='word_1_44' title='bbox 1606 1070 1917 1147; x_wconf 87' lang='grc' dir='ltr'>συμμάχων</span> <span class='ocrx_word' id='word_1_45' title='bbox 1989 1073 2107 1131; x_wconf 60' lang='grc' dir='ltr'>ἐπιτ-</span> 
     </span>
    </p>
   </div>
   <div class='ocr_carea' id='block_1_8' title="bbox 439 1154 2108 1237">
    <p class='ocr_par' dir='ltr' id='par_1_8' title="bbox 439 1154 2108 1237">
     <span class='ocr_line' id='line_1_8' title="bbox 439 1154 2108 1237; baseline 0.001 -22"><span class='ocrx_word' id='word_1_46' title='bbox 439 1157 767 1237; x_wconf 89' lang='grc' dir='ltr'>στρατεύσας</span> <span class='ocrx_word' id='word_1_47' title='bbox 812 1154 1101 1220; x_wconf 79' lang='grc' dir='ltr'>Ἰουδαίοις</span> <span class='ocrx_word' id='word_1_48' title='bbox 1133 1176 1147 1190; x_wconf 80' lang='grc'><em>’</em></span> <span class='ocrx_word' id='word_1_49' title='bbox 1198 1156 1629 1235; x_wconf 82' lang='grc' dir='ltr'>ἀσυναγέλαστος</span> <span class='ocrx_word' id='word_1_50' title='bbox 1681 1161 1782 1236; x_wconf 81' lang='grc' dir='ltr'>γὰρ</span> <span class='ocrx_word' id='word_1_51' title='bbox 1833 1162 1861 1216; x_wconf 99' lang='lat'>6</span> <span class='ocrx_word' id='word_1_52' title='bbox 1919 1161 2108 1234; x_wconf 88' lang='grc' dir='ltr'>μονιὸς</span> 
     </span>
    </p>
   </div>
   <div class='ocr_carea' id='block_1_9' title="bbox 446 1241 2111 1324">
    <p class='ocr_par' dir='ltr' id='par_1_9' title="bbox 446 1241 2111 1324">
     <span class='ocr_line' id='line_1_9' title="bbox 446 1241 2111 1324; baseline 0.002 -21"><span class='ocrx_word' id='word_1_53' title='bbox 446 1245 518 1303; x_wconf 83' lang='grc' dir='ltr'>δι’</span> <span class='ocrx_word' id='word_1_54' title='bbox 587 1241 901 1322; x_wconf 75' lang='grc' dir='ltr'>ὑπερϐολὴν</span> <span class='ocrx_word' id='word_1_55' title='bbox 973 1245 1297 1323; x_wconf 87' lang='grc' dir='ltr'>ἀγριότητος</span> <span class='ocrx_word' id='word_1_56' title='bbox 1331 1291 1344 1304; x_wconf 94' lang='grc'>.</span> <span class='ocrx_word' id='word_1_57' title='bbox 1423 1248 1639 1324; x_wconf 87' lang='grc' dir='ltr'>Δρυμὸς</span> <span class='ocrx_word' id='word_1_58' title='bbox 1718 1246 1776 1303; x_wconf 83' lang='grc' dir='ltr'>δέ</span> <span class='ocrx_word' id='word_1_59' title='bbox 1848 1245 2111 1306; x_wconf 87' lang='grc' dir='ltr'>Βαϐυλὼν</span> 
     </span>
    </p>
   </div>
   <div class='ocr_carea' id='block_1_10' title="bbox 443 1333 2111 1416">
    <p class='ocr_par' dir='ltr' id='par_1_10' title="bbox 443 1333 2111 1416">
     <span class='ocr_line' id='line_1_10' title="bbox 443 1333 2111 1416; baseline 0.001 -23"><span class='ocrx_word' id='word_1_60' title='bbox 443 1336 522 1400; x_wconf 85' lang='grc' dir='ltr'>ὠς</span> <span class='ocrx_word' id='word_1_61' title='bbox 580 1333 767 1391; x_wconf 86' lang='grc' dir='ltr'>δασεῖα</span> <span class='ocrx_word' id='word_1_62' title='bbox 822 1335 902 1408; x_wconf 80' lang='grc' dir='ltr'>τῷ</span> <span class='ocrx_word' id='word_1_63' title='bbox 959 1333 1159 1406; x_wconf 90' lang='grc' dir='ltr'>πλήθει</span> <span class='ocrx_word' id='word_1_64' title='bbox 1218 1340 1325 1390; x_wconf 89' lang='grc' dir='ltr'>τῶν</span> <span class='ocrx_word' id='word_1_65' title='bbox 1386 1336 1768 1409; x_wconf 87' lang='grc' dir='ltr'>ἐνοικούντων,</span> <span class='ocrx_word' id='word_1_66' title='bbox 1827 1339 1917 1395; x_wconf 85' lang='grc' dir='ltr'>καὶ</span> <span class='ocrx_word' id='word_1_67' title='bbox 1974 1340 2111 1416; x_wconf 88' lang='grc' dir='ltr'>πρὸς</span> 
     </span>
    </p>
   </div>
   <div class='ocr_carea' id='block_1_11' title="bbox 442 1423 2111 1504">
    <p class='ocr_par' dir='ltr' id='par_1_11' title="bbox 442 1423 2111 1504">
     <span class='ocr_line' id='line_1_11' title="bbox 442 1423 2111 1504; baseline 0.002 -22"><span class='ocrx_word' id='word_1_68' title='bbox 442 1426 544 1495; x_wconf 75' lang='grc' dir='ltr'>τὴν</span> <span class='ocrx_word' id='word_1_69' title='bbox 599 1423 796 1501; x_wconf 85' lang='grc' dir='ltr'>ἀρετήν</span> <span class='ocrx_word' id='word_1_70' title='bbox 851 1425 1091 1501; x_wconf 80' lang='grc' dir='ltr'>ἄκαρπος</span> <span class='ocrx_word' id='word_1_71' title='bbox 1146 1425 1237 1479; x_wconf 82' lang='grc' dir='ltr'>καὶ</span> <span class='ocrx_word' id='word_1_72' title='bbox 1294 1429 1401 1481; x_wconf 91' lang='grc' dir='ltr'>τῶν</span> <span class='ocrx_word' id='word_1_73' title='bbox 1459 1431 1670 1497; x_wconf 81' lang='grc' dir='ltr'>νοητῶν</span> <span class='ocrx_word' id='word_1_74' title='bbox 1733 1428 1941 1504; x_wconf 89' lang='grc' dir='ltr'>θηρίων</span> <span class='ocrx_word' id='word_1_75' title='bbox 2003 1430 2055 1484; x_wconf 84' lang='grc' dir='ltr'>ἐν</span> <span class='ocrx_word' id='word_1_76' title='bbox 2088 1463 2111 1472; x_wconf 95' lang='grc'><strong>-</strong></span> 
     </span>
    </p>
   </div>
   <div class='ocr_carea' id='block_1_12' title="bbox 446 1509 2108 1592">
    <p class='ocr_par' dir='ltr' id='par_1_12' title="bbox 446 1509 2108 1592">
     <span class='ocr_line' id='line_1_12' title="bbox 446 1509 2108 1592; baseline 0.001 -21"><span class='ocrx_word' id='word_1_77' title='bbox 446 1512 734 1587; x_wconf 88' lang='grc' dir='ltr'>διαίτημα.</span> <span class='ocrx_word' id='word_1_78' title='bbox 767 1509 868 1583; x_wconf 67' lang='lat' dir='ltr'>Ei’n</span> <span class='ocrx_word' id='word_1_79' title='bbox 905 1510 950 1568; x_wconf 78' lang='grc' dir='ltr'>δ’</span> <span class='ocrx_word' id='word_1_80' title='bbox 1001 1513 1060 1569; x_wconf 77' lang='grc' dir='ltr'>ἂν</span> <span class='ocrx_word' id='word_1_81' title='bbox 1108 1514 1199 1569; x_wconf 85' lang='grc' dir='ltr'>καὶ</span> <span class='ocrx_word' id='word_1_82' title='bbox 1249 1515 1278 1569; x_wconf 88' lang='lat'>6</span> <span class='ocrx_word' id='word_1_83' title='bbox 1328 1509 1589 1578; x_wconf 88' lang='grc' dir='ltr'>διάϐολος</span> <span class='ocrx_word' id='word_1_84' title='bbox 1640 1514 1722 1587; x_wconf 82' lang='grc' dir='ltr'>ῦς,</span> <span class='ocrx_word' id='word_1_85' title='bbox 1753 1516 1845 1572; x_wconf 86' lang='grc' dir='ltr'>καὶ</span> <span class='ocrx_word' id='word_1_86' title='bbox 1901 1519 2108 1592; x_wconf 87' lang='grc' dir='ltr'>μονιὸς,</span> 
     </span>
    </p>
   </div>
   <div class='ocr_carea' id='block_1_13' title="bbox 445 1599 2114 1681">
    <p class='ocr_par' dir='ltr' id='par_1_13' title="bbox 445 1599 2114 1681">
     <span class='ocr_line' id='line_1_13' title="bbox 445 1599 2114 1681; baseline 0.001 -21"><span class='ocrx_word' id='word_1_87' title='bbox 445 1602 526 1667; x_wconf 85' lang='grc' dir='ltr'>ὠς</span> <span class='ocrx_word' id='word_1_88' title='bbox 601 1599 929 1676; x_wconf 86' lang='grc' dir='ltr'>ἐνηδόμενος</span> <span class='ocrx_word' id='word_1_89' title='bbox 1003 1608 1123 1667; x_wconf 84' lang='grc' dir='ltr'>ταῖς</span> <span class='ocrx_word' id='word_1_90' title='bbox 1215 1603 1564 1681; x_wconf 89' lang='grc' dir='ltr'>ἀκαθαρσίαις</span> <span class='ocrx_word' id='word_1_91' title='bbox 1635 1604 1725 1661; x_wconf 76' lang='grc' dir='ltr'>καί</span> <span class='ocrx_word' id='word_1_92' title='bbox 1805 1610 1876 1681; x_wconf 75' lang='grc' dir='ltr'>τῇ</span> <span class='ocrx_word' id='word_1_93' title='bbox 1952 1607 2114 1680; x_wconf 83' lang='grc' dir='ltr'>κακίᾳ</span> 
     </span>
    </p>
   </div>
   <div class='ocr_carea' id='block_1_14' title="bbox 442 1689 2111 1769">
    <p class='ocr_par' dir='ltr' id='par_1_14' title="bbox 442 1689 2111 1769">
     <span class='ocr_line' id='line_1_14' title="bbox 442 1689 2111 1769; baseline 0.002 -22"><span class='ocrx_word' id='word_1_94' title='bbox 442 1689 670 1761; x_wconf 78' lang='grc' dir='ltr'>ῗδιάζων</span> <span class='ocrx_word' id='word_1_95' title='bbox 704 1734 717 1749; x_wconf 92' lang='grc'>.</span> <span class='ocrx_word' id='word_1_96' title='bbox 776 1690 994 1768; x_wconf 85' lang='grc' dir='ltr'>Δρυμὸς</span> <span class='ocrx_word' id='word_1_97' title='bbox 1055 1689 1114 1747; x_wconf 79' lang='grc' dir='ltr'>δέ</span> <span class='ocrx_word' id='word_1_98' title='bbox 1163 1693 1221 1747; x_wconf 75' lang='grc' dir='ltr'>αἱ</span> <span class='ocrx_word' id='word_1_99' title='bbox 1276 1697 1396 1756; x_wconf 87' lang='grc' dir='ltr'>τοῖς</span> <span class='ocrx_word' id='word_1_100' title='bbox 1462 1695 1681 1749; x_wconf 81' lang='grc' dir='ltr'>πάθεσιν</span> <span class='ocrx_word' id='word_1_101' title='bbox 1741 1694 2111 1769; x_wconf 84' lang='grc' dir='ltr'>ὑλομανοῦσαι</span> 
     </span>
    </p>
   </div>
   <div class='ocr_carea' id='block_1_15' title="bbox 445 1777 2117 1859">
    <p class='ocr_par' dir='ltr' id='par_1_15' title="bbox 445 1777 2117 1859">
     <span class='ocr_line' id='line_1_15' title="bbox 445 1777 2117 1859; baseline 0.003 -24"><span class='ocrx_word' id='word_1_102' title='bbox 445 1779 645 1858; x_wconf 84' lang='grc' dir='ltr'>ψυχαὶ,</span> <span class='ocrx_word' id='word_1_103' title='bbox 698 1782 782 1843; x_wconf 80' lang='grc' dir='ltr'>αἷς</span> <span class='ocrx_word' id='word_1_104' title='bbox 832 1777 993 1844; x_wconf 77' lang='grc' dir='ltr'>οὗτος</span> <span class='ocrx_word' id='word_1_105' title='bbox 1041 1778 1299 1859; x_wconf 79' lang='grc' dir='ltr'>ἐφήδεται</span> <span class='ocrx_word' id='word_1_106' title='bbox 1351 1782 1441 1837; x_wconf 81' lang='grc' dir='ltr'>καὶ</span> <span class='ocrx_word' id='word_1_107' title='bbox 1491 1783 1761 1857; x_wconf 86' lang='grc' dir='ltr'>ἐνσκηνοῖ,</span> <span class='ocrx_word' id='word_1_108' title='bbox 1810 1786 1949 1840; x_wconf 87' lang='grc' dir='ltr'>κατά</span> <span class='ocrx_word' id='word_1_109' title='bbox 1992 1784 2117 1840; x_wconf 90' lang='grc' dir='ltr'>ταύ-</span> 
     </span>
    </p>
   </div>
   <div class='ocr_carea' id='block_1_16' title="bbox 1708 403 2624 480">
    <p class='ocr_par' dir='ltr' id='par_1_16' title="bbox 1708 403 2624 480">
     <span class='ocr_line' id='line_1_16' title="bbox 1708 403 2624 480; baseline 0.012 -14"><span class='ocrx_word' id='word_1_110' title='bbox 1708 403 2138 469; x_wconf 80' lang='lat' dir='ltr'>NICEPHORI</span> <span class='ocrx_word' id='word_1_111' title='bbox 2180 406 2624 480; x_wconf 63' lang='lat' dir='ltr'>BLEMMIDE</span> 
     </span>
    </p>
   </div>
   <div class='ocr_carea' id='block_1_17' title="bbox 440 527 2496 617">
    <p class='ocr_par' dir='ltr' id='par_1_17' title="bbox 440 527 2496 617">
     <span class='ocr_line' id='line_1_17' title="bbox 440 527 2496 617; baseline 0 -28"><span class='ocrx_word' id='word_1_112' title='bbox 440 529 769 610; x_wconf 88' lang='grc' dir='ltr'>ρευομένους</span> <span class='ocrx_word' id='word_1_113' title='bbox 828 528 888 588; x_wconf 78' lang='grc' dir='ltr'>δὲ</span> <span class='ocrx_word' id='word_1_114' title='bbox 931 527 1061 596; x_wconf 77' lang='grc' dir='ltr'>τοῦς</span> <span class='ocrx_word' id='word_1_115' title='bbox 1106 530 1423 608; x_wconf 78' lang='grc' dir='ltr'>πολύπορον</span> <span class='ocrx_word' id='word_1_116' title='bbox 1468 532 1638 605; x_wconf 76' lang='grc' dir='ltr'>αὐτῆς</span> <span class='ocrx_word' id='word_1_117' title='bbox 1687 541 1975 600; x_wconf 80' lang='grc' dir='ltr'>ποιοῦντας</span> <span class='ocrx_word' id='word_1_118' title='bbox 2003 537 2104 606; x_wconf 80' lang='grc' dir='ltr'>τὴν</span> <span class='ocrx_word' id='word_1_119' title='bbox 2131 540 2188 608; x_wconf 80' lang='grc' dir='ltr'><strong>Α</strong></span> <span class='ocrx_word' id='word_1_120' title='bbox 2218 536 2405 617; x_wconf 81' lang='grc' dir='ltr'>Ἀσάφ.</span> <span class='ocrx_word' id='word_1_121' title='bbox 2466 562 2496 590; x_wconf 87' lang='grc'><strong>››</strong></span> 
     </span>
    </p>
   </div>
   <div class='ocr_carea' id='block_1_18' title="bbox 3385 410 3790 479">
    <p class='ocr_par' dir='ltr' id='par_1_18' title="bbox 3385 410 3790 479">
     <span class='ocr_line' id='line_1_18' title="bbox 3385 410 3790 479; baseline -0.005 0"><span class='ocrx_word' id='word_1_122' title='bbox 3385 475 3388 479; x_wconf 83' lang='lat'>.</span> <span class='ocrx_word' id='word_1_123' title='bbox 3670 410 3790 477; x_wconf 68' lang='grc'><strong>1824</strong></span> 
     </span>
    </p>
   </div>
   <div class='ocr_carea' id='block_1_19' title="bbox 2552 532 3789 618">
    <p class='ocr_par' dir='ltr' id='par_1_19' title="bbox 2552 532 3789 618">
     <span class='ocr_line' id='line_1_19' title="bbox 2552 532 3789 618; baseline -0.007 -24"><span class='ocrx_word' id='word_1_124' title='bbox 2552 572 2622 581; x_wconf 94' lang='grc'><strong><em>-</em></strong></span> <span class='ocrx_word' id='word_1_125' title='bbox 2676 538 2844 601; x_wconf 78' lang='grc' dir='ltr'>Οὗτος</span> <span class='ocrx_word' id='word_1_126' title='bbox 2902 534 3140 613; x_wconf 80' lang='grc' dir='ltr'>διασύρει</span> <span class='ocrx_word' id='word_1_127' title='bbox 3196 537 3293 609; x_wconf 77' lang='grc' dir='ltr'>τὴν</span> <span class='ocrx_word' id='word_1_128' title='bbox 3351 532 3596 616; x_wconf 80' lang='grc' dir='ltr'>Ἐϐραίων</span> <span class='ocrx_word' id='word_1_129' title='bbox 3638 539 3789 618; x_wconf 74' lang='grc' dir='ltr'>ἀχαρι.</span> 
     </span>
    </p>
   </div>
   <div class='ocr_carea' id='block_1_20' title="bbox 2214 625 3792 701">
    <p class='ocr_par' dir='ltr' id='par_1_20' title="bbox 2214 625 3792 701">
     <span class='ocr_line' id='line_1_20' title="bbox 2214 625 3792 701; baseline 0.003 -17"><span class='ocrx_word' id='word_1_130' title='bbox 2214 626 2362 684; x_wconf 89' lang='grc' dir='ltr'>στίαν</span> <span class='ocrx_word' id='word_1_131' title='bbox 2415 630 2506 685; x_wconf 84' lang='grc' dir='ltr'>καὶ</span> <span class='ocrx_word' id='word_1_132' title='bbox 2564 627 2837 694; x_wconf 80' lang='grc' dir='ltr'>ἀπείθειαν</span> <span class='ocrx_word' id='word_1_133' title='bbox 2864 672 2882 698; x_wconf 84' lang='grc'>,</span> <span class='ocrx_word' id='word_1_134' title='bbox 2939 628 3031 684; x_wconf 87' lang='grc' dir='ltr'>καὶ</span> <span class='ocrx_word' id='word_1_135' title='bbox 3107 625 3342 684; x_wconf 83' lang='grc' dir='ltr'>διδάσκει</span> <span class='ocrx_word' id='word_1_136' title='bbox 3413 629 3505 698; x_wconf 84' lang='grc' dir='ltr'>τήν</span> <span class='ocrx_word' id='word_1_137' title='bbox 3567 625 3792 701; x_wconf 75' lang='grc' dir='ltr'>ἀποϐολὴν</span> 
     </span>
    </p>
   </div>
   <div class='ocr_carea' id='block_1_21' title="bbox 2215 712 3791 797">
    <p class='ocr_par' dir='ltr' id='par_1_21' title="bbox 2215 712 3791 797">
     <span class='ocr_line' id='line_1_21' title="bbox 2215 712 3791 797; baseline 0.003 -26"><span class='ocrx_word' id='word_1_138' title='bbox 2215 717 2390 773; x_wconf 82' lang='grc' dir='ltr'>αὐτῶν</span> <span class='ocrx_word' id='word_1_139' title='bbox 2450 716 2939 797; x_wconf 76' lang='grc' dir='ltr'>ἐξασφαλιζόμενος</span> <span class='ocrx_word' id='word_1_140' title='bbox 2992 718 3082 772; x_wconf 88' lang='grc' dir='ltr'>τὸν</span> <span class='ocrx_word' id='word_1_141' title='bbox 3140 712 3259 772; x_wconf 84' lang='grc' dir='ltr'>νέον</span> <span class='ocrx_word' id='word_1_142' title='bbox 3319 717 3468 790; x_wconf 87' lang='grc' dir='ltr'>λαὸν,</span> <span class='ocrx_word' id='word_1_143' title='bbox 3515 715 3595 774; x_wconf 71' lang='grc' dir='ltr'>’ίνα</span> <span class='ocrx_word' id='word_1_144' title='bbox 3624 720 3791 792; x_wconf 75' lang='grc' dir='ltr'>μήκαὶ</span> 
     </span>
    </p>
   </div>
   <div class='ocr_carea' id='block_1_22' title="bbox 2217 804 3790 881">
    <p class='ocr_par' dir='ltr' id='par_1_22' title="bbox 2217 804 3790 881">
     <span class='ocr_line' id='line_1_22' title="bbox 2217 804 3790 881; baseline 0.002 -21"><span class='ocrx_word' id='word_1_145' title='bbox 2217 804 2377 870; x_wconf 76' lang='grc' dir='ltr'>οὗτος</span> <span class='ocrx_word' id='word_1_146' title='bbox 2432 808 2531 876; x_wconf 82' lang='grc' dir='ltr'>τὴν</span> <span class='ocrx_word' id='word_1_147' title='bbox 2588 812 2686 863; x_wconf 89' lang='grc' dir='ltr'>τοῦ</span> <span class='ocrx_word' id='word_1_148' title='bbox 2723 805 2964 863; x_wconf 87' lang='grc' dir='ltr'>παλαιοῦ</span> <span class='ocrx_word' id='word_1_149' title='bbox 3026 805 3398 881; x_wconf 81' lang='grc' dir='ltr'>μιμησάμενος</span> <span class='ocrx_word' id='word_1_150' title='bbox 3452 806 3619 863; x_wconf 80' lang='grc' dir='ltr'>κακίαν</span> <span class='ocrx_word' id='word_1_151' title='bbox 3668 807 3790 863; x_wconf 82' lang='grc' dir='ltr'>ἀπο-</span> 
     </span>
    </p>
   </div>
   <div class='ocr_carea' id='block_1_23' title="bbox 2220 890 2424 968">
    <p class='ocr_par' dir='ltr' id='par_1_23' title="bbox 2220 890 2424 968">
     <span class='ocr_line' id='line_1_23' title="bbox 2220 890 2424 968; baseline 0.02 -19"><span class='ocrx_word' id='word_1_152' title='bbox 2220 890 2424 968; x_wconf 75' lang='grc' dir='ltr'>ϐληθῇ.</span> 
     </span>
    </p>
   </div>
   <div class='ocr_carea' id='block_1_24' title="bbox 2295 982 3794 1062">
    <p class='ocr_par' dir='ltr' id='par_1_24' title="bbox 2295 982 3794 1062">
     <span class='ocr_line' id='line_1_24' title="bbox 2295 982 3794 1062; baseline 0.003 -27"><span class='ocrx_word' id='word_1_153' title='bbox 2295 1004 2318 1035; x_wconf 71' lang='grc' dir='ltr'>ι</span> <span class='ocrx_word' id='word_1_154' title='bbox 2351 982 2717 1062; x_wconf 79' lang='grc' dir='ltr'>’Λγαλλιᾶσθε</span> <span class='ocrx_word' id='word_1_155' title='bbox 2744 989 2824 1058; x_wconf 80' lang='grc' dir='ltr'>τῷ</span> <span class='ocrx_word' id='word_1_156' title='bbox 2852 986 2970 1058; x_wconf 81' lang='grc' dir='ltr'>Θεῷ</span> <span class='ocrx_word' id='word_1_157' title='bbox 2995 986 3076 1057; x_wconf 82' lang='grc' dir='ltr'>τῷ</span> <span class='ocrx_word' id='word_1_158' title='bbox 3131 983 3318 1060; x_wconf 84' lang='grc' dir='ltr'>βοηθῷ</span> <span class='ocrx_word' id='word_1_159' title='bbox 3344 986 3516 1057; x_wconf 72' lang='grc' dir='ltr'>ὴμῶνσ</span> <span class='ocrx_word' id='word_1_160' title='bbox 3553 983 3794 1059; x_wconf 77' lang='grc' dir='ltr'>ἀλαλάξατε</span> 
     </span>
    </p>
   </div>
   <div class='ocr_carea' id='block_1_25' title="bbox 2217 1069 3792 1148">
    <p class='ocr_par' dir='ltr' id='par_1_25' title="bbox 2217 1069 3792 1148">
     <span class='ocr_line' id='line_1_25' title="bbox 2217 1069 3792 1148; baseline -0.001 -20"><span class='ocrx_word' id='word_1_161' title='bbox 2217 1072 2297 1147; x_wconf 78' lang='grc' dir='ltr'>τῷ</span> <span class='ocrx_word' id='word_1_162' title='bbox 2326 1079 2443 1147; x_wconf 86' lang='grc' dir='ltr'>Θεῷ</span> <span class='ocrx_word' id='word_1_163' title='bbox 2474 1069 2690 1132; x_wconf 86' lang='grc' dir='ltr'>Ἰακὼϐ.</span> <span class='ocrx_word' id='word_1_164' title='bbox 2724 1099 2747 1129; x_wconf 73' lang='lat' dir='ltr'><strong>n</strong></span> <span class='ocrx_word' id='word_1_165' title='bbox 2784 1108 2852 1119; x_wconf 86' lang='lat'><strong><em>—</em></strong></span> <span class='ocrx_word' id='word_1_166' title='bbox 2883 1069 3088 1129; x_wconf 87' lang='grc' dir='ltr'>Λάϐετε</span> <span class='ocrx_word' id='word_1_167' title='bbox 3111 1071 3452 1129; x_wconf 78' lang='grc' dir='ltr'>διδασκαλίαν</span> <span class='ocrx_word' id='word_1_168' title='bbox 3470 1076 3792 1148; x_wconf 69' lang='grc' dir='ltr'>πνευματικὴν,</span> 
     </span>
    </p>
   </div>
   <div class='ocr_carea' id='block_1_26' title="bbox 2219 1160 3348 1241">
    <p class='ocr_par' dir='ltr' id='par_1_26' title="bbox 2219 1160 3348 1241">
     <span class='ocr_line' id='line_1_26' title="bbox 2219 1160 3348 1241; baseline 0.001 -23"><span class='ocrx_word' id='word_1_169' title='bbox 2219 1163 2310 1218; x_wconf 90' lang='grc' dir='ltr'>καὶ</span> <span class='ocrx_word' id='word_1_170' title='bbox 2343 1160 2466 1219; x_wconf 87' lang='grc' dir='ltr'>δότε</span> <span class='ocrx_word' id='word_1_171' title='bbox 2492 1163 2754 1241; x_wconf 74' lang='grc' dir='ltr'>νέκρωσιν</span> <span class='ocrx_word' id='word_1_172' title='bbox 2774 1168 2854 1220; x_wconf 86' lang='grc' dir='ltr'>τῶ</span> <span class='ocrx_word' id='word_1_173' title='bbox 2885 1163 2973 1219; x_wconf 77' lang='grc' dir='ltr'>ἐπὶ</span> <span class='ocrx_word' id='word_1_174' title='bbox 3001 1170 3107 1239; x_wconf 92' lang='grc' dir='ltr'>γῆς</span> <span class='ocrx_word' id='word_1_175' title='bbox 3142 1162 3348 1237; x_wconf 89' lang='grc' dir='ltr'>μελῶν.</span> 
     </span>
    </p>
   </div>
   <div class='ocr_carea' id='block_1_27' title="bbox 2293 1265 3794 1345">
    <p class='ocr_par' dir='ltr' id='par_1_27' title="bbox 2293 1265 3794 1345">
     <span class='ocr_line' id='line_1_27' title="bbox 2293 1265 3794 1345; baseline 0.002 -23"><span class='ocrx_word' id='word_1_176' title='bbox 2293 1294 2323 1322; x_wconf 76' lang='grc' dir='ltr'>ι(</span> <span class='ocrx_word' id='word_1_177' title='bbox 2354 1265 2561 1326; x_wconf 87' lang='grc' dir='ltr'>Λάϐετε</span> <span class='ocrx_word' id='word_1_178' title='bbox 2589 1268 2810 1345; x_wconf 84' lang='grc' dir='ltr'>ψαλμὸν</span> <span class='ocrx_word' id='word_1_179' title='bbox 2841 1270 2934 1326; x_wconf 82' lang='grc' dir='ltr'>καὶ</span> <span class='ocrx_word' id='word_1_180' title='bbox 2965 1267 3089 1326; x_wconf 87' lang='grc' dir='ltr'>δότε</span> <span class='ocrx_word' id='word_1_181' title='bbox 3114 1268 3394 1342; x_wconf 88' lang='grc' dir='ltr'>τύμπανον</span> <span class='ocrx_word' id='word_1_182' title='bbox 3416 1268 3685 1344; x_wconf 79' lang='grc' dir='ltr'>ψαλτήριον</span> <span class='ocrx_word' id='word_1_183' title='bbox 3703 1287 3794 1341; x_wconf 80' lang='grc' dir='ltr'>τερ-</span> 
     </span>
    </p>
   </div>
   <div class='ocr_carea' id='block_1_28' title="bbox 2219 1356 3796 1436">
    <p class='ocr_par' dir='ltr' id='par_1_28' title="bbox 2219 1356 3796 1436">
     <span class='ocr_line' id='line_1_28' title="bbox 2219 1356 3796 1436; baseline -0.001 -23"><span class='ocrx_word' id='word_1_184' title='bbox 2219 1359 2354 1413; x_wconf 89' lang='grc' dir='ltr'>πνὸν</span> <span class='ocrx_word' id='word_1_185' title='bbox 2390 1361 2527 1432; x_wconf 86' lang='grc' dir='ltr'>μετά</span> <span class='ocrx_word' id='word_1_186' title='bbox 2574 1358 2819 1436; x_wconf 82' lang='grc' dir='ltr'>κιθάρας.</span> <span class='ocrx_word' id='word_1_187' title='bbox 2845 1384 2875 1414; x_wconf 82' lang='grc'>››</span> <span class='ocrx_word' id='word_1_188' title='bbox 2907 1393 2977 1402; x_wconf 94' lang='grc'><strong><em>--</em></strong></span> <span class='ocrx_word' id='word_1_189' title='bbox 3023 1357 3346 1434; x_wconf 86' lang='grc' dir='ltr'>Ψαλτήριον</span> <span class='ocrx_word' id='word_1_190' title='bbox 3395 1356 3534 1434; x_wconf 84' lang='grc' dir='ltr'>λέγει</span> <span class='ocrx_word' id='word_1_191' title='bbox 3575 1358 3662 1427; x_wconf 80' lang='grc' dir='ltr'>τὴν</span> <span class='ocrx_word' id='word_1_192' title='bbox 3700 1359 3796 1412; x_wconf 87' lang='grc' dir='ltr'>θεω-</span> 
     </span>
    </p>
   </div>
   <div class='ocr_carea' id='block_1_29' title="bbox 2223 1446 3082 1526">
    <p class='ocr_par' dir='ltr' id='par_1_29' title="bbox 2223 1446 3082 1526">
     <span class='ocr_line' id='line_1_29' title="bbox 2223 1446 3082 1526; baseline 0 -23"><span class='ocrx_word' id='word_1_193' title='bbox 2223 1448 2363 1523; x_wconf 79' lang='grc' dir='ltr'>ρίαν’</span> <span class='ocrx_word' id='word_1_194' title='bbox 2393 1450 2618 1522; x_wconf 87' lang='grc' dir='ltr'>κιθάραν</span> <span class='ocrx_word' id='word_1_195' title='bbox 2651 1446 2711 1505; x_wconf 79' lang='grc' dir='ltr'>δὲ</span> <span class='ocrx_word' id='word_1_196' title='bbox 2737 1451 2840 1519; x_wconf 79' lang='grc' dir='ltr'>τὴν</span> <span class='ocrx_word' id='word_1_197' title='bbox 2867 1449 3082 1526; x_wconf 72' lang='grc' dir='ltr'>πρᾶξιν.</span> 
     </span>
    </p>
   </div>
   <div class='ocr_carea' id='block_1_30' title="bbox 2300 1534 3796 1614">
    <p class='ocr_par' dir='ltr' id='par_1_30' title="bbox 2300 1534 3796 1614">
     <span class='ocr_line' id='line_1_30' title="bbox 2300 1534 3796 1614; baseline 0.001 -24"><span class='ocrx_word' id='word_1_198' title='bbox 2300 1562 2321 1590; x_wconf 74' lang='grc' dir='ltr'>α</span> <span class='ocrx_word' id='word_1_199' title='bbox 2359 1537 2670 1594; x_wconf 89' lang='grc' dir='ltr'>Σαλπίσατε</span> <span class='ocrx_word' id='word_1_200' title='bbox 2721 1538 2773 1596; x_wconf 80' lang='grc' dir='ltr'>ἐν</span> <span class='ocrx_word' id='word_1_201' title='bbox 2840 1536 3112 1613; x_wconf 87' lang='grc' dir='ltr'>νεομηνίᾳ</span> <span class='ocrx_word' id='word_1_202' title='bbox 3166 1536 3427 1614; x_wconf 87' lang='grc' dir='ltr'>σάλπιγγι</span> <span class='ocrx_word' id='word_1_203' title='bbox 3457 1579 3472 1606; x_wconf 92' lang='grc'>,</span> <span class='ocrx_word' id='word_1_204' title='bbox 3534 1535 3582 1592; x_wconf 80' lang='grc' dir='ltr'>ἐν</span> <span class='ocrx_word' id='word_1_205' title='bbox 3628 1534 3796 1608; x_wconf 81' lang='grc' dir='ltr'>εὐσήμφ</span> 
     </span>
    </p>
   </div>
   <div class='ocr_carea' id='block_1_31' title="bbox 2221 1622 3797 1704">
    <p class='ocr_par' dir='ltr' id='par_1_31' title="bbox 2221 1622 3797 1704">
     <span class='ocr_line' id='line_1_31' title="bbox 2221 1622 3797 1704; baseline -0.003 -22"><span class='ocrx_word' id='word_1_206' title='bbox 2221 1628 2407 1704; x_wconf 82' lang='grc' dir='ltr'>ἡμέρᾳ</span> <span class='ocrx_word' id='word_1_207' title='bbox 2475 1628 2668 1702; x_wconf 79' lang='grc' dir='ltr'>ἐορτῆς</span> <span class='ocrx_word' id='word_1_208' title='bbox 2726 1628 2903 1701; x_wconf 79' lang='grc' dir='ltr'>ὑμῶν.</span> <span class='ocrx_word' id='word_1_209' title='bbox 2967 1651 2997 1680; x_wconf 86' lang='grc'>››</span> <span class='ocrx_word' id='word_1_210' title='bbox 3051 1661 3121 1670; x_wconf 92' lang='grc'><strong>-</strong></span> <span class='ocrx_word' id='word_1_211' title='bbox 3175 1626 3329 1691; x_wconf 79' lang='grc' dir='ltr'>Καθὰ</span> <span class='ocrx_word' id='word_1_212' title='bbox 3375 1630 3488 1688; x_wconf 85' lang='grc' dir='ltr'>τοῖς</span> <span class='ocrx_word' id='word_1_213' title='bbox 3539 1627 3706 1699; x_wconf 75' lang='grc' dir='ltr'>ἱερεῦσι</span> <span class='ocrx_word' id='word_1_214' title='bbox 3739 1622 3797 1679; x_wconf 67' lang='grc' dir='ltr'>ιοό⁹</span> 
     </span>
    </p>
   </div>
   <div class='ocr_carea' id='block_1_32' title="bbox 2227 1708 3792 1792">
    <p class='ocr_par' dir='ltr' id='par_1_32' title="bbox 2227 1708 3792 1792">
     <span class='ocr_line' id='line_1_32' title="bbox 2227 1708 3792 1792; baseline -0.004 -20"><span class='ocrx_word' id='word_1_215' title='bbox 2227 1737 2328 1791; x_wconf 93' lang='grc' dir='ltr'>μος</span> <span class='ocrx_word' id='word_1_216' title='bbox 2387 1715 2602 1773; x_wconf 80' lang='grc' dir='ltr'>ἐκέλευε</span> <span class='ocrx_word' id='word_1_217' title='bbox 2658 1714 2939 1786; x_wconf 87' lang='grc' dir='ltr'>σαλπίζειν</span> <span class='ocrx_word' id='word_1_218' title='bbox 2997 1717 3137 1772; x_wconf 84' lang='grc' dir='ltr'>κατὰ</span> <span class='ocrx_word' id='word_1_219' title='bbox 3190 1716 3410 1792; x_wconf 85' lang='grc' dir='ltr'>πρώτην</span> <span class='ocrx_word' id='word_1_220' title='bbox 3473 1718 3563 1769; x_wconf 90' lang='grc' dir='ltr'>τοῦ</span> <span class='ocrx_word' id='word_1_221' title='bbox 3612 1708 3792 1785; x_wconf 70' lang='grc' dir='ltr'>ἑϐδόμου</span> 
     </span>
    </p>
   </div>
   <div class='ocr_carea' id='block_1_33' title="bbox 2228 1801 3796 1879">
    <p class='ocr_par' dir='ltr' id='par_1_33' title="bbox 2228 1801 3796 1879">
     <span class='ocr_line' id='line_1_33' title="bbox 2228 1801 3796 1879; baseline 0 -18"><span class='ocrx_word' id='word_1_222' title='bbox 2228 1805 2396 1879; x_wconf 86' lang='grc' dir='ltr'>μηνὸς</span> <span class='ocrx_word' id='word_1_223' title='bbox 2451 1805 2530 1868; x_wconf 78' lang='grc' dir='ltr'>εἰς</span> <span class='ocrx_word' id='word_1_224' title='bbox 2581 1805 2882 1879; x_wconf 86' lang='grc' dir='ltr'>ἀνάμνησιν</span> <span class='ocrx_word' id='word_1_225' title='bbox 2940 1812 3042 1875; x_wconf 91' lang='grc' dir='ltr'>τῆς</span> <span class='ocrx_word' id='word_1_226' title='bbox 3101 1804 3190 1860; x_wconf 79' lang='grc' dir='ltr'>ἐπὶ</span> <span class='ocrx_word' id='word_1_227' title='bbox 3238 1809 3335 1860; x_wconf 89' lang='grc' dir='ltr'>τοῦ</span> <span class='ocrx_word' id='word_1_228' title='bbox 3391 1808 3517 1859; x_wconf 88' lang='grc' dir='ltr'>Σινᾶ</span> <span class='ocrx_word' id='word_1_229' title='bbox 3564 1801 3796 1877; x_wconf 83' lang='grc' dir='ltr'>σάλπιγγος</span> 
     </span>
    </p>
   </div>
   <div class='ocr_carea' id='block_1_34' title="bbox 447 1869 3797 1979">
    <p class='ocr_par' dir='ltr' id='par_1_34' title="bbox 447 1869 3797 1979">
     <span class='ocr_line' id='line_1_34' title="bbox 447 1869 3797 1979; baseline 0.002 -40"><span class='ocrx_word' id='word_1_230' title='bbox 447 1890 550 1940; x_wconf 88' lang='grc' dir='ltr'>την</span> <span class='ocrx_word' id='word_1_231' title='bbox 579 1870 680 1979; x_wconf 34' lang='grc' dir='ltr'>τιῆν</span> <span class='ocrx_word' id='word_1_232' title='bbox 721 1869 1147 1979; x_wconf 56' lang='grc' dir='ltr'>ᾖχωγιξιωτξραν</span> <span class='ocrx_word' id='word_1_233' title='bbox 1184 1870 1403 1979; x_wconf 51' lang='grc' dir='ltr'>’ὁρμὴνι</span> <span class='ocrx_word' id='word_1_234' title='bbox 1428 1876 1525 1979; x_wconf 52' lang='grc' dir='ltr'>τοῖ’)</span> <span class='ocrx_word' id='word_1_235' title='bbox 1575 1871 1763 1979; x_wconf 49' lang='grc' dir='ltr'>λέγουο</span> <span class='ocrx_word' id='word_1_236' title='bbox 1816 1875 2117 1979; x_wconf 56' lang='grc' dir='ltr'>Δξηγούμες</span> <span class='ocrx_word' id='word_1_237' title='bbox 2146 1912 2196 1979; x_wconf 83' lang='grc' dir='ltr'><strong>Β</strong></span> <span class='ocrx_word' id='word_1_238' title='bbox 2225 1869 2501 1971; x_wconf 79' lang='grc' dir='ltr'>οὐρανίου,</span> <span class='ocrx_word' id='word_1_239' title='bbox 2532 1869 2743 1951; x_wconf 83' lang='grc' dir='ltr'>κελεύει</span> <span class='ocrx_word' id='word_1_240' title='bbox 2784 1869 2909 1958; x_wconf 69' lang='grc' dir='ltr'>τοῖς</span> <span class='ocrx_word' id='word_1_241' title='bbox 2960 1869 3132 1972; x_wconf 78' lang='grc' dir='ltr'>ἱεροῖς</span> <span class='ocrx_word' id='word_1_242' title='bbox 3184 1891 3521 1955; x_wconf 73' lang='grc' dir='ltr'>διδασκάλοις</span> <span class='ocrx_word' id='word_1_243' title='bbox 3547 1891 3604 1947; x_wconf 88' lang='grc' dir='ltr'>τὸ</span> 
     </span>
    </p>
   </div>
   <div class='ocr_carea' id='block_1_35' title="bbox 450 1958 2115 2039">
    <p class='ocr_par' dir='ltr' id='par_1_35' title="bbox 450 1958 2115 2039">
     <span class='ocr_line' id='line_1_35' title="bbox 450 1958 2115 2039; baseline 0.002 -24"><span class='ocrx_word' id='word_1_244' title='bbox 450 1979 544 2022; x_wconf 92' lang='grc' dir='ltr'>νος</span> <span class='ocrx_word' id='word_1_245' title='bbox 603 1958 842 2014; x_wconf 88' lang='grc' dir='ltr'>ἐντεῦθεν</span> <span class='ocrx_word' id='word_1_246' title='bbox 898 1960 928 2014; x_wconf 92' lang='lat'>6</span> <span class='ocrx_word' id='word_1_247' title='bbox 1003 1961 1303 2038; x_wconf 80' lang='grc' dir='ltr'>Προφήτης</span> <span class='ocrx_word' id='word_1_248' title='bbox 1382 1959 1546 2015; x_wconf 87' lang='grc' dir='ltr'>ὁποία</span> <span class='ocrx_word' id='word_1_249' title='bbox 1617 1964 1682 2030; x_wconf 70' lang='grc' dir='ltr'>ἦν</span> <span class='ocrx_word' id='word_1_250' title='bbox 1760 1962 2023 2039; x_wconf 87' lang='grc' dir='ltr'>πρότερον</span> <span class='ocrx_word' id='word_1_251' title='bbox 2080 1966 2115 2034; x_wconf 80' lang='grc' dir='ltr'>ἡ</span> 
     </span>
    </p>
   </div>
   <div class='ocr_carea' id='block_1_36' title="bbox 453 2047 2114 2128">
    <p class='ocr_par' dir='ltr' id='par_1_36' title="bbox 453 2047 2114 2128">
     <span class='ocr_line' id='line_1_36' title="bbox 453 2047 2114 2128; baseline 0.003 -25"><span class='ocrx_word' id='word_1_252' title='bbox 453 2049 747 2124; x_wconf 84' lang='grc' dir='ltr'>συναγωγῆ</span> <span class='ocrx_word' id='word_1_253' title='bbox 802 2051 911 2104; x_wconf 88' lang='grc' dir='ltr'>τῶν</span> <span class='ocrx_word' id='word_1_254' title='bbox 989 2049 1154 2105; x_wconf 89' lang='grc' dir='ltr'>ἐθνῶν</span> <span class='ocrx_word' id='word_1_255' title='bbox 1234 2047 1547 2105; x_wconf 87' lang='grc' dir='ltr'>ἐπισπεύδει</span> <span class='ocrx_word' id='word_1_256' title='bbox 1600 2055 1699 2106; x_wconf 89' lang='grc' dir='ltr'>τοῦ</span> <span class='ocrx_word' id='word_1_257' title='bbox 1758 2051 1959 2128; x_wconf 85' lang='grc' dir='ltr'>Κυρίου</span> <span class='ocrx_word' id='word_1_258' title='bbox 2014 2054 2114 2123; x_wconf 77' lang='grc' dir='ltr'>τὴν</span> 
     </span>
    </p>
   </div>
   <div class='ocr_carea' id='block_1_37' title="bbox 455 2137 892 2211">
    <p class='ocr_par' dir='ltr' id='par_1_37' title="bbox 455 2137 892 2211">
     <span class='ocr_line' id='line_1_37' title="bbox 455 2137 892 2211; baseline 0.002 -18"><span class='ocrx_word' id='word_1_259' title='bbox 455 2137 892 2211; x_wconf 80' lang='grc' dir='ltr'>ἐνανθρώπησιν.</span> 
     </span>
    </p>
   </div>
   <div class='ocr_carea' id='block_1_38' title="bbox 526 2225 2123 2307">
    <p class='ocr_par' dir='ltr' id='par_1_38' title="bbox 526 2225 2123 2307">
     <span class='ocr_line' id='line_1_38' title="bbox 526 2225 2123 2307; baseline 0.005 -28"><span class='ocrx_word' id='word_1_260' title='bbox 526 2249 550 2279; x_wconf 72' lang='grc' dir='ltr'>α</span> <span class='ocrx_word' id='word_1_261' title='bbox 608 2225 714 2284; x_wconf 88' lang='grc' dir='ltr'>Καὶ</span> <span class='ocrx_word' id='word_1_262' title='bbox 770 2225 1087 2303; x_wconf 87' lang='grc' dir='ltr'>κατάρτισαι</span> <span class='ocrx_word' id='word_1_263' title='bbox 1156 2227 1324 2299; x_wconf 76' lang='grc' dir='ltr'>αὐτὴν</span> <span class='ocrx_word' id='word_1_264' title='bbox 1403 2230 1464 2299; x_wconf 79' lang='grc' dir='ltr'>ἣν</span> <span class='ocrx_word' id='word_1_265' title='bbox 1524 2227 1809 2307; x_wconf 75' lang='grc' dir='ltr'>ἐφόνευσεν</span> <span class='ocrx_word' id='word_1_266' title='bbox 1878 2233 1914 2301; x_wconf 81' lang='grc' dir='ltr'>ἡ</span> <span class='ocrx_word' id='word_1_267' title='bbox 1976 2229 2123 2302; x_wconf 79' lang='grc' dir='ltr'>δεξιά</span> 
     </span>
    </p>
   </div>
   <div class='ocr_carea' id='block_1_39' title="bbox 455 2318 2119 2399">
    <p class='ocr_par' dir='ltr' id='par_1_39' title="bbox 455 2318 2119 2399">
     <span class='ocr_line' id='line_1_39' title="bbox 455 2318 2119 2399; baseline 0.005 -30"><span class='ocrx_word' id='word_1_268' title='bbox 455 2336 572 2373; x_wconf 90' lang='grc' dir='ltr'>σου.</span> <span class='ocrx_word' id='word_1_269' title='bbox 637 2339 661 2368; x_wconf 71' lang='grc' dir='ltr'>ι</span> <span class='ocrx_word' id='word_1_270' title='bbox 723 2347 794 2359; x_wconf 92' lang='grc'><strong><em>--</em></strong></span> <span class='ocrx_word' id='word_1_271' title='bbox 848 2322 1296 2396; x_wconf 79' lang='grc' dir='ltr'>Περιφραστικῶς</span> <span class='ocrx_word' id='word_1_272' title='bbox 1352 2318 1420 2388; x_wconf 75' lang='grc' dir='ltr'>ἢν</span> <span class='ocrx_word' id='word_1_273' title='bbox 1482 2320 1774 2399; x_wconf 79' lang='grc' dir='ltr'>ἐφύτευσας</span> <span class='ocrx_word' id='word_1_274' title='bbox 1834 2319 1937 2391; x_wconf 79' lang='grc' dir='ltr'>σὺ,</span> <span class='ocrx_word' id='word_1_275' title='bbox 1993 2343 2119 2377; x_wconf 89' lang='grc' dir='ltr'>του-</span> 
     </span>
    </p>
   </div>
   <div class='ocr_carea' id='block_1_40' title="bbox 449 2404 2121 2488">
    <p class='ocr_par' dir='ltr' id='par_1_40' title="bbox 449 2404 2121 2488">
     <span class='ocr_line' id='line_1_40' title="bbox 449 2404 2121 2488; baseline 0.005 -29"><span class='ocrx_word' id='word_1_276' title='bbox 449 2404 596 2460; x_wconf 86' lang='grc' dir='ltr'>τέστι</span> <span class='ocrx_word' id='word_1_277' title='bbox 652 2406 960 2479; x_wconf 83' lang='grc' dir='ltr'>κατῴκισας</span> <span class='ocrx_word' id='word_1_278' title='bbox 995 2449 1009 2464; x_wconf 97' lang='grc'>.</span> <span class='ocrx_word' id='word_1_279' title='bbox 1070 2406 1193 2462; x_wconf 86' lang='grc' dir='ltr'>Ἐπὶ</span> <span class='ocrx_word' id='word_1_280' title='bbox 1254 2405 1313 2462; x_wconf 82' lang='grc' dir='ltr'>δέ</span> <span class='ocrx_word' id='word_1_281' title='bbox 1385 2412 1495 2464; x_wconf 89' lang='grc' dir='ltr'>τῶν</span> <span class='ocrx_word' id='word_1_282' title='bbox 1571 2410 1737 2474; x_wconf 79' lang='grc' dir='ltr'>ἐθνῶν</span> <span class='ocrx_word' id='word_1_283' title='bbox 1800 2418 2121 2488; x_wconf 82' lang='grc' dir='ltr'>συναγωγῆς</span> 
     </span>
    </p>
   </div>
   <div class='ocr_carea' id='block_1_41' title="bbox 452 2492 1476 2574">
    <p class='ocr_par' dir='ltr' id='par_1_41' title="bbox 452 2492 1476 2574">
     <span class='ocr_line' id='line_1_41' title="bbox 452 2492 1476 2574; baseline 0.007 -26"><span class='ocrx_word' id='word_1_284' title='bbox 452 2492 669 2573; x_wconf 76' lang='grc' dir='ltr'>φυτείαν</span> <span class='ocrx_word' id='word_1_285' title='bbox 702 2496 921 2566; x_wconf 79' lang='grc' dir='ltr'>νοήσεις</span> <span class='ocrx_word' id='word_1_286' title='bbox 953 2496 1054 2565; x_wconf 83' lang='grc' dir='ltr'>τὴν</span> <span class='ocrx_word' id='word_1_287' title='bbox 1088 2492 1476 2574; x_wconf 85' lang='grc' dir='ltr'>δημιουργίαν.</span> 
     </span>
    </p>
   </div>
   <div class='ocr_carea' id='block_1_42' title="bbox 531 2585 2119 2663">
    <p class='ocr_par' dir='ltr' id='par_1_42' title="bbox 531 2585 2119 2663">
     <span class='ocr_line' id='line_1_42' title="bbox 531 2585 2119 2663; baseline 0.004 -26"><span class='ocrx_word' id='word_1_288' title='bbox 531 2607 561 2637; x_wconf 85' lang='grc'>‹‹</span> <span class='ocrx_word' id='word_1_289' title='bbox 621 2585 1106 2663; x_wconf 82' lang='grc' dir='ltr'>Ἐμπεπυρισμένη</span> <span class='ocrx_word' id='word_1_290' title='bbox 1166 2587 1298 2663; x_wconf 85' lang='grc' dir='ltr'>πυρὶ</span> <span class='ocrx_word' id='word_1_291' title='bbox 1354 2588 1445 2643; x_wconf 77' lang='grc' dir='ltr'>καὶ</span> <span class='ocrx_word' id='word_1_292' title='bbox 1502 2587 1906 2663; x_wconf 85' lang='grc' dir='ltr'>ἀνεσκαμμένη.</span> <span class='ocrx_word' id='word_1_293' title='bbox 1971 2615 1993 2642; x_wconf 77' lang='grc' dir='ltr'>ι</span> <span class='ocrx_word' id='word_1_294' title='bbox 2054 2624 2119 2633; x_wconf 88' lang='lat'>—-</span> 
     </span>
    </p>
   </div>
   <div class='ocr_carea' id='block_1_43' title="bbox 462 2672 2125 2752">
    <p class='ocr_par' dir='ltr' id='par_1_43' title="bbox 462 2672 2125 2752">
     <span class='ocr_line' id='line_1_43' title="bbox 462 2672 2125 2752; baseline 0.003 -23"><span class='ocrx_word' id='word_1_295' title='bbox 462 2672 651 2729; x_wconf 87' lang='grc' dir='ltr'>Λείπει</span> <span class='ocrx_word' id='word_1_296' title='bbox 680 2674 744 2729; x_wconf 85' lang='grc' dir='ltr'>τὸ</span> <span class='ocrx_word' id='word_1_297' title='bbox 776 2672 941 2731; x_wconf 79' lang='grc' dir='ltr'>ἐστίν.</span> <span class='ocrx_word' id='word_1_298' title='bbox 991 2674 1291 2732; x_wconf 81' lang='grc' dir='ltr'>Αἰνίττεται</span> <span class='ocrx_word' id='word_1_299' title='bbox 1343 2675 1402 2732; x_wconf 79' lang='grc' dir='ltr'>δέ</span> <span class='ocrx_word' id='word_1_300' title='bbox 1451 2675 1541 2732; x_wconf 80' lang='grc' dir='ltr'>διὰ</span> <span class='ocrx_word' id='word_1_301' title='bbox 1585 2684 1689 2748; x_wconf 88' lang='grc' dir='ltr'>τῆς</span> <span class='ocrx_word' id='word_1_302' title='bbox 1736 2677 1990 2752; x_wconf 90' lang='grc' dir='ltr'>ἀμπέλου</span> <span class='ocrx_word' id='word_1_303' title='bbox 2025 2680 2125 2749; x_wconf 78' lang='grc' dir='ltr'>τὴν</span> 
     </span>
    </p>
   </div>
   <div class='ocr_carea' id='block_1_44' title="bbox 463 2760 2127 2839">
    <p class='ocr_par' dir='ltr' id='par_1_44' title="bbox 463 2760 2127 2839">
     <span class='ocr_line' id='line_1_44' title="bbox 463 2760 2127 2839; baseline 0.003 -21"><span class='ocrx_word' id='word_1_304' title='bbox 463 2768 571 2839; x_wconf 87' lang='grc' dir='ltr'>γῆν</span> <span class='ocrx_word' id='word_1_305' title='bbox 629 2761 797 2833; x_wconf 77' lang='grc' dir='ltr'>αὐτῆς</span> <span class='ocrx_word' id='word_1_306' title='bbox 857 2760 1036 2820; x_wconf 69' lang='grc' dir='ltr'>εἷίτουν</span> <span class='ocrx_word' id='word_1_307' title='bbox 1081 2766 1185 2835; x_wconf 79' lang='grc' dir='ltr'>τὴν</span> <span class='ocrx_word' id='word_1_308' title='bbox 1231 2765 1395 2822; x_wconf 89' lang='grc' dir='ltr'>πόλιν</span> <span class='ocrx_word' id='word_1_309' title='bbox 1447 2767 1483 2836; x_wconf 77' lang='grc' dir='ltr'><strong>ἢ</strong></span> <span class='ocrx_word' id='word_1_310' title='bbox 1532 2767 1628 2830; x_wconf 80' lang='grc' dir='ltr'>τὰς</span> <span class='ocrx_word' id='word_1_311' title='bbox 1675 2763 1891 2831; x_wconf 88' lang='grc' dir='ltr'>πόλεις.</span> <span class='ocrx_word' id='word_1_312' title='bbox 1921 2770 2036 2838; x_wconf 78' lang='grc' dir='ltr'>Τὴν</span> <span class='ocrx_word' id='word_1_313' title='bbox 2068 2766 2127 2824; x_wconf 82' lang='grc' dir='ltr'>δὲ</span> 
     </span>
    </p>
   </div>
   <div class='ocr_carea' id='block_1_45' title="bbox 469 2852 2123 2934">
    <p class='ocr_par' dir='ltr' id='par_1_45' title="bbox 469 2852 2123 2934">
     <span class='ocr_line' id='line_1_45' title="bbox 469 2852 2123 2934; baseline 0.002 -27"><span class='ocrx_word' id='word_1_314' title='bbox 469 2852 636 2916; x_wconf 86' lang='grc' dir='ltr'>ἐθνῶν</span> <span class='ocrx_word' id='word_1_315' title='bbox 713 2853 1036 2928; x_wconf 78' lang='grc' dir='ltr'>συναγωγὴν</span> <span class='ocrx_word' id='word_1_316' title='bbox 1111 2853 1180 2909; x_wconf 72' lang='grc' dir='ltr'>τὰ</span> <span class='ocrx_word' id='word_1_317' title='bbox 1252 2853 1535 2930; x_wconf 90' lang='grc' dir='ltr'>πνεύματα</span> <span class='ocrx_word' id='word_1_318' title='bbox 1619 2862 1721 2925; x_wconf 88' lang='grc' dir='ltr'>τῆς</span> <span class='ocrx_word' id='word_1_319' title='bbox 1794 2855 2123 2934; x_wconf 85' lang='grc' dir='ltr'>ἀκαθαρσίας</span> 
     </span>
    </p>
   </div>
   <div class='ocr_carea' id='block_1_46' title="bbox 469 2938 2125 3019">
    <p class='ocr_par' dir='ltr' id='par_1_46' title="bbox 469 2938 2125 3019">
     <span class='ocr_line' id='line_1_46' title="bbox 469 2938 2125 3019; baseline 0.004 -25"><span class='ocrx_word' id='word_1_320' title='bbox 469 2938 751 3011; x_wconf 81' lang='grc' dir='ltr'>ἐξέκαυσαν</span> <span class='ocrx_word' id='word_1_321' title='bbox 786 2986 801 3013; x_wconf 90' lang='grc'>,</span> <span class='ocrx_word' id='word_1_322' title='bbox 855 2940 909 2996; x_wconf 81' lang='grc' dir='ltr'>ἐν</span> <span class='ocrx_word' id='word_1_323' title='bbox 958 2946 1079 3005; x_wconf 86' lang='grc' dir='ltr'>ταῖς</span> <span class='ocrx_word' id='word_1_324' title='bbox 1132 2940 1362 3019; x_wconf 87' lang='grc' dir='ltr'>ἀλόγοις</span> <span class='ocrx_word' id='word_1_325' title='bbox 1430 2943 1793 3018; x_wconf 87' lang='grc' dir='ltr'>ἐπιθυμίαις,</span> <span class='ocrx_word' id='word_1_326' title='bbox 1852 2946 1943 3002; x_wconf 84' lang='grc' dir='ltr'>καὶ</span> <span class='ocrx_word' id='word_1_327' title='bbox 1999 2946 2125 3009; x_wconf 86' lang='grc' dir='ltr'>τοὸς</span> 
     </span>
    </p>
   </div>
   <div class='ocr_carea' id='block_1_47' title="bbox 466 3025 2125 3111">
    <p class='ocr_par' dir='ltr' id='par_1_47' title="bbox 466 3025 2125 3111">
     <span class='ocr_line' id='line_1_47' title="bbox 466 3025 2125 3111; baseline 0.004 -29"><span class='ocrx_word' id='word_1_328' title='bbox 466 3025 560 3083; x_wconf 82' lang='grc' dir='ltr'>ἐπὶ</span> <span class='ocrx_word' id='word_1_329' title='bbox 617 3025 795 3105; x_wconf 84' lang='grc' dir='ltr'>ἔργοις</span> <span class='ocrx_word' id='word_1_330' title='bbox 851 3028 1075 3104; x_wconf 85' lang='grc' dir='ltr'>ἀγαθοῖς</span> <span class='ocrx_word' id='word_1_331' title='bbox 1134 3028 1643 3109; x_wconf 87' lang='grc' dir='ltr'>δημιουργηθέντας</span> <span class='ocrx_word' id='word_1_332' title='bbox 1708 3033 1998 3111; x_wconf 74' lang='grc' dir='ltr'>ἀνέτρεψαν</span> <span class='ocrx_word' id='word_1_333' title='bbox 2056 3037 2125 3109; x_wconf 79' lang='grc' dir='ltr'>τῇ</span> 
     </span>
    </p>
   </div>
   <div class='ocr_carea' id='block_1_48' title="bbox 467 3115 1885 3202">
    <p class='ocr_par' dir='ltr' id='par_1_48' title="bbox 467 3115 1885 3202">
     <span class='ocr_line' id='line_1_48' title="bbox 467 3115 1885 3202; baseline 0.004 -30"><span class='ocrx_word' id='word_1_334' title='bbox 467 3115 631 3189; x_wconf 83' lang='grc' dir='ltr'>κακίᾳ</span> <span class='ocrx_word' id='word_1_335' title='bbox 661 3117 738 3181; x_wconf 84' lang='grc' dir='ltr'>εἷς</span> <span class='ocrx_word' id='word_1_336' title='bbox 765 3118 830 3174; x_wconf 81' lang='grc' dir='ltr'>τὸ</span> <span class='ocrx_word' id='word_1_337' title='bbox 858 3118 1121 3183; x_wconf 75' lang='grc' dir='ltr'>παντελὲς</span> <span class='ocrx_word' id='word_1_338' title='bbox 1153 3122 1208 3176; x_wconf 79' lang='grc' dir='ltr'>οἱ</span> <span class='ocrx_word' id='word_1_339' title='bbox 1235 3128 1337 3192; x_wconf 84' lang='grc' dir='ltr'>τῆς</span> <span class='ocrx_word' id='word_1_340' title='bbox 1368 3121 1557 3185; x_wconf 86' lang='grc' dir='ltr'>κακίας</span> <span class='ocrx_word' id='word_1_341' title='bbox 1586 3122 1885 3202; x_wconf 77' lang='grc' dir='ltr'>ἐφευρεταί.</span> 
     </span>
    </p>
   </div>
   <div class='ocr_carea' id='block_1_49' title="bbox 535 3206 2125 3288">
    <p class='ocr_par' dir='ltr' id='par_1_49' title="bbox 535 3206 2125 3288">
     <span class='ocr_line' id='line_1_49' title="bbox 535 3206 2125 3288; baseline 0.004 -28"><span class='ocrx_word' id='word_1_342' title='bbox 535 3229 566 3259; x_wconf 85' lang='grc'>‹‹</span> <span class='ocrx_word' id='word_1_343' title='bbox 598 3206 737 3262; x_wconf 86' lang='grc' dir='ltr'>Ἀπὸ</span> <span class='ocrx_word' id='word_1_344' title='bbox 765 3213 871 3277; x_wconf 86' lang='grc' dir='ltr'>τῆς</span> <span class='ocrx_word' id='word_1_345' title='bbox 915 3210 1198 3282; x_wconf 79' lang='grc' dir='ltr'>τιμήσεως</span> <span class='ocrx_word' id='word_1_346' title='bbox 1245 3214 1345 3265; x_wconf 91' lang='grc' dir='ltr'>τοῦ</span> <span class='ocrx_word' id='word_1_347' title='bbox 1390 3212 1691 3288; x_wconf 83' lang='grc' dir='ltr'>προσώπου</span> <span class='ocrx_word' id='word_1_348' title='bbox 1722 3233 1818 3267; x_wconf 89' lang='grc' dir='ltr'>σου</span> <span class='ocrx_word' id='word_1_349' title='bbox 1857 3211 2125 3269; x_wconf 79' lang='grc' dir='ltr'>ἀπολοῦν-</span> 
     </span>
    </p>
   </div>
   <div class='ocr_carea' id='block_1_50' title="bbox 459 3280 2199 3379">
    <p class='ocr_par' dir='ltr' id='par_1_50' title="bbox 459 3280 2199 3379">
     <span class='ocr_line' id='line_1_50' title="bbox 459 3280 2199 3379; baseline 0.006 -30"><span class='ocrx_word' id='word_1_350' title='bbox 459 3313 572 3354; x_wconf 89' lang='grc' dir='ltr'>ται,</span> <span class='ocrx_word' id='word_1_351' title='bbox 606 3318 637 3347; x_wconf 85' lang='grc'>››</span> <span class='ocrx_word' id='word_1_352' title='bbox 668 3327 737 3339; x_wconf 91' lang='grc'><strong>-</strong></span> <span class='ocrx_word' id='word_1_353' title='bbox 765 3280 1119 3371; x_wconf 81' lang='grc' dir='ltr'>Ἐπιτίμησις</span> <span class='ocrx_word' id='word_1_354' title='bbox 1165 3300 1201 3369; x_wconf 83' lang='grc' dir='ltr'><strong>ἡ</strong></span> <span class='ocrx_word' id='word_1_355' title='bbox 1253 3300 1390 3377; x_wconf 83' lang='grc' dir='ltr'>ὀργὴ</span> <span class='ocrx_word' id='word_1_356' title='bbox 1436 3280 1665 3357; x_wconf 72' lang='grc' dir='ltr'>νοεῖται.</span> <span class='ocrx_word' id='word_1_357' title='bbox 1715 3301 2017 3379; x_wconf 90' lang='grc' dir='ltr'>Πρόσωπον</span> <span class='ocrx_word' id='word_1_358' title='bbox 2065 3301 2125 3358; x_wconf 97' lang='grc' dir='ltr'>δέ</span> <span class='ocrx_word' id='word_1_359' title='bbox 2154 3280 2199 3350; x_wconf 77' lang='lat' dir='ltr'>C</span> 
     </span>
    </p>
   </div>
   <div class='ocr_carea' id='block_1_51' title="bbox 464 3380 2125 3464">
    <p class='ocr_par' dir='ltr' id='par_1_51' title="bbox 464 3380 2125 3464">
     <span class='ocr_line' id='line_1_51' title="bbox 464 3380 2125 3464; baseline 0.005 -25"><span class='ocrx_word' id='word_1_360' title='bbox 464 3383 557 3439; x_wconf 84' lang='grc' dir='ltr'>καὶ</span> <span class='ocrx_word' id='word_1_361' title='bbox 589 3380 736 3457; x_wconf 79' lang='grc' dir='ltr'>δεξιὰ</span> <span class='ocrx_word' id='word_1_362' title='bbox 760 3388 860 3440; x_wconf 90' lang='grc' dir='ltr'>τοῦ</span> <span class='ocrx_word' id='word_1_363' title='bbox 906 3385 1145 3464; x_wconf 85' lang='grc' dir='ltr'>Πατέρος</span> <span class='ocrx_word' id='word_1_364' title='bbox 1194 3389 1224 3442; x_wconf 93' lang='lat'>6</span> <span class='ocrx_word' id='word_1_365' title='bbox 1272 3386 1424 3458; x_wconf 71' lang='grc' dir='ltr'>Υἱός,</span> <span class='ocrx_word' id='word_1_366' title='bbox 1473 3388 1537 3444; x_wconf 86' lang='grc' dir='ltr'>τδ</span> <span class='ocrx_word' id='word_1_367' title='bbox 1590 3390 1685 3462; x_wconf 71' lang='grc' dir='ltr'>μὲν</span> <span class='ocrx_word' id='word_1_368' title='bbox 1719 3390 1794 3454; x_wconf 87' lang='grc' dir='ltr'>ὠς</span> <span class='ocrx_word' id='word_1_369' title='bbox 1843 3390 2003 3446; x_wconf 81' lang='grc' dir='ltr'>εἰκὼν</span> <span class='ocrx_word' id='word_1_370' title='bbox 2033 3392 2125 3447; x_wconf 87' lang='grc' dir='ltr'>καὶ</span> 
     </span>
    </p>
   </div>
   <div class='ocr_carea' id='block_1_52' title="bbox 463 3472 2128 3550">
    <p class='ocr_par' dir='ltr' id='par_1_52' title="bbox 463 3472 2128 3550">
     <span class='ocr_line' id='line_1_52' title="bbox 463 3472 2128 3550; baseline 0.005 -24"><span class='ocrx_word' id='word_1_371' title='bbox 463 3472 753 3549; x_wconf 82' lang='grc' dir='ltr'>’χαρακτὴρ</span> <span class='ocrx_word' id='word_1_372' title='bbox 806 3478 912 3542; x_wconf 87' lang='grc' dir='ltr'>τῆς</span> <span class='ocrx_word' id='word_1_373' title='bbox 958 3481 1231 3550; x_wconf 84' lang='grc' dir='ltr'>πατρικῆς</span> <span class='ocrx_word' id='word_1_374' title='bbox 1289 3476 1657 3548; x_wconf 80' lang='grc' dir='ltr'>ὑποστάσεως,</span> <span class='ocrx_word' id='word_1_375' title='bbox 1715 3478 1779 3534; x_wconf 83' lang='grc' dir='ltr'>τὸ</span> <span class='ocrx_word' id='word_1_376' title='bbox 1837 3476 1883 3533; x_wconf 90' lang='grc' dir='ltr'>δ’</span> <span class='ocrx_word' id='word_1_377' title='bbox 1933 3478 2016 3535; x_wconf 77' lang='grc' dir='ltr'>ὅτι</span> <span class='ocrx_word' id='word_1_378' title='bbox 2057 3477 2128 3535; x_wconf 91' lang='grc' dir='ltr'>δι’</span> 
     </span>
    </p>
   </div>
   <div class='ocr_carea' id='block_1_53' title="bbox 458 3558 2123 3643">
    <p class='ocr_par' dir='ltr' id='par_1_53' title="bbox 458 3558 2123 3643">
     <span class='ocr_line' id='line_1_53' title="bbox 458 3558 2123 3643; baseline 0.005 -27"><span class='ocrx_word' id='word_1_379' title='bbox 458 3560 626 3616; x_wconf 80' lang='grc' dir='ltr'>αὐτοῦ</span> <span class='ocrx_word' id='word_1_380' title='bbox 684 3560 761 3623; x_wconf 84' lang='grc' dir='ltr'>ὠς</span> <span class='ocrx_word' id='word_1_381' title='bbox 815 3558 906 3616; x_wconf 81' lang='grc' dir='ltr'>διὰ</span> <span class='ocrx_word' id='word_1_382' title='bbox 960 3564 1152 3638; x_wconf 85' lang='grc' dir='ltr'>χειρὸς</span> <span class='ocrx_word' id='word_1_383' title='bbox 1208 3563 1384 3620; x_wconf 89' lang='grc' dir='ltr'>πάντα</span> <span class='ocrx_word' id='word_1_384' title='bbox 1438 3568 1758 3643; x_wconf 84' lang='grc' dir='ltr'>παρήγαγεν</span> <span class='ocrx_word' id='word_1_385' title='bbox 1826 3570 1854 3624; x_wconf 92' lang='lat'>6</span> <span class='ocrx_word' id='word_1_386' title='bbox 1913 3570 2123 3643; x_wconf 84' lang='grc' dir='ltr'>Πατήρ.</span> 
     </span>
    </p>
   </div>
   <div class='ocr_carea' id='block_1_54' title="bbox 456 3646 1549 3730">
    <p class='ocr_par' dir='ltr' id='par_1_54' title="bbox 456 3646 1549 3730">
     <span class='ocr_line' id='line_1_54' title="bbox 456 3646 1549 3730; baseline 0.006 -26"><span class='ocrx_word' id='word_1_387' title='bbox 456 3647 742 3706; x_wconf 83' lang='grc' dir='ltr'>Ἐλλείπει</span> <span class='ocrx_word' id='word_1_388' title='bbox 774 3646 834 3704; x_wconf 79' lang='grc' dir='ltr'>δὲ</span> <span class='ocrx_word' id='word_1_389' title='bbox 860 3654 941 3723; x_wconf 80' lang='grc' dir='ltr'>τῷ</span> <span class='ocrx_word' id='word_1_390' title='bbox 970 3652 1171 3728; x_wconf 88' lang='grc' dir='ltr'>στίχῳ,</span> <span class='ocrx_word' id='word_1_391' title='bbox 1198 3654 1253 3708; x_wconf 75' lang='grc' dir='ltr'>οἱ</span> <span class='ocrx_word' id='word_1_392' title='bbox 1283 3654 1497 3730; x_wconf 87' lang='grc' dir='ltr'>ἐχθροί.</span> <span class='ocrx_word' id='word_1_393' title='bbox 1546 3676 1549 3677; x_wconf 58' lang='grc'><strong><em>⁷</em></strong></span> 
     </span>
    </p>
   </div>
   <div class='ocr_carea' id='block_1_55' title="bbox 534 3740 2124 3822">
    <p class='ocr_par' dir='ltr' id='par_1_55' title="bbox 534 3740 2124 3822">
     <span class='ocr_line' id='line_1_55' title="bbox 534 3740 2124 3822; baseline 0.004 -30"><span class='ocrx_word' id='word_1_394' title='bbox 534 3762 565 3791; x_wconf 87' lang='grc'>‹‹</span> <span class='ocrx_word' id='word_1_395' title='bbox 598 3740 889 3811; x_wconf 87' lang='grc' dir='ltr'>Γενηθήτω</span> <span class='ocrx_word' id='word_1_396' title='bbox 944 3742 982 3810; x_wconf 80' lang='grc' dir='ltr'>ἡ</span> <span class='ocrx_word' id='word_1_397' title='bbox 1041 3740 1167 3819; x_wconf 86' lang='grc' dir='ltr'>χείρ</span> <span class='ocrx_word' id='word_1_398' title='bbox 1228 3763 1325 3798; x_wconf 92' lang='grc' dir='ltr'>σου</span> <span class='ocrx_word' id='word_1_399' title='bbox 1375 3743 1460 3798; x_wconf 86' lang='grc' dir='ltr'>ἐπ’</span> <span class='ocrx_word' id='word_1_400' title='bbox 1501 3741 1667 3822; x_wconf 77' lang='grc' dir='ltr'>ἄνδρα</span> <span class='ocrx_word' id='word_1_401' title='bbox 1715 3743 1890 3817; x_wconf 79' lang='grc' dir='ltr'>δεξιᾶς</span> <span class='ocrx_word' id='word_1_402' title='bbox 1935 3768 2054 3805; x_wconf 90' lang='grc' dir='ltr'>σου.</span> <span class='ocrx_word' id='word_1_403' title='bbox 2094 3771 2124 3801; x_wconf 82' lang='grc'><strong>››</strong></span> 
     </span>
    </p>
   </div>
   <div class='ocr_carea' id='block_1_56' title="bbox 462 3826 2126 3912">
    <p class='ocr_par' dir='ltr' id='par_1_56' title="bbox 462 3826 2126 3912">
     <span class='ocr_line' id='line_1_56' title="bbox 462 3826 2126 3912; baseline 0.006 -30"><span class='ocrx_word' id='word_1_404' title='bbox 462 3826 691 3905; x_wconf 83' lang='grc' dir='ltr'>-Χεὶρ</span> <span class='ocrx_word' id='word_1_405' title='bbox 744 3829 839 3902; x_wconf 77' lang='grc' dir='ltr'>μὲν</span> <span class='ocrx_word' id='word_1_406' title='bbox 899 3834 1035 3885; x_wconf 82' lang='grc' dir='ltr'>Θεοῦ</span> <span class='ocrx_word' id='word_1_407' title='bbox 1082 3833 1118 3900; x_wconf 79' lang='grc' dir='ltr'>ἠ</span> <span class='ocrx_word' id='word_1_408' title='bbox 1165 3831 1282 3896; x_wconf 89' lang='grc' dir='ltr'>θεία</span> <span class='ocrx_word' id='word_1_409' title='bbox 1328 3830 1583 3907; x_wconf 88' lang='grc' dir='ltr'>δύναμις,</span> <span class='ocrx_word' id='word_1_410' title='bbox 1628 3831 1797 3912; x_wconf 77' lang='grc' dir='ltr'>ἄνδρα</span> <span class='ocrx_word' id='word_1_411' title='bbox 1844 3833 1904 3891; x_wconf 85' lang='grc' dir='ltr'>δέ</span> <span class='ocrx_word' id='word_1_412' title='bbox 1952 3834 2126 3907; x_wconf 81' lang='grc' dir='ltr'>δεξιᾶς</span> 
     </span>
    </p>
   </div>
   <div class='ocr_carea' id='block_1_57' title="bbox 464 3913 2125 4001">
    <p class='ocr_par' dir='ltr' id='par_1_57' title="bbox 464 3913 2125 4001">
     <span class='ocr_line' id='line_1_57' title="bbox 464 3913 2125 4001; baseline 0.004 -28"><span class='ocrx_word' id='word_1_413' title='bbox 464 3913 723 3973; x_wconf 88' lang='grc' dir='ltr'>Ἰουδαῖοι</span> <span class='ocrx_word' id='word_1_414' title='bbox 777 3918 874 3991; x_wconf 80' lang='grc' dir='ltr'>μέν</span> <span class='ocrx_word' id='word_1_415' title='bbox 924 3914 1239 3994; x_wconf 86' lang='grc' dir='ltr'>Ζοροϐάϐελ</span> <span class='ocrx_word' id='word_1_416' title='bbox 1287 3923 1469 4001; x_wconf 76' lang='grc' dir='ltr'>φασὶν,</span> <span class='ocrx_word' id='word_1_417' title='bbox 1523 3922 1598 3987; x_wconf 87' lang='grc' dir='ltr'>ώς</span> <span class='ocrx_word' id='word_1_418' title='bbox 1643 3924 1733 3980; x_wconf 85' lang='grc' dir='ltr'>καὶ</span> <span class='ocrx_word' id='word_1_419' title='bbox 1783 3922 2125 4000; x_wconf 79' lang='grc' dir='ltr'>δεξιώτατον,</span> 
     </span>
    </p>
   </div>
   <div class='ocr_carea' id='block_1_58' title="bbox 465 4003 1500 4084">
    <p class='ocr_par' dir='ltr' id='par_1_58' title="bbox 465 4003 1500 4084">
     <span class='ocr_line' id='line_1_58' title="bbox 465 4003 1500 4084; baseline 0.006 -24"><span class='ocrx_word' id='word_1_420' title='bbox 465 4005 629 4079; x_wconf 72' lang='grc' dir='ltr'>ἡμεῖς</span> <span class='ocrx_word' id='word_1_421' title='bbox 659 4003 718 4061; x_wconf 82' lang='grc' dir='ltr'>δέ</span> <span class='ocrx_word' id='word_1_422' title='bbox 744 4007 810 4062; x_wconf 84' lang='grc' dir='ltr'>τὸ</span> <span class='ocrx_word' id='word_1_423' title='bbox 838 4007 1193 4084; x_wconf 87' lang='grc' dir='ltr'>πρόσλημμα</span> <span class='ocrx_word' id='word_1_424' title='bbox 1220 4016 1319 4066; x_wconf 89' lang='grc' dir='ltr'>τοῦ</span> <span class='ocrx_word' id='word_1_425' title='bbox 1349 4013 1500 4067; x_wconf 76' lang='grc' dir='ltr'>Υἱοῦ.</span> 
     </span>
    </p>
   </div>
   <div class='ocr_carea' id='block_1_59' title="bbox 539 4093 2131 4179">
    <p class='ocr_par' dir='ltr' id='par_1_59' title="bbox 539 4093 2131 4179">
     <span class='ocr_line' id='line_1_59' title="bbox 539 4093 2131 4179; baseline 0.009 -32"><span class='ocrx_word' id='word_1_426' title='bbox 539 4117 570 4146; x_wconf 90' lang='grc'>‹‹</span> <span class='ocrx_word' id='word_1_427' title='bbox 600 4093 701 4149; x_wconf 85' lang='grc' dir='ltr'>Καὶ</span> <span class='ocrx_word' id='word_1_428' title='bbox 758 4095 847 4150; x_wconf 83' lang='grc' dir='ltr'>ἐπὶ</span> <span class='ocrx_word' id='word_1_429' title='bbox 910 4098 1034 4170; x_wconf 74' lang='grc' dir='ltr'>μἰὸν</span> <span class='ocrx_word' id='word_1_430' title='bbox 1091 4099 1382 4175; x_wconf 84' lang='grc' dir='ltr'>ἀνθρώπου</span> <span class='ocrx_word' id='word_1_431' title='bbox 1427 4102 1487 4156; x_wconf 82' lang='grc' dir='ltr'>ὃν</span> <span class='ocrx_word' id='word_1_432' title='bbox 1565 4103 1929 4179; x_wconf 87' lang='grc' dir='ltr'>ἐκραταίωσας</span> <span class='ocrx_word' id='word_1_433' title='bbox 1980 4126 2131 4161; x_wconf 89' lang='grc' dir='ltr'>σεαυ-</span> 
     </span>
    </p>
   </div>
   <div class='ocr_carea' id='block_1_60' title="bbox 463 4184 2131 4266">
    <p class='ocr_par' dir='ltr' id='par_1_60' title="bbox 463 4184 2131 4266">
     <span class='ocr_line' id='line_1_60' title="bbox 463 4184 2131 4266; baseline 0.005 -28"><span class='ocrx_word' id='word_1_434' title='bbox 463 4185 564 4254; x_wconf 77' lang='grc' dir='ltr'>τῷ.</span> <span class='ocrx_word' id='word_1_435' title='bbox 625 4205 656 4234; x_wconf 83' lang='lat'><strong>»</strong></span> <span class='ocrx_word' id='word_1_436' title='bbox 705 4215 777 4227; x_wconf 83' lang='lat'>——</span> <span class='ocrx_word' id='word_1_437' title='bbox 833 4184 971 4241; x_wconf 82' lang='grc' dir='ltr'>Ἀπὸ</span> <span class='ocrx_word' id='word_1_438' title='bbox 1025 4193 1213 4242; x_wconf 91' lang='grc' dir='ltr'>κοινοῦ</span> <span class='ocrx_word' id='word_1_439' title='bbox 1268 4189 1332 4244; x_wconf 90' lang='grc' dir='ltr'>τὸ</span> <span class='ocrx_word' id='word_1_440' title='bbox 1389 4186 1706 4266; x_wconf 81' lang='grc' dir='ltr'>ἐπίϐλεψον.</span> <span class='ocrx_word' id='word_1_441' title='bbox 1762 4194 1886 4255; x_wconf 78' lang='grc' dir='ltr'>Υἱὸς</span> <span class='ocrx_word' id='word_1_442' title='bbox 1943 4190 2004 4249; x_wconf 78' lang='grc' dir='ltr'>δέ</span> <span class='ocrx_word' id='word_1_443' title='bbox 2032 4194 2131 4248; x_wconf 86' lang='grc' dir='ltr'>ἀν-</span> 
     </span>
    </p>
   </div>
   <div class='ocr_carea' id='block_1_61' title="bbox 466 4270 2131 4357">
    <p class='ocr_par' dir='ltr' id='par_1_61' title="bbox 466 4270 2131 4357">
     <span class='ocr_line' id='line_1_61' title="bbox 466 4270 2131 4357; baseline 0.009 -33"><span class='ocrx_word' id='word_1_444' title='bbox 466 4270 691 4345; x_wconf 87' lang='grc' dir='ltr'>θρώπου</span> <span class='ocrx_word' id='word_1_445' title='bbox 741 4274 880 4328; x_wconf 86' lang='grc' dir='ltr'>κατὰ</span> <span class='ocrx_word' id='word_1_446' title='bbox 929 4275 1023 4348; x_wconf 83' lang='grc' dir='ltr'>μέν</span> <span class='ocrx_word' id='word_1_447' title='bbox 1076 4273 1374 4341; x_wconf 85' lang='grc' dir='ltr'>Ἰουδαίους</span> <span class='ocrx_word' id='word_1_448' title='bbox 1425 4279 1454 4333; x_wconf 91' lang='grc' dir='ltr'>ὁ</span> <span class='ocrx_word' id='word_1_449' title='bbox 1502 4276 1839 4357; x_wconf 83' lang='grc' dir='ltr'>Ζοροϐάϐελ,</span> <span class='ocrx_word' id='word_1_450' title='bbox 1888 4283 2024 4338; x_wconf 88' lang='grc' dir='ltr'>κατά</span> <span class='ocrx_word' id='word_1_451' title='bbox 2073 4281 2131 4338; x_wconf 81' lang='grc' dir='ltr'>δέ</span> 
     </span>
    </p>
   </div>
   <div class='ocr_carea' id='block_1_62' title="bbox 465 4360 2132 4448">
    <p class='ocr_par' dir='ltr' id='par_1_62' title="bbox 465 4360 2132 4448">
     <span class='ocr_line' id='line_1_62' title="bbox 465 4360 2132 4448; baseline 0.009 -35"><span class='ocrx_word' id='word_1_452' title='bbox 465 4360 566 4429; x_wconf 76' lang='grc' dir='ltr'>τὴν</span> <span class='ocrx_word' id='word_1_453' title='bbox 619 4363 969 4440; x_wconf 77' lang='grc' dir='ltr'>προφητικήν</span> <span class='ocrx_word' id='word_1_454' title='bbox 1032 4364 1259 4442; x_wconf 87' lang='grc' dir='ltr'>θεωρίαν</span> <span class='ocrx_word' id='word_1_455' title='bbox 1323 4367 1352 4422; x_wconf 90' lang='lat'>6</span> <span class='ocrx_word' id='word_1_456' title='bbox 1403 4366 1781 4448; x_wconf 76' lang='grc' dir='ltr'>προσληφθεὶς</span> <span class='ocrx_word' id='word_1_457' title='bbox 1849 4368 2132 4445; x_wconf 80' lang='grc' dir='ltr'>ἅνθρωπος</span> 
     </span>
    </p>
   </div>
   <div class='ocr_carea' id='block_1_63' title="bbox 464 4450 2133 4533">
    <p class='ocr_par' dir='ltr' id='par_1_63' title="bbox 464 4450 2133 4533">
     <span class='ocr_line' id='line_1_63' title="bbox 464 4450 2133 4533; baseline 0.008 -30"><span class='ocrx_word' id='word_1_458' title='bbox 464 4451 547 4520; x_wconf 79' lang='grc' dir='ltr'>τῷ</span> <span class='ocrx_word' id='word_1_459' title='bbox 593 4453 712 4522; x_wconf 87' lang='grc' dir='ltr'>Θεῷ</span> <span class='ocrx_word' id='word_1_460' title='bbox 761 4450 949 4525; x_wconf 86' lang='grc' dir='ltr'>Λόγῳ,</span> <span class='ocrx_word' id='word_1_461' title='bbox 1006 4452 1066 4508; x_wconf 74' lang='grc' dir='ltr'>’ὸν</span> <span class='ocrx_word' id='word_1_462' title='bbox 1118 4453 1279 4517; x_wconf 76' lang='grc' dir='ltr'>αὐτὸς</span> <span class='ocrx_word' id='word_1_463' title='bbox 1325 4456 1354 4510; x_wconf 94' lang='lat'>6</span> <span class='ocrx_word' id='word_1_464' title='bbox 1402 4453 1731 4533; x_wconf 88' lang='grc' dir='ltr'>προσλαϐὼν</span> <span class='ocrx_word' id='word_1_465' title='bbox 1775 4459 2133 4532; x_wconf 83' lang='grc' dir='ltr'>ἐκραταίωσεν</span> 
     </span>
    </p>
   </div>
   <div class='ocr_carea' id='block_1_64' title="bbox 467 4536 2133 4622">
    <p class='ocr_par' dir='ltr' id='par_1_64' title="bbox 467 4536 2133 4622">
     <span class='ocr_line' id='line_1_64' title="bbox 467 4536 2133 4622; baseline 0.009 -31"><span class='ocrx_word' id='word_1_466' title='bbox 467 4536 663 4610; x_wconf 78' lang='grc' dir='ltr'>έαυτῷο</span> <span class='ocrx_word' id='word_1_467' title='bbox 719 4536 838 4608; x_wconf 72' lang='grc' dir='ltr'>ἤως</span> <span class='ocrx_word' id='word_1_468' title='bbox 892 4540 983 4620; x_wconf 80' lang='grc' dir='ltr'>ἀφ’</span> <span class='ocrx_word' id='word_1_469' title='bbox 1042 4543 1255 4615; x_wconf 83' lang='grc' dir='ltr'>ἐαυτοῦ,</span> <span class='ocrx_word' id='word_1_470' title='bbox 1312 4545 1419 4600; x_wconf 87' lang='grc' dir='ltr'>ἀπὸ</span> <span class='ocrx_word' id='word_1_471' title='bbox 1467 4553 1569 4616; x_wconf 86' lang='grc' dir='ltr'>τῆς</span> <span class='ocrx_word' id='word_1_472' title='bbox 1624 4547 1789 4603; x_wconf 81' lang='grc' dir='ltr'>αὐτοῦ</span> <span class='ocrx_word' id='word_1_473' title='bbox 1849 4546 2133 4622; x_wconf 89' lang='grc' dir='ltr'>δυνάμεως</span> 
     </span>
    </p>
   </div>
   <div class='ocr_carea' id='block_1_65' title="bbox 475 4623 2213 4718">
    <p class='ocr_par' dir='ltr' id='par_1_65' title="bbox 475 4623 2213 4718">
     <span class='ocr_line' id='line_1_65' title="bbox 475 4623 2213 4718; baseline 0.009 -39"><span class='ocrx_word' id='word_1_474' title='bbox 475 4623 743 4699; x_wconf 79' lang='grc' dir='ltr'>μεταδοὺς</span> <span class='ocrx_word' id='word_1_475' title='bbox 795 4627 944 4702; x_wconf 79' lang='grc' dir='ltr'>αὐτῷ</span> <span class='ocrx_word' id='word_1_476' title='bbox 990 4630 1082 4686; x_wconf 82' lang='grc' dir='ltr'>καὶ</span> <span class='ocrx_word' id='word_1_477' title='bbox 1133 4628 1455 4706; x_wconf 86' lang='grc' dir='ltr'>δυναμώσας</span> <span class='ocrx_word' id='word_1_478' title='bbox 1511 4635 1649 4691; x_wconf 81' lang='grc' dir='ltr'>κατὰ</span> <span class='ocrx_word' id='word_1_479' title='bbox 1689 4641 1789 4692; x_wconf 91' lang='grc' dir='ltr'>τοῦ</span> <span class='ocrx_word' id='word_1_480' title='bbox 1835 4637 2132 4711; x_wconf 90' lang='grc' dir='ltr'>πολεμίου·</span> <span class='ocrx_word' id='word_1_481' title='bbox 2166 4653 2213 4718; x_wconf 87' lang='lat' dir='ltr'><strong>D</strong></span> 
     </span>
    </p>
   </div>
   <div class='ocr_carea' id='block_1_66' title="bbox 470 4714 2140 4807">
    <p class='ocr_par' dir='ltr' id='par_1_66' title="bbox 470 4714 2140 4807">
     <span class='ocr_line' id='line_1_66' title="bbox 470 4714 2140 4807; baseline 0.009 -38"><span class='ocrx_word' id='word_1_482' title='bbox 470 4715 609 4807; x_wconf 77' lang='grc' dir='ltr'>πρὸς</span> <span class='ocrx_word' id='word_1_483' title='bbox 639 4715 742 4807; x_wconf 31' lang='grc' dir='ltr'>,τὸν</span> <span class='ocrx_word' id='word_1_484' title='bbox 792 4714 1181 4807; x_wconf 84' lang='grc' dir='ltr'>προσλαϐόντα</span> <span class='ocrx_word' id='word_1_485' title='bbox 1225 4721 1329 4799; x_wconf 84' lang='grc' dir='ltr'>γὰρ</span> <span class='ocrx_word' id='word_1_486' title='bbox 1372 4725 1408 4792; x_wconf 87' lang='grc' dir='ltr'>ἠ</span> <span class='ocrx_word' id='word_1_487' title='bbox 1463 4723 1602 4801; x_wconf 86' lang='grc' dir='ltr'>εύχή</span> <span class='ocrx_word' id='word_1_488' title='bbox 1654 4726 1780 4803; x_wconf 84' lang='grc' dir='ltr'>περὶ</span> <span class='ocrx_word' id='word_1_489' title='bbox 1826 4729 1925 4782; x_wconf 89' lang='grc' dir='ltr'>τοῦ</span> <span class='ocrx_word' id='word_1_490' title='bbox 1973 4750 2140 4807; x_wconf 90' lang='grc' dir='ltr'>προσ-</span> 
     </span>
    </p>
   </div>
   <div class='ocr_carea' id='block_1_67' title="bbox 473 4801 2135 4889">
    <p class='ocr_par' dir='ltr' id='par_1_67' title="bbox 473 4801 2135 4889">
     <span class='ocr_line' id='line_1_67' title="bbox 473 4801 2135 4889; baseline 0.009 -31"><span class='ocrx_word' id='word_1_491' title='bbox 473 4801 783 4883; x_wconf 73' lang='grc' dir='ltr'>ληφθέντος</span> <span class='ocrx_word' id='word_1_492' title='bbox 839 4806 1163 4884; x_wconf 87' lang='grc' dir='ltr'>ἀνθρώπου,</span> <span class='ocrx_word' id='word_1_493' title='bbox 1217 4809 1307 4866; x_wconf 71' lang='grc' dir='ltr'>’ίνα</span> <span class='ocrx_word' id='word_1_494' title='bbox 1364 4808 1653 4889; x_wconf 82' lang='grc' dir='ltr'>προσλάϐῃ</span> <span class='ocrx_word' id='word_1_495' title='bbox 1708 4801 1898 4871; x_wconf 83' lang='grc' dir='ltr'>θᾶττον</span> <span class='ocrx_word' id='word_1_496' title='bbox 1952 4801 2135 4873; x_wconf 79' lang='grc' dir='ltr'>αὐτόν·</span> 
     </span>
    </p>
   </div>
   <div class='ocr_carea' id='block_1_68' title="bbox 475 4890 2137 4979">
    <p class='ocr_par' dir='ltr' id='par_1_68' title="bbox 475 4890 2137 4979">
     <span class='ocr_line' id='line_1_68' title="bbox 475 4890 2137 4979; baseline 0.009 -32"><span class='ocrx_word' id='word_1_497' title='bbox 475 4890 563 4948; x_wconf 87' lang='grc' dir='ltr'>διὸ</span> <span class='ocrx_word' id='word_1_498' title='bbox 590 4894 654 4949; x_wconf 86' lang='grc' dir='ltr'>τὸ</span> <span class='ocrx_word' id='word_1_499' title='bbox 685 4892 1057 4970; x_wconf 80' lang='grc' dir='ltr'>ἐκραταίωσας</span> <span class='ocrx_word' id='word_1_500' title='bbox 1089 4898 1207 4955; x_wconf 83' lang='grc' dir='ltr'>ἀντὶ</span> <span class='ocrx_word' id='word_1_501' title='bbox 1257 4906 1356 4956; x_wconf 86' lang='grc' dir='ltr'>τοῦ</span> <span class='ocrx_word' id='word_1_502' title='bbox 1402 4904 1781 4979; x_wconf 88' lang='grc' dir='ltr'>κραταιώσεις.</span> <span class='ocrx_word' id='word_1_503' title='bbox 1822 4908 1916 4960; x_wconf 74' lang='grc' dir='ltr'>’Ὀν</span> <span class='ocrx_word' id='word_1_504' title='bbox 1950 4907 1978 4961; x_wconf 89' lang='lat'>6</span> <span class='ocrx_word' id='word_1_505' title='bbox 2015 4908 2137 4970; x_wconf 70' lang='grc' dir='ltr'>Υἱὸς</span> 
     </span>
    </p>
   </div>
   <div class='ocr_carea' id='block_1_69' title="bbox 473 4989 2138 5072">
    <p class='ocr_par' dir='ltr' id='par_1_69' title="bbox 473 4989 2138 5072">
     <span class='ocr_line' id='line_1_69' title="bbox 473 4989 2138 5072; baseline 0.01 -36"><span class='ocrx_word' id='word_1_506' title='bbox 473 4989 746 5057; x_wconf 88' lang='grc' dir='ltr'>κραταιοῖ,</span> <span class='ocrx_word' id='word_1_507' title='bbox 777 5006 972 5042; x_wconf 85' lang='grc' dir='ltr'>τουτον</span> <span class='ocrx_word' id='word_1_508' title='bbox 1005 4989 1034 5043; x_wconf 92' lang='lat'>6</span> <span class='ocrx_word' id='word_1_509' title='bbox 1065 4990 1253 5066; x_wconf 79' lang='grc' dir='ltr'>Πατήρ</span> <span class='ocrx_word' id='word_1_510' title='bbox 1279 4997 1532 5066; x_wconf 84' lang='grc' dir='ltr'>κραταιοῖ</span> <span class='ocrx_word' id='word_1_511' title='bbox 1576 4993 1713 5047; x_wconf 86' lang='grc' dir='ltr'>κατά</span> <span class='ocrx_word' id='word_1_512' title='bbox 1756 4995 1857 5065; x_wconf 81' lang='grc' dir='ltr'>τὴν</span> <span class='ocrx_word' id='word_1_513' title='bbox 1909 4998 2047 5072; x_wconf 86' lang='grc' dir='ltr'>πρὸς</span> <span class='ocrx_word' id='word_1_514' title='bbox 2076 4998 2138 5052; x_wconf 88' lang='grc' dir='ltr'>τὸ</span> 
     </span>
    </p>
   </div>
   <div class='ocr_carea' id='block_1_70' title="bbox 474 5070 1224 5155">
    <p class='ocr_par' dir='ltr' id='par_1_70' title="bbox 474 5070 1224 5155">
     <span class='ocr_line' id='line_1_70' title="bbox 474 5070 1224 5155; baseline 0.012 -30"><span class='ocrx_word' id='word_1_515' title='bbox 474 5074 691 5148; x_wconf 88' lang='grc' dir='ltr'>πρῶτον</span> <span class='ocrx_word' id='word_1_516' title='bbox 725 5070 899 5130; x_wconf 73' lang='grc' dir='ltr'>αἶ’τιον</span> <span class='ocrx_word' id='word_1_517' title='bbox 931 5074 1224 5155; x_wconf 80' lang='grc' dir='ltr'>ἀναφοράν.</span> 
     </span>
    </p>
   </div>
   <div class='ocr_carea' id='block_1_71' title="bbox 548 5160 2134 5249">
    <p class='ocr_par' dir='ltr' id='par_1_71' title="bbox 548 5160 2134 5249">
     <span class='ocr_line' id='line_1_71' title="bbox 548 5160 2134 5249; baseline 0.009 -32"><span class='ocrx_word' id='word_1_518' title='bbox 548 5184 579 5213; x_wconf 87' lang='grc'>‹‹</span> <span class='ocrx_word' id='word_1_519' title='bbox 613 5160 713 5218; x_wconf 82' lang='grc' dir='ltr'>Καὶ</span> <span class='ocrx_word' id='word_1_520' title='bbox 746 5162 807 5219; x_wconf 83' lang='grc' dir='ltr'>ού</span> <span class='ocrx_word' id='word_1_521' title='bbox 857 5166 933 5239; x_wconf 75' lang='grc' dir='ltr'>μὴ</span> <span class='ocrx_word' id='word_1_522' title='bbox 986 5166 1311 5243; x_wconf 79' lang='grc' dir='ltr'>ἀποστῶμεν</span> <span class='ocrx_word' id='word_1_523' title='bbox 1352 5168 1459 5225; x_wconf 70' lang='grc' dir='ltr'>ἀπὸ</span> <span class='ocrx_word' id='word_1_524' title='bbox 1510 5175 1625 5225; x_wconf 90' lang='grc' dir='ltr'>σοῦ·</span> <span class='ocrx_word' id='word_1_525' title='bbox 1679 5173 1916 5242; x_wconf 86' lang='grc' dir='ltr'>ζωώσεις</span> <span class='ocrx_word' id='word_1_526' title='bbox 1964 5178 2134 5249; x_wconf 79' lang='grc' dir='ltr'>ἡμᾶς·</span> 
     </span>
    </p>
   </div>
   <div class='ocr_carea' id='block_1_72' title="bbox 473 5246 2135 5341">
    <p class='ocr_par' dir='ltr' id='par_1_72' title="bbox 473 5246 2135 5341">
     <span class='ocr_line' id='line_1_72' title="bbox 473 5246 2135 5341; baseline 0.012 -40"><span class='ocrx_word' id='word_1_527' title='bbox 473 5246 659 5304; x_wconf 79' lang='grc' dir='ltr'>καὶτὸ</span> <span class='ocrx_word' id='word_1_528' title='bbox 689 5246 866 5325; x_wconf 71' lang='grc' dir='ltr'>ὄνομά</span> <span class='ocrx_word' id='word_1_529' title='bbox 912 5275 1010 5310; x_wconf 90' lang='grc' dir='ltr'>σου</span> <span class='ocrx_word' id='word_1_530' title='bbox 1057 5254 1513 5331; x_wconf 82' lang='grc' dir='ltr'>έπικαλεσόμεθα.</span> <span class='ocrx_word' id='word_1_531' title='bbox 1565 5283 1596 5312; x_wconf 85' lang='grc'>››</span> <span class='ocrx_word' id='word_1_532' title='bbox 1644 5294 1713 5302; x_wconf 91' lang='lat'>-—</span> <span class='ocrx_word' id='word_1_533' title='bbox 1753 5267 1929 5318; x_wconf 90' lang='grc' dir='ltr'>Ταῦτα</span> <span class='ocrx_word' id='word_1_534' title='bbox 1965 5246 2135 5341; x_wconf 86' lang='grc' dir='ltr'>προσ-</span> 
     </span>
    </p>
   </div>
   <div class='ocr_carea' id='block_1_73' title="bbox 476 5337 2137 5432">
    <p class='ocr_par' dir='ltr' id='par_1_73' title="bbox 476 5337 2137 5432">
     <span class='ocr_line' id='line_1_73' title="bbox 476 5337 2137 5432; baseline 0.012 -43"><span class='ocrx_word' id='word_1_535' title='bbox 476 5337 615 5410; x_wconf 87' lang='grc' dir='ltr'>ώπῳ</span> <span class='ocrx_word' id='word_1_536' title='bbox 654 5342 764 5395; x_wconf 91' lang='grc' dir='ltr'>τῶν</span> <span class='ocrx_word' id='word_1_537' title='bbox 819 5339 1139 5414; x_wconf 85' lang='grc' dir='ltr'>μελλόντων</span> <span class='ocrx_word' id='word_1_538' title='bbox 1190 5352 1471 5402; x_wconf 88' lang='grc' dir='ltr'>πιστεῦσαι</span> <span class='ocrx_word' id='word_1_539' title='bbox 1519 5347 1684 5404; x_wconf 83' lang='grc' dir='ltr'>ἐθνῶν</span> <span class='ocrx_word' id='word_1_540' title='bbox 1750 5352 1840 5406; x_wconf 84' lang='grc' dir='ltr'>καὶ</span> <span class='ocrx_word' id='word_1_541' title='bbox 1891 5354 2137 5432; x_wconf 66' lang='grc' dir='ltr'>ἀφοσιω-</span> 
     </span>
    </p>
   </div>
   <div class='ocr_carea' id='block_1_74' title="bbox 474 5425 2134 5518">
    <p class='ocr_par' dir='ltr' id='par_1_74' title="bbox 474 5425 2134 5518">
     <span class='ocr_line' id='line_1_74' title="bbox 474 5425 2134 5518; baseline 0.011 -40"><span class='ocrx_word' id='word_1_542' title='bbox 474 5425 905 5518; x_wconf 38' lang='grc' dir='ltr'>θῆναιιτελείως</span> <span class='ocrx_word' id='word_1_543' title='bbox 947 5437 1082 5506; x_wconf 79' lang='grc' dir='ltr'>Θεῷ.</span> <span class='ocrx_word' id='word_1_544' title='bbox 1135 5436 1381 5498; x_wconf 89' lang='grc' dir='ltr'>Ζωώσεις</span> <span class='ocrx_word' id='word_1_545' title='bbox 1430 5440 1598 5511; x_wconf 82' lang='grc' dir='ltr'>ἡμᾶς,</span> <span class='ocrx_word' id='word_1_546' title='bbox 1649 5440 1819 5518; x_wconf 72' lang='grc' dir='ltr'>φησί,</span> <span class='ocrx_word' id='word_1_547' title='bbox 1873 5425 2000 5504; x_wconf 68' lang='grc' dir='ltr'>σοῦς</span> <span class='ocrx_word' id='word_1_548' title='bbox 2050 5464 2134 5497; x_wconf 87' lang='grc' dir='ltr'>νε-</span> 
     </span>
    </p>
   </div>
   <div class='ocr_carea' id='block_1_75' title="bbox 473 5509 2133 5604">
    <p class='ocr_par' dir='ltr' id='par_1_75' title="bbox 473 5509 2133 5604">
     <span class='ocr_line' id='line_1_75' title="bbox 473 5509 2133 5604; baseline 0.013 -37"><span class='ocrx_word' id='word_1_549' title='bbox 473 5509 782 5587; x_wconf 78' lang='grc' dir='ltr'>κρωθέντας</span> <span class='ocrx_word' id='word_1_550' title='bbox 851 5524 971 5582; x_wconf 86' lang='grc' dir='ltr'>ταῖς</span> <span class='ocrx_word' id='word_1_551' title='bbox 1032 5529 1341 5603; x_wconf 75' lang='grc' dir='ltr'>συμφοραῖς</span> <span class='ocrx_word' id='word_1_552' title='bbox 1393 5526 1429 5594; x_wconf 74' lang='grc' dir='ltr'>ἢ</span> <span class='ocrx_word' id='word_1_553' title='bbox 1477 5509 1717 5599; x_wconf 78' lang='grc' dir='ltr'>μᾶλλον</span> <span class='ocrx_word' id='word_1_554' title='bbox 1762 5509 1829 5604; x_wconf 65' lang='grc' dir='ltr'>τῇ</span> <span class='ocrx_word' id='word_1_555' title='bbox 1890 5530 2133 5604; x_wconf 86' lang='grc' dir='ltr'>ἀπιστίᾳ.</span> 
     </span>
    </p>
   </div>
   <div class='ocr_carea' id='block_1_76' title="bbox 1101 5651 1527 5709">
    <p class='ocr_par' dir='ltr' id='par_1_76' title="bbox 1101 5651 1527 5709">
     <span class='ocr_line' id='line_1_76' title="bbox 1101 5651 1527 5709; baseline 0.016 -7"><span class='ocrx_word' id='word_1_556' title='bbox 1101 5651 1403 5707; x_wconf 82' lang='grc' dir='ltr'>ΨΑΛΜΟΣ</span> <span class='ocrx_word' id='word_1_557' title='bbox 1444 5652 1527 5709; x_wconf 89' lang='grc' dir='ltr'>Π’.</span> 
     </span>
    </p>
   </div>
   <div class='ocr_carea' id='block_1_77' title="bbox 552 5727 2135 5820">
    <p class='ocr_par' dir='ltr' id='par_1_77' title="bbox 552 5727 2135 5820">
     <span class='ocr_line' id='line_1_77' title="bbox 552 5727 2135 5820; baseline 0.015 -40"><span class='ocrx_word' id='word_1_558' title='bbox 552 5750 584 5780; x_wconf 88' lang='grc'>‹‹</span> <span class='ocrx_word' id='word_1_559' title='bbox 630 5727 725 5792; x_wconf 86' lang='grc' dir='ltr'>Εἷς</span> <span class='ocrx_word' id='word_1_560' title='bbox 783 5731 846 5786; x_wconf 86' lang='grc' dir='ltr'>τὸ</span> <span class='ocrx_word' id='word_1_561' title='bbox 899 5730 1059 5798; x_wconf 88' lang='grc' dir='ltr'>τέλος</span> <span class='ocrx_word' id='word_1_562' title='bbox 1096 5781 1112 5809; x_wconf 91' lang='grc'>,</span> <span class='ocrx_word' id='word_1_563' title='bbox 1166 5737 1298 5816; x_wconf 76' lang='grc' dir='ltr'>ὑπὲρ</span> <span class='ocrx_word' id='word_1_564' title='bbox 1358 5743 1466 5796; x_wconf 86' lang='grc' dir='ltr'>τῶν</span> <span class='ocrx_word' id='word_1_565' title='bbox 1532 5740 1712 5814; x_wconf 87' lang='grc' dir='ltr'>ληνῶν</span> <span class='ocrx_word' id='word_1_566' title='bbox 1774 5742 1999 5820; x_wconf 83' lang='grc' dir='ltr'>ψαλμὸς</span> <span class='ocrx_word' id='word_1_567' title='bbox 2054 5750 2135 5820; x_wconf 80' lang='grc' dir='ltr'>τῷ</span> 
     </span>
    </p>
   </div>
   <div class='ocr_carea' id='block_1_78' title="bbox 2228 1977 3797 2061">
    <p class='ocr_par' dir='ltr' id='par_1_78' title="bbox 2228 1977 3797 2061">
     <span class='ocr_line' id='line_1_78' title="bbox 2228 1977 3797 2061; baseline -0.003 -22"><span class='ocrx_word' id='word_1_568' title='bbox 2228 1982 2511 2054; x_wconf 86' lang='grc' dir='ltr'>σαλπίζειν</span> <span class='ocrx_word' id='word_1_569' title='bbox 2536 1984 2600 2039; x_wconf 88' lang='grc' dir='ltr'>τὸ</span> <span class='ocrx_word' id='word_1_570' title='bbox 2647 1984 2819 2061; x_wconf 79' lang='grc' dir='ltr'>ἅγιον,</span> <span class='ocrx_word' id='word_1_571' title='bbox 2868 1980 3042 2039; x_wconf 63' lang='grc' dir='ltr'>εἷίτοον</span> <span class='ocrx_word' id='word_1_572' title='bbox 3091 1982 3373 2060; x_wconf 84' lang='grc' dir='ltr'>κηρύττειν</span> <span class='ocrx_word' id='word_1_573' title='bbox 3420 1981 3548 2037; x_wconf 83' lang='grc' dir='ltr'>κατά</span> <span class='ocrx_word' id='word_1_574' title='bbox 3578 1981 3661 2050; x_wconf 80' lang='grc' dir='ltr'>τὴν</span> <span class='ocrx_word' id='word_1_575' title='bbox 3700 1977 3797 2050; x_wconf 72' lang='grc' dir='ltr'>ὴμέ-</span> 
     </span>
    </p>
   </div>
   <div class='ocr_carea' id='block_1_79' title="bbox 2230 2065 3796 2150">
    <p class='ocr_par' dir='ltr' id='par_1_79' title="bbox 2230 2065 3796 2150">
     <span class='ocr_line' id='line_1_79' title="bbox 2230 2065 3796 2150; baseline -0.005 -23"><span class='ocrx_word' id='word_1_576' title='bbox 2230 2093 2324 2148; x_wconf 90' lang='grc' dir='ltr'>ραν</span> <span class='ocrx_word' id='word_1_577' title='bbox 2374 2079 2475 2143; x_wconf 88' lang='grc' dir='ltr'>τῆς</span> <span class='ocrx_word' id='word_1_578' title='bbox 2524 2077 2761 2150; x_wconf 82' lang='grc' dir='ltr'>Χριστοῦ</span> <span class='ocrx_word' id='word_1_579' title='bbox 2806 2072 3148 2136; x_wconf 87' lang='grc' dir='ltr'>ἀναστάσεως</span> <span class='ocrx_word' id='word_1_580' title='bbox 3194 2071 3361 2142; x_wconf 75' lang='grc' dir='ltr'>αὐτὴν</span> <span class='ocrx_word' id='word_1_581' title='bbox 3405 2071 3498 2140; x_wconf 77' lang='grc' dir='ltr'>τὴν</span> <span class='ocrx_word' id='word_1_582' title='bbox 3534 2073 3620 2125; x_wconf 88' lang='grc' dir='ltr'>τοῦ</span> <span class='ocrx_word' id='word_1_583' title='bbox 3650 2065 3796 2143; x_wconf 65' lang='grc' dir='ltr'>Κυρίου</span> 
     </span>
    </p>
   </div>
   <div class='ocr_carea' id='block_1_80' title="bbox 2229 2155 3793 2238">
    <p class='ocr_par' dir='ltr' id='par_1_80' title="bbox 2229 2155 3793 2238">
     <span class='ocr_line' id='line_1_80' title="bbox 2229 2155 3793 2238; baseline -0.003 -21"><span class='ocrx_word' id='word_1_584' title='bbox 2229 2161 2514 2218; x_wconf 82' lang='grc' dir='ltr'>ἀνάστασιν</span> <span class='ocrx_word' id='word_1_585' title='bbox 2547 2207 2560 2219; x_wconf 94' lang='grc'>.</span> <span class='ocrx_word' id='word_1_586' title='bbox 2619 2160 2829 2233; x_wconf 87' lang='grc' dir='ltr'>Ταύτην</span> <span class='ocrx_word' id='word_1_587' title='bbox 2892 2159 2952 2217; x_wconf 72' lang='grc' dir='ltr'>δὲ</span> <span class='ocrx_word' id='word_1_588' title='bbox 3004 2163 3107 2232; x_wconf 78' lang='grc' dir='ltr'>τὴν</span> <span class='ocrx_word' id='word_1_589' title='bbox 3170 2160 3380 2238; x_wconf 79' lang='grc' dir='ltr'>ἡμέραν</span> <span class='ocrx_word' id='word_1_590' title='bbox 3434 2158 3687 2234; x_wconf 86' lang='grc' dir='ltr'>νεομηνίαν</span> <span class='ocrx_word' id='word_1_591' title='bbox 3734 2155 3793 2227; x_wconf 75' lang='grc' dir='ltr'>μὲν</span> 
     </span>
    </p>
   </div>
   <div class='ocr_carea' id='block_1_81' title="bbox 2235 2244 3795 2325">
    <p class='ocr_par' dir='ltr' id='par_1_81' title="bbox 2235 2244 3795 2325">
     <span class='ocr_line' id='line_1_81' title="bbox 2235 2244 3795 2325; baseline -0.006 -19"><span class='ocrx_word' id='word_1_592' title='bbox 2235 2251 2492 2325; x_wconf 86' lang='grc' dir='ltr'>ὀνομάζει</span> <span class='ocrx_word' id='word_1_593' title='bbox 2526 2249 2615 2307; x_wconf 79' lang='grc' dir='ltr'>διὰ</span> <span class='ocrx_word' id='word_1_594' title='bbox 2637 2251 2700 2307; x_wconf 88' lang='grc' dir='ltr'>τὸ</span> <span class='ocrx_word' id='word_1_595' title='bbox 2728 2251 2847 2307; x_wconf 84' lang='grc' dir='ltr'>κατ’</span> <span class='ocrx_word' id='word_1_596' title='bbox 2877 2251 3046 2320; x_wconf 77' lang='grc' dir='ltr'>αὐτὴν</span> <span class='ocrx_word' id='word_1_597' title='bbox 3079 2251 3513 2319; x_wconf 86' lang='grc' dir='ltr'>ἀνακαινισθῆναι</span> <span class='ocrx_word' id='word_1_598' title='bbox 3540 2249 3625 2318; x_wconf 77' lang='grc' dir='ltr'>τὴν</span> <span class='ocrx_word' id='word_1_599' title='bbox 3659 2244 3795 2309; x_wconf 78' lang='grc' dir='ltr'>κτίσιν,</span> 
     </span>
    </p>
   </div>
   <div class='ocr_carea' id='block_1_82' title="bbox 2232 2334 3791 2414">
    <p class='ocr_par' dir='ltr' id='par_1_82' title="bbox 2232 2334 3791 2414">
     <span class='ocr_line' id='line_1_82' title="bbox 2232 2334 3791 2414; baseline -0.004 -18"><span class='ocrx_word' id='word_1_600' title='bbox 2232 2338 2472 2414; x_wconf 73' lang='grc' dir='ltr'>εὔσημον</span> <span class='ocrx_word' id='word_1_601' title='bbox 2555 2337 2613 2396; x_wconf 76' lang='grc' dir='ltr'>δὲ</span> <span class='ocrx_word' id='word_1_602' title='bbox 2684 2337 2811 2410; x_wconf 72' lang='grc' dir='ltr'>ἤτοι</span> <span class='ocrx_word' id='word_1_603' title='bbox 2878 2339 3151 2414; x_wconf 79' lang='grc' dir='ltr'>ἐπίσημον</span> <span class='ocrx_word' id='word_1_604' title='bbox 3233 2340 3308 2403; x_wconf 83' lang='grc' dir='ltr'>ὡς</span> <span class='ocrx_word' id='word_1_605' title='bbox 3380 2339 3564 2414; x_wconf 85' lang='grc' dir='ltr'>ἐορτῶν</span> <span class='ocrx_word' id='word_1_606' title='bbox 3623 2334 3791 2410; x_wconf 68' lang='grc' dir='ltr'>ἑορτήν.</span> 
     </span>
    </p>
   </div>
   <div class='ocr_carea' id='block_1_83' title="bbox 2233 2427 3233 2507">
    <p class='ocr_par' dir='ltr' id='par_1_83' title="bbox 2233 2427 3233 2507">
     <span class='ocr_line' id='line_1_83' title="bbox 2233 2427 3233 2507; baseline 0 -21"><span class='ocrx_word' id='word_1_607' title='bbox 2233 2428 2526 2507; x_wconf 62' lang='grc' dir='ltr'>Σάλπιγγα</span> <span class='ocrx_word' id='word_1_608' title='bbox 2554 2427 2613 2485; x_wconf 81' lang='grc' dir='ltr'>δέ</span> <span class='ocrx_word' id='word_1_609' title='bbox 2638 2431 2739 2500; x_wconf 74' lang='grc' dir='ltr'>τὴν</span> <span class='ocrx_word' id='word_1_610' title='bbox 2771 2428 3021 2506; x_wconf 88' lang='grc' dir='ltr'>γλῶτταν</span> <span class='ocrx_word' id='word_1_611' title='bbox 3048 2428 3233 2486; x_wconf 87' lang='grc' dir='ltr'>καλεῖ.</span> 
     </span>
    </p>
   </div>
   <div class='ocr_carea' id='block_1_84' title="bbox 2307 2513 3789 2596">
    <p class='ocr_par' dir='ltr' id='par_1_84' title="bbox 2307 2513 3789 2596">
     <span class='ocr_line' id='line_1_84' title="bbox 2307 2513 3789 2596; baseline 0.005 -22"><span class='ocrx_word' id='word_1_612' title='bbox 2307 2522 2483 2575; x_wconf 83' lang='grc' dir='ltr'>«Ὅτι</span> <span class='ocrx_word' id='word_1_613' title='bbox 2540 2519 2869 2596; x_wconf 88' lang='grc' dir='ltr'>πρόσταγμα</span> <span class='ocrx_word' id='word_1_614' title='bbox 2922 2523 3001 2593; x_wconf 78' lang='grc' dir='ltr'>τῷ</span> <span class='ocrx_word' id='word_1_615' title='bbox 3057 2518 3286 2596; x_wconf 83' lang='grc' dir='ltr'>Ἰσραήλ</span> <span class='ocrx_word' id='word_1_616' title='bbox 3342 2517 3492 2589; x_wconf 82' lang='grc' dir='ltr'>ἐστι,</span> <span class='ocrx_word' id='word_1_617' title='bbox 3543 2513 3621 2570; x_wconf 69' lang='grc' dir='ltr'>καὶ</span> <span class='ocrx_word' id='word_1_618' title='bbox 3677 2516 3789 2586; x_wconf 78' lang='grc' dir='ltr'>κρῖμα</span> 
     </span>
    </p>
   </div>
   <div class='ocr_carea' id='block_1_85' title="bbox 2229 2599 3788 2687">
    <p class='ocr_par' dir='ltr' id='par_1_85' title="bbox 2229 2599 3788 2687">
     <span class='ocr_line' id='line_1_85' title="bbox 2229 2599 3788 2687; baseline -0.006 -22"><span class='ocrx_word' id='word_1_619' title='bbox 2229 2614 2311 2683; x_wconf 81' lang='grc' dir='ltr'>τῷ</span> <span class='ocrx_word' id='word_1_620' title='bbox 2370 2613 2487 2682; x_wconf 84' lang='grc' dir='ltr'>Θεῷ</span> <span class='ocrx_word' id='word_1_621' title='bbox 2541 2603 2737 2666; x_wconf 88' lang='grc' dir='ltr'>Ἰακώϐ</span> <span class='ocrx_word' id='word_1_622' title='bbox 2772 2652 2786 2666; x_wconf 93' lang='grc'>.</span> <span class='ocrx_word' id='word_1_623' title='bbox 2849 2631 2881 2661; x_wconf 84' lang='grc'><strong>››</strong></span> <span class='ocrx_word' id='word_1_624' title='bbox 2940 2641 3012 2650; x_wconf 94' lang='lat'><strong>—</strong></span> <span class='ocrx_word' id='word_1_625' title='bbox 3066 2608 3247 2681; x_wconf 74' lang='grc' dir='ltr'>Οὕτω,</span> <span class='ocrx_word' id='word_1_626' title='bbox 3309 2606 3505 2687; x_wconf 74' lang='grc' dir='ltr'>φησὶν,</span> <span class='ocrx_word' id='word_1_627' title='bbox 3552 2599 3788 2671; x_wconf 73' lang='grc' dir='ltr'>ἐντέλλομαι</span> 
     </span>
    </p>
   </div>
   <div class='ocr_carea' id='block_1_86' title="bbox 2232 2688 3785 2775">
    <p class='ocr_par' dir='ltr' id='par_1_86' title="bbox 2232 2688 3785 2775">
     <span class='ocr_line' id='line_1_86' title="bbox 2232 2688 3785 2775; baseline 0.001 -22"><span class='ocrx_word' id='word_1_628' title='bbox 2232 2702 2388 2775; x_wconf 78' lang='grc' dir='ltr'>ἡμῖν,</span> <span class='ocrx_word' id='word_1_629' title='bbox 2422 2697 2505 2753; x_wconf 80' lang='grc' dir='ltr'>ὅτι</span> <span class='ocrx_word' id='word_1_630' title='bbox 2535 2697 2626 2753; x_wconf 89' lang='grc' dir='ltr'>καὶ</span> <span class='ocrx_word' id='word_1_631' title='bbox 2654 2702 2735 2771; x_wconf 82' lang='grc' dir='ltr'>τῷ</span> <span class='ocrx_word' id='word_1_632' title='bbox 2766 2697 3153 2775; x_wconf 81' lang='grc' dir='ltr'>Ἰσραηλιτικῷ</span> <span class='ocrx_word' id='word_1_633' title='bbox 3201 2696 3321 2771; x_wconf 81' lang='grc' dir='ltr'>λαῷ</span> <span class='ocrx_word' id='word_1_634' title='bbox 3360 2695 3650 2773; x_wconf 82' lang='grc' dir='ltr'>πρόσταγμα</span> <span class='ocrx_word' id='word_1_635' title='bbox 3672 2688 3785 2754; x_wconf 71' lang='grc' dir='ltr'>θεόθεν</span> 
     </span>
    </p>
   </div>
   <div class='ocr_carea' id='block_1_87' title="bbox 2235 2775 3784 2862">
    <p class='ocr_par' dir='ltr' id='par_1_87' title="bbox 2235 2775 3784 2862">
     <span class='ocr_line' id='line_1_87' title="bbox 2235 2775 3784 2862; baseline -0.008 -19"><span class='ocrx_word' id='word_1_636' title='bbox 2235 2788 2345 2843; x_wconf 83' lang='grc' dir='ltr'>ἐστὶ</span> <span class='ocrx_word' id='word_1_637' title='bbox 2374 2790 2438 2842; x_wconf 88' lang='grc' dir='ltr'>τὸ</span> <span class='ocrx_word' id='word_1_638' title='bbox 2468 2786 2748 2858; x_wconf 83' lang='grc' dir='ltr'>σαλπίζειν</span> <span class='ocrx_word' id='word_1_639' title='bbox 2804 2786 2855 2843; x_wconf 86' lang='grc' dir='ltr'>έν</span> <span class='ocrx_word' id='word_1_640' title='bbox 2904 2791 2975 2862; x_wconf 82' lang='grc' dir='ltr'>τῇ</span> <span class='ocrx_word' id='word_1_641' title='bbox 3022 2786 3317 2862; x_wconf 83' lang='grc' dir='ltr'>νεομηνίᾳ,</span> <span class='ocrx_word' id='word_1_642' title='bbox 3369 2784 3458 2841; x_wconf 86' lang='grc' dir='ltr'>καὶ</span> <span class='ocrx_word' id='word_1_643' title='bbox 3498 2781 3645 2858; x_wconf 88' lang='grc' dir='ltr'>κρίσις</span> <span class='ocrx_word' id='word_1_644' title='bbox 3673 2775 3784 2834; x_wconf 75' lang='grc' dir='ltr'>εἴτουν</span> 
     </span>
    </p>
   </div>
   <div class='ocr_carea' id='block_1_88' title="bbox 2237 2876 3769 2960">
    <p class='ocr_par' dir='ltr' id='par_1_88' title="bbox 2237 2876 3769 2960">
     <span class='ocr_line' id='line_1_88' title="bbox 2237 2876 3769 2960; baseline 0.002 -27"><span class='ocrx_word' id='word_1_645' title='bbox 2237 2876 2504 2956; x_wconf 79' lang='grc' dir='ltr'>ἀπόφασις</span> <span class='ocrx_word' id='word_1_646' title='bbox 2537 2876 2615 2941; x_wconf 81' lang='grc' dir='ltr'>εἷς</span> <span class='ocrx_word' id='word_1_647' title='bbox 2642 2880 2804 2932; x_wconf 89' lang='grc' dir='ltr'>τοῦτο</span> <span class='ocrx_word' id='word_1_648' title='bbox 2836 2880 2932 2933; x_wconf 91' lang='grc' dir='ltr'>τοῦ</span> <span class='ocrx_word' id='word_1_649' title='bbox 2954 2880 3113 2934; x_wconf 91' lang='grc' dir='ltr'>Θεοῦ.</span> <span class='ocrx_word' id='word_1_650' title='bbox 3663 2954 3672 2960; x_wconf 85' lang='lat'>_</span> <span class='ocrx_word' id='word_1_651' title='bbox 3751 2951 3769 2960; x_wconf 74' lang='lat'><em>_</em></span> 
     </span>
    </p>
   </div>
   <div class='ocr_carea' id='block_1_89' title="bbox 2309 2954 3775 3044">
    <p class='ocr_par' dir='ltr' id='par_1_89' title="bbox 2309 2954 3775 3044">
     <span class='ocr_line' id='line_1_89' title="bbox 2309 2954 3775 3044; baseline -0.001 -26"><span class='ocrx_word' id='word_1_652' title='bbox 2309 2954 2679 3041; x_wconf 76' lang='grc' dir='ltr'>«Μαρτύριον</span> <span class='ocrx_word' id='word_1_653' title='bbox 2747 2964 2800 3020; x_wconf 80' lang='grc' dir='ltr'>ἐν</span> <span class='ocrx_word' id='word_1_654' title='bbox 2856 2970 2938 3038; x_wconf 77' lang='grc' dir='ltr'>τῷ</span> <span class='ocrx_word' id='word_1_655' title='bbox 2996 2966 3204 3044; x_wconf 77' lang='grc' dir='ltr'>Ἰωσὴφ</span> <span class='ocrx_word' id='word_1_656' title='bbox 3265 2963 3412 3020; x_wconf 80' lang='grc' dir='ltr'>ἔθετο</span> <span class='ocrx_word' id='word_1_657' title='bbox 3468 2954 3692 3044; x_wconf 32' lang='grc' dir='ltr'>αὐτὸν,ᾉᾶ</span> <span class='ocrx_word' id='word_1_658' title='bbox 3725 2968 3775 3044; x_wconf 64' lang='grc' dir='ltr'>ξφ</span> 
     </span>
    </p>
   </div>
   <div class='ocr_carea' id='block_1_90' title="bbox 2238 3033 3768 3135">
    <p class='ocr_par' dir='ltr' id='par_1_90' title="bbox 2238 3033 3768 3135">
     <span class='ocr_line' id='line_1_90' title="bbox 2238 3033 3768 3135; baseline 0.01 -27"><span class='ocrx_word' id='word_1_659' title='bbox 2238 3033 2472 3128; x_wconf 78' lang='grc' dir='ltr'>ἐξελθεῖν</span> <span class='ocrx_word' id='word_1_660' title='bbox 2503 3033 2662 3110; x_wconf 71' lang='grc' dir='ltr'>αύτὸν</span> <span class='ocrx_word' id='word_1_661' title='bbox 2697 3054 2759 3110; x_wconf 85' lang='grc' dir='ltr'>ἐκ</span> <span class='ocrx_word' id='word_1_662' title='bbox 2807 3033 2920 3129; x_wconf 73' lang='grc' dir='ltr'>γῆς</span> <span class='ocrx_word' id='word_1_663' title='bbox 2962 3033 3272 3130; x_wconf 77' lang='grc' dir='ltr'>Αῗγύπτόυ.</span> <span class='ocrx_word' id='word_1_664' title='bbox 3308 3077 3337 3106; x_wconf 90' lang='grc'><strong>››</strong></span> <span class='ocrx_word' id='word_1_665' title='bbox 3367 3048 3592 3107; x_wconf 74' lang='grc' dir='ltr'>-Αὐτὸ</span> <span class='ocrx_word' id='word_1_666' title='bbox 3618 3033 3768 3135; x_wconf 64' lang='grc' dir='ltr'>τδ,σίλ;</span> 
     </span>
    </p>
   </div>
   <div class='ocr_carea' id='block_1_91' title="bbox 2236 3129 3771 3220">
    <p class='ocr_par' dir='ltr' id='par_1_91' title="bbox 2236 3129 3771 3220">
     <span class='ocr_line' id='line_1_91' title="bbox 2236 3129 3771 3220; baseline -0.007 -21"><span class='ocrx_word' id='word_1_667' title='bbox 2236 3143 2411 3214; x_wconf 83' lang='grc' dir='ltr'>πίζειν</span> <span class='ocrx_word' id='word_1_668' title='bbox 2446 3141 2838 3220; x_wconf 89' lang='grc' dir='ltr'>διαμαρτυρίας</span> <span class='ocrx_word' id='word_1_669' title='bbox 2869 3142 2960 3198; x_wconf 76' lang='grc' dir='ltr'>καὶ</span> <span class='ocrx_word' id='word_1_670' title='bbox 2991 3129 3376 3220; x_wconf 88' lang='grc' dir='ltr'>παραγγελίας</span> <span class='ocrx_word' id='word_1_671' title='bbox 3410 3140 3653 3210; x_wconf 64' lang='grc' dir='ltr'>ἐποιήσατε)</span> <span class='ocrx_word' id='word_1_672' title='bbox 3673 3129 3771 3191; x_wconf 66' lang='grc' dir='ltr'>ἐντῖιι</span> 
     </span>
    </p>
   </div>
   <div class='ocr_carea' id='block_1_92' title="bbox 2240 3229 3556 3306">
    <p class='ocr_par' dir='ltr' id='par_1_92' title="bbox 2240 3229 3556 3306">
     <span class='ocr_line' id='line_1_92' title="bbox 2240 3229 3556 3306; baseline -0.005 -17"><span class='ocrx_word' id='word_1_673' title='bbox 2240 3232 2359 3306; x_wconf 84' lang='grc' dir='ltr'>λαῷ</span> <span class='ocrx_word' id='word_1_674' title='bbox 2381 3230 2473 3288; x_wconf 79' lang='grc' dir='ltr'>ὅτε</span> <span class='ocrx_word' id='word_1_675' title='bbox 2499 3230 2718 3303; x_wconf 77' lang='grc' dir='ltr'>ἐξῆλθεν</span> <span class='ocrx_word' id='word_1_676' title='bbox 2751 3230 2912 3294; x_wconf 83' lang='grc' dir='ltr'>αὐτός</span> <span class='ocrx_word' id='word_1_677' title='bbox 2945 3232 2974 3286; x_wconf 90' lang='lat'>6</span> <span class='ocrx_word' id='word_1_678' title='bbox 3005 3229 3146 3295; x_wconf 90' lang='grc' dir='ltr'>λαὸς</span> <span class='ocrx_word' id='word_1_679' title='bbox 3177 3232 3231 3303; x_wconf 80' lang='grc' dir='ltr'>ἐξ</span> <span class='ocrx_word' id='word_1_680' title='bbox 3262 3230 3556 3306; x_wconf 66' lang='grc' dir='ltr'>Αἰγύπτου.</span> 
     </span>
    </p>
   </div>
   <div class='ocr_carea' id='block_1_93' title="bbox 2308 3323 3785 3415">
    <p class='ocr_par' dir='ltr' id='par_1_93' title="bbox 2308 3323 3785 3415">
     <span class='ocr_line' id='line_1_93' title="bbox 2308 3323 3785 3415; baseline -0.011 -19"><span class='ocrx_word' id='word_1_681' title='bbox 2308 3364 2339 3393; x_wconf 87' lang='grc'><strong>‹‹</strong></span> <span class='ocrx_word' id='word_1_682' title='bbox 2366 3338 2645 3410; x_wconf 88' lang='grc' dir='ltr'>Γλῶσσαν,</span> <span class='ocrx_word' id='word_1_683' title='bbox 2694 3340 2761 3409; x_wconf 70' lang='grc' dir='ltr'>ἢν</span> <span class='ocrx_word' id='word_1_684' title='bbox 2805 3337 2906 3394; x_wconf 86' lang='grc' dir='ltr'>οὐκ</span> <span class='ocrx_word' id='word_1_685' title='bbox 2951 3335 3113 3415; x_wconf 78' lang='grc' dir='ltr'>ἔγνω,</span> <span class='ocrx_word' id='word_1_686' title='bbox 3145 3336 3398 3410; x_wconf 78' lang='grc' dir='ltr'>ἤκουσεν.</span> <span class='ocrx_word' id='word_1_687' title='bbox 3432 3360 3461 3389; x_wconf 87' lang='grc'><strong>››</strong></span> <span class='ocrx_word' id='word_1_688' title='bbox 3489 3366 3551 3376; x_wconf 79' lang='lat'>-—</span> <span class='ocrx_word' id='word_1_689' title='bbox 3589 3323 3785 3415; x_wconf 68' lang='grc' dir='ltr'>Διάλεκτον</span> 
     </span>
    </p>
   </div>
   <div class='ocr_carea' id='block_1_94' title="bbox 2234 3412 3790 3507">
    <p class='ocr_par' dir='ltr' id='par_1_94' title="bbox 2234 3412 3790 3507">
     <span class='ocr_line' id='line_1_94' title="bbox 2234 3412 3790 3507; baseline -0.004 -22"><span class='ocrx_word' id='word_1_690' title='bbox 2234 3431 2303 3502; x_wconf 75' lang='grc' dir='ltr'>ἢν</span> <span class='ocrx_word' id='word_1_691' title='bbox 2335 3429 2435 3485; x_wconf 79' lang='grc' dir='ltr'>οὐκ</span> <span class='ocrx_word' id='word_1_692' title='bbox 2465 3427 2624 3507; x_wconf 80' lang='grc' dir='ltr'>ἔγνω,</span> <span class='ocrx_word' id='word_1_693' title='bbox 2672 3426 2949 3484; x_wconf 90' lang='grc' dir='ltr'>τουτέστιν</span> <span class='ocrx_word' id='word_1_694' title='bbox 2990 3412 3255 3499; x_wconf 22' lang='grc' dir='ltr'>*ἀσυνήθη</span> <span class='ocrx_word' id='word_1_695' title='bbox 3306 3427 3397 3482; x_wconf 82' lang='grc' dir='ltr'>καὶ</span> <span class='ocrx_word' id='word_1_696' title='bbox 3444 3423 3600 3507; x_wconf 65' lang='grc' dir='ltr'>ξένην,</span> <span class='ocrx_word' id='word_1_697' title='bbox 3632 3412 3790 3507; x_wconf 26' lang='grc' dir='ltr'>’ᾖκουδεν</span> 
     </span>
    </p>
   </div>
   <div class='ocr_carea' id='block_1_95' title="bbox 2237 3501 3793 3591">
    <p class='ocr_par' dir='ltr' id='par_1_95' title="bbox 2237 3501 3793 3591">
     <span class='ocr_line' id='line_1_95' title="bbox 2237 3501 3793 3591; baseline -0.012 -16"><span class='ocrx_word' id='word_1_698' title='bbox 2237 3501 2267 3575; x_wconf 85' lang='lat'>6</span> <span class='ocrx_word' id='word_1_699' title='bbox 2322 3516 2477 3590; x_wconf 85' lang='grc' dir='ltr'>λαὸς,</span> <span class='ocrx_word' id='word_1_700' title='bbox 2505 3501 2953 3591; x_wconf 47' lang='grc' dir='ltr'>’διαταττομένου</span> <span class='ocrx_word' id='word_1_701' title='bbox 3010 3521 3149 3572; x_wconf 90' lang='grc' dir='ltr'>Θεοῦ</span> <span class='ocrx_word' id='word_1_702' title='bbox 3199 3517 3386 3578; x_wconf 83' lang='grc' dir='ltr'>αὐτοῖς</span> <span class='ocrx_word' id='word_1_703' title='bbox 3435 3514 3526 3584; x_wconf 76' lang='grc' dir='ltr'>τὴν</span> <span class='ocrx_word' id='word_1_704' title='bbox 3576 3501 3793 3562; x_wconf 72' lang='grc' dir='ltr'>διάλεκτον·</span> 
     </span>
    </p>
   </div>
   <div class='ocr_carea' id='block_1_96' title="bbox 2237 3592 3795 3686">
    <p class='ocr_par' dir='ltr' id='par_1_96' title="bbox 2237 3592 3795 3686">
     <span class='ocr_line' id='line_1_96' title="bbox 2237 3592 3795 3686; baseline -0.01 -22"><span class='ocrx_word' id='word_1_705' title='bbox 2237 3611 2384 3677; x_wconf 88' lang='grc' dir='ltr'>Ὅτε,</span> <span class='ocrx_word' id='word_1_706' title='bbox 2428 3606 2613 3686; x_wconf 79' lang='grc' dir='ltr'>φησὶν,</span> <span class='ocrx_word' id='word_1_707' title='bbox 2665 3601 3014 3685; x_wconf 76' lang='grc' dir='ltr'>ἐφοϐήθησαν</span> <span class='ocrx_word' id='word_1_708' title='bbox 3043 3628 3057 3641; x_wconf 91' lang='grc'><strong>·</strong></span> <span class='ocrx_word' id='word_1_709' title='bbox 3109 3612 3218 3670; x_wconf 81' lang='grc' dir='ltr'>πᾶς</span> <span class='ocrx_word' id='word_1_710' title='bbox 3251 3607 3281 3661; x_wconf 89' lang='lat'>6</span> <span class='ocrx_word' id='word_1_711' title='bbox 3313 3603 3442 3668; x_wconf 87' lang='grc' dir='ltr'>λαὸς</span> <span class='ocrx_word' id='word_1_712' title='bbox 3488 3599 3540 3659; x_wconf 77' lang='grc' dir='ltr'>δὲ</span> <span class='ocrx_word' id='word_1_713' title='bbox 3579 3592 3795 3657; x_wconf 71' lang='grc' dir='ltr'>ἀπέστησαν</span> 
     </span>
    </p>
   </div>
   <div class='ocr_carea' id='block_1_97' title="bbox 2240 3696 3703 3781">
    <p class='ocr_par' dir='ltr' id='par_1_97' title="bbox 2240 3696 3703 3781">
     <span class='ocr_line' id='line_1_97' title="bbox 2240 3696 3703 3781; baseline 0.004 -29"><span class='ocrx_word' id='word_1_714' title='bbox 2240 3696 2535 3773; x_wconf 85' lang='grc' dir='ltr'>μακρόθεν.</span> <span class='ocrx_word' id='word_1_715' title='bbox 3532 3758 3535 3761; x_wconf 32' lang='grc' dir='ltr'>λ</span> <span class='ocrx_word' id='word_1_716' title='bbox 3614 3772 3627 3781; x_wconf 84' lang='lat'>_</span> <span class='ocrx_word' id='word_1_717' title='bbox 3682 3770 3703 3781; x_wconf 76' lang='lat'><em>_</em></span> 
     </span>
    </p>
   </div>
   <div class='ocr_carea' id='block_1_98' title="bbox 2314 3772 3801 3863">
    <p class='ocr_par' dir='ltr' id='par_1_98' title="bbox 2314 3772 3801 3863">
     <span class='ocr_line' id='line_1_98' title="bbox 2314 3772 3801 3863; baseline -0.014 -19"><span class='ocrx_word' id='word_1_718' title='bbox 2314 3811 2335 3839; x_wconf 80' lang='grc' dir='ltr'>ιι</span> <span class='ocrx_word' id='word_1_719' title='bbox 2397 3786 2728 3856; x_wconf 86' lang='grc' dir='ltr'>Ἀπέστησεν</span> <span class='ocrx_word' id='word_1_720' title='bbox 2785 3784 2897 3841; x_wconf 80' lang='grc' dir='ltr'>ἀπὸ</span> <span class='ocrx_word' id='word_1_721' title='bbox 2970 3782 3181 3863; x_wconf 79' lang='grc' dir='ltr'>ἄρσεων</span> <span class='ocrx_word' id='word_1_722' title='bbox 3248 3784 3341 3842; x_wconf 87' lang='grc' dir='ltr'>τὸν</span> <span class='ocrx_word' id='word_1_723' title='bbox 3391 3781 3533 3839; x_wconf 89' lang='grc' dir='ltr'>νότον</span> <span class='ocrx_word' id='word_1_724' title='bbox 3579 3772 3741 3863; x_wconf 43' lang='grc' dir='ltr'>αὐτοῦ.</span> <span class='ocrx_word' id='word_1_725' title='bbox 3782 3782 3801 3809; x_wconf 63' lang='grc'>³)</span> 
     </span>
    </p>
   </div>
   <div class='ocr_carea' id='block_1_99' title="bbox 2238 3854 3801 3951">
    <p class='ocr_par' dir='ltr' id='par_1_99' title="bbox 2238 3854 3801 3951">
     <span class='ocr_line' id='line_1_99' title="bbox 2238 3854 3801 3951; baseline 0.015 -23"><span class='ocrx_word' id='word_1_726' title='bbox 2238 3909 2309 3919; x_wconf 93' lang='grc'><strong><em>-</em></strong></span> <span class='ocrx_word' id='word_1_727' title='bbox 2347 3873 2570 3945; x_wconf 78' lang='grc' dir='ltr'>Διδάξας</span> <span class='ocrx_word' id='word_1_728' title='bbox 2624 3854 2741 3936; x_wconf 82' lang='grc' dir='ltr'>οἷἀς</span> <span class='ocrx_word' id='word_1_729' title='bbox 2799 3854 3016 3945; x_wconf 76' lang='grc' dir='ltr'>ἠξιώθῆ</span> <span class='ocrx_word' id='word_1_730' title='bbox 3072 3871 3309 3950; x_wconf 82' lang='grc' dir='ltr'>χάριτος</span> <span class='ocrx_word' id='word_1_731' title='bbox 3363 3873 3391 3928; x_wconf 77' lang='grc' dir='ltr'><em>δ</em></span> <span class='ocrx_word' id='word_1_732' title='bbox 3447 3868 3583 3939; x_wconf 52' lang='lat' dir='ltr'>ME&quot;:</span> <span class='ocrx_word' id='word_1_733' title='bbox 3630 3854 3801 3951; x_wconf 49' lang='grc' dir='ltr'>δίδάπῗι</span> 
     </span>
    </p>
   </div>
   <div class='ocr_carea' id='block_1_100' title="bbox 2237 3950 3801 4040">
    <p class='ocr_par' dir='ltr' id='par_1_100' title="bbox 2237 3950 3801 4040">
     <span class='ocr_line' id='line_1_100' title="bbox 2237 3950 3801 4040; baseline -0.01 -19"><span class='ocrx_word' id='word_1_734' title='bbox 2237 3965 2328 4021; x_wconf 84' lang='grc' dir='ltr'>καὶ</span> <span class='ocrx_word' id='word_1_735' title='bbox 2355 3965 2455 4034; x_wconf 77' lang='grc' dir='ltr'>τὴν</span> <span class='ocrx_word' id='word_1_736' title='bbox 2501 3958 2888 4040; x_wconf 83' lang='grc' dir='ltr'>προλαϐοῦσαν</span> <span class='ocrx_word' id='word_1_737' title='bbox 2944 3961 3022 4025; x_wconf 83' lang='grc' dir='ltr'>εἷς</span> <span class='ocrx_word' id='word_1_738' title='bbox 3054 3961 3255 4026; x_wconf 79' lang='grc' dir='ltr'>αὐτοὺς</span> <span class='ocrx_word' id='word_1_739' title='bbox 3288 3956 3569 4037; x_wconf 78' lang='grc' dir='ltr'>εὐεργεσίαν</span> <span class='ocrx_word' id='word_1_740' title='bbox 3595 3952 3675 4040; x_wconf 60' lang='grc' dir='ltr'>τοῦ</span> <span class='ocrx_word' id='word_1_741' title='bbox 3696 3950 3801 4040; x_wconf 55' lang='grc' dir='ltr'>Θῆουν</span> 
     </span>
    </p>
   </div>
   <div class='ocr_carea' id='block_1_101' title="bbox 2237 4031 3800 4131">
    <p class='ocr_par' dir='ltr' id='par_1_101' title="bbox 2237 4031 3800 4131">
     <span class='ocr_line' id='line_1_101' title="bbox 2237 4031 3800 4131; baseline -0.009 -22"><span class='ocrx_word' id='word_1_742' title='bbox 2237 4052 2363 4125; x_wconf 73' lang='grc' dir='ltr'>ἤτοι</span> <span class='ocrx_word' id='word_1_743' title='bbox 2416 4031 2556 4124; x_wconf 33' lang='grc' dir='ltr'>’τήν-</span> <span class='ocrx_word' id='word_1_744' title='bbox 2586 4060 2687 4123; x_wconf 89' lang='grc' dir='ltr'>τῆς</span> <span class='ocrx_word' id='word_1_745' title='bbox 2737 4052 3120 4128; x_wconf 81' lang='grc' dir='ltr'>Αἰγυπτιακῆς</span> <span class='ocrx_word' id='word_1_746' title='bbox 3197 4031 3445 4112; x_wconf 73' lang='grc' dir='ltr'>δουλείας</span> <span class='ocrx_word' id='word_1_747' title='bbox 3514 4031 3800 4131; x_wconf 39' lang='grc' dir='ltr'>ἀπαλλαγήν,-</span> 
     </span>
    </p>
   </div>
   <div class='ocr_carea' id='block_1_102' title="bbox 2239 4123 3801 4219">
    <p class='ocr_par' dir='ltr' id='par_1_102' title="bbox 2239 4123 3801 4219">
     <span class='ocr_line' id='line_1_102' title="bbox 2239 4123 3801 4219; baseline -0.008 -20"><span class='ocrx_word' id='word_1_748' title='bbox 2239 4123 2459 4219; x_wconf 76' lang='grc' dir='ltr'>’Ἂρσεις</span> <span class='ocrx_word' id='word_1_749' title='bbox 2492 4140 2551 4198; x_wconf 83' lang='grc' dir='ltr'>δέ</span> <span class='ocrx_word' id='word_1_750' title='bbox 2579 4141 2729 4218; x_wconf 80' lang='grc' dir='ltr'>λέγει</span> <span class='ocrx_word' id='word_1_751' title='bbox 2778 4123 2846 4197; x_wconf 81' lang='grc' dir='ltr'>τά</span> <span class='ocrx_word' id='word_1_752' title='bbox 2896 4142 3253 4218; x_wconf 85' lang='grc' dir='ltr'>βαστάγματα</span> <span class='ocrx_word' id='word_1_753' title='bbox 3299 4143 3396 4197; x_wconf 90' lang='grc' dir='ltr'>τοῦ</span> <span class='ocrx_word' id='word_1_754' title='bbox 3441 4133 3606 4206; x_wconf 85' lang='grc' dir='ltr'>πηλοῦ</span> <span class='ocrx_word' id='word_1_755' title='bbox 3643 4123 3714 4183; x_wconf 63' lang='grc' dir='ltr'>καὶ</span> <span class='ocrx_word' id='word_1_756' title='bbox 3740 4123 3801 4184; x_wconf 61' lang='grc' dir='ltr'>τῆς</span> 
     </span>
    </p>
   </div>
   <div class='ocr_carea' id='block_1_103' title="bbox 2239 4234 2491 4289">
    <p class='ocr_par' dir='ltr' id='par_1_103' title="bbox 2239 4234 2491 4289">
     <span class='ocr_line' id='line_1_103' title="bbox 2239 4234 2491 4289; baseline -0.008 0"><span class='ocrx_word' id='word_1_757' title='bbox 2239 4234 2491 4289; x_wconf 89' lang='grc' dir='ltr'>πλίνθου.</span> 
     </span>
    </p>
   </div>
   <div class='ocr_carea' id='block_1_104' title="bbox 2314 4311 3800 4400">
    <p class='ocr_par' dir='ltr' id='par_1_104' title="bbox 2314 4311 3800 4400">
     <span class='ocr_line' id='line_1_104' title="bbox 2314 4311 3800 4400; baseline 0.007 -25"><span class='ocrx_word' id='word_1_758' title='bbox 2314 4346 2343 4375; x_wconf 89' lang='grc'>‹‹</span> <span class='ocrx_word' id='word_1_759' title='bbox 2369 4328 2454 4378; x_wconf 87' lang='grc' dir='ltr'>Ἐν</span> <span class='ocrx_word' id='word_1_760' title='bbox 2516 4322 2698 4397; x_wconf 83' lang='grc' dir='ltr'>θλίψει</span> <span class='ocrx_word' id='word_1_761' title='bbox 2756 4320 3071 4377; x_wconf 84' lang='grc' dir='ltr'>ἐπεκαλέσω</span> <span class='ocrx_word' id='word_1_762' title='bbox 3134 4342 3224 4394; x_wconf 86' lang='grc' dir='ltr'>με,</span> <span class='ocrx_word' id='word_1_763' title='bbox 3282 4318 3371 4375; x_wconf 76' lang='grc' dir='ltr'>καὶ</span> <span class='ocrx_word' id='word_1_764' title='bbox 3422 4311 3800 4400; x_wconf 47' lang='grc' dir='ltr'>ἔρυσάμῖλνῖῗῘ</span> 
     </span>
    </p>
   </div>
   <div class='ocr_carea' id='block_1_105' title="bbox 2242 4396 3802 4493">
    <p class='ocr_par' dir='ltr' id='par_1_105' title="bbox 2242 4396 3802 4493">
     <span class='ocr_line' id='line_1_105' title="bbox 2242 4396 3802 4493; baseline -0.001 -30"><span class='ocrx_word' id='word_1_765' title='bbox 2242 4445 2311 4455; x_wconf 90' lang='grc'><strong><em>--</em></strong></span> <span class='ocrx_word' id='word_1_766' title='bbox 2341 4396 2633 4475; x_wconf 87' lang='grc' dir='ltr'>Ἐντεῦθεν</span> <span class='ocrx_word' id='word_1_767' title='bbox 2660 4410 2751 4465; x_wconf 88' lang='grc' dir='ltr'>τὸν</span> <span class='ocrx_word' id='word_1_768' title='bbox 2800 4409 3077 4480; x_wconf 88' lang='grc' dir='ltr'>Δεσπότην</span> <span class='ocrx_word' id='word_1_769' title='bbox 3124 4409 3357 4483; x_wconf 86' lang='grc' dir='ltr'>Χριστὸν</span> <span class='ocrx_word' id='word_1_770' title='bbox 3404 4403 3586 4477; x_wconf 77' lang='grc' dir='ltr'>εἰσάγει</span> <span class='ocrx_word' id='word_1_771' title='bbox 3610 4397 3637 4493; x_wconf 57' lang='grc' dir='ltr'>Ξ)</span> <span class='ocrx_word' id='word_1_772' title='bbox 3663 4396 3802 4493; x_wconf 35' lang='grc' dir='ltr'>,Δαξδίῗξ</span> 
     </span>
    </p>
   </div>
   <div class='ocr_carea' id='block_1_106' title="bbox 2245 4481 3805 4576">
    <p class='ocr_par' dir='ltr' id='par_1_106' title="bbox 2245 4481 3805 4576">
     <span class='ocr_line' id='line_1_106' title="bbox 2245 4481 3805 4576; baseline -0.021 -20"><span class='ocrx_word' id='word_1_773' title='bbox 2245 4499 2634 4576; x_wconf 88' lang='grc' dir='ltr'>διαλεγόμενον</span> <span class='ocrx_word' id='word_1_774' title='bbox 2665 4505 2785 4562; x_wconf 85' lang='grc' dir='ltr'>τοῖς</span> <span class='ocrx_word' id='word_1_775' title='bbox 2815 4495 3120 4571; x_wconf 86' lang='grc' dir='ltr'>Ἰουδαίοις,</span> <span class='ocrx_word' id='word_1_776' title='bbox 3150 4481 3243 4554; x_wconf 83' lang='grc' dir='ltr'>καὶ</span> <span class='ocrx_word' id='word_1_777' title='bbox 3270 4493 3570 4552; x_wconf 84' lang='grc' dir='ltr'>διδάσκοντα</span> <span class='ocrx_word' id='word_1_778' title='bbox 3605 4481 3675 4576; x_wconf 72' lang='grc' dir='ltr'>ότί</span> <span class='ocrx_word' id='word_1_779' title='bbox 3696 4481 3805 4576; x_wconf 63' lang='grc' dir='ltr'>αὐτοῗ</span> 
     </span>
    </p>
   </div>
   <div class='ocr_carea' id='block_1_107' title="bbox 2242 4574 3806 4666">
    <p class='ocr_par' dir='ltr' id='par_1_107' title="bbox 2242 4574 3806 4666">
     <span class='ocr_line' id='line_1_107' title="bbox 2242 4574 3806 4666; baseline -0.006 -22"><span class='ocrx_word' id='word_1_780' title='bbox 2242 4590 2310 4660; x_wconf 76' lang='grc' dir='ltr'>ἦν</span> <span class='ocrx_word' id='word_1_781' title='bbox 2363 4574 2535 4645; x_wconf 85' lang='grc' dir='ltr'>πάλαι</span> <span class='ocrx_word' id='word_1_782' title='bbox 2590 4589 2683 4644; x_wconf 90' lang='grc' dir='ltr'>τὸν</span> <span class='ocrx_word' id='word_1_783' title='bbox 2741 4587 2873 4644; x_wconf 80' lang='grc' dir='ltr'>λαὸν</span> <span class='ocrx_word' id='word_1_784' title='bbox 2933 4586 3297 4666; x_wconf 76' lang='grc' dir='ltr'>εὐεργετήσας</span> <span class='ocrx_word' id='word_1_785' title='bbox 3326 4631 3343 4658; x_wconf 89' lang='grc'>,</span> <span class='ocrx_word' id='word_1_786' title='bbox 3400 4584 3428 4638; x_wconf 91' lang='lat'>6</span> <span class='ocrx_word' id='word_1_787' title='bbox 3474 4582 3560 4634; x_wconf 89' lang='grc' dir='ltr'>νῦν</span> <span class='ocrx_word' id='word_1_788' title='bbox 3611 4574 3656 4628; x_wconf 80' lang='grc' dir='ltr'>ἐν</span> <span class='ocrx_word' id='word_1_789' title='bbox 3701 4575 3806 4635; x_wconf 59' lang='grc' dir='ltr'>σαρκί</span> 
     </span>
    </p>
   </div>
   <div class='ocr_carea' id='block_1_108' title="bbox 2244 4680 2654 4756">
    <p class='ocr_par' dir='ltr' id='par_1_108' title="bbox 2244 4680 2654 4756">
     <span class='ocr_line' id='line_1_108' title="bbox 2244 4680 2654 4756; baseline -0.005 -21"><span class='ocrx_word' id='word_1_790' title='bbox 2244 4680 2654 4756; x_wconf 85' lang='grc' dir='ltr'>καθορώμενος.</span> 
     </span>
    </p>
   </div>
   <div class='ocr_carea' id='block_1_109' title="bbox 2321 4750 3807 4842">
    <p class='ocr_par' dir='ltr' id='par_1_109' title="bbox 2321 4750 3807 4842">
     <span class='ocr_line' id='line_1_109' title="bbox 2321 4750 3807 4842; baseline -0.007 -21"><span class='ocrx_word' id='word_1_791' title='bbox 2321 4793 2351 4821; x_wconf 80' lang='grc' dir='ltr'>ι(</span> <span class='ocrx_word' id='word_1_792' title='bbox 2386 4750 2716 4839; x_wconf 45' lang='grc' dir='ltr'>’Ἐπήκουσά</span> <span class='ocrx_word' id='word_1_793' title='bbox 2760 4787 2859 4822; x_wconf 89' lang='grc' dir='ltr'>σου</span> <span class='ocrx_word' id='word_1_794' title='bbox 2911 4766 2964 4822; x_wconf 81' lang='grc' dir='ltr'>ἐν</span> <span class='ocrx_word' id='word_1_795' title='bbox 3016 4764 3320 4842; x_wconf 82' lang='grc' dir='ltr'>ἀποκρύφῳ</span> <span class='ocrx_word' id='word_1_796' title='bbox 3364 4750 3669 4842; x_wconf 59' lang='grc' dir='ltr'>καταιγίδοε.</span> <span class='ocrx_word' id='word_1_797' title='bbox 3708 4762 3807 4842; x_wconf 49' lang='lat'>1&quot;”</span> 
     </span>
    </p>
   </div>
   <div class='ocr_carea' id='block_1_110' title="bbox 2249 4831 3809 4936">
    <p class='ocr_par' dir='ltr' id='par_1_110' title="bbox 2249 4831 3809 4936">
     <span class='ocr_line' id='line_1_110' title="bbox 2249 4831 3809 4936; baseline -0.017 -22"><span class='ocrx_word' id='word_1_798' title='bbox 2249 4859 2338 4915; x_wconf 87' lang='grc' dir='ltr'>Ἐν</span> <span class='ocrx_word' id='word_1_799' title='bbox 2391 4831 2693 4934; x_wconf 75' lang='grc' dir='ltr'>ἀποκρύφῳ</span> <span class='ocrx_word' id='word_1_800' title='bbox 2741 4857 2840 4928; x_wconf 83' lang='grc' dir='ltr'>ᾧν,</span> <span class='ocrx_word' id='word_1_801' title='bbox 2892 4831 3177 4910; x_wconf 75' lang='grc' dir='ltr'>τουτέστιν⁸</span> <span class='ocrx_word' id='word_1_802' title='bbox 3229 4831 3468 4927; x_wconf 81' lang='grc' dir='ltr'>ἀοράτως</span> <span class='ocrx_word' id='word_1_803' title='bbox 3506 4841 3596 4936; x_wconf 77' lang='grc' dir='ltr'>ὢν,</span> 
     </span>
    </p>
   </div>
   <div class='ocr_carea' id='block_1_111' title="bbox 2250 4916 3812 5030">
    <p class='ocr_par' dir='ltr' id='par_1_111' title="bbox 2250 4916 3812 5030">
     <span class='ocr_line' id='line_1_111' title="bbox 2250 4916 3812 5030; baseline -0.01 -30"><span class='ocrx_word' id='word_1_804' title='bbox 2250 4945 2316 5001; x_wconf 91' lang='grc' dir='ltr'>σά</span> <span class='ocrx_word' id='word_1_805' title='bbox 2344 4966 2461 5017; x_wconf 85' lang='grc' dir='ltr'>σου,</span> <span class='ocrx_word' id='word_1_806' title='bbox 2487 4916 2630 5015; x_wconf 50' lang='grc' dir='ltr'>ἤτοι.</span> <span class='ocrx_word' id='word_1_807' title='bbox 2683 4943 2986 5021; x_wconf 83' lang='grc' dir='ltr'>ἐπλήρωσα</span> <span class='ocrx_word' id='word_1_808' title='bbox 3028 4945 3130 5013; x_wconf 70' lang='grc' dir='ltr'>τὴν</span> <span class='ocrx_word' id='word_1_809' title='bbox 3183 4940 3360 5011; x_wconf 83' lang='grc' dir='ltr'>δέησίν</span> <span class='ocrx_word' id='word_1_810' title='bbox 3403 4957 3494 4993; x_wconf 89' lang='grc' dir='ltr'>σου</span> <span class='ocrx_word' id='word_1_811' title='bbox 3520 4928 3724 5030; x_wconf 42' lang='grc' dir='ltr'>καὶιζτων</span> 
     </span>
    </p>
   </div>
   <div class='ocr_carea' id='block_1_112' title="bbox 2247 5016 3811 5120">
    <p class='ocr_par' dir='ltr' id='par_1_112' title="bbox 2247 5016 3811 5120">
     <span class='ocr_line' id='line_1_112' title="bbox 2247 5016 3811 5120; baseline -0.013 -30"><span class='ocrx_word' id='word_1_812' title='bbox 2247 5016 2493 5111; x_wconf 85' lang='grc' dir='ltr'>γυπτίων</span> <span class='ocrx_word' id='word_1_813' title='bbox 2545 5016 2945 5110; x_wconf 83' lang='grc' dir='ltr'>ἐλυτρωσάμην</span> <span class='ocrx_word' id='word_1_814' title='bbox 3000 5052 3077 5088; x_wconf 89' lang='grc' dir='ltr'>σε·</span> <span class='ocrx_word' id='word_1_815' title='bbox 3138 5029 3230 5086; x_wconf 79' lang='grc' dir='ltr'>διὰ</span> <span class='ocrx_word' id='word_1_816' title='bbox 3279 5036 3379 5098; x_wconf 89' lang='grc' dir='ltr'>τῆς</span> <span class='ocrx_word' id='word_1_817' title='bbox 3427 5016 3701 5120; x_wconf 73' lang='grc' dir='ltr'>καταιγίδος</span> 
     </span>
    </p>
   </div>
   <div class='ocr_carea' id='block_1_113' title="bbox 2247 5103 3810 5202">
    <p class='ocr_par' dir='ltr' id='par_1_113' title="bbox 2247 5103 3810 5202">
     <span class='ocr_line' id='line_1_113' title="bbox 2247 5103 3810 5202; baseline -0.008 -24"><span class='ocrx_word' id='word_1_818' title='bbox 2247 5103 2690 5200; x_wconf 68' lang='grc' dir='ltr'>συνταρῥαξάσης</span> <span class='ocrx_word' id='word_1_819' title='bbox 2778 5103 2973 5184; x_wconf 72' lang='grc' dir='ltr'>αύτοὸς</span> <span class='ocrx_word' id='word_1_820' title='bbox 3049 5117 3118 5189; x_wconf 77' lang='grc' dir='ltr'>δὴ</span> <span class='ocrx_word' id='word_1_821' title='bbox 3208 5117 3334 5179; x_wconf 75' lang='grc' dir='ltr'>τοὺς</span> <span class='ocrx_word' id='word_1_822' title='bbox 3410 5103 3714 5202; x_wconf 63' lang='grc' dir='ltr'>Αίγι›π’ξίι²υςΓ</span> <span class='ocrx_word' id='word_1_823' title='bbox 3754 5104 3810 5202; x_wconf 50' lang='grc' dir='ltr'>κῗ</span> 
     </span>
    </p>
   </div>
   <div class='ocr_carea' id='block_1_114' title="bbox 2248 5192 3811 5297">
    <p class='ocr_par' dir='ltr' id='par_1_114' title="bbox 2248 5192 3811 5297">
     <span class='ocr_line' id='line_1_114' title="bbox 2248 5192 3811 5297; baseline 0.002 -31"><span class='ocrx_word' id='word_1_824' title='bbox 2248 5192 2563 5289; x_wconf 78' lang='grc' dir='ltr'>ἀγαγόύσης</span> <span class='ocrx_word' id='word_1_825' title='bbox 2626 5211 2818 5288; x_wconf 87' lang='grc' dir='ltr'>βιαίως</span> <span class='ocrx_word' id='word_1_826' title='bbox 2875 5211 2963 5266; x_wconf 74' lang='grc' dir='ltr'>ἐπὶ</span> <span class='ocrx_word' id='word_1_827' title='bbox 3023 5210 3112 5265; x_wconf 88' lang='grc' dir='ltr'>τὸν</span> <span class='ocrx_word' id='word_1_828' title='bbox 3177 5202 3400 5283; x_wconf 69' lang='grc' dir='ltr'>ὄλεθρον</span> <span class='ocrx_word' id='word_1_829' title='bbox 3454 5192 3811 5297; x_wconf 38' lang='grc' dir='ltr'>,ἐδοκίμασῖἓξ</span> 
     </span>
    </p>
   </div>
   <div class='ocr_carea' id='block_1_115' title="bbox 2246 5268 3811 5385">
    <p class='ocr_par' dir='ltr' id='par_1_115' title="bbox 2246 5268 3811 5385">
     <span class='ocr_line' id='line_1_115' title="bbox 2296 5268 3811 5305; baseline 0.018 -16"><span class='ocrx_word' id='word_1_830' title='bbox 2296 5268 2307 5289; x_wconf 83' lang='grc' dir='ltr'>ι</span> <span class='ocrx_word' id='word_1_831' title='bbox 2369 5268 2381 5289; x_wconf 78' lang='grc' dir='ltr'>ι</span> <span class='ocrx_word' id='word_1_832' title='bbox 2519 5268 2561 5282; x_wconf 89' lang='grc'>·’</span> <span class='ocrx_word' id='word_1_833' title='bbox 2626 5268 2636 5288; x_wconf 89' lang='lat'><strong>|</strong></span> <span class='ocrx_word' id='word_1_834' title='bbox 2804 5268 2816 5274; x_wconf 84' lang='lat'>&#39;</span> <span class='ocrx_word' id='word_1_835' title='bbox 3290 5268 3321 5283; x_wconf 51' lang='grc' dir='ltr'>Ἰ</span> <span class='ocrx_word' id='word_1_836' title='bbox 3726 5268 3811 5305; x_wconf 41' lang='lat'>5&quot;</span> 
     </span>
     <span class='ocr_line' id='line_1_116' title="bbox 2246 5268 3811 5385; baseline -0.013 -28"><span class='ocrx_word' id='word_1_837' title='bbox 2246 5303 2605 5378; x_wconf 86' lang='grc' dir='ltr'>συνεχώρησα</span> <span class='ocrx_word' id='word_1_838' title='bbox 2661 5298 2889 5376; x_wconf 77' lang='grc' dir='ltr'>διψῆσαί</span> <span class='ocrx_word' id='word_1_839' title='bbox 2968 5320 3029 5354; x_wconf 90' lang='grc' dir='ltr'>σε</span> <span class='ocrx_word' id='word_1_840' title='bbox 3087 5296 3279 5385; x_wconf 83' lang='grc' dir='ltr'>μικρὸν</span> <span class='ocrx_word' id='word_1_841' title='bbox 3316 5337 3330 5363; x_wconf 91' lang='grc'>,</span> <span class='ocrx_word' id='word_1_842' title='bbox 3371 5284 3657 5385; x_wconf 41' lang='lat' dir='ltr'>icui-.8590?</span> 
     </span>
    </p>
   </div>
   <div class='ocr_carea' id='block_1_116' title="bbox 2247 5362 3812 5473">
    <p class='ocr_par' dir='ltr' id='par_1_116' title="bbox 2247 5362 3812 5473">
     <span class='ocr_line' id='line_1_117' title="bbox 2247 5362 3812 5473; baseline -0.014 -27"><span class='ocrx_word' id='word_1_843' title='bbox 2247 5362 2542 5468; x_wconf 51' lang='grc' dir='ltr'>ἀχάρῖστον</span> <span class='ocrx_word' id='word_1_844' title='bbox 2601 5390 2692 5446; x_wconf 87' lang='grc' dir='ltr'>καὶ</span> <span class='ocrx_word' id='word_1_845' title='bbox 2732 5362 3048 5466; x_wconf 49' lang='grc' dir='ltr'>’ἀγνώμονα</span> <span class='ocrx_word' id='word_1_846' title='bbox 3080 5430 3092 5443; x_wconf 91' lang='grc'>.</span> <span class='ocrx_word' id='word_1_847' title='bbox 3151 5383 3309 5459; x_wconf 86' lang='grc' dir='ltr'>Λέγει</span> <span class='ocrx_word' id='word_1_848' title='bbox 3367 5377 3421 5434; x_wconf 75' lang='grc' dir='ltr'>δὲ</span> <span class='ocrx_word' id='word_1_849' title='bbox 3474 5374 3556 5429; x_wconf 78' lang='grc' dir='ltr'>ὅτε</span> 
     </span>
    </p>
   </div>
   <div class='ocr_carea' id='block_1_117' title="bbox 2247 5457 3809 5566">
    <p class='ocr_par' dir='ltr' id='par_1_117' title="bbox 2247 5457 3809 5566">
     <span class='ocr_line' id='line_1_118' title="bbox 2247 5457 3809 5566; baseline -0.006 -31"><span class='ocrx_word' id='word_1_850' title='bbox 2247 5457 2541 5556; x_wconf 44' lang='grc' dir='ltr'>ῥεῖν-ἦλθον</span> <span class='ocrx_word' id='word_1_851' title='bbox 2573 5479 2664 5534; x_wconf 76' lang='grc' dir='ltr'>καὶ</span> <span class='ocrx_word' id='word_1_852' title='bbox 2713 5480 2907 5556; x_wconf 84' lang='grc' dir='ltr'>πικρὸν</span> <span class='ocrx_word' id='word_1_853' title='bbox 2961 5476 3204 5553; x_wconf 80' lang='grc' dir='ltr'>εὐρόντες</span> <span class='ocrx_word' id='word_1_854' title='bbox 3246 5472 3308 5528; x_wconf 87' lang='grc' dir='ltr'>τὸ</span> <span class='ocrx_word' id='word_1_855' title='bbox 3356 5457 3809 5566; x_wconf 38' lang='grc' dir='ltr'>ὕδωργξοῖχ</span> 
     </span>
    </p>
   </div>
   <div class='ocr_carea' id='block_1_118' title="bbox 2243 5548 3809 5645">
    <p class='ocr_par' dir='ltr' id='par_1_118' title="bbox 2243 5548 3809 5645">
     <span class='ocr_line' id='line_1_119' title="bbox 2243 5548 3809 5645; baseline -0.019 -21"><span class='ocrx_word' id='word_1_856' title='bbox 2243 5548 2666 5645; x_wconf 75' lang='grc' dir='ltr'>κατεγόγγυσαν,</span> <span class='ocrx_word' id='word_1_857' title='bbox 2706 5571 2805 5623; x_wconf 90' lang='grc' dir='ltr'>τοῦ</span> <span class='ocrx_word' id='word_1_858' title='bbox 2862 5571 2996 5623; x_wconf 87' lang='grc' dir='ltr'>Θεοῦ</span> <span class='ocrx_word' id='word_1_859' title='bbox 3042 5560 3432 5645; x_wconf 76' lang='grc' dir='ltr'>κατελάλησαν.</span> <span class='ocrx_word' id='word_1_860' title='bbox 3483 5548 3573 5608; x_wconf 78' lang='grc' dir='ltr'>Καὶ</span> <span class='ocrx_word' id='word_1_861' title='bbox 3618 5548 3705 5599; x_wconf 84' lang='grc' dir='ltr'>ἀπο</span> <span class='ocrx_word' id='word_1_862' title='bbox 3741 5548 3809 5584; x_wconf 79' lang='grc' dir='ltr'>του</span> 
     </span>
    </p>
   </div>
   <div class='ocr_carea' id='block_1_119' title="bbox 2244 5643 3805 5751">
    <p class='ocr_par' dir='ltr' id='par_1_119' title="bbox 2244 5643 3805 5751">
     <span class='ocr_line' id='line_1_120' title="bbox 2244 5643 3805 5751; baseline 0.004 -37"><span class='ocrx_word' id='word_1_863' title='bbox 2244 5643 2540 5736; x_wconf 86' lang='grc' dir='ltr'>πράλματο</span> <span class='ocrx_word' id='word_1_864' title='bbox 2566 5658 2667 5727; x_wconf 79' lang='grc' dir='ltr'>τήν</span> <span class='ocrx_word' id='word_1_865' title='bbox 2695 5656 3068 5751; x_wconf 76' lang='grc' dir='ltr'>προσηγορίαν</span> <span class='ocrx_word' id='word_1_866' title='bbox 3097 5654 3126 5708; x_wconf 87' lang='grc' dir='ltr'>ὁ</span> <span class='ocrx_word' id='word_1_867' title='bbox 3152 5649 3320 5751; x_wconf 60' lang='grc' dir='ltr'>’ξότξος</span> <span class='ocrx_word' id='word_1_868' title='bbox 3351 5643 3637 5751; x_wconf 32' lang='grc' dir='ltr'>δδέξξῖίξςῷι</span> <span class='ocrx_word' id='word_1_869' title='bbox 3669 5730 3731 5751; x_wconf 43' lang='grc' dir='ltr'>,Μ</span> <span class='ocrx_word' id='word_1_870' title='bbox 3785 5725 3805 5751; x_wconf 56' lang='grc' dir='ltr'><strong>η</strong></span> 
     </span>
    </p>
   </div>
   <div class='ocr_carea' id='block_1_120' title="bbox 2316 5720 3795 5822">
    <p class='ocr_par' dir='ltr' id='par_1_120' title="bbox 2316 5720 3795 5822">
     <span class='ocr_line' id='line_1_121' title="bbox 2316 5720 3795 5822; baseline -0.027 -15"><span class='ocrx_word' id='word_1_871' title='bbox 2316 5771 2346 5800; x_wconf 77' lang='grc' dir='ltr'>ί(</span> <span class='ocrx_word' id='word_1_872' title='bbox 2375 5720 2671 5822; x_wconf 48' lang='grc' dir='ltr'>’Ἂκοῦσοιη</span> <span class='ocrx_word' id='word_1_873' title='bbox 2727 5720 3037 5822; x_wconf 46' lang='grc' dir='ltr'>λαόςημδυ,</span> <span class='ocrx_word' id='word_1_874' title='bbox 3088 5739 3177 5799; x_wconf 89' lang='grc' dir='ltr'>καὶ</span> <span class='ocrx_word' id='word_1_875' title='bbox 3231 5720 3637 5814; x_wconf 82' lang='grc' dir='ltr'>διαμαρτύρομαί</span> <span class='ocrx_word' id='word_1_876' title='bbox 3668 5727 3795 5773; x_wconf 66' lang='grc' dir='ltr'>σοι.)</span> 
     </span>
    </p>
   </div>
  </div>
