4066 6434
279 433 436 497 1525

1503 428 1926 493 EXPOSITIO
1969 427 2050 491 IN
2092 424 2482 492 PSALMOS.

3548 425 3708 491 1526

281 600 349 612 —
404 563 692 643 Παρρησίᾳ
753 563 870 640 βοῶ
928 583 1013 618 σοι
1077 561 1167 618 καὶ
1241 560 1604 640 ἐμμαρτύρως
1679 561 1785 625 ὅτι.
1847 561 1932 616 ἐὰν
1967 565 2015 630 Α
2053 560 2318 637 ρεύονται.
2383 586 2410 613 ››
2471 593 2541 602 -
2598 557 2668 614 Τὰ
2720 556 2790 614 οὺ
2844 564 3075 630 συνῆκαν
3154 557 3496 639 σαφηνισμός
3571 558 3705 616 ἐστι.

279 655 512 730 ἀκούσῃς
569 652 662 709 τὸν
716 653 882 729 λόγον
950 674 1053 726 μου
1107 651 1198 708 καί
1245 651 1535 728 πιστεύσῃς
1586 651 1662 714 εἰς
1695 652 1794 726 ἐμὲ
1847 651 1936 707 καὶ

279 749 502 823 γνωσθῇ
534 744 664 806 Θεὸς
699 742 750 798 ἐν
785 743 868 797 σοὶ
899 749 1014 798 κατ’
1057 742 1373 817 ἐπίγνωσιν,
1410 741 1508 797 οὐκ
1553 737 1701 797 ἔσται
1749 741 1799 796 ἐν
1853 740 1938 796 σοὶ

279 835 400 898 θεός
433 855 514 897 τις
544 832 666 897 νέος
699 830 873 894 ἄλλος
901 834 1046 907 παρὰ
1074 832 1164 886 τὸν
1213 831 1430 907 πρῶτόν
1482 852 1578 886 σου
1627 832 1781 901 Θεὸν,
1813 827 1939 885 οὐδὲ

279 923 661 998 προσκυνήσας
749 919 874 995 ἐμοὶ
959 920 1092 994 ξένῳ
1179 922 1574 997 προσκυνήσεις
1653 922 1760 993 θεῷ
1812 921 1939 992 παρ’

277 1015 337 1069 ’ὸν
395 1010 758 1086 προσεκύνουν
819 1012 871 1066 οἱ
920 1011 1146 1086 πατέρες
1199 1029 1315 1064 σου·
1369 1009 1528 1072 αὐτὸς
1590 1010 1690 1086 γάρ
1756 1009 1861 1085 ἐγὼ
1909 1010 1936 1064 ὁ

275 1107 362 1158 νῦν
424 1102 500 1165 εἰς
546 1103 647 1171 τῆν
703 1100 840 1173 ἐμὴν
910 1099 1199 1174 ἐπίγνωσίν
1251 1120 1311 1155 τε
1352 1099 1443 1154 καὶ
1499 1098 1678 1153 πίστιν
1733 1098 1932 1175 ἐνάγων

275 1212 354 1264 σε,
386 1189 548 1253 αὐτός
579 1189 694 1264 εἰμι
725 1193 945 1266 πρῶτος
984 1187 1116 1252 Θεός
1149 1209 1267 1260 σου,
1299 1187 1358 1251 ὅς
1410 1209 1488 1258 σε,
1517 1189 1762 1243 τουτέστι
1808 1186 1936 1251 τοὺς

274 1279 402 1343 σοὺς
459 1278 695 1354 πατέρας
753 1278 812 1333 ἐκ
883 1280 981 1348 τῆς
1059 1277 1344 1354 Αἰγύπτου
1419 1277 1703 1354 ἀναγαγὼν
1779 1277 1938 1339 αὐτός

277 1368 392 1442 εἰμι
450 1368 540 1424 καὶ
602 1368 710 1445 οὐχ
775 1366 984 1445 ἕτερος,
1045 1366 1092 1422 εἲ
1164 1367 1255 1422 καὶ
1339 1366 1511 1443 σάρκα
1592 1365 1939 1444 προσείληφα

279 1455 371 1512 διὰ
399 1458 475 1512 σέ.

349 1571 379 1599 ‹‹
413 1545 694 1602 Πλάτυνον
751 1547 815 1601 τὸ
863 1545 1042 1620 στόμα
1091 1567 1209 1616 σου,
1243 1543 1332 1600 καί
1381 1543 1666 1621 πληρώσω
1717 1544 1867 1600 αὐτό.
1901 1566 1929 1600 ιι

275 1667 344 1678 --
391 1636 640 1708 ’Ἃνοιξον
692 1635 758 1690 τὸ
826 1634 1002 1708 στόμα
1056 1638 1153 1689 τοῦ
1211 1633 1338 1696 νοός
1395 1655 1514 1708 σου,
1573 1633 1661 1689 καὶ
1724 1641 1935 1711 τροφῆς

275 1723 549 1797 ἐμπλήσω
609 1728 770 1779 τοῦτο
826 1726 1221 1798 πνευματικῆς,
1282 1721 1457 1778 εἶ’τουν
1519 1723 1709 1802 σοφίας
1775 1723 1934 1787 θείων

273 1813 589 1886 νοημάτων,
621 1814 657 1884 ἢ
707 1814 799 1868 καὶ
844 1813 910 1868 τὸ
953 1812 1212 1884 αἰσθητόν
1263 1834 1361 1868 σου
1393 1813 1571 1887 στόμα
1599 1820 1700 1883 τῆς
1731 1811 1935 1868 καταλ-

2047 652 2117 706 Τὸ
2201 650 2301 707 οὐκ
2381 649 2614 726 ἔγνωσαν
2701 648 2943 704 ἀσύνετοι
3031 649 3216 724 φησὶν,
3276 646 3496 724 ἔμειναν
3571 651 3708 728 πρὸς

2045 739 2175 803 τοὺς
2242 739 2416 805 θείους
2487 737 2689 815 λόγους
2754 735 2981 800 τούτους
3056 737 3582 818 ἐθελοκωφήσαντες·
3649 738 3703 796 ἐν

2045 829 2224 905 πλάνῃ
2256 830 2360 906 γὰρ
2392 826 2796 886 πολιτεύονται.

2125 943 2147 972 αι
2177 918 2609 989 Σαλευθήτωσαν
2657 920 2832 974 πάντα
2888 917 2956 972 τὰ
3004 914 3233 991 θεμέλια
3261 925 3362 988 τῆς
3414 921 3539 994 γῆς.
3575 945 3598 974 ι
3636 952 3705 962 -

2045 1012 2490 1086 Ἀγανακτήσεως
2523 1009 2551 1063 ὁ
2601 1007 2788 1084 λόγος,
2822 1008 2935 1062 οἷον
3000 1005 3142 1081 μηδὲ
3196 1009 3232 1077 ἡ
3291 1014 3362 1082 γῆ
3420 1008 3702 1084 ἀνασχέτω

2053 1097 2224 1171 μένειν
2259 1097 2552 1160 ἀσάλευτος
2591 1095 2734 1153 οὕτω
2781 1095 3242 1173 παρανομούντων
3285 1101 3393 1152 τῶν
3445 1094 3697 1152 διδασκά-

2049 1186 2160 1243 λων
2189 1184 2431 1263 Ἰσραήλ.

2119 1277 2322 1352 «Ἐγὼ
2373 1276 2518 1332 εἶπα·
2577 1273 2700 1331 Θεοί
2765 1273 2882 1330 ἐστε
2941 1276 3032 1330 καὶ
3091 1276 3201 1330 υἱοὶ
3267 1275 3515 1350 Ὑψίστου
3564 1277 3701 1332 ’πάν-

2044 1386 2154 1428 τες.
2193 1390 2215 1418 ι
2243 1399 2312 1409 -
2341 1366 2482 1442 Ἐγὼ
2535 1365 2676 1439 ὑμᾶς
2726 1363 2855 1427 τοὺς
2913 1363 3102 1440 κριτὰς
3163 1363 3318 1429 θεοὺς
3351 1365 3612 1439 ώνόμασα
3650 1365 3702 1422 ἐν

2044 1459 2114 1529 τῇ
2201 1450 2380 1531 βίϐλῳ
2452 1461 2553 1524 τῆς
2612 1452 2854 1528 Ἐξόδου,
2925 1455 3100 1533 φήσας
3166 1455 3303 1530 πρὸς
3375 1455 3468 1510 τὸν
3546 1453 3706 1525 λαὸν,

2051 1567 2080 1596 ι(
2108 1543 2274 1608 Θεοὺς
2307 1543 2368 1598 ού
2401 1542 2797 1620 κακολογήσεις
2826 1542 3022 1606 ἱύίους·
3063 1543 3099 1612 ἢ
3141 1541 3308 1598 πάλιν
3357 1543 3512 1607 υἱοὺς
3555 1543 3704 1620 Ὑψί-

2046 1655 2176 1688 στου
2206 1632 2256 1688 ἐν
2289 1632 2370 1706 τῷ
2403 1632 2594 1706 εἰπεῖν,
2635 1655 2662 1687 ιι
2689 1632 2814 1694 Υἱὸς
2845 1632 3196 1709 πρωτότοκός
3260 1653 3364 1706 μου
3394 1633 3637 1710 Ἰσραήλ.
3677 1659 3699 1686 ι

2124 1743 2151 1777 α
2179 1723 2362 1797 Ὑμεῖς
2395 1719 2454 1777 δὲ
2482 1723 2559 1785 ὡς
2589 1720 2872 1799 ἄνθρωπος
2919 1721 3289 1793 ἀποθνήσκετε
3332 1723 3423 1778 καὶ
3470 1725 3548 1786 εἷς
3593 1727 3702 1779 τῶν

2048 1811 2326 1890 ἀρχόντων
2385 1811 2627 1868 πίπτετε.
2663 1835 2692 1864 ››
2725 1844 2793 1854 --
2822 1811 3021 1882 Θνητοὶ
3082 1811 3245 1885 μόνον
3293 1811 3382 1867 καὶ
3435 1809 3605 1886 μηδὲν
3634 1814 3705 1869 τὰ

275 1900 456 1974 λήλου
498 1901 771 1976 ἐμπλήσω
813 1909 1045 1982 τροφῆς,
1077 1902 1112 1972 ἢ
1162 1901 1254 1957 καὶ
1303 1904 1477 1966 πάσας
1523 1903 1619 1965 τὰς
1659 1902 1936 1974 αἰσθήσεις
1969 1941 2017 2006 Β
2046 1903 2215 1977 γήϊνα
2284 1898 2490 1964 εἰδότες
2575 1899 2748 1963 οὕτως
2834 1901 3219 1972 ἀποθνήσκετε,
3269 1899 3567 1973 τουτέστιν,
3627 1901 3704 1966 ὡς

276 2011 375 2046 σου
403 1995 622 2068 περανῶ
651 1993 748 2054 τὰς
776 1991 862 2046 ἐπὶ
895 1991 1228 2070 συμφέροντι
1259 1989 1497 2063 δηλαδή.

353 2103 381 2133 ‹‹
411 2081 513 2135 Καὶ
598 2079 946 2153 ἐξαπέστειλα
1030 2079 1225 2143 αὐτοὺς
1301 2081 1439 2135 κατά
1503 2081 1572 2135 τὰ
1652 2077 1939 2150 ἐπιτηδεύ-

277 2189 424 2240 ματα
477 2173 587 2223 τῶν
646 2166 884 2246 καρδιῶν
935 2158 1136 2224 αὐτῶν,
1173 2192 1203 2220 ››
1232 2201 1302 2211 -
1353 2168 1452 2222 Καὶ
1511 2169 1696 2247 ἀφῆκα
1745 2167 1941 2230 αὐτοὺς

277 2258 532 2336 φέρεσθαι
583 2258 720 2313 κατά
761 2260 830 2312 τὰ
877 2256 1164 2331 θελήματα
1211 2256 1303 2312 καὶ
1348 2258 1444 2319 τάς
1497 2257 1796 2334 ἐπικρίσεις
1835 2261 1944 2312 τῶν

279 2345 494 2402 οἷ’κείων
529 2346 818 2423 λογισμῶν
865 2347 941 2410 ὡς
983 2337 1242 2412 ἀπειθεῖς.
1278 2347 1420 2422 Ἐγὼ
1463 2344 1522 2402 δὲ
1572 2341 1804 2420 μετέϐην
1855 2346 1943 2402 ἐπὶ

283 2435 353 2490 τὰ
381 2431 504 2507 ἔθνη
518 2480 531 2493 .

354 2548 383 2578 ι(
418 2526 504 2580 Ἐν
556 2529 637 2598 τῷ
691 2523 886 2599 μηδενὶ
938 2525 998 2581 ἃν
1046 2526 1172 2588 τοὺς
1220 2524 1451 2603 ἐχθροὺς
1501 2526 1674 2582 αὐτῶν
1739 2524 1947 2581 ἐταπεί-

291 2634 460 2669 νωσα.
513 2638 542 2667 ››
575 2649 642 2658 -
671 2617 742 2670 Τὸ
797 2616 849 2671 ἐν
894 2620 975 2688 τῷ
1029 2613 1224 2688 μηδενὶ
1269 2617 1334 2671 τὸ
1385 2615 1599 2678 ἀπόνως
1647 2615 1737 2670 καὶ
1787 2615 1944 2691 εὐχε-

299 2707 410 2780 ρῶς
461 2700 646 2775 δηλοῖ.
699 2703 965 2781 Ἐχθροὺς
1021 2701 1078 2758 δὲ
1121 2703 1248 2766 τοὺς
1296 2703 1589 2775 αἰσθητοὺς
1639 2703 1788 2780 λέγει
1855 2704 1946 2760 καὶ

295 2791 550 2863 νοητούς.

366 2905 395 2933 ‹‹
423 2883 488 2935 Οἱ
538 2881 730 2958 ἐχθροὶ
778 2881 979 2958 Κυρίου
1029 2880 1321 2956 ἐψεύσαντο
1370 2882 1538 2955 αὐτῷ.
1583 2907 1612 2936 ››
1643 2915 1714 2925 —-
1758 2876 1948 2937 Ῥαϐϐὶ

290 2970 395 3046 γὰρ
425 2969 716 3033 καλοῦντες
744 2971 836 3025 καὶ
886 2968 1213 3027 διδάσκαλον
1263 2971 1465 3047 ἀγαθὸν
1513 2972 1798 3026 ἀπώσαντο
1846 2973 1946 3040 τήν

291 3057 644 3114 διδασκαλίαν
697 3059 883 3117 αὐτοῦ.
935 3061 1024 3129 Μὴ
1077 3059 1241 3134 μόνον
1291 3058 1369 3134 δὲ,
1409 3059 1556 3116 ἀλλά
1602 3061 1693 3116 καὶ
1739 3061 1949 3134 θανάτῳ

287 3151 482 3204 τοῦτον
510 3146 946 3225 παραδεδώκασι.

362 3261 391 3289 ‹‹
427 3238 526 3291 Καὶ
585 3235 731 3293 ἔσται
781 3239 809 3292 ὁ
857 3237 1046 3313 καιρὸς
1098 3237 1273 3293 αὐτῶν
1321 3238 1400 3301 εἰς
1455 3240 1546 3293 τὸν
1593 3239 1784 3296 αἰῶνα.
1819 3263 1848 3291 ››
1879 3271 1949 3282 ~—

290 3325 385 3379 Διὸ
430 3325 521 3380 καὶ
577 3323 868 3389 διαπαντὸς
919 3323 1131 3382 ἔσονται
1177 3326 1382 3382 τούτων
1412 3329 1466 3383 αἱ
1499 3328 1792 3407 συμφοραί·
1827 3349 1945 3383 και-
1979 3315 2023 3382 C

292 3414 385 3488 ρὸν
412 3415 513 3490 γὰρ
546 3415 600 3469 οἱ
631 3411 876 3490 Ἑϐραῖοι
923 3417 1014 3470 καὶ
1054 3416 1221 3491 Σύροι
1262 3419 1358 3480 τὰς
1409 3419 1691 3496 συμφορὰς
1742 3416 1946 3492 ὀνομά-

296 3508 466 3572 ζουσι.

367 3592 525 3648 «Καὶ
575 3593 852 3668 ἐψώμισεν
899 3594 1116 3658 αὐτούς.
1157 3619 1178 3647 ι
1235 3628 1301 3638 -
1351 3601 1508 3651 ’Ήτοι
1558 3595 1831 3672 παρέσχεν
1877 3595 1952 3658 εἰς

287 3683 499 3758 τροφήν
530 3682 593 3738 τὸ
628 3684 820 3756 μάννα.

365 3795 394 3823 ‹‹
425 3773 520 3827 Ἐκ
543 3773 764 3835 στέατος
793 3777 970 3850 πυροῦ
999 3773 1090 3828 καὶ
1121 3773 1181 3829 ἐκ
1226 3771 1428 3850 πέτρας
1483 3771 1610 3848 μέλι
1660 3773 1954 3850 ἐχόρτασεν

290 3859 509 3922 αὐτούς.
537 3884 566 3912 ››
595 3895 665 3904 --
713 3864 778 3916 "0
822 3862 936 3918 ἐστι
981 3863 1047 3918 τὸ
1094 3868 1194 3918 τοῦ
1244 3863 1396 3918 σίτου
1449 3862 1621 3934 ἐντὸς,
1657 3862 1688 3918 ὅ
1731 3862 1841 3917 ἐστι
1888 3864 1952 3918 τὸ

291 3945 621 4003 λεπτότατον
707 3949 958 4026 ἄλευρον,
1025 3953 1061 4021 ἠ
1141 3949 1446 4024 σεμίδαλις·
1523 3956 1770 4007 τοιοῦτον
1845 3953 1950 4028 γάρ

291 4033 441 4106 ἔδοξε
493 4041 615 4099 τοῖς
676 4036 962 4102 Ἰουδαίοις
1017 4039 1082 4094 τὸ
1164 4042 1335 4114 μάννα
1402 4038 1706 4117 σιλιγνίτης
1766 4042 1948 4116 ἄρτος·

290 4121 474 4201 ὥσπερ
503 4125 594 4179 καὶ
623 4126 688 4180 τὸ
719 4123 867 4202 ὕδωρ
902 4125 1031 4201 μέλι
1061 4127 1420 4205 γλυκύτατον.

881 4257 1175 4308 ΨΑΛΜΟΣ
1216 4254 1347 4312 ΠΑ’.

383 4337 619 4412 Ψαλμὸς
675 4343 755 4412 τῷ
805 4341 994 4418 Ἀσάφ.
1044 4364 1073 4391 ››
1128 4373 1199 4383 ——-
1246 4343 1612 4418 Προαγορεύει
1657 4342 1748 4397 τὸν
1807 4342 1954 4418 παρὰ

286 4433 386 4485 τοῦ
441 4434 676 4506 Χριστοῦ
724 4429 861 4484 κατά
905 4434 1014 4484 τῶν
1064 4431 1434 4507 γραμματέων
1476 4431 1567 4484 καὶ
1605 4434 1713 4486 τῶν
1774 4437 1950 4509 Φαρι-

291 4519 458 4574 σαίων
490 4513 740 4596 ἔλεγχον.

365 4630 393 4659 ‹‹
424 4607 557 4671 Θεὸς
587 4605 715 4678 ἔστη
778 4606 829 4662 ἐν
879 4611 1170 4684 συναγωγῇ
1219 4610 1376 4666 θεῶν.
1411 4631 1439 4660 ››
1475 4641 1543 4650 -
1584 4607 1720 4672 Τοὺς
1769 4630 1949 4685 γραμ-

2047 1991 2185 2066 πρὸς
2240 1991 2303 2046 τὸ
2363 1990 2651 2046 ἀποθανεῖν
2714 1989 2878 2064 μόνον
2939 1995 3170 2060 ζητεῖτε,
3224 1990 3316 2045 καὶ
3356 1989 3419 2045 οὗ
3451 1989 3589 2066 πρὸς
3642 1991 3706 2046 τὸ

2046 2082 2148 2150 τὴν
2181 2079 2412 2157 κρείττω
2459 2079 2549 2135 καὶ
2595 2074 2762 2142 ὅντως
2811 2083 2969 2149 ζῆσαι
3029 2080 3196 2152 ζωὴν,
3229 2080 3320 2136 καὶ
3376 2079 3710 2136 ἀποπίιττετε

2047 2177 2150 2240 τῆς
2182 2170 2308 2243 ὑμῖν
2340 2171 2729 2249 ἀφωρισμένης
2757 2175 2927 2243 τιμῆς
2960 2168 3036 2232 ὠς
3069 2170 3146 2232 εἷς
3183 2172 3292 2225 τῶν
3341 2169 3392 2225 ἐν
3452 2167 3713 2246 ἀγγέλοις

2052 2257 2356 2335 ἀρχόντων,
2419 2263 2528 2314 τῶν
2593 2260 2669 2332 μὴ
2751 2257 3142 2335 προσηκόντως
3222 2258 3590 2336 χρησαμένων
3643 2262 3714 2334 τῇ

2052 2347 2201 2425 ἀρχῇ
2234 2345 2326 2403 διὰ
2355 2345 2554 2418 οἴησιν.

2127 2460 2156 2490 ‹‹
2189 2436 2442 2507 Ἀνάστα,
2473 2438 2502 2493 ὁ
2533 2437 2684 2508 Θεὸς,
2745 2441 2931 2512 κρῖνον
2988 2437 3088 2506 τὴν
3151 2439 3278 2512 γῆν.
3312 2460 3342 2490 ››
3374 2469 3445 2480 --
3500 2437 3716 2493 Ἐντεῦ-

2055 2537 2142 2592 θεν
2177 2526 2205 2581 ὁ
2255 2528 2554 2605 Προφήτης
2611 2525 2802 2600 οἰκείῳ
2859 2526 3144 2600 προσώπῳ
3198 2525 3291 2581 τὸν
3351 2524 3514 2600 μόνον
3572 2523 3714 2582 ἴδιον

2057 2615 2281 2671 ἱκετεύει
2338 2618 2531 2692 κριτὴν
2589 2615 2914 2693 ἐπιφανῆναι
2996 2615 3216 2691 ταχέως
3262 2615 3353 2671 καὶ
3405 2620 3580 2688 κρῖναι
3640 2612 3716 2670 δι-

2055 2705 2225 2767 καίως
2283 2705 2374 2760 καὶ
2431 2704 2559 2767 τοὺς
2608 2702 2828 2767 ἀδίκους
2883 2707 3084 2759 παῦσαι
3135 2705 3347 2780 κριτάς.
3379 2700 3483 2774 Εῗη
3546 2701 3594 2760 δ’
3651 2701 3712 2760 ἂν

2055 2795 2146 2849 καὶ
2202 2793 2326 2868 περὶ
2381 2800 2481 2864 τῆς
2533 2793 2592 2849 ἐκ
2645 2797 2848 2871 νεκρῶν
2899 2793 3240 2856 ἀναστάσεως
3296 2796 3394 2849 τοῦ
3448 2797 3713 2870 Σωτῆρος

2055 2881 2362 2960 πρόρρησις
2390 2881 2454 2937 τὸ
2484 2880 2671 2958 ῥητόν.

2133 2993 2162 3026 ιι
2189 2974 2308 3027 ’Ὁτι
2364 2972 2427 3026 σὺ
2474 2970 3059 3047 κατακληρονομήσεις
3116 2967 3170 3026 ἐν
3215 2974 3346 3025 πᾶσι
3390 2975 3509 3033 τοῖς
3565 2965 3713 3026 ἔθνε-

2058 3081 2164 3118 σιν.
2202 3085 2223 3112 n
2253 3093 2323 3104 -—
2354 3061 2452 3116 Καὶ
2483 3061 2588 3138 γὰρ
2620 3059 2683 3115 σὺ
2714 3057 3093 3136 κληρονομίαν
3120 3055 3255 3133 ἕξεις
3307 3057 3361 3115 ἐν
3414 3064 3544 3114 πᾶσι
3596 3063 3716 3122 τοῖς

2059 3147 2258 3206 ἔθνεσιν
2269 3192 2281 3206 .

2650 3262 2950 3313 ΨΑΛΜΟΣ
2992 3261 3114 3314 IIB’.

2139 3388 2169 3416 «
2202 3361 2332 3433 Ὠδή
2389 3368 2616 3439 ψαλμοῦ
2670 3367 2750 3436 τῷ
2805 3362 2996 3441 Ἀσάφ.
3057 3386 3087 3414 ››
3139 3395 3208 3405 —
3267 3362 3558 3437 Προσώπῳ
3611 3367 3720 3418 τῶν

2061 3453 2460 3510 ἐπανελθόντων
2536 3453 2595 3508 ἐκ
2650 3447 2977 3515 Βαϐυλῶνος
3051 3451 3129 3514 εἰς
3187 3450 3552 3528 Ἰερουσαλὴμ
3619 3474 3722 3508 πο-

2062 3541 2420 3617 λεμουμένων
2471 3541 2656 3622 φθόνῳ
2716 3542 2821 3596 ὑπὸ
2868 3545 2977 3597 τῶν
3027 3539 3418 3618 γειτονούντων
3465 3541 3557 3597 καὶ
3604 3539 3724 3598 λοι-

2060 3637 2177 3687 πῶν
2238 3627 2524 3708 βαρϐάρων
2586 3630 2750 3686 ἐθνῶν
2811 3629 2846 3684 ἃ
2913 3628 2980 3700 δὴ
3059 3630 3152 3685 καὶ
3235 3631 3721 3705 κατετροπώσαντο

2062 3725 2498 3798 στρατηγοῦντος
2568 3714 2904 3797 Ζοροϐάϐελ.
2956 3717 3213 3795 Ἀρμόζει
3277 3716 3336 3773 δὲ
3393 3719 3422 3774 ὁ
3497 3718 3719 3794 ψαλμὸς

2061 3809 2151 3865 καὶ
2179 3815 2296 3872 τοῖς
2326 3807 2688 3883 διωκομένοις
2719 3808 2851 3886 ὑπὲρ
2885 3812 3140 3885 Χριστοῦ.

2134 3924 2164 3952 ‹‹
2196 3900 2253 3954 'O
2283 3899 2435 3968 Θεὸς,
2465 3897 2552 3962 τίς
2595 3897 3002 3972 ὁμοιωθήσεται
3035 3917 3119 3952 σοι
3147 3915 3162 3967 ;
3194 3920 3224 3949 ››
3255 3928 3326 3940 -—-
3352 3897 3424 3952 Τὸ
3460 3895 3547 3960 τίς
3601 3893 3720 3953 δια-

2061 3986 2358 4065 πορητικὸν
2391 3987 2509 4042 ἀντὶ
2537 3991 2641 4042 τοῦ
2672 3982 2870 4048 οὐδείς.

2133 4101 2162 4129 ‹‹
2199 4077 2288 4146 Μὴ
2344 4077 2595 4152 σιγήσῃς,
2658 4071 2800 4148 μηδὲ
2855 4084 3257 4150 καταπραϋνῃς,
3317 4074 3346 4128 ὁ
3385 4073 3538 4137 Θεός.
3590 4099 3615 4129 ι
3648 4107 3720 4118 --

2062 4191 2092 4219 «
2125 4167 2214 4234 Μὴ
2251 4164 2702 4241 μακροθυμήσῃς,
2739 4160 2880 4237 μηδὲ
2908 4162 3312 4238 ἀνεξικακήσῃς.
3347 4187 3377 4216 ››

2134 4279 2163 4308 ‹‹
2193 4257 2314 4309 ’Ὀτι
2368 4251 2490 4308 ἰδοὺ
2541 4253 2594 4308 οὶ
2641 4251 2834 4328 ἐχθροί
2885 4273 2981 4307 σου
3026 4249 3269 4328 ἤχησαν·
3301 4253 3393 4307 καὶ
3420 4253 3474 4307 οἱ
3506 4256 3718 4327 μισοῦν·

2058 4346 2147 4408 τές
2199 4365 2256 4399 σε
2311 4344 2448 4419 ἦραν
2499 4341 2766 4421 κεφαλήν.
2807 4365 2831 4395 ι
2874 4374 2944 4384 -
2990 4343 3146 4398 Ἤτοι
3194 4342 3330 4416 μετά
3381 4343 3519 4419 βοῆς
3561 4339 3720 4419 ἔδρα..

2065 4454 2165 4507 μον
2214 4434 2333 4497 καθ’
2379 4433 2559 4506 ἡμῶν.
2590 4431 2662 4486 Τὸ
2715 4429 2773 4487 δέ
2814 4431 2951 4508 ἦραν
2982 4429 3226 4510 κεφαλήν
3261 4428 3430 4503 δηλοῖ
3455 4430 3518 4487 τὸ
3549 4430 3720 4510 ἐπήρ-

2063 4525 2257 4594 θησαν.

2135 4637 2164 4664 ‹‹
2198 4611 2320 4667 Ἐπὶ
2351 4613 2440 4666 τὸν
2475 4605 2607 4666 λαόν
2661 4632 2755 4666 σου
2811 4608 3409 4688 κατεπανουργεύσαντο
3464 4609 3720 4685 γνώμην,

294 4702 482 4768 ματεῖς
507 4697 598 4751 καὶ
632 4696 964 4773 Φαρισαίους
996 4681 1034 4753 ὁ-
1054 4681 1349 4776 Προφήτης
1389 4696 1542 4760 θεοὺς
1583 4681 1833 4772 ὠνόμασε
1864 4697 1953 4753 διὰ
1982 4681 2029 4746 D
2058 4703 2148 4757 καὶ
2208 4697 2600 4757 ἐϐουλεύσαντο
2657 4701 2793 4756 κατά
2847 4703 2956 4755 τῶν
3014 4681 3185 4775 ἀγίων
3233 4720 3352 4755 σου.
3389 4722 3418 4750 ››
3460 4681 3528 4742 έ-
3577 4697 3722 4753 Κατά

286 4785 352 4840 τὸ
385 4786 614 4862 ἀρχικὸν
646 4787 736 4841 καὶ
769 4786 1076 4843 δικαστικὸν
1106 4787 1338 4861 ἀξίωμα.

363 4897 393 4926 ι(
428 4876 514 4930 Ἐν
565 4874 714 4949 μέσῳ
765 4873 824 4930 δὲ
869 4875 1022 4939 θεοὺς
1061 4873 1350 4952 διακρινεῖ.
1388 4900 1418 4929 ››
1444 4909 1513 4919 —
1542 4876 1816 4948 Τουτέστι,
1849 4899 1948 4956 φα-

289 4966 457 5039 νερῶς
488 4962 689 5041 ἐλέγξει
723 4965 905 5019 ὁποῖοί
945 4965 1096 5021 εἰσιν.

363 5075 392 5104 κ
433 5054 579 5116 Ἕως
625 5053 760 5108 πότε
804 5054 1014 5130 κρίνετε
1060 5052 1270 5110 ἀδικίαν
1319 5055 1410 5110 καὶ
1457 5055 1725 5131 πρόσωπα
1772 5057 1948 5132 ἀμαρ-

285 5139 484 5197 τωλῶν
547 5138 889 5215 λαμϐάνετε;
939 5168 968 5197 ››
1026 5178 1097 5186 -——
1138 5149 1308 5200 Τοῦτο
1354 5145 1418 5200 τὸ
1467 5143 1723 5222 ἔλεγχος.
1773 5145 1844 5200 Τὸ
1891 5144 1950 5200 δέ

291 5224 600 5302 λαμϐάνετε
669 5232 788 5288 ἀντὶ
860 5237 964 5288 τοῦ
1035 5230 1376 5292 εὐλαϐεῖσθε.
1437 5233 1834 5311 ’Δμαρτωλοὺς
1893 5232 1952 5289 δὲ

289 5321 378 5372 νῦν
409 5316 537 5380 τοὺς
561 5316 786 5382 ἀδίκους
813 5321 975 5398 φησὶν
1013 5319 1187 5384 ἰδίως.

365 5431 387 5459 α
424 5407 657 5483 Κρίνατε
703 5408 920 5487 ὀρφανῷ
965 5409 1056 5465 καὶ
1103 5417 1336 5488 πτωχῷ,
1394 5412 1646 5468 ταπεινὸν
1704 5414 1795 5467 καὶ
1852 5411 1948 5467 πέ-

287 5515 427 5566 νητα
483 5493 828 5555 δικαιώσατε.
864 5522 893 5549 ››
925 5532 993 5542 -
1035 5501 1105 5554 Τὸ
1155 5497 1482 5556 δικαιώσατε
1530 5500 1650 5554 ἀντὶ
1703 5507 1799 5555 τοῦ
1863 5499 1951 5555 δια

289 5584 443 5640 καίαν
502 5588 683 5664 ψῆφον
734 5586 1062 5662 ἐξενέγκατε.
1111 5594 1280 5645 Τοῦτο
1333 5587 1388 5645 δὲ
1438 5589 1782 5668 σαφηνισμός
1839 5590 1950 5646 ἐστι

288 5678 388 5730 τοῦ
417 5674 717 5752 κρίνοντος.

364 5763 536 5822 «Οὐκ
591 5761 854 5842 ἔγνωσαν,
916 5763 1044 5823 οὐδὲ
1099 5775 1356 5842 συνῆκαν·
1417 5768 1470 5825 έν
1525 5767 1704 5825 σκότει
1757 5765 1948 5826 διαπο-

2061 4794 2189 4866 [τῶν
2224 4790 2392 4867 ἀγίων
2423 4793 2542 4864 σου]
2572 4794 2878 4867 πανοῦργον
2909 4788 3000 4844 καὶ
3042 4786 3424 4865 δολερωτάτην
3481 4785 3718 4861 μελέτην

2061 4881 2539 4936 συνεσκευάσαντο.

2133 4993 2161 5022 ‹‹
2194 4970 2386 5024 Εἶπαν·
2472 4972 2651 5041 Δεῦτε,
2719 4966 2810 5022 καὶ
2885 4964 3360 5042 ἐξολοθρεύσωμεν
3419 4963 3616 5028 αὐτοὺς
3666 4963 3718 5036 ἐξ

2061 5057 2271 5122 ἔθνους.
2325 5083 2355 5111 ››
2401 5090 2474 5102 -
2515 5061 2686 5112 Τοῦτο
2717 5059 2754 5127 ἠ
2785 5057 3005 5132 γνώμη.
3036 5057 3108 5111 Τὸ
3155 5052 3215 5110 δὲ
3261 5054 3312 5128 ἐξ
3361 5053 3546 5120 ἔθνους
3603 5053 3719 5109 ἀντὶ

2057 5152 2156 5204 τοῦ
2186 5147 2246 5203 ἐκ
2274 5152 2369 5202 τοῦ
2397 5147 2530 5202 εἶναι
2563 5141 2732 5209 ἔθνος.

2149 5237 2298 5292 ιιΚαὶ
2349 5236 2410 5292 οὐ
2466 5239 2542 5310 μὴ
2593 5238 2806 5310 μνησθῇ
2835 5235 2899 5290 τὸ
2929 5229 3106 5307 ὄνομα
3150 5229 3370 5308 Ἰσραὴλ
3437 5228 3540 5289 ἔτι.
3573 5257 3596 5287 ι
3651 5264 3721 5276 ——

2059 5350 2089 5379 «
2123 5325 2195 5380 Οὐ
2239 5327 2316 5398 μή
2351 5348 2455 5399 μνη
2472 5327 2730 5399 μονευθῇ,
2762 5323 2861 5379 οὐκ
2890 5320 2966 5379 ἔτι
2999 5322 3147 5385 ὅλως
3182 5322 3490 5395 ὀνομασθῆ.
3528 5345 3558 5373 ››

2133 5417 2310 5470 «Ὅτι
2377 5410 2769 5470 ἐϐουλεύσαντο
2826 5412 2878 5467 ἐν
2939 5412 3174 5486 ὁμονοίᾳ
3231 5411 3320 5467 ἐπὶ
3377 5413 3439 5466 τὸ
3498 5409 3650 5468 αὑτό.
3687 5433 3716 5462 ››

2061 5539 2127 5547 ——
2157 5507 2227 5560 Τὸ
2259 5504 2348 5560 ἐπὶ
2376 5505 2440 5560 τὸ
2467 5503 2598 5559 αὐτὸ
2636 5505 2734 5572 τήν
2766 5504 2909 5576 ὁμοῦ
2967 5499 3137 5574 δηλοῖ
3195 5501 3286 5556 καὶ
3347 5500 3427 5562 εἷς
3482 5497 3574 5555 ἕνα
3627 5499 3720 5555 τό-

2056 5615 2159 5648 πον
2198 5595 2514 5670 συναγωγήν
2549 5597 2654 5647 τῶν
2691 5592 2876 5648 ἐθνῶν.

2133 5707 2162 5734 κ
2196 5685 2342 5738 Κατά
2374 5687 2471 5739 σοῦ
2531 5679 2799 5753 διαθήκην
2850 5679 3103 5739 διέθεντο.
3129 5703 3159 5734 κ
3190 5713 3260 5724 ——
3291 5680 3565 5751 Διαθήκην
3621 5678 3721 5746 τήν

2061 5773 2330 5846 συνθήκην
2361 5771 2515 5852 φησί.
