  <div class='ocr_page' id='page_1' title='image "/cluster/home/n/w/nwhite01/storage/ocr_20150623/142/coo.31924054870476/775.png"; bbox 0 0 4066 6438; ppageno 0'>
   <div class='ocr_carea' id='block_1_1' title="bbox 447 453 602 516">
    <p class='ocr_par' dir='ltr' id='par_1_1' title="bbox 447 453 602 516">
     <span class='ocr_line' id='line_1_1' title="bbox 447 453 602 516; baseline 0.019 -3"><span class='ocrx_word' id='word_1_1' title='bbox 447 453 602 516; x_wconf 78' lang='grc'>1527</span> 
     </span>
    </p>
   </div>
   <div class='ocr_carea' id='block_1_2' title="bbox 1686 451 2598 518">
    <p class='ocr_par' dir='ltr' id='par_1_2' title="bbox 1686 451 2598 518">
     <span class='ocr_line' id='line_1_2' title="bbox 1686 451 2598 518; baseline 0 -2"><span class='ocrx_word' id='word_1_2' title='bbox 1686 451 2113 518; x_wconf 80' lang='lat' dir='ltr'>NICEPHORI</span> <span class='ocrx_word' id='word_1_3' title='bbox 2157 451 2598 517; x_wconf 65' lang='lat' dir='ltr'>BLEMMIDE</span> 
     </span>
    </p>
   </div>
   <div class='ocr_carea' id='block_1_3' title="bbox 3665 453 3788 517">
    <p class='ocr_par' dir='ltr' id='par_1_3' title="bbox 3665 453 3788 517">
     <span class='ocr_line' id='line_1_3' title="bbox 3665 453 3788 517; baseline 0.008 -1"><span class='ocrx_word' id='word_1_4' title='bbox 3665 453 3788 517; x_wconf 79' lang='lat' dir='ltr'>i528</span> 
     </span>
    </p>
   </div>
   <div class='ocr_carea' id='block_1_4' title="bbox 516 582 3788 662">
    <p class='ocr_par' dir='ltr' id='par_1_4' title="bbox 516 582 3788 662">
     <span class='ocr_line' id='line_1_4' title="bbox 516 582 3788 662; baseline -0 -22"><span class='ocrx_word' id='word_1_5' title='bbox 516 611 547 640; x_wconf 87' lang='grc'>‹‹</span> <span class='ocrx_word' id='word_1_6' title='bbox 578 585 653 642; x_wconf 80' lang='grc' dir='ltr'>Τὰ</span> <span class='ocrx_word' id='word_1_7' title='bbox 683 585 1017 662; x_wconf 84' lang='grc' dir='ltr'>σκηνώματα</span> <span class='ocrx_word' id='word_1_8' title='bbox 1043 590 1151 642; x_wconf 89' lang='grc' dir='ltr'>τῶν</span> <span class='ocrx_word' id='word_1_9' title='bbox 1195 583 1518 660; x_wconf 78' lang='grc' dir='ltr'>Ἰδουμαίων</span> <span class='ocrx_word' id='word_1_10' title='bbox 1562 585 1650 642; x_wconf 84' lang='grc' dir='ltr'>καὶ</span> <span class='ocrx_word' id='word_1_11' title='bbox 1703 587 1755 641; x_wconf 72' lang='grc' dir='ltr'>οἳ</span> <span class='ocrx_word' id='word_1_12' title='bbox 1808 583 2094 658; x_wconf 89' lang='grc' dir='ltr'>Ἰσμαηλῖ-</span> <span class='ocrx_word' id='word_1_13' title='bbox 2126 589 2182 655; x_wconf 82' lang='grc' dir='ltr'><strong>Α</strong></span> <span class='ocrx_word' id='word_1_14' title='bbox 2215 596 2357 649; x_wconf 85' lang='grc' dir='ltr'>θειαν</span> <span class='ocrx_word' id='word_1_15' title='bbox 2417 585 2613 662; x_wconf 82' lang='grc' dir='ltr'>Κύριος</span> <span class='ocrx_word' id='word_1_16' title='bbox 2668 585 3016 659; x_wconf 83' lang='grc' dir='ltr'>ἀνομάζεται,</span> <span class='ocrx_word' id='word_1_17' title='bbox 3049 585 3077 640; x_wconf 99' lang='lat'>6</span> <span class='ocrx_word' id='word_1_18' title='bbox 3131 582 3388 661; x_wconf 74' lang='grc' dir='ltr'>κυριεύων</span> <span class='ocrx_word' id='word_1_19' title='bbox 3443 583 3681 658; x_wconf 81' lang='grc' dir='ltr'>ἁπάντων,</span> <span class='ocrx_word' id='word_1_20' title='bbox 3719 587 3788 641; x_wconf 81' lang='grc' dir='ltr'>καὶ</span> 
     </span>
    </p>
   </div>
   <div class='ocr_carea' id='block_1_5' title="bbox 444 671 2098 752">
    <p class='ocr_par' dir='ltr' id='par_1_5' title="bbox 444 671 2098 752">
     <span class='ocr_line' id='line_1_5' title="bbox 444 671 2098 752; baseline -0.002 -20"><span class='ocrx_word' id='word_1_21' title='bbox 444 697 531 732; x_wconf 89' lang='grc' dir='ltr'>ται</span> <span class='ocrx_word' id='word_1_22' title='bbox 591 671 761 732; x_wconf 76' lang='grc' dir='ltr'>Μωὰϐ</span> <span class='ocrx_word' id='word_1_23' title='bbox 812 675 902 732; x_wconf 90' lang='grc' dir='ltr'>καὶ</span> <span class='ocrx_word' id='word_1_24' title='bbox 960 675 1012 731; x_wconf 88' lang='grc' dir='ltr'>οὶ</span> <span class='ocrx_word' id='word_1_25' title='bbox 1071 676 1390 752; x_wconf 87' lang='grc' dir='ltr'>Ἀγαρηνοί.</span> <span class='ocrx_word' id='word_1_26' title='bbox 1426 701 1455 729; x_wconf 89' lang='grc'><strong>››</strong></span> <span class='ocrx_word' id='word_1_27' title='bbox 1488 711 1556 721; x_wconf 91' lang='lat'>—</span> <span class='ocrx_word' id='word_1_28' title='bbox 1613 678 1683 733; x_wconf 78' lang='grc' dir='ltr'>Αἱ</span> <span class='ocrx_word' id='word_1_29' title='bbox 1743 674 1936 737; x_wconf 89' lang='grc' dir='ltr'>πόλεις</span> <span class='ocrx_word' id='word_1_30' title='bbox 1990 678 2098 729; x_wconf 90' lang='grc' dir='ltr'>τῶν</span> 
     </span>
    </p>
   </div>
   <div class='ocr_carea' id='block_1_6' title="bbox 447 762 2108 843">
    <p class='ocr_par' dir='ltr' id='par_1_6' title="bbox 447 762 2108 843">
     <span class='ocr_line' id='line_1_6' title="bbox 447 762 2108 843; baseline -0.003 -21"><span class='ocrx_word' id='word_1_31' title='bbox 447 762 792 839; x_wconf 79' lang='grc' dir='ltr'>Ἰδουμαίων,</span> <span class='ocrx_word' id='word_1_32' title='bbox 832 764 951 834; x_wconf 76' lang='grc' dir='ltr'>ἤως</span> <span class='ocrx_word' id='word_1_33' title='bbox 1011 767 1064 820; x_wconf 74' lang='grc' dir='ltr'>οἱ</span> <span class='ocrx_word' id='word_1_34' title='bbox 1123 765 1425 838; x_wconf 85' lang='grc' dir='ltr'>Ἰδουμαῖοι</span> <span class='ocrx_word' id='word_1_35' title='bbox 1486 764 1818 843; x_wconf 75' lang='grc' dir='ltr'>ἀλλόφυλοι,</span> <span class='ocrx_word' id='word_1_36' title='bbox 1853 766 1906 819; x_wconf 72' lang='grc' dir='ltr'>οἱ</span> <span class='ocrx_word' id='word_1_37' title='bbox 1937 763 2108 820; x_wconf 86' lang='grc' dir='ltr'>Φιλι-</span> 
     </span>
    </p>
   </div>
   <div class='ocr_carea' id='block_1_7' title="bbox 446 853 2102 929">
    <p class='ocr_par' dir='ltr' id='par_1_7' title="bbox 446 853 2102 929">
     <span class='ocr_line' id='line_1_7' title="bbox 446 853 2102 929; baseline -0.002 -18"><span class='ocrx_word' id='word_1_38' title='bbox 446 859 646 911; x_wconf 84' lang='grc' dir='ltr'>στιαῖοι</span> <span class='ocrx_word' id='word_1_39' title='bbox 694 854 785 910; x_wconf 82' lang='grc' dir='ltr'>καὶ</span> <span class='ocrx_word' id='word_1_40' title='bbox 834 856 887 909; x_wconf 77' lang='grc' dir='ltr'>οἱ</span> <span class='ocrx_word' id='word_1_41' title='bbox 934 853 1389 928; x_wconf 83' lang='grc' dir='ltr'>Παλαιστηναῖοι,</span> <span class='ocrx_word' id='word_1_42' title='bbox 1437 855 1512 918; x_wconf 83' lang='grc' dir='ltr'>ὡς</span> <span class='ocrx_word' id='word_1_43' title='bbox 1556 858 1942 929; x_wconf 73' lang='grc' dir='ltr'>παροικοῦντες</span> <span class='ocrx_word' id='word_1_44' title='bbox 1985 859 2102 916; x_wconf 84' lang='grc' dir='ltr'>τοῖς</span> 
     </span>
    </p>
   </div>
   <div class='ocr_carea' id='block_1_8' title="bbox 444 941 2106 1021">
    <p class='ocr_par' dir='ltr' id='par_1_8' title="bbox 444 941 2106 1021">
     <span class='ocr_line' id='line_1_8' title="bbox 444 941 2106 1021; baseline -0.001 -21"><span class='ocrx_word' id='word_1_45' title='bbox 444 942 731 1007; x_wconf 80' lang='grc' dir='ltr'>Ἰουδαίοις</span> <span class='ocrx_word' id='word_1_46' title='bbox 770 942 1055 1021; x_wconf 88' lang='grc' dir='ltr'>ἐγγύτατα,</span> <span class='ocrx_word' id='word_1_47' title='bbox 1089 942 1455 1021; x_wconf 82' lang='grc' dir='ltr'>διαφερόντως</span> <span class='ocrx_word' id='word_1_48' title='bbox 1515 942 1809 1000; x_wconf 67' lang='grc' dir='ltr'>ἐκαλοῦντο</span> <span class='ocrx_word' id='word_1_49' title='bbox 1865 941 2106 1021; x_wconf 82' lang='grc' dir='ltr'>ἀλλόφυ-</span> 
     </span>
    </p>
   </div>
   <div class='ocr_carea' id='block_1_9' title="bbox 450 1031 563 1092">
    <p class='ocr_par' dir='ltr' id='par_1_9' title="bbox 450 1031 563 1092">
     <span class='ocr_line' id='line_1_9' title="bbox 450 1031 563 1092; baseline 0.018 -2"><span class='ocrx_word' id='word_1_50' title='bbox 450 1031 563 1092; x_wconf 93' lang='grc' dir='ltr'>λοι.</span> 
     </span>
    </p>
   </div>
   <div class='ocr_carea' id='block_1_10' title="bbox 522 1121 2105 1200">
    <p class='ocr_par' dir='ltr' id='par_1_10' title="bbox 522 1121 2105 1200">
     <span class='ocr_line' id='line_1_10' title="bbox 522 1121 2105 1200; baseline 0.001 -26"><span class='ocrx_word' id='word_1_51' title='bbox 522 1146 552 1175; x_wconf 86' lang='grc'>‹‹</span> <span class='ocrx_word' id='word_1_52' title='bbox 583 1121 684 1177; x_wconf 85' lang='grc' dir='ltr'>Καὶ</span> <span class='ocrx_word' id='word_1_53' title='bbox 739 1124 841 1200; x_wconf 73' lang='grc' dir='ltr'>γὰρ</span> <span class='ocrx_word' id='word_1_54' title='bbox 910 1123 1000 1178; x_wconf 80' lang='grc' dir='ltr'>καὶ</span> <span class='ocrx_word' id='word_1_55' title='bbox 1057 1122 1252 1197; x_wconf 80' lang='grc' dir='ltr'>Ἀσοὺρ</span> <span class='ocrx_word' id='word_1_56' title='bbox 1330 1123 1763 1198; x_wconf 88' lang='grc' dir='ltr'>συμπαρεγένετο</span> <span class='ocrx_word' id='word_1_57' title='bbox 1839 1121 1953 1195; x_wconf 87' lang='grc' dir='ltr'>μετ’</span> <span class='ocrx_word' id='word_1_58' title='bbox 2013 1121 2105 1176; x_wconf 84' lang='grc' dir='ltr'>αὐ-</span> 
     </span>
    </p>
   </div>
   <div class='ocr_carea' id='block_1_11' title="bbox 446 1208 2104 1287">
    <p class='ocr_par' dir='ltr' id='par_1_11' title="bbox 446 1208 2104 1287">
     <span class='ocr_line' id='line_1_11' title="bbox 446 1208 2104 1287; baseline -0.002 -20"><span class='ocrx_word' id='word_1_59' title='bbox 446 1215 577 1268; x_wconf 88' lang='grc' dir='ltr'>τῶν.</span> <span class='ocrx_word' id='word_1_60' title='bbox 615 1235 745 1263; x_wconf 82' lang='grc'>››--</span> <span class='ocrx_word' id='word_1_61' title='bbox 791 1211 1097 1286; x_wconf 87' lang='grc' dir='ltr'>Περιττεύει</span> <span class='ocrx_word' id='word_1_62' title='bbox 1148 1219 1211 1267; x_wconf 81' lang='grc' dir='ltr'>τὸ</span> <span class='ocrx_word' id='word_1_63' title='bbox 1264 1214 1391 1287; x_wconf 89' lang='grc' dir='ltr'>γάρ.</span> <span class='ocrx_word' id='word_1_64' title='bbox 1451 1209 1611 1286; x_wconf 88' lang='grc' dir='ltr'>Λέγει</span> <span class='ocrx_word' id='word_1_65' title='bbox 1669 1208 1727 1265; x_wconf 76' lang='grc' dir='ltr'>δὲ</span> <span class='ocrx_word' id='word_1_66' title='bbox 1785 1209 2104 1284; x_wconf 84' lang='grc' dir='ltr'>’Δσσυρίους</span> 
     </span>
    </p>
   </div>
   <div class='ocr_carea' id='block_1_12' title="bbox 449 1299 2104 1375">
    <p class='ocr_par' dir='ltr' id='par_1_12' title="bbox 449 1299 2104 1375">
     <span class='ocr_line' id='line_1_12' title="bbox 449 1299 2104 1375; baseline -0.002 -19"><span class='ocrx_word' id='word_1_67' title='bbox 449 1299 579 1364; x_wconf 80' lang='grc' dir='ltr'>τοὺς</span> <span class='ocrx_word' id='word_1_68' title='bbox 640 1301 976 1375; x_wconf 84' lang='grc' dir='ltr'>Σαμαρείτας</span> <span class='ocrx_word' id='word_1_69' title='bbox 1043 1300 1118 1364; x_wconf 82' lang='grc' dir='ltr'>ὡς</span> <span class='ocrx_word' id='word_1_70' title='bbox 1197 1300 1460 1362; x_wconf 89' lang='grc' dir='ltr'>ἀποίκους</span> <span class='ocrx_word' id='word_1_71' title='bbox 1523 1300 1716 1354; x_wconf 82' lang='grc' dir='ltr'>αὐτῶν·</span> <span class='ocrx_word' id='word_1_72' title='bbox 1797 1300 1932 1372; x_wconf 85' lang='grc' dir='ltr'>μετὰ</span> <span class='ocrx_word' id='word_1_73' title='bbox 1999 1300 2104 1374; x_wconf 82' lang='grc' dir='ltr'>γὰρ</span> 
     </span>
    </p>
   </div>
   <div class='ocr_carea' id='block_1_13' title="bbox 448 1387 2102 1468">
    <p class='ocr_par' dir='ltr' id='par_1_13' title="bbox 448 1387 2102 1468">
     <span class='ocr_line' id='line_1_13' title="bbox 448 1387 2102 1468; baseline -0.002 -22"><span class='ocrx_word' id='word_1_74' title='bbox 448 1391 550 1460; x_wconf 76' lang='grc' dir='ltr'>τὴν</span> <span class='ocrx_word' id='word_1_75' title='bbox 589 1389 977 1466; x_wconf 79' lang='grc' dir='ltr'>αἰχμαλωσίαν</span> <span class='ocrx_word' id='word_1_76' title='bbox 1020 1394 1128 1445; x_wconf 88' lang='grc' dir='ltr'>τῶν</span> <span class='ocrx_word' id='word_1_77' title='bbox 1185 1387 1396 1445; x_wconf 88' lang='grc' dir='ltr'>δώδεκα</span> <span class='ocrx_word' id='word_1_78' title='bbox 1443 1388 1626 1468; x_wconf 73' lang='grc' dir='ltr'>φυλῶν</span> <span class='ocrx_word' id='word_1_79' title='bbox 1673 1394 1790 1451; x_wconf 88' lang='grc' dir='ltr'>ταῖς</span> <span class='ocrx_word' id='word_1_80' title='bbox 1837 1393 1944 1444; x_wconf 88' lang='grc' dir='ltr'>τῶν</span> <span class='ocrx_word' id='word_1_81' title='bbox 1976 1389 2102 1444; x_wconf 87' lang='grc' dir='ltr'>Ἀσ-</span> 
     </span>
    </p>
   </div>
   <div class='ocr_carea' id='block_1_14' title="bbox 452 1475 1173 1554">
    <p class='ocr_par' dir='ltr' id='par_1_14' title="bbox 452 1475 1173 1554">
     <span class='ocr_line' id='line_1_14' title="bbox 452 1475 1173 1554; baseline 0.004 -20"><span class='ocrx_word' id='word_1_82' title='bbox 452 1499 548 1554; x_wconf 90' lang='grc' dir='ltr'>συρ</span> <span class='ocrx_word' id='word_1_83' title='bbox 559 1479 648 1535; x_wconf 92' lang='grc' dir='ltr'>ίων</span> <span class='ocrx_word' id='word_1_84' title='bbox 681 1475 899 1552; x_wconf 78' lang='grc' dir='ltr'>ᾤκησαν</span> <span class='ocrx_word' id='word_1_85' title='bbox 926 1478 1148 1535; x_wconf 88' lang='grc' dir='ltr'>πόλεσιν</span> <span class='ocrx_word' id='word_1_86' title='bbox 1161 1522 1173 1537; x_wconf 96' lang='grc'>.</span> 
     </span>
    </p>
   </div>
   <div class='ocr_carea' id='block_1_15' title="bbox 523 1566 2099 1644">
    <p class='ocr_par' dir='ltr' id='par_1_15' title="bbox 523 1566 2099 1644">
     <span class='ocr_line' id='line_1_15' title="bbox 523 1566 2099 1644; baseline -0.002 -22"><span class='ocrx_word' id='word_1_87' title='bbox 523 1592 553 1622; x_wconf 87' lang='grc'>‹‹</span> <span class='ocrx_word' id='word_1_88' title='bbox 585 1569 939 1644; x_wconf 85' lang='grc' dir='ltr'>Ἐγενήθησαν</span> <span class='ocrx_word' id='word_1_89' title='bbox 1001 1567 1078 1630; x_wconf 86' lang='grc' dir='ltr'>εἷς</span> <span class='ocrx_word' id='word_1_90' title='bbox 1133 1566 1424 1641; x_wconf 80' lang='grc' dir='ltr'>ἀντίληψιν</span> <span class='ocrx_word' id='word_1_91' title='bbox 1485 1572 1600 1629; x_wconf 86' lang='grc' dir='ltr'>τοῖς</span> <span class='ocrx_word' id='word_1_92' title='bbox 1673 1567 1814 1628; x_wconf 75' lang='grc' dir='ltr'>υἱοῖς</span> <span class='ocrx_word' id='word_1_93' title='bbox 1867 1567 2012 1624; x_wconf 90' lang='grc' dir='ltr'>Λώτ.</span> <span class='ocrx_word' id='word_1_94' title='bbox 2073 1587 2099 1619; x_wconf 73' lang='grc' dir='ltr'>ι)</span> 
     </span>
    </p>
   </div>
   <div class='ocr_carea' id='block_1_16' title="bbox 453 1652 2108 1735">
    <p class='ocr_par' dir='ltr' id='par_1_16' title="bbox 453 1652 2108 1735">
     <span class='ocr_line' id='line_1_16' title="bbox 453 1652 2108 1735; baseline -0.003 -21"><span class='ocrx_word' id='word_1_95' title='bbox 453 1689 524 1700; x_wconf 91' lang='grc'><strong>-</strong></span> <span class='ocrx_word' id='word_1_96' title='bbox 555 1655 877 1732; x_wconf 83' lang='grc' dir='ltr'>Ἀντίληψιν</span> <span class='ocrx_word' id='word_1_97' title='bbox 907 1655 1228 1733; x_wconf 83' lang='grc' dir='ltr'>συμμαχίαν</span> <span class='ocrx_word' id='word_1_98' title='bbox 1259 1656 1440 1735; x_wconf 77' lang='grc' dir='ltr'>φησίν·</span> <span class='ocrx_word' id='word_1_99' title='bbox 1495 1655 1647 1719; x_wconf 75' lang='grc' dir='ltr'>υἱοὺς</span> <span class='ocrx_word' id='word_1_100' title='bbox 1693 1652 1752 1710; x_wconf 76' lang='grc' dir='ltr'>δέ</span> <span class='ocrx_word' id='word_1_101' title='bbox 1802 1655 1928 1710; x_wconf 87' lang='grc' dir='ltr'>Λὼτ</span> <span class='ocrx_word' id='word_1_102' title='bbox 1979 1654 2108 1717; x_wconf 81' lang='grc' dir='ltr'>τοὺς</span> 
     </span>
    </p>
   </div>
   <div class='ocr_carea' id='block_1_17' title="bbox 455 1742 1211 1820">
    <p class='ocr_par' dir='ltr' id='par_1_17' title="bbox 455 1742 1211 1820">
     <span class='ocr_line' id='line_1_17' title="bbox 455 1742 1211 1820; baseline -0.001 -17"><span class='ocrx_word' id='word_1_103' title='bbox 455 1742 746 1809; x_wconf 80' lang='grc' dir='ltr'>Μωαϐίτας</span> <span class='ocrx_word' id='word_1_104' title='bbox 776 1745 866 1802; x_wconf 86' lang='grc' dir='ltr'>καὶ</span> <span class='ocrx_word' id='word_1_105' title='bbox 895 1745 1211 1820; x_wconf 84' lang='grc' dir='ltr'>Ἀμανίτας.</span> 
     </span>
    </p>
   </div>
   <div class='ocr_carea' id='block_1_18' title="bbox 524 1850 2105 1927">
    <p class='ocr_par' dir='ltr' id='par_1_18' title="bbox 524 1850 2105 1927">
     <span class='ocr_line' id='line_1_18' title="bbox 524 1850 2105 1927; baseline -0.001 -20"><span class='ocrx_word' id='word_1_106' title='bbox 524 1876 554 1907; x_wconf 86' lang='grc'><em>‹‹</em></span> <span class='ocrx_word' id='word_1_107' title='bbox 583 1851 822 1924; x_wconf 87' lang='grc' dir='ltr'>Ποίησον</span> <span class='ocrx_word' id='word_1_108' title='bbox 871 1852 1065 1916; x_wconf 79' lang='grc' dir='ltr'>αὐτοὺς</span> <span class='ocrx_word' id='word_1_109' title='bbox 1097 1853 1173 1916; x_wconf 84' lang='grc' dir='ltr'>ὡς</span> <span class='ocrx_word' id='word_1_110' title='bbox 1220 1858 1289 1923; x_wconf 78' lang='grc' dir='ltr'>τῆ</span> <span class='ocrx_word' id='word_1_111' title='bbox 1340 1850 1567 1926; x_wconf 74' lang='grc' dir='ltr'>Μαδιάμ</span> <span class='ocrx_word' id='word_1_112' title='bbox 1613 1851 1702 1907; x_wconf 89' lang='grc' dir='ltr'>καὶ</span> <span class='ocrx_word' id='word_1_113' title='bbox 1747 1856 1828 1924; x_wconf 81' lang='grc' dir='ltr'>τῷ</span> <span class='ocrx_word' id='word_1_114' title='bbox 1880 1850 2105 1927; x_wconf 84' lang='grc' dir='ltr'>Σισάρᾳ,</span> 
     </span>
    </p>
   </div>
   <div class='ocr_carea' id='block_1_19' title="bbox 2214 670 3788 749">
    <p class='ocr_par' dir='ltr' id='par_1_19' title="bbox 2214 670 3788 749">
     <span class='ocr_line' id='line_1_19' title="bbox 2214 670 3788 749; baseline 0 -21"><span class='ocrx_word' id='word_1_115' title='bbox 2214 673 2375 738; x_wconf 84' lang='grc' dir='ltr'>αὐτὸς</span> <span class='ocrx_word' id='word_1_116' title='bbox 2425 674 2586 748; x_wconf 86' lang='grc' dir='ltr'>μόνος</span> <span class='ocrx_word' id='word_1_117' title='bbox 2640 674 2904 746; x_wconf 86' lang='grc' dir='ltr'>ἀληθινὸς</span> <span class='ocrx_word' id='word_1_118' title='bbox 2954 674 3082 737; x_wconf 86' lang='grc' dir='ltr'>Θεὸς</span> <span class='ocrx_word' id='word_1_119' title='bbox 3125 670 3334 744; x_wconf 84' lang='grc' dir='ltr'>ἁπάσης</span> <span class='ocrx_word' id='word_1_120' title='bbox 3377 681 3474 744; x_wconf 82' lang='grc' dir='ltr'>τῆς</span> <span class='ocrx_word' id='word_1_121' title='bbox 3518 677 3627 749; x_wconf 77' lang='grc' dir='ltr'>γῆς·</span> <span class='ocrx_word' id='word_1_122' title='bbox 3668 677 3788 749; x_wconf 79' lang='grc' dir='ltr'>Ὕψι-</span> 
     </span>
    </p>
   </div>
   <div class='ocr_carea' id='block_1_20' title="bbox 2213 763 3532 840">
    <p class='ocr_par' dir='ltr' id='par_1_20' title="bbox 2213 763 3532 840">
     <span class='ocr_line' id='line_1_20' title="bbox 2213 763 3532 840; baseline -0.001 -22"><span class='ocrx_word' id='word_1_123' title='bbox 2213 784 2336 819; x_wconf 85' lang='grc' dir='ltr'>στον</span> <span class='ocrx_word' id='word_1_124' title='bbox 2363 765 2465 840; x_wconf 78' lang='grc' dir='ltr'>γὰρ</span> <span class='ocrx_word' id='word_1_125' title='bbox 2495 763 2588 819; x_wconf 84' lang='grc' dir='ltr'>τὸν</span> <span class='ocrx_word' id='word_1_126' title='bbox 2617 766 2746 821; x_wconf 88' lang='grc' dir='ltr'>Θεὸν</span> <span class='ocrx_word' id='word_1_127' title='bbox 2779 763 3008 820; x_wconf 80' lang='grc' dir='ltr'>ἐκάλουν</span> <span class='ocrx_word' id='word_1_128' title='bbox 3033 764 3106 826; x_wconf 86' lang='grc' dir='ltr'>ὡς</span> <span class='ocrx_word' id='word_1_129' title='bbox 3141 764 3532 840; x_wconf 84' lang='grc' dir='ltr'>ὑπερουράνιον.</span> 
     </span>
    </p>
   </div>
   <div class='ocr_carea' id='block_1_21' title="bbox 2809 889 3271 945">
    <p class='ocr_par' dir='ltr' id='par_1_21' title="bbox 2809 889 3271 945">
     <span class='ocr_line' id='line_1_21' title="bbox 2809 889 3271 945; baseline -0.002 -1"><span class='ocrx_word' id='word_1_130' title='bbox 2809 894 3107 945; x_wconf 82' lang='grc' dir='ltr'>ΨΑΛΜΟΣ</span> <span class='ocrx_word' id='word_1_131' title='bbox 3150 889 3271 944; x_wconf 80' lang='lat' dir='ltr'>III&quot;.</span> 
     </span>
    </p>
   </div>
   <div class='ocr_carea' id='block_1_22' title="bbox 2287 976 3790 1055">
    <p class='ocr_par' dir='ltr' id='par_1_22' title="bbox 2287 976 3790 1055">
     <span class='ocr_line' id='line_1_22' title="bbox 2287 976 3790 1055; baseline -0.001 -21"><span class='ocrx_word' id='word_1_132' title='bbox 2287 1001 2315 1029; x_wconf 86' lang='lat'><strong>«</strong></span> <span class='ocrx_word' id='word_1_133' title='bbox 2346 979 2441 1041; x_wconf 82' lang='grc' dir='ltr'>Εἷς</span> <span class='ocrx_word' id='word_1_134' title='bbox 2483 979 2548 1034; x_wconf 89' lang='grc' dir='ltr'>τὸ</span> <span class='ocrx_word' id='word_1_135' title='bbox 2597 977 2756 1041; x_wconf 88' lang='grc' dir='ltr'>τέλος</span> <span class='ocrx_word' id='word_1_136' title='bbox 2809 978 2940 1055; x_wconf 71' lang='grc' dir='ltr'>ὑπὲρ</span> <span class='ocrx_word' id='word_1_137' title='bbox 2986 982 3093 1033; x_wconf 91' lang='grc' dir='ltr'>τῶν</span> <span class='ocrx_word' id='word_1_138' title='bbox 3143 976 3322 1047; x_wconf 87' lang='grc' dir='ltr'>ληνῶν</span> <span class='ocrx_word' id='word_1_139' title='bbox 3363 981 3473 1039; x_wconf 82' lang='grc' dir='ltr'>τοῖς</span> <span class='ocrx_word' id='word_1_140' title='bbox 3501 977 3628 1040; x_wconf 74' lang='grc' dir='ltr'>υἱοῖς</span> <span class='ocrx_word' id='word_1_141' title='bbox 3670 979 3790 1052; x_wconf 67' lang='grc' dir='ltr'>Κορὲ,</span> 
     </span>
    </p>
   </div>
   <div class='ocr_carea' id='block_1_23' title="bbox 2213 1067 3790 1144">
    <p class='ocr_par' dir='ltr' id='par_1_23' title="bbox 2213 1067 3790 1144">
     <span class='ocr_line' id='line_1_23' title="bbox 2213 1067 3790 1144; baseline -0.002 -21"><span class='ocrx_word' id='word_1_142' title='bbox 2213 1067 2454 1143; x_wconf 84' lang='grc' dir='ltr'>ψαλμός.</span> <span class='ocrx_word' id='word_1_143' title='bbox 2481 1072 2567 1130; x_wconf 84' lang='grc' dir='ltr'>Ὠς</span> <span class='ocrx_word' id='word_1_144' title='bbox 2605 1068 2861 1144; x_wconf 83' lang='grc' dir='ltr'>ἀγαπητὰ</span> <span class='ocrx_word' id='word_1_145' title='bbox 2905 1068 2973 1123; x_wconf 83' lang='grc' dir='ltr'>τὰ</span> <span class='ocrx_word' id='word_1_146' title='bbox 3021 1068 3352 1140; x_wconf 90' lang='grc' dir='ltr'>σκηνώματά</span> <span class='ocrx_word' id='word_1_147' title='bbox 3396 1087 3505 1122; x_wconf 91' lang='grc' dir='ltr'>σου.</span> <span class='ocrx_word' id='word_1_148' title='bbox 3533 1089 3560 1117; x_wconf 79' lang='grc'>››</span> <span class='ocrx_word' id='word_1_149' title='bbox 3587 1099 3647 1108; x_wconf 91' lang='grc'><strong><em>-</em></strong></span> <span class='ocrx_word' id='word_1_150' title='bbox 3681 1072 3790 1136; x_wconf 83' lang='grc' dir='ltr'>Σκη-</span> 
     </span>
    </p>
   </div>
   <div class='ocr_carea' id='block_1_24' title="bbox 2212 1154 3791 1232">
    <p class='ocr_par' dir='ltr' id='par_1_24' title="bbox 2212 1154 3791 1232">
     <span class='ocr_line' id='line_1_24' title="bbox 2212 1154 3791 1232; baseline -0.001 -20"><span class='ocrx_word' id='word_1_151' title='bbox 2212 1158 2440 1232; x_wconf 89' lang='grc' dir='ltr'>νώματα</span> <span class='ocrx_word' id='word_1_152' title='bbox 2508 1157 2732 1222; x_wconf 88' lang='grc' dir='ltr'>ἐνταῦθα</span> <span class='ocrx_word' id='word_1_153' title='bbox 2798 1159 2894 1220; x_wconf 75' lang='grc' dir='ltr'>τὰς</span> <span class='ocrx_word' id='word_1_154' title='bbox 2961 1158 3096 1212; x_wconf 82' lang='grc' dir='ltr'>κατὰ</span> <span class='ocrx_word' id='word_1_155' title='bbox 3154 1155 3354 1219; x_wconf 89' lang='grc' dir='ltr'>τόπους</span> <span class='ocrx_word' id='word_1_156' title='bbox 3412 1154 3674 1227; x_wconf 77' lang='grc' dir='ltr'>ἐκκλησίας</span> <span class='ocrx_word' id='word_1_157' title='bbox 3726 1177 3791 1210; x_wconf 80' lang='grc' dir='ltr'>κα-</span> 
     </span>
    </p>
   </div>
   <div class='ocr_carea' id='block_1_25' title="bbox 2215 1246 2320 1303">
    <p class='ocr_par' dir='ltr' id='par_1_25' title="bbox 2215 1246 2320 1303">
     <span class='ocr_line' id='line_1_25' title="bbox 2215 1246 2320 1303; baseline -0.01 0"><span class='ocrx_word' id='word_1_158' title='bbox 2215 1246 2320 1303; x_wconf 83' lang='grc' dir='ltr'>λεῖ.</span> 
     </span>
    </p>
   </div>
   <div class='ocr_carea' id='block_1_26' title="bbox 2289 1331 3789 1412">
    <p class='ocr_par' dir='ltr' id='par_1_26' title="bbox 2289 1331 3789 1412">
     <span class='ocr_line' id='line_1_26' title="bbox 2289 1331 3789 1412; baseline -0.001 -24"><span class='ocrx_word' id='word_1_159' title='bbox 2289 1361 2317 1388; x_wconf 80' lang='grc' dir='ltr'>ι(</span> <span class='ocrx_word' id='word_1_160' title='bbox 2359 1336 2522 1412; x_wconf 82' lang='grc' dir='ltr'>Κύριε</span> <span class='ocrx_word' id='word_1_161' title='bbox 2582 1342 2690 1392; x_wconf 89' lang='grc' dir='ltr'>τῶν</span> <span class='ocrx_word' id='word_1_162' title='bbox 2765 1335 3068 1409; x_wconf 78' lang='grc' dir='ltr'>δυνάμεωνο</span> <span class='ocrx_word' id='word_1_163' title='bbox 3139 1335 3384 1399; x_wconf 89' lang='grc' dir='ltr'>ἐπιποθεῖ</span> <span class='ocrx_word' id='word_1_164' title='bbox 3442 1334 3525 1390; x_wconf 81' lang='grc' dir='ltr'>καὶ</span> <span class='ocrx_word' id='word_1_165' title='bbox 3605 1331 3789 1388; x_wconf 76' lang='grc' dir='ltr'>ἐκλείπει</span> 
     </span>
    </p>
   </div>
   <div class='ocr_carea' id='block_1_27' title="bbox 2214 1423 3790 1501">
    <p class='ocr_par' dir='ltr' id='par_1_27' title="bbox 2214 1423 3790 1501">
     <span class='ocr_line' id='line_1_27' title="bbox 2214 1423 3790 1501; baseline -0.004 -20"><span class='ocrx_word' id='word_1_166' title='bbox 2214 1429 2249 1495; x_wconf 84' lang='grc' dir='ltr'>ἡ</span> <span class='ocrx_word' id='word_1_167' title='bbox 2301 1428 2454 1501; x_wconf 83' lang='grc' dir='ltr'>ψυχή</span> <span class='ocrx_word' id='word_1_168' title='bbox 2513 1447 2618 1499; x_wconf 92' lang='grc' dir='ltr'>μου</span> <span class='ocrx_word' id='word_1_169' title='bbox 2667 1425 2744 1488; x_wconf 83' lang='grc' dir='ltr'>εἰς</span> <span class='ocrx_word' id='word_1_170' title='bbox 2799 1426 2896 1488; x_wconf 82' lang='grc' dir='ltr'>τὰς</span> <span class='ocrx_word' id='word_1_171' title='bbox 2945 1425 3116 1488; x_wconf 75' lang='grc' dir='ltr'>αὐλὰς</span> <span class='ocrx_word' id='word_1_172' title='bbox 3177 1429 3276 1480; x_wconf 89' lang='grc' dir='ltr'>τοῦ</span> <span class='ocrx_word' id='word_1_173' title='bbox 3339 1425 3546 1498; x_wconf 84' lang='grc' dir='ltr'>Κυρίου.</span> <span class='ocrx_word' id='word_1_174' title='bbox 3585 1446 3611 1475; x_wconf 88' lang='grc'><strong>››</strong></span> <span class='ocrx_word' id='word_1_175' title='bbox 3650 1453 3707 1464; x_wconf 89' lang='lat'>--</span> <span class='ocrx_word' id='word_1_176' title='bbox 3741 1423 3790 1475; x_wconf 81' lang='grc' dir='ltr'>Τὸ</span> 
     </span>
    </p>
   </div>
   <div class='ocr_carea' id='block_1_28' title="bbox 2218 1508 3790 1590">
    <p class='ocr_par' dir='ltr' id='par_1_28' title="bbox 2218 1508 3790 1590">
     <span class='ocr_line' id='line_1_28' title="bbox 2218 1508 3790 1590; baseline -0.003 -22"><span class='ocrx_word' id='word_1_177' title='bbox 2218 1511 2456 1569; x_wconf 81' lang='grc' dir='ltr'>ἐκλείπει</span> <span class='ocrx_word' id='word_1_178' title='bbox 2516 1513 2604 1568; x_wconf 83' lang='grc' dir='ltr'>ἐπὶ</span> <span class='ocrx_word' id='word_1_179' title='bbox 2659 1518 2768 1568; x_wconf 91' lang='grc' dir='ltr'>τῶν</span> <span class='ocrx_word' id='word_1_180' title='bbox 2813 1515 3028 1588; x_wconf 85' lang='grc' dir='ltr'>θερμῶν</span> <span class='ocrx_word' id='word_1_181' title='bbox 3089 1513 3301 1590; x_wconf 86' lang='grc' dir='ltr'>λέγεται</span> <span class='ocrx_word' id='word_1_182' title='bbox 3351 1512 3591 1588; x_wconf 81' lang='grc' dir='ltr'>ἐραστῶν,</span> <span class='ocrx_word' id='word_1_183' title='bbox 3623 1511 3684 1585; x_wconf 74' lang='grc' dir='ltr'>μὴ</span> <span class='ocrx_word' id='word_1_184' title='bbox 3723 1508 3790 1564; x_wconf 78' lang='grc' dir='ltr'>δυ-</span> 
     </span>
    </p>
   </div>
   <div class='ocr_carea' id='block_1_29' title="bbox 2215 1597 3790 1677">
    <p class='ocr_par' dir='ltr' id='par_1_29' title="bbox 2215 1597 3790 1677">
     <span class='ocr_line' id='line_1_29' title="bbox 2215 1597 3790 1677; baseline -0.003 -21"><span class='ocrx_word' id='word_1_185' title='bbox 2215 1603 2463 1676; x_wconf 90' lang='grc' dir='ltr'>ναμένων</span> <span class='ocrx_word' id='word_1_186' title='bbox 2525 1604 2813 1676; x_wconf 84' lang='grc' dir='ltr'>ὑπομεῖναι</span> <span class='ocrx_word' id='word_1_187' title='bbox 2867 1607 2976 1658; x_wconf 87' lang='grc' dir='ltr'>τῶν</span> <span class='ocrx_word' id='word_1_188' title='bbox 3030 1604 3381 1677; x_wconf 89' lang='grc' dir='ltr'>ποθουμένων</span> <span class='ocrx_word' id='word_1_189' title='bbox 3430 1601 3515 1657; x_wconf 90' lang='grc' dir='ltr'>τὸν</span> <span class='ocrx_word' id='word_1_190' title='bbox 3545 1597 3790 1676; x_wconf 69' lang='grc' dir='ltr'>χωρισμόν.</span> 
     </span>
    </p>
   </div>
   <div class='ocr_carea' id='block_1_30' title="bbox 2219 1685 3792 1772">
    <p class='ocr_par' dir='ltr' id='par_1_30' title="bbox 2219 1685 3792 1772">
     <span class='ocr_line' id='line_1_30' title="bbox 2219 1685 3792 1772; baseline -0.004 -24"><span class='ocrx_word' id='word_1_191' title='bbox 2219 1689 2497 1748; x_wconf 87' lang='grc' dir='ltr'>Ἐκλύεται</span> <span class='ocrx_word' id='word_1_192' title='bbox 2527 1696 2675 1769; x_wconf 91' lang='grc' dir='ltr'>γοῦν,</span> <span class='ocrx_word' id='word_1_193' title='bbox 2708 1693 2893 1772; x_wconf 80' lang='grc' dir='ltr'>φησὶν,</span> <span class='ocrx_word' id='word_1_194' title='bbox 2920 1694 2955 1763; x_wconf 80' lang='grc' dir='ltr'><strong>ἡ</strong></span> <span class='ocrx_word' id='word_1_195' title='bbox 2987 1695 3142 1768; x_wconf 82' lang='grc' dir='ltr'>ψυχή</span> <span class='ocrx_word' id='word_1_196' title='bbox 3182 1714 3286 1767; x_wconf 91' lang='grc' dir='ltr'>μου</span> <span class='ocrx_word' id='word_1_197' title='bbox 3315 1696 3391 1765; x_wconf 78' lang='grc' dir='ltr'>τῷ</span> <span class='ocrx_word' id='word_1_198' title='bbox 3425 1690 3547 1766; x_wconf 86' lang='grc' dir='ltr'>πυρὶ</span> <span class='ocrx_word' id='word_1_199' title='bbox 3595 1692 3680 1744; x_wconf 88' lang='grc' dir='ltr'>τοῦ</span> <span class='ocrx_word' id='word_1_200' title='bbox 3723 1685 3792 1741; x_wconf 82' lang='grc' dir='ltr'>πό-</span> 
     </span>
    </p>
   </div>
   <div class='ocr_carea' id='block_1_31' title="bbox 2218 1778 3791 1853">
    <p class='ocr_par' dir='ltr' id='par_1_31' title="bbox 2218 1778 3791 1853">
     <span class='ocr_line' id='line_1_31' title="bbox 2218 1778 3791 1853; baseline -0.003 -19"><span class='ocrx_word' id='word_1_201' title='bbox 2218 1782 2334 1835; x_wconf 79' lang='grc' dir='ltr'>θου’</span> <span class='ocrx_word' id='word_1_202' title='bbox 2372 1780 2514 1836; x_wconf 68' lang='grc' dir='ltr'>εἴποι</span> <span class='ocrx_word' id='word_1_203' title='bbox 2566 1779 2612 1836; x_wconf 89' lang='grc' dir='ltr'>δ’</span> <span class='ocrx_word' id='word_1_204' title='bbox 2671 1781 2730 1836; x_wconf 78' lang='grc' dir='ltr'>ἂν</span> <span class='ocrx_word' id='word_1_205' title='bbox 2785 1785 2952 1837; x_wconf 89' lang='grc' dir='ltr'>ταῦτα</span> <span class='ocrx_word' id='word_1_206' title='bbox 3008 1782 3100 1836; x_wconf 80' lang='grc' dir='ltr'>καὶ</span> <span class='ocrx_word' id='word_1_207' title='bbox 3156 1787 3261 1844; x_wconf 78' lang='grc' dir='ltr'>πᾶς</span> <span class='ocrx_word' id='word_1_208' title='bbox 3293 1782 3320 1836; x_wconf 92' lang='lat'>6</span> <span class='ocrx_word' id='word_1_209' title='bbox 3349 1787 3446 1850; x_wconf 83' lang='grc' dir='ltr'>τῆς</span> <span class='ocrx_word' id='word_1_210' title='bbox 3476 1778 3691 1853; x_wconf 80' lang='grc' dir='ltr'>οὐρανίου</span> <span class='ocrx_word' id='word_1_211' title='bbox 3730 1795 3791 1829; x_wconf 79' lang='grc' dir='ltr'>κα-</span> 
     </span>
    </p>
   </div>
   <div class='ocr_carea' id='block_1_32' title="bbox 2217 1865 3788 1946">
    <p class='ocr_par' dir='ltr' id='par_1_32' title="bbox 2217 1865 3788 1946">
     <span class='ocr_line' id='line_1_32' title="bbox 2217 1865 3788 1946; baseline -0.005 -22"><span class='ocrx_word' id='word_1_212' title='bbox 2217 1867 2532 1932; x_wconf 88' lang='grc' dir='ltr'>ταπαύσεως</span> <span class='ocrx_word' id='word_1_213' title='bbox 2573 1869 2732 1946; x_wconf 85' lang='grc' dir='ltr'>ἐρῶν.</span> <span class='ocrx_word' id='word_1_214' title='bbox 2763 1871 3074 1934; x_wconf 88' lang='grc' dir='ltr'>Ἐπιποθεῖν</span> <span class='ocrx_word' id='word_1_215' title='bbox 3132 1867 3190 1925; x_wconf 90' lang='grc' dir='ltr'>δέ</span> <span class='ocrx_word' id='word_1_216' title='bbox 3241 1869 3351 1925; x_wconf 87' lang='grc' dir='ltr'>ἐστι</span> <span class='ocrx_word' id='word_1_217' title='bbox 3401 1869 3460 1923; x_wconf 86' lang='grc' dir='ltr'>τὸ</span> <span class='ocrx_word' id='word_1_218' title='bbox 3513 1867 3560 1938; x_wconf 75' lang='grc' dir='ltr'>ἐξ</span> <span class='ocrx_word' id='word_1_219' title='bbox 3608 1865 3788 1920; x_wconf 83' lang='grc' dir='ltr'>ἐπιτετα-</span> 
     </span>
    </p>
   </div>
   <div class='ocr_carea' id='block_1_33' title="bbox 451 1937 3131 2034">
    <p class='ocr_par' dir='ltr' id='par_1_33' title="bbox 451 1937 3131 2034">
     <span class='ocr_line' id='line_1_33' title="bbox 451 1937 3131 2034; baseline 0 -19"><span class='ocrx_word' id='word_1_220' title='bbox 451 1943 527 2034; x_wconf 68' lang='grc' dir='ltr'>ὠς</span> <span class='ocrx_word' id='word_1_221' title='bbox 552 1946 633 2015; x_wconf 69' lang='grc' dir='ltr'>τῷ</span> <span class='ocrx_word' id='word_1_222' title='bbox 659 1937 839 2034; x_wconf 42' lang='lat'>(1‘62?-</span> <span class='ocrx_word' id='word_1_223' title='bbox 869 1941 922 1997; x_wconf 67' lang='grc' dir='ltr'>ἐν</span> <span class='ocrx_word' id='word_1_224' title='bbox 966 1946 1046 2014; x_wconf 71' lang='grc' dir='ltr'>τῷ</span> <span class='ocrx_word' id='word_1_225' title='bbox 1088 1939 1379 2034; x_wconf 64' lang='grc' dir='ltr'>χεξμάρῥφ</span> <span class='ocrx_word' id='word_1_226' title='bbox 1433 1944 1667 2034; x_wconf 64' lang='grc' dir='ltr'>Κξσσῶν·</span> <span class='ocrx_word' id='word_1_227' title='bbox 1701 1965 1731 2034; x_wconf 62' lang='grc' dir='ltr'>’ξ</span> <span class='ocrx_word' id='word_1_228' title='bbox 1763 1973 1833 2034; x_wconf 78' lang='lat'>&quot;_&#39;</span> <span class='ocrx_word' id='word_1_229' title='bbox 1859 1941 1981 2034; x_wconf 49' lang='grc' dir='ltr'>Τὴζ</span> <span class='ocrx_word' id='word_1_230' title='bbox 2011 1939 2104 2013; x_wconf 71' lang='grc' dir='ltr'>μὲν</span> <span class='ocrx_word' id='word_1_231' title='bbox 2139 1963 2187 2027; x_wconf 88' lang='grc' dir='ltr'><strong>Β</strong></span> <span class='ocrx_word' id='word_1_232' title='bbox 2222 1957 2385 2031; x_wconf 89' lang='grc' dir='ltr'>μένου</span> <span class='ocrx_word' id='word_1_233' title='bbox 2408 1957 2578 2014; x_wconf 89' lang='grc' dir='ltr'>πόθου</span> <span class='ocrx_word' id='word_1_234' title='bbox 2602 1937 2689 2021; x_wconf 49' lang='grc' dir='ltr'>ἐἵς</span> <span class='ocrx_word' id='word_1_235' title='bbox 2720 1979 2770 2012; x_wconf 90' lang='grc' dir='ltr'>τι</span> <span class='ocrx_word' id='word_1_236' title='bbox 2804 1957 3131 2034; x_wconf 81' lang='grc' dir='ltr'>ἐπείγεσθαι.</span> 
     </span>
    </p>
   </div>
   <div class='ocr_carea' id='block_1_34' title="bbox 451 2028 2107 2108">
    <p class='ocr_par' dir='ltr' id='par_1_34' title="bbox 451 2028 2107 2108">
     <span class='ocr_line' id='line_1_34' title="bbox 451 2028 2107 2108; baseline -0.002 -21"><span class='ocrx_word' id='word_1_237' title='bbox 451 2033 558 2108; x_wconf 79' lang='grc' dir='ltr'>γὰρ</span> <span class='ocrx_word' id='word_1_238' title='bbox 607 2031 858 2108; x_wconf 79' lang='grc' dir='ltr'>στρατιὰν</span> <span class='ocrx_word' id='word_1_239' title='bbox 909 2035 1018 2087; x_wconf 91' lang='grc' dir='ltr'>τῶν</span> <span class='ocrx_word' id='word_1_240' title='bbox 1071 2028 1424 2100; x_wconf 87' lang='grc' dir='ltr'>Μαδιηναίων</span> <span class='ocrx_word' id='word_1_241' title='bbox 1479 2028 1860 2107; x_wconf 83' lang='grc' dir='ltr'>ἀπειροπληθῆ</span> <span class='ocrx_word' id='word_1_242' title='bbox 1923 2028 2107 2102; x_wconf 76' lang='grc' dir='ltr'>οὖσαν,</span> 
     </span>
    </p>
   </div>
   <div class='ocr_carea' id='block_1_35' title="bbox 457 2117 2107 2203">
    <p class='ocr_par' dir='ltr' id='par_1_35' title="bbox 457 2117 2107 2203">
     <span class='ocr_line' id='line_1_35' title="bbox 457 2117 2107 2203; baseline -0.002 -27"><span class='ocrx_word' id='word_1_243' title='bbox 457 2120 622 2195; x_wconf 86' lang='grc' dir='ltr'>μόνον</span> <span class='ocrx_word' id='word_1_244' title='bbox 675 2118 1011 2203; x_wconf 85' lang='grc' dir='ltr'>τριακοσίοις</span> <span class='ocrx_word' id='word_1_245' title='bbox 1068 2117 1317 2197; x_wconf 84' lang='grc' dir='ltr'>ἀνδράσιν</span> <span class='ocrx_word' id='word_1_246' title='bbox 1374 2120 1402 2175; x_wconf 92' lang='lat'>6</span> <span class='ocrx_word' id='word_1_247' title='bbox 1459 2117 1663 2175; x_wconf 87' lang='grc' dir='ltr'>Γεδεὼν</span> <span class='ocrx_word' id='word_1_248' title='bbox 1725 2117 2107 2196; x_wconf 79' lang='grc' dir='ltr'>ἐξωλόθρευσε.</span> 
     </span>
    </p>
   </div>
   <div class='ocr_carea' id='block_1_36' title="bbox 2299 2041 3787 2125">
    <p class='ocr_par' dir='ltr' id='par_1_36' title="bbox 2299 2041 3787 2125">
     <span class='ocr_line' id='line_1_36' title="bbox 2299 2041 3787 2125; baseline -0.007 -22"><span class='ocrx_word' id='word_1_249' title='bbox 2299 2071 2322 2099; x_wconf 73' lang='grc' dir='ltr'>α</span> <span class='ocrx_word' id='word_1_250' title='bbox 2355 2049 2418 2103; x_wconf 86' lang='grc' dir='ltr'>Ἡ</span> <span class='ocrx_word' id='word_1_251' title='bbox 2464 2045 2662 2125; x_wconf 89' lang='grc' dir='ltr'>καρδία</span> <span class='ocrx_word' id='word_1_252' title='bbox 2716 2069 2819 2122; x_wconf 87' lang='grc' dir='ltr'>μου</span> <span class='ocrx_word' id='word_1_253' title='bbox 2875 2048 2966 2103; x_wconf 87' lang='grc' dir='ltr'>καὶ</span> <span class='ocrx_word' id='word_1_254' title='bbox 3023 2050 3058 2118; x_wconf 76' lang='grc' dir='ltr'>ἦ</span> <span class='ocrx_word' id='word_1_255' title='bbox 3124 2048 3252 2124; x_wconf 78' lang='grc' dir='ltr'>σάρξ</span> <span class='ocrx_word' id='word_1_256' title='bbox 3314 2067 3414 2120; x_wconf 90' lang='grc' dir='ltr'>μου</span> <span class='ocrx_word' id='word_1_257' title='bbox 3459 2041 3787 2120; x_wconf 78' lang='grc' dir='ltr'>ἡγαλλιάσαντο</span> 
     </span>
    </p>
   </div>
   <div class='ocr_carea' id='block_1_37' title="bbox 2220 2133 3785 2210">
    <p class='ocr_par' dir='ltr' id='par_1_37' title="bbox 2220 2133 3785 2210">
     <span class='ocr_line' id='line_1_37' title="bbox 2220 2133 3785 2210; baseline 0.003 -20"><span class='ocrx_word' id='word_1_258' title='bbox 2220 2135 2307 2191; x_wconf 84' lang='grc' dir='ltr'>ἐπὶ</span> <span class='ocrx_word' id='word_1_259' title='bbox 2347 2137 2476 2192; x_wconf 86' lang='grc' dir='ltr'>Θεὸν</span> <span class='ocrx_word' id='word_1_260' title='bbox 2527 2140 2719 2207; x_wconf 88' lang='grc' dir='ltr'>ζῶντα.</span> <span class='ocrx_word' id='word_1_261' title='bbox 2752 2160 2782 2190; x_wconf 86' lang='grc'><strong>››</strong></span> <span class='ocrx_word' id='word_1_262' title='bbox 2816 2169 2885 2180; x_wconf 91' lang='lat'>—-</span> <span class='ocrx_word' id='word_1_263' title='bbox 2916 2138 3015 2191; x_wconf 77' lang='grc' dir='ltr'>Καὶ</span> <span class='ocrx_word' id='word_1_264' title='bbox 3072 2138 3136 2192; x_wconf 90' lang='grc' dir='ltr'>τὸ</span> <span class='ocrx_word' id='word_1_265' title='bbox 3194 2141 3354 2210; x_wconf 88' lang='grc' dir='ltr'>σῶμα</span> <span class='ocrx_word' id='word_1_266' title='bbox 3404 2133 3458 2190; x_wconf 73' lang='grc' dir='ltr'>δὲ</span> <span class='ocrx_word' id='word_1_267' title='bbox 3482 2140 3573 2202; x_wconf 80' lang='grc' dir='ltr'>τῆς</span> <span class='ocrx_word' id='word_1_268' title='bbox 3605 2134 3785 2206; x_wconf 74' lang='grc' dir='ltr'>ψυχικῆς</span> 
     </span>
    </p>
   </div>
   <div class='ocr_carea' id='block_1_38' title="bbox 451 2203 3501 2301">
    <p class='ocr_par' dir='ltr' id='par_1_38' title="bbox 451 2203 3501 2301">
     <span class='ocr_line' id='line_1_38' title="bbox 451 2203 3501 2301; baseline -0.001 -19"><span class='ocrx_word' id='word_1_269' title='bbox 451 2211 544 2301; x_wconf 61' lang='grc' dir='ltr'>’ξδν</span> <span class='ocrx_word' id='word_1_270' title='bbox 669 2208 903 2287; x_wconf 78' lang='grc' dir='ltr'>Σισάραν</span> <span class='ocrx_word' id='word_1_271' title='bbox 936 2211 1235 2301; x_wconf 57' lang='grc' dir='ltr'>στρατηγὸν</span> <span class='ocrx_word' id='word_1_272' title='bbox 1279 2205 1408 2301; x_wconf 62' lang='grc' dir='ltr'>ὅγπξα</span> <span class='ocrx_word' id='word_1_273' title='bbox 1446 2212 1546 2279; x_wconf 67' lang='grc' dir='ltr'>τῆς</span> <span class='ocrx_word' id='word_1_274' title='bbox 1597 2205 1878 2301; x_wconf 49' lang='grc' dir='ltr'>δννάμεως</span> <span class='ocrx_word' id='word_1_275' title='bbox 1927 2203 2110 2301; x_wconf 59' lang='grc' dir='ltr'>Ἰαϐὶμ</span> <span class='ocrx_word' id='word_1_276' title='bbox 2218 2203 2584 2296; x_wconf 77' lang='grc' dir='ltr'>κεκοινώνηκε</span> <span class='ocrx_word' id='word_1_277' title='bbox 2615 2223 2890 2298; x_wconf 85' lang='grc' dir='ltr'>θυμηδίας</span> <span class='ocrx_word' id='word_1_278' title='bbox 2916 2232 3018 2296; x_wconf 82' lang='grc' dir='ltr'>τῆς</span> <span class='ocrx_word' id='word_1_279' title='bbox 3050 2225 3142 2280; x_wconf 85' lang='grc' dir='ltr'>ἐπὶ</span> <span class='ocrx_word' id='word_1_280' title='bbox 3170 2229 3250 2298; x_wconf 81' lang='grc' dir='ltr'>τῷ</span> <span class='ocrx_word' id='word_1_281' title='bbox 3275 2203 3501 2301; x_wconf 57' lang='grc' dir='ltr'>Χριστῷ.</span> 
     </span>
    </p>
   </div>
   <div class='ocr_carea' id='block_1_39' title="bbox 457 2295 2108 2374">
    <p class='ocr_par' dir='ltr' id='par_1_39' title="bbox 457 2295 2108 2374">
     <span class='ocr_line' id='line_1_39' title="bbox 457 2295 2108 2374; baseline 0.001 -21"><span class='ocrx_word' id='word_1_282' title='bbox 457 2295 727 2374; x_wconf 88' lang='grc' dir='ltr'>βασιλέως</span> <span class='ocrx_word' id='word_1_283' title='bbox 813 2299 1024 2354; x_wconf 79' lang='grc' dir='ltr'>Χαναὰν</span> <span class='ocrx_word' id='word_1_284' title='bbox 1107 2295 1553 2372; x_wconf 75' lang='grc' dir='ltr'>κατεπολέμησεν</span> <span class='ocrx_word' id='word_1_285' title='bbox 1629 2299 1656 2353; x_wconf 95' lang='lat'>6</span> <span class='ocrx_word' id='word_1_286' title='bbox 1737 2298 1945 2374; x_wconf 82' lang='grc' dir='ltr'>Βαρὰχ,</span> <span class='ocrx_word' id='word_1_287' title='bbox 2002 2299 2108 2354; x_wconf 89' lang='grc' dir='ltr'>ἀπὸ</span> 
     </span>
    </p>
   </div>
   <div class='ocr_carea' id='block_1_40' title="bbox 447 2385 2103 2464">
    <p class='ocr_par' dir='ltr' id='par_1_40' title="bbox 447 2385 2103 2464">
     <span class='ocr_line' id='line_1_40' title="bbox 447 2385 2103 2464; baseline -0.001 -21"><span class='ocrx_word' id='word_1_288' title='bbox 447 2385 704 2464; x_wconf 80' lang='grc' dir='ltr'>Δεϐώρας</span> <span class='ocrx_word' id='word_1_289' title='bbox 735 2385 1043 2451; x_wconf 83' lang='grc' dir='ltr'>κελευσθεὶς</span> <span class='ocrx_word' id='word_1_290' title='bbox 1073 2393 1174 2456; x_wconf 84' lang='grc' dir='ltr'>τῆς</span> <span class='ocrx_word' id='word_1_291' title='bbox 1204 2386 1496 2460; x_wconf 86' lang='grc' dir='ltr'>κρινούσης</span> <span class='ocrx_word' id='word_1_292' title='bbox 1541 2385 1663 2442; x_wconf 89' lang='grc' dir='ltr'>τότε</span> <span class='ocrx_word' id='word_1_293' title='bbox 1711 2387 1802 2442; x_wconf 90' lang='grc' dir='ltr'>τὸν</span> <span class='ocrx_word' id='word_1_294' title='bbox 1862 2387 2103 2461; x_wconf 87' lang='grc' dir='ltr'>Ἰσραήλ.</span> 
     </span>
    </p>
   </div>
   <div class='ocr_carea' id='block_1_41' title="bbox 447 2471 2107 2552">
    <p class='ocr_par' dir='ltr' id='par_1_41' title="bbox 447 2471 2107 2552">
     <span class='ocr_line' id='line_1_41' title="bbox 447 2471 2107 2552; baseline -0.001 -20"><span class='ocrx_word' id='word_1_295' title='bbox 447 2476 720 2540; x_wconf 81' lang='grc' dir='ltr'>Ὡσαύτως</span> <span class='ocrx_word' id='word_1_296' title='bbox 753 2474 812 2531; x_wconf 74' lang='grc' dir='ltr'>δὲ</span> <span class='ocrx_word' id='word_1_297' title='bbox 841 2478 869 2532; x_wconf 91' lang='lat'>6</span> <span class='ocrx_word' id='word_1_298' title='bbox 900 2475 1062 2538; x_wconf 78' lang='grc' dir='ltr'>αὐτὸς</span> <span class='ocrx_word' id='word_1_299' title='bbox 1107 2477 1292 2552; x_wconf 70' lang='grc' dir='ltr'>Βαράκ</span> <span class='ocrx_word' id='word_1_300' title='bbox 1332 2476 1423 2532; x_wconf 88' lang='grc' dir='ltr'>καὶ</span> <span class='ocrx_word' id='word_1_301' title='bbox 1459 2475 1552 2531; x_wconf 86' lang='grc' dir='ltr'>τὸν</span> <span class='ocrx_word' id='word_1_302' title='bbox 1583 2473 1833 2552; x_wconf 81' lang='grc' dir='ltr'>ιβασιλέα</span> <span class='ocrx_word' id='word_1_303' title='bbox 1893 2471 2107 2550; x_wconf 79' lang='grc' dir='ltr'>Ναϐεἰμ</span> 
     </span>
    </p>
   </div>
   <div class='ocr_carea' id='block_1_42' title="bbox 447 2563 2106 2642">
    <p class='ocr_par' dir='ltr' id='par_1_42' title="bbox 447 2563 2106 2642">
     <span class='ocr_line' id='line_1_42' title="bbox 447 2563 2106 2642; baseline 0 -20"><span class='ocrx_word' id='word_1_304' title='bbox 447 2570 781 2641; x_wconf 82' lang='grc' dir='ltr'>πανστρατιᾷ</span> <span class='ocrx_word' id='word_1_305' title='bbox 837 2563 1132 2641; x_wconf 79' lang='grc' dir='ltr'>διέφθειρεν</span> <span class='ocrx_word' id='word_1_306' title='bbox 1203 2565 1255 2620; x_wconf 86' lang='grc' dir='ltr'>ἐν</span> <span class='ocrx_word' id='word_1_307' title='bbox 1309 2565 1464 2640; x_wconf 88' lang='grc' dir='ltr'>τόπῳ</span> <span class='ocrx_word' id='word_1_308' title='bbox 1544 2564 1918 2641; x_wconf 79' lang='grc' dir='ltr'>ἐπιλεγομένῳ</span> <span class='ocrx_word' id='word_1_309' title='bbox 1990 2586 2106 2642; x_wconf 86' lang='grc' dir='ltr'>χει-</span> 
     </span>
    </p>
   </div>
   <div class='ocr_carea' id='block_1_43' title="bbox 448 2653 909 2732">
    <p class='ocr_par' dir='ltr' id='par_1_43' title="bbox 448 2653 909 2732">
     <span class='ocr_line' id='line_1_43' title="bbox 448 2653 909 2732; baseline -0.009 -20"><span class='ocrx_word' id='word_1_310' title='bbox 448 2653 645 2732; x_wconf 80' lang='grc' dir='ltr'>μάρῥῳ</span> <span class='ocrx_word' id='word_1_311' title='bbox 677 2658 909 2712; x_wconf 84' lang='grc' dir='ltr'>Κισσῶν.</span> 
     </span>
    </p>
   </div>
   <div class='ocr_carea' id='block_1_44' title="bbox 515 2739 2101 2820">
    <p class='ocr_par' dir='ltr' id='par_1_44' title="bbox 515 2739 2101 2820">
     <span class='ocr_line' id='line_1_44' title="bbox 515 2739 2101 2820; baseline -0.001 -22"><span class='ocrx_word' id='word_1_312' title='bbox 515 2767 546 2796; x_wconf 88' lang='grc'>‹‹</span> <span class='ocrx_word' id='word_1_313' title='bbox 579 2741 1087 2820; x_wconf 82' lang='grc' dir='ltr'>Ἐξωλοθρεύθησαν</span> <span class='ocrx_word' id='word_1_314' title='bbox 1147 2742 1198 2798; x_wconf 84' lang='grc' dir='ltr'>ἐν</span> <span class='ocrx_word' id='word_1_315' title='bbox 1253 2741 1510 2816; x_wconf 87' lang='grc' dir='ltr'>Ἀενδώρ.</span> <span class='ocrx_word' id='word_1_316' title='bbox 1545 2765 1574 2794; x_wconf 83' lang='grc'>››</span> <span class='ocrx_word' id='word_1_317' title='bbox 1615 2775 1684 2784; x_wconf 94' lang='lat'><strong>—</strong></span> <span class='ocrx_word' id='word_1_318' title='bbox 1742 2743 1809 2797; x_wconf 89' lang='grc' dir='ltr'><strong><em>Ἡ</em></strong></span> <span class='ocrx_word' id='word_1_319' title='bbox 1863 2739 2101 2819; x_wconf 83' lang='grc' dir='ltr'>Ἀενδὼρ</span> 
     </span>
    </p>
   </div>
   <div class='ocr_carea' id='block_1_45' title="bbox 440 2829 1732 2906">
    <p class='ocr_par' dir='ltr' id='par_1_45' title="bbox 440 2829 1732 2906">
     <span class='ocr_line' id='line_1_45' title="bbox 440 2829 1732 2906; baseline -0.001 -18"><span class='ocrx_word' id='word_1_320' title='bbox 440 2831 610 2896; x_wconf 88' lang='grc' dir='ltr'>τόπος</span> <span class='ocrx_word' id='word_1_321' title='bbox 646 2832 786 2888; x_wconf 81' lang='grc' dir='ltr'>ἐστὶν</span> <span class='ocrx_word' id='word_1_322' title='bbox 821 2833 874 2888; x_wconf 92' lang='grc' dir='ltr'>ἐν</span> <span class='ocrx_word' id='word_1_323' title='bbox 901 2833 948 2906; x_wconf 84' lang='grc' dir='ltr'>ᾦ</span> <span class='ocrx_word' id='word_1_324' title='bbox 978 2831 1409 2906; x_wconf 87' lang='grc' dir='ltr'>κατεπολεμήθη</span> <span class='ocrx_word' id='word_1_325' title='bbox 1443 2833 1472 2887; x_wconf 95' lang='lat'>6</span> <span class='ocrx_word' id='word_1_326' title='bbox 1504 2829 1732 2906; x_wconf 88' lang='grc' dir='ltr'>Σισάρα.</span> 
     </span>
    </p>
   </div>
   <div class='ocr_carea' id='block_1_46' title="bbox 515 2920 2104 2997">
    <p class='ocr_par' dir='ltr' id='par_1_46' title="bbox 515 2920 2104 2997">
     <span class='ocr_line' id='line_1_46' title="bbox 515 2920 2104 2997; baseline 0.002 -24"><span class='ocrx_word' id='word_1_327' title='bbox 515 2922 943 2997; x_wconf 85' lang='grc' dir='ltr'>«Ἐγενήθησαν</span> <span class='ocrx_word' id='word_1_328' title='bbox 998 2920 1126 2976; x_wconf 84' lang='grc' dir='ltr'>ὡσεὶ</span> <span class='ocrx_word' id='word_1_329' title='bbox 1183 2921 1390 2996; x_wconf 87' lang='grc' dir='ltr'>κόπρος</span> <span class='ocrx_word' id='word_1_330' title='bbox 1443 2924 1517 2991; x_wconf 81' lang='grc' dir='ltr'>τῆ</span> <span class='ocrx_word' id='word_1_331' title='bbox 1571 2923 1666 2996; x_wconf 75' lang='grc' dir='ltr'>γῆ.</span> <span class='ocrx_word' id='word_1_332' title='bbox 1722 2945 1744 2976; x_wconf 80' lang='grc' dir='ltr'>ι</span> <span class='ocrx_word' id='word_1_333' title='bbox 1818 2954 1884 2964; x_wconf 92' lang='grc'><strong>-</strong></span> <span class='ocrx_word' id='word_1_334' title='bbox 1945 2924 2104 2979; x_wconf 84' lang='grc' dir='ltr'>Ἀτα-</span> 
     </span>
    </p>
   </div>
   <div class='ocr_carea' id='block_1_47' title="bbox 441 3007 1818 3089">
    <p class='ocr_par' dir='ltr' id='par_1_47' title="bbox 441 3007 1818 3089">
     <span class='ocr_line' id='line_1_47' title="bbox 441 3007 1818 3089; baseline 0.001 -24"><span class='ocrx_word' id='word_1_335' title='bbox 441 3030 536 3089; x_wconf 77' lang='grc' dir='ltr'>ιροι</span> <span class='ocrx_word' id='word_1_336' title='bbox 561 3010 809 3084; x_wconf 87' lang='grc' dir='ltr'>κείμενοι</span> <span class='ocrx_word' id='word_1_337' title='bbox 837 3011 972 3080; x_wconf 83' lang='grc' dir='ltr'>ἦσαν</span> <span class='ocrx_word' id='word_1_338' title='bbox 1004 3008 1200 3072; x_wconf 88' lang='grc' dir='ltr'>πάντες</span> <span class='ocrx_word' id='word_1_339' title='bbox 1230 3009 1320 3065; x_wconf 87' lang='grc' dir='ltr'>καὶ</span> <span class='ocrx_word' id='word_1_340' title='bbox 1353 3007 1715 3072; x_wconf 85' lang='grc' dir='ltr'>διαλυθέντες.</span> <span class='ocrx_word' id='word_1_341' title='bbox 1747 3043 1818 3052; x_wconf 81' lang='lat'>~—</span> 
     </span>
    </p>
   </div>
   <div class='ocr_carea' id='block_1_48' title="bbox 514 3112 2103 3193">
    <p class='ocr_par' dir='ltr' id='par_1_48' title="bbox 514 3112 2103 3193">
     <span class='ocr_line' id='line_1_48' title="bbox 514 3112 2103 3193; baseline 0.001 -22"><span class='ocrx_word' id='word_1_342' title='bbox 514 3142 544 3171; x_wconf 87' lang='lat'>«</span> <span class='ocrx_word' id='word_1_343' title='bbox 579 3122 715 3173; x_wconf 87' lang='grc' dir='ltr'>Θεοῦ</span> <span class='ocrx_word' id='word_1_344' title='bbox 771 3115 902 3180; x_wconf 79' lang='grc' dir='ltr'>τοὺς</span> <span class='ocrx_word' id='word_1_345' title='bbox 959 3114 1232 3193; x_wconf 71' lang='grc' dir='ltr'>ἄρχοντας</span> <span class='ocrx_word' id='word_1_346' title='bbox 1278 3116 1452 3172; x_wconf 80' lang='grc' dir='ltr'>αὐτῶν</span> <span class='ocrx_word' id='word_1_347' title='bbox 1503 3117 1579 3179; x_wconf 84' lang='grc' dir='ltr'>ὡς</span> <span class='ocrx_word' id='word_1_348' title='bbox 1643 3117 1735 3172; x_wconf 90' lang='grc' dir='ltr'>τὸν</span> <span class='ocrx_word' id='word_1_349' title='bbox 1796 3112 1966 3193; x_wconf 78' lang='grc' dir='ltr'>Ὠρὴϐ</span> <span class='ocrx_word' id='word_1_350' title='bbox 2013 3118 2103 3173; x_wconf 86' lang='grc' dir='ltr'>καὶ</span> 
     </span>
    </p>
   </div>
   <div class='ocr_carea' id='block_1_49' title="bbox 442 3201 2102 3280">
    <p class='ocr_par' dir='ltr' id='par_1_49' title="bbox 442 3201 2102 3280">
     <span class='ocr_line' id='line_1_49' title="bbox 442 3201 2102 3280; baseline -0.001 -17"><span class='ocrx_word' id='word_1_351' title='bbox 442 3202 580 3280; x_wconf 79' lang='grc' dir='ltr'>Ζὴϐ,</span> <span class='ocrx_word' id='word_1_352' title='bbox 607 3208 700 3262; x_wconf 85' lang='grc' dir='ltr'>καὶ</span> <span class='ocrx_word' id='word_1_353' title='bbox 732 3201 890 3263; x_wconf 74' lang='grc' dir='ltr'>Ζεϐεὲ</span> <span class='ocrx_word' id='word_1_354' title='bbox 925 3205 1016 3262; x_wconf 83' lang='grc' dir='ltr'>καὶ</span> <span class='ocrx_word' id='word_1_355' title='bbox 1067 3204 1384 3280; x_wconf 83' lang='grc' dir='ltr'>Σαλμανάν.</span> <span class='ocrx_word' id='word_1_356' title='bbox 1413 3229 1442 3260; x_wconf 86' lang='grc'><strong>››</strong></span> <span class='ocrx_word' id='word_1_357' title='bbox 1485 3239 1553 3248; x_wconf 89' lang='grc'><strong>-</strong></span> <span class='ocrx_word' id='word_1_358' title='bbox 1579 3205 1817 3268; x_wconf 79' lang='grc' dir='ltr'>Τούτους</span> <span class='ocrx_word' id='word_1_359' title='bbox 1865 3208 2102 3270; x_wconf 83' lang='grc' dir='ltr'>ἅπαντας</span> 
     </span>
    </p>
   </div>
   <div class='ocr_carea' id='block_1_50' title="bbox 441 3293 973 3353">
    <p class='ocr_par' dir='ltr' id='par_1_50' title="bbox 441 3293 973 3353">
     <span class='ocr_line' id='line_1_50' title="bbox 441 3293 973 3353; baseline 0 0"><span class='ocrx_word' id='word_1_360' title='bbox 441 3295 654 3353; x_wconf 82' lang='grc' dir='ltr'>ἀνεῖλεν</span> <span class='ocrx_word' id='word_1_361' title='bbox 685 3297 714 3350; x_wconf 93' lang='lat'>6</span> <span class='ocrx_word' id='word_1_362' title='bbox 744 3293 949 3352; x_wconf 86' lang='grc' dir='ltr'>Γεδεών</span> <span class='ocrx_word' id='word_1_363' title='bbox 960 3339 973 3353; x_wconf 92' lang='grc'>.</span> 
     </span>
    </p>
   </div>
   <div class='ocr_carea' id='block_1_51' title="bbox 515 3381 2097 3460">
    <p class='ocr_par' dir='ltr' id='par_1_51' title="bbox 515 3381 2097 3460">
     <span class='ocr_line' id='line_1_51' title="bbox 515 3381 2097 3460; baseline 0.001 -21"><span class='ocrx_word' id='word_1_364' title='bbox 515 3410 545 3439; x_wconf 86' lang='grc'><strong>‹‹</strong></span> <span class='ocrx_word' id='word_1_365' title='bbox 573 3388 784 3448; x_wconf 88' lang='grc' dir='ltr'>Πάντας</span> <span class='ocrx_word' id='word_1_366' title='bbox 833 3384 964 3448; x_wconf 77' lang='grc' dir='ltr'>τοὺς</span> <span class='ocrx_word' id='word_1_367' title='bbox 1032 3381 1304 3460; x_wconf 76' lang='grc' dir='ltr'>ἄρχοντας</span> <span class='ocrx_word' id='word_1_368' title='bbox 1381 3384 1580 3454; x_wconf 83' lang='grc' dir='ltr'>αὐτῶν,</span> <span class='ocrx_word' id='word_1_369' title='bbox 1642 3381 1837 3448; x_wconf 68' lang='grc' dir='ltr'>οἷίτινες</span> <span class='ocrx_word' id='word_1_370' title='bbox 1922 3386 2097 3456; x_wconf 80' lang='grc' dir='ltr'>εἶπον,</span> 
     </span>
    </p>
   </div>
   <div class='ocr_carea' id='block_1_52' title="bbox 439 3471 2095 3551">
    <p class='ocr_par' dir='ltr' id='par_1_52' title="bbox 439 3471 2095 3551">
     <span class='ocr_line' id='line_1_52' title="bbox 439 3471 2095 3551; baseline -0.001 -22"><span class='ocrx_word' id='word_1_371' title='bbox 439 3471 967 3551; x_wconf 82' lang='grc' dir='ltr'>Κληρονομήσωμεν</span> <span class='ocrx_word' id='word_1_372' title='bbox 1016 3475 1227 3536; x_wconf 71' lang='grc' dir='ltr'>ἑαυτοῖς</span> <span class='ocrx_word' id='word_1_373' title='bbox 1274 3474 1338 3528; x_wconf 89' lang='grc' dir='ltr'>τὸ</span> <span class='ocrx_word' id='word_1_374' title='bbox 1377 3473 1724 3549; x_wconf 89' lang='grc' dir='ltr'>ἀγιαστήριον</span> <span class='ocrx_word' id='word_1_375' title='bbox 1753 3479 1850 3529; x_wconf 90' lang='grc' dir='ltr'>τοῦ</span> <span class='ocrx_word' id='word_1_376' title='bbox 1881 3479 2034 3533; x_wconf 85' lang='grc' dir='ltr'>Θεοῦ.</span> <span class='ocrx_word' id='word_1_377' title='bbox 2073 3500 2095 3528; x_wconf 76' lang='grc' dir='ltr'>α</span> 
     </span>
    </p>
   </div>
   <div class='ocr_carea' id='block_1_53' title="bbox 438 3561 2094 3638">
    <p class='ocr_par' dir='ltr' id='par_1_53' title="bbox 438 3561 2094 3638">
     <span class='ocr_line' id='line_1_53' title="bbox 438 3561 2094 3638; baseline 0 -20"><span class='ocrx_word' id='word_1_378' title='bbox 438 3595 510 3606; x_wconf 91' lang='lat'>--</span> <span class='ocrx_word' id='word_1_379' title='bbox 538 3563 878 3638; x_wconf 85' lang='grc' dir='ltr'>Κτησώμεθα</span> <span class='ocrx_word' id='word_1_380' title='bbox 903 3562 996 3618; x_wconf 92' lang='grc' dir='ltr'>τὸν</span> <span class='ocrx_word' id='word_1_381' title='bbox 1041 3562 1193 3636; x_wconf 80' lang='grc' dir='ltr'>ναόν,</span> <span class='ocrx_word' id='word_1_382' title='bbox 1250 3561 1414 3638; x_wconf 88' lang='grc' dir='ltr'>χάριν</span> <span class='ocrx_word' id='word_1_383' title='bbox 1469 3561 1721 3638; x_wconf 73' lang='grc' dir='ltr'>ἁρπαγῆς</span> <span class='ocrx_word' id='word_1_384' title='bbox 1763 3567 1871 3618; x_wconf 91' lang='grc' dir='ltr'>τῶν</span> <span class='ocrx_word' id='word_1_385' title='bbox 1934 3564 2094 3637; x_wconf 75' lang='grc' dir='ltr'>ἰερῶν</span> 
     </span>
    </p>
   </div>
   <div class='ocr_carea' id='block_1_54' title="bbox 440 3651 1184 3726">
    <p class='ocr_par' dir='ltr' id='par_1_54' title="bbox 440 3651 1184 3726">
     <span class='ocr_line' id='line_1_54' title="bbox 440 3651 1184 3726; baseline 0 -18"><span class='ocrx_word' id='word_1_386' title='bbox 440 3655 646 3708; x_wconf 77' lang='grc' dir='ltr'>σκευῶν</span> <span class='ocrx_word' id='word_1_387' title='bbox 677 3652 768 3707; x_wconf 87' lang='grc' dir='ltr'>καὶ</span> <span class='ocrx_word' id='word_1_388' title='bbox 797 3651 1184 3726; x_wconf 81' lang='grc' dir='ltr'>ἀναθημάτων.</span> 
     </span>
    </p>
   </div>
   <div class='ocr_carea' id='block_1_55' title="bbox 513 3738 2097 3816">
    <p class='ocr_par' dir='ltr' id='par_1_55' title="bbox 513 3738 2097 3816">
     <span class='ocr_line' id='line_1_55' title="bbox 513 3738 2097 3816; baseline 0.002 -23"><span class='ocrx_word' id='word_1_389' title='bbox 513 3763 545 3793; x_wconf 82' lang='grc' dir='ltr'>(ι</span> <span class='ocrx_word' id='word_1_390' title='bbox 573 3742 631 3795; x_wconf 76' lang='lat'>&#39;0</span> <span class='ocrx_word' id='word_1_391' title='bbox 662 3739 792 3804; x_wconf 88' lang='grc' dir='ltr'>Θεός</span> <span class='ocrx_word' id='word_1_392' title='bbox 843 3761 971 3815; x_wconf 91' lang='grc' dir='ltr'>μου,</span> <span class='ocrx_word' id='word_1_393' title='bbox 1004 3743 1101 3806; x_wconf 91' lang='grc' dir='ltr'>θοῦ</span> <span class='ocrx_word' id='word_1_394' title='bbox 1147 3739 1342 3802; x_wconf 80' lang='grc' dir='ltr'>αὐτοὺς</span> <span class='ocrx_word' id='word_1_395' title='bbox 1394 3738 1471 3802; x_wconf 87' lang='grc' dir='ltr'>ὠς</span> <span class='ocrx_word' id='word_1_396' title='bbox 1519 3740 1723 3816; x_wconf 89' lang='grc' dir='ltr'>τροχὸν</span> <span class='ocrx_word' id='word_1_397' title='bbox 1760 3739 1850 3794; x_wconf 83' lang='grc' dir='ltr'>καὶ</span> <span class='ocrx_word' id='word_1_398' title='bbox 1881 3741 1955 3802; x_wconf 85' lang='grc' dir='ltr'>ὡς</span> <span class='ocrx_word' id='word_1_399' title='bbox 2003 3761 2097 3796; x_wconf 89' lang='grc' dir='ltr'>κα-</span> 
     </span>
    </p>
   </div>
   <div class='ocr_carea' id='block_1_56' title="bbox 440 3824 2095 3905">
    <p class='ocr_par' dir='ltr' id='par_1_56' title="bbox 440 3824 2095 3905">
     <span class='ocr_line' id='line_1_56' title="bbox 440 3824 2095 3905; baseline 0 -20"><span class='ocrx_word' id='word_1_400' title='bbox 440 3828 625 3905; x_wconf 84' lang='grc' dir='ltr'>λάμην</span> <span class='ocrx_word' id='word_1_401' title='bbox 664 3830 804 3886; x_wconf 80' lang='grc' dir='ltr'>κατὰ</span> <span class='ocrx_word' id='word_1_402' title='bbox 856 3824 1152 3905; x_wconf 90' lang='grc' dir='ltr'>πρόσωπον</span> <span class='ocrx_word' id='word_1_403' title='bbox 1207 3828 1427 3902; x_wconf 83' lang='grc' dir='ltr'>ἀνέμου.</span> <span class='ocrx_word' id='word_1_404' title='bbox 1489 3853 1518 3880; x_wconf 85' lang='grc'>››</span> <span class='ocrx_word' id='word_1_405' title='bbox 1575 3862 1645 3872; x_wconf 93' lang='lat'><strong><em>—</em></strong></span> <span class='ocrx_word' id='word_1_406' title='bbox 1707 3830 2095 3893; x_wconf 87' lang='grc' dir='ltr'>Ἀστατοῦντας</span> 
     </span>
    </p>
   </div>
   <div class='ocr_carea' id='block_1_57' title="bbox 439 3917 2098 3998">
    <p class='ocr_par' dir='ltr' id='par_1_57' title="bbox 439 3917 2098 3998">
     <span class='ocr_line' id='line_1_57' title="bbox 439 3917 2098 3998; baseline 0 -24"><span class='ocrx_word' id='word_1_407' title='bbox 439 3918 525 3974; x_wconf 84' lang='grc' dir='ltr'>ἀεὶ</span> <span class='ocrx_word' id='word_1_408' title='bbox 553 3919 643 3975; x_wconf 78' lang='grc' dir='ltr'>καὶ</span> <span class='ocrx_word' id='word_1_409' title='bbox 669 3919 1200 3998; x_wconf 75' lang='grc' dir='ltr'>περιστρεφομένους</span> <span class='ocrx_word' id='word_1_410' title='bbox 1230 3923 1352 3981; x_wconf 86' lang='grc' dir='ltr'>ταῖς</span> <span class='ocrx_word' id='word_1_411' title='bbox 1406 3922 1513 3974; x_wconf 90' lang='grc' dir='ltr'>τῶν</span> <span class='ocrx_word' id='word_1_412' title='bbox 1573 3923 1872 3997; x_wconf 77' lang='grc' dir='ltr'>συμφορῶν</span> <span class='ocrx_word' id='word_1_413' title='bbox 1934 3917 2098 3974; x_wconf 88' lang='grc' dir='ltr'>ἀλλε-</span> 
     </span>
    </p>
   </div>
   <div class='ocr_carea' id='block_1_58' title="bbox 438 4004 1144 4084">
    <p class='ocr_par' dir='ltr' id='par_1_58' title="bbox 438 4004 1144 4084">
     <span class='ocr_line' id='line_1_58' title="bbox 438 4004 1144 4084; baseline 0.003 -20"><span class='ocrx_word' id='word_1_414' title='bbox 438 4007 760 4081; x_wconf 80' lang='grc' dir='ltr'>παλλήλοις</span> <span class='ocrx_word' id='word_1_415' title='bbox 791 4004 1144 4084; x_wconf 76' lang='grc' dir='ltr'>μεταϐολαῖς.</span> 
     </span>
    </p>
   </div>
   <div class='ocr_carea' id='block_1_59' title="bbox 512 4095 2093 4172">
    <p class='ocr_par' dir='ltr' id='par_1_59' title="bbox 512 4095 2093 4172">
     <span class='ocr_line' id='line_1_59' title="bbox 512 4095 2093 4172; baseline 0.003 -22"><span class='ocrx_word' id='word_1_416' title='bbox 512 4121 542 4150; x_wconf 88' lang='grc'>‹‹</span> <span class='ocrx_word' id='word_1_417' title='bbox 575 4097 760 4162; x_wconf 72' lang='grc' dir='ltr'>Οὕτως</span> <span class='ocrx_word' id='word_1_418' title='bbox 817 4095 1170 4169; x_wconf 80' lang='grc' dir='ltr'>καταδιώξεις</span> <span class='ocrx_word' id='word_1_419' title='bbox 1219 4096 1414 4160; x_wconf 78' lang='grc' dir='ltr'>αὐτοὺς</span> <span class='ocrx_word' id='word_1_420' title='bbox 1462 4095 1514 4154; x_wconf 83' lang='grc' dir='ltr'>έν</span> <span class='ocrx_word' id='word_1_421' title='bbox 1561 4099 1633 4166; x_wconf 79' lang='grc' dir='ltr'>τῆ</span> <span class='ocrx_word' id='word_1_422' title='bbox 1669 4095 1944 4172; x_wconf 90' lang='grc' dir='ltr'>καταιγίδι</span> <span class='ocrx_word' id='word_1_423' title='bbox 1977 4117 2093 4154; x_wconf 90' lang='grc' dir='ltr'>σου·</span> 
     </span>
    </p>
   </div>
   <div class='ocr_carea' id='block_1_60' title="bbox 437 4185 2096 4265">
    <p class='ocr_par' dir='ltr' id='par_1_60' title="bbox 437 4185 2096 4265">
     <span class='ocr_line' id='line_1_60' title="bbox 437 4185 2096 4265; baseline 0 -23"><span class='ocrx_word' id='word_1_424' title='bbox 437 4186 530 4243; x_wconf 82' lang='grc' dir='ltr'>καὶ</span> <span class='ocrx_word' id='word_1_425' title='bbox 581 4186 634 4242; x_wconf 91' lang='grc' dir='ltr'>ἐν</span> <span class='ocrx_word' id='word_1_426' title='bbox 688 4193 756 4257; x_wconf 85' lang='grc' dir='ltr'>τῆ</span> <span class='ocrx_word' id='word_1_427' title='bbox 822 4187 957 4265; x_wconf 84' lang='grc' dir='ltr'>ὀργῆ</span> <span class='ocrx_word' id='word_1_428' title='bbox 1013 4207 1108 4241; x_wconf 92' lang='grc' dir='ltr'>σου</span> <span class='ocrx_word' id='word_1_429' title='bbox 1162 4187 1502 4262; x_wconf 82' lang='grc' dir='ltr'>συνταράξεις</span> <span class='ocrx_word' id='word_1_430' title='bbox 1546 4185 1763 4250; x_wconf 79' lang='grc' dir='ltr'>αὐτούς.</span> <span class='ocrx_word' id='word_1_431' title='bbox 1798 4211 1827 4239; x_wconf 93' lang='grc'><strong>››</strong></span> <span class='ocrx_word' id='word_1_432' title='bbox 1879 4219 1945 4230; x_wconf 69' lang='grc' dir='ltr'>ι-</span> <span class='ocrx_word' id='word_1_433' title='bbox 1993 4194 2096 4242; x_wconf 88' lang='grc' dir='ltr'>Κα-</span> 
     </span>
    </p>
   </div>
   <div class='ocr_carea' id='block_1_61' title="bbox 436 4273 2096 4353">
    <p class='ocr_par' dir='ltr' id='par_1_61' title="bbox 436 4273 2096 4353">
     <span class='ocr_line' id='line_1_61' title="bbox 436 4273 2096 4353; baseline 0.001 -23"><span class='ocrx_word' id='word_1_434' title='bbox 436 4273 654 4352; x_wconf 88' lang='grc' dir='ltr'>ταιγίδα</span> <span class='ocrx_word' id='word_1_435' title='bbox 691 4273 844 4353; x_wconf 89' lang='grc' dir='ltr'>λέγει</span> <span class='ocrx_word' id='word_1_436' title='bbox 889 4277 990 4345; x_wconf 72' lang='grc' dir='ltr'>τὴν</span> <span class='ocrx_word' id='word_1_437' title='bbox 1051 4274 1197 4346; x_wconf 84' lang='grc' dir='ltr'>ἀξίαν</span> <span class='ocrx_word' id='word_1_438' title='bbox 1251 4275 1460 4346; x_wconf 86' lang='grc' dir='ltr'>κίνησιν</span> <span class='ocrx_word' id='word_1_439' title='bbox 1527 4282 1630 4345; x_wconf 81' lang='grc' dir='ltr'>τῆς</span> <span class='ocrx_word' id='word_1_440' title='bbox 1691 4275 1881 4352; x_wconf 81' lang='grc' dir='ltr'>ὀργῆς.</span> <span class='ocrx_word' id='word_1_441' title='bbox 1941 4276 2096 4332; x_wconf 79' lang='grc' dir='ltr'>Οὕτω</span> 
     </span>
    </p>
   </div>
   <div class='ocr_carea' id='block_1_62' title="bbox 439 4361 2094 4444">
    <p class='ocr_par' dir='ltr' id='par_1_62' title="bbox 439 4361 2094 4444">
     <span class='ocr_line' id='line_1_62' title="bbox 439 4361 2094 4444; baseline 0.002 -25"><span class='ocrx_word' id='word_1_442' title='bbox 439 4361 518 4437; x_wconf 79' lang='grc' dir='ltr'>δὲ,</span> <span class='ocrx_word' id='word_1_443' title='bbox 578 4367 734 4444; x_wconf 76' lang='grc' dir='ltr'>φησὶ,</span> <span class='ocrx_word' id='word_1_444' title='bbox 792 4362 1144 4437; x_wconf 79' lang='grc' dir='ltr'>καταδιώξεις</span> <span class='ocrx_word' id='word_1_445' title='bbox 1203 4363 1420 4436; x_wconf 76' lang='grc' dir='ltr'>αὐτοὺς,</span> <span class='ocrx_word' id='word_1_446' title='bbox 1481 4365 1556 4427; x_wconf 85' lang='grc' dir='ltr'>ὡς</span> <span class='ocrx_word' id='word_1_447' title='bbox 1611 4361 1935 4420; x_wconf 87' lang='grc' dir='ltr'>καταδιώκει</span> <span class='ocrx_word' id='word_1_448' title='bbox 1993 4367 2094 4435; x_wconf 73' lang='grc' dir='ltr'>τὴν</span> 
     </span>
    </p>
   </div>
   <div class='ocr_carea' id='block_1_63' title="bbox 437 4452 830 4531">
    <p class='ocr_par' dir='ltr' id='par_1_63' title="bbox 437 4452 830 4531">
     <span class='ocr_line' id='line_1_63' title="bbox 437 4452 830 4531; baseline 0.005 -22"><span class='ocrx_word' id='word_1_449' title='bbox 437 4452 577 4525; x_wconf 75' lang='grc' dir='ltr'>ὕλην</span> <span class='ocrx_word' id='word_1_450' title='bbox 606 4454 671 4509; x_wconf 92' lang='grc' dir='ltr'>τὸ</span> <span class='ocrx_word' id='word_1_451' title='bbox 701 4457 830 4531; x_wconf 91' lang='grc' dir='ltr'>πῦρ.</span> 
     </span>
    </p>
   </div>
   <div class='ocr_carea' id='block_1_64' title="bbox 511 4540 2094 4619">
    <p class='ocr_par' dir='ltr' id='par_1_64' title="bbox 511 4540 2094 4619">
     <span class='ocr_line' id='line_1_64' title="bbox 511 4540 2094 4619; baseline 0.003 -25"><span class='ocrx_word' id='word_1_452' title='bbox 511 4566 541 4595; x_wconf 77' lang='grc' dir='ltr'>α</span> <span class='ocrx_word' id='word_1_453' title='bbox 574 4541 883 4619; x_wconf 91' lang='grc' dir='ltr'>Πλήρωσον</span> <span class='ocrx_word' id='word_1_454' title='bbox 939 4541 1008 4597; x_wconf 77' lang='grc' dir='ltr'>τὰ</span> <span class='ocrx_word' id='word_1_455' title='bbox 1089 4540 1360 4619; x_wconf 88' lang='grc' dir='ltr'>πρόσωπα</span> <span class='ocrx_word' id='word_1_456' title='bbox 1429 4540 1606 4597; x_wconf 81' lang='grc' dir='ltr'>αὐτῶν</span> <span class='ocrx_word' id='word_1_457' title='bbox 1691 4541 1932 4616; x_wconf 86' lang='grc' dir='ltr'>ἀτιμίας,</span> <span class='ocrx_word' id='word_1_458' title='bbox 2003 4543 2094 4599; x_wconf 85' lang='grc' dir='ltr'>καὶ</span> 
     </span>
    </p>
   </div>
   <div class='ocr_carea' id='block_1_65' title="bbox 440 4625 2096 4705">
    <p class='ocr_par' dir='ltr' id='par_1_65' title="bbox 440 4625 2096 4705">
     <span class='ocr_line' id='line_1_65' title="bbox 440 4625 2096 4705; baseline 0 -18"><span class='ocrx_word' id='word_1_459' title='bbox 440 4634 738 4704; x_wconf 78' lang='grc' dir='ltr'>ζητήσουσι</span> <span class='ocrx_word' id='word_1_460' title='bbox 775 4631 841 4687; x_wconf 88' lang='grc' dir='ltr'>τὸ</span> <span class='ocrx_word' id='word_1_461' title='bbox 888 4625 1069 4704; x_wconf 69' lang='grc' dir='ltr'>ὄνομά</span> <span class='ocrx_word' id='word_1_462' title='bbox 1128 4651 1245 4704; x_wconf 89' lang='grc' dir='ltr'>σου,</span> <span class='ocrx_word' id='word_1_463' title='bbox 1277 4629 1467 4705; x_wconf 90' lang='grc' dir='ltr'>Κύριε.</span> <span class='ocrx_word' id='word_1_464' title='bbox 1502 4654 1531 4683; x_wconf 83' lang='grc'><strong>››</strong></span> <span class='ocrx_word' id='word_1_465' title='bbox 1565 4663 1635 4675; x_wconf 88' lang='lat'>—--</span> <span class='ocrx_word' id='word_1_466' title='bbox 1663 4631 1804 4686; x_wconf 84' lang='grc' dir='ltr'>Ἀπὸ</span> <span class='ocrx_word' id='word_1_467' title='bbox 1844 4639 1948 4702; x_wconf 86' lang='grc' dir='ltr'>τῆς</span> <span class='ocrx_word' id='word_1_468' title='bbox 1985 4654 2096 4688; x_wconf 86' lang='grc' dir='ltr'>πα-</span> 
     </span>
    </p>
   </div>
   <div class='ocr_carea' id='block_1_66' title="bbox 2291 2304 3785 2392">
    <p class='ocr_par' dir='ltr' id='par_1_66' title="bbox 2291 2304 3785 2392">
     <span class='ocr_line' id='line_1_66' title="bbox 2291 2304 3785 2392; baseline -0.005 -25"><span class='ocrx_word' id='word_1_469' title='bbox 2291 2314 2446 2372; x_wconf 81' lang='grc' dir='ltr'>«Καὶ</span> <span class='ocrx_word' id='word_1_470' title='bbox 2499 2315 2604 2391; x_wconf 80' lang='grc' dir='ltr'>γὰρ</span> <span class='ocrx_word' id='word_1_471' title='bbox 2671 2314 2952 2392; x_wconf 87' lang='grc' dir='ltr'>στρουθίον</span> <span class='ocrx_word' id='word_1_472' title='bbox 3037 2314 3188 2390; x_wconf 85' lang='grc' dir='ltr'>εὗρεν</span> <span class='ocrx_word' id='word_1_473' title='bbox 3276 2314 3443 2385; x_wconf 72' lang='grc' dir='ltr'>ἑαυτῷ</span> <span class='ocrx_word' id='word_1_474' title='bbox 3517 2309 3682 2380; x_wconf 74' lang='grc' dir='ltr'>οἰκίαν,</span> <span class='ocrx_word' id='word_1_475' title='bbox 3725 2304 3785 2359; x_wconf 79' lang='grc' dir='ltr'>καὶ</span> 
     </span>
    </p>
   </div>
   <div class='ocr_carea' id='block_1_67' title="bbox 2214 2397 3783 2480">
    <p class='ocr_par' dir='ltr' id='par_1_67' title="bbox 2214 2397 3783 2480">
     <span class='ocr_line' id='line_1_67' title="bbox 2214 2397 3783 2480; baseline -0.003 -22"><span class='ocrx_word' id='word_1_476' title='bbox 2214 2403 2426 2480; x_wconf 88' lang='grc' dir='ltr'>τρυγὼν</span> <span class='ocrx_word' id='word_1_477' title='bbox 2486 2402 2701 2458; x_wconf 80' lang='grc' dir='ltr'>νοσσιὰν</span> <span class='ocrx_word' id='word_1_478' title='bbox 2765 2404 2950 2474; x_wconf 73' lang='grc' dir='ltr'>ἑαυτῆ,</span> <span class='ocrx_word' id='word_1_479' title='bbox 3010 2403 3072 2457; x_wconf 83' lang='grc' dir='ltr'>οὗ</span> <span class='ocrx_word' id='word_1_480' title='bbox 3109 2405 3263 2474; x_wconf 90' lang='grc' dir='ltr'>θήσει</span> <span class='ocrx_word' id='word_1_481' title='bbox 3292 2401 3359 2457; x_wconf 79' lang='grc' dir='ltr'>τὰ</span> <span class='ocrx_word' id='word_1_482' title='bbox 3384 2398 3556 2456; x_wconf 87' lang='grc' dir='ltr'>νοσσία</span> <span class='ocrx_word' id='word_1_483' title='bbox 3580 2397 3783 2463; x_wconf 71' lang='grc' dir='ltr'>ἑαυτῆςιυ</span> 
     </span>
    </p>
   </div>
   <div class='ocr_carea' id='block_1_68' title="bbox 2215 2481 3780 2568">
    <p class='ocr_par' dir='ltr' id='par_1_68' title="bbox 2215 2481 3780 2568">
     <span class='ocr_line' id='line_1_68' title="bbox 2215 2481 3780 2568; baseline -0.006 -22"><span class='ocrx_word' id='word_1_484' title='bbox 2215 2491 2419 2549; x_wconf 87' lang='grc' dir='ltr'>-Καὶ</span> <span class='ocrx_word' id='word_1_485' title='bbox 2476 2491 2581 2568; x_wconf 78' lang='grc' dir='ltr'>γὰρ</span> <span class='ocrx_word' id='word_1_486' title='bbox 2637 2494 2673 2562; x_wconf 76' lang='grc' dir='ltr'><strong>ἡ</strong></span> <span class='ocrx_word' id='word_1_487' title='bbox 2735 2491 2784 2565; x_wconf 81' lang='grc' dir='ltr'>ἐξ</span> <span class='ocrx_word' id='word_1_488' title='bbox 2845 2493 3010 2556; x_wconf 72' lang='grc' dir='ltr'>ἐθνῶν</span> <span class='ocrx_word' id='word_1_489' title='bbox 3067 2488 3422 2566; x_wconf 88' lang='grc' dir='ltr'>κληρονομία</span> <span class='ocrx_word' id='word_1_490' title='bbox 3473 2487 3638 2557; x_wconf 85' lang='grc' dir='ltr'>σου,ἡ</span> <span class='ocrx_word' id='word_1_491' title='bbox 3676 2481 3780 2548; x_wconf 75' lang='grc' dir='ltr'>δίκην</span> 
     </span>
    </p>
   </div>
   <div class='ocr_carea' id='block_1_69' title="bbox 2215 2572 3777 2658">
    <p class='ocr_par' dir='ltr' id='par_1_69' title="bbox 2215 2572 3777 2658">
     <span class='ocr_line' id='line_1_69' title="bbox 2215 2572 3777 2658; baseline -0.005 -22"><span class='ocrx_word' id='word_1_492' title='bbox 2215 2580 2504 2658; x_wconf 90' lang='grc' dir='ltr'>στρουθίου</span> <span class='ocrx_word' id='word_1_493' title='bbox 2536 2581 2625 2636; x_wconf 86' lang='grc' dir='ltr'>καὶ</span> <span class='ocrx_word' id='word_1_494' title='bbox 2663 2585 2945 2657; x_wconf 86' lang='grc' dir='ltr'>τρυγῶνος</span> <span class='ocrx_word' id='word_1_495' title='bbox 2977 2579 3314 2654; x_wconf 80' lang='grc' dir='ltr'>πλανωμένη</span> <span class='ocrx_word' id='word_1_496' title='bbox 3356 2578 3477 2655; x_wconf 88' lang='grc' dir='ltr'>πρὶν</span> <span class='ocrx_word' id='word_1_497' title='bbox 3532 2575 3575 2631; x_wconf 85' lang='grc' dir='ltr'>ἐν</span> <span class='ocrx_word' id='word_1_498' title='bbox 3626 2572 3777 2648; x_wconf 76' lang='grc' dir='ltr'>ἐρήμῳ,</span> 
     </span>
    </p>
   </div>
   <div class='ocr_carea' id='block_1_70' title="bbox 2214 2667 3053 2744">
    <p class='ocr_par' dir='ltr' id='par_1_70' title="bbox 2214 2667 3053 2744">
     <span class='ocr_line' id='line_1_70' title="bbox 2214 2667 3053 2744; baseline 0.002 -19"><span class='ocrx_word' id='word_1_499' title='bbox 2214 2670 2360 2734; x_wconf 90' lang='grc' dir='ltr'>θείας</span> <span class='ocrx_word' id='word_1_500' title='bbox 2392 2667 2748 2732; x_wconf 85' lang='grc' dir='ltr'>διδασκαλίας</span> <span class='ocrx_word' id='word_1_501' title='bbox 2789 2669 2909 2744; x_wconf 85' lang='grc' dir='ltr'>εὗρε</span> <span class='ocrx_word' id='word_1_502' title='bbox 2938 2675 3053 2727; x_wconf 91' lang='grc' dir='ltr'>νῦν.</span> 
     </span>
    </p>
   </div>
   <div class='ocr_carea' id='block_1_71' title="bbox 2285 2745 3773 2835">
    <p class='ocr_par' dir='ltr' id='par_1_71' title="bbox 2285 2745 3773 2835">
     <span class='ocr_line' id='line_1_71' title="bbox 2285 2745 3773 2835; baseline -0.003 -23"><span class='ocrx_word' id='word_1_503' title='bbox 2285 2759 2418 2814; x_wconf 82' lang='grc' dir='ltr'>«Τὰ</span> <span class='ocrx_word' id='word_1_504' title='bbox 2481 2759 2836 2835; x_wconf 81' lang='grc' dir='ltr'>θυσιαστήριά</span> <span class='ocrx_word' id='word_1_505' title='bbox 2896 2781 3012 2830; x_wconf 91' lang='grc' dir='ltr'>σου,</span> <span class='ocrx_word' id='word_1_506' title='bbox 3071 2758 3246 2835; x_wconf 88' lang='grc' dir='ltr'>Κύριε</span> <span class='ocrx_word' id='word_1_507' title='bbox 3309 2762 3414 2813; x_wconf 92' lang='grc' dir='ltr'>τῶν</span> <span class='ocrx_word' id='word_1_508' title='bbox 3473 2745 3773 2835; x_wconf 59' lang='grc' dir='ltr'>δυνάμεων,ό</span> 
     </span>
    </p>
   </div>
   <div class='ocr_carea' id='block_1_72' title="bbox 2217 2834 3769 2925">
    <p class='ocr_par' dir='ltr' id='par_1_72' title="bbox 2217 2834 3769 2925">
     <span class='ocr_line' id='line_1_72' title="bbox 2217 2834 3769 2925; baseline -0.001 -21"><span class='ocrx_word' id='word_1_509' title='bbox 2217 2846 2470 2925; x_wconf 88' lang='grc' dir='ltr'>βασιλεύς</span> <span class='ocrx_word' id='word_1_510' title='bbox 2504 2870 2609 2922; x_wconf 92' lang='grc' dir='ltr'>μου</span> <span class='ocrx_word' id='word_1_511' title='bbox 2639 2834 2790 2904; x_wconf 15' lang='grc' dir='ltr'>καὶνὸ</span> <span class='ocrx_word' id='word_1_512' title='bbox 2825 2847 2957 2911; x_wconf 87' lang='grc' dir='ltr'>Θεύς</span> <span class='ocrx_word' id='word_1_513' title='bbox 2993 2869 3123 2922; x_wconf 91' lang='grc' dir='ltr'>μου.</span> <span class='ocrx_word' id='word_1_514' title='bbox 3160 2834 3189 2901; x_wconf 52' lang='grc' dir='ltr'><em>ᾗ</em></span> <span class='ocrx_word' id='word_1_515' title='bbox 3219 2881 3289 2891; x_wconf 95' lang='lat'>—</span> <span class='ocrx_word' id='word_1_516' title='bbox 3328 2848 3477 2903; x_wconf 88' lang='grc' dir='ltr'>Ἤτοι</span> <span class='ocrx_word' id='word_1_517' title='bbox 3517 2843 3599 2904; x_wconf 77' lang='grc' dir='ltr'>τὰς</span> <span class='ocrx_word' id='word_1_518' title='bbox 3643 2834 3769 2925; x_wconf 46' lang='grc' dir='ltr'>ἐκᾏλη·</span> 
     </span>
    </p>
   </div>
   <div class='ocr_carea' id='block_1_73' title="bbox 2214 2922 3760 3005">
    <p class='ocr_par' dir='ltr' id='par_1_73' title="bbox 2214 2922 3760 3005">
     <span class='ocr_line' id='line_1_73' title="bbox 2214 2922 3760 3005; baseline -0.002 -13"><span class='ocrx_word' id='word_1_519' title='bbox 2214 2936 2329 3000; x_wconf 89' lang='grc' dir='ltr'>σίας</span> <span class='ocrx_word' id='word_1_520' title='bbox 2385 2959 2481 2993; x_wconf 91' lang='grc' dir='ltr'>σου</span> <span class='ocrx_word' id='word_1_521' title='bbox 2537 2936 2627 2993; x_wconf 82' lang='grc' dir='ltr'>καὶ</span> <span class='ocrx_word' id='word_1_522' title='bbox 2687 2936 2860 2992; x_wconf 82' lang='grc' dir='ltr'>οἰκίαν</span> <span class='ocrx_word' id='word_1_523' title='bbox 2921 2937 3012 2992; x_wconf 85' lang='grc' dir='ltr'>καὶ</span> <span class='ocrx_word' id='word_1_524' title='bbox 3071 2938 3315 3005; x_wconf 82' lang='grc' dir='ltr'>νοσσιὰν,</span> <span class='ocrx_word' id='word_1_525' title='bbox 3355 2934 3442 2991; x_wconf 84' lang='grc' dir='ltr'>καὶ</span> <span class='ocrx_word' id='word_1_526' title='bbox 3494 2938 3584 3001; x_wconf 82' lang='grc' dir='ltr'>τῆς</span> <span class='ocrx_word' id='word_1_527' title='bbox 3626 2922 3760 2989; x_wconf 66' lang='grc' dir='ltr'>πλάνης</span> 
     </span>
    </p>
   </div>
   <div class='ocr_carea' id='block_1_74' title="bbox 2211 3016 3753 3100">
    <p class='ocr_par' dir='ltr' id='par_1_74' title="bbox 2211 3016 3753 3100">
     <span class='ocr_line' id='line_1_74' title="bbox 2211 3016 3753 3100; baseline 0 -18"><span class='ocrx_word' id='word_1_528' title='bbox 2211 3025 2570 3098; x_wconf 86' lang='grc' dir='ltr'>κατέπαυσας,</span> <span class='ocrx_word' id='word_1_529' title='bbox 2624 3025 2762 3081; x_wconf 85' lang='grc' dir='ltr'>ὅπου</span> <span class='ocrx_word' id='word_1_530' title='bbox 2821 3023 2888 3096; x_wconf 77' lang='grc' dir='ltr'>δὴ</span> <span class='ocrx_word' id='word_1_531' title='bbox 2929 3026 3020 3081; x_wconf 89' lang='grc' dir='ltr'>καὶ</span> <span class='ocrx_word' id='word_1_532' title='bbox 3067 3028 3138 3081; x_wconf 75' lang='grc' dir='ltr'>τὰ</span> <span class='ocrx_word' id='word_1_533' title='bbox 3194 3023 3525 3100; x_wconf 77' lang='grc' dir='ltr'>πνευματικὰ</span> <span class='ocrx_word' id='word_1_534' title='bbox 3551 3016 3753 3100; x_wconf 55' lang='grc' dir='ltr'>γεννῆμτῖα</span> 
     </span>
    </p>
   </div>
   <div class='ocr_carea' id='block_1_75' title="bbox 2214 3097 3752 3192">
    <p class='ocr_par' dir='ltr' id='par_1_75' title="bbox 2214 3097 3752 3192">
     <span class='ocr_line' id='line_1_75' title="bbox 2214 3097 3752 3192; baseline -0.004 -21"><span class='ocrx_word' id='word_1_535' title='bbox 2214 3117 2431 3189; x_wconf 72' lang='grc' dir='ltr'>ἑαυτῆς,</span> <span class='ocrx_word' id='word_1_536' title='bbox 2481 3097 2606 3185; x_wconf 68' lang='grc' dir='ltr'>ἦτοι</span> <span class='ocrx_word' id='word_1_537' title='bbox 2672 3115 2770 3179; x_wconf 77' lang='grc' dir='ltr'>τὰς</span> <span class='ocrx_word' id='word_1_538' title='bbox 2828 3115 3024 3192; x_wconf 83' lang='grc' dir='ltr'>ἀρετὰς</span> <span class='ocrx_word' id='word_1_539' title='bbox 3089 3118 3268 3188; x_wconf 90' lang='grc' dir='ltr'>θήσει,</span> <span class='ocrx_word' id='word_1_540' title='bbox 3317 3097 3576 3190; x_wconf 78' lang='grc' dir='ltr'>τουτέστιν</span> <span class='ocrx_word' id='word_1_541' title='bbox 3621 3097 3752 3175; x_wconf 34' lang='lat' dir='ltr'>NW?</span> 
     </span>
    </p>
   </div>
   <div class='ocr_carea' id='block_1_76' title="bbox 2215 3203 3931 3288">
    <p class='ocr_par' dir='ltr' id='par_1_76' title="bbox 2215 3203 3931 3288">
     <span class='ocr_line' id='line_1_76' title="bbox 2215 3203 3931 3288; baseline 0.001 -29"><span class='ocrx_word' id='word_1_542' title='bbox 2215 3225 2316 3262; x_wconf 90' lang='grc' dir='ltr'>σει.</span> <span class='ocrx_word' id='word_1_543' title='bbox 3564 3285 3572 3288; x_wconf 25' lang='grc' dir='ltr'><strong>Α</strong></span> <span class='ocrx_word' id='word_1_544' title='bbox 3629 3287 3633 3288; x_wconf 9' lang='grc' dir='ltr'>γ</span> <span class='ocrx_word' id='word_1_545' title='bbox 3748 3270 3758 3288; x_wconf 31' lang='grc' dir='ltr'><strong>ε</strong></span> 
     </span>
    </p>
   </div>
   <div class='ocr_carea' id='block_1_77' title="bbox 2287 3285 3768 3370">
    <p class='ocr_par' dir='ltr' id='par_1_77' title="bbox 2287 3285 3768 3370">
     <span class='ocr_line' id='line_1_77' title="bbox 2287 3285 3768 3370; baseline -0.018 -7"><span class='ocrx_word' id='word_1_546' title='bbox 2287 3319 2317 3347; x_wconf 70' lang='grc' dir='ltr'>ί(</span> <span class='ocrx_word' id='word_1_547' title='bbox 2350 3295 2628 3368; x_wconf 80' lang='grc' dir='ltr'>Μακάριος</span> <span class='ocrx_word' id='word_1_548' title='bbox 2683 3293 2823 3370; x_wconf 78' lang='grc' dir='ltr'>ἀνὴρ</span> <span class='ocrx_word' id='word_1_549' title='bbox 2873 3293 2935 3348; x_wconf 81' lang='grc' dir='ltr'>οῦ</span> <span class='ocrx_word' id='word_1_550' title='bbox 2986 3293 3128 3349; x_wconf 79' lang='grc' dir='ltr'>ἐστὶν</span> <span class='ocrx_word' id='word_1_551' title='bbox 3198 3292 3483 3366; x_wconf 78' lang='grc' dir='ltr'>ἀντίληψις</span> <span class='ocrx_word' id='word_1_552' title='bbox 3525 3285 3643 3355; x_wconf 79' lang='grc' dir='ltr'>αὖτῷ</span> <span class='ocrx_word' id='word_1_553' title='bbox 3675 3285 3768 3348; x_wconf 65' lang='grc' dir='ltr'>παρα</span> 
     </span>
    </p>
   </div>
   <div class='ocr_carea' id='block_1_78' title="bbox 2211 3375 3771 3457">
    <p class='ocr_par' dir='ltr' id='par_1_78' title="bbox 2211 3375 3771 3457">
     <span class='ocr_line' id='line_1_78' title="bbox 2211 3375 3771 3457; baseline -0.008 -19"><span class='ocrx_word' id='word_1_554' title='bbox 2211 3386 2330 3439; x_wconf 91' lang='grc' dir='ltr'>σοῦ.</span> <span class='ocrx_word' id='word_1_555' title='bbox 2389 3377 2704 3446; x_wconf 79' lang='grc' dir='ltr'>’Δναϐάσεις</span> <span class='ocrx_word' id='word_1_556' title='bbox 2764 3382 2817 3437; x_wconf 87' lang='grc' dir='ltr'>ἐν</span> <span class='ocrx_word' id='word_1_557' title='bbox 2875 3386 2946 3456; x_wconf 82' lang='grc' dir='ltr'>τῇ</span> <span class='ocrx_word' id='word_1_558' title='bbox 3002 3379 3202 3457; x_wconf 81' lang='grc' dir='ltr'>καρδίᾳ</span> <span class='ocrx_word' id='word_1_559' title='bbox 3251 3381 3413 3437; x_wconf 80' lang='grc' dir='ltr'>αὐτοῦ</span> <span class='ocrx_word' id='word_1_560' title='bbox 3470 3375 3771 3457; x_wconf 54' lang='grc' dir='ltr'>διέθεταν·</span> 
     </span>
    </p>
   </div>
   <div class='ocr_carea' id='block_1_79' title="bbox 2208 3454 3772 3555">
    <p class='ocr_par' dir='ltr' id='par_1_79' title="bbox 2208 3454 3772 3555">
     <span class='ocr_line' id='line_1_79' title="bbox 2208 3454 3772 3555; baseline 0.01 -62"><span class='ocrx_word' id='word_1_561' title='bbox 2208 3472 2344 3530; x_wconf 76' lang='grc' dir='ltr'>,Απὸ</span> <span class='ocrx_word' id='word_1_562' title='bbox 2394 3476 2599 3545; x_wconf 90' lang='grc' dir='ltr'>κοινοῦ,</span> <span class='ocrx_word' id='word_1_563' title='bbox 2651 3454 2932 3547; x_wconf 82' lang='grc' dir='ltr'>Μακάριος</span> <span class='ocrx_word' id='word_1_564' title='bbox 2981 3472 3040 3534; x_wconf 79' lang='grc' dir='ltr'>’ὸς</span> <span class='ocrx_word' id='word_1_565' title='bbox 3076 3454 3190 3541; x_wconf 41' lang='grc' dir='ltr'>’τὴν</span> <span class='ocrx_word' id='word_1_566' title='bbox 3237 3466 3465 3526; x_wconf 82' lang='grc' dir='ltr'>κοιλάδα</span> <span class='ocrx_word' id='word_1_567' title='bbox 3506 3467 3589 3520; x_wconf 82' lang='grc' dir='ltr'>τοῦ</span> <span class='ocrx_word' id='word_1_568' title='bbox 3623 3454 3772 3555; x_wconf 38' lang='lat'>[$1000-</span> 
     </span>
    </p>
   </div>
   <div class='ocr_carea' id='block_1_80' title="bbox 2212 3546 3773 3646">
    <p class='ocr_par' dir='ltr' id='par_1_80' title="bbox 2212 3546 3773 3646">
     <span class='ocr_line' id='line_1_80' title="bbox 2212 3546 3773 3646; baseline -0.027 -11"><span class='ocrx_word' id='word_1_569' title='bbox 2212 3565 2415 3635; x_wconf 70' lang='grc' dir='ltr'>μῶνος,</span> <span class='ocrx_word' id='word_1_570' title='bbox 2447 3558 2564 3631; x_wconf 73' lang='grc' dir='ltr'>ἤως</span> <span class='ocrx_word' id='word_1_571' title='bbox 2611 3561 2747 3616; x_wconf 78' lang='grc' dir='ltr'>κατὰ</span> <span class='ocrx_word' id='word_1_572' title='bbox 2793 3546 2885 3616; x_wconf 83' lang='grc' dir='ltr'>τὸν</span> <span class='ocrx_word' id='word_1_573' title='bbox 2952 3559 3201 3636; x_wconf 89' lang='grc' dir='ltr'>παρόντα</span> <span class='ocrx_word' id='word_1_574' title='bbox 3265 3555 3544 3646; x_wconf 49' lang='grc' dir='ltr'>χθαμαλὸν</span> <span class='ocrx_word' id='word_1_575' title='bbox 3591 3546 3662 3646; x_wconf 61' lang='grc' dir='ltr'>καὶ</span> <span class='ocrx_word' id='word_1_576' title='bbox 3711 3546 3773 3646; x_wconf 52' lang='grc' dir='ltr'>ἐξ·</span> 
     </span>
    </p>
   </div>
   <div class='ocr_carea' id='block_1_81' title="bbox 2208 3639 3774 3728">
    <p class='ocr_par' dir='ltr' id='par_1_81' title="bbox 2208 3639 3774 3728">
     <span class='ocr_line' id='line_1_81' title="bbox 2208 3639 3774 3728; baseline -0.013 -23"><span class='ocrx_word' id='word_1_577' title='bbox 2208 3647 2414 3705; x_wconf 91' lang='grc' dir='ltr'>ώδυνον</span> <span class='ocrx_word' id='word_1_578' title='bbox 2481 3649 2596 3724; x_wconf 88' lang='grc' dir='ltr'>βίον</span> <span class='ocrx_word' id='word_1_579' title='bbox 2652 3649 2752 3705; x_wconf 78' lang='grc' dir='ltr'>οῦκ</span> <span class='ocrx_word' id='word_1_580' title='bbox 2805 3648 3070 3728; x_wconf 78' lang='grc' dir='ltr'>ἐφρόνησε</span> <span class='ocrx_word' id='word_1_581' title='bbox 3115 3650 3346 3704; x_wconf 88' lang='grc' dir='ltr'>ταπεινά</span> <span class='ocrx_word' id='word_1_582' title='bbox 3388 3667 3444 3702; x_wconf 93' lang='grc' dir='ltr'>τε</span> <span class='ocrx_word' id='word_1_583' title='bbox 3469 3639 3713 3728; x_wconf 34' lang='grc' dir='ltr'>καὶ-γήινα</span> <span class='ocrx_word' id='word_1_584' title='bbox 3739 3639 3774 3680; x_wconf 73' lang='grc' dir='ltr'><strong>ἐν</strong></span> 
     </span>
    </p>
   </div>
   <div class='ocr_carea' id='block_1_82' title="bbox 2206 3722 3778 3814">
    <p class='ocr_par' dir='ltr' id='par_1_82' title="bbox 2206 3722 3778 3814">
     <span class='ocr_line' id='line_1_82' title="bbox 2206 3722 3778 3814; baseline -0.024 0"><span class='ocrx_word' id='word_1_585' title='bbox 2206 3742 2274 3813; x_wconf 68' lang='grc' dir='ltr'>τῇ</span> <span class='ocrx_word' id='word_1_586' title='bbox 2320 3722 2490 3814; x_wconf 23' lang='grc' dir='ltr'>ψυχῇ-</span> <span class='ocrx_word' id='word_1_587' title='bbox 2524 3737 2691 3795; x_wconf 70' lang='grc' dir='ltr'>αὐτοῦ</span> <span class='ocrx_word' id='word_1_588' title='bbox 2740 3722 3039 3812; x_wconf 80' lang='grc' dir='ltr'>ἐμελέτησε</span> <span class='ocrx_word' id='word_1_589' title='bbox 3087 3735 3396 3814; x_wconf 74' lang='grc' dir='ltr'>λογισμοὺς</span> <span class='ocrx_word' id='word_1_590' title='bbox 3442 3722 3778 3814; x_wconf 50' lang='grc' dir='ltr'>ἀναϐιϐάζονξξις</span> 
     </span>
    </p>
   </div>
   <div class='ocr_carea' id='block_1_83' title="bbox 2206 3805 3778 3905">
    <p class='ocr_par' dir='ltr' id='par_1_83' title="bbox 2206 3805 3778 3905">
     <span class='ocr_line' id='line_1_83' title="bbox 2206 3805 3778 3905; baseline -0.008 -21"><span class='ocrx_word' id='word_1_591' title='bbox 2206 3805 2365 3884; x_wconf 71' lang='grc' dir='ltr'>αύτὸν</span> <span class='ocrx_word' id='word_1_592' title='bbox 2399 3805 2563 3904; x_wconf 47' lang='grc' dir='ltr'>’πρὸς</span> <span class='ocrx_word' id='word_1_593' title='bbox 2621 3828 2773 3887; x_wconf 89' lang='grc' dir='ltr'>Θεόν.</span> <span class='ocrx_word' id='word_1_594' title='bbox 2827 3829 3106 3905; x_wconf 83' lang='grc' dir='ltr'>Μακάριος</span> <span class='ocrx_word' id='word_1_595' title='bbox 3163 3805 3222 3883; x_wconf 75' lang='grc' dir='ltr'>δὲ</span> <span class='ocrx_word' id='word_1_596' title='bbox 3270 3828 3297 3881; x_wconf 93' lang='lat'>6</span> <span class='ocrx_word' id='word_1_597' title='bbox 3338 3805 3778 3905; x_wconf 30' lang='grc' dir='ltr'>τοιοῦτος’-καὶδῆ-</span> 
     </span>
    </p>
   </div>
   <div class='ocr_carea' id='block_1_84' title="bbox 2205 3903 3779 3995">
    <p class='ocr_par' dir='ltr' id='par_1_84' title="bbox 2205 3903 3779 3995">
     <span class='ocr_line' id='line_1_84' title="bbox 2205 3903 3779 3995; baseline 0.009 -23"><span class='ocrx_word' id='word_1_598' title='bbox 2205 3916 2328 3973; x_wconf 88' lang='grc' dir='ltr'>λον·</span> <span class='ocrx_word' id='word_1_599' title='bbox 2358 3921 2519 3973; x_wconf 88' lang='grc' dir='ltr'>τοῦτο</span> <span class='ocrx_word' id='word_1_600' title='bbox 2553 3917 2656 3994; x_wconf 83' lang='grc' dir='ltr'>γὰρ</span> <span class='ocrx_word' id='word_1_601' title='bbox 2684 3919 2711 3973; x_wconf 93' lang='lat'>6</span> <span class='ocrx_word' id='word_1_602' title='bbox 2741 3903 3051 3992; x_wconf 73' lang='grc' dir='ltr'>νομοθετῶν</span> <span class='ocrx_word' id='word_1_603' title='bbox 3093 3916 3248 3992; x_wconf 79' lang='grc' dir='ltr'>αὐτὸ,</span> <span class='ocrx_word' id='word_1_604' title='bbox 3283 3911 3488 3985; x_wconf 80' lang='grc' dir='ltr'>δηλαδή</span> <span class='ocrx_word' id='word_1_605' title='bbox 3535 3903 3779 3995; x_wconf 46' lang='grc' dir='ltr'>ἀφίστασθαί</span> 
     </span>
    </p>
   </div>
   <div class='ocr_carea' id='block_1_85' title="bbox 2203 3992 3778 4084">
    <p class='ocr_par' dir='ltr' id='par_1_85' title="bbox 2203 3992 3778 4084">
     <span class='ocr_line' id='line_1_85' title="bbox 2203 3992 3778 4084; baseline -0.008 -23"><span class='ocrx_word' id='word_1_606' title='bbox 2203 4010 2311 4062; x_wconf 90' lang='grc' dir='ltr'>τῶν</span> <span class='ocrx_word' id='word_1_607' title='bbox 2342 3992 2575 4083; x_wconf 71' lang='grc' dir='ltr'>γηίνων,</span> <span class='ocrx_word' id='word_1_608' title='bbox 2605 4005 2858 4084; x_wconf 82' lang='grc' dir='ltr'>εὐλογίας</span> <span class='ocrx_word' id='word_1_609' title='bbox 2891 4005 3052 4062; x_wconf 88' lang='grc' dir='ltr'>δώσει</span> <span class='ocrx_word' id='word_1_610' title='bbox 3102 4011 3184 4080; x_wconf 78' lang='grc' dir='ltr'>τῷ</span> <span class='ocrx_word' id='word_1_611' title='bbox 3231 4003 3494 4081; x_wconf 84' lang='grc' dir='ltr'>ἀνθρώπῳ</span> <span class='ocrx_word' id='word_1_612' title='bbox 3534 3992 3682 4084; x_wconf 23' lang='grc' dir='ltr'>τοᾼύτιρ</span> 
     </span>
    </p>
   </div>
   <div class='ocr_carea' id='block_1_86' title="bbox 2207 4071 3777 4175">
    <p class='ocr_par' dir='ltr' id='par_1_86' title="bbox 2207 4071 3777 4175">
     <span class='ocr_line' id='line_1_86' title="bbox 2207 4071 3777 4175; baseline 0.008 -25"><span class='ocrx_word' id='word_1_613' title='bbox 2207 4094 2284 4159; x_wconf 84' lang='grc' dir='ltr'>εἷς</span> <span class='ocrx_word' id='word_1_614' title='bbox 2329 4097 2422 4151; x_wconf 89' lang='grc' dir='ltr'>τὸν</span> <span class='ocrx_word' id='word_1_615' title='bbox 2470 4096 2639 4151; x_wconf 91' lang='grc' dir='ltr'>τόπον</span> <span class='ocrx_word' id='word_1_616' title='bbox 2690 4097 2806 4151; x_wconf 91' lang='grc' dir='ltr'>καθ’</span> <span class='ocrx_word' id='word_1_617' title='bbox 2858 4097 2916 4152; x_wconf 82' lang='grc' dir='ltr'>ὃν</span> <span class='ocrx_word' id='word_1_618' title='bbox 2974 4092 3147 4168; x_wconf 78' lang='grc' dir='ltr'>ἔθετο,</span> <span class='ocrx_word' id='word_1_619' title='bbox 3183 4095 3235 4150; x_wconf 88' lang='grc' dir='ltr'>ἐν</span> <span class='ocrx_word' id='word_1_620' title='bbox 3273 4097 3340 4168; x_wconf 77' lang='grc' dir='ltr'>τῇ</span> <span class='ocrx_word' id='word_1_621' title='bbox 3380 4085 3559 4165; x_wconf 67' lang='grc' dir='ltr'>καρδίᾳ</span> <span class='ocrx_word' id='word_1_622' title='bbox 3582 4071 3777 4175; x_wconf 40' lang='grc' dir='ltr'>δηθονόῖι</span> 
     </span>
    </p>
   </div>
   <div class='ocr_carea' id='block_1_87' title="bbox 2206 4167 3776 4260">
    <p class='ocr_par' dir='ltr' id='par_1_87' title="bbox 2206 4167 3776 4260">
     <span class='ocr_line' id='line_1_87' title="bbox 2206 4167 3776 4260; baseline -0.013 -10"><span class='ocrx_word' id='word_1_623' title='bbox 2206 4183 2370 4240; x_wconf 74' lang='grc' dir='ltr'>αὖτοῧ</span> <span class='ocrx_word' id='word_1_624' title='bbox 2429 4184 2558 4247; x_wconf 77' lang='grc' dir='ltr'>τοὺς</span> <span class='ocrx_word' id='word_1_625' title='bbox 2624 4182 2974 4255; x_wconf 78' lang='grc' dir='ltr'>δηλωθέντας</span> <span class='ocrx_word' id='word_1_626' title='bbox 3042 4181 3371 4260; x_wconf 57' lang='grc' dir='ltr'>λογισμούς</span> <span class='ocrx_word' id='word_1_627' title='bbox 3420 4177 3503 4234; x_wconf 87' lang='grc' dir='ltr'>καὶ</span> <span class='ocrx_word' id='word_1_628' title='bbox 3561 4167 3674 4260; x_wconf 55' lang='grc' dir='ltr'>κατὰ</span> <span class='ocrx_word' id='word_1_629' title='bbox 3715 4175 3776 4214; x_wconf 76' lang='grc' dir='ltr'>τον</span> 
     </span>
    </p>
   </div>
   <div class='ocr_carea' id='block_1_88' title="bbox 2205 4258 3778 4352">
    <p class='ocr_par' dir='ltr' id='par_1_88' title="bbox 2205 4258 3778 4352">
     <span class='ocr_line' id='line_1_88' title="bbox 2205 4258 3778 4352; baseline 0.005 -25"><span class='ocrx_word' id='word_1_630' title='bbox 2205 4271 2445 4349; x_wconf 87' lang='grc' dir='ltr'>παρόντα</span> <span class='ocrx_word' id='word_1_631' title='bbox 2471 4273 2572 4349; x_wconf 76' lang='grc' dir='ltr'>γὰρ</span> <span class='ocrx_word' id='word_1_632' title='bbox 2602 4272 2808 4346; x_wconf 89' lang='grc' dir='ltr'>κόσμον</span> <span class='ocrx_word' id='word_1_633' title='bbox 2849 4258 3174 4349; x_wconf 84' lang='grc' dir='ltr'>ἐμακάρισεν</span> <span class='ocrx_word' id='word_1_634' title='bbox 3205 4274 3232 4328; x_wconf 91' lang='grc' dir='ltr'>ὁ</span> <span class='ocrx_word' id='word_1_635' title='bbox 3280 4267 3498 4347; x_wconf 76' lang='grc' dir='ltr'>Χριστὸς</span> <span class='ocrx_word' id='word_1_636' title='bbox 3539 4258 3654 4352; x_wconf 56' lang='grc' dir='ltr'>τοδί</span> <span class='ocrx_word' id='word_1_637' title='bbox 3689 4267 3778 4352; x_wconf 39' lang='lat' dir='ltr'>“Et:</span> 
     </span>
    </p>
   </div>
   <div class='ocr_carea' id='block_1_89' title="bbox 2203 4343 3778 4439">
    <p class='ocr_par' dir='ltr' id='par_1_89' title="bbox 2203 4343 3778 4439">
     <span class='ocr_line' id='line_1_89' title="bbox 2203 4343 3778 4439; baseline -0.017 -22"><span class='ocrx_word' id='word_1_638' title='bbox 2203 4343 2377 4424; x_wconf 81' lang='grc' dir='ltr'>κίλως</span> <span class='ocrx_word' id='word_1_639' title='bbox 2431 4343 2831 4439; x_wconf 73' lang='grc' dir='ltr'>ἀνερχομένους</span> <span class='ocrx_word' id='word_1_640' title='bbox 2880 4343 2952 4417; x_wconf 40' lang='grc' dir='ltr'>’ἐν</span> <span class='ocrx_word' id='word_1_641' title='bbox 3027 4343 3194 4436; x_wconf 79' lang='grc' dir='ltr'>αὐτῷ.</span> <span class='ocrx_word' id='word_1_642' title='bbox 3257 4343 3562 4434; x_wconf 84' lang='grc' dir='ltr'>Ἐμακάρισε</span> <span class='ocrx_word' id='word_1_643' title='bbox 3617 4343 3665 4400; x_wconf 78' lang='grc' dir='ltr'>δὶ</span> <span class='ocrx_word' id='word_1_644' title='bbox 3718 4343 3778 4439; x_wconf 51' lang='grc' dir='ltr'>διξ</span> 
     </span>
    </p>
   </div>
   <div class='ocr_carea' id='block_1_90' title="bbox 2202 4423 3778 4528">
    <p class='ocr_par' dir='ltr' id='par_1_90' title="bbox 2202 4423 3778 4528">
     <span class='ocr_line' id='line_1_90' title="bbox 2202 4423 3778 4528; baseline 0.007 -23"><span class='ocrx_word' id='word_1_645' title='bbox 2202 4455 2312 4506; x_wconf 88' lang='grc' dir='ltr'>τῶν</span> <span class='ocrx_word' id='word_1_646' title='bbox 2373 4449 2734 4527; x_wconf 81' lang='grc' dir='ltr'>εὐαγγελικῶν</span> <span class='ocrx_word' id='word_1_647' title='bbox 2799 4450 3070 4506; x_wconf 88' lang='grc' dir='ltr'>ποικίλων</span> <span class='ocrx_word' id='word_1_648' title='bbox 3154 4449 3519 4526; x_wconf 78' lang='grc' dir='ltr'>μακαρισμῶν⁶</span> <span class='ocrx_word' id='word_1_649' title='bbox 3554 4438 3686 4528; x_wconf 54' lang='grc' dir='ltr'>Ὡῦτξκ</span> <span class='ocrx_word' id='word_1_650' title='bbox 3736 4423 3778 4528; x_wconf 43' lang='lat' dir='ltr'>fi</span> 
     </span>
    </p>
   </div>
   <div class='ocr_carea' id='block_1_91' title="bbox 2203 4522 3778 4617">
    <p class='ocr_par' dir='ltr' id='par_1_91' title="bbox 2203 4522 3778 4617">
     <span class='ocr_line' id='line_1_91' title="bbox 2203 4522 3778 4617; baseline -0.009 -23"><span class='ocrx_word' id='word_1_651' title='bbox 2203 4541 2300 4602; x_wconf 77' lang='grc' dir='ltr'>τὰς</span> <span class='ocrx_word' id='word_1_652' title='bbox 2339 4522 2624 4603; x_wconf 77' lang='grc' dir='ltr'>ἀναϐάσεις</span> <span class='ocrx_word' id='word_1_653' title='bbox 2676 4539 2729 4595; x_wconf 86' lang='grc' dir='ltr'>έν</span> <span class='ocrx_word' id='word_1_654' title='bbox 2775 4544 2845 4614; x_wconf 84' lang='grc' dir='ltr'>τῇ</span> <span class='ocrx_word' id='word_1_655' title='bbox 2895 4537 3092 4617; x_wconf 81' lang='grc' dir='ltr'>καρδίᾳ</span> <span class='ocrx_word' id='word_1_656' title='bbox 3140 4522 3491 4609; x_wconf 82' lang='grc' dir='ltr'>διατιθέμενοι</span> <span class='ocrx_word' id='word_1_657' title='bbox 3547 4522 3778 4617; x_wconf 23' lang='grc' dir='ltr'>ἐξ-ἀρετῆ(</span> 
     </span>
    </p>
   </div>
   <div class='ocr_carea' id='block_1_92' title="bbox 2207 4613 3775 4706">
    <p class='ocr_par' dir='ltr' id='par_1_92' title="bbox 2207 4613 3775 4706">
     <span class='ocr_line' id='line_1_92' title="bbox 2207 4613 3775 4706; baseline -0.006 -22"><span class='ocrx_word' id='word_1_658' title='bbox 2207 4624 2622 4703; x_wconf 79' lang='grc' dir='ltr'>μεταϐήσονται·</span> <span class='ocrx_word' id='word_1_659' title='bbox 2680 4613 2911 4704; x_wconf 87' lang='grc' dir='ltr'>δύναμις</span> <span class='ocrx_word' id='word_1_660' title='bbox 2970 4613 3082 4706; x_wconf 68' lang='grc' dir='ltr'>⁷γὰρ</span> <span class='ocrx_word' id='word_1_661' title='bbox 3150 4629 3334 4704; x_wconf 77' lang='grc' dir='ltr'>ψυχῆς</span> <span class='ocrx_word' id='word_1_662' title='bbox 3415 4613 3630 4700; x_wconf 75' lang='grc' dir='ltr'>ῥωστικῆ</span> <span class='ocrx_word' id='word_1_663' title='bbox 3686 4621 3775 4675; x_wconf 76' lang='grc' dir='ltr'>τυγ-</span> 
     </span>
    </p>
   </div>
   <div class='ocr_carea' id='block_1_93' title="bbox 438 4701 2652 4796">
    <p class='ocr_par' dir='ltr' id='par_1_93' title="bbox 438 4701 2652 4796">
     <span class='ocr_line' id='line_1_93' title="bbox 438 4701 2652 4796; baseline -0 -21"><span class='ocrx_word' id='word_1_664' title='bbox 438 4701 668 4796; x_wconf 64' lang='grc' dir='ltr'>ραδόξου</span> <span class='ocrx_word' id='word_1_665' title='bbox 733 4721 837 4796; x_wconf 72' lang='grc' dir='ltr'>γάρ</span> <span class='ocrx_word' id='word_1_666' title='bbox 901 4701 1076 4790; x_wconf 79' lang='grc' dir='ltr'>ἥττης</span> <span class='ocrx_word' id='word_1_667' title='bbox 1140 4701 1539 4793; x_wconf 73' lang='grc' dir='ltr'>αἴσχυνθέντες,</span> <span class='ocrx_word' id='word_1_668' title='bbox 1589 4701 1932 4796; x_wconf 87' lang='grc' dir='ltr'>ἐρωτήσουσι</span> <span class='ocrx_word' id='word_1_669' title='bbox 1979 4722 2094 4794; x_wconf 90' lang='grc' dir='ltr'>μετ’</span> <span class='ocrx_word' id='word_1_670' title='bbox 2125 4701 2173 4766; x_wconf 81' lang='lat' dir='ltr'><strong>D</strong></span> <span class='ocrx_word' id='word_1_671' title='bbox 2203 4701 2361 4794; x_wconf 77' lang='grc' dir='ltr'>χάνει</span> <span class='ocrx_word' id='word_1_672' title='bbox 2393 4720 2428 4787; x_wconf 79' lang='grc' dir='ltr'>ἡ</span> <span class='ocrx_word' id='word_1_673' title='bbox 2462 4717 2652 4793; x_wconf 87' lang='grc' dir='ltr'>ἀρετή.</span> 
     </span>
    </p>
   </div>
   <div class='ocr_carea' id='block_1_94' title="bbox 436 4805 2091 4885">
    <p class='ocr_par' dir='ltr' id='par_1_94' title="bbox 436 4805 2091 4885">
     <span class='ocr_line' id='line_1_94' title="bbox 436 4805 2091 4885; baseline -0.001 -21"><span class='ocrx_word' id='word_1_674' title='bbox 436 4807 776 4884; x_wconf 84' lang='grc' dir='ltr'>ἐκπλήξεως,</span> <span class='ocrx_word' id='word_1_675' title='bbox 832 4807 922 4871; x_wconf 89' lang='grc' dir='ltr'>Τίς</span> <span class='ocrx_word' id='word_1_676' title='bbox 979 4805 1139 4871; x_wconf 76' lang='grc' dir='ltr'>οὗτος</span> <span class='ocrx_word' id='word_1_677' title='bbox 1199 4808 1228 4862; x_wconf 96' lang='lat'>6</span> <span class='ocrx_word' id='word_1_678' title='bbox 1279 4807 1408 4869; x_wconf 89' lang='grc' dir='ltr'>Θεὸς</span> <span class='ocrx_word' id='word_1_679' title='bbox 1447 4808 1476 4861; x_wconf 91' lang='lat'>6</span> <span class='ocrx_word' id='word_1_680' title='bbox 1526 4812 1751 4862; x_wconf 91' lang='grc' dir='ltr'>τοιαῦτα</span> <span class='ocrx_word' id='word_1_681' title='bbox 1799 4829 2091 4885; x_wconf 85' lang='grc' dir='ltr'>τερατουρ-</span> 
     </span>
    </p>
   </div>
   <div class='ocr_carea' id='block_1_95' title="bbox 434 4902 591 4977">
    <p class='ocr_par' dir='ltr' id='par_1_95' title="bbox 434 4902 591 4977">
     <span class='ocr_line' id='line_1_95' title="bbox 434 4902 591 4977; baseline -0.032 0"><span class='ocrx_word' id='word_1_682' title='bbox 434 4902 546 4977; x_wconf 71' lang='grc' dir='ltr'>γεῖιν</span> <span class='ocrx_word' id='word_1_683' title='bbox 575 4917 591 4972; x_wconf 86' lang='grc'><strong>;</strong></span> 
     </span>
    </p>
   </div>
   <div class='ocr_carea' id='block_1_96' title="bbox 507 4986 2095 5065">
    <p class='ocr_par' dir='ltr' id='par_1_96' title="bbox 507 4986 2095 5065">
     <span class='ocr_line' id='line_1_96' title="bbox 507 4986 2095 5065; baseline 0.001 -24"><span class='ocrx_word' id='word_1_684' title='bbox 507 5012 538 5042; x_wconf 86' lang='grc'>‹‹</span> <span class='ocrx_word' id='word_1_685' title='bbox 588 4989 1047 5065; x_wconf 82' lang='grc' dir='ltr'>Δίσχυνθήτωσαν</span> <span class='ocrx_word' id='word_1_686' title='bbox 1149 4986 1241 5041; x_wconf 82' lang='grc' dir='ltr'>καὶ</span> <span class='ocrx_word' id='word_1_687' title='bbox 1333 4987 1762 5062; x_wconf 86' lang='grc' dir='ltr'>ταραχθήτωσαν</span> <span class='ocrx_word' id='word_1_688' title='bbox 1849 4987 1926 5050; x_wconf 84' lang='grc' dir='ltr'>εἰς</span> <span class='ocrx_word' id='word_1_689' title='bbox 2001 4988 2095 5043; x_wconf 92' lang='grc' dir='ltr'>τὸν</span> 
     </span>
    </p>
   </div>
   <div class='ocr_carea' id='block_1_97' title="bbox 436 5074 2092 5152">
    <p class='ocr_par' dir='ltr' id='par_1_97' title="bbox 436 5074 2092 5152">
     <span class='ocr_line' id='line_1_97' title="bbox 436 5074 2092 5152; baseline -0.001 -18"><span class='ocrx_word' id='word_1_690' title='bbox 436 5078 607 5134; x_wconf 79' lang='grc' dir='ltr'>αἰῶνα</span> <span class='ocrx_word' id='word_1_691' title='bbox 660 5083 759 5134; x_wconf 88' lang='grc' dir='ltr'>τοῦ</span> <span class='ocrx_word' id='word_1_692' title='bbox 818 5077 1035 5140; x_wconf 59' lang='grc' dir='ltr'>αἰῶνος</span> <span class='ocrx_word' id='word_1_693' title='bbox 1093 5075 1184 5131; x_wconf 88' lang='grc' dir='ltr'>καὶ</span> <span class='ocrx_word' id='word_1_694' title='bbox 1244 5074 1664 5152; x_wconf 87' lang='grc' dir='ltr'>ἐκτραπήτωσαν</span> <span class='ocrx_word' id='word_1_695' title='bbox 1738 5076 1828 5131; x_wconf 86' lang='grc' dir='ltr'>καὶ</span> <span class='ocrx_word' id='word_1_696' title='bbox 1889 5076 2092 5132; x_wconf 84' lang='grc' dir='ltr'>ἀπολέ-</span> 
     </span>
    </p>
   </div>
   <div class='ocr_carea' id='block_1_98' title="bbox 434 5163 2091 5241">
    <p class='ocr_par' dir='ltr' id='par_1_98' title="bbox 434 5163 2091 5241">
     <span class='ocr_line' id='line_1_98' title="bbox 434 5163 2091 5241; baseline -0.002 -18"><span class='ocrx_word' id='word_1_697' title='bbox 434 5169 665 5225; x_wconf 87' lang='grc' dir='ltr'>σθωσαν.</span> <span class='ocrx_word' id='word_1_698' title='bbox 701 5192 730 5220; x_wconf 78' lang='grc'><strong>››</strong></span> <span class='ocrx_word' id='word_1_699' title='bbox 761 5201 832 5210; x_wconf 94' lang='grc'><strong><em>-</em></strong></span> <span class='ocrx_word' id='word_1_700' title='bbox 885 5168 1049 5238; x_wconf 87' lang='grc' dir='ltr'>Τύπῳ</span> <span class='ocrx_word' id='word_1_701' title='bbox 1108 5165 1238 5238; x_wconf 83' lang='grc' dir='ltr'>ἀρᾶς</span> <span class='ocrx_word' id='word_1_702' title='bbox 1292 5163 1550 5241; x_wconf 83' lang='grc' dir='ltr'>προλέγει</span> <span class='ocrx_word' id='word_1_703' title='bbox 1608 5167 1674 5219; x_wconf 74' lang='grc' dir='ltr'>τὰ</span> <span class='ocrx_word' id='word_1_704' title='bbox 1731 5165 2091 5240; x_wconf 86' lang='grc' dir='ltr'>γενησόμενα,</span> 
     </span>
    </p>
   </div>
   <div class='ocr_carea' id='block_1_99' title="bbox 433 5252 2093 5329">
    <p class='ocr_par' dir='ltr' id='par_1_99' title="bbox 433 5252 2093 5329">
     <span class='ocr_line' id='line_1_99' title="bbox 433 5252 2093 5329; baseline -0.001 -19"><span class='ocrx_word' id='word_1_705' title='bbox 433 5254 518 5310; x_wconf 75' lang='grc' dir='ltr'>ὅτι</span> <span class='ocrx_word' id='word_1_706' title='bbox 573 5258 708 5311; x_wconf 85' lang='grc' dir='ltr'>κατά</span> <span class='ocrx_word' id='word_1_707' title='bbox 753 5256 845 5310; x_wconf 88' lang='grc' dir='ltr'>τὸν</span> <span class='ocrx_word' id='word_1_708' title='bbox 897 5253 1174 5328; x_wconf 88' lang='grc' dir='ltr'>μέλλοντα</span> <span class='ocrx_word' id='word_1_709' title='bbox 1217 5253 1388 5307; x_wconf 81' lang='grc' dir='ltr'>αἰῶνα</span> <span class='ocrx_word' id='word_1_710' title='bbox 1437 5254 1494 5306; x_wconf 71' lang='grc' dir='ltr'>οἱ</span> <span class='ocrx_word' id='word_1_711' title='bbox 1538 5252 1702 5329; x_wconf 84' lang='grc' dir='ltr'>μέχρι</span> <span class='ocrx_word' id='word_1_712' title='bbox 1750 5252 1946 5316; x_wconf 85' lang='grc' dir='ltr'>τέλους</span> <span class='ocrx_word' id='word_1_713' title='bbox 1981 5254 2093 5326; x_wconf 84' lang='grc' dir='ltr'>μεί-</span> 
     </span>
    </p>
   </div>
   <div class='ocr_carea' id='block_1_100' title="bbox 427 5341 2085 5421">
    <p class='ocr_par' dir='ltr' id='par_1_100' title="bbox 427 5341 2085 5421">
     <span class='ocr_line' id='line_1_100' title="bbox 427 5341 2085 5421; baseline -0.002 -22"><span class='ocrx_word' id='word_1_714' title='bbox 427 5365 609 5406; x_wconf 86' lang='grc' dir='ltr'>ναντες</span> <span class='ocrx_word' id='word_1_715' title='bbox 699 5344 932 5421; x_wconf 83' lang='grc' dir='ltr'>πονηροὶ</span> <span class='ocrx_word' id='word_1_716' title='bbox 1021 5343 1516 5418; x_wconf 74' lang='grc' dir='ltr'>αἴσχυνθήσονται,</span> <span class='ocrx_word' id='word_1_717' title='bbox 1604 5341 2085 5416; x_wconf 81' lang='grc' dir='ltr'>δημοσιευομένων</span> 
     </span>
    </p>
   </div>
   <div class='ocr_carea' id='block_1_101' title="bbox 423 5431 2087 5508">
    <p class='ocr_par' dir='ltr' id='par_1_101' title="bbox 423 5431 2087 5508">
     <span class='ocr_line' id='line_1_101' title="bbox 423 5431 2087 5508; baseline -0.001 -20"><span class='ocrx_word' id='word_1_718' title='bbox 423 5437 533 5488; x_wconf 90' lang='grc' dir='ltr'>τῶν</span> <span class='ocrx_word' id='word_1_719' title='bbox 593 5437 848 5508; x_wconf 86' lang='grc' dir='ltr'>πονηρῶν</span> <span class='ocrx_word' id='word_1_720' title='bbox 898 5432 1074 5488; x_wconf 73' lang='grc' dir='ltr'>αὐτῶν</span> <span class='ocrx_word' id='word_1_721' title='bbox 1120 5431 1385 5508; x_wconf 81' lang='grc' dir='ltr'>πράξεων,</span> <span class='ocrx_word' id='word_1_722' title='bbox 1419 5431 1509 5486; x_wconf 76' lang='grc' dir='ltr'>καὶ</span> <span class='ocrx_word' id='word_1_723' title='bbox 1559 5438 1626 5502; x_wconf 83' lang='grc' dir='ltr'>τῆ</span> <span class='ocrx_word' id='word_1_724' title='bbox 1678 5432 1950 5506; x_wconf 81' lang='grc' dir='ltr'>ἀπονομίᾳ</span> <span class='ocrx_word' id='word_1_725' title='bbox 1992 5437 2087 5487; x_wconf 84' lang='grc' dir='ltr'>τοῦ</span> 
     </span>
    </p>
   </div>
   <div class='ocr_carea' id='block_1_102' title="bbox 425 5519 2082 5597">
    <p class='ocr_par' dir='ltr' id='par_1_102' title="bbox 425 5519 2082 5597">
     <span class='ocr_line' id='line_1_102' title="bbox 425 5519 2082 5597; baseline -0.001 -20"><span class='ocrx_word' id='word_1_726' title='bbox 425 5519 684 5577; x_wconf 89' lang='grc' dir='ltr'>δικαστοῦ</span> <span class='ocrx_word' id='word_1_727' title='bbox 741 5524 1204 5597; x_wconf 87' lang='grc' dir='ltr'>ταραχθήσονται,</span> <span class='ocrx_word' id='word_1_728' title='bbox 1267 5520 1382 5575; x_wconf 80' lang='grc' dir='ltr'>εἶτα</span> <span class='ocrx_word' id='word_1_729' title='bbox 1465 5519 1559 5575; x_wconf 82' lang='grc' dir='ltr'>σὺν</span> <span class='ocrx_word' id='word_1_730' title='bbox 1617 5519 1812 5594; x_wconf 78' lang='grc' dir='ltr'>ἀτιμίᾳ</span> <span class='ocrx_word' id='word_1_731' title='bbox 1894 5519 2082 5592; x_wconf 81' lang='grc' dir='ltr'>πολλῆ</span> 
     </span>
    </p>
   </div>
   <div class='ocr_carea' id='block_1_103' title="bbox 421 5607 2085 5686">
    <p class='ocr_par' dir='ltr' id='par_1_103' title="bbox 421 5607 2085 5686">
     <span class='ocr_line' id='line_1_103' title="bbox 421 5607 2085 5686; baseline -0.001 -20"><span class='ocrx_word' id='word_1_732' title='bbox 421 5615 519 5667; x_wconf 88' lang='grc' dir='ltr'>τοῦ</span> <span class='ocrx_word' id='word_1_733' title='bbox 569 5611 783 5686; x_wconf 84' lang='grc' dir='ltr'>κλήρου</span> <span class='ocrx_word' id='word_1_734' title='bbox 841 5616 948 5665; x_wconf 87' lang='grc' dir='ltr'>τῶν</span> <span class='ocrx_word' id='word_1_735' title='bbox 1014 5608 1236 5665; x_wconf 86' lang='grc' dir='ltr'>δικαίων</span> <span class='ocrx_word' id='word_1_736' title='bbox 1298 5607 1761 5685; x_wconf 82' lang='grc' dir='ltr'>διακριθήσονται,</span> <span class='ocrx_word' id='word_1_737' title='bbox 1819 5610 1907 5665; x_wconf 80' lang='grc' dir='ltr'>καὶ</span> <span class='ocrx_word' id='word_1_738' title='bbox 1986 5612 2085 5680; x_wconf 78' lang='grc' dir='ltr'>τήν</span> 
     </span>
    </p>
   </div>
   <div class='ocr_carea' id='block_1_104' title="bbox 423 5697 2084 5775">
    <p class='ocr_par' dir='ltr' id='par_1_104' title="bbox 423 5697 2084 5775">
     <span class='ocr_line' id='line_1_104' title="bbox 423 5697 2084 5775; baseline 0.002 -24"><span class='ocrx_word' id='word_1_739' title='bbox 423 5698 476 5755; x_wconf 79' lang='grc' dir='ltr'>ἐν</span> <span class='ocrx_word' id='word_1_740' title='bbox 529 5701 600 5770; x_wconf 81' lang='grc' dir='ltr'>τῆ</span> <span class='ocrx_word' id='word_1_741' title='bbox 661 5697 850 5773; x_wconf 80' lang='grc' dir='ltr'>γεέννῃ</span> <span class='ocrx_word' id='word_1_742' title='bbox 907 5697 1183 5754; x_wconf 90' lang='grc' dir='ltr'>ἀπώλειαν</span> <span class='ocrx_word' id='word_1_743' title='bbox 1244 5701 1752 5774; x_wconf 89' lang='grc' dir='ltr'>κατακρισήσονται,</span> <span class='ocrx_word' id='word_1_744' title='bbox 1795 5700 1885 5754; x_wconf 83' lang='grc' dir='ltr'>καὶ</span> <span class='ocrx_word' id='word_1_745' title='bbox 1945 5700 2084 5775; x_wconf 88' lang='grc' dir='ltr'>γνώ-</span> 
     </span>
    </p>
   </div>
   <div class='ocr_carea' id='block_1_105' title="bbox 420 5781 2078 5860">
    <p class='ocr_par' dir='ltr' id='par_1_105' title="bbox 420 5781 2078 5860">
     <span class='ocr_line' id='line_1_105' title="bbox 420 5781 2078 5860; baseline 0 -18"><span class='ocrx_word' id='word_1_746' title='bbox 420 5807 621 5844; x_wconf 88' lang='grc' dir='ltr'>σωνται</span> <span class='ocrx_word' id='word_1_747' title='bbox 665 5781 849 5860; x_wconf 79' lang='grc' dir='ltr'>ἔργοις</span> <span class='ocrx_word' id='word_1_748' title='bbox 898 5785 1082 5849; x_wconf 78' lang='grc' dir='ltr'>αὐτοῖς</span> <span class='ocrx_word' id='word_1_749' title='bbox 1133 5784 1216 5840; x_wconf 79' lang='grc' dir='ltr'>ὅτι</span> <span class='ocrx_word' id='word_1_750' title='bbox 1271 5783 1434 5858; x_wconf 85' lang='grc' dir='ltr'>μόνος</span> <span class='ocrx_word' id='word_1_751' title='bbox 1484 5787 1512 5841; x_wconf 88' lang='grc' dir='ltr'>ὁ</span> <span class='ocrx_word' id='word_1_752' title='bbox 1562 5786 1691 5850; x_wconf 83' lang='grc' dir='ltr'>Θεὸς</span> <span class='ocrx_word' id='word_1_753' title='bbox 1755 5787 1892 5841; x_wconf 82' lang='grc' dir='ltr'>κατὰ</span> <span class='ocrx_word' id='word_1_754' title='bbox 1937 5786 2078 5860; x_wconf 86' lang='grc' dir='ltr'>ἀλή-</span> 
     </span>
    </p>
   </div>
   <div class='ocr_carea' id='block_1_106' title="bbox 2277 4783 3775 4880">
    <p class='ocr_par' dir='ltr' id='par_1_106' title="bbox 2277 4783 3775 4880">
     <span class='ocr_line' id='line_1_106' title="bbox 2277 4783 3775 4880; baseline -0.009 -17"><span class='ocrx_word' id='word_1_755' title='bbox 2277 4832 2306 4859; x_wconf 92' lang='grc'>‹‹</span> <span class='ocrx_word' id='word_1_756' title='bbox 2340 4783 2702 4880; x_wconf 74' lang='grc' dir='ltr'>Πορεύσονται</span> <span class='ocrx_word' id='word_1_757' title='bbox 2753 4806 2814 4862; x_wconf 85' lang='grc' dir='ltr'>ἐκ</span> <span class='ocrx_word' id='word_1_758' title='bbox 2865 4801 3145 4880; x_wconf 85' lang='grc' dir='ltr'>δυνάμεως</span> <span class='ocrx_word' id='word_1_759' title='bbox 3199 4805 3272 4867; x_wconf 71' lang='grc' dir='ltr'>εἷς</span> <span class='ocrx_word' id='word_1_760' title='bbox 3323 4800 3534 4871; x_wconf 87' lang='grc' dir='ltr'>δύναμιν</span> <span class='ocrx_word' id='word_1_761' title='bbox 3596 4783 3775 4880; x_wconf 66' lang='grc' dir='ltr'>ὄφθῆσξ”</span> 
     </span>
    </p>
   </div>
   <div class='ocr_carea' id='block_1_107' title="bbox 2200 4863 3775 4972">
    <p class='ocr_par' dir='ltr' id='par_1_107' title="bbox 2200 4863 3775 4972">
     <span class='ocr_line' id='line_1_107' title="bbox 2200 4863 3775 4972; baseline 0.014 -22"><span class='ocrx_word' id='word_1_762' title='bbox 2200 4917 2288 4951; x_wconf 92' lang='grc' dir='ltr'>ται</span> <span class='ocrx_word' id='word_1_763' title='bbox 2322 4897 2350 4950; x_wconf 94' lang='lat'>6</span> <span class='ocrx_word' id='word_1_764' title='bbox 2382 4863 2514 4958; x_wconf 67' lang='grc' dir='ltr'>Θέὸς</span> <span class='ocrx_word' id='word_1_765' title='bbox 2561 4900 2669 4951; x_wconf 85' lang='grc' dir='ltr'>τῶν</span> <span class='ocrx_word' id='word_1_766' title='bbox 2720 4898 2851 4952; x_wconf 86' lang='grc' dir='ltr'>θεῶν</span> <span class='ocrx_word' id='word_1_767' title='bbox 2899 4897 2950 4952; x_wconf 89' lang='grc' dir='ltr'>ἐν</span> <span class='ocrx_word' id='word_1_768' title='bbox 2997 4863 3164 4953; x_wconf 59' lang='grc' dir='ltr'>ὲιών.</span> <span class='ocrx_word' id='word_1_769' title='bbox 3197 4919 3226 4948; x_wconf 87' lang='lat'><strong>»</strong></span> <span class='ocrx_word' id='word_1_770' title='bbox 3371 4863 3575 4948; x_wconf 49' lang='grc' dir='ltr'>Φίῖίςέν</span> <span class='ocrx_word' id='word_1_771' title='bbox 3605 4863 3673 4972; x_wconf 53' lang='grc' dir='ltr'>’ἶῷ</span> <span class='ocrx_word' id='word_1_772' title='bbox 3691 4863 3775 4972; x_wconf 38' lang='grc' dir='ltr'>,κίῖ</span> 
     </span>
    </p>
   </div>
   <div class='ocr_carea' id='block_1_108' title="bbox 2204 4965 3777 5064">
    <p class='ocr_par' dir='ltr' id='par_1_108' title="bbox 2204 4965 3777 5064">
     <span class='ocr_line' id='line_1_108' title="bbox 2204 4965 3777 5064; baseline 0.014 -32"><span class='ocrx_word' id='word_1_773' title='bbox 2204 5007 2351 5059; x_wconf 81' lang='grc' dir='ltr'>σμῳ,</span> <span class='ocrx_word' id='word_1_774' title='bbox 2401 4985 2586 5064; x_wconf 78' lang='grc' dir='ltr'>φησίν.</span> <span class='ocrx_word' id='word_1_775' title='bbox 2649 4985 2976 5063; x_wconf 80' lang='grc' dir='ltr'>Εὗλογήσει,</span> <span class='ocrx_word' id='word_1_776' title='bbox 3021 4985 3263 5040; x_wconf 81' lang='grc' dir='ltr'>τουτέστι</span> <span class='ocrx_word' id='word_1_777' title='bbox 3323 4965 3646 5064; x_wconf 43' lang='grc' dir='ltr'>μακαρίσω-δ</span> <span class='ocrx_word' id='word_1_778' title='bbox 3685 4965 3777 5064; x_wconf 51' lang='lat' dir='ltr'>ego:</span> 
     </span>
    </p>
   </div>
   <div class='ocr_carea' id='block_1_109' title="bbox 2201 5059 3774 5153">
    <p class='ocr_par' dir='ltr' id='par_1_109' title="bbox 2201 5059 3774 5153">
     <span class='ocr_line' id='line_1_109' title="bbox 2201 5059 3774 5153; baseline -0.004 -25"><span class='ocrx_word' id='word_1_779' title='bbox 2201 5073 2330 5136; x_wconf 89' lang='grc' dir='ltr'>τοὺς</span> <span class='ocrx_word' id='word_1_780' title='bbox 2376 5059 2445 5129; x_wconf 72' lang='grc' dir='ltr'>τά</span> <span class='ocrx_word' id='word_1_781' title='bbox 2511 5071 2735 5152; x_wconf 82' lang='grc' dir='ltr'>οὐράνια</span> <span class='ocrx_word' id='word_1_782' title='bbox 2796 5059 3128 5153; x_wconf 80' lang='grc' dir='ltr'>ιρρονοῦντας</span> <span class='ocrx_word' id='word_1_783' title='bbox 3189 5071 3250 5127; x_wconf 82' lang='grc' dir='ltr'>οὗ</span> <span class='ocrx_word' id='word_1_784' title='bbox 3297 5068 3382 5124; x_wconf 79' lang='grc' dir='ltr'>διὰ</span> <span class='ocrx_word' id='word_1_785' title='bbox 3424 5059 3774 5153; x_wconf 31' lang='grc' dir='ltr'>προφῇτοξιὶου</span> 
     </span>
    </p>
   </div>
   <div class='ocr_carea' id='block_1_110' title="bbox 2203 5144 3774 5245">
    <p class='ocr_par' dir='ltr' id='par_1_110' title="bbox 2203 5144 3774 5245">
     <span class='ocr_line' id='line_1_110' title="bbox 2203 5144 3774 5245; baseline 0.012 -27"><span class='ocrx_word' id='word_1_786' title='bbox 2203 5160 2274 5218; x_wconf 87' lang='grc' dir='ltr'>δι’</span> <span class='ocrx_word' id='word_1_787' title='bbox 2305 5163 2539 5240; x_wconf 85' lang='grc' dir='ltr'>ἀγγέλου</span> <span class='ocrx_word' id='word_1_788' title='bbox 2580 5144 2956 5242; x_wconf 32' lang='grc' dir='ltr'>’φωνῆςίᾶλγ</span> <span class='ocrx_word' id='word_1_789' title='bbox 3004 5163 3166 5225; x_wconf 82' lang='grc' dir='ltr'>αὐτὸς</span> <span class='ocrx_word' id='word_1_790' title='bbox 3215 5144 3610 5245; x_wconf 57' lang='grc' dir='ltr'>ὀραθήεῖξται,ἐν</span> 
     </span>
    </p>
   </div>
   <div class='ocr_carea' id='block_1_111' title="bbox 2203 5234 3775 5326">
    <p class='ocr_par' dir='ltr' id='par_1_111' title="bbox 2203 5234 3775 5326">
     <span class='ocr_line' id='line_1_111' title="bbox 2203 5234 3775 5326; baseline -0.021 -4"><span class='ocrx_word' id='word_1_791' title='bbox 2203 5253 2638 5326; x_wconf 81' lang='grc' dir='ltr'>σεσαρκωμὲνος,</span> <span class='ocrx_word' id='word_1_792' title='bbox 2691 5253 2780 5306; x_wconf 82' lang='grc' dir='ltr'>καὶ</span> <span class='ocrx_word' id='word_1_793' title='bbox 2831 5250 2976 5308; x_wconf 69' lang='grc' dir='ltr'>οὕτω</span> <span class='ocrx_word' id='word_1_794' title='bbox 3026 5248 3186 5305; x_wconf 86' lang='grc' dir='ltr'>δώσει</span> <span class='ocrx_word' id='word_1_795' title='bbox 3233 5247 3326 5308; x_wconf 77' lang='grc' dir='ltr'>τὰς</span> <span class='ocrx_word' id='word_1_796' title='bbox 3372 5234 3604 5312; x_wconf 78' lang='grc' dir='ltr'>εὐλογίας</span> <span class='ocrx_word' id='word_1_797' title='bbox 3644 5234 3775 5281; x_wconf 71' lang='grc' dir='ltr'>εἶτουν</span> 
     </span>
    </p>
   </div>
   <div class='ocr_carea' id='block_1_112' title="bbox 2199 5339 3076 5417">
    <p class='ocr_par' dir='ltr' id='par_1_112' title="bbox 2199 5339 3076 5417">
     <span class='ocr_line' id='line_1_112' title="bbox 2199 5339 3076 5417; baseline -0.001 -22"><span class='ocrx_word' id='word_1_798' title='bbox 2199 5342 2483 5412; x_wconf 81' lang='grc' dir='ltr'>ποιήσεται</span> <span class='ocrx_word' id='word_1_799' title='bbox 2515 5340 2643 5403; x_wconf 81' lang='grc' dir='ltr'>τοὺς</span> <span class='ocrx_word' id='word_1_800' title='bbox 2677 5339 3076 5417; x_wconf 87' lang='grc' dir='ltr'>μακαρισμούς.</span> 
     </span>
    </p>
   </div>
   <div class='ocr_carea' id='block_1_113' title="bbox 2277 5400 3773 5505">
    <p class='ocr_par' dir='ltr' id='par_1_113' title="bbox 2277 5400 3773 5505">
     <span class='ocr_line' id='line_1_113' title="bbox 2277 5400 3773 5505; baseline -0.01 -19"><span class='ocrx_word' id='word_1_801' title='bbox 2277 5400 2728 5505; x_wconf 43' lang='grc' dir='ltr'>..Ὑπερασπιστὰ</span> <span class='ocrx_word' id='word_1_802' title='bbox 2775 5400 2960 5504; x_wconf 71' lang='grc' dir='ltr'>ἡμῶν,</span> <span class='ocrx_word' id='word_1_803' title='bbox 3013 5400 3113 5502; x_wconf 62' lang='grc' dir='ltr'>ἴδε,</span> <span class='ocrx_word' id='word_1_804' title='bbox 3162 5427 3188 5481; x_wconf 87' lang='grc' dir='ltr'>ὁ</span> <span class='ocrx_word' id='word_1_805' title='bbox 3237 5423 3379 5494; x_wconf 86' lang='grc' dir='ltr'>Θεὸς,</span> <span class='ocrx_word' id='word_1_806' title='bbox 3410 5415 3493 5474; x_wconf 80' lang='grc' dir='ltr'>καὶ</span> <span class='ocrx_word' id='word_1_807' title='bbox 3537 5400 3773 5505; x_wconf 42' lang='grc' dir='ltr'>ἐπίβ-λξψοῗ</span> 
     </span>
    </p>
   </div>
   <div class='ocr_carea' id='block_1_114' title="bbox 2198 5500 3768 5602">
    <p class='ocr_par' dir='ltr' id='par_1_114' title="bbox 2198 5500 3768 5602">
     <span class='ocr_line' id='line_1_114' title="bbox 2198 5500 3768 5602; baseline -0.004 -30"><span class='ocrx_word' id='word_1_808' title='bbox 2198 5518 2275 5581; x_wconf 86' lang='grc' dir='ltr'>εἷς</span> <span class='ocrx_word' id='word_1_809' title='bbox 2331 5519 2394 5573; x_wconf 89' lang='grc' dir='ltr'>τὸ</span> <span class='ocrx_word' id='word_1_810' title='bbox 2455 5519 2748 5595; x_wconf 88' lang='grc' dir='ltr'>πρόσωπον</span> <span class='ocrx_word' id='word_1_811' title='bbox 2829 5522 2928 5574; x_wconf 86' lang='grc' dir='ltr'>τοῦ</span> <span class='ocrx_word' id='word_1_812' title='bbox 2992 5519 3226 5592; x_wconf 81' lang='grc' dir='ltr'>Χριστοῦ</span> <span class='ocrx_word' id='word_1_813' title='bbox 3281 5533 3391 5566; x_wconf 87' lang='grc' dir='ltr'>σου.</span> <span class='ocrx_word' id='word_1_814' title='bbox 3441 5531 3468 5558; x_wconf 70' lang='grc' dir='ltr'>υ</span> <span class='ocrx_word' id='word_1_815' title='bbox 3513 5500 3768 5602; x_wconf 30' lang='grc' dir='ltr'>-οὶῖξευσῗν</span> 
     </span>
    </p>
   </div>
   <div class='ocr_carea' id='block_1_115' title="bbox 2196 5592 3769 5678">
    <p class='ocr_par' dir='ltr' id='par_1_115' title="bbox 2196 5592 3769 5678">
     <span class='ocr_line' id='line_1_115' title="bbox 2196 5592 3769 5678; baseline -0.013 -7"><span class='ocrx_word' id='word_1_816' title='bbox 2196 5606 2273 5670; x_wconf 80' lang='grc' dir='ltr'>εἷς</span> <span class='ocrx_word' id='word_1_817' title='bbox 2317 5609 2416 5677; x_wconf 70' lang='grc' dir='ltr'>τήν</span> <span class='ocrx_word' id='word_1_818' title='bbox 2468 5608 2768 5678; x_wconf 75' lang='grc' dir='ltr'>ἐπισκοπὴν</span> <span class='ocrx_word' id='word_1_819' title='bbox 2809 5613 2908 5663; x_wconf 88' lang='grc' dir='ltr'>τοῦ</span> <span class='ocrx_word' id='word_1_820' title='bbox 2951 5606 3088 5664; x_wconf 86' lang='grc' dir='ltr'>λαοῦ</span> <span class='ocrx_word' id='word_1_821' title='bbox 3138 5625 3249 5675; x_wconf 86' lang='grc' dir='ltr'>σου,</span> <span class='ocrx_word' id='word_1_822' title='bbox 3281 5598 3391 5670; x_wconf 72' lang='grc' dir='ltr'>ἤως</span> <span class='ocrx_word' id='word_1_823' title='bbox 3436 5595 3504 5655; x_wconf 55' lang='grc' dir='ltr'>εἲς</span> <span class='ocrx_word' id='word_1_824' title='bbox 3547 5607 3600 5643; x_wconf 86' lang='grc' dir='ltr'>το</span> <span class='ocrx_word' id='word_1_825' title='bbox 3623 5592 3769 5673; x_wconf 50' lang='grc' dir='ltr'>επιφξς</span> 
     </span>
    </p>
   </div>
   <div class='ocr_carea' id='block_1_116' title="bbox 2193 5678 3767 5771">
    <p class='ocr_par' dir='ltr' id='par_1_116' title="bbox 2193 5678 3767 5771">
     <span class='ocr_line' id='line_1_116' title="bbox 2193 5678 3767 5771; baseline -0.012 -20"><span class='ocrx_word' id='word_1_826' title='bbox 2193 5703 2347 5766; x_wconf 80' lang='grc' dir='ltr'>νῆναι</span> <span class='ocrx_word' id='word_1_827' title='bbox 2395 5702 2473 5769; x_wconf 82' lang='grc' dir='ltr'>τῷ</span> <span class='ocrx_word' id='word_1_828' title='bbox 2512 5694 2630 5768; x_wconf 85' lang='grc' dir='ltr'>λαῷ</span> <span class='ocrx_word' id='word_1_829' title='bbox 2680 5718 2798 5771; x_wconf 80' lang='grc' dir='ltr'>σου,</span> <span class='ocrx_word' id='word_1_830' title='bbox 2847 5701 2926 5769; x_wconf 76' lang='grc' dir='ltr'>τῷ</span> <span class='ocrx_word' id='word_1_831' title='bbox 2975 5696 3114 5752; x_wconf 89' lang='grc' dir='ltr'>κατὰ</span> <span class='ocrx_word' id='word_1_832' title='bbox 3161 5689 3432 5768; x_wconf 89' lang='grc' dir='ltr'>μετουσίαν</span> <span class='ocrx_word' id='word_1_833' title='bbox 3473 5680 3554 5737; x_wconf 76' lang='grc' dir='ltr'>σὺν</span> <span class='ocrx_word' id='word_1_834' title='bbox 3597 5678 3767 5746; x_wconf 76' lang='grc' dir='ltr'>Χριστφ</span> 
     </span>
    </p>
   </div>
   <div class='ocr_carea' id='block_1_117' title="bbox 2192 5783 3195 5864">
    <p class='ocr_par' dir='ltr' id='par_1_117' title="bbox 2192 5783 3195 5864">
     <span class='ocr_line' id='line_1_117' title="bbox 2192 5783 3195 5864; baseline 0.004 -24"><span class='ocrx_word' id='word_1_835' title='bbox 2192 5783 2540 5861; x_wconf 85' lang='grc' dir='ltr'>καλουμένῳ,</span> <span class='ocrx_word' id='word_1_836' title='bbox 2568 5786 2808 5864; x_wconf 83' lang='grc' dir='ltr'>καθάπερ</span> <span class='ocrx_word' id='word_1_837' title='bbox 2841 5785 2910 5858; x_wconf 76' lang='grc' dir='ltr'>δὴ</span> <span class='ocrx_word' id='word_1_838' title='bbox 2940 5786 3030 5843; x_wconf 86' lang='grc' dir='ltr'>καὶ</span> <span class='ocrx_word' id='word_1_839' title='bbox 3061 5787 3195 5856; x_wconf 82' lang='grc' dir='ltr'>Θεῷ.</span> 
     </span>
    </p>
   </div>
  </div>
