4066 6438
295 444 455 510 1529

1513 444 1932 514 EXPOSITIO
1975 445 2053 512 IN
2095 445 2492 513 PSALMOS.

3551 443 3712 509 1530

365 581 484 635 ’Ότι
550 577 809 655 κρείσσων
874 581 1056 658 ἡμέρα
1126 579 1222 655 μία
1281 580 1333 637 ἐν
1401 586 1520 646 ταῖς
1589 580 1780 645 αὐλαῖς
1849 603 1944 638 σου
1977 581 2304 657 Ασωτηρία
2341 584 2376 652 ἡ
2418 580 2494 645 εἰς
2551 580 2679 645 τοὺς
2735 578 2894 638 αὐτὸν
2954 572 3330 659 φοϐουμένους
3391 575 3516 650 ἤτοι
3581 577 3713 641 τοὺς

298 669 430 746 ὑπὲρ
461 667 740 746 χιλιάδας,
775 693 804 723 ››
836 703 906 713 --
949 675 1065 726 Τῶν
1116 671 1222 726 ἀπὸ
1277 669 1644 747 Σολομῶντος
1686 677 1783 727 106
1825 671 1942 728 κτί-

295 780 488 822 σαντος
541 759 633 815 τὸν
688 760 810 815 ναὸν
865 759 998 816 ἐτῶν
1050 760 1252 836 χιλίων
1308 758 1479 816 ὄντων
1538 757 1644 824 ἕως
1690 764 1790 830 τῆς
1849 763 1949 830 σῆς

295 847 611 923 παρουσίας,
708 848 948 904 Δέσποτα
1059 850 1274 926 Χριστὲ,
1371 849 1630 927 κρείσσων
1737 849 1945 905 τούτων

300 938 548 993 ἁπάντων
619 944 719 1008 τῆς
794 938 846 994 ἐν
922 943 1001 1012 τῷ
1071 943 1181 1012 ναῷ
1254 947 1574 1014 σωματικῆς
1649 937 1947 1017 παρουσίας

303 1047 420 1082 σου.

370 1139 399 1168 ι(
431 1113 787 1189 Ἐξελεξάμην
845 1115 1327 1193 παραρριπτεῖσθαι
1389 1115 1440 1173 ἐν
1496 1122 1574 1191 τῷ
1631 1114 1768 1192 οἰειῳ
1853 1122 1949 1173 106

297 1207 432 1258 Θεοῦ
465 1223 570 1276 μου
623 1200 836 1277 μᾶλλον
870 1204 905 1273 ἢ
940 1203 1106 1260 οἰκεῖν
1155 1227 1222 1278 με
1268 1204 1320 1260 ἐν
1366 1206 1718 1280 σκηνώμασιν
1770 1207 1945 1282 ἁμαρ-

291 1288 513 1348 τωλῶν.
563 1313 592 1343 ››
640 1323 711 1334 -
765 1291 1278 1368 Παραρῥιπτεῖσθαι,
1327 1291 1574 1348 τουτέστι
1645 1292 1950 1369 παρερριμ-

295 1379 455 1453 μένος
515 1380 648 1435 εἶναι
699 1380 776 1444 ὡς
827 1378 1016 1456 ἔτυχεν
1070 1381 1152 1436 ἐπ’
1195 1378 1447 1459 ἐδάφους,
1478 1383 1514 1452 ἢ
1563 1380 1732 1438 οἷ’κεῖν
1763 1377 1948 1460 ἀϐρῶς

289 1468 380 1524 καὶ
413 1467 594 1546 ὥσπερ
623 1466 1013 1542 οἰκοδεσπότης
1049 1471 1183 1544 μετά
1217 1471 1588 1549 ἁμαρτωλῶν.

373 1580 397 1608 ε
429 1561 548 1614 ’Ότι
595 1553 748 1622 ἕλεος
806 1560 896 1614 καὶ
945 1557 1206 1631 ἀλήθειαν
1273 1562 1458 1637 ἀγαπᾷ
1507 1561 1535 1617 6
1595 1560 1746 1624 Θεός.
1800 1584 1829 1615 ››
1881 1594 1946 1606 -

294 1645 560 1720 Ἐλεήσας
614 1649 714 1726 γὰς
764 1651 913 1724 ἡμᾶς
971 1650 1359 1726 ένηνθρώπησε
1414 1649 1502 1706 καὶ
1555 1649 1757 1723 ἀληθὲς
1816 1649 1948 1722 ἐκή-

300 1739 448 1814 ρυξεν
481 1737 840 1814 Εὐαγγέλιον.

369 1849 399 1879 ‹‹
431 1828 597 1902 Χάριν
646 1828 736 1884 καὶ
784 1825 939 1900 δόξαν
995 1826 1155 1884 δώσει
1203 1829 1425 1906 Κύριος.
1458 1852 1488 1882 ››
1519 1863 1589 1872 -
1635 1828 1802 1904 Χάριν
1846 1828 1946 1898 τὴν

292 1919 400 1969 τῶν
460 1917 739 1992 ἁμαρτιῶν
799 1919 1008 1993 ἄφεσιν,
1057 1919 1158 1988 τὴν
1209 1917 1498 1992 υἱοθεσίαν,
1547 1918 1615 1974 τὰ
1678 1918 1944 1992 θαύματα,

299 1999 454 2074 δόξαν
479 2007 578 2076 τήν
609 2026 668 2060 τε
699 2006 924 2072 ἐνταῦθα
951 2008 1042 2063 καὶ
1072 2005 1274 2080 πολλῷ
1293 2005 1458 2064 πλέον
1479 2009 1578 2078 τὴν
1599 2007 1650 2062 ἐν
1674 2007 1944 2084 οὐρανοῖς,

292 2091 383 2148 καὶ
416 2094 588 2171 ἀγαθά
616 2096 682 2152 τὰ
711 2095 1068 2176 ἀνέκφραστα.

888 2226 1182 2281 ΨΑΛΜΟΣ
1224 2229 1347 2280 ΠΔ’.

369 2331 399 2360 ‹‹
429 2309 525 2372 Εἰς
554 2311 617 2366 τὸ
645 2309 960 2384 τέλος,τοῖς
988 2314 1130 2376 υἱοῖς
1163 2315 1304 2390 Κορὲ
1333 2310 1576 2388 ψαλμός.
1596 2334 1618 2365 ι
1653 2345 1722 2355 ——-
1743 2317 1951 2389 Προσα-

290 2397 508 2473 γορεύει
554 2405 798 2463 τοπικῶς
849 2402 944 2474 μὲν
990 2403 1090 2472 τὴν
1153 2401 1212 2458 ἐκ
1259 2397 1583 2465 Βαϐυλῶνος
1643 2400 1948 2478 ἐλευθερίαν

290 2489 398 2541 τῶν
476 2488 1030 2565 αἰχμαλωτισθέντων
1104 2486 1390 2568 Ἑϐραίων,
1470 2491 1824 2568 ἀναγωγικῶς
1890 2487 1947 2546 δέ

290 2575 391 2644 τήν
426 2575 486 2632 ἐκ
511 2585 615 2648 τῆς
645 2579 870 2655 ἀγνοίας
905 2579 1229 2658 ἀπαλλαγὴν
1261 2585 1368 2636 τῶν
1397 2580 1586 2638 ἐθνῶν.

365 2689 394 2718 ‹‹
425 2664 768 2745 Εὐλόγησας,
828 2670 1008 2747 Κύριε,
1065 2671 1164 2740 τὴν
1221 2677 1323 2748 γῆν
1386 2692 1504 2728 σου.
1537 2693 1568 2723 ››
1620 2703 1688 2714 -
1741 2671 1946 2746 Ἀγαθὰ

295 2753 574 2827 ἠθέλησας
620 2761 690 2832 τῇ
737 2763 808 2835 γῇ
859 2779 974 2814 σουο
1025 2757 1143 2830 ἤως
1219 2757 1585 2837 εὐηργέτησας
1651 2757 1779 2822 τοὺς
1848 2760 1940 2815 ἀν-

289 2845 563 2920 θρώπους,
596 2847 658 2902 τὸ
713 2845 944 2923 πλάσμα
991 2870 1108 2908 σου.
1152 2849 1227 2905 Τὰ
1276 2847 1553 2923 μέλλοντα
1597 2846 1655 2905 δὲ
1702 2849 1776 2912 ὡς
1831 2847 1942 2921 ἤδη

289 2934 557 3009 γεγονότα
585 2930 739 3009 νόμῳ
768 2937 1102 3016 προφητείας
1133 2939 1316 3016 φησίν.

362 3022 786 3100 «Ἀπέστρεψας
856 3028 955 3096 τὴν
1034 3026 1421 3103 αἰχμαλωσίαν
1489 3022 1702 3084 Ἰακώϐ.
1776 3054 1797 3083 ι
1875 3063 1944 3071 -

291 3111 659 3189 Ἀπέστρεψας
697 3116 790 3170 τὸν
841 3114 1199 3193 αἰχμάλωτον
1251 3115 1383 3172 λαὸν
1433 3121 1528 3172 τοῦ
1576 3112 1770 3172 Ἰακὼϐ
1838 3117 1943 3172 ἀπὸ

286 3207 388 3270 τῆς
430 3202 772 3278 κατεχούσης
818 3205 979 3261 αὐτὸν
1030 3203 1366 3283 τυραννίδος.
1417 3201 1612 3264 Ἰακὼϐ
1667 3203 1726 3262 δὲ
1779 3207 1869 3262 καὶ
1914 3208 1942 3262 6

284 3293 665 3365 Χριστιανικὸς
695 3291 830 3356 λαὸς
861 3291 1138 3373 διαφόρως
1168 3293 1399 3372 εἷ’ρηται.

356 3400 385 3429 ‹‹
421 3383 664 3458 Ἀφῆκας
724 3381 822 3445 τὰς
891 3381 1122 3457 ἀνομίας
1189 3388 1270 3457 τῷ
1321 3383 1438 3456 λαῷ
1491 3404 1608 3439 σουο
1668 3383 1938 3461 ἐκάλυψας

282 3464 458 3530 πάσας
501 3470 597 3532 τὰς
649 3470 917 3546 ἁμαρτίας
963 3471 1160 3532 αὐτῶν.
1198 3496 1228 3525 ››
1259 3506 1328 3517 -
1356 3473 1598 3547 Ὁμοίως
1627 3478 1726 3548 τῷ,
1761 3497 1790 3527 «
1823 3477 1944 3533 Ma-

283 3555 466 3632 κάριοι
499 3558 572 3612 ὧν
605 3558 874 3635 ἀφέθησαν
908 3561 962 3616 αἱ
995 3560 1238 3636 ἀνομίαι.
1273 3586 1303 3614 ››

355 3668 386 3697 ‹‹
419 3647 763 3711 Κατέπαυσας
827 3654 999 3705 πᾶσαν
1047 3651 1147 3720 τὴν
1214 3650 1388 3727 ὀργήν
1437 3669 1553 3706 σουο
1605 3651 1944 3730 ἀπέστρεψας

293 3733 402 3789 ἀπὸ
459 3733 631 3812 ὀργῆς
689 3739 866 3812 θυμοῦ
925 3761 1042 3798 σου.
1075 3762 1104 3792 ››
1139 3772 1209 3783 -
1265 3741 1650 3817 Ἀνεχώρησας
1707 3741 1814 3798 ἀπὸ
1845 3750 1944 3814 τῆς

293 3822 531 3900 σφοδρᾶς
561 3827 676 3880 καθ’
706 3829 868 3901 ἡμῶν
896 3829 1308 3905 ἀγανακτήσεως
1338 3829 1426 3884 ἐπὶ
1453 3829 1752 3904 εὐμένειαν.

365 3935 395 3963 ι(
425 3911 780 3990 Ἐπίστρεψον
818 3918 990 3990 ἡμᾶς,
1023 3919 1052 3972 6
1085 3917 1215 3982 Θεύς
1253 3922 1362 3975 τῶν
1387 3921 1674 3996 σωτηρίων
1701 3923 1886 3995 ἡμῶν.
1916 3946 1946 3975 ››

290 4029 362 4040 —-
389 4000 596 4054 Λοιπὸν
622 4004 906 4077 προσώπῳ
934 4010 1032 4059 106
1077 4003 1215 4060 λαοῦ
1262 4013 1498 4063 ποιεῖται
1544 4008 1674 4072 τοὺς
1721 4008 1942 4086 λόγους.

290 4085 646 4174 Ἐπίστρεψον
697 4087 775 4161 δὲ,
827 4092 1012 4169 φησὶν,
1063 4092 1168 4149 ἀπὸ
1216 4102 1320 4165 τῆς
1370 4095 1587 4152 οἰασοῦν
1648 4085 1946 4174 αἰχμαλω-

290 4173 405 4238 σίας
436 4176 512 4239 εἷς
543 4179 642 4247 τὴν
673 4181 940 4256 προτέραν
969 4181 1261 4257 εὐγένειαν.

363 4289 393 4318 ι(
425 4267 514 4335 Μὴ
548 4267 624 4330 εἰς
655 4267 787 4331 τοὺς
844 4268 1043 4332 αἰῶνας
1092 4269 1353 4347 ὀργισθῇς
1403 4275 1560 4348 ἡμῖν.
1597 4299 1626 4327 ››

286 4354 416 4418 τοὺς
439 4355 637 4420 αἰῶνας
666 4357 783 4413 ἀντὶ
806 4361 904 4413 τοῦ
927 4358 1238 4422 διαπαντός.

362 4469 391 4498 ‹‹
425 4447 493 4502 Ἦ
551 4444 814 4510 διατενεῖς
863 4449 961 4518 τὴν
1014 4448 1182 4527 ὀργήν
1231 4471 1328 4505 σου
1377 4451 1485 4507 ἀπὸ
1517 4459 1700 4530 γενεᾶς
1731 4455 1808 4520 εἷς
1854 4479 1945 4533 γε-

285 4535 408 4590 νεάν
429 4555 446 4606 ;
482 4559 504 4587 ι
539 4569 611 4580 -ο
638 4538 708 4592 Τὸ
767 4535 1028 4602 διατενεῖς
1086 4539 1204 4595 ἀντὶ
1254 4545 1353 4595 τοῦ
1410 4548 1748 4617 παρατενεῖς.
1782 4547 1854 4602 Τὸ
1889 4545 1948 4602 δέ

285 4620 393 4678 ἀπὸ
424 4630 613 4699 γενεᾶς
647 4625 722 4690 εἰς
748 4627 928 4704 γενεὰν
959 4627 1076 4683 ἀντὶ
1104 4633 1202 4684 τοῦ
1231 4629 1321 4684 ἐπὶ
1354 4633 1641 4704 μήκιστον.

1662 4309 1733 4321 --
1764 4278 1836 4333 T6
1868 4278 1943 4342 εἷς

361 4737 389 4764 ‹‹
423 4719 478 4767 Ὁ
531 4715 681 4789 Θεὸς,
733 4702 797 4770 σύ
853 4716 1179 4792 ἐπιστρέψας
1229 4702 1471 4788 ζωώ-σεις
1547 4723 1718 4796 ἡμᾶς·
1777 4724 1866 4779 καὶ
1916 4727 1945 4781 6
1975 4702 2022 4767 D

286 4797 421 4865 λαός
482 4825 577 4858 σου
620 4805 1044 4884 εὐφρανθήσεται
1095 4806 1183 4863 ἐπὶ
1232 4808 1339 4868 σοί.
1391 4833 1421 4863 ››
1469 4843 1536 4855 —-
1582 4811 1654 4866 T6
1704 4813 1942 4882 ζωώσεις

285 4887 404 4945 ἀντὶ
426 4896 524 4947 τοῦ
557 4894 824 4963 ζωώσαις.

357 5003 387 5032 ‹‹
420 4981 758 5058 Ἀκούσομαι
809 4984 864 5040 τί
923 4983 1153 5057 λαλήσει
1203 4986 1254 5042 ἐν
1284 4985 1408 5062 ἐμοὶ
1438 4987 1639 5066 Κύριος
1669 4991 1698 5045 6
1726 4990 1876 5054 Θεός.
1912 5016 1942 5044 ››

283 5098 354 5110 _
409 5070 467 5124 Ὁ
551 5076 850 5152 Προφήτης
937 5075 1122 5153 φησίν·
1205 5075 1460 5154 Ὑπόσχω
1541 5079 1606 5135 τὸ
1680 5077 1772 5143 οὖς
1843 5089 1943 5153 τῆς

283 5159 494 5234 ψυχῆς,
524 5160 614 5215 καὶ
673 5161 1110 5238 ἐνωτισθήσομαι
1163 5164 1216 5220 τί
1275 5166 1420 5222 εἶπεν
1479 5166 1531 5223 ἐν
1574 5167 1700 5242 ἐμοὶ
1730 5170 1759 5223 6
1788 5170 1938 5234 Θεόςο

284 5245 400 5303 εἶτα
457 5248 788 5323 ἐνωτισθεὶς,
849 5251 1001 5332 φησί,
1054 5253 1199 5331 λέγει
1247 5256 1276 5310 6
1325 5257 1454 5320 Θεὸς
1516 5255 1600 5313 ὅτι
1659 5258 1940 5336 εὐαγγελί-

281 5356 427 5391 σεται
478 5337 703 5414 εἰρήνην
745 5340 834 5397 ἐπὶ
878 5342 1006 5405 τοὺς
1061 5343 1450 5408 πιστεύσαντας
1519 5346 1596 5410 εἰς
1639 5347 1799 5405 αὐτὸν
1848 5351 1938 5405 καὶ

277 5431 380 5495 τῆς
412 5425 652 5492 παλαιᾶς
678 5433 881 5508 ἔχθρας
913 5429 1230 5492 κατάλυσιν.

357 5536 381 5566 ιι
415 5514 569 5587 Πλήν
631 5516 789 5596 ἐγγὺς
847 5525 952 5576 τῶν
1013 5516 1366 5599 φοϐουμένων
1427 5524 1586 5582 αὐτον
1636 5527 1699 5582 τὸ
1757 5531 1938 5601 σωτή-

279 5623 396 5680 ριον
456 5605 640 5662 αὐτοῦ·
695 5613 795 5664 τοῦ
875 5615 1288 5683 κατασκηνῶσαι
1368 5610 1521 5687 δόξαν
1599 5615 1651 5672 ἐν
1726 5621 1794 5692 τῇ
1861 5625 1933 5694 γῆ

279 5695 464 5780 ἡμῶν.
547 5721 578 5749 ››
660 5732 732 5742 -
813 5698 968 5771 Πλὴν
1048 5702 1111 5756 τὸ
1219 5704 1491 5780 σωτήριον
1573 5705 1739 5761 αὐτοῦ
1825 5712 1934 5763 τῶν

280 5778 635 5862 φοϐουμένων
727 5787 888 5846 αὐτὸν
992 5790 1172 5870 ἐγγὺς,
1251 5778 1385 5864 ἤως-
1452 5796 1489 5866 ἡ
1564 5797 1692 5875 παρ’
1768 5796 1935 5855 αὐτοῦ

2057 670 2445 733 πιστεύσαντας
2484 668 2601 742 ήξει
2651 670 2742 726 καὶ
2791 667 2854 724 οὐ
2911 673 3145 746 χρονιεῖ,
3198 667 3336 724 ὥστε
3390 671 3711 738 κατοικῆσαι

2058 759 2111 815 ἐν
2152 767 2217 830 τῆ
2270 767 2341 836 γῆ
2384 762 2546 834 ἡμῶν
2598 756 2773 830 δόξαν.
2806 759 2875 815 Ei’
2925 760 3018 832 μέν
3058 756 3148 814 οὖν
3206 765 3311 834 γῆν
3365 761 3579 830 νοήσεις
3609 759 3708 829 τήν

2057 848 2444 926 Ἰερουσαλὴμ,
2513 847 2652 904 ὅπου
2718 849 3032 922 κατῴκησεν
3100 848 3129 903 6
3195 847 3373 923 Λόγος
3436 868 3712 922 σωματω-

2059 937 2191 1012 θεὶς,
2233 935 2388 1010 δόξαν
2432 938 2630 1010 νόησον
2700 935 2928 994 διπλοῦν
2987 936 3218 1016 Χριστὸν
3275 937 3350 1000 ὡς
3399 932 3566 999 ὅντως
3631 934 3712 991 ἔν-

2059 1024 2212 1099 δοξον
2263 1025 2352 1082 διὰ
2396 1028 2495 1098 τὴν
2540 1027 2680 1083 θείαν
2731 1026 2888 1106 φύσιν
2938 1025 3124 1100 αὐτοῦ,
3176 1023 3265 1081 διὰ
3309 1026 3410 1095 τὴν
3460 1025 3709 1101 ἀναμαρ-

2057 1116 2248 1188 τησίαν
2311 1121 2410 1172 τοῦ
2479 1113 2943 1194 προσλήμματος,
3003 1115 3094 1172 διὰ
3165 1116 3234 1171 τὰ
3309 1109 3711 1194 ὑπερφυέστατα

2060 1207 2326 1280 θαύματα·
2363 1206 2408 1261 εἰ
2455 1203 2514 1262 δέ
2561 1207 2661 1276 τὴν
2716 1204 3114 1282 ἀνθρωπότητα
3161 1206 3377 1276 νοήσεις
3424 1212 3552 1280 γῆν,
3583 1203 3712 1260 ἀκο-

2061 1294 2276 1360 λούθως
2316 1296 2514 1367 νόησον
2556 1293 2710 1368 δόξαν
2743 1297 2842 1367 τὴν
2883 1299 2982 1352 106
3031 1292 3210 1371 Λόγου
3261 1293 3434 1368 μόνην
3481 1293 3714 1350 ὑπόστα-

2061 1406 2161 1443 σιν.

2131 1498 2160 1527 ‹‹
2194 1472 2388 1538 Ἔλεος
2441 1475 2529 1530 καὶ
2583 1474 2816 1547 ἀλήθεια
2874 1476 3227 1546 συνήντησαν·
3263 1470 3576 1545 δικαιοσύνη
3628 1473 3719 1529 καὶ

2061 1563 2253 1640 εἰρήνη
2307 1563 2700 1643 κατεφίλησαν.
2762 1587 2792 1616 ››
2853 1596 2923 1608 -
2971 1564 3041 1618 Τὸ
3087 1563 3425 1634 συνήντησαν
3501 1562 3590 1619 καὶ
3654 1563 3716 1619 τὸ

2057 1651 2424 1732 κατεφίλησαν
2495 1654 2596 1724 τὴν
2665 1651 2753 1709 ἐπὶ
2826 1656 3045 1730 Χριστῷ
3109 1655 3414 1725 παριστῶσι
3476 1650 3715 1730 συνδρο-

2063 1743 2171 1816 μὴν
2207 1743 2297 1798 καὶ
2334 1739 2523 1798 ἕνωσιν
2562 1745 2671 1798 τῶν
2706 1739 3059 1817 δηλουμένων
3097 1740 3320 1818 ἀρετῶν.

2137 1830 2437 1903 σΑλήθεια
2495 1831 2555 1887 ἐκ
2599 1837 2700 1902 τῆς
2771 1837 2877 1908 γῆς
2945 1830 3237 1887 ἀνέτειλεν
3289 1830 3379 1885 καὶ
3436 1827 3711 1886 δικαιοσύ-

2057 1941 2121 1993 νη
2169 1920 2228 1977 ἐκ
2283 1925 2380 1977 106
2436 1919 2668 1998 οὐρανοῦ
2713 1919 2986 1996 διέκυψεν.
3041 1944 3069 1972 ››
3100 1953 3170 1963 -
3215 1917 3478 1991 Ἀλήθεια
3506 1920 3535 1975 6
3573 1924 3712 1996 Χρι-

2057 2009 2203 2073 στός’
2257 2011 2402 2086 Ἐγὼ
2446 2009 2548 2089 γάρ
2597 2010 2734 2086 εἰμι,
2785 2010 2970 2090 φησὶν,
3018 2011 3053 2080 ἠ
3103 2007 3350 2080 ἀλήθειασ
3393 2005 3456 2064 οὗ
3501 2008 3710 2064 ἀνατεί-

2058 2097 2252 2162 λαντος
2309 2099 2368 2156 ἐκ
2404 2107 2506 2171 τῆς
2561 2107 2688 2177 γῆς,
2746 2100 2881 2156 κατά
2929 2099 3028 2169 τήν
3086 2096 3234 2154 κάτω
3272 2095 3522 2174 γέννησιν
3554 2098 3590 2168 ἡ
3633 2093 3713 2153 δι-

2055 2187 2340 2262 καιοσύνη,
2405 2191 2656 2246 τουτέστι
2722 2191 2750 2244 6
2809 2189 3040 2267 Χριστὸς
3106 2182 3400 2262 ἐπέϐλεψεν
3467 2186 3549 2266 ἐφ’
3621 2186 3714 2250 οὓς

2057 2275 2408 2358 ἐπεστρέφετο
2439 2278 2702 2356 πρότερον
2734 2282 3010 2354 γηγενεῖς.

2129 2392 2159 2420 «
2192 2368 2293 2423 Καὶ
2323 2367 2426 2444 γὰρ
2469 2369 2497 2423 ὁ
2539 2366 2738 2443 Κύριος
2786 2365 2948 2423 δώσει
2998 2365 3372 2444 χρηστότητα·
3415 2364 3506 2420 καὶ
3552 2366 3588 2435 ἡ
3637 2367 3711 2440 γῆ

2055 2458 2216 2530 ἡμῶν
2252 2454 2414 2512 δώσει
2450 2457 2541 2512 τὸν
2595 2457 2800 2535 καρπὸν
2851 2455 3041 2526 αὐτῆς.
3077 2479 3107 2508 ››
3145 2488 3216 2498 -
3261 2453 3581 2528 Χρηστότης
3607 2457 3706 2509 106

2055 2544 2254 2620 Κυρίου
2294 2548 2330 2616 ἡ
2383 2544 2453 2602 δι’
2493 2549 2642 2620 ἡμᾶς
2705 2545 2920 2610 αὐτούς·
2973 2539 3364 2623 συγκατάϐασις
3409 2550 3511 2614 τῆς
3564 2544 3706 2617 ἡμε-

2054 2633 2212 2711 τέρας
2243 2643 2348 2712 γῆς
2408 2635 2580 2692 εἶτουν
2645 2642 2846 2714 γεηρᾶς
2914 2634 3099 2698 οὐσίας
3128 2635 3334 2713 καρπὸς
3377 2637 3476 2690 τοῦ
3506 2631 3710 2710 Κυρίου

2054 2726 2313 2802 πανάγιον
2354 2724 2722 2802 πρόσλημμα.

2126 2839 2154 2867 ‹‹
2198 2815 2521 2887 Δικαιοσύνη
2583 2814 2813 2871 ἐνώπιον
2873 2813 3041 2870 αὐτοῦ
3095 2812 3549 2892 προπορεύσεται.
3583 2835 3612 2865 ››
3642 2844 3712 2856 --

2056 2903 2372 2975 Δικαιοσύνη
2418 2902 2642 2959 ἐνταῦθα
2674 2905 2776 2974 τὴν
2807 2901 3042 2968 καθόλον
3075 2901 3236 2980 φησὶν
3269 2902 3488 2980 ἀρετήν.

2132 3017 2153 3043 ι
2191 2991 2292 3050 Καὶ
2351 2994 2507 3064 θήσει
2560 2990 2683 3048 ὁδὸν
2740 2993 2809 3049 τὰ
2867 2987 3183 3066 διαϐήματα
3221 2990 3406 3050 αὐτοῦ.
3437 3011 3465 3045 ιο
3501 3021 3572 3033 -
3605 2989 3703 3047 Καὶ

2055 3078 2248 3137 λοιπὸν
2284 3082 2311 3136 6
2344 3081 2576 3156 Χριστὸς
2620 3081 2688 3137 τὰ
2743 3077 3057 3155 διαϐήματα
3110 3079 3298 3152 αὐτοῦ,
3328 3080 3574 3135 τουτέστι
3603 3079 3703 3147 τὴν

2053 3168 2299 3246 ἐνάρετον
2366 3168 2648 3226 πολιτείαν
2711 3171 2898 3244 αὐτοῦ,
2965 3171 3118 3242 θήσει
3181 3168 3257 3232 εἰς
3313 3168 3376 3224 τὸ
3407 3167 3541 3225 εἶναι
3581 3164 3704 3223 ὁδὸν

2048 3264 2169 3322 τοῖς
2248 3256 2613 3336 βουλομένοις
2672 3259 2993 3338 ἀνέρχεσθαι
3066 3257 3204 3335 πρὸς
3261 3257 3420 3313 αὐτὸν
3479 3254 3551 3312 δι’
3614 3255 3709 3312 αὐ-

1971 3328 2013 3396 C
2051 3355 2172 3420 τῆς.

2641 3458 2942 3515 ΨΑΛΜΟΣ
2982 3456 3109 3513 ΠΕ’.

2129 3588 2157 3617 ι(
2191 3566 2480 3641 Προσευχή
2514 3569 2593 3638 τῷ
2632 3561 2819 3622 Δαυΐδ.
2859 3561 3080 3637 Κλῖνον,
3115 3561 3282 3640 Κύριε
3310 3563 3373 3618 τὸ
3449 3559 3542 3624 οὗς
3610 3581 3708 3618 σου

2053 3651 2144 3708 καὶ
2175 3651 2471 3710 έπάκουσόν
2516 3673 2643 3729 μου·
2705 3652 2787 3710 ὅτι
2836 3653 3069 3729 πτωχὸσ
3096 3653 3187 3709 καὶ
3224 3651 3393 3723 πένης
3425 3650 3540 3726 εἰμὶ
3572 3650 3704 3726 ἐγώ.

2058 3741 2306 3814 Φύλαξον
2335 3743 2434 3813 τὴν
2467 3744 2654 3819 ψυχήν
2698 3764 2804 3817 μου
2835 3741 2918 3798 ὅτι
2957 3741 3107 3803 ὅσιός
3139 3741 3276 3815 εἰμι.
3313 3766 3335 3793 ι»
3397 3773 3468 3783 -
3521 3743 3707 3803 ’Όσιος

2059 3831 2270 3910 εἷ’ρηται
2330 3834 2358 3888 6
2435 3834 2828 3910 ἀφωσιωμένος
2881 3832 2973 3889 καὶ
3031 3829 3435 3905 ἀνατεθειμένος
3473 3833 3588 3903 Θεῷ
3615 3827 3706 3885 καὶ

2055 3927 2226 3978 πᾶσαν
2259 3921 2456 3978 ἐλπίδα
2485 3921 2630 3999 ἔχων
2665 3921 2742 3986 εἰς
2769 3917 2949 3980 αὐτόν.

2131 4036 2160 4064 ‹‹
2194 4010 2453 4082 Ἐλέησόν
2517 4034 2604 4086 με,
2666 4011 2849 4087 Κύριε,
2911 4009 2994 4066 ὅτι
3060 4010 3197 4086 πρὸς
3265 4009 3324 4064 σε
3377 4008 3706 4086 κεκράξομαι

2057 4098 2194 4170 ὅλην
2242 4101 2342 4169 τὴν
2383 4101 2616 4175 ἡμέραν.
2660 4124 2689 4153 ››
2723 4128 2787 4149 ==
2827 4099 2899 4156 T6
2947 4098 3082 4172 ὅλην
3132 4100 3233 4168 τὴν
3282 4095 3490 4174 ἡμέραν
3541 4093 3710 4168 δηλοῖ

2053 4189 2119 4244 τὸ
2149 4187 2458 4252 διαπαντός.

2133 4281 2313 4334 «Ὅτι
2389 4277 2473 4350 σὺ,
2528 4277 2712 4356 Κύριε,
2770 4276 3012 4354 χρηστὸς
3078 4276 3168 4332 καὶ
3235 4275 3501 4346 ἐπιεικής.
3556 4297 3578 4326 ιι
3639 4306 3708 4318 -

2058 4369 2336 4437 Ἐπιεικὴς
2385 4365 2552 4439 δηλοῖ
2599 4368 2692 4424 τὸν
2729 4374 2979 4446 προσηνῆ
3026 4386 3088 4422 τε
3123 4364 3212 4421 καὶ
3242 4365 3474 4440 ἥμερον,
3524 4363 3708 4420 ἐνταῦ-

2055 4459 2123 4512 θα
2149 4455 2207 4514 δὲ
2232 4457 2324 4513 τὸν
2349 4455 2525 4515 τίλεον.

2131 4571 2159 4601 ‹‹
2186 4546 2292 4604 Καὶ
2345 4543 2643 4610 πολυέλεος
2690 4551 2820 4602 πᾶσι
2879 4550 2999 4609 τοῖς
3045 4542 3520 4618 ἐπικαλουμένοις.
3571 4566 3602 4597 ››
3641 4575 3711 4587 -

2053 4641 2180 4701 Τοῖς
2211 4635 2663 4712 ἐπικαλουμένοις
2697 4635 2760 4692 οὐ
2799 4633 3062 4714 χείλεσιν,
3096 4632 3221 4691 ἀλλ’
3260 4632 3364 4709 ὅλῃ
3390 4635 3565 4708 ψυχῇ.

2129 4751 2156 4779 ι(
2190 4728 2275 4784 Ἐν
2325 4727 2508 4802 ἡμέρᾳ
2559 4725 2800 4801 θλίψεως
2852 4746 2958 4800 μου
3009 4723 3266 4800 ἐκέκραξα
3293 4723 3432 4800 πρὸς
3463 4721 3540 4779 σέ.
3570 4743 3599 4778 ι
3641 4753 3712 4764 -

2052 4813 2286 4893 Ἡμέραν
2315 4815 2554 4891 θλίψεως
2585 4816 2684 4885 τήν
2721 4813 3012 4872 ἐνεστῶσάν
3054 4834 3242 4891 φησιν.

2123 4930 2154 4958 ‹‹
2184 4907 2301 4961 Ὃτι
2360 4905 2666 4977 ἐπήκουσάς
2729 4926 2854 4979 μου.
2886 4925 2913 4958 ι
2949 4937 3019 4946 -
3048 4902 3148 4958 Καὶ
3210 4899 3381 4957 πάλαι
3439 4902 3543 4977 γὰρ
3592 4899 3704 4957 ἰκε-

2048 4994 2296 5050 τεύσαντί
2332 5016 2425 5069 μοι
2455 4995 2556 5064 τήν
2587 4991 2800 5066 αἶ’τησιν
2833 4991 3094 5056 δέδωκας.

2125 5107 2154 5138 ιι
2183 5083 2368 5140 Πάντα
2409 5083 2478 5140 τὰ
2524 5081 2650 5155 ἔθνη
2701 5082 2800 5138 ὅσα
2847 5081 3108 5153 ἐποίησας
3152 5080 3364 5153 ἥξουσι,
3394 5079 3485 5136 καὶ
3534 5099 3704 5154 προσ-

2047 5175 2342 5245 κυνήσουσι
2408 5171 2637 5229 ἐνώπιόν
2706 5194 2824 5246 σου,
2879 5172 3062 5249 Κύριε.
3124 5195 3153 5223 ››
3209 5203 3278 5213 -
3333 5174 3502 5225 Τοῦτο
3577 5169 3704 5246 περὶ

2046 5269 2146 5332 τῆς
2195 5261 2411 5326 τελείας
2459 5259 2544 5334 εἷή
2602 5260 2662 5318 ἂν
2731 5262 3008 5338 ὑποταγῆς
3050 5259 3298 5316 ἁπάντων
3348 5259 3514 5324 ἐθνῶν
3562 5258 3701 5336 πρὸς

2044 5351 2139 5408 τὸν
2183 5351 2380 5427 Κύριον
2438 5350 2490 5406 ἐν
2541 5355 2622 5424 τῷ
2673 5349 2818 5406 τέλει
2867 5355 2965 5406 106
3002 5349 3276 5426 παρόντος
3308 5349 3506 5412 αἰῶνος
3538 5368 3700 5424 γενη-

2047 5441 2307 5516 σομένης.
2369 5445 2474 5496 Νῦν
2544 5438 2603 5496 δὲ
2669 5437 2824 5496 οὔπω
2896 5441 3110 5516 ὁρῶμεν
3187 5437 3335 5512 αὐτῷ
3398 5437 3466 5494 τᾶ
3527 5438 3702 5494 πάντα

2049 5530 2478 5607 ὑποτεταγμένα.

2123 5645 2144 5672 ι
2188 5617 2488 5696 Ὃδήγησόν
2543 5639 2629 5694 με,
2678 5617 2861 5696 Κύριε,
2915 5618 2967 5674 ἐν
3015 5623 3084 5693 τῇ
3134 5615 3247 5691 ὁδῷ
3292 5639 3410 5691 σου,
3455 5616 3546 5672 καὶ
3597 5637 3697 5673 ποι

2046 5708 2308 5785 ρεύσομαι
2357 5707 2408 5763 ἐν
2450 5711 2518 5780 τῇ
2563 5705 2797 5781 ἀληθείᾳ
2852 5729 2968 5764 σου.
3022 5732 3052 5761 ››
3095 5741 3164 5751 -
3208 5705 3358 5764 Ὀδὸν
3409 5706 3555 5784 λέγει
3599 5706 3696 5768 τὰς

2045 5794 2270 5862 ἐντολὰς
2341 5802 2438 5855 τοῦ
2505 5796 2726 5874 Κυρίου·
2790 5797 3048 5872 ἀλήθειαν
3114 5795 3172 5855 δέ
3235 5801 3342 5854 τῶν
3403 5793 3693 5874 δογμάτων
