  <div class='ocr_page' id='page_1' title='image "/cluster/home/n/w/nwhite01/storage/ocr_20150623/142/coo.31924054870476/778.png"; bbox 0 0 4066 6458; ppageno 0'>
   <div class='ocr_carea' id='block_1_1' title="bbox 304 424 461 495">
    <p class='ocr_par' dir='ltr' id='par_1_1' title="bbox 304 424 461 495">
     <span class='ocr_line' id='line_1_1' title="bbox 304 424 461 495; baseline -0.025 0"><span class='ocrx_word' id='word_1_1' title='bbox 304 424 461 495; x_wconf 74' lang='grc'>1533</span> 
     </span>
    </p>
   </div>
   <div class='ocr_carea' id='block_1_2' title="bbox 302 556 883 637">
    <p class='ocr_par' dir='ltr' id='par_1_2' title="bbox 302 556 883 637">
     <span class='ocr_line' id='line_1_2' title="bbox 302 556 883 637; baseline 0.003 -21"><span class='ocrx_word' id='word_1_2' title='bbox 302 563 460 637; x_wconf 89' lang='grc' dir='ltr'>κροῖς</span> <span class='ocrx_word' id='word_1_3' title='bbox 534 556 816 637; x_wconf 69' lang='grc' dir='ltr'>ἐλεύθερος</span> <span class='ocrx_word' id='word_1_4' title='bbox 869 603 883 618; x_wconf 93' lang='grc'>.</span> 
     </span>
    </p>
   </div>
   <div class='ocr_carea' id='block_1_3' title="bbox 306 647 1966 728">
    <p class='ocr_par' dir='ltr' id='par_1_3' title="bbox 306 647 1966 728">
     <span class='ocr_line' id='line_1_3' title="bbox 306 647 1966 728; baseline 0 -24"><span class='ocrx_word' id='word_1_5' title='bbox 306 647 590 727; x_wconf 67' lang='grc' dir='ltr'>ἐλεύθερος</span> <span class='ocrx_word' id='word_1_6' title='bbox 640 656 765 720; x_wconf 82' lang='grc' dir='ltr'>ἤτοι</span> <span class='ocrx_word' id='word_1_7' title='bbox 816 647 1074 712; x_wconf 75' lang='grc' dir='ltr'>ἀναίτιος*</span> <span class='ocrx_word' id='word_1_8' title='bbox 1130 648 1406 725; x_wconf 72' lang='grc' dir='ltr'>ἐπιτίμιον</span> <span class='ocrx_word' id='word_1_9' title='bbox 1453 652 1555 728; x_wconf 81' lang='grc' dir='ltr'>γὰρ</span> <span class='ocrx_word' id='word_1_10' title='bbox 1612 649 1879 728; x_wconf 90' lang='grc' dir='ltr'>ἀμαρτίας</span> <span class='ocrx_word' id='word_1_11' title='bbox 1938 649 1966 704; x_wconf 99' lang='lat'>6</span> 
     </span>
    </p>
   </div>
   <div class='ocr_carea' id='block_1_4' title="bbox 310 737 564 803">
    <p class='ocr_par' dir='ltr' id='par_1_4' title="bbox 310 737 564 803">
     <span class='ocr_line' id='line_1_4' title="bbox 310 737 564 803; baseline 0.008 -10"><span class='ocrx_word' id='word_1_12' title='bbox 310 737 564 803; x_wconf 90' lang='grc' dir='ltr'>θάνατος.</span> 
     </span>
    </p>
   </div>
   <div class='ocr_carea' id='block_1_5' title="bbox 382 825 1969 904">
    <p class='ocr_par' dir='ltr' id='par_1_5' title="bbox 382 825 1969 904">
     <span class='ocr_line' id='line_1_5' title="bbox 382 825 1969 904; baseline 0.001 -25"><span class='ocrx_word' id='word_1_13' title='bbox 382 850 413 880; x_wconf 90' lang='grc'>‹‹</span> <span class='ocrx_word' id='word_1_14' title='bbox 465 827 607 882; x_wconf 81' lang='grc' dir='ltr'>Ὠσεὶ</span> <span class='ocrx_word' id='word_1_15' title='bbox 685 826 1012 904; x_wconf 84' lang='grc' dir='ltr'>τραυματίαι</span> <span class='ocrx_word' id='word_1_16' title='bbox 1067 825 1414 892; x_wconf 88' lang='grc' dir='ltr'>κατεόδοντες</span> <span class='ocrx_word' id='word_1_17' title='bbox 1478 827 1530 884; x_wconf 87' lang='grc' dir='ltr'>ἐν</span> <span class='ocrx_word' id='word_1_18' title='bbox 1586 827 1761 904; x_wconf 84' lang='grc' dir='ltr'>τάφῳ.</span> <span class='ocrx_word' id='word_1_19' title='bbox 1816 851 1846 880; x_wconf 90' lang='grc'><strong>››</strong></span> <span class='ocrx_word' id='word_1_20' title='bbox 1898 859 1969 871; x_wconf 90' lang='grc'><strong><em>--</em></strong></span> 
     </span>
    </p>
   </div>
   <div class='ocr_carea' id='block_1_6' title="bbox 313 915 1966 993">
    <p class='ocr_par' dir='ltr' id='par_1_6' title="bbox 313 915 1966 993">
     <span class='ocr_line' id='line_1_6' title="bbox 313 915 1966 993; baseline -0.001 -20"><span class='ocrx_word' id='word_1_21' title='bbox 313 916 638 993; x_wconf 87' lang='grc' dir='ltr'>Έγεννήθην</span> <span class='ocrx_word' id='word_1_22' title='bbox 707 915 782 978; x_wconf 87' lang='grc' dir='ltr'>ὡς</span> <span class='ocrx_word' id='word_1_23' title='bbox 888 916 1417 991; x_wconf 84' lang='grc' dir='ltr'>τετραυματισμένος</span> <span class='ocrx_word' id='word_1_24' title='bbox 1481 961 1496 988; x_wconf 90' lang='grc'>,</span> <span class='ocrx_word' id='word_1_25' title='bbox 1580 917 1831 992; x_wconf 78' lang='grc' dir='ltr'>κείμενος</span> <span class='ocrx_word' id='word_1_26' title='bbox 1914 917 1966 972; x_wconf 85' lang='grc' dir='ltr'>ἐν</span> 
     </span>
    </p>
   </div>
   <div class='ocr_carea' id='block_1_7' title="bbox 305 1003 1967 1083">
    <p class='ocr_par' dir='ltr' id='par_1_7' title="bbox 305 1003 1967 1083">
     <span class='ocr_line' id='line_1_7' title="bbox 305 1003 1967 1083; baseline 0.001 -23"><span class='ocrx_word' id='word_1_27' title='bbox 305 1005 464 1083; x_wconf 84' lang='grc' dir='ltr'>τάφῳ</span> <span class='ocrx_word' id='word_1_28' title='bbox 513 1003 605 1059; x_wconf 86' lang='grc' dir='ltr'>καὶ</span> <span class='ocrx_word' id='word_1_29' title='bbox 664 1006 757 1059; x_wconf 87' lang='grc' dir='ltr'>τὸν</span> <span class='ocrx_word' id='word_1_30' title='bbox 809 1003 975 1060; x_wconf 80' lang='grc' dir='ltr'>ὕπνον</span> <span class='ocrx_word' id='word_1_31' title='bbox 1023 1009 1121 1059; x_wconf 92' lang='grc' dir='ltr'>τοῦ</span> <span class='ocrx_word' id='word_1_32' title='bbox 1181 1007 1406 1070; x_wconf 86' lang='grc' dir='ltr'>θανάτου</span> <span class='ocrx_word' id='word_1_33' title='bbox 1471 1007 1782 1079; x_wconf 81' lang='grc' dir='ltr'>ὑπνώττων,</span> <span class='ocrx_word' id='word_1_34' title='bbox 1851 1005 1967 1077; x_wconf 76' lang='grc' dir='ltr'>ἥως</span> 
     </span>
    </p>
   </div>
   <div class='ocr_carea' id='block_1_8' title="bbox 312 1092 1967 1174">
    <p class='ocr_par' dir='ltr' id='par_1_8' title="bbox 312 1092 1967 1174">
     <span class='ocr_line' id='line_1_8' title="bbox 312 1092 1967 1174; baseline 0.001 -25"><span class='ocrx_word' id='word_1_35' title='bbox 312 1094 367 1149; x_wconf 81' lang='grc' dir='ltr'>οἱ</span> <span class='ocrx_word' id='word_1_36' title='bbox 417 1093 467 1166; x_wconf 83' lang='grc' dir='ltr'>ἐξ</span> <span class='ocrx_word' id='word_1_37' title='bbox 526 1092 847 1170; x_wconf 71' lang='grc' dir='ltr'>ἀναιρέσεως</span> <span class='ocrx_word' id='word_1_38' title='bbox 904 1100 1004 1164; x_wconf 86' lang='grc' dir='ltr'>τῆς</span> <span class='ocrx_word' id='word_1_39' title='bbox 1070 1093 1131 1149; x_wconf 85' lang='grc' dir='ltr'>ἐκ</span> <span class='ocrx_word' id='word_1_40' title='bbox 1182 1094 1510 1170; x_wconf 84' lang='grc' dir='ltr'>τραυμάτων</span> <span class='ocrx_word' id='word_1_41' title='bbox 1580 1094 1671 1150; x_wconf 83' lang='grc' dir='ltr'>καὶ</span> <span class='ocrx_word' id='word_1_42' title='bbox 1736 1094 1967 1174; x_wconf 79' lang='grc' dir='ltr'>πληγῶν</span> 
     </span>
    </p>
   </div>
   <div class='ocr_carea' id='block_1_9' title="bbox 312 1181 1264 1261">
    <p class='ocr_par' dir='ltr' id='par_1_9' title="bbox 312 1181 1264 1261">
     <span class='ocr_line' id='line_1_9' title="bbox 312 1181 1264 1261; baseline 0.003 -23"><span class='ocrx_word' id='word_1_43' title='bbox 312 1181 746 1254; x_wconf 83' lang='grc' dir='ltr'>ἀποθνήσκοντες</span> <span class='ocrx_word' id='word_1_44' title='bbox 767 1184 859 1238; x_wconf 87' lang='grc' dir='ltr'>καὶ</span> <span class='ocrx_word' id='word_1_45' title='bbox 894 1184 969 1257; x_wconf 82' lang='grc' dir='ltr'>μή</span> <span class='ocrx_word' id='word_1_46' title='bbox 1004 1187 1264 1261; x_wconf 77' lang='grc' dir='ltr'>φυσικῶς.</span> 
     </span>
    </p>
   </div>
   <div class='ocr_carea' id='block_1_10' title="bbox 383 1269 1970 1351">
    <p class='ocr_par' dir='ltr' id='par_1_10' title="bbox 383 1269 1970 1351">
     <span class='ocr_line' id='line_1_10' title="bbox 383 1269 1970 1351; baseline 0.003 -27"><span class='ocrx_word' id='word_1_47' title='bbox 383 1295 413 1324; x_wconf 88' lang='grc'>‹‹</span> <span class='ocrx_word' id='word_1_48' title='bbox 444 1273 539 1326; x_wconf 87' lang='grc' dir='ltr'>Ὧν</span> <span class='ocrx_word' id='word_1_49' title='bbox 593 1271 694 1327; x_wconf 78' lang='grc' dir='ltr'>οὐκ</span> <span class='ocrx_word' id='word_1_50' title='bbox 742 1271 1019 1346; x_wconf 77' lang='grc' dir='ltr'>ἐμνήσθης</span> <span class='ocrx_word' id='word_1_51' title='bbox 1058 1269 1158 1345; x_wconf 79' lang='grc' dir='ltr'>ἔτι,</span> <span class='ocrx_word' id='word_1_52' title='bbox 1208 1272 1299 1328; x_wconf 83' lang='grc' dir='ltr'>καὶ</span> <span class='ocrx_word' id='word_1_53' title='bbox 1348 1272 1504 1329; x_wconf 79' lang='grc' dir='ltr'>αὐτοὶ</span> <span class='ocrx_word' id='word_1_54' title='bbox 1551 1274 1611 1329; x_wconf 89' lang='grc' dir='ltr'>ἐκ</span> <span class='ocrx_word' id='word_1_55' title='bbox 1648 1280 1751 1344; x_wconf 82' lang='grc' dir='ltr'>τῆς</span> <span class='ocrx_word' id='word_1_56' title='bbox 1780 1273 1970 1351; x_wconf 87' lang='grc' dir='ltr'>χειρός</span> 
     </span>
    </p>
   </div>
   <div class='ocr_carea' id='block_1_11' title="bbox 313 1358 1973 1437">
    <p class='ocr_par' dir='ltr' id='par_1_11' title="bbox 313 1358 1973 1437">
     <span class='ocr_line' id='line_1_11' title="bbox 313 1358 1973 1437; baseline 0.002 -22"><span class='ocrx_word' id='word_1_57' title='bbox 313 1381 414 1415; x_wconf 92' lang='grc' dir='ltr'>σου</span> <span class='ocrx_word' id='word_1_58' title='bbox 462 1360 792 1432; x_wconf 87' lang='grc' dir='ltr'>ἀπώσθησαν</span> <span class='ocrx_word' id='word_1_59' title='bbox 824 1405 838 1418; x_wconf 93' lang='grc'>.</span> <span class='ocrx_word' id='word_1_60' title='bbox 899 1384 929 1415; x_wconf 89' lang='grc'>››</span> <span class='ocrx_word' id='word_1_61' title='bbox 982 1393 1055 1404; x_wconf 80' lang='grc' dir='ltr'>-ο</span> <span class='ocrx_word' id='word_1_62' title='bbox 1126 1369 1224 1419; x_wconf 88' lang='grc' dir='ltr'>’Ὡν</span> <span class='ocrx_word' id='word_1_63' title='bbox 1293 1361 1537 1437; x_wconf 87' lang='grc' dir='ltr'>ἐμνήσθη</span> <span class='ocrx_word' id='word_1_64' title='bbox 1612 1358 1765 1419; x_wconf 75' lang='grc' dir='ltr'>ούπω</span> <span class='ocrx_word' id='word_1_65' title='bbox 1834 1362 1973 1419; x_wconf 82' lang='grc' dir='ltr'>ὥστε</span> 
     </span>
    </p>
   </div>
   <div class='ocr_carea' id='block_1_12' title="bbox 314 1447 1971 1523">
    <p class='ocr_par' dir='ltr' id='par_1_12' title="bbox 314 1447 1971 1523">
     <span class='ocr_line' id='line_1_12' title="bbox 314 1447 1971 1523; baseline 0.002 -19"><span class='ocrx_word' id='word_1_66' title='bbox 314 1452 533 1519; x_wconf 88' lang='grc' dir='ltr'>ζωῶσαι</span> <span class='ocrx_word' id='word_1_67' title='bbox 580 1448 795 1520; x_wconf 79' lang='grc' dir='ltr'>αὐτοὺς,</span> <span class='ocrx_word' id='word_1_68' title='bbox 853 1450 942 1505; x_wconf 82' lang='grc' dir='ltr'>καὶ</span> <span class='ocrx_word' id='word_1_69' title='bbox 993 1447 1084 1506; x_wconf 83' lang='grc' dir='ltr'>διὰ</span> <span class='ocrx_word' id='word_1_70' title='bbox 1137 1455 1300 1506; x_wconf 89' lang='grc' dir='ltr'>τοῦτο</span> <span class='ocrx_word' id='word_1_71' title='bbox 1358 1450 1602 1523; x_wconf 75' lang='grc' dir='ltr'>ἐξέπεσον</span> <span class='ocrx_word' id='word_1_72' title='bbox 1669 1450 1825 1508; x_wconf 73' lang='grc' dir='ltr'>αὐτοὶ</span> <span class='ocrx_word' id='word_1_73' title='bbox 1869 1460 1971 1523; x_wconf 87' lang='grc' dir='ltr'>τῆς</span> 
     </span>
    </p>
   </div>
   <div class='ocr_carea' id='block_1_13' title="bbox 313 1536 1976 1614">
    <p class='ocr_par' dir='ltr' id='par_1_13' title="bbox 313 1536 1976 1614">
     <span class='ocr_line' id='line_1_13' title="bbox 313 1536 1976 1614; baseline 0.004 -22"><span class='ocrx_word' id='word_1_74' title='bbox 313 1540 414 1608; x_wconf 92' lang='grc' dir='ltr'>σῆς</span> <span class='ocrx_word' id='word_1_75' title='bbox 473 1536 838 1614; x_wconf 79' lang='grc' dir='ltr'>ἀντιλήψεως,</span> <span class='ocrx_word' id='word_1_76' title='bbox 910 1538 1026 1594; x_wconf 85' lang='grc' dir='ltr'>ἐπεὶ</span> <span class='ocrx_word' id='word_1_77' title='bbox 1093 1539 1361 1596; x_wconf 83' lang='grc' dir='ltr'>ἐπελάθου</span> <span class='ocrx_word' id='word_1_78' title='bbox 1427 1539 1602 1596; x_wconf 81' lang='grc' dir='ltr'>αὐτῶν</span> <span class='ocrx_word' id='word_1_79' title='bbox 1647 1584 1659 1599; x_wconf 92' lang='grc'>.</span> <span class='ocrx_word' id='word_1_80' title='bbox 1727 1542 1826 1596; x_wconf 84' lang='grc' dir='ltr'>Καὶ</span> <span class='ocrx_word' id='word_1_81' title='bbox 1885 1539 1976 1598; x_wconf 80' lang='grc' dir='ltr'>διὰ</span> 
     </span>
    </p>
   </div>
   <div class='ocr_carea' id='block_1_14' title="bbox 309 1625 1971 1709">
    <p class='ocr_par' dir='ltr' id='par_1_14' title="bbox 309 1625 1971 1709">
     <span class='ocr_line' id='line_1_14' title="bbox 309 1625 1971 1709; baseline 0.003 -27"><span class='ocrx_word' id='word_1_82' title='bbox 309 1631 419 1683; x_wconf 90' lang='grc' dir='ltr'>τῶν</span> <span class='ocrx_word' id='word_1_83' title='bbox 459 1627 728 1683; x_wconf 81' lang='grc' dir='ltr'>τοιούτων</span> <span class='ocrx_word' id='word_1_84' title='bbox 793 1625 851 1683; x_wconf 78' lang='grc' dir='ltr'>δὲ</span> <span class='ocrx_word' id='word_1_85' title='bbox 916 1627 1098 1705; x_wconf 91' lang='grc' dir='ltr'>λόγων</span> <span class='ocrx_word' id='word_1_86' title='bbox 1159 1628 1407 1709; x_wconf 78' lang='grc' dir='ltr'>ἐμφαίνει</span> <span class='ocrx_word' id='word_1_87' title='bbox 1458 1631 1557 1700; x_wconf 83' lang='grc' dir='ltr'>τήν</span> <span class='ocrx_word' id='word_1_88' title='bbox 1614 1630 1971 1705; x_wconf 76' lang='grc' dir='ltr'>οἰκονομικὴν</span> 
     </span>
    </p>
   </div>
   <div class='ocr_carea' id='block_1_15' title="bbox 311 1715 712 1793">
    <p class='ocr_par' dir='ltr' id='par_1_15' title="bbox 311 1715 712 1793">
     <span class='ocr_line' id='line_1_15' title="bbox 311 1715 712 1793; baseline 0.005 -22"><span class='ocrx_word' id='word_1_89' title='bbox 311 1715 572 1793; x_wconf 88' lang='grc' dir='ltr'>ἐγκατάλε</span> <span class='ocrx_word' id='word_1_90' title='bbox 579 1719 635 1791; x_wconf 84' lang='grc' dir='ltr'>ιψ</span> <span class='ocrx_word' id='word_1_91' title='bbox 642 1738 688 1771; x_wconf 90' lang='grc' dir='ltr'>ιν</span> <span class='ocrx_word' id='word_1_92' title='bbox 698 1761 712 1774; x_wconf 92' lang='grc'>.</span> 
     </span>
    </p>
   </div>
   <div class='ocr_carea' id='block_1_16' title="bbox 389 1804 1974 1884">
    <p class='ocr_par' dir='ltr' id='par_1_16' title="bbox 389 1804 1974 1884">
     <span class='ocr_line' id='line_1_16' title="bbox 389 1804 1974 1884; baseline 0.005 -26"><span class='ocrx_word' id='word_1_93' title='bbox 389 1826 420 1858; x_wconf 84' lang='grc' dir='ltr'>ι(</span> <span class='ocrx_word' id='word_1_94' title='bbox 477 1804 704 1871; x_wconf 85' lang='grc' dir='ltr'>Ἕθεντό</span> <span class='ocrx_word' id='word_1_95' title='bbox 757 1826 824 1880; x_wconf 92' lang='grc' dir='ltr'>με</span> <span class='ocrx_word' id='word_1_96' title='bbox 882 1805 935 1860; x_wconf 85' lang='grc' dir='ltr'>ἐν</span> <span class='ocrx_word' id='word_1_97' title='bbox 1017 1806 1208 1879; x_wconf 84' lang='grc' dir='ltr'>Λάκκῳ</span> <span class='ocrx_word' id='word_1_98' title='bbox 1260 1807 1558 1882; x_wconf 76' lang='grc' dir='ltr'>κατωτάτω</span> <span class='ocrx_word' id='word_1_99' title='bbox 1589 1852 1604 1879; x_wconf 92' lang='grc'>,</span> <span class='ocrx_word' id='word_1_100' title='bbox 1663 1807 1716 1865; x_wconf 87' lang='grc' dir='ltr'>ἐν</span> <span class='ocrx_word' id='word_1_101' title='bbox 1760 1809 1974 1884; x_wconf 72' lang='grc' dir='ltr'>σκοτείᾳ</span> 
     </span>
    </p>
   </div>
   <div class='ocr_carea' id='block_1_17' title="bbox 312 1892 1067 1966">
    <p class='ocr_par' dir='ltr' id='par_1_17' title="bbox 312 1892 1067 1966">
     <span class='ocr_line' id='line_1_17' title="bbox 312 1892 1067 1966; baseline 0 -19"><span class='ocrx_word' id='word_1_102' title='bbox 312 1894 405 1948; x_wconf 82' lang='grc' dir='ltr'>καὶ</span> <span class='ocrx_word' id='word_1_103' title='bbox 448 1892 501 1948; x_wconf 91' lang='grc' dir='ltr'>ἐν</span> <span class='ocrx_word' id='word_1_104' title='bbox 551 1899 676 1966; x_wconf 86' lang='grc' dir='ltr'>σκιᾷ</span> <span class='ocrx_word' id='word_1_105' title='bbox 734 1894 985 1960; x_wconf 86' lang='grc' dir='ltr'>θανάτου.</span> <span class='ocrx_word' id='word_1_106' title='bbox 1035 1918 1067 1948; x_wconf 88' lang='grc'><strong>››</strong></span> 
     </span>
    </p>
   </div>
   <div class='ocr_carea' id='block_1_18' title="bbox 311 1983 1975 2059">
    <p class='ocr_par' dir='ltr' id='par_1_18' title="bbox 311 1983 1975 2059">
     <span class='ocr_line' id='line_1_18' title="bbox 311 1983 1975 2059; baseline 0.005 -22"><span class='ocrx_word' id='word_1_107' title='bbox 311 1983 618 2059; x_wconf 88' lang='grc' dir='ltr'>κατώτερον</span> <span class='ocrx_word' id='word_1_108' title='bbox 664 1983 756 2039; x_wconf 85' lang='grc' dir='ltr'>καὶ</span> <span class='ocrx_word' id='word_1_109' title='bbox 810 1983 1016 2047; x_wconf 86' lang='grc' dir='ltr'>τόπους</span> <span class='ocrx_word' id='word_1_110' title='bbox 1081 1985 1387 2048; x_wconf 80' lang='grc' dir='ltr'>σκοτεινοὺς</span> <span class='ocrx_word' id='word_1_111' title='bbox 1424 1987 1516 2042; x_wconf 85' lang='grc' dir='ltr'>καὶ</span> <span class='ocrx_word' id='word_1_112' title='bbox 1566 1986 1735 2043; x_wconf 80' lang='grc' dir='ltr'>νύκτα</span> <span class='ocrx_word' id='word_1_113' title='bbox 1791 1987 1975 2054; x_wconf 87' lang='grc' dir='ltr'>θανά-</span> 
     </span>
    </p>
   </div>
   <div class='ocr_carea' id='block_1_19' title="bbox 312 2070 1477 2151">
    <p class='ocr_par' dir='ltr' id='par_1_19' title="bbox 312 2070 1477 2151">
     <span class='ocr_line' id='line_1_19' title="bbox 312 2070 1477 2151; baseline 0.005 -26"><span class='ocrx_word' id='word_1_114' title='bbox 312 2090 432 2140; x_wconf 85' lang='grc' dir='ltr'>του,</span> <span class='ocrx_word' id='word_1_115' title='bbox 470 2070 765 2144; x_wconf 71' lang='grc' dir='ltr'>τουτέστιν,</span> <span class='ocrx_word' id='word_1_116' title='bbox 798 2074 866 2143; x_wconf 83' lang='grc' dir='ltr'>ἣν</span> <span class='ocrx_word' id='word_1_117' title='bbox 898 2073 926 2127; x_wconf 91' lang='lat'>6</span> <span class='ocrx_word' id='word_1_118' title='bbox 958 2073 1187 2137; x_wconf 89' lang='grc' dir='ltr'>θάνατος</span> <span class='ocrx_word' id='word_1_119' title='bbox 1208 2076 1477 2151; x_wconf 80' lang='grc' dir='ltr'>προξενεῖ.</span> 
     </span>
    </p>
   </div>
   <div class='ocr_carea' id='block_1_20' title="bbox 395 2178 1978 2257">
    <p class='ocr_par' dir='ltr' id='par_1_20' title="bbox 395 2178 1978 2257">
     <span class='ocr_line' id='line_1_20' title="bbox 395 2178 1978 2257; baseline 0.007 -26"><span class='ocrx_word' id='word_1_120' title='bbox 395 2201 417 2230; x_wconf 80' lang='grc' dir='ltr'>ιι</span> <span class='ocrx_word' id='word_1_121' title='bbox 453 2179 571 2234; x_wconf 85' lang='grc' dir='ltr'>Ἐπ’</span> <span class='ocrx_word' id='word_1_122' title='bbox 628 2178 728 2254; x_wconf 73' lang='grc' dir='ltr'>ἐμὲ</span> <span class='ocrx_word' id='word_1_123' title='bbox 777 2179 1079 2257; x_wconf 77' lang='grc' dir='ltr'>ἐπηρίχθη</span> <span class='ocrx_word' id='word_1_124' title='bbox 1140 2182 1170 2237; x_wconf 91' lang='lat'>.6</span> <span class='ocrx_word' id='word_1_125' title='bbox 1227 2181 1401 2256; x_wconf 92' lang='grc' dir='ltr'>θυμός</span> <span class='ocrx_word' id='word_1_126' title='bbox 1457 2205 1573 2256; x_wconf 90' lang='grc' dir='ltr'>σου,</span> <span class='ocrx_word' id='word_1_127' title='bbox 1634 2188 1725 2240; x_wconf 82' lang='grc' dir='ltr'>καὶ</span> <span class='ocrx_word' id='word_1_128' title='bbox 1779 2185 1978 2249; x_wconf 87' lang='grc' dir='ltr'>πάντας</span> 
     </span>
    </p>
   </div>
   <div class='ocr_carea' id='block_1_21' title="bbox 323 2264 1983 2348">
    <p class='ocr_par' dir='ltr' id='par_1_21' title="bbox 323 2264 1983 2348">
     <span class='ocr_line' id='line_1_21' title="bbox 323 2264 1983 2348; baseline 0.005 -26"><span class='ocrx_word' id='word_1_129' title='bbox 323 2264 451 2330; x_wconf 80' lang='grc' dir='ltr'>τοὺς</span> <span class='ocrx_word' id='word_1_130' title='bbox 503 2269 913 2346; x_wconf 89' lang='grc' dir='ltr'>μετεωρισμούς</span> <span class='ocrx_word' id='word_1_131' title='bbox 985 2290 1082 2324; x_wconf 93' lang='grc' dir='ltr'>σου</span> <span class='ocrx_word' id='word_1_132' title='bbox 1148 2269 1421 2347; x_wconf 78' lang='grc' dir='ltr'>ἐπήγαγες</span> <span class='ocrx_word' id='word_1_133' title='bbox 1499 2272 1581 2326; x_wconf 88' lang='grc' dir='ltr'>ἐπ’</span> <span class='ocrx_word' id='word_1_134' title='bbox 1655 2273 1773 2348; x_wconf 86' lang='grc' dir='ltr'>ἐμέ.</span> <span class='ocrx_word' id='word_1_135' title='bbox 1826 2297 1856 2327; x_wconf 86' lang='grc'><strong>››</strong></span> <span class='ocrx_word' id='word_1_136' title='bbox 1912 2308 1983 2317; x_wconf 93' lang='lat'><strong><em>—</em></strong></span> 
     </span>
    </p>
   </div>
   <div class='ocr_carea' id='block_1_22' title="bbox 322 2355 1983 2439">
    <p class='ocr_par' dir='ltr' id='par_1_22' title="bbox 322 2355 1983 2439">
     <span class='ocr_line' id='line_1_22' title="bbox 322 2355 1983 2439; baseline 0.004 -29"><span class='ocrx_word' id='word_1_137' title='bbox 322 2355 505 2428; x_wconf 87' lang='grc' dir='ltr'>Θυμὸν</span> <span class='ocrx_word' id='word_1_138' title='bbox 558 2361 694 2412; x_wconf 89' lang='grc' dir='ltr'>Θεοῦ</span> <span class='ocrx_word' id='word_1_139' title='bbox 754 2356 867 2412; x_wconf 89' lang='grc' dir='ltr'>νόει</span> <span class='ocrx_word' id='word_1_140' title='bbox 929 2376 1024 2431; x_wconf 87' lang='grc' dir='ltr'>μοι</span> <span class='ocrx_word' id='word_1_141' title='bbox 1082 2357 1182 2427; x_wconf 75' lang='grc' dir='ltr'>τήν</span> <span class='ocrx_word' id='word_1_142' title='bbox 1259 2357 1631 2434; x_wconf 82' lang='grc' dir='ltr'>ἐπενεχθεῖσαν</span> <span class='ocrx_word' id='word_1_143' title='bbox 1694 2365 1775 2433; x_wconf 82' lang='grc' dir='ltr'>τῷ</span> <span class='ocrx_word' id='word_1_144' title='bbox 1841 2362 1983 2439; x_wconf 82' lang='grc' dir='ltr'>γένει</span> 
     </span>
    </p>
   </div>
   <div class='ocr_carea' id='block_1_23' title="bbox 319 2444 1984 2527">
    <p class='ocr_par' dir='ltr' id='par_1_23' title="bbox 319 2444 1984 2527">
     <span class='ocr_line' id='line_1_23' title="bbox 319 2444 1984 2527; baseline 0.005 -30"><span class='ocrx_word' id='word_1_145' title='bbox 319 2447 429 2498; x_wconf 88' lang='grc' dir='ltr'>τῶν</span> <span class='ocrx_word' id='word_1_146' title='bbox 482 2445 785 2522; x_wconf 88' lang='grc' dir='ltr'>ἀνθρώπων</span> <span class='ocrx_word' id='word_1_147' title='bbox 824 2448 926 2501; x_wconf 79' lang='grc' dir='ltr'>τοῦ</span> <span class='ocrx_word' id='word_1_148' title='bbox 972 2444 1202 2501; x_wconf 87' lang='grc' dir='ltr'>θανάτυυ</span> <span class='ocrx_word' id='word_1_149' title='bbox 1252 2447 1510 2524; x_wconf 80' lang='grc' dir='ltr'>κατάραν,</span> <span class='ocrx_word' id='word_1_150' title='bbox 1564 2449 1627 2518; x_wconf 84' lang='grc' dir='ltr'>ἣν</span> <span class='ocrx_word' id='word_1_151' title='bbox 1686 2449 1715 2503; x_wconf 89' lang='grc' dir='ltr'>ὁ</span> <span class='ocrx_word' id='word_1_152' title='bbox 1747 2450 1984 2527; x_wconf 82' lang='grc' dir='ltr'>Χριστὸς</span> 
     </span>
    </p>
   </div>
   <div class='ocr_carea' id='block_1_24' title="bbox 328 2530 1982 2615">
    <p class='ocr_par' dir='ltr' id='par_1_24' title="bbox 328 2530 1982 2615">
     <span class='ocr_line' id='line_1_24' title="bbox 328 2530 1982 2615; baseline 0.005 -30"><span class='ocrx_word' id='word_1_153' title='bbox 328 2530 408 2594; x_wconf 86' lang='grc' dir='ltr'>εἰς</span> <span class='ocrx_word' id='word_1_154' title='bbox 438 2531 625 2589; x_wconf 72' lang='grc' dir='ltr'>ἑαυτὸν</span> <span class='ocrx_word' id='word_1_155' title='bbox 676 2531 745 2590; x_wconf 87' lang='grc' dir='ltr'>δι’</span> <span class='ocrx_word' id='word_1_156' title='bbox 794 2537 943 2608; x_wconf 78' lang='grc' dir='ltr'>ἡμᾶς</span> <span class='ocrx_word' id='word_1_157' title='bbox 998 2530 1345 2607; x_wconf 72' lang='grc' dir='ltr'>κατεδέξατο.</span> <span class='ocrx_word' id='word_1_158' title='bbox 1378 2536 1457 2593; x_wconf 85' lang='grc' dir='ltr'>Τὸ</span> <span class='ocrx_word' id='word_1_159' title='bbox 1506 2533 1565 2592; x_wconf 79' lang='grc' dir='ltr'>δὲ</span> <span class='ocrx_word' id='word_1_160' title='bbox 1612 2537 1982 2615; x_wconf 85' lang='grc' dir='ltr'>ἐπεστηρίχθη</span> 
     </span>
    </p>
   </div>
   <div class='ocr_carea' id='block_1_25' title="bbox 329 2618 2077 2701">
    <p class='ocr_par' dir='ltr' id='par_1_25' title="bbox 329 2618 2077 2701">
     <span class='ocr_line' id='line_1_25' title="bbox 329 2618 2077 2701; baseline 0.005 -26"><span class='ocrx_word' id='word_1_161' title='bbox 329 2618 446 2675; x_wconf 84' lang='grc' dir='ltr'>ἀντί</span> <span class='ocrx_word' id='word_1_162' title='bbox 500 2626 600 2677; x_wconf 92' lang='grc' dir='ltr'>τοῦ</span> <span class='ocrx_word' id='word_1_163' title='bbox 655 2619 959 2701; x_wconf 82' lang='grc' dir='ltr'>ἐπεϐάρησε</span> <span class='ocrx_word' id='word_1_164' title='bbox 1015 2622 1271 2698; x_wconf 74' lang='grc' dir='ltr'>τέθειται,</span> <span class='ocrx_word' id='word_1_165' title='bbox 1327 2622 1417 2680; x_wconf 89' lang='grc' dir='ltr'>διά</span> <span class='ocrx_word' id='word_1_166' title='bbox 1459 2630 1557 2681; x_wconf 90' lang='grc' dir='ltr'>τοῦ</span> <span class='ocrx_word' id='word_1_167' title='bbox 1604 2628 1831 2683; x_wconf 88' lang='grc' dir='ltr'>θανάτου</span> <span class='ocrx_word' id='word_1_168' title='bbox 1886 2632 1986 2683; x_wconf 90' lang='grc' dir='ltr'>τοῦ</span> <span class='ocrx_word' id='word_1_169' title='bbox 2059 2635 2077 2651; x_wconf 82' lang='grc'><em>’</em></span> 
     </span>
    </p>
   </div>
   <div class='ocr_carea' id='block_1_26' title="bbox 328 2711 1220 2789">
    <p class='ocr_par' dir='ltr' id='par_1_26' title="bbox 328 2711 1220 2789">
     <span class='ocr_line' id='line_1_26' title="bbox 328 2711 1220 2789; baseline 0.008 -25"><span class='ocrx_word' id='word_1_170' title='bbox 328 2716 620 2784; x_wconf 87' lang='grc' dir='ltr'>σταυρικοῦ</span> <span class='ocrx_word' id='word_1_171' title='bbox 648 2711 785 2789; x_wconf 82' lang='grc' dir='ltr'>βαρὺ</span> <span class='ocrx_word' id='word_1_172' title='bbox 815 2712 906 2769; x_wconf 85' lang='grc' dir='ltr'>καὶ</span> <span class='ocrx_word' id='word_1_173' title='bbox 937 2711 1220 2785; x_wconf 81' lang='grc' dir='ltr'>ἐπίμονον.</span> 
     </span>
    </p>
   </div>
   <div class='ocr_carea' id='block_1_27' title="bbox 401 2799 1989 2881">
    <p class='ocr_par' dir='ltr' id='par_1_27' title="bbox 401 2799 1989 2881">
     <span class='ocr_line' id='line_1_27' title="bbox 401 2799 1989 2881; baseline 0.004 -29"><span class='ocrx_word' id='word_1_174' title='bbox 401 2822 432 2852; x_wconf 81' lang='grc' dir='ltr'>ι(</span> <span class='ocrx_word' id='word_1_175' title='bbox 465 2800 805 2876; x_wconf 88' lang='grc' dir='ltr'>Ἐμάκρυνας</span> <span class='ocrx_word' id='word_1_176' title='bbox 850 2799 979 2863; x_wconf 79' lang='grc' dir='ltr'>τοὺς</span> <span class='ocrx_word' id='word_1_177' title='bbox 1032 2803 1306 2878; x_wconf 91' lang='grc' dir='ltr'>γνωστούς</span> <span class='ocrx_word' id='word_1_178' title='bbox 1370 2825 1477 2878; x_wconf 91' lang='grc' dir='ltr'>μου</span> <span class='ocrx_word' id='word_1_179' title='bbox 1531 2803 1624 2861; x_wconf 88' lang='grc' dir='ltr'>ἀπ’</span> <span class='ocrx_word' id='word_1_180' title='bbox 1667 2806 1824 2881; x_wconf 84' lang='grc' dir='ltr'>ἐμοῦ.</span> <span class='ocrx_word' id='word_1_181' title='bbox 1860 2830 1889 2859; x_wconf 87' lang='grc'>››</span> <span class='ocrx_word' id='word_1_182' title='bbox 1919 2840 1989 2850; x_wconf 90' lang='grc'>--</span> 
     </span>
    </p>
   </div>
   <div class='ocr_carea' id='block_1_28' title="bbox 323 2886 980 2971">
    <p class='ocr_par' dir='ltr' id='par_1_28' title="bbox 323 2886 980 2971">
     <span class='ocr_line' id='line_1_28' title="bbox 323 2886 980 2971; baseline 0.009 -27"><span class='ocrx_word' id='word_1_183' title='bbox 323 2894 411 2964; x_wconf 81' lang='grc' dir='ltr'>Τῷ</span> <span class='ocrx_word' id='word_1_184' title='bbox 441 2886 600 2971; x_wconf 77' lang='grc' dir='ltr'>φόϐῳ</span> <span class='ocrx_word' id='word_1_185' title='bbox 631 2896 980 2968; x_wconf 91' lang='grc' dir='ltr'>σταυρωτῶν.</span> 
     </span>
    </p>
   </div>
   <div class='ocr_carea' id='block_1_29' title="bbox 397 2978 1991 3059">
    <p class='ocr_par' dir='ltr' id='par_1_29' title="bbox 397 2978 1991 3059">
     <span class='ocr_line' id='line_1_29' title="bbox 397 2978 1991 3059; baseline 0.006 -27"><span class='ocrx_word' id='word_1_186' title='bbox 397 3004 428 3032; x_wconf 87' lang='grc'>‹‹</span> <span class='ocrx_word' id='word_1_187' title='bbox 456 2979 682 3038; x_wconf 85' lang='grc' dir='ltr'>Ἔθεντό</span> <span class='ocrx_word' id='word_1_188' title='bbox 746 3001 813 3055; x_wconf 86' lang='grc' dir='ltr'>με</span> <span class='ocrx_word' id='word_1_189' title='bbox 847 2978 1131 3059; x_wconf 78' lang='grc' dir='ltr'>βδέλυγμα</span> <span class='ocrx_word' id='word_1_190' title='bbox 1169 2983 1402 3045; x_wconf 72' lang='grc' dir='ltr'>ἑαυτοῖς.</span> <span class='ocrx_word' id='word_1_191' title='bbox 1444 3006 1476 3037; x_wconf 85' lang='grc'><strong>››</strong></span> <span class='ocrx_word' id='word_1_192' title='bbox 1523 3017 1594 3027; x_wconf 85' lang='grc'><strong>-</strong></span> <span class='ocrx_word' id='word_1_193' title='bbox 1622 2985 1686 3039; x_wconf 80' lang='grc' dir='ltr'>Οἱ</span> <span class='ocrx_word' id='word_1_194' title='bbox 1732 2982 1991 3041; x_wconf 88' lang='grc' dir='ltr'>Ἰουδαῖοι</span> 
     </span>
    </p>
   </div>
   <div class='ocr_carea' id='block_1_30' title="bbox 330 3065 612 3138">
    <p class='ocr_par' dir='ltr' id='par_1_30' title="bbox 330 3065 612 3138">
     <span class='ocr_line' id='line_1_30' title="bbox 330 3065 612 3138; baseline 0.007 -16"><span class='ocrx_word' id='word_1_195' title='bbox 330 3065 612 3138; x_wconf 91' lang='grc' dir='ltr'>δηλονότι.</span> 
     </span>
    </p>
   </div>
   <div class='ocr_carea' id='block_1_31' title="bbox 403 3155 1988 3239">
    <p class='ocr_par' dir='ltr' id='par_1_31' title="bbox 403 3155 1988 3239">
     <span class='ocr_line' id='line_1_31' title="bbox 403 3155 1988 3239; baseline 0.004 -28"><span class='ocrx_word' id='word_1_196' title='bbox 403 3180 434 3211; x_wconf 83' lang='grc' dir='ltr'>ιι</span> <span class='ocrx_word' id='word_1_197' title='bbox 466 3155 783 3232; x_wconf 88' lang='grc' dir='ltr'>Παρεδόθην</span> <span class='ocrx_word' id='word_1_198' title='bbox 840 3160 932 3215; x_wconf 88' lang='grc' dir='ltr'>καὶ</span> <span class='ocrx_word' id='word_1_199' title='bbox 981 3159 1081 3215; x_wconf 79' lang='grc' dir='ltr'>οὐκ</span> <span class='ocrx_word' id='word_1_200' title='bbox 1125 3160 1557 3239; x_wconf 82' lang='grc' dir='ltr'>ἐξεπορευόμην.</span> <span class='ocrx_word' id='word_1_201' title='bbox 1614 3186 1644 3215; x_wconf 87' lang='grc'><strong>››</strong></span> <span class='ocrx_word' id='word_1_202' title='bbox 1692 3195 1764 3206; x_wconf 88' lang='grc'><strong>-·</strong></span> <span class='ocrx_word' id='word_1_203' title='bbox 1811 3170 1988 3238; x_wconf 90' lang='grc' dir='ltr'>Παρε-</span> 
     </span>
    </p>
   </div>
   <div class='ocr_carea' id='block_1_32' title="bbox 325 3243 1986 3328">
    <p class='ocr_par' dir='ltr' id='par_1_32' title="bbox 325 3243 1986 3328">
     <span class='ocr_line' id='line_1_32' title="bbox 325 3243 1986 3328; baseline 0.005 -28"><span class='ocrx_word' id='word_1_204' title='bbox 325 3243 493 3318; x_wconf 86' lang='grc' dir='ltr'>δόθην</span> <span class='ocrx_word' id='word_1_205' title='bbox 555 3252 670 3310; x_wconf 90' lang='grc' dir='ltr'>τοῖς</span> <span class='ocrx_word' id='word_1_206' title='bbox 737 3246 1021 3312; x_wconf 84' lang='grc' dir='ltr'>Ἰουδαίοις</span> <span class='ocrx_word' id='word_1_207' title='bbox 1082 3250 1187 3306; x_wconf 84' lang='grc' dir='ltr'>ὑπὸ</span> <span class='ocrx_word' id='word_1_208' title='bbox 1250 3252 1637 3328; x_wconf 82' lang='grc' dir='ltr'>Ἰσκαριώτου,</span> <span class='ocrx_word' id='word_1_209' title='bbox 1693 3252 1785 3307; x_wconf 90' lang='grc' dir='ltr'>καὶ</span> <span class='ocrx_word' id='word_1_210' title='bbox 1826 3250 1986 3310; x_wconf 87' lang='grc' dir='ltr'>δυνά-</span> 
     </span>
    </p>
   </div>
   <div class='ocr_carea' id='block_1_33' title="bbox 331 3308 2062 3417">
    <p class='ocr_par' dir='ltr' id='par_1_33' title="bbox 331 3308 2062 3417">
     <span class='ocr_line' id='line_1_33' title="bbox 331 3308 2062 3417; baseline 0.005 -27"><span class='ocrx_word' id='word_1_211' title='bbox 331 3355 492 3408; x_wconf 91' lang='grc' dir='ltr'>μενος</span> <span class='ocrx_word' id='word_1_212' title='bbox 555 3335 949 3413; x_wconf 87' lang='grc' dir='ltr'>ἐκπορευθῆναι</span> <span class='ocrx_word' id='word_1_213' title='bbox 1020 3338 1108 3394; x_wconf 83' lang='grc' dir='ltr'>ὑπ’</span> <span class='ocrx_word' id='word_1_214' title='bbox 1158 3338 1333 3397; x_wconf 80' lang='grc' dir='ltr'>αὐτῶν</span> <span class='ocrx_word' id='word_1_215' title='bbox 1388 3341 1491 3398; x_wconf 83' lang='grc' dir='ltr'>οὐκ</span> <span class='ocrx_word' id='word_1_216' title='bbox 1529 3339 1763 3416; x_wconf 48' lang='grc' dir='ltr'>,ἐποίουν</span> <span class='ocrx_word' id='word_1_217' title='bbox 1801 3347 1986 3417; x_wconf 87' lang='grc' dir='ltr'>τοῦτο,</span> <span class='ocrx_word' id='word_1_218' title='bbox 2017 3308 2062 3377; x_wconf 74' lang='lat' dir='ltr'><strong>C</strong></span> 
     </span>
    </p>
   </div>
   <div class='ocr_carea' id='block_1_34' title="bbox 325 3421 1062 3503">
    <p class='ocr_par' dir='ltr' id='par_1_34' title="bbox 325 3421 1062 3503">
     <span class='ocr_line' id='line_1_34' title="bbox 325 3421 1062 3503; baseline 0.007 -23"><span class='ocrx_word' id='word_1_219' title='bbox 325 3421 451 3481; x_wconf 86' lang='grc' dir='ltr'>ἀλλ’</span> <span class='ocrx_word' id='word_1_220' title='bbox 479 3424 530 3479; x_wconf 88' lang='grc' dir='ltr'>ἐν</span> <span class='ocrx_word' id='word_1_221' title='bbox 539 3424 798 3503; x_wconf 87' lang='grc' dir='ltr'>εκαρτέρη</span> <span class='ocrx_word' id='word_1_222' title='bbox 807 3448 873 3483; x_wconf 89' lang='grc' dir='ltr'>σα</span> <span class='ocrx_word' id='word_1_223' title='bbox 901 3428 1062 3487; x_wconf 74' lang='grc' dir='ltr'>ἑκών.</span> 
     </span>
    </p>
   </div>
   <div class='ocr_carea' id='block_1_35' title="bbox 398 3513 1979 3597">
    <p class='ocr_par' dir='ltr' id='par_1_35' title="bbox 398 3513 1979 3597">
     <span class='ocr_line' id='line_1_35' title="bbox 398 3513 1979 3597; baseline 0.006 -30"><span class='ocrx_word' id='word_1_224' title='bbox 398 3535 429 3567; x_wconf 83' lang='grc' dir='ltr'>ιι</span> <span class='ocrx_word' id='word_1_225' title='bbox 459 3515 524 3568; x_wconf 76' lang='grc' dir='ltr'>Οἱ</span> <span class='ocrx_word' id='word_1_226' title='bbox 586 3513 868 3593; x_wconf 84' lang='grc' dir='ltr'>ὀφθαλμοί</span> <span class='ocrx_word' id='word_1_227' title='bbox 924 3537 1029 3591; x_wconf 91' lang='grc' dir='ltr'>μου</span> <span class='ocrx_word' id='word_1_228' title='bbox 1087 3518 1386 3591; x_wconf 81' lang='grc' dir='ltr'>ἠσθένησαν</span> <span class='ocrx_word' id='word_1_229' title='bbox 1445 3520 1552 3575; x_wconf 87' lang='grc' dir='ltr'>ἀπὸ</span> <span class='ocrx_word' id='word_1_230' title='bbox 1605 3520 1907 3597; x_wconf 83' lang='grc' dir='ltr'>πτωχείας.</span> <span class='ocrx_word' id='word_1_231' title='bbox 1950 3542 1979 3576; x_wconf 75' lang='grc' dir='ltr'>ιι</span> 
     </span>
    </p>
   </div>
   <div class='ocr_carea' id='block_1_36' title="bbox 324 3604 1983 3688">
    <p class='ocr_par' dir='ltr' id='par_1_36' title="bbox 324 3604 1983 3688">
     <span class='ocr_line' id='line_1_36' title="bbox 324 3604 1983 3688; baseline 0.005 -31"><span class='ocrx_word' id='word_1_232' title='bbox 324 3633 395 3647; x_wconf 91' lang='grc'><strong><em>-</em></strong></span> <span class='ocrx_word' id='word_1_233' title='bbox 424 3604 711 3688; x_wconf 87' lang='grc' dir='ltr'>Πτωχείαν</span> <span class='ocrx_word' id='word_1_234' title='bbox 744 3604 967 3661; x_wconf 87' lang='grc' dir='ltr'>ἐνταῦθα</span> <span class='ocrx_word' id='word_1_235' title='bbox 1000 3607 1101 3677; x_wconf 80' lang='grc' dir='ltr'>τήν</span> <span class='ocrx_word' id='word_1_236' title='bbox 1146 3613 1244 3664; x_wconf 90' lang='grc' dir='ltr'>τοῦ</span> <span class='ocrx_word' id='word_1_237' title='bbox 1275 3609 1528 3683; x_wconf 85' lang='grc' dir='ltr'>σώματός</span> <span class='ocrx_word' id='word_1_238' title='bbox 1559 3631 1692 3688; x_wconf 87' lang='grc' dir='ltr'>φησι</span> <span class='ocrx_word' id='word_1_239' title='bbox 1745 3609 1983 3667; x_wconf 85' lang='grc' dir='ltr'>κάκωσίν</span> 
     </span>
    </p>
   </div>
   <div class='ocr_carea' id='block_1_37' title="bbox 322 3687 771 3765">
    <p class='ocr_par' dir='ltr' id='par_1_37' title="bbox 322 3687 771 3765">
     <span class='ocr_line' id='line_1_37' title="bbox 322 3687 771 3765; baseline 0.007 -17"><span class='ocrx_word' id='word_1_240' title='bbox 322 3712 383 3748; x_wconf 90' lang='grc' dir='ltr'>τε</span> <span class='ocrx_word' id='word_1_241' title='bbox 410 3691 501 3747; x_wconf 90' lang='grc' dir='ltr'>καὶ</span> <span class='ocrx_word' id='word_1_242' title='bbox 530 3687 771 3765; x_wconf 76' lang='grc' dir='ltr'>ἔκτηξιν.</span> 
     </span>
    </p>
   </div>
   <div class='ocr_carea' id='block_1_38' title="bbox 397 3783 1987 3867">
    <p class='ocr_par' dir='ltr' id='par_1_38' title="bbox 397 3783 1987 3867">
     <span class='ocr_line' id='line_1_38' title="bbox 397 3783 1987 3867; baseline 0.005 -32"><span class='ocrx_word' id='word_1_243' title='bbox 397 3805 427 3834; x_wconf 89' lang='grc'>‹‹</span> <span class='ocrx_word' id='word_1_244' title='bbox 457 3783 547 3851; x_wconf 84' lang='grc' dir='ltr'>Μὴ</span> <span class='ocrx_word' id='word_1_245' title='bbox 598 3787 719 3846; x_wconf 91' lang='grc' dir='ltr'>τοῖς</span> <span class='ocrx_word' id='word_1_246' title='bbox 759 3789 976 3860; x_wconf 86' lang='grc' dir='ltr'>νεκροῖς</span> <span class='ocrx_word' id='word_1_247' title='bbox 1034 3787 1284 3858; x_wconf 82' lang='grc' dir='ltr'>ποιήσεις</span> <span class='ocrx_word' id='word_1_248' title='bbox 1334 3787 1607 3862; x_wconf 90' lang='grc' dir='ltr'>θαυμάσια</span> <span class='ocrx_word' id='word_1_249' title='bbox 1656 3808 1671 3860; x_wconf 88' lang='grc'>;</span> <span class='ocrx_word' id='word_1_250' title='bbox 1721 3788 1758 3859; x_wconf 78' lang='grc' dir='ltr'>ἢ</span> <span class='ocrx_word' id='word_1_251' title='bbox 1811 3789 1987 3867; x_wconf 86' lang='grc' dir='ltr'>ἰατροὶ</span> 
     </span>
    </p>
   </div>
   <div class='ocr_carea' id='block_1_39' title="bbox 322 3868 1986 3951">
    <p class='ocr_par' dir='ltr' id='par_1_39' title="bbox 322 3868 1986 3951">
     <span class='ocr_line' id='line_1_39' title="bbox 322 3868 1986 3951; baseline 0.006 -28"><span class='ocrx_word' id='word_1_252' title='bbox 322 3868 705 3944; x_wconf 86' lang='grc' dir='ltr'>ἀναστήσουσι,</span> <span class='ocrx_word' id='word_1_253' title='bbox 728 3872 821 3926; x_wconf 86' lang='grc' dir='ltr'>καὶ</span> <span class='ocrx_word' id='word_1_254' title='bbox 869 3871 1367 3951; x_wconf 85' lang='grc' dir='ltr'>έξομολογήσονταί</span> <span class='ocrx_word' id='word_1_255' title='bbox 1418 3898 1528 3936; x_wconf 91' lang='grc' dir='ltr'>σοι.</span> <span class='ocrx_word' id='word_1_256' title='bbox 1562 3901 1592 3930; x_wconf 89' lang='grc'><strong>››</strong></span> <span class='ocrx_word' id='word_1_257' title='bbox 1627 3910 1695 3922; x_wconf 88' lang='grc'><strong>-</strong></span> <span class='ocrx_word' id='word_1_258' title='bbox 1725 3880 1817 3949; x_wconf 79' lang='grc' dir='ltr'>Μὴ</span> <span class='ocrx_word' id='word_1_259' title='bbox 1865 3884 1986 3941; x_wconf 90' lang='grc' dir='ltr'>τοῖς</span> 
     </span>
    </p>
   </div>
   <div class='ocr_carea' id='block_1_40' title="bbox 324 3957 1984 4045">
    <p class='ocr_par' dir='ltr' id='par_1_40' title="bbox 324 3957 1984 4045">
     <span class='ocr_line' id='line_1_40' title="bbox 324 3957 1984 4045; baseline 0.01 -36"><span class='ocrx_word' id='word_1_260' title='bbox 324 3957 672 4045; x_wconf 84' lang='grc' dir='ltr'>ἀναισθήτοις</span> <span class='ocrx_word' id='word_1_261' title='bbox 735 3967 951 4037; x_wconf 88' lang='grc' dir='ltr'>νεκραῖς</span> <span class='ocrx_word' id='word_1_262' title='bbox 1023 3966 1273 4036; x_wconf 85' lang='grc' dir='ltr'>ποιήσεις</span> <span class='ocrx_word' id='word_1_263' title='bbox 1343 3968 1627 4041; x_wconf 86' lang='grc' dir='ltr'>θαυμαστά</span> <span class='ocrx_word' id='word_1_264' title='bbox 1694 3965 1823 4045; x_wconf 81' lang='grc' dir='ltr'>ἔργα</span> <span class='ocrx_word' id='word_1_265' title='bbox 1872 4015 1889 4040; x_wconf 92' lang='grc'>,</span> <span class='ocrx_word' id='word_1_266' title='bbox 1946 3969 1984 4038; x_wconf 71' lang='grc' dir='ltr'><strong>ἢ</strong></span> 
     </span>
    </p>
   </div>
   <div class='ocr_carea' id='block_1_41' title="bbox 325 4043 1987 4133">
    <p class='ocr_par' dir='ltr' id='par_1_41' title="bbox 325 4043 1987 4133">
     <span class='ocr_line' id='line_1_41' title="bbox 325 4043 1987 4133; baseline 0.009 -35"><span class='ocrx_word' id='word_1_267' title='bbox 325 4043 502 4120; x_wconf 82' lang='grc' dir='ltr'>ἰατροί</span> <span class='ocrx_word' id='word_1_268' title='bbox 569 4046 933 4119; x_wconf 84' lang='grc' dir='ltr'>ἀναστήσουσι</span> <span class='ocrx_word' id='word_1_269' title='bbox 989 4050 1118 4114; x_wconf 81' lang='grc' dir='ltr'>τοὺς</span> <span class='ocrx_word' id='word_1_270' title='bbox 1164 4052 1390 4129; x_wconf 80' lang='grc' dir='ltr'>νεκροὺς</span> <span class='ocrx_word' id='word_1_271' title='bbox 1432 4056 1524 4110; x_wconf 85' lang='grc' dir='ltr'>καὶ</span> <span class='ocrx_word' id='word_1_272' title='bbox 1579 4043 1987 4133; x_wconf 76' lang='grc' dir='ltr'>οὕτωςεύχα-</span> 
     </span>
    </p>
   </div>
   <div class='ocr_carea' id='block_1_42' title="bbox 324 4134 1984 4218">
    <p class='ocr_par' dir='ltr' id='par_1_42' title="bbox 324 4134 1984 4218">
     <span class='ocr_line' id='line_1_42' title="bbox 324 4134 1984 4218; baseline 0.008 -29"><span class='ocrx_word' id='word_1_273' title='bbox 324 4134 641 4211; x_wconf 91' lang='grc' dir='ltr'>ριστήσουσί</span> <span class='ocrx_word' id='word_1_274' title='bbox 720 4156 805 4191; x_wconf 91' lang='grc' dir='ltr'>σοι</span> <span class='ocrx_word' id='word_1_275' title='bbox 871 4138 925 4193; x_wconf 76' lang='grc' dir='ltr'>οἱ</span> <span class='ocrx_word' id='word_1_276' title='bbox 989 4140 1136 4215; x_wconf 87' lang='grc' dir='ltr'>παρά</span> <span class='ocrx_word' id='word_1_277' title='bbox 1218 4146 1326 4197; x_wconf 91' lang='grc' dir='ltr'>τῶν</span> <span class='ocrx_word' id='word_1_278' title='bbox 1387 4143 1585 4218; x_wconf 80' lang='grc' dir='ltr'>ἰατρῶν</span> <span class='ocrx_word' id='word_1_279' title='bbox 1663 4145 1984 4210; x_wconf 86' lang='grc' dir='ltr'>ἀναστάντες</span> 
     </span>
    </p>
   </div>
   <div class='ocr_carea' id='block_1_43' title="bbox 321 4221 1981 4312">
    <p class='ocr_par' dir='ltr' id='par_1_43' title="bbox 321 4221 1981 4312">
     <span class='ocr_line' id='line_1_43' title="bbox 321 4221 1981 4312; baseline 0.008 -35"><span class='ocrx_word' id='word_1_280' title='bbox 321 4222 503 4312; x_wconf 86' lang='grc' dir='ltr'>νεκροί</span> <span class='ocrx_word' id='word_1_281' title='bbox 536 4227 788 4312; x_wconf 61' lang='grc' dir='ltr'>,Ταῦτα</span> <span class='ocrx_word' id='word_1_282' title='bbox 821 4221 880 4279; x_wconf 80' lang='grc' dir='ltr'>δὲ</span> <span class='ocrx_word' id='word_1_283' title='bbox 943 4226 996 4280; x_wconf 80' lang='grc' dir='ltr'>οἱ</span> <span class='ocrx_word' id='word_1_284' title='bbox 1049 4227 1143 4300; x_wconf 91' lang='grc' dir='ltr'>μέν</span> <span class='ocrx_word' id='word_1_285' title='bbox 1219 4250 1346 4306; x_wconf 87' lang='grc' dir='ltr'>φασι</span> <span class='ocrx_word' id='word_1_286' title='bbox 1405 4231 1580 4308; x_wconf 85' lang='grc' dir='ltr'>λέγειν</span> <span class='ocrx_word' id='word_1_287' title='bbox 1637 4234 1731 4290; x_wconf 89' lang='grc' dir='ltr'>τὸν</span> <span class='ocrx_word' id='word_1_288' title='bbox 1780 4235 1981 4312; x_wconf 79' lang='grc' dir='ltr'>Κύριον</span> 
     </span>
    </p>
   </div>
   <div class='ocr_carea' id='block_1_44' title="bbox 323 4309 1981 4398">
    <p class='ocr_par' dir='ltr' id='par_1_44' title="bbox 323 4309 1981 4398">
     <span class='ocr_line' id='line_1_44' title="bbox 323 4309 1981 4398; baseline 0.008 -32"><span class='ocrx_word' id='word_1_289' title='bbox 323 4310 636 4386; x_wconf 82' lang='grc' dir='ltr'>ἀνθρωπίνῃ</span> <span class='ocrx_word' id='word_1_290' title='bbox 694 4309 873 4385; x_wconf 83' lang='grc' dir='ltr'>δειλίᾳ</span> <span class='ocrx_word' id='word_1_291' title='bbox 928 4317 996 4389; x_wconf 80' lang='grc' dir='ltr'>τῇ</span> <span class='ocrx_word' id='word_1_292' title='bbox 1040 4316 1179 4392; x_wconf 82' lang='grc' dir='ltr'>πρὸς</span> <span class='ocrx_word' id='word_1_293' title='bbox 1211 4317 1436 4381; x_wconf 90' lang='grc' dir='ltr'>θάνατον</span> <span class='ocrx_word' id='word_1_294' title='bbox 1468 4321 1723 4377; x_wconf 83' lang='grc' dir='ltr'>αἰτοῦντα</span> <span class='ocrx_word' id='word_1_295' title='bbox 1767 4325 1830 4378; x_wconf 90' lang='grc' dir='ltr'>τὸ</span> <span class='ocrx_word' id='word_1_296' title='bbox 1863 4309 1981 4398; x_wconf 73' lang='grc' dir='ltr'>ζῇν,</span> 
     </span>
    </p>
   </div>
   <div class='ocr_carea' id='block_1_45' title="bbox 324 4398 1979 4485">
    <p class='ocr_par' dir='ltr' id='par_1_45' title="bbox 324 4398 1979 4485">
     <span class='ocr_line' id='line_1_45' title="bbox 324 4398 1979 4485; baseline 0.009 -30"><span class='ocrx_word' id='word_1_297' title='bbox 324 4401 378 4455; x_wconf 74' lang='grc' dir='ltr'>οἱ</span> <span class='ocrx_word' id='word_1_298' title='bbox 409 4398 467 4456; x_wconf 80' lang='grc' dir='ltr'>δὲ</span> <span class='ocrx_word' id='word_1_299' title='bbox 493 4400 591 4465; x_wconf 81' lang='grc' dir='ltr'>τὰς</span> <span class='ocrx_word' id='word_1_300' title='bbox 618 4400 796 4465; x_wconf 80' lang='grc' dir='ltr'>αἰτίας</span> <span class='ocrx_word' id='word_1_301' title='bbox 847 4404 994 4477; x_wconf 79' lang='grc' dir='ltr'>ἡμῖν</span> <span class='ocrx_word' id='word_1_302' title='bbox 1030 4405 1290 4481; x_wconf 87' lang='grc' dir='ltr'>γνωρίσαι</span> <span class='ocrx_word' id='word_1_303' title='bbox 1348 4407 1686 4485; x_wconf 89' lang='grc' dir='ltr'>βουλόμενον</span> <span class='ocrx_word' id='word_1_304' title='bbox 1721 4409 1791 4467; x_wconf 90' lang='grc' dir='ltr'>δι’</span> <span class='ocrx_word' id='word_1_305' title='bbox 1822 4411 1884 4477; x_wconf 78' lang='grc' dir='ltr'>ἃς</span> <span class='ocrx_word' id='word_1_306' title='bbox 1913 4415 1979 4484; x_wconf 81' lang='grc' dir='ltr'>ἦν</span> 
     </span>
    </p>
   </div>
   <div class='ocr_carea' id='block_1_46' title="bbox 322 4486 1588 4568">
    <p class='ocr_par' dir='ltr' id='par_1_46' title="bbox 322 4486 1588 4568">
     <span class='ocr_line' id='line_1_46' title="bbox 322 4486 1588 4568; baseline 0.009 -23"><span class='ocrx_word' id='word_1_307' title='bbox 322 4488 586 4568; x_wconf 87' lang='grc' dir='ltr'>ἀναγκαία</span> <span class='ocrx_word' id='word_1_308' title='bbox 612 4493 649 4561; x_wconf 83' lang='grc' dir='ltr'><strong>ἡ</strong></span> <span class='ocrx_word' id='word_1_309' title='bbox 681 4492 820 4568; x_wconf 88' lang='grc' dir='ltr'>πρὸς</span> <span class='ocrx_word' id='word_1_310' title='bbox 848 4491 942 4547; x_wconf 87' lang='grc' dir='ltr'>τὸν</span> <span class='ocrx_word' id='word_1_311' title='bbox 976 4486 1111 4567; x_wconf 71' lang='grc' dir='ltr'>ᾅδην</span> <span class='ocrx_word' id='word_1_312' title='bbox 1140 4493 1307 4552; x_wconf 85' lang='grc' dir='ltr'>αὐτοῦ</span> <span class='ocrx_word' id='word_1_313' title='bbox 1335 4496 1588 4563; x_wconf 87' lang='grc' dir='ltr'>κάθοδος.</span> 
     </span>
    </p>
   </div>
   <div class='ocr_carea' id='block_1_47' title="bbox 395 4578 1979 4666">
    <p class='ocr_par' dir='ltr' id='par_1_47' title="bbox 395 4578 1979 4666">
     <span class='ocr_line' id='line_1_47' title="bbox 395 4578 1979 4666; baseline 0.009 -35"><span class='ocrx_word' id='word_1_314' title='bbox 395 4603 426 4631; x_wconf 86' lang='grc'>‹‹</span> <span class='ocrx_word' id='word_1_315' title='bbox 455 4578 546 4649; x_wconf 78' lang='grc' dir='ltr'>Μὴ</span> <span class='ocrx_word' id='word_1_316' title='bbox 599 4579 917 4657; x_wconf 87' lang='grc' dir='ltr'>διηγήσεταί</span> <span class='ocrx_word' id='word_1_317' title='bbox 963 4603 1050 4646; x_wconf 90' lang='grc' dir='ltr'>τις</span> <span class='ocrx_word' id='word_1_318' title='bbox 1106 4581 1158 4640; x_wconf 85' lang='grc' dir='ltr'>ἐν</span> <span class='ocrx_word' id='word_1_319' title='bbox 1212 4589 1294 4658; x_wconf 82' lang='grc' dir='ltr'>τῷ</span> <span class='ocrx_word' id='word_1_320' title='bbox 1347 4587 1507 4666; x_wconf 83' lang='grc' dir='ltr'>τάφῳ</span> <span class='ocrx_word' id='word_1_321' title='bbox 1560 4588 1624 4643; x_wconf 86' lang='grc' dir='ltr'>τὸ</span> <span class='ocrx_word' id='word_1_322' title='bbox 1663 4584 1819 4652; x_wconf 66' lang='grc' dir='ltr'>ἔλεός</span> <span class='ocrx_word' id='word_1_323' title='bbox 1860 4612 1979 4664; x_wconf 87' lang='grc' dir='ltr'>σου,</span> 
     </span>
    </p>
   </div>
   <div class='ocr_carea' id='block_1_48' title="bbox 321 4668 2062 4752">
    <p class='ocr_par' dir='ltr' id='par_1_48' title="bbox 321 4668 2062 4752">
     <span class='ocr_line' id='line_1_48' title="bbox 321 4668 2062 4752; baseline 0.007 -28"><span class='ocrx_word' id='word_1_324' title='bbox 321 4668 414 4725; x_wconf 84' lang='grc' dir='ltr'>καὶ</span> <span class='ocrx_word' id='word_1_325' title='bbox 439 4670 542 4739; x_wconf 78' lang='grc' dir='ltr'>τὴν</span> <span class='ocrx_word' id='word_1_326' title='bbox 594 4668 853 4741; x_wconf 88' lang='grc' dir='ltr'>ἀλήθειάν</span> <span class='ocrx_word' id='word_1_327' title='bbox 882 4692 977 4728; x_wconf 90' lang='grc' dir='ltr'>σου</span> <span class='ocrx_word' id='word_1_328' title='bbox 999 4671 1051 4728; x_wconf 81' lang='grc' dir='ltr'>ἐν</span> <span class='ocrx_word' id='word_1_329' title='bbox 1081 4676 1152 4748; x_wconf 82' lang='grc' dir='ltr'>τῇ</span> <span class='ocrx_word' id='word_1_330' title='bbox 1177 4672 1429 4749; x_wconf 80' lang='grc' dir='ltr'>ἀπωλείᾳ</span> <span class='ocrx_word' id='word_1_331' title='bbox 1458 4696 1473 4747; x_wconf 86' lang='grc'><strong>;</strong></span> <span class='ocrx_word' id='word_1_332' title='bbox 1513 4700 1544 4732; x_wconf 88' lang='grc'><strong>››</strong></span> <span class='ocrx_word' id='word_1_333' title='bbox 1587 4710 1650 4721; x_wconf 82' lang='grc'><strong>--</strong></span> <span class='ocrx_word' id='word_1_334' title='bbox 1675 4678 1984 4736; x_wconf 83' lang='grc' dir='ltr'>Ἀπώλειαν</span> <span class='ocrx_word' id='word_1_335' title='bbox 2014 4687 2062 4752; x_wconf 88' lang='lat' dir='ltr'><strong>D</strong></span> 
     </span>
    </p>
   </div>
   <div class='ocr_carea' id='block_1_49' title="bbox 318 4755 1983 4846">
    <p class='ocr_par' dir='ltr' id='par_1_49' title="bbox 318 4755 1983 4846">
     <span class='ocr_line' id='line_1_49' title="bbox 318 4755 1983 4846; baseline 0.008 -34"><span class='ocrx_word' id='word_1_336' title='bbox 318 4755 412 4846; x_wconf 76' lang='grc' dir='ltr'>τὸν</span> <span class='ocrx_word' id='word_1_337' title='bbox 453 4757 622 4836; x_wconf 80' lang='grc' dir='ltr'>τάφον</span> <span class='ocrx_word' id='word_1_338' title='bbox 659 4759 962 4837; x_wconf 84' lang='grc' dir='ltr'>ὠνόμασεν,</span> <span class='ocrx_word' id='word_1_339' title='bbox 1007 4763 1082 4826; x_wconf 87' lang='grc' dir='ltr'>ὡς</span> <span class='ocrx_word' id='word_1_340' title='bbox 1120 4761 1171 4820; x_wconf 88' lang='grc' dir='ltr'>ἐν</span> <span class='ocrx_word' id='word_1_341' title='bbox 1213 4763 1361 4838; x_wconf 83' lang='grc' dir='ltr'>αὐτῷ</span> <span class='ocrx_word' id='word_1_342' title='bbox 1397 4763 1847 4846; x_wconf 83' lang='grc' dir='ltr'>διαφθειρομένου</span> <span class='ocrx_word' id='word_1_343' title='bbox 1884 4774 1983 4826; x_wconf 89' lang='grc' dir='ltr'>τοῦ</span> 
     </span>
    </p>
   </div>
   <div class='ocr_carea' id='block_1_50' title="bbox 321 4843 894 4926">
    <p class='ocr_par' dir='ltr' id='par_1_50' title="bbox 321 4843 894 4926">
     <span class='ocr_line' id='line_1_50' title="bbox 321 4843 894 4926; baseline 0.012 -27"><span class='ocrx_word' id='word_1_344' title='bbox 321 4843 635 4923; x_wconf 86' lang='grc' dir='ltr'>ἐγκειμένου</span> <span class='ocrx_word' id='word_1_345' title='bbox 671 4855 868 4926; x_wconf 81' lang='grc' dir='ltr'>νεκροῦ</span> <span class='ocrx_word' id='word_1_346' title='bbox 881 4892 894 4912; x_wconf 91' lang='grc'>.</span> 
     </span>
    </p>
   </div>
   <div class='ocr_carea' id='block_1_51' title="bbox 394 4937 1979 5021">
    <p class='ocr_par' dir='ltr' id='par_1_51' title="bbox 394 4937 1979 5021">
     <span class='ocr_line' id='line_1_51' title="bbox 394 4937 1979 5021; baseline 0.007 -30"><span class='ocrx_word' id='word_1_347' title='bbox 394 4959 424 4990; x_wconf 88' lang='grc'>‹‹</span> <span class='ocrx_word' id='word_1_348' title='bbox 453 4937 546 5006; x_wconf 78' lang='grc' dir='ltr'>Μὴ</span> <span class='ocrx_word' id='word_1_349' title='bbox 595 4939 964 5014; x_wconf 87' lang='grc' dir='ltr'>γνωσθήσεται</span> <span class='ocrx_word' id='word_1_350' title='bbox 1014 4939 1067 4995; x_wconf 83' lang='grc' dir='ltr'>ἐν</span> <span class='ocrx_word' id='word_1_351' title='bbox 1109 4945 1190 5015; x_wconf 79' lang='grc' dir='ltr'>τῷ</span> <span class='ocrx_word' id='word_1_352' title='bbox 1238 4943 1416 4999; x_wconf 86' lang='grc' dir='ltr'>σκότει</span> <span class='ocrx_word' id='word_1_353' title='bbox 1460 4946 1529 5000; x_wconf 81' lang='grc' dir='ltr'>τὰ</span> <span class='ocrx_word' id='word_1_354' title='bbox 1558 4946 1833 5021; x_wconf 90' lang='grc' dir='ltr'>θαυμάσιά</span> <span class='ocrx_word' id='word_1_355' title='bbox 1861 4968 1979 5017; x_wconf 88' lang='grc' dir='ltr'>σου,</span> 
     </span>
    </p>
   </div>
   <div class='ocr_carea' id='block_1_52' title="bbox 316 5023 1975 5108">
    <p class='ocr_par' dir='ltr' id='par_1_52' title="bbox 316 5023 1975 5108">
     <span class='ocr_line' id='line_1_52' title="bbox 316 5023 1975 5108; baseline 0.008 -29"><span class='ocrx_word' id='word_1_356' title='bbox 316 5026 409 5080; x_wconf 83' lang='grc' dir='ltr'>καὶ</span> <span class='ocrx_word' id='word_1_357' title='bbox 435 5028 471 5095; x_wconf 71' lang='grc' dir='ltr'><strong>ἡ</strong></span> <span class='ocrx_word' id='word_1_358' title='bbox 523 5023 835 5104; x_wconf 78' lang='grc' dir='ltr'>δικαιοσύνῃ</span> <span class='ocrx_word' id='word_1_359' title='bbox 881 5050 979 5085; x_wconf 93' lang='grc' dir='ltr'>σου</span> <span class='ocrx_word' id='word_1_360' title='bbox 1027 5030 1079 5086; x_wconf 73' lang='grc' dir='ltr'>ἐν</span> <span class='ocrx_word' id='word_1_361' title='bbox 1129 5034 1204 5108; x_wconf 78' lang='grc' dir='ltr'>γῇ</span> <span class='ocrx_word' id='word_1_362' title='bbox 1244 5031 1680 5107; x_wconf 77' lang='grc' dir='ltr'>ἒπιλελησμένη.</span> <span class='ocrx_word' id='word_1_363' title='bbox 1714 5057 1743 5087; x_wconf 85' lang='grc'><strong>››</strong></span> <span class='ocrx_word' id='word_1_364' title='bbox 1772 5068 1843 5079; x_wconf 87' lang='lat'>-—</span> <span class='ocrx_word' id='word_1_365' title='bbox 1872 5037 1975 5094; x_wconf 86' lang='grc' dir='ltr'>Τὸν</span> 
     </span>
    </p>
   </div>
   <div class='ocr_carea' id='block_1_53' title="bbox 318 5113 1975 5199">
    <p class='ocr_par' dir='ltr' id='par_1_53' title="bbox 318 5113 1975 5199">
     <span class='ocr_line' id='line_1_53' title="bbox 318 5113 1975 5199; baseline 0.008 -31"><span class='ocrx_word' id='word_1_366' title='bbox 318 5113 488 5191; x_wconf 82' lang='grc' dir='ltr'>τάφον</span> <span class='ocrx_word' id='word_1_367' title='bbox 548 5116 683 5193; x_wconf 87' lang='grc' dir='ltr'>φησί</span> <span class='ocrx_word' id='word_1_368' title='bbox 737 5116 831 5173; x_wconf 88' lang='grc' dir='ltr'>καὶ</span> <span class='ocrx_word' id='word_1_369' title='bbox 888 5117 1083 5183; x_wconf 89' lang='grc' dir='ltr'>σκότος</span> <span class='ocrx_word' id='word_1_370' title='bbox 1151 5121 1242 5176; x_wconf 77' lang='grc' dir='ltr'>καὶ</span> <span class='ocrx_word' id='word_1_371' title='bbox 1309 5129 1415 5198; x_wconf 83' lang='grc' dir='ltr'>γῆν</span> <span class='ocrx_word' id='word_1_372' title='bbox 1478 5122 1917 5199; x_wconf 77' lang='grc' dir='ltr'>έπιλελησμένην</span> <span class='ocrx_word' id='word_1_373' title='bbox 1959 5143 1975 5159; x_wconf 80' lang='lat'>&#39;</span> 
     </span>
    </p>
   </div>
   <div class='ocr_carea' id='block_1_54' title="bbox 317 5200 1975 5288">
    <p class='ocr_par' dir='ltr' id='par_1_54' title="bbox 317 5200 1975 5288">
     <span class='ocr_line' id='line_1_54' title="bbox 317 5200 1975 5288; baseline 0.008 -32"><span class='ocrx_word' id='word_1_374' title='bbox 317 5200 756 5288; x_wconf 62' lang='grc' dir='ltr'>ἐπιλανθάνονται</span> <span class='ocrx_word' id='word_1_375' title='bbox 811 5207 914 5284; x_wconf 81' lang='grc' dir='ltr'>γὰρ</span> <span class='ocrx_word' id='word_1_376' title='bbox 988 5207 1160 5280; x_wconf 78' lang='grc' dir='ltr'>αὐτῆς</span> <span class='ocrx_word' id='word_1_377' title='bbox 1199 5210 1250 5265; x_wconf 76' lang='grc' dir='ltr'>οἱ</span> <span class='ocrx_word' id='word_1_378' title='bbox 1297 5215 1492 5281; x_wconf 86' lang='grc' dir='ltr'>ζῶντες</span> <span class='ocrx_word' id='word_1_379' title='bbox 1525 5258 1540 5285; x_wconf 91' lang='grc'>,</span> <span class='ocrx_word' id='word_1_380' title='bbox 1606 5212 1681 5276; x_wconf 87' lang='grc' dir='ltr'>ὡς</span> <span class='ocrx_word' id='word_1_381' title='bbox 1718 5209 1975 5288; x_wconf 78' lang='grc' dir='ltr'>ἔμπλεων</span> 
     </span>
    </p>
   </div>
   <div class='ocr_carea' id='block_1_55' title="bbox 315 5287 634 5370">
    <p class='ocr_par' dir='ltr' id='par_1_55' title="bbox 315 5287 634 5370">
     <span class='ocr_line' id='line_1_55' title="bbox 315 5287 634 5370; baseline 0.016 -24"><span class='ocrx_word' id='word_1_382' title='bbox 315 5287 634 5370; x_wconf 78' lang='grc' dir='ltr'>διαφθορᾶς.</span> 
     </span>
    </p>
   </div>
   <div class='ocr_carea' id='block_1_56' title="bbox 391 5382 1975 5470">
    <p class='ocr_par' dir='ltr' id='par_1_56' title="bbox 391 5382 1975 5470">
     <span class='ocr_line' id='line_1_56' title="bbox 391 5382 1975 5470; baseline 0.01 -36"><span class='ocrx_word' id='word_1_383' title='bbox 391 5402 421 5433; x_wconf 89' lang='grc'>‹‹</span> <span class='ocrx_word' id='word_1_384' title='bbox 463 5382 628 5456; x_wconf 86' lang='grc' dir='ltr'>Κάγὼ</span> <span class='ocrx_word' id='word_1_385' title='bbox 666 5385 805 5460; x_wconf 86' lang='grc' dir='ltr'>πρὸς</span> <span class='ocrx_word' id='word_1_386' title='bbox 840 5386 917 5458; x_wconf 75' lang='grc' dir='ltr'>σὲ,</span> <span class='ocrx_word' id='word_1_387' title='bbox 978 5388 1168 5462; x_wconf 89' lang='grc' dir='ltr'>Κυριε,</span> <span class='ocrx_word' id='word_1_388' title='bbox 1230 5389 1509 5468; x_wconf 70' lang='grc' dir='ltr'>ἐκέκραξα,</span> <span class='ocrx_word' id='word_1_389' title='bbox 1565 5393 1657 5448; x_wconf 82' lang='grc' dir='ltr'>καὶ</span> <span class='ocrx_word' id='word_1_390' title='bbox 1712 5393 1776 5449; x_wconf 83' lang='grc' dir='ltr'>τὸ</span> <span class='ocrx_word' id='word_1_391' title='bbox 1826 5392 1975 5470; x_wconf 76' lang='grc' dir='ltr'>πρωΐ</span> 
     </span>
    </p>
   </div>
   <div class='ocr_carea' id='block_1_57' title="bbox 314 5471 1977 5558">
    <p class='ocr_par' dir='ltr' id='par_1_57' title="bbox 314 5471 1977 5558">
     <span class='ocr_line' id='line_1_57' title="bbox 314 5471 1977 5558; baseline 0.009 -34"><span class='ocrx_word' id='word_1_392' title='bbox 314 5471 351 5541; x_wconf 75' lang='grc' dir='ltr'>ἡ</span> <span class='ocrx_word' id='word_1_393' title='bbox 390 5473 674 5548; x_wconf 90' lang='grc' dir='ltr'>προσευχή</span> <span class='ocrx_word' id='word_1_394' title='bbox 706 5493 814 5547; x_wconf 90' lang='grc' dir='ltr'>μου</span> <span class='ocrx_word' id='word_1_395' title='bbox 832 5476 1130 5553; x_wconf 85' lang='grc' dir='ltr'>προφθάσει</span> <span class='ocrx_word' id='word_1_396' title='bbox 1172 5498 1249 5536; x_wconf 91' lang='grc' dir='ltr'>σε.</span> <span class='ocrx_word' id='word_1_397' title='bbox 1274 5502 1305 5531; x_wconf 82' lang='grc'><strong>››</strong></span> <span class='ocrx_word' id='word_1_398' title='bbox 1326 5513 1394 5523; x_wconf 88' lang='grc'><strong>-</strong></span> <span class='ocrx_word' id='word_1_399' title='bbox 1414 5482 1485 5536; x_wconf 86' lang='grc' dir='ltr'>Τὸ</span> <span class='ocrx_word' id='word_1_400' title='bbox 1506 5482 1657 5558; x_wconf 75' lang='grc' dir='ltr'>πρωῒ</span> <span class='ocrx_word' id='word_1_401' title='bbox 1692 5483 1786 5555; x_wconf 70' lang='grc' dir='ltr'>μὲν</span> <span class='ocrx_word' id='word_1_402' title='bbox 1809 5480 1977 5555; x_wconf 89' lang='grc' dir='ltr'>δηλοῖ</span> 
     </span>
    </p>
   </div>
   <div class='ocr_carea' id='block_1_58' title="bbox 313 5559 1899 5649">
    <p class='ocr_par' dir='ltr' id='par_1_58' title="bbox 313 5559 1899 5649">
     <span class='ocr_line' id='line_1_58' title="bbox 313 5559 1899 5649; baseline 0.01 -35"><span class='ocrx_word' id='word_1_403' title='bbox 313 5560 379 5615; x_wconf 85' lang='grc' dir='ltr'>τὸ</span> <span class='ocrx_word' id='word_1_404' title='bbox 396 5562 635 5638; x_wconf 78' lang='grc' dir='ltr'>ταχέωςο</span> <span class='ocrx_word' id='word_1_405' title='bbox 659 5561 735 5626; x_wconf 83' lang='grc' dir='ltr'>εἷς</span> <span class='ocrx_word' id='word_1_406' title='bbox 757 5559 892 5619; x_wconf 78' lang='grc' dir='ltr'>δὲτὸ</span> <span class='ocrx_word' id='word_1_407' title='bbox 912 5568 1211 5644; x_wconf 87' lang='grc' dir='ltr'>προφθάσει</span> <span class='ocrx_word' id='word_1_408' title='bbox 1230 5570 1529 5647; x_wconf 82' lang='grc' dir='ltr'>περιττεύει</span> <span class='ocrx_word' id='word_1_409' title='bbox 1551 5574 1587 5642; x_wconf 81' lang='grc' dir='ltr'><strong>ἡ</strong></span> <span class='ocrx_word' id='word_1_410' title='bbox 1627 5572 1899 5649; x_wconf 88' lang='grc' dir='ltr'>πρόθεσις.</span> 
     </span>
    </p>
   </div>
   <div class='ocr_carea' id='block_1_59' title="bbox 397 5666 1971 5757">
    <p class='ocr_par' dir='ltr' id='par_1_59' title="bbox 397 5666 1971 5757">
     <span class='ocr_line' id='line_1_59' title="bbox 397 5666 1971 5757; baseline 0.009 -35"><span class='ocrx_word' id='word_1_411' title='bbox 397 5689 426 5722; x_wconf 72' lang='grc' dir='ltr'>α</span> <span class='ocrx_word' id='word_1_412' title='bbox 453 5669 568 5757; x_wconf 82' lang='grc' dir='ltr'>Ἵνα</span> <span class='ocrx_word' id='word_1_413' title='bbox 620 5666 698 5742; x_wconf 91' lang='grc' dir='ltr'>τί,</span> <span class='ocrx_word' id='word_1_414' title='bbox 743 5668 939 5757; x_wconf 64' lang='grc' dir='ltr'>Κύριε,</span> <span class='ocrx_word' id='word_1_415' title='bbox 977 5670 1218 5739; x_wconf 88' lang='grc' dir='ltr'>ἀπωθεῖς</span> <span class='ocrx_word' id='word_1_416' title='bbox 1282 5677 1383 5747; x_wconf 77' lang='grc' dir='ltr'>τὴν</span> <span class='ocrx_word' id='word_1_417' title='bbox 1436 5679 1754 5757; x_wconf 82' lang='grc' dir='ltr'>προσευχήν</span> <span class='ocrx_word' id='word_1_418' title='bbox 1817 5700 1923 5753; x_wconf 88' lang='grc' dir='ltr'>μου</span> <span class='ocrx_word' id='word_1_419' title='bbox 1955 5725 1971 5754; x_wconf 93' lang='grc'>,</span> 
     </span>
    </p>
   </div>
   <div class='ocr_carea' id='block_1_60' title="bbox 316 5754 1974 5844">
    <p class='ocr_par' dir='ltr' id='par_1_60' title="bbox 316 5754 1974 5844">
     <span class='ocr_line' id='line_1_60' title="bbox 316 5754 1974 5844; baseline 0.008 -31"><span class='ocrx_word' id='word_1_420' title='bbox 316 5755 672 5838; x_wconf 81' lang='grc' dir='ltr'>ἀποστρέφεις</span> <span class='ocrx_word' id='word_1_421' title='bbox 720 5758 784 5816; x_wconf 89' lang='grc' dir='ltr'>τὸ</span> <span class='ocrx_word' id='word_1_422' title='bbox 829 5754 1127 5838; x_wconf 75' lang='grc' dir='ltr'>πρόσωπόν</span> <span class='ocrx_word' id='word_1_423' title='bbox 1173 5784 1272 5820; x_wconf 91' lang='grc' dir='ltr'>σου</span> <span class='ocrx_word' id='word_1_424' title='bbox 1321 5765 1413 5822; x_wconf 89' lang='grc' dir='ltr'>ἀπ’</span> <span class='ocrx_word' id='word_1_425' title='bbox 1460 5754 1615 5843; x_wconf 60' lang='grc' dir='ltr'>ἐμοῦ</span> <span class='ocrx_word' id='word_1_426' title='bbox 1713 5790 1745 5824; x_wconf 86' lang='lat'><strong><em>»</em></strong></span> <span class='ocrx_word' id='word_1_427' title='bbox 1797 5771 1974 5827; x_wconf 88' lang='grc' dir='ltr'>Ταῦτα</span> 
     </span>
    </p>
   </div>
   <div class='ocr_carea' id='block_1_61' title="bbox 1522 425 2500 494">
    <p class='ocr_par' dir='ltr' id='par_1_61' title="bbox 1522 425 2500 494">
     <span class='ocr_line' id='line_1_61' title="bbox 1522 425 2500 494; baseline -0.002 -2"><span class='ocrx_word' id='word_1_428' title='bbox 1522 428 1940 494; x_wconf 85' lang='lat' dir='ltr'>EXPOSITIO</span> <span class='ocrx_word' id='word_1_429' title='bbox 1980 425 2061 490; x_wconf 83' lang='lat' dir='ltr'><strong>IN</strong></span> <span class='ocrx_word' id='word_1_430' title='bbox 2106 427 2500 492; x_wconf 84' lang='lat' dir='ltr'>PSALMOS.</span> 
     </span>
    </p>
   </div>
   <div class='ocr_carea' id='block_1_62' title="bbox 944 556 3732 639">
    <p class='ocr_par' dir='ltr' id='par_1_62' title="bbox 944 556 3732 639">
     <span class='ocr_line' id='line_1_62' title="bbox 944 556 3732 639; baseline 0.002 -24"><span class='ocrx_word' id='word_1_431' title='bbox 944 584 969 615; x_wconf 69' lang='grc' dir='ltr'><strong><em>ι</em></strong></span> <span class='ocrx_word' id='word_1_432' title='bbox 1045 592 1116 603; x_wconf 92' lang='grc'><strong><em>-</em></strong></span> <span class='ocrx_word' id='word_1_433' title='bbox 1186 561 1285 623; x_wconf 87' lang='grc' dir='ltr'>Ἥς</span> <span class='ocrx_word' id='word_1_434' title='bbox 1367 563 1502 635; x_wconf 88' lang='grc' dir='ltr'>μετά</span> <span class='ocrx_word' id='word_1_435' title='bbox 1571 565 1677 617; x_wconf 90' lang='grc' dir='ltr'>τῶν</span> <span class='ocrx_word' id='word_1_436' title='bbox 1753 564 1957 637; x_wconf 82' lang='grc' dir='ltr'>νεκρῶν</span> <span class='ocrx_word' id='word_1_437' title='bbox 1991 563 2045 630; x_wconf 82' lang='grc' dir='ltr'><strong>Α</strong></span> <span class='ocrx_word' id='word_1_438' title='bbox 2076 559 2208 633; x_wconf 74' lang='grc' dir='ltr'>ὑπὲρ</span> <span class='ocrx_word' id='word_1_439' title='bbox 2235 561 2395 633; x_wconf 76' lang='grc' dir='ltr'>ἡμῶν</span> <span class='ocrx_word' id='word_1_440' title='bbox 2421 564 2531 616; x_wconf 90' lang='grc' dir='ltr'>τῶν</span> <span class='ocrx_word' id='word_1_441' title='bbox 2557 559 2682 637; x_wconf 86' lang='grc' dir='ltr'>πρὶν</span> <span class='ocrx_word' id='word_1_442' title='bbox 2734 556 3156 637; x_wconf 68' lang='grc' dir='ltr'>ἀπερριμμένων</span> <span class='ocrx_word' id='word_1_443' title='bbox 3185 558 3277 617; x_wconf 84' lang='grc' dir='ltr'>καὶ</span> <span class='ocrx_word' id='word_1_444' title='bbox 3316 558 3669 639; x_wconf 83' lang='grc' dir='ltr'>ὠργισμένων</span> <span class='ocrx_word' id='word_1_445' title='bbox 3701 561 3732 620; x_wconf 89' lang='lat'>6</span> 
     </span>
    </p>
   </div>
   <div class='ocr_carea' id='block_1_63' title="bbox 3575 427 3733 497">
    <p class='ocr_par' dir='ltr' id='par_1_63' title="bbox 3575 427 3733 497">
     <span class='ocr_line' id='line_1_63' title="bbox 3575 427 3733 497; baseline -0.025 0"><span class='ocrx_word' id='word_1_446' title='bbox 3575 427 3733 497; x_wconf 72' lang='grc'>1834</span> 
     </span>
    </p>
   </div>
   <div class='ocr_carea' id='block_1_64' title="bbox 2077 648 2535 727">
    <p class='ocr_par' dir='ltr' id='par_1_64' title="bbox 2077 648 2535 727">
     <span class='ocr_line' id='line_1_64' title="bbox 2077 648 2535 727; baseline 0.002 -23"><span class='ocrx_word' id='word_1_447' title='bbox 2077 648 2352 719; x_wconf 89' lang='grc' dir='ltr'>Δεσπότης</span> <span class='ocrx_word' id='word_1_448' title='bbox 2383 670 2455 727; x_wconf 84' lang='grc' dir='ltr'>φη</span> <span class='ocrx_word' id='word_1_449' title='bbox 2464 648 2535 706; x_wconf 89' lang='grc' dir='ltr'>σί,</span> 
     </span>
    </p>
   </div>
   <div class='ocr_carea' id='block_1_65' title="bbox 2141 734 3732 815">
    <p class='ocr_par' dir='ltr' id='par_1_65' title="bbox 2141 734 3732 815">
     <span class='ocr_line' id='line_1_65' title="bbox 2141 734 3732 815; baseline 0.003 -23"><span class='ocrx_word' id='word_1_450' title='bbox 2141 734 2179 789; x_wconf 81' lang='grc'>’‹‹</span> <span class='ocrx_word' id='word_1_451' title='bbox 2210 738 2446 814; x_wconf 82' lang='grc' dir='ltr'>Πτωχός</span> <span class='ocrx_word' id='word_1_452' title='bbox 2506 738 2622 812; x_wconf 88' lang='grc' dir='ltr'>εἰμι</span> <span class='ocrx_word' id='word_1_453' title='bbox 2676 738 2782 815; x_wconf 85' lang='grc' dir='ltr'>ἐγὼ</span> <span class='ocrx_word' id='word_1_454' title='bbox 2839 737 2929 795; x_wconf 84' lang='grc' dir='ltr'>καὶ</span> <span class='ocrx_word' id='word_1_455' title='bbox 2996 738 3049 794; x_wconf 84' lang='grc' dir='ltr'>έν</span> <span class='ocrx_word' id='word_1_456' title='bbox 3107 736 3300 803; x_wconf 89' lang='grc' dir='ltr'>κόποις</span> <span class='ocrx_word' id='word_1_457' title='bbox 3357 738 3419 796; x_wconf 87' lang='grc' dir='ltr'>ἐκ</span> <span class='ocrx_word' id='word_1_458' title='bbox 3475 739 3732 812; x_wconf 87' lang='grc' dir='ltr'>νεότητός</span> 
     </span>
    </p>
   </div>
   <div class='ocr_carea' id='block_1_66' title="bbox 2081 826 3730 905">
    <p class='ocr_par' dir='ltr' id='par_1_66' title="bbox 2081 826 3730 905">
     <span class='ocr_line' id='line_1_66' title="bbox 2081 826 3730 905; baseline 0.002 -24"><span class='ocrx_word' id='word_1_459' title='bbox 2081 847 2212 900; x_wconf 86' lang='grc' dir='ltr'>μου.</span> <span class='ocrx_word' id='word_1_460' title='bbox 2249 850 2279 880; x_wconf 82' lang='grc'><strong>››</strong></span> <span class='ocrx_word' id='word_1_461' title='bbox 2317 860 2387 869; x_wconf 89' lang='lat'>——</span> <span class='ocrx_word' id='word_1_462' title='bbox 2441 826 2607 883; x_wconf 88' lang='grc' dir='ltr'>Τόσον</span> <span class='ocrx_word' id='word_1_463' title='bbox 2665 828 2767 904; x_wconf 84' lang='grc' dir='ltr'>γὰρ</span> <span class='ocrx_word' id='word_1_464' title='bbox 2825 828 2893 897; x_wconf 80' lang='grc' dir='ltr'>ἦν</span> <span class='ocrx_word' id='word_1_465' title='bbox 2952 826 3120 898; x_wconf 86' lang='grc' dir='ltr'>πένης</span> <span class='ocrx_word' id='word_1_466' title='bbox 3175 828 3204 882; x_wconf 88' lang='lat'>6</span> <span class='ocrx_word' id='word_1_467' title='bbox 3260 826 3459 905; x_wconf 85' lang='grc' dir='ltr'>Κύριος</span> <span class='ocrx_word' id='word_1_468' title='bbox 3514 829 3590 892; x_wconf 87' lang='grc' dir='ltr'>ὡς</span> <span class='ocrx_word' id='word_1_469' title='bbox 3653 829 3730 905; x_wconf 73' lang='grc' dir='ltr'>μὴ</span> 
     </span>
    </p>
   </div>
   <div class='ocr_carea' id='block_1_67' title="bbox 2077 911 3731 995">
    <p class='ocr_par' dir='ltr' id='par_1_67' title="bbox 2077 911 3731 995">
     <span class='ocr_line' id='line_1_67' title="bbox 2077 911 3731 995; baseline 0.002 -24"><span class='ocrx_word' id='word_1_470' title='bbox 2077 911 2226 992; x_wconf 80' lang='grc' dir='ltr'>ἔχειν</span> <span class='ocrx_word' id='word_1_471' title='bbox 2281 917 2380 986; x_wconf 75' lang='grc' dir='ltr'>τὴν</span> <span class='ocrx_word' id='word_1_472' title='bbox 2440 915 2685 995; x_wconf 78' lang='grc' dir='ltr'>κεφαλήν</span> <span class='ocrx_word' id='word_1_473' title='bbox 2742 921 2850 972; x_wconf 84' lang='grc' dir='ltr'>ποῦ</span> <span class='ocrx_word' id='word_1_474' title='bbox 2901 914 3126 989; x_wconf 88' lang='grc' dir='ltr'>κλίνειν,</span> <span class='ocrx_word' id='word_1_475' title='bbox 3183 917 3272 972; x_wconf 84' lang='grc' dir='ltr'>καὶ</span> <span class='ocrx_word' id='word_1_476' title='bbox 3330 916 3502 981; x_wconf 67' lang='grc' dir='ltr'>οὕτως</span> <span class='ocrx_word' id='word_1_477' title='bbox 3559 919 3627 989; x_wconf 83' lang='grc' dir='ltr'>ἣν</span> <span class='ocrx_word' id='word_1_478' title='bbox 3677 917 3731 974; x_wconf 84' lang='grc' dir='ltr'>ἐν</span> 
     </span>
    </p>
   </div>
   <div class='ocr_carea' id='block_1_68' title="bbox 2077 1003 3735 1082">
    <p class='ocr_par' dir='ltr' id='par_1_68' title="bbox 2077 1003 3735 1082">
     <span class='ocr_line' id='line_1_68' title="bbox 2077 1003 3735 1082; baseline 0.002 -22"><span class='ocrx_word' id='word_1_479' title='bbox 2077 1005 2271 1068; x_wconf 87' lang='grc' dir='ltr'>κόποις</span> <span class='ocrx_word' id='word_1_480' title='bbox 2330 1005 2382 1077; x_wconf 84' lang='grc' dir='ltr'>ἐξ</span> <span class='ocrx_word' id='word_1_481' title='bbox 2440 1005 2608 1076; x_wconf 80' lang='grc' dir='ltr'>αὐτῆς</span> <span class='ocrx_word' id='word_1_482' title='bbox 2664 1011 2765 1075; x_wconf 86' lang='grc' dir='ltr'>τῆς</span> <span class='ocrx_word' id='word_1_483' title='bbox 2821 1003 2951 1082; x_wconf 80' lang='grc' dir='ltr'>ἄγαν</span> <span class='ocrx_word' id='word_1_484' title='bbox 3008 1005 3288 1077; x_wconf 91' lang='grc' dir='ltr'>νεότητος,</span> <span class='ocrx_word' id='word_1_485' title='bbox 3349 1006 3426 1069; x_wconf 86' lang='grc' dir='ltr'>ὡς</span> <span class='ocrx_word' id='word_1_486' title='bbox 3478 1005 3530 1078; x_wconf 78' lang='grc' dir='ltr'>ἐξ</span> <span class='ocrx_word' id='word_1_487' title='bbox 3561 1006 3735 1064; x_wconf 78' lang='grc' dir='ltr'>αὐτῶν</span> 
     </span>
    </p>
   </div>
   <div class='ocr_carea' id='block_1_69' title="bbox 2080 1090 3740 1171">
    <p class='ocr_par' dir='ltr' id='par_1_69' title="bbox 2080 1090 3740 1171">
     <span class='ocr_line' id='line_1_69' title="bbox 2080 1090 3740 1171; baseline 0.002 -22"><span class='ocrx_word' id='word_1_488' title='bbox 2080 1096 2402 1171; x_wconf 87' lang='grc' dir='ltr'>σπαργάνων</span> <span class='ocrx_word' id='word_1_489' title='bbox 2431 1090 2924 1169; x_wconf 80' lang='grc' dir='ltr'>ἐπιϐουλευόμενός</span> <span class='ocrx_word' id='word_1_490' title='bbox 2950 1116 3010 1151; x_wconf 89' lang='grc' dir='ltr'>τε</span> <span class='ocrx_word' id='word_1_491' title='bbox 3039 1094 3130 1150; x_wconf 88' lang='grc' dir='ltr'>καὶ</span> <span class='ocrx_word' id='word_1_492' title='bbox 3162 1093 3500 1169; x_wconf 89' lang='grc' dir='ltr'>διωκόμενος</span> <span class='ocrx_word' id='word_1_493' title='bbox 3549 1094 3740 1153; x_wconf 90' lang='grc' dir='ltr'>διόλου</span> 
     </span>
    </p>
   </div>
   <div class='ocr_carea' id='block_1_70' title="bbox 2077 1181 2468 1261">
    <p class='ocr_par' dir='ltr' id='par_1_70' title="bbox 2077 1181 2468 1261">
     <span class='ocr_line' id='line_1_70' title="bbox 2077 1181 2468 1261; baseline 0.005 -23"><span class='ocrx_word' id='word_1_494' title='bbox 2077 1181 2468 1261; x_wconf 90' lang='grc' dir='ltr'>ταλαιπωρῶν.</span> 
     </span>
    </p>
   </div>
   <div class='ocr_carea' id='block_1_71' title="bbox 2152 1272 3739 1349">
    <p class='ocr_par' dir='ltr' id='par_1_71' title="bbox 2152 1272 3739 1349">
     <span class='ocr_line' id='line_1_71' title="bbox 2152 1272 3739 1349; baseline 0.004 -24"><span class='ocrx_word' id='word_1_495' title='bbox 2152 1296 2182 1325; x_wconf 90' lang='grc'>‹‹</span> <span class='ocrx_word' id='word_1_496' title='bbox 2215 1273 2476 1347; x_wconf 82' lang='grc' dir='ltr'>Ὑψωθείς</span> <span class='ocrx_word' id='word_1_497' title='bbox 2537 1272 2596 1328; x_wconf 78' lang='grc' dir='ltr'>δὲ</span> <span class='ocrx_word' id='word_1_498' title='bbox 2642 1272 3034 1345; x_wconf 83' lang='grc' dir='ltr'>ἐταπεινώθην.</span> <span class='ocrx_word' id='word_1_499' title='bbox 3099 1297 3121 1325; x_wconf 74' lang='grc' dir='ltr'>υ</span> <span class='ocrx_word' id='word_1_500' title='bbox 3184 1306 3255 1316; x_wconf 92' lang='grc'><strong><em>-</em></strong></span> <span class='ocrx_word' id='word_1_501' title='bbox 3308 1277 3550 1349; x_wconf 79' lang='grc' dir='ltr'>’Ύψωσιν</span> <span class='ocrx_word' id='word_1_502' title='bbox 3608 1295 3739 1346; x_wconf 85' lang='grc' dir='ltr'>νοη-</span> 
     </span>
    </p>
   </div>
   <div class='ocr_carea' id='block_1_72' title="bbox 2078 1360 3739 1440">
    <p class='ocr_par' dir='ltr' id='par_1_72' title="bbox 2078 1360 3739 1440">
     <span class='ocr_line' id='line_1_72' title="bbox 2078 1360 3739 1440; baseline 0.002 -23"><span class='ocrx_word' id='word_1_503' title='bbox 2078 1360 2198 1417; x_wconf 88' lang='grc' dir='ltr'>τέον</span> <span class='ocrx_word' id='word_1_504' title='bbox 2232 1362 2292 1417; x_wconf 79' lang='grc' dir='ltr'>ἐκ</span> <span class='ocrx_word' id='word_1_505' title='bbox 2322 1367 2431 1417; x_wconf 88' lang='grc' dir='ltr'>τῶν</span> <span class='ocrx_word' id='word_1_506' title='bbox 2490 1363 2779 1436; x_wconf 86' lang='grc' dir='ltr'>θαυμάτων</span> <span class='ocrx_word' id='word_1_507' title='bbox 2827 1362 2918 1418; x_wconf 79' lang='grc' dir='ltr'>καὶ</span> <span class='ocrx_word' id='word_1_508' title='bbox 2966 1364 3065 1433; x_wconf 82' lang='grc' dir='ltr'>τήν</span> <span class='ocrx_word' id='word_1_509' title='bbox 3107 1361 3196 1418; x_wconf 82' lang='grc' dir='ltr'>ἐπὶ</span> <span class='ocrx_word' id='word_1_510' title='bbox 3229 1367 3502 1440; x_wconf 58' lang='grc' dir='ltr'>’σταυροῦο</span> <span class='ocrx_word' id='word_1_511' title='bbox 3549 1362 3739 1420; x_wconf 84' lang='grc' dir='ltr'>ταπεί-</span> 
     </span>
    </p>
   </div>
   <div class='ocr_carea' id='block_1_73' title="bbox 2080 1448 3739 1535">
    <p class='ocr_par' dir='ltr' id='par_1_73' title="bbox 2080 1448 3739 1535">
     <span class='ocr_line' id='line_1_73' title="bbox 2080 1448 3739 1535; baseline 0.002 -30"><span class='ocrx_word' id='word_1_512' title='bbox 2080 1469 2243 1505; x_wconf 90' lang='grc' dir='ltr'>νωσιν</span> <span class='ocrx_word' id='word_1_513' title='bbox 2275 1452 2375 1520; x_wconf 81' lang='grc' dir='ltr'>τήν</span> <span class='ocrx_word' id='word_1_514' title='bbox 2403 1451 2464 1506; x_wconf 86' lang='grc' dir='ltr'>ἐκ</span> <span class='ocrx_word' id='word_1_515' title='bbox 2486 1457 2594 1506; x_wconf 89' lang='grc' dir='ltr'>τῶν</span> <span class='ocrx_word' id='word_1_516' title='bbox 2625 1451 2955 1535; x_wconf 77' lang='grc' dir='ltr'>ἐμπαιγμῶν</span> <span class='ocrx_word' id='word_1_517' title='bbox 2982 1450 3073 1507; x_wconf 88' lang='grc' dir='ltr'>καὶ</span> <span class='ocrx_word' id='word_1_518' title='bbox 3104 1448 3419 1530; x_wconf 79' lang='grc' dir='ltr'>λοιδοριῶν,</span> <span class='ocrx_word' id='word_1_519' title='bbox 3450 1450 3541 1508; x_wconf 78' lang='grc' dir='ltr'>καὶ</span> <span class='ocrx_word' id='word_1_520' title='bbox 3571 1451 3739 1523; x_wconf 78' lang='grc' dir='ltr'>αὐτὴν</span> 
     </span>
    </p>
   </div>
   <div class='ocr_carea' id='block_1_74' title="bbox 2078 1539 2980 1620">
    <p class='ocr_par' dir='ltr' id='par_1_74' title="bbox 2078 1539 2980 1620">
     <span class='ocr_line' id='line_1_74' title="bbox 2078 1539 2980 1620; baseline 0.006 -27"><span class='ocrx_word' id='word_1_521' title='bbox 2078 1539 2180 1608; x_wconf 81' lang='grc' dir='ltr'>τὴν</span> <span class='ocrx_word' id='word_1_522' title='bbox 2212 1540 2379 1616; x_wconf 89' lang='grc' dir='ltr'>μέχρι</span> <span class='ocrx_word' id='word_1_523' title='bbox 2411 1539 2640 1604; x_wconf 87' lang='grc' dir='ltr'>θανάτου</span> <span class='ocrx_word' id='word_1_524' title='bbox 2667 1540 2759 1596; x_wconf 79' lang='grc' dir='ltr'>καὶ</span> <span class='ocrx_word' id='word_1_525' title='bbox 2784 1543 2980 1620; x_wconf 86' lang='grc' dir='ltr'>ταφῆς.</span> 
     </span>
    </p>
   </div>
   <div class='ocr_carea' id='block_1_75' title="bbox 2156 1628 3745 1708">
    <p class='ocr_par' dir='ltr' id='par_1_75' title="bbox 2156 1628 3745 1708">
     <span class='ocr_line' id='line_1_75' title="bbox 2156 1628 3745 1708; baseline 0.003 -26"><span class='ocrx_word' id='word_1_526' title='bbox 2156 1651 2185 1681; x_wconf 86' lang='grc'>‹‹</span> <span class='ocrx_word' id='word_1_527' title='bbox 2215 1630 2314 1684; x_wconf 81' lang='grc' dir='ltr'>Καὶ</span> <span class='ocrx_word' id='word_1_528' title='bbox 2347 1628 2718 1705; x_wconf 82' lang='grc' dir='ltr'>ἐξηπορήθην.</span> <span class='ocrx_word' id='word_1_529' title='bbox 2752 1653 2783 1683; x_wconf 84' lang='grc'>››</span> <span class='ocrx_word' id='word_1_530' title='bbox 2812 1664 2882 1673; x_wconf 91' lang='grc'>--</span> <span class='ocrx_word' id='word_1_531' title='bbox 2930 1629 3067 1701; x_wconf 83' lang='grc' dir='ltr'>Δόξα</span> <span class='ocrx_word' id='word_1_532' title='bbox 3109 1631 3183 1704; x_wconf 72' lang='lat'>(7)</span> <span class='ocrx_word' id='word_1_533' title='bbox 3234 1629 3325 1686; x_wconf 85' lang='grc' dir='ltr'>καὶ</span> <span class='ocrx_word' id='word_1_534' title='bbox 3374 1631 3579 1708; x_wconf 82' lang='grc' dir='ltr'>ἄπορος</span> <span class='ocrx_word' id='word_1_535' title='bbox 3612 1632 3745 1708; x_wconf 88' lang='grc' dir='ltr'>βοη-</span> 
     </span>
    </p>
   </div>
   <div class='ocr_carea' id='block_1_76' title="bbox 2081 1715 3741 1799">
    <p class='ocr_par' dir='ltr' id='par_1_76' title="bbox 2081 1715 3741 1799">
     <span class='ocr_line' id='line_1_76' title="bbox 2081 1715 3741 1799; baseline 0.002 -27"><span class='ocrx_word' id='word_1_536' title='bbox 2081 1715 2342 1781; x_wconf 87' lang='grc' dir='ltr'>θείας·διὸ</span> <span class='ocrx_word' id='word_1_537' title='bbox 2397 1719 2488 1774; x_wconf 85' lang='grc' dir='ltr'>καὶ</span> <span class='ocrx_word' id='word_1_538' title='bbox 2546 1716 2773 1795; x_wconf 56' lang='grc' dir='ltr'>ἔλεγον</span> <span class='ocrx_word' id='word_1_539' title='bbox 2843 1741 2871 1775; x_wconf 76' lang='grc' dir='ltr'>ι</span> <span class='ocrx_word' id='word_1_540' title='bbox 2923 1721 3095 1799; x_wconf 81' lang='grc' dir='ltr'>Ἀφες</span> <span class='ocrx_word' id='word_1_541' title='bbox 3163 1715 3366 1794; x_wconf 64' lang='grc' dir='ltr'>ἴδωμεν</span> <span class='ocrx_word' id='word_1_542' title='bbox 3422 1719 3470 1776; x_wconf 80' lang='grc' dir='ltr'>εἰ</span> <span class='ocrx_word' id='word_1_543' title='bbox 3521 1718 3741 1799; x_wconf 80' lang='grc' dir='ltr'>ἔρχεται</span> 
     </span>
    </p>
   </div>
   <div class='ocr_carea' id='block_1_77' title="bbox 2083 1806 2765 1870">
    <p class='ocr_par' dir='ltr' id='par_1_77' title="bbox 2083 1806 2765 1870">
     <span class='ocr_line' id='line_1_77' title="bbox 2083 1806 2765 1870; baseline -0.001 -8"><span class='ocrx_word' id='word_1_544' title='bbox 2083 1806 2274 1870; x_wconf 89' lang='grc' dir='ltr'>Ἠλίας</span> <span class='ocrx_word' id='word_1_545' title='bbox 2302 1808 2491 1863; x_wconf 83' lang='grc' dir='ltr'>σώσων</span> <span class='ocrx_word' id='word_1_546' title='bbox 2521 1808 2703 1866; x_wconf 80' lang='grc' dir='ltr'>αὐτόν.</span> <span class='ocrx_word' id='word_1_547' title='bbox 2736 1834 2765 1861; x_wconf 88' lang='grc'><strong>››</strong></span> 
     </span>
    </p>
   </div>
   <div class='ocr_carea' id='block_1_78' title="bbox 1097 1892 3742 2003">
    <p class='ocr_par' dir='ltr' id='par_1_78' title="bbox 1097 1892 3742 2003">
     <span class='ocr_line' id='line_1_78' title="bbox 1097 1892 3742 2003; baseline 0.002 -53"><span class='ocrx_word' id='word_1_548' title='bbox 1097 1928 1167 1940; x_wconf 94' lang='grc'><strong>-</strong></span> <span class='ocrx_word' id='word_1_549' title='bbox 1214 1896 1523 2003; x_wconf 34' lang='grc' dir='ltr'>Τὸνὶτάφον</span> <span class='ocrx_word' id='word_1_550' title='bbox 1578 1899 1711 2003; x_wconf 59' lang='grc' dir='ltr'>φησί</span> <span class='ocrx_word' id='word_1_551' title='bbox 1771 1899 1969 2003; x_wconf 75' lang='grc' dir='ltr'>λάκκρν</span> <span class='ocrx_word' id='word_1_552' title='bbox 2006 1936 2055 2003; x_wconf 80' lang='grc' dir='ltr'><strong>Β</strong></span> <span class='ocrx_word' id='word_1_553' title='bbox 2158 1920 2187 1948; x_wconf 90' lang='grc'>‹‹</span> <span class='ocrx_word' id='word_1_554' title='bbox 2218 1896 2334 2003; x_wconf 52' lang='grc' dir='ltr'>Ἐπ’</span> <span class='ocrx_word' id='word_1_555' title='bbox 2362 1896 2508 2003; x_wconf 42' lang='grc' dir='ltr'>,ἐμὲ</span> <span class='ocrx_word' id='word_1_556' title='bbox 2548 1895 2774 1968; x_wconf 77' lang='grc' dir='ltr'>διῆλθον</span> <span class='ocrx_word' id='word_1_557' title='bbox 2825 1899 2883 1953; x_wconf 76' lang='grc' dir='ltr'>αἱ</span> <span class='ocrx_word' id='word_1_558' title='bbox 2930 1897 3252 2003; x_wconf 30' lang='grc' dir='ltr'>ὀργαίὶσου,</span> <span class='ocrx_word' id='word_1_559' title='bbox 3300 1898 3352 2003; x_wconf 71' lang='grc' dir='ltr'>οἱ</span> <span class='ocrx_word' id='word_1_560' title='bbox 3409 1892 3742 2003; x_wconf 78' lang='grc' dir='ltr'>φοϐερισμοί</span> 
     </span>
    </p>
   </div>
   <div class='ocr_carea' id='block_1_79' title="bbox 2088 1985 3743 2065">
    <p class='ocr_par' dir='ltr' id='par_1_79' title="bbox 2088 1985 3743 2065">
     <span class='ocr_line' id='line_1_79' title="bbox 2088 1985 3743 2065; baseline 0.003 -26"><span class='ocrx_word' id='word_1_561' title='bbox 2088 2006 2184 2040; x_wconf 90' lang='grc' dir='ltr'>σου</span> <span class='ocrx_word' id='word_1_562' title='bbox 2233 1985 2541 2063; x_wconf 79' lang='grc' dir='ltr'>ἐξετάραξάν</span> <span class='ocrx_word' id='word_1_563' title='bbox 2593 2009 2679 2062; x_wconf 89' lang='grc' dir='ltr'>με.</span> <span class='ocrx_word' id='word_1_564' title='bbox 2731 2011 2760 2041; x_wconf 88' lang='grc'><strong>››</strong></span> <span class='ocrx_word' id='word_1_565' title='bbox 2787 2020 2858 2030; x_wconf 92' lang='grc'>--</span> <span class='ocrx_word' id='word_1_566' title='bbox 2903 1987 3007 2051; x_wconf 82' lang='grc' dir='ltr'>Τὰς</span> <span class='ocrx_word' id='word_1_567' title='bbox 3057 1986 3158 2065; x_wconf 80' lang='grc' dir='ltr'>γὰρ</span> <span class='ocrx_word' id='word_1_568' title='bbox 3206 1988 3344 2044; x_wconf 85' lang='grc' dir='ltr'>κατὰ</span> <span class='ocrx_word' id='word_1_569' title='bbox 3386 1994 3488 2058; x_wconf 84' lang='grc' dir='ltr'>τῆς</span> <span class='ocrx_word' id='word_1_570' title='bbox 3536 1988 3743 2063; x_wconf 85' lang='grc' dir='ltr'>ἀνθρω-</span> 
     </span>
    </p>
   </div>
   <div class='ocr_carea' id='block_1_80' title="bbox 2086 2073 3745 2155">
    <p class='ocr_par' dir='ltr' id='par_1_80' title="bbox 2086 2073 3745 2155">
     <span class='ocr_line' id='line_1_80' title="bbox 2086 2073 3745 2155; baseline 0.003 -27"><span class='ocrx_word' id='word_1_571' title='bbox 2086 2073 2326 2145; x_wconf 89' lang='grc' dir='ltr'>πότητος</span> <span class='ocrx_word' id='word_1_572' title='bbox 2378 2074 2722 2150; x_wconf 87' lang='grc' dir='ltr'>ἐπιτιμήσεις</span> <span class='ocrx_word' id='word_1_573' title='bbox 2769 2076 2859 2132; x_wconf 83' lang='grc' dir='ltr'>καὶ</span> <span class='ocrx_word' id='word_1_574' title='bbox 2907 2074 3135 2140; x_wconf 80' lang='grc' dir='ltr'>ἀπειλὰς</span> <span class='ocrx_word' id='word_1_575' title='bbox 3180 2075 3353 2150; x_wconf 86' lang='grc' dir='ltr'>ἐαυτῷ</span> <span class='ocrx_word' id='word_1_576' title='bbox 3382 2076 3745 2155; x_wconf 88' lang='grc' dir='ltr'>προσενέγκας</span> 
     </span>
    </p>
   </div>
   <div class='ocr_carea' id='block_1_81' title="bbox 2090 2161 2765 2237">
    <p class='ocr_par' dir='ltr' id='par_1_81' title="bbox 2090 2161 2765 2237">
     <span class='ocr_line' id='line_1_81' title="bbox 2090 2161 2765 2237; baseline 0.003 -19"><span class='ocrx_word' id='word_1_577' title='bbox 2090 2161 2182 2218; x_wconf 81' lang='grc' dir='ltr'>διὰ</span> <span class='ocrx_word' id='word_1_578' title='bbox 2208 2168 2393 2230; x_wconf 87' lang='grc' dir='ltr'>παθῶν</span> <span class='ocrx_word' id='word_1_579' title='bbox 2425 2163 2765 2237; x_wconf 84' lang='grc' dir='ltr'>κατεδέξατο.</span> 
     </span>
    </p>
   </div>
   <div class='ocr_carea' id='block_1_82' title="bbox 2168 2251 3747 2333">
    <p class='ocr_par' dir='ltr' id='par_1_82' title="bbox 2168 2251 3747 2333">
     <span class='ocr_line' id='line_1_82' title="bbox 2168 2251 3747 2333; baseline 0.003 -26"><span class='ocrx_word' id='word_1_580' title='bbox 2168 2276 2190 2305; x_wconf 79' lang='grc' dir='ltr'>ιι</span> <span class='ocrx_word' id='word_1_581' title='bbox 2223 2251 2571 2309; x_wconf 86' lang='grc' dir='ltr'>Ἐκύκλωσάν</span> <span class='ocrx_word' id='word_1_582' title='bbox 2623 2275 2691 2328; x_wconf 89' lang='grc' dir='ltr'>με</span> <span class='ocrx_word' id='word_1_583' title='bbox 2746 2253 2873 2310; x_wconf 79' lang='grc' dir='ltr'>ὡσεὶ</span> <span class='ocrx_word' id='word_1_584' title='bbox 2931 2252 3080 2332; x_wconf 81' lang='grc' dir='ltr'>ὕδωρ</span> <span class='ocrx_word' id='word_1_585' title='bbox 3114 2276 3128 2290; x_wconf 87' lang='grc'><strong>·</strong></span> <span class='ocrx_word' id='word_1_586' title='bbox 3187 2254 3327 2327; x_wconf 78' lang='grc' dir='ltr'>ὅλην</span> <span class='ocrx_word' id='word_1_587' title='bbox 3380 2254 3481 2325; x_wconf 83' lang='grc' dir='ltr'>τήν</span> <span class='ocrx_word' id='word_1_588' title='bbox 3534 2254 3747 2333; x_wconf 80' lang='grc' dir='ltr'>ἡμέραν</span> 
     </span>
    </p>
   </div>
   <div class='ocr_carea' id='block_1_83' title="bbox 2091 2341 3747 2419">
    <p class='ocr_par' dir='ltr' id='par_1_83' title="bbox 2091 2341 3747 2419">
     <span class='ocr_line' id='line_1_83' title="bbox 2091 2341 3747 2419; baseline 0.002 -22"><span class='ocrx_word' id='word_1_589' title='bbox 2091 2342 2384 2419; x_wconf 78' lang='grc' dir='ltr'>περιέσχον</span> <span class='ocrx_word' id='word_1_590' title='bbox 2442 2365 2510 2418; x_wconf 90' lang='grc' dir='ltr'>με</span> <span class='ocrx_word' id='word_1_591' title='bbox 2567 2345 2700 2417; x_wconf 81' lang='grc' dir='ltr'>ἅμα.</span> <span class='ocrx_word' id='word_1_592' title='bbox 2732 2367 2762 2397; x_wconf 86' lang='grc'>››</span> <span class='ocrx_word' id='word_1_593' title='bbox 2806 2376 2875 2388; x_wconf 92' lang='lat'><strong><em>—</em></strong></span> <span class='ocrx_word' id='word_1_594' title='bbox 2931 2345 2995 2399; x_wconf 75' lang='grc' dir='ltr'>Οἱ</span> <span class='ocrx_word' id='word_1_595' title='bbox 3049 2341 3304 2401; x_wconf 86' lang='grc' dir='ltr'>Ἰουδαῖοι</span> <span class='ocrx_word' id='word_1_596' title='bbox 3359 2343 3747 2419; x_wconf 79' lang='grc' dir='ltr'>κατακλυσμοῦ</span> 
     </span>
    </p>
   </div>
   <div class='ocr_carea' id='block_1_84' title="bbox 2093 2428 3747 2510">
    <p class='ocr_par' dir='ltr' id='par_1_84' title="bbox 2093 2428 3747 2510">
     <span class='ocr_line' id='line_1_84' title="bbox 2093 2428 3747 2510; baseline 0.003 -23"><span class='ocrx_word' id='word_1_597' title='bbox 2093 2428 2251 2503; x_wconf 82' lang='grc' dir='ltr'>δίκην</span> <span class='ocrx_word' id='word_1_598' title='bbox 2283 2432 2747 2510; x_wconf 88' lang='grc' dir='ltr'>περιεκύκλωσαν,</span> <span class='ocrx_word' id='word_1_599' title='bbox 2796 2434 2887 2489; x_wconf 87' lang='grc' dir='ltr'>καὶ</span> <span class='ocrx_word' id='word_1_600' title='bbox 2916 2430 3242 2509; x_wconf 81' lang='grc' dir='ltr'>περιέλαϐόν</span> <span class='ocrx_word' id='word_1_601' title='bbox 3268 2455 3336 2508; x_wconf 81' lang='grc' dir='ltr'>με</span> <span class='ocrx_word' id='word_1_602' title='bbox 3365 2434 3500 2508; x_wconf 87' lang='grc' dir='ltr'>ὁμοῖ</span> <span class='ocrx_word' id='word_1_603' title='bbox 3527 2435 3747 2498; x_wconf 86' lang='grc' dir='ltr'>πάντες.</span> 
     </span>
    </p>
   </div>
   <div class='ocr_carea' id='block_1_85' title="bbox 2090 2519 3115 2601">
    <p class='ocr_par' dir='ltr' id='par_1_85' title="bbox 2090 2519 3115 2601">
     <span class='ocr_line' id='line_1_85' title="bbox 2090 2519 3115 2601; baseline 0.003 -25"><span class='ocrx_word' id='word_1_604' title='bbox 2090 2521 2325 2598; x_wconf 72' lang='grc' dir='ltr'>Ἠμέραν</span> <span class='ocrx_word' id='word_1_605' title='bbox 2359 2519 2419 2576; x_wconf 72' lang='grc' dir='ltr'>δὲ</span> <span class='ocrx_word' id='word_1_606' title='bbox 2443 2523 2543 2592; x_wconf 78' lang='grc' dir='ltr'>τὴν</span> <span class='ocrx_word' id='word_1_607' title='bbox 2570 2527 2667 2578; x_wconf 89' lang='grc' dir='ltr'>τοῦ</span> <span class='ocrx_word' id='word_1_608' title='bbox 2695 2522 2898 2586; x_wconf 88' lang='grc' dir='ltr'>πάθους</span> <span class='ocrx_word' id='word_1_609' title='bbox 2930 2522 3115 2601; x_wconf 88' lang='grc' dir='ltr'>φησίν.</span> 
     </span>
    </p>
   </div>
   <div class='ocr_carea' id='block_1_86' title="bbox 2168 2610 3750 2692">
    <p class='ocr_par' dir='ltr' id='par_1_86' title="bbox 2168 2610 3750 2692">
     <span class='ocr_line' id='line_1_86' title="bbox 2168 2610 3750 2692; baseline 0.003 -28"><span class='ocrx_word' id='word_1_610' title='bbox 2168 2634 2197 2663; x_wconf 91' lang='grc'><em>‹‹</em></span> <span class='ocrx_word' id='word_1_611' title='bbox 2255 2610 2592 2688; x_wconf 88' lang='grc' dir='ltr'>Ἐμάκρυνας</span> <span class='ocrx_word' id='word_1_612' title='bbox 2651 2613 2742 2667; x_wconf 81' lang='grc' dir='ltr'>ἀπ’</span> <span class='ocrx_word' id='word_1_613' title='bbox 2797 2611 2934 2686; x_wconf 83' lang='grc' dir='ltr'>ἐμοῦ</span> <span class='ocrx_word' id='word_1_614' title='bbox 2998 2611 3159 2692; x_wconf 87' lang='grc' dir='ltr'>φίλον</span> <span class='ocrx_word' id='word_1_615' title='bbox 3218 2612 3308 2669; x_wconf 81' lang='grc' dir='ltr'>καὶ</span> <span class='ocrx_word' id='word_1_616' title='bbox 3364 2612 3601 2685; x_wconf 90' lang='grc' dir='ltr'>πλησίον</span> <span class='ocrx_word' id='word_1_617' title='bbox 3657 2613 3750 2669; x_wconf 81' lang='grc' dir='ltr'>καὶ</span> 
     </span>
    </p>
   </div>
   <div class='ocr_carea' id='block_1_87' title="bbox 2094 2700 3750 2780">
    <p class='ocr_par' dir='ltr' id='par_1_87' title="bbox 2094 2700 3750 2780">
     <span class='ocr_line' id='line_1_87' title="bbox 2094 2700 3750 2780; baseline 0.002 -25"><span class='ocrx_word' id='word_1_618' title='bbox 2094 2700 2222 2763; x_wconf 80' lang='grc' dir='ltr'>τοὺς</span> <span class='ocrx_word' id='word_1_619' title='bbox 2278 2700 2555 2776; x_wconf 90' lang='grc' dir='ltr'>γνωστούς</span> <span class='ocrx_word' id='word_1_620' title='bbox 2606 2722 2713 2775; x_wconf 87' lang='grc' dir='ltr'>μου</span> <span class='ocrx_word' id='word_1_621' title='bbox 2771 2702 2878 2757; x_wconf 83' lang='grc' dir='ltr'>ἀπὸ</span> <span class='ocrx_word' id='word_1_622' title='bbox 2933 2700 3333 2779; x_wconf 90' lang='grc' dir='ltr'>ταλαιπωρίας.</span> <span class='ocrx_word' id='word_1_623' title='bbox 3382 2727 3407 2758; x_wconf 71' lang='grc' dir='ltr'><strong><em>ι</em></strong></span> <span class='ocrx_word' id='word_1_624' title='bbox 3442 2736 3513 2746; x_wconf 95' lang='grc'><strong>-</strong></span> <span class='ocrx_word' id='word_1_625' title='bbox 3566 2708 3750 2780; x_wconf 90' lang='grc' dir='ltr'>Παρα-</span> 
     </span>
    </p>
   </div>
   <div class='ocr_carea' id='block_1_88' title="bbox 2096 2790 3193 2868">
    <p class='ocr_par' dir='ltr' id='par_1_88' title="bbox 2096 2790 3193 2868">
     <span class='ocr_line' id='line_1_88' title="bbox 2096 2790 3193 2868; baseline 0.003 -23"><span class='ocrx_word' id='word_1_626' title='bbox 2096 2791 2457 2868; x_wconf 88' lang='grc' dir='ltr'>χωρήσαντος</span> <span class='ocrx_word' id='word_1_627' title='bbox 2484 2790 2649 2847; x_wconf 90' lang='grc' dir='ltr'>τοῦτό</span> <span class='ocrx_word' id='word_1_628' title='bbox 2676 2812 2773 2846; x_wconf 91' lang='grc' dir='ltr'>σου</span> <span class='ocrx_word' id='word_1_629' title='bbox 2804 2791 3193 2865; x_wconf 79' lang='grc' dir='ltr'>οἰκονομικῶς.</span> 
     </span>
    </p>
   </div>
   <div class='ocr_carea' id='block_1_89' title="bbox 2694 2909 3162 2965">
    <p class='ocr_par' dir='ltr' id='par_1_89' title="bbox 2694 2909 3162 2965">
     <span class='ocr_line' id='line_1_89' title="bbox 2694 2909 3162 2965; baseline 0.004 -2"><span class='ocrx_word' id='word_1_630' title='bbox 2694 2912 2990 2965; x_wconf 83' lang='grc' dir='ltr'>ΨΑΛΜΟΣ</span> <span class='ocrx_word' id='word_1_631' title='bbox 3030 2909 3162 2965; x_wconf 88' lang='grc' dir='ltr'>ΠΗ’.</span> 
     </span>
    </p>
   </div>
   <div class='ocr_carea' id='block_1_90' title="bbox 2173 3004 3755 3083">
    <p class='ocr_par' dir='ltr' id='par_1_90' title="bbox 2173 3004 3755 3083">
     <span class='ocr_line' id='line_1_90' title="bbox 2173 3004 3755 3083; baseline 0.004 -27"><span class='ocrx_word' id='word_1_632' title='bbox 2173 3027 2202 3056; x_wconf 93' lang='grc'>‹‹</span> <span class='ocrx_word' id='word_1_633' title='bbox 2232 3004 2506 3069; x_wconf 86' lang='grc' dir='ltr'>Συνέσεως</span> <span class='ocrx_word' id='word_1_634' title='bbox 2553 3005 2739 3080; x_wconf 85' lang='grc' dir='ltr'>Αἰθάμ</span> <span class='ocrx_word' id='word_1_635' title='bbox 2782 3010 2863 3079; x_wconf 79' lang='grc' dir='ltr'>τῷ</span> <span class='ocrx_word' id='word_1_636' title='bbox 2911 3005 3248 3083; x_wconf 79' lang='grc' dir='ltr'>Ἰσραηλίτῃ.</span> <span class='ocrx_word' id='word_1_637' title='bbox 3281 3031 3311 3060; x_wconf 84' lang='grc'><strong>››</strong></span> <span class='ocrx_word' id='word_1_638' title='bbox 3357 3039 3427 3050; x_wconf 90' lang='grc'>--</span> <span class='ocrx_word' id='word_1_639' title='bbox 3476 3008 3755 3071; x_wconf 90' lang='grc' dir='ltr'>Συνέσεως</span> 
     </span>
    </p>
   </div>
   <div class='ocr_carea' id='block_1_91' title="bbox 2096 3088 3754 3172">
    <p class='ocr_par' dir='ltr' id='par_1_91' title="bbox 2096 3088 3754 3172">
     <span class='ocr_line' id='line_1_91' title="bbox 2096 3088 3754 3172; baseline 0.001 -24"><span class='ocrx_word' id='word_1_640' title='bbox 2096 3092 2306 3167; x_wconf 79' lang='grc' dir='ltr'>Αἰθάμ,</span> <span class='ocrx_word' id='word_1_641' title='bbox 2358 3096 2458 3163; x_wconf 88' lang='grc' dir='ltr'>τῆς</span> <span class='ocrx_word' id='word_1_642' title='bbox 2507 3092 2582 3156; x_wconf 82' lang='grc' dir='ltr'>εἷς</span> <span class='ocrx_word' id='word_1_643' title='bbox 2639 3088 2933 3150; x_wconf 79' lang='grc' dir='ltr'>Βαϐυλῶνα</span> <span class='ocrx_word' id='word_1_644' title='bbox 2979 3093 3202 3172; x_wconf 78' lang='grc' dir='ltr'>ἀγωγῆς</span> <span class='ocrx_word' id='word_1_645' title='bbox 3240 3097 3349 3149; x_wconf 90' lang='grc' dir='ltr'>τῶν</span> <span class='ocrx_word' id='word_1_646' title='bbox 3402 3091 3754 3172; x_wconf 67' lang='grc' dir='ltr'>αἰχμαλωτι-</span> 
     </span>
    </p>
   </div>
   <div class='ocr_carea' id='block_1_92' title="bbox 2098 3180 3430 3260">
    <p class='ocr_par' dir='ltr' id='par_1_92' title="bbox 2098 3180 3430 3260">
     <span class='ocr_line' id='line_1_92' title="bbox 2098 3180 3430 3260; baseline 0.002 -24"><span class='ocrx_word' id='word_1_647' title='bbox 2098 3180 2327 3238; x_wconf 86' lang='grc' dir='ltr'>σθέντων</span> <span class='ocrx_word' id='word_1_648' title='bbox 2356 3182 2447 3237; x_wconf 86' lang='grc' dir='ltr'>καὶ</span> <span class='ocrx_word' id='word_1_649' title='bbox 2476 3182 2601 3258; x_wconf 83' lang='grc' dir='ltr'>περὶ</span> <span class='ocrx_word' id='word_1_650' title='bbox 2620 3187 2718 3238; x_wconf 92' lang='grc' dir='ltr'>τοῦ</span> <span class='ocrx_word' id='word_1_651' title='bbox 2749 3187 2990 3257; x_wconf 88' lang='grc' dir='ltr'>Χριστοῦ</span> <span class='ocrx_word' id='word_1_652' title='bbox 3014 3182 3430 3260; x_wconf 88' lang='grc' dir='ltr'>προαγόρευσις.</span> 
     </span>
    </p>
   </div>
   <div class='ocr_carea' id='block_1_93' title="bbox 2178 3269 3755 3348">
    <p class='ocr_par' dir='ltr' id='par_1_93' title="bbox 2178 3269 3755 3348">
     <span class='ocr_line' id='line_1_93' title="bbox 2178 3269 3755 3348; baseline 0.002 -24"><span class='ocrx_word' id='word_1_653' title='bbox 2178 3270 2303 3326; x_wconf 78' lang='grc' dir='ltr'>«Τά</span> <span class='ocrx_word' id='word_1_654' title='bbox 2333 3269 2461 3342; x_wconf 86' lang='grc' dir='ltr'>ἐλέη</span> <span class='ocrx_word' id='word_1_655' title='bbox 2514 3293 2630 3344; x_wconf 89' lang='grc' dir='ltr'>σου,</span> <span class='ocrx_word' id='word_1_656' title='bbox 2682 3270 2865 3347; x_wconf 85' lang='grc' dir='ltr'>Κύριε,</span> <span class='ocrx_word' id='word_1_657' title='bbox 2915 3271 2994 3335; x_wconf 87' lang='grc' dir='ltr'>εἰς</span> <span class='ocrx_word' id='word_1_658' title='bbox 3037 3272 3131 3329; x_wconf 87' lang='grc' dir='ltr'>τὸν</span> <span class='ocrx_word' id='word_1_659' title='bbox 3181 3271 3353 3328; x_wconf 80' lang='grc' dir='ltr'>αἰῶνα</span> <span class='ocrx_word' id='word_1_660' title='bbox 3399 3269 3625 3348; x_wconf 76' lang='grc' dir='ltr'>ᾄσομαι,</span> <span class='ocrx_word' id='word_1_661' title='bbox 3676 3273 3755 3336; x_wconf 91' lang='grc' dir='ltr'>εἰς</span> 
     </span>
    </p>
   </div>
   <div class='ocr_carea' id='block_1_94' title="bbox 2098 3358 3752 3439">
    <p class='ocr_par' dir='ltr' id='par_1_94' title="bbox 2098 3358 3752 3439">
     <span class='ocr_line' id='line_1_94' title="bbox 2098 3358 3752 3439; baseline 0.001 -24"><span class='ocrx_word' id='word_1_662' title='bbox 2098 3361 2282 3437; x_wconf 79' lang='grc' dir='ltr'>γενεὰν</span> <span class='ocrx_word' id='word_1_663' title='bbox 2337 3359 2428 3416; x_wconf 85' lang='grc' dir='ltr'>καὶ</span> <span class='ocrx_word' id='word_1_664' title='bbox 2483 3360 2666 3439; x_wconf 71' lang='grc' dir='ltr'>γενεὰν</span> <span class='ocrx_word' id='word_1_665' title='bbox 2727 3360 3023 3439; x_wconf 85' lang='grc' dir='ltr'>ἀπαγγελῶ</span> <span class='ocrx_word' id='word_1_666' title='bbox 3078 3363 3179 3432; x_wconf 77' lang='grc' dir='ltr'>τὴν</span> <span class='ocrx_word' id='word_1_667' title='bbox 3241 3358 3502 3433; x_wconf 85' lang='grc' dir='ltr'>ἀλήθειάν</span> <span class='ocrx_word' id='word_1_668' title='bbox 3554 3382 3650 3419; x_wconf 88' lang='grc' dir='ltr'>σου</span> <span class='ocrx_word' id='word_1_669' title='bbox 3698 3359 3752 3419; x_wconf 87' lang='grc' dir='ltr'>ἐν</span> 
     </span>
    </p>
   </div>
   <div class='ocr_carea' id='block_1_95' title="bbox 2094 3447 3756 3529">
    <p class='ocr_par' dir='ltr' id='par_1_95' title="bbox 2094 3447 3756 3529">
     <span class='ocr_line' id='line_1_95' title="bbox 2094 3447 3756 3529; baseline 0.001 -26"><span class='ocrx_word' id='word_1_670' title='bbox 2094 3447 2176 3522; x_wconf 81' lang='grc' dir='ltr'>τῷ</span> <span class='ocrx_word' id='word_1_671' title='bbox 2231 3448 2462 3524; x_wconf 87' lang='grc' dir='ltr'>στόματί</span> <span class='ocrx_word' id='word_1_672' title='bbox 2509 3470 2634 3523; x_wconf 90' lang='grc' dir='ltr'>μου.</span> <span class='ocrx_word' id='word_1_673' title='bbox 2670 3473 2699 3501; x_wconf 88' lang='grc'>››</span> <span class='ocrx_word' id='word_1_674' title='bbox 2724 3482 2796 3494; x_wconf 90' lang='grc'><strong><em>-</em></strong></span> <span class='ocrx_word' id='word_1_675' title='bbox 2824 3450 2987 3522; x_wconf 81' lang='grc' dir='ltr'>ἘΑέη</span> <span class='ocrx_word' id='word_1_676' title='bbox 3037 3454 3173 3507; x_wconf 86' lang='grc' dir='ltr'>Θεοῦ</span> <span class='ocrx_word' id='word_1_677' title='bbox 3202 3450 3293 3506; x_wconf 84' lang='grc' dir='ltr'>καὶ</span> <span class='ocrx_word' id='word_1_678' title='bbox 3330 3447 3592 3522; x_wconf 89' lang='grc' dir='ltr'>ἀλήθειάν</span> <span class='ocrx_word' id='word_1_679' title='bbox 3621 3472 3756 3529; x_wconf 87' lang='grc' dir='ltr'>φησι</span> 
     </span>
    </p>
   </div>
   <div class='ocr_carea' id='block_1_96' title="bbox 2093 3538 3755 3617">
    <p class='ocr_par' dir='ltr' id='par_1_96' title="bbox 2093 3538 3755 3617">
     <span class='ocr_line' id='line_1_96' title="bbox 2093 3538 3755 3617; baseline 0.002 -24"><span class='ocrx_word' id='word_1_680' title='bbox 2093 3539 2195 3609; x_wconf 80' lang='grc' dir='ltr'>τὴν</span> <span class='ocrx_word' id='word_1_681' title='bbox 2228 3538 2367 3616; x_wconf 88' lang='grc' dir='ltr'>πρὸς</span> <span class='ocrx_word' id='word_1_682' title='bbox 2396 3538 2556 3594; x_wconf 80' lang='grc' dir='ltr'>αὐτὸν</span> <span class='ocrx_word' id='word_1_683' title='bbox 2589 3538 2732 3604; x_wconf 90' lang='grc' dir='ltr'>θείαν</span> <span class='ocrx_word' id='word_1_684' title='bbox 2776 3538 3095 3617; x_wconf 74' lang='grc' dir='ltr'>ὑπόσχεσιν,</span> <span class='ocrx_word' id='word_1_685' title='bbox 3126 3540 3189 3596; x_wconf 86' lang='grc' dir='ltr'>τὸ</span> <span class='ocrx_word' id='word_1_686' title='bbox 3220 3539 3281 3596; x_wconf 85' lang='grc' dir='ltr'>έκ</span> <span class='ocrx_word' id='word_1_687' title='bbox 3304 3544 3404 3596; x_wconf 91' lang='grc' dir='ltr'>τοῦ</span> <span class='ocrx_word' id='word_1_688' title='bbox 3443 3538 3755 3617; x_wconf 82' lang='grc' dir='ltr'>σπέρματος</span> 
     </span>
    </p>
   </div>
   <div class='ocr_carea' id='block_1_97' title="bbox 2096 3624 3754 3709">
    <p class='ocr_par' dir='ltr' id='par_1_97' title="bbox 2096 3624 3754 3709">
     <span class='ocr_line' id='line_1_97' title="bbox 2096 3624 3754 3709; baseline 0.001 -26"><span class='ocrx_word' id='word_1_689' title='bbox 2096 3627 2262 3683; x_wconf 78' lang='grc' dir='ltr'>αὐτοῦ</span> <span class='ocrx_word' id='word_1_690' title='bbox 2293 3625 2477 3684; x_wconf 88' lang='grc' dir='ltr'>δοῦναι</span> <span class='ocrx_word' id='word_1_691' title='bbox 2513 3633 2633 3693; x_wconf 88' lang='grc' dir='ltr'>τοῖς</span> <span class='ocrx_word' id='word_1_692' title='bbox 2677 3628 2989 3706; x_wconf 87' lang='grc' dir='ltr'>ἀνθρώποις</span> <span class='ocrx_word' id='word_1_693' title='bbox 3032 3630 3133 3699; x_wconf 83' lang='grc' dir='ltr'>τήν</span> <span class='ocrx_word' id='word_1_694' title='bbox 3177 3629 3450 3709; x_wconf 88' lang='grc' dir='ltr'>σωτηρίαν</span> <span class='ocrx_word' id='word_1_695' title='bbox 3500 3627 3573 3686; x_wconf 90' lang='grc' dir='ltr'>δι’</span> <span class='ocrx_word' id='word_1_696' title='bbox 3599 3624 3754 3693; x_wconf 78' lang='grc' dir='ltr'>ἔλεος</span> 
     </span>
    </p>
   </div>
   <div class='ocr_carea' id='block_1_98' title="bbox 2096 3715 2321 3797">
    <p class='ocr_par' dir='ltr' id='par_1_98' title="bbox 2096 3715 2321 3797">
     <span class='ocr_line' id='line_1_98' title="bbox 2096 3715 2321 3797; baseline 0.013 -25"><span class='ocrx_word' id='word_1_697' title='bbox 2096 3715 2296 3797; x_wconf 76' lang='grc' dir='ltr'>ἄφατον</span> <span class='ocrx_word' id='word_1_698' title='bbox 2307 3760 2321 3775; x_wconf 93' lang='grc'>.</span> 
     </span>
    </p>
   </div>
   <div class='ocr_carea' id='block_1_99' title="bbox 2171 3805 3757 3882">
    <p class='ocr_par' dir='ltr' id='par_1_99' title="bbox 2171 3805 3757 3882">
     <span class='ocr_line' id='line_1_99' title="bbox 2171 3805 3757 3882; baseline 0 -19"><span class='ocrx_word' id='word_1_699' title='bbox 2171 3809 2352 3863; x_wconf 77' lang='grc' dir='ltr'>‹‹·¹Ὀτι</span> <span class='ocrx_word' id='word_1_700' title='bbox 2402 3806 2578 3870; x_wconf 74' lang='grc' dir='ltr'>εἶπας·</span> <span class='ocrx_word' id='word_1_701' title='bbox 2610 3807 2708 3870; x_wconf 86' lang='grc' dir='ltr'>Εἰς</span> <span class='ocrx_word' id='word_1_702' title='bbox 2751 3808 2844 3864; x_wconf 86' lang='grc' dir='ltr'>τὸν</span> <span class='ocrx_word' id='word_1_703' title='bbox 2895 3808 3068 3864; x_wconf 86' lang='grc' dir='ltr'>αἰῶνα</span> <span class='ocrx_word' id='word_1_704' title='bbox 3117 3806 3272 3871; x_wconf 79' lang='grc' dir='ltr'>ἔλεος</span> <span class='ocrx_word' id='word_1_705' title='bbox 3323 3805 3757 3882; x_wconf 69' lang='grc' dir='ltr'>οἰκοδομηθήσε-</span> 
     </span>
    </p>
   </div>
   <div class='ocr_carea' id='block_1_100' title="bbox 2095 3894 3754 3975">
    <p class='ocr_par' dir='ltr' id='par_1_100' title="bbox 2095 3894 3754 3975">
     <span class='ocr_line' id='line_1_100' title="bbox 2095 3894 3754 3975; baseline -0.001 -22"><span class='ocrx_word' id='word_1_706' title='bbox 2095 3918 2204 3956; x_wconf 91' lang='grc' dir='ltr'>ται.</span> <span class='ocrx_word' id='word_1_707' title='bbox 2239 3921 2270 3950; x_wconf 87' lang='lat'><strong>»</strong></span> <span class='ocrx_word' id='word_1_708' title='bbox 2315 3929 2386 3940; x_wconf 80' lang='grc' dir='ltr'>-ο</span> <span class='ocrx_word' id='word_1_709' title='bbox 2441 3894 2812 3975; x_wconf 81' lang='grc' dir='ltr'>ᾩκοδόμηται</span> <span class='ocrx_word' id='word_1_710' title='bbox 2866 3897 2971 3973; x_wconf 77' lang='grc' dir='ltr'>γὰρ</span> <span class='ocrx_word' id='word_1_711' title='bbox 3028 3896 3089 3952; x_wconf 78' lang='grc' dir='ltr'>ἐκ</span> <span class='ocrx_word' id='word_1_712' title='bbox 3142 3898 3471 3972; x_wconf 81' lang='grc' dir='ltr'>παρθενικῆς</span> <span class='ocrx_word' id='word_1_713' title='bbox 3522 3894 3664 3968; x_wconf 75' lang='grc' dir='ltr'>ὕλης</span> <span class='ocrx_word' id='word_1_714' title='bbox 3723 3897 3754 3952; x_wconf 97' lang='lat'>6</span> 
     </span>
    </p>
   </div>
   <div class='ocr_carea' id='block_1_101' title="bbox 2095 3983 3753 4064">
    <p class='ocr_par' dir='ltr' id='par_1_101' title="bbox 2095 3983 3753 4064">
     <span class='ocr_line' id='line_1_101' title="bbox 2095 3983 3753 4064; baseline 0.001 -23"><span class='ocrx_word' id='word_1_715' title='bbox 2095 3987 2246 4048; x_wconf 84' lang='grc' dir='ltr'>οἶκος</span> <span class='ocrx_word' id='word_1_716' title='bbox 2298 3992 2402 4054; x_wconf 88' lang='grc' dir='ltr'>τῆς</span> <span class='ocrx_word' id='word_1_717' title='bbox 2471 3984 2830 4042; x_wconf 82' lang='grc' dir='ltr'>ἐνυποστάτου</span> <span class='ocrx_word' id='word_1_718' title='bbox 2889 3985 3070 4062; x_wconf 88' lang='grc' dir='ltr'>Λόγου</span> <span class='ocrx_word' id='word_1_719' title='bbox 3121 3985 3312 4064; x_wconf 87' lang='grc' dir='ltr'>σοφίας</span> <span class='ocrx_word' id='word_1_720' title='bbox 3366 3989 3522 4058; x_wconf 87' lang='grc' dir='ltr'>Θεοῦ,</span> <span class='ocrx_word' id='word_1_721' title='bbox 3548 3983 3668 4056; x_wconf 76' lang='grc' dir='ltr'>ήως</span> <span class='ocrx_word' id='word_1_722' title='bbox 3723 3988 3753 4043; x_wconf 95' lang='lat'>6</span> 
     </span>
    </p>
   </div>
   <div class='ocr_carea' id='block_1_102' title="bbox 2095 4071 3556 4145">
    <p class='ocr_par' dir='ltr' id='par_1_102' title="bbox 2095 4071 3556 4145">
     <span class='ocr_line' id='line_1_102' title="bbox 2095 4071 3556 4145; baseline 0.003 -16"><span class='ocrx_word' id='word_1_723' title='bbox 2095 4075 2308 4145; x_wconf 88' lang='grc' dir='ltr'>Ἰησοῦς</span> <span class='ocrx_word' id='word_1_724' title='bbox 2340 4071 2495 4137; x_wconf 76' lang='grc' dir='ltr'>ἔλεος</span> <span class='ocrx_word' id='word_1_725' title='bbox 2527 4071 2600 4129; x_wconf 85' lang='grc' dir='ltr'>ὢν</span> <span class='ocrx_word' id='word_1_726' title='bbox 2630 4074 2716 4129; x_wconf 82' lang='grc' dir='ltr'>ἀεὶ</span> <span class='ocrx_word' id='word_1_727' title='bbox 2738 4079 2858 4137; x_wconf 90' lang='grc' dir='ltr'>τοῖς</span> <span class='ocrx_word' id='word_1_728' title='bbox 2887 4073 3234 4130; x_wconf 86' lang='grc' dir='ltr'>πιστεύουσιν</span> <span class='ocrx_word' id='word_1_729' title='bbox 3268 4074 3346 4137; x_wconf 85' lang='grc' dir='ltr'>εἰς</span> <span class='ocrx_word' id='word_1_730' title='bbox 3371 4074 3556 4133; x_wconf 82' lang='grc' dir='ltr'>αὐτόν.</span> 
     </span>
    </p>
   </div>
   <div class='ocr_carea' id='block_1_103' title="bbox 2168 4162 3757 4241">
    <p class='ocr_par' dir='ltr' id='par_1_103' title="bbox 2168 4162 3757 4241">
     <span class='ocr_line' id='line_1_103' title="bbox 2168 4162 3757 4241; baseline 0.002 -24"><span class='ocrx_word' id='word_1_731' title='bbox 2168 4187 2197 4216; x_wconf 90' lang='grc'>‹‹</span> <span class='ocrx_word' id='word_1_732' title='bbox 2257 4163 2344 4218; x_wconf 84' lang='grc' dir='ltr'>’Κν</span> <span class='ocrx_word' id='word_1_733' title='bbox 2401 4169 2520 4226; x_wconf 89' lang='grc' dir='ltr'>τοῖς</span> <span class='ocrx_word' id='word_1_734' title='bbox 2577 4162 2830 4241; x_wconf 79' lang='grc' dir='ltr'>οὐρανοῖς</span> <span class='ocrx_word' id='word_1_735' title='bbox 2915 4163 3371 4238; x_wconf 77' lang='grc' dir='ltr'>ὲτοιμασθήσεται</span> <span class='ocrx_word' id='word_1_736' title='bbox 3428 4167 3465 4235; x_wconf 84' lang='grc' dir='ltr'>ἡ</span> <span class='ocrx_word' id='word_1_737' title='bbox 3524 4162 3757 4237; x_wconf 88' lang='grc' dir='ltr'>ἀλήθειά</span> 
     </span>
    </p>
   </div>
   <div class='ocr_carea' id='block_1_104' title="bbox 2094 4251 3753 4331">
    <p class='ocr_par' dir='ltr' id='par_1_104' title="bbox 2094 4251 3753 4331">
     <span class='ocr_line' id='line_1_104' title="bbox 2094 4251 3753 4331; baseline 0.002 -24"><span class='ocrx_word' id='word_1_738' title='bbox 2094 4273 2213 4310; x_wconf 92' lang='grc' dir='ltr'>σου.</span> <span class='ocrx_word' id='word_1_739' title='bbox 2252 4277 2273 4305; x_wconf 78' lang='grc' dir='ltr'>ι</span> <span class='ocrx_word' id='word_1_740' title='bbox 2309 4284 2379 4295; x_wconf 86' lang='lat'>—-</span> <span class='ocrx_word' id='word_1_741' title='bbox 2407 4253 2471 4308; x_wconf 87' lang='grc' dir='ltr'>Ἡ</span> <span class='ocrx_word' id='word_1_742' title='bbox 2530 4251 2764 4324; x_wconf 86' lang='grc' dir='ltr'>ἀλήθεια</span> <span class='ocrx_word' id='word_1_743' title='bbox 2819 4258 2918 4308; x_wconf 89' lang='grc' dir='ltr'>τοῦ</span> <span class='ocrx_word' id='word_1_744' title='bbox 2975 4257 3132 4324; x_wconf 86' lang='grc' dir='ltr'>Θεοῦ,</span> <span class='ocrx_word' id='word_1_745' title='bbox 3165 4254 3194 4307; x_wconf 92' lang='lat'>6</span> <span class='ocrx_word' id='word_1_746' title='bbox 3242 4252 3474 4331; x_wconf 85' lang='grc' dir='ltr'>Χριστὸς</span> <span class='ocrx_word' id='word_1_747' title='bbox 3532 4252 3584 4309; x_wconf 88' lang='grc' dir='ltr'>ἐν</span> <span class='ocrx_word' id='word_1_748' title='bbox 3634 4259 3753 4318; x_wconf 83' lang='grc' dir='ltr'>τοῖς</span> 
     </span>
    </p>
   </div>
   <div class='ocr_carea' id='block_1_105' title="bbox 2094 4339 3753 4420">
    <p class='ocr_par' dir='ltr' id='par_1_105' title="bbox 2094 4339 3753 4420">
     <span class='ocr_line' id='line_1_105' title="bbox 2094 4339 3753 4420; baseline 0.001 -23"><span class='ocrx_word' id='word_1_749' title='bbox 2094 4341 2348 4416; x_wconf 84' lang='grc' dir='ltr'>οὐρανοῖς</span> <span class='ocrx_word' id='word_1_750' title='bbox 2375 4339 2643 4416; x_wconf 69' lang='grc' dir='ltr'>ήδράσθησ</span> <span class='ocrx_word' id='word_1_751' title='bbox 2675 4339 2897 4417; x_wconf 69' lang='grc' dir='ltr'>ἕτοιμον</span> <span class='ocrx_word' id='word_1_752' title='bbox 2923 4341 3028 4419; x_wconf 80' lang='grc' dir='ltr'>γὰρ</span> <span class='ocrx_word' id='word_1_753' title='bbox 3050 4341 3348 4420; x_wconf 88' lang='grc' dir='ltr'>πολλαχοῦ</span> <span class='ocrx_word' id='word_1_754' title='bbox 3376 4343 3439 4399; x_wconf 89' lang='grc' dir='ltr'>τὸ</span> <span class='ocrx_word' id='word_1_755' title='bbox 3470 4340 3685 4417; x_wconf 74' lang='grc' dir='ltr'>ἑδραῖον</span> <span class='ocrx_word' id='word_1_756' title='bbox 3716 4346 3753 4414; x_wconf 82' lang='grc' dir='ltr'><strong>ἡ</strong></span> 
     </span>
    </p>
   </div>
   <div class='ocr_carea' id='block_1_106' title="bbox 2091 4426 2687 4510">
    <p class='ocr_par' dir='ltr' id='par_1_106' title="bbox 2091 4426 2687 4510">
     <span class='ocr_line' id='line_1_106' title="bbox 2091 4426 2687 4510; baseline 0.005 -23"><span class='ocrx_word' id='word_1_757' title='bbox 2091 4426 2312 4509; x_wconf 73' lang='grc' dir='ltr'>Ἑϐραὶς</span> <span class='ocrx_word' id='word_1_758' title='bbox 2343 4429 2456 4488; x_wconf 86' lang='grc' dir='ltr'>οἶδε</span> <span class='ocrx_word' id='word_1_759' title='bbox 2482 4433 2662 4510; x_wconf 82' lang='grc' dir='ltr'>γραφή</span> <span class='ocrx_word' id='word_1_760' title='bbox 2673 4477 2687 4490; x_wconf 92' lang='grc'>.</span> 
     </span>
    </p>
   </div>
   <div class='ocr_carea' id='block_1_107' title="bbox 2167 4518 3757 4597">
    <p class='ocr_par' dir='ltr' id='par_1_107' title="bbox 2167 4518 3757 4597">
     <span class='ocr_line' id='line_1_107' title="bbox 2167 4518 3757 4597; baseline 0.001 -24"><span class='ocrx_word' id='word_1_761' title='bbox 2167 4543 2196 4574; x_wconf 84' lang='grc' dir='ltr'>ι(</span> <span class='ocrx_word' id='word_1_762' title='bbox 2254 4521 2516 4595; x_wconf 85' lang='grc' dir='ltr'>Διεθέμην</span> <span class='ocrx_word' id='word_1_763' title='bbox 2577 4519 2846 4594; x_wconf 85' lang='grc' dir='ltr'>διαθήκην</span> <span class='ocrx_word' id='word_1_764' title='bbox 2894 4526 3010 4584; x_wconf 92' lang='grc' dir='ltr'>τοῖς</span> <span class='ocrx_word' id='word_1_765' title='bbox 3071 4518 3349 4584; x_wconf 85' lang='grc' dir='ltr'>ἐκλεκτοῖς</span> <span class='ocrx_word' id='word_1_766' title='bbox 3412 4543 3538 4597; x_wconf 91' lang='grc' dir='ltr'>μου.</span> <span class='ocrx_word' id='word_1_767' title='bbox 3598 4545 3629 4576; x_wconf 88' lang='grc'><strong>››</strong></span> <span class='ocrx_word' id='word_1_768' title='bbox 3685 4555 3757 4566; x_wconf 89' lang='grc'>--</span> 
     </span>
    </p>
   </div>
   <div class='ocr_carea' id='block_1_108' title="bbox 2091 4607 3752 4686">
    <p class='ocr_par' dir='ltr' id='par_1_108' title="bbox 2091 4607 3752 4686">
     <span class='ocr_line' id='line_1_108' title="bbox 2091 4607 3752 4686; baseline 0 -19"><span class='ocrx_word' id='word_1_769' title='bbox 2091 4610 2383 4686; x_wconf 84' lang='grc' dir='ltr'>Προσώπῳ</span> <span class='ocrx_word' id='word_1_770' title='bbox 2431 4615 2566 4667; x_wconf 89' lang='grc' dir='ltr'>Θεοῦ</span> <span class='ocrx_word' id='word_1_771' title='bbox 2610 4615 2799 4667; x_wconf 88' lang='grc' dir='ltr'>ταῦτα.</span> <span class='ocrx_word' id='word_1_772' title='bbox 2850 4610 2950 4666; x_wconf 84' lang='grc' dir='ltr'>Καὶ</span> <span class='ocrx_word' id='word_1_773' title='bbox 2997 4608 3263 4683; x_wconf 87' lang='grc' dir='ltr'>διαθήκην</span> <span class='ocrx_word' id='word_1_774' title='bbox 3315 4611 3414 4684; x_wconf 74' lang='grc' dir='ltr'>μὲν</span> <span class='ocrx_word' id='word_1_775' title='bbox 3462 4607 3613 4686; x_wconf 90' lang='grc' dir='ltr'>λέγει</span> <span class='ocrx_word' id='word_1_776' title='bbox 3651 4611 3752 4681; x_wconf 81' lang='grc' dir='ltr'>τῆν</span> 
     </span>
    </p>
   </div>
   <div class='ocr_carea' id='block_1_109' title="bbox 2094 4694 3753 4777">
    <p class='ocr_par' dir='ltr' id='par_1_109' title="bbox 2094 4694 3753 4777">
     <span class='ocr_line' id='line_1_109' title="bbox 2094 4694 3753 4777; baseline 0.001 -22"><span class='ocrx_word' id='word_1_777' title='bbox 2094 4696 2419 4776; x_wconf 83' lang='grc' dir='ltr'>ἐπαγγελίαν</span> <span class='ocrx_word' id='word_1_778' title='bbox 2457 4716 2474 4735; x_wconf 78' lang='grc' dir='ltr'>ο</span> <span class='ocrx_word' id='word_1_779' title='bbox 2529 4697 2819 4764; x_wconf 78' lang='grc' dir='ltr'>ἐκλεκτοὺς</span> <span class='ocrx_word' id='word_1_780' title='bbox 2898 4697 2958 4757; x_wconf 78' lang='grc' dir='ltr'>δὲ</span> <span class='ocrx_word' id='word_1_781' title='bbox 3026 4700 3117 4755; x_wconf 73' lang='grc' dir='ltr'>τὸν</span> <span class='ocrx_word' id='word_1_782' title='bbox 3177 4694 3427 4777; x_wconf 77' lang='grc' dir='ltr'>’Δϐραάμ</span> <span class='ocrx_word' id='word_1_783' title='bbox 3478 4698 3569 4755; x_wconf 86' lang='grc' dir='ltr'>καὶ</span> <span class='ocrx_word' id='word_1_784' title='bbox 3622 4698 3753 4764; x_wconf 80' lang='grc' dir='ltr'>τοὺς</span> 
     </span>
    </p>
   </div>
   <div class='ocr_carea' id='block_1_110' title="bbox 2093 4788 2518 4863">
    <p class='ocr_par' dir='ltr' id='par_1_110' title="bbox 2093 4788 2518 4863">
     <span class='ocr_line' id='line_1_110' title="bbox 2093 4788 2518 4863; baseline 0.002 -18"><span class='ocrx_word' id='word_1_785' title='bbox 2093 4788 2518 4863; x_wconf 67' lang='grc' dir='ltr'>ὁμοίουςξαῦτῷ.</span> 
     </span>
    </p>
   </div>
   <div class='ocr_carea' id='block_1_111' title="bbox 2165 4875 3749 4956">
    <p class='ocr_par' dir='ltr' id='par_1_111' title="bbox 2165 4875 3749 4956">
     <span class='ocr_line' id='line_1_111' title="bbox 2165 4875 3749 4956; baseline 0.003 -25"><span class='ocrx_word' id='word_1_786' title='bbox 2165 4902 2194 4931; x_wconf 88' lang='grc'>‹‹</span> <span class='ocrx_word' id='word_1_787' title='bbox 2223 4879 2438 4952; x_wconf 84' lang='grc' dir='ltr'>Ὥμοσα</span> <span class='ocrx_word' id='word_1_788' title='bbox 2483 4875 2648 4933; x_wconf 69' lang='grc' dir='ltr'>Δαυῒδ</span> <span class='ocrx_word' id='word_1_789' title='bbox 2695 4883 2775 4951; x_wconf 81' lang='grc' dir='ltr'>τῷ</span> <span class='ocrx_word' id='word_1_790' title='bbox 2822 4875 3026 4953; x_wconf 90' lang='grc' dir='ltr'>δούλῳ.</span> <span class='ocrx_word' id='word_1_791' title='bbox 3063 4902 3091 4932; x_wconf 84' lang='grc'><strong>››</strong></span> <span class='ocrx_word' id='word_1_792' title='bbox 3122 4912 3193 4921; x_wconf 94' lang='lat'><strong>—</strong></span> <span class='ocrx_word' id='word_1_793' title='bbox 3237 4879 3294 4932; x_wconf 70' lang='grc' dir='ltr'>Ὀ</span> <span class='ocrx_word' id='word_1_794' title='bbox 3340 4876 3503 4953; x_wconf 77' lang='grc' dir='ltr'>ὅρκος</span> <span class='ocrx_word' id='word_1_795' title='bbox 3540 4879 3605 4934; x_wconf 87' lang='grc' dir='ltr'>τὸ</span> <span class='ocrx_word' id='word_1_796' title='bbox 3659 4878 3749 4956; x_wconf 86' lang='grc' dir='ltr'>βέ-</span> 
     </span>
    </p>
   </div>
   <div class='ocr_carea' id='block_1_112' title="bbox 2091 4961 2958 5044">
    <p class='ocr_par' dir='ltr' id='par_1_112' title="bbox 2091 4961 2958 5044">
     <span class='ocr_line' id='line_1_112' title="bbox 2091 4961 2958 5044; baseline 0.005 -22"><span class='ocrx_word' id='word_1_797' title='bbox 2091 4961 2245 5023; x_wconf 78' lang='grc' dir='ltr'>ϐαιον</span> <span class='ocrx_word' id='word_1_798' title='bbox 2274 4975 2375 5038; x_wconf 82' lang='grc' dir='ltr'>τῆν</span> <span class='ocrx_word' id='word_1_799' title='bbox 2407 4966 2738 5044; x_wconf 85' lang='grc' dir='ltr'>ἐπαγγελίας</span> <span class='ocrx_word' id='word_1_800' title='bbox 2771 4965 2958 5039; x_wconf 86' lang='grc' dir='ltr'>δηλοῖ.</span> 
     </span>
    </p>
   </div>
   <div class='ocr_carea' id='block_1_113' title="bbox 2165 5056 3749 5133">
    <p class='ocr_par' dir='ltr' id='par_1_113' title="bbox 2165 5056 3749 5133">
     <span class='ocr_line' id='line_1_113' title="bbox 2165 5056 3749 5133; baseline -0.003 -21"><span class='ocrx_word' id='word_1_801' title='bbox 2165 5079 2194 5107; x_wconf 90' lang='grc'>‹‹</span> <span class='ocrx_word' id='word_1_802' title='bbox 2223 5062 2367 5120; x_wconf 84' lang='grc' dir='ltr'>Ἕως</span> <span class='ocrx_word' id='word_1_803' title='bbox 2393 5061 2491 5113; x_wconf 90' lang='grc' dir='ltr'>τοῦ</span> <span class='ocrx_word' id='word_1_804' title='bbox 2522 5057 2728 5121; x_wconf 86' lang='grc' dir='ltr'>αἰῶνος</span> <span class='ocrx_word' id='word_1_805' title='bbox 2774 5056 3052 5131; x_wconf 72' lang='grc' dir='ltr'>ἑτοιμάσω</span> <span class='ocrx_word' id='word_1_806' title='bbox 3099 5059 3163 5113; x_wconf 86' lang='grc' dir='ltr'>τὸ</span> <span class='ocrx_word' id='word_1_807' title='bbox 3203 5056 3420 5133; x_wconf 85' lang='grc' dir='ltr'>σπέρμα</span> <span class='ocrx_word' id='word_1_808' title='bbox 3466 5077 3584 5113; x_wconf 91' lang='grc' dir='ltr'>σου.</span> <span class='ocrx_word' id='word_1_809' title='bbox 3616 5080 3646 5109; x_wconf 83' lang='grc'><strong>››</strong></span> <span class='ocrx_word' id='word_1_810' title='bbox 3679 5089 3749 5101; x_wconf 88' lang='grc'><strong>-</strong></span> 
     </span>
    </p>
   </div>
   <div class='ocr_carea' id='block_1_114' title="bbox 2087 5143 3747 5223">
    <p class='ocr_par' dir='ltr' id='par_1_114' title="bbox 2087 5143 3747 5223">
     <span class='ocr_line' id='line_1_114' title="bbox 2087 5143 3747 5223; baseline 0.001 -25"><span class='ocrx_word' id='word_1_811' title='bbox 2087 5145 2144 5198; x_wconf 80' lang='lat'>&#39;0</span> <span class='ocrx_word' id='word_1_812' title='bbox 2194 5145 2296 5222; x_wconf 83' lang='grc' dir='ltr'>γὰρ</span> <span class='ocrx_word' id='word_1_813' title='bbox 2354 5146 2585 5223; x_wconf 83' lang='grc' dir='ltr'>Χριστὸς</span> <span class='ocrx_word' id='word_1_814' title='bbox 2643 5143 2875 5222; x_wconf 80' lang='grc' dir='ltr'>ἥδρασεν</span> <span class='ocrx_word' id='word_1_815' title='bbox 2934 5146 3012 5209; x_wconf 85' lang='grc' dir='ltr'>εἰς</span> <span class='ocrx_word' id='word_1_816' title='bbox 3066 5145 3161 5202; x_wconf 86' lang='grc' dir='ltr'>τὸν</span> <span class='ocrx_word' id='word_1_817' title='bbox 3220 5144 3393 5201; x_wconf 86' lang='grc' dir='ltr'>αἰῶνα</span> <span class='ocrx_word' id='word_1_818' title='bbox 3424 5188 3439 5216; x_wconf 89' lang='grc'>,</span> <span class='ocrx_word' id='word_1_819' title='bbox 3492 5148 3599 5216; x_wconf 88' lang='grc' dir='ltr'>ζῶν</span> <span class='ocrx_word' id='word_1_820' title='bbox 3655 5144 3747 5201; x_wconf 81' lang='grc' dir='ltr'>καὶ</span> 
     </span>
    </p>
   </div>
   <div class='ocr_carea' id='block_1_115' title="bbox 2090 5231 2713 5310">
    <p class='ocr_par' dir='ltr' id='par_1_115' title="bbox 2090 5231 2713 5310">
     <span class='ocr_line' id='line_1_115' title="bbox 2090 5231 2713 5310; baseline 0.008 -22"><span class='ocrx_word' id='word_1_821' title='bbox 2090 5231 2392 5310; x_wconf 88' lang='grc' dir='ltr'>βασιλεύων</span> <span class='ocrx_word' id='word_1_822' title='bbox 2427 5232 2713 5305; x_wconf 86' lang='grc' dir='ltr'>διηνεκῶς.</span> 
     </span>
    </p>
   </div>
   <div class='ocr_carea' id='block_1_116' title="bbox 2161 5321 3744 5402">
    <p class='ocr_par' dir='ltr' id='par_1_116' title="bbox 2161 5321 3744 5402">
     <span class='ocr_line' id='line_1_116' title="bbox 2161 5321 3744 5402; baseline 0.004 -27"><span class='ocrx_word' id='word_1_823' title='bbox 2161 5346 2191 5375; x_wconf 88' lang='grc'><em>‹‹</em></span> <span class='ocrx_word' id='word_1_824' title='bbox 2220 5324 2324 5381; x_wconf 81' lang='grc' dir='ltr'>Καὶ</span> <span class='ocrx_word' id='word_1_825' title='bbox 2382 5321 2742 5398; x_wconf 83' lang='grc' dir='ltr'>οἰκοδομήσω</span> <span class='ocrx_word' id='word_1_826' title='bbox 2819 5324 2896 5388; x_wconf 81' lang='grc' dir='ltr'>εἰς</span> <span class='ocrx_word' id='word_1_827' title='bbox 2969 5325 3155 5402; x_wconf 82' lang='grc' dir='ltr'>γενεὰν</span> <span class='ocrx_word' id='word_1_828' title='bbox 3226 5322 3319 5380; x_wconf 79' lang='grc' dir='ltr'>καί</span> <span class='ocrx_word' id='word_1_829' title='bbox 3385 5323 3569 5402; x_wconf 78' lang='grc' dir='ltr'>γενεὰν</span> <span class='ocrx_word' id='word_1_830' title='bbox 3649 5325 3744 5381; x_wconf 89' lang='grc' dir='ltr'>τὸν</span> 
     </span>
    </p>
   </div>
   <div class='ocr_carea' id='block_1_117' title="bbox 2085 5410 3741 5491">
    <p class='ocr_par' dir='ltr' id='par_1_117' title="bbox 2085 5410 3741 5491">
     <span class='ocr_line' id='line_1_117' title="bbox 2085 5410 3741 5491; baseline 0.001 -24"><span class='ocrx_word' id='word_1_831' title='bbox 2085 5412 2275 5489; x_wconf 90' lang='grc' dir='ltr'>θρόνον</span> <span class='ocrx_word' id='word_1_832' title='bbox 2327 5434 2445 5471; x_wconf 90' lang='grc' dir='ltr'>σου.</span> <span class='ocrx_word' id='word_1_833' title='bbox 2504 5437 2533 5465; x_wconf 75' lang='lat' dir='ltr'>n</span> <span class='ocrx_word' id='word_1_834' title='bbox 2588 5445 2657 5457; x_wconf 91' lang='lat'>-—</span> <span class='ocrx_word' id='word_1_835' title='bbox 2708 5411 3022 5488; x_wconf 79' lang='grc' dir='ltr'>Οἰκοδομὴν</span> <span class='ocrx_word' id='word_1_836' title='bbox 3080 5415 3180 5484; x_wconf 82' lang='grc' dir='ltr'>τήν</span> <span class='ocrx_word' id='word_1_837' title='bbox 3232 5413 3533 5491; x_wconf 87' lang='grc' dir='ltr'>ἀπάρτησιν</span> <span class='ocrx_word' id='word_1_838' title='bbox 3574 5410 3741 5490; x_wconf 77' lang='grc' dir='ltr'>λέγει’</span> 
     </span>
    </p>
   </div>
   <div class='ocr_carea' id='block_1_118' title="bbox 2085 5499 3741 5580">
    <p class='ocr_par' dir='ltr' id='par_1_118' title="bbox 2085 5499 3741 5580">
     <span class='ocr_line' id='line_1_118' title="bbox 2085 5499 3741 5580; baseline 0 -23"><span class='ocrx_word' id='word_1_839' title='bbox 2085 5502 2275 5579; x_wconf 89' lang='grc' dir='ltr'>θρόνον</span> <span class='ocrx_word' id='word_1_840' title='bbox 2310 5499 2494 5572; x_wconf 78' lang='grc' dir='ltr'>δὲτὴν</span> <span class='ocrx_word' id='word_1_841' title='bbox 2546 5500 2845 5578; x_wconf 87' lang='grc' dir='ltr'>βασιλείαν.</span> <span class='ocrx_word' id='word_1_842' title='bbox 2897 5508 3002 5559; x_wconf 88' lang='grc' dir='ltr'>Τοῦ</span> <span class='ocrx_word' id='word_1_843' title='bbox 3049 5508 3284 5572; x_wconf 80' lang='grc' dir='ltr'>Χριστοῦ</span> <span class='ocrx_word' id='word_1_844' title='bbox 3333 5501 3393 5559; x_wconf 74' lang='grc' dir='ltr'>δὲ</span> <span class='ocrx_word' id='word_1_845' title='bbox 3431 5504 3533 5573; x_wconf 82' lang='grc' dir='ltr'>τὴν</span> <span class='ocrx_word' id='word_1_846' title='bbox 3590 5503 3741 5580; x_wconf 66' lang='grc' dir='ltr'>βασι-</span> 
     </span>
    </p>
   </div>
   <div class='ocr_carea' id='block_1_119' title="bbox 2083 5589 3738 5671">
    <p class='ocr_par' dir='ltr' id='par_1_119' title="bbox 2083 5589 3738 5671">
     <span class='ocr_line' id='line_1_119' title="bbox 2083 5589 3738 5671; baseline 0.001 -24"><span class='ocrx_word' id='word_1_847' title='bbox 2083 5589 2231 5647; x_wconf 87' lang='grc' dir='ltr'>λείαν</span> <span class='ocrx_word' id='word_1_848' title='bbox 2262 5595 2359 5647; x_wconf 88' lang='grc' dir='ltr'>τοῦ</span> <span class='ocrx_word' id='word_1_849' title='bbox 2390 5589 2554 5647; x_wconf 78' lang='grc' dir='ltr'>Δαυίδ</span> <span class='ocrx_word' id='word_1_850' title='bbox 2603 5613 2736 5671; x_wconf 89' lang='grc' dir='ltr'>φησι</span> <span class='ocrx_word' id='word_1_851' title='bbox 2781 5590 2873 5649; x_wconf 83' lang='grc' dir='ltr'>διὰ</span> <span class='ocrx_word' id='word_1_852' title='bbox 2897 5594 2960 5648; x_wconf 84' lang='grc' dir='ltr'>τὸ</span> <span class='ocrx_word' id='word_1_853' title='bbox 3010 5594 3061 5665; x_wconf 82' lang='grc' dir='ltr'>ἐξ</span> <span class='ocrx_word' id='word_1_854' title='bbox 3093 5592 3258 5649; x_wconf 80' lang='grc' dir='ltr'>αὐτοῦ</span> <span class='ocrx_word' id='word_1_855' title='bbox 3296 5594 3620 5670; x_wconf 83' lang='grc' dir='ltr'>κατάγεσθαι</span> <span class='ocrx_word' id='word_1_856' title='bbox 3646 5594 3738 5649; x_wconf 81' lang='grc' dir='ltr'>τὸν</span> 
     </span>
    </p>
   </div>
   <div class='ocr_carea' id='block_1_120' title="bbox 2080 5680 2333 5758">
    <p class='ocr_par' dir='ltr' id='par_1_120' title="bbox 2080 5680 2333 5758">
     <span class='ocr_line' id='line_1_120' title="bbox 2080 5680 2333 5758; baseline 0.004 -22"><span class='ocrx_word' id='word_1_857' title='bbox 2080 5680 2333 5758; x_wconf 87' lang='grc' dir='ltr'>Χριστόν.</span> 
     </span>
    </p>
   </div>
   <div class='ocr_carea' id='block_1_121' title="bbox 2157 5767 3738 5851">
    <p class='ocr_par' dir='ltr' id='par_1_121' title="bbox 2157 5767 3738 5851">
     <span class='ocr_line' id='line_1_121' title="bbox 2157 5767 3738 5851; baseline 0.003 -27"><span class='ocrx_word' id='word_1_858' title='bbox 2157 5793 2187 5824; x_wconf 80' lang='grc' dir='ltr'>ι(</span> <span class='ocrx_word' id='word_1_859' title='bbox 2217 5767 2755 5849; x_wconf 80' lang='grc' dir='ltr'>Ἐξομολογήσονται</span> <span class='ocrx_word' id='word_1_860' title='bbox 2805 5772 2858 5828; x_wconf 70' lang='grc' dir='ltr'>οἱ</span> <span class='ocrx_word' id='word_1_861' title='bbox 2909 5770 3132 5851; x_wconf 81' lang='grc' dir='ltr'>οὐρανοὶ</span> <span class='ocrx_word' id='word_1_862' title='bbox 3177 5775 3247 5831; x_wconf 80' lang='grc' dir='ltr'>τὰ</span> <span class='ocrx_word' id='word_1_863' title='bbox 3294 5771 3568 5851; x_wconf 86' lang='grc' dir='ltr'>θαυμάσιά</span> <span class='ocrx_word' id='word_1_864' title='bbox 3612 5791 3738 5846; x_wconf 81' lang='grc' dir='ltr'>σου,</span> 
     </span>
    </p>
   </div>
  </div>
