4066 6438
434 406 593 478 1535

1681 423 2109 491 NICEPHORI
2151 425 2595 495 BLEMMIDE

3647 437 3771 503 1536

430 545 614 623 Κύριε.
650 571 679 600 ››
710 581 780 592 -
836 547 1103 621 Ούρανοὺς
1152 548 1304 630 λέγει
1346 553 1477 619 τοὺς
1529 553 1580 611 έν
1625 555 1870 633 οὐρανοῖς
1928 578 2079 625 νοας,
2110 560 2167 628 Α
2195 560 2425 635 ἡμέραν.
2460 584 2487 617 η
2521 596 2591 607 -
2622 563 2706 619 Ἐν
2741 561 2825 619 σοὶ
2873 562 3328 643 εὐφρανθήσονται
3374 560 3460 623 διὰ
3482 566 3676 639 παντὸς,
3700 567 3772 626 καὶ

429 635 521 692 καὶ
577 636 706 701 τοὺς
759 640 859 709 τήν
915 638 1161 719 οὐράνιον
1228 645 1596 718 κεκτημένους
1654 644 1934 723 διαγωγὴν
1995 646 2082 703 ἐπὶ

430 727 558 800 γῆς,
616 727 670 782 οἳ
701 774 716 800 ,
777 731 908 807 φησί
940 778 955 805 ,
1018 730 1379 810 μεγαλυνοῦσι
1455 736 1553 798 τὰς
1626 737 1935 809 θαυμαστὰς
1991 735 2082 792 καὶ

435 812 695 886 ἀληθινὰς
744 816 1064 897 ἐπαγγελίας
1123 842 1219 877 σου
1276 824 1327 879 έν
1384 828 1453 899 τῇ
1521 827 1807 901 συναγωγῇ
1858 829 1966 881 τῶν
2026 826 2084 880 έκ

432 901 680 979 οὐρανοῖς
712 906 877 984 ἁγίων
904 929 1000 965 σου
1028 910 1118 965 καὶ
1147 915 1253 967 τῶν
1285 912 1373 969 ἐπὶ
1403 914 1530 989 γῆς.

503 1012 684 1067 «Ὅτι
734 1012 819 1076 τίς
888 1014 939 1070 έν
1013 1015 1262 1097 νεφέλαις
1334 1019 1663 1092 ῖσωθήσεται
1706 1022 1788 1094 τῷ
1844 1022 2028 1100 Κυρίῳ
2061 1068 2076 1096 ,

431 1097 837 1172 ὁμοιωθήσεται
890 1108 968 1177 τῷ
1040 1107 1224 1183 Κυρίῳ
1281 1107 1335 1164 έν
1389 1110 1527 1173 υἱοῖς
1588 1116 1722 1168 Θεοῦ
1774 1131 1788 1182 ;
1837 1097 2077 1168 -’⁹Ὀτι

433 1185 612 1281 ούδεὶς
654 1188 705 1246 έν
731 1197 811 1281 τῷ
842 1192 963 1269 ὕψει
989 1196 1024 1265 ἢ
1057 1196 1131 1259 ὡς
1165 1194 1396 1274 ἅγγελος
1437 1200 1760 1273 ἰσωθήσεται
1789 1206 1869 1275 τῷ
1898 1203 2079 1281 Κυρίῳ

431 1271 555 1332 οὔτε
582 1276 635 1333 ἐν
660 1278 835 1356 ἁγίοις
864 1282 1168 1361 ἀνθρώποις
1198 1271 1623 1360 ὁμοιωθήσεται.

504 1408 534 1437 ‹‹
565 1386 622 1442 '0
678 1388 808 1452 Θεὸς
875 1387 1295 1467 ένδυξαζόμενος
1346 1395 1397 1451 έν
1457 1395 1634 1473 βουλῇ
1695 1398 1884 1475 ἁγίων.
1934 1425 1957 1454 ι
2011 1433 2081 1443 -—

430 1474 517 1529 ’Ev
603 1482 889 1554 συναγωγῇ
970 1477 1244 1554 δοξάζεται
1330 1480 1500 1548 ὄντως
1576 1486 1666 1542 καὶ
1749 1489 1993 1562 ὑμνεῖται
2051 1490 2079 1545 6

429 1562 582 1627 Θεός.

500 1677 530 1707 ι(
560 1654 739 1732 Μέγας
784 1658 876 1713 καὶ
923 1655 1156 1737 φοϐερός
1208 1662 1348 1718 ἐστιν
1398 1661 1486 1719 ἐπὶ
1532 1662 1735 1729 πάντας
1781 1665 1912 1730 τοὺς
1955 1667 2079 1744 περὶ

425 1742 617 1817 κύκλῳ
646 1744 833 1804 αὐτοῦ.
867 1770 898 1799 ››
927 1781 998 1791 -
1026 1749 1091 1804 Οἱ
1140 1751 1283 1827 ἅγιοι
1331 1752 1484 1827 πέριξ
1534 1751 1845 1810 διοικοῦσιν.
1888 1742 2078 1831 ἁγίους

429 1829 488 1887 δὲ
513 1832 641 1897 τοὺς
688 1855 747 1890 τε
789 1857 850 1892 τε
896 1837 1165 1914 ἀγγέλους
1212 1847 1329 1896 νοεῖ
1368 1841 1458 1897 καὶ
1500 1842 1628 1906 τοὺς
1676 1844 1728 1900 έν
1771 1829 2079 1921 ἀνθρώποις

2195 648 2248 704 ἐν
2272 656 2351 724 τῷ
2380 653 2491 726 Υἱῷ
2522 674 2620 708 σου
2652 651 3094 728 δοξασθήσονται.

2270 781 2292 810 α
2325 760 2444 814 Ὅτι
2501 759 2770 838 καύχημα
2822 767 2925 831 τῆς
2983 758 3260 836 δυνάμεως
3303 762 3470 819 αὐτῶν
3500 762 3558 820 σὺ
3586 765 3644 823 εί.
3670 790 3694 819 ››
3719 799 3772 811 -

2193 845 2432 922 Δύναμις
2477 853 2586 905 τῶν
2638 853 2972 926 Χριστιανῶν
3024 850 3052 905 6
3098 852 3345 926 Χριστὸς,
3394 852 3454 907 οὗ
3500 856 3771 930 καύχημαὸ

2191 938 2379 1011 Πατὴρ
2439 937 2519 1016 ἐφ’
2568 940 2615 1013 ᾧ
2670 939 3008 1014 σεμνύνεται,
3067 940 3157 996 καὶ
3212 939 3259 1014 ᾧ
3308 942 3471 999 πάντα
3512 942 3574 998 τὰ
3622 943 3772 1000 ἑαυτοῦ

2190 1025 2410 1098 ἀνατίθη
2422 1048 2472 1082 σι
2501 1029 2923 1105 κατορθώματα.

2263 1138 2295 1168 ‹‹
2324 1115 2424 1171 Καὶ
2485 1115 2536 1172 ἐν
2595 1115 2813 1190 εὐδοκία
2867 1139 2964 1174 σου
3022 1118 3360 1193 ὑψωθήσεται
3409 1120 3470 1176 τὸ
3523 1120 3663 1196 κέρας
3701 1120 3772 1176 αὖ·

2188 1208 2318 1262 τῶν.
2356 1227 2386 1256 ››

2190 1294 2341 1352 Υἱοῦ.

2258 1408 2289 1436 ‹‹
2346 1386 2465 1441 ’Ότι
2521 1390 2619 1441 τοῦ
2676 1385 2877 1463 Κυρίου
2928 1389 2963 1457 ἡ
3020 1386 3331 1462 ἀντίληψις,
3380 1388 3468 1443 καὶ
3515 1393 3603 1444 τοῦ
3652 1388 3772 1464 ἁγίου

2189 1471 2412 1548 Ἰσραὴλ
2474 1473 2742 1550 βασιλέως
2802 1477 2987 1548 ἡμῶν.
3020 1498 3049 1528 ››
3101 1508 3172 1518 -
3223 1476 3294 1531 Τὸ
3347 1471 3772 1551 ἀντιλαμϐάνεσθαι

2189 1564 2348 1635 ἡμῶν
2375 1559 2532 1641 ἔργον
2578 1561 2689 1619 ἐστὶ
2734 1568 2832 1620 τοῦ
2880 1564 3080 1640 Κυρίου
3128 1564 3219 1621 καὶ
3267 1562 3524 1641 βασιλέως
3551 1562 3771 1639 ἡμῶν,ὅς

2187 1650 2327 1707 ἐστιν
2359 1655 2550 1729 ’Ἄγιος
2575 1658 2674 1709 τοῦ
2705 1654 2951 1729 Ἰσραήλ.

2418 1238 2489 1249 --
2525 1203 2760 1263 Εὐδοκία
2803 1211 2902 1263 τοῦ
2949 1209 3162 1285 Πατρὸς
3207 1210 3244 1278 ἡ
3292 1207 3664 1286 ένανθρώπησις
3699 1214 3773 1265 τοῦ

2262 1758 2451 1815 «Τότε
2506 1757 2784 1830 ἐλάλησας
2842 1760 2893 1816 ἐν
2949 1761 3135 1837 ὁράσει
3182 1761 3302 1826 τοὶς
3357 1763 3492 1825 υἱοῖς
3533 1782 3685 1818 σου.»
3722 1793 3772 1804 -

2187 1846 2347 1910 Υἱοὺς
2406 1849 2502 1922 μὲν
2573 1853 2708 1906 Θεοῦ
2780 1850 2910 1914 τοὺς
2965 1852 3254 1930 προφήτας
3316 1851 3528 1908 ἐνταῦθά
3576 1870 3685 1930 φησι
3723 1848 3772 1923 τῇ

424 1918 580 2017 φιλεῖ
618 1923 703 1986 οἷς
747 1923 918 2000 μέγας
963 1926 1053 1983 καὶ
1102 1923 1339 2005 φοϐερὸς
1386 1931 1415 1985 ὁ
1463 1932 1612 2004 Θεὸς,
1663 1933 1740 1997 ὡς
1770 1918 1882 2003 τὴν*
1916 1934 2080 1990 αὐτοῦ
2108 1933 2158 1999 Β
2188 1933 2279 1992 διὰ
2306 1918 2417 2007 τῆς-
2454 1937 2650 2015 ἀρετῆς
2698 1918 3114 1997 οἷ’κειώσει.“Τθ
3141 1918 3227 1996 ’δὲ
3273 1940 3325 1996 ἐν
3370 1939 3541 2017 ὁράσει
3583 1918 3774 1994 ἀνιὶτοῦ

419 2005 661 2086 ἀκριϐῶς
692 2010 1068 2087 ἐπισταμένοις
1099 2016 1403 2095 ὑπεροχήν.

492 2116 715 2195 «Κύριε
768 2120 798 2174 6
855 2120 986 2184 Θεὸς
1039 2127 1147 2178 τῶν
1203 2122 1503 2199 δυνάμιων,
1555 2126 1639 2191 τίς
1700 2127 1892 2203 ὅμοιός
1938 2149 2071 2202 σοι;

420 2203 642 2271 δύνατος
692 2207 760 2292 εί,
809 2209 993 2287 Κύριε,
1040 2211 1130 2266 καὶ
1181 2215 1215 2283 ἡ
1267 2212 1500 2286 ἀλήθειά
1545 2237 1641 2272 σου
1670 2216 1860 2292 κύκλῳ
1890 2240 2009 2276 σου.
2043 2242 2073 2272 ››

415 2326 503 2384 -έ-Ῠ
534 2296 608 2351 Οὐ
669 2291 833 2371 μόνον
912 2296 1138 2365 δυνατὸς
1216 2302 1265 2357 εἶ
1336 2307 1561 2375 ποιῆσαι
1623 2306 1657 2361 ἃ
1707 2291 2023 2384 ἐπαγγέλλῃ
2054 2355 2071 2381 ,

418 2382 565 2442 ἀλλά
639 2386 730 2442 καὶ
804 2389 840 2458 ἡ
916 2388 1148 2461 ἀλήθεια
1238 2389 1499 2449 οὐδέποτε
1592 2382 1887 2475 ἀφέστηκεν
1965 2382 2072 2455 ἀπὸ

418 2493 537 2532 σου.

494 2587 519 2633 ς
553 2562 630 2619 Σὺ
680 2562 959 2636 δεσπόζεις
1009 2572 1107 2624 τοῦ
1149 2569 1382 2647 κράτους
1436 2580 1538 2643 τῆς
1596 2573 1892 2647 θαλάσσης.
1943 2599 1973 2629 ››
2003 2609 2095 2626 -.

415 2651 625 2730 Κράτος
646 2653 922 2727 θαλάσσης
949 2658 1050 2726 τήν
1086 2658 1206 2735 βίαν
1234 2665 1342 2716 τῶν
1390 2662 1643 2737 κυμάτων
1685 2664 1838 2742 φησὶ,
1872 2663 2070 2743 λέγων,

414 2743 486 2798 Τὸ
515 2742 608 2799 σὸν
646 2748 818 2819 νεῦμα
864 2744 1110 2824 διεγείρει
1158 2750 1259 2819 τήν
1308 2748 1575 2808 θάλασσαν
1617 2752 1711 2809 καί
1758 2753 1923 2812 πάλιν
1952 2742 2071 2825 τὴν

414 2833 664 2906 γαλήνην
700 2831 1001 2910 ἐργάζεται.

489 2944 520 2973 ‹‹
554 2919 632 2976 Σὺ
687 2921 1047 2989 ἐταπείνωσας
1104 2925 1180 2990 ὦς
1233 2930 1565 3004 τραυματίαν
1622 2932 1982 3012 ὑπερήφανον.
2041 2958 2071 2988 ››

416 3042 487 3053 .-.
514 3012 722 3097 Ὄντως
754 3011 895 3069 ἐστὶν
928 3015 956 3069 6
989 3010 1270 3081 διάϐολος.
1302 3019 1391 3082 Ὧς
1440 3021 1772 3097 τραυματίαν
1812 3010 1874 3077 δὲ
1904 3023 2069 3097 εἶπεν,

416 3096 637 3175 ἐπείπερ
681 3101 734 3155 οἱ
782 3105 1307 3180 τετραυματισμένοι
1351 3109 1599 3166 ταπεινοί
1631 3110 1755 3183 εἰσι,
1802 3110 1883 3185 τῷ
1913 3096 2071 3189 ἄλγει

404 3191 505 3243 τοῦ
532 3186 845 3265 τραύματος
875 3194 1388 3269 συγκαμπτόμενοι.

485 3317 516 3346 ‹‹
544 3294 643 3350 Τὸν
707 3296 909 3373 βοῤῥᾶν
962 3298 1055 3355 καί
1106 3302 1207 3371 τήν
1257 3301 1524 3360 θάλασσαν
1575 3305 1640 3361 σὺ
1679 3305 1910 3371 ἔκτισας.
1945 3332 1974 3361 ››
2000 3342 2070 3354 —-
2098 3303 2142 3370 C

414 3380 623 3468 Βορῥᾶν
648 3383 712 3439 τὸ
747 3384 962 3463 βόρειον
990 3386 1151 3466 μέρος
1175 3391 1357 3468 φησίν·
1386 3392 1653 3450 θάλασσαν
1686 3392 1745 3450 δὲ
1772 3395 1835 3452 τὸ
1865 3396 2065 3453 νότιον·

417 3467 453 3525 ἃ
478 3470 571 3526 καὶ
597 3471 803 3548 κυρίως
834 3471 972 3550 ἄκρα
998 3481 1097 3532 τοῦ
1120 3467 1330 3553 κόσμου
1362 3481 1486 3539 εῗσί.

490 3600 521 3631 ‹‹
551 3572 746 3654 Θαϐὼρ
775 3581 867 3635 καὶ
913 3582 1132 3659 Ἑρμὼν
1178 3583 1231 3641 ἐν
1274 3591 1355 3660 τῷ
1411 3587 1640 3663 ὀνόματί
1671 3613 1766 3647 σου
1799 3591 2067 3670 ἀγαλλιά-

417 3685 622 3722 σονται.
680 3691 711 3721 ››
771 3701 839 3713 -
897 3672 996 3727 Διά
1041 3675 1150 3728 τῶν
1213 3674 1354 3752 ὀρῶν
1412 3677 1620 3734 τούτων
1683 3679 1847 3757 ὁρίων
1899 3679 2069 3739 ὄντων

413 3760 516 3825 τῆς
546 3758 653 3831 γῆς
679 3756 1004 3836 ἐπαγγελίαν
1036 3769 1137 3833 τῆς
1184 3764 1321 3841 πρὸς
1368 3767 1468 3837 τήν
1516 3768 1772 3841 τοιαύτην
1824 3769 2073 3843 ἐδήλωσε

415 3850 541 3936 γῆν,
601 3845 699 3936 καὶ,
748 3845 831 3903 ὅτι
886 3849 983 3914 τὰς
1043 3851 1267 3916 πλείους
1323 3851 1603 3933 διατριϐὰς
1661 3858 1689 3913 6
1736 3860 1967 3936 Χριστὸς
2021 3860 2074 3917 ἐν

411 3932 629 3997 τούτοις
684 3934 922 3994 ἐποιεῖτο
978 3944 1097 4004 τοῖς
1158 3941 1391 4020 μέρεσι.
1447 3932 1546 4001 Καὶ
1604 3947 1657 4003 ἐν
1718 3932 1913 4022 Θαϐὼρ
1974 3950 2069 4023 μὲν

418 4026 815 4116 μετεμορφώθη
851 4073 866 4101 ,
925 4027 978 4084 ἐν
1030 4033 1242 4107 Ἑρμὼν
1306 4031 1363 4090 δὲ
1415 4035 1507 4091 τὸν
1568 4037 1682 4093 υἱὸν
1739 4044 1842 4108 τῆς
1892 4040 2072 4116 χήρας

418 4112 724 4184 ἀνέστησεν·
754 4115 979 4174 ἐνταῦθα
1004 4120 1107 4196 γὰρ
1137 4123 1173 4191 ἡ
1204 4120 1369 4186 πόλις
1400 4124 1568 4197 Ναῒμ.

490 4221 998 4312 «ῌΣὸςΔὸ-βραχίων
1055 4227 1191 4301 μετᾶ
1236 4225 1568 4295 δυναστείας.
1606 4256 1634 4284 »
1681 4267 1752 4277 -—
1799 4236 1945 4312 Πρὸς
1974 4237 2068 4293 τὸν

413 4307 626 4399 ξιατέρα
656 4310 684 4365 6
737 4309 927 4389 λόγος,
968 4319 1025 4369 Ὁ
1062 4316 1154 4379 σὸς
1207 4318 1453 4395 βραχίων
1499 4320 1624 4392 ἤτοι
1672 4307 1903 4399 δύναμις
1934 4327 2071 4399 μετά

416 4392 745 4463 δυναστείας.
780 4400 811 4456 6'
841 4401 981 4459 ἐστιν
1015 4392 1360 4480 δυνατωτάτη
1394 4410 1485 4466 καὶ
1514 4411 1738 4490 ἴσχυρά.

494 4524 518 4555 α
576 4510 982 4582 Κραταιωθήτω
1039 4514 1074 4583 ἡ
1133 4514 1260 4592 χείρ
1317 4536 1433 4572 σου·
1508 4518 1781 4592 ὑψωθήτω
1829 4524 1865 4591 ἡ
1925 4519 2072 4593 δεξιά

415 4614 534 4651 σου.
568 4617 598 4647 ››
634 4628 699 4639 -
724 4599 833 4667 Τὴν
885 4596 1109 4674 δύναμιν
1157 4601 1323 4659 πάλιν
1374 4604 1597 4663 ἐκάλεσε
1639 4607 1729 4663 καὶ
1778 4614 1941 4686 ’χεῖρα
1976 4611 2069 4667 καὶ

415 4677 614 4773 δεξιὰν,
662 4688 1093 4773 κραταιουμένην
1146 4690 1241 4764 μὲν
1290 4695 1407 4749 κατ’
1453 4694 1706 4772 ἐχθρῶν,
1758 4677 2068 4773 ὑῷουμένην

415 4768 493 4846 δὲ,
528 4772 605 4836 εἷς
635 4770 838 4848 σκέπην
890 4781 998 4833 τῶν
1049 4779 1287 4839 οἰκείων.
1340 4768 1580 4859 Δύναμις
1625 4768 1699 4841 δέ
1728 4768 1827 4842 τοῦ
1855 4768 2069 4866 Πατρός

412 4861 442 4915 6
471 4861 619 4927 Υἱός.

485 4977 515 5007 ‹‹
571 4955 894 5029 Δικαιοσύνη
960 4958 1050 5014 καὶ
1127 4966 1301 5037 κρῖμα
1375 4963 1661 5038 ἑτοιμασία
1716 4970 1814 5022 τοῦ
1873 4967 2069 5044 θρόνου

415 5063 532 5098 σου.
588 5068 609 5096 ιι
663 5078 734 5089 —-
789 5046 912 5103 Ἐπὶ
958 5046 1270 5126 δικαιοσύνῃ
1315 5052 1406 5107 καὶ
1454 5052 1629 5131 κρίσει
1675 5052 1803 5125 ἤτοι
1855 5053 2066 5121 δικαίας

411 5132 642 5209 κρίσεως
719 5136 748 5191 6
822 5134 1129 5202 δικαστικός
1208 5162 1303 5196 σου
1361 5142 1553 5220 θρόνος
1608 5142 1921 5217 ἥδρασται·
1982 5143 2068 5202 διὸ

409 5221 502 5278 καὶ
589 5227 723 5297 μετὰ
824 5232 919 5282 τοῦ
1020 5232 1434 5307 τυραννήματος
1537 5239 1737 5310 κρινεῖς
1843 5233 2067 5301 δικαίως

407 5313 579 5385 mc.

482 5424 513 5455 ‹‹
544 5404 822 5491 Μακάριος
864 5407 893 5462 6
938 5408 1092 5478 λαὸς,
1148 5411 1177 5466 6
1224 5412 1509 5487 γινώσκων
1557 5412 1901 5491 ἀλαλαγμόν.
1936 5439 1967 5469 ››
1996 5449 2067 5459 -

407 5489 867 5580 Μακαρίζει-τοὺς
917 5492 1128 5560 εἰδότας
1171 5502 1323 5570 νικᾷν
1371 5498 1497 5563 τοὺς
1543 5489 1808 5578 ἀοράτους
1833 5500 2066 5580 ἐχθροὺς

405 5578 495 5632 καὶ
527 5578 645 5633 κατ’
675 5578 851 5634 αὐτῶν
900 5581 1214 5656 ἀλαλάζειν,
1262 5586 1352 5642 καί
1393 5608 1579 5666 φησιν·
1635 5590 1796 5645 Οὗτοι
1844 5578 1899 5647 ἐν
1940 5578 2063 5655 ταῖς

407 5664 653 5730 ἐντολαῖς
682 5673 780 5723 τοῦ
812 5671 941 5726 Υἱοῦ
975 5693 1069 5727 σου
1098 5664 1610 5748 πολιτευθήσονται.

485 5779 512 5815 α
542 5755 648 5815 Καὶ
708 5756 759 5813 ἐν
835 5759 1063 5837 ὀνόματί
1118 5784 1215 5820 σου
1280 5765 1706 5843 ἀγαλλιάσονται
1764 5766 1902 5842 ὅλην
1960 5771 2060 5841 τήν

2185 2024 2447 2103 ἐναργῶς·
2481 2029 2517 2097 ἡ
2550 2026 2653 2103 γάρ
2688 2027 2877 2106 ὅρασις
2923 2028 3284 2106 ἐναργεστέρα
3325 2033 3429 2084 τῶν
3470 2027 3600 2085 ὅλων
3628 2026 3771 2095 αἰσθήσ

2184 2135 2341 2171 σεων.
2372 2116 2444 2171 Τὸ
2469 2115 2593 2172 τότε
2640 2114 2700 2173 δὲ
2744 2117 2836 2173 τὸν
2889 2117 3092 2195 χρόνον
3145 2115 3315 2190 δηλοῖ
3357 2119 3470 2174 καθ’
3498 2117 3551 2173 ὃν
3587 2112 3773 2173 ἐνεπνεύ·

2183 2205 2386 2276 σθησαν
2416 2205 2469 2261 οἱ
2497 2208 2775 2284 προφῆται
2803 2207 2873 2262 τά
2901 2207 3028 2284 περὶ
3057 2211 3159 2262 τοῦ
3188 2212 3440 2285 Χριστου.

2256 2334 2285 2364 ι(
2317 2312 2416 2366 Καὶ
2473 2311 2627 2375 εἶπας
2659 2331 2673 2346 ·
2733 2314 2965 2388 Ἐθέμην
3028 2315 3289 2390 βοήθειαν
3348 2313 3433 2369 έπὶ
3486 2310 3704 2369 δυνατόν.
3748 2332 3768 2361 ιι

2181 2433 2252 2443 -
2281 2401 2512 2456 Δυνατὸν
2571 2401 2718 2479 λέγει
2771 2402 2863 2458 τὸν
2925 2404 3138 2475 Ἰησοῦν
3193 2404 3270 2466 ὡς
3326 2402 3515 2480 ἔχοντα
3556 2401 3601 2457 ἐν
3643 2401 3769 2469 ἑαυτῷ

2179 2489 2280 2559 τὴν
2337 2494 2436 2544 τοῦ
2493 2494 2628 2546 Θεοῦ
2684 2488 2936 2566 δύναμιν,
2995 2488 3123 2561 ἤτοι
3180 2490 3275 2548 τὸν
3330 2493 3449 2548 rtem
3501 2495 3587 2546 τοῦ
3633 2496 3765 2545 Θεου’

2179 2582 2372 2634 τοῦτον
2398 2579 2500 2656 γὰρ
2529 2579 2620 2635 καὶ
2658 2581 2912 2655 βοήθειαν
2963 2578 3116 2657 λέγει
3168 2581 3558 2659 παρεσχηκέναι
3597 2578 3680 2634 ὑπὸ
3698 2577 3764 2631 τοῦ
3856 2604 3861 2611 -

2180 2666 2415 2744 Πατρός·
2451 2667 2567 2724 ἐπεὶ
2599 2665 2821 2742 εύδοκίᾳ
2868 2673 2966 2726 τοῦ
3013 2671 3233 2749 Πατρὸς
3263 2677 3467 2741 ἥνωται
3497 2669 3523 2724 6
3550 2666 3763 2743 Λόγοςτῷ

2186 2756 2387 2827 Ἰησοῦ.

2256 2868 2285 2897 ‹‹
2311 2847 2535 2921 Ὕψωσα
2591 2845 2845 2902 ἐκλεκτόν
2899 2846 2961 2903 ἐκ
3011 2851 3111 2903 τοῦ
3171 2846 3312 2904 λαοῦ
3371 2868 3491 2921 μου.
3533 2868 3560 2898 ι)
3598 2875 3650 2887 ·-
3687 2838 3752 2894 Τὸν

2181 2933 2343 2990 αὐτὸν
2404 2933 2550 3012 λέγει
2606 2935 2699 2992 καὶ
2758 2934 3035 3010 ἐκλεκτὸν,
3098 2936 3181 3001 ὠς
3232 2937 3323 2993 καὶ
3372 2926 3746 3012 ἐκλεγόμενονεᾶ

2178 3027 2280 3094 τήν
2330 3025 2449 3080 καθ’
2504 3024 2794 3082 ὑπόστασιν
2844 3022 3035 3081 ἕνωσιν
3092 3030 3197 3081 τοῦ
3251 3027 3383 3081 Υἱοῦ
3427 3024 3513 3080 καὶ
3558 3016 3739 3097 ὑψωίὲντα

2182 3111 2254 3168 δι’
2282 3112 2471 3185 αὐτήν·
2501 3113 2596 3169 τὸν
2628 3112 2760 3170 λαὸν
2793 3112 2852 3170 δὲ
2881 3112 3033 3191 λέγει
3061 3115 3159 3171 τὸν
3190 3111 3507 3171 Ἰουδαῖκόνο
3537 3112 3588 3168 ἐκ
3616 3103 3738 3163 τοῦτου

2181 3202 2285 3277 γὰρ
2324 3204 2352 3272 ἦ
2377 3206 2569 3258 τοῦτον
2598 3206 2921 3279 γεννήσασα.
3575 3287 3585 3299 _
3676 3282 3687 3299 '
3717 3281 3729 3299 κ

2253 3315 2283 3343 ‹‹
2315 3290 2488 3368 Εὗρον
2546 3289 2710 3347 Δαυῒδ
2764 3293 2856 3349 τὸν
2917 3290 3117 3349 δοῦλόν
3180 3314 3310 3368 μου.
3360 3316 3389 3347 ››
3420 3325 3485 3336 -
3520 3287 3611 3348 Τὸν
3646 3282 3753 3339 αὐτὸν

2185 3379 2337 3456 λέγει
2368 3381 2459 3435 καὶ
2490 3379 2676 3454 Δαυῖδ,
2718 3380 2793 3444 ὠς
2823 3380 2884 3437 ἐκ
2913 3379 3079 3438 Δαυΐδ
3107 3382 3502 3459 καταγόμενον.

2253 3454 2282 3522 ιὲ
2314 3469 2402 3524 Ἐν
2437 3468 2607 3543 ἐλαίῳ
2637 3469 2779 3545 ἁγίῳ
2827 3490 2933 3545 μου
2983 3467 3184 3547 ἔχρισα
3231 3454 3416 3529 αὑτόν.
3452 3493 3481 3523 »
3507 3500 3569 3512 —
3591 3468 3706 3522 Ἕως
3727 3454 3764 3510 ἓν

2177 3562 2258 3631 τῷ
2288 3558 2430 3634 ἁγίῳ
2460 3558 2754 3634 Ηνεύματι·
3178 3649 3193 3655 _
3240 3651 3280 3655 __
3503 3646 3516 3655 _
3558 3648 3584 3655 _
3704 3634 3716 3655 κ

2252 3671 2283 3700 (ί
2314 3632 2379 3703 Ἥ
2431 3648 2533 3725 γὰρ
2590 3632 2717 3725 χείρ
2782 3670 2891 3723 μου
2950 3649 3412 3726 συναντιλήψεται
3463 3646 3609 3717 αύτῷ,
3647 3632 3769 3695 aut”

2184 3735 2430 3813 βραχίων
2487 3758 2592 3811 μου
2645 3737 2963 3814 κατισχύσει
3011 3734 3201 3798 αὐτόν.
3238 3763 3267 3792 ››
3297 3771 3368 3782 -
3413 3737 3535 3812 Χείρ
3574 3728 3648 3787 καὶ
3673 3727 3770 3814 βρίξξ

2376 3808 2511 3881 Θεοῦ
2562 3827 2598 3896 ἡ
2655 3808 2888 3900 δύναμ-ις
2944 3826 3134 3900 αὐτοῦ,
3198 3829 3235 3898 ἢ
3286 3827 3362 3891 ὠς
3411 3827 3438 3882 6
3479 3808 3609 3884 Ῠῖός.
3652 3815 3708 3870 Τὸ
3731 3808 3774 3866 δὲ

2178 3913 2495 3990 κατισχύσει
2544 3913 2664 3971 ἀντὶ
2715 3920 2815 3971 τοῦ
2875 3915 3221 3993 ἶσχυρότητα
3275 3918 3524 4004 ποιήσει·
3575 3906 3651 4004 καί

2179 4003 2232 4059 ἓν
2287 4008 2404 4066 τοῖς
2457 4003 2730 4067 τοιούτοις
2784 4007 2820 4075 ἠ
3070 4005 3329 4082 πρόθεσις
3373 4002 3593 4060 έπίτασιν
3628 3991 3770 4064 δηλοῖ·

2179 4090 2255 4156 ὠς
2286 4093 2377 4149 καὶ
2407 4093 2459 4148 ἐν
2489 4092 2570 4167 τῷ
2598 4095 2952 4171 καταργήσει,
2980 4094 3099 4150 ἀντὶ
3119 4098 3223 4151 τοῦ
3253 4093 3584 4170 ἀνενέργητον
3603 4083 3770 4151 ’ποιτίσει

2177 4180 2422 4251 τελείως,
2455 4183 2546 4238 καὶ
2572 4181 2624 4238 έν
2650 4189 2767 4247 τοῖς
2799 4183 3039 4258 ὁμοίοις.

2255 4311 2284 4342 ‹‹
2312 4288 2423 4345 Οὐκ
2465 4289 2741 4369 ὠφελήσει
2788 4289 2986 4368 ἐχθρὸς
3038 4290 3091 4345 ὲν
3145 4291 3313 4365 αὑτῷ.
3350 4314 3372 4342 ιι
3404 4320 3472 4332 -
3497 4283 3598 4342 Οὐκ
3634 4274 3773 4335 ἀνύσει

2177 4379 2208 4434 6
2240 4371 2502 4441 διάϐολος
2530 4378 2582 4433 έν
2614 4378 2762 4451 αύτῷ
2790 4380 3086 4455 πειράζων.

2251 4509 2281 4538 ι(
2335 4485 2436 4540 Καὶ
2494 4485 2613 4548 υἱὸς
2668 4485 2899 4558 ἀνομίας
2959 4487 3022 4542 ού
3077 4488 3378 4561 προσθήσει
3443 4484 3535 4538 τοῦ
3583 4476 3773 4561 κακῶσαξ

2177 4573 2357 4631 αὐτόν.
2390 4598 2421 4626 ››
2469 4607 2539 4617 --
2586 4576 2642 4629 Ὁ
2686 4554 2847 4638 αὐτὸς
2898 4574 2989 4631 καὶ
3032 4554 3152 4638 υἱὸς
3201 4554 3428 4649 ἀνομίας
3473 4566 3686 4644 λέγεται,
3708 4554 3774 4613 καὶ

2103 4675 2149 4741 Ι)
2180 4663 2405 4738 ἄνομος,
2464 4663 2523 4725 ὃς
2579 4662 2642 4719 οὗ
2699 4667 3230 4742 προσεπιχειρήσει,
3283 4659 3542 4738 πειράζων
3589 4653 3775 4742 ἡττῆσαξ

2178 4751 2336 4809 αὑτὸν
2364 4798 2380 4826 ,
2432 4753 2825 4830 ἀποκρουσθεὶς
2880 4753 3016 4810 κατὰ
3067 4754 3163 4810 τὸν
3220 4752 3405 4830 καιρὸν
3459 4748 3654 4823 πρῶτον
3700 4752 3773 4791 του

2177 4846 2506 4920 πειρασμοῦ.
3497 4925 3507 4929 Δ
3582 4922 3596 4929 _
3728 4910 3739 4929 ε

2250 4955 2280 4983 ‹‹
2311 4930 2412 4986 Καὶ
2442 4930 2702 5007 συγκόψω
2732 4931 2838 4988 ἀπὸ
2881 4933 3181 5009 προσώπου
3229 4930 3392 4987 αὐτοῦ
3433 4925 3552 4988 τοὺς
3578 4922 3773 5009 έχβρῗυξ

2174 5018 2362 5077 αὐτοῦ.
2397 5044 2426 5073 >>
2458 4997 2533 5064 -ί
2557 4997 2639 5079 T6
2691 4997 2952 5098 συγκόψώ
3001 5018 3169 5093 δηλοῖ
3195 5021 3259 5077 τὸ
3288 5017 3486 5109 ἀνιελῶἶ
3526 5012 3591 5068 Τὸ
3619 5006 3679 5109 66

2175 5109 2475 5187 προσώπου
2499 5109 2563 5166 τὸ
2610 5108 2702 5165 ἀπ’
2745 5109 3002 5169 ἐνώπιον.
3054 5109 3276 5188 Ἐχθροὶ
3322 5105 3380 5164 δὲ
3404 5103 3491 5161 καὶ
3540 5103 3774 5175 μισοῦντες

2175 5196 2334 5254 αὐτὸν
2363 5199 2416 5254 οἷ
2443 5221 2503 5254 τε
2532 5196 2786 5273 δαίμονες
2814 5199 2905 5255 καὶ
2936 5197 3211 5258 Ἰουδαῖοι.

2250 5329 2279 5358 ‹‹
2308 5306 2408 5361 Καὶ
2438 5308 2473 5376 ἡ
2508 5304 2740 5378 ἀλήθειά
2773 5328 2879 5380 μου
2906 5307 2999 5363 καὶ
3025 5308 3090 5363 τὸ
3120 5303 3276 5369 ἔλεός
3306 5322 3409 5378 μου
3440 5297 3548 5372 μετ’
3572 5289 3730 5349 αὐτοῦ.
3749 5302 3772 5334 ν

2175 5428 2245 5438 —
2274 5393 2541 5467 Ἀλήθεια
2567 5395 2657 5452 καὶ
2690 5393 2846 5459 ἔλεος
2877 5396 3140 5473 πατρικὸν
3174 5395 3204 5450 6
3235 5392 3376 5455 Υἱός.

2247 5526 2278 5556 ‹‹
2316 5501 2417 5558 Καὶ
2467 5501 2518 5558 ἐν
2567 5503 2649 5576 τῷ
2697 5502 2923 5578 ὀνόματί
2977 5525 3083 5577 μου
3152 5501 3488 5576 ὑψωθήσεται
3530 5490 3604 5578 τὸ,
3641 5484 3773 5578 κέρας

2172 5590 2360 5651 αὐτοῦ.
2395 5614 2425 5644 »
2453 5625 2525 5635 —-
2565 5572 2666 5647 Καὶ
2724 5572 2909 5666 ἐν’τῷ
2963 5572 3242 5648 καλεῖσθαι
3296 5592 3375 5661 τῷ
3426 5572 3769 5677 ἐμῷ-όνόμαξι

2171 5680 2290 5752 ἤως
2352 5681 2551 5759 Κύριος
2601 5683 2693 5737 καὶ
2748 5683 2902 5755 Θεὸς,
2964 5680 3419 5759 μεγαλυνθήσεται
3466 5676 3501 5744 ἡ
3546 5666 3659 5761 δέξαι
3692 5666 3767 5761 ai"

2170 5775 2288 5829 τοῦθ
2346 5757 2589 5846 Ἐκλήθη
2652 5768 2712 5828 δὲ
2774 5776 2857 5846 τῷ
2929 5757 3164 5846 τοιούτῳ
3245 5767 3465 5844 ὀνόματι
3514 5761 3543 5817 6
3591 5757 3765 5825 Ἰησοῦς
