4066 6460
290 401 447 469 1537

298 644 459 689 σεως·

1512 392 1927 460 EXPOSITIO
1969 396 2048 459 IN
2093 393 2482 460 PSALMOS.

291 535 419 607 ἤτοι
465 535 531 593 τὸ
582 532 931 611 πρόσλημμα
995 531 1133 587 κατὰ
1185 530 1279 587 τὸν
1339 527 1503 607 λόγον
1560 536 1662 600 τῆς
1733 526 1946 584 ἀντιδό-
1974 528 2033 597 Α

3549 398 3706 467 1538

2140 528 2295 586 «Καὶ
2341 526 2410 584 τὰ
2456 526 2820 603 έκπορευόμεν
2869 548 2903 584 α
2951 527 3039 585 διὰ
3075 534 3185 586 τῶν
3239 530 3472 608 χειλέων
3510 555 3614 609 μου
3645 533 3709 591 06

2069 619 2144 692 μή
2199 617 2469 689 ἀθετήσω.
2503 641 2532 670 ››
2562 650 2633 660 -
2662 618 2811 681 Ἦως
2854 617 2922 674 τὰ
2969 616 3284 694 δηλούμενα
3342 618 3432 678 διὰ
3475 627 3582 680 τῶν
3616 622 3711 681 λό-

372 739 403 769 ‹‹
443 715 548 773 Καὶ
606 715 848 786 θήσομαι
895 709 948 767 έν
1007 706 1249 784 θαλάσσῃ
1295 713 1458 786 χεῖρα
1512 707 1698 781 αὐτοῦ,
1749 707 1839 764 καὶ
1894 706 1947 763 ἐν
2056 728 2167 784 γων
2205 728 2330 781 μου.

297 809 571 878 ποταμοῖς
623 800 797 873 δεξιὰν
840 800 1025 856 αὐτοῦ.
1076 821 1107 853 ››
1139 832 1209 841 -—
1255 798 1354 853 Διά
1404 799 1496 872 μὲν
1541 804 1641 867 τῆς
1675 795 1950 867 Θαλάσσης

297 895 395 958 τὰς
425 895 625 964 νήσους
682 887 977 961 ἐδήλωσεν,
1039 887 1130 943 διὰ
1171 885 1230 942 δὲ
1255 888 1348 943 τὸν
1388 887 1633 961 ποταμὸν
1663 887 1764 956 τήν
1791 886 1952 956 ἤπει-

2137 796 2375 868 ‹‹⁹Ἀπαξ
2432 793 2628 870 ὤμοσα
2683 797 2735 852 ἐν
2800 801 2880 871 τῷ
2938 797 3074 875 ἁγίῳ
3134 800 3358 872 μου,Εἷ
3405 806 3487 876 τῷ
3542 801 3706 860 Δαυῒδ

2062 885 2417 962 ψεύσομαι.»
2474 919 2545 928 —
2598 888 2813 961 Ὧμοσα
2856 887 2993 942 κατά
3046 894 3146 959 τῆς
3199 888 3340 961 ἐμῆς
3397 892 3708 967 ἁγιωσύνης

301 1003 413 1061 ρον.
473 986 642 1058 Χεῖρα
697 977 757 1035 δὲ
810 978 903 1034 καὶ
953 975 1126 1048 δεξιὰν
1160 976 1388 1041 ἐνταῦθά
1415 997 1548 1056 φησι
1576 976 1675 1045 τὴν
1706 975 1953 1051 κατοχήν
2065 975 2201 1047 ἅπαξ
2252 972 2370 1045 ἤως
2429 976 2552 1030 ἄνευ
2608 973 2976 1053 παλιλλογίας
3029 976 3195 1041 τινός.
3246 978 3316 1034 Τὸ
3386 978 3443 1036 δε
3489 981 3536 1037 εἷ
3594 981 3712 1039 ἀντὶ

299 1093 362 1130 τε
392 1071 482 1128 καὶ
511 1068 828 1148 κυριότητα.

373 1185 403 1214 ‹‹
447 1159 621 1222 Αὐτὸς
710 1157 1085 1214 έπικαλέσεται
1149 1177 1236 1231 με,
1290 1156 1479 1232 Πατήρ
1557 1176 1661 1229 μου
1710 1154 1802 1208 .εἶ
1872 1152 1955 1208 σύ·

304 1249 434 1313 Θεός
491 1270 620 1325 μου,
659 1246 751 1302 καί
802 1243 1158 1322 ἀντιλήπτωρ
1206 1251 1310 1314 τῆς
1349 1243 1621 1319 σωτηρίας
1675 1264 1799 1318 μου.
1833 1265 1861 1296 n
1892 1274 1963 1285 —

2063 1069 2163 1121 τοῦ
2194 1060 2277 1122 ού.
2311 1090 2339 1118 ‹‹
2370 1064 2441 1118 Τὸ
2494 1066 2711 1139 σπέρμα
2738 1064 2922 1125 αὐτοῦ,
2960 1089 2989 1118 ››
3017 1067 3086 1122 Τὸ
3146 1066 3361 1147 σπέρμα
3417 1074 3513 1125 τοῦ
3558 1070 3722 1129 Δαυῒδ

2069 1153 2098 1208 6
2129 1153 2382 1229 Χριστὸς,
2414 1152 2654 1230 καθάπερ
2684 1153 3030 1229 προείρηται.

2146 1264 2175 1295 ι(
2206 1241 2306 1297 Καὶ
2338 1242 2366 1297 6
2409 1241 2602 1319 θρόνος
2660 1241 2829 1297 αὐτοῦ
2878 1242 2955 1305 ὡς
3004 1244 3033 1298 6
3080 1242 3244 1315 ἥλιος
3303 1245 3538 1304 ἐναντίον
3597 1271 3726 1325 μου,

305 1338 452 1395 Κατὰ
522 1338 614 1393 τὸν
686 1333 971 1410 ἡνωμένον
1047 1355 1142 1409 μοι
1218 1332 1389 1410 Λόγον
1470 1355 1586 1392 σου.
1655 1332 1786 1396 Θεός
1857 1352 1962 1404 μου
2071 1331 2162 1387 καὶ
2213 1330 2354 1401 ὡςὴ
2387 1328 2591 1402 σελήνη
2641 1333 3047 1408 κατηρτισμένη
3103 1333 3183 1397 εἷς
3232 1336 3324 1391 τὸν
3376 1337 3566 1396 αἰῶνα.
3601 1362 3733 1391 ››-.

309 1425 368 1484 δὲ
436 1426 527 1483 καὶ
608 1422 966 1501 ἀντιλήπτωρ
1041 1423 1180 1480 κατά
1251 1424 1350 1493 τήν
1445 1421 1793 1500 ἀνθρωπίνην
1871 1421 1963 1476 06-

315 1515 554 1681 σίῗέἀγὼ
627 1601 978 1680 πρωτότοκον
1080 1602 1342 1676 θήσομαι.

312 1693 414 1773 γὰρ
472 1690 590 1769 ἔχει
629 1694 659 1749 6
702 1690 906 1769 Κύριος
963 1689 1091 1754 τοὺς
1149 1689 1571 1754 πεπιστευκότας
1634 1690 1709 1752 ὡς
1768 1687 1970 1764 ἅνθρω-

314 1804 439 1857 πος,
489 1781 844 1860 πρωτότοκος
901 1777 976 1836 ὣν
1029 1782 1082 1836 έν
1130 1779 1335 1852 αὐτοῖς,
1384 1780 1414 1834 6
1460 1779 1596 1834 κατά
1650 1779 1751 1849 τήν
1827 1777 1971 1834 θείαν

317 1870 474 1951 φύσιν
509 1871 812 1947 μονογενὴς
844 1869 970 1933 Υἱὸς
997 1873 1098 1924 τοῦ
1126 1868 1365 1946 Πατρός.

394 2002 423 2031 ‹‹
453 1977 688 2054 Ὑψηλὸν
733 1976 881 2054 παρά
931 1981 1042 2039 τοῖς
1089 1976 1367 2052 βασιλεῦσι
1399 1982 1499 2047 τῆς
1547 1983 1674 2052 γῆς.
1711 2001 1739 2029 ››
1778 2009 1849 2019 -
1876 1975 1979 2030 Καὶ

323 2069 398 2131 ὡς
447 2069 736 2144 ἅνθρωπος
783 2067 889 2144 γὰρ
938 2064 1153 2122 πάντων
1208 2063 1455 2135 δεσπόζει
1503 2063 1594 2121 διὰ
1636 2066 1739 2135 τὴν
1787 2065 1977 2122 θέωσιν

322 2161 420 2213 τοῦ
448 2155 665 2234 προσλή
679 2177 915 2231 μματος.

397 2271 427 2301 ‹‹
457 2246 554 2308 Εἰς
600 2245 691 2301 τὸν
742 2244 916 2300 αἰῶνα
963 2243 1186 2323 φυλάξω
1237 2242 1384 2317 αὐτῷ
1449 2244 1513 2299 τὸ
1580 2241 1732 2307 ἔλεός
1790 2264 1915 2317 μου.
1952 2266 1982 2295 ››

326 2368 397 2381 --
436 2334 631 2397 Ἔλεος
686 2330 898 2409 εἴρηται
944 2337 1043 2388 τοῦ
1089 2332 1301 2410 Πατρὸς
1352 2334 1380 2388 ὁ
1429 2333 1576 2406 Υἱὸς,
1620 2332 1734 2388 ἐπεὶ
1777 2330 1848 2388 δι’
1894 2331 1986 2387 a6-

324 2429 422 2480 τοῦ
477 2422 711 2496 ἠλέησεν
775 2424 946 2496 ἡμᾶς,
1010 2422 1099 2477 καὶ
1182 2426 1282 2477 τοῦ
1365 2421 1628 2499 τυράννου
1703 2421 1983 2499 ἐῤῥύσατο.

329 2510 648 2585 Δεδήλωται
696 2509 756 2568 δὲ
804 2509 896 2567 διὰ
935 2515 1034 2568 τοῦ
1084 2509 1255 2588 ῥητοῦ
1304 2510 1369 2567 τὸ
1412 2510 1466 2575 ἐς
1536 2510 1619 2567 ἀεὶ
1676 2510 1984 2587 ἀχώριστον

327 2607 436 2658 τῶν
470 2600 768 2658 ἐνωθεισῶν
801 2600 891 2656 ἐπὶ
921 2601 1161 2678 Χριστοῦ
1192 2600 1421 2679 φύσεων.

296 2730 299 2733 η
407 2714 437 2747 α
468 2689 568 2747 Καὶ
627 2692 662 2761 ἡ
724 2687 958 2761 διαθήκη
1020 2710 1127 2764 μου
1183 2690 1351 2761 πιστὴ
1411 2688 1574 2763 αὐτῷ.
1613 2713 1643 2742 »
1693 2723 1762 2731 —
1810 2688 1909 2744 Καὶ
1951 2691 1988 2759 ἡ

331 2780 470 2858 πρὸς
528 2781 618 2835 τὸν
681 2776 846 2834 Δαυῒδ
903 2776 1208 2854 ἐπαγγελία
1268 2799 1372 2853 μου
1434 2774 1627 2855 βεϐαία
1701 2776 1848 2835 ἔσται
1908 2778 1992 2835 ἐπ’

334 2869 504 2943 αὐτῷ,
533 2866 832 2941 τουτέστιν,
865 2867 943 2930 εἷς
993 2866 1153 2923 αὐτὸν
1206 2861 1543 2938 ἀποϐήσεται
1589 2867 1652 2922 τὸ
1705 2866 1994 2942 εἰρημένον

334 2957 475 3035 πρὸς
521 2957 614 3013 τὸν
660 2953 848 3031 Δαυῒδ,
877 2952 1005 3026 ἤτοι
1051 2954 1116 3011 τὸ
1169 2957 1314 3019 ’Έως
1361 2959 1460 3011 τοῦ
1489 2954 1684 3020 αἰῶνος
1717 2955 1993 3031 ἑτοιμάσω

335 3047 403 3103 τὸ
433 3045 651 3123 σπέρμα
679 3066 800 3105 σου.

414 3159 443 3188 ‹‹
475 3135 576 3190 Καὶ
653 3136 895 3209 θήσομαι
973 3132 1050 3196 εἰς
1119 3133 1211 3189 τὸν
1286 3133 1459 3189 αἰῶνα
1529 3138 1629 3189 τοῦ
1688 3132 1888 3197 αἰῶνος
1932 3134 1997 3188 τὸ

2007 1920 2057 1986 Β

2074 1421 2224 1483 Ἦως
2279 1424 2378 1475 τοῦ
2421 1421 2731 1496 σπέρματον
2791 1418 2978 1479 Δαυίδ.
3037 1422 3108 1477 Τὸ
3170 1420 3228 1479 δὲ
3285 1425 3360 1489 ὡς
3407 1424 3572 1496 ἥλιος
3638 1427 3731 1484 καὶ

2078 1509 2153 1572 ὡς
2200 1511 2235 1580 ἡ
2299 1507 2714 1586 πεπληρωμένη
2787 1512 2957 1585 (forte
3022 1511 3255 1585 σελήνη)
3316 1512 3436 1585 ’ἕως
3510 1520 3545 1588 ἡ
3603 1539 3738 1575 παν.

1425 1625 1448 1653 n
1523 1634 1594 1644 —-
1667 1597 1969 1679 Ἀδελφοὺς
2080 1597 2310 1671 σέληνος
2366 1599 2456 1655 καὶ
2507 1598 2793 1678 ὁλόφωτος
2840 1600 2903 1655 τὸ
2955 1599 3224 1676 ἐπίσημον
3278 1604 3392 1678 ἅμα
3438 1604 3531 1661 καὶ
3583 1607 3736 1682 μόνι-

2085 1708 2185 1762 μον
2215 1695 2317 1758 τῆς
2346 1692 2445 1743 τοῦ
2473 1689 2712 1765 Χριστοῦ
2746 1686 3024 1764 βασιλείας
3055 1687 3240 1762 δηλοῖ.

2156 1776 2318 1832 «Καὶ
2370 1778 2400 1832 6
2462 1774 2668 1854 μάρτυς
2727 1776 2778 1832 έν
2841 1777 3051 1855 οὐρανῷ
3108 1780 3376 1845 πιστός.»
3435 1816 3505 1827 -
3567 1785 3669 1841 Καὶ
3702 1786 3733 1841 6

2089 1864 2601 1943 διαμαρτυράμενος
2673 1864 2847 1923 εἰίτουν
2919 1866 3380 1946 ἐπαγγειλάμενος
3459 1876 3628 1929 ταῦτα
3683 1873 3737 1931 ἐν

2085 1960 2164 2029 τῷ
2194 1956 2407 2031 οὐρανῷ
2437 1952 2511 2011 ὢν
2547 1951 2764 2033 βέϐαιός
2793 1956 2952 2014 ἐστιν.

2161 2069 2189 2096 ‹‹
2224 2043 2301 2099 Σὺ
2353 2041 2412 2100 δὲ
2459 2044 2662 2101 ἀπώσω
2723 2047 2813 2101 καὶ
2882 2045 3261 2118 ἐξουδένωσας·
3313 2046 3581 2109 ἀνεϐάλου
3645 2053 3739 2110 τὸν

2090 2131 2313 2209 χριστόν
2373 2154 2489 2188 σου.
2541 2159 2569 2187 ››
2623 2167 2693 2177 -
2746 2135 2822 2189 Τά
2896 2134 3132 2191 ἐντεῦθεν
3195 2139 3479 2213 προσώπῳ
3532 2144 3633 2197 τοῦ
3689 2139 3743 2197 ἐν

2092 2216 2375 2277 Βαϐυλῶνι
2428 2220 2797 2298 αἰχμαλώτου
2857 2223 3015 2282 λαοῦ.
3086 2227 3184 2281 Διὰ
3238 2226 3447 2284 τούτων
3517 2226 3575 2285 δὲ
3630 2234 3740 2287 τῶν

2096 2310 2276 2388 ῥητῶν
2310 2311 2338 2365 6
2364 2313 2659 2389 Προφήτης
2691 2310 2970 2384 ὑποδηλοῖ
2995 2314 3059 2370 τὸ
3105 2320 3210 2371 τῶν
3253 2315 3528 2374 Ἰουδαίων
3580 2319 3742 2376 ἀσύν-

2096 2420 2212 2454 ετον
2272 2397 2324 2453 έν
2392 2402 2629 2476 Γραφαῖς
2685 2399 2775 2454 καὶ
2839 2399 3086 2472 ἀνόητον·
3159 2404 3236 2475 μὴ
3302 2405 3570 2469 συνιέντες
3639 2404 3744 2484 γὰρ

2094 2487 2148 2544 τί
2173 2487 2237 2543 τὸ
2269 2488 2485 2565 σπέρμα
2540 2486 2703 2543 Δαυῒδ
2759 2490 2849 2545 καὶ
2895 2490 2977 2553 τίς
3019 2493 3055 2561 ἡ
3109 2490 3358 2568 βασιλεία
3401 2493 3587 2568 αὑτοῦ,
3620 2495 3746 2551 ἀνο-

2096 2576 2402 2649 ηταίνουσι,
2434 2574 2700 2652 ψευδῆσαι
2745 2578 2839 2634 τὸν
2887 2580 3015 2635 Θεὸν
3051 2576 3548 2655 ὑποκαμϐάνοντες.
3586 2583 3658 2640 Τὸ
3690 2581 3749 2640 δὲ

2098 2660 2362 2722 ἀνεϐάλου
2416 2668 2480 2722 τὸ
2537 2666 2891 2742 παρεκρούσω
2948 2666 3135 2740 δηλοῖ.
3194 2671 3422 2747 Χριστὸν
3483 2670 3571 2729 δὲο
3596 2670 3748 2751 λέγει

2099 2757 2189 2812 τὸν
2223 2755 2388 2812 Δαυῒδ
2417 2757 2554 2833 πρὸς
2581 2757 2639 2812 ὃν
2666 2759 2702 2827 ἡ
2736 2755 3053 2835 ἐπαγγελία.

2174 2870 2203 2898 ‹‹
2235 2844 2604 2921 Κατέστρεψας
2660 2847 2759 2916 τὴν
2819 2843 3084 2919 διαθήκην
3138 2853 3235 2904 τοῦ
3307 2847 3511 2907 δούλου
3569 2873 3686 2908 σου.
3717 2876 3748 2907 ››

2105 2969 2171 2979 -
2201 2933 2509 2998 Κατέλυσας
2544 2935 2645 3004 τὴν
2677 2933 2999 3013 ἐπαγγελίαν
3032 2938 3132 3008 τὴν
3171 2938 3310 3016 πρὸς
3340 2939 3521 3001 αὐτόν.

2176 3066 2206 3095 ‹‹
2236 3036 2625 3113 Ἐϐεϐήλωσας
2672 3040 2749 3104 εἰς
2796 3043 2895 3111 τὴν
2942 3050 3049 3119 γῆν
3092 3045 3156 3100 τὸ
3211 3045 3459 3122 ἀγίασμα
3503 3046 3690 3106 αὐτοῦ.
3722 3071 3752 3101 ››

2105 3131 2612 3208 -Παρεχώρησας
2665 3130 3007 3204 ἀτιμωθῆναι
3084 3133 3162 3197 εἰς
3219 3135 3318 3205 τήν
3381 3138 3507 3212 γῆν,
3559 3134 3590 3191 6'
3643 3136 3757 3193 ἐστι

345 3224 562 3298 σπέρμα
607 3223 794 3283 αὐτοῦ.
842 3247 871 3276 ››
921 3255 991 3265 -
1039 3223 1269 3300 Σπέρμα
1324 3227 1420 3279 τοῦ
1467 3225 1702 3297 Χριστοῦ
1747 3226 1784 3294 ἡ
1835 3222 1998 3300 εὐαγ-
2032 3288 2068 3300 Α
2104 3224 2420 3275 καταπεσεῖν
2477 3219 2566 3275 καὶ
2642 3222 3041 3292 κοινωνηθῆναι
3095 3223 3186 3277 τὸν
3236 3225 3359 3281 ναὸν
3396 3225 3456 3281 ὃν
3505 3225 3533 3279 6
3591 3222 3757 3282 Δαυίδ

337 3310 533 3390 γελική
562 3309 816 3368 πολιτεία
851 3310 1017 3368 αὐτοῦ
1045 3308 1163 3381 ἥως
1191 3313 1228 3381 ἡ
1261 3308 1582 3368 διδασκαλία
1607 3312 1792 3367 αὐτοῦ.

411 3512 443 3543 ι(
472 3488 573 3545 Καὶ
617 3491 710 3545 τὸν
756 3488 945 3566 θρόνον
996 3489 1163 3546 αὐτοῦ
1213 3490 1289 3553 ὡς
1333 3488 1431 3553 τὰς
1490 3488 1705 3568 ἡμέρας
1752 3494 1851 3546 τοῦ
1901 3490 1996 3545 06-

342 3582 526 3654 ρανοῦ.
589 3602 619 3631 ››
674 3610 745 3621 -
802 3578 1004 3656 Θρόνον
1071 3580 1172 3649 τήν
1229 3578 1504 3653 βασιλείαν
1554 3577 1726 3656 λέγει·
1783 3581 1994 3655 ἡμέραν

340 3665 401 3724 δὲ
433 3666 665 3742 οὐρανοῦ
694 3666 786 3722 τὸν
819 3666 1069 3744 οὐράνιον
1122 3666 1318 3738 αἰῶνα,
1347 3668 1591 3724 τουτέστι
1635 3668 1727 3723 τὸν
1778 3667 1829 3722 έν
1880 3673 1997 3733 τοῖς

342 3757 476 3828 ἅνω,
507 3757 571 3812 τὸ
601 3758 743 3813 θεῖον
777 3756 868 3812 καὶ
900 3754 1282 3827 ἀτελεύτητον.

417 3870 446 3899 ‹‹
506 3846 627 3900 Ἐὰν
685 3844 1126 3922 ἐγκαταλίπωσιν
1186 3847 1238 3901 οἱ
1297 3845 1407 3901 υἱοὶ
1456 3845 1621 3902 αὐτοῦ
1674 3847 1769 3902 τὸν
1827 3846 1998 3922 νόμον

346 3955 474 4006 μου,
526 3933 617 3988 καὶ
673 3939 793 3996 τοῖς
847 3934 1077 4011 κρίμασί
1138 3956 1243 4008 μου
1306 3936 1382 4010 μή
1444 3937 1801 4013 πορευθῶσιν.
1860 3962 1890 3991 ››
1930 3969 2002 3981 --

344 4021 408 4074 Οἱ
439 4020 550 4075 υἱοὶ
588 4024 689 4075 τοῦ
745 4023 983 4095 Χριστοῦ
1032 4023 1084 4077 οἱ
1136 4020 1226 4078 διὰ
1277 4028 1377 4079 τοῦ
1403 4023 1637 4102 λουτροῦ
1664 4028 1764 4095 τῆς
1795 4024 1998 4103 παλιγ-

341 4108 583 4186 γενεσίας
614 4109 1056 4186 ἀναγεννηθέντες
1090 4111 1257 4185 αὐτῷ.

421 4223 443 4251 α
479 4199 601 4253 Ἐὰν
649 4197 719 4254 τὰ
774 4194 1121 4272 δικαιώματά
1174 4222 1280 4274 μου
1342 4197 1728 4277 βεϐηλώσωσι,
1759 4204 1850 4260 καὶ
1904 4206 2002 4268 τὰς

345 4285 572 4350 ἐντολάς
629 4307 736 4361 μου
788 4286 865 4361 μὴ
917 4285 1248 4367 φυλάξωσιν.
1284 4312 1315 4341 ››
1365 4323 1436 4333 -
1484 4286 1729 4361 Βέϐηλον
1790 4292 2001 4369 λέγεται

345 4377 483 4452 πρὸς
551 4372 967 4445 ἀντιδιαστολήν
1041 4380 1141 4432 τοῦ
1218 4375 1418 4434 ἀδύτου
1495 4380 1556 4435 τὸ
1629 4386 1762 4436 πᾶσι
1840 4383 2000 4458 βατὸν

344 4466 438 4522 καὶ
515 4465 722 4540 κοινὸν,
806 4464 897 4521 καὶ
971 4462 1061 4521 διὰ
1138 4471 1300 4523 τοῦτο
1385 4467 1833 4544 έξηυτελισμένον
1911 4472 2003 4528 καὶ

350 4551 572 4630 ἄτιμον.

424 4667 453 4743 ιι
481 4641 892 4743 ἱΕπισκέψομαι.
951 4641 1042 4743 ἐγ*
1085 4640 1295 4743 ῥάϐδῳ⁸
1338 4646 1436 4743 τὰς
1513 4646 2004 4743 ἀνομίαςῃαύτῶν,
2037 4656 2085 4722 D
2114 4640 2362 4735 συνήὸως
2391 4664 2443 4719 ἐν
2479 4640 2683 4740 μάχαις
2711 4663 2859 4738 αὐτῳ
2888 4640 3172 4743 παρεῖχες.

344 4734 437 4788 καὶ
487 4731 540 4788 ἐν
594 4733 809 4807 μάστιξι
834 4734 934 4797 τὰς
976 4731 1188 4798 ἀδικίας
1239 4734 1438 4794 αὐτῶν.
1470 4760 1493 4788 ιι
1529 4770 1599 4785 -
1642 4733 1867 4802 Ῥάϐδος
1915 4740 2005 4795 καὶ

354 4824 611 4898 μάστιγες
636 4822 692 4877 αἱ
716 4823 992 4902 συμφοραὶ
1024 4824 1115 4880 καὶ
1144 4825 1197 4880 οἱ
1228 4825 1539 4900 πειρασμοί.

423 4953 453 4982 ‹‹
483 4928 555 4984 Τὸ
613 4926 671 4984 δὲ
714 4924 868 4993 ἔλεός
920 4951 1025 5005 μου
1091 4932 1154 4987 06
1226 4935 1302 5008 μὴ
1374 4930 1707 4990 διασκεδάσω
1772 4934 1862 4990 ἀπ’
1908 4935 2004 4990 αὖ·

345 5020 478 5074 τῶν.
515 5041 545 5071 ››
576 5050 644 5061 -
690 5020 841 5083 Ἦως
893 5018 954 5075 06
1001 5020 1213 5077 τελείαν
1261 5024 1567 5097 ποιήσομαι
1616 5022 1790 5079 αὐτῶν
1850 5024 2006 5101 ἐγκα-

349 5105 622 5181 τάλειψιν.

425 5192 623 5250 «Οὐδὲ
684 5196 762 5270 μὴ
821 5194 1070 5268 ἀδικήσω
1128 5197 1181 5253 έν
1238 5206 1306 5271 τῆ
1365 5198 1598 5273 ἀληθείᾳ
1658 5223 1789 5275 μου.
1857 5223 1885 5257 ιι
1937 5236 2007 5246 —

354 5279 480 5339 Οὐδ’
519 5282 621 5339 οὐκ
675 5281 922 5357 ἀδικήσω
966 5287 1067 5355 τήν
1108 5286 1367 5359 ἀλήθειάν
1410 5310 1515 5362 μου
1556 5289 1616 5346 ἐκ
1659 5294 1757 5346 τοῦ
1814 5291 2009 5366 ψεύσα-

356 5383 499 5444 σθαι,
533 5370 646 5428 066’
689 5374 750 5429 06
812 5377 887 5449 μὴ
943 5375 1194 5450 ἀτιμάσω
1250 5378 1349 5447 τὴν
1410 5377 1735 5457 ἐπαγγελίαν
1798 5402 1902 5455 μου
1949 5380 2010 5438 ἐκ

350 5466 449 5537 τοῦ
480 5461 737 5533 ἀθετῆσαι
767 5463 955 5536 αὐτήν.

428 5575 457 5604 ‹‹
488 5549 626 5607 Οὐδὲ
657 5553 734 5626 μή
774 5548 1082 5631 βεϐηλώσω
1112 5558 1213 5627 τήν
1253 5554 1522 5630 διαθήκην
1559 5580 1683 5632 μου.
1717 5584 1746 5612 ››
1781 5594 1850 5605 —-
1880 5570 2008 5616 Δια-

355 5643 529 5713 θήκην
590 5639 647 5697 δὲ
704 5640 848 5721 λέγει
877 5645 963 5721 τὸ,
1004 5670 1032 5700 ‹‹
1067 5645 1258 5711 Ἔλεύς
1305 5668 1410 5723 μου
1441 5647 1503 5704 06
1539 5649 1614 5726 μὴ
1676 5646 2009 5707 διασκεδάσω

358 5730 452 5790 ἀπ’
484 5731 684 5795 αὐτῶν.
718 5757 748 5791 »

2025 3288 2068 3356 C
2109 3309 2203 3384 μὲν
2237 3306 2600 3383 οἰκοδομῆσαι
2629 3288 2911 3386 προέθετο,
2940 3288 3216 3386 Σολομὼν
3248 3311 3307 3369 δὲ
3335 3315 3396 3370 τὸ
3427 3313 3587 3392 ἔργον
3612 3394 3613 3397 η
3647 3315 3759 3391 εἷρ-

2104 3397 2306 3474 γάσατο
2332 3402 2430 3454 τοῦ
2460 3398 2685 3474 πατρός,

2179 3513 2208 3541 ‹‹
2237 3487 2493 3550 Καθεῖλες
2544 3489 2748 3551 πάντας
2823 3487 2952 3552 τοὺς
3020 3490 3310 3569 φραγμοὺς
3378 3491 3566 3553 αὐτοῦ.
3617 3516 3646 3548 ››
3690 3526 3760 3539 -

2107 3577 2361 3654 Φραγμοὶ
2400 3581 2501 3633 τοῦ
2549 3575 2712 3633 Δαυῒδ
2758 3575 2884 3647 ἤτοι
2931 3583 3028 3634 τοῦ
3077 3578 3129 3652 ἐξ
3177 3580 3344 3637 αὐτοῦ
3387 3582 3761 3660 καταγομένου

2109 3665 2246 3722 λαοῦ
2272 3667 2341 3722 τὰ
2367 3668 2527 3744 τείχη
2569 3671 2678 3722 τῶν
2720 3666 2957 3726 πόλεων.
3009 3670 3379 3747 Ὀχυρώματα
3423 3668 3481 3727 δὲ
3520 3673 3572 3728 οἱ
3621 3693 3758 3750 προ-

2113 3760 2419 3832 μαχοῦντες
2485 3753 2840 3829 πολεμισταί.
2899 3756 3121 3833 Λέγεται
3184 3755 3242 3813 δὲ
3296 3759 3496 3834 ἀνομία
3550 3761 3580 3816 6
3633 3760 3759 3818 ἄνο-

2114 3866 2233 3920 μος,
2260 3844 2349 3900 καὶ
2400 3843 2527 3915 δόξα
2555 3846 2584 3900 6
2615 3842 2846 3917 ἔνδοξος,
2887 3845 2977 3901 καὶ
3019 3843 3203 3903 δὸιλία
3244 3849 3273 3903 6
3321 3845 3526 3922 δειλὸς,
3555 3850 3648 3905 καὶ
3690 3851 3762 3907 τὰ

2106 3938 2332 3989 τοιαῦτα
2361 3931 2593 4006 ὁμοίωςο
2621 3934 2692 3988 Τὸ
2723 3931 2780 3988 δὲ
2809 3930 2931 3989 ἔθου
2960 3934 3023 3988 τὸ
3055 3933 3287 4012 εἰργάσω
3319 3933 3506 4008 δηλοῖ.

2185 4063 2213 4092 ‹‹
2245 4041 2554 4114 Διήρπασαν
2603 4039 2762 4096 αὐτὸν
2809 4042 3002 4104 πάντες
3050 4042 3102 4097 οἱ
3169 4039 3501 4108 διοδεύοντες
3569 4043 3695 4102 ὁδόν
3726 4070 3757 4102 ››

2110 4161 2181 4173 -
2221 4128 2393 4183 Αὐτὸν
2439 4124 2565 4198 ἤτοι
2610 4133 2711 4197 τήν
2773 4129 3068 4206 παρουσίαν
3128 4131 3292 4186 αὐτοῦ
3350 4130 3652 4211 διήρπαζον
3708 4136 3762 4191 οἱ

2115 4263 2130 4277 .
2166 4264 2178 4277 .
2215 4259 2227 4273 .
2260 4217 2431 4287 αὐτῆς
2484 4216 2848 4291 πεποιημένοι
2902 4219 3003 4289 τήν
3067 4216 3249 4276 δίοδον
3327 4220 3764 4298 ἐγγειτονοῦντες

2111 4304 2443 4386 ἀλλόφυλομ

2187 4420 2216 4450 (ι
2247 4399 2498 4471 Ὕψωσας
2526 4396 2627 4465 τὴν
2660 4392 2832 4467 δεξιὰν
2881 4402 2990 4453 τῶν
3051 4394 3355 4456 θλιϐόντων
3415 4401 3598 4459 αὐτόν.
3632 4425 3662 4455 ››
3693 4433 3767 4446 -

2112 4486 2199 4541 Ἐν
2229 4489 2309 4558 τῷ
2336 4483 2513 4540 παίειν
2542 4483 2738 4548 αὐτοὺς
2769 4484 2820 4540 έν
2849 4490 2930 4559 τῷ
2985 4485 3221 4562 πολέμῳ
3279 4487 3542 4568 εὔφρανας
3591 4489 3766 4548 πάντα

2110 4574 2179 4630 τὰ
2242 4573 2462 4650 γείτονα
2540 4569 2689 4645 ἔθνη.
2753 4575 3121 4653 ’Δπέστρεψας
3202 4578 3303 4649 τήν
3393 4580 3648 4655 βοήθειαν
3702 4580 3765 4650 ἢν

2186 4777 2215 4805 ‹‹
2259 4753 2624 4828 Ἀπέστρεψας
2674 4774 2775 4824 την
2833 4754 3086 4830 βοήθειαν
3133 4763 3235 4827 τῆς
3268 4756 3539 4836 ῥομφαίας
3577 4757 3767 4830 αὐτοῦ,

2115 4842 2204 4897 καὶ
2264 4840 2363 4896 οὐκ
2419 4836 2718 4896 ἀντελάϐου
2772 4840 2935 4896 αὐτοῦ
2984 4842 3044 4898 ἐν
3103 4845 3183 4915 τῷ
3237 4842 3492 4920 πολέμῳ.
3526 4869 3556 4898 ››
3587 4848 3768 4918 -Τῷ

2113 4931 2252 5007 πρὸς
2285 4925 2688 4993 Βαϐυλωνίους.

2188 5045 2218 5074 ι(
2249 5018 2561 5082 Κατέλυσας
2617 5020 2775 5076 αὐτὸν
2833 5021 2938 5077 ἀπὸ
2996 5023 3357 5099 καθαρισμοῦ.
3417 5046 3447 5076 »
3504 5057 3575 5068 --
3628 5029 3768 5080 Κατ-

2117 5111 2351 5173 έπαυσας
2434 5108 2592 5165 αὐτὸν
2677 5111 2782 5166 ἀπὸ
2864 5117 2962 5168 τοῦ
3057 5114 3319 5184 συνήθους
3402 5115 3767 5191 καθαρισμοῦ,

2115 5199 2408 5272 τουτέστιν,
2465 5198 2674 5262 ἀνεῖλες
2757 5201 2853 5263 τὰς
2927 5201 3116 5278 ἑορτὰς
3182 5201 3367 5258 αὐτοῦ’
3438 5201 3490 5257 ἐν
3547 5201 3769 5265 ταύταις

2115 5290 2220 5366 γὰρ
2305 5287 2550 5364 ἐχρῶντο
2636 5289 3113 5368 περιῤῥαντηρίοις
3173 5292 3263 5346 καὶ
3346 5290 3663 5368 καθαρσίοις
3715 5290 3772 5348 οἱ

2116 5374 2394 5435 Ἰουδαῖοι.

2196 5491 2219 5519 ιι
2250 5467 2350 5521 Τὸν
2407 5465 2596 5540 θρόνον
2656 5465 2822 5523 αὐτοῦ
2880 5468 2957 5531 εἰς
3014 5470 3113 5539 τὴν
3174 5476 3277 5546 γῆν
3337 5469 3684 5547 κατέῤῥαξας.
3740 5492 3765 5525 υ

2120 5590 2186 5600 —-
2214 5557 2322 5626 Τήν
2360 5556 2636 5632 βασιλείαν
2669 5557 2834 5613 αὐτοῦ
2863 5558 3178 5636 ἀνέτρεψας.

2192 5671 2219 5697 ‹‹
2257 5645 2613 5723 Ἐσμίκρυνας
2670 5647 2764 5709 τὰς
2811 5650 3024 5725 ἡμέρας
3082 5655 3181 5706 τοῦ
3236 5651 3442 5729 χρόνου
3498 5648 3682 5709 αὐτοῦ.
3734 5673 3767 5707 »

2119 5768 2188 5781 --
2243 5736 2449 5819 Χρόνον
2536 5734 2685 5817 λέγει
2757 5738 2849 5799 τὸν
2913 5738 3316 5823 ἐπαγγελθὲντα
3366 5745 3446 5821 τῷ
3498 5741 3773 5829 σπέρματι
