4066 6446
429 407 589 472 1539

1684 404 2110 471 NICEPHOBI
2152 405 2594 470 BLEMMIDE

3653 415 3782 482 1840

426 543 525 595 τοῦ
608 536 771 596 Δαυῗδ
854 538 947 594 τὸν
1034 538 1112 601 εἷς
1195 537 1367 625 αἰῶνα
1446 536 1667 600 αἰῶνος.
1728 538 2078 616 Ἐσμίκρυνας
2106 536 2325 609 Ααῧτη
2375 541 2411 609 ἠ
2456 540 2585 615 χθὲς
2630 536 2755 609 ἤτοι
2807 539 3172 615 παρελθοῦσα,
3220 542 3309 598 καὶ
3337 543 3412 607 ὡς
3437 542 3490 600 ἓν
3524 566 3574 601 τι
3603 546 3779 625 μόριον,

424 630 524 691 τὰς
577 629 792 705 ἡμέρας
848 627 967 683 ἀντὶ
1020 631 1119 683 τοῦ
1194 624 1480 701 συνέτεμες
1559 628 1763 705 μακρὸν
1839 628 2078 705 ὑποσχε-

428 716 605 783 θέντα.

500 829 531 859 ‹‹
562 805 839 883 Κατέχεας
886 805 1035 879 αὐτῷ
1077 804 1369 880 αἰσχύνην.
1426 828 1455 857 ››

422 916 510 952 ναι
538 901 648 952 τῶν
697 894 981 972 ἀπογόνων
1034 894 1289 969 αἲσχύναι
1337 898 1434 949 τοῦ
1481 895 1752 971 προγόνου
1802 894 2075 953 δοκοῦσιν.

1506 839 1571 849 -
1623 807 1692 861 Αἱ
1739 807 1840 883 γὰρ
1888 805 2080 883 αἱσχὺ-

2189 629 2402 690 νυκτός·
2490 630 2526 698 ἡ
2632 628 2726 703 μὲν
2805 629 2911 706 γὰρ
3010 629 3447 710 χιλιονταετηρὶς
3540 637 3779 714 παραρρεῖ,

2189 715 2251 772 σὺ
2307 714 2353 772 δ’
2409 716 2661 789 ἀκίνητος
2720 718 2771 773 εἶ
2817 718 2907 774 καὶ
2962 717 3159 784 ἀῗδιος.
3204 722 3274 777 Τὸ
3330 718 3388 777 δὲ
3439 722 3555 793 ἥτις
3598 721 3779 796 διῆλθεν

2188 805 2641 884 ἐφερμηνευτικόν
2675 805 2786 864 ἐστι
2816 812 2914 863 τοῦ
2936 809 3089 884 χθές.

2258 919 2288 948 ‹‹
2319 895 2395 950 Τὰ
2450 893 2860 971 έξουδενώματα
2898 897 3073 953 αὐτῶν
3128 895 3221 970 ἔτη
3279 897 3503 959 ἔσονται.
3536 924 3564 954 ››
3593 935 3652 947 -
3698 910 3776 960 Πε-

424 983 804 1061 ᾚσχόνθησαν
850 981 909 1038 δὲ
952 980 1515 1060 ἐξανδραποδισθέντες
1559 982 1649 1039 καὶ
1704 983 1968 1048 παθόντες
2009 984 2078 1040 τὰ
2186 985 2340 1060 ριττή
2400 984 2505 1061 γὰρ
2563 986 2677 1041 οῖον
2741 988 2776 1056 ἡ
2848 985 3104 1062 πρόθεσις
3169 987 3284 1044 εἶτα
3344 989 3776 1065 σκληρυνθήσεται.

417 1073 505 1130 ἀτι
513 1073 740 1147 μότατα.

496 1183 520 1214 ι
552 1163 835 1233 Μνήσθητι
881 1160 966 1225 τίς
1020 1183 1125 1236 μου
1169 1163 1206 1232 ἡ
1258 1160 1569 1224 ὑπόστασις.
1619 1186 1646 1214 ››
1679 1194 1749 1205 -ο
1790 1165 2072 1234 Μνήσθητι

413 1247 505 1306 διὰ
548 1250 604 1307 τί
653 1251 888 1323 ὑπέστην
954 1250 1193 1314 πάντως·
1239 1248 1332 1306 ’ίνα
1382 1255 1484 1320 ζῶν
1540 1248 1747 1323 δοξάσω
1793 1251 1862 1307 τὰ
1914 1272 2073 1327 μεγα-

412 1338 541 1395 λεῖά
569 1361 687 1400 σου.

483 1453 514 1482 ‹‹
546 1431 637 1499 Μὴ
694 1431 796 1506 γὰρ
858 1428 1099 1503 ματαίως
1156 1424 1372 1492 ἔκτισας
1438 1428 1642 1492 πάντας
1715 1430 1844 1492 τοὺς
1917 1428 2071 1493 υἱοὺς

404 1521 515 1573 τῶν
574 1517 915 1595 ἀνθρώπων;
949 1542 977 1571 ››
1010 1550 1081 1561 —-
1107 1519 1221 1573 Ἵνα
1278 1516 1438 1590 δίκην
1496 1518 1782 1596 ἀχρήστου
1837 1519 1929 1574 καὶ
1967 1539 2069 1574 πε-

408 1611 593 1684 ριττοῦ
621 1605 772 1670 τινὸς
804 1607 881 1669 ὡς
914 1605 1077 1683 ἔτυχε
1104 1606 1541 1683 παραπόλοιντο.

485 1695 633 1759 «Τίς
693 1695 833 1752 ἐστιν
886 1696 1172 1773 ἄνθρωπος
1218 1697 1278 1760 ὃς
1327 1699 1545 1768 ζήσεται
1594 1697 1684 1752 καὶ
1741 1697 1840 1753 οὐκ
1878 1693 2067 1772 ὄψεται

409 1784 660 1856 θάνατον,
696 1784 909 1862 ῥύσεται
940 1786 1039 1854 τὴν
1072 1786 1259 1862 ψυχὴν
1292 1785 1456 1841 αὐτοῦ
1487 1786 1546 1841 ἐκ
1574 1787 1764 1863 χειρὸς
1823 1783 1957 1857 ᾅδου
1984 1806 1998 1856 ;
2032 1810 2061 1839 ››

403 1906 476 1918 --
541 1871 715 1948 ⁸’ᾼδου
788 1879 952 1950 χεῖρα
1025 1872 1187 1929 καλεῖ
1256 1875 1357 1944 τήν
1429 1880 1527 1930 τοῦ
1598 1875 1827 1939 θανάτου
1894 1875 2057 1931 κατά-

402 1983 609 2040 σχεσιν.
655 1963 826 2037 Ἐπεὶ,
859 1962 1046 2042 φησὶν,
1072 1963 1375 2041 ἀναγκαίως
1407 1964 1695 2021 ἀποθανεῖν
1759 1963 2060 2040 μέλλομεν,

399 2056 564 2122 ζῶσιν
596 2055 735 2127 ἡμῖν
771 2049 1002 2127 μετάδος
1032 2049 1468 2131 φιλανθρωπίας.

472 2145 644 2197 «Ποῦ
700 2140 803 2196 εἷ’σὶ
878 2140 948 2196 τὰ
1022 2140 1151 2212 ἐλέη
1231 2163 1328 2198 σου
1383 2142 1450 2197 τὰ
1499 2143 1723 2219 ἀρχαῖα,
1782 2142 1966 2220 Κύριε,
2026 2141 2061 2198 ἃ

396 2222 620 2302 ὤμοσας
673 2229 755 2303 τῷ
811 2227 978 2285 Δαυὶδ
1038 2229 1091 2285 έν
1144 2233 1214 2305 τῇ
1294 2230 1526 2303 ἀληθείᾳ
1584 2251 1717 2302 σου;
1782 2256 1810 2284 ››
1864 2264 1934 2273 —
1988 2232 2059 2289 Αἱ

398 2316 719 2395 ἐπαγγελίαι
752 2339 847 2374 σου
888 2320 943 2373 αἱ
974 2317 1230 2392 ἔκπαλαι,
1264 2318 1327 2382 ’ὰς
1376 2314 1626 2375 ἐϐεϐαίου
1670 2324 1751 2392 τῷ
1790 2318 1952 2377 Δαυϊδ
2001 2318 2054 2376 ἐν

394 2411 479 2479 τῷ
509 2406 725 2478 ἀληθεῖ.

2182 1071 2477 1137 Εὐτελίσας
2552 1080 2668 1137 τοῖς
2737 1075 3043 1152 ἀνθρώποις
3112 1075 3275 1152 χίλια
3342 1076 3455 1150 ἔτη,
3515 1081 3680 1159 φησὶν,
3719 1078 3777 1137 ἔτι

2181 1161 2318 1217 αὐτὰ
2348 1160 2711 1233 έξουδενώσω.

2259 1252 2379 1307 «Τὸ
2420 1254 2571 1329 πρωῒ
2626 1252 2755 1308 ὡσεὶ
2804 1252 2954 1329 χλόη
3002 1253 3397 1331 παρέλθοι,,τὸ
3446 1259 3587 1335 πρωῒ
3640 1258 3776 1331 ἀνθή-

2179 1359 2289 1411 σαι,
2336 1339 2427 1396 καί
2483 1339 2768 1419 παρέλθοι⁶
2826 1343 2891 1398 τὸ
2939 1342 3165 1420 ἑσπέρας
3222 1342 3505 1416 ἀποπέσοι,
3549 1346 3771 1424 σκληρυνὲ

2180 1428 2297 1501 θείη
2347 1430 2439 1484 καὶ
2487 1430 2799 1505 ξηρανθείη.
2831 1454 2862 1485 ››
2888 1464 2957 1475 -
3002 1433 3228 1508 Ταχέως
3280 1431 3456 1510 ὥσπερ
3496 1434 3631 1511 χλόη
3670 1454 3775 1513 παρ-

2178 1515 2329 1584 έλθοι
2385 1519 2453 1574 τὰ
2498 1518 2659 1597 χίλια
2709 1518 2826 1591 ἔτη·
2876 1520 2968 1576 καὶ
3034 1519 3185 1597 χλόη
3250 1526 3357 1579 τῶν
3431 1521 3568 1579 ὅλων
3624 1522 3772 1600 χλοῶν

2177 1607 2493 1683 (χλοωνῶν)
2548 1608 2978 1687 ὠκυμορωτέρα,
3030 1610 3156 1681 ἥτις
3212 1612 3349 1666 κατὰ
3409 1613 3470 1668 τὸ
3519 1613 3653 1689 πρωῒ
3700 1615 3771 1687 μὲν

2173 1702 2276 1765 τῆς
2333 1697 2546 1773 ἡμέρας
2603 1698 2845 1770 ἀνθήσει,
2897 1699 2988 1754 καὶ
3046 1699 3207 1763 εὐθὺς
3279 1699 3644 1778 παρελεύσεται
3696 1701 3773 1757 ὑπὸ

2172 1790 2273 1840 τοῦ
2351 1786 2550 1856 ἀνθεῖν,
2603 1787 2740 1842 κατὰ
2811 1785 2869 1843 δὲ
2941 1788 3006 1844 τὸ
3070 1788 3300 1867 ἑσπέρας
3363 1791 3533 1861 πέσοι,
3578 1788 3771 1846 τουτέστι

2169 1874 2488 1947 κλιθήσεται
2542 1876 2621 1939 εἷς
2678 1883 2785 1953 γῆν
2842 1875 3241 1952 δαπανωμένης
3297 1886 3398 1950 τῆς
3452 1880 3501 1936 έν
3557 1878 3768 1953 αὖτῷἷκ·

2174 1960 2365 2038 μάδος,
2395 1964 2487 2020 καὶ
2547 1963 2691 2021 οὕτω
2742 1965 2969 2030 τελείως
3027 1966 3445 2043 ξηρανθήσεται.
3499 1970 3569 2024 Τὰ
3613 1967 3662 2024 δὲ
3700 1967 3768 2023 εὖ·

2168 2055 2329 2109 κτικὰ
2356 2058 2445 2109 νῦν
2478 2053 2597 2110 ἀντὶ
2632 2053 2952 2128 μελλόντων
2984 2057 3298 2134 ὁριστικῶν.

2243 2185 2271 2213 ‹‹
2301 2164 2419 2216 Ὅτι
2487 2160 2806 2237 έξελίπομεν
2880 2162 2932 2219 ἐν
2993 2166 3063 2239 τῇ
3139 2165 3278 2242 ὀργῇ
3341 2186 3455 2239 σου,
3499 2166 3580 2221 καὶ
3616 2165 3660 2220 έν
3705 2162 3761 2236 τῷ

2168 2255 2326 2323 θυμῷ
2382 2272 2477 2305 σου
2536 2250 2939 2328 ἐταράχθημεν.
2971 2276 3001 2306 »
3033 2286 3109 2299 —
3158 2255 3230 2311 Τὸ
3289 2253 3370 2311 ὅτι
3427 2252 3758 2332 διηγηματικὸν

2167 2339 2409 2404 ἐνταῦθα.
2468 2341 2538 2395 Τὸ
2593 2338 2669 2413 δὲ,
2732 2340 3050 2416 έξελίπομεν
3102 2343 3227 2399 ἀντί
3295 2348 3392 2400 τοῦ
3449 2342 3760 2421 ὠλιγωρήθη·

2169 2450 2287 2502 μεν,
2348 2427 2707 2503 ἀπωλόμεθα,
2741 2429 2793 2486 έν
2848 2435 2928 2504 τῷ
2982 2431 3312 2508 ὀργισθῆναί
3361 2454 3418 2489 σε
3454 2435 3576 2507 ἡμῖν
3624 2434 3755 2508 ἀμαρ-

472 2519 502 2596 ξ(
532 2498 817 2596 Μνήσςδητι
872 2501 1001 2596 τοῖῇ
1032 2495 1349 2572 ὀνειδισμοῦ
1393 2502 1509 2596 Ta":
1568 2496 1781 2596 δούῇων
1823 2520 1918 2554 σου
1966 2499 2055 2574 (θὗ
2162 2520 2435 2589 τάνουσιν,
2466 2518 2556 2574 καὶ
2588 2516 2712 2574 ἔθου
2742 2518 2907 2583 αὐτὰς
2939 2519 3178 2579 ἐναντίον
3214 2545 3332 2596 σου,
3363 2525 3452 2579 καὶ
3479 2520 3588 2588 ἔθου
3635 2521 3755 2583 αὐτᾶς

397 2584 641 2661 ὑπέσχου
690 2584 743 2640 έν
790 2591 872 2659 τῷ
913 2584 1111 2660 κόλπῳ
1183 2590 1312 2662 μου)
1376 2585 1603 2644 πολλῶν
1669 2587 1855 2645 ἐθνῶν.
1907 2613 1936 2640 ››
1987 2620 2058 2633 —-

2161 2607 2369 2683 γυμνὰς
2418 2607 2649 2663 ἐνώπιόν
2700 2630 2818 2679 σου,
2877 2610 2967 2665 καὶ
3016 2611 3297 2688 ὑρώμενοι
3358 2610 3678 2690 παροξύνουσί
3713 2628 3752 2663 σε

392 2676 515 2771 ΙΞῶν
575 2672 791 2771 δούλων
870 2696 967 2731 σου
1037 2679 1161 2771 ⁸τῶν
1212 2670 1516 2771 ΔἘϐραίων
1553 2767 1562 2771 _
1596 2678 1742 2754 παρὰ
1822 2677 2052 2771 πολλῶν
2161 2670 2491 2771 ³ξοιξγέημίῦν,

391 2760 554 2819 ἐθνῶν
640 2765 788 2839 παρά
860 2785 921 2819 τε
996 2769 1102 2819 τῶν
1176 2764 1709 2841 αἷχμαλωτισάντων
1778 2766 1871 2821 καὶ
1941 2771 2051 2824 τῶν

389 2850 709 2927 περιοίκων,
744 2851 926 2909 ὅντινα
981 2851 1293 2928 ὀνειδισμὸν
1356 2854 1597 2931 ὑπέσχου
1652 2852 1772 2924 ἤως
1820 2850 2048 2912 ἐϐάστα-

2157 2896 2275 2931 σου.
2327 2899 2356 2929 DD

2237 2808 2259 2839 ι
2292 2788 2349 2840 '0
2405 2786 2539 2842 αἰὼν
2604 2789 2765 2862 ἡμῶν
2844 2787 2921 2851 εἰς
2996 2790 3281 2868 φωτισμὸν
3353 2795 3449 2847 τοῦ
3516 2789 3742 2868 προσώπου

2407 2909 2477 2919 —-
2523 2874 2664 2948 Ὅλη
2725 2879 2761 2947 ἡ
2825 2879 2937 2948 ζωὴ
2987 2880 3153 2953 ἡμῶν
3224 2878 3344 2951 ﬂeor;
3393 2881 3446 2936 αἱ
3491 2881 3594 2936 κατ’
3624 2877 3735 2943 αὐτὴν

393 2961 489 3045 σᾳ(
546 2940 609 3045 ἐξ
795 2940 993 3045 ’ξόλπῳ
1020 2957 1185 3045 κμΌΡτ
1242 2945 1519 3045 τοῌτέπξν
1572 2942 1639 3045 ἐν
1681 2949 1785 3045 ,κτῇ
1844 2942 2048 3045 ξωξρδξᾳ
2153 2965 2395 3040 πράξεις,
2449 2940 2693 3021 τουτέστι
2750 2940 2853 3022 ’τὰτ
2908 2940 3283 3045 ἀμάρτήματα
3330 2940 3414 3035 εἷς
3468 2971 3526 3026 τὸ
3570 2940 3723 3045 ἐμφανὲξ

397 3042 528 3104 μου.
561 3031 707 3107 Πρὸς
762 3033 863 3102 τὴν
916 3031 1240 3097 σκολουθίαν
1299 3030 1357 3088 δὲ
1406 3038 1504 3089 τοῦ
1563 3031 1877 3108 ὀνειδισμοῦ
1908 3033 2043 3107 ἐπή-

390 3139 551 3196 νεγκε
576 3120 641 3176 τὸ
670 3120 754 3191 οὗ,
784 3122 922 3176 κατὰ
947 3122 1047 3191 τήν
1078 3122 1330 3192 Ἀττικὴν
1358 3124 1664 3193 συνήθειαν.

460 3232 491 3263 ‹‹
521 3209 596 3265 Οὗ
627 3207 908 3266 ὠνείδισαν
937 3211 989 3266 οἱ
1038 3208 1230 3288 ἐχθροί
1279 3233 1396 3285 σου,
1427 3211 1611 3289 Κύριε,
1645 3213 1709 3267 οὗ
1757 3210 2038 3269 ὠνείδισαν

2149 3060 2252 3124 τῆς
2336 3061 2436 3125 σῆς
2520 3054 2822 3126 ἐπισκοπῆς
2925 3061 3121 3132 κεῖται,
3211 3056 3335 3129 ἤως
3435 3049 3716 3138 πεφανέρωταί

2150 3163 2257 3200 σοι.

2220 3257 2251 3285 ‹‹
2279 3235 2398 3288 Ὅτι
2464 3237 2628 3289 πᾶσαι
2694 3234 2749 3289 αἱ
2813 3235 3017 3311 ἡμέραι
3088 3238 3253 3311 ἡμῶν
3306 3235 3560 3309 ἐξέλιπον·
3593 3233 3661 3290 καὶ
3692 3228 3725 3284 ἒν

375 3298 440 3354 τὸ
462 3297 842 3402 ὶάντάλλαγμα
875 3303 974 3402 τοῦ
996 3304 1259 3402 Πὲἰριστοῖξ
1304 3322 1422 3359 σου.
1472 3324 1602 3402 η-ο
1643 3307 1725 3402 '0”
1745 3298 2034 3402 διπλάσιοι-
2065 3288 2109 3357 C
2245 3321 2381 3399 ὀργῇ
2427 3343 2524 3378 σου
2572 3288 3613 3402 ἐξελίπομὲνξιξ-Ἰέιῖῷθήῌιξξθηλῆδη
3645 3322 3730 3379 ταῖς

378 3388 517 3460 σμὸς
566 3392 666 3443 τοῦ
741 3386 805 3443 οὗ
879 3385 1162 3445 ὠνείδισαν
1233 3389 1551 3465 έκφαντικὸς
1624 3390 1829 3454 πάθους
1901 3390 2030 3449 ἐστί.

379 3475 608 3551 Χριστὸν
668 3474 727 3531 δὲ
779 3481 914 3533 Θεοῦ
965 3479 1097 3556 φησῖ
1159 3479 1252 3534 τὸν
1326 3478 1555 3555 βασιλέα
1600 3478 1784 3535 Δαυῗδ·
1837 3479 2033 3536 ἀντάλ-

386 3562 578 3641 λαγμα
634 3562 692 3620 δὲ
735 3570 832 3621 τοῦ
881 3565 1047 3621 Δαυῒδ
1091 3567 1185 3622 τὸν
1236 3568 1518 3645 Ἰεχονίαν,
1548 3570 1584 3639 ἢ
1616 3569 1707 3625 τὸν
1760 3566 2035 3644 Σεδεκίαν,

386 3653 463 3716 ὡς
520 3653 634 3709 ἀντ’
690 3653 899 3710 ἐκείνου
959 3654 1375 3731 βασιλεύσαντα,
1433 3659 1518 3720 οἷς
1590 3658 1681 3713 καὶ
1756 3657 2038 3728 ὠνείδιζον

388 3742 490 3812 τὴν
523 3741 931 3820 αἰχμαλωσίαν.

465 3854 490 3884 ιι
520 3831 843 3910 Εὐλογητὸς
892 3833 1091 3911 Κύριος
1139 3834 1215 3897 εἷς
1260 3834 1353 3890 τὸν
1401 3835 1592 3891 αἰῶνα⁹
1644 3836 1938 3913 γένοιτο.»
1973 3870 2041 3880 -

386 3919 748 4000 Εὖφημητὸς,
800 3922 986 4002 φησὶν,
1045 3925 1074 3980 ὁ
1136 3925 1267 3987 Θεὸς
1326 3924 1409 3979 ἀεὶ
1465 3926 1678 3981 πάντων
1727 3921 1898 3981 ἓνεκα’
1958 3924 2043 4002 γέ-

381 4030 555 4085 νοιτο,
585 4012 799 4088 γένοιτο
829 4018 991 4068 πᾶσιν
1020 4012 1361 4092 εὐφημητός.

982 4141 1278 4195 ΨΑΛΜΟΣ
1318 4140 1441 4196 ΠΘ’.

457 4247 479 4275 ι
513 4227 804 4302 Προσευχή
860 4228 1071 4301 Μωϋσῇ
1131 4228 1400 4302 ἀνθρώπῳ
1467 4233 1566 4285 τοῦ
1639 4232 1795 4286 Θεοῦ.
1857 4229 2041 4307 Κύριε,

378 4315 662 4390 καταφυγή
721 4313 988 4390 έγενήθης
1043 4318 1181 4390 ἡμῖν
1231 4315 1284 4372 έν
1332 4322 1493 4393 γενεᾷ
1543 4318 1635 4373 καὶ
1686 4323 1862 4395 γενεᾷ.
1896 4344 1926 4371 ››
1973 4350 2045 4362 --·

377 4401 493 4477 Πρὸ
563 4406 663 4457 τοῦ
734 4403 803 4458 τὰ
877 4403 980 4481 ὅρη
1056 4406 1379 4481 γεννηθῆναι
1447 4406 1538 4462 καὶ
1603 4409 1886 4477 κτισθῆναι
1941 4409 2041 4478 τὴν

381 4496 487 4567 γῆν
516 4491 610 4546 καὶ
663 4492 766 4562 τήν
819 4492 1151 4567 οἷ’κουμένην
1203 4494 1295 4550 καὶ
1353 4495 1459 4550 ἀπὸ
1513 4500 1611 4551 τοῦ
1661 4496 1743 4551 ἀεὶ
1798 4496 1889 4552 καὶ
1938 4493 2045 4560 ἕως

379 4583 482 4634 τοῦ
511 4579 595 4636 ἀεὶ
623 4580 688 4635 σὺ
719 4582 769 4636 εἷ
817 4581 1004 4656 μόνος.
1037 4583 1139 4638 Διά
1192 4590 1294 4655 τῆς
1350 4584 1712 4663 ταυτολογίας
1770 4583 1828 4641 δὲ
1887 4587 2045 4663 μέγε-

385 4669 482 4731 θος
508 4673 590 4742 τῷ
616 4667 769 4745 λόγῳ
799 4670 1142 4747 περιέθηκεν.

452 4780 481 4810 ‹‹
514 4759 602 4829 Μὴ
663 4759 1007 4838 ἀποστρέφης
1069 4758 1351 4837 ἄνθρωπον
1412 4763 1488 4825 εἷς
1526 4762 1873 4821 ταπείνωσιν.
1911 4788 1934 4817 ι
1969 4797 2040 4808 --

375 4845 709 4902 Ταπείνωσιν
765 4847 991 4904 ἐνταῦθά
1036 4871 1168 4926 φησι
1209 4849 1274 4905 τὸ
1321 4851 1653 4928 ὑποταγῆναι
1685 4850 1766 4926 τῷ
1833 4852 2040 4931 ἐχθρῷ,

378 4934 472 5004 Μὴ
518 4940 963 5020 παραχωρήσῃς,
1013 4937 1219 5016 λέγων,
1266 4938 1679 5020 ἀποστραφῆναι
1727 4942 1807 5005 εἷς
1834 4942 2037 5014 ταύτην

378 5020 666 5097 ἄνθρωπον
701 5026 942 5105 φυγόντα
971 5025 1048 5090 εἷς
1078 5028 1157 5083 σέ.

448 5136 480 5166 ‹‹
510 5113 610 5169 Καὶ
662 5114 838 5189 εἶπας,
868 5117 1276 5194 Ἐπιστρέψατε,
1323 5119 1433 5174 υἱοὶ
1488 5123 1596 5175 τῶν
1652 5120 1969 5195 ἀνθρώπων.
2007 5146 2038 5174 ››

371 5202 570 5257 -Καὶ
626 5203 729 5281 γὰρ
782 5205 846 5260 σὺ
917 5203 1120 5283 ὥρισας
1192 5206 1530 5287 ἐπιστρέφειν
1618 5209 1745 5271 τοὺς
1828 5210 2039 5287 ἀνθρώ-

370 5309 528 5353 πους·
558 5287 702 5362 δέξαι
734 5290 826 5348 οὗν
858 5296 1010 5368 ἡμᾶς
1042 5294 1487 5376 ἐπιστρέφοντας.

449 5402 473 5433 α
505 5380 625 5435 Ὅτι
656 5380 820 5456 ’χίλια
877 5380 970 5455 ἔτη
1034 5383 1087 5440 ἐν
1146 5385 1454 5465 ὀφθαλμοῖς
1484 5407 1579 5441 σου
1611 5387 1685 5449 ὡς
1712 5390 1748 5458 ἡ
1782 5389 1967 5465 ἡμέρα
1993 5391 2030 5459 ἡ

370 5467 528 5544 χθὲς,
565 5465 692 5538 ἥτις
743 5467 954 5541 διῆλθε,
1005 5473 1096 5529 καὶ
1147 5473 1363 5553 φυλακὴ
1418 5475 1470 5531 ἐν
1520 5476 1754 5533 νυκτί.»
1813 5511 1883 5521 —
1932 5478 2031 5534 Καὶ

370 5560 534 5612 τοῦτο
592 5558 728 5634 πρὸς
764 5557 901 5615 ἀπόδ
936 5605 951 5618 .
987 5605 1001 5618 .
1034 5606 1047 5618 .
1084 5607 1097 5619 .
1134 5605 1148 5617 .
1209 5571 1310 5635 τῆς
1367 5562 1681 5635 ἀϊδιότητος
1742 5571 1838 5620 τοῦ
1897 5573 2030 5622 Θεοῦ

369 5639 669 5732 παρέλαϐε,
700 5646 791 5700 καί
849 5670 1032 5728 φησιν·
1091 5653 1300 5716 ’Όντως
1354 5655 1423 5709 τὰ
1480 5651 1811 5727 έλευσόμενα
1869 5654 2030 5732 χίλια

2143 3416 2469 3489 συμφοραῖς,
2500 3416 2619 3475 ταῖς
2651 3409 2895 3487 θλίψεσιν
2928 3413 3202 3492 ἀπεπνίγη
3215 3437 3334 3490 μεν.

2219 3522 2247 3550 ‹‹
2281 3499 2363 3556 Τὰ
2409 3496 2500 3571 ἔτη
2550 3502 2735 3575 ἡμῶν.
2779 3524 2810 3555 ››
2860 3535 2928 3546 -—
2957 3504 3032 3557 Τὰ
3078 3501 3176 3576 ἔτη
3228 3507 3389 3580 ἡμῶν
3434 3509 3534 3562 τῶν
3577 3496 3736 3573 ἀνθρώ-

2147 3608 2263 3643 πων
2296 3586 2632 3665 ἐλογιζόμην
2667 3588 2777 3666 ἐγὼ
2807 3588 2989 3669 ὥσπερ
3020 3592 3067 3647 εἷ
3096 3593 3168 3663 ἦν
3202 3594 3434 3671 ἀράχνη.

2222 3718 2250 3746 ι(
2282 3694 2423 3749 Ὠσεὶ
2475 3695 2685 3772 ἀράχνη
2739 3695 3036 3770 ἐμελέτων.
3087 3724 3116 3752 ››
3164 3733 3235 3743 -
3281 3701 3425 3759 Ἀντὶ
3469 3702 3556 3754 τοῦ
3598 3689 3743 3767 ἔμελε·

2147 3787 2320 3838 τῶντο
2374 3780 2494 3852 ἤως
2554 3784 2867 3859 μελετῶντά
2923 3786 3056 3861 ἐστι,
3086 3790 3335 3845 τουτέστι
3396 3787 3665 3866 λογίζονται
3690 3778 3746 3838 ὡς

2152 3872 2180 3926 ὁ
2207 3879 2310 3942 τῆς
2368 3871 2611 3950 ἀράχνης
2660 3873 2831 3949 ἱστὸς,
2883 3872 2973 3931 διὰ
3017 3877 3082 3932 τὸ
3130 3878 3427 3954 πολυμο...
3466 3876 3550 3933 καὶ
3590 3873 3751 3941 ἀπαρα-

2157 3959 2411 4035 μόνιμον.

2224 4074 2253 4102 ‹‹
2285 4049 2386 4105 Καὶ
2439 4052 2495 4106 αἱ
2538 4050 2743 4127 ἡμέραι
2787 4056 2897 4108 τῶν
2948 4053 3080 4110 έτῶν
3125 4059 3292 4130 ἡμῶν
3341 4056 3392 4112 ἐν
3441 4054 3607 4113 αὐτοῖς
3634 4041 3752 4103 ἐϐδο-

2156 4140 2402 4213 μήκοντα
2456 4134 2572 4211 ἔτη.
2607 4163 2637 4193 ››
2667 4174 2737 4184 -
2783 4143 2872 4197 Ἐν
2926 4143 3112 4208 αὐτοῖς
3169 4142 3361 4216 ὄντων,
3392 4142 3503 4215 ἤως
3556 4138 3634 4196 ὅτε
3679 4131 3750 4189 αὖ·

2151 4232 2258 4283 τῶν
2314 4228 2374 4283 ἐκ
2446 4229 2542 4302 μὲν
2603 4232 2711 4284 τῶν
2776 4230 2990 4288 οἰκείων
3059 4232 3247 4308 μελῶν
3320 4229 3752 4304 κατεξουσιάζοντες

2153 4316 2244 4372 καὶ
2275 4317 2336 4373 ἐκ
2363 4314 2646 4392 δυνάμεως
2676 4319 3011 4394 κινούμενοι.

2230 4430 2258 4457 ‹(
2290 4407 2412 4461 Ἐὰν
2473 4404 2532 4462 δὲ
2589 4406 2641 4462 έν
2703 4405 3033 4475 δυναστείαις
3091 4411 3430 4487 ὀγδοήκοντα
3480 4404 3588 4478 ἔτη.
3638 4424 3664 4454 ”
3702 4418 3775 4487 ’θ’

2156 4494 2309 4551 Εἶναι
2388 4495 2629 4570 μέλομεν
2706 4494 2832 4567 ἤτοι
2916 4486 3461 4565 καταδυναστεύεσθαι
3529 4493 3622 4552 ὑπὸ
3681 4486 3756 4542 τθῦ

2155 4586 2366 4662 γήρους
2394 4583 2486 4639 καὶ
2518 4583 2570 4640 ἐν
2607 4584 2700 4663 βίᾳ
2730 4590 2848 4662 ζῇν.

2229 4698 2258 4727 ‹‹
2290 4672 2391 4729 Καὶ
2438 4673 2503 4729 τὸ
2551 4673 2743 4731 πλεῖον
2796 4675 2972 4732 αὐτῶν
3019 4677 3193 4743 κόπος
3223 4679 3312 4735 καὶ
3342 4677 3522 4739 πόνος.
3551 4695 3578 4725 »
3599 4700 3660 4712 --
3681 4658 3758 4720 Καὶ

2150 4763 2213 4818 τὸ
2297 4761 2491 4818 πλεῖον
2576 4768 2684 4818 τῶν
2776 4765 3250 4842 ἀπηριθμημένων
3328 4767 3475 4834 ἐτῶν,
3544 4759 3655 4842 ἵνα,

2152 4849 2302 4927 λέγω
2356 4853 2419 4907 τὸ
2474 4857 2603 4925 πᾶν,
2662 4853 2714 4908 έν
2785 4835 3135 4933 ταλαιπωρίᾳ
3190 4857 3282 4912 καὶ
3339 4852 3495 4927 ὀδύνῃ
3548 4835 3754 4905 διαϐιϐά-

2155 4947 2214 5011 ζο
2223 4962 2318 5016 μεν
2328 4987 2341 4999 .

2222 5055 2253 5085 ‹‹
2282 5034 2402 5086 Ὅτι
2460 5030 2668 5102 ἐπῆλθε
2723 5033 2973 5110 πραότης
3029 5035 3110 5115 ἐφ’
3156 5039 3326 5110 ἡμᾶς,
3374 5032 3461 5089 καὶ
3504 5021 3754 5115 παιδευθη-

2148 5120 2376 5195 σόμεθα.
2436 5145 2466 5174 ››
2524 5154 2594 5164 -
2661 5122 2737 5176 Τὰ
2806 5125 2945 5179 κατὰ
3016 5110 3108 5180 τὸν
3181 5123 3299 5201 βίον
3355 5110 3750 5207 ἀλγεινὰιπάντεξ

2145 5209 2432 5286 πραότητά
2484 5231 2636 5289 φησι,
2667 5211 2916 5267 τουτέστι
2973 5212 3354 5289 φιλάνθρωπον
3401 5202 3648 5282 τιμωρίαν
3674 5202 3750 5252 καί

2144 5297 2422 5355 παίδευσιν
2452 5298 2685 5377 ἥμερον.

2219 5388 2365 5452 «Τίς
2417 5389 2674 5465 γινώσκει
2724 5388 2788 5444 τὸ
2837 5388 3040 5465 κράτος
3088 5399 3188 5462 τῆς
3235 5391 3398 5467 ἀργῆς
3456 5401 3597 5467 σουὲί
3626 5401 3651 5430 ”

2142 5479 2265 5534 Ἐὰν
2397 5481 2570 5554 μικρά
2623 5477 2844 5533 παιδεία
2900 5500 2997 5534 σου
3053 5466 3318 5552 τοσαύτην
3367 5480 3493 5550 ἡμῖν
3540 5466 3745 5533 αἴσθησιν

2142 5566 2383 5641 ἐμποιεῖ,
2414 5566 2499 5630 τίς
2531 5565 2636 5644 ἄρα
2675 5567 2931 5643 γινώσκει
2975 5570 3077 5638 τήν
3122 5568 3275 5645 ἰσχὺν
3322 5573 3418 5636 τῆς
3462 5563 3611 5638 ὀργῆς
3651 5568 3745 5645 σοξν

2140 5634 2283 5727 τέδση
2341 5634 2454 5711 ἐέτῖ
2539 5634 2659 5719 τιοῖς
2688 5634 2699 5643 ⁷
2741 5658 2819 5729 μὴ
2898 5634 3321 5737 ἐπιστρέψασιν;
3372 5634 3646 5714 Αἰνίττεται
3694 5634 3741 5691 δὲ

3693 5402 3746 5414 ..-

371 5729 465 5814 ἔτη
526 5732 834 5821 λογίζονται
893 5739 1127 5798 ἐνώπιόν
1181 5763 1278 5800 σου
1343 5743 1419 5809 ὡς
1496 5742 1595 5819 μία
1664 5729 2025 5820 ἡμέραξκαί
2135 5746 2226 5803 καὶ
2253 5745 2473 5803 αῗωνίαν
2501 5743 2749 5806 κόλασιν.

3935 1131 3937 1241 ί
