4066 6460
265 429 415 491 1541

1486 422 1901 485 EXPOSITIO
1946 425 2023 486 IN
2070 421 2458 487 PSALMOS.

3518 431 3545 488 1
3556 428 3674 491 542

332 584 362 612 ‹‹
392 558 493 614 Καὶ
541 557 648 613 ἀπὸ
674 561 772 613 τοῦ
821 549 994 635 φόϐου
1042 576 1138 609 σου
1184 554 1275 609 τὸν
1326 553 1498 627 θυμόν
1544 574 1640 608 σου
1683 552 1909 629 ἐξαριθ-
1938 557 1996 624 Α
2024 553 2399 631 Ἀπαγομένου
2466 550 2573 608 εἴτε
2648 551 2700 623 ἐξ
2780 552 3080 630 ἀνθρώπων
3159 553 3264 609 εἴτε
3336 554 3397 612 ἐκ
3474 554 3671 633 δαιμό-

267 649 533 723 μήσασθαι
568 667 583 718 ;
616 669 645 700 ››
689 678 761 690 --
814 645 914 700 Καὶ
972 642 1135 699 πάλιν
1193 642 1275 705 τίς
1332 643 1588 716 γινώσκει
1652 649 1912 719 μετρῆσαι

260 738 349 792 τὸν
404 735 576 810 θυμόν
636 757 753 805 σου,
811 732 1055 790 τουτέστι
1115 729 1408 808 διαγνῶναι
1465 731 1586 794 οἶός
1645 730 1786 787 ἐστιν
1830 732 1912 801 Hi

261 827 474 889 πάντως
527 820 826 896 οὐδεὶς,διά
877 824 940 879 τὸ
999 821 1134 878 εἶναί
1191 842 1248 876 σε
1304 815 1536 899 φοϐερὸν
1587 822 1741 896 ἅγαν,
1797 821 1911 892 ἐξα-

264 916 621 992 ριθμήσασθαι
676 914 777 983 τήν
837 910 1009 985 δεξιάν
1068 932 1163 967 σου
1223 909 1417 973 οὕτως’
1474 907 1591 980 ἤως
1643 908 1695 965 έν
1740 908 1911 986 πραό-

261 1026 385 1076 τητι
432 1001 703 1059 παιδεύων
759 1024 826 1075 με
873 999 1113 1072 δηλαδὴ,
1166 997 1259 1063 δός
1313 1021 1405 1072 μοι
1447 1003 1645 1076 γνῶναι
1691 1000 1790 1069 τήν
1833 996 1915 1054 δε-

265 1093 374 1165 ξιάν
425 1114 521 1149 σου
579 1091 640 1147 ἐκ
691 1096 790 1147 τοῦ
846 1091 1033 1161 στῆναί
1092 1110 1160 1163 με
1210 1089 1263 1144 ἐν
1308 1089 1468 1164 αὐτῇ,
1516 1088 1765 1151 καὶτοὺς
1815 1110 1910 1143 πε-

262 1181 602 1256 πεδημένους
659 1183 758 1251 τήν
820 1181 1005 1257 ψυχὴν
1074 1178 1127 1233 ἐν
1183 1178 1264 1252 τῷ
1322 1173 1478 1257 φόϐῳ
1550 1200 1644 1233 σου
1701 1177 1761 1233 ἐκ
1814 1182 1912 1233 τοῦ

264 1278 588 1349 συνταγῆναι
618 1270 824 1332 αὐτοῖς.

336 1359 782 1437 «Ἐπίστρεψον,
842 1358 1025 1436 Κύριε·
1084 1355 1186 1422 ἕως
1240 1357 1374 1414 πότε
1404 1377 1418 1428 ;
1450 1358 1542 1413 καὶ
1596 1356 1850 1434 παρακλή
1886 1389 1909 1399 -

261 1451 384 1520 θητι
439 1448 527 1504 ἐπὶ
581 1454 699 1511 τοῖς
741 1445 962 1511 δούλοις
1013 1468 1130 1502 σου.
1165 1470 1195 1499 ››
1224 1481 1295 1490 —
1323 1445 1590 1519 Δηλονότι
1650 1445 1749 1502 οὐκ
1799 1445 1914 1501 ἐπι-

262 1538 527 1616 στρέφειςο
558 1536 968 1615 παρακλήθητι,
1002 1533 1377 1608 δυσωπήθητι.

333 1652 365 1681 ι(
395 1627 736 1698 Ἐνεπλήσθη
749 1648 841 1701 μεν
884 1627 949 1681 τὸ
994 1627 1145 1703 πρωῒ
1169 1630 1268 1681 τοῦ
1298 1624 1484 1689 ἐλέους
1516 1646 1634 1698 σου,
1666 1624 1847 1701 Κύριε.
1879 1647 1906 1679 η

262 1716 504 1773 -Ἀντὶ
550 1721 648 1772 τοῦ
704 1713 1175 1790 ἐμπλησθείημεν,
1225 1717 1315 1771 καὶ
1361 1717 1430 1771 τὰ
1476 1714 1645 1771 λοιπά
1701 1713 1912 1789 ὁμοίως

262 1805 375 1862 ἀντὶ
406 1805 687 1863 εὖκτικῶν.

337 1918 367 1948 ιι
395 1895 497 1950 Καὶ
545 1892 627 1950 ἴδε
669 1894 759 1949 ἐπὶ
804 1893 931 1958 τοὺς
979 1891 1212 1956 δούλους
1263 1913 1360 1948 σου
1406 1894 1498 1947 καὶ
1546 1893 1635 1948 ἐπὶ
1687 1892 1753 1947 τὰ
1782 1888 1915 1968 ἔργα

264 2004 381 2042 σου,
411 2008 441 2036 ››
487 2017 559 2027 —-
604 1983 927 2058 Ἐπίσκεψον
977 1985 1149 2058 ἡμᾶς,
1209 1982 1300 2037 καὶ
1351 1981 1478 2045 τοὺς
1527 1981 1677 2044 υἱοὺς
1725 1983 1910 2054 ἡμῶν,

264 2071 370 2128 εἷίτε
400 2071 711 2150 σαρκικοὺς,
760 2069 869 2127 εἷίτε
908 2070 1332 2145 πνευματικοὺς,
1382 2068 1657 2147 ὁδήγησον
1710 2069 1763 2124 ἐν
1793 2074 1913 2132 ταῖς

263 2161 508 2225 ἐντολαῖς
540 2183 657 2216 σου.

336 2274 367 2304 ι(
395 2250 499 2308 Καὶ
527 2247 669 2306 ἔστω
720 2252 756 2320 ἡ
806 2247 1132 2327 λαμπρότης
1179 2247 1386 2325 Κυρίου
1433 2251 1531 2303 τοῦ
1578 2252 1713 2304 Θεοῦ
1752 2250 1915 2321 ἡμῶν

262 2339 343 2419 ἐφ’
388 2343 556 2415 ἡμᾶς.
608 2365 638 2393 ››
693 2373 763 2382 -
809 2338 1147 2415 Λαμπρότης
1191 2342 1326 2393 Θεοῦ
1368 2340 1404 2408 ἡ
1450 2338 1511 2392 ἐκ
1559 2342 1693 2393 Θεοῦ
1724 2337 1912 2414 χάρις,

146 2436 151 2441 ’
260 2432 297 2500 ἡ
352 2427 747 2506 λαμπρύνουσα
797 2429 890 2483 τὸν
943 2432 1069 2482 νοῦν
1118 2427 1209 2482 καὶ
1259 2427 1328 2483 τὰ
1374 2426 1507 2502 ἔργα
1549 2431 1658 2482 τῶν
1711 2430 1914 2503 χειρῶν

261 2520 446 2593 ἡμῶν.
504 2520 678 2595 Ἔργα
722 2521 925 2595 χειρῶν
968 2518 1024 2572 αἰ
1078 2515 1316 2593 πράξεις.
1374 2513 1527 2587 Καλὴ
1589 2514 1648 2572 δὲ
1687 2521 1787 2571 τοῦ
1833 2515 1913 2594 ἐφ’

262 2609 413 2682 ἡμᾶς
441 2609 477 2678 ἡ
508 2608 818 2684 προσθήκη·
865 2606 956 2661 καὶ
1006 2607 1110 2683 γὰρ
1158 2604 1424 2682 ἡμέτερον
1467 2606 1531 2661 τὸ
1579 2603 1769 2681 κέρδος
1815 2608 1915 2676 τῆς

265 2697 481 2774 ἀρετῆς.
515 2701 685 2772 ’Έργα
715 2693 775 2751 δὲ
802 2699 1003 2773 χειρῶν
1027 2696 1062 2764 ἠ
1087 2694 1148 2750 ἐκ
1174 2694 1417 2772 πράξεων
1452 2690 1916 2769 έπισυμϐαίνουσα

261 2790 480 2864 γνῶσις.
513 2782 827 2862 Παρακαλεῖ
853 2789 982 2861 γοῦν
1016 2784 1044 2839 6
1067 2786 1364 2863 Προφήτης
1400 2785 1539 2858 μήτε
1567 2784 1704 2840 κατὰ
1722 2783 1912 2860 πρᾶξιν

267 2878 408 2951 μήτε
435 2875 570 2931 κατὰ
609 2877 808 2950 γνῶσιν
852 2870 1229 2951 παρεγκλίνειν
1272 2879 1374 2944 τῆς
1424 2872 1736 2945 εὐθύτητος,
1786 2870 1912 2943 ἤτοι

259 2968 359 3021 τοῦ
388 2963 714 3041 πρέποντος.

884 3126 1181 3178 Immo}:
1222 3121 1291 3198 ιί.

336 3287 365 3318 ι(
394 3263 556 3326 Αἶνος
605 3260 755 3337 ᾤδῆς
803 3268 886 3337 τῷ
932 3261 1118 3323 Δαυίδ.
1168 3296 1239 3307 ——-
1283 3263 1452 3326 Οὗτος
1502 3264 1531 3318 6
1577 3264 1797 3339 ψαλμὸς
1828 3263 1909 3322 δι-

257 3360 360 3424 τῆς
391 3353 468 3417 εἷς
499 3354 628 3409 Θεὸν
657 3350 883 3416 ἐλπίδος
912 3354 975 3409 τὸ
1006 3353 1248 3429 ἄμαγον.

335 3466 365 3496 ‹‹
395 3444 453 3497 Ὁ
508 3446 777 3498 κατοικῶν
836 3440 888 3497 ἐν
944 3442 1171 3519 βοηθείᾳ
1214 3445 1313 3496 τοῦ
1353 3442 1602 3517 Ὑψίστου
1651 3442 1703 3499 ἐν
1746 3446 1917 3521 σκέπῃ

258 3535 357 3587 τοῦ
386 3535 520 3586 Θεοῦ
561 3534 659 3585 τοῦ
705 3528 937 3604 ούρανοῦ
987 3528 1396 3601 αὖλισθήσεται.
1429 3554 1459 3584 ››
1500 3566 1571 3575 ——
1611 3535 1667 3587 Ὀ
1715 3533 1918 3608 ἐπίμο-

258 3640 353 3676 νον
384 3619 529 3696 ἔχων
571 3620 664 3675 τὸν
713 3624 835 3674 νοῦν
886 3623 956 3694 τῇ
993 3618 1219 3696 βοηθείᾳ
1244 3623 1313 3695 τῇ
1348 3619 1409 3676 ἐκ
1435 3626 1590 3695 Θεοῦ,
1624 3621 1714 3677 διὰ
1744 3624 1809 3678 τὸ
1838 3624 1915 3686 εἰς

266 3710 432 3782 μόνον
487 3709 580 3764 τὸν
641 3708 768 3764 Θεὸν
828 3705 1089 3778 ἐλπίζειν,
1141 3708 1225 3764 ἀεὶ
1285 3706 1344 3764 δὲ
1399 3707 1555 3774 οὗτος
1622 3715 1690 3786 τῇ
1749 3710 1918 3785 σκέπῃ

260 3803 361 3854 τοῦ
418 3797 673 3876 οὐρανίου
747 3802 883 3853 Θεοῦ
962 3795 1127 3869 διάξει
1178 3843 1197 3871 ,
1269 3797 1544 3855 τουτέστιν
1613 3801 1716 3856 ὑπὸ
1781 3807 1916 3858 Θεοῦ

263 3885 520 3964 φυλαχθή
528 3907 673 3941 σεται
704 3885 952 3944 πάντοτε.

336 3998 366 4027 ‹‹
398 3976 545 4051 Ἐρεῖ
592 3979 674 4046 τῷ
726 3974 936 4051 Κυρίῳ,
984 3976 1367 4052 Ἀντιλήπτῳρ
1429 3999 1534 4052 μου
1585 3979 1650 4049 εἶ,
1699 3980 1789 4035 καὶ
1817 4001 1914 4036 κα-

257 4063 469 4140 ταφυγή
528 4081 654 4135 μου.
705 4085 735 4113 ››
785 4096 855 4104 -
900 4063 1047 4139 Ἐρεῖ
1076 4069 1157 4137 τῷ
1185 4071 1304 4139 Θεῷ
1348 4069 1484 4140 μετά
1542 4067 1776 4145 θάρῥους
1824 4070 1916 4126 καὶ

257 4147 585 4228 παῤῥησίας.

332 4262 362 4293 ‹‹
390 4240 449 4294 Ὃ
478 4237 611 4302 Θεός
661 4260 787 4313 μου,
838 4239 1014 4295 ἐλπιῶ
1058 4239 1139 4296 ἐπ’
1167 4242 1349 4301 αὐτόν.
1402 4268 1431 4297 ››
1461 4276 1532 4288 —-
1560 4246 1709 4323 Ἐρεῖ
1750 4247 1917 4305 πάλιν

260 4327 491 4386 ἐνώπιον
522 4326 759 4384 πάντων·
795 4328 925 4392 Θεός
958 4350 1064 4403 μου
1095 4330 1254 4395 οὗτός
1284 4331 1449 4390 ἐστιν.

332 4443 361 4472 ι‹
391 4420 511 4474 Ὅτι
555 4417 716 4481 αὐτὸς
769 4417 983 4495 ῥύσεταί
1044 4441 1103 4474 σε
1149 4418 1211 4476 ἐκ
1264 4420 1491 4498 παγίδος
1538 4429 1838 4500 θηρευτῶν.
1884 4449 1916 4479 ››

255 4540 329 4551 —
360 4509 418 4563 ’0
449 4506 618 4584 λόγος
672 4506 906 4587 ἐστράφη
956 4509 1095 4587 πρὸς
1138 4510 1230 4565 τὸν
1281 4508 1574 4582 ἐλπίζοντα
1619 4513 1698 4577 εἷς
1750 4515 1914 4588 μόνον

254 4597 353 4653 τὸν
394 4595 546 4653 Θεόν.
608 4597 883 4673 Θηρευτάς
943 4595 1003 4653 δὲ
1059 4597 1207 4674 λέγει
1264 4599 1394 4664 τοὺς
1451 4601 1740 4673 αἰσθητοὺς
1798 4604 1915 4659 επι-

257 4679 496 4749 ϐούλους
525 4685 615 4742 καὶ
646 4685 896 4757 νοητούς.

333 4798 364 4827 ‹‹
395 4774 499 4832 Καὶ
545 4774 652 4831 ἀπὸ
699 4773 870 4852 λόγου
919 4776 1310 4853 ταραχώδους.
1341 4802 1371 4832 »
1405 4812 1477 4822 —
1528 4779 1706 4856 Λόγον
1749 4800 1917 4857 ταρα-

258 4860 422 4939 χώδη
451 4864 544 4920 τὸν
593 4870 692 4934 τῆς
741 4864 1098 4943 συκοφαντίας
1149 4867 1282 4944 φησὶ
1309 4867 1399 4923 καὶ
1449 4864 1736 4940 διαϐολῆς·
1770 4869 1917 4925 πολὺ

256 4953 362 5029 γὰρ
391 4950 548 5015 οὗτος
579 4949 694 5006 οἶδε
720 4953 1003 5030 ταράσσειν
1030 4956 1130 5025 τὴν
1159 4958 1368 5032 ψυχήν.

332 5064 363 5093 (ι
394 5041 483 5095 Ἐν
538 5045 658 5103 τοῖς
722 5043 1077 5120 μεταφρένοις
1136 5044 1300 5100 αὐτοῦ
1359 5046 1657 5103 ἐπισκιάσει
1716 5069 1823 5106 σοι.
1884 5074 1913 5102 ››

257 5161 330 5172 -
356 5129 555 5191 Ἑσνὼς
580 5123 884 5205 ἔμπροσθέν
935 5152 1030 5186 σου
1073 5134 1369 5211 πρόμαχος
1418 5136 1508 5192 καὶ
1538 5136 1824 5216 φυλάττων
1859 5161 1918 5194 σε

255 5216 695 5292 πολεμούμενον.

331 5332 361 5360 ‹‹
394 5307 495 5361 Καὶ
527 5306 630 5362 ὑπὸ
681 5306 779 5370 τὰς
830 5309 1103 5386 πτέρυγας
1151 5312 1316 5369 αὐτοῦ
1350 5312 1579 5379 ἑλπιεῖς.
1616 5340 1645 5368 ››
1677 5350 1746 5359 -
1775 5323 1917 5372 Σκε-

253 5398 415 5454 πάσει
445 5395 549 5473 γὰρ
581 5417 640 5451 σε
668 5396 757 5453 καὶ
789 5397 1134 5475 ώςινεοσσόν.

332 5511 362 5539 ‹‹
393 5484 590 5557 ’Ὀπλῳ
637 5483 910 5542 κυκλώσει
971 5509 1030 5543 σε
1085 5491 1120 5560 ἠ
1172 5490 1405 5564 ἀλήθεια
1454 5493 1638 5551 αὐτοῦ.
1674 5517 1703 5547 ›)
1733 5528 1804 5536 --
1831 5499 1918 5567 Τῷ

258 5570 421 5648 ὅπλῳ
474 5573 637 5630 αὐτοῦ
687 5571 806 5645 ἤως
860 5582 940 5649 τῷ
997 5585 1212 5657 σταυρῷ
1282 5586 1706 5661 περιφρουρήσει
1770 5605 1826 5638 σε
1879 5584 1915 5654 ἠ

262 5662 518 5738 ἀλήθεια,
549 5664 822 5719 τουτέστιν
855 5666 885 5719 6
914 5668 1166 5741 Χριστός.

2022 665 2146 701 νων.

2095 757 2125 786 ι‹
2158 732 2295 788 Ἀπὸ
2350 730 2545 807 βέλους
2591 730 2891 804 πετομένου
2938 732 3171 809 ἡμέρας.
3215 757 3244 787 ››
3275 768 3344 779 --
3391 737 3525 795 Ἀπὸ
3579 741 3669 816 βέ-

2023 821 2153 884 λους
2200 821 2491 900 ἀφιεμένου
2539 821 2591 875 ἐν
2637 820 2839 897 ἡμέρᾳ,
2886 817 2993 877 εἷίτε
3035 822 3331 897 αἰσθητῶς,
3380 823 3486 883 εἷ’τε
3540 850 3675 902 νοη-

2018 931 2149 973 τως.

2095 1024 2123 1052 ‹‹
2155 1000 2292 1057 Ἀπὸ
2350 998 2666 1075 πράγματος
2741 997 2792 1053 έν
2862 998 3038 1055 σκότει
3107 997 3589 1076 διαπορευομένου.
3643 1028 3673 1058 »

2020 1121 2091 1130 —
2137 1088 2235 1142 Διά
2290 1092 2388 1142 τοῦ
2431 1088 2750 1164 πράγματος
2813 1085 3060 1159 ἐδήλωσε
3113 1091 3205 1144 καὶ
3258 1089 3387 1154 τοὺς
3432 1092 3670 1170 κακούρ-

2017 1198 2145 1253 γους
2174 1177 2516 1251 ἀνθρώπους,
2547 1178 2638 1230 καὶ
2688 1176 2818 1240 τοὺς
2863 1175 3147 1252 δαίμονας,
3179 1179 3270 1234 καὶ
3310 1182 3380 1235 τὰ
3418 1184 3561 1255 πάθη
3604 1183 3675 1239 τὰ

2021 1264 2072 1321 ἐν
2100 1266 2249 1321 νυκτὶ
2280 1265 2483 1343 ἐπερχό
2492 1287 2584 1339 μεν
2592 1286 2642 1322 α.

2091 1378 2121 1407 ‹‹
2154 1355 2288 1411 Ἀπὸ
2337 1355 2767 1429 συμπτώματος.
2816 1378 2846 1409 ››
2892 1388 2963 1399 -—-
3006 1356 3333 1433 Σύμπτωμα
3399 1361 3494 1435 μὲν
3558 1360 3670 1418 ἔστι

2015 1443 2080 1499 τὸ
2111 1441 2536 1521 ἀπροσδοκήτως
2563 1440 2862 1519 συμϐαῖνον
2893 1440 3222 1518 ἀϐούλητον.

2090 1558 2120 1586 (ι
2152 1534 2251 1588 Καὶ
2305 1530 2592 1607 δαιμονίου
2645 1529 3046 1613 μεσημϐρινοῦ.
3108 1558 3138 1588 »
3190 1570 3262 1582 σ-
3309 1543 3419 1594 Πᾶν
3498 1542 3681 1607 πάθος-

2024 1621 2156 1699 ὅπερ
2187 1620 2527 1678 ἐπανίσταται
2562 1623 2696 1697 μετὰ
2718 1625 2948 1702 τροφήν.

2101 1734 2130 1766 ιι
2157 1717 2403 1767 Πεσεῖται
2475 1710 2534 1767 ἐκ
2597 1716 2695 1768 τοῦ
2746 1710 2968 1775 κλίτους
3010 1734 3126 1768 σου.
3176 1738 3208 1767 ››
3249 1749 3321 1759 -
3366 1715 3565 1782 Κλῖτος
3610 1719 3679 1776 τὸ

2021 1799 2301 1878 ἀριστερὸν
2336 1799 2560 1856 ἐκάλεσε
2593 1802 2777 1879 μέρος.

2095 1913 2125 1942 ‹‹
2156 1887 2354 1952 Χιλιάς
2408 1889 2499 1946 καὶ
2561 1892 2759 1967 μυριὰς
2807 1889 2868 1947 ἐκ
2914 1888 3101 1962 δεξιῶν
3150 1914 3269 1964 σου,
3321 1896 3459 1972 πρὸς
3510 1896 3568 1952 σὲ
3616 1893 3677 1953 δὲ

2024 1978 2124 2034 οὐκ
2179 1978 2368 2055 ἐγγιεῖ.
2427 2002 2456 2033 ››
2515 2014 2582 2022 -
2620 1979 2808 2036 Βελῶν
2856 1977 3136 2051 δηλονότι·
3198 1986 3495 2060 τοξευθήσῃ
3548 1986 3675 2063 γὰρ,

2023 2068 2177 2146 φησὶ,
2229 2069 2375 2145 παρὰ
2443 2074 2550 2124 τῶν
2616 2073 2828 2141 νοητῶν
2891 2069 3199 2144 πολεμίων,
3244 2071 3432 2129 πολλὰ
3476 2074 3570 2148 μὲν
3622 2073 3673 2148 ἐξ

2024 2156 2341 2233 ἀριστερῶν,
2374 2155 2551 2212 πλείω
2609 2155 2669 2212 δὲ
2720 2157 2780 2213 ἐκ
2823 2163 2930 2215 τῶν
2982 2157 3192 2233 δεξιῶν,
3243 2160 3371 2218 ἀλλ’
3429 2160 3677 2241 ἄπρακτα

2022 2249 2303 2300 πεσοῦνται
2351 2248 2417 2301 τὰ
2466 2246 2626 2321 βέλη,
2674 2248 2758 2302 σοὶ
2807 2245 2863 2303 δὲ
2913 2246 3037 2304 οὐδὲ
3081 2248 3470 2321 πλησιάσουσι·
3507 2252 3671 2327 μόνον

2024 2330 2083 2388 δὲ
2125 2339 2243 2397 τοῖς
2291 2341 2501 2412 νοεροῖς
2550 2357 2646 2390 σου
2697 2336 3005 2415 ὀφθαλμοῖς
3030 2339 3212 2415 γνώσῃ
3240 2339 3394 2413 αὐτὰ,
3423 2341 3513 2396 καὶ
3569 2344 3671 2412 τήν

2019 2422 2290 2499 τιμωρίαν
2320 2428 2427 2479 τῶν
2477 2424 2820 2500 ἁμαρτωλῶν
2872 2423 3145 2500 δαιμόνων
3191 2428 3371 2505 θεάσῃ.
3410 2429 3501 2494 Τίς
3548 2429 3607 2486 δὲ

2023 2510 2265 2588 τιμωρία
2290 2540 2305 2580 ;
2334 2514 2404 2568 T6
2428 2517 2534 2568 τῶν
2566 2509 2860 2591 προϐολῶν
2895 2515 3067 2571 αὐτῶν
3100 2516 3475 2595 ἀνενέργητον.

2097 2604 2274 2656 «Ὅτι
2332 2601 2415 2674 σὺ,
2476 2602 2659 2679 Κύριε,
2712 2605 2748 2673 ἡ
2811 2601 2967 2667 ἐλπίς
3030 2626 3158 2678 μου,
3232 2607 3326 2662 τὸν
3400 2610 3673 2683 ’Ὕψιστον

2024 2689 2146 2745 ἔθου
2176 2693 2491 2769 καταφυγήν
2524 2713 2641 2748 σου.
2673 2717 2702 2745 ››
2734 2725 2806 2734 —-
2834 2692 3017 2749 Δείπει
3043 2695 3106 2749 τὸ
3138 2700 3314 2759 εἴπας.

2102 2802 2130 2836 α
2183 2779 2257 2835 O6
2313 2780 2732 2857 προσελεύσεται
2806 2783 2942 2858 πρὸς
2998 2785 3056 2838 σὲ
3109 2786 3266 2842 κακά.
3323 2809 3354 2838 ››
3406 2819 3478 2831 -—-
3532 2790 3677 2845 Κνκὰ

2025 2868 2168 2946 λέγει
2226 2870 2354 2932 τοὺς
2409 2869 2767 2947 πειρασμοὺς,
2825 2869 2952 2927 οὐδὲ
3006 2879 3109 2944 τῆς
3165 2877 3350 2951 ψυχῆς
3410 2878 3487 2949 μὴ
3518 2898 3679 2934 κατα-

2020 2963 2209 3035 κρατεῖ
2235 2959 2559 3036 πειρασμὸς,
2592 2959 2653 3014 o6
2686 2957 2835 3017 δοκεῖ
2867 2962 3047 3035 τούτῳ
3077 2962 3503 3041 προσέρχεσθαι.

2097 3072 2126 3101 ιι
2157 3048 2255 3103 Καὶ
2309 3048 2497 3121 μάστιξ
2559 3047 2659 3103 οὐκ
2705 3048 2873 3126 ἐγγιεῖ
2919 3050 2971 3104 ἐν
3017 3055 3098 3124 τῷ
3145 3054 3464 3128 σκηνώματί
3493 3075 3611 3115 σου.
3644 3078 3683 3109 ››

2024 3169 2091 3181 -
2121 3136 2193 3192 O6
2248 3136 2350 3213 γάρ
2410 3134 2855 3211 ὑπολαμϐάνεταί
2924 3161 2977 3195 τι
3053 3140 3301 3218 ἀλγεινὸν
3372 3142 3676 3216 πλησιάσαι

2020 3230 2100 3299 τῷ
2176 3227 2391 3300 σώματι
2458 3230 2556 3282 τοῦ
2636 3227 2713 3301 μὴ
2797 3226 3035 3294 ἐντεῦθεν
3117 3229 3502 3308 βλαπτομένου
3574 3234 3675 3303 τὴν

1944 3300 1989 3369 C
2028 3318 2232 3392 ψυχήν.

2096 3428 2126 3457 ‹‹
2157 3407 2276 3459 Ὅτι
2331 3410 2447 3468 τοῖς
2498 3403 2756 3482 ἀγγέλοις
2822 3406 2988 3463 αὐτοῦ
3046 3406 3337 3466 ἐντελεῖται
3384 3410 3510 3489 περὶ
3556 3416 3676 3487 σοῦ,

2021 3498 2119 3549 τοῦ
2180 3491 2503 3573 διαφυλάξαί
2555 3516 2615 3550 σε
2662 3495 2713 3551 ἐν
2764 3496 2960 3560 πάσαις
3008 3503 3127 3561 ταῖς
3178 3496 3330 3564 ὁδοῖς
3377 3521 3496 3559 σου.
3537 3525 3569 3555 ››
3607 3533 3681 3548 -ο

2022 3580 2208 3646 Ὁδοὺς
2238 3584 2336 3647 τὰς
2359 3585 2579 3660 πράξεις
2610 3586 2764 3664 φησί.
3476 3630 3482 3640 .

2098 3700 2127 3727 ‹‹
2157 3674 2278 3730 Ἐπὶ
2327 3679 2528 3752 χειρῶν
2583 3675 2772 3752 ἀροῦσί
2819 3697 2896 3731 σε.
2933 3700 2963 3729 ››
2989 3710 3059 3721 -
3096 3682 3289 3756 Χεῖρες
3337 3678 3589 3756 ἀγγέλων
3622 3681 3680 3738 αἱ

2026 3765 2286 3820 σωστικαὶ
2316 3760 2576 3838 δυνάμεις
2605 3763 2800 3822 αὐτῶν.

2097 3877 2125 3906 ‹‹
2159 3854 2388 3924 Μήποτε
2437 3853 2753 3929 προσκόψῃς
2809 3856 2946 3931 πρὸς
2993 3853 3145 3920 λίθον
3194 3857 3286 3912 τὸν
3318 3855 3463 3914 πόδα
3494 3880 3612 3918 σου.
3644 3882 3677 3915 ››

2023 3976 2094 3985 —-
2122 3941 2288 4004 Λίθος
2317 3943 2353 4011 ἡ
2386 3940 2643 4018 ἁμαρτία⁶
2676 3941 2813 4006 ποὺς
2844 3945 2879 4013 ἡ
2910 3940 3183 4001 πολιτεία.

2097 4055 2127 4083 (ι
2160 4031 2282 4085 Ἐπὶ
2331 4028 2531 4085 ἀσπίδα
2571 4031 2661 4086 καὶ
2715 4029 3035 4106 βασιλίσκον
3085 4028 3339 4110 έπιϐήσῃ,
3375 4034 3467 4090 καὶ
3511 4055 3680 4091 διατα-

2023 4121 2284 4192 πατήσεις
2340 4117 2535 4175 λέοντα
2597 4120 2688 4175 καὶ
2746 4118 3028 4196 δράκοντα.
3075 4145 3106 4175 ››
3156 4155 3225 4166 -
3267 4127 3444 4179 Ταῦτα
3504 4125 3681 4180 πάντα

2025 4209 2053 4264 ὁ
2080 4206 2341 4270 διάϐολος
2377 4207 2719 4282 ὀνομάζεται.

2098 4321 2127 4351 ‹‹
2157 4300 2276 4352 ’Ότι
2330 4297 2415 4352 ἐπ’
2459 4297 2558 4371 ἐμὲ
2602 4296 2828 4367 ἤλπισε,
2875 4299 2967 4354 καὶ
3017 4298 3253 4376 ῥύσομαι
3300 4299 3480 4357 αὐτόν.
3535 4325 3559 4355 ι
3632 4334 3683 4346 -

2023 4386 2239 4464 Εἰσάγει
2284 4387 2377 4442 τὸν
2423 4387 2553 4442 Θεὸν
2596 4388 2624 4441 ὁ
2672 4389 2970 4465 Προφήτης
3020 4383 3340 4465 βεϐαιοῦντα
3399 4390 3529 4453 τοὺς
3579 4389 3681 4446 λό-

2021 4498 2152 4554 γους
2182 4475 2367 4534 αὐτοῦ.

2098 4588 2128 4618 ‹‹
2160 4563 2423 4621 Σκεπάσω
2476 4564 2658 4636 αὐτὸν,
2690 4564 2775 4621 ὅτι
2833 4563 2975 4642 ἔγνω
3030 4568 3094 4622 τὸ
3148 4562 3323 4642 ὄνομά
3375 4589 3504 4642 μου.
3551 4590 3582 4622 ››
3613 4601 3684 4613 -

1947 4676 1994 4741 D
2025 4655 2287 4710 Γινώσκει
2316 4653 2398 4709 ὅτι
2431 4656 2459 4709 ὁ
2489 4654 2620 4717 Θεὸς
2651 4656 2679 4710 6
2709 4654 2871 4728 ἀξίως
2902 4656 3365 4734 προσφερόμενος.

2099 4766 2129 4796 κ
2159 4743 2490 4819 Μακρόοητα
2544 4746 2768 4821 ἡμερῶν
2812 4743 3085 4819 ἐμπλήσω
3135 4744 3317 4801 αὐτόν.
3377 4769 3407 4799 ››
3455 4779 3526 4790 -
3570 4747 3680 4817 Τὴν

2023 4832 2246 4888 αἰωνίαν
2280 4830 2426 4908 λέγει
2462 4834 2626 4902 ζωὴν.

2632 4961 2926 5015 Immo}:
2969 4958 3086 5036 ιιΑν.

2102 5071 2124 5099 ιι
2158 5045 2394 5121 Ψαλμὸς
2426 5045 2574 5120 ᾠδῆς
2604 5047 2680 5109 εἷς
2709 5048 2809 5116 τὴν
2836 5046 3048 5124 ἡμέραν
3081 5052 3178 5103 τοῦ
3209 5042 3519 5105 Σαϐϐάτου.
3555 5071 3585 5101 ››
3615 5080 3688 5093 -

2028 5132 2307 5192 Σάϐϐατον
2368 5136 2593 5200 ἐνταῦθα
2644 5137 2737 5191 τὸν
2801 5134 3073 5210 μέλλοντα
3128 5136 3301 5192 αἰῶνα
3343 5137 3590 5207 νοητέον,
3623 5135 3685 5200 ὅς

2025 5223 2167 5281 ἐστιν
2225 5224 2385 5302 ἀργία
2442 5222 2719 5295 παντελὴς
2773 5224 2864 5280 καὶ
2916 5226 3250 5287 κατάπαυσις
3305 5229 3415 5280 τῶν
3475 5225 3688 5302 ἀνθρω-

2023 5315 2191 5370 πείων
2224 5316 2439 5369 πάντων
2469 5314 2830 5392 πραγμάτων.

2097 5429 2127 5458 ‹‹
2160 5405 2383 5479 Ἀγαθὸν
2414 5405 2477 5459 τὸ
2508 5401 2953 5479 ἐξομολογεῖσθαι
2981 5401 3062 5475 τῷ
3093 5403 3301 5479 Κυρίῳ,
3332 5402 3423 5458 καὶ
3453 5401 3690 5478 ψάλλειν

2023 5498 2103 5567 τῷ
2160 5493 2387 5566 ὀνόματί
2445 5515 2560 5566 σου,
2619 5496 2858 5567 Ὕψιστε.
2919 5517 2948 5545 ››
2998 5526 3069 5535 -
3099 5493 3198 5548 Διὰ
3246 5496 3342 5548 τοῦ
3391 5493 3542 5568 πρωῒ
3592 5492 3686 5548 καὶ

2024 5589 2124 5651 τῆς
2175 5581 2368 5643 νυκτὸς
2423 5581 2598 5638 πάντα
2654 5581 2747 5635 τὸν
2816 5580 3017 5658 ’χρόνον
3102 5578 3374 5652 ἐδήλωσε·
3439 5580 3530 5636 καὶ
3596 5578 3688 5638 διὰ

2032 5672 2125 5744 μὲν
2182 5675 2280 5725 τοῦ
2357 5669 2546 5732 ἐλέους
2613 5671 2711 5732 τὰς
2785 5670 2911 5746 περὶ
2983 5671 3132 5744 ἡμᾶς
3205 5669 3535 5747 εὐεργεσίας,
3594 5667 3695 5730 διᾶί

336 5777 367 5808 ‹‹
424 5752 498 5809 O6
576 5747 866 5834 φοϐηθήσῃ
944 5754 1050 5813 ἀπὸ
1108 5753 1282 5845 φόϐου
1338 5766 1654 5843 νυκτερινοῦ
1687 5804 1702 5819 .
1764 5785 1794 5814 ››
1851 5792 1920 5807 -
2030 5758 2090 5817 δὲ
2162 5767 2263 5834 τῆς
2324 5757 2536 5824 ἀδικίας
2608 5760 2708 5834 τὴν
2785 5759 2925 5818 κατὰ
2992 5762 3100 5817 τῶν
3184 5757 3517 5820 ἀδικούντων
3588 5758 3701 5841 ἐκστ-
