4066 6514
374 386 531 453 1543

1623 358 2046 447 mammam
2091 379 2529 446 BLEMMIDE

3638 382 3816 446 1544

372 514 606 590 δίκησιν·
667 512 940 579 πολλάκις
1014 513 1115 592 γὰρ
1195 512 1454 586 ἀλήθειαν
1513 513 1614 583 τὴν
1673 510 2020 583 δικαιοσύνην
2049 513 2107 580 Α
2133 533 2288 575 καιος
2317 511 2387 588 τῇ
2418 509 2626 585 αἰωνίῳ
2659 514 2794 586 ζωῇ·
2827 508 3199 582 πολυπληθής
3228 509 3287 569 δέ
3313 516 3383 589 τῇ
3416 514 3652 593 ἀφθονίᾳ
3686 520 3815 572 τῶν

371 607 551 666 καλεῖ.

449 722 472 751 ι
503 700 623 752 ’Ότι
655 693 919 775 εῦφρανάς
963 714 1051 768 με,
1083 691 1271 770 Κύριε,
1303 691 1355 748 ἐν
1403 695 1483 764 τῷ
1527 691 1797 766 ποιήματι
1841 712 1958 749 σου.
1988 714 2018 743 ››

367 820 441 833 -
486 785 715 860 Ποίημα
788 781 941 860 λέγει
998 784 1099 851 τὴν
1176 780 1459 857 σύμπασαν
1523 780 1785 852 αἰσθητὴν
1845 779 2014 837 κτίσιν

369 874 590 938 ὑλικῶς.
620 876 697 931 Τὰ
750 870 809 929 δέ
859 870 976 942 εἷ’δη
1033 870 1235 942 ταύτης
1284 872 1351 926 τά
1405 872 1542 926 κατά
1584 872 1748 947 μέρος
1795 870 2013 940 καὶτῆν

367 966 691 1041 συντήρησιν
752 963 843 1018 καὶ
919 958 1183 1036 διαμονὴν
1258 960 1349 1015 καὶ
1422 958 1700 1032 πρόνοιαν,
1756 958 1847 1013 καὶ
1917 959 2016 1021 τὰς

367 1054 640 1133 ἀρρήτους
667 1049 985 1125 οἰκονομίας
1012 1054 1110 1106 τοῦ
1140 1053 1273 1105 Θεοῦ
1304 1051 1507 1126 χειρῶν
1538 1044 1667 1125 ἔργα
1695 1045 1850 1126 φησί.

430 1185 462 1215 ιι
491 1162 581 1225 Ὦς
642 1157 985 1236 ἐμεγαλύνθη
1039 1155 1108 1212 τὰ
1178 1154 1312 1232 ἔργα
1384 1175 1504 1224 σου,
1563 1152 1749 1231 Κύριε,
1807 1149 2015 1232 σφόδρα

355 1245 722 1320 ἐϐαθύνθησαν
783 1249 835 1303 οἰ
917 1244 1266 1322 διαλογισμοί
1328 1265 1444 1301 σου.
1508 1267 1531 1295 ι
1610 1276 1680 1285 -
1755 1238 2007 1318 Διαλογι-

352 1338 529 1414 σμούς
584 1359 717 1416 φησι
766 1337 863 1400 τὰς
922 1333 1127 1413 βουλὰς
1174 1333 1266 1389 καὶ
1311 1333 1411 1402 τήν
1466 1330 1656 1411 σοφίαν
1705 1335 1804 1387 τοῦ
1853 1334 2007 1386 Θεοῦ·

353 1426 445 1485 διὰ
485 1426 545 1484 δέ
585 1431 682 1484 τοῦ
724 1421 1089 1495 ἐϐαθύνθησαν
1138 1424 1202 1480 τὸ
1245 1422 1528 1502 ἀνέφικτον
1584 1420 1791 1476 τούτων
1843 1417 2012 1490 δηλοῖ

348 1517 441 1574 καὶ
470 1515 901 1595 ἀνεξερεύνητον.

421 1631 452 1659 ‹‹
483 1606 649 1682 Ἀνήρ
707 1601 891 1683 ἄφρων
976 1601 1040 1659 ού
1118 1602 1403 1678 γνώσεται,
1460 1600 1552 1656 καὶ
1627 1596 1875 1660 ἀσύνετος
1943 1596 2007 1653 ού

350 1697 569 1767 συνήσει
619 1698 805 1748 ταῦτα.
852 1717 882 1745 ››
930 1723 1001 1735 —-
1044 1697 1154 1762 Τῆς
1204 1690 1349 1754 θείας
1400 1690 1714 1769 φρονήσεως
1772 1688 2005 1764 ἄμοιρος

349 1784 413 1841 ού
468 1784 653 1855 νοήσει
709 1786 897 1855 ταῦτα,
948 1779 1032 1836 ὅτι
1081 1776 1298 1851 δηλαδή
1385 1776 1594 1856 μεγάλα
1646 1776 1737 1832 καὶ
1795 1787 2004 1850 θαυμα-

348 1870 448 1968 στά
502 1893 599 1927 σου
640 1870 710 1926 τὰ
756 1869 885 1948 ἔργα
928 1869 1019 1926 καὶ
1067 1870 1103 1939 ἡ
1156 1866 1335 1945 βουλὴ
1377 1867 1469 1923 καὶ
1515 1865 1678 1946 σοφία
1705 1886 1801 1921 σου
1832 1864 2004 1938 ἀνεξε-
2031 1902 2082 1968 Β

348 1961 632 2039 ρεύνητος.

420 2092 449 2121 ‹‹
478 2069 565 2125 Ἐν
622 2072 702 2141 τῷ
748 2063 1024 2122 ἀνατεῖλαι
1084 2063 1215 2126 τοὺς
1281 2062 1646 2140 ἁμαρτωλοὺς
1693 2061 1823 2117 ὡσεὶ
1871 2055 2005 2138 χόρ-

339 2179 456 2231 τον,
504 2158 596 2213 καὶ
646 2154 901 2231 διέκοψαν
962 2154 1158 2217 πάντες
1213 2154 1266 2209 οἱ
1319 2151 1672 2228 ἐργαζόμενοι
1720 2152 1820 2221 τήν
1877 2152 2004 2205 ἀνο-

348 2248 497 2322 μίαν.
563 2271 585 2299 ι
630 2280 700 2293 --
754 2247 811 2300 Ὁ
867 2244 958 2300 καὶ
1015 2242 1291 2319 περιττός.
1330 2243 1400 2298 Τὸ
1459 2238 1519 2297 δὲ
1577 2238 1831 2315 διέκοψαν
1884 2238 2002 2295 ἀντὶ

343 2343 444 2394 τοῦ
502 2333 863 2407 ἐϐλάστησαν,
923 2330 1142 2412 ἔφυσαν,
1204 2329 1459 2406 διέκυψαν
1511 2338 1613 2401 τῆς
1670 2337 1792 2406 γῆς.
1854 2329 2002 2399 Φησὶ

346 2431 503 2504 γοῦν,
535 2423 980 2496 Ἐπληθύνθησαν
1040 2423 1093 2478 οἱ
1142 2420 1377 2498 πονηροὶ
1434 2420 1677 2489 ἐνταῦθα,
1720 2416 1813 2473 ἵνα
1865 2418 2003 2473 κατά

341 2516 438 2573 τὸν
503 2514 779 2590 μέλλοντα
835 2512 1005 2567 αἰῶνα
1057 2512 1159 2582 τῆν
1215 2510 1267 2566 ἐν
1334 2509 1523 2586 γεέννῃ
1597 2508 1999 2583 κληρώσωνται

342 2605 647 2662 ἀπώλειαν·
706 2606 742 2674 ἡ
798 2603 901 2680 γὰρ
952 2597 1174 2673 αὕξησις
1231 2606 1333 2670 τῆς
1406 2597 1675 2675 πονηρίας
1749 2601 1999 2653 τοιοῦτον

342 2690 463 2772 ἔχει
493 2694 557 2749 τὸ
584 2691 768 2756 τέλος.

418 2809 441 2838 ι
479 2782 555 2839 Σὺ
588 2778 646 2838 δὲ
675 2780 899 2857 ὕψιστος
937 2779 1014 2843 εἰς
1056 2779 1147 2835 τὸν
1198 2778 1390 2846 αἰῶνα,
1423 2776 1605 2852 Κύριε.
1643 2801 1665 2829 ι
1699 2808 1770 2819 -—
1820 2774 1895 2830 Σὺ
1942 2771 2002 2829 δὲ

335 2874 400 2931 τὸ
429 2872 566 2949 ὕψος
592 2875 691 2928 τοῦ
719 2871 953 2947 κράτους
982 2868 1204 2924 αἰώνιον
1240 2866 1410 2943 ἔχεις.

412 3004 444 3033 (ι
474 2981 593 3035 ’Ὀτι
628 2975 746 3033 ἰδοὺ
776 2977 830 3032 οἱ
861 2974 1054 3053 ἐχθροί
1104 2996 1220 3047 σου,
1252 2974 1437 3051 Κύριε,
1470 2972 1553 3029 ὅτι
1585 2973 1638 3029 οἱ
1670 2971 1858 3048 ἐχθροί
1901 2993 1998 3027 σου

343 3067 677 3126 ἀπολοῦνται
792 3066 883 3122 καὶ
984 3062 1564 3140 διασκορπισθήσονται
1663 3062 1858 3124 πάντες
1946 3062 1998 3116 οὶ

343 3155 704 3235 ἐργαζόμενοι
747 3154 999 3229 ἀνομίαν.
1050 3176 1080 3206 ››
1131 3184 1199 3197 -
1248 3150 1474 3228 Ἐχθροὶ
1540 3149 1739 3228 Κυρίου
1803 3148 1996 3212 πάντες

340 3247 396 3303 οἱ
443 3250 525 3319 τῷ
583 3245 854 3320 ἀποστάτῃ
912 3238 1156 3317 διαϐόλῳ
1209 3240 1548 3337 πειθόμενοι,
1608 3237 1801 3301 οἵτινες
1857 3238 1994 3294 ἀπο·
2026 3269 2069 3337 C

2130 602 2343 678 ἀγαθῶν
2352 645 2366 660 .

2201 715 2231 745 ι(
2262 688 2666 771 Πεφυτευμένοι
2717 689 2770 745 ἐν
2819 694 2901 764 τῷ
2962 686 3100 764 οἷ’κῳ
3155 691 3364 769 Κυρίου
3420 691 3473 749 ἐν
3531 698 3657 757 ταῖς
3701 694 3813 751 αύ-

2127 778 2253 844 λαῖς
2299 784 2398 836 τοῦ
2446 784 2581 837 Θεοῦ
2626 780 2787 853 ήμῶν
2838 778 3238 851 ἐξανθήσουσιν.
3271 805 3300 834 ››
3337 815 3402 826 -
3442 783 3805 860 Περιζωννύ-

2130 890 2281 945 μενοι
2340 869 2392 926 ἐν
2449 873 2517 944 τῇ
2573 868 2869 942 Ἐκκλησία
2923 874 3029 925 τῶν
3088 867 3312 942 ἀληθῶς
3368 877 3598 942 πιστῶν,
3650 874 3803 929 κατά

2121 961 2214 1015 τὸν
2250 956 2525 1033 μέλλοντα
2552 958 2719 1013 αἰῶνα
2744 957 2797 1014 ἐν
2837 963 2956 1022 ταῖς
3005 957 3283 1036 οὐρανίαις
3317 966 3507 1035 μοναῖς
3546 961 3618 1017 τὰ
3650 961 3795 1034 ἄνθη

2121 1052 2228 1103 τῶν
2259 1047 2463 1125 ἀρετῶν
2495 1044 2842 1119 ἐνδείξονται,
2871 1046 2967 1110 τὰς
2998 1046 3255 1112 ποικίλας
3283 1048 3621 1115 ἀπολαύσεις
3670 1056 3791 1108 τῶν

2121 1135 2426 1194 πολυειδῶν
2457 1137 2692 1214 ἀγαθῶν.

2198 1250 2226 1279 (ι
2253 1229 2371 1282 ’Έτι
2402 1223 2878 1298 πληθυνθήσονται
2918 1225 2972 1281 ἐν
3019 1228 3179 1304 γήρει
3228 1225 3399 1285 πίονι.
3431 1253 3461 1282 ››
3492 1260 3567 1273 -
3595 1235 3793 1307 Γῆρας

2119 1316 2244 1373 πῖόν
2272 1337 2406 1395 φησι
2433 1317 2496 1372 τὸ
2530 1315 2846 1393 βαθύτατον.
2897 1316 2995 1371 Διὰ
3038 1314 3237 1373 τούτου
3282 1313 3341 1373 δὲ
3387 1318 3488 1388 τὴν
3534 1316 3796 1393 μέλλου-

2119 1428 2212 1462 σαν
2270 1403 2633 1483 παρεδήλωσε
2693 1401 3015 1476 τελειότητα
3045 1451 3060 1478 ,
3121 1403 3173 1461 ἐν
3359 1404 3793 1463 πολλαπλάσιοι

2118 1495 2248 1573 ἄγαν
2278 1492 2518 1567 δέξονται
2562 1493 2655 1551 τὸν
2698 1497 2800 1564 τῆς
2848 1492 3196 1564 δικαιοσύνης
3235 1496 3444 1569 καρπὸν
3488 1497 3546 1551 οἱ
3576 1494 3797 1553 δίκαιοι

2114 1584 2206 1640 καὶ
2237 1584 2294 1640 εὗ
2324 1583 2534 1639 πάθωσι
2562 1583 2658 1647 τὰς
2703 1581 2976 1660 ἀῤῥήτους
3030 1580 3362 1647 ἀπολαύσεις
3391 1582 3792 1662 κερδήσαντες,

2116 1671 2254 1729 ὥστε
2284 1674 2453 1729 εἰπεῖν
2484 1672 2749 1750 γεγηθυίᾳ
2788 1674 2968 1748 ψυχῇ,
3018 1678 3223 1735 ⁹¹Οντως
3273 1670 3487 1737 δίκαιος
3517 1675 3548 1729 6
3580 1674 3795 1753 Κύριος

2117 1764 2146 1819 6
2176 1759 2471 1825 ἀποδιδοὺς
2496 1762 2706 1836 ἑκάστῳ
2733 1763 2871 1818 κατᾶ
2899 1758 3027 1839 ἔργα
3055 1761 3241 1821 αὐτοῦ.

2690 1891 2988 1943 ΨΑΑΜΟΣ
3029 1887 3138 1964 ιιΒι.

2187 2000 2215 2029 ‹‹
2242 1976 2339 2043 Εἷς
2382 1977 2481 2047 τήν
2526 1974 2734 2053 ἡμέραν
2777 1981 2877 2031 τοῦ
2926 1971 3331 2053 προσαϐϐάτου,
3392 1977 3485 2034 ὅτε
3531 1982 3785 2055 κατῴκι-

2111 2086 2204 2121 στο
2237 2076 2272 2135 ή
2331 2073 2424 2143 γῆ,
2476 2065 2625 2128 α’ίνος
2673 2062 2820 2138 ᾠδῆς
2868 2069 2948 2137 τῷ
2997 2063 3182 2121 Δαυίδ.
3234 2067 3433 2143 Κύριος
3479 2062 3787 2126 ἐϐασίλευ-

2113 2175 2221 2211 σεν.
2258 2178 2280 2206 ι
2315 2187 2387 2198 -
2428 2156 2485 2209 Ὀ
2515 2154 2747 2231 Χριστὸς
2799 2150 3102 2230 βασιλεύων
3154 2156 3230 2217 ὡς
3274 2157 3404 2220 Θεὸς
3455 2152 3791 2216 ἐϐασίλευσε

2110 2241 2201 2299 καὶ
2260 2243 2335 2306 ὡς
2394 2241 2679 2320 ἄνθρωπος
2739 2242 2872 2317 μετά
2924 2243 3025 2313 τὴν
3085 2243 3396 2301 ἀνάστασιν·
3453 2246 3491 2316 ἢ
3547 2246 3791 2323 βασιλέα

2112 2330 2459 2403 ὑποληπτέον
2488 2332 2580 2387 τὸν
2610 2332 2729 2387 κατ’
2760 2330 3067 2408 ἐπίγνωσιν.

2183 2446 2211 2475 (ι
2243 2420 2580 2498 Εὐπρέπειαν
2641 2417 2950 2494 ἐνεδύσατο,
3008 2418 3293 2478 ἐνεδύσατο
3350 2422 3561 2499 Κύριος
3618 2423 3787 2484 δύνα-

2114 2531 2204 2583 μιν
2253 2509 2343 2566 καὶ
2390 2512 2777 2587 περιεζώσατο.
2811 2533 2839 2563 ››
2870 2543 2942 2553 -
2984 2510 3091 2580 Τὴν
3150 2511 3227 2573 ὡς
3286 2516 3404 2585 Θεῷ
3460 2514 3790 2590 πρέπουσαν

2108 2597 2255 2672 αὐτῷ
2310 2596 2465 2672 δόξαν
2514 2599 2602 2654 καὶ
2649 2596 2956 2655 δυναστείαν
2999 2599 3091 2654 καὶ
3146 2598 3386 2670 ἐξουσίαν
3442 2600 3783 2680 ἐφανέρωσε,

2107 2688 2198 2743 καὶ
2252 2689 2351 2758 τήν
2410 2687 2673 2766 πρότερον
2728 2687 3108 2766 κρυπτομένην
3167 2688 3313 2745 θείαν
3373 2687 3531 2764 δόξαν
3585 2693 3781 2766 αὑτοῦ,

2106 2777 2174 2847 ἣν
2228 2777 2319 2833 καὶ
2392 2777 2760 2855 περιεζώσατο
2794 2823 2810 2849 ,
2863 2777 3107 2834 τουτέστι
3185 2777 3557 2855 ηὐτρεπίσατο
3634 2783 3778 2859 πρὸς

2106 2866 2414 2942 καθαίρεσιν
2439 2870 2547 2921 τῶν
2581 2866 2953 2922 ἀποστατικῶν
2986 2864 3285 2939 δυνάμεων.

2181 2982 2209 3011 (ι
2268 2956 2369 3013 Καὶ
2424 2955 2524 3032 γὰρ
2583 2954 2873 3030 ἐστερέωσε
2918 2957 3018 3027 τὴν
3078 2954 3409 3031 οἰκουμένην
3449 3004 3465 3030 ,
3520 2957 3636 3028 ἥτις
3690 2961 3759 3016 ού

2106 3044 2516 3118 σαλευθήσεται.
2551 3069 2573 3097 ι
2622 3078 2695 3087 --
2740 3044 3079 3119 Οἰκουμένην
3127 3046 3261 3124 φησί
3308 3048 3412 3117 τήν
3460 3046 3648 3121 ἐνὸλῳ
3672 3053 3755 3122 τῷ

2105 3136 2300 3211 κόσμῳ
2327 3132 2627 3205 καθολικὴν
2660 3138 2760 3190 τοῦ
2788 3138 3026 3211 Χριστοῦ
3056 3133 3413 3206 Ἐκκλησίαν.

2183 3249 2213 3279 (ι
2238 3228 2500 3297 Ἕτοιμος
2536 3225 2564 3279 6
2608 3223 2797 3301 θρόνος
2845 3245 2942 3279 σου
2990 3223 3096 3279 ἀπὸ
3141 3224 3288 3295 τότε,
3338 3224 3447 3281 ἀπὸ
3492 3231 3592 3282 τοῦ
3644 3226 3772 3283 αἰῶ·

340 3310 561 3393 λοῦντάι
609 3333 661 3391 ἐν
706 3310 894 3411 γεέννῃ
953 3332 1044 3388 καὶ
1115 3310 1192 3395 εἰς
1246 3331 1344 3393 τὰς
1375 3310 1692 3407 διαφόρους
1743 3310 2069 3391 κολάσειςυ
2106 3336 2198 3379 νος
2256 3313 2321 3369 σὺ
2380 3313 2444 3371 εἶ·
2482 3337 2511 3366 υ
2568 3345 2639 3357 -
2692 3310 2912 3391 Ἑδραία
2958 3316 2994 3384 ἦ
3058 3312 3310 3390 βασιλεία
3365 3336 3464 3372 σου
3522 3317 3617 3371 ἀπ’
3674 3318 3778 3396 ἀρ-

338 3421 837 3501 διασκορπίσονται.

413 3554 443 3585 ‹(
471 3527 573 3586 Καὶ
649 3530 992 3604 ὑψωθήσεται
1083 3527 1158 3591 ὡς
1240 3526 1621 3603 μονοκέρωτες
1701 3526 1764 3580 τὸ
1833 3525 1995 3601 κέρας

347 3641 475 3695 μου.
507 3643 536 3673 ››
568 3651 640 3662 —
667 3619 839 3694 Κέρας
894 3620 993 3672 τοῦ
1044 3613 1208 3672 Δαυῗδ
1241 3617 1268 3671 6
1326 3615 1579 3692 Χριστὸς,
1611 3614 1670 3676 ’ὃς
1732 3612 1995 3689 μεγαλυν-

342 3710 566 3781 θήσεται
622 3709 759 3764 κατὰ
813 3706 906 3762 τὸν
962 3705 1148 3782 καιρὸν
1201 3707 1303 3775 τῆς
1366 3702 1711 3780 παγκοσμίου
1766 3701 1998 3777 κρίσεως

347 3793 807 3874 ὑπερϐαλλόντως
862 3795 1078 3851 πάντων
1132 3798 1238 3850 τῶν
1299 3792 1511 3870 ἐχθρῶν
1577 3791 1741 3847 αὐτοῦ
1806 3811 1993 3845 ταπει-

341 3886 618 3944 νωθέντων
648 3885 817 3959 αὐτῷ.

418 4015 442 4045 ι
472 3992 572 4048 Καὶ
625 3993 688 4048 τὸ
735 3990 909 4068 γῆράς
961 4012 1065 4065 μου
1113 3989 1164 4045 ἐν
1214 3986 1385 4062 ἐλαίῳ
1432 3989 1665 4045 πίονι.»
1699 4019 1769 4030 —-
1807 3984 1993 4041 Λείπει

333 4081 397 4138 τὸ
428 4079 596 4138 ἔσται·
630 4080 745 4138 ἐπεὶ
773 4082 901 4158 γὰρ,
933 4079 1120 4157 φησὶν,
1152 4076 1320 4155 ἔγνων
1371 4076 1457 4134 ὅτι
1505 4076 1680 4140 οὕτως
1726 4076 1791 4131 τὸ
1833 4074 1995 4151 κέρας

340 4192 446 4246 μου
505 4171 869 4246 ὑψωθήσεται,
920 4170 984 4226 τὸ
1038 4170 1210 4245 γῆράς
1272 4188 1376 4242 μου
1426 4159 1731 4223 διαϐιϐάσει
1776 4164 1829 4220 ἐν
1873 4162 1995 4219 ἰλα-

339 4261 528 4337 ρότητι
558 4258 770 4335 πολλῇ.

410 4374 442 4404 ‹‹
473 4348 573 4406 Καὶ
640 4347 845 4405 ἐπεῖδεν
893 4349 922 4404 ὁ
974 4345 1257 4426 ὀφθαλμός
1306 4366 1411 4420 μου
1467 4344 1519 4400 ἐν
1585 4349 1701 4406 τοῖς
1773 4340 1994 4420 ἐχθροῖς

342 4459 468 4514 μου.
509 4462 539 4492 ››
584 4439 656 4495 Τὸ
709 4435 915 4495 ἐπεῖδεν
965 4435 1083 4492 ἀντὶ
1129 4440 1226 4491 τοῦ
1274 4434 1552 4508 ἐπόψεται.
1604 4430 1882 4488 Ἐλλείπει
1935 4429 1993 4487 δὲ

335 4529 417 4602 τῷ
476 4527 628 4605 ῥητῷ
671 4528 773 4599 τήν
818 4523 1115 4596 ἐκδίγησιν.
1157 4522 1422 4602 Ἐχθροὺς
1466 4520 1525 4578 δὲ
1566 4521 1826 4593 νοητέους
1863 4518 1991 4584 τοὺς

338 4614 602 4691 δαίμονας
631 4613 722 4671 καί
752 4613 881 4678 τοὺς
910 4609 1146 4677 ἀσεϐεῖς.

411 4747 440 4777 ‹‹
468 4721 568 4779 Καὶ
629 4721 682 4777 ἐν
726 4727 846 4785 τοῖς
915 4718 1362 4794 ἐπανισταμένοις
1414 4717 1496 4775 ἐπ’
1543 4718 1641 4793 έμέ
1695 4739 1994 4795 πονηρευο-

341 4812 524 4887 μένοις
564 4811 849 4867 ἀκούσεται
903 4810 968 4866 τὸ
1027 4809 1120 4873 οῦς
1182 4831 1309 4883 μου.
1344 4832 1374 4861 ››
1407 4842 1470 4855 -ι
1505 4806 1676 4863 Πάλιν
1732 4807 1860 4871 τοὺς
1905 4807 1996 4863 αύ-

336 4900 465 4965 τοὺς
524 4900 675 4978 λέγει
730 4898 1189 4973 ἐπανισταμένους
1249 4898 1332 4954 ἐπ’
1391 4898 1549 4953 αὐτὸν
1605 4896 1694 4952 καὶ
1761 4917 1994 4973 πορευο-

345 4992 535 5064 μένους
568 4986 891 5052 ἀσυνδέτως.
924 4986 1237 5045 ’Δκούσεται
1288 4984 1346 5042 δὲ
1386 4988 1486 5057 τὴν
1538 4986 1656 5041 κατ’
1684 4984 1847 5041 αὐτοῦ
1896 4990 1995 5041 τοῦ

340 5079 611 5137 Δεσπότου
669 5078 957 5157 ἀπόφασιν·
1018 5082 1177 5133 τοῦτο
1229 5076 1331 5153 γὰρ
1416 5073 1661 5131 ἐλλείπει
1714 5072 1857 5148 τῷδε
1915 5078 1996 5147 τῷ

343 5168 514 5246 βητῷ-

410 5300 440 5329 ‹‹
472 5275 689 5340 Δίκαιος
742 5275 819 5332 ὡς
895 5276 1066 5355 φοῖνιξ
1125 5274 1364 5345 ἀνθήσει·
1425 5272 1555 5327 ὡσεὶ
1600 5270 1793 5349 κέδρος
1843 5272 1879 5342 ή
1940 5269 1993 5327 ἐν

334 5367 416 5438 τῷ
475 5360 690 5437 Διϐάνῳ
749 5362 1218 5437 πληθυνθήσεται.
1254 5386 1283 5415 ››
1340 5395 1409 5405 --
1463 5363 1534 5418 Τὸ
1583 5362 1997 5438 ταχυμάραντον

335 5459 442 5509 τῶν
478 5454 821 5531 ἁμαρτωλῶν
855 5453 945 5511 διὰ
970 5459 1069 5510 τοῦ
1116 5449 1326 5530 χόρτου
1385 5450 1666 5524 δηλώσας,
1694 5452 1758 5507 τὸ
1816 5451 1995 5516 ἀειθα-

338 5541 430 5606 λὲς
457 5547 555 5599 τοῦ
608 5541 819 5599 δικαίου
868 5541 958 5599 διά
1003 5548 1101 5599 τοῦ
1152 5542 1396 5622 φοίνικος
1438 5539 1740 5612 δεδήλωκε·
1794 5537 1885 5596 διὰ
1937 5536 1995 5595 δὲ

338 5640 437 5704 τῆς
511 5629 710 5709 κέδρου
782 5632 846 5687 τὸ
920 5627 1299 5702 πολυπληθές·
1367 5628 1800 5704 πεπληθυσμένη
1888 5630 1994 5707 γὰρ

341 5720 477 5809 βῧτη
533 5725 653 5788 ταῖς
711 5719 929 5802 κόμαις.
991 5721 1284 5794 ’Δειθαλής
1346 5721 1441 5801 μὲν
1502 5716 1593 5778 οὖν
1650 5716 1794 5777 ἔσται
1842 5720 1871 5779 ὁ
1917 5716 1995 5777 δί-

2107 3424 2239 3480 χηςο

2179 3517 2208 3545 ‹‹
2240 3493 2475 3569 Ἐπῆραν
2518 3492 2571 3547 οἱ
2620 3491 2888 3566 ποταμοὶ,
2939 3490 3123 3569 Κύριε,
3175 3493 3383 3570 ἐπῆραν
3428 3495 3483 3549 οἱ
3530 3497 3790 3570 ποταμοὶ

2105 3584 2283 3662 φωνὰς
2340 3581 2540 3639 αὐτῶν.
2598 3606 2626 3634 ››
2696 3614 2767 3624 -
2823 3580 3116 3656 Ποταμοὺς
3172 3582 3398 3648 ἐνταῦθά
3452 3585 3589 3663 φησὶ
3646 3585 3789 3650 τοὺς

2103 3669 2465 3745 ἀποστόλους,
2518 3668 2716 3733 οτίτινες
2768 3669 2987 3745 ὕψωσαν
3036 3671 3137 3734 τὰς
3166 3672 3349 3751 φωνὰς
3393 3672 3570 3729 αὑτῶν
3602 3674 3689 3738 εἲς
3714 3676 3791 3732 τὸ

2103 3762 2383 3838 κήρυγμαο

2175 3874 2205 3902 ‹‹
2266 3850 2514 3925 ’Δροῦσιν
2572 3848 2624 3904 οἰ
2681 3848 2924 3923 ποταμοὶ
2984 3848 3286 3926 ἐπιτρίψεις
3340 3850 3544 3910 αὐτῶν.
3605 3878 3636 3906 ››
3702 3888 3785 3898 -

2103 3937 2397 4013 Ποταμοὺς
2447 3942 2536 3993 νῦν
2587 3959 2717 4017 φησι
2767 3939 2898 4001 τοὺς
2953 3937 3173 4015 ὕστερον
3233 3936 3624 4011 διδασκάλους,
3688 3943 3783 3998 οῗ-

2101 4050 2242 4091 τινες
2296 4032 2418 4090 ταῖς
2471 4024 2621 4090 ὁδοῖς
2675 4033 2775 4098 τῆς
2845 4031 2954 4082 τῶν
3032 4026 3354 4084 ἀποστόλων
3414 4027 3784 4096 διδασκαλίας

2102 4115 2571 4189 ἐπηκολούθησαν·
2650 4114 2953 4193 ἐπιτρίψεις
3011 4117 3116 4193 γάρ
3174 4116 3308 4172 εἰσιν
3367 4119 3423 4173 αἱ
3478 4120 3654 4194 τομαὶ
3713 4124 3783 4185 ἇς

2102 4207 2462 4284 χαράττουσιν
2512 4205 2565 4261 οἱ
2616 4206 2879 4280 ποταμοὶ,
2930 4200 3295 4283 ἐπιτρίϐοντες
3337 4207 3439 4277 τήν
3465 4215 3571 4284 γῆν
3602 4208 3659 4264 ἐν
3691 4215 3779 4284 τῷ

2102 4297 2374 4376 φέρεσθαι.
2431 4295 2503 4351 Τὸ
2550 4292 2609 4351 δὲ
2661 4296 2880 4373 ἀροῦσιν
2931 4294 3159 4352 ἐνταῦθα
3205 4293 3376 4368 δηλοῖ
3425 4298 3490 4353 τὸ
3550 4294 3777 4374 λήψον-

2098 4407 2210 4442 ται.

2177 4498 2206 4527 ‹‹
2236 4474 2370 4532 Ἀπὸ
2400 4477 2593 4552 φωνῶν
2641 4470 2848 4530 ὑδάτων
2898 4469 3150 4532 πολλῶν.
3190 4496 3219 4525 ››
3250 4507 3320 4517 -
3349 4472 3552 4531 Ὕδατα
3575 4474 3779 4534 πολλά

2102 4561 2326 4636 νοητέον
2376 4561 2505 4625 τοὺς
2560 4561 2902 4625 ἀποστόλους
2956 4562 3047 4618 καὶ
3095 4560 3330 4627 λοιποὺς
3376 4561 3773 4630 διδασκάλους·

2022 4637 2069 4703 Ι)
2098 4654 2277 4732 φωνὰς
2329 4649 2386 4707 δὲ
2434 4650 2611 4707 αὑτῶν
2659 4652 2757 4714 τὰς
2804 4648 3180 4714 διδασκαλίας·
3237 4651 3507 4716 θάλασσαν
3558 4651 3619 4709 δὲ
3668 4656 3776 4726 τήν

2108 4738 2324 4810 πληθὺν
2384 4742 2491 4794 τῶν
2548 4738 2948 4794 πιστευσάντων
3008 4737 3195 4795 ἐθνῶν·
3251 4740 3670 4817 μετεωρισμοὺς
3716 4741 3781 4799 δὲ

2105 4829 2203 4891 τὰς
2232 4828 2369 4904 πρὸς
2402 4828 2531 4883 Θεὸν
2561 4827 2795 4902 ὑψώσεις
2823 4832 2929 4885 τῶν
2962 4825 3234 4886 διανοιῶν.

2183 4941 2203 4970 ι
2238 4917 2553 4991 Θαυμαστὸν
2606 4916 2659 4972 ἐν
2709 4915 2944 4991 ὑψηλοῖς
2986 4918 3015 4972 6
3064 4917 3284 4993 Κύριος.
3337 4943 3366 4969 ››
3418 4952 3487 4961 -
3531 4916 3778 4977 Μᾶλλον

2106 5003 2163 5062 δέ
2217 5006 2269 5061 ἐν
2324 5011 2442 5069 τοῖς
2500 5004 2740 5080 ὑψηλοῖς
2816 5006 3129 5083 πράγμασιν
3196 5003 3315 5077 ἤως
3368 5013 3491 5071 τοῖς
3550 5008 3777 5085 ῥηθεῖσι

2108 5098 2507 5171 μετεωρισμοῖς
2557 5093 2865 5168 θαυμαστὸς
2914 5094 2942 5149 ὁ
2991 5094 3211 5171 Κύριος,
3243 5097 3273 5150 6
3320 5097 3678 5173 κατορθώσας
3706 5099 3781 5154 τὰ

2104 5185 2406 5257 θαυμαστά.

2180 5296 2209 5324 (ε
2262 5273 2338 5328 Τά
2398 5270 2668 5348 μαρτύριά
2722 5292 2820 5327 σου
2885 5271 3259 5344 ἐπιστώθησαν
3318 5272 3547 5353 σφόδρα.
3608 5299 3639 5329 ››
3705 5309 3782 5321 -

2105 5363 2173 5419 Αἱ
2204 5361 2329 5436 περὶ
2359 5365 2456 5417 σοῦ
2513 5361 2838 5437 μαρτυρικαὶ
2886 5368 3217 5442 προφητεῖαι
3268 5361 3387 5419 λίαν
3440 5361 3777 5441 ἐδείχθησαν

2104 5450 2211 5523 ἀλη
2221 5456 2331 5516 θεῖς
2340 5494 2352 5508 .
3156 5442 3161 5449 ’

2180 5564 2207 5592 ‹‹
2235 5539 2306 5594 Τὸ
2356 5537 2493 5612 οἷόιῳ
2551 5561 2647 5594 σου
2703 5541 2898 5617 πρέπει
2958 5540 3217 5619 άγίασμα,
3276 5542 3460 5619 Κύριε,
3521 5543 3602 5606 εἰς
3666 5566 3779 5619 μα-

2102 5631 2345 5708 κρότητα
2400 5630 2649 5706 ἡμερῶν.
2676 5653 2706 5681 ››
2735 5663 2806 5674 -—
2852 5629 3016 5694 Οἶκος
3064 5636 3204 5688 Θεοῦ
3232 5632 3267 5702 ἦ
3303 5629 3605 5703 Ἐκκλησία
3662 5637 3781 5691 τῶν

2102 5723 2310 5783 πιστῶν
2367 5719 2406 5797 ᾖ
2462 5717 2655 5801 πρέπει
2712 5718 2778 5778 τὸ
2836 5718 2969 5778 εἶναι
3025 5717 3474 5806 ἁγία-διηνεκῶς
3522 5721 3618 5779 καὶ
3662 5743 3781 5804 μα-
