4066 6464
278 413 439 475 1545
1512 407 1925 471 EXPOSITIO
1971 408 2047 468 IN
2094 406 2480 469 PSALMOS.
3544 408 3723 467 1546’

279 540 497 616 λυσμου
546 539 918 615 καθαρότητος
970 540 1171 603 παντὸς
1223 541 1297 602 ὡς
1356 538 1562 595 ἔνοικον
1609 539 1813 616 ἐχούσῃ
1836 540 1928 594 τὸν
1961 542 2015 608 Α
2123 563 2143 589 ι
2180 537 2243 593 Εἰ
2298 539 2373 611 μὴ
2419 538 2501 593 ὅτι
2552 535 2749 613 Κύριος
2800 530 3068 606 ἐϐοήθησέ
3129 554 3255 609 μοι·
3314 536 3461 613 παρὰ
3520 536 3699 613 βραχὺ

278 626 453 694 ὄντως
483 629 655 707 ἅγιον.
1266 692 1273 700 θ
2038 627 2334 701 παρῴκησε
2380 626 2460 698 τῷ
2511 622 2613 700 ᾅδῃ
2654 627 2689 695 ἡ
2740 626 2890 701 ψυχή
2930 645 3056 697 μου.
3091 647 3119 675 ››
3144 657 3213 667 -—-
3242 625 3393 679 Ἀντὶ
3433 629 3531 680 τοῦ
3558 624 3696 698 ἐνῴ-

883 740 1177 793 ΨΑΛΜΟΣ
1219 736 1327 813 ῑιῐν,
2037 736 2221 813 κησεν,
2256 712 2429 787 ᾊδην
2480 712 2538 769 δὲ
2587 713 2735 790 λέγει
2764 714 2855 769 τὸν
2896 709 3164 784 κίνδυνον,
3196 709 3302 768 εἷ’τε
3328 712 3421 768 τὸν
3449 734 3692 787 σωματι-

2036 804 2130 859 κὸν
2163 801 2269 859 εἷ’τε
2296 804 2389 859 τὸν
2420 803 2675 881 ψυχικόν.

2115 893 2239 948 «Εἰ
2297 889 2510 969 ἔλεγον,
2571 889 2897 948 Σεσάλευται
2958 892 2986 946 6
3032 889 3169 953 πούς
3233 910 3357 964 μου·
3416 892 3480 947 τὸ
3537 889 3691 955 ἔλεός

2040 1003 2159 1053 σου,
2218 980 2399 1059 Κύριε,
2460 976 2675 1053 ἐϐοήθει
2734 1003 2848 1055 μοι.
2912 1004 2940 1032 ››
2988 1013 3058 1024 —-
3110 980 3175 1035 Εί
3224 979 3691 1057 ἐξωμολογούμην

2036 1072 2137 1140 τὴν
2188 1067 2325 1125 ἰδίαν
2377 1070 2646 1127 ἀσθένειαν
2694 1076 2795 1140 τῆς
2845 1077 2944 1140 σῆς
2997 1068 3407 1148 φιλανθρωπίας
3457 1069 3693 1147 ἐτύγχα-

2040 1181 2153 1216 νον.

2119 1271 2147 1299 ‹‹
2178 1249 2324 1304 Κατὰ
2350 1248 2414 1303 τὸ
2459 1246 2676 1318 πλῆθος
2724 1253 2830 1303 τῶν
2883 1245 3088 1303 ὀδυνῶν
3140 1269 3245 1320 μου
3292 1247 3346 1303 ἐν
3504 1245 3701 1325 καρδίᾳ

2049 1358 2152 1411 μου
2183 1339 2239 1392 αἱ
2268 1335 2642 1414 παρακλήσεις
2674 1358 2771 1392 σου
2821 1332 3080 1415 εῦφραναν
3128 1338 3228 1406 τήν
3276 1340 3463 1413 ψυχήν
3510 1358 3636 1411 μου.
3668 1358 3697 1391 ι

2044 1457 2113 1469 -
2146 1426 2548 1502 Ἀναλογυῦσαν
2591 1432 2713 1489 ταῖς
2766 1423 2982 1489 ὀδύναις
3033 1446 3137 1500 μου
3165 1431 3285 1488 ταῖς
3316 1425 3368 1481 ἐν
3416 1430 3483 1500 τῇ
3508 1424 3705 1503 καρδίᾳ

2051 1536 2156 1589 μου
2184 1514 2333 1592 παρὰ
2363 1519 2459 1569 σοῦ
2491 1512 2767 1591 ἐδεχόμην
2790 1517 3148 1591 παραψυχήν.

2121 1628 2150 1656 (ς
2181 1605 2270 1674 Μὴ
2322 1603 2717 1681 συμπροσέστω
2765 1624 2849 1658 σοι
2899 1603 3092 1680 θρόνος
3125 1604 3373 1678 ἀνομίας.
3405 1626 3432 1658 ι
3468 1638 3539 1646 —
3568 1605 3705 1682 Θρό-

2047 1714 2139 1748 νον
2188 1686 2550 1766 ἀνομίας-τὸν
2603 1690 2918 1766 δαιμονικὸν
2983 1691 3241 1765 ὀνομάζει
3302 1691 3466 1767 ἐσμὸν
3517 1691 3607 1749 διὰ
3644 1695 3708 1750 τὸ

2049 1783 2147 1850 τὴν
2197 1781 2427 1855 ἀνομίαν
2474 1781 2526 1837 ἐν
2574 1781 2758 1845 αὐτοῖς
2803 1781 2894 1837 καὶ
2946 1780 3251 1858 βασιλεύειν
3310 1782 3399 1836 καὶ
3450 1782 3710 1838 ἀναπαύε-

2054 1883 2197 1935 σθαι.
2234 1868 2472 1947 Εὕχεται
2520 1868 2596 1944 δὲ,
2645 1869 2861 1945 μᾶλλον
2901 1868 2958 1926 δὲ
2988 1870 3321 1949 προφητεύει
3351 1870 3507 1944 τύπῳ
3538 1871 3709 1947 εὐχῆς

2056 1961 2131 2034 μὴ
2164 1958 2297 2022 τοὺς
2340 1958 2601 2033 δαίμονας
2650 1965 3009 2036 συμπαρεῖναι
3054 1960 3293 2035 κρίνοντι
3341 1964 3420 2033 τῷ
3468 1964 3707 2037 Χριστῷ,

2053 2046 2202 2105 ἀλλὰ
2257 2049 2364 2125 πρὸ
2413 2052 2513 2118 τῆς
2579 2047 2744 2103 αὐτοῦ
2810 2044 3045 2113 καθόδου
3120 2050 3217 2118 τὴν
3294 2049 3708 2122 ἡτοιμασμένην

2053 2135 2289 2200 ἐκείνοις
2354 2136 2740 2213 κληρώσασθαι
2800 2136 3037 2212 γέενναν,
3094 2135 3186 2191 ’ίνα
3248 2138 3323 2211 μὴ
3386 2136 3505 2193 λίαν
3564 2133 3713 2200 ὄντες

2061 2225 2441 2301 μισάνθρωποι
2468 2230 2823 2301 κατηγορῶσι
2853 2229 2962 2280 τῶν
2993 2222 3239 2297 δικαίων,
3273 2221 3326 2280 εἷ’
3347 2246 3398 2280 τι
3430 2225 3521 2280 καὶ
3568 2226 3716 2302 παρὰ

2055 2314 2283 2392 γνώμην
2314 2313 2531 2376 τούτοις
2561 2315 2900 2389 ἡμάρτηται.

2130 2427 2159 2456 ‹‹
2211 2404 2268 2459 Ὁ
2325 2400 2583 2458 πλάσσων
2638 2402 2807 2458 κόπον
2871 2401 2960 2457 ἐπὶ
3017 2403 3340 2478 πρόσταγμα
3372 2444 3384 2456 .
3446 2426 3477 2455 ›ι
3532 2434 3603 2446 -—
3660 2404 3718 2457 Ὁ

2059 2489 2379 2566 δαιμονικὸς
2438 2490 2603 2565 ἐσμὸς
2663 2490 2751 2546 ἐπὶ
2815 2492 2879 2547 τὸ
2939 2487 3171 2569 ἐλαφρὸν
3244 2490 3568 2568 πρόσταγμα
3619 2496 3719 2547 τοῦ

2058 2584 2292 2658 Χριστοῦ
2346 2578 2515 2635 κόπον
2573 2578 2801 2635 πλάσσει
2834 2627 2851 2653 ,
2910 2579 3317 2650 κατασκευάζων
3388 2579 3471 2657 ἐφ’
3527 2581 3719 2645 ἑαυτὰς

2056 2671 2153 2733 τὰς
2197 2670 2457 2746 κυριακάς
2507 2668 2728 2732 ἐντολὰς
2776 2669 3089 2740 ἐπιπόνους,
3140 2670 3216 2733 ὡς
3265 2668 3501 2726 ἐντεῦθεν
3551 2669 3717 2735 αὐτὰς

2061 2758 2518 2835 παραιτουμένου.

2138 2872 2166 2900 ι(
2215 2846 2575 2923 Θηρεύσουσιν
2626 2847 2715 2902 ἐπὶ
2764 2849 2948 2923 ψυχὴν
3000 2844 3231 2905 δικαίου.
3284 2872 3313 2899 ››
3363 2881 3432 2889 —
3477 2850 3584 2918 Τήν
3634 2849 3719 2904 αἶ-

2060 2935 2177 2992 τίαν
2232 2934 2382 3011 λέγει
2437 2932 2508 2991 δι’
2551 2936 2619 3005 ἢν
2669 2934 2964 3012 άπεύχεται
3031 2936 3121 2991 τὸν
3176 2933 3490 3010 δαιμονικὸν
3549 2937 3714 3012 ἐσμὸν

2064 3030 2313 3102 παρεῖναι
2370 3029 2451 3097 τῷ
2506 3024 2776 3101 κριτηρίῳ
2832 3029 2931 3080 τοῦ
2987 3029 3244 3102 Χριστοῦ·
3306 3026 3522 3103 πάρεισι
3570 3026 3715 3104 γὰρ,

2067 3115 2254 3193 φησὶν,
2310 3114 2364 3167 οἱ
2422 3111 2698 3186 δαίμονες⁶
2758 3116 2927 3190 θήραν
2987 3116 3275 3185 στήσουσιν
3344 3114 3431 3170 ἐπὶ
3487 3115 3579 3170 τὸν
3642 3113 3723 3171 δί-

2066 3224 2239 3274 καιον,
2300 3207 2735 3279 κακηγοροῦντες
2795 3203 3068 3266 παντοίως
3126 3200 3511 3277 διαμισοῦντας
3570 3204 3733 3282 ὑπερ-

1992 3284 2036 3351 C
2073 3286 2266 3364 ϐολήν.

2151 3405 2181 3433 ‹‹
2238 3379 2338 3436 Καὶ
2396 3381 2534 3454 αἷμα
2607 3382 2778 3437 ἀθῶον
2854 3379 3300 3437 καταδικάσονται
3348 3426 3360 3439 .
3420 3402 3447 3436 ι
3513 3415 3583 3425 —
3635 3383 3735 3437 T6v

2082 3464 2254 3526 ἀθῶόν
2314 3491 2446 3548 φησι
2516 3474 2956 3548 περιφραστικῶς
2990 3516 3004 3541 ,
3065 3471 3123 3526 ὃν
3169 3515 3184 3543 ,
3245 3472 3291 3526 εἷ
3370 3470 3614 3547 πάρεισιν
3692 3472 3745 3527 οἱ

2085 3556 2339 3632 δαίμονες
2372 3605 2386 3631 ,
2471 3555 2760 3614 κατάδικον
2810 3562 3134 3632 ποιήσουσιν
3195 3559 3319 3615 ὅσον
3393 3560 3457 3616 τὸ
3522 3559 3605 3616 ἐπ’
3658 3559 3750 3615 αὗ-

2082 3669 2222 3711 τοις.

2162 3761 2191 3789 ‹‹
2225 3736 2326 3793 Καὶ
2377 3734 2582 3812 ἐγένετό
2637 3758 2733 3810 μοι
2783 3736 2983 3814 Κύριος
3031 3738 3109 3801 εἷς
3154 3740 3489 3817 καταφυγήν.
3526 3763 3555 3791 ››
3602 3772 3669 3783 -
3697 3744 3752 3792 Ὁ

2094 3826 2452 3903 παρῳχηκὼς
2484 3824 2601 3880 ἀντὶ
2636 3824 2960 3898 μέλλοντος.

2177 3937 2205 3970 α
2234 3914 2337 3971 Καὶ
2388 3915 2417 3968 6
2467 3914 2599 3976 Θεός
2653 3934 2759 3986 μου
2809 3914 2884 3977 είς
2936 3916 3137 3991 βοηθὸν
3188 3913 3411 3977 ἐλπίδος
3462 3937 3588 3989 μου.
3626 3939 3655 3968 ››
3684 3949 3754 3960 —-

2098 4004 2302 4074 Βοηθὸς
2333 4009 2435 4073 τῆς
2481 4000 2705 4064 ἐλπίδος
2741 4024 2845 4076 μου
2874 4001 3001 4073 ἤτοι
3056 4004 3255 4080 βοηθὸς
3287 4003 3424 4079 ἐμοῦ
3461 4008 3559 4060 τοῦ
3589 4003 3754 4061 ἐλπί-

2100 4099 2287 4163 ζοντος
2319 4091 2404 4147 ἐπ’
2431 4091 2614 4148 αὐτόν.

2171 4180 2331 4237 «Καὶ
2388 4177 2660 4236 ἀποδώσει
2718 4180 2903 4244 αὐτοῖς
2958 4180 3159 4259 Κύριος
3214 4184 3314 4252 τὴν
3374 4183 3602 4256 ἀνομίαν
3660 4182 3761 4239 αὖ·

2098 4274 2229 4342 τῶν,
2289 4269 2378 4325 καὶ
2429 4271 2527 4340 τὴν
2587 4270 2850 4345 πονηρίαν
2914 4271 3109 4326 αὐτῶν⁸
3172 4271 3388 4350 ἀφανιεῖ
3432 4271 3629 4335 αὐτοὺς
3653 4272 3763 4327 Κύ-

2106 4379 2221 4435 ριος
2281 4359 2309 4412 6
2366 4359 2497 4420 Θεὸς
2554 4360 2737 4431 ἡμῶν.
2774 4382 2905 4409 ››-ο
2950 4356 3207 4433 Οὐδαμοῦ
3265 4361 3369 4437 γὰρ
3431 4363 3761 4439 φανήσονται

2108 4446 2198 4503 διὰ
2271 4447 2333 4503 τὸ
2416 4451 2829 4523 κατακεχῶσθαι
2910 4452 2989 4522 τῷ
3073 4447 3467 4522 ἡτοιμασμένῳ
3549 4448 3769 4512 τούτοις

346 868 374 895 ‹‹
402 841 639 917 Ψαλμὸς
676 846 757 915 τῷ
805 840 969 898 Δαυίδ
1018 840 1238 919 τετράδι
1297 836 1603 899 Σαϐϐάτου.
1663 843 1793 905 Θεὸς
1849 840 1930 897 ἐκ·

274 930 544 1004 δικήσεων
603 931 824 1009 Κόριος.
885 956 915 983 ››
973 964 1040 974 ——
1099 932 1226 993 Θεὸς
1291 929 1583 1001 ἐκδικητὴς
1645 932 1673 985 ὁ
1732 930 1928 1007 Κύριός

277 1022 411 1079 ἐστι.
472 1021 814 1098 Παρηγορίαν
870 1020 898 1074 6
937 1020 1161 1094 ψαλμὸς
1215 1026 1332 1082 τοῖς
1391 1017 1771 1095 ἀδικουμένοις
1817 1019 1932 1075 εἰσ-

281 1109 452 1188 φέρει.

351 1223 381 1251 ‹‹
413 1200 545 1261 Θεὸς
593 1196 919 1269 ἐκδικήσεων
968 1196 1427 1275 ἐπαρρησιάσατο.
1470 1223 1499 1251 ››
1546 1231 1616 1242 -η
1651 1200 1722 1254 Τὸ
1765 1197 1935 1275 ἐπαρ-

283 1287 579 1365 ῥησιάσατο
628 1288 746 1343 ἀντὶ
820 1291 918 1342 τοῦ
998 1286 1422 1364 παρρησιάζεται
1462 1332 1476 1359 ,
1532 1289 1774 1343 τουτέστι
1832 1289 1933 1357 τὴν

281 1375 474 1431 ἐαυτοῦ
501 1377 790 1452 σανερώσει
820 1372 1238 1453 δικαιοκρισίαν.

352 1489 382 1517 ‹‹
411 1466 685 1540 Ἄψώθητι
734 1464 762 1518 6
805 1463 1002 1539 κρίνων
1051 1466 1151 1535 τήν
1198 1472 1301 1541 γῆν
1329 1487 1342 1500 ·
1387 1463 1590 1529 ἀπόδος
1639 1462 1935 1521 ἀνταπόδο-

279 1575 361 1609 σιν
384 1559 500 1617 τοῖς
554 1551 940 1632 ὑπερηφάνοις.
978 1578 1006 1605 ››
1038 1587 1107 1598 --
1153 1555 1557 1635 Ὑπερηφάνους
1611 1552 1763 1631 λέγει
1808 1553 1937 1617 τοὺς

280 1640 539 1705 δυνάστας
574 1644 649 1705 ὡς
677 1648 784 1697 τῶν
815 1645 1062 1715 πενήτων
1089 1649 1581 1722 καταφρονοῦντας.

360 1756 387 1787 α
417 1731 740 1809 Φθέγξονται
798 1734 889 1787 καὶ
950 1730 1285 1805 λαλήσουσιν
1345 1730 1579 1791 ἀδικίαν,
1634 1757 1759 1786 ››-
1803 1733 1940 1788 Ἀπὸ

280 1826 470 1876 κοινοῦ
525 1821 608 1893 τὸ,
661 1845 690 1874 ‹‹
739 1822 885 1884 Ἕως
932 1820 1066 1877 πότε
1109 1821 1416 1893 λαλήσουσι
1461 1823 1678 1885 πάντες.
1733 1847 1762 1874 ››
1806 1821 1940 1879 Ἀπὸ

282 1914 472 1965 κοινοῦ
497 1910 562 1965 τὸ
582 1906 816 1968 ἀδικίαν.

363 2024 385 2051 ι
422 2001 603 2075 Χήραν
654 1997 744 2055 καί
795 1999 1027 2079 ὀρφανὸν
1088 1999 1443 2057 ἀπέκτειναν’
1496 2002 1585 2057 καὶ
1635 2000 1942 2075 προσήλυ-

284 2110 378 2144 τον
438 2087 759 2166 ἐφόνευσαν.
816 2114 836 2139 ι
917 2121 961 2132 -
1016 2089 1330 2145 Ἀποκτενεῖ
1383 2090 1474 2145 καὶ
1534 2089 1779 2169 φονεύσει
1836 2095 1942 2153 πᾶς

289 2179 317 2233 ὁ
376 2177 630 2252 ἀρπάζων
683 2176 751 2231 τὰ
810 2174 1095 2253 ἀλλότρια’
1156 2176 1506 2253 προσήλυτος
1564 2176 1622 2233 δὲ
1667 2179 1814 2255 παρὰ
1847 2178 1941 2250 μὲν

284 2264 570 2328 Ἰουδαίοις
603 2267 632 2321 6
665 2266 717 2337 ἐξ
747 2264 911 2330 ἐθνῶν
944 2270 1023 2339 τῷ
1055 2264 1385 2341 Ἰουδαϊσμῷ
1430 2265 1769 2343 προσελθὼν,
1820 2267 1946 2344 παρ’

288 2358 424 2429 ἡμῖν
457 2352 516 2410 δὲ
545 2355 574 2409 6
603 2356 890 2431 πάροικος.

366 2469 387 2496 α
424 2443 530 2499 Καὶ
590 2444 740 2499 εἶπαν
778 2464 790 2475 ο
851 2443 962 2500 Ούκ
1016 2439 1207 2518 ὄψεται
1266 2445 1486 2521 Κύριος,
1551 2443 1679 2500 οὐδὲ
1728 2447 1946 2516 συνήσει

291 2533 320 2587 6
351 2533 479 2594 Θεὸς
526 2536 625 2588 τοῦ
673 2528 890 2590 Ἰακώϐ.
930 2557 958 2585 υ
999 2566 1068 2576 -
1113 2534 1184 2589 Τὸ
1234 2536 1451 2606 συνήσει
1501 2534 1618 2589 ἀντὶ
1668 2538 1766 2590 τοῦ
1807 2533 1948 2610 γνώ-

292 2642 460 2691 σεται.

366 2734 395 2762 ‹‹
430 2709 625 2765 Σὸνετε
672 2707 739 2779 δὴ
790 2707 1017 2789 ἄφρονες
1068 2710 1121 2767 ἐν
1166 2716 1246 2784 τῷ
1293 2710 1432 2786 λαῷ,
1482 2712 1572 2768 καὶ
1615 2712 1792 2789 μωροί
1821 2732 1954 2767 ποτε

295 2801 618 2878 φρονήσατε.
647 2823 676 2852 »
703 2832 773 2842 —
805 2799 1099 2876 Ἐπίγνωτε
1125 2800 1194 2855 τὰ
1220 2807 1350 2855 πᾶσι
1380 2801 1654 2878 γνώριμα.

370 2912 400 2941 ‹‹
432 2890 490 2942 Ὁ
520 2886 781 2967 φυτεὸσας
807 2889 871 2944 τὸ
903 2887 995 2952 οῦς
1048 2889 1178 2965 οὐχὶ
1218 2888 1400 2945 ἀκοὺει
1426 2910 1440 2960 ;
1471 2890 1507 2960 ἢ
1543 2892 1571 2945 ὁ
1618 2889 1831 2953 πλάσας
1858 2890 1951 2946 τὸν

302 2975 585 3056 ὀφθαλμὸν
622 2976 752 3054 οὐχὶ
791 2983 1043 3034 κατανοεῖ
1074 2997 1087 3047 ;
1123 3002 1154 3031 ››
1184 3011 1253 3020 —
1280 2979 1351 3033 T6
1395 2984 1649 3035 κατανοεῖ
1694 2979 1811 3035 ἀντὶ
1856 2983 1955 3034 τοῦ

304 3067 425 3144 ὁρᾷ.

380 3178 410 3208 ι(
438 3156 495 3210 Ὀ
544 3154 816 3211 παιδεὺων
867 3153 987 3227 ἔθνη
1041 3156 1171 3232 ούχὶ
1221 3153 1471 3233 ἐλέγξει;
1504 3182 1533 3211 ››
1569 3190 1636 3200 -
1664 3160 1735 3212 "A
1772 3157 1864 3212 καὶ
1891 3155 1959 3212 τὰ

308 3245 401 3317 μὲν
460 3244 630 3318 νόμον
681 3243 939 3320 δεξάμενα
989 3250 1131 3310 θεῖον
1182 3244 1305 3316 ἔθνη
1356 3243 1626 3302 παιδεὺων
1674 3247 1765 3301 καὶ
1816 3266 1960 3301 συνε-

301 3332 467 3402 τίζων
502 3331 591 3389 διὰ
631 3338 738 3389 τῶν
789 3336 916 3411 παρ’
964 3334 1149 3397 αὐτοῖς
1186 3334 1369 3409 νόμων
1421 3333 1494 3390 δι’
1542 3336 1617 3390 ὧν
1651 3336 1704 3391 οἱ
1743 3335 1963 3391 πταίον-

299 3443 389 3485 τες
433 3422 782 3498 κολάζονται,
836 3423 967 3501 οὐχὶ
1016 3422 1248 3499 ἐλέγξει,
1294 3423 1540 3480 τουτέστι
1588 3423 1814 3481 κολάσει
1860 3444 1970 3480 πα-

307 3530 432 3587 ρανο
441 3516 674 3585 μοῦντας
710 3513 850 3586 ὑμᾶς
886 3533 900 3583 ;

386 3625 407 3651 ε
442 3601 499 3654 '0
530 3597 796 3656 διδάσκων
850 3602 1135 3678 ἄνθρωπον
1184 3607 1407 3678 γνῶσιν.
1463 3627 1492 3656 ››
1525 3637 1591 3646 -
1641 3608 1696 3657 Ὀ
1725 3600 1975 3679 χορηγὸς

310 3689 407 3757 τῆς
466 3689 719 3763 γνώσεως
770 3690 900 3752 Θεὸς
949 3691 1164 3753 πάντως
1220 3691 1476 3767 γινώσκει
1539 3691 1668 3754 τοὺς
1725 3689 1973 3767 διαλογι-

314 3775 487 3849 σμοὺς
517 3781 625 3832 τῶν
674 3777 743 3832 τὰ
790 3778 1104 3854 ἀνθρώπινα
1149 3778 1495 3857 φρονοῦντων
1542 3779 1632 3835 καὶ
1672 3782 1858 3856 γήϊνα,
1889 3780 1980 3834 καὶ

317 3864 409 3919 διὰ
435 3868 599 3920 τοῦτο
632 3866 757 3938 περὶ
804 3868 904 3937 τὴν
953 3866 1096 3923 Θείαν
1130 3867 1386 3945 πρόνοιαν
1442 3868 1861 3947 ἁμαρτανόντων
1899 3868 1982 3923 ὅτι

319 3953 423 4007 εἶσὶ
450 3951 666 4027 ψευδεῖς
697 3954 789 4009 καὶ
820 3954 1172 4033 ἐσφαλμένοι.

392 4065 422 4092 ‹‹
455 4042 734 4118 Μακάριος
767 4032 1078 4117 ἄνθρωπος,
1110 4046 1169 4100 ὃν
1202 4045 1262 4100 ἂν
1290 4044 1604 4121 παιδεὺσῃς,
1640 4046 1824 4124 Κὺριε.
1858 4032 1986 4099 ››’-

324 4131 417 4183 "Ov
450 4128 511 4184 ἂν
540 4129 816 4203 συνετίσῃς
844 4135 913 4205 τῇ
944 4133 1090 4203 παρὰ
1121 4138 1216 4195 ςοῦ
1247 4130 1591 4207 διδασκαλίᾳ.

406 4240 429 4271 ι
462 4217 567 4276 Καὶ
599 4216 660 4274 ἐκ
703 4223 801 4274 τοῦ
847 4219 1021 4292 νόμου
1071 4242 1168 4276 σου
1218 4219 1434 4297 διδάξῃς
1479 4223 1659 4282 αὐτόν.
1692 4248 1721 4275 ››
1750 4257 1819 4267 -
1867 4221 1992 4280 Εἷίτε

326 4312 425 4363 τοῦ
456 4311 684 4386 φυσικοῦ
719 4305 826 4363 εἴτε
851 4312 949 4363 τοῦ
978 4314 1248 4385 γραπτοῦ.

407 4420 429 4449 ι
464 4401 570 4452 Τοῦ
618 4401 851 4470 πραῧναι
898 4396 1057 4452 αὐτὸν
1112 4399 1201 4476 ἀφ’
1249 4399 1471 4473 ἡμερῶν
1535 4404 1816 4476 πονηρῶν.
1865 4424 1893 4454 ι)
1927 4434 1995 4442 -

332 4487 421 4549 ’Θς
480 4487 557 4560 μή
617 4485 961 4563 σχετλιάζειν
1023 4486 1208 4560 αὐτὸν,
1263 4494 1340 4561 μὴ
1402 4488 1714 4565 ἀγανακτεῖν
1776 4490 1838 4545 ἐκ
1886 4494 1995 4545 τῶν

334 4536 604 4631 ἐπίπόῖιων
653 4536 909 4652 ῒξμερῶῐ,
962 4574 1048 4631 ὅτι
1105 4584 1140 4647 ἦ
1192 4536 1361 4633 ὸιαὸιίίκ
1417 4536 1814 4655 κὸιτακυριεὺει,
1874 4576 2001 4633 ἀλλ’
2108 4536 2261 4612 πυρί·
2370 4564 2389 4575 ί

339 4664 624 4738 ὑπομένειν
680 4686 742 4720 τε
787 4666 878 4721 καὶ
943 4667 1314 4743 μακροθυμεῖν
1368 4663 1475 4730 ἕως
1534 4667 1596 4723 ἃν
1653 4670 1759 4730 πᾶς
1820 4668 1848 4722 ὁ
1894 4673 2003 4725 τῶν
2036 4655 2083 4721 D
2714 4685 3013 4737 ΨΑΛΜΟΣ
3055 4681 3167 4743 LA’,

339 4752 499 4807 θείων
527 4752 762 4839 ἐντολῶν
804 4738 1128 4830 παραϐάτης
1181 4738 1261 4819 εἷς
1314 4755 1513 4832 βόθρον
1547 4752 1793 4832 ἐκϐληθῇ
1826 4754 2002 4814 ἀϊδίου
2549 4838 2557 4839 7
3075 4738 3091 4757 ⁸

347 4838 677 4906 κακώσεως(
2190 4864 2217 4892 ί(
2277 4839 2433 4904 Δῖνος
2492 4838 2641 4914 ᾠδῆς
2697 4842 2778 4915 τῷ
2832 4840 3017 4897 Δαυῒδ.
3080 4846 3239 4898 Δεῦτε
3310 4840 3778 4919 ἀγαλλιασώμεθα

418 4954 448 4982 ‹‹
491 4932 636 4994 Ἕως
669 4931 731 4986 οὗ
765 4931 936 5009 ὀρυγῇ
965 4937 1046 5007 τῷ
1085 4930 1401 5012 ἁμαρτωλῷ
1451 4934 1669 5011 βόθρος.
1700 4959 1730 4989 ››
1763 4968 1833 4978 -ο
1863 4938 2008 4998 Ἕως
2115 4933 2194 5001 τῷ
2253 4927 2437 5005 Κυρίῳ
2472 4951 2483 4964 ⁸
2538 4928 2895 5005 ἀλαλάξωμεν
2970 4929 3050 5004 τῷ
3127 4936 3242 5003 Θεῷ
3298 4935 3379 5004 τῷ
3449 4937 3659 5004 σωτῆρι
3715 4931 3779 4999 ἠ-

344 5017 403 5073 ἃν
436 5021 471 5090 ἠ
522 5018 979 5093 αὐτοδικαιοσὺνη
1019 5023 1251 5099 Χριστὸς
1293 5021 1352 5078 ἐκ
1387 5029 1487 5093 τῆς
1529 5028 1620 5078 νῦν
1670 5023 1879 5101 ἀνοχῆς
1921 5023 2009 5079 ἐπὶ
2123 5022 2257 5092 μῶν.
2292 5044 2320 5069 ››
2374 5051 2440 5060 -
2497 5024 2583 5081 Ὠς
2636 5019 2950 5090 νενικηκότα
2997 5019 3126 5083 τοὺς
3183 5024 3575 5098 τυραννοῦντας
3633 5015 3722 5073 δαί
3754 5049 3780 5061 -

343 5108 444 5177 τὴν
508 5106 820 5181 μέλλουσαν
879 5109 1058 5188 κρίσιν
1106 5113 1291 5185 τραπῇ
1333 5110 1424 5167 καί
1490 5111 1730 5188 ἐχομένη
1791 5112 2012 5189 (ἐχόμε-
2124 5127 2287 5181 μονας
2317 5106 2602 5186 ἐπιφαίνει.

348 5198 456 5271 νοι)
487 5196 577 5252 καὶ
610 5197 773 5274 ἐγγὺς
805 5198 975 5255 αὐτοῦ.
995 5200 1194 5263 πάντες
1223 5201 1276 5256 οἱ
1307 5198 1527 5256 δίκαιοι.
2197 5220 2225 5247 ‹‹
2256 5197 2665 5275 Προφθάσωμεν
2724 5199 2784 5253 τὸ
2843 5198 3135 5275 πρόσωπον
3193 5198 3358 5253 αὐτοῦ
3415 5197 3466 5253 ἐν
3515 5194 3783 5271 ἐξομολο-

424 5311 454 5337 ‹‹
485 5285 578 5348 Τίς
630 5288 981 5359 ἆναστήσεταί
1033 5311 1128 5363 μοι
1172 5289 1259 5345 ἐπὶ
1309 5290 1774 5365 πονηρευομένοις
1823 5310 1900 5361 ;››
1945 5324 2016 5335 μ-
2123 5288 2304 5360 γήσει.
2337 5313 2363 5363 ξ)
2406 5319 2477 5329 -
2532 5282 2908 5363 Προλάϐωμεν
2964 5289 3065 5357 τὴν
3135 5285 3385 5364 δευτέραν
3441 5286 3606 5341 αὐτοῦ
3660 5306 3735 5340 πα
3764 5317 3788 5327 -

349 5375 441 5437 Τίς
499 5375 760 5451 βοηθήσει
821 5399 917 5450 μοι
969 5380 1107 5433 κατὰ
1159 5384 1267 5435 τῶν
1328 5384 1582 5456 πονηρῶν
1642 5379 1857 5458 ἐχθρῶν
1906 5386 2015 5436 τῶν
2128 5374 2344 5450 ρουσίαν
2391 5374 2724 5451 ἐξαγορεύσει
2774 5380 2881 5430 τῶν
2919 5375 3512 5449 πεπλημμελημένων,
3542 5374 3791 5429 τουτέστι

351 5465 628 5535 αἰσθητῶν
659 5486 717 5521 τε
745 5467 837 5521 καὶ
867 5471 1080 5537 νοητῶν
1106 5495 1121 5535 ;
2126 5464 2235 5541 πρὸ
2267 5465 2497 5518 θανάτου
2550 5466 2994 5537 μετανοήσωμεν’
3026 5466 3116 5520 τὸν
3163 5465 3265 5541 γὰρ
3308 5464 3650 5529 ’ἀποθανόντα
3678 5458 3790 5533 ἤδη

427 5578 449 5606 α
487 5556 556 5608 Ἢ
604 5554 689 5617 τίς
729 5556 1250 5631 συμπαραστήσεταί
1320 5578 1415 5631 μοι
1464 5556 1552 5611 ἐπὶ
1599 5556 1730 5621 τοὺς
1780 5558 1971 5635 ἐργαζο
1997 5591 2018 5600 -
2128 5549 2423 5621 κατέλαϐεν
2452 5554 2488 5621 ὴ
2526 5552 2570 5627 β’
2601 5548 2812 5615 ἔλευσις
2840 5558 2938 5607 τοῦ
2967 5558 3223 5629 Χριστοῦ,

362 5645 559 5718 μένους
594 5644 694 5714 τήν
742 5644 1022 5719 ἀνομαίαν,
1057 5668 1086 5698 ››
1125 5679 1188 5693 —
1236 5646 1712 5723 Παραταττομένῳ
1740 5647 1877 5703 κατὰ
1911 5651 2020 5703 τῶν
2204 5666 2232 5696 (ι
2292 5644 2414 5698 Ὅτι
2469 5643 2601 5703 Θεὸς
2659 5639 2825 5717 μέγας
2884 5641 3082 5717 Κύριος
3160 5642 3250 5699 καὶ
3314 5641 3568 5719 βασιλεὺς
3632 5640 3799 5717 μέγας

367 5729 611 5810 δυσμῶν.
2135 5731 2222 5791 ἐπὶ
2251 5731 2466 5796 πάντας
2516 5728 2644 5793 τοὺς
2676 5729 2853 5795 θεοὺς,
2888 5756 2915 5785 υ
2943 5765 3012 5776 --
3060 5732 3124 5792 Εἰ
3174 5736 3265 5789 και
3314 5730 3599 5811 ἅνθρωπος
3629 5728 3800 5814 ἐφάνη

645 5863 916 5929 Puncta
965 5865 1076 5928 Gn.
1123 5864 1355 5933 CXLII.
3436 5859 3521 5943 βθ
