4066 6464
268 403 426 464 1549

1496 399 1909 463 EXPOSITIO
1956 402 2031 462 IN
2080 402 2220 461 PSA
2233 398 2338 462 LM
2350 403 2465 461 OS.

3538 403 3692 462 1550

263 530 807 610 ἀπροσωπόληπτος,
856 530 908 587 ἐν
968 518 1199 602 ἀληθείᾳ
1246 527 1326 599 δὲ,
1377 531 1452 593 ὡς
1512 531 1685 585 πάντα
1734 527 1919 598 εἰδὼς,
1950 528 2262 603 Ατίληψις
2315 528 2442 591 τοὺς
2522 528 3062 606 αἰχμαλωτισθέντας
3138 530 3242 584 ὑπὸ
3310 533 3408 586 τοῦ
3482 529 3687 608 ἐχθροῦ

260 622 352 677 καὶ
378 619 468 677 διὰ
496 625 656 677 τοῦτο
686 619 1139 698 ἀπαραλογίστως
1171 620 1371 698 κρίνων
1409 620 1503 675 τὸν
1532 616 1769 676 δίκαιον.

880 766 1178 818 Immo}:
1219 761 1320 838 ιιζ.

335 896 364 924 ‹‹
396 868 636 944 Ψαλμὸς
691 873 770 941 τῷ
823 866 1012 937 Δαυλιδ,
1044 868 1135 924 ὅτε
1177 871 1213 939 ἡ
1270 874 1340 944 γῆ
1398 867 1564 923 αὐτοῦ
1611 866 1921 924 καθίστατο.

265 959 465 1036 Κύριος
526 953 889 1014 ἐϐασίλευσεν·
953 955 1311 1032 ἀγαλλιάσθω
1378 958 1414 1026 ὴ
1471 963 1565 1032 γῆο
1626 955 1923 1033 εὐφρανθή-

260 1068 437 1104 τωσαν
486 1049 641 1116 νῆσοι
688 1044 919 1119 πολλαὶ,
964 1045 1165 1125 νεφέλη
1209 1046 1299 1100 καὶ
1341 1044 1542 1123 γνόφος
1596 1043 1788 1118 κύκλῳ
1828 1044 1923 1101 αὐ-

262 1141 381 1194 τοῦ.
418 1160 447 1189 ››
478 1168 549 1179 -
580 1134 795 1214 Νεφέλη
826 1136 919 1191 καὶ
976 1134 1178 1213 γνόφος
1221 1137 1257 1203 ἡ
1302 1131 1722 1213 προσληφθεῖσα
1770 1134 1923 1211 σὰρξ,

263 1226 339 1289 ὡς
372 1224 798 1302 ὑποκρύπτουσα
825 1226 924 1294 τήν
958 1224 1210 1295 θεότητα.

336 1338 366 1366 ‹‹
401 1313 725 1385 Δικαιοσύνη
778 1312 869 1368 καὶ
922 1317 1096 1387 κρῖμα
1151 1311 1487 1389 κατόρθωσις
1561 1316 1660 1368 τοῦ
1730 1311 1923 1389 θρόνου

263 1402 448 1461 αὐτοῦ.
483 1426 512 1455 ››
545 1435 611 1446 -
640 1403 699 1457 Ὀ
752 1401 943 1479 θρόνος
1000 1401 1124 1479 γὰρ,
1154 1398 1326 1478 ἤγουν
1386 1404 1421 1473 ἡ
1459 1403 1575 1457 κατ’
1633 1400 1920 1477 ἐπίγνωσιν

262 1490 435 1547 αὐτοῦ
499 1489 769 1567 βασιλεία,
826 1488 1172 1561 δικαιοσύνην
1230 1491 1322 1546 καὶ
1374 1489 1552 1567 κρίσιν
1610 1488 1921 1562 ἀδέκαστον,

259 1584 358 1636 τοῦ
419 1581 513 1654 μὲν
567 1580 834 1657 τυράννου
882 1579 1212 1657 καθαίρεσιν,
1274 1584 1381 1635 τῶν
1445 1577 1503 1636 δὲ
1557 1578 1922 1657 τυραννουμέ-

261 1690 369 1725 νων
405 1666 712 1745 ἐλευθερίαν
723 1714 738 1739 ,

336 1778 364 1811 α
393 1761 507 1833 Πῦρ
566 1756 795 1813 ἐνώπιον
854 1756 1020 1813 αὐτοῦ
1074 1757 1528 1835 προπορεύσεται.
1560 1781 1590 1810 ››
1623 1790 1689 1801 -—
1746 1760 1923 1814 Ταῦτα

259 1850 357 1902 τοῦ
383 1849 579 1923 καιροῦ
603 1852 702 1916 τῆς
738 1846 1085 1924 παγκοσμίου
1115 1845 1366 1922 κρίσεως.

333 1959 362 1988 ‹‹
396 1935 499 1992 Καὶ
556 1934 775 2014 φλογιεῖ
829 1935 1020 2009 κύκλῳ
1074 1935 1205 1998 τοὺς
1262 1934 1497 2011 ἐχθροὺς
1556 1935 1741 1994 αὐτοῦ,
1788 1960 1817 1988 ››
1850 1969 1919 1979 --

264 2026 335 2080 Γὸ
364 2021 556 2098 κύκλῳ
585 2023 704 2080 ἀντὶ
723 2029 821 2079 τοῦ
851 2030 1159 2100 πανταχοῦ,

339 2137 368 2167 ‹‹
398 2114 634 2192 Ἔφαναν
687 2115 740 2169 αἰ
800 2113 1066 2191 ἀστραπαὶ
1112 2114 1277 2170 αὐτοῦ
1322 2117 1391 2189 τῇ
1439 2113 1750 2189 οἰκουμένῃ.
1800 2135 1822 2164 α
1852 2147 1919 2157 -

260 2203 565 2280 ’Δστραπάς
611 2201 756 2280 λέγει
803 2205 903 2273 τήν
963 2204 1015 2259 ἐν
1065 2202 1169 2278 ὅλῃ
1221 2207 1292 2277 τῇ
1358 2202 1654 2278 οἰκουμένῃ
1711 2201 1919 2260 διελευ-

263 2293 497 2367 σομένην
529 2286 683 2363 δόξαν
715 2293 880 2348 αὐτοῦ
909 2293 1000 2348 καὶ
1030 2290 1416 2367 λαμπρότητα.

343 2406 365 2435 ι
399 2378 547 2452 Είδε,
578 2381 668 2439 καὶ
717 2380 977 2453 ἐσαλεὺθη
1010 2384 1045 2452 ἡ
1085 2388 1182 2457 γῆ.
1214 2405 1245 2435 ››
1278 2415 1348 2424 -
1391 2379 1612 2445 Ἰδόντες
1658 2382 1751 2438 τὸν
1802 2402 1920 2459 κρι-

262 2472 364 2541 τήν
393 2469 728 2547 τρομάζουσι
759 2472 956 2534 πάντες
985 2472 1037 2527 οἱ
1063 2475 1338 2549 γηγενεῖς.

335 2583 365 2611 ‹‹
394 2558 470 2613 Τὰ
524 2557 625 2636 ὅρη
686 2559 815 2615 ὡσεὶ
899 2560 1070 2634 κηρὸς
1131 2559 1395 2631 ἐτάκησαν
1456 2559 1564 2615 ἀπὸ
1619 2560 1920 2637 προσώπου

263 2647 494 2724 Κυρίου.
540 2671 570 2701 ››
621 2681 691 2691 —
740 2648 846 2705 Καὶ
906 2648 1059 2707 αὐτοὶ
1104 2650 1157 2704 οἱ
1217 2650 1483 2726 ἄρχοντες
1536 2649 1624 2705 καὶ
1676 2646 1921 2726 βασιλεῖς

263 2741 440 2811 κηροῦ
484 2733 640 2808 δίκην
675 2737 809 2814 πυρὶ
850 2735 1181 2808 πελάζοντος
1226 2742 1307 2810 τῷ
1354 2733 1511 2817 φόϐῳ
1562 2735 1919 2809 διαλυθήσον-

264 2846 374 2881 ται.

345 2936 375 2969 α
416 2915 870 2992 Ᾱίσχυνθήτωσαν
927 2915 1123 2978 πάντες
1200 2916 1253 2971 οί
1322 2920 1750 2991 προσκυνοῦντες
1805 2920 1923 2979 τοῖς

262 3003 557 3080 γλυπτοῖς.
605 3029 637 3058 ››
672 3038 742 3049 --
787 3006 892 3063 Καὶ
938 3006 1040 3083 γὲρ
1087 3006 1179 3060 τὸν
1228 3002 1489 3076 ἀληθινὸν
1539 3002 1743 3068 ἰδόντες
1791 3005 1919 3062 Θεὸν

263 3092 502 3171 ἄρρητον
532 3092 917 3172 κληρώσονται
945 3095 1046 3165 τὴν
1084 3094 1352 3170 αἰσχύνην
1389 3093 1441 3149 οί
1487 3099 1604 3157 τοῖς
1665 3092 1921 3157 εἰδώλοις

268 3180 674 3259 λατρεύσαντες.

2039 615 2292 681 δούλους.

2113 732 2142 761 ι(
2175 709 2465 785 Ἐγνώριζε
2495 710 2691 785 Κύριος
2718 708 2784 764 τὸ
2825 710 3095 784 σωτήριον
3148 708 3331 765 αὐτοῦ.
3368 732 3397 761 ››
3430 741 3497 752 -
3525 713 3688 787 Ἐφα-

2034 798 2238 875 νέρωσε
2283 798 2381 867 τὴν
2432 799 2558 874 παρ’
2604 796 2767 853 αὐτοῦ
2816 796 3087 870 σωτηρίαν
3128 797 3218 852 καὶ
3263 799 3364 868 τὴν
3414 795 3692 854 δικαιοσύ-

2035 906 2130 957 νην
2189 883 2278 940 διὰ
2322 890 2429 941 τῶν
2480 884 2803 941 ἀποστόλων
2852 885 2904 941 έν
2972 891 3101 940 πᾶσι
3164 890 3282 949 τοῖς
3328 882 3555 961 ἔθνεσιν,
3605 886 3689 943 ὅτι

2035 972 2176 1045 ἦλθε
2206 979 2375 1030 σῶσαι
2410 976 2504 1048 μὲν
2536 978 2705 1049 ἡμᾶς,
2736 973 2985 1032 καθελεῖν
3019 971 3077 1030 δὲ
3104 976 3196 1031 τὸν
3224 973 3519 1049 πολέμιον.

2108 1086 2137 1116 ‹‹
2170 1065 2447 1138 Ἐμνήσθη
2496 1069 2592 1121 τοῦ
2637 1062 2825 1127 ἐλέους
2871 1062 3034 1119 αὐτοῦ
3075 1068 3156 1136 τῷ
3207 1058 3425 1134 Ἰακὼϐ,
3456 1063 3545 1121 καί
3586 1071 3688 1136 τῆς

2035 1151 2292 1223 ἀληθείας
2340 1152 2506 1211 αὐτοῦ
2559 1157 2640 1227 τῷ
2680 1149 2817 1225 οἷ’κῳ
2849 1151 3091 1230 Ἰσραήλ.
3126 1177 3154 1206 ››
3188 1186 3259 1195 -
3288 1152 3466 1209 Πάλαι
3498 1154 3527 1209 6
3558 1154 3689 1217 Θεὸς

2035 1238 2494 1318 ἐπαγγειλάμενος
2534 1240 2615 1315 τῷ
2659 1237 2909 1318 ’Δϐραάμ
2960 1240 3179 1312 ἐλεῆσαι
3242 1242 3306 1298 τὸ
3372 1241 3526 1318 γένος
3590 1241 3689 1298 αὐ·-

2030 1334 2151 1399 τοῦ,
2200 1330 2444 1387 τουτέστι
2501 1331 2629 1394 τοὺς
2682 1329 2734 1401 ἐξ
2783 1325 2999 1386 Ἰακώϐ·
3051 1331 3080 1385 6
3126 1332 3232 1407 γὰρ
3297 1332 3462 1387 Ἠσαῦ
3528 1329 3692 1405 μεμί-

2032 1438 2192 1487 σηται
2249 1420 2338 1475 καὶ
2388 1415 2786 1491 ἀποϐέϐληται·
2835 1416 2904 1474 δι’
2954 1418 3119 1497 ὅρκου
3160 1441 3219 1476 τε
3251 1410 3556 1496 βεϐαιώσας
3604 1417 3688 1475 ὅτι

2033 1503 2325 1577 ἀληθεύσει
2423 1506 2643 1586 ὕστερον
2751 1508 2993 1582 ἐμνήσθη
3090 1512 3188 1563 τοῦ
3265 1506 3688 1585 ἐπαγγελθέντος

2034 1592 2241 1667 ἐλέους,
2272 1596 2364 1652 καὶ
2388 1604 2488 1667 τῆς
2524 1591 2915 1673 βεϐαιωθείσης
2948 1596 3231 1667 ἀληθείας,
3265 1596 3316 1652 έν
3358 1601 3440 1670 τῷ
3487 1590 3687 1654 Ἰακὼϐ

2031 1685 2298 1761 γενέσθαι,
2347 1685 2436 1743 καὶ
2487 1685 2540 1743 ἐν
2584 1691 2664 1743 τῶ
2711 1682 2848 1759 οἷ’κῳ
2894 1685 3059 1742 αὐτοῦ
3116 1684 3317 1751 ἐκεῖθεν
3367 1684 3687 1762 ἀναλάμψαι

2030 1772 2120 1829 καὶ
2173 1778 2342 1829 σῶσαι
2410 1773 2614 1838 πάντας
2686 1773 2814 1838 τοὺς
2882 1775 3270 1838 πιστεύσαντας
3335 1773 3557 1847 ἀληθῶς
3608 1774 3687 1838 εἰς

2031 1862 2213 1918 αὐτόν’
2250 1863 2399 1921 οὗτοι
2456 1863 2561 1940 γὰρ
2618 1864 2709 1919 καὶ
2756 1857 2954 1922 Ἰακὼϐ
3001 1863 3090 1919 καὶ
3135 1863 3285 1926 οἰκος
3328 1862 3552 1939 Ἰσραὴλ
3596 1861 3688 1919 διὰ

2027 1953 2128 2022 τὴν
2175 1952 2311 2028 πρὸς
2361 1954 2588 2031 Χριστὸν
2636 1952 2730 2008 τὸν
2783 1952 2835 2025 ἐξ
2884 1947 3080 2009 Ἰακὼϐ
3131 1952 3403 2013 οἰκείωσιν
3449 1954 3548 2023 τήν
3600 1950 3691 2008 διὰ

2027 2040 2289 2104 πίστεως.

2104 2154 2133 2181 ι(
2165 2126 2393 2185 Εἰ¹δοσαν
2424 2131 2598 2186 πάντα
2644 2131 2712 2186 τὰ
2749 2130 2956 2207 πέρατα
3000 2138 3100 2201 τῆς
3146 2133 3247 2207 γῆς
3295 2131 3359 2186 τὸ
3415 2132 3688 2207 σωτήριον

2025 2222 2124 2273 τοῦ
2171 2222 2305 2275 Θεοῦ
2352 2221 2535 2293 ἡμῶν.
2570 2243 2599 2272 ››
2643 2252 2713 2264 ——-
2759 2220 3026 2276 Ἐνώπιον
3081 2218 3254 2275 αὐτῶν
3305 2219 3686 2298 ἀποκαλυφθὶν

2029 2304 2120 2361 διὰ
2144 2311 2252 2362 τῶν
2281 2306 2628 2366 ἀποστόλων.

2103 2418 2133 2447 ‹‹
2163 2394 2388 2452 Ψάλατε
2458 2400 2539 2469 τῷ
2615 2396 2800 2474 Κυρίῳ
2859 2396 2910 2451 ἐν
2960 2398 3176 2471 κιθᾶρᾳ,
3228 2396 3280 2453 ἐν
3330 2397 3524 2473 κιθάρᾳ
3595 2394 3687 2452 καὶ

2029 2488 2184 2564 φωνῇ
2216 2482 2461 2559 ψαλμοῦ.
2495 2510 2522 2536 ››
2555 2517 2624 2529 —-
2654 2484 2874 2542 Ψάλλει
2905 2485 2957 2541 ἐν
2990 2498 3188 2562 κιθαρᾳ
3218 2488 3247 2542 6
3282 2483 3373 2542 διὰ
3394 2487 3496 2556 τῆς
3545 2505 3685 2563 πρα-

2030 2580 2220 2644 κτικῆς
2253 2571 2488 2644 δοξάζων
2530 2574 2682 2630 Θεόν·
2717 2575 2746 2629 6
2792 2572 2849 2630 δὲ
2898 2572 2988 2630 διὰ
3033 2573 3262 2651 θεωρίας
3313 2574 3480 2648 ὕμνος
3529 2574 3684 2654 φωνὴ

2031 2661 2259 2736 ψαλμοῦ
2292 2660 2376 2733 εἰ¹η
2411 2659 2497 2720 ὄίν.

2103 2777 2132 2805 ι(
2164 2753 2252 2808 Ἐν
2326 2750 2610 2830 σάλπιγξιν
2683 2752 2921 2825 ἐλαταῖς,
2996 2754 3087 2808 καὶ
3149 2757 3305 2832 φωνῇ
3376 2752 3685 2829 σάλπιγγος

2028 2839 2344 2917 καρατίνης.
2396 2866 2423 2894 ››
2475 2874 2543 2885 -
2585 2832 2670 2898 Αἰ
2700 2840 2951 2918 τέσσαρες
3002 2842 3104 2919 γὰρ
3154 2840 3495 2920 εὐαγγελικαί
3550 2840 3691 2898 σάλ-

2029 2950 2223 3006 πιγγες
2273 2926 2447 2985 εἷ’τουν
2494 2926 2860 3002 διδασκαλίαι,
2913 2930 3017 2985 ὑπὸ
3064 2935 3163 2985 τοῦ
3229 2930 3384 3008 ἁγίου
3440 2932 3692 3004 Πνεύμα-

2028 3040 2128 3083 τος
2169 3017 2554 3095 χαλκευθεῖσαι
2624 3018 2715 3073 καὶ
2778 3020 3285 3076 κατασκευασθεῖσαι
3351 3019 3428 3083 ὡς
3498 3015 3697 3096 εὐηχοι

2029 3108 2165 3183 πρὸς
2240 3105 2365 3181 μίαν
2432 3107 2787 3162 συνάπτονται
2854 3106 3162 3183 κερατίνην,
3220 3104 3389 3184 ἤγουν
3455 3109 3692 3185 ζωηράν’

2035 3196 2095 3253 ἐκ
2126 3196 2268 3267 ζώου
2305 3197 2408 3272 γὰρ
2455 3195 2518 3251 τὸ
2565 3194 2746 3271 κέρας.
2781 3198 2980 3266 Φωνὴν
3024 3193 3082 3252 δὲ
3128 3197 3354 3267 νοητέον
3400 3198 3500 3268 τὴν
3554 3218 3692 3273 συμ·

342 3294 372 3324 “
400 3274 841 3364 QWQV’SV‘I‘F?
871 3270 1019 3364 αὖτῷ
1065 3271 1261 3364 πάἵτες
1312 3272 1365 3327 οῖ
1384 3268 1639 3364 ,ἄγγελοι
1669 3270 1854 3364 αὐτῷ·
1889 3294 1919 3324 ”
1953 3275 1996 3343 C
2036 3284 2239 3364 φωνίαν
2270 3268 2489 3354 την-ἐπὶ
2518 3268 2639 3347 ταῖς
2670 3283 2917 3349 ἐντολαῖς
2946 3285 3036 3341 καὶ
3066 3292 3184 3349 τοῖς
3217 3282 3476 3361 δόγμασι.

267 3390 338 3401 —
367 3357 531 3431 Αὐτῷ
560 3360 666 3437 γὰρ
703 3358 907 3433 κάμψει
938 3359 1072 3435 γόνυ
1114 3357 1326 3429 πλῆθος
1374 3360 1512 3414 ἅπαν
1563 3357 1924 3437 ἐπουρανίων,

264 3445 353 3502 καὶ
384 3445 659 3524 ἐπιγείων,
689 3447 779 3504 καὶ
808 3447 1207 3524 καταχθονίων.

335 3559 365 3589 ι(
398 3537 630 3592 Ἤκουσε
659 3538 750 3593 καὶ
784 3536 1051 3613 εὐφράνθη
1088 3538 1254 3610 Σιών,
1288 3546 1412 3594 κτλ.
1439 3561 1468 3589 ››
1502 3570 1568 3581 -
1602 3537 1745 3592 Σιὼν
1780 3535 1929 3614 λέγει

261 3625 362 3695 τὴν
410 3624 710 3696 καθολικὴν
765 3625 1115 3697 Ἐκκλησίαν
1165 3626 1457 3704 θυγατέρας
1522 3623 1577 3681 δὶ
1630 3628 1737 3701 ¹τῆς
1785 3625 1926 3682 Ἰου-

262 3710 417 3777 δαίας
479 3716 578 3778 τὰς
645 3715 783 3771 κατᾶ
844 3715 1050 3779 τόπους
1143 3715 1367 3792 μερικὰς
1439 3715 1756 3792 συναγωγὰς
1820 3719 1928 3771 τῶν

274 3801 538 3863 ἀπίστων.
598 3809 832 3864 ’Ἤκουσε
903 3801 962 3859 δὲ
1036 3804 1135 3875 τὴν
1216 3801 1467 3881 δευτέραν
1551 3801 1762 3859 ἕλευσιν
1833 3808 1931 3859 τοῦ

279 3896 543 3967 Σωτῆρος
594 3895 850 3967 Χριστοῦ,
894 3892 986 3949 καὶ
1032 3891 1299 3971 εὐφράνθη
1348 3888 1523 3948 ἕνεκεν
1568 3899 1669 3962 τῆς
1721 3889 1934 3955 δικαίας

277 3978 445 4034 αὐτοῦ
499 3978 754 4054 κρίσεως,
812 3979 894 4037 ὅτι
956 3978 1229 4038 ἀποδώσει
1285 3986 1404 4045 τοῖς
1462 3982 1557 4054 μὲν
1621 3976 1793 4044 ὅντως
1847 4003 1937 4037 πι-

278 4071 426 4128 στοῖς
485 4066 777 4121 ἀνάπαυσιν
838 4069 1081 4141 αἰώνιον,
1138 4075 1257 4132 τοῖς
1310 4067 1369 4125 δὲ
1414 4070 1665 4133 ἀπίστοις
1723 4069 1936 4144 ὁμοίως

277 4153 503 4211 κόλασιν
530 4154 665 4211 αἰών
676 4176 777 4213 ιον.

355 4267 379 4296 ι
414 4245 509 4301 Ἐκ
563 4244 753 4321 χειρὸς
817 4243 1150 4321 ἀμαρτωλοῦ
1226 4244 1441 4323 ῥύσεται
1510 4246 1724 4312 αὐτούς.
1787 4271 1816 4301 ››
1868 4279 1937 4293 -

279 4331 643 4411 ’Δμαρτωλὸς
684 4332 889 4410 κυρίως
919 4335 948 4390 ὁ
992 4329 1276 4407 διάϐολος,
1323 4335 1400 4399 ὡς
1443 4335 1621 4407 πάσης
1672 4335 1938 4412 ἁμαρτίας

280 4418 348 4493 δη
359 4421 647 4499 μιουργός.

355 4533 385 4563 ι(
417 4515 546 4575 Φῶς
606 4509 847 4568 ἀνέτειλε
899 4515 980 4586 τῷ
1037 4509 1255 4586 δικαίῳ,
1312 4512 1403 4568 καὶ
1458 4519 1574 4576 τοῖς
1640 4514 1812 4570 εὐθέσι
1869 4518 1941 4589 τῇ

278 4597 475 4675 καρδίᾳ
533 4600 859 4679 εὐφροσύνη.
912 4625 943 4655 ι)
998 4635 1068 4645 --
1126 4601 1499 4678 Ἀντιχρονία’

279 4690 406 4765 γὰρ,
440 4689 596 4768 φησί,
630 4689 831 4746 δίκαιοι
862 4690 937 4754 ὡς
971 4690 1001 4745 6
1032 4688 1217 4761 ἥλιος.
1255 4715 1284 4743 »

353 4800 383 4830 «
415 4776 762 4856 Εὐφράνθητε
811 4776 1013 4835 δίκαιοι
1049 4778 1101 4835 ἐν
1144 4784 1225 4852 τῷ
1272 4779 1476 4857 Κυρίῳ,
1520 4780 1613 4836 καὶ
1679 4779 1943 4855 ἐξομολο-

280 4866 459 4942 γεῖσθε
510 4870 582 4939 τῇ
634 4870 826 4943 μνήμῃ
865 4875 967 4939 τῆς
1011 4867 1327 4944 ἀγιωσύνης
1375 4869 1562 4928 αὐτοῦ.
1597 4894 1626 4923 ››
1660 4903 1728 4915 -
1757 4870 1941 4947 Εὐχα-

285 4959 517 5027 ριστεῖτε
550 4954 603 5013 ἐν
650 4961 732 5030 τῷ
783 4957 1167 5033 μνημονεύειν,
1201 4958 1285 5015 ὅτι
1334 4960 1638 5036 ἡγιάσθητε
1693 4960 1821 5038 παρ’
1850 4959 1945 5015 αὐ·

282 5063 400 5099 του.

884 5166 1181 5218 ΨΔΛΜΟΣ
1220 5160 1335 5239 ηῑθ.

358 5300 387 5328 ‹‹
422 5273 657 5350 Ψαλμὸς
686 5280 766 5349 τῷ
793 5275 979 5333 Δαυίδ.
1030 5282 1233 5345 ’Άσατε
1276 5282 1356 5351 τῷ
1404 5278 1591 5355 Κυρίῳ
1639 5278 1788 5354 ᾆσμα
1830 5301 1946 5335 και-

282 5357 397 5418 νόν’
472 5362 555 5419 ὅτι
634 5366 918 5439 θαυμαστά
975 5365 1228 5436 ἐποίησεν
1297 5368 1326 5422 6
1394 5366 1613 5444 Κύριος.
1680 5392 1710 5420 ››
1773 5402 1842 5411 -
1882 5372 1943 5424 Τί

285 5452 717 5529 θαυμαστότερον
801 5458 899 5509 τοῦ
982 5454 1074 5509 τὸν
1160 5455 1288 5511 Θεὸν
1375 5454 1787 5533 ἐνανθρωπῆσαι
1854 5458 1943 5513 καὶ

279 5539 465 5597 τᾶλλα
490 5545 827 5620 κατορθῶσαι
859 5542 959 5597 ὅσα
991 5539 1230 5599 διδάσκει
1260 5544 1322 5599 τὸ
1352 5543 1691 5621 Εὐαγγέλιον
1718 5567 1735 5615 ;

359 5655 389 5685 ι(
419 5634 664 5690 ’Ἐσωσαν
710 5631 858 5705 αὐτῷ
906 5634 942 5702 ἠ
992 5629 1139 5704 δεξιά
1191 5631 1376 5706 αὐτοῦ,
1408 5634 1500 5689 καὶ
1551 5634 1581 5689 6
1636 5634 1881 5713 βραχίων
1916 5636 1945 5691 6

281 5722 437 5802 ἅγιος
480 5719 666 5783 αὐτοῦ.
706 5744 737 5775 ››
772 5753 838 5766 -
887 5721 1296 5779 Ἐπανεσώσατο
1346 5720 1493 5797 αὐτῷ
1541 5725 1578 5799 ἡ
1631 5723 1808 5782 οἰκεία
1854 5725 1945 5781 ἀν-

1566 4628 1588 4655 ι
1648 4602 1939 4678 Λάμψουσι
1970 4642 2018 4707 D

2107 3399 2136 3427 «
2170 3372 2503 3445 Σαλευθήτω
2532 3376 2568 3444 ἠ
2603 3373 2845 3430 θάλασσα
2872 3374 2963 3429 καὶ
2994 3373 3056 3430 τὰ
3103 3374 3391 3451 πλήρωμα
3441 3376 3632 3447 αὐτῆς.
3668 3398 3697 3427 ››

2036 3497 2107 3506 --
2152 3464 2224 3518 Τὸ
2271 3461 2590 3528 σαλεύεσθαι
2629 3464 2764 3519 ποτέ
2814 3464 2908 3537 μὲν
2961 3461 3130 3533 δηλοῖ
3201 3464 3550 3539 μετακίνησιν
3603 3463 3696 3520 καὶ

2042 3546 2378 3626 μεταϐολήν,
2410 3552 2543 3607 ποτὲ
2574 3549 2633 3607 δὲ
2661 3552 2938 3628 σκίρτησιν
2972 3551 3032 3608 ἐκ
3080 3558 3282 3630 χαρᾶς,
3314 3552 3517 3610 ἄλλοτε
3564 3551 3697 3629 τρό-

2043 3662 2144 3715 μον
2176 3639 2237 3696 ἐκ
2266 3635 2458 3719 φόϐου,
2492 3640 2582 3696 ὁτὲ
2611 3638 2670 3696 δὲ
2709 3640 2949 3698 ἔκστασιν
3004 3641 3064 3697 ἐκ
3110 3637 3355 3717 θάμϐους
3402 3636 3699 3719 θορύϐησίν

2038 3751 2099 3786 τε
2135 3731 2226 3786 καὶ
2256 3728 2403 3793 ὅλως
2432 3732 2704 3808 ταραχήν.

2114 3845 2144 3874 ι(
2184 3819 2434 3894 Ποταμοὶ
2494 3822 2826 3895 κροτήσουσι
2886 3821 3035 3898 χειρὶ
3109 3820 3199 3876 ἐπὶ
3268 3822 3332 3876 τὸ
3407 3820 3559 3878 αὐτό.
3633 3853 3701 3864 -

2043 3907 2332 3982 Ποταμοὺς
2383 3906 2729 3979 ὑποληπτέον
2769 3907 2899 3972 τοὺς
2941 3908 3012 3965 τὰ
3061 3909 3250 3986 ῥεῖθρα
3291 3915 3391 3979 τῆς
3441 3906 3698 3964 διδασκα-

2045 3998 2167 4061 λίας
2212 3998 2573 4075 προχέοντας,
2604 3996 2697 4059 οὓς
2733 4003 2945 4074 κροτεῖν
3006 3997 3058 4053 ἐν
3117 3998 3267 4075 χειρὶ
3326 3995 3698 4054 διακελεύεται

2041 4088 2106 4142 τὸ
2144 4086 2362 4159 Πνεῦμα
2415 4086 2479 4141 τὸ
2538 4087 2711 4162 ἅγιον,
2741 4088 2985 4143 τουτέστι
3036 4089 3128 4143 τὸν
3180 4094 3284 4158 τῆς
3342 4085 3697 4151 διδασκαλίας

2044 4179 2187 4252 ἦχον
2234 4174 2285 4230 ἐν
2329 4173 2518 4251 πράξει
2568 4174 2902 4233 ἀποστελεῖν*
2965 4177 3230 4254 μακάριος
3278 4177 3382 4254 γὰρ
3430 4177 3492 4240 ’ὸς
3538 4178 3701 4247 ποιή-

2048 4286 2127 4321 σει
2157 4263 2246 4320 καὶ
2270 4262 2444 4327 οὕτως
2474 4261 2697 4336 διδάξει.

2120 4378 2150 4407 ‹‹
2181 4354 2257 4408 Τὰ
2311 4351 2413 4429 ὅρη
2454 4350 2881 4429 ἀγαλλιάσονται
2946 4354 3052 4410 ἀπὸ
3134 4356 3434 4432 προσώπου
3500 4354 3703 4431 Κυρίου

2050 4441 2134 4499 ὅτι
2166 4439 2407 4518 ἔρχεται,
2440 4439 2522 4498 ὅτι
2569 4439 2692 4513 ἥκει
2739 4448 2920 4519 κρῖναι
2956 4444 3057 4512 τήν
3107 4451 3234 4519 γῆν.
3272 4467 3301 4496 ››
3331 4473 3402 4487 -—
3433 4443 3572 4519 Ὀρη
3617 4440 3707 4498 λέ-

2053 4554 2138 4609 γει
2166 4536 2258 4586 νῦν
2290 4529 2417 4594 τοὺς
2451 4528 2699 4612 ὑψηλοὺς
2725 4534 2826 4601 τήν
2858 4529 3123 4591 διάνοιαν.

2126 4626 2369 4697 «Κρινεῖ
2416 4621 2515 4690 τήν
2567 4620 2893 4694 οἰκουμένην
2947 4620 3001 4677 ἐν
3051 4618 3366 4695 δικαιοσύνῃ
3402 4620 3495 4676 καὶ
3541 4619 3710 4683 λαοὺς

2052 4710 2105 4766 έν
2134 4708 2407 4780 εὐθύτητι.
2445 4734 2472 4761 υ
2504 4743 2572 4753 ——
2599 4710 2670 4765 Τὸ
2703 4710 2905 4781 ἀληθὲς
2960 4710 3051 4766 καὶ
3101 4710 3269 4779 εὐθὶς,
3296 4711 3361 4767 τὸ
3409 4707 3469 4766 δὶ
3513 4706 3710 4784 ψεῦδος

2051 4798 2143 4856 καὶ
2173 4798 2412 4855 σκολιόν.

2646 4910 2942 4961 mmo}:
2984 4905 3104 4983 ψ’.

2130 5036 2154 5068 ι
2187 5009 2423 5087 Ψαλμὸς
2472 5015 2548 5085 τῷ
2596 5008 2782 5084 Δαυῒδ,
2834 5012 3035 5088 Κύριος
3083 5005 3446 5084 ἐϐασίλευσεν,
3503 5009 3714 5088 ὀργιζέ-

2054 5104 2264 5158 σθωσαν
2315 5100 2461 5158 λαοί.
2498 5124 2527 5153 ››
2557 5134 2626 5144 -—-
2656 5102 2768 5158 Τοῦ
2818 5105 3058 5179 Χριστοῦ
3110 5099 3528 5177 βασιλεύσαντος
3573 5101 3711 5156 Ἰου-

2054 5188 2201 5247 δαῖοι
2254 5191 2349 5266 μὶν
2398 5189 2852 5264 ἐκμαινέσθωσαν,
2895 5193 2931 5261 ἡ
2980 5188 3038 5247 δὲ
3084 5189 3382 5263 οἰκουμένη
3437 5187 3712 5263 μετατιθέ-

2054 5282 2165 5336 σθω
2193 5280 2333 5356 πρὸς
2359 5281 2459 5350 τήν
2493 5273 2786 5335 εὐσέϐειαν.

2129 5393 2160 5423 ‹‹
2188 5372 2307 5424 ’Ότι
2340 5362 2571 5447 φοϐερὸν
2616 5369 2707 5423 καὶ
2752 5368 2901 5445 ἅγιόν
2943 5368 3104 5425 ἐστιν.
3144 5394 3166 5420 ι
3203 5402 3272 5411 -
3320 5361 3565 5442 Φοϐερὸν
3620 5366 3715 5441 μὲν

2052 5464 2170 5521 τοῖς
2214 5458 2455 5535 ἐχθροῖς,
2482 5456 2707 5513 ἐλαῦνον
2749 5458 2841 5513 καὶ
2895 5458 3153 5531 μαπίζον
3210 5456 3425 5529 αὐτοὺς,
3459 5458 3609 5534 ἅγιον
3659 5452 3719 5511 δὲ

2054 5553 2172 5611 τοῖς
2206 5547 2451 5617 οἰκείοις,
2481 5546 2703 5622 ἁγιάζον
2736 5548 2825 5602 καὶ
2855 5553 3113 5622 καθαῖρον
3145 5546 3361 5610 αὐτούς.

2130 5662 2160 5690 ‹‹
2193 5637 2292 5693 Καὶ
2322 5637 2461 5710 τιμή
2497 5634 2765 5713 βασιλέως
2795 5636 2970 5710 κρίσιν
3014 5637 3220 5711 ἀγαπᾷ.
3257 5661 3285 5687 υ
3316 5668 3387 5679 -—-
3432 5636 3505 5690 Τὸ
3554 5635 3722 5706 ἀξίω-

2061 5748 2137 5803 μα
2192 5730 2288 5783 τοῦ
2341 5723 2609 5808 βασιλέως
2657 5723 3006 5801 δικαιοσύνην
3050 5726 3248 5805 ἀγαπᾷ·
3310 5724 3395 5782 διὸ
3455 5726 3722 5804 βοηθήσει
