4066 6472
466 446 618 505 1551

1705 443 1754 501 Ν
1760 441 2130 503 ICEPHORI
2175 441 2614 511 BLEMMIDIE

3658 445 3781 509 i852

466 574 562 648 μὲν
616 577 736 636 τοῖς
790 573 1267 650 τυραννουμένοις,
1324 566 1623 629 καταϐαλεῖ
1669 569 1727 627 δὲ
1780 573 1872 627 τὸν
1923 592 2119 649 τυραν-
2146 575 2203 641 Α
2231 571 2410 645 τούτῳ
2438 573 2501 629 οὐ
2546 573 2854 644 συνήσθιον.
2884 594 2915 624 ››
2943 570 3125 632 -Ὠς
3172 566 3378 641 ἀλαζόνι
3418 570 3499 628 καὶ
3540 571 3782 654 πλεονέκηι

462 667 661 718 νοῦντα
686 656 968 721 διάϐολον.

533 776 563 803 ‹‹
599 751 675 805 Σὺ
731 750 1038 824 ἡτοίμασας
1095 749 1406 823 εύθύτητας.
1440 774 1469 803 ››
1504 784 1571 795 -
1602 749 1679 806 Σὺ
1738 748 1978 813 δέδωκας
2018 750 2109 805 τὸν

458 839 628 914 νόμον
653 838 705 893 ἐν
737 840 784 911 ᾦ
816 838 1156 911 εὐθετήθητι.

528 952 557 981 ‹‹
592 931 818 1004 Ὑψοῦτε
871 928 1067 1006 Κύριον
1112 929 1203 984 τὸν
1254 930 1383 985 Θεὸν
1432 931 1594 1003 ἡμῶν
1644 929 1734 985 καὶ
1790 933 2109 1008 προσκυνεῖ-

455 1038 515 1073 τε
541 1022 621 1090 τῷ
652 1015 939 1091 ὑποποδίῳ
969 1022 1076 1072 τῶν
1104 1016 1288 1074 ποδῶν
1320 1017 1505 1073 αὑτοῦ·
1538 1017 1623 1074 ὅτι
1671 1018 1821 1095 ἅγιός
1881 1017 2044 1075 ἐστιν,
2079 1042 2107 1069 ››

454 1103 878 1162 -Ὑποπόδιον
927 1111 1027 1161 τοῦ
1076 1111 1312 1183 Χριστοῦ
1354 1108 1491 1162 κατᾶ
1542 1106 1636 1180 μὶν
1683 1108 1784 1177 τήν
1830 1106 1971 1162 θείαν
2012 1104 2107 1161 αὖ·

454 1199 552 1250 τοῦ
600 1193 757 1272 φύσιν
805 1196 841 1265 ἡ
892 1195 1018 1270 ἁγία
1066 1196 1191 1270 σὰρξ
1243 1194 1427 1266 αὑτοῦ,
1458 1195 1595 1250 κατά
1638 1193 1697 1250 δὲ
1749 1197 1850 1264 τὴν
1908 1194 2110 1270 ἀνθρω-

453 1284 618 1355 πίνην
675 1284 704 1339 6
752 1285 1002 1358 σταυρὸς,
1060 1283 1141 1362 ἐφ’
1210 1282 1272 1338 οῦ
1328 1282 1556 1355 ἔστησαν
1612 1285 1663 1339 οἱ
1721 1281 1886 1348 πόδες
1941 1284 2152 1339 αὑτοῦ·

451 1392 629 1449 προση
639 1371 924 1435 λωθέντες.

525 1484 555 1513 ι(
584 1461 684 1516 Καὶ
743 1459 971 1517 ἐκδικῶν
1028 1461 1115 1516 ἐπὶ
1168 1461 1342 1517 πάντα
1395 1464 1465 1517 τὰ
1531 1459 1938 1537 ἐπιτηδεύματα
2011 1461 2106 1517 αύ-

448 1554 578 1609 τῶν.
611 1576 640 1603 ››
674 1584 744 1592 -
772 1546 905 1625 Εἷίγε
928 1571 1013 1613 τις
1046 1548 1324 1627 εὑρίσκετο
1355 1550 1763 1625 ἀνθιστάμενος.

520 1664 550 1692 ‹‹
582 1641 808 1714 Ὑψοῦτε
856 1638 1052 1716 Κύριον
1100 1639 1191 1694 τὸν
1243 1639 1373 1695 Θεὸν
1417 1642 1579 1713 ἡμῶν
1614 1640 1705 1695 καὶ
1754 1644 2105 1715 προσκυνεῖτε

450 1729 527 1791 είς
560 1723 688 1805 ὅρος
721 1729 872 1805 ἅγιον
906 1727 1093 1799 αὐτοῦ,
1127 1728 1211 1784 ὅτι
1243 1729 1395 1805 ἅγιος
1428 1729 1686 1806 Κύριοςὸ
1710 1729 1839 1791 Θεὸς
1867 1732 2098 1803 ἡμῶν.»

576 1825 614 1872 Κ
657 1817 674 1839 ‘
1006 1822 1030 1834 ”
1170 1815 1197 1873 δ
1245 1816 1278 1873 λ
1346 1817 1374 1873 ό
1538 1818 1553 1837 ‘
1703 1816 1718 1838 ’
2064 1821 2092 1833 "

449 1850 518 1864 —
621 1839 675 1872 αι
732 1838 1108 1895 προσκυνειτε,
1201 1840 1234 1889 η
1283 1840 1338 1873 ον
1377 1840 1429 1874 τι
1497 1839 1590 1873 τον
1645 1825 1868 1895 Κυριον,
1925 1817 1977 1872 ἐν
2025 1839 2106 1890 τῳ

449 1905 586 1984 ἁγίῳ
638 1905 752 1981 ὅρει
809 1905 994 1964 αὑτοῦ.
1028 1908 1190 1982 Ὅρος
1239 1903 1298 1962 δὲ
1340 1908 1490 1983 ἅγιον
1518 1909 1554 1977 ἡ
1589 1907 1730 1961 Σιὼν
1763 1907 1853 1961 καὶ
1879 1907 1908 1961 ὑ
1938 1906 2100 1981 ούρα-

447 1996 538 2058 νὸς
570 1996 661 2050 καὶ
690 1998 726 2065 ἡ
761 1993 1080 2067 Ἐκκλησία,
1103 1995 1194 2050 καὶ
1224 1996 1286 2051 τὸ
1316 1995 1453 2071 ὕψος
1485 2003 1586 2066 τῆς
1620 1994 1969 2073 θεογνωσίας.

1049 2142 1344 2192 Immo;
1385 2137 1497 2216 ιιθε

527 2265 554 2294 ‹‹
586 2239 822 2315 Ψαλμὸς
874 2241 949 2305 είς
994 2239 1414 2318 ἐξομολόγησιν.
1448 2240 1784 2313 Ἀλαλάξατε
1829 2246 1909 2314 τῷ
1965 2241 2103 2313 Θεῷ,

451 2336 597 2387 πᾶσα
625 2333 661 2401 ἡ
694 2338 790 2407 γῆ’
824 2328 1151 2387 δουλεύσατε
1176 2336 1257 2404 τῷ
1295 2330 1479 2404 Κυρίῳ
1523 2330 1574 2386 ἐν
1625 2330 1941 2410 εὐφροσύνῃ.
1978 2355 2007 2383 ››
2038 2363 2106 2374 --

451 2424 540 2493 Τῷ
589 2418 959 2491 ἀπαλλάξαντι
1017 2422 1169 2495 ἡμᾶς
1224 2427 1326 2490 τῆς
1382 2426 1580 2498 πικρᾶς
1642 2418 1957 2496 τυραννίδος
2009 2424 2106 2475 τοῦ

453 2504 738 2571 διαϐόλου.

527 2623 556 2652 ‹‹
588 2597 763 2662 Δύτὸς
793 2597 1047 2671 ἐποίησεν
1077 2602 1249 2674 ἡμᾶς,
1279 2598 1371 2655 καὶ
1418 2598 1527 2677 οὐχ
1566 2602 1754 2674 ἡμεῖς,
1789 2624 1819 2653 ››
1845 2633 1914 2642 —
1942 2606 2108 2655 Τουτ-

455 2687 589 2762 ἐστι,
616 2692 753 2744 Θεοῦ
781 2687 940 2763 ἐσμὲν
991 2688 1211 2762 ποίημα
1257 2688 1349 2744 καὶ
1398 2688 1498 2744 οὐκ
1538 2689 1857 2766 ἀνθρώπωνο
1911 2689 1957 2744 εἰ
2001 2689 2106 2765 γὰρ

452 2777 546 2833 καὶ
605 2775 859 2833 δοκοῦσιν
920 2779 971 2833 οἱ
1032 2777 1261 2855 πατέρες
1302 2784 1483 2833 ποιεῖν
1534 2778 1601 2834 τὰ
1640 2780 1821 2851 τέκνα,
1855 2776 1983 2835 ἀλλ’
2011 2777 2103 2833 οὗν

454 2866 484 2920 6
515 2865 647 2929 Θεὸς
683 2870 855 2922 ταῦτα
883 2871 1048 2924 ποιεῖ.
1082 2866 1145 2920 Οἰ
1176 2864 1236 2922 δὲ
1281 2867 1509 2943 πατέρες
1571 2867 1739 2940 μόνον
1799 2864 2105 2923 διακονοῦσι

451 2959 534 3028 τῷ
572 2954 702 3029 θείῳ
726 2955 1123 3032 προστάγματι.

532 3066 556 3095 ι
588 3042 875 3108 Εἷσέλθετε
931 3044 1008 3106 εἷς
1060 3044 1157 3108 τὰς
1210 3044 1389 3107 πύλας
1447 3044 1614 3100 αὑτοῦ
1662 3045 1714 3100 ἐν
1766 3044 2105 3122 ἐξομολογή-

455 3154 556 3205 σει,
608 3133 685 3196 εἷς
741 3133 837 3196 τὰς
896 3131 1067 3196 αὐλὰς
1124 3133 1289 3190 αὑτοῦ
1347 3133 1400 3189 ἐν
1446 3134 1659 3209 ὕμνοις,
1702 3158 1732 3187 ››
1780 3133 1965 3197 Πύλας
2016 3136 2105 3190 καὶ

453 3222 624 3285 αύλὰς
655 3227 788 3278 Θεοῦ
812 3222 909 3285 τὰς
938 3224 1077 3278 κατὰ
1103 3223 1308 3287 τόπους
1339 3223 1629 3295 ἐκκλησίας
1668 3223 1846 3283 καλεῖ.

535 3336 563 3367 α
592 3311 799 3368 Αἰνεῖτε
839 3313 903 3367 τὸ
952 3307 1128 3385 ὄνομα
1186 3312 1370 3368 αὑτοῦ·
1432 3311 1517 3368 ὅτι
1572 3314 1815 3390 χρηστὸς
1872 3312 2095 3391 Κύριος·
2136 3314 2179 3383 α

458 3400 535 3463 εἷς
581 3399 673 3455 τὸν
725 3400 897 3455 αἰῶνα
941 3402 1006 3456 τὸ
1037 3398 1188 3464 ἔλεος
1216 3401 1402 3474 αὐτοῦ,
1432 3403 1524 3457 καὶ
1574 3400 1677 3465 ἕως
1719 3403 1809 3458 καὶ
1858 3403 2041 3478 γενεὰς
2071 3405 2107 3472 ἡ

458 3488 692 3561 ἀλήθεια
737 3487 921 3547 αὑτοῦ.
971 3514 1001 3543 »
1051 3524 1121 3531 —
1170 3489 1461 3561 Ἀλήθειαν
1512 3489 1726 3566 εἷ’ρηκεν
1773 3490 2000 3556 ἐνταῦθα
2044 3492 2109 3547 τὸ

455 3582 564 3634 τῶν
593 3577 751 3643 θείιην
784 3576 1123 3655 ἐπαγγελιῶν
1156 3577 1402 3654 ἀψευδές.

1065 3706 1366 3762 ΨΑΛΜΟΣ
1408 3705 1480 3762 Ρ’.

524 3834 554 3862 ‹‹
583 3814 673 3884 Τῷ
703 3807 867 3865 Δαυὶδ
898 3808 1141 3885 ψαλμός.
1171 3808 1366 3866 ’Έλεον
1398 3812 1488 3866 καὶ
1519 3811 1692 3888 κρίσιν
1742 3809 1944 3886 ᾅσομαί
1994 3833 2099 3885 σοι,

451 3897 640 3976 Κύριε.
687 3924 708 3951 ι)
744 3900 1172 3974 -Ὑπομνήσω
1229 3921 1325 3955 σου
1388 3902 1502 3974 μετ’
1555 3898 1723 3975 ᾠδῆς,
1773 3900 1953 3979 Κύριε,
2011 3902 2104 3957 τὸν

446 3986 599 4044 ἔλεον
628 3989 719 4044 καὶ
748 3990 848 4058 τὴν
879 3990 1078 4066 κρίσιν·
1114 3988 1368 4064 ἐλεήμων
1420 3991 1523 4067 γὰρ
1575 3989 1839 4067 ὑπάρχεις
1885 3991 1977 4046 καὶ
2025 3988 2103 4046 δί-

446 4098 624 4135 καιος.

523 4099 571 4133 ιο
611 4122 624 4135 .

517 4189 547 4218 ‹‹
577 4099 756 4222 ξΡἀλῶ
783 4168 874 4223 καὶ
905 4169 1124 4239 συνήσω
1168 4168 1221 4224 ἐν
1268 4166 1381 4241 ὁδῷ
1428 4169 1670 4243 ἀμώμῳ.
1706 4193 1734 4222 ››
1766 4204 1835 4212 -—
1865 4167 2095 4225 Ὀδεύων

2222 659 2517 736 ἀνθρώπῳ·
2552 661 2661 718 ἀπὸ
2693 662 2892 738 μέρους
2919 660 2985 715 τὸ
3015 656 3172 717 ὅλον.

2294 775 2322 802 ‹‹
2346 750 2410 805 Οἱ
2442 749 2719 830 ὀφθαλμοί
2761 770 2866 823 μου
2906 746 2994 804 ἐπὶ
3020 746 3151 810 τοὺς
3178 747 3390 812 πιστοὺς
3414 756 3507 821 τῆς
3553 754 3657 828 γῆς,
3684 778 3703 810 ι
3730 787 3781 799 -

2222 839 2482 903 Ἐκείνοις
2536 844 2851 917 προσεῖχον,
2909 837 3000 893 καὶ
3076 832 3343 913 συνέδροις
3412 837 3647 915 ἐχρώμην
3696 847 3784 906 τοῖς

2219 935 2438 992 πιστοῖς
2495 926 2957 1003 ἐπιδεικνυμένοις
3009 931 3091 999 τῷ
3149 926 3262 997 Θεῴ
3314 925 3371 981 ἐκ
3409 934 3503 997 τῆς
3546 929 3782 1009 θεοφιλοῦς

2221 1017 2503 1083 πολιτείας
2532 1018 2707 1075 αὐτῶν
2719 1064 2733 1077 .

2293 1132 2321 1159 ‹‹
2351 1107 2548 1165 Λαλῶν
2644 1106 2803 1163 ἄδικα
2896 1106 2959 1162 οὗ
3042 1104 3350 1170 κατεύθυνεν
3431 1105 3636 1161 ἐνώπιον
3699 1112 3781 1162 τῶν

2220 1194 2523 1276 ὀφθαλμῶν
2585 1219 2711 1272 μου.
2753 1222 2782 1250 ››
2813 1229 2883 1240 ——
2939 1196 3126 1271 Δέγων
3182 1190 3335 1250 ἄδικα
3385 1194 3442 1249 οὐ
3483 1191 3707 1253 κατευδ..
3736 1238 3783 1252 ..

2214 1287 2278 1342 τὸ
2318 1285 2549 1342 ἐνώπιόν
2585 1308 2690 1361 μου
2721 1287 2805 1364 ἐφ’
2832 1286 2915 1348 οἷς
2943 1281 3239 1353 ἐσπούδαζε
3274 1279 3497 1354 δηλαδή·
3521 1280 3633 1337 ἀλλ’
3654 1281 3779 1359 ἠλέγ-

2216 1393 2348 1450 χετο
2378 1371 2637 1445 δηλονότι
2668 1373 2758 1430 καὶ
2786 1377 2885 1429 τοῦ
2913 1376 3119 1428 σκοποῦ
3151 1368 3519 1448 διημάρτανεν.

2288 1487 2317 1516 (ι
2349 1463 2443 1526 Εἷς
2482 1465 2580 1526 τὰς
2636 1461 2851 1541 πρωίας
2907 1460 3220 1517 ἀπέκτεινον
3266 1459 3455 1523 πάντας
3490 1459 3605 1522 τοὺς
3648 1460 3780 1534 ἁμαρ-

2212 1550 2429 1613 τωλοὺς
2452 1559 2554 1622 τῆς
2585 1554 2711 1627 γῆς.
2746 1576 2774 1604 ››
2804 1584 2875 1595 -
2895 1554 3206 1626 Ἰστορικῶς
3245 1550 3334 1624 μὲν
3365 1550 3392 1603 ὁ
3426 1546 3659 1624 μακάριος
3697 1547 3782 1604 Ἰω-

2215 1639 2333 1703 σίας
2364 1639 2494 1703 τοὸς
2542 1639 2593 1695 ἐν
2750 1641 2836 1696 ὑπ’
2883 1640 3085 1696 ἐκεῖνον
3133 1643 3205 1717 γῇ
3251 1633 3400 1701 ὄντας
3445 1638 3594 1713 ἱερεῖς
3624 1638 3713 1691 τῶν
3734 1633 3785 1689 εί-

2215 1726 2410 1784 δώλων
2468 1728 2727 1786 ἀπέκτανε
2780 1730 2870 1785 καὶ
2926 1727 3129 1791 πάντας
3182 1726 3310 1790 τοὺς
3371 1728 3443 1800 μή
3488 1724 3612 1801 πρὸς
3649 1720 3783 1778 θεοσέ-

2214 1812 2363 1873 ϐειαν
2406 1817 2819 1897 ἐπιστρέφοντας
2866 1818 2926 1874 ἐκ
2972 1820 3072 1888 τῆς
3122 1813 3475 1891 Ἰερουσαλὴμ
3525 1811 3784 1887 ἐξωλόθρευε

2212 1906 2350 1962 κατὰ
2391 1906 2490 1971 τὰς
2537 1906 2772 1984 πρωίας,
2810 1912 2910 1964 τοῦ
2960 1907 3217 1963 τοιοὺτου
3277 1905 3469 1980 μύσους
3522 1899 3782 1975 ἐκκαθαίρων

2214 1997 2315 2066 τήν
2350 1997 2496 2073 ἱερὰν
2527 1995 2714 2068 πόλιν,
2747 1997 2871 2053 ὅταν
2909 1999 3011 2067 τῆς
3066 1994 3309 2059 διανοίας
3361 1993 3616 2072 νηφούσης
3661 1989 3782 2065 ἀσφα-

2217 2082 2489 2162 λεστέρως
2542 2087 2595 2140 αἱ
2649 2085 2870 2162 πράξεις
2925 2085 3206 2162 γίνωνται.
3261 2083 3403 2140 Κατᾶ
3463 2078 3517 2137 δὲ
3563 2076 3781 2153 ἀναγωγὴν

2216 2172 2427 2250 πρωίαν
2490 2173 2861 2250 ὑποληπτέον,
2911 2174 3038 2231 ὅταν
3089 2178 3265 2246 ἡοτοῦ
3318 2169 3563 2247 παναγίου
3605 2163 3785 2237 Πνεύμα-

2215 2282 2308 2325 τος
2367 2263 2516 2326 ἀκτὶς
2573 2261 2860 2339 ἐπιλάμπῃ
2933 2267 3004 2338 τῇ
3076 2260 3309 2336 διανοίᾳ,
3359 2260 3445 2316 καὶ
3499 2250 3784 2333 ἁμαρτωλοὺς

2216 2354 2320 2428 γῆς
2402 2352 2909 2426 ἀποκτεινομένους,
2968 2349 3142 2407 εἶίτουν
3236 2345 3648 2429 ἀφανιζομένους,
3696 2339 3785 2429 τοὺς

2218 2424 2479 2514 ἐμπαθεῖς
2508 2424 2814 2516 λογισμοὺς
2841 2439 2971 2504 τοὺς
3002 2440 3063 2496 ἐκ
3088 2444 3190 2496 τοῦ
3219 2424 3455 2516 γεώδους
3490 2434 3701 2506 σώματος
3721 2424 3781 2481 καῖ

2215 2534 2324 2586 τῶν
2352 2528 2559 2606 γηΐνων
2607 2528 2799 2593 ἁπλῶς
2848 2529 3177 2608 φυομένους,
3208 2527 3371 2585 πόλιν
3417 2523 3473 2581 δέ
3515 2519 3682 2597 Κυρίου
3714 2516 3780 2608 τήν

2217 2604 2411 2690 εὐσεϐῆ
2470 2621 2678 2696 ψυχήν.
2738 2604 2915 2690 Δηλοῖ
2972 2616 3030 2674 δὲ
3084 2621 3122 2689 ἠ
3178 2616 3364 2696 πρωία
3405 2612 3492 2671 καί
3539 2611 3593 2666 τὸ
3626 2604 3779 2680 ταχέως

2217 2708 2307 2763 καὶ
2335 2708 2400 2762 τὸ
2430 2712 2696 2786 φανερῶς.

2807 2820 3105 2871 ΨΔΛΜΟΣ
3148 2817 3271 2874 ΡΑ’.

2293 2946 2320 2973 ‹‹
2352 2923 2643 2998 Προσευχὴ
2675 2925 2755 2995 τῷ
2783 2926 3015 2998 πτωχῷ,
3049 2920 3176 2978 ὅταν
3229 2919 3512 2996 άκηδιάσῃ,
3540 2919 3614 2977 καὶ
3651 2913 3763 2998 ἔναντι

2217 2997 2419 3089 Κυρίου
2450 2997 2616 3087 ἐκχέῂ
2642 3012 2742 3080 τὴν
2772 2997 2955 3083 δέησιν
2989 3010 3176 3069 αὑτοῦ.
3207 3035 3238 3065 ››
3270 3044 3337 3054 -
3365 3009 3581 3088 Πτωχὸν
3612 2997 3761 3061 ἐντιῦθά

2218 3122 2350 3180 φησι
2417 3100 2509 3156 τὸν
2585 3099 2730 3165 θείας
2805 3100 3119 3177 ἐπικουρίας
3188 3098 3464 3175 δεόμενον,
3517 3092 3757 3167 ἀκηδήσαντι

2216 3195 2295 3263 τῷ
2340 3187 2576 3264 πολέμῳ
2616 3194 2725 3245 τῶν
2778 3187 2886 3245 εἷ’τε
2929 3190 3141 3267 ὁρατῶν
3193 3188 3303 3246 εἷ’τε
3341 3189 3573 3259 ἀοράτων
3612 3180 3762 3267 ἐχθρῶ-

2220 3285 2529 3355 ’Έγκεινται
2562 3277 2621 3334 δὲ
2650 3283 2728 3351 τῷ
2755 3266 2971 3354 ψαλμῷ
2990 3276 3084 3334 καί
3110 3283 3443 3356 προφητεῖαι
3472 3266 3774 3356 περὶΧρισῖοῖις

2295 3350 2324 3421 ξ(
2355 3367 2538 3445 Κύριε,
2611 3350 2944 3423 εἰσάκουσον
2991 3371 3063 3442 τῇ
3138 3350 3426 3446 προσευχῇ
3497 3380 3603 3440 μου⁸
3651 3353 3716 3411 καὶ
3747 3350 3779 3446 ,ἦ

2217 3439 2446 3535 κραυγή.
2488 3478 2595 3530 μου
2646 3457 2789 3534 πρὸς
2846 3457 2905 3512 σε
2958 3439 3250 3515 ἐλθέτω.»
3284 3439 3491 3517 -ί-Ὧς
3542 3451 3629 3508 ὑπὸ
3666 3439 3785 3535 mea:

2216 3530 2594 3625 πεφρυγμένον
2656 3530 2839 3618 ξύλον,
2872 3544 3015 3601 οὕτω
3070 3546 3140 3603 τὰ
3199 3546 3334 3602 ὀστᾶ
3392 3565 3493 3619 μου
3535 3530 3784 3625 κατεξηρῇ-

2218 3614 2477 3706 θησανίῆ
2508 3636 2611 3713 γὰρ
2639 3614 2843 3709 ἀθυμία
2868 3636 2969 3706 τὴν
3020 3633 3074 3691 ἐν
3131 3636 3324 3700 αὐτοῖς
3382 3614 3596 3714 φυσικὴν
3640 3614 3791 3695 ἰκμάδα

2214 3747 2312 3781 κατ
2320 3723 2553 3797 εδαπάνη
2564 3745 2648 3780 σεν
2657 3770 2669 3782 .

2288 3838 2316 3865 ‹‹
2348 3792 2631 3889 Ἐπλήγην
2687 3811 2815 3869 ὡσεὶ
2872 3812 3099 3889 χόρτος,
3131 3814 3227 3870 καὶ
3280 3810 3532 3891 ἐξηράνθη
3586 3792 3795 3891 ﬁxas-2.314

2215 3924 2340 3977 μου.
2379 3926 2402 3956 ι
2433 3884 2733 3977 -ΚᾹΩσπερ
2765 3903 2794 3957 ὁ
2824 3884 3029 3979 χόρτος
3058 3902 3300 3980 πληγεὶς
3361 3884 3664 3976 μαραίνεται,
3686 3884 3793 3943 06w

2207 3993 2363 4068 κάγὼ
2392 3989 2627 4069 πληγεὶς
2675 3996 2792 4054 τοῖς
2838 3997 3167 4069 πειρασμοῖς
3221 3988 3525 4069 ἐμαράνθην
3578 3982 3663 4051 τὴν
3698 3990 3795 4046 MP‘

2211 4080 2354 4140 δίαν.

2284 4194 2313 4223 ‹‹
2343 4173 2465 4225 Ὅτι
2502 4167 2852 4243 ἐπελαθόμην
2897 4174 2996 4225 τοῦ
3027 4175 3221 4248 φαγεῖν
3252 4170 3346 4226 τὸν
3380 4168 3531 4244 ἄρτον
3578 4178 3685 4235 μου·
3714 4174 3799 4248 ’μ’

440 4255 872 4331 πολιτευόμενος
917 4256 1193 4331 ἀμώμως,
1222 4257 1384 4331 ψαλῶ
1446 4279 1553 4329 σοι,
1610 4259 1699 4314 καὶ
1759 4262 1975 4330 συνήσω
2031 4260 2098 4315 τὰ
2207 4262 2270 4315 Οἱ
2326 4257 2553 4315 παλαιοὶ
2608 4259 2708 4327 τήν
2772 4254 2945 4333 ὄρεξιν
3020 4244 3251 4333 μνήμην
3331 4254 3550 4313 καλοῦσι
3617 4244 3798 4321 τροφῆς,

440 4341 783 4418 ψαλλόμενα,
816 4345 1084 4417 τουτέστι,
1116 4344 1277 4417 ψαλῶ
1313 4347 1447 4420 μετά
1480 4348 1761 4410 συνέσεως.

513 4456 542 4485 (‹
576 4433 715 4489 Πότε
764 4431 913 4505 ἥξεις
964 4434 1102 4511 πρός
1136 4456 1204 4508 με
1228 4453 1241 4504 ;
1269 4460 1296 4486 ››
1328 4468 1399 4477 --
1429 4434 1715 4512 Διαπύρως
1765 4435 2093 4510 ἐπιθυμοῦν-

438 4542 506 4576 τα
534 4527 631 4577 τοῦ
662 4521 838 4587 ἐλθεῖν
870 4545 928 4578 σε
956 4522 1094 4600 πρός
1155 4546 1221 4597 με
1275 4525 1365 4579 καὶ
1423 4526 1592 4598 μονὴν
1655 4526 1788 4598 μετά
1827 4530 1926 4581 τοῦ
1983 4532 2092 4581 Πα-

439 4609 569 4685 τρός
601 4632 696 4666 σου
725 4613 1052 4682 ποιήσασθαι
1083 4613 1211 4688 παρ’
1240 4611 1387 4685 ἐμοί.

2202 4351 2301 4420 τήν
2335 4347 2392 4405 δὲ
2414 4346 2689 4424 ἀνορεξίαν
2723 4344 2904 4419 λήθην
2934 4355 3169 4427 τροφῆς.

2281 4463 2302 4490 α
2336 4437 2474 4492 Ἀπὸ
2512 4412 2718 4514 ¹φωνῆς
2763 4412 2870 4491 τοῦ.
2920 4412 3231 4513 στεναγμοῦ
3306 4457 3408 4509 μου
3473 4425 3719 4494 ἐκολλήθη
3754 4412 3798 4467 τὸ

2208 4528 2397 4583 ὀστοῦν
2436 4546 2542 4599 μου
2588 4528 2657 4600 τῇ
2706 4524 2864 4600 σαρκί
2897 4546 3023 4598 μου.
3063 4550 3086 4579 υ
3131 4558 3204 4569 -
3235 4527 3294 4580 '0
3339 4525 3439 4601 γὰρ
3486 4514 3680 4589 ἀληθὴς
3718 4521 3799 4601 υἷε-

2202 4616 2415 4692 ναγμὸς
2471 4610 2752 4668 ἀναλίσκει
2808 4614 2908 4683 τήν
2964 4614 3265 4692 παχύτητα
3329 4616 3436 4668 τῶν
3506 4607 3680 4683 κρεῶν,

3723 4594 3800 4647 τῶν

516 4721 544 4752 α
575 4699 648 4754 Ού
705 4676 1077 4777 προετιθέμην
1129 4676 1237 4777 πρὸ
1271 4676 1281 4685 ·
1312 4699 1612 4779 ὀφθαλμῶν
1686 4724 1789 4776 μου
1870 4708 2096 4780 πρᾶγμα
2124 4687 2172 4752 D
2209 4676 2552 4781 μεσαζόντων
2617 4700 2762 4776 ὃστῷ
2812 4676 2905 4758 καὶ
2955 4676 3211 4781 δέρματα
3243 4703 3308 4758 τὸ
3366 4676 3551 4776 δέρμα.
3577 4692 3668 4771 γὰρ
3703 4676 3802 4738 ὧνό⁶

438 4788 780 4865 παράνομον.
840 4813 867 4841 ››
918 4822 988 4831 --
1033 4790 1144 4845 Οὐκ
1192 4790 1503 4867 ἠνειχόμην
1568 4792 1694 4866 ὸρᾷν
1740 4792 1776 4860 ἢ
1827 4791 2101 4861 αἰσθητῶς

436 4877 474 4947 ἢ
537 4882 773 4952 νοητῶς,
834 4877 1110 4933 τουτέστιν
1202 4878 1546 4953 ἐνθυμεῖσθαι
1609 4880 1800 4955 πρᾶξιν
1864 4880 2096 4957 παράνο-

444 4988 544 5041 μον
554 5013 567 5025 .

506 5080 535 5109 ‹‹
569 5061 863 5120 Ποιοῦντας
912 5051 1242 5134 παραϐάσεις
1294 5056 1550 5131 ἐμίσησα.
1604 5082 1626 5111 ι
1682 5092 1752 5101 -—
1809 5057 1946 5123 Τοὺς
1990 5081 2093 5115 πα-

436 5140 789 5222 ραϐαίνοντας
838 5147 934 5209 τὰς
988 5146 1130 5208 θείας
1182 5145 1426 5220 ἐντολὰς,
1478 5145 1585 5203 εἷ’τε
1639 5148 1734 5209 τὰς
1798 5148 1935 5225 πρὸς
2004 5149 2095 5204 ἂν·

432 5235 687 5310 θρώπους
717 5237 1001 5309 συνθήκας,
1032 5235 1473 5314 ἀπεστρεφόμην.

506 5347 536 5374 ‹‹
569 5322 941 5387 Ἐκκλίνοντος
989 5325 1079 5379 ἀπ’
1118 5323 1253 5399 ἐμοῦ
1311 5330 1409 5379 τοῦ
1456 5330 1699 5402 πονηροῦ
1748 5325 1847 5381 οὑκ
1901 5324 2090 5401 ἐγίνω-

436 5431 583 5468 σκον.
640 5440 669 5464 υ
727 5446 795 5454 -
836 5413 985 5469 Ἀντὶ
1034 5418 1131 5468 τοῦ
1187 5413 1570 5493 κατεφρόνουν,
1614 5415 1705 5469 καὶ
1754 5415 1830 5477 ὡς
1885 5416 1960 5489 μὴ
2006 5435 2091 5490 γε-

2216 4816 2351 4870 μασε
2381 4795 2573 4869 σάρκα.
3723 4860 3735 4871 .
3790 4851 3802 4871 γ

2282 4908 2309 4935 ‹‹
2337 4860 2649 4957 Ὠμὸιώθην
2728 4879 2983 4938 πελεκᾶνι
3049 4879 3326 4958 έρημικῷ·
3407 4872 3649 4952 ἐγενήθην

2206 4948 2524 5045 νυκτικόραξ
2572 4948 2625 5023 ἐν
2666 4966 2962 5042 οἱκοπέδῳ.
2996 4993 3026 5022 ››
3056 4948 3239 5023 -ξ-λΰ
3280 4948 3508 5022 -έκάστου
3551 4962 3650 5014 τῶν
3692 4948 3804 5045 εξρη·

2210 5059 2385 5133 μένων
2430 5037 2666 5135 ’ὀρνίθων
2716 5061 2816 5130 τὴν
2867 5037 3060 5114 εαυτοῦ
3109 5053 3363 5112 δουλείαν
3408 5037 3728 5135 ὑπέφηνεψξ
3763 5049 3804 5085 τε

2203 5132 2305 5225 γὰρ
2363 5132 2596 5204 πελεκὰν
2658 5148 2763 5204 ὑπὸ
2822 5145 3032 5209 δειλίας
3089 5152 3211 5209 τοῖς
3251 5145 3482 5220 ἐρήμοις
3513 5132 3804 5229 ἐνδιαιτᾶταξ,

2200 5236 2292 5290 καὶ
2342 5237 2371 5290 6
2419 5235 2737 5311 νυκτικόραξ
2787 5234 2996 5308 ὁμοίως
3041 5238 3160 5295 τοῖς
3223 5230 3481 5305 ἐρειπίοις
3534 5226 3803 5311 apag???“

2200 5330 2308 5380 τῶν
2377 5321 2722 5398 οἷ’κημάτων,
2774 5325 2866 5379 καὶ
2920 5324 2985 5379 τὸ
3040 5320 3328 5399 στρουθίον
3388 5316 3445 5373 δὲ
3508 5312 3594 5369 διὰ
3644 5297 3804 5399 δειλίαν

2200 5414 2463 5491 ἀγρυπνεῖ
2515 5415 2606 5470 καὶ
2666 5413 2830 5488 μόνον
2890 5413 3037 5485 μένει
3096 5410 3188 5466 ἐπὶ
3246 5412 3347 5464 τοῦ
3377 5403 3641 5478 δώματος,

3668 5388 3805 5447 ὅέστι

432 5505 650 5575 γονυῖαν
706 5501 963 5576 ἡγούμην
1013 5505 1112 5571 τὴν
1178 5502 1342 5558 αὑτοῦ
1413 5503 1793 5580 ὑποχώρησιν
1844 5504 1906 5558 ού
1973 5505 2085 5580 χρῆ
2197 5504 2259 5559 τὸ
2290 5502 2404 5558 ἄνω
2430 5506 2531 5573 τῆς
2565 5505 2765 5579 στέγης
2795 5504 2887 5557 καὶ
2918 5501 3204 5577 ὕπαιθρον.

432 5588 537 5666 γὰρ
592 5596 694 5659 τῆς
738 5593 836 5644 τοῦ
885 5596 1127 5667 πονηροῦ
1177 5590 1588 5671 φιλανθρωπίας
1648 5592 1988 5668 ἀντέχεσθαι,
2041 5592 2085 5646 εἰ

435 5679 510 5755 μὴ
548 5673 884 5751 μεταϐάλλοι
915 5679 1007 5734 τὸν
1038 5681 1264 5754 τρόπον.

2273 5616 2301 5645 ι(
2331 5592 2504 5663 Ὅλην
2530 5594 2628 5662 τήν
2672 5573 2892 5669 ⁷ἡμέραν
2938 5573 3218 5658 ὠνείδιζόν
3274 5609 3342 5661 με
3385 5585 3435 5639 οἱ
3475 5573 3651 5659 ἐχθροί
3678 5585 3802 5670 fw:

2193 5681 2285 5737 καὶ
2317 5683 2371 5736 οἱ
2400 5681 2746 5744 ἐπαινοῦντές
2799 5701 2867 5756 με
2915 5681 3034 5735 κατ’
3061 5678 3200 5754 ἐμοῦ
3241 5672 3481 5751 ὤμνυον.
3526 5693 3555 5723 ››
3584 5697 3647 5711 --
3669 5659 3723 5716 Οἱ
3754 5669 3804 5755 τεξ

502 5741 919 5849 ις’Ὑπερηφάνῳ
1016 5741 1289 5850 ὀφθαλμῷ
1361 5772 1453 5827 καὶ
1544 5769 1814 5847 ἀπλήστῳ
1888 5768 2087 5849 καρδίᾳ
2195 5770 2302 5848 ἐμὰ
2361 5741 2742 5846 θαυμάζοντες.
2797 5741 3102 5850 πρότερον.
3140 5741 3360 5843 ὤμνυον
3431 5760 3637 5838 ὕστερον
3699 5741 3803 5805 κατά
