4066 6474
312 441 468 504 Ιῦ53

1535 436 1953 500 EXPOSITIO
1995 437 2076 499 IN
2121 437 2510 501 PSALMOS.

3577 435 3738 498 1554

309 577 416 628 τῶν
474 571 620 647 ἐμῶν
682 574 994 650 συμφορῶν,
1027 571 1115 641 Μὴ
1173 571 1464 645 πάθοιμεν,
1525 567 1798 646 λέγοντες,
1839 569 1872 623 ἀ
1931 571 1960 624 6
1989 573 2044 638 Α
2073 573 2326 624 --⁹Ὠστε
2371 569 2530 625 λῦσαι
2579 574 2674 626 τοῦ
2725 567 2928 644 δεσμοῦ
2974 574 3080 640 τῆς
3124 566 3232 624 τῶν
3283 563 3553 642 δαιμόνων
3606 565 3730 623 δου-

309 659 477 732 δεῖνα,
509 662 545 732 ἢ
579 659 773 738 ὅρκους
803 657 1106 732 ἐπιϐουλῆς
1143 655 1358 735 ὤμνυον
1388 661 1504 716 κατ’
1535 660 1692 734 ἐμοῦ.

380 776 410 804 ‹‹
441 755 562 807 Ὅτι
610 748 809 806 σποδὸν
876 751 1004 805 ὡσεὶ
1055 747 1214 823 ἄρτον
1284 748 1506 827 ἔφαγον,
1553 749 1644 804 καὶ
1703 749 1765 804 τὸ
1809 749 1963 823 πόμα

312 862 417 915 μου
454 842 588 914 μετά
615 839 900 912 κλαυθμοῦ
932 839 1177 916 ἐκίρνων.
1213 862 1241 890 ››
1272 872 1341 880 -—
1379 838 1476 894 Καὶ
1526 839 1673 914 παρά
1719 839 1812 893 τὸν
1860 844 1962 906 τῆς

302 936 514 1008 τροφῆς
559 930 746 1006 καιρὸν
799 929 889 983 ἐπὶ
933 928 1226 1006 πρόσωπον
1277 926 1628 1005 ἐρριμμένος,
1680 926 1770 982 ἐπὶ
1827 948 1960 982 σπο-

305 1017 404 1074 δοῦ
454 1019 545 1073 καὶ
600 1019 830 1089 πενθῶν,
886 1021 956 1092 τῇ
1008 1014 1149 1094 ἄχνῃ
1204 1020 1300 1072 τοῦ
1374 1016 1681 1090 πνεύματος
1759 1013 1958 1070 σποδὸν

303 1105 479 1164 ἔσπων
529 1106 647 1162 ἀντὶ
694 1113 923 1184 τροφῆς,
975 1106 1198 1184 ἐφύρετο
1254 1104 1311 1162 δέ
1373 1127 1478 1180 μου
1519 1107 1582 1160 τὸ
1643 1104 1797 1180 πόμα
1841 1109 1960 1167 τοῖς

303 1194 563 1275 δάκρυσιν
574 1239 586 1252 .

375 1311 404 1339 ‹‹
433 1287 572 1342 Ἀπὸ
621 1285 920 1358 προσώπου
967 1291 1070 1355 τῆς
1118 1284 1290 1361 ὀργῆς
1332 1305 1428 1340 σου
1470 1285 1560 1339 καὶ
1617 1288 1716 1339 τοῦ
1783 1285 1958 1357 θυμοῦ

302 1397 418 1432 σου.
453 1399 482 1429 ››
515 1407 585 1419 —-
613 1376 789 1430 Ταῦτά
823 1395 918 1448 μοι
957 1369 1253 1446 συνέϐησαν
1285 1373 1392 1429 ἀπὸ
1449 1380 1550 1444 τῆς
1607 1374 1778 1450 ὀργῆς
1837 1394 1955 1444 σου,

307 1469 764 1542 περιφραστικῶς.

374 1579 404 1607 ‹‹
435 1556 558 1614 ’Ότι
618 1553 818 1631 ἐπάρας
878 1553 1205 1632 κατέρῥαξάς
1268 1576 1354 1627 με.
1393 1577 1414 1604 ι
1441 1584 1510 1596 -·
1562 1555 1679 1608 ’Ὀτι
1742 1552 1957 1626 ὑψώσας

301 1644 588 1722 πρότερον,
639 1648 956 1698 καταπεσεῖν
1038 1641 1257 1709 ὕστερον
1334 1641 1423 1696 καὶ
1482 1636 1832 1717 συντριϐῆναί
1894 1660 1960 1712 με

298 1734 730 1809 παρεχώρησας.

371 1846 401 1874 ‹‹
435 1822 503 1877 Αἱ
533 1820 739 1896 ἡμέραι
781 1842 885 1894 μου
939 1820 1068 1876 ὡσεὶ
1117 1822 1242 1875 σκιά
1291 1819 1606 1890 ἐκλίθησαν-
1639 1819 1791 1895 κάγὼ
1831 1818 1963 1878 ὡσεὶ

297 1909 503 1988 χόρτος
553 1909 870 1986 ἐξηράνθην.
931 1933 954 1963 ι
1007 1941 1077 1953 -ο
1124 1910 1348 1987 Ταχέως
1397 1908 1752 1986 παρήλθοσαν
1807 1905 1960 1977 δίκην
1994 1949 2041 2014 Β

297 2005 471 2062 σκιᾶς*
525 2002 560 2069 ἡ
611 2001 736 2054 σκιά
772 1999 878 2076 γάρ
937 2000 1169 2076 τάχιστα
1220 1998 1537 2073 μεταπίπτει
1584 2018 1644 2053 τε
1681 1996 1772 2052 καὶ
1820 2017 1957 2072 παρ-

298 2089 544 2166 έρχεται.

373 2200 402 2231 ‹‹
435 2177 512 2232 Σὺ
571 2177 798 2240 ἀναστὰς
853 2177 1215 2255 οἰκτειρήσεις
1272 2179 1370 2247 τήν
1432 2177 1604 2234 Σιών.
1645 2198 1677 2230 ι
1707 2207 1776 2218 --
1816 2175 1961 2230 Κατά

306 2268 402 2341 μὲν
451 2268 514 2322 τὸ
561 2266 861 2343 πρόχειρον
920 2268 1019 2336 τὴν
1079 2267 1342 2337 αἰσθητὴν
1396 2266 1784 2341 Ἰερουσαλὴμ,
1826 2263 1963 2319 κατὰ

305 2353 364 2411 6‘s
391 2355 455 2410 16
489 2355 779 2432 βαθύτερον
811 2356 908 2424 τὴν
955 2359 1064 2410 τῶν
1104 2356 1311 2410 πιστῶν
1349 2353 1672 2423 Ἐκκλησίαν
1727 2351 1816 2408 διὰ
1861 2359 1960 2420 τῆς

305 2444 366 2500 ἐκ
392 2449 592 2520 νεκρῶν
621 2445 977 2507 ἀναστάσεως.

377 2535 553 2588 «Ὅτι
627 2535 814 2608 καιρὸς
882 2538 980 2588 τοῦ
1039 2534 1374 2610 οἶκτειρῆσαι
1433 2532 1622 2605 αὐτὴν,
1683 2530 1765 2586 ὅτι
1841 2531 1963 2600 ἥκει

312 2621 523 2699 καιρός.
553 2643 582 2676 ιι
617 2655 684 2665 -
714 2625 782 2678 Ἦ
806 2622 889 2678 ὅτι
913 2624 942 2678 6
1084 2621 1445 2698 αἰχμαλωσίᾳ
1491 2621 1794 2698 ὡρισμένος
1843 2641 1964 2675 και-

313 2712 429 2785 ρὸς,
479 2712 751 2766 τουτέστιν
809 2713 852 2766 ο¹
909 2710 1002 2783 ἔτη
1069 2710 1480 2786 πεπλήρωνται,
1537 2712 1574 2780 ἢ
1628 2710 1711 2766 ὅτι
1768 2709 1963 2773 πάντες

311 2800 727 2856 συνεπιτίθενται
759 2799 849 2856 καὶ
880 2799 1191 2875 πολεμοῦσι
1221 2805 1290 2876 τῇ
1323 2800 1642 2871 Ἐκκλησίᾳ.

386 2930 408 2958 α
441 2909 563 2962 Ὅτι
592 2904 902 2978 ηὐδόκησαν
935 2908 988 2962 οἱ
1015 2905 1207 2963 δοῦλοί
1239 2928 1336 2962 σου
1363 2905 1490 2969 τοὺς
1533 2905 1722 2970 λίθους
1771 2904 1959 2974 αὐτῆς

307 2996 400 3051 καὶ
449 2997 541 3052 τὸν
597 3001 732 3072 χοῦν
777 2996 946 3067 αὐτῆς
988 2996 1440 3072 οἰκτειρήσουσιν.
1469 3020 1498 3047 ››
1531 3029 1598 3039 -
1629 2997 1698 3051 Ἢ
1742 2993 1824 3050 ὅτι
1873 2993 1963 3049 καὶ

306 3084 437 3147 τοὺς
492 3083 968 3159 καταλελυμένους
1027 3085 1216 3150 λίθους
1272 3093 1373 3155 τῆς
1399 3082 1763 3158 Ἰερουσαλὴμ
1819 3085 1965 3159 ἠγά-

306 3194 484 3244 πησαν
517 3175 569 3228 οἱ
601 3173 661 3229 ἐκ
685 3181 786 3244 τῆς
829 3173 1220 3251 αἰχμαλωσίας
1268 3175 1648 3242 ἀνασωθέντες,
1689 3173 1780 3228 καὶ
1828 3173 1856 3226 6
1906 3171 1965 3226 ἐκ

305 3261 406 3332 τῆς
447 3264 772 3338 πορθήσεως
825 3268 961 3340 χοῦς
1010 3263 1188 3318 οἶκτον
1240 3262 1422 3325 αὐτοῖς
1470 3261 1757 3334 ἐντίθησινο
1799 3263 1834 3331 ἢ
1877 3261 1959 3318 ὅτι

309 3351 364 3405 οἱ
390 3349 658 3406 ἀπστολοι
704 3351 832 3414 τοὺς
890 3351 1283 3429 στερεωτέρευς
1345 3353 1440 3426 μὲν
1498 3352 1640 3428 πρὸξ
1689 3345 1958 3406 εὐσέϐειαν

339 3439 354 3460 φ
493 3439 511 3493 ἰ
585 3438 612 3496 δ
707 3442 721 3460 .
877 3449 905 3459 ..
1023 3443 1037 3463 ,
1904 3440 1915 3457 ι

309 3459 388 3502 εις
459 3461 578 3496 οκο
618 3461 761 3514 ομην
837 3463 938 3512 της
1040 3440 1352 3513 Εκκλησίας
1427 3439 1755 3515 ἡτοίμασαν,
1835 3461 1962 3502 τους

311 3528 722 3607 ἀσθενεστέρους
781 3529 840 3585 δὲ
911 3530 1226 3606 πρεπούσης
1303 3529 1622 3604 ἐπιμελείας
1707 3530 1966 3601 ἀξιώσου-

314 3639 419 3673 σιν.

387 3733 409 3760 ι
443 3708 543 3764 Καὶ
573 3703 982 3787 φοϐηθήσονται
1015 3708 1084 3764 τὰ
1111 3706 1238 3779 ἔθνη
1284 3708 1350 3763 τὸ
1409 3703 1583 3781 ὄνομά
1629 3728 1748 3775 σου,
1781 3706 1962 3781 Κύριε,

309 3797 400 3852 καὶ
429 3797 626 3861 πάντες
659 3799 711 3853 οἱ
741 3796 986 3860 ϐασιλεῖς
1026 3805 1130 3868 τῆς
1175 3805 1278 3874 γῆς
1318 3799 1419 3868 τὴν
1452 3795 1606 3868 δόξαν
1653 3817 1770 3852 σου.
1821 3820 1850 3847 ››
1896 3829 1968 3839 -

311 3886 380 3941 Ἦ
438 3883 529 3940 διά
579 3888 678 3954 τήν
733 3886 821 3941 ἐπὶ
877 3888 940 3942 16
987 3893 1229 3962 κρεῖττον
1304 3886 1573 3957 τοσαύτην
1655 3881 1968 3959 μεταϐολὴν

310 3977 417 4028 τῶν
447 3973 1028 4049 αἰχμαλωτισθέντων,
1057 3977 1092 4044 ἢ
1146 3974 1236 4030 διά
1281 3976 1349 4030 τὰ
1399 3974 1707 4048 τελούμενα
1764 3981 1967 4048 σημεῖα

309 4060 400 4116 καὶ
441 4059 640 4136 τέρατα
679 4061 739 4117 ἐκ
785 4062 958 4135 μόνης
1001 4071 1103 4134 τῆς
1150 4068 1246 4118 τοῦ
1305 4067 1540 4140 Χριστοῦ
1599 4063 1964 4136 ἐπικλήσεως,

313 4147 529 4223 μᾶλλον
563 4147 620 4205 δὲ
651 4149 895 4227 ὕστερον,
927 4150 1018 4206 ὅτε
1055 4150 1172 4223 ἥξει
1232 4151 1428 4228 Κύριος
1491 4153 1628 4225 μετά
1684 4151 1967 4226 δυνάμεως

309 4238 400 4294 καὶ
433 4236 594 4311 δόξης
622 4237 866 4310 πολλῆς.

384 4351 410 4382 (ι
444 4330 714 4406 Γραφήτω
771 4328 907 4401 αὕτη
971 4327 1048 4391 εἷς
1105 4328 1292 4405 γενεὰν
1347 4329 1548 4405 ἑτέραν.
1585 4353 1614 4382 ››
1675 4363 1744 4372 —-
1802 4330 1965 4409 Ἀφο-

313 4419 554 4494 ρισθήτω
609 4417 745 4489 αὕτη
777 4421 813 4488 ἡ
846 4419 1152 4495 προσευχὴ,
1182 4418 1458 4474 τουτέστιν
1515 4419 1544 4473 6
1600 4420 1788 4495 παρὼν
1821 4418 1964 4493 ψαλ-

314 4508 439 4582 μὸς,
472 4507 550 4570 εἲς
577 4509 675 4577 τὴν
708 4512 806 4563 τοῦ
834 4509 959 4563 νέου
1007 4507 1147 4563 λαοῦ
1203 4509 1410 4583 γενεάνο
1447 4505 1633 4578 ἐπειδὴ
1676 4511 1705 4562 ὁ
1734 4506 1966 4569 παλαιὸς

307 4601 428 4659 ταῖς
486 4595 826 4672 ἐγκειμέναις
882 4596 1019 4671 αὐτῇ
1079 4597 1202 4673 περὶ
1282 4601 1520 4673 Χριστοῦ
1606 4596 1964 4676 προφητείαις

309 4684 514 4757 ἠπίστη
524 4707 634 4744 σεν.

383 4799 412 4826 ‹‹
443 4775 543 4830 Καὶ
588 4774 722 4838 λαὸς
766 4776 794 4831 6
847 4775 1162 4849 κτιζόμενος
1210 4775 1403 4832 αἴνέσει
1451 4776 1542 4831 τὸν
1585 4776 1800 4851 Κύριον.
1841 4799 1866 4827 .›
1898 4809 1964 4818 -

309 4863 368 4918 Ὀ
395 4863 719 4937 κτιζόμενος
777 4862 964 4941 εἷ’ρηκε
1024 4862 1114 4920 διὰ
1168 4866 1268 4934 τήν
1328 4863 1460 4941 ἄχρι
1510 4865 1820 4926 συντελείας
1851 4863 1964 4919 ἐπί-

310 4951 459 5007 δοσιν
504 4956 613 5007 τῶν
651 4953 1038 5011 πιστευόντων.
1091 4953 1269 5009 Κτίσιν
1318 4952 1376 5009 δέ
1426 4975 1518 5028 μοι
1566 4955 1678 5009 νόει
1733 4956 1808 5026 μὴ
1861 4955 1962 5021 την

309 5039 589 5110 ούσίωσιν,
623 5039 770 5096 ἀλλὰ
796 5043 898 5112 τήν
932 5041 1021 5097 ἐπὶ
1049 5043 1113 5097 16
1139 5048 1383 5120 κρεῖττον
1421 5037 1756 5116 μεταϐολήν.

385 5150 408 5179 ι
441 5131 562 5184 Ὅτι
646 5129 891 5206 ἐξέκυψεν
953 5131 1004 5202 ἐξ
1062 5130 1232 5206 ὕψους
1312 5131 1473 5208 ἀγίου
1556 5131 1746 5188 αὐτοῦ.
1805 5155 1833 5184 ››
1897 5165 1964 5174 -—

303 5220 460 5276 ’Ἂνω
493 5217 678 5292 μείνας
705 5219 795 5275 καὶ
824 5221 973 5276 κάτω
1004 5222 1210 5299 φανείς.

376 5331 405 5359 ‹‹
435 5306 633 5384 Κύριος
667 5307 719 5379 ἐξ
776 5308 1008 5386 οὐρανοῦ
1063 5309 1152 5365 ἐπὶ
1201 5311 1302 5379 τήν
1365 5317 1468 5385 γῆν
1519 5307 1804 5388 ἐπέϐλεφε.
1836 5336 1858 5365 ι
1895 5344 1965 5352 —-

305 5395 405 5451 Διά
430 5402 532 5465 τῆς
561 5394 867 5467 ἐπισκοπῆς
891 5398 992 5466 τὴν
1021 5397 1315 5474 παρουσίαν
1347 5398 1588 5477 ἐνέφηνε.

377 5525 408 5555 ‹‹
441 5504 554 5560 Τοῦ
584 5503 815 5558 ἀκοῦσαι
843 5507 943 5558 τοῦ
972 5510 1279 5580 στεναγμοῦ
1329 5510 1436 5560 τῶν
1481 5503 1896 5578 πεπεδημένων.
1934 5529 1962 5556 ››

304 5622 375 5634 --
401 5595 508 5646 Τοῦ
539 5596 844 5666 στεναγμοῦ
874 5592 931 5646 ’ὀν
966 5591 1245 5662 ἐστέναζον
1296 5595 1348 5649 οἱ
1407 5591 1605 5650 δίκαιοι
1663 5595 1795 5672 ὑπὲρ
1851 5599 1959 5649 τῶν

304 5676 512 5750 πεπεδη
524 5681 699 5754 μένων
732 5685 850 5742 ταῖς
876 5684 984 5735 τῶν
1016 5679 1429 5757 ἀμαρτημάτων
1458 5689 1684 5758 σειραῖς.

380 5793 409 5822 ‹‹
441 5773 549 5825 Τοῦ
605 5769 764 5827 λῦσαι
839 5770 966 5833 τοὺς
1025 5769 1178 5834 υἱοὺς
1238 5777 1345 5828 τῶν
1400 5771 1876 5848 τεθανατωμένων.
1935 5798 1954 5825 υ

2073 656 2223 721 λείας
2298 658 2426 721 τοὺς
2499 657 2804 735 ἀπογόνους
2861 662 2970 713 τῶν
3041 657 3416 713 ἀποθανόντων
3476 662 3545 731 τῇ
3605 657 3732 712 ἀπι-

2073 746 2212 820 στίᾳ.

2145 862 2172 889 ‹‹
2205 843 2308 893 Τοῦ
2343 838 2658 914 ἀναγγεῖλαι
2709 837 2760 892 ἐν
2797 839 2939 892 Σιὼν
2991 837 3055 892 τὸ
3115 831 3293 910 ὄνομα
3341 837 3560 914 Κυρίου.
3596 859 3625 889 υ
3659 870 3728 880 --

2068 927 2140 982 Τὸ
2167 932 2264 983 τοῦ
2294 927 2525 1004 Πατρός·
2571 928 2916 1005 Ἐφανέρωσα
2946 927 3046 1003 γάρ
3110 948 3204 981 σου
3262 928 3325 982 τὸ
3377 921 3553 1001 ὄνομα
3608 933 3727 990 τοῖς

2070 1016 2400 1093 ἀνθρώποις.

2283 1106 2298 1126 \
2377 1107 2390 1126 Ν
2499 1103 2524 1126 ν
2737 1105 2749 1124 ν
2825 1110 2852 1121 ν
2995 1107 3008 1124 ο
3571 1109 3593 1127 ν

2139 1130 2169 1158 ‹‹
2201 1113 2300 1160 Και
2329 1127 2428 1176 την
2463 1127 2659 1161 αινεσιν
2694 1127 2856 1161 αυτου
2891 1105 2942 1161 ἐν
3011 1105 3378 1182 Ιερουσαλήμ.
3417 1130 3438 1156 υ
3475 1139 3543 1148 —-
3596 1113 3724 1163 Ηνει

2066 1197 2166 1272 γάρ
2221 1197 2313 1251 τὸν
2374 1195 2584 1272 Πατέρα
2643 1200 2904 1272 συνεχῶς,
2963 1194 3110 1269 αύτῷ
3157 1195 3226 1251 τά
3293 1195 3468 1251 πάντα
3541 1196 3722 1251 ἀνατι-

2071 1284 2200 1348 θείς.

2143 1395 2171 1429 α
2199 1376 2286 1430 Ἐν
2315 1379 2395 1448 τῷ
2424 1374 2852 1451 ἐπισυναχθῆναι
2883 1374 3050 1438 λαοὺς
3083 1373 3171 1430 ἐπὶ
3218 1374 3280 1430 τὸ
3320 1374 3450 1430 αὐτὸ
3498 1375 3588 1430 καὶ
3623 1376 3720 1451 βα-

2067 1460 2238 1524 σιλεῖς
2264 1468 2362 1518 τοῦ
2411 1461 2685 1519 δουλεύειν
2731 1469 2811 1536 τῷ
2863 1463 3064 1541 Κυρίῳ.
3096 1489 3124 1515 ››
3155 1496 3225 1506 --
3255 1464 3459 1519 Ἐποίει
3511 1461 3571 1519 δὲ
3616 1465 3717 1533 τὴν

2067 1549 2264 1606 αἶ’νεσιν
2318 1558 2415 1608 τοῦ
2472 1553 2705 1630 Πατρὸς,
2753 1552 2843 1608 ὅτε
2901 1555 3203 1628 συνήγοντο
3256 1555 3393 1628 πρὸς
3453 1553 3612 1608 αὐτὸν
3666 1553 3717 1608 οἱ

2069 1640 2195 1697 λαοὶ
2253 1643 2342 1696 καὶ
2396 1644 2448 1697 οἱ
2497 1639 2764 1720 ἄρχοντες
2811 1642 2984 1698 αὐτῶν
3013 1639 3132 1712 ἤως
3164 1641 3462 1698 ἀπόστολοι
3494 1641 3583 1698 ἐπὶ
3639 1645 3720 1716 τῷ

2069 1730 2448 1794 πιστεύσαντες
2484 1729 2676 1788 δοῦλοι
2725 1732 2858 1787 εἶναι
2903 1732 3088 1804 αὐτοῦ,
3123 1732 3318 1808 Κύριον
3370 1727 3536 1794 ὅντως
3587 1733 3725 1787 κατά

2068 1820 2169 1888 τῆν
2201 1819 2452 1891 θεότητα.

2147 1933 2176 1961 ι(
2210 1909 2504 1984 Ἀπεκρίθη
2537 1911 2683 1983 αὐτῷ
2721 1909 2772 1964 ἐν
2823 1908 2934 1982 ὁδῷ
2973 1909 3164 1986 ἰσχύος
3202 1910 3388 1968 αὐτοῦ.
3424 1935 3454 1962 ››
3482 1943 3551 1952 —-
3580 1917 3730 1984 Συμ-

2069 2000 2302 2075 περάνας
2357 1998 2557 2070 ταύτην
2611 2001 2708 2068 τὴν
2764 1999 3117 2079 προφητείαν,
3159 1999 3342 2076 ἔχεται
3399 1999 3566 2056 πάλιν
3624 2006 3726 2069 τῆς

2068 2089 2294 2165 πρώτης
2370 2087 2719 2162 ἀκολουθίας,
2777 2088 2868 2144 καί
2942 2111 3104 2166 φησιν
3172 2088 3462 2163 ἀπεκρίθη,
3528 2087 3558 2144 6'
3617 2088 3727 2145 ἐστι

2067 2181 2160 2231 νῦν
2221 2177 2338 2232 ἀντὶ
2389 2182 2486 2232 τοῦ
2545 2175 2810 2248 ἐλάλησεν
2857 2176 3048 2240 ἁπλῶς
3080 2176 3247 2252 αὐτῷ,
3277 2176 3405 2248 ἤτοι
3451 2183 3531 2250 τῷ
3587 2179 3726 2251 Θεῷ,

2071 2267 2208 2342 πρὸς
2263 2267 2321 2321 ’ὸν
2381 2269 2417 2336 ἡ
2478 2268 2760 2343 προσευχή
2815 2271 2913 2321 τοῦ
2961 2267 3230 2342 παρόντος
3290 2265 3537 2341 ψαλμοῦ.
3575 2267 3731 2323 Ἐλά-

2072 2353 2211 2426 λησε
2263 2353 2322 2410 δὲ
2372 2357 2399 2409 ὁ
2433 2357 2676 2432 πτωχὸς,
2729 2352 2944 2426 δηλαδὴ
3001 2356 3029 2409 ὁ
3085 2353 3407 2427 ἀκηδιάσας.
3460 2354 3612 2411 Ὁδὸν
3669 2353 3728 2411 δὲ

2076 2443 2266 2520 ἰσχύος
2327 2444 2672 2516 ὑποληπτέον
2699 2445 2793 2501 τὸν
2820 2444 3007 2519 καιρὸν
3061 2444 3112 2500 ἐν
3174 2446 3220 2517 ᾧ
3261 2442 3336 2500 ἔτι
3370 2444 3608 2518 δύναται,
3633 2445 3725 2500 καὶ

2075 2533 2228 2589 οῧπω
2255 2532 2440 2588 τέλεον
2475 2535 2579 2589 ὑπὸ
2603 2542 2704 2604 τῆς
2751 2531 2981 2605 ἀκηδίας
3038 2536 3330 2605 ἠσθένησεν
3387 2532 3513 2589 οὐδὲ
3562 2555 3724 2589 κατα-

2075 2617 2340 2693 ϐέϐληται
2373 2621 2678 2686 παντελῶς.

2148 2735 2177 2763 ‹‹
2207 2713 2313 2780 Τὴν
2373 2711 2672 2788 ὀλιγότητα
2724 2717 2831 2768 τῶν
2913 2717 3135 2788 ἡμερῶν
3217 2735 3321 2786 μου
3400 2711 3723 2791 ἀνάγγειλόν

2077 2822 2192 2874 μοι.
2226 2824 2254 2853 ››
2289 2833 2355 2843 -
2384 2802 2490 2870 Τήν
2546 2798 2745 2876 ὀλίγην
2804 2802 3081 2874 ποσότητα
3127 2807 3232 2856 τῶν
3299 2801 3725 2880 ὑπολειφθεισῶν

2077 2909 2170 2961 μοι
2201 2895 2301 2958 τῆς
2327 2893 2472 2958 ζωῆς
2515 2891 2740 2964 ἡμερῶν
2801 2887 3054 2960 δήλωσόν
3115 2911 3229 2963 μοι,
3257 2888 3350 2944 ’ίνα
3403 2892 3730 2946 συντονωτέ-

2074 2997 2168 3054 ραν
2200 2979 2352 3048 θήσω
2383 2979 2481 3046 τήν
2515 2977 2832 3051 ἐπιμέλειαν
2862 2982 2963 3048 τῆς
2992 2983 3202 3055 ψυχῆς.

2145 3091 2175 3120 ‹‹
2207 3067 2295 3135 Μὴ
2330 3066 2602 3143 ἀναγάγῃς
2631 3089 2698 3140 με
2727 3067 2781 3122 ἐν
2812 3069 3002 3141 ἡμίσει
3035 3071 3260 3146 ἡμερῶν
3297 3090 3423 3142 μου.
3445 3093 3473 3120 ››
3493 3071 3734 3125 -Ἀνα-

2071 3157 2255 3232 γωγὴν
2288 3155 2436 3231 λέγει
2465 3157 2566 3225 τήν
2599 3154 2864 3230 ἐκδημίαν
2894 3161 2996 3227 τῆς
3024 3161 3212 3234 ψυχῆς
3272 3158 3332 3214 ἐκ
3385 3163 3482 3213 τοῦ
3541 3160 3732 3233 σώμα-

2073 3263 2185 3309 τος·
2220 3245 2394 3319 ἥμισυ
2426 3243 2484 3300 δὲ
2532 3249 2755 3320 ἡμερῶν
2814 3247 2908 3302 τὸν
2967 3248 3074 3324 πρὸ
3127 3252 3225 3302 τοῦ
3282 3249 3472 3324 γήρως
3519 3248 3726 3325 καιρόν.

1991 3319 2036 3386 (1
2075 3335 2248 3405 Φησὶν
2310 3333 2424 3389 οὖν·
2487 3335 2586 3397 Δός
2640 3356 2733 3408 μοι
2780 3337 2880 3404 τὴν
2945 3319 3112 3412 μέχρι
3168 3319 3372 3413 γήρως*
3417 3319 3730 3406 ζωὴν,’⁹ίνα

2073 3426 2290 3494 ποιήσω
2320 3423 2562 3500 καρποὺς
2595 3424 2885 3499 σωτηρίας.

2152 3537 2173 3564 ιι
2208 3518 2293 3567 Ἐν
2352 3518 2510 3587 γενεᾷ
2565 3518 2761 3588 γενεῶν
2818 3515 2887 3568 τά
2940 3510 3036 3585 ἐτη
3097 3535 3214 3571 σου.
3253 3539 3280 3567 ››
3330 3547 3400 3558 —-
3457 3513 3726 3593 Παρέλκει

2072 3605 2142 3676 τῇ
2200 3606 2506 3678 προσευχῇ
2547 3603 2638 3657 καὶ
2698 3601 2941 3679 ὸόγματα
2995 3603 3087 3657 καὶ
3141 3603 3319 3680 γενεὰν
3383 3604 3477 3678 μὲν
3536 3607 3730 3679 γενεῶν

2074 3690 2136 3744 τὸ
2168 3690 2250 3746 ἀεί
2282 3711 2468 3766 φησιν,
2501 3687 2593 3761 ἔτη
2631 3687 2689 3744 δὲ
2716 3690 2807 3744 καὶ
2837 3694 2933 3744 τοῦ
2965 3690 3100 3745 εἶναι
3121 3691 3443 3766 παράτασιν.

2148 3803 2177 3831 ‹‹
2210 3781 2335 3836 Κατ’
2383 3779 2559 3854 ἀρχάς
2612 3778 2696 3850 σὺ,
2732 3778 2912 3854 Κύριε,
2945 3781 3050 3853 ,την
3105 3787 3210 3854 γῆν
3272 3778 3662 3853 ἐθεμελίωσας.
3700 3803 3731 3832 ››

2075 3900 2144 3910 —-
2169 3865 2418 3942 Ἑδραίαν
2452 3867 2735 3936 ἐποίησας.

2147 3981 2176 4008 ‹‹
2209 3957 2307 4012 Καὶ
2340 3955 2472 4034 ἔργα
2497 3961 2607 4011 τῶν
2641 3960 2842 4032 χειρῶν
2875 3955 2972 4011 σού
3023 3955 3155 4011 εἰσιν
3205 3957 3258 4011 οἱ
3304 3955 3545 4030 οὐρανοί.
3591 3980 3619 4008 ››
3663 3989 3734 4000 --

2075 4049 2181 4115 Τῆς
2235 4045 2588 4120 ἐνεργητικῆς
2646 4067 2740 4100 σου
2800 4042 3083 4117 δυνάμεως
3126 4048 3411 4119 ποιήματα
3442 4047 3471 4101 ὁ
3501 4045 3731 4119 οὐρανὸς

2073 4134 2165 4190 καὶ
2192 4134 2256 4189 16
2283 4133 2588 4211 στερέωμα.

2150 4246 2178 4275 ιι
2209 4221 2375 4278 Αὐτοὶ
2406 4220 2542 4278 ἀπολ
2556 4226 2760 4280 οῦνται.
2792 4247 2822 4274 ››
2851 4257 2920 4266 -
2952 4222 3375 4297 Ἀλλοιούμενοι
3433 4223 3510 4286 ὡς
3563 4225 3733 4295 ποιή-

2080 4332 2240 4386 ματα.

2153 4425 2174 4452 ι
2212 4399 2288 4455 Σὺ
2344 4397 2403 4455 δε
2447 4397 2742 4473 διαμένεις.
2777 4424 2808 4452 ››
2838 4432 2908 4443 —-
2967 4398 3375 4463 Ἀναλλοίωτος
3434 4400 3508 4463 ὠς
3564 4421 3731 4473 ποιη-

2072 4491 2195 4560 τής.

2147 4579 2304 4632 «Καὶ
2359 4576 2556 4642 πάντες
2617 4578 2692 4641 ὡς
2747 4579 2967 4652 ἱμάτιον
3026 4576 3533 4650 παλαιωθήσονται.
3569 4603 3598 4632 ››
3658 4612 3729 4625 -ιο

1995 4691 2042 4756 D
2075 4667 2537 4744 Ἐφερμηνευτικά
2589 4672 2757 4723 ταῦτα
2811 4672 2920 4722 τῶν
2980 4667 3283 4745 ἀνωτέρων.
3316 4674 3386 4723 Το
3417 4665 3476 4723 δὲ
3527 4667 3725 4740 ἑλίξεις

2075 4756 2191 4811 ἀντὶ
2238 4761 2335 4811 τοῦ
2383 4754 2678 4828 συστελεῖς,
2711 4755 3119 4820 παλαιωθέντας
3171 4755 3449 4830 δηλονότι,
3493 4758 3585 4812 καὶ
3635 4779 3726 4832 με-

2070 4848 2389 4915 ταποιήσεις
2419 4847 2555 4922 πρὸς
2587 4846 2901 4916 καινότητα.

2145 4960 2173 4986 ‹‹
2208 4937 2269 4987 Οἱ
2298 4936 2406 4989 υἱοὶ
2435 4940 2542 4990 τῶν
2577 4933 2788 4990 δούλων
2821 4957 2917 4990 σου
2948 4936 3484 5007 κατασκηνώσουσιν.
3515 4960 3542 4985 ››
3565 4968 3632 4976 —
3662 4935 3726 4989 Οἱ

2073 5023 2183 5078 υἱοὶ
2212 5028 2320 5078 τῶν
2351 5023 2672 5080 ἀποστόλων
2705 5025 3213 5095 κατασκηνώσουσιν
3273 5023 3324 5080 ἐν
3377 5028 3448 5098 τῇ
3494 5021 3731 5094 Ἐκκλη-

2073 5113 2183 5184 σίᾳ.
2217 5114 2315 5168 Καὶ
2369 5114 2432 5169 τὸ
2486 5115 2702 5190 σπέρμα
2753 5113 2953 5182 αὐτῶν,
3011 5112 3138 5183 ἤτοι
3194 5115 3256 5168 τὸ
3304 5115 3568 5190 κήρυγμα
3596 5111 3728 5167 αίω-

2070 5201 2197 5264 νίως
2232 5205 2562 5274 κατευθυνθή
2572 5224 2716 5258 σεται
2749 5200 3128 5276 εὐοδούμενον.

2668 5329 2970 5384 ΨΔΛΜΟΣ
3023 5329 3138 5384 ΡΒ’.

2144 5440 2173 5467 ‹‹
2208 5413 2442 5490 Ψαλμὸς
2496 5421 2575 5488 τῷ
2633 5411 2821 5472 Δαϐίδ.
2857 5439 2885 5467 ››
2917 5449 2986 5463 -‹
3014 5417 3101 5487 Τῷ
3160 5415 3345 5492 Κυρίῳ
3397 5415 3724 5492 εὐχαριστή-

2075 5525 2210 5580 ριος.

2146 5618 2174 5646 ‹‹
2206 5592 2458 5669 Εὐλόγει,
2485 5597 2520 5664 ἡ
2551 5595 2702 5669 ψυχή
2759 5615 2886 5667 μου,
2915 5593 3006 5648 τὸν
3055 5594 3272 5669 Κύριον,
3304 5595 3394 5650 καὶ
3441 5593 3614 5650 πάντα
3657 5595 3726 5648 τά

2072 5681 2216 5746 ἐντός
2273 5704 2377 5756 μου
2427 5683 2490 5738 τὸ
2543 5679 2723 5756 ὄνομα
2793 5683 2857 5738 τὸ
2932 5684 3082 5759 ἅγιον
3142 5683 3327 5740 αὐτοῦ’
3390 5682 3629 5758 εὐλόγει,
3687 5686 3724 5752 ἡ

2072 5775 2222 5850 ψυχή
2261 5794 2388 5847 μου,
2419 5774 2510 5828 τὸν
2539 5773 2758 5849 Κύριον,
2791 5773 2879 5828 καὶ
2911 5773 3082 5828 πάντα
3112 5775 3176 5828 τὰ
3217 5773 3365 5837 ἐντός
3419 5796 3546 5849 μου.
3585 5798 3605 5825 υ
3653 5805 3723 5815 -·
