4066 6470
338 421 493 486 1557

1558 416 1978 482 EXPOSITIO
2021 415 2100 478 IN
2142 415 2536 481 PSALMOS.

3601 415 3760 480 1558

337 550 797 633 περιτραπήσεταί
844 573 997 626 ποτε,
1050 551 1096 608 εἰ
1134 549 1224 608 καὶ
1263 549 1677 622 νσαλευθήσεται,
1711 549 1834 606 οὕτε
1880 551 1986 623 μὴν
2018 556 2072 622 Α
2105 554 2249 603 σῖτον
2312 547 2476 626 ἄρτου
2533 547 2842 620 ποιητικὸν,
2903 541 2992 602 καὶ
3050 537 3214 604 πάλιν
3273 543 3571 610 ἀσυνδέτως
3623 547 3761 605 ὥστε

337 651 438 714 τῆς
469 642 605 699 κατᾶ
631 643 693 698 τὸ
719 641 878 718 μέσον
912 642 1100 719 χώρας
1134 642 1567 713 μετατεθήσεται.

413 774 443 804 ι(
475 746 745 812 Ἀϐυσσος
800 751 874 812 ὡς
926 747 1140 823 ἱμάτιον
1199 749 1261 803 τὸ
1317 743 1668 822 περιϐόλαιον
1729 746 1919 816 αὐτῆς.
1962 770 1992 797 ››

338 871 412 884 -
440 840 661 908 Πλῆθος
693 836 897 894 ὑδάτων
942 840 1123 915 ὤσπερ
1175 835 1397 910 ἔνδυμα,
1448 839 1484 906 ἡ
1525 830 1796 913 περιϐολὴ
1829 835 1993 890 αὐτοῦ

339 933 437 984 τοῦ
469 928 766 1004 στοιχείου,
797 925 968 1002 ἤγουν
1016 928 1117 996 τῆς
1165 933 1288 1003 γῆς·
1343 927 1370 980 ὁ
1401 927 1507 1001 γὰρ
1561 924 1794 987 ὠκεανὸς
1841 924 1992 1000 περί-

339 1038 510 1074 κειται
568 1017 906 1094 πανταχόθεν
955 1016 1092 1091 αύτῇ
1121 1063 1137 1089 ,
1195 1015 1286 1070 καὶ
1365 1014 1545 1090 ὥσπερ
1604 1022 1766 1084 νῆσος
1823 1011 1991 1069 ἔνεστι

337 1105 523 1181 τούτῳ
556 1108 590 1177 ἡ
623 1114 719 1183 γῆ.

413 1219 443 1248 ‹‹
487 1195 610 1252 Ἐπὶ
663 1200 772 1252 τῶν
829 1195 999 1270 ὀρέων
1050 1197 1301 1266 στήσεται
1357 1191 1542 1250 ὕδατα.
1603 1217 1630 1244 ››
1699 1224 1769 1235 ——
1826 1191 1990 1262 Δίκην

338 1283 445 1341 τῶν
506 1285 713 1361 βουνῶν
771 1283 1069 1356 ἆνάστησον
1124 1289 1226 1353 τῆς
1285 1281 1560 1352 θαλάσσης
1620 1281 1834 1360 κύματα
1868 1302 1991 1355 μετ-

341 1373 699 1450 εωριζόμενα.

416 1481 440 1513 ι
473 1463 614 1518 ’.Από
662 1460 1034 1537 έπιτιμήσεώς
1108 1483 1203 1516 σου
1261 1459 1583 1540 φεύξονται.
1637 1485 1666 1513 r.
1728 1492 1796 1502 —
1856 1458 1991 1516 Ἀπὸ

336 1553 438 1620 τῆς
487 1558 588 1622 σῆς
638 1549 873 1630 σφοδρᾶς
916 1550 1218 1614 κελεύσεως
1263 1551 1338 1614 εἰς
1384 1549 1628 1605 τούπίσω
1683 1551 1992 1625 τραπήσον-

337 1659 449 1698 ται.

410 1753 438 1781 ‹‹
473 1729 609 1787 Ἀπὸ
667 1736 854 1808 φωνῆς
899 1731 1132 1806 βροντῆς
1191 1751 1287 1785 σου
1344 1727 1696 1785 δειλιάσουσι.
1750 1751 1780 1779 ››
1808 1759 1874 1770 -
1920 1726 1990 1781 Τὸ

335 1817 577 1874 αἰτιατὸν
627 1819 770 1875 εἶπεν
829 1819 946 1874 ἀντὶ
1021 1824 1120 1875 τοῦ
1175 1819 1352 1875 αἰτίου
1387 1838 1400 1851 ·
1462 1817 1521 1872 ἐκ
1573 1818 1678 1893 γὰρ
1735 1820 1833 1872 τοῦ
1887 1817 1987 1885 τὴν

334 1907 522 1986 φωνὴν
582 1907 707 1977 ἤτοι
763 1909 855 1964 τὸν
914 1908 1088 1988 ψόφον
1137 1914 1247 1978 τῆς
1320 1910 1554 1982 βροντῆς
1631 1904 1747 1977 θείᾳ
1812 1903 1988 1959 νεύσει

332 2000 619 2059 ποιοῦντος
670 1996 982 2070 πνεύματος
1026 1997 1216 2052 καὶτὰ
1260 1993 1428 2051 ὕδατα
1454 1995 1643 2073 τρέμει
1683 1993 1773 2049 καὶ
1805 1993 1992 2070 στερεά

331 2083 422 2139 καὶ
480 2086 733 2160 σώματος
805 2083 1081 2149 πολλάκις
1163 2083 1427 2142 διίσταται
1481 2088 1579 2140 τοῦ
1651 2081 1993 2154 δηλωθέντος

332 2173 637 2247 πνεύματος
664 2174 1071 2250 προσπίπτονΟς
1120 2175 1326 2236 αὐτοῖς.
1376 2174 1476 2228 Τὸν
1523 2172 1731 2249 τρόμον
1783 2168 1842 2227 δὲ
1881 2175 1990 2225 τῶν

335 2260 542 2318 ὑδάτων
571 2261 777 2320 δειλίαν
805 2263 1079 2321 ἐκάλεσεν.

411 2374 439 2404 α
499 2347 905 2409 Ἀναϐαίνουσιν
982 2348 1083 2429 ὅρη
1121 2399 1135 2425 ,
1213 2352 1302 2408 καὶ
1375 2347 1755 2409 καταϐαίνουσι
1836 2348 1994 2406 πεδία

338 2438 416 2503 εἷς
470 2441 563 2496 τὸν
622 2441 790 2498 τόπον
845 2443 902 2498 ὃν
961 2441 1326 2516 ἐθεμελίωσας
1374 2441 1528 2499 αὐτά.
1561 2465 1590 2494 ››
1639 2473 1710 2484 -
1739 2435 1992 2496 ’Δναϐαί-

335 2547 484 2584 νουσι
540 2529 608 2585 τὰ
657 2529 825 2586 ὕδατα
880 2532 955 2594 ὡς
1014 2533 1161 2609 ὁρμῇ
1222 2530 1521 2606 ὑψούμενα,
1580 2529 1670 2585 καὶ
1734 2523 1992 2584 καταϐαί-

338 2637 522 2673 νουσιν
547 2619 622 2682 ὡς
652 2618 811 2676 πεδία
833 2620 1251 2694 ταπεινούμενα,
1273 2620 1348 2683 εἷς
1369 2620 1463 2674 τὸν
1483 2619 1648 2675 τόπον
1674 2619 1731 2674 ’ὸν
1753 2616 1994 2695 ἥδρασας

339 2704 524 2770 αὐτοῖς
560 2752 575 2779 ,
633 2705 760 2778 ἤτοι
839 2709 891 2764 ἐν
964 2714 1084 2773 ταῖς
1159 2708 1558 2789 ἀφορισθείσαις
1626 2711 1696 2782 τῇ
1754 2706 1994 2781 θαλάσσῃ

335 2795 624 2868 κοιλότησι
655 2805 757 2869 τῆς
789 2806 916 2874 γῆς.

413 2907 438 2939 ι
472 2888 661 2964 Ὅριον
717 2886 843 2952 ἔθου
891 2888 921 2943 ’ὀ
972 2887 1033 2942 ού
1082 2885 1469 2964 παρεΑεύσεται
1505 2931 1518 2955 ,
1575 2883 1702 2941 οὐδὲ
1748 2884 1992 2962 ἐπιστρέ-

338 2994 498 3052 φουσι
555 2973 794 3050 καλύψαι
841 2978 940 3046 τὴν
987 2983 1114 3052 γῆν.
1148 2998 1177 3028 »
1211 3008 1278 3018 —
1306 2976 1377 3030 Τὸ
1425 2976 1528 3049 γὰρ
1584 2974 1858 3051 ὀροθὲσιον
1893 2980 1992 3043 τῆς

339 3062 616 3136 θαλάσσης
674 3064 736 3119 ού
791 3064 1217 3140 παρελεύσονται
1272 3065 1341 3120 τὰ
1393 3062 1562 3119 ὕδατα
1613 3063 1837 3134 ταύτης,
1881 3061 1994 3117 οὐδ’

330 3151 848 3231 ἐπιστραφήσονται,
881 3153 1001 3218 ὅθεν
1057 3154 1175 3208 κατ’
1207 3154 1385 3230 ἀρχὰς
1416 3153 1804 3228 ὑπεχώρησαν,
1856 3146 1994 3208 ὥστε

332 3239 498 3296 πάλιν
528 3240 771 3316 καλύψαι
799 3243 898 3311 τήν
936 3249 1060 3318 γῆν,
1109 3241 1250 3306 καθὰ
1288 3241 1490 3311 ταύτην
1536 3240 1836 3296 ἐκάλυπτον
1883 3241 1991 3318 πρὸ

328 3332 430 3382 τοῦ
459 3332 791 3405 συναχθῆναι
823 3330 899 3393 εἷς
928 3331 1024 3393 τὰς
1056 3329 1368 3408 συναγωγὰς
1413 3329 1586 3386 αὐτῶν
1636 3329 1726 3384 καὶ
1759 3329 1988 3408 ὀφθῆναι

330 3416 431 3486 τὴν
464 3418 651 3491 ξηράν·

405 3512 720 3564 «Ποτιοῦσι
777 3510 952 3564 πάντα
1006 3509 1072 3563 τὸ.
1125 3509 1288 3583 θηρία
1341 3512 1438 3563 τοῦ
1495 3507 1696 3584 ἀγροῦ·
1759 3505 1989 3584 προσδέ-

333 3595 510 3666 ξονται
539 3592 756 3673 ὅναγροι
787 3598 863 3660 είς
891 3595 1050 3673 δίψαν
1075 3597 1273 3653 αὐτῶν.
1312 3621 1338 3648 ››
1370 3629 1440 3640 σα-
1481 3592 1904 3672 Προσλάϐωνται
1937 3597 1991 3652 οἱ

333 3683 554 3763 ὅναγροι
603 3687 672 3742 τὰ
717 3684 904 3756 ὕδατα,
955 3685 1078 3743 ὅταν
1135 3685 1354 3762 διψῶσι.
1407 3683 1649 3760 Διψῶδες
1701 3683 1757 3740 δὲ
1789 3690 1926 3755 ζῶον
1961 3687 1989 3741 6

329 3769 582 3851 ὅναγρος,
615 3776 692 3840 ὡς
717 3776 1043 3854 κατάξηρον.

405 3883 434 3916 α
464 3865 580 3918 Ἐπ’
605 3864 742 3920 αὐτὰ
768 3866 836 3920 τὰ
866 3865 1085 3921 πετεινὰ
1109 3869 1209 3921 τοῦ
1239 3866 1470 3939 ούρανοῦ
1500 3865 1927 3934 κατασκηνώσει.
1959 3888 1987 3915 ››

329 3983 399 3994 -
427 3951 540 4006 Ἐπ’
587 3952 723 4008 αὐτὰ
765 3953 831 4008 τὰ
876 3951 1066 4026 ὕδατα,
1115 3955 1359 4010 τουτέστι
1416 3954 1565 4030 παρὰ
1615 3957 1734 4015 ταῖς
1791 3947 1987 4028 ὄχθαις

339 4037 537 4112 αὐτῶν,
567 4040 636 4095 τὰ
665 4037 902 4118 φίλυδρα
931 4043 1200 4114 σκηνώσει
1226 4047 1336 4099 τῶν
1365 4041 1589 4118 ὀρνέων.

403 4169 432 4198 ‹‹
465 4147 560 4202 Ἐκ
591 4145 758 4220 μέσου
804 4151 912 4203 τῶν
962 4152 1174 4225 πετρῶν
1221 4147 1455 4205 δώσουσι
1505 4152 1712 4228 φωνήν.
1757 4174 1786 4203 ››
1815 4183 1886 4194 —-
1913 4150 1988 4203 Τὰ

328 4231 498 4291 ὕδατα
546 4233 808 4305 δηλονότι
859 4237 993 4310 μετὰ
1041 4236 1220 4313 ῥύμης
1279 4237 1369 4293 καὶ
1415 4235 1566 4314 ἤχου
1613 4243 1721 4294 τῶν
1772 4243 1982 4315 πετρῶν

325 4323 519 4402 ἐξερχό
528 4345 658 4400 μενα
667 4367 679 4379 .

404 4439 426 4466 ι
454 4415 700 4484 Ποτίζων
763 4409 864 4492 ὄρη
924 4413 983 4470 ἐκ
1037 4419 1145 4470 τῶν
1208 4415 1467 4491 ὑπερῴων
1514 4415 1700 4472 αὐτοῦ.
1733 4441 1761 4467 ››
1794 4450 1861 4460 -
1891 4418 1986 4472 Ἐκ

324 4505 433 4557 τῶν
483 4500 742 4582 νεφελῶν.
780 4503 844 4558 Εἰ
896 4500 953 4558 δὲ
999 4503 1067 4558 τὰ
1115 4497 1218 4579 ὅρη
1268 4502 1602 4576 ποτίζονται,
1651 4505 1741 4559 καὶ
1776 4509 1978 4575 πᾶσαὴ

325 4598 396 4667 γῆ
433 4589 669 4663 δηλαδή.
706 4591 928 4668 Ἐπάγει
960 4590 1019 4649 δὲ
1047 4592 1136 4648 καὶ
1164 4594 1264 4662 τήν
1296 4593 1484 4669 χρείαν
1516 4597 1624 4649 τῶν
1674 4595 1862 4665 ὑετῶν,
1898 4596 1981 4650 ὅτι

2103 636 2386 716 φαιδρῦναι
2437 638 2730 715 πρόσωπον
2785 638 3071 713 ἀνθρώπου
3121 635 3170 692 ἐν
3225 635 3431 710 ἐλαίῳο
3483 642 3642 694 τοῦτο
3703 636 3762 695 δὲ

2100 727 2236 782 κατὰ
2289 735 2488 803 χρῆσιν
2551 727 2803 804 ἀρχαίαν’
2867 727 3086 790 εἰώθασι
3146 727 3250 802 γὰρ
3309 728 3360 781 οἱ
3412 725 3640 782 παλαιοὶ
3668 729 3759 783 καὶ

2099 817 2198 885 τήν
2257 816 2498 894 κεφαλὴν
2549 815 2638 871 καὶ
2687 817 2749 871 τὸ
2799 815 3089 890 πρόσωπον
3141 814 3381 893 ἀλείφειν
3428 815 3618 890 ἐλαίῳ.
3656 817 3758 875 Καὶ

2103 907 2130 961 6
2163 907 2311 968 οἶνος
2345 902 2422 972 δὲ,
2456 905 2640 984 φησὶν,
2690 903 2749 959 ἐκ
2790 912 2894 980 γῆς
2946 901 3044 972 ὣν,
3097 904 3370 982 εὐφραίνει
3419 903 3638 982 καρδίαν
3673 908 3761 962 ἆν-

2101 996 2344 1070 θρώπου,
2375 994 2464 1050 καὶ
2496 995 2524 1048 ὁ
2575 991 2735 1068 ἄρτος
2781 993 2841 1049 ἐκ
2887 1000 2988 1071 γῆς
3040 990 3112 1047 ὢν
3164 991 3368 1067 δυαμοῖ
3403 994 3502 1063 τήν
3533 1000 3629 1049 τοῦ
3664 995 3756 1051 ἀν-

2101 1084 2323 1161 θρώπου
2353 1080 2599 1159 καρδίαν.

2173 1215 2202 1242 ‹‹
2233 1192 2700 1267 Χορτασθήσονται
2746 1191 2814 1244 τὰ
2861 1187 2997 1260 ξύλα
3043 1193 3140 1244 τοῦ
3188 1187 3402 1245 πεδίου.
3453 1212 3482 1243 ››
3512 1221 3582 1232 —-
3628 1191 3758 1266 Ἀρ-

2104 1277 2247 1342 δείας
2295 1278 2705 1351 πλησθήσονται
2746 1279 2920 1334 πάντα
2963 1279 3031 1334 τὰ
3078 1279 3218 1357 φυτὰ
3265 1279 3355 1334 καὶ
3423 1276 3616 1353 δένδρα
3654 1286 3757 1350 τῆς

2100 1375 2226 1446 γῆς.

2178 1480 2201 1510 ι
2236 1459 2304 1513 Αἱ
2351 1455 2534 1532 κέδροι
2581 1463 2679 1513 τοῦ
2723 1452 2981 1529 Λιϐάνου,
3029 1457 3089 1520 ἃς
3139 1457 3449 1536 ἐφύτευσας.
3485 1481 3514 1510 ››
3543 1491 3614 1502 --
3660 1457 3760 1514 Διὰ

2098 1552 2201 1602 τοῦ
2231 1541 2468 1602 Λιϐάνου
2501 1547 2589 1603 καὶ
2619 1551 2729 1602 τῶν
2759 1546 2810 1602 ἐν
2861 1547 3006 1619 αύτῷ
3054 1544 3288 1622 δένδρων
3339 1547 3428 1602 καὶ
3473 1547 3542 1603 τὰ
3590 1547 3760 1603 λοιπὰ

2101 1633 2410 1708 δεδήλωκεν
2443 1633 2543 1714 ὅρη
2581 1637 2670 1692 καὶ
2703 1633 2912 1713 δένδρα.
2959 1638 3030 1692 Τὸ
3078 1635 3365 1712 ἐφύτευσας
3415 1634 3473 1692 δὲ
3514 1636 3631 1692 ἀντὶ
3659 1641 3757 1692 τοῦ

2100 1725 2300 1796 ἀνῆκας
2329 1728 2732 1803 προστάγματι.

2176 1837 2204 1868 ι(
2236 1816 2380 1870 Ἐκεῖ
2429 1815 2685 1892 στρουθία
2732 1814 3154 1872 έννοσσεύσουσι.
3204 1838 3233 1868 »
3276 1846 3346 1858 —-
3375 1815 3461 1870 ’Ev
3507 1819 3630 1877 τοῖς
3659 1836 3757 1894 φυ-

2021 1933 2068 1998 B
2097 1907 2214 1998 τοῖς
2247 1901 2515 1998 δένδροιςΞ
2624 1910 2744 1968 ταῖς
2777 1902 3031 1998 ⁸κέδροις·
3065 1901 3156 1959 διὰ
3203 1901 3260 1958 δὲ
3306 1908 3413 1958 τῶν
3457 1903 3753 1980 στρουθίων

2101 1992 2192 2048 καὶ
2221 1990 2401 2050 τάλλα
2432 1991 2742 2065 δεδήλωκεν
2774 1990 2951 2069 ὄρνεα.

2175 2105 2204 2135 ‹‹
2237 2088 2342 2138 Τοῦ
2372 2081 2605 2160 ἐρωδιοῦ
2633 2082 2884 2139 κατοικία
2929 2085 3142 2160 ἡγεῖται
3190 2082 3390 2138 αὐτῶν.
3425 2105 3454 2133 ››
3484 2115 3553 2124 -
3587 2082 3758 2159 Ἐρω-

2105 2167 2222 2234 διὸς
2253 2169 2397 2234 εἶδος
2433 2172 2622 2250 ὀρνέου
2651 2172 2958 2251 πηγνύντος
2985 2173 3209 2247 πρώτου
3239 2172 3339 2241 τήν
3373 2170 3588 2228 καλιάν.

2183 2283 2374 2355 «Ὅρη
2433 2279 2500 2334 τὰ
2547 2278 2735 2354 ὑψηλὰ
2789 2284 2906 2343 τοῖς
2940 2278 3182 2358 ἐλάφοις,
3251 2278 3422 2355 πέτρα
3477 2279 3760 2355 καταφυγὴ

2101 2372 2220 2429 τοῖς
2277 2367 2757 2445 χοιρογρυλλίοις.
2799 2370 3028 2423 ι-Τὰ
3090 2369 3183 2442 μὲν
3243 2367 3351 2442 ὕψη
3411 2370 3518 2423 τῶν
3589 2365 3760 2443 ὀρέων

2103 2459 2381 2534 καταφυγὴ
2431 2463 2552 2520 ταῖς
2602 2457 2826 2536 ἐλάφοις
2881 2459 2984 2513 ὑπὸ
3031 2461 3130 2527 τῆς
3181 2456 3450 2531 Προνοίας
3485 2456 3760 2532 γεγόνασί

2104 2543 2221 2600 αἰδὲ
2248 2550 2355 2600 τῶν
2380 2551 2589 2623 πετρῶν
2621 2544 2938 2610 καταδύσεις
2968 2552 3087 2610 τοῖς
3119 2546 3384 2622 λαγωοῖς.

2177 2653 2500 2723 «Ἐποίησε
2549 2654 2786 2725 σελήνην
2835 2654 2911 2716 εἱς
2960 2652 3205 2729 καιρούς.
3240 2677 3267 2704 ››
3319 2651 3553 2729 Καιροὺς
3606 2650 3762 2728 λέγοι

2105 2739 2165 2795 ἂν
2224 2740 2351 2804 τοὺς
2410 2750 2509 2812 τῆς
2569 2743 2800 2805 νυκτός⁶
2859 2744 2894 2812 ἤ
2956 2742 3038 2798 ὅτι
3098 2741 3188 2797 διὰ
3242 2743 3342 2810 τὴν
3395 2746 3505 2796 τῶν
3558 2745 3764 2817 καιρῶν

2104 2827 2457 2887 διδασκαλίαν
2489 2834 2524 2902 ἠ
2557 2829 2760 2903 σελήνη
2811 2832 3118 2909 γεγένηται·
3173 2828 3262 2886 διὰ
3305 2832 3407 2908 γὰρ
3449 2835 3559 2885 τῶν
3593 2830 3761 2900 αὐτῆς

2104 2918 2377 2993 αύξήσεων
2409 2921 2498 2976 καὶ
2533 2921 2810 2995 μειώσεων
2840 2923 2892 2976 οἱ
2927 2928 3094 2995 μῆνες
3130 2924 3475 2997 μετροῦνται,
3521 2917 3611 2974 διὰ
3650 2924 3756 2975 τῶν

2109 3013 2292 3082 μηνῶν
2321 3010 2349 3065 6
2378 3009 2593 3084 σύμπας
2623 3009 2886 3073 ἐνιαυτός.

2177 3119 2206 3149 ‹‹
2237 3103 2291 3152 '0
2321 3096 2484 3168 ἠλιος
2518 3098 2656 3176 ἔγνω
2683 3101 2783 3169 τήν
2810 3098 2958 3154 δύσιν
2993 3098 3179 3156 αὐτοῦ.
3241 3130 3308 3141 —
3346 3103 3653 3175 Μεταφορι-

2102 3206 2212 3266 κῶς
2245 3201 2493 3276 ἐδήλωσε
2540 3206 2640 3275 τὴν
2690 3201 2938 3282 εὔκαιρον
2986 3209 3084 3260 τοῦ
3130 3202 3298 3276 ἡλίου
3349 3203 3481 3280 ὑπὲρ
3527 3209 3630 3279 γῆν
3658 3224 3759 3258 πο-

2021 3299 2064 3366 C
2103 3291 2244 3367 ρείαν
2277 3293 2502 3365 καζὺπὸ
2532 3300 2654 3368 γῆν.

2174 3405 2203 3433 ‹‹
2234 3383 2399 3446 Ἕθου
2458 3383 2648 3446 σκότος
2683 3428 2696 3454 ,
2756 3383 2846 3439 καὶ
2893 3381 3099 3460 ἐγένετο
3156 3381 3271 3454 νύξ.
3329 3406 3350 3432 ι
3414 3413 3483 3425 —-
3536 3384 3760 3459 ’Ὠρισας

2101 3469 2292 3533 σκότος
2324 3477 2633 3550 παρυφιστᾷ
2681 3473 3107 3548 ὑποχωροῦντος
3154 3475 3253 3526 τοῦ
3282 3467 3520 3540 ἡλιακοῦ
3558 3471 3762 3548 φωτὸς,

2098 3558 2188 3613 καὶ
2226 3559 2289 3614 τὸ
2312 3565 2560 3616 τοιοῦτον
2590 3561 2782 3624 σκότος
2816 3559 3038 3616 ἐκάλεσε
3059 3561 3277 3622 νύκτας.

2172 3689 2200 3718 ‹‹
2237 3665 2475 3740 Σκύμνοι
2537 3667 2843 3742 ὠρυόμενοι
2912 3673 3010 3722 τοῦ
3082 3667 3320 3744 ἀρπάσαι
3371 3664 3462 3720 καί
3531 3669 3761 3737 ζητῆσαι

2099 3755 2351 3832 παράτῷ
2380 3756 2498 3830 Θεῷ
2544 3759 2742 3834 βρῶσιν
2787 3757 2992 3820 αὐτοῖς.
3049 3781 3069 3808 ιι
3123 3789 3193 3799 --·
3245 3756 3345 3810 Διά
3388 3759 3549 3810 τοῦτο
3598 3751 3758 3826 δεδή-

2101 3842 2274 3899 λωκεν
2309 3844 2394 3900 ὅτι
2423 3847 2513 3900 καὶ
2542 3851 2660 3908 τοῖς
2693 3847 2907 3923 θηρίοις
2937 3849 2972 3915 ἡ
3007 3845 3245 3921 Πρόνοια
3273 3844 3504 3919 παρέχει
3547 3845 3754 3921 τροφήν

2097 3933 2168 3987 Τὸ
2199 3931 2258 3988 δὲ
2281 3935 2427 4008 παρὰ
2453 3939 2532 4006 τῷ
2564 3939 2680 4007 Θεῷ
2708 3934 2824 3989 ἀντὶ
2873 3938 2970 3989 τοῦ
3017 3933 3172 4010 ππρὰ
3215 3937 3313 3987 τοῦ
3365 3935 3500 3986 Θεοῦ
3542 3931 3579 4000 ἢ
3609 3933 3757 4008 παρᾶ

2095 4025 2176 4093 τῷ
2207 4026 2322 4094 Θεῷ
2353 4019 2532 4079 οὖσαν.

2171 4132 2201 4162 ‹‹
2231 4111 2562 4188 Ἐπληρώθη
2596 4115 2632 4183 ἡ
2659 4119 2730 4187 γῆ
2781 4118 2883 4182 τῆς
2928 4109 3158 4173 κτίσεως
3207 4130 3325 4167 σου.
3359 4131 3389 4160 ››
3418 4141 3487 4150 -
3517 4106 3753 4184 Πλήρης

2094 4197 2185 4252 καὶ
2212 4201 2247 4269 ἡ
2277 4202 2353 4274 γῆ
2379 4199 2469 4254 καὶ
2499 4202 2534 4270 ἡ
2565 4199 2806 4257 θάλασσα
2835 4204 2940 4254 σῶν
2973 4197 3308 4273 κτισμάτων.

2167 4307 2450 4380 «Δράκων
2511 4307 2693 4375 οὗτος,
2744 4308 2802 4362 ὃν
2859 4301 3098 4369 ἔπλασας
3154 4303 3436 4379 ἐμπαίζειν
3490 4302 3659 4377 αύτῷ.
3723 4326 3753 4356 ››

2095 4427 2162 4437 -
2203 4396 2478 4471 Δράκοντα
2531 4397 2592 4452 τὸ
2650 4396 2817 4466 κὴτός
2867 4417 3027 4475 φησιν
3090 4395 3164 4458 ὡς
3225 4394 3276 4449 έν
3334 4399 3452 4456 τοῖς
3513 4391 3752 4455 έναλίοις

2095 4483 2454 4561 ὑπερμέγεθες
2490 4529 2504 4555 ,
2557 4485 2737 4562 ὥσπερ
2796 4485 2847 4539 ἐν
2905 4490 3022 4546 τοῖς
3081 4482 3363 4560 χερσαίοις
3417 4483 3445 4536 ὁ
3515 4479 3748 4558 δράκων.

2089 4577 2260 4628 Τοῦτο
2294 4571 2440 4628 δὲτὸ
2467 4581 2655 4644 κῆτος,
2707 4575 2888 4652 φησὶν,
2940 4570 3151 4634 ἔκτισας
3178 4571 3452 4646 ένσκιρτᾷν
3486 4570 3539 4626 έν
3581 4569 3751 4642 αὐτῷ,

321 4678 415 4736 διὰ
453 4683 554 4751 τήν
596 4683 806 4759 τροφήν
859 4682 1010 4738 οὗτοι
1062 4687 1168 4736 τῶν
1220 4682 1542 4759 ἀνθρώπων,
1587 4683 1676 4738 καὶ
1724 4685 1822 4752 τήν
1869 4689 1976 4739 τῶν
2011 4671 2058 4735 D
2092 4657 2351 4759 δηλοξεξτι
2381 4668 2461 4734 τῷ
2492 4661 2667 4759 δῑδατι·

327 4769 481 4839 ζώων
511 4771 708 4844 νομήν.

396 4879 428 4909 ‹‹
454 4857 594 4915 ’Δπὸ
640 4863 852 4935 καρποῦ
906 4862 1015 4916 τῶν
1066 4855 1241 4934 ἔργων
1302 4880 1397 4913 σου
1454 4863 1886 4936 χορτασθήσεται
1938 4863 1974 4931 ἡ

322 4947 416 5018 γῇ.
451 4967 482 4996 ››
533 4977 606 4990 -·
659 4947 879 5024 Καρπὸς
932 4951 1038 5003 τῶν
1099 4945 1272 5023 ἔργων
1329 4952 1426 5003 τοῦ
1484 4952 1617 5004 Θεοῦ
1677 4949 1728 5004 οἱ
1775 4948 1975 5023 καρποὶ

319 5033 663 5108 σύμπαντεςο
716 5031 845 5113 ἔργα
886 5037 989 5111 γὰρ
1039 5034 1166 5106 ἤτοι
1213 5039 1499 5110 ποιήματα
1555 5042 1650 5092 τοῦ
1703 5043 1836 5093 Θεοῦ
1887 5039 1974 5093 καὶ

321 5123 358 5190 ἡ
389 5129 461 5198 γῆ
493 5123 582 5179 καὶ
610 5123 678 5179 τὰ
706 5123 842 5195 ξύλα
869 5125 960 5180 καὶ
989 5126 1057 5180 τὰ
1088 5129 1218 5196 ζῶα,
1253 5125 1370 5182 ἐπεὶ
1398 5125 1487 5182 καὶ
1520 5128 1693 5182 πάντα
1721 5129 1786 5180 τά
1828 5121 1972 5183 ὄντα.

317 5216 425 5282 Γῆν
459 5209 518 5269 δὶ
543 5209 694 5288 λέγει
723 5215 969 5285 συνήθως
1000 5213 1126 5278 τνὺς
1157 5214 1244 5270 ἐπὶ
1276 5222 1404 5291 γῆς.

387 5325 418 5354 ‹‹
446 5306 502 5358 ‘0
530 5300 899 5374 ἐξανατέλλων
948 5303 1153 5380 χόρτον
1195 5310 1314 5367 τοῖς
1361 5307 1604 5375 κτήνεσι,
1653 5305 1742 5360 καὶ
1792 5303 1972 5381 χλόην

313 5388 386 5464 τῇ
432 5385 658 5463 δουλείᾳ
706 5394 814 5447 τῶν
861 5391 1183 5466 ἀνθρώπων.
1220 5417 1250 5444 »
1293 5425 1364 5437 -—-
1415 5393 1674 5450 Δουλείαν
1723 5401 1831 5451 τῶν
1882 5396 1973 5451 ἀν-

317 5479 550 5556 θρώπων
584 5479 716 5558 φησί
744 5479 813 5535 τὰ
837 5485 957 5544 τοῖς
987 5481 1294 5558 ἀνθρώποις
1327 5479 1652 5540 δουλεύοντα
1685 5489 1812 5553 ζῶα.

395 5591 418 5620 ιι
451 5571 556 5623 Τοῦ
587 5567 860 5645 ἐξαγαγεῖν
905 5571 1067 5647 ἄρτον
1113 5570 1172 5626 ἐκ
1213 5573 1313 5640 τῆς
1362 5579 1488 5646 γῆς.
1523 5596 1550 5624 n
1596 5607 1663 5615 —
1695 5575 1817 5628 Ἐπὶ
1854 5579 1976 5630 τοῦ·

316 5676 403 5728 το,
436 5657 590 5735 φησὶ,
623 5658 832 5728 ποτίζει
861 5659 930 5714 τὰ
979 5654 1081 5734 ὅρη
1132 5660 1224 5716 καὶ
1271 5661 1372 5730 τήν
1420 5659 1599 5733 ἄλλην
1647 5669 1749 5738 γῆν
1785 5665 1812 5718 ὁ
1844 5665 1972 5726 Θεὸς

317 5749 438 5810 τοῖς
482 5746 680 5820 ὑετοῖς,
730 5746 868 5803 ὥστε
913 5748 972 5804 έκ
1017 5755 1118 5826 γῆς
1167 5748 1434 5827 ἐξαγαγεῖν
1485 5751 1574 5806 καὶ
1625 5747 1806 5829 ἄρτον,
1847 5750 1973 5822 ἤτοι

2159 4775 2189 4801 ‹‹
2224 4753 2401 4806 Πάντα
2445 4752 2582 4827 πρὸς
2643 4752 2701 4806 σὲ
2748 4749 3096 4823 προσδοκῶσι
3147 4749 3333 4806 δοῦναι
3379 4752 3477 4820 τήν
3535 4755 3746 4832 τροφὴν

2084 4838 2269 4902 αὐτοῖς
2303 4838 2568 4918 εὔκαιρον.
2602 4864 2630 4892 ››
2660 4872 2728 4883 --
2758 4841 2845 4895 Ἐν
2873 4845 3048 4916 καιρῷ
3077 4839 3290 4916 χρείας.

2161 4970 2190 4996 ‹‹
2223 4947 2418 5009 Δόντος
2452 4969 2546 5002 σου
2589 4947 2796 5017 αὐτοῖς,
2849 4944 3202 5016 συλλέξουσιν
3228 4965 3243 4978 ’
3295 4941 3604 5017 ἁνοίξαντός
3649 4966 3746 5001 σου

2083 5037 2183 5105 τὴν
2215 5042 2376 5112 χεῖρα
2404 5036 2471 5090 τὰ
2500 5035 2780 5108 σύμπαντα
2806 5033 3216 5105 πλήσθὴσονται
3277 5034 3678 5110 χρηστότητος.
3717 5057 3746 5087 ››

2085 5158 2155 5168 —-
2193 5130 2355 5201 χεῖρα
2405 5123 2554 5198 λέγει
2602 5125 2701 5193 τήν
2752 5125 2992 5201 χορηγὸν
3055 5122 3280 5197 δύναμιν
3318 5144 3330 5156 ·
3395 5123 3749 5201 χρηστότητα

2087 5212 2146 5270 δὲ
2187 5216 2287 5284 τὴν
2339 5213 2664 5289 εὐεργεσίαν.
2723 5215 2795 5268 Τὸ
2836 5214 2894 5268 δὲ
2949 5213 3274 5284 ἀνοίξαντος,
3331 5212 3449 5267 ἀντί
3499 5217 3598 5267 τοῦ
3646 5234 3747 5291 φα-

2085 5304 2440 5380 νερώσαντος.

2163 5416 2186 5447 ¢
2219 5392 2694 5470 Ἀποστρέψαντός
2751 5415 2846 5448 σου
2903 5394 2967 5448 τὸ
3023 5391 3317 5467 πρόσωπον
3365 5393 3746 5468 ταραχθήσον-

2086 5505 2193 5539 ται.
2231 5507 2259 5534 ››
2290 5515 2359 5525 -
2421 5481 2720 5558 Πρόσωπόν
2763 5503 2893 5559 φησι
2942 5483 3041 5550 τὴν
3102 5480 3436 5552 ἐπισκοπήν·
3495 5481 3743 5556 ταραχὴν

2087 5571 2145 5628 δὲ
2173 5573 2274 5642 τὴν
2308 5571 2538 5644 ἀθυμίαν
2588 5570 2678 5624 καὶ
2723 5573 2823 5639 τὴν
2878 5568 3107 5625 δειλίαν’
3167 5568 3292 5624 ὅταν
3336 5570 3440 5646 γὰρ
3485 5569 3521 5639 ἢ
3572 5571 3747 5644 θυμοῦ

2091 5663 2354 5739 βρασμὸς,
2387 5660 2422 5730 ἢ
2453 5656 2668 5714 κλύδων
2730 5659 2982 5733 ἀθυμίας,
3031 5659 3066 5728 ἢ
3111 5657 3307 5721 κλόνος
3355 5653 3528 5738 φόϐου
3565 5679 3625 5712 τε
3653 5657 3744 5715 καὶ

2089 5749 2315 5824 δειλίας,
2367 5750 2401 5820 ἢ
2452 5747 2713 5825 τρικυμία
2763 5746 3045 5825 λογισμῶν
3093 5745 3432 5826 ἀνεδράστων
3491 5747 3581 5802 καὶ
3635 5746 3741 5820 ἀμ-
