4066 6468
302 455 455 522 1561

1517 452 1935 517 EXPOSITIO
1977 451 2058 515 IN
2105 452 2492 516 PSALMOS.

3555 448 3721 514 1562

303 590 531 669 Ἰωσὴφ,
561 590 630 664 τῇ
659 584 902 665 πονηρίᾳ
927 589 1034 643 τῶν
1079 582 1329 665 ἀδελφῶν
1371 584 1447 648 εἷς
1501 583 1619 641 δέον
1669 583 1953 663 χρησάμε-
1983 587 2040 654 Α
2067 590 2184 648 τοῖς
2232 584 2403 661 ὁρίοις
2457 583 2719 642 αὐτῶν.»
2764 616 2835 629 -
2889 583 2953 639 Ἡ
3009 578 3207 655 αίθάλη
3267 581 3720 658 μετεστοιχείωτο

307 702 420 744 νος.

379 795 409 825 ‹‹
438 769 533 832 Εἰς
566 767 761 825 δοῦλον
811 766 1015 844 ἐπράθη
1071 769 1295 844 Ἰωσήφ.
1330 789 1357 819 ››
1390 800 1458 808 ——
1488 766 1643 842 Παρά
1696 767 1788 842 μὲν
1841 770 1949 821 τῶν

309 857 557 938 ἀδελφῶν
625 858 789 913 αὐτοῦ
862 862 985 919 τοῖς
1061 855 1454 929 Ἰσμαηλίταις,
1506 856 1653 932 παρά
1729 854 1785 911 δέ
1840 860 1949 910 τῶν

307 946 669 1022 Ἰσμαηλιτῶν
703 946 778 1008 εἰς
812 943 1086 1021 Αἴγυπτον
1117 943 1196 1017 τῷ
1226 948 1531 1022 Πενταφρῇ.

378 1079 408 1110 ι(
442 1053 833 1111 Ἐταπείνωσαν
888 1051 941 1107 ἐν
999 1049 1186 1115 πέδαις
1248 1050 1378 1114 τοὺς
1445 1049 1615 1114 πόδας
1700 1051 1948 1107 αὐτοῦ.»

306 1178 375 1188 -
406 1145 468 1198 Οἱ
506 1142 631 1220 περὶ
677 1143 769 1198 τὸν
826 1139 1090 1212 δεσπότην
1143 1140 1311 1195 αὐτοῦ
1355 1139 1626 1196 ἐκάκωσαν
1676 1139 1803 1202 τοὺς
1849 1140 1950 1196 πό-

306 1230 400 1296 δας
432 1232 598 1288 αὐτοῦ
628 1231 680 1287 ἐν
715 1228 954 1305 δεσμοῖς.

378 1346 406 1373 ‹‹
441 1319 676 1396 Σίδηρον
728 1316 950 1389 διῆλθεν
998 1321 1033 1389 ἡ
1075 1321 1228 1395 ψυχὴ
1280 1318 1463 1375 αὐτοῦ.
1502 1342 1531 1370 ››
1562 1352 1631 1360 —
1670 1317 1953 1373 Τουτέστιν

306 1409 490 1472 αὐτός.
550 1408 785 1484 Σίδηρον
845 1406 903 1463 δὲ
954 1407 1100 1484 λέγει
1162 1408 1254 1463 τὸν
1324 1405 1585 1483 σιδηροῦν
1644 1405 1857 1475 κλοιόν,
1915 1407 1950 1476 ἢ

303 1499 366 1554 τὸ
397 1498 546 1577 ξίφος
577 1498 607 1553 ’ὁ
646 1494 891 1576 διέφυγεν
938 1499 975 1567 ἡ
1020 1498 1172 1573 ψυχὴ
1220 1496 1384 1552 αὐτοῦ
1432 1498 1563 1573 ἄχρι
1610 1496 1811 1552 τούτου
1860 1494 1950 1551 ἐλ-

306 1590 493 1647 θοῦσα.

382 1703 411 1731 ‹‹
443 1678 629 1753 Μέχρι
656 1681 754 1732 τοῦ
784 1675 957 1732 ἐλθεῖν
988 1677 1078 1749 τρν
1108 1674 1276 1752 λόγον
1326 1675 1513 1734 αὐτοῦ.
1546 1699 1575 1727 ››
1609 1708 1676 1717 -
1704 1677 1812 1745 Τὴν
1858 1696 1953 1730 σο-

307 1767 428 1845 φίαν
460 1766 624 1822 αὐτοῦ
653 1767 769 1821 καθ’
796 1767 857 1834 ἣν
889 1762 1048 1821 ἔλυσε
1073 1764 1202 1825 τοὺς
1264 1763 1524 1839 ὀνείρους,
1556 1765 1591 1834 ἢ
1630 1765 1730 1833 τὴν
1790 1785 1953 1843 φρον-

304 1854 429 1911 τίδα
456 1857 518 1925 ἣν
548 1854 854 1933 ἐφρόντισεν
887 1854 1049 1909 αὐτοῦ
1076 1855 1104 1909 6
1130 1853 1281 1916 Θεός.

2063 675 2140 737 εἰς
2186 680 2434 737 σκνῖπας.
2480 674 2724 753 Ζωΰφιον
2774 671 2832 729 δὲ
2879 670 3257 735 κωνωποειδές
3309 672 3448 728 ἐστιν
3476 674 3504 728 6
3537 672 3721 747 σκνίψ.

2135 788 2163 817 ‹‹
2195 765 2292 820 Καὶ
2342 764 2591 841 ἐξήγαγεν
2641 763 2837 826 αὐτοὺς
2877 762 2928 818 ἐν
2983 761 3223 838 ἀργυρίῳ
3271 762 3361 817 καὶ
3408 760 3645 838 χρυσίῳ.
3683 786 3713 814 ››

2063 861 2224 909 ›-⁶Α
2273 853 2581 930 ἐχρήσαντο
2630 854 2777 929 παρά
2842 858 2951 908 τῶν
3018 852 3355 930 Αἰγυπτίων,
3402 851 3548 906 οὕτω
3614 855 3711 906 τοῦ

2060 948 2194 999 Θεοῦ
2257 941 2629 1013 κελεύσαντος,
2693 941 2832 997 ὥστε
2898 941 3219 1017 λογισθῆναι
3280 944 3450 995 ταῦτα
3523 939 3714 1014 μισθὸν

2058 1039 2160 1102 τῆς
2190 1029 2491 1094 πολυετοῦς
2525 1031 2819 1107 ὑπηρεσίας
2849 1030 3049 1088 αὐτῶν.

2134 1145 2162 1173 ‹‹
2196 1120 2294 1175 Καὶ
2352 1119 2451 1175 οὐκ
2497 1121 2564 1190 ἦν
2619 1120 2670 1174 ἐν
2719 1126 2840 1182 ταῖς
2892 1116 3091 1190 φυλαῖς
3158 1118 3331 1173 αὐτῶν
3400 1119 3657 1176 ἀσθενῶν.
3691 1142 3719 1170 ››

2062 1212 2273 1265 -Ἵνα
2323 1206 2514 1283 μηδεὶς
2567 1208 2872 1287 ὑπολειφθῇ
2925 1205 3014 1263 διά
3080 1207 3255 1264 νόσον.
3305 1211 3477 1263 Τοῦτο
3534 1203 3593 1263 δὲ
3644 1208 3720 1281 μὴ

2060 1299 2535 1374 ἀναγεγραμμένον
2580 1298 2631 1353 ἐν
2678 1302 2748 1372 τῇ
2804 1295 3007 1370 Ἐξόδῳ
3054 1297 3215 1376 φησὶν
3265 1298 3292 1351 ὁ
3342 1293 3531 1365 Δαυῗδ,
3570 1298 3718 1372 παρά

2060 1392 2157 1442 τοῦ
2211 1387 2525 1461 Πνεύματος
2584 1385 2883 1462 διδαχθεὶς,
2936 1385 3116 1462 ὥσπερ
3162 1386 3253 1441 καὶ
3305 1383 3450 1442 ἄλλα
3505 1383 3716 1444 πολλά.

2139 1503 2159 1528 α
2196 1475 2476 1555 Εὐφράνθη
2514 1474 2784 1553 Αἴγυπτος
2817 1475 2867 1531 ἐν
2899 1478 2967 1550 τῇ
3000 1472 3168 1548 ἐξόδῳ
3208 1474 3408 1532 αὐτῶν.
3444 1498 3473 1526 ››
3503 1508 3572 1518 —
3620 1474 3714 1533 Αἷ-

2061 1565 2264 1640 γυπτόν
2298 1586 2432 1643 φησι
2456 1564 2585 1628 τοὺς
2618 1562 3039 1643 ὑπολειφθέντας
3078 1563 3432 1640 Αἰγυπτίους.

2136 1679 2165 1706 ‹‹
2189 1658 2307 1711 Ὅτι
2380 1653 2629 1711 ἐπέπεσεν
2681 1656 2709 1709 ὁ
2772 1649 2942 1733 φόϐος
3023 1651 3199 1707 αὐτῶν
3270 1652 3353 1707 ἐπ’
3417 1651 3634 1713 αὐτούς.
3692 1676 3721 1703 ››

2062 1776 2133 1787 --
2178 1746 2234 1797 '0
2290 1739 2458 1822 φόϐος
2522 1748 2629 1799 τῶν
2674 1738 2938 1818 Ἑϐραίων
3006 1738 3188 1796 ἔπεσεν
3241 1741 3329 1796 ἐπὶ
3375 1741 3503 1803 τοὺς
3552 1740 3718 1816 Αἰγυ-

2061 1833 2272 1905 πτίους,
2340 1834 2633 1905 τουτέστιν,
2697 1827 3040 1911 ἐφοϐήθησαν
3110 1832 3162 1887 οἱ
3228 1829 3523 1908 Αἰγύπτιοι
3586 1830 3720 1892 τοὺς

380 1969 409 1998 ‹‹
440 1917 510 1999 T6
560 1917 746 2020 λόγιον
794 1944 994 2021 Κυρίου
1042 1943 1315 2020 ἐπύρωσεν
1363 1942 1542 2000 αὐτόν.
1598 1967 1627 1995 ››
1677 1948 1827 1997 -Ὀ
1854 1964 1951 2021 φυ-
1985 1962 2034 2027 Β
2067 1917 2346 1999 Ἐϐραίους
2431 1920 2521 1977 διὰ
2585 1923 2680 1985 τὰς
2752 1922 2885 1998 ὑπὲρ
2946 1920 3121 1977 αὐτῶν
3177 1918 3475 1990 θεηλάτους
3525 1917 3718 1992 μάστι·

310 2035 458 2097 σικὸς
511 2033 680 2106 νόμος
725 2034 845 2088 καθ’
887 2034 947 2088 ’ὸν
994 2030 1323 2102 ἐδιδάπετο,
1353 2032 1605 2109 γυναικὸς
1659 2031 1955 2109 ἀλλοτρίας

313 2124 388 2196 μή
447 2123 727 2193 ἅπτεσθαι,
785 2122 1176 2198 παρεσκεύασεν
1256 2121 1412 2177 αὐτὸν
1494 2127 1814 2198 πυρωθῆναι
1890 2125 1957 2195 τῇ

305 2210 523 2285 καμίνῳ
551 2214 659 2266 τῶν
692 2215 1030 2287 πειρασμῶν.

380 2324 411 2351 ‹‹
442 2300 541 2354 Καὶ
586 2299 835 2365 εἷ’σῆλθεν
884 2300 1103 2376 Ἰσραὴλ
1152 2299 1229 2362 εἷς
1276 2297 1576 2375 Αἴγυπτον*
1625 2298 1715 2354 καὶ
1766 2292 1959 2354 Ἰακὼϐ

308 2388 631 2465 παρῴκησεν
691 2387 743 2444 ἐν
802 2388 873 2465 γῇ
932 2390 1074 2463 Χάμ.
1110 2412 1139 2441 ››
1172 2422 1242 2431 --
1285 2387 1625 2465 Παλιλλογεῖ
1670 2388 1958 2457 κάνταῦθα,

311 2479 386 2551 γῇ
418 2477 522 2553 γὰρ
554 2478 681 2550 Χάμ
711 2480 746 2547 ἡ
782 2475 1074 2554 Αἴγυπτος.

387 2588 416 2616 ‹‹
448 2565 547 2620 Καὶ
595 2563 799 2638 ηῦξησε
843 2568 936 2622 τὸν
980 2567 1109 2623 λαὸν
1152 2567 1317 2623 αὐτοῦ
1363 2565 1591 2646 σφόδρα,
1627 2591 1655 2620 »
1685 2600 1755 2609 —
1784 2564 1960 2637 Ηύξη-

317 2675 425 2726 σεν,
459 2654 487 2708 ὁ
532 2656 662 2717 Θεὸς
722 2653 961 2728 δηλαδή.
1010 2658 1081 2711 Τὸ
1139 2655 1197 2712 δὲ
1252 2656 1416 2712 αὐτοῦ
1467 2662 1669 2712 νοεῖται
1725 2655 1817 2711 καὶ
1875 2654 1964 2709 ἐπὶ

317 2748 473 2817 Θεοῦ,
505 2750 704 2799 νοεῖται
733 2745 822 2800 καὶ
853 2744 940 2801 ἐπὶ
969 2750 1067 2801 τοῦ
1096 2743 1311 2803 Ἰακώϐ.

387 2834 542 2888 «Καὶ
586 2833 942 2910 ἐκραταίωσεν
992 2835 1151 2891 αὐτὸν
1199 2837 1331 2913 ὑπὲρ
1378 2835 1505 2899 τοὺς
1573 2834 1806 2913 ἐχθροὺς
1873 2835 1963 2890 «6-

308 2926 426 2980 τοῦ,
471 2946 500 2974 »
557 2924 810 2999 -Ὑπὲρ
868 2923 999 2988 τοὺς
1073 2925 1426 3002 Αἲγυπτίους,
1486 2922 1683 2988 οἷίτινες
1769 2925 1961 3003 ἐχθροὶ

306 3010 441 3080 ἦσαν
470 3011 560 3067 καὶ
588 3017 706 3075 τοῖς
732 3013 1093 3089 Ἰσραηλίταις
1121 3014 1211 3069 καὶ
1248 3019 1329 3087 τῷ
1358 3013 1494 3087 Θεῷ.

378 3124 408 3152 ‹‹
440 3102 775 3175 Μετέστρεψε
833 3103 934 3171 τήν
1008 3102 1227 3177 καρδίαν
1306 3103 1480 3159 αὐτῶν
1554 3108 1653 3159 τοῦ
1732 3110 1957 3176 μισῆσαι

306 3188 395 3244 τὸν
458 3189 587 3244 λαὸν
646 3189 832 3248 αὐτοῦ.
865 3214 894 3245 ››
927 3192 1136 3247 -Οὐκ
1192 3192 1353 3256 αὐτὸς
1409 3188 1753 3266 μεταϐαλὼν,
1812 3191 1961 3250 ἀλλά

301 3281 382 3349 τῷ
443 3276 771 3351 αὐτεξουσίῳ
836 3286 1207 3357 παραχωρῶν.
1275 3283 1535 3346 Ἐνταῦθα
1610 3279 1668 3336 δὲ
1716 3282 1779 3336 τὸ
1860 3283 1952 3355 μὲν

301 3370 520 3442 πρῶτον
577 3366 742 3423 αὐτοῦ
793 3365 1101 3439 δηλωτικόν
1151 3369 1262 3425 ἐστι
1310 3375 1406 3425 τοῦ
1466 3371 1690 3447 Φαραὼ,
1741 3370 1803 3425 οὐ
1857 3377 1955 3427 106

303 3453 623 3529 ἀγαπῶντος
653 3453 746 3509 τὸν
792 3457 1013 3536 Ἰωσὴφ,
1048 3455 1174 3514 ἀλλ’
1209 3457 1413 3535 ἑτέρου·
1468 3459 1532 3514 τὸ
1592 3457 1650 3513 δὲ
1706 3457 1953 3536 δεύτερον

305 3541 469 3598 αὐτοῦ
505 3545 798 3617 μηνυτικόν
828 3545 938 3601 ἐστι
967 3551 1066 3601 τοῦ
1093 3552 1249 3605 Θεοῦ.

377 3656 406 3684 ‹‹
439 3635 553 3690 T06
609 3630 920 3689 δολιοῦσθαι
980 3634 1032 3691 ἐν
1092 3642 1221 3691 πᾶσι
1272 3641 1390 3699 τοῖς
1451 3634 1673 3699 δούλοις
1706 3636 1890 3695 αὐτοῦ.
1926 3660 1954 3689 ››

303 3725 507 3776 -Τοῦ
568 3717 965 3780 ἐπιϐουλεύειν*
1026 3725 1319 3801 προσέταξε
1383 3726 1487 3802 γὰρ
1567 3732 1687 3788 ταῖς
1770 3726 1956 3800 μαίαις

305 3810 540 3886 ἀναιρεῖν
571 3812 640 3867 τὰ
667 3809 863 3889 ἄρσενα
889 3818 998 3869 τῶν
1029 3809 1329 3891 Ἑϐραϊκῶν
1368 3816 1604 3894 βρεφῶν.

376 3940 406 3967 ‹‹
432 3918 623 3980 ’Έθετο
653 3917 707 3972 ἐν
738 3918 923 3983 αὐτοῖς
960 3920 1087 3983 τοὺς
1144 3920 1348 3997 λόγους
1402 3927 1507 3977 τῶν
1568 3923 1811 3997 σημείων
1858 3925 1951 3981 αὐ-

298 4007 396 4058 τοῦ
451 4003 542 4058 καὶ
585 4008 693 4059 τῶν
756 4009 995 4083 τεράτων
1055 4008 1220 4064 αὐτοῦ
1269 4010 1320 4065 ἐν
1488 4009 1630 4085 Χάμ.
1684 4036 1713 4065 ››
1764 4046 1834 4056 -
1879 4016 1954 4069 Τὰ

296 4090 692 4168 προστάγματα
744 4095 870 4171 περὶ
923 4100 1033 4151 τῶν
1082 4097 1133 4151 ἐν
1190 4102 1263 4174 γῇ
1318 4086 1445 4173 Χάμ
1511 4086 1951 4175 ἐνεργηθησομέ-

296 4202 429 4269 νων,
462 4180 705 4254 σημείων
755 4184 845 4238 καὶ
900 4186 1138 4261 τεράτων
1192 4187 1376 4242 αὐτοῦ·
1411 4188 1700 4265 ἐνεργῆσαι
1750 4193 1854 4269 γάρ
1896 4193 1947 4248 ἐν

300 4268 561 4347 Αἰγύπτῳ
616 4271 933 4347 προσέταξεν
984 4274 1166 4338 αὐτοῖς
1214 4274 1409 4332 τοσάδε
1472 4279 1562 4333 καὶ
1617 4268 1948 4352 τοιάδεγση-

303 4365 449 4435 μεῖα.
511 4363 713 4439 ’Ὠσπερ
772 4358 830 4417 δὲ
881 4361 933 4417 ἐν
989 4367 1069 4436 τῷ
1129 4365 1205 4434 οζ¹
1258 4364 1466 4440 ψαλμῷ
1518 4368 1619 4437 τήν
1681 4370 1829 4442 τάξιν
1886 4371 1949 4425 06

298 4449 554 4528 φυλάττει
609 4454 718 4506 τῶν
772 4451 1151 4528 Αἰγυπτιακῶν
1209 4453 1464 4530 πληγῶν,
1529 4456 1673 4513 οὕτω
1720 4460 1809 4513 καὶ
1863 4459 1946 4515 ἐν-

294 4541 505 4598 ταυθοῖ.

368 4652 397 4680 ‹‹
424 4630 807 4703 Ἐξαπέστειλε
890 4631 1103 4699 σκότος,
1162 4631 1253 4687 καὶ
1322 4632 1596 4707 ἐσκότασε,
1656 4637 1749 4691 καὶ
1808 4658 1946 4714 παρ-

2102 2032 2184 2067 ας.

2102 2033 2132 2065 α
2172 2056 2184 2067 .

2065 2033 2100 2089 γ
2138 2033 2454 2178 ῑΔιέρῥηξε
2503 2101 2725 2177 πέτραν,
2774 2099 2865 2156 καί
2935 2098 3201 2177 ἐῤῥύησαν
3251 2096 3437 2153 ὕδατω
3490 2096 3714 2173 ἐπορεύ-

2070 2191 2236 2260 θησαν
2296 2190 2347 2245 ἐν
2398 2187 2651 2265 ἀνύδροις
2707 2188 2969 2263 ποταμοί.
3016 2214 3042 2241 ››
3102 2222 3172 2231 -
3220 2187 3508 2261 Ποταμοὺς
3573 2184 3719 2263 λέγει

2068 2278 2195 2343 τοὺς
2227 2278 2287 2334 ἐκ
2309 2283 2406 2349 τῆς
2434 2278 2633 2355 πέτρας
2665 2276 3093 2356 διαρῥηχθείσης
3147 2274 3378 2353 ὀχετοὺς
3429 2278 3538 2331 τῶν
3590 2271 3719 2329 ὑδά-

2068 2389 2176 2423 των
2210 2366 2404 2431 ο⁰ίτινες
2436 2367 2489 2423 ἐν
2518 2365 2770 2445 ἀνύδροις
2796 2367 2987 2430 τόποις
3017 2365 3395 2443 κατέῤῥευσαν.

2145 2460 2323 2513 «Ὅτι
2376 2457 2618 2531 ἐμνήσθη
2677 2461 2772 2511 τοῦ
2824 2455 2996 2532 λόγου
3051 2460 3147 2510 τοῦ
3208 2454 3366 2530 ἁγίου
3405 2453 3592 2523 αὐτοῦ,
3623 2456 3723 2509 τοῦ

2072 2547 2208 2623 πρὸς
2264 2542 2514 2624 Ἀϐραὰμ
2556 2546 2648 2602 τὸν
2698 2543 2896 2601 δοῦλον
2948 2545 3130 2603 «6106.
3161 2568 3190 2597 ››
3222 2578 3288 2587 —
3336 2547 3456 2599 Ὅτι
3502 2540 3720 2614 πληθυ-

2071 2641 2155 2689 νεῖ
2197 2637 2260 2691 τὸ
2308 2637 2525 2712 σπέρμα
2567 2636 2753 2710 αὐτοῦ,
2783 2636 2872 2691 καὶ
2922 2633 3007 2690 ὅτι
3057 2631 3215 2689 δώσει
3264 2633 3412 2706 αὐτῷ
3455 2639 3557 2710 γῆν
3608 2638 3722 2687 Χα-

2074 2726 2219 2782 ναάν.

2145 2838 2174 2867 ‹‹
2208 2814 2307 2870 Καὶ
2355 2812 2552 2871 ἔδωκεν
2613 2814 2794 2877 αὐτοῖς
2860 2814 3051 2891 χώρας
3121 2812 3300 2867 ἐθνῶν·
3370 2810 3460 2866 καὶ
3526 2810 3722 2874 πόνους

2073 2902 2219 2959 λαῶν
2268 2899 2846 2982 κατεκληρονόμησαν.
2895 2928 2922 2955 ››
2972 2935 3041 2945 --
3080 2900 3215 2963 Τούς
3278 2922 3338 2956 τε
3403 2900 3727 2963 ἀθετοῦντας

2070 2992 2265 3057 αὐτοὺς
2316 2993 2552 3056 κολάσας
2604 2991 2829 3055 ἐνδίκως
2876 2991 2966 3047 καὶ
3015 2991 3111 3055 τὰς
3161 2990 3363 3052 οἷ’κείας
3402 2986 3724 3064 ἐμπεδώσας

2071 3082 2398 3156 ὁμολογίας.

2142 3175 2381 3235 «Ὅπως
2460 3172 2521 3228 ἂν
2615 3170 2892 3251 φυλάξωσι
2966 3171 3034 3225 τά
3110 3166 3455 3243 δικαιώματα
3532 3167 3719 3240 αὐτοῦ,

2066 3262 2155 3316 καὶ
2196 3262 2285 3316 τὸν
2335 3261 2502 3335 νόμον
2556 3260 2722 3317 αὐτοῦ
2776 3259 3171 3330 ἐκζητήσωσιν.
3217 3281 3245 3309 ››
3300 3290 3367 3301 -
3417 3256 3567 3313 Ἀντὶ
3625 3261 3723 3310 τοῦ

1987 3330 2031 3398 C
2068 3330 2414 3422 1100150w0w"
2434 3352 2464 3406 '6
2494 3352 2598 3427 γὰρ
2624 3351 2782 3405 ποθεῖ
2808 3370 2892 3411 τις
2918 3348 3008 3403 καὶ
3041 3347 3276 3418 ἐκζητεῖ.

2658 3478 2953 3529 ΨΑΛΜΟΣ
2996 3474 3116 3529 ΡΕ’.

2139 3590 2166 3617 ‹‹
2203 3563 2568 3636 Ἀλληλούϊα.
2603 3562 3052 3640 Ἐξομολογεῖσθε
3077 3565 3157 3634 τῷ
3205 3560 3407 3637 Κυρίῳ,
3439 3559 3525 3615 ὅτι
3572 3578 3724 3636 χρη-

2067 3654 2211 3717 στός·
2266 3653 2348 3709 ὅτι
2399 3654 2474 3715 είς
2522 3653 2614 3708 τὸν
2676 3652 2847 3707 αἰῶνα
2890 3652 2955 3707 τὸ
3001 3647 3154 3713 ἔλεος
3186 3650 3372 3707 αὐτοῦ.
3407 3673 3435 3702 ››
3467 3681 3538 3692 -
3568 3651 3718 3720 Ἐξο-

2069 3743 2395 3817 μολογεῖσθε
2449 3744 2531 3798 ἀεὶ
2582 3746 2661 3815 τῷ
2716 3746 2833 3814 Θεῷ
2899 3742 2995 3803 τὰς
3070 3738 3335 3817 ἁμαρτίας
3393 3739 3567 3811 ὑμῶν,
3627 3737 3711 3792 ὅτι

2064 3835 2265 3909 ἀγαθὸς
2294 3834 2384 3889 καὶ
2415 3831 2806 3906 ἀμνησίκακος,
2837 3828 2922 3884 ὅτι
2965 3829 3184 3883 αἰώνιον
3232 3829 3294 3882 τὸ
3343 3824 3496 3889 ἔλεος
3548 3824 3710 3880 «6106

2062 3924 2153 3979 καὶ
2186 3922 2448 3994 διηνεκές
2482 3921 2563 3977 ἀεὶ
2591 3922 2693 3997 γάρ
2727 3918 2870 3975 ἐλεεῖ
2894 3917 3021 3979 τοὺς
3054 3920 3465 3990 μετανοοῦντας.

2135 4012 2286 4074 «Τίς
2329 4009 2559 4081 λαλήσει
2601 4009 2698 4072 τὰς
2749 4006 3058 4067 δυναστείας
3122 4009 3220 4060 τοῦ
3284 4003 3503 4077 Κυρίου,
3547 4003 3707 4058 ἀκου-

2061 4102 2186 4163 στάς
2240 4103 2460 4171 ποιήσει
2517 4100 2700 4159 πάσας·
2748 4097 2845 4158 τὰς
2886 4095 3090 4157 ἀνέσεις
3122 4093 3323 4162 αὐτοῦ;
3358 4116 3388 4144 ››
3418 4125 3488 4135 -
3515 4089 3709 4154 Οὐδεὶς

2060 4190 2163 4266 γὰρ
2196 4189 2416 4265 ἀπόχρη
2450 4186 2620 4262 λόγος
2650 4186 2726 4249 είς
2759 4182 3035 4259 ὑμνῳδίαν
3065 4187 3164 4239 τοῦ
3195 4186 3349 4239 Θεοῦ.

2136 4301 2164 4329 (ί
2194 4279 2462 4354 Μακάριοι
2512 4277 2566 4330 οἱ
2619 4273 2981 4353 φυλάσσοντες
3029 4272 3207 4348 κρίσιν
3267 4270 3359 4325 καὶ
3427 4274 3711 4331 ποιοῦντες

2060 4366 2399 4438 δικαιοσύνην
2451 4365 2503 4421 ἐν
2550 4364 2710 4421 παντὶ
2754 4367 2950 4438 καιρῷ.
2982 4384 3012 4414 ››
3043 4394 3113 4404 --
3163 4358 3467 4437 Μακαρίζει
3496 4359 3525 4413 ὁ
3567 4378 3711 4435 προ-

2059 4460 2240 4537 φήτης
2297 4455 2358 4511 οὐ
2406 4453 2535 4518 τοῦς
2596 4453 2751 4526 ἅπαξ,
2792 4451 2939 4508 ἀλλά
3004 4451 3132 4513 τοὺς
3195 4447 3458 4521 διηνεκῶς
3531 4447 3710 4537 ὀρθῶς

2056 4535 2337 4624 κρίναντας
2383 4545 2476 4600 καὶ
2515 4542 2738 4604 δικαίως
2775 4542 2865 4597 καὶ
2916 4542 3120 4616 ἑτέροις
3165 4538 3254 4594 καὶ
3303 4538 3539 4611 ἑαυτοῖς,
3572 4535 3712 4592 ὥστε

2064 4638 2141 4709 μή
2234 4639 2585 4712 παραχωρεῖν
2658 4630 3129 4704 κατεξανίστασθαι
3207 4628 3270 4683 τὸ
3339 4632 3525 4704 χεῖρον
3609 4630 3707 4681 τοῦ

296 4702 583 4793 επίκραναν
632 4718 760 4783 τοὺς
808 4718 1009 4797 λόγους
1058 4720 1244 4781 αὐτοῦ.
1278 4746 1307 4775 ››
1346 4757 1417 4766 —
1463 4702 1712 4780 Διάπῶν
1763 4702 1945 4802 λόγων
1981 4702 2384 4801 1ίδκρείττονός.

296 4802 579 4877 δεδήλωκε
622 4808 715 4864 τὸν
768 4807 998 4886 λέγοντα
1045 4812 1198 4883 Θεὸν,
1252 4813 1309 4867 ὃν
1360 4813 1773 4888 παρελύπησαν,
1817 4814 1945 4879 τοὺς

295 4892 495 4983 λόγους
588 4898 754 4953 αὐτοῦ
837 4901 1164 4970 ἀθετοῦντες,
1223 4902 1276 4957 οἱ
1343 4901 1654 4978 Αἰγύπτιοι·
1721 4904 1783 4960 οὐ
1843 4906 1944 4983 γὰρ

289 4979 527 5053 ἤκουσαν
556 4990 691 5041 Θεοῦ
718 4986 1034 5051 κελεύοντος
1092 4989 1363 5047 ἀπολῦσαι
1416 4992 1508 5046 τὸν
1569 4989 1700 5047 λαὸν
1755 4992 1941 5064 αὐτοῦ,

288 5072 604 5137 κελεύοντος
682 5073 741 5131 δὲ
808 5081 971 5132 τοῦτο
1049 5074 1139 5133 διά
1206 5080 1446 5143 Μωσέως
1522 5077 1783 5151 δηλονότι
1851 5084 1941 5139 καὶ

287 5160 523 5237 Ἀαρών.

358 5273 387 5303 ‹‹
437 5251 691 5329 Εξεῖρψεν
733 5255 768 5323 ἡ
818 5261 890 5329 γῆ
945 5254 1122 5311 αὐτῶν
1190 5257 1522 5334 βατράχους.
1556 5284 1583 5311 ››
1616 5291 1687 5303 —-
1742 5261 1813 5316 T6
1859 5259 1941 5333 ἐξ·

284 5336 468 5414 εῖρψεδ
499 5339 613 5396 ἀντὶ
641 5347 739 5397 τοῦ
770 5341 1025 5417 ἐξέδωκεν
1059 5344 1437 5421 ἐρπυστικούς.

355 5453 385 5481 ‹‹
415 5430 500 5485 Ἐν
548 5436 664 5494 τοῖς
713 5433 983 5507 ταμιείοις
1010 5439 1119 5489 τῶν
1155 5434 1425 5511 βασιλέων
1456 5435 1649 5495 αὐτῶν.
1703 5462 1734 5490 ››
1764 5471 1836 5483 -ο
1864 5440 1937 5495 Οὐ

289 5518 452 5592 μόνον
508 5518 560 5573 ἐν
617 5524 734 5582 τοῖς
790 5519 987 5585 ἄλλοις
1042 5522 1256 5595 τόποις,
1288 5522 1435 5579 ἀλλὰ
1484 5526 1576 5581 καὶ
1609 5526 1661 5582 ἐν
1691 5533 1807 5590 τοῖς
1864 5529 1939 5591 εἰς

283 5608 350 5697 τὰ
382 5607 631 5684 βασίλεια
652 5609 945 5684 ταμιείοις,
978 5610 1104 5677 ἔνθα
1154 5611 1342 5683 πολλή
1402 5611 1619 5693 φυλακή
1649 5615 1740 5671 καί
1769 5616 1937 5697 ἀσφά-

286 5692 428 5752 λεια.

359 5810 390 5840 ι(
420 5788 574 5860 Εἶπε,
622 5794 715 5845 καῖ
763 5789 899 5861 ἦλθε
946 5790 1217 5867 κυνόμυια
1273 5793 1363 5849 καὶ
1434 5800 1651 5859 σκνῖπες
1704 5795 1756 5852 ἐν
1805 5802 1936 5853 πᾶσι

2130 4840 2158 4868 ‹‹
2188 4818 2472 4887 Μνήσθητι
2502 4817 2688 4887 ὑμῶν,
2720 4811 2900 4888 Κύριε,
2939 4810 2991 4865 ἐν
3039 4814 3108 4883 τῇ
3160 4806 3380 4880 εὐδοκία
3423 4810 3521 4863 τοῦ
3570 4804 3706 4862 λαοῦ

2054 4925 2175 4960 σου·
2228 4904 2511 4978 ἐπίσκεψαι
2562 4902 2613 4957 ἐν
2662 4900 2741 4974 τῷ
2793 4900 3053 4977 σωτηρίῳ
3096 4919 3217 4955 σου.
3268 4921 3297 4949 ››
3347 4928 3416 4939 --
3461 4895 3704 4953 Ἰκετεύει

2054 4995 2083 5048 6
2139 4996 2431 5072 προφήτης
2496 4991 2680 5065 μνείαν
2739 4989 2981 5065 γενέσθαι
3035 4988 3126 5043 καὶ
3184 4986 3349 5042 αὐτσῦ
3407 4984 3560 5058 ἐντῇ
3617 4980 3708 5039 διά

2049 5090 2150 5152 τῆς
2222 5083 2369 5145 θείας
2445 5081 2905 5157 ἐνανθρωπήσεως
2980 5076 3258 5153 εὐεργεσίᾳ
3312 5074 3404 5130 καὶ
3461 5072 3706 5149 σωτηρίᾳ

2048 5176 2146 5227 τοῦ
2195 5170 2318 5226 νέου
2375 5169 2531 5228 λαοῦ.
2563 5170 2633 5226 Αἱ
2673 5172 2918 5224 τοιαῦται
2969 5163 3026 5221 δὲ
3070 5164 3269 5220 ἱκεσίαι
3300 5161 3547 5239 δόγματά
3600 5161 3701 5221 εἶσι

2049 5261 2382 5337 προφητικά’
2446 5257 2627 5334 ὥσπερ
2701 5261 2789 5311 νῦν
2859 5253 3173 5332 δαγματίζει
3250 5251 3608 5330 προφητεύων
3673 5251 3702 5304 ὁ

2050 5347 2211 5405 Δαυῗδ
2275 5350 2351 5423 μὴ
2416 5348 2579 5422 μόνον
2619 5352 2737 5409 τοῖς
2770 5350 2951 5415 ζῶσιν,
2985 5341 3132 5398 ἀλλά
3158 5343 3249 5398 καὶ
3276 5346 3392 5403 τοῖς
3448 5341 3700 5395 τεθνεῶσι

2046 5440 2109 5494 τὸ
2166 5441 2436 5515 σωτήριον
2508 5435 2807 5503 ἐπισκοπὴν
2893 5434 3212 5503 ποιήσεσθαι
3295 5430 3388 5486 τὸν
3468 5428 3697 5505 Χριστὸν

2049 5526 2139 5583 διὰ
2164 5535 2265 5597 τῆς
2298 5526 2348 5582 ἐν
2380 5531 2460 5599 τῷ
2486 5521 2585 5600 ᾅδῃ
2614 5522 2848 5589 καθόδου
2882 5523 3065 5577 αὐτοῦ.

2120 5642 2147 5670 ‹‹
2180 5622 2285 5672 Τοῦ
2317 5614 2448 5671 ἰδεῖν
2492 5615 2542 5670 ἐν
2588 5618 2658 5689 τῇ
2703 5611 3043 5690 χρηστόοητι
3090 5616 3199 5667 τῶν
3250 5607 3518 5666 ἐκλεκτῶν
3578 5628 3696 5681 σου,

2045 5712 2144 5761 τοῦ
2171 5707 2531 5786 εὐφρανθῆναι
2576 5703 2627 5759 ἐν
2677 5706 2746 5777 τῇ
2796 5701 3096 5780 εὐφροσύνῃ
3140 5705 3237 5755 τοῦ
3286 5699 3470 5761 ἔθνους
3514 5719 3631 5756 σου,
3668 5721 3696 5749 ››

2047 5831 2116 5841 ——
2147 5799 2306 5853 Ὥστε
2366 5794 2494 5852 ἰδεῖν
2554 5793 2643 5849 καὶ
2699 5795 2869 5866 ἡμᾶς,
2910 5790 3083 5868 ἤγουν
3140 5793 3299 5868 πείρᾳ
3352 5793 3552 5865 γνῶναι
3605 5788 3695 5844 καὶ
