  <div class='ocr_page' id='page_1' title='image "/cluster/home/n/w/nwhite01/storage/ocr_20150623/142/coo.31924054870476/794.png"; bbox 0 0 4066 6460; ppageno 0'>
   <div class='ocr_carea' id='block_1_1' title="bbox 349 453 508 519">
    <p class='ocr_par' dir='ltr' id='par_1_1' title="bbox 349 453 508 519">
     <span class='ocr_line' id='line_1_1' title="bbox 349 453 508 519; baseline -0.006 0"><span class='ocrx_word' id='word_1_1' title='bbox 349 453 508 519; x_wconf 64' lang='grc' dir='ltr'>ὶδθό</span> 
     </span>
    </p>
   </div>
   <div class='ocr_carea' id='block_1_2' title="bbox 1564 456 2536 525">
    <p class='ocr_par' dir='ltr' id='par_1_2' title="bbox 1564 456 2536 525">
     <span class='ocr_line' id='line_1_2' title="bbox 1564 456 2536 525; baseline 0.001 -2"><span class='ocrx_word' id='word_1_2' title='bbox 1564 459 1981 525; x_wconf 83' lang='lat' dir='ltr'>EXPOSITIO</span> <span class='ocrx_word' id='word_1_3' title='bbox 2022 456 2103 523; x_wconf 85' lang='lat' dir='ltr'>IN</span> <span class='ocrx_word' id='word_1_4' title='bbox 2146 456 2536 524; x_wconf 80' lang='lat' dir='ltr'>PSALMOS.</span> 
     </span>
    </p>
   </div>
   <div class='ocr_carea' id='block_1_3' title="bbox 3596 452 3757 519">
    <p class='ocr_par' dir='ltr' id='par_1_3' title="bbox 3596 452 3757 519">
     <span class='ocr_line' id='line_1_3' title="bbox 3596 452 3757 519; baseline 0.019 -4"><span class='ocrx_word' id='word_1_5' title='bbox 3596 452 3757 519; x_wconf 65' lang='lat'>{566</span> 
     </span>
    </p>
   </div>
   <div class='ocr_carea' id='block_1_4' title="bbox 342 582 3755 670">
    <p class='ocr_par' dir='ltr' id='par_1_4' title="bbox 342 582 3755 670">
     <span class='ocr_line' id='line_1_4' title="bbox 342 582 3755 670; baseline -0.001 -25"><span class='ocrx_word' id='word_1_6' title='bbox 342 588 489 646; x_wconf 82' lang='grc' dir='ltr'>ναικὶ</span> <span class='ocrx_word' id='word_1_7' title='bbox 514 588 706 668; x_wconf 79' lang='grc' dir='ltr'>πληγῇ</span> <span class='ocrx_word' id='word_1_8' title='bbox 742 592 860 665; x_wconf 75' lang='grc' dir='ltr'>μιᾷ,</span> <span class='ocrx_word' id='word_1_9' title='bbox 904 588 997 647; x_wconf 83' lang='grc' dir='ltr'>καὶ</span> <span class='ocrx_word' id='word_1_10' title='bbox 1044 587 1216 654; x_wconf 75' lang='grc' dir='ltr'>οὕτως</span> <span class='ocrx_word' id='word_1_11' title='bbox 1265 587 1388 662; x_wconf 75' lang='grc' dir='ltr'>ἔστη</span> <span class='ocrx_word' id='word_1_12' title='bbox 1437 593 1472 663; x_wconf 80' lang='grc' dir='ltr'><strong>ἡ</strong></span> <span class='ocrx_word' id='word_1_13' title='bbox 1528 591 1662 669; x_wconf 79' lang='grc' dir='ltr'>ὀργὴ</span> <span class='ocrx_word' id='word_1_14' title='bbox 1711 597 1808 647; x_wconf 90' lang='grc' dir='ltr'>τοῦ</span> <span class='ocrx_word' id='word_1_15' title='bbox 1840 596 1994 665; x_wconf 88' lang='grc' dir='ltr'>Θεοῦ,</span> <span class='ocrx_word' id='word_1_16' title='bbox 2026 597 2079 664; x_wconf 82' lang='grc' dir='ltr'><strong>Α</strong></span> <span class='ocrx_word' id='word_1_17' title='bbox 2108 591 2468 669; x_wconf 77' lang='grc' dir='ltr'>παρανομίαν.</span> <span class='ocrx_word' id='word_1_18' title='bbox 2522 588 2859 670; x_wconf 83' lang='grc' dir='ltr'>Προφητεύει</span> <span class='ocrx_word' id='word_1_19' title='bbox 2908 586 2968 647; x_wconf 71' lang='grc' dir='ltr'>δὲ</span> <span class='ocrx_word' id='word_1_20' title='bbox 3009 583 3100 645; x_wconf 85' lang='grc' dir='ltr'>διὰ</span> <span class='ocrx_word' id='word_1_21' title='bbox 3143 584 3347 645; x_wconf 88' lang='grc' dir='ltr'>τούτων</span> <span class='ocrx_word' id='word_1_22' title='bbox 3397 584 3426 642; x_wconf 86' lang='lat'>6</span> <span class='ocrx_word' id='word_1_23' title='bbox 3469 582 3631 643; x_wconf 79' lang='grc' dir='ltr'>Δαυΐδ</span> <span class='ocrx_word' id='word_1_24' title='bbox 3670 585 3755 643; x_wconf 73' lang='grc' dir='ltr'>ὅτι</span> 
     </span>
    </p>
   </div>
   <div class='ocr_carea' id='block_1_5' title="bbox 346 676 1377 753">
    <p class='ocr_par' dir='ltr' id='par_1_5' title="bbox 346 676 1377 753">
     <span class='ocr_line' id='line_1_5' title="bbox 346 676 1377 753; baseline 0.003 -18"><span class='ocrx_word' id='word_1_25' title='bbox 346 676 724 751; x_wconf 79' lang='grc' dir='ltr'>ἐξιλεωθέντος</span> <span class='ocrx_word' id='word_1_26' title='bbox 744 682 824 752; x_wconf 82' lang='grc' dir='ltr'>τῷ</span> <span class='ocrx_word' id='word_1_27' title='bbox 856 678 1011 753; x_wconf 86' lang='grc' dir='ltr'>ζήλῳ</span> <span class='ocrx_word' id='word_1_28' title='bbox 1039 685 1140 736; x_wconf 88' lang='grc' dir='ltr'>τοῦ</span> <span class='ocrx_word' id='word_1_29' title='bbox 1167 682 1377 743; x_wconf 78' lang='grc' dir='ltr'>Φινεές.</span> 
     </span>
    </p>
   </div>
   <div class='ocr_carea' id='block_1_6' title="bbox 424 767 1993 847">
    <p class='ocr_par' dir='ltr' id='par_1_6' title="bbox 424 767 1993 847">
     <span class='ocr_line' id='line_1_6' title="bbox 424 767 1993 847; baseline 0.003 -25"><span class='ocrx_word' id='word_1_30' title='bbox 424 769 580 824; x_wconf 80' lang='grc' dir='ltr'>«Καὶ</span> <span class='ocrx_word' id='word_1_31' title='bbox 634 767 890 845; x_wconf 78' lang='grc' dir='ltr'>ἐλογίσθη</span> <span class='ocrx_word' id='word_1_32' title='bbox 954 769 1099 842; x_wconf 85' lang='grc' dir='ltr'>αὐτῷ</span> <span class='ocrx_word' id='word_1_33' title='bbox 1155 770 1230 833; x_wconf 84' lang='grc' dir='ltr'>εἷς</span> <span class='ocrx_word' id='word_1_34' title='bbox 1289 768 1629 840; x_wconf 88' lang='grc' dir='ltr'>δικαιοσύνην</span> <span class='ocrx_word' id='word_1_35' title='bbox 1684 772 1761 834; x_wconf 87' lang='grc' dir='ltr'>εἷς</span> <span class='ocrx_word' id='word_1_36' title='bbox 1809 774 1993 847; x_wconf 78' lang='grc' dir='ltr'>γενεὰν</span> 
     </span>
    </p>
   </div>
   <div class='ocr_carea' id='block_1_7' title="bbox 351 855 1995 939">
    <p class='ocr_par' dir='ltr' id='par_1_7' title="bbox 351 855 1995 939">
     <span class='ocr_line' id='line_1_7' title="bbox 351 855 1995 939; baseline 0.004 -28"><span class='ocrx_word' id='word_1_37' title='bbox 351 857 442 911; x_wconf 88' lang='grc' dir='ltr'>καὶ</span> <span class='ocrx_word' id='word_1_38' title='bbox 470 858 652 934; x_wconf 65' lang='grc' dir='ltr'>γενεὰν</span> <span class='ocrx_word' id='word_1_39' title='bbox 699 855 806 919; x_wconf 71' lang='grc' dir='ltr'>ἕως</span> <span class='ocrx_word' id='word_1_40' title='bbox 847 862 943 912; x_wconf 93' lang='grc' dir='ltr'>τοῦ</span> <span class='ocrx_word' id='word_1_41' title='bbox 990 858 1206 922; x_wconf 78' lang='grc' dir='ltr'>αἰῶνος,</span> <span class='ocrx_word' id='word_1_42' title='bbox 1244 882 1272 912; x_wconf 81' lang='grc'>›)</span> <span class='ocrx_word' id='word_1_43' title='bbox 1302 894 1369 903; x_wconf 92' lang='lat'>—-</span> <span class='ocrx_word' id='word_1_44' title='bbox 1399 860 1500 916; x_wconf 87' lang='grc' dir='ltr'>Καὶ</span> <span class='ocrx_word' id='word_1_45' title='bbox 1548 861 1578 915; x_wconf 88' lang='lat'>6</span> <span class='ocrx_word' id='word_1_46' title='bbox 1627 861 1788 939; x_wconf 89' lang='grc' dir='ltr'>φόνος</span> <span class='ocrx_word' id='word_1_47' title='bbox 1838 861 1995 925; x_wconf 81' lang='grc' dir='ltr'>οὗτος</span> 
     </span>
    </p>
   </div>
   <div class='ocr_carea' id='block_1_8' title="bbox 348 944 1994 1024">
    <p class='ocr_par' dir='ltr' id='par_1_8' title="bbox 348 944 1994 1024">
     <span class='ocr_line' id='line_1_8' title="bbox 348 944 1994 1024; baseline 0.003 -24"><span class='ocrx_word' id='word_1_48' title='bbox 348 944 425 1007; x_wconf 70' lang='grc' dir='ltr'>εἲς</span> <span class='ocrx_word' id='word_1_49' title='bbox 485 946 649 1022; x_wconf 83' lang='grc' dir='ltr'>ἀρετὴ</span> <span class='ocrx_word' id='word_1_50' title='bbox 706 946 851 1023; x_wconf 87' lang='grc' dir='ltr'>παρά</span> <span class='ocrx_word' id='word_1_51' title='bbox 905 946 1120 1003; x_wconf 87' lang='grc' dir='ltr'>πάντων</span> <span class='ocrx_word' id='word_1_52' title='bbox 1175 946 1431 1024; x_wconf 82' lang='grc' dir='ltr'>ἐλογίσθη</span> <span class='ocrx_word' id='word_1_53' title='bbox 1498 953 1576 1021; x_wconf 78' lang='grc' dir='ltr'>τῷ</span> <span class='ocrx_word' id='word_1_54' title='bbox 1633 950 1816 1013; x_wconf 72' lang='grc' dir='ltr'>Φινεὲς</span> <span class='ocrx_word' id='word_1_55' title='bbox 1877 947 1994 1004; x_wconf 89' lang='grc' dir='ltr'>δια-</span> 
     </span>
    </p>
   </div>
   <div class='ocr_carea' id='block_1_9' title="bbox 348 1034 569 1098">
    <p class='ocr_par' dir='ltr' id='par_1_9' title="bbox 348 1034 569 1098">
     <span class='ocr_line' id='line_1_9' title="bbox 348 1034 569 1098; baseline 0.009 -9"><span class='ocrx_word' id='word_1_56' title='bbox 348 1034 569 1098; x_wconf 88' lang='grc' dir='ltr'>παντός.</span> 
     </span>
    </p>
   </div>
   <div class='ocr_carea' id='block_1_10' title="bbox 417 1124 1992 1204">
    <p class='ocr_par' dir='ltr' id='par_1_10' title="bbox 417 1124 1992 1204">
     <span class='ocr_line' id='line_1_10' title="bbox 417 1124 1992 1204; baseline 0.002 -27"><span class='ocrx_word' id='word_1_57' title='bbox 417 1147 446 1176; x_wconf 88' lang='grc'>‹‹</span> <span class='ocrx_word' id='word_1_58' title='bbox 478 1124 578 1179; x_wconf 85' lang='grc' dir='ltr'>Καὶ</span> <span class='ocrx_word' id='word_1_59' title='bbox 618 1125 966 1202; x_wconf 86' lang='grc' dir='ltr'>παρώργισαν</span> <span class='ocrx_word' id='word_1_60' title='bbox 1012 1126 1168 1181; x_wconf 87' lang='grc' dir='ltr'>αὸτὸν</span> <span class='ocrx_word' id='word_1_61' title='bbox 1221 1126 1306 1182; x_wconf 82' lang='grc' dir='ltr'>ἐπὶ</span> <span class='ocrx_word' id='word_1_62' title='bbox 1357 1124 1549 1190; x_wconf 74' lang='grc' dir='ltr'>ὕδατος</span> <span class='ocrx_word' id='word_1_63' title='bbox 1594 1125 1930 1204; x_wconf 80' lang='grc' dir='ltr'>ἀντιλογίας.</span> <span class='ocrx_word' id='word_1_64' title='bbox 1963 1151 1992 1181; x_wconf 87' lang='grc'><strong>››</strong></span> 
     </span>
    </p>
   </div>
   <div class='ocr_carea' id='block_1_11' title="bbox 344 1211 1994 1293">
    <p class='ocr_par' dir='ltr' id='par_1_11' title="bbox 344 1211 1994 1293">
     <span class='ocr_line' id='line_1_11' title="bbox 344 1211 1994 1293; baseline 0.003 -27"><span class='ocrx_word' id='word_1_65' title='bbox 344 1242 411 1293; x_wconf 66' lang='grc' dir='ltr'>τ·-</span> <span class='ocrx_word' id='word_1_66' title='bbox 457 1213 527 1267; x_wconf 87' lang='grc' dir='ltr'>Τὸ</span> <span class='ocrx_word' id='word_1_67' title='bbox 577 1212 631 1268; x_wconf 89' lang='grc' dir='ltr'>ἐν</span> <span class='ocrx_word' id='word_1_68' title='bbox 672 1213 869 1288; x_wconf 82' lang='grc' dir='ltr'>ἐρήμῳ</span> <span class='ocrx_word' id='word_1_69' title='bbox 912 1211 1128 1286; x_wconf 84' lang='grc' dir='ltr'>Κάδδης</span> <span class='ocrx_word' id='word_1_70' title='bbox 1181 1215 1243 1271; x_wconf 92' lang='grc' dir='ltr'>ἐκ</span> <span class='ocrx_word' id='word_1_71' title='bbox 1269 1215 1467 1293; x_wconf 87' lang='grc' dir='ltr'>πέτρας</span> <span class='ocrx_word' id='word_1_72' title='bbox 1500 1216 1619 1293; x_wconf 75' lang='grc' dir='ltr'>ῥυὲν</span> <span class='ocrx_word' id='word_1_73' title='bbox 1670 1213 1817 1293; x_wconf 78' lang='grc' dir='ltr'>ὕδωρ</span> <span class='ocrx_word' id='word_1_74' title='bbox 1847 1215 1994 1271; x_wconf 86' lang='grc' dir='ltr'>ἀντι-</span> 
     </span>
    </p>
   </div>
   <div class='ocr_carea' id='block_1_12' title="bbox 344 1296 1995 1383">
    <p class='ocr_par' dir='ltr' id='par_1_12' title="bbox 344 1296 1995 1383">
     <span class='ocr_line' id='line_1_12' title="bbox 344 1296 1995 1383; baseline 0.002 -27"><span class='ocrx_word' id='word_1_75' title='bbox 344 1296 535 1376; x_wconf 91' lang='grc' dir='ltr'>λογίας</span> <span class='ocrx_word' id='word_1_76' title='bbox 590 1300 736 1379; x_wconf 76' lang='grc' dir='ltr'>ὕδωρ</span> <span class='ocrx_word' id='word_1_77' title='bbox 792 1302 1104 1378; x_wconf 85' lang='grc' dir='ltr'>ὠνόμασται</span> <span class='ocrx_word' id='word_1_78' title='bbox 1173 1304 1280 1360; x_wconf 80' lang='grc' dir='ltr'>ἀπὸ</span> <span class='ocrx_word' id='word_1_79' title='bbox 1351 1308 1452 1374; x_wconf 76' lang='grc' dir='ltr'>τῆς</span> <span class='ocrx_word' id='word_1_80' title='bbox 1524 1305 1995 1383; x_wconf 72' lang='grc' dir='ltr'>προηγησαμένης</span> 
     </span>
    </p>
   </div>
   <div class='ocr_carea' id='block_1_13' title="bbox 344 1390 1994 1468">
    <p class='ocr_par' dir='ltr' id='par_1_13' title="bbox 344 1390 1994 1468">
     <span class='ocr_line' id='line_1_13' title="bbox 344 1390 1994 1468; baseline 0.004 -24"><span class='ocrx_word' id='word_1_81' title='bbox 344 1390 655 1468; x_wconf 81' lang='grc' dir='ltr'>ἀντιλογίας</span> <span class='ocrx_word' id='word_1_82' title='bbox 684 1393 775 1447; x_wconf 80' lang='grc' dir='ltr'>καὶ</span> <span class='ocrx_word' id='word_1_83' title='bbox 804 1391 1078 1457; x_wconf 79' lang='grc' dir='ltr'>ἀπειθείας</span> <span class='ocrx_word' id='word_1_84' title='bbox 1107 1398 1214 1449; x_wconf 87' lang='grc' dir='ltr'>τῶν</span> <span class='ocrx_word' id='word_1_85' title='bbox 1245 1391 1524 1450; x_wconf 82' lang='grc' dir='ltr'>Ἰουδαίων</span> <span class='ocrx_word' id='word_1_86' title='bbox 1551 1392 1642 1450; x_wconf 78' lang='grc' dir='ltr'>ὅτε</span> <span class='ocrx_word' id='word_1_87' title='bbox 1671 1391 1994 1466; x_wconf 80' lang='grc' dir='ltr'>διψήσαντες</span> 
     </span>
    </p>
   </div>
   <div class='ocr_carea' id='block_1_14' title="bbox 340 1474 1991 1562">
    <p class='ocr_par' dir='ltr' id='par_1_14' title="bbox 340 1474 1991 1562">
     <span class='ocr_line' id='line_1_14' title="bbox 340 1474 1991 1562; baseline 0.002 -28"><span class='ocrx_word' id='word_1_88' title='bbox 340 1474 653 1557; x_wconf 78' lang='grc' dir='ltr'>ἐγόγγυζον,</span> <span class='ocrx_word' id='word_1_89' title='bbox 702 1480 791 1537; x_wconf 75' lang='grc' dir='ltr'>καὶ</span> <span class='ocrx_word' id='word_1_90' title='bbox 845 1480 953 1559; x_wconf 76' lang='grc' dir='ltr'>οὐχ</span> <span class='ocrx_word' id='word_1_91' title='bbox 1007 1483 1281 1553; x_wconf 90' lang='grc' dir='ltr'>ὑπήκουον</span> <span class='ocrx_word' id='word_1_92' title='bbox 1327 1488 1515 1539; x_wconf 84' lang='grc' dir='ltr'>Μωσεῖ</span> <span class='ocrx_word' id='word_1_93' title='bbox 1559 1483 1642 1562; x_wconf 80' lang='grc' dir='ltr'>ἐφ’</span> <span class='ocrx_word' id='word_1_94' title='bbox 1670 1484 1755 1546; x_wconf 82' lang='grc' dir='ltr'>οἷς</span> <span class='ocrx_word' id='word_1_95' title='bbox 1787 1481 1991 1561; x_wconf 82' lang='grc' dir='ltr'>ἔλεγεν,</span> 
     </span>
    </p>
   </div>
   <div class='ocr_carea' id='block_1_15' title="bbox 339 1565 1404 1646">
    <p class='ocr_par' dir='ltr' id='par_1_15' title="bbox 339 1565 1404 1646">
     <span class='ocr_line' id='line_1_15' title="bbox 339 1565 1404 1646; baseline 0.005 -24"><span class='ocrx_word' id='word_1_96' title='bbox 339 1567 485 1624; x_wconf 77' lang='grc' dir='ltr'>ἀλλὰ</span> <span class='ocrx_word' id='word_1_97' title='bbox 515 1565 954 1646; x_wconf 89' lang='grc' dir='ltr'>διελοιδοροῦντο</span> <span class='ocrx_word' id='word_1_98' title='bbox 988 1570 1202 1644; x_wconf 79' lang='grc' dir='ltr'>μᾶλλον</span> <span class='ocrx_word' id='word_1_99' title='bbox 1235 1571 1404 1645; x_wconf 83' lang='grc' dir='ltr'>αὐτῷ.</span> 
     </span>
    </p>
   </div>
   <div class='ocr_carea' id='block_1_16' title="bbox 407 1675 1990 1750">
    <p class='ocr_par' dir='ltr' id='par_1_16' title="bbox 407 1675 1990 1750">
     <span class='ocr_line' id='line_1_16' title="bbox 407 1675 1990 1750; baseline 0.006 -23"><span class='ocrx_word' id='word_1_100' title='bbox 407 1699 437 1728; x_wconf 79' lang='grc' dir='ltr'>α</span> <span class='ocrx_word' id='word_1_101' title='bbox 468 1676 568 1731; x_wconf 82' lang='grc' dir='ltr'>Καὶ</span> <span class='ocrx_word' id='word_1_102' title='bbox 617 1675 863 1747; x_wconf 79' lang='grc' dir='ltr'>ἐκακώθη</span> <span class='ocrx_word' id='word_1_103' title='bbox 909 1685 1112 1749; x_wconf 78' lang='grc' dir='ltr'>Μωσῆς</span> <span class='ocrx_word' id='word_1_104' title='bbox 1165 1676 1237 1735; x_wconf 89' lang='grc' dir='ltr'>δι’</span> <span class='ocrx_word' id='word_1_105' title='bbox 1284 1679 1501 1742; x_wconf 90' lang='grc' dir='ltr'>αὐτούς.</span> <span class='ocrx_word' id='word_1_106' title='bbox 1537 1702 1566 1731; x_wconf 83' lang='grc'><strong>››</strong></span> <span class='ocrx_word' id='word_1_107' title='bbox 1598 1712 1668 1723; x_wconf 89' lang='grc'><strong>-</strong></span> <span class='ocrx_word' id='word_1_108' title='bbox 1709 1680 1990 1750; x_wconf 84' lang='grc' dir='ltr'>Ἐκακώθη</span> 
     </span>
    </p>
   </div>
   <div class='ocr_carea' id='block_1_17' title="bbox 337 1763 1993 1845">
    <p class='ocr_par' dir='ltr' id='par_1_17' title="bbox 337 1763 1993 1845">
     <span class='ocr_line' id='line_1_17' title="bbox 337 1763 1993 1845; baseline 0.004 -27"><span class='ocrx_word' id='word_1_109' title='bbox 337 1763 484 1839; x_wconf 85' lang='grc' dir='ltr'>παρὰ</span> <span class='ocrx_word' id='word_1_110' title='bbox 532 1769 664 1819; x_wconf 93' lang='grc' dir='ltr'>Θεοῦ</span> <span class='ocrx_word' id='word_1_111' title='bbox 707 1766 1049 1843; x_wconf 86' lang='grc' dir='ltr'>κατακριθεὶς</span> <span class='ocrx_word' id='word_1_112' title='bbox 1098 1764 1199 1840; x_wconf 77' lang='grc' dir='ltr'>ἔξω</span> <span class='ocrx_word' id='word_1_113' title='bbox 1246 1770 1345 1837; x_wconf 80' lang='grc' dir='ltr'>τῆς</span> <span class='ocrx_word' id='word_1_114' title='bbox 1411 1764 1830 1844; x_wconf 76' lang='grc' dir='ltr'>ἐπηγγελμένης</span> <span class='ocrx_word' id='word_1_115' title='bbox 1888 1776 1993 1845; x_wconf 81' lang='grc' dir='ltr'>γῆς</span> 
     </span>
    </p>
   </div>
   <div class='ocr_carea' id='block_1_18' title="bbox 334 1852 1314 1933">
    <p class='ocr_par' dir='ltr' id='par_1_18' title="bbox 334 1852 1314 1933">
     <span class='ocr_line' id='line_1_18' title="bbox 334 1852 1314 1933; baseline 0.008 -27"><span class='ocrx_word' id='word_1_116' title='bbox 334 1852 647 1923; x_wconf 79' lang='grc' dir='ltr'>ἀποθανεῖν,</span> <span class='ocrx_word' id='word_1_117' title='bbox 680 1854 843 1917; x_wconf 88' lang='grc' dir='ltr'>αὐτός</span> <span class='ocrx_word' id='word_1_118' title='bbox 867 1876 926 1911; x_wconf 89' lang='grc' dir='ltr'>τε</span> <span class='ocrx_word' id='word_1_119' title='bbox 957 1856 1046 1911; x_wconf 86' lang='grc' dir='ltr'>καὶ</span> <span class='ocrx_word' id='word_1_120' title='bbox 1077 1857 1314 1933; x_wconf 84' lang='grc' dir='ltr'>’Δαρών.</span> 
     </span>
    </p>
   </div>
   <div class='ocr_carea' id='block_1_19' title="bbox 2104 674 3753 758">
    <p class='ocr_par' dir='ltr' id='par_1_19' title="bbox 2104 674 3753 758">
     <span class='ocr_line' id='line_1_19' title="bbox 2104 674 3753 758; baseline -0.004 -20"><span class='ocrx_word' id='word_1_121' title='bbox 2104 682 2195 738; x_wconf 84' lang='grc' dir='ltr'>καὶ</span> <span class='ocrx_word' id='word_1_122' title='bbox 2224 680 2566 748; x_wconf 82' lang='grc' dir='ltr'>πιστεύσουσι</span> <span class='ocrx_word' id='word_1_123' title='bbox 2623 686 2703 755; x_wconf 80' lang='grc' dir='ltr'>τῷ</span> <span class='ocrx_word' id='word_1_124' title='bbox 2750 685 2966 758; x_wconf 79' lang='grc' dir='ltr'>Χριστῷ</span> <span class='ocrx_word' id='word_1_125' title='bbox 3019 680 3214 742; x_wconf 84' lang='grc' dir='ltr'>πάντες</span> <span class='ocrx_word' id='word_1_126' title='bbox 3267 677 3318 733; x_wconf 83' lang='grc' dir='ltr'>οἰ</span> <span class='ocrx_word' id='word_1_127' title='bbox 3366 674 3619 734; x_wconf 84' lang='grc' dir='ltr'>Ἰουδαῖοι</span> <span class='ocrx_word' id='word_1_128' title='bbox 3661 676 3753 732; x_wconf 87' lang='grc' dir='ltr'>καὶ</span> 
     </span>
    </p>
   </div>
   <div class='ocr_carea' id='block_1_20' title="bbox 2108 764 3753 844">
    <p class='ocr_par' dir='ltr' id='par_1_20' title="bbox 2108 764 3753 844">
     <span class='ocr_line' id='line_1_20' title="bbox 2108 764 3753 844; baseline -0.004 -17"><span class='ocrx_word' id='word_1_129' title='bbox 2108 772 2183 834; x_wconf 78' lang='grc' dir='ltr'>εἷς</span> <span class='ocrx_word' id='word_1_130' title='bbox 2256 773 2356 841; x_wconf 77' lang='grc' dir='ltr'>τὴν</span> <span class='ocrx_word' id='word_1_131' title='bbox 2437 771 2561 844; x_wconf 89' lang='grc' dir='ltr'>μίαν</span> <span class='ocrx_word' id='word_1_132' title='bbox 2628 771 2717 826; x_wconf 76' lang='grc' dir='ltr'>καὶ</span> <span class='ocrx_word' id='word_1_133' title='bbox 2810 768 3109 837; x_wconf 78' lang='grc' dir='ltr'>καθολικὴν</span> <span class='ocrx_word' id='word_1_134' title='bbox 3184 765 3505 838; x_wconf 86' lang='grc' dir='ltr'>Ἐκκλησίαν</span> <span class='ocrx_word' id='word_1_135' title='bbox 3588 764 3753 822; x_wconf 88' lang='grc' dir='ltr'>αὐτοῦ</span> 
     </span>
    </p>
   </div>
   <div class='ocr_carea' id='block_1_21' title="bbox 2104 858 2944 936">
    <p class='ocr_par' dir='ltr' id='par_1_21' title="bbox 2104 858 2944 936">
     <span class='ocr_line' id='line_1_21' title="bbox 2104 858 2944 936; baseline 0 -21"><span class='ocrx_word' id='word_1_136' title='bbox 2104 859 2627 936; x_wconf 76' lang='grc' dir='ltr'>ἐπισυναχθήσονται</span> <span class='ocrx_word' id='word_1_137' title='bbox 2651 859 2740 914; x_wconf 82' lang='grc' dir='ltr'>καὶ</span> <span class='ocrx_word' id='word_1_138' title='bbox 2768 858 2944 915; x_wconf 81' lang='grc' dir='ltr'>αὐτοί.</span> 
     </span>
    </p>
   </div>
   <div class='ocr_carea' id='block_1_22' title="bbox 2182 943 3750 1025">
    <p class='ocr_par' dir='ltr' id='par_1_22' title="bbox 2182 943 3750 1025">
     <span class='ocr_line' id='line_1_22' title="bbox 2182 943 3750 1025; baseline -0.003 -23"><span class='ocrx_word' id='word_1_139' title='bbox 2182 972 2203 1002; x_wconf 75' lang='grc' dir='ltr'>ι</span> <span class='ocrx_word' id='word_1_140' title='bbox 2237 953 2341 1003; x_wconf 90' lang='grc' dir='ltr'>Τοῦ</span> <span class='ocrx_word' id='word_1_141' title='bbox 2392 947 2887 1025; x_wconf 80' lang='grc' dir='ltr'>ἐξομολογήσασθαι</span> <span class='ocrx_word' id='word_1_142' title='bbox 2937 948 3017 1020; x_wconf 82' lang='grc' dir='ltr'>τῷ</span> <span class='ocrx_word' id='word_1_143' title='bbox 3065 945 3294 1019; x_wconf 85' lang='grc' dir='ltr'>ὀνόματί</span> <span class='ocrx_word' id='word_1_144' title='bbox 3342 965 3438 1000; x_wconf 91' lang='grc' dir='ltr'>σου</span> <span class='ocrx_word' id='word_1_145' title='bbox 3466 949 3546 1017; x_wconf 76' lang='grc' dir='ltr'>τῷ</span> <span class='ocrx_word' id='word_1_146' title='bbox 3589 943 3750 1021; x_wconf 82' lang='grc' dir='ltr'>ἁγίῳ,</span> 
     </span>
    </p>
   </div>
   <div class='ocr_carea' id='block_1_23' title="bbox 2101 1029 3751 1114">
    <p class='ocr_par' dir='ltr' id='par_1_23' title="bbox 2101 1029 3751 1114">
     <span class='ocr_line' id='line_1_23' title="bbox 2101 1029 3751 1114; baseline -0.003 -21"><span class='ocrx_word' id='word_1_147' title='bbox 2101 1042 2199 1094; x_wconf 89' lang='grc' dir='ltr'>τοῦ</span> <span class='ocrx_word' id='word_1_148' title='bbox 2227 1037 2593 1114; x_wconf 81' lang='grc' dir='ltr'>ἐγκαυχᾶσθαι</span> <span class='ocrx_word' id='word_1_149' title='bbox 2624 1037 2676 1093; x_wconf 85' lang='grc' dir='ltr'>ἐν</span> <span class='ocrx_word' id='word_1_150' title='bbox 2709 1041 2776 1112; x_wconf 78' lang='grc' dir='ltr'>τῇ</span> <span class='ocrx_word' id='word_1_151' title='bbox 2822 1035 3016 1092; x_wconf 72' lang='grc' dir='ltr'>αἶ’νέσει</span> <span class='ocrx_word' id='word_1_152' title='bbox 3067 1056 3182 1092; x_wconf 88' lang='grc' dir='ltr'>σου.</span> <span class='ocrx_word' id='word_1_153' title='bbox 3218 1058 3247 1087; x_wconf 85' lang='grc'>››</span> <span class='ocrx_word' id='word_1_154' title='bbox 3277 1067 3346 1078; x_wconf 90' lang='lat'>-—</span> <span class='ocrx_word' id='word_1_155' title='bbox 3392 1035 3544 1109; x_wconf 79' lang='grc' dir='ltr'>Μέγα</span> <span class='ocrx_word' id='word_1_156' title='bbox 3581 1029 3751 1096; x_wconf 80' lang='grc' dir='ltr'>ὅντως</span> 
     </span>
    </p>
   </div>
   <div class='ocr_carea' id='block_1_24' title="bbox 2103 1124 3075 1204">
    <p class='ocr_par' dir='ltr' id='par_1_24' title="bbox 2103 1124 3075 1204">
     <span class='ocr_line' id='line_1_24' title="bbox 2103 1124 3075 1204; baseline -0.001 -22"><span class='ocrx_word' id='word_1_157' title='bbox 2103 1127 2370 1204; x_wconf 86' lang='grc' dir='ltr'>καύχημα</span> <span class='ocrx_word' id='word_1_158' title='bbox 2398 1128 2460 1182; x_wconf 89' lang='grc' dir='ltr'>τὸ</span> <span class='ocrx_word' id='word_1_159' title='bbox 2493 1127 2676 1200; x_wconf 85' lang='grc' dir='ltr'>ὑμνεῖν</span> <span class='ocrx_word' id='word_1_160' title='bbox 2707 1128 2799 1182; x_wconf 87' lang='grc' dir='ltr'>τὸν</span> <span class='ocrx_word' id='word_1_161' title='bbox 2826 1124 3075 1200; x_wconf 84' lang='grc' dir='ltr'>Χριστόν.</span> 
     </span>
    </p>
   </div>
   <div class='ocr_carea' id='block_1_25' title="bbox 2176 1211 3758 1293">
    <p class='ocr_par' dir='ltr' id='par_1_25' title="bbox 2176 1211 3758 1293">
     <span class='ocr_line' id='line_1_25' title="bbox 2176 1211 3758 1293; baseline -0.001 -24"><span class='ocrx_word' id='word_1_162' title='bbox 2176 1241 2204 1270; x_wconf 91' lang='grc'><em>‹‹</em></span> <span class='ocrx_word' id='word_1_163' title='bbox 2234 1216 2555 1293; x_wconf 79' lang='grc' dir='ltr'>Εὐλογητὸς</span> <span class='ocrx_word' id='word_1_164' title='bbox 2586 1215 2802 1291; x_wconf 85' lang='grc' dir='ltr'>Κύριος,</span> <span class='ocrx_word' id='word_1_165' title='bbox 2835 1217 2863 1271; x_wconf 97' lang='lat'>6</span> <span class='ocrx_word' id='word_1_166' title='bbox 2894 1216 3023 1278; x_wconf 84' lang='grc' dir='ltr'>Θεὸς</span> <span class='ocrx_word' id='word_1_167' title='bbox 3063 1213 3304 1291; x_wconf 76' lang='grc' dir='ltr'>Ἰσραὴλ,</span> <span class='ocrx_word' id='word_1_168' title='bbox 3355 1212 3462 1268; x_wconf 90' lang='grc' dir='ltr'>ἀπὸ</span> <span class='ocrx_word' id='word_1_169' title='bbox 3494 1215 3593 1268; x_wconf 89' lang='grc' dir='ltr'>τοῦ</span> <span class='ocrx_word' id='word_1_170' title='bbox 3623 1211 3758 1267; x_wconf 79' lang='grc' dir='ltr'>αἰῶ·-</span> 
     </span>
    </p>
   </div>
   <div class='ocr_carea' id='block_1_26' title="bbox 2102 1300 3756 1380">
    <p class='ocr_par' dir='ltr' id='par_1_26' title="bbox 2102 1300 3756 1380">
     <span class='ocr_line' id='line_1_26' title="bbox 2102 1300 3756 1380; baseline -0.002 -20"><span class='ocrx_word' id='word_1_171' title='bbox 2102 1326 2193 1368; x_wconf 92' lang='grc' dir='ltr'>νος</span> <span class='ocrx_word' id='word_1_172' title='bbox 2220 1306 2309 1361; x_wconf 81' lang='grc' dir='ltr'>καὶ</span> <span class='ocrx_word' id='word_1_173' title='bbox 2337 1303 2442 1368; x_wconf 73' lang='grc' dir='ltr'>ἕως</span> <span class='ocrx_word' id='word_1_174' title='bbox 2492 1310 2589 1361; x_wconf 91' lang='grc' dir='ltr'>τοῦ</span> <span class='ocrx_word' id='word_1_175' title='bbox 2642 1305 2857 1367; x_wconf 77' lang='grc' dir='ltr'>αἰῶνος.</span> <span class='ocrx_word' id='word_1_176' title='bbox 2893 1328 2921 1356; x_wconf 86' lang='grc'><strong>››</strong></span> <span class='ocrx_word' id='word_1_177' title='bbox 2954 1337 3019 1347; x_wconf 93' lang='grc'><strong><em>-</em></strong></span> <span class='ocrx_word' id='word_1_178' title='bbox 3069 1304 3213 1380; x_wconf 86' lang='grc' dir='ltr'>Ἐρεῖ</span> <span class='ocrx_word' id='word_1_179' title='bbox 3256 1302 3343 1369; x_wconf 90' lang='grc' dir='ltr'>τὸ,</span> <span class='ocrx_word' id='word_1_180' title='bbox 3378 1324 3406 1354; x_wconf 89' lang='grc'><em>‹‹</em></span> <span class='ocrx_word' id='word_1_181' title='bbox 3439 1300 3756 1377; x_wconf 73' lang='grc' dir='ltr'>Εὐλογητὸς</span> 
     </span>
    </p>
   </div>
   <div class='ocr_carea' id='block_1_27' title="bbox 2102 1388 3757 1471">
    <p class='ocr_par' dir='ltr' id='par_1_27' title="bbox 2102 1388 3757 1471">
     <span class='ocr_line' id='line_1_27' title="bbox 2102 1388 3757 1471; baseline -0.002 -22"><span class='ocrx_word' id='word_1_182' title='bbox 2102 1394 2319 1471; x_wconf 80' lang='grc' dir='ltr'>Κύριος.</span> <span class='ocrx_word' id='word_1_183' title='bbox 2359 1418 2380 1445; x_wconf 73' lang='grc' dir='ltr'>ι</span> <span class='ocrx_word' id='word_1_184' title='bbox 2417 1394 2515 1450; x_wconf 81' lang='grc' dir='ltr'>Καὶ</span> <span class='ocrx_word' id='word_1_185' title='bbox 2562 1399 2725 1450; x_wconf 88' lang='grc' dir='ltr'>τοῦτο</span> <span class='ocrx_word' id='word_1_186' title='bbox 2772 1392 3134 1471; x_wconf 79' lang='grc' dir='ltr'>προφητικὸν,</span> <span class='ocrx_word' id='word_1_187' title='bbox 3186 1394 3325 1454; x_wconf 82' lang='grc' dir='ltr'>ἅπας</span> <span class='ocrx_word' id='word_1_188' title='bbox 3372 1392 3475 1469; x_wconf 81' lang='grc' dir='ltr'>γὰρ</span> <span class='ocrx_word' id='word_1_189' title='bbox 3518 1390 3546 1446; x_wconf 89' lang='lat'>6</span> <span class='ocrx_word' id='word_1_190' title='bbox 3604 1388 3757 1461; x_wconf 90' lang='grc' dir='ltr'>λαὸς,</span> 
     </span>
    </p>
   </div>
   <div class='ocr_carea' id='block_1_28' title="bbox 2103 1480 3202 1560">
    <p class='ocr_par' dir='ltr' id='par_1_28' title="bbox 2103 1480 3202 1560">
     <span class='ocr_line' id='line_1_28' title="bbox 2103 1480 3202 1560; baseline 0.001 -21"><span class='ocrx_word' id='word_1_191' title='bbox 2103 1483 2323 1560; x_wconf 58' lang='grc' dir='ltr'>⁹ὕστερον</span> <span class='ocrx_word' id='word_1_192' title='bbox 2357 1484 2542 1559; x_wconf 83' lang='grc' dir='ltr'>ὑμνεῖν</span> <span class='ocrx_word' id='word_1_193' title='bbox 2572 1483 2663 1540; x_wconf 88' lang='grc' dir='ltr'>τὸν</span> <span class='ocrx_word' id='word_1_194' title='bbox 2697 1484 2907 1553; x_wconf 80' lang='grc' dir='ltr'>Ἰησοῦν</span> <span class='ocrx_word' id='word_1_195' title='bbox 2936 1483 3013 1545; x_wconf 87' lang='grc' dir='ltr'>ὡς</span> <span class='ocrx_word' id='word_1_196' title='bbox 3043 1480 3202 1540; x_wconf 85' lang='grc' dir='ltr'>Θοόν.</span> 
     </span>
    </p>
   </div>
   <div class='ocr_carea' id='block_1_29' title="bbox 2701 1620 3145 1711">
    <p class='ocr_par' dir='ltr' id='par_1_29' title="bbox 2701 1620 3145 1711">
     <span class='ocr_line' id='line_1_29' title="bbox 2701 1620 3145 1711; baseline -0.005 -12"><span class='ocrx_word' id='word_1_197' title='bbox 2701 1620 2997 1699; x_wconf 70' lang='grc' dir='ltr'>ΨΑἈΜοΣ</span> <span class='ocrx_word' id='word_1_198' title='bbox 3039 1643 3145 1711; x_wconf 69' lang='grc' dir='ltr'>Ρς.</span> 
     </span>
    </p>
   </div>
   <div class='ocr_carea' id='block_1_30' title="bbox 2177 1779 3757 1863">
    <p class='ocr_par' dir='ltr' id='par_1_30' title="bbox 2177 1779 3757 1863">
     <span class='ocr_line' id='line_1_30' title="bbox 2177 1779 3757 1863; baseline -0.001 -22"><span class='ocrx_word' id='word_1_199' title='bbox 2177 1811 2204 1841; x_wconf 91' lang='grc'><strong>‹‹</strong></span> <span class='ocrx_word' id='word_1_200' title='bbox 2238 1783 2605 1857; x_wconf 88' lang='grc' dir='ltr'>Ἀλληλούῖα.</span> <span class='ocrx_word' id='word_1_201' title='bbox 2659 1783 3109 1863; x_wconf 83' lang='grc' dir='ltr'>Ἐξομολογεῖσθε</span> <span class='ocrx_word' id='word_1_202' title='bbox 3136 1782 3216 1858; x_wconf 81' lang='grc' dir='ltr'>τῷ</span> <span class='ocrx_word' id='word_1_203' title='bbox 3264 1782 3468 1859; x_wconf 83' lang='grc' dir='ltr'>Κυρίῳ,</span> <span class='ocrx_word' id='word_1_204' title='bbox 3500 1779 3583 1838; x_wconf 72' lang='grc' dir='ltr'>ὅτι</span> <span class='ocrx_word' id='word_1_205' title='bbox 3614 1801 3757 1861; x_wconf 88' lang='grc' dir='ltr'>χρη-</span> 
     </span>
    </p>
   </div>
   <div class='ocr_carea' id='block_1_31' title="bbox 2101 1868 3759 1948">
    <p class='ocr_par' dir='ltr' id='par_1_31' title="bbox 2101 1868 3759 1948">
     <span class='ocr_line' id='line_1_31' title="bbox 2101 1868 3759 1948; baseline -0.003 -17"><span class='ocrx_word' id='word_1_206' title='bbox 2101 1874 2248 1948; x_wconf 88' lang='grc' dir='ltr'>στὸς,</span> <span class='ocrx_word' id='word_1_207' title='bbox 2276 1875 2359 1932; x_wconf 75' lang='grc' dir='ltr'>ὅτι</span> <span class='ocrx_word' id='word_1_208' title='bbox 2393 1876 2468 1939; x_wconf 85' lang='grc' dir='ltr'>εἰς</span> <span class='ocrx_word' id='word_1_209' title='bbox 2495 1877 2587 1932; x_wconf 90' lang='grc' dir='ltr'>τὸν</span> <span class='ocrx_word' id='word_1_210' title='bbox 2626 1877 2798 1931; x_wconf 72' lang='grc' dir='ltr'>αίῶνα</span> <span class='ocrx_word' id='word_1_211' title='bbox 2841 1875 2905 1931; x_wconf 89' lang='grc' dir='ltr'>τὸ</span> <span class='ocrx_word' id='word_1_212' title='bbox 2950 1871 3106 1936; x_wconf 77' lang='grc' dir='ltr'>ἔλεος</span> <span class='ocrx_word' id='word_1_213' title='bbox 3156 1873 3342 1928; x_wconf 84' lang='grc' dir='ltr'>αὑτοῦ.</span> <span class='ocrx_word' id='word_1_214' title='bbox 3394 1896 3424 1924; x_wconf 73' lang='grc' dir='ltr'><strong>υ</strong></span> <span class='ocrx_word' id='word_1_215' title='bbox 3476 1902 3546 1914; x_wconf 92' lang='grc'><strong><em>-</em></strong></span> <span class='ocrx_word' id='word_1_216' title='bbox 3588 1868 3759 1926; x_wconf 79' lang='grc' dir='ltr'>Εἰπά-</span> 
     </span>
    </p>
   </div>
   <div class='ocr_carea' id='block_1_32' title="bbox 407 1942 3720 2043">
    <p class='ocr_par' dir='ltr' id='par_1_32' title="bbox 407 1942 3720 2043">
     <span class='ocr_line' id='line_1_32' title="bbox 407 1942 3720 2043; baseline -0.002 -23"><span class='ocrx_word' id='word_1_217' title='bbox 407 1964 436 1993; x_wconf 75' lang='grc' dir='ltr'><strong>(ί</strong></span> <span class='ocrx_word' id='word_1_218' title='bbox 467 1944 586 1998; x_wconf 69' lang='grc' dir='ltr'><strong>Ὅτι</strong></span> <span class='ocrx_word' id='word_1_219' title='bbox 616 1942 1016 2020; x_wconf 71' lang='grc' dir='ltr'>παρεπίκραναν</span> <span class='ocrx_word' id='word_1_220' title='bbox 1065 1945 1128 2000; x_wconf 74' lang='grc' dir='ltr'>τὸ</span> <span class='ocrx_word' id='word_1_221' title='bbox 1172 1949 1387 2018; x_wconf 67' lang='grc' dir='ltr'>πνεῦμα</span> <span class='ocrx_word' id='word_1_222' title='bbox 1435 1945 1620 2005; x_wconf 67' lang='grc' dir='ltr'>αὐτοῦο</span> <span class='ocrx_word' id='word_1_223' title='bbox 1672 1968 1701 1997; x_wconf 71' lang='grc'>’³</span> <span class='ocrx_word' id='word_1_224' title='bbox 1735 1978 1801 1989; x_wconf 78' lang='grc'>’-</span> <span class='ocrx_word' id='word_1_225' title='bbox 1838 1944 1997 2041; x_wconf 58' lang='grc' dir='ltr'>Ἐλπίς</span> <span class='ocrx_word' id='word_1_226' title='bbox 2029 1969 2077 2033; x_wconf 84' lang='grc' dir='ltr'><strong>Β</strong></span> <span class='ocrx_word' id='word_1_227' title='bbox 2106 1984 2281 2021; x_wconf 85' lang='grc' dir='ltr'>τωσαν</span> <span class='ocrx_word' id='word_1_228' title='bbox 2314 1965 2397 2021; x_wconf 77' lang='grc' dir='ltr'>ὅτι</span> <span class='ocrx_word' id='word_1_229' title='bbox 2423 1965 2687 2043; x_wconf 89' lang='grc' dir='ltr'>χρηστὸς,</span> <span class='ocrx_word' id='word_1_230' title='bbox 2719 1963 2804 2020; x_wconf 79' lang='grc' dir='ltr'>ὅτι</span> <span class='ocrx_word' id='word_1_231' title='bbox 2836 1964 2911 2027; x_wconf 78' lang='grc' dir='ltr'>είς</span> <span class='ocrx_word' id='word_1_232' title='bbox 2940 1965 3030 2019; x_wconf 89' lang='grc' dir='ltr'>τὸν</span> <span class='ocrx_word' id='word_1_233' title='bbox 3058 1962 3232 2018; x_wconf 74' lang='grc' dir='ltr'>αἰῶνα</span> <span class='ocrx_word' id='word_1_234' title='bbox 3257 1961 3320 2016; x_wconf 89' lang='grc' dir='ltr'>τὸ</span> <span class='ocrx_word' id='word_1_235' title='bbox 3351 1956 3503 2023; x_wconf 83' lang='grc' dir='ltr'>ἔλεος</span> <span class='ocrx_word' id='word_1_236' title='bbox 3534 1960 3720 2016; x_wconf 86' lang='grc' dir='ltr'>αὐτοῦ.</span> 
     </span>
    </p>
   </div>
   <div class='ocr_carea' id='block_1_33' title="bbox 334 2033 1993 2111">
    <p class='ocr_par' dir='ltr' id='par_1_33' title="bbox 334 2033 1993 2111">
     <span class='ocr_line' id='line_1_33' title="bbox 334 2033 1993 2111; baseline 0.003 -26"><span class='ocrx_word' id='word_1_237' title='bbox 334 2048 518 2101; x_wconf 87' lang='grc' dir='ltr'>πησαν</span> <span class='ocrx_word' id='word_1_238' title='bbox 590 2034 690 2102; x_wconf 78' lang='grc' dir='ltr'>τὴν</span> <span class='ocrx_word' id='word_1_239' title='bbox 766 2033 952 2109; x_wconf 79' lang='grc' dir='ltr'>ψυχὴν</span> <span class='ocrx_word' id='word_1_240' title='bbox 1023 2037 1124 2089; x_wconf 82' lang='grc' dir='ltr'>τοῦ</span> <span class='ocrx_word' id='word_1_241' title='bbox 1181 2034 1420 2096; x_wconf 79' lang='grc' dir='ltr'>Μωσέως</span> <span class='ocrx_word' id='word_1_242' title='bbox 1490 2034 1848 2111; x_wconf 88' lang='grc' dir='ltr'>γογγύζοντες</span> <span class='ocrx_word' id='word_1_243' title='bbox 1899 2033 1993 2090; x_wconf 71' lang='grc' dir='ltr'>καί</span> 
     </span>
    </p>
   </div>
   <div class='ocr_carea' id='block_1_34' title="bbox 336 2115 1994 2210">
    <p class='ocr_par' dir='ltr' id='par_1_34' title="bbox 336 2115 1994 2210">
     <span class='ocr_line' id='line_1_34' title="bbox 336 2115 1994 2210; baseline 0.002 -36"><span class='ocrx_word' id='word_1_244' title='bbox 336 2115 653 2196; x_wconf 78' lang='grc' dir='ltr'>ὑϐρίζοντες</span> <span class='ocrx_word' id='word_1_245' title='bbox 704 2121 885 2194; x_wconf 85' lang='grc' dir='ltr'>αὐτὸν,</span> <span class='ocrx_word' id='word_1_246' title='bbox 918 2120 1009 2178; x_wconf 80' lang='grc' dir='ltr'>καί</span> <span class='ocrx_word' id='word_1_247' title='bbox 1056 2122 1402 2200; x_wconf 84' lang='grc' dir='ltr'>ἀναγκασθεὶς</span> <span class='ocrx_word' id='word_1_248' title='bbox 1453 2123 1568 2179; x_wconf 74' lang='grc' dir='ltr'>εἷπε</span> <span class='ocrx_word' id='word_1_249' title='bbox 1616 2122 1994 2210; x_wconf 65' lang='grc' dir='ltr'>διστακτικῶς,</span> 
     </span>
    </p>
   </div>
   <div class='ocr_carea' id='block_1_35' title="bbox 328 2209 1992 2290">
    <p class='ocr_par' dir='ltr' id='par_1_35' title="bbox 328 2209 1992 2290">
     <span class='ocr_line' id='line_1_35' title="bbox 328 2209 1992 2290; baseline 0.001 -26"><span class='ocrx_word' id='word_1_250' title='bbox 328 2230 360 2261; x_wconf 82' lang='grc'>‹‹</span> <span class='ocrx_word' id='word_1_251' title='bbox 410 2211 498 2279; x_wconf 83' lang='grc' dir='ltr'>Μὴ</span> <span class='ocrx_word' id='word_1_252' title='bbox 548 2209 610 2266; x_wconf 85' lang='grc' dir='ltr'>ἐκ</span> <span class='ocrx_word' id='word_1_253' title='bbox 653 2218 752 2280; x_wconf 86' lang='grc' dir='ltr'>τῆς</span> <span class='ocrx_word' id='word_1_254' title='bbox 796 2210 1000 2288; x_wconf 84' lang='grc' dir='ltr'>πέτρας</span> <span class='ocrx_word' id='word_1_255' title='bbox 1043 2211 1249 2282; x_wconf 78' lang='grc' dir='ltr'>ταύτης</span> <span class='ocrx_word' id='word_1_256' title='bbox 1298 2212 1464 2286; x_wconf 78' lang='grc' dir='ltr'>ἐξάξω</span> <span class='ocrx_word' id='word_1_257' title='bbox 1514 2214 1642 2287; x_wconf 86' lang='grc' dir='ltr'>ὑμῖν</span> <span class='ocrx_word' id='word_1_258' title='bbox 1690 2211 1839 2290; x_wconf 78' lang='grc' dir='ltr'>ὕδωρ</span> <span class='ocrx_word' id='word_1_259' title='bbox 1901 2234 1915 2285; x_wconf 88' lang='grc'><strong>;</strong></span> <span class='ocrx_word' id='word_1_260' title='bbox 1962 2209 1992 2266; x_wconf 55' lang='grc' dir='ltr'><em>ἡ</em></span> 
     </span>
    </p>
   </div>
   <div class='ocr_carea' id='block_1_36' title="bbox 405 2293 1989 2375">
    <p class='ocr_par' dir='ltr' id='par_1_36' title="bbox 405 2293 1989 2375">
     <span class='ocr_line' id='line_1_36' title="bbox 405 2293 1989 2375; baseline 0.006 -25"><span class='ocrx_word' id='word_1_261' title='bbox 405 2319 426 2345; x_wconf 78' lang='grc' dir='ltr'>α</span> <span class='ocrx_word' id='word_1_262' title='bbox 455 2296 555 2351; x_wconf 83' lang='grc' dir='ltr'>Καὶ</span> <span class='ocrx_word' id='word_1_263' title='bbox 583 2293 873 2353; x_wconf 83' lang='grc' dir='ltr'>διέστειλεν</span> <span class='ocrx_word' id='word_1_264' title='bbox 923 2297 975 2354; x_wconf 87' lang='grc' dir='ltr'>ἐν</span> <span class='ocrx_word' id='word_1_265' title='bbox 1026 2304 1144 2362; x_wconf 90' lang='grc' dir='ltr'>τοῖς</span> <span class='ocrx_word' id='word_1_266' title='bbox 1188 2297 1434 2375; x_wconf 88' lang='grc' dir='ltr'>χείλεσιν</span> <span class='ocrx_word' id='word_1_267' title='bbox 1477 2299 1665 2359; x_wconf 91' lang='grc' dir='ltr'>αὐτοῦ.</span> <span class='ocrx_word' id='word_1_268' title='bbox 1723 2325 1745 2352; x_wconf 72' lang='grc' dir='ltr'>ι</span> <span class='ocrx_word' id='word_1_269' title='bbox 1779 2333 1849 2346; x_wconf 92' lang='lat'><strong><em>—</em></strong></span> <span class='ocrx_word' id='word_1_270' title='bbox 1887 2302 1989 2359; x_wconf 89' lang='grc' dir='ltr'>Τὸν</span> 
     </span>
    </p>
   </div>
   <div class='ocr_carea' id='block_1_37' title="bbox 318 2385 1991 2465">
    <p class='ocr_par' dir='ltr' id='par_1_37' title="bbox 318 2385 1991 2465">
     <span class='ocr_line' id='line_1_37' title="bbox 318 2385 1991 2465; baseline 0.004 -24"><span class='ocrx_word' id='word_1_271' title='bbox 318 2385 569 2449; x_wconf 81' lang='grc' dir='ltr'>’Μωσέως</span> <span class='ocrx_word' id='word_1_272' title='bbox 600 2385 651 2460; x_wconf 80' lang='grc' dir='ltr'>ἐξ</span> <span class='ocrx_word' id='word_1_273' title='bbox 683 2385 981 2464; x_wconf 85' lang='grc' dir='ltr'>ὀλιγωρίας</span> <span class='ocrx_word' id='word_1_274' title='bbox 1030 2387 1195 2465; x_wconf 90' lang='grc' dir='ltr'>λόγον</span> <span class='ocrx_word' id='word_1_275' title='bbox 1247 2386 1337 2444; x_wconf 83' lang='grc' dir='ltr'>διὰ</span> <span class='ocrx_word' id='word_1_276' title='bbox 1377 2394 1474 2444; x_wconf 90' lang='grc' dir='ltr'>τοῦ</span> <span class='ocrx_word' id='word_1_277' title='bbox 1519 2387 1811 2446; x_wconf 82' lang='grc' dir='ltr'>διέστειλεν</span> <span class='ocrx_word' id='word_1_278' title='bbox 1860 2388 1991 2461; x_wconf 74' lang='grc' dir='ltr'>ἤτοι</span> 
     </span>
    </p>
   </div>
   <div class='ocr_carea' id='block_1_38' title="bbox 323 2469 1987 2556">
    <p class='ocr_par' dir='ltr' id='par_1_38' title="bbox 323 2469 1987 2556">
     <span class='ocr_line' id='line_1_38' title="bbox 323 2469 1987 2556; baseline 0.005 -29"><span class='ocrx_word' id='word_1_279' title='bbox 323 2469 508 2547; x_wconf 68' lang='grc' dir='ltr'>ἤνοιξε</span> <span class='ocrx_word' id='word_1_280' title='bbox 551 2476 621 2530; x_wconf 81' lang='grc' dir='ltr'>τὰ</span> <span class='ocrx_word' id='word_1_281' title='bbox 665 2474 833 2551; x_wconf 85' lang='grc' dir='ltr'>χείλη</span> <span class='ocrx_word' id='word_1_282' title='bbox 885 2476 1052 2533; x_wconf 87' lang='grc' dir='ltr'>αὐτοῦ</span> <span class='ocrx_word' id='word_1_283' title='bbox 1106 2477 1368 2556; x_wconf 78' lang='grc' dir='ltr'>εὐφήμως</span> <span class='ocrx_word' id='word_1_284' title='bbox 1420 2476 1697 2550; x_wconf 87' lang='grc' dir='ltr'>ἐδήλωσεν</span> <span class='ocrx_word' id='word_1_285' title='bbox 1745 2480 1773 2535; x_wconf 90' lang='grc' dir='ltr'><strong>ὁ</strong></span> <span class='ocrx_word' id='word_1_286' title='bbox 1802 2478 1987 2538; x_wconf 73' lang='grc' dir='ltr'>Δαυΐδ.</span> 
     </span>
    </p>
   </div>
   <div class='ocr_carea' id='block_1_39' title="bbox 327 2560 1993 2633">
    <p class='ocr_par' dir='ltr' id='par_1_39' title="bbox 327 2560 1993 2633">
     <span class='ocr_line' id='line_1_39' title="bbox 327 2560 1993 2633; baseline 0.005 -16"><span class='ocrx_word' id='word_1_287' title='bbox 327 2563 479 2625; x_wconf 77' lang='grc' dir='ltr'>Τινὲς</span> <span class='ocrx_word' id='word_1_288' title='bbox 534 2560 594 2619; x_wconf 77' lang='grc' dir='ltr'>δὲ</span> <span class='ocrx_word' id='word_1_289' title='bbox 645 2564 710 2620; x_wconf 86' lang='grc' dir='ltr'>τὸ</span> <span class='ocrx_word' id='word_1_290' title='bbox 770 2562 1063 2622; x_wconf 80' lang='grc' dir='ltr'>διέστειλεν</span> <span class='ocrx_word' id='word_1_291' title='bbox 1117 2566 1237 2622; x_wconf 84' lang='grc' dir='ltr'>ἀντὶ</span> <span class='ocrx_word' id='word_1_292' title='bbox 1296 2573 1396 2623; x_wconf 91' lang='grc' dir='ltr'>τοῦ</span> <span class='ocrx_word' id='word_1_293' title='bbox 1454 2565 1808 2633; x_wconf 90' lang='grc' dir='ltr'>διστακτικῶς</span> <span class='ocrx_word' id='word_1_294' title='bbox 1867 2568 1993 2626; x_wconf 85' lang='grc' dir='ltr'>ἐλά-</span> 
     </span>
    </p>
   </div>
   <div class='ocr_carea' id='block_1_40' title="bbox 327 2647 1990 2735">
    <p class='ocr_par' dir='ltr' id='par_1_40' title="bbox 327 2647 1990 2735">
     <span class='ocr_line' id='line_1_40' title="bbox 327 2647 1990 2735; baseline 0.006 -30"><span class='ocrx_word' id='word_1_295' title='bbox 327 2647 467 2735; x_wconf 83' lang='grc' dir='ltr'>λησε</span> <span class='ocrx_word' id='word_1_296' title='bbox 520 2655 836 2724; x_wconf 84' lang='grc' dir='ltr'>νενοήκασιν</span> <span class='ocrx_word' id='word_1_297' title='bbox 867 2697 882 2712; x_wconf 97' lang='grc'>.</span> <span class='ocrx_word' id='word_1_298' title='bbox 943 2654 1098 2711; x_wconf 75' lang='grc' dir='ltr'>Οὕτω</span> <span class='ocrx_word' id='word_1_299' title='bbox 1167 2653 1227 2711; x_wconf 74' lang='grc' dir='ltr'>δὲ</span> <span class='ocrx_word' id='word_1_300' title='bbox 1299 2657 1363 2711; x_wconf 89' lang='grc' dir='ltr'>τὸ</span> <span class='ocrx_word' id='word_1_301' title='bbox 1437 2656 1489 2712; x_wconf 87' lang='grc' dir='ltr'>ἐν</span> <span class='ocrx_word' id='word_1_302' title='bbox 1565 2663 1683 2720; x_wconf 86' lang='grc' dir='ltr'>τοῖς</span> <span class='ocrx_word' id='word_1_303' title='bbox 1746 2658 1990 2735; x_wconf 86' lang='grc' dir='ltr'>χείλεσιν</span> 
     </span>
    </p>
   </div>
   <div class='ocr_carea' id='block_1_41' title="bbox 330 2734 1987 2821">
    <p class='ocr_par' dir='ltr' id='par_1_41' title="bbox 330 2734 1987 2821">
     <span class='ocr_line' id='line_1_41' title="bbox 330 2734 1987 2821; baseline 0.005 -27"><span class='ocrx_word' id='word_1_304' title='bbox 330 2734 477 2795; x_wconf 80' lang='grc' dir='ltr'>ἔσται</span> <span class='ocrx_word' id='word_1_305' title='bbox 525 2741 643 2796; x_wconf 77' lang='grc' dir='ltr'>ἀντὶ</span> <span class='ocrx_word' id='word_1_306' title='bbox 695 2747 792 2798; x_wconf 89' lang='grc' dir='ltr'>τοῦ</span> <span class='ocrx_word' id='word_1_307' title='bbox 838 2741 929 2799; x_wconf 79' lang='grc' dir='ltr'>διὰ</span> <span class='ocrx_word' id='word_1_308' title='bbox 970 2748 1079 2799; x_wconf 88' lang='grc' dir='ltr'>τῶν</span> <span class='ocrx_word' id='word_1_309' title='bbox 1130 2743 1387 2821; x_wconf 80' lang='grc' dir='ltr'>χειλέων.</span> <span class='ocrx_word' id='word_1_310' title='bbox 1433 2743 1559 2802; x_wconf 78' lang='grc' dir='ltr'>Οίδε</span> <span class='ocrx_word' id='word_1_311' title='bbox 1606 2744 1664 2802; x_wconf 77' lang='grc' dir='ltr'>δὲ</span> <span class='ocrx_word' id='word_1_312' title='bbox 1711 2748 1747 2817; x_wconf 82' lang='grc' dir='ltr'>ἡ</span> <span class='ocrx_word' id='word_1_313' title='bbox 1779 2749 1987 2804; x_wconf 84' lang='grc' dir='ltr'>παλαιά</span> 
     </span>
    </p>
   </div>
   <div class='ocr_carea' id='block_1_42' title="bbox 337 2830 1983 2912">
    <p class='ocr_par' dir='ltr' id='par_1_42' title="bbox 337 2830 1983 2912">
     <span class='ocr_line' id='line_1_42' title="bbox 337 2830 1983 2912; baseline 0.004 -27"><span class='ocrx_word' id='word_1_314' title='bbox 337 2831 525 2908; x_wconf 83' lang='grc' dir='ltr'>Γραφή</span> <span class='ocrx_word' id='word_1_315' title='bbox 582 2830 699 2886; x_wconf 86' lang='grc' dir='ltr'>ἀντὶ</span> <span class='ocrx_word' id='word_1_316' title='bbox 748 2835 846 2887; x_wconf 89' lang='grc' dir='ltr'>τοῦ</span> <span class='ocrx_word' id='word_1_317' title='bbox 896 2833 1084 2895; x_wconf 66' lang='grc' dir='ltr'>ἁπλῶς</span> <span class='ocrx_word' id='word_1_318' title='bbox 1131 2835 1367 2909; x_wconf 83' lang='grc' dir='ltr'>χρᾶσθαι</span> <span class='ocrx_word' id='word_1_319' title='bbox 1419 2831 1593 2912; x_wconf 85' lang='grc' dir='ltr'>λέγειν</span> <span class='ocrx_word' id='word_1_320' title='bbox 1642 2836 1704 2891; x_wconf 89' lang='grc' dir='ltr'>τὸ</span> <span class='ocrx_word' id='word_1_321' title='bbox 1735 2833 1983 2892; x_wconf 90' lang='grc' dir='ltr'>διαστέλ-</span> 
     </span>
    </p>
   </div>
   <div class='ocr_carea' id='block_1_43' title="bbox 332 2915 543 2976">
    <p class='ocr_par' dir='ltr' id='par_1_43' title="bbox 332 2915 543 2976">
     <span class='ocr_line' id='line_1_43' title="bbox 332 2915 543 2976; baseline 0.009 -2"><span class='ocrx_word' id='word_1_322' title='bbox 332 2915 543 2976; x_wconf 83' lang='grc' dir='ltr'>λεσθαι.</span> 
     </span>
    </p>
   </div>
   <div class='ocr_carea' id='block_1_44' title="bbox 396 3008 1985 3087">
    <p class='ocr_par' dir='ltr' id='par_1_44' title="bbox 396 3008 1985 3087">
     <span class='ocr_line' id='line_1_44' title="bbox 396 3008 1985 3087; baseline 0.007 -28"><span class='ocrx_word' id='word_1_323' title='bbox 396 3031 427 3060; x_wconf 87' lang='grc'>‹‹</span> <span class='ocrx_word' id='word_1_324' title='bbox 460 3009 561 3064; x_wconf 85' lang='grc' dir='ltr'>Καὶ</span> <span class='ocrx_word' id='word_1_325' title='bbox 619 3008 884 3086; x_wconf 89' lang='grc' dir='ltr'>ἐμίγησαν</span> <span class='ocrx_word' id='word_1_326' title='bbox 935 3009 987 3064; x_wconf 88' lang='grc' dir='ltr'>ἐν</span> <span class='ocrx_word' id='word_1_327' title='bbox 1032 3015 1152 3074; x_wconf 90' lang='grc' dir='ltr'>τοῖς</span> <span class='ocrx_word' id='word_1_328' title='bbox 1213 3010 1384 3076; x_wconf 79' lang='grc' dir='ltr'>ἔθνεσι</span> <span class='ocrx_word' id='word_1_329' title='bbox 1427 3058 1441 3085; x_wconf 82' lang='grc'>,</span> <span class='ocrx_word' id='word_1_330' title='bbox 1499 3013 1590 3067; x_wconf 87' lang='grc' dir='ltr'>καὶ</span> <span class='ocrx_word' id='word_1_331' title='bbox 1663 3009 1860 3087; x_wconf 74' lang='grc' dir='ltr'>ἔμαθον</span> <span class='ocrx_word' id='word_1_332' title='bbox 1918 3016 1985 3070; x_wconf 78' lang='grc' dir='ltr'>τὰ</span> 
     </span>
    </p>
   </div>
   <div class='ocr_carea' id='block_1_45' title="bbox 327 3093 1800 3175">
    <p class='ocr_par' dir='ltr' id='par_1_45' title="bbox 327 3093 1800 3175">
     <span class='ocr_line' id='line_1_45' title="bbox 327 3093 1800 3175; baseline 0.005 -23"><span class='ocrx_word' id='word_1_333' title='bbox 327 3093 461 3173; x_wconf 76' lang='grc' dir='ltr'>ἔργα</span> <span class='ocrx_word' id='word_1_334' title='bbox 487 3097 683 3154; x_wconf 82' lang='grc' dir='ltr'>αὐτῶν.</span> <span class='ocrx_word' id='word_1_335' title='bbox 720 3121 748 3149; x_wconf 85' lang='grc'><strong>››</strong></span> <span class='ocrx_word' id='word_1_336' title='bbox 779 3131 848 3142; x_wconf 89' lang='lat'>-—</span> <span class='ocrx_word' id='word_1_337' title='bbox 876 3099 1051 3174; x_wconf 83' lang='grc' dir='ltr'>Ἔργα</span> <span class='ocrx_word' id='word_1_338' title='bbox 1075 3101 1144 3154; x_wconf 82' lang='grc' dir='ltr'>τὰ</span> <span class='ocrx_word' id='word_1_339' title='bbox 1171 3101 1463 3175; x_wconf 87' lang='grc' dir='ltr'>παράνομα</span> <span class='ocrx_word' id='word_1_340' title='bbox 1490 3102 1580 3157; x_wconf 86' lang='grc' dir='ltr'>καὶ</span> <span class='ocrx_word' id='word_1_341' title='bbox 1610 3097 1800 3172; x_wconf 84' lang='grc' dir='ltr'>ἀσεϐῆ.</span> 
     </span>
    </p>
   </div>
   <div class='ocr_carea' id='block_1_46' title="bbox 397 3184 1980 3268">
    <p class='ocr_par' dir='ltr' id='par_1_46' title="bbox 397 3184 1980 3268">
     <span class='ocr_line' id='line_1_46' title="bbox 397 3184 1980 3268; baseline 0.006 -30"><span class='ocrx_word' id='word_1_342' title='bbox 397 3209 426 3237; x_wconf 90' lang='grc'>‹‹</span> <span class='ocrx_word' id='word_1_343' title='bbox 462 3187 561 3241; x_wconf 86' lang='grc' dir='ltr'>Καὶ</span> <span class='ocrx_word' id='word_1_344' title='bbox 609 3184 933 3243; x_wconf 86' lang='grc' dir='ltr'>ἐδούλευσαν</span> <span class='ocrx_word' id='word_1_345' title='bbox 979 3193 1097 3251; x_wconf 88' lang='grc' dir='ltr'>τοῖς</span> <span class='ocrx_word' id='word_1_346' title='bbox 1143 3187 1409 3264; x_wconf 89' lang='grc' dir='ltr'>γλυπτοῖς</span> <span class='ocrx_word' id='word_1_347' title='bbox 1458 3189 1633 3245; x_wconf 90' lang='grc' dir='ltr'>αὐτῶν</span> <span class='ocrx_word' id='word_1_348' title='bbox 1664 3210 1676 3223; x_wconf 86' lang='grc'><strong>·</strong></span> <span class='ocrx_word' id='word_1_349' title='bbox 1729 3191 1820 3246; x_wconf 85' lang='grc' dir='ltr'>καὶ</span> <span class='ocrx_word' id='word_1_350' title='bbox 1868 3190 1980 3268; x_wconf 89' lang='grc' dir='ltr'>ἐγε-</span> 
     </span>
    </p>
   </div>
   <div class='ocr_carea' id='block_1_47' title="bbox 320 3273 2009 3345">
    <p class='ocr_par' dir='ltr' id='par_1_47' title="bbox 320 3273 2009 3345">
     <span class='ocr_line' id='line_1_47' title="bbox 320 3273 2009 3345; baseline 0.004 -16"><span class='ocrx_word' id='word_1_351' title='bbox 320 3275 456 3345; x_wconf 83' lang='grc' dir='ltr'>νήθη</span> <span class='ocrx_word' id='word_1_352' title='bbox 489 3274 676 3337; x_wconf 88' lang='grc' dir='ltr'>αὐτοῖς</span> <span class='ocrx_word' id='word_1_353' title='bbox 725 3274 802 3338; x_wconf 84' lang='grc' dir='ltr'>είς</span> <span class='ocrx_word' id='word_1_354' title='bbox 854 3273 1176 3334; x_wconf 88' lang='grc' dir='ltr'>σκάνδαλον.</span> <span class='ocrx_word' id='word_1_355' title='bbox 1208 3300 1237 3329; x_wconf 81' lang='grc'><strong>))</strong></span> <span class='ocrx_word' id='word_1_356' title='bbox 1288 3309 1360 3321; x_wconf 66' lang='grc' dir='ltr'>ν-</span> <span class='ocrx_word' id='word_1_357' title='bbox 1404 3278 1474 3333; x_wconf 89' lang='grc' dir='ltr'>Τὸ</span> <span class='ocrx_word' id='word_1_358' title='bbox 1524 3275 1810 3334; x_wconf 90' lang='grc' dir='ltr'>δουλεῦσαι</span> <span class='ocrx_word' id='word_1_359' title='bbox 1859 3285 2009 3342; x_wconf 9' lang='grc' dir='ltr'>τοῖς.</span> 
     </span>
    </p>
   </div>
   <div class='ocr_carea' id='block_1_48' title="bbox 319 3362 1974 3443">
    <p class='ocr_par' dir='ltr' id='par_1_48' title="bbox 319 3362 1974 3443">
     <span class='ocr_line' id='line_1_48' title="bbox 319 3362 1974 3443; baseline 0.002 -23"><span class='ocrx_word' id='word_1_360' title='bbox 319 3362 589 3437; x_wconf 83' lang='grc' dir='ltr'>γλυπτοῖς</span> <span class='ocrx_word' id='word_1_361' title='bbox 620 3363 826 3441; x_wconf 84' lang='grc' dir='ltr'>ἐγένετο</span> <span class='ocrx_word' id='word_1_362' title='bbox 872 3370 989 3428; x_wconf 88' lang='grc' dir='ltr'>τοῖς</span> <span class='ocrx_word' id='word_1_363' title='bbox 1038 3362 1324 3429; x_wconf 84' lang='grc' dir='ltr'>Ἰουδαίοις</span> <span class='ocrx_word' id='word_1_364' title='bbox 1373 3365 1451 3429; x_wconf 81' lang='grc' dir='ltr'>εἷς</span> <span class='ocrx_word' id='word_1_365' title='bbox 1497 3365 1840 3443; x_wconf 71' lang='grc' dir='ltr'>πρόσκομμα</span> <span class='ocrx_word' id='word_1_366' title='bbox 1884 3368 1974 3424; x_wconf 82' lang='grc' dir='ltr'>καὶ</span> 
     </span>
    </p>
   </div>
   <div class='ocr_carea' id='block_1_49' title="bbox 317 3473 543 3508">
    <p class='ocr_par' dir='ltr' id='par_1_49' title="bbox 317 3473 543 3508">
     <span class='ocr_line' id='line_1_49' title="bbox 317 3473 543 3508; baseline 0 0"><span class='ocrx_word' id='word_1_367' title='bbox 317 3473 543 3508; x_wconf 90' lang='grc' dir='ltr'>πτωσιν.</span> 
     </span>
    </p>
   </div>
   <div class='ocr_carea' id='block_1_50' title="bbox 394 3531 1975 3621">
    <p class='ocr_par' dir='ltr' id='par_1_50' title="bbox 394 3531 1975 3621">
     <span class='ocr_line' id='line_1_50' title="bbox 394 3531 1975 3621; baseline 0.005 -27"><span class='ocrx_word' id='word_1_368' title='bbox 394 3567 415 3594; x_wconf 73' lang='grc' dir='ltr'><strong><em>α</em></strong></span> <span class='ocrx_word' id='word_1_369' title='bbox 451 3542 551 3598; x_wconf 85' lang='grc' dir='ltr'>Καὶ</span> <span class='ocrx_word' id='word_1_370' title='bbox 610 3543 1017 3621; x_wconf 86' lang='grc' dir='ltr'>ἐφονοκτονήθη</span> <span class='ocrx_word' id='word_1_371' title='bbox 1068 3546 1104 3614; x_wconf 78' lang='grc' dir='ltr'><strong>ἡ</strong></span> <span class='ocrx_word' id='word_1_372' title='bbox 1165 3550 1236 3619; x_wconf 88' lang='grc' dir='ltr'>γῆ</span> <span class='ocrx_word' id='word_1_373' title='bbox 1297 3543 1348 3600; x_wconf 88' lang='grc' dir='ltr'>ἐν</span> <span class='ocrx_word' id='word_1_374' title='bbox 1408 3550 1524 3608; x_wconf 89' lang='grc' dir='ltr'>τοῖς</span> <span class='ocrx_word' id='word_1_375' title='bbox 1583 3544 1796 3620; x_wconf 68' lang='grc' dir='ltr'>α’ίμασι.</span> <span class='ocrx_word' id='word_1_376' title='bbox 1838 3531 1975 3599; x_wconf 45' lang='grc' dir='ltr'>λ)-</span> 
     </span>
    </p>
   </div>
   <div class='ocr_carea' id='block_1_51' title="bbox 318 3630 1976 3713">
    <p class='ocr_par' dir='ltr' id='par_1_51' title="bbox 318 3630 1976 3713">
     <span class='ocr_line' id='line_1_51' title="bbox 318 3630 1976 3713; baseline 0.002 -24"><span class='ocrx_word' id='word_1_377' title='bbox 318 3631 417 3689; x_wconf 69' lang='lat' dir='ltr'>Kal</span> <span class='ocrx_word' id='word_1_378' title='bbox 449 3630 701 3703; x_wconf 87' lang='grc' dir='ltr'>ἐπλήσθη</span> <span class='ocrx_word' id='word_1_379' title='bbox 737 3631 790 3703; x_wconf 81' lang='grc' dir='ltr'>ἐξ</span> <span class='ocrx_word' id='word_1_380' title='bbox 837 3631 1210 3696; x_wconf 86' lang='grc' dir='ltr'>ἀποκτάνσεως</span> <span class='ocrx_word' id='word_1_381' title='bbox 1258 3631 1386 3704; x_wconf 71' lang='grc' dir='ltr'>ἤτοι</span> <span class='ocrx_word' id='word_1_382' title='bbox 1436 3641 1647 3713; x_wconf 78' lang='grc' dir='ltr'>σφαγῆς</span> <span class='ocrx_word' id='word_1_383' title='bbox 1675 3637 1710 3705; x_wconf 87' lang='grc' dir='ltr'>ἡ</span> <span class='ocrx_word' id='word_1_384' title='bbox 1760 3642 1832 3711; x_wconf 88' lang='grc' dir='ltr'>γῆ</span> <span class='ocrx_word' id='word_1_385' title='bbox 1887 3633 1976 3692; x_wconf 78' lang='grc' dir='ltr'>διὰ</span> 
     </span>
    </p>
   </div>
   <div class='ocr_carea' id='block_1_52' title="bbox 312 3718 1970 3795">
    <p class='ocr_par' dir='ltr' id='par_1_52' title="bbox 312 3718 1970 3795">
     <span class='ocr_line' id='line_1_52' title="bbox 312 3718 1970 3795; baseline 0.002 -19"><span class='ocrx_word' id='word_1_386' title='bbox 312 3725 422 3776; x_wconf 90' lang='grc' dir='ltr'>τῶν</span> <span class='ocrx_word' id='word_1_387' title='bbox 476 3721 723 3795; x_wconf 79' lang='grc' dir='ltr'>αἱμάτων</span> <span class='ocrx_word' id='word_1_388' title='bbox 777 3720 867 3776; x_wconf 88' lang='grc' dir='ltr'>καὶ</span> <span class='ocrx_word' id='word_1_389' title='bbox 942 3719 1219 3795; x_wconf 86' lang='grc' dir='ltr'>ἐμολύνθη</span> <span class='ocrx_word' id='word_1_390' title='bbox 1299 3718 1389 3777; x_wconf 77' lang='grc' dir='ltr'>διὰ</span> <span class='ocrx_word' id='word_1_391' title='bbox 1440 3727 1548 3779; x_wconf 89' lang='grc' dir='ltr'>τῶν</span> <span class='ocrx_word' id='word_1_392' title='bbox 1626 3724 1824 3780; x_wconf 81' lang='grc' dir='ltr'>θυσιῶν</span> <span class='ocrx_word' id='word_1_393' title='bbox 1881 3725 1970 3781; x_wconf 80' lang='grc' dir='ltr'>καὶ</span> 
     </span>
    </p>
   </div>
   <div class='ocr_carea' id='block_1_53' title="bbox 314 3810 742 3887">
    <p class='ocr_par' dir='ltr' id='par_1_53' title="bbox 314 3810 742 3887">
     <span class='ocr_line' id='line_1_53' title="bbox 314 3810 742 3887; baseline 0.005 -22"><span class='ocrx_word' id='word_1_394' title='bbox 314 3810 742 3887; x_wconf 76' lang='grc' dir='ltr'>αἰσχρουργιῶν.</span> 
     </span>
    </p>
   </div>
   <div class='ocr_carea' id='block_1_54' title="bbox 390 3898 1964 3976">
    <p class='ocr_par' dir='ltr' id='par_1_54' title="bbox 390 3898 1964 3976">
     <span class='ocr_line' id='line_1_54' title="bbox 390 3898 1964 3976; baseline 0.006 -26"><span class='ocrx_word' id='word_1_395' title='bbox 390 3920 419 3951; x_wconf 73' lang='grc' dir='ltr'>ιι</span> <span class='ocrx_word' id='word_1_396' title='bbox 450 3898 550 3955; x_wconf 81' lang='grc' dir='ltr'>Καὶ</span> <span class='ocrx_word' id='word_1_397' title='bbox 600 3898 923 3973; x_wconf 88' lang='grc' dir='ltr'>ἐπόρνευσαν</span> <span class='ocrx_word' id='word_1_398' title='bbox 976 3898 1028 3955; x_wconf 92' lang='grc' dir='ltr'>ἐν</span> <span class='ocrx_word' id='word_1_399' title='bbox 1076 3906 1194 3963; x_wconf 87' lang='grc' dir='ltr'>τοῖς</span> <span class='ocrx_word' id='word_1_400' title='bbox 1239 3899 1660 3976; x_wconf 77' lang='grc' dir='ltr'>ἐπιτηδεύμασιν</span> <span class='ocrx_word' id='word_1_401' title='bbox 1711 3903 1907 3961; x_wconf 88' lang='grc' dir='ltr'>αὐτῶν.</span> <span class='ocrx_word' id='word_1_402' title='bbox 1937 3926 1964 3959; x_wconf 66' lang='grc' dir='ltr'>ι</span> 
     </span>
    </p>
   </div>
   <div class='ocr_carea' id='block_1_55' title="bbox 316 3985 1969 4065">
    <p class='ocr_par' dir='ltr' id='par_1_55' title="bbox 316 3985 1969 4065">
     <span class='ocr_line' id='line_1_55' title="bbox 316 3985 1969 4065; baseline 0.004 -23"><span class='ocrx_word' id='word_1_403' title='bbox 316 4016 389 4029; x_wconf 78' lang='grc' dir='ltr'>-ο</span> <span class='ocrx_word' id='word_1_404' title='bbox 443 3985 801 4049; x_wconf 78' lang='grc' dir='ltr'>Ἀποστάντες</span> <span class='ocrx_word' id='word_1_405' title='bbox 856 3987 958 4065; x_wconf 73' lang='grc' dir='ltr'>γὰρ</span> <span class='ocrx_word' id='word_1_406' title='bbox 1010 3993 1108 4043; x_wconf 91' lang='grc' dir='ltr'>τοῦ</span> <span class='ocrx_word' id='word_1_407' title='bbox 1182 3994 1316 4045; x_wconf 85' lang='grc' dir='ltr'>Θεοῦ</span> <span class='ocrx_word' id='word_1_408' title='bbox 1395 3988 1777 4063; x_wconf 82' lang='grc' dir='ltr'>ἐκολλήθησαν</span> <span class='ocrx_word' id='word_1_409' title='bbox 1852 3999 1969 4056; x_wconf 86' lang='grc' dir='ltr'>τοῖς</span> 
     </span>
    </p>
   </div>
   <div class='ocr_carea' id='block_1_56' title="bbox 320 4071 1968 4157">
    <p class='ocr_par' dir='ltr' id='par_1_56' title="bbox 320 4071 1968 4157">
     <span class='ocr_line' id='line_1_56' title="bbox 320 4071 1968 4157; baseline 0.005 -28"><span class='ocrx_word' id='word_1_410' title='bbox 320 4071 567 4148; x_wconf 89' lang='grc' dir='ltr'>δαίμοσι,</span> <span class='ocrx_word' id='word_1_411' title='bbox 625 4071 696 4129; x_wconf 86' lang='grc' dir='ltr'>δι’</span> <span class='ocrx_word' id='word_1_412' title='bbox 755 4076 830 4130; x_wconf 80' lang='grc' dir='ltr'>ὧν</span> <span class='ocrx_word' id='word_1_413' title='bbox 892 4075 1207 4152; x_wconf 76' lang='grc' dir='ltr'>εἰργάζοντο</span> <span class='ocrx_word' id='word_1_414' title='bbox 1266 4077 1710 4157; x_wconf 79' lang='grc' dir='ltr'>εἰδωλολατριῶν</span> <span class='ocrx_word' id='word_1_415' title='bbox 1762 4102 1824 4137; x_wconf 88' lang='grc' dir='ltr'>τε</span> <span class='ocrx_word' id='word_1_416' title='bbox 1878 4083 1968 4138; x_wconf 88' lang='grc' dir='ltr'>καὶ</span> 
     </span>
    </p>
   </div>
   <div class='ocr_carea' id='block_1_57' title="bbox 310 4161 631 4240">
    <p class='ocr_par' dir='ltr' id='par_1_57' title="bbox 310 4161 631 4240">
     <span class='ocr_line' id='line_1_57' title="bbox 310 4161 631 4240; baseline 0.006 -21"><span class='ocrx_word' id='word_1_417' title='bbox 310 4161 606 4240; x_wconf 85' lang='grc' dir='ltr'>ἀσελγειῶν</span> <span class='ocrx_word' id='word_1_418' title='bbox 617 4207 631 4221; x_wconf 94' lang='grc'>.</span> 
     </span>
    </p>
   </div>
   <div class='ocr_carea' id='block_1_58' title="bbox 384 4242 1970 4338">
    <p class='ocr_par' dir='ltr' id='par_1_58' title="bbox 384 4242 1970 4338">
     <span class='ocr_line' id='line_1_58' title="bbox 384 4242 1970 4338; baseline 0.006 -32"><span class='ocrx_word' id='word_1_419' title='bbox 384 4277 414 4306; x_wconf 88' lang='grc'>‹‹</span> <span class='ocrx_word' id='word_1_420' title='bbox 444 4251 743 4317; x_wconf 83' lang='grc' dir='ltr'>ΙΙλεονάκις</span> <span class='ocrx_word' id='word_1_421' title='bbox 771 4242 1032 4330; x_wconf 71' lang='grc' dir='ltr'>ἐρῥύσατο</span> <span class='ocrx_word' id='word_1_422' title='bbox 1057 4253 1275 4318; x_wconf 86' lang='grc' dir='ltr'>αὐτούς.</span> <span class='ocrx_word' id='word_1_423' title='bbox 1299 4256 1467 4313; x_wconf 85' lang='grc' dir='ltr'>Αὐτοὶ</span> <span class='ocrx_word' id='word_1_424' title='bbox 1489 4255 1548 4314; x_wconf 71' lang='grc' dir='ltr'>δὲ</span> <span class='ocrx_word' id='word_1_425' title='bbox 1568 4259 1970 4338; x_wconf 84' lang='grc' dir='ltr'>παρεπίκραναν</span> 
     </span>
    </p>
   </div>
   <div class='ocr_carea' id='block_1_59' title="bbox 310 4340 1966 4424">
    <p class='ocr_par' dir='ltr' id='par_1_59' title="bbox 310 4340 1966 4424">
     <span class='ocr_line' id='line_1_59' title="bbox 310 4340 1966 4424; baseline 0.005 -27"><span class='ocrx_word' id='word_1_426' title='bbox 310 4341 469 4399; x_wconf 88' lang='grc' dir='ltr'>αὐτὸν</span> <span class='ocrx_word' id='word_1_427' title='bbox 503 4340 555 4398; x_wconf 92' lang='grc' dir='ltr'>ἐν</span> <span class='ocrx_word' id='word_1_428' title='bbox 698 4340 874 4420; x_wconf 76' lang='grc' dir='ltr'>βουλῇ</span> <span class='ocrx_word' id='word_1_429' title='bbox 923 4341 1122 4402; x_wconf 89' lang='grc' dir='ltr'>αὐτῶν.</span> <span class='ocrx_word' id='word_1_430' title='bbox 1153 4366 1183 4396; x_wconf 82' lang='grc'><strong>››</strong></span> <span class='ocrx_word' id='word_1_431' title='bbox 1217 4378 1287 4387; x_wconf 87' lang='grc'><strong>-</strong></span> <span class='ocrx_word' id='word_1_432' title='bbox 1321 4346 1405 4400; x_wconf 85' lang='grc' dir='ltr'>Ἐν</span> <span class='ocrx_word' id='word_1_433' title='bbox 1449 4351 1520 4421; x_wconf 81' lang='grc' dir='ltr'>τῇ</span> <span class='ocrx_word' id='word_1_434' title='bbox 1566 4349 1762 4424; x_wconf 82' lang='grc' dir='ltr'>γνώμῃ</span> <span class='ocrx_word' id='word_1_435' title='bbox 1792 4349 1966 4406; x_wconf 89' lang='grc' dir='ltr'>αὐτῶν</span> 
     </span>
    </p>
   </div>
   <div class='ocr_carea' id='block_1_60' title="bbox 308 4430 1085 4509">
    <p class='ocr_par' dir='ltr' id='par_1_60' title="bbox 308 4430 1085 4509">
     <span class='ocr_line' id='line_1_60' title="bbox 308 4430 1085 4509; baseline 0.005 -22"><span class='ocrx_word' id='word_1_436' title='bbox 308 4434 379 4508; x_wconf 78' lang='grc' dir='ltr'>τῇ</span> <span class='ocrx_word' id='word_1_437' title='bbox 418 4430 701 4509; x_wconf 81' lang='grc' dir='ltr'>ἀχαρίστῳ</span> <span class='ocrx_word' id='word_1_438' title='bbox 729 4430 818 4487; x_wconf 79' lang='grc' dir='ltr'>καὶ</span> <span class='ocrx_word' id='word_1_439' title='bbox 849 4435 1085 4508; x_wconf 89' lang='grc' dir='ltr'>πονη</span> 
     </span>
    </p>
   </div>
   <div class='ocr_carea' id='block_1_61' title="bbox 383 4518 1968 4597">
    <p class='ocr_par' dir='ltr' id='par_1_61' title="bbox 383 4518 1968 4597">
     <span class='ocr_line' id='line_1_61' title="bbox 383 4518 1968 4597; baseline 0.004 -25"><span class='ocrx_word' id='word_1_440' title='bbox 383 4545 412 4573; x_wconf 92' lang='grc'>‹‹</span> <span class='ocrx_word' id='word_1_441' title='bbox 446 4521 545 4576; x_wconf 86' lang='grc' dir='ltr'>Καὶ</span> <span class='ocrx_word' id='word_1_442' title='bbox 576 4518 1003 4593; x_wconf 84' lang='grc' dir='ltr'>ἐταπεινώθησαν</span> <span class='ocrx_word' id='word_1_443' title='bbox 1055 4519 1107 4577; x_wconf 91' lang='grc' dir='ltr'>ἐν</span> <span class='ocrx_word' id='word_1_444' title='bbox 1151 4526 1269 4585; x_wconf 89' lang='grc' dir='ltr'>ταῖς</span> <span class='ocrx_word' id='word_1_445' title='bbox 1319 4522 1566 4597; x_wconf 91' lang='grc' dir='ltr'>ἀνομίαις</span> <span class='ocrx_word' id='word_1_446' title='bbox 1611 4525 1804 4585; x_wconf 88' lang='grc' dir='ltr'>αὐτῶν.</span> <span class='ocrx_word' id='word_1_447' title='bbox 1842 4551 1864 4579; x_wconf 76' lang='grc' dir='ltr'>ιι</span> <span class='ocrx_word' id='word_1_448' title='bbox 1899 4562 1968 4571; x_wconf 71' lang='lat'>.—</span> 
     </span>
    </p>
   </div>
   <div class='ocr_carea' id='block_1_62' title="bbox 312 4609 1785 4691">
    <p class='ocr_par' dir='ltr' id='par_1_62' title="bbox 312 4609 1785 4691">
     <span class='ocr_line' id='line_1_62' title="bbox 312 4609 1785 4691; baseline 0.002 -24"><span class='ocrx_word' id='word_1_449' title='bbox 312 4612 786 4681; x_wconf 81' lang='grc' dir='ltr'>Κατεπτοήθησαν,</span> <span class='ocrx_word' id='word_1_450' title='bbox 807 4609 1103 4681; x_wconf 84' lang='grc' dir='ltr'>ἠσθένησαν</span> <span class='ocrx_word' id='word_1_451' title='bbox 1136 4609 1187 4666; x_wconf 89' lang='grc' dir='ltr'>ἐν</span> <span class='ocrx_word' id='word_1_452' title='bbox 1216 4616 1296 4684; x_wconf 84' lang='grc' dir='ltr'>τῷ</span> <span class='ocrx_word' id='word_1_453' title='bbox 1323 4612 1391 4667; x_wconf 75' lang='grc' dir='ltr'>τὰ</span> <span class='ocrx_word' id='word_1_454' title='bbox 1418 4610 1596 4687; x_wconf 76' lang='grc' dir='ltr'>ἄνομα</span> <span class='ocrx_word' id='word_1_455' title='bbox 1634 4610 1785 4691; x_wconf 79' lang='grc' dir='ltr'>δρᾷν.</span> 
     </span>
    </p>
   </div>
   <div class='ocr_carea' id='block_1_63' title="bbox 2181 2048 3757 2130">
    <p class='ocr_par' dir='ltr' id='par_1_63' title="bbox 2181 2048 3757 2130">
     <span class='ocr_line' id='line_1_63' title="bbox 2181 2048 3757 2130; baseline -0.004 -20"><span class='ocrx_word' id='word_1_456' title='bbox 2181 2076 2209 2105; x_wconf 86' lang='grc'>‹‹</span> <span class='ocrx_word' id='word_1_457' title='bbox 2238 2054 2555 2110; x_wconf 83' lang='grc' dir='ltr'>Εἰπάτωσαν</span> <span class='ocrx_word' id='word_1_458' title='bbox 2604 2055 2662 2109; x_wconf 78' lang='grc' dir='ltr'>οἱ</span> <span class='ocrx_word' id='word_1_459' title='bbox 2735 2051 3139 2130; x_wconf 86' lang='grc' dir='ltr'>λελυτρωμένοι</span> <span class='ocrx_word' id='word_1_460' title='bbox 3199 2051 3302 2107; x_wconf 85' lang='grc' dir='ltr'>ὑπὸ</span> <span class='ocrx_word' id='word_1_461' title='bbox 3356 2049 3555 2124; x_wconf 80' lang='grc' dir='ltr'>Κυρίου</span> <span class='ocrx_word' id='word_1_462' title='bbox 3587 2092 3602 2120; x_wconf 87' lang='grc'>,</span> <span class='ocrx_word' id='word_1_463' title='bbox 3662 2048 3757 2112; x_wconf 79' lang='grc' dir='ltr'>οῦς</span> 
     </span>
    </p>
   </div>
   <div class='ocr_carea' id='block_1_64' title="bbox 2104 2136 3750 2221">
    <p class='ocr_par' dir='ltr' id='par_1_64' title="bbox 2104 2136 3750 2221">
     <span class='ocr_line' id='line_1_64' title="bbox 2104 2136 3750 2221; baseline -0.003 -23"><span class='ocrx_word' id='word_1_464' title='bbox 2104 2142 2447 2221; x_wconf 86' lang='grc' dir='ltr'>ἐλυτρώσατο</span> <span class='ocrx_word' id='word_1_465' title='bbox 2479 2142 2540 2200; x_wconf 89' lang='grc' dir='ltr'>ἐκ</span> <span class='ocrx_word' id='word_1_466' title='bbox 2574 2143 2761 2221; x_wconf 87' lang='grc' dir='ltr'>χειρὸς</span> <span class='ocrx_word' id='word_1_467' title='bbox 2803 2142 3024 2219; x_wconf 79' lang='grc' dir='ltr'>ἐχθροῦ.</span> <span class='ocrx_word' id='word_1_468' title='bbox 3072 2165 3100 2193; x_wconf 86' lang='grc'>››</span> <span class='ocrx_word' id='word_1_469' title='bbox 3132 2173 3202 2184; x_wconf 91' lang='lat'>-—</span> <span class='ocrx_word' id='word_1_470' title='bbox 3248 2139 3476 2216; x_wconf 88' lang='grc' dir='ltr'>Ἐχθρὸν</span> <span class='ocrx_word' id='word_1_471' title='bbox 3526 2136 3750 2208; x_wconf 88' lang='grc' dir='ltr'>νοητέον</span> 
     </span>
    </p>
   </div>
   <div class='ocr_carea' id='block_1_65' title="bbox 2101 2228 3750 2309">
    <p class='ocr_par' dir='ltr' id='par_1_65' title="bbox 2101 2228 3750 2309">
     <span class='ocr_line' id='line_1_65' title="bbox 2101 2228 3750 2309; baseline -0.002 -22"><span class='ocrx_word' id='word_1_472' title='bbox 2101 2233 2191 2287; x_wconf 91' lang='grc' dir='ltr'>τὸν</span> <span class='ocrx_word' id='word_1_473' title='bbox 2224 2228 2502 2288; x_wconf 56' lang='grc' dir='ltr'>διάϐολον</span> <span class='ocrx_word' id='word_1_474' title='bbox 2551 2232 2676 2309; x_wconf 87' lang='grc' dir='ltr'>περί</span> <span class='ocrx_word' id='word_1_475' title='bbox 2722 2234 2824 2309; x_wconf 82' lang='grc' dir='ltr'>γὰρ</span> <span class='ocrx_word' id='word_1_476' title='bbox 2871 2231 2964 2286; x_wconf 89' lang='grc' dir='ltr'>τὸν</span> <span class='ocrx_word' id='word_1_477' title='bbox 3011 2230 3240 2307; x_wconf 85' lang='grc' dir='ltr'>Χριστὸν</span> <span class='ocrx_word' id='word_1_478' title='bbox 3290 2228 3688 2284; x_wconf 78' lang='grc' dir='ltr'>πιστευσάντων</span> <span class='ocrx_word' id='word_1_479' title='bbox 3722 2228 3750 2283; x_wconf 88' lang='grc' dir='ltr'>ὁ</span> 
     </span>
    </p>
   </div>
   <div class='ocr_carea' id='block_1_66' title="bbox 2101 2319 2290 2398">
    <p class='ocr_par' dir='ltr' id='par_1_66' title="bbox 2101 2319 2290 2398">
     <span class='ocr_line' id='line_1_66' title="bbox 2101 2319 2290 2398; baseline 0 -21"><span class='ocrx_word' id='word_1_480' title='bbox 2101 2319 2290 2398; x_wconf 88' lang='grc' dir='ltr'>λόγος.</span> 
     </span>
    </p>
   </div>
   <div class='ocr_carea' id='block_1_67' title="bbox 2172 2404 3754 2488">
    <p class='ocr_par' dir='ltr' id='par_1_67' title="bbox 2172 2404 3754 2488">
     <span class='ocr_line' id='line_1_67' title="bbox 2172 2404 3754 2488; baseline -0.001 -23"><span class='ocrx_word' id='word_1_481' title='bbox 2172 2434 2202 2465; x_wconf 87' lang='grc'>‹‹</span> <span class='ocrx_word' id='word_1_482' title='bbox 2235 2412 2334 2467; x_wconf 85' lang='grc' dir='ltr'>Καὶ</span> <span class='ocrx_word' id='word_1_483' title='bbox 2383 2409 2442 2467; x_wconf 88' lang='grc' dir='ltr'>ἐκ</span> <span class='ocrx_word' id='word_1_484' title='bbox 2485 2415 2593 2466; x_wconf 90' lang='grc' dir='ltr'>τῶν</span> <span class='ocrx_word' id='word_1_485' title='bbox 2648 2415 2848 2488; x_wconf 87' lang='grc' dir='ltr'>χωρῶν</span> <span class='ocrx_word' id='word_1_486' title='bbox 2900 2410 3194 2485; x_wconf 88' lang='grc' dir='ltr'>συνήγαγεν</span> <span class='ocrx_word' id='word_1_487' title='bbox 3240 2405 3519 2470; x_wconf 78' lang='grc' dir='ltr'>αὐτούς.»</span> <span class='ocrx_word' id='word_1_488' title='bbox 3551 2439 3620 2449; x_wconf 88' lang='grc'><strong>-</strong></span> <span class='ocrx_word' id='word_1_489' title='bbox 3660 2404 3754 2463; x_wconf 76' lang='grc' dir='ltr'>’Ἐκ</span> 
     </span>
    </p>
   </div>
   <div class='ocr_carea' id='block_1_68' title="bbox 2098 2494 3663 2577">
    <p class='ocr_par' dir='ltr' id='par_1_68' title="bbox 2098 2494 3663 2577">
     <span class='ocr_line' id='line_1_68' title="bbox 2098 2494 3663 2577; baseline -0.001 -23"><span class='ocrx_word' id='word_1_490' title='bbox 2098 2503 2203 2555; x_wconf 86' lang='grc' dir='ltr'>τῶν</span> <span class='ocrx_word' id='word_1_491' title='bbox 2236 2498 2455 2555; x_wconf 90' lang='grc' dir='ltr'>ἐθνικῶν</span> <span class='ocrx_word' id='word_1_492' title='bbox 2488 2504 2690 2577; x_wconf 88' lang='grc' dir='ltr'>χωρῶν</span> <span class='ocrx_word' id='word_1_493' title='bbox 2720 2499 2796 2562; x_wconf 82' lang='grc' dir='ltr'>εἷς</span> <span class='ocrx_word' id='word_1_494' title='bbox 2834 2499 2958 2573; x_wconf 88' lang='grc' dir='ltr'>μίαν</span> <span class='ocrx_word' id='word_1_495' title='bbox 2986 2495 3314 2567; x_wconf 86' lang='grc' dir='ltr'>Ἐκκλησίαν</span> <span class='ocrx_word' id='word_1_496' title='bbox 3340 2496 3431 2552; x_wconf 78' lang='grc' dir='ltr'>καὶ</span> <span class='ocrx_word' id='word_1_497' title='bbox 3460 2494 3663 2553; x_wconf 87' lang='grc' dir='ltr'>πίστιν.</span> 
     </span>
    </p>
   </div>
   <div class='ocr_carea' id='block_1_69' title="bbox 2170 2584 3747 2663">
    <p class='ocr_par' dir='ltr' id='par_1_69' title="bbox 2170 2584 3747 2663">
     <span class='ocr_line' id='line_1_69' title="bbox 2170 2584 3747 2663; baseline 0.001 -23"><span class='ocrx_word' id='word_1_498' title='bbox 2170 2611 2201 2641; x_wconf 80' lang='lat'><strong><em>«</em></strong></span> <span class='ocrx_word' id='word_1_499' title='bbox 2231 2589 2368 2646; x_wconf 90' lang='grc' dir='ltr'>Ἀπὸ</span> <span class='ocrx_word' id='word_1_500' title='bbox 2416 2587 2695 2645; x_wconf 89' lang='grc' dir='ltr'>ἀνατολῶν</span> <span class='ocrx_word' id='word_1_501' title='bbox 2739 2588 2828 2644; x_wconf 77' lang='grc' dir='ltr'>καὶ</span> <span class='ocrx_word' id='word_1_502' title='bbox 2880 2585 3099 2660; x_wconf 86' lang='grc' dir='ltr'>δυσμῶν</span> <span class='ocrx_word' id='word_1_503' title='bbox 3150 2584 3241 2641; x_wconf 78' lang='grc' dir='ltr'>καί</span> <span class='ocrx_word' id='word_1_504' title='bbox 3288 2585 3472 2663; x_wconf 78' lang='grc' dir='ltr'>Βοῤῥᾶ</span> <span class='ocrx_word' id='word_1_505' title='bbox 3512 2584 3606 2640; x_wconf 83' lang='grc' dir='ltr'>καὶ</span> <span class='ocrx_word' id='word_1_506' title='bbox 3653 2595 3747 2651; x_wconf 88' lang='grc' dir='ltr'>θα-</span> 
     </span>
    </p>
   </div>
   <div class='ocr_carea' id='block_1_70' title="bbox 2098 2674 3746 2753">
    <p class='ocr_par' dir='ltr' id='par_1_70' title="bbox 2098 2674 3746 2753">
     <span class='ocr_line' id='line_1_70' title="bbox 2098 2674 3746 2753; baseline -0.002 -21"><span class='ocrx_word' id='word_1_507' title='bbox 2098 2675 2324 2749; x_wconf 87' lang='grc' dir='ltr'>λάσσης.</span> <span class='ocrx_word' id='word_1_508' title='bbox 2378 2701 2407 2731; x_wconf 83' lang='grc'><strong>››</strong></span> <span class='ocrx_word' id='word_1_509' title='bbox 2461 2712 2531 2720; x_wconf 88' lang='grc'><strong><em>-</em></strong></span> <span class='ocrx_word' id='word_1_510' title='bbox 2571 2679 2666 2736; x_wconf 85' lang='grc' dir='ltr'>Ἐκ</span> <span class='ocrx_word' id='word_1_511' title='bbox 2708 2683 2814 2734; x_wconf 88' lang='grc' dir='ltr'>τῶν</span> <span class='ocrx_word' id='word_1_512' title='bbox 2865 2677 3137 2753; x_wconf 87' lang='grc' dir='ltr'>τεσσάρων</span> <span class='ocrx_word' id='word_1_513' title='bbox 3191 2677 3295 2750; x_wconf 85' lang='grc' dir='ltr'>γὰρ</span> <span class='ocrx_word' id='word_1_514' title='bbox 3352 2674 3598 2750; x_wconf 87' lang='grc' dir='ltr'>περάτων</span> <span class='ocrx_word' id='word_1_515' title='bbox 3647 2678 3746 2731; x_wconf 88' lang='grc' dir='ltr'>τοῦ</span> 
     </span>
    </p>
   </div>
   <div class='ocr_carea' id='block_1_71' title="bbox 2096 2764 2708 2843">
    <p class='ocr_par' dir='ltr' id='par_1_71' title="bbox 2096 2764 2708 2843">
     <span class='ocr_line' id='line_1_71' title="bbox 2096 2764 2708 2843; baseline 0.007 -23"><span class='ocrx_word' id='word_1_516' title='bbox 2096 2764 2309 2840; x_wconf 84' lang='grc' dir='ltr'>κόσμου</span> <span class='ocrx_word' id='word_1_517' title='bbox 2340 2768 2708 2843; x_wconf 86' lang='grc' dir='ltr'>συνήχθησαν.</span> 
     </span>
    </p>
   </div>
   <div class='ocr_carea' id='block_1_72' title="bbox 2169 2849 3747 2931">
    <p class='ocr_par' dir='ltr' id='par_1_72' title="bbox 2169 2849 3747 2931">
     <span class='ocr_line' id='line_1_72' title="bbox 2169 2849 3747 2931; baseline 0.001 -23"><span class='ocrx_word' id='word_1_518' title='bbox 2169 2878 2196 2908; x_wconf 86' lang='grc'>‹‹</span> <span class='ocrx_word' id='word_1_519' title='bbox 2230 2853 2644 2926; x_wconf 80' lang='grc' dir='ltr'>Ἑπλανήθησαν</span> <span class='ocrx_word' id='word_1_520' title='bbox 2707 2854 2758 2910; x_wconf 89' lang='grc' dir='ltr'>ἐν</span> <span class='ocrx_word' id='word_1_521' title='bbox 2816 2857 2883 2929; x_wconf 81' lang='grc' dir='ltr'>τῇ</span> <span class='ocrx_word' id='word_1_522' title='bbox 2941 2852 3134 2931; x_wconf 90' lang='grc' dir='ltr'>ἐρήμῳ</span> <span class='ocrx_word' id='word_1_523' title='bbox 3193 2850 3244 2908; x_wconf 85' lang='grc' dir='ltr'>ἐν</span> <span class='ocrx_word' id='word_1_524' title='bbox 3307 2849 3538 2928; x_wconf 80' lang='grc' dir='ltr'>ἀνύδρῳ.</span> <span class='ocrx_word' id='word_1_525' title='bbox 3601 2875 3624 2905; x_wconf 77' lang='grc' dir='ltr'><strong><em>ι</em></strong></span> <span class='ocrx_word' id='word_1_526' title='bbox 3674 2883 3747 2895; x_wconf 90' lang='lat'>--</span> 
     </span>
    </p>
   </div>
   <div class='ocr_carea' id='block_1_73' title="bbox 2092 2938 3746 3021">
    <p class='ocr_par' dir='ltr' id='par_1_73' title="bbox 2092 2938 3746 3021">
     <span class='ocr_line' id='line_1_73' title="bbox 2092 2938 3746 3021; baseline -0.002 -21"><span class='ocrx_word' id='word_1_527' title='bbox 2092 2942 2505 3016; x_wconf 79' lang='grc' dir='ltr'>Ἐπλανήθησαν</span> <span class='ocrx_word' id='word_1_528' title='bbox 2564 2942 2827 3021; x_wconf 88' lang='grc' dir='ltr'>πρότερον</span> <span class='ocrx_word' id='word_1_529' title='bbox 2889 2943 2939 2999; x_wconf 87' lang='grc' dir='ltr'>ἐν</span> <span class='ocrx_word' id='word_1_530' title='bbox 2996 2941 3067 3017; x_wconf 77' lang='grc' dir='ltr'>τῇ</span> <span class='ocrx_word' id='word_1_531' title='bbox 3123 2939 3379 3013; x_wconf 83' lang='grc' dir='ltr'>πολιτείᾳ</span> <span class='ocrx_word' id='word_1_532' title='bbox 3432 2944 3501 3015; x_wconf 82' lang='grc' dir='ltr'>τῇ</span> <span class='ocrx_word' id='word_1_533' title='bbox 3553 2938 3746 3017; x_wconf 87' lang='grc' dir='ltr'>ἐρήμῳ</span> 
     </span>
    </p>
   </div>
   <div class='ocr_carea' id='block_1_74' title="bbox 2091 3026 3741 3110">
    <p class='ocr_par' dir='ltr' id='par_1_74' title="bbox 2091 3026 3741 3110">
     <span class='ocr_line' id='line_1_74' title="bbox 2091 3026 3741 3110; baseline -0.002 -22"><span class='ocrx_word' id='word_1_534' title='bbox 2091 3038 2311 3107; x_wconf 86' lang='grc' dir='ltr'>καρπῶν</span> <span class='ocrx_word' id='word_1_535' title='bbox 2370 3033 2586 3110; x_wconf 75' lang='grc' dir='ltr'>ἀρετῆς,</span> <span class='ocrx_word' id='word_1_536' title='bbox 2644 3032 2735 3089; x_wconf 84' lang='grc' dir='ltr'>καὶ</span> <span class='ocrx_word' id='word_1_537' title='bbox 2788 3032 2863 3106; x_wconf 79' lang='grc' dir='ltr'>μὴ</span> <span class='ocrx_word' id='word_1_538' title='bbox 2923 3030 3126 3109; x_wconf 84' lang='grc' dir='ltr'>ἐχούσῃ</span> <span class='ocrx_word' id='word_1_539' title='bbox 3181 3030 3335 3106; x_wconf 83' lang='grc' dir='ltr'>πόμα</span> <span class='ocrx_word' id='word_1_540' title='bbox 3389 3029 3532 3093; x_wconf 90' lang='grc' dir='ltr'>θείας</span> <span class='ocrx_word' id='word_1_541' title='bbox 3589 3026 3741 3085; x_wconf 87' lang='grc' dir='ltr'>διδα-</span> 
     </span>
    </p>
   </div>
   <div class='ocr_carea' id='block_1_75' title="bbox 2091 3120 2336 3185">
    <p class='ocr_par' dir='ltr' id='par_1_75' title="bbox 2091 3120 2336 3185">
     <span class='ocr_line' id='line_1_75' title="bbox 2091 3120 2336 3185; baseline 0.008 -9"><span class='ocrx_word' id='word_1_542' title='bbox 2091 3120 2225 3177; x_wconf 89' lang='grc' dir='ltr'>σκαλ</span> <span class='ocrx_word' id='word_1_543' title='bbox 2236 3121 2336 3185; x_wconf 90' lang='grc' dir='ltr'>ίας.</span> 
     </span>
    </p>
   </div>
   <div class='ocr_carea' id='block_1_76' title="bbox 2164 3206 3746 3285">
    <p class='ocr_par' dir='ltr' id='par_1_76' title="bbox 2164 3206 3746 3285">
     <span class='ocr_line' id='line_1_76' title="bbox 2164 3206 3746 3285; baseline -0.005 -18"><span class='ocrx_word' id='word_1_544' title='bbox 2164 3208 2370 3267; x_wconf 83' lang='grc' dir='ltr'>«Ὁδὸν</span> <span class='ocrx_word' id='word_1_545' title='bbox 2429 3207 2644 3273; x_wconf 88' lang='grc' dir='ltr'>πόλεως</span> <span class='ocrx_word' id='word_1_546' title='bbox 2686 3208 3114 3284; x_wconf 88' lang='grc' dir='ltr'>κατοικητηρίου</span> <span class='ocrx_word' id='word_1_547' title='bbox 3191 3207 3300 3285; x_wconf 88' lang='grc' dir='ltr'>οὐχ</span> <span class='ocrx_word' id='word_1_548' title='bbox 3350 3206 3529 3283; x_wconf 88' lang='grc' dir='ltr'>εὐρον.</span> <span class='ocrx_word' id='word_1_549' title='bbox 3585 3231 3615 3261; x_wconf 84' lang='lat'><strong>»</strong></span> <span class='ocrx_word' id='word_1_550' title='bbox 3674 3239 3746 3251; x_wconf 89' lang='lat'><strong><em>—</em></strong></span> 
     </span>
    </p>
   </div>
   <div class='ocr_carea' id='block_1_77' title="bbox 2091 3293 3740 3377">
    <p class='ocr_par' dir='ltr' id='par_1_77' title="bbox 2091 3293 3740 3377">
     <span class='ocr_line' id='line_1_77' title="bbox 2091 3293 3740 3377; baseline -0.002 -22"><span class='ocrx_word' id='word_1_551' title='bbox 2091 3300 2527 3377; x_wconf 86' lang='grc' dir='ltr'>Κατοικητηρίου</span> <span class='ocrx_word' id='word_1_552' title='bbox 2578 3298 2744 3362; x_wconf 90' lang='grc' dir='ltr'>πόλις</span> <span class='ocrx_word' id='word_1_553' title='bbox 2802 3300 2830 3354; x_wconf 91' lang='lat'>6</span> <span class='ocrx_word' id='word_1_554' title='bbox 2886 3293 3113 3374; x_wconf 89' lang='grc' dir='ltr'>οὐρανός</span> <span class='ocrx_word' id='word_1_555' title='bbox 3147 3315 3161 3329; x_wconf 85' lang='lat'>&#39;</span> <span class='ocrx_word' id='word_1_556' title='bbox 3222 3299 3250 3352; x_wconf 92' lang='lat'>6</span> <span class='ocrx_word' id='word_1_557' title='bbox 3324 3296 3428 3373; x_wconf 80' lang='grc' dir='ltr'>γὰρ</span> <span class='ocrx_word' id='word_1_558' title='bbox 3504 3294 3740 3373; x_wconf 85' lang='grc' dir='ltr'>ἐπίγειος</span> 
     </span>
    </p>
   </div>
   <div class='ocr_carea' id='block_1_78' title="bbox 2087 3383 3734 3463">
    <p class='ocr_par' dir='ltr' id='par_1_78' title="bbox 2087 3383 3734 3463">
     <span class='ocr_line' id='line_1_78' title="bbox 2087 3383 3734 3463; baseline -0.002 -19"><span class='ocrx_word' id='word_1_559' title='bbox 2087 3389 2294 3462; x_wconf 87' lang='grc' dir='ltr'>κόσμος</span> <span class='ocrx_word' id='word_1_560' title='bbox 2352 3389 2492 3452; x_wconf 79' lang='grc' dir='ltr'>ἅπας</span> <span class='ocrx_word' id='word_1_561' title='bbox 2548 3387 2807 3461; x_wconf 88' lang='grc' dir='ltr'>παροικία</span> <span class='ocrx_word' id='word_1_562' title='bbox 2862 3386 3025 3443; x_wconf 87' lang='grc' dir='ltr'>ἐστίν.</span> <span class='ocrx_word' id='word_1_563' title='bbox 3083 3390 3146 3444; x_wconf 90' lang='grc' dir='ltr'><strong>Ἦ</strong></span> <span class='ocrx_word' id='word_1_564' title='bbox 3204 3383 3264 3441; x_wconf 77' lang='grc' dir='ltr'>δὲ</span> <span class='ocrx_word' id='word_1_565' title='bbox 3321 3386 3457 3463; x_wconf 87' lang='grc' dir='ltr'>πρὸς</span> <span class='ocrx_word' id='word_1_566' title='bbox 3513 3384 3734 3462; x_wconf 87' lang='grc' dir='ltr'>οὐρανὸν</span> 
     </span>
    </p>
   </div>
   <div class='ocr_carea' id='block_1_79' title="bbox 2084 3474 3458 3554">
    <p class='ocr_par' dir='ltr' id='par_1_79' title="bbox 2084 3474 3458 3554">
     <span class='ocr_line' id='line_1_79' title="bbox 2084 3474 3458 3554; baseline -0.001 -22"><span class='ocrx_word' id='word_1_567' title='bbox 2084 3478 2290 3554; x_wconf 84' lang='grc' dir='ltr'>ἄγουσα</span> <span class='ocrx_word' id='word_1_568' title='bbox 2322 3475 2446 3540; x_wconf 82' lang='grc' dir='ltr'>ὁδὸς</span> <span class='ocrx_word' id='word_1_569' title='bbox 2476 3480 2513 3548; x_wconf 77' lang='grc' dir='ltr'><strong>ἡ</strong></span> <span class='ocrx_word' id='word_1_570' title='bbox 2547 3477 2684 3554; x_wconf 83' lang='grc' dir='ltr'>ὀρθὴ</span> <span class='ocrx_word' id='word_1_571' title='bbox 2715 3476 2895 3539; x_wconf 88' lang='grc' dir='ltr'>πίστις</span> <span class='ocrx_word' id='word_1_572' title='bbox 2929 3477 3065 3550; x_wconf 87' lang='grc' dir='ltr'>μετᾶ</span> <span class='ocrx_word' id='word_1_573' title='bbox 3091 3480 3201 3532; x_wconf 90' lang='grc' dir='ltr'>τῶν</span> <span class='ocrx_word' id='word_1_574' title='bbox 3232 3474 3458 3552; x_wconf 87' lang='grc' dir='ltr'>ἀρετῶν.</span> 
     </span>
    </p>
   </div>
   <div class='ocr_carea' id='block_1_80' title="bbox 2159 3560 3737 3642">
    <p class='ocr_par' dir='ltr' id='par_1_80' title="bbox 2159 3560 3737 3642">
     <span class='ocr_line' id='line_1_80' title="bbox 2159 3560 3737 3642; baseline 0 -24"><span class='ocrx_word' id='word_1_575' title='bbox 2159 3591 2187 3619; x_wconf 90' lang='grc'>‹‹</span> <span class='ocrx_word' id='word_1_576' title='bbox 2218 3572 2510 3630; x_wconf 88' lang='grc' dir='ltr'>Πεινῶντες</span> <span class='ocrx_word' id='word_1_577' title='bbox 2540 3567 2630 3622; x_wconf 85' lang='grc' dir='ltr'>καὶ</span> <span class='ocrx_word' id='word_1_578' title='bbox 2662 3564 2944 3641; x_wconf 78' lang='grc' dir='ltr'>διψῶντες,</span> <span class='ocrx_word' id='word_1_579' title='bbox 2975 3568 3012 3637; x_wconf 79' lang='grc' dir='ltr'>ἡ</span> <span class='ocrx_word' id='word_1_580' title='bbox 3040 3566 3193 3642; x_wconf 78' lang='grc' dir='ltr'>ψυχή</span> <span class='ocrx_word' id='word_1_581' title='bbox 3244 3563 3418 3620; x_wconf 89' lang='grc' dir='ltr'>αὐτῶν</span> <span class='ocrx_word' id='word_1_582' title='bbox 3468 3563 3520 3619; x_wconf 86' lang='grc' dir='ltr'>ἐν</span> <span class='ocrx_word' id='word_1_583' title='bbox 3554 3560 3737 3627; x_wconf 77' lang='grc' dir='ltr'>αὐτοῖς</span> 
     </span>
    </p>
   </div>
   <div class='ocr_carea' id='block_1_81' title="bbox 2085 3651 3732 3730">
    <p class='ocr_par' dir='ltr' id='par_1_81' title="bbox 2085 3651 3732 3730">
     <span class='ocr_line' id='line_1_81' title="bbox 2085 3651 3732 3730; baseline -0.001 -20"><span class='ocrx_word' id='word_1_584' title='bbox 2085 3653 2348 3727; x_wconf 81' lang='grc' dir='ltr'>ἐξέλιπεν.</span> <span class='ocrx_word' id='word_1_585' title='bbox 2382 3680 2409 3707; x_wconf 89' lang='grc'><strong>››</strong></span> <span class='ocrx_word' id='word_1_586' title='bbox 2440 3689 2509 3698; x_wconf 91' lang='grc'><strong><em>--</em></strong></span> <span class='ocrx_word' id='word_1_587' title='bbox 2538 3657 2704 3711; x_wconf 88' lang='grc' dir='ltr'>Ἦσαν</span> <span class='ocrx_word' id='word_1_588' title='bbox 2757 3651 3038 3726; x_wconf 72' lang='grc' dir='ltr'>δηλονότιο</span> <span class='ocrx_word' id='word_1_589' title='bbox 3102 3655 3200 3709; x_wconf 88' lang='grc' dir='ltr'>οὐκ</span> <span class='ocrx_word' id='word_1_590' title='bbox 3257 3653 3407 3730; x_wconf 79' lang='grc' dir='ltr'>εἶχον</span> <span class='ocrx_word' id='word_1_591' title='bbox 3465 3652 3567 3729; x_wconf 80' lang='grc' dir='ltr'>γὰρ</span> <span class='ocrx_word' id='word_1_592' title='bbox 3614 3663 3732 3717; x_wconf 87' lang='grc' dir='ltr'>θεο-</span> 
     </span>
    </p>
   </div>
   <div class='ocr_carea' id='block_1_82' title="bbox 2082 3741 3736 3822">
    <p class='ocr_par' dir='ltr' id='par_1_82' title="bbox 2082 3741 3736 3822">
     <span class='ocr_line' id='line_1_82' title="bbox 2082 3741 3736 3822; baseline -0.002 -23"><span class='ocrx_word' id='word_1_593' title='bbox 2082 3745 2316 3820; x_wconf 86' lang='grc' dir='ltr'>γνωσίαν</span> <span class='ocrx_word' id='word_1_594' title='bbox 2374 3744 2410 3815; x_wconf 78' lang='grc' dir='ltr'>ἢ</span> <span class='ocrx_word' id='word_1_595' title='bbox 2473 3742 2820 3801; x_wconf 88' lang='grc' dir='ltr'>διδασκαλίαν</span> <span class='ocrx_word' id='word_1_596' title='bbox 2893 3743 3189 3822; x_wconf 88' lang='grc' dir='ltr'>τρέφουσαν</span> <span class='ocrx_word' id='word_1_597' title='bbox 3258 3742 3350 3798; x_wconf 86' lang='grc' dir='ltr'>καὶ</span> <span class='ocrx_word' id='word_1_598' title='bbox 3413 3741 3736 3812; x_wconf 84' lang='grc' dir='ltr'>ποτίζουσαν</span> 
     </span>
    </p>
   </div>
   <div class='ocr_carea' id='block_1_83' title="bbox 2082 3829 3739 3910">
    <p class='ocr_par' dir='ltr' id='par_1_83' title="bbox 2082 3829 3739 3910">
     <span class='ocr_line' id='line_1_83' title="bbox 2082 3829 3739 3910; baseline -0.001 -23"><span class='ocrx_word' id='word_1_599' title='bbox 2082 3834 2285 3910; x_wconf 69' lang='grc' dir='ltr'>ψυχάς*</span> <span class='ocrx_word' id='word_1_600' title='bbox 2338 3834 2400 3890; x_wconf 88' lang='grc' dir='ltr'>τὸ</span> <span class='ocrx_word' id='word_1_601' title='bbox 2455 3830 2514 3889; x_wconf 73' lang='grc' dir='ltr'>δέ</span> <span class='ocrx_word' id='word_1_602' title='bbox 2571 3832 2782 3905; x_wconf 81' lang='grc' dir='ltr'>ἐξέλιπε</span> <span class='ocrx_word' id='word_1_603' title='bbox 2838 3830 3006 3904; x_wconf 89' lang='grc' dir='ltr'>δηλοῖ</span> <span class='ocrx_word' id='word_1_604' title='bbox 3060 3831 3123 3887; x_wconf 91' lang='grc' dir='ltr'>τὸ</span> <span class='ocrx_word' id='word_1_605' title='bbox 3177 3831 3441 3901; x_wconf 81' lang='grc' dir='ltr'>ἠτόνησεν</span> <span class='ocrx_word' id='word_1_606' title='bbox 3488 3829 3645 3905; x_wconf 80' lang='grc' dir='ltr'>ἄγαν,</span> <span class='ocrx_word' id='word_1_607' title='bbox 3678 3829 3739 3886; x_wconf 88' lang='grc' dir='ltr'>ἐκ</span> 
     </span>
    </p>
   </div>
   <div class='ocr_carea' id='block_1_84' title="bbox 2079 3917 3737 3998">
    <p class='ocr_par' dir='ltr' id='par_1_84' title="bbox 2079 3917 3737 3998">
     <span class='ocr_line' id='line_1_84' title="bbox 2079 3917 3737 3998; baseline -0.002 -20"><span class='ocrx_word' id='word_1_608' title='bbox 2079 3929 2180 3992; x_wconf 77' lang='grc' dir='ltr'>τῆς</span> <span class='ocrx_word' id='word_1_609' title='bbox 2210 3924 2328 3978; x_wconf 86' lang='grc' dir='ltr'>καθ’</span> <span class='ocrx_word' id='word_1_610' title='bbox 2358 3917 2673 3998; x_wconf 82' lang='grc' dir='ltr'>ὑπερϐολῆς</span> <span class='ocrx_word' id='word_1_611' title='bbox 2727 3919 2940 3992; x_wconf 87' lang='grc' dir='ltr'>δηλαδή</span> <span class='ocrx_word' id='word_1_612' title='bbox 2989 3921 3179 3991; x_wconf 90' lang='grc' dir='ltr'>πείνης</span> <span class='ocrx_word' id='word_1_613' title='bbox 3226 3920 3317 3975; x_wconf 84' lang='grc' dir='ltr'>καὶ</span> <span class='ocrx_word' id='word_1_614' title='bbox 3367 3917 3528 3994; x_wconf 82' lang='grc' dir='ltr'>δίψης</span> <span class='ocrx_word' id='word_1_615' title='bbox 3579 3940 3737 3975; x_wconf 90' lang='grc' dir='ltr'>πνευ-</span> 
     </span>
    </p>
   </div>
   <div class='ocr_carea' id='block_1_85' title="bbox 2085 4017 2341 4084">
    <p class='ocr_par' dir='ltr' id='par_1_85' title="bbox 2085 4017 2341 4084">
     <span class='ocr_line' id='line_1_85' title="bbox 2085 4017 2341 4084; baseline 0.008 -19"><span class='ocrx_word' id='word_1_616' title='bbox 2085 4017 2285 4084; x_wconf 74' lang='grc' dir='ltr'>ματικῇ</span> <span class='ocrx_word' id='word_1_617' title='bbox 2294 4032 2319 4073; x_wconf 86' lang='grc' dir='ltr'>ς</span> <span class='ocrx_word' id='word_1_618' title='bbox 2329 4054 2341 4067; x_wconf 93' lang='grc'>.</span> 
     </span>
    </p>
   </div>
   <div class='ocr_carea' id='block_1_86' title="bbox 2155 4091 3731 4176">
    <p class='ocr_par' dir='ltr' id='par_1_86' title="bbox 2155 4091 3731 4176">
     <span class='ocr_line' id='line_1_86' title="bbox 2155 4091 3731 4176; baseline 0.001 -25"><span class='ocrx_word' id='word_1_619' title='bbox 2155 4122 2185 4151; x_wconf 90' lang='grc'>‹‹</span> <span class='ocrx_word' id='word_1_620' title='bbox 2239 4099 2340 4154; x_wconf 86' lang='grc' dir='ltr'>Καὶ</span> <span class='ocrx_word' id='word_1_621' title='bbox 2397 4097 2681 4174; x_wconf 81' lang='grc' dir='ltr'>ἐκέκραξαν</span> <span class='ocrx_word' id='word_1_622' title='bbox 2754 4099 2892 4176; x_wconf 88' lang='grc' dir='ltr'>πρὸς</span> <span class='ocrx_word' id='word_1_623' title='bbox 2962 4097 3159 4175; x_wconf 88' lang='grc' dir='ltr'>Κύριον</span> <span class='ocrx_word' id='word_1_624' title='bbox 3216 4095 3268 4153; x_wconf 90' lang='grc' dir='ltr'>ἐν</span> <span class='ocrx_word' id='word_1_625' title='bbox 3319 4096 3400 4170; x_wconf 83' lang='grc' dir='ltr'>τῷ</span> <span class='ocrx_word' id='word_1_626' title='bbox 3453 4091 3731 4152; x_wconf 84' lang='grc' dir='ltr'>θλίϐεσθαι</span> 
     </span>
    </p>
   </div>
   <div class='ocr_carea' id='block_1_87' title="bbox 2079 4183 3731 4265">
    <p class='ocr_par' dir='ltr' id='par_1_87' title="bbox 2079 4183 3731 4265">
     <span class='ocr_line' id='line_1_87' title="bbox 2079 4183 3731 4265; baseline -0.001 -23"><span class='ocrx_word' id='word_1_627' title='bbox 2079 4186 2296 4251; x_wconf 89' lang='grc' dir='ltr'>αὐτούς.</span> <span class='ocrx_word' id='word_1_628' title='bbox 2328 4212 2357 4241; x_wconf 88' lang='grc'>››</span> <span class='ocrx_word' id='word_1_629' title='bbox 2390 4221 2461 4230; x_wconf 89' lang='grc'><strong><em>-</em></strong></span> <span class='ocrx_word' id='word_1_630' title='bbox 2488 4188 2807 4265; x_wconf 80' lang='grc' dir='ltr'>Ἐκέκραξαν</span> <span class='ocrx_word' id='word_1_631' title='bbox 2842 4188 2895 4243; x_wconf 76' lang='grc' dir='ltr'>οἱ</span> <span class='ocrx_word' id='word_1_632' title='bbox 2918 4192 3196 4265; x_wconf 83' lang='grc' dir='ltr'>προφῆται</span> <span class='ocrx_word' id='word_1_633' title='bbox 3228 4186 3362 4262; x_wconf 71' lang='grc' dir='ltr'>ὑπὲρ</span> <span class='ocrx_word' id='word_1_634' title='bbox 3408 4183 3608 4259; x_wconf 81' lang='grc' dir='ltr'>αὐτῶν,</span> <span class='ocrx_word' id='word_1_635' title='bbox 3639 4185 3731 4240; x_wconf 81' lang='grc' dir='ltr'>καὶ</span> 
     </span>
    </p>
   </div>
   <div class='ocr_carea' id='block_1_88' title="bbox 2081 4273 3425 4353">
    <p class='ocr_par' dir='ltr' id='par_1_88' title="bbox 2081 4273 3425 4353">
     <span class='ocr_line' id='line_1_88' title="bbox 2081 4273 3425 4353; baseline -0.001 -22"><span class='ocrx_word' id='word_1_636' title='bbox 2081 4277 2134 4331; x_wconf 76' lang='grc' dir='ltr'>οἱ</span> <span class='ocrx_word' id='word_1_637' title='bbox 2165 4277 2299 4332; x_wconf 89' lang='grc' dir='ltr'>θεῖοι</span> <span class='ocrx_word' id='word_1_638' title='bbox 2331 4273 2558 4352; x_wconf 77' lang='grc' dir='ltr'>ἄγγελοι</span> <span class='ocrx_word' id='word_1_639' title='bbox 2591 4278 2645 4332; x_wconf 75' lang='grc' dir='ltr'>οἱ</span> <span class='ocrx_word' id='word_1_640' title='bbox 2673 4275 3070 4353; x_wconf 87' lang='grc' dir='ltr'>προεστηκότες</span> <span class='ocrx_word' id='word_1_641' title='bbox 3098 4279 3207 4330; x_wconf 85' lang='grc' dir='ltr'>τῶν</span> <span class='ocrx_word' id='word_1_642' title='bbox 3237 4273 3425 4330; x_wconf 88' lang='grc' dir='ltr'>ἐθνῶν.</span> 
     </span>
    </p>
   </div>
   <div class='ocr_carea' id='block_1_89' title="bbox 2151 4361 3731 4442">
    <p class='ocr_par' dir='ltr' id='par_1_89' title="bbox 2151 4361 3731 4442">
     <span class='ocr_line' id='line_1_89' title="bbox 2151 4361 3731 4442; baseline -0.003 -23"><span class='ocrx_word' id='word_1_643' title='bbox 2151 4390 2181 4418; x_wconf 86' lang='lat'><strong><em>«</em></strong></span> <span class='ocrx_word' id='word_1_644' title='bbox 2212 4366 2313 4421; x_wconf 86' lang='grc' dir='ltr'>Καὶ</span> <span class='ocrx_word' id='word_1_645' title='bbox 2344 4364 2404 4421; x_wconf 89' lang='grc' dir='ltr'>ἐκ</span> <span class='ocrx_word' id='word_1_646' title='bbox 2429 4369 2535 4421; x_wconf 87' lang='grc' dir='ltr'>τῶν</span> <span class='ocrx_word' id='word_1_647' title='bbox 2568 4367 2815 4442; x_wconf 88' lang='grc' dir='ltr'>ἀναγκῶν</span> <span class='ocrx_word' id='word_1_648' title='bbox 2846 4365 3022 4421; x_wconf 89' lang='grc' dir='ltr'>αὐτῶν</span> <span class='ocrx_word' id='word_1_649' title='bbox 3050 4363 3310 4442; x_wconf 67' lang='grc' dir='ltr'>ἐρρύσατο</span> <span class='ocrx_word' id='word_1_650' title='bbox 3348 4361 3567 4426; x_wconf 90' lang='grc' dir='ltr'>αὐτούς.</span> <span class='ocrx_word' id='word_1_651' title='bbox 3599 4386 3629 4415; x_wconf 81' lang='grc'><strong>››</strong></span> <span class='ocrx_word' id='word_1_652' title='bbox 3662 4395 3731 4404; x_wconf 90' lang='grc'><strong><em>-</em></strong></span> 
     </span>
    </p>
   </div>
   <div class='ocr_carea' id='block_1_90' title="bbox 2079 4452 3049 4530">
    <p class='ocr_par' dir='ltr' id='par_1_90' title="bbox 2079 4452 3049 4530">
     <span class='ocr_line' id='line_1_90' title="bbox 2079 4452 3049 4530; baseline 0 -19"><span class='ocrx_word' id='word_1_653' title='bbox 2079 4456 2173 4511; x_wconf 87' lang='grc' dir='ltr'>Ἐκ</span> <span class='ocrx_word' id='word_1_654' title='bbox 2198 4459 2307 4511; x_wconf 87' lang='grc' dir='ltr'>τῶν</span> <span class='ocrx_word' id='word_1_655' title='bbox 2336 4452 2666 4529; x_wconf 88' lang='grc' dir='ltr'>δαιμονικῶν</span> <span class='ocrx_word' id='word_1_656' title='bbox 2697 4452 3049 4530; x_wconf 89' lang='grc' dir='ltr'>τυραννίδων.</span> 
     </span>
    </p>
   </div>
   <div class='ocr_carea' id='block_1_91' title="bbox 2153 4540 3731 4620">
    <p class='ocr_par' dir='ltr' id='par_1_91' title="bbox 2153 4540 3731 4620">
     <span class='ocr_line' id='line_1_91' title="bbox 2153 4540 3731 4620; baseline -0.002 -23"><span class='ocrx_word' id='word_1_657' title='bbox 2153 4568 2183 4597; x_wconf 87' lang='grc'>‹‹</span> <span class='ocrx_word' id='word_1_658' title='bbox 2210 4544 2310 4600; x_wconf 79' lang='grc' dir='ltr'>Καὶ</span> <span class='ocrx_word' id='word_1_659' title='bbox 2341 4541 2623 4620; x_wconf 80' lang='grc' dir='ltr'>ὡδήγησεν</span> <span class='ocrx_word' id='word_1_660' title='bbox 2672 4543 2869 4607; x_wconf 75' lang='grc' dir='ltr'>αὐτοὺς</span> <span class='ocrx_word' id='word_1_661' title='bbox 2914 4543 2992 4607; x_wconf 79' lang='grc' dir='ltr'>εἷς</span> <span class='ocrx_word' id='word_1_662' title='bbox 3044 4540 3168 4598; x_wconf 84' lang='grc' dir='ltr'>ὁδὸν</span> <span class='ocrx_word' id='word_1_663' title='bbox 3216 4542 3443 4606; x_wconf 84' lang='grc' dir='ltr'>εὐθεῖαν·</span> <span class='ocrx_word' id='word_1_664' title='bbox 3490 4544 3589 4596; x_wconf 88' lang='grc' dir='ltr'>τοῦ</span> <span class='ocrx_word' id='word_1_665' title='bbox 3626 4561 3731 4595; x_wconf 87' lang='grc' dir='ltr'>πο-</span> 
     </span>
    </p>
   </div>
   <div class='ocr_carea' id='block_1_92' title="bbox 2079 4623 3726 4710">
    <p class='ocr_par' dir='ltr' id='par_1_92' title="bbox 2079 4623 3726 4710">
     <span class='ocr_line' id='line_1_92' title="bbox 2079 4623 3726 4710; baseline -0.004 -20"><span class='ocrx_word' id='word_1_666' title='bbox 2079 4640 2333 4710; x_wconf 81' lang='grc' dir='ltr'>ρευθῆναι</span> <span class='ocrx_word' id='word_1_667' title='bbox 2365 4633 2441 4696; x_wconf 89' lang='grc' dir='ltr'>εἷς</span> <span class='ocrx_word' id='word_1_668' title='bbox 2474 4631 2637 4689; x_wconf 89' lang='grc' dir='ltr'>πόλιν</span> <span class='ocrx_word' id='word_1_669' title='bbox 2687 4632 3133 4710; x_wconf 84' lang='grc' dir='ltr'>κατοικητηρίου.</span> <span class='ocrx_word' id='word_1_670' title='bbox 3190 4654 3219 4683; x_wconf 92' lang='grc'><strong>››</strong></span> <span class='ocrx_word' id='word_1_671' title='bbox 3263 4662 3334 4673; x_wconf 91' lang='grc'><strong>-</strong></span> <span class='ocrx_word' id='word_1_672' title='bbox 3378 4630 3487 4698; x_wconf 75' lang='grc' dir='ltr'>Τὴν</span> <span class='ocrx_word' id='word_1_673' title='bbox 3532 4623 3726 4699; x_wconf 78' lang='grc' dir='ltr'>εὐσεϐῆ</span> 
     </span>
    </p>
   </div>
   <div class='ocr_carea' id='block_1_93' title="bbox 384 4712 3725 4799">
    <p class='ocr_par' dir='ltr' id='par_1_93' title="bbox 384 4712 3725 4799">
     <span class='ocr_line' id='line_1_93' title="bbox 384 4712 3725 4799; baseline 0.001 -29"><span class='ocrx_word' id='word_1_674' title='bbox 384 4741 414 4770; x_wconf 90' lang='grc'>‹‹</span> <span class='ocrx_word' id='word_1_675' title='bbox 446 4718 547 4773; x_wconf 85' lang='grc' dir='ltr'>Καὶ</span> <span class='ocrx_word' id='word_1_676' title='bbox 590 4715 836 4791; x_wconf 86' lang='grc' dir='ltr'>ἐμνήσθη</span> <span class='ocrx_word' id='word_1_677' title='bbox 883 4722 984 4786; x_wconf 85' lang='grc' dir='ltr'>τῆς</span> <span class='ocrx_word' id='word_1_678' title='bbox 1031 4714 1295 4789; x_wconf 90' lang='grc' dir='ltr'>διαθήκης</span> <span class='ocrx_word' id='word_1_679' title='bbox 1344 4718 1547 4774; x_wconf 76' lang='grc' dir='ltr'>αὐτοῦ’</span> <span class='ocrx_word' id='word_1_680' title='bbox 1596 4720 1687 4776; x_wconf 88' lang='grc' dir='ltr'>καὶ</span> <span class='ocrx_word' id='word_1_681' title='bbox 1738 4742 1966 4797; x_wconf 88' lang='grc' dir='ltr'>μετεμε-</span> <span class='ocrx_word' id='word_1_682' title='bbox 1997 4712 2044 4777; x_wconf 83' lang='grc' dir='ltr'>Ῑ)</span> <span class='ocrx_word' id='word_1_683' title='bbox 2073 4723 2164 4778; x_wconf 84' lang='grc' dir='ltr'>καὶ</span> <span class='ocrx_word' id='word_1_684' title='bbox 2195 4723 2439 4799; x_wconf 73' lang='grc' dir='ltr'>ἐνάρετον</span> <span class='ocrx_word' id='word_1_685' title='bbox 2498 4720 2776 4799; x_wconf 73' lang='grc' dir='ltr'>διαγωγὴν</span> <span class='ocrx_word' id='word_1_686' title='bbox 2831 4724 2930 4792; x_wconf 77' lang='grc' dir='ltr'>τὴν</span> <span class='ocrx_word' id='word_1_687' title='bbox 2994 4721 3223 4799; x_wconf 80' lang='grc' dir='ltr'>ἄγουσαν</span> <span class='ocrx_word' id='word_1_688' title='bbox 3275 4719 3355 4781; x_wconf 82' lang='grc' dir='ltr'>εἷς</span> <span class='ocrx_word' id='word_1_689' title='bbox 3411 4718 3504 4774; x_wconf 87' lang='grc' dir='ltr'>τὸν</span> <span class='ocrx_word' id='word_1_690' title='bbox 3561 4716 3725 4794; x_wconf 88' lang='grc' dir='ltr'>οὐρα-</span> 
     </span>
    </p>
   </div>
   <div class='ocr_carea' id='block_1_94' title="bbox 314 4802 1963 4876">
    <p class='ocr_par' dir='ltr' id='par_1_94' title="bbox 314 4802 1963 4876">
     <span class='ocr_line' id='line_1_94' title="bbox 314 4802 1963 4876; baseline -0.004 -15"><span class='ocrx_word' id='word_1_691' title='bbox 314 4803 461 4876; x_wconf 80' lang='grc' dir='ltr'>λήθη</span> <span class='ocrx_word' id='word_1_692' title='bbox 512 4805 650 4861; x_wconf 77' lang='grc' dir='ltr'>κατὰ</span> <span class='ocrx_word' id='word_1_693' title='bbox 693 4805 755 4861; x_wconf 88' lang='grc' dir='ltr'>τὸ</span> <span class='ocrx_word' id='word_1_694' title='bbox 810 4802 1027 4876; x_wconf 85' lang='grc' dir='ltr'>πλῆθος</span> <span class='ocrx_word' id='word_1_695' title='bbox 1078 4810 1177 4861; x_wconf 90' lang='grc' dir='ltr'>τοῦ</span> <span class='ocrx_word' id='word_1_696' title='bbox 1224 4805 1412 4872; x_wconf 84' lang='grc' dir='ltr'>ἐλέους</span> <span class='ocrx_word' id='word_1_697' title='bbox 1455 4807 1638 4867; x_wconf 89' lang='grc' dir='ltr'>αὐτοῦ.</span> <span class='ocrx_word' id='word_1_698' title='bbox 1684 4842 1755 4853; x_wconf 87' lang='lat'>—-</span> <span class='ocrx_word' id='word_1_699' title='bbox 1796 4812 1963 4868; x_wconf 87' lang='grc' dir='ltr'>Μετέ-</span> 
     </span>
    </p>
   </div>
   <div class='ocr_carea' id='block_1_95' title="bbox 312 4887 1583 4971">
    <p class='ocr_par' dir='ltr' id='par_1_95' title="bbox 312 4887 1583 4971">
     <span class='ocr_line' id='line_1_95' title="bbox 312 4887 1583 4971; baseline 0.005 -23"><span class='ocrx_word' id='word_1_700' title='bbox 312 4887 449 4950; x_wconf 86' lang='grc' dir='ltr'>ϐαλε</span> <span class='ocrx_word' id='word_1_701' title='bbox 475 4894 576 4963; x_wconf 80' lang='grc' dir='ltr'>τήν</span> <span class='ocrx_word' id='word_1_702' title='bbox 611 4891 782 4971; x_wconf 79' lang='grc' dir='ltr'>ὀργὴν</span> <span class='ocrx_word' id='word_1_703' title='bbox 810 4893 889 4957; x_wconf 86' lang='grc' dir='ltr'>είς</span> <span class='ocrx_word' id='word_1_704' title='bbox 920 4893 1118 4967; x_wconf 79' lang='grc' dir='ltr'>οἶκτον,</span> <span class='ocrx_word' id='word_1_705' title='bbox 1155 4895 1230 4958; x_wconf 85' lang='grc' dir='ltr'>ὠς</span> <span class='ocrx_word' id='word_1_706' title='bbox 1261 4894 1583 4960; x_wconf 86' lang='grc' dir='ltr'>πολυέλεος.</span> 
     </span>
    </p>
   </div>
   <div class='ocr_carea' id='block_1_96' title="bbox 380 4980 1960 5063">
    <p class='ocr_par' dir='ltr' id='par_1_96' title="bbox 380 4980 1960 5063">
     <span class='ocr_line' id='line_1_96' title="bbox 380 4980 1960 5063; baseline 0.008 -29"><span class='ocrx_word' id='word_1_707' title='bbox 380 5007 409 5034; x_wconf 89' lang='grc'>‹‹</span> <span class='ocrx_word' id='word_1_708' title='bbox 442 4984 542 5041; x_wconf 78' lang='grc' dir='ltr'>Καὶ</span> <span class='ocrx_word' id='word_1_709' title='bbox 573 4980 771 5039; x_wconf 82' lang='grc' dir='ltr'>ἔδωκεν</span> <span class='ocrx_word' id='word_1_710' title='bbox 818 4981 1013 5047; x_wconf 79' lang='grc' dir='ltr'>αὐτοὺς</span> <span class='ocrx_word' id='word_1_711' title='bbox 1064 4982 1143 5047; x_wconf 79' lang='grc' dir='ltr'>εἰς</span> <span class='ocrx_word' id='word_1_712' title='bbox 1193 4984 1536 5062; x_wconf 83' lang='grc' dir='ltr'>οἶκτιρμούς.</span> <span class='ocrx_word' id='word_1_713' title='bbox 1590 5011 1620 5039; x_wconf 85' lang='grc'><strong>››</strong></span> <span class='ocrx_word' id='word_1_714' title='bbox 1656 4989 1960 5063; x_wconf 86' lang='grc' dir='ltr'>Τουτέστιν,</span> 
     </span>
    </p>
   </div>
   <div class='ocr_carea' id='block_1_97' title="bbox 305 5067 806 5149">
    <p class='ocr_par' dir='ltr' id='par_1_97' title="bbox 305 5067 806 5149">
     <span class='ocr_line' id='line_1_97' title="bbox 305 5067 806 5149; baseline 0.008 -23"><span class='ocrx_word' id='word_1_715' title='bbox 305 5067 559 5149; x_wconf 79' lang='grc' dir='ltr'>ᾤκτειρεν</span> <span class='ocrx_word' id='word_1_716' title='bbox 592 5070 806 5136; x_wconf 85' lang='grc' dir='ltr'>αὐτούς.</span> 
     </span>
    </p>
   </div>
   <div class='ocr_carea' id='block_1_98' title="bbox 376 5160 1964 5240">
    <p class='ocr_par' dir='ltr' id='par_1_98' title="bbox 376 5160 1964 5240">
     <span class='ocr_line' id='line_1_98' title="bbox 376 5160 1964 5240; baseline 0.007 -28"><span class='ocrx_word' id='word_1_717' title='bbox 376 5183 406 5212; x_wconf 90' lang='grc'>‹‹</span> <span class='ocrx_word' id='word_1_718' title='bbox 435 5160 704 5216; x_wconf 86' lang='grc' dir='ltr'>Ἐναντίον</span> <span class='ocrx_word' id='word_1_719' title='bbox 763 5160 978 5217; x_wconf 84' lang='grc' dir='ltr'>πάντων</span> <span class='ocrx_word' id='word_1_720' title='bbox 1050 5166 1159 5218; x_wconf 87' lang='grc' dir='ltr'>τῶν</span> <span class='ocrx_word' id='word_1_721' title='bbox 1222 5163 1790 5240; x_wconf 84' lang='grc' dir='ltr'>αἰχμαλωτευσάντων</span> <span class='ocrx_word' id='word_1_722' title='bbox 1848 5168 1912 5223; x_wconf 90' lang='grc' dir='ltr'>αὐ</span> <span class='ocrx_word' id='word_1_723' title='bbox 1942 5202 1964 5212; x_wconf 94' lang='grc'><strong><em>-</em></strong></span> 
     </span>
    </p>
   </div>
   <div class='ocr_carea' id='block_1_99' title="bbox 300 5247 1962 5330">
    <p class='ocr_par' dir='ltr' id='par_1_99' title="bbox 300 5247 1962 5330">
     <span class='ocr_line' id='line_1_99' title="bbox 300 5247 1962 5330; baseline 0.005 -26"><span class='ocrx_word' id='word_1_724' title='bbox 300 5247 452 5312; x_wconf 88' lang='grc' dir='ltr'>τούς.</span> <span class='ocrx_word' id='word_1_725' title='bbox 486 5273 515 5301; x_wconf 88' lang='grc'><strong>››</strong></span> <span class='ocrx_word' id='word_1_726' title='bbox 545 5282 615 5293; x_wconf 89' lang='grc'>--</span> <span class='ocrx_word' id='word_1_727' title='bbox 646 5254 962 5329; x_wconf 82' lang='grc' dir='ltr'>Περιφανῶς</span> <span class='ocrx_word' id='word_1_728' title='bbox 995 5249 1134 5307; x_wconf 82' lang='grc' dir='ltr'>ὥστε</span> <span class='ocrx_word' id='word_1_729' title='bbox 1161 5250 1363 5315; x_wconf 87' lang='grc' dir='ltr'>πάντας</span> <span class='ocrx_word' id='word_1_730' title='bbox 1409 5258 1571 5309; x_wconf 88' lang='grc' dir='ltr'>τοῦτο</span> <span class='ocrx_word' id='word_1_731' title='bbox 1605 5262 1792 5330; x_wconf 81' lang='grc' dir='ltr'>μαθεῖν</span> <span class='ocrx_word' id='word_1_732' title='bbox 1832 5257 1962 5320; x_wconf 79' lang='grc' dir='ltr'>τοὺς</span> 
     </span>
    </p>
   </div>
   <div class='ocr_carea' id='block_1_100' title="bbox 302 5335 1958 5424">
    <p class='ocr_par' dir='ltr' id='par_1_100' title="bbox 302 5335 1958 5424">
     <span class='ocr_line' id='line_1_100' title="bbox 302 5335 1958 5424; baseline 0.006 -30"><span class='ocrx_word' id='word_1_733' title='bbox 302 5335 858 5414; x_wconf 78' lang='grc' dir='ltr'>αἰχμαλωτεύσαντας</span> <span class='ocrx_word' id='word_1_734' title='bbox 916 5339 1111 5404; x_wconf 88' lang='grc' dir='ltr'>αὐτούς</span> <span class='ocrx_word' id='word_1_735' title='bbox 1145 5360 1158 5375; x_wconf 88' lang='grc'><strong>·</strong></span> <span class='ocrx_word' id='word_1_736' title='bbox 1220 5343 1296 5406; x_wconf 85' lang='grc' dir='ltr'>ὡς</span> <span class='ocrx_word' id='word_1_737' title='bbox 1354 5338 1587 5422; x_wconf 86' lang='grc' dir='ltr'>διάφορα</span> <span class='ocrx_word' id='word_1_738' title='bbox 1651 5346 1752 5424; x_wconf 81' lang='grc' dir='ltr'>γὰρ</span> <span class='ocrx_word' id='word_1_739' title='bbox 1808 5345 1958 5419; x_wconf 79' lang='grc' dir='ltr'>ἔθνη,</span> 
     </span>
    </p>
   </div>
   <div class='ocr_carea' id='block_1_101' title="bbox 299 5426 982 5504">
    <p class='ocr_par' dir='ltr' id='par_1_101' title="bbox 299 5426 982 5504">
     <span class='ocr_line' id='line_1_101' title="bbox 299 5426 982 5504; baseline 0.006 -22"><span class='ocrx_word' id='word_1_740' title='bbox 299 5427 495 5490; x_wconf 80' lang='grc' dir='ltr'>αὐτοὺς</span> <span class='ocrx_word' id='word_1_741' title='bbox 525 5426 982 5504; x_wconf 53' lang='grc' dir='ltr'>ᾐχμαλώτευσεν.</span> 
     </span>
    </p>
   </div>
   <div class='ocr_carea' id='block_1_102' title="bbox 372 5517 1960 5594">
    <p class='ocr_par' dir='ltr' id='par_1_102' title="bbox 372 5517 1960 5594">
     <span class='ocr_line' id='line_1_102' title="bbox 372 5517 1960 5594; baseline 0.008 -26"><span class='ocrx_word' id='word_1_742' title='bbox 372 5539 403 5570; x_wconf 81' lang='grc'>‹‹</span> <span class='ocrx_word' id='word_1_743' title='bbox 436 5521 622 5572; x_wconf 89' lang='grc' dir='ltr'>Σῶσον</span> <span class='ocrx_word' id='word_1_744' title='bbox 653 5519 825 5590; x_wconf 80' lang='grc' dir='ltr'>ἡμᾶς,</span> <span class='ocrx_word' id='word_1_745' title='bbox 877 5517 1041 5592; x_wconf 87' lang='grc' dir='ltr'>Κύριε</span> <span class='ocrx_word' id='word_1_746' title='bbox 1088 5520 1117 5574; x_wconf 90' lang='lat'>6</span> <span class='ocrx_word' id='word_1_747' title='bbox 1166 5520 1297 5584; x_wconf 90' lang='grc' dir='ltr'>Θεὸς</span> <span class='ocrx_word' id='word_1_748' title='bbox 1344 5524 1530 5594; x_wconf 78' lang='grc' dir='ltr'>ἡμῶν,</span> <span class='ocrx_word' id='word_1_749' title='bbox 1578 5525 1669 5579; x_wconf 87' lang='grc' dir='ltr'>καὶ</span> <span class='ocrx_word' id='word_1_750' title='bbox 1710 5523 1960 5581; x_wconf 85' lang='grc' dir='ltr'>ἐπισυνά-</span> 
     </span>
    </p>
   </div>
   <div class='ocr_carea' id='block_1_103' title="bbox 294 5605 1955 5692">
    <p class='ocr_par' dir='ltr' id='par_1_103' title="bbox 294 5605 1955 5692">
     <span class='ocr_line' id='line_1_103' title="bbox 294 5605 1955 5692; baseline 0.006 -32"><span class='ocrx_word' id='word_1_751' title='bbox 294 5626 428 5683; x_wconf 87' lang='grc' dir='ltr'>γαγε</span> <span class='ocrx_word' id='word_1_752' title='bbox 478 5609 626 5680; x_wconf 76' lang='grc' dir='ltr'>ἡμᾶς</span> <span class='ocrx_word' id='word_1_753' title='bbox 678 5605 739 5662; x_wconf 88' lang='grc' dir='ltr'>ἐκ</span> <span class='ocrx_word' id='word_1_754' title='bbox 791 5609 899 5661; x_wconf 88' lang='grc' dir='ltr'>τῶν</span> <span class='ocrx_word' id='word_1_755' title='bbox 959 5605 1143 5666; x_wconf 82' lang='grc' dir='ltr'>ἐθνῶν.</span> <span class='ocrx_word' id='word_1_756' title='bbox 1206 5632 1236 5662; x_wconf 84' lang='grc'>››</span> <span class='ocrx_word' id='word_1_757' title='bbox 1280 5643 1351 5654; x_wconf 94' lang='grc'><strong>-</strong></span> <span class='ocrx_word' id='word_1_758' title='bbox 1395 5612 1491 5674; x_wconf 78' lang='grc' dir='ltr'>Εἰς</span> <span class='ocrx_word' id='word_1_759' title='bbox 1542 5615 1643 5683; x_wconf 83' lang='grc' dir='ltr'>τήν</span> <span class='ocrx_word' id='word_1_760' title='bbox 1690 5614 1955 5692; x_wconf 87' lang='grc' dir='ltr'>προτέραν</span> 
     </span>
    </p>
   </div>
   <div class='ocr_carea' id='block_1_104' title="bbox 2070 4811 2181 4869">
    <p class='ocr_par' dir='ltr' id='par_1_104' title="bbox 2070 4811 2181 4869">
     <span class='ocr_line' id='line_1_104' title="bbox 2070 4811 2181 4869; baseline 0.027 -3"><span class='ocrx_word' id='word_1_761' title='bbox 2070 4811 2157 4867; x_wconf 93' lang='grc' dir='ltr'>νόν</span> <span class='ocrx_word' id='word_1_762' title='bbox 2170 4857 2181 4869; x_wconf 93' lang='grc'>.</span> 
     </span>
    </p>
   </div>
   <div class='ocr_carea' id='block_1_105' title="bbox 2147 4893 3728 4977">
    <p class='ocr_par' dir='ltr' id='par_1_105' title="bbox 2147 4893 3728 4977">
     <span class='ocr_line' id='line_1_105' title="bbox 2147 4893 3728 4977; baseline -0.003 -24"><span class='ocrx_word' id='word_1_763' title='bbox 2147 4925 2176 4953; x_wconf 87' lang='grc'><em>‹‹</em></span> <span class='ocrx_word' id='word_1_764' title='bbox 2206 4899 2827 4977; x_wconf 79' lang='grc' dir='ltr'>Ἐξομολογησάσθωσαν</span> <span class='ocrx_word' id='word_1_765' title='bbox 2885 4904 2965 4972; x_wconf 80' lang='grc' dir='ltr'>τῷ</span> <span class='ocrx_word' id='word_1_766' title='bbox 3021 4898 3200 4975; x_wconf 88' lang='grc' dir='ltr'>Κυρίῳ</span> <span class='ocrx_word' id='word_1_767' title='bbox 3257 4898 3324 4953; x_wconf 81' lang='grc' dir='ltr'>τὰ</span> <span class='ocrx_word' id='word_1_768' title='bbox 3369 4894 3497 4967; x_wconf 88' lang='grc' dir='ltr'>ἐλέη</span> <span class='ocrx_word' id='word_1_769' title='bbox 3537 4893 3728 4962; x_wconf 83' lang='grc' dir='ltr'>αὐτοῦ,</span> 
     </span>
    </p>
   </div>
   <div class='ocr_carea' id='block_1_106' title="bbox 2072 4986 3724 5063">
    <p class='ocr_par' dir='ltr' id='par_1_106' title="bbox 2072 4986 3724 5063">
     <span class='ocr_line' id='line_1_106' title="bbox 2072 4986 3724 5063; baseline -0.007 -17"><span class='ocrx_word' id='word_1_770' title='bbox 2072 4991 2162 5046; x_wconf 85' lang='grc' dir='ltr'>καὶ</span> <span class='ocrx_word' id='word_1_771' title='bbox 2217 4991 2285 5045; x_wconf 76' lang='grc' dir='ltr'>τὰ</span> <span class='ocrx_word' id='word_1_772' title='bbox 2336 4990 2610 5063; x_wconf 83' lang='grc' dir='ltr'>θαυμάσια</span> <span class='ocrx_word' id='word_1_773' title='bbox 2657 4989 2822 5045; x_wconf 84' lang='grc' dir='ltr'>αὐτοῦ</span> <span class='ocrx_word' id='word_1_774' title='bbox 2878 4990 3018 5051; x_wconf 64' lang='grc' dir='ltr'>υἱοῖς</span> <span class='ocrx_word' id='word_1_775' title='bbox 3065 4993 3173 5044; x_wconf 88' lang='grc' dir='ltr'>τῶν</span> <span class='ocrx_word' id='word_1_776' title='bbox 3222 4986 3545 5063; x_wconf 83' lang='grc' dir='ltr'>ἀνθρώπων.</span> <span class='ocrx_word' id='word_1_777' title='bbox 3596 5007 3626 5036; x_wconf 82' lang='grc'><strong>››</strong></span> <span class='ocrx_word' id='word_1_778' title='bbox 3659 5011 3724 5032; x_wconf 71' lang='grc' dir='ltr'>ιτ.</span> 
     </span>
    </p>
   </div>
   <div class='ocr_carea' id='block_1_107' title="bbox 2071 5070 3723 5156">
    <p class='ocr_par' dir='ltr' id='par_1_107' title="bbox 2071 5070 3723 5156">
     <span class='ocr_line' id='line_1_107' title="bbox 2071 5070 3723 5156; baseline -0.004 -21"><span class='ocrx_word' id='word_1_779' title='bbox 2071 5080 2143 5134; x_wconf 87' lang='grc' dir='ltr'>Τὸ</span> <span class='ocrx_word' id='word_1_780' title='bbox 2197 5077 2785 5156; x_wconf 81' lang='grc' dir='ltr'>ἐξομολογησάσθωσαν</span> <span class='ocrx_word' id='word_1_781' title='bbox 2864 5075 2970 5134; x_wconf 84' lang='grc' dir='ltr'>ὦδε</span> <span class='ocrx_word' id='word_1_782' title='bbox 3047 5075 3215 5149; x_wconf 87' lang='grc' dir='ltr'>δηλοῖ</span> <span class='ocrx_word' id='word_1_783' title='bbox 3266 5075 3330 5131; x_wconf 89' lang='grc' dir='ltr'>τὸ</span> <span class='ocrx_word' id='word_1_784' title='bbox 3388 5070 3670 5151; x_wconf 82' lang='grc' dir='ltr'>ἐξαγγειλά</span> <span class='ocrx_word' id='word_1_785' title='bbox 3701 5106 3723 5115; x_wconf 91' lang='grc'><strong><em>-</em></strong></span> 
     </span>
    </p>
   </div>
   <div class='ocr_carea' id='block_1_108' title="bbox 2071 5188 2267 5226">
    <p class='ocr_par' dir='ltr' id='par_1_108' title="bbox 2071 5188 2267 5226">
     <span class='ocr_line' id='line_1_108' title="bbox 2071 5188 2267 5226; baseline 0.015 -4"><span class='ocrx_word' id='word_1_786' title='bbox 2071 5188 2267 5226; x_wconf 88' lang='grc' dir='ltr'>τωσαν.</span> 
     </span>
    </p>
   </div>
   <div class='ocr_carea' id='block_1_109' title="bbox 2147 5253 3723 5334">
    <p class='ocr_par' dir='ltr' id='par_1_109' title="bbox 2147 5253 3723 5334">
     <span class='ocr_line' id='line_1_109' title="bbox 2147 5253 3723 5334; baseline -0.002 -24"><span class='ocrx_word' id='word_1_787' title='bbox 2147 5282 2175 5310; x_wconf 91' lang='grc'><strong>‹‹</strong></span> <span class='ocrx_word' id='word_1_788' title='bbox 2206 5262 2327 5314; x_wconf 76' lang='grc' dir='ltr'>’Ότι</span> <span class='ocrx_word' id='word_1_789' title='bbox 2357 5253 2622 5334; x_wconf 82' lang='grc' dir='ltr'>ὲχόρτασε</span> <span class='ocrx_word' id='word_1_790' title='bbox 2647 5258 2830 5334; x_wconf 74' lang='grc' dir='ltr'>ψυχὴν</span> <span class='ocrx_word' id='word_1_791' title='bbox 2863 5257 3049 5328; x_wconf 74' lang='grc' dir='ltr'>κενήν,</span> <span class='ocrx_word' id='word_1_792' title='bbox 3099 5256 3189 5311; x_wconf 84' lang='grc' dir='ltr'>καὶ</span> <span class='ocrx_word' id='word_1_793' title='bbox 3237 5254 3424 5331; x_wconf 77' lang='grc' dir='ltr'>ψυχὴν</span> <span class='ocrx_word' id='word_1_794' title='bbox 3455 5256 3723 5309; x_wconf 85' lang='grc' dir='ltr'>πεινῶσαν</span> 
     </span>
    </p>
   </div>
   <div class='ocr_carea' id='block_1_110' title="bbox 2072 5341 3726 5424">
    <p class='ocr_par' dir='ltr' id='par_1_110' title="bbox 2072 5341 3726 5424">
     <span class='ocr_line' id='line_1_110' title="bbox 2072 5341 3726 5424; baseline -0.004 -21"><span class='ocrx_word' id='word_1_795' title='bbox 2072 5345 2366 5418; x_wconf 71' lang='grc' dir='ltr'>ἐνέπλησεν</span> <span class='ocrx_word' id='word_1_796' title='bbox 2397 5347 2639 5424; x_wconf 87' lang='grc' dir='ltr'>ἀγαθοῖς.</span> <span class='ocrx_word' id='word_1_797' title='bbox 2671 5370 2701 5399; x_wconf 88' lang='grc'><strong>›)</strong></span> <span class='ocrx_word' id='word_1_798' title='bbox 2733 5378 2802 5389; x_wconf 92' lang='lat'><strong><em>—</em></strong></span> <span class='ocrx_word' id='word_1_799' title='bbox 2843 5348 3013 5417; x_wconf 86' lang='grc' dir='ltr'>Κενήν</span> <span class='ocrx_word' id='word_1_800' title='bbox 3043 5366 3174 5420; x_wconf 87' lang='grc' dir='ltr'>φησι</span> <span class='ocrx_word' id='word_1_801' title='bbox 3207 5345 3309 5413; x_wconf 84' lang='grc' dir='ltr'>τήν</span> <span class='ocrx_word' id='word_1_802' title='bbox 3360 5341 3726 5418; x_wconf 78' lang='grc' dir='ltr'>ἐστερημένην</span> 
     </span>
    </p>
   </div>
   <div class='ocr_carea' id='block_1_111' title="bbox 2067 5431 3337 5516">
    <p class='ocr_par' dir='ltr' id='par_1_111' title="bbox 2067 5431 3337 5516">
     <span class='ocr_line' id='line_1_111' title="bbox 2067 5431 3337 5516; baseline -0.003 -24"><span class='ocrx_word' id='word_1_803' title='bbox 2067 5440 2275 5516; x_wconf 78' lang='grc' dir='ltr'>τροφῆς</span> <span class='ocrx_word' id='word_1_804' title='bbox 2305 5436 2395 5492; x_wconf 85' lang='grc' dir='ltr'>καὶ</span> <span class='ocrx_word' id='word_1_805' title='bbox 2426 5436 2661 5508; x_wconf 85' lang='grc' dir='ltr'>πόσεως,</span> <span class='ocrx_word' id='word_1_806' title='bbox 2693 5437 3066 5509; x_wconf 74' lang='grc' dir='ltr'>πνευματικῆς</span> <span class='ocrx_word' id='word_1_807' title='bbox 3098 5431 3337 5506; x_wconf 90' lang='grc' dir='ltr'>δηλαδή.</span> 
     </span>
    </p>
   </div>
   <div class='ocr_carea' id='block_1_112' title="bbox 2141 5521 3726 5600">
    <p class='ocr_par' dir='ltr' id='par_1_112' title="bbox 2141 5521 3726 5600">
     <span class='ocr_line' id='line_1_112' title="bbox 2141 5521 3726 5600; baseline -0.003 -22"><span class='ocrx_word' id='word_1_808' title='bbox 2141 5549 2170 5578; x_wconf 91' lang='grc'><strong><em>‹‹</em></strong></span> <span class='ocrx_word' id='word_1_809' title='bbox 2205 5523 2553 5600; x_wconf 80' lang='grc' dir='ltr'>Καθημένους</span> <span class='ocrx_word' id='word_1_810' title='bbox 2607 5523 2659 5579; x_wconf 89' lang='grc' dir='ltr'>ἐν</span> <span class='ocrx_word' id='word_1_811' title='bbox 2719 5522 2897 5579; x_wconf 87' lang='grc' dir='ltr'>σκότει</span> <span class='ocrx_word' id='word_1_812' title='bbox 2951 5524 3043 5578; x_wconf 85' lang='grc' dir='ltr'>καὶ</span> <span class='ocrx_word' id='word_1_813' title='bbox 3100 5528 3225 5594; x_wconf 77' lang='grc' dir='ltr'>σκιᾷ</span> <span class='ocrx_word' id='word_1_814' title='bbox 3281 5521 3532 5587; x_wconf 84' lang='grc' dir='ltr'>θανάτου.</span> <span class='ocrx_word' id='word_1_815' title='bbox 3585 5545 3613 5574; x_wconf 87' lang='grc'><strong>››</strong></span> <span class='ocrx_word' id='word_1_816' title='bbox 3655 5554 3726 5565; x_wconf 89' lang='grc'><strong><em>-</em></strong></span> 
     </span>
    </p>
   </div>
   <div class='ocr_carea' id='block_1_113' title="bbox 2070 5610 3722 5690">
    <p class='ocr_par' dir='ltr' id='par_1_113' title="bbox 2070 5610 3722 5690">
     <span class='ocr_line' id='line_1_113' title="bbox 2070 5610 3722 5690; baseline -0.003 -19"><span class='ocrx_word' id='word_1_817' title='bbox 2070 5615 2274 5678; x_wconf 89' lang='grc' dir='ltr'>Σκότος</span> <span class='ocrx_word' id='word_1_818' title='bbox 2329 5614 2421 5670; x_wconf 82' lang='grc' dir='ltr'>καὶ</span> <span class='ocrx_word' id='word_1_819' title='bbox 2477 5613 2569 5684; x_wconf 75' lang='grc' dir='ltr'>νὺξ</span> <span class='ocrx_word' id='word_1_820' title='bbox 2627 5612 2852 5678; x_wconf 86' lang='grc' dir='ltr'>θανάτου</span> <span class='ocrx_word' id='word_1_821' title='bbox 2908 5615 3147 5690; x_wconf 83' lang='grc' dir='ltr'>ψυχικοῦ</span> <span class='ocrx_word' id='word_1_822' title='bbox 3199 5614 3235 5677; x_wconf 77' lang='grc' dir='ltr'><strong>ἡ</strong></span> <span class='ocrx_word' id='word_1_823' title='bbox 3295 5614 3486 5687; x_wconf 78' lang='grc' dir='ltr'>ἄγνοια</span> <span class='ocrx_word' id='word_1_824' title='bbox 3538 5610 3629 5667; x_wconf 83' lang='grc' dir='ltr'>καὶ</span> <span class='ocrx_word' id='word_1_825' title='bbox 3685 5612 3722 5682; x_wconf 83' lang='grc' dir='ltr'><strong>ἡ</strong></span> 
     </span>
    </p>
   </div>
   <div class='ocr_carea' id='block_1_114' title="bbox 296 5693 2626 5782">
    <p class='ocr_par' dir='ltr' id='par_1_114' title="bbox 296 5693 2626 5782">
     <span class='ocr_line' id='line_1_114' title="bbox 296 5693 2626 5782; baseline 0.005 -33"><span class='ocrx_word' id='word_1_826' title='bbox 296 5695 504 5751; x_wconf 60' lang='grc' dir='ltr'>ἱκεσίαν</span> <span class='ocrx_word' id='word_1_827' title='bbox 536 5693 858 5782; x_wconf 77' lang='grc' dir='ltr'>ἀνέδραμεν.</span> <span class='ocrx_word' id='word_1_828' title='bbox 915 5697 1077 5768; x_wconf 82' lang='grc' dir='ltr'>’Ἑθνη</span> <span class='ocrx_word' id='word_1_829' title='bbox 1124 5694 1190 5753; x_wconf 67' lang='grc' dir='ltr'>⁷δέ</span> <span class='ocrx_word' id='word_1_830' title='bbox 1238 5697 1385 5776; x_wconf 86' lang='grc' dir='ltr'>λέγει</span> <span class='ocrx_word' id='word_1_831' title='bbox 1429 5702 1499 5757; x_wconf 79' lang='grc' dir='ltr'>τὰ</span> <span class='ocrx_word' id='word_1_832' title='bbox 1545 5700 1854 5779; x_wconf 82' lang='grc' dir='ltr'>παράνομα,</span> <span class='ocrx_word' id='word_1_833' title='bbox 1902 5703 1954 5760; x_wconf 91' lang='grc' dir='ltr'>ἐν</span> <span class='ocrx_word' id='word_1_834' title='bbox 2066 5704 2289 5760; x_wconf 87' lang='grc' dir='ltr'>ἀπισσία</span> <span class='ocrx_word' id='word_1_835' title='bbox 2314 5704 2449 5782; x_wconf 91' lang='grc' dir='ltr'>πρὸς</span> <span class='ocrx_word' id='word_1_836' title='bbox 2475 5702 2626 5761; x_wconf 90' lang='grc' dir='ltr'>Θεόν.</span> 
     </span>
    </p>
   </div>
   <div class='ocr_carea' id='block_1_115' title="bbox 301 5781 1951 5869">
    <p class='ocr_par' dir='ltr' id='par_1_115' title="bbox 301 5781 1951 5869">
     <span class='ocr_line' id='line_1_115' title="bbox 301 5781 1951 5869; baseline 0.006 -31"><span class='ocrx_word' id='word_1_837' title='bbox 301 5784 385 5847; x_wconf 69' lang='grc' dir='ltr'>οἷς</span> <span class='ocrx_word' id='word_1_838' title='bbox 441 5782 697 5842; x_wconf 87' lang='grc' dir='ltr'>Ἰουδαῖοι</span> <span class='ocrx_word' id='word_1_839' title='bbox 774 5781 1137 5862; x_wconf 74' lang='grc' dir='ltr'>διεσπάρησαν</span> <span class='ocrx_word' id='word_1_840' title='bbox 1212 5789 1349 5862; x_wconf 85' lang='grc' dir='ltr'>μετὰ</span> <span class='ocrx_word' id='word_1_841' title='bbox 1417 5791 1516 5861; x_wconf 75' lang='grc' dir='ltr'>τήν</span> <span class='ocrx_word' id='word_1_842' title='bbox 1591 5790 1667 5855; x_wconf 81' lang='grc' dir='ltr'>εἷς</span> <span class='ocrx_word' id='word_1_843' title='bbox 1721 5793 1951 5869; x_wconf 84' lang='grc' dir='ltr'>Χριστὸν</span> 
     </span>
    </p>
   </div>
   <div class='ocr_carea' id='block_1_116' title="bbox 2138 5789 3723 5869">
    <p class='ocr_par' dir='ltr' id='par_1_116' title="bbox 2138 5789 3723 5869">
     <span class='ocr_line' id='line_1_116' title="bbox 2138 5789 3723 5869; baseline 0.001 -23"><span class='ocrx_word' id='word_1_844' title='bbox 2138 5820 2165 5847; x_wconf 87' lang='grc'>‹‹</span> <span class='ocrx_word' id='word_1_845' title='bbox 2200 5791 2413 5866; x_wconf 83' lang='grc' dir='ltr'>Πεπεδη</span> <span class='ocrx_word' id='word_1_846' title='bbox 2427 5793 2620 5868; x_wconf 81' lang='grc' dir='ltr'>μένους</span> <span class='ocrx_word' id='word_1_847' title='bbox 2653 5792 2703 5848; x_wconf 82' lang='grc' dir='ltr'>ἐν</span> <span class='ocrx_word' id='word_1_848' title='bbox 2754 5790 3005 5869; x_wconf 77' lang='grc' dir='ltr'>πτωχείᾳ</span> <span class='ocrx_word' id='word_1_849' title='bbox 3046 5792 3135 5848; x_wconf 79' lang='grc' dir='ltr'>καὶ</span> <span class='ocrx_word' id='word_1_850' title='bbox 3169 5789 3403 5869; x_wconf 86' lang='grc' dir='ltr'>σιδήρῳ.</span> <span class='ocrx_word' id='word_1_851' title='bbox 3444 5814 3473 5845; x_wconf 88' lang='grc'><strong>››</strong></span> <span class='ocrx_word' id='word_1_852' title='bbox 3505 5822 3577 5835; x_wconf 71' lang='grc' dir='ltr'>-ο-</span> <span class='ocrx_word' id='word_1_853' title='bbox 3605 5794 3723 5847; x_wconf 88' lang='grc' dir='ltr'>Τῶν</span> 
     </span>
    </p>
   </div>
  </div>
