4066 6462
303 428 462 492 1569

1525 417 1945 488 EXPOSITIO
1989 420 2067 487 ΙΝ
2111 422 2493 489 PSALMOS.

3556 425 3714 487 1570

305 559 543 635 θλίψεως
608 561 715 614 τῶν
777 556 1117 634 πειρασμῶν,
1166 555 1256 612 καὶ
1311 558 1412 626 τήν
1468 555 1702 613 ἐντεῦθεν
1761 553 1958 626 ὀδύνης
1986 560 2041 626 Α
2068 555 2274 613 πλάνον
2340 555 2741 617 ἀποκαλοῦντες
2806 552 2897 608 καὶ
2962 552 3298 628 παράνομον,
3367 554 3620 613 ἀντίθεον.

301 652 539 706 κάκωσιν
549 692 564 706 .

375 763 404 791 ‹‹
435 735 701 813 Ἐξεχύθη
736 733 1083 810 ἐξουδένωσις
1135 733 1219 791 ἐπ’
1264 736 1536 812 ἄρχοντας
1592 734 1788 791 αὐτῶν.
1823 758 1853 787 ››
1884 768 1953 779 --

303 826 367 883 Οἰ
416 826 811 898 ἐξουσιάζοντες
857 825 1033 881 αὐτῶν
1076 825 1129 880 οἱ
1163 823 1408 901 βασιλεῖς
1439 826 1579 899 ὁμοῦ
1608 824 1698 879 καὶ
1728 821 1953 880 διῶκται

303 912 733 988 ἐξουδενώθησαν
760 914 907 991 παρά
932 918 1033 969 τοῦ
1062 917 1197 969 Θεοῦ
1225 913 1302 977 ὡς
1333 913 1572 990 ἀχρεῖοι.

377 1028 408 1058 α
437 1004 536 1059 Καὶ
584 1002 885 1075 ἐπλάνησεν
935 1001 1135 1065 αὐτοὺς
1190 1001 1242 1057 ἐν
1283 996 1468 1076 ἀϐάτῳ
1497 1001 1587 1058 καὶ
1621 1002 1728 1079 οὐχ
1757 999 1889 1074 ὁδῷ.
1923 1025 1953 1053 ››

302 1090 749 1163 -Πλανηθῆναι
794 1091 1188 1169 παρεχώρησεν
1237 1089 1434 1154 αὐτοὺς
1481 1090 1532 1146 ἐν
1580 1095 1696 1153 τοῖς
1740 1085 1953 1146 ἀσεϐέσι

304 1178 568 1257 δόγμασιν
599 1181 675 1244 ὥς
706 1180 979 1243 ἀνιάτους.

375 1293 406 1323 ‹‹
437 1270 536 1326 Καὶ
571 1264 842 1341 ἐϐοήθησε
888 1269 1079 1341 πένητι
1130 1268 1190 1324 ἐκ
1233 1268 1533 1345 πτωχείας.
1579 1294 1608 1323 ››
1659 1302 1726 1313 -—-
1762 1274 1850 1343 Τῷ
1895 1268 1956 1325 ἐκ

301 1358 578 1435 πτωχείας
606 1365 706 1429 τῆς
739 1356 830 1414 διὰ
855 1358 1083 1433 Χριστὸν
1110 1358 1303 1430 πένητι
1335 1357 1474 1431 λαῷ.

380 1471 410 1502 α
440 1448 539 1504 Καὶ
589 1446 737 1503 ἔθετο
786 1447 861 1510 ὡς
904 1442 1153 1525 πρόϐατα
1215 1447 1467 1525 πατριάς.
1521 1471 1551 1500 ››
1599 1480 1668 1490 -
1716 1446 1954 1524 Πατριάς

302 1533 429 1606 ἤτοι
461 1535 637 1617 φυλὰς
668 1536 922 1611 ὀνομάζει
954 1536 1020 1592 τὰ
1050 1539 1370 1610 συστήματα
1406 1541 1512 1592 τῶν
1561 1538 1698 1592 κατά
1751 1536 1954 1600 τόπους

302 1624 632 1698 ἐκκλησιῶν.
691 1628 760 1684 “Α
824 1623 974 1683 ἔθετο
1034 1628 1063 1682 6
1129 1625 1349 1703 Κύριος,
1413 1622 1586 1681 εἷ’τουν
1642 1624 1819 1697 ἔταξεν
1878 1626 1955 1689 ὡς

305 1714 479 1785 οἰκεία
514 1710 781 1794 πρόϐατα,
813 1714 951 1771 ὥστε
998 1715 1310 1789 ποιμαίνειν
1356 1719 1525 1771 ταῦτα
1574 1715 1665 1770 καὶ
1715 1713 1953 1792 ὁδηγεῖν.

304 1805 541 1879 Πατριάς
587 1801 645 1860 δὲ
694 1804 838 1861 εἶπεν
888 1804 1025 1860 αύτά
1071 1801 1161 1860 διά
1204 1806 1304 1875 τὴν
1357 1803 1416 1860 ἐκ
1460 1802 1695 1866 πίστεως
1765 1804 1954 1881 συγγέ-

303 1914 449 1949 νειαν
480 1890 678 1971 ἔχοντα
704 1894 918 1971 Πατέρα
945 1890 1037 1948 ἕνα
1062 1894 1154 1949 τὸν
1187 1893 1338 1951 Θεόν.

378 2008 407 2036 ‹‹
439 1983 697 2058 Ὄψονται
742 1983 917 2048 εύθεῖς
963 1982 1053 2038 καὶ
1118 1981 1593 2062 εὐφρανθήσονται.
1634 2007 1655 2034 ιι
1709 2016 1778 2028 --
1820 1981 1956 2038 Θεά-

303 2092 486 2128 σονται
547 2070 908 2147 πληρούμενα
970 2073 1038 2126 τὰ
1103 2069 1213 2143 ἤδη
1258 2071 1696 2151 προφητευθέντα
1753 2072 1804 2126 οἱ
1853 2074 1951 2141 τὴν

305 2160 508 2216 εὐθεῖαν
547 2157 826 2224 ὁδεύοντες
856 2155 1070 2224 ἀσεϐεῖς
1098 2160 1189 2216 καὶ
1220 2163 1579 2238 χαρήσονται.

378 2274 408 2303 ι(
437 2247 540 2306 Καὶ
588 2254 735 2304 πᾶσα
780 2248 981 2323 ἀνομία
1037 2248 1294 2328 ἐμφράξει
1343 2248 1521 2323 στόμα
1574 2249 1759 2307 αὐτοῦ.
1806 2275 1834 2303 ››
1886 2282 1956 2291 -

304 2338 564 2413 ’Δνομίαν
594 2336 738 2415 λέγει
767 2336 896 2402 τοὺς
925 2338 1164 2412 ἀνόμους
1191 2337 1280 2394 καὶ
1311 2333 1544 2401 ἀσεϐεῖς.

380 2450 409 2478 ‹‹
436 2427 528 2491 Τίς
578 2428 742 2506 σοφὸς
781 2427 871 2483 καὶ
917 2427 1137 2507 φυλάξει
1175 2432 1379 2499 ταῦτα;
1415 2452 1445 2480 ››
1476 2461 1544 2471 --
1573 2429 1958 2505 Παρατηρήσει

304 2520 475 2572 ταῦτα
504 2516 770 2573 πιστεύων
804 2515 887 2572 ὅτι
920 2516 1265 2592 γενήσονται.

380 2628 410 2657 ‹‹
441 2604 544 2662 Καὶ
574 2607 861 2677 συνήσουσι
891 2605 961 2659 τά
990 2603 1116 2676 ἐλέη
1150 2609 1247 2660 τοῦ
1296 2604 1516 2684 Κυρίου.
1552 2628 1583 2657 >)
1612 2638 1681 2647 -
1718 2606 1960 2661 Γνώσον-

304 2713 395 2749 ται
424 2697 591 2749 ταῦτα
620 2691 746 2749 ὅταν
788 2690 999 2750 λάθωσι
1030 2693 1223 2769 πέρας.

903 2802 1198 2856 ΨΑΛΜΟΣ
1238 2801 1349 2857 ΡΖ’.

381 2913 411 2941 «
441 2885 575 2967 ᾨδή
605 2886 830 2963 ψαλμοῦ
874 2892 955 2961 τῷ
984 2886 1169 2943 Δαυίδ.
1220 2888 1450 2963 Ἐτοίμη
1497 2891 1532 2959 ἡ
1582 2888 1778 2967 καρδία
1828 2910 1954 2963 μου,

308 2977 338 3033 6
386 2978 538 3046 Θεὸς,
594 2975 789 3050 ἑτοίμη
839 2979 874 3047 ἠ
931 2974 1126 3053 καρδία
1196 2997 1319 3051 μου·
1369 2975 1571 3051 ᾄσομαι
1635 2977 1725 3033 καὶ
1794 2978 1957 3053 ψαλῶ

309 3065 361 3122 ἐν
391 3070 462 3141 τῇ
495 3063 622 3141 δόξῃ
654 3086 779 3140 μου.
798 3089 822 3118 ο
840 3098 908 3108 -
926 3070 1105 3122 Ταῦτα
1130 3067 1220 3121 καὶ
1253 3065 1305 3121 ἐν
1337 3067 1418 3138 τῷ
1446 3067 1524 3130 νς¹
1554 3065 1763 3141 ψαλμῷ
1793 3067 1954 3144 ῥητά.

382 3178 410 3206 ‹‹
438 3156 621 3217 ’Ὁπως
670 3153 730 3210 ἂν
784 3154 1047 3231 ῥυσθῶσιν
1081 3156 1133 3211 οἱ
1166 3155 1440 3231 ἀγαπητοί
1478 3176 1594 3210 σου.
1630 3179 1658 3206 ››
1688 3189 1757 3198 ——
1789 3157 1954 3232 Ἀγα-

304 3243 472 3314 πητοὶ
503 3242 628 3320 περὶ
653 3242 727 3299 ὧν
757 3243 890 3322 φησὶ
918 3244 982 3299 τὸ
1028 3243 1380 3320 Εὐαγγέλιον·
1417 3268 1447 3298 ‹‹
1498 3245 1807 3321 ’Δγαπήσας
1853 3244 1955 3321 γὰρ

302 3330 432 3394 τοὺς
483 3328 655 3394 ἰδίους
702 3331 754 3386 ἐν
798 3336 878 3405 τῷ
921 3331 1115 3406 κόσμῳ
1164 3332 1243 3395 εἰς
1283 3331 1444 3395 τέλος
1510 3333 1790 3408 ἠγάπησεν
1855 3331 1951 3388 αὖ-

302 3420 455 3483 τούς·
476 3444 507 3472 ››
533 3420 603 3476 τὰ
631 3418 689 3476 δὲ
717 3419 887 3476 λοιπά
913 3421 982 3476 τὰ
1008 3422 1125 3476 καθ’
1150 3421 1274 3493 ἑξῆς
1304 3421 1394 3477 καὶ
1426 3420 1477 3477 ἐν
1508 3426 1588 3494 τῷ
1618 3422 1693 3477 νθ¹
1721 3422 1952 3497 ψαλμῷ.

896 3531 1192 3583 ΨΑΛΜΟΣ
1243 3533 1365 3585 PH’.

380 3640 408 3669 ‹‹
440 3615 533 3679 Εἰς
563 3616 626 3670 τὸ
654 3614 815 3678 τέλος
845 3614 1065 3690 ψαλμὸς
1089 3620 1170 3689 τῷ
1199 3614 1384 3674 Δαυίδ.
1420 3616 1573 3691 Θεὸς,
1603 3618 1703 3688 τήν
1763 3614 1959 3673 αἷῢεσίν

310 3726 414 3780 μου
468 3706 544 3779 μὴ
596 3705 1046 3783 παρασιωπήσῃς.
1103 3730 1125 3758 ιι
1177 3739 1248 3748 —
1291 3711 1399 3777 Τῆς
1451 3706 1796 3783 ἀνθρωπίνης
1853 3706 1953 3784 φύ-

305 3813 441 3855 σεως
466 3793 536 3849 τά
567 3793 736 3869 μέτρα
762 3791 995 3871 πληρῶν
1047 3795 1076 3849 6
1124 3794 1402 3866 Δεσπότης
1444 3795 1675 3872 Χριστὸς
1734 3792 1953 3871 εὔχεται

303 3883 442 3959 πρὸς
496 3882 589 3937 τὸν
653 3883 882 3960 Πατέρα,
913 3883 1004 3939 καί
1051 3905 1208 3963 φησι,
1260 3909 1289 3937 ‹‹
1341 3886 1448 3954 Τὴν
1512 3886 1648 3959 μετὰ
1702 3884 1955 3948 αἰνέσεως

303 3966 486 4039 δέησίν
562 3990 668 4043 μου
746 3974 822 4044 μὴ
903 3970 1174 4047 παρέλθῃς
1250 3973 1304 4029 ἐν
1358 3978 1563 4048 σιωπῇο
1607 3999 1634 4027 ››
1685 3974 1952 4047 τουτέστι,

307 4058 383 4131 μὴ
416 4054 778 4134 ἀπρόσδεκτον
810 4061 1067 4134 ποιήσῃς,
1104 4063 1182 4134 μή
1220 4061 1598 4139 ἀνενέργητον.

378 4171 401 4199 ι
434 4149 553 4201 Ὅτι
597 4145 775 4221 στόμα
816 4146 1151 4224 ἁμαρτωλοῦ
1219 4151 1309 4205 καὶ
1378 4150 1555 4226 στόμα
1618 4148 1813 4207 δολίου
1873 4150 1957 4207 ἐπ’

300 4234 399 4311 ἐμὲ
441 4234 700 4311 ἠνοίχθη.
732 4261 761 4288 ››
820 4267 866 4279 -·
902 4236 1261 4314 ’Δμαρτωλὸν
1310 4239 1401 4294 καὶ
1452 4237 1640 4296 δόλιον
1680 4240 1774 4296 τὸν
1818 4240 1954 4296 Ἰού-

286 4318 391 4381 ’δαν
416 4324 666 4401 νοητέον,
698 4325 757 4387 ὃς
784 4323 971 4396 ἤνοιξε
999 4325 1174 4399 στόμα
1223 4329 1361 4384 κατά
1406 4333 1503 4383 τοῦ
1554 4336 1815 4403 Σωτῆρος
1865 4328 1957 4386 ὅτε

296 4412 635 4486 συνελάλησε
702 4419 818 4477 τοῖς
886 4414 1201 4492 ἀρχιερεῦσι
1263 4416 1355 4472 καὶ
1418 4413 1806 4494 πρεσϐυτέροις
1855 4424 1954 4475 τοῦ

299 4503 436 4560 λαοῦ
459 4504 585 4582 περὶ
616 4506 716 4575 τῆς
743 4501 1040 4580 προδοσίας
1070 4505 1257 4563 αὐτοῦ.

351 4583 397 4647 ’‹‹
434 4591 740 4664 Ἐλάλησαν
792 4595 911 4649 κατ’
963 4593 1100 4668 ἐμοῦ
1146 4592 1368 4672 γλώσσῃ
1417 4593 1598 4668 δολία.
1632 4620 1662 4649 ››
1693 4631 1763 4639 -
1787 4598 1950 4653 Εἶσά-

1984 1931 2034 1998 Β
2063 1897 2162 1966 τῷ.

2136 671 2163 698 α
2197 648 2336 724 Ἐγὼ
2397 644 2456 702 δὲ
2510 642 2931 722 προσηυχόμην.
2976 666 3005 696 ››
3051 676 3121 686 —
3165 645 3323 721 ’Υπὲρ
3376 645 3550 701 αὐτῶν
3611 645 3712 720 δη-

2062 733 2244 791 λονότι
2274 737 2311 805 ἢ
2333 737 2433 805 τήν
2463 736 2609 811 παρά
2636 738 2732 788 σοῦ
2768 734 3021 809 βοήθειαν
3053 732 3510 807 ἐπικαλούμενος.

2135 849 2163 879 ‹‹
2198 825 2300 881 Καὶ
2357 821 2536 879 ἔθεντο
2580 823 2696 878 κατ’
2746 820 2881 896 ἐμοῦ
2928 821 3066 877 γακά
3106 822 3219 876 ἀντὶ
3265 823 3502 898 ἀγαθῶν.
3555 849 3584 877 ››
3641 859 3712 869 —

2065 914 2392 991 Εἰργάσαντο
2448 918 2562 968 κατ’
2614 911 2749 985 ἐμοῦ
2796 910 2935 965 κακά
2990 911 3099 965 ἀνθ’
3146 912 3219 965 ὧν
3270 911 3708 989 εὐηργετήθησαν

2064 1005 2293 1080 ἀγαθῶν.

2142 1115 2169 1147 ιι
2199 1092 2298 1146 Καὶ
2349 1096 2505 1165 μῖσος
2552 1089 2666 1145 ἀντὶ
2713 1096 2813 1159 τῆς
2861 1088 3188 1164 ἀγαπήσεώς
3240 1111 3364 1164 μου.
3403 1115 3423 1143 ιι
3462 1126 3530 1134 -
3564 1092 3708 1148 ’Δντὶ

2061 1188 2161 1251 τῆς
2192 1181 2408 1256 ἀγάπης
2438 1182 2506 1248 ἧς
2536 1180 2766 1253 ἠγάπων
2792 1176 3008 1239 αὐτούς.

2138 1294 2165 1323 ‹‹
2199 1267 2540 1338 Κατάστησον
2592 1266 2674 1322 ἐπ’
2722 1264 2881 1320 αὐτὸν
2928 1265 3278 1342 ἀμαρτωλόν.
3316 1292 3344 1319 ››
3371 1301 3440 1311 -
3483 1271 3561 1326 Τὸ
3608 1291 3712 1326 κα-

2061 1360 2326 1429 τάστησον
2403 1357 2520 1412 ἀντὶ
2596 1360 2694 1411 τοῦ
2776 1357 3207 1432 παραχώρησον.
3294 1360 3708 1436 Παραχώρησον

2062 1454 2413 1517 καταστῆναι,
2470 1444 2716 1501 τουτέστι
2796 1446 3206 1515 καταστήσεται·
3289 1448 3535 1522 σχήματι
3605 1450 3710 1526 γὰρ

2066 1538 2198 1614 ἀρᾶς
2245 1534 2577 1614 προφητεύει
2620 1535 2689 1589 τὰ
2740 1531 3034 1607 μέλλοντα·
3069 1559 3097 1586 ‹‹
3147 1533 3382 1604 Εἷσ-ῆλθε
3436 1537 3563 1612 γὰρ,
3605 1559 3711 1616 φη-

2066 1625 2171 1696 σὶν,
2205 1625 2281 1688 εἰς
2314 1624 2474 1680 αὐτὸν
2506 1624 2534 1678 6
2567 1628 2830 1685 Σατανᾶς,
2865 1646 2892 1673 ››

2139 1739 2167 1767 ‹‹
2198 1715 2304 1771 Καὶ
2334 1708 2592 1775 διάϐολος
2625 1713 2806 1783 στήτω
2846 1710 2906 1766 ἐκ
2945 1708 3131 1782 δεξιῶν
3178 1710 3364 1769 αὐτοῦ.
3397 1737 3426 1764 ››
3458 1746 3527 1755 -——
3567 1716 3713 1786 Στή-

2066 1824 2213 1859 σεται
2258 1803 2317 1858 ἐκ
2365 1800 2551 1873 δεξιῶν
2601 1799 2787 1872 αὐτοῦ,
2829 1799 3127 1870 τουτέστιν,
3161 1800 3570 1872 οἶκειωθήσεται
3618 1803 3713 1858 αύ-

2138 2006 2165 2034 ‹‹
2200 1984 2285 2037 Ἐν
2342 1984 2422 2054 τῷ
2493 1979 2764 2057 κρίνεσθαι
2842 1977 3001 2033 αὐτὸν
3077 1977 3285 2049 ἐξέλθοι
3358 1976 3710 2037 καταδεδικα-

2064 2069 2283 2144 σμένος.
2319 2095 2347 2122 ››
2373 2102 2443 2112 —-
2474 2070 2557 2123 ’Ev
2596 2072 2676 2141 τῷ
2719 2066 2990 2140 κρίνεσθαι
3040 2068 3144 2122 ὑπὸ
3189 2072 3288 2122 τοῦ
3333 2068 3534 2124 οἰκείου
3583 2091 3712 2125 συν-

2064 2158 2272 2222 ειδότος
2349 2156 2677 2229 ἐξελεύσεται
2754 2156 2859 2210 ἀπὸ
2939 2160 3036 2211 τοῦ
3121 2154 3416 2233 συνεδρίου,
3488 2179 3712 2215 κατακε-

2062 2248 2321 2326 κριμένος
2377 2247 2467 2302 καὶ
2527 2247 2612 2323 ὑφ’
2671 2247 2861 2301 ἑαυτοῦ
2906 2245 2997 2300 καὶ
3048 2246 3135 2300 ὑπ’
3166 2244 3406 2301 ἐκείνων·
3444 2270 3473 2299 ‹‹
3505 2253 3715 2326 Ἥμαρ-

2064 2359 2155 2395 τον
2211 2337 2333 2415 γάρ,
2367 2336 2522 2416 φησὶ,
2552 2332 2827 2412 παραδοὺς
2884 2334 3019 2409 αἰμα
3075 2335 3273 2393 ἀθῶον.
3305 2337 3368 2390 Οἳ
3422 2334 3480 2391 δὲ
3537 2337 3710 2414 εἷπον,

2065 2427 2125 2482 Τί
2181 2426 2316 2502 πρὸς
2361 2428 2551 2500 ἡμᾶςε
2602 2424 2665 2479 σὺ
2714 2418 2856 2498 ὄψει.
2904 2448 2933 2476 ››
2983 2424 3380 2501 Καταγνώσεως
3438 2422 3497 2480 δὲ
3540 2427 3602 2482 τὸ
3649 2427 3712 2482 σὺ

2067 2511 2187 2591 ὄψει
2198 2559 2211 2572 .
3625 2563 3630 2571 .

2142 2628 2171 2657 ‹‹
2202 2605 2301 2659 Καὶ
2349 2606 2385 2674 ἠ
2434 2604 2718 2681 προσευχὴ
2770 2601 2934 2658 αὐτοῦ
2983 2600 3220 2678 γενέσθω
3268 2602 3344 2665 εἷς
3386 2603 3649 2681 ἁμαρτίαν
3681 2632 3710 2659 ››

2067 2727 2135 2737 -
2164 2693 2260 2756 Εἰς
2290 2692 2621 2768 ἀποτυχίαν,
2650 2689 2819 2767 ⁴ἤγουν
2851 2690 3196 2762 ἀποτεύξεται
3247 2692 3322 2746 ὢν
3365 2691 3575 2765 αἰτήσει
3625 2690 3715 2750 διὰ

2064 2784 2164 2852 τὴν
2198 2780 2521 2859 δυπροπίαν
2556 2780 2741 2839 αὐτοῦ.

2140 2897 2168 2924 ‹‹
2200 2872 2582 2942 Γενηθήτωσαν
2629 2870 2683 2925 αἱ
2731 2868 2935 2945 ἡμέραι
2985 2868 3149 2924 αὐτοῦ
3197 2868 3404 2946 ὀλίγαι.
3448 2895 3477 2923 ››
3511 2904 3577 2916 —-
3619 2879 3716 2928 Τε-

2069 2960 2232 3032 λευτή
2241 2981 2318 3016 σει
2348 2960 2584 3036 ταχέως.

2140 3075 2168 3103 ‹‹
2201 3051 2303 3108 Καὶ
2333 3051 2431 3120 τήν
2463 3048 2765 3118 ἐπισκοπὴν
2798 3047 2962 3104 αὐτοῦ
2993 3042 3155 3103 λάϐοι
3210 3045 3414 3121 ἕτερος.
3451 3074 3480 3102 »
3511 3085 3581 3093 —
3609 3053 3717 3121 Τήν

2067 3137 2441 3208 ἀποπολικὴν
2475 3137 2777 3206 ἐπισκοπὴν
2807 3137 2970 3192 αὐτοῦ
3002 3135 3234 3212 λήψεται
3267 3138 3295 3192 ὁ
3325 3140 3586 3203 Ματθίας.

2139 3270 2168 3299 ‹‹
2202 3247 2587 3317 Γενηθήτωσαν
2639 3245 2693 3299 οἱ
2735 3245 2843 3299 υἱοὶ
2892 3243 3057 3299 αὐτοῦ
3106 3243 3330 3323 ὀρφανοὶ
3370 3246 3526 3316 καὶὴ
3573 3249 3709 3324 γυνὴ

2064 3335 2230 3391 αὐτοῦ
2285 3336 2454 3410 χήρα.
2507 3357 2536 3387 ››
2591 3367 2661 3375 -
2706 3333 2889 3388 Εἰπὼν
2945 3330 3080 3404 ἄνω,
3121 3333 3174 3388 τί
3218 3334 3511 3406 πεποίηκεν
3565 3336 3713 3409 αὐτῷ

2067 3425 2095 3479 6
2145 3420 2389 3493 Ἰούδας;
2457 3448 2484 3475 ››
2538 3421 2784 3498 ἐπήγαγε
2838 3422 2949 3495 καὶ,
3015 3422 3069 3477 τί
3127 3422 3193 3478 τὸ
3243 3420 3535 3480 Ἰουδαϊκὸν
3600 3447 3716 3481 συν-

2065 3509 2243 3589 έδριον
2293 3511 2560 3582 πεποίηκε
2622 3508 2788 3566 πάλιν
2837 3510 3001 3583 αύτῷο
3054 3510 3169 3566 εἶτα
3231 3512 3389 3587 τύπῳ
3457 3514 3588 3589 ἀρᾶς
3649 3516 3718 3571 τά

2068 3596 2557 3675 ἐπισυμϐησόμενα
2586 3605 2662 3673 τῷ
2691 3597 2934 3674 προδότῃ
2963 3600 3369 3678 προαγορεύσας
3414 3600 3525 3674 ἤδη
3579 3623 3717 3678 προ-

2067 3690 2213 3767 λέγει
2263 3690 2353 3746 καὶ
2402 3690 2499 3746 ὅσα
2545 3696 2661 3753 τοῖς
2712 3690 3015 3752 θεοκτόνοις
3061 3686 3585 3764 ἐπισυμϐλήσονται·
3625 3693 3718 3749 καὶ

2066 3785 2283 3857 πρῶτον
2330 3785 2436 3836 τῶν
2483 3777 2669 3835 ἄλλων
2716 3779 2850 3858 φησὶ
2895 3780 2995 3848 τήν
3025 3777 3129 3834 ὑπὸ
3178 3779 3464 3854 Ῥωμαίων
3509 3780 3720 3858 ἀναίρε-

2068 3891 2149 3925 σιν
2194 3869 2395 3940 αὐτῶν,
2443 3867 2533 3924 καί
2578 3868 2671 3923 τὸν
2714 3873 2820 3923 τῶν
2870 3872 3141 3943 γυναικῶν
3188 3869 3280 3923 καὶ
3342 3866 3550 3923 παίδων
3618 3869 3717 3924 αύ-

2064 3963 2172 4013 τῶν
2230 3954 2668 4034 ἀνδραποδισμὸν
2721 3956 2812 4011 καὶ
2857 3957 2956 4026 τήν
3030 3955 3091 4011 ἐκ
3155 3963 3257 4027 τῆς
3330 3955 3716 4034 αἰχμαλωσίας

2066 4046 2295 4123 ἀπορίαν
2324 4049 2432 4100 τῶν
2464 4044 2788 4121 ἀναγκαίων.

2136 4159 2166 4188 ‹‹
2196 4129 2658 4205 -Εκϐληθήτωσαν
2718 4132 2778 4188 ἐκ
2821 4137 2929 4187 τῶν
2976 4131 3278 4189 οἰκοπέδων
3336 4133 3534 4193 αὐτῶν.
3583 4160 3612 4189 ››
3644 4169 3716 4181 -

2063 4221 2189 4279 Οὐδ’
2218 4222 2267 4278 ἐν
2315 4227 2434 4286 τοῖς
2483 4220 2796 4284 οἰκοπέδοις
2840 4219 2967 4291 ἤτοι
3014 4228 3129 4285 τοῖς
3180 4222 3440 4299 ἐρειπίοις
3478 4228 3586 4279 τῶν
3637 4226 3716 4280 οῖ-

2062 4315 2326 4387 κημάτων
2377 4312 2551 4367 αὐτῶν
2598 4311 2764 4366 οἰκεῖν
2833 4313 3382 4387 συγχωρηθήσονται.
3430 4316 3716 4385 Δανειστὴς

2062 4400 2171 4458 ὧδε
2220 4402 2312 4457 τὸν
2373 4399 2564 4464 ἁπλῶς
2615 4399 2834 4472 λήπτην
2895 4401 3051 4479 φησί’
3111 4400 3195 4456 διὸ
3226 4403 3375 4457 καὶὸ
3407 4401 3717 4481 Σύμμαχος

2064 4492 2177 4547 ἀντὶ
2249 4497 2343 4547 τοῦ
2428 4488 2707 4560 δανειστὴς
2793 4492 3052 4567 πράκτωρ
3137 4493 3470 4567 ἡρμήνευσε.
3557 4493 3719 4568 Λέγει

2062 4585 2192 4657 γοῦν
2248 4582 2340 4636 τὸν
2403 4578 2727 4659 φορολόγον·
2790 4580 2854 4633 Οἱ
2909 4579 3010 4655 γάρ
3069 4582 3196 4655 περὶ
3245 4582 3346 4650 τῆς
3402 4582 3717 4654 Ῥωμαῖκῆς

295 4703 377 4760 γει
429 4684 520 4738 καὶ
561 4663 690 4745 τοῦς
742 4685 857 4758 μεθ’
907 4663 1004 4738 ὧν·
1031 4686 1060 4739 6
1104 4663 1312 4749 Ἰούδας
1344 4663 1750 4758 συνελάλησεν,
1778 4685 1949 4763 ἤγουν
1982 4675 2031 4740 D
2063 4669 2423 4763 ἐξουσίας-ἐπὶ
2576 4663 2876 4763 λαμϐοξνείν
2926 4667 3246 4763 τεῖαγμένοι
3289 4670 3383 4724 τὸν
3440 4676 3560 4763 τξδῖς
3597 4677 3727 4725 ’Ῑου“

294 4771 424 4835 τοὺς
454 4771 733 4849 ἀρχιερεῖς
775 4772 867 4828 καὶ
915 4768 1315 4851 πρεσϐυτέρους
1369 4779 1479 4831 τῶν
1531 4772 1832 4850 Ἰουδαίων,
1864 4776 1954 4832 καί

296 4881 480 4938 φησιν.
533 4883 562 4914 ‹‹
613 4859 923 4932 Έλάλησαν
984 4862 1145 4925 οὗτός
1210 4883 1271 4919 τε
1326 4864 1587 4938 κάκεῖνοι,
1632 4867 1749 4920 κατ’
1817 4864 1955 4939 ἐμοῦ

300 4946 497 5012 δόλους
527 4949 820 5027 βάπτοντες
852 4945 1169 5015 ἐπιϐουλάς.
1200 4977 1230 5005 ››

374 5061 402 5089 ‹‹
432 5038 532 5093 Καὶ
572 5037 774 5115 κλόγοις
828 5039 1016 5114 μίσους
1080 5040 1393 5098 ἐκύκλωσάν
1461 5064 1548 5117 με.
1603 5068 1631 5095 ››
1682 5076 1751 5085 -
1801 5042 1953 5099 Πολ-

300 5123 457 5188 λάκις
528 5126 630 5204 γάρ
697 5129 749 5182 οἳ
811 5125 1066 5184 Ἰουδαῖοι
1132 5129 1460 5194 κυκλοῦντες
1516 5131 1676 5187 αὐτὸν
1735 5131 1954 5209 ῥήματα

303 5215 492 5290 μίσους
570 5213 824 5289 ἐλάλουν,
900 5214 1269 5295 διασύροντες,
1335 5215 1648 5293 ὑϐρίζοντες
1723 5221 1955 5297 ἠρώτων

296 5307 469 5376 κακοή
479 5317 585 5368 om:
594 5348 606 5361 .

369 5419 398 5448 ι(
430 5393 530 5448 Καὶ
580 5392 929 5469 ἐπολέμησάν
985 5417 1052 5470 με
1094 5394 1322 5475 δωρεάν.
1370 5423 1399 5453 ››
1429 5433 1497 5443 -
1540 5400 1752 5471 Μάτην,
1805 5399 1954 5455 ἀνευ-

296 5483 508 5559 λόγως.
1044 5487 1054 5498 ⁸
1101 5518 1111 5535 ς

369 5596 398 5626 ‹‹
430 5572 576 5628 ’Δντὶ
606 5576 709 5629 τοῦ
747 5573 957 5649 ἀγαπᾷν
1016 5596 1083 5649 με
1129 5572 1480 5633 ἐνδιέϐαλλόν
1532 5599 1618 5652 με.
1654 5603 1682 5631 ››
1720 5612 1785 5621 —
1822 5579 1949 5633 Δέον

297 5663 504 5741 ἀγαπᾷν
578 5681 646 5736 με
710 5663 830 5717 καθ’
878 5660 1108 5735 ἐκάστην
1174 5665 1371 5730 αὐτοὺς
1437 5666 1818 5745 εὐεργετοῦντα
1862 5667 1951 5722 καί

299 5750 404 5834 λόγ
499 5752 590 5809 καὶ
639 5746 809 5831 ἔργῳ.
840 5752 905 5810 Οἱ
956 5749 1014 5810 δὲ
1059 5753 1373 5813 τούναντίον
1425 5753 1815 5836 διεκωμῲδουν
1864 5777 1950 5835 με,

2068 4756 2241 4823 δαίοις
2297 4758 2636 4832 ἐπικείμενον
2697 4756 2887 4836 φόρον,
2933 4758 3022 4813 καὶ
3080 4759 3565 4835 κατακεκρυμμένα
3612 4764 3723 4816 τῶν

2069 4847 2342 4904 Ἰουδαίων
2377 4844 2617 4926 ἀκριϐῶς
2650 4847 3028 4925 ἐρευνήσαντες
3057 4848 3233 4903 πάντα
3262 4845 3585 4924 διήρπασαν.

2138 4981 2165 5009 ‹‹
2200 4956 2630 5033 Έξερευνησάτω
2702 4952 2985 5024 δανειστὴς
3067 4953 3243 5010 πάντα
3323 4956 3412 5010 οἷα
3488 4954 3725 5032 ὑπάρχει

2063 5045 2232 5119 αὐτῷ.
2268 5071 2294 5098 ››
2351 5079 2417 5089 -
2474 5041 2638 5100 Οὔπω
2697 5045 2800 5119 γὰρ
2857 5045 3255 5121 τεσσαράκοντα
3315 5040 3720 5115 διεληλυθότων

2063 5134 2319 5189 ἐνιαυτῶν
2368 5136 2431 5190 τὸ
2481 5134 2782 5207 ὀνομαστὸν
2835 5133 2969 5209 ὅπερ
3020 5134 3137 5209 εἶχε
3174 5134 3264 5188 καὶ
3314 5130 3521 5205 ἔνδοξον
3558 5134 3588 5189 6
3614 5138 3724 5189 τῶν

2064 5221 2336 5278 Ἰουδαίων
2366 5221 2499 5285 λαὸς
2529 5220 2730 5285 τελέως
2760 5221 3065 5279 ἀπώλεσεν.

2138 5312 2484 5382 «Γενηθήτω
2540 5311 2608 5365 τά
2661 5312 2823 5366 τέκνα
2878 5310 3043 5365 αὐτοῦ
3087 5310 3165 5373 εἰς
3224 5310 3618 5388 ἐξολόθρευσιν·
3666 5311 3719 5368 ἐν

2059 5405 2216 5477 γενεᾷ
2244 5406 2344 5474 μιᾷ
2372 5399 2709 5477 ἐξαλειφθείη
2741 5400 2804 5456 τὸ
2854 5394 3035 5473 ὄνομα
3081 5400 3268 5458 αὐτοῦ.
3303 5425 3330 5451 ››
3363 5434 3432 5443 -
3464 5400 3720 5474 Ἀνομίαν

2060 5490 2313 5566 πατέρων
2367 5488 2513 5565 λέγει
2566 5490 2630 5544 τὸ
2681 5489 2995 5545 ἀποκτεῖναι
3041 5488 3170 5551 τοὺς
3200 5492 3510 5568 προφήτας·
3546 5513 3575 5543 ‹‹
3607 5496 3720 5546 Πᾶν

2062 5579 2189 5655 γὰρ,
2249 5579 2436 5657 φησὶν,
2483 5580 2620 5652 αἷμα
2676 5576 2882 5633 δίκαιον
2944 5578 3167 5654 ἐκχυθὲν
3224 5578 3331 5634 ἀπὸ
3386 5574 3557 5634 Ἀϐελ
3614 5575 3721 5645 ἓως

2062 5668 2334 5761 Ζαχαρίου
2390 5672 2489 5724 τοῦ
2531 5669 2818 5750 προφήτου
2864 5664 3279 5742 ἐκδικηθήσεται
3329 5668 3436 5727 ἀπὸ
3477 5674 3581 5742 τῆς
3627 5689 3717 5761 γε·

2063 5761 2187 5822 νεᾶς
2214 5755 2438 5832 ταύτης,
2475 5780 2505 5812 ››
