4066 6452
381 375 539 437 1575

1628 369 2055 437 NICEPHORI
2106 366 2543 433 BLEMMIDAE

3647 374 3825 436 1576

374 512 481 576 τῆς
534 505 609 567 εἰς
659 500 786 561 Θεὸν
840 507 1222 577 πεποιθήσεως
1268 504 1358 560 καὶ
1413 513 1514 575 τῆς
1569 507 1854 582 θεαρέστου
1912 501 2029 558 δια-
2063 506 2235 578 Αγῇ.
2299 528 2325 553 ››
2386 534 2457 544 —-
2510 500 2665 557 Οὕτω
2715 498 3053 561 συνταςιτεόν.
3111 503 3202 566 Τίς
3251 504 3324 568 ὡς
3372 504 3570 581 Κύριος
3616 507 3648 562 6
3679 508 3827 570 Θεὸς

385 602 605 672 γωγῆς-

456 710 485 738 ‹‹
518 684 614 747 Εἰς
652 682 996 759 μνημόσυνον
1045 683 1261 739 αἰώνιον
1315 682 1459 739 ἔσται
1505 682 1737 747 δίκαιος.
1773 710 1795 739 ι
1838 716 1910 727 -
1941 682 2039 737 Διὰ

385 774 490 851 γὰρ
535 774 631 836 τάς
682 773 877 850 ἀρετὰς
926 772 1091 827 αὐτοῦ
1144 776 1370 848 μνήμης
1429 776 1690 849 τυγχάνει
1756 771 2036 842 διηνεκοῦς

379 862 526 938 παρά
551 882 613 918 τε
640 860 757 935 Θεῷ
780 861 870 916 καὶ
898 866 1017 923 τοῖς
1050 867 1304 939 φρονοῦσι
1330 864 1397 917 τὰ
1424 866 1520 916 τοῦ
1551 866 1707 918 Θεοῦ.

450 976 478 1004 ‹‹
514 949 650 1006 ’Λπὸ
723 951 894 1018 ἀκοῆς
958 956 1204 1026 πονηρᾶς
1274 950 1337 1005 οὐ
1403 945 1795 1029 φοϐηθήσεται.
1868 975 1898 1004 ››
1965 984 2035 993 -

382 1040 521 1098 Ἀπὸ
568 1037 824 1116 ἀγγελίας
869 1033 1037 1116 φόϐον
1096 1039 1393 1114 ἐμποιῆσαι
1462 1036 1761 1113 δυναμένης
1808 1038 1870 1093 οὐ
1920 1037 2034 1094 δει-

381 1128 580 1186 λιάσει.

452 1219 856 1293 «Ἐστήρικται
906 1220 942 1286 ἡ
1000 1216 1197 1293 καρδία
1264 1217 1449 1290 αὐτοῦ,
1510 1217 1572 1272 ού
1643 1218 1720 1291 μὴ
1791 1212 2033 1296 φοϐηθῇ,

383 1303 487 1369 ἕως
547 1307 609 1360 οὗ
659 1304 815 1380 ἐπίδῃ
863 1306 951 1361 ἐπὶ
999 1306 1126 1368 τοὺς
1177 1305 1409 1382 ἐχθροὺς
1461 1309 1645 1363 αὐτοῦ.
1681 1330 1710 1357 ››
1750 1339 1817 1348 -
1846 1305 1919 1361 Οὐ
1955 1307 2031 1378 μὴ

386 1390 604 1473 φοϐηθῇ
635 1392 739 1457 ἕως
789 1393 848 1449 ἄν
888 1392 1045 1470 ἐπίδῃ
1088 1394 1177 1449 ἐπὶ
1226 1395 1355 1457 τοὺς
1412 1394 1701 1465 αἰσθητοὺς
1757 1394 1846 1449 καὶ
1901 1415 2030 1464 νοη-

382 1484 514 1547 τοὺς
545 1484 775 1559 ἐχθροὺς
805 1483 968 1538 αὐτοῦ
999 1484 1032 1538 ἃ
1061 1484 1357 1553 πείσονται,
1386 1483 1587 1556 πολλῷ
1637 1480 1848 1556 μᾶλλον
1909 1481 2035 1538 οὐδὲ

388 1573 524 1646 μετά
575 1577 763 1627 ταῦτα’
824 1573 1087 1651 γραφικὸν
1146 1573 1249 1648 γὰρ
1309 1570 1515 1647 ἰδίωμα
1558 1575 1621 1627 τὸ
1668 1572 1736 1627 τά
1776 1570 2030 1626 συννοού-

384 1682 519 1735 μενα
548 1666 925 1737 παρασιωπᾷν.

452 1773 482 1804 ‹‹
511 1749 889 1823 Ἐσκόρπισεν,
920 1745 1090 1804 ἔδωκε
1117 1756 1232 1804 τοῖς
1288 1752 1536 1820 πένησιν.
1562 1772 1589 1803 ι
1624 1783 1693 1791 -
1722 1751 1793 1805 Τὸ
1841 1748 2027 1823 ἐσκόρ-

371 1861 496 1895 πισε
547 1841 649 1911 τήν
701 1860 761 1895 τε
813 1846 915 1909 τῆς
986 1836 1323 1912 μεταδόσεως
1398 1839 1641 1918 ἐμφαίνει
1719 1836 2025 1912 δαψίλειαν,

370 1928 460 1983 καὶ
490 1929 553 1983 τὸ
610 1930 814 2005 σπορὰν
875 1928 1009 1982 εἶναι
1061 1928 1159 1997 τήν
1210 1925 1609 2000 ἐλεημοσύνην,
1660 1930 2028 2002 ἀποταμιευο-

380 2017 542 2091 μένην
573 2021 652 2089 τῷ
682 2015 1029 2093 ἐργαζομένῳ
1056 2017 1148 2071 τὸν
1173 2016 1441 2092 ἀνάλογον
1477 2016 1751 2093 θερισμόν.

445 2107 569 2163 «Ἡ
628 2102 942 2176 δικαιοσύνη
1001 2104 1165 2160 αὐτοῦ
1228 2105 1373 2179 μένει
1434 2105 1509 2168 εἰς
1566 2106 1656 2160 τὸν
1701 2104 1874 2160 αἰῶνα
1927 2109 2025 2159 τοῦ

370 2194 592 2257 αἰῶνος⁹
635 2196 700 2250 τὸ
750 2193 909 2271 κέρας
948 2192 1113 2249 αὐτοῦ
1177 2194 1519 2267 ὑψωθήσεται
1584 2194 1635 2249 ἐν
1686 2191 1833 2268 δόξῃ.
1887 2217 1915 2245 ››
1955 2226 2024 2237 -

368 2282 724 2354 Δικαιοσύνην
770 2282 994 2338 ἐνταῦθα
1047 2284 1146 2352 τὴν
1209 2281 1587 2356 ἐλεημοσύνην
1645 2282 1795 2361 φησί·
1855 2284 2021 2355 κοινῷ

365 2373 471 2449 γὰρ
523 2371 750 2446 ὀνόματι
799 2377 970 2427 πᾶσαν
1013 2371 1208 2448 ἀρετὴν
1255 2369 1602 2443 δικαιοσύνην
1651 2369 1766 2426 οἶδε
1810 2371 2018 2442 καλεῖν,

367 2462 445 2524 ὡς
476 2461 825 2536 ἐκπλήρωσιν
880 2460 1126 2531 ἐντολῆς.
1162 2460 1376 2516 Δίκαιον
1435 2461 1538 2536 γὰρ
1593 2460 1722 2523 τοὺς
1784 2459 2017 2537 βροτοὺς

368 2548 679 2625 ἐκπληροῦν
735 2552 803 2605 τὰ
874 2554 972 2605 τοῦ
1044 2550 1315 2606 Δεσπότου
1383 2547 1712 2622 ἐντάλματα,
1769 2549 1859 2604 καὶ
1932 2548 2017 2604 ὅτι

370 2685 383 2699 .
418 2682 431 2695 .
469 2683 484 2697 .
515 2645 757 2696 αιοῦνται
816 2637 1035 2695 δύναται
1093 2641 1230 2695 κατά
1282 2641 1381 2709 τήν
1433 2636 1741 2713 μέλλουσαν
1772 2639 1944 2713 κρίσιν
1976 2640 2011 2709 ἡ

370 2730 534 2806 ἀρετή
592 2730 682 2784 τὸν
742 2728 974 2805 ἐργάτην
1031 2729 1217 2799 αὐτῆς.
1272 2729 1371 2783 Καὶ
1440 2730 1553 2802 ἅμα
1624 2728 1756 2805 φησί
1833 2725 2014 2782 δίκαια

364 2820 434 2873 τὰ
475 2823 574 2874 τοῦ
619 2822 752 2873 Θεοῦ
801 2819 1194 2895 προστάγματα
1258 2818 1558 2892 σύμπαντα,
1612 2818 1673 2879 ’ὸς
1724 2814 1790 2887 δὴ
1850 2815 2009 2872 αύτο-

365 2905 679 2978 δικαιοσύνη
713 2907 873 2964 ἐστίν.

435 3020 464 3049 ‹‹
497 2995 858 3072 Ἀμαρτωλὸς
929 2992 1115 3071 ὄψεται
1184 2996 1276 3051 καὶ
1359 2996 1754 3072 ὀργισθήσεται.
1832 3018 1861 3045 ›ι
1940 3028 2007 3077 -τ

354 3084 630 3162 Ἔλεγχον
669 3093 769 3155 τῆς
819 3085 1018 3148 οἰκείας
1067 3085 1449 3160 ἀπανθρωπίας
1497 3085 1596 3153 τὴν
1647 3088 1745 3139 τοῦ
1794 3080 2004 3139 δικαίου

354 3176 552 3252 κρίνων
580 3174 1010 3252 φιλανθρωπίαν.

425 3263 617 3326 «Τοὺς
666 3260 891 3326 ὀδόντας
940 3262 1102 3318 αὐτοῦ
1155 3262 1334 3339 βρύξει
1383 3262 1473 3317 καὶ
1529 3264 1839 3333 τακήσεται.
1876 3285 1904 3313 ››
1939 3294 2004 3304 -
2032 3264 2077 3330 (ς

352 3352 540 3429 Βρύξει
604 3353 697 3425 μὲν
751 3352 850 3420 τὴν
909 3349 1058 3407 ἔνδον
1106 3349 1303 3422 ὀδύνην
1363 3349 1593 3413 δεικνύς⁶
1626 3350 1688 3405 ού
1718 3349 1904 3424 τολμᾷ
1951 3347 2008 3404 δὲ

361 3442 707 3517 φθέγξασθαι’
769 3440 1108 3519 φραττούσης
1165 3440 1330 3495 αὐτοῦ
1384 3440 1448 3495 τὸ
1506 3440 1680 3512 στόμα
1735 3446 1834 3509 τῆς
1883 3439 2004 3515 ἀρε-

354 3537 458 3601 τῆς
486 3534 566 3602 τῷ
594 3528 774 3608 φθόνῳ
800 3532 1110 3600 τακήσεται.

426 3618 784 3690 «Ἐπιθυμία
860 3615 1194 3693 ἁμαρτωλοῦ
1268 3616 1573 3674 ἀπολεῖται.
1650 3641 1677 3669 ››
1740 3650 1805 3658 -
1877 3622 2009 3671 Συν-

358 3705 665 3762 απόλλυται
696 3708 800 3781 γὰρ
828 3711 948 3769 τοῖς
994 3704 1456 3780 ἐπιθυμουμένοις
1502 3705 1788 3781 πράγμασι
1837 3716 2006 3783 φθαρ-

350 3802 469 3860 τοῖς
521 3797 660 3851 οὗσι’
718 3795 867 3859 τίνος
927 3797 1032 3872 γὰρ
1088 3800 1196 3850 τῶν
1258 3794 1547 3873 ἀφθάρτων
1606 3795 1932 3867 ἐπιθυμησει
1977 3794 2006 3849 6

359 3883 688 3962 ἁμαρτωλός
714 3905 727 3957 ;

939 4078 1236 4127 ΨΑΛΜΟΣ
1278 4073 1421 4129 Ρ1Β’.

432 4207 853 4280 «Ἄλληλούϊα.
930 4207 1159 4276 Αἰνεῖτε,
1231 4203 1442 4278 παῖδες,
1516 4206 1731 4281 Κύριον’
1813 4205 2009 4261 αἰνεῖτε

358 4300 419 4355 τὸ
476 4296 651 4373 ὄνομα
706 4298 926 4375 Κυρίου.
963 4322 992 4349 υ
1041 4330 1110 4340 -—-
1157 4293 1357 4359 Παῖδας
1402 4295 1527 4358 τοὺς
1587 4293 1817 4356 δούλους
1874 4293 2008 4350 ὠνό-

361 4410 544 4462 μασεν.

427 4503 455 4530 ‹‹
486 4475 589 4549 Εἰή
622 4477 685 4532 τὸ
715 4473 891 4550 ὄνομα
938 4475 1136 4551 Κυρίου
1187 4474 1556 4552 εὐλογημένον
1607 4474 1716 4528 ἀπὸ
1762 4477 1859 4535 τοῦ
1911 4477 2002 4527 νῦν

353 4567 445 4622 καὶ
498 4564 606 4629 ἕως
661 4570 761 4620 τοῦ
817 4565 1038 4627 αἰῶνος.
1070 4588 1098 4617 ››
1132 4598 1198 4608 -
1248 4564 1346 4619 Καὶ
1406 4563 1592 4639 λόγοις
1650 4562 1739 4618 καὶ
1798 4560 2003 4638 ἔργοις,

356 4652 690 4727 δοξαζόντων
723 4658 886 4727 ἡμῶν
913 4655 1004 4709 τὸν
1037 4654 1189 4711 Θεόν.

429 4770 456 4797 ‹‹
491 4743 623 4802 Ἀπὸ
683 4742 963 4799 ἀνατολῶν
1014 4743 1181 4813 ἡλίου
1244 4741 1409 4819 μέχρι
1456 4740 1674 4815 δυσμῶν
1706 4740 1912 4796 αἰνετὸν
1943 4740 2006 4795 τὸ

357 4829 535 4908 ὄνομα
590 4832 810 4910 Κυρίου.
858 4855 887 4884 ››
931 4865 1001 4874 -
1047 4831 1157 4885 Οὐκ
1215 4829 1265 4886 ἐν
1327 4830 1657 4904 Παλαιστίνῃ
1708 4830 1895 4903 μόνον’
1944 4829 2006 4883 τὸ

356 4922 700 4999 παγκόσμιον
734 4922 838 4998 γὰρ
870 4919 1229 4997 προαγορεύει
1258 4922 1533 4996 κήρυγμα.

433 5036 454 5067 α
489 5010 728 5087 Ὑψηλὸς
786 5008 873 5066 ἐπί
929 5010 1103 5064 πάντα
1158 5010 1226 5063 τά
1278 5006 1402 5079 ἔθνη
1475 5009 1693 5086 Κύριος,
1751 5008 1842 5063 καὶ
1920 5005 2007 5061 ἐπὶ

357 5100 615 5178 οὐρανοὺς
672 5103 707 5171 ἡ
766 5098 892 5170 δόξα
947 5097 1133 5155 αὐτοῦ.
1185 5121 1214 5150 ››
1272 5130 1339 5142 —-
1397 5097 1605 5172 Ὑψηλά
1662 5097 2004 5175 φρονούντων

356 5192 444 5245 καὶ
478 5187 919 5265 δογματιζόντων
951 5186 1076 5263 περὶ
1106 5185 1272 5241 αὐτοῦ
1300 5191 1407 5241 τῶν
1441 5185 1629 5243 ἐθνῶν.

430 5302 460 5332 κ
491 5278 580 5340 Τίς
635 5279 711 5340 ὡς
770 5277 967 5353 Κύριος
1000 5276 1027 5329 6
1058 5275 1188 5337 Θεὸς
1245 5275 1445 5348 ἡμῶν;
1481 5300 1502 5327 ιι
1538 5308 1605 5315 --
1651 5278 1820 5329 Τοῦτο
1869 5275 2008 5351 πρὸς

356 5365 565 5444 χλεύην
596 5371 702 5421 τῶν
734 5362 1104 5440 ψευδωνύμων
1138 5364 1327 5421 ἐθνῶν.

430 5479 459 5508 ‹‹
491 5456 548 5508 Ὃ
588 5453 640 5509 ἐν
700 5452 934 5528 ὑψηλοῖς
983 5457 1273 5511 κατιοκῶν.
1333 5476 1361 5505 ››
1422 5485 1490 5495 --
1544 5458 1711 5507 Τοῦτο
1773 5449 1861 5507 διὰ
1913 5452 2009 5513 τὰς

357 5543 640 5622 οὐρανίους
695 5541 949 5617 δυνάμεις
1018 5548 1113 5605 τὰς
1185 5541 1514 5617 ὁλοκλήρως
1572 5541 1887 5618 ἐνεργούσας
1943 5542 2006 5595 τὸ

358 5633 576 5707 θελημα
602 5637 700 5689 τοῦ
731 5635 885 5699 Θεοῦ,
920 5631 1035 5687 ἐπεὶ
1057 5632 1120 5688 τὸ
1150 5636 1301 5687 Θεῖον
1336 5630 1761 5708 ἀπερίγραπτον.

424 5746 453 5783 ι(
486 5729 528 5779 Κ
573 5722 589 5779 ἰ
637 5722 706 5781 τὰ
748 5721 977 5777 ταπεινὰ
1024 5720 1231 5805 ἐφορῶν
1280 5719 1330 5778 ἐν
1360 5718 1441 5800 τῷ
1481 5719 1693 5796 οὐρανῷ
1720 5722 1808 5777 καὶ
1842 5720 1895 5778 ἐν
1936 5723 2006 5796 τῇ

2057 1892 2106 1957 Β

2148 594 2309 664 ἡμῶν
2342 591 2394 645 ἐν
2422 596 2502 663 τῷ
2529 595 2740 669 ούρανῷ
2768 594 2857 647 καὶ
2889 592 2940 647 ἐν
2972 597 3041 667 τῇ

2220 704 2245 731 ((
2278 685 2332 733 'O
2390 680 2610 755 ἐγείρων
2671 681 2778 736 ἀπὸ
2821 688 2927 757 γῆς
2976 683 3228 758 πτωχὸν,
3286 682 3376 738 καὶ
3427 685 3534 741 ἀπὸ
3575 686 3831 763 κοπρίας

2145 769 2363 843 ἀνυψῶν
2408 771 2634 841 πένητα.
2669 794 2696 822 ››
2746 803 2815 812 -
2848 771 2946 825 Διά
2995 778 3103 847 γῆς
3148 772 3242 827 καὶ
3282 780 3385 843 τῆς
3427 774 3669 851 κοπρίας
3713 776 3831 845 τὴν

2146 855 2414 914 εὐτέλειαν
2449 856 2635 930 δηλοῖ.

2219 953 2379 1003 «Τοῦ
2408 948 2617 1004 καθίσαι
2674 949 2831 1005 αὐτὸν
2878 949 3011 1024 μετὰ
3058 949 3361 1026 ἀρχόντων,
3421 953 3557 1024 μετᾶ
3598 952 3823 1029 ἀρχόν-

2141 1058 2250 1092 των
2296 1042 2394 1092 τοῦ
2445 1037 2581 1093 λαοῦ
2628 1037 2812 1093 αὐτοῦ.
2866 1063 2893 1091 ››
2945 1072 3013 1082 -
3061 1042 3221 1095 Ὥστε
3272 1036 3524 1117 σύνεδρον
3569 1049 3819 1112 ποιῆσαι

2141 1125 2233 1181 καὶ
2279 1126 2549 1201 ὁμότιμον
2598 1132 2713 1189 τοῖς
2763 1128 2996 1203 ἄρχουσι
3064 1132 3163 1183 τοῦ
3213 1127 3302 1183 ὑπ’
3346 1127 3509 1184 αὐτοῦ
3556 1130 3819 1186 κτισθὲν-

2141 1237 2236 1279 τος
2293 1215 2448 1273 λαοῦ.
2510 1222 2726 1271 Νοεῖται
2786 1214 2845 1271 δὲ
2898 1218 2961 1272 τὸ
3011 1216 3174 1293 ῥητὸν
3223 1217 3313 1273 καὶ
3362 1217 3449 1273 ἐπὶ
3479 1224 3580 1274 τοῦ
3609 1218 3818 1291 ἐκτῆς

2141 1309 2248 1359 τῶν
2293 1307 2477 1361 παθῶν
2521 1305 2742 1379 ἀτιμίας
2793 1306 3100 1380 ὑψωθέντος
3145 1306 3234 1361 καὶ
3281 1312 3398 1369 τοῖς
3462 1307 3816 1373 ἀποστόλοις

2144 1392 2396 1467 ἰσοτίμου
2425 1393 2705 1471 γεγονότος
2737 1394 2877 1451 λαοῦ
2908 1395 3136 1452 ἐθνικοῦ.

2213 1508 2242 1535 ‹‹
2300 1489 2356 1536 Ὁ
2429 1483 2749 1553 κατοικίζων
2827 1483 3037 1561 στείραν
3109 1483 3161 1538 ἐν
3235 1482 3371 1558 οἴκῳ
3438 1486 3656 1563 μητέρα
3716 1488 3813 1542 ἐπὶ

2139 1570 2345 1635 τέκνοις
2402 1572 2910 1651 εὖφραινομένην.»
2956 1606 3023 1616 -
3081 1574 3138 1627 Ὀ
3193 1575 3293 1643 τὴν
3352 1574 3565 1650 στείραν
3622 1580 3809 1632 ποιῶν

2141 1661 2306 1716 οἰκεῖν
2341 1661 2392 1718 ἐν
2454 1660 2590 1735 οἷ’κῳ
2652 1662 2877 1739 μητέρα.
2926 1666 3095 1717 Τοῦτο
3145 1659 3203 1717 δὲ
3248 1661 3338 1718 καί
3385 1662 3472 1719 ἐπὶ
3519 1671 3627 1734 τῆς
3680 1667 3812 1721 Ἐκ-

2138 1747 2371 1821 κλησίας
2426 1746 2779 1824 λαμϐάνεται.
2839 1751 2997 1806 Οἴκον
3055 1749 3114 1806 δὲ
3168 1750 3299 1814 τοὺς
3367 1752 3606 1816 οἰκείους
3665 1776 3809 1827 νοη-

2135 1860 2277 1897 τεον.

2724 2008 3021 2058 ΨΑΛΜΟΣ
3063 2007 3204 2058 PII".

2208 2166 2236 2193 (ί
2285 2141 2629 2213 Ἀλληλούίἀ
2664 2162 2675 2174 ·
2732 2142 2784 2197 ἐν
2842 2140 3011 2216 ἐξόδῳ
3067 2141 3291 2219 Ἰσραὴλ
3350 2143 3402 2214 ἐξ
3458 2143 3752 2220 Αἰγύπτου
3788 2192 3804 2216 ,

2132 2228 2284 2286 οἴκου
2343 2226 2534 2286 Ἰακὼϐ
2591 2230 2652 2286 ἐκ
2699 2230 2835 2286 λαοῦ
2891 2225 3205 2307 βαρϐάρου,
3262 2231 3488 2307 ἐγενήθη
3553 2232 3806 2291 Ἰουδαία

2131 2319 2369 2396 ἂγίασμα
2423 2319 2609 2389 αὐτοῦ,
2662 2316 2882 2393 Ἰσραὴλ
2945 2318 3157 2390 ἐξουσία
3214 2319 3399 2376 αὐτοῦ.
3453 2343 3483 2373 ››
3533 2355 3606 2366 -
3640 2325 3805 2381 Μετὰ

2127 2410 2189 2464 τὸ
2248 2406 2501 2481 ἐξελθεῖν,
2556 2408 2710 2486 φῃσὶ,
2768 2407 2899 2471 τοὺς
2954 2407 3294 2483 Ἰσραηλίτας
3355 2408 3406 2480 ἐξ
3464 2409 3801 2485 Αἰγύπτου,

2125 2499 2214 2554 καὶ
2263 2500 2326 2553 τὸ
2380 2499 2535 2575 γένος
2582 2502 2679 2552 τοῦ
2736 2492 2927 2552 Ἰακὼϐ
2978 2496 3028 2567 ἐξ
3084 2493 3270 2562 ἔθνους
3328 2503 3427 2553 τοῦ
3484 2499 3804 2574 Αἰγυπτια-

2123 2592 2221 2643 κοῦ
2271 2588 2477 2664 ἐγένετο
2517 2589 2552 2657 ἡ
2610 2584 2943 2658 Παλαιστίνη
3008 2585 3262 2659 ἀνάθημα
3304 2591 3384 2659 τῷ
3428 2590 3569 2661 Θεῷ,
3621 2592 3717 2645 καὶ
3768 2593 3797 2646 ὁ

2125 2671 2522 2753 Ἰσραηλιτικὸς
2587 2675 2721 2739 λαὸς
2797 2674 3237 2748 ἐξουσιαζόμενος
3297 2676 3386 2732 ὑπ’
3443 2676 3617 2733 αὐτοῦ
3674 2681 3796 2735 κατ’

2122 2766 2389 2822 οἷ’κείωσιν
2400 2810 2412 2823 .

2193 2882 2220 2909 ‹‹
2251 2858 2312 2912 Ἡ
2367 2854 2609 2911 θάλασσα
2665 2853 2771 2909 εἶδε
2826 2855 2916 2909 καὶ
2974 2852 3181 2932 ἔφυγεν.
3226 2879 3254 2907 ››
3305 2888 3376 2896 -
3421 2855 3490 2910 ⁶Η
3548 2857 3781 2933 Ἐρυθρά

2119 2944 2358 3010 θάλασσα
2415 2942 2554 3020 ἔγνω
2612 2942 2921 3020 ἀπόρῥητος
2980 2945 3079 3013 τὴν
3141 2943 3284 3007 θείαν
3342 2941 3620 3018 δύναμιν,
3674 2946 3771 2999 καὶ

2116 3032 2356 3111 διῃρέθη.
2389 3036 2459 3089 Τὸ
2487 3035 2660 3109 τάχος
2691 3030 2748 3087 δὲ
2794 3040 2893 3102 τῆς
2945 3030 3256 3109 διαιρέσεως
3308 3030 3402 3088 διὰ
3447 3039 3543 3089 τοῦ
3586 3032 3757 3110 ἔξυγεν

2116 3120 2284 3195 ὑπεδή
2294 3124 2465 3179 λωσεη
2476 3168 2488 3180 .

2188 3238 2217 3266 ι(
2250 3214 2350 3268 Καὶ
2407 3212 2490 3284 σὺ,
2550 3208 2821 3286 Ἰορδάνη,
2880 3210 2961 3266 ὅτι
3011 3209 3352 3290 ἐπεστράφης
3406 3211 3486 3275 εἰς
3532 3213 3601 3267 τὰ
3648 3211 3772 3267 ὀπί-

2116 3324 2193 3357 σω
2229 3322 2243 3371 ;
2278 3327 2304 3353 ››
2337 3334 2407 3344 —
2449 3301 2569 3356 Ἐπὶ
2619 3302 2801 3371 Ἰησοῦ
2852 3299 2941 3356 ὅτε
2990 3300 3297 3376 ἀνεχαίτισε
3342 3301 3407 3355 τὸ
3456 3300 3639 3378 ῥεῦμα
3685 3302 3784 3357 αὺ-

2114 3396 2233 3448 τοῦ.

2191 3505 2219 3532 ‹‹
2248 3482 2323 3535 Τά
2353 3477 2454 3557 ὄρη
2487 3478 2568 3535 ὅτι
2614 3478 2964 3555 ἐσκιρτήσατε
3012 3477 3141 3533 ὠσεὶ
3171 3478 3339 3554 κριοὶ,
3383 3478 3474 3534 καὶ
3508 3480 3559 3534 οἱ
3596 3480 3795 3556 βουνοὶ

2116 3571 2191 3633 ὡς
2250 3569 2401 3646 ἀρνία
2468 3563 2757 3645 προϐάτων
2795 3611 2808 3624 .
2873 3592 2893 3618 ι
2970 3600 3036 3610 -
3092 3569 3200 3637 Τὴν
3276 3561 3592 3644 ὑπερϐολὴν
3681 3576 3795 3639 τῆς

2114 3663 2409 3730 τηνικαῦτα
2438 3664 2614 3735 χαρᾶς
2645 3654 2734 3712 διὰ
2760 3656 2967 3712 τούτων
2997 3655 3307 3713 αἰνίττεται.

2192 3770 2219 3798 ‹‹
2246 3746 2314 3803 Τί
2373 3745 2459 3801 σοί
2516 3746 2649 3814 ἐστι,
2709 3744 2968 3817 θάλασσα,
3030 3742 3112 3798 ὅτι
3172 3738 3362 3822 ἔφυγες
3423 3763 3437 3813 ;
3500 3770 3527 3796 ››
3577 3748 3798 3802 -Διίι

2121 3838 2214 3910 μὲν
2246 3836 2310 3891 τὸ
2356 3835 2619 3914 ὑπερφυὲς
2672 3838 2770 3889 τοῦ
2824 3831 3143 3910 πράγματος
3184 3833 3261 3894 εἰς
3310 3832 3577 3908 ἐρώτησιν
3634 3855 3794 3911 σχη-

2121 3924 2331 3999 ματίζει
2388 3925 2479 3979 τὸν
2539 3922 2742 3999 λόγον,
2804 3919 2893 3977 διὰ
2951 3918 3010 3976 δὲ
3063 3922 3126 3976 τὸ
3182 3921 3394 3995 ἄψυχον
3436 3920 3528 3976 καὶ
3572 3921 3794 3999 ἄλογον

2114 4019 2222 4069 τῶν
2251 4011 2538 4090 στοιχείων
2588 4012 2747 4074 αὐτὸς
2795 4016 3033 4067 ποιεῖται
3084 4009 3217 4085 ὑπὲρ
3261 4009 3439 4065 αὐτῶν
3490 4011 3590 4079 τὴν
3641 4012 3796 4069 ἀπό-

2115 4124 2310 4181 κρισιν.

2191 4217 2219 4245 ‹‹
2251 4194 2385 4249 Ἀπὸ
2437 4190 2734 4267 προσώπου
2791 4187 2995 4265 Κυρίου
3067 4186 3329 4258 ἐσαλεύθη
3388 4191 3424 4257 ἡ
3483 4195 3553 4265 γῆ
3590 4233 3606 4260 ,
3674 4191 3791 4246 ἀπὸ

2116 4283 2422 4357 προπώπου
2470 4284 2566 4335 τοῦ
2609 4283 2743 4335 Θεοῦ
2792 4272 3008 4336 Ἰακώϐ.
3042 4302 3070 4330 ›)
3105 4308 3174 4320 —-
3223 4300 3250 4328 ‹‹
3297 4278 3437 4353 Ἐγὼ
3478 4278 3581 4353 γάρ
3637 4279 3787 4353 εἰμι,

2116 4372 2304 4450 φησὶν,
2338 4371 2366 4425 6
2423 4370 2551 4432 Θεὸς
2597 4364 2876 4445 ’Δϐραάμ,
2923 4366 3014 4421 καὶ
3068 4368 3096 4421 ὁ
3145 4366 3276 4429 Θεὸς
3327 4366 3552 4439 Ἰσαάκ²
3604 4367 3699 4422 καὶ
3755 4368 3789 4421 6

2115 4463 2243 4523 Θεὸς
2273 4454 2490 4517 Ἰακὼϐ.
2531 4484 2551 4511 ι

2190 4575 2219 4601 ‹‹
2249 4554 2358 4604 Τοῦ
2391 4547 2713 4626 πρέψαντὸς
2743 4548 2842 4616 τὴν
2899 4544 3095 4620 πέτραν
3138 4544 3215 4606 εἰς
3246 4543 3449 4617 λίμνας
3480 4542 3717 4604 ὑδάτων.
3756 4572 3789 4596 ›ι

2035 4636 2081 4700 D
2111 4673 2182 4683 -—
2210 4644 2316 4694 Τοῦ
2351 4631 2795 4713 μεταϐάλλοντος
2825 4636 2927 4704 τὴν
2953 4632 3149 4710 πέτραν
3183 4632 3290 4688 ἀπὸ
3318 4638 3418 4703 τῆς
3450 4634 3587 4688 κατὰ
3617 4634 3788 4711 φύσιν

2116 4726 2496 4804 σκληρότητος
2527 4726 2602 4789 εἰς
2625 4726 2687 4781 τὸ
2720 4723 3001 4798 λιμνάζειν
3030 4720 3208 4778 ὕδασι.

2193 4842 2221 4869 ‹‹
2274 4816 2372 4871 Καὶ
2421 4818 2521 4886 τὴν
2576 4814 2883 4891 ἀκρότομον
2946 4811 3023 4875 εἰς
3080 4812 3261 4888 πηγὰς
3321 4807 3565 4869 ὑδάτων.
3632 4836 3662 4862 ››
3715 4847 3791 4856 -

2116 4905 2467 4981 ΙΙαλιλλογεῖ
2503 4907 2771 4975 συνήθως.
2824 4897 3161 4979 Ἀκρότομον
3214 4897 3273 4954 δὲ
3321 4901 3421 4969 τήν
3472 4900 3678 4977 πέτραν
3713 4902 3793 4957 εἴ..

2116 5018 2238 5065 πεν,
2268 4997 2343 5058 ὡς
2374 4994 2433 5050 ἐκ
2459 4999 2566 5050 τῶν
2614 4994 2791 5069 ἀκρων
2849 4991 3013 5065 μολις
3059 4987 3507 5065 ἀποθραυομένην
3562 4988 3790 5067 σιδήρῳ

2118 5084 2207 5141 διὰ
2233 5086 2331 5154 τὴν
2366 5085 2497 5159 ἄγαν
2529 5080 2864 5137 ἀντιτυπίαν.

2191 5200 2218 5227 ‹‹
2252 5175 2343 5243 Μὴ
2374 5176 2535 5247 ἡμῖν,
2567 5172 2749 5246 Κύριε,
2787 5170 2862 5243 μὴ
2912 5170 3069 5242 ἡμῖν,
3119 5164 3266 5222 ἀλλά
3293 5170 3373 5238 τῷ
3403 5166 3634 5239 ὀνόματί
3684 5189 3789 5225 σου

2117 5263 2210 5327 δὸς
2240 5262 2417 5336 δόξαν.
2452 5287 2479 5314 ››
2512 5295 2581 5303 --
2611 5261 2700 5328 Μὴ
2751 5258 2975 5333 δοξάσῃς
3021 5259 3191 5330 ἡμᾶς·
3220 5255 3425 5326 ἀνάξιοι
3454 5255 3558 5332 γάρ
3591 5255 3789 5330 ἐσμεν·

2119 5352 2264 5409 ἀλλὰ
2291 5353 2354 5408 τὸ
2385 5347 2558 5425 ὄνομά
2586 5371 2680 5405 σου
2713 5347 2934 5419 δόξασον
2995 5345 3048 5401 ἐν
3098 5350 3179 5417 τῷ
3225 5343 3424 5415 ἀληθεῖ
3483 5343 3625 5400 ἐλέει
3662 5368 3792 5418 σου,

2116 5443 2241 5514 ἤτοι
2276 5442 2328 5498 ἐν
2359 5447 2437 5514 τῷ
2465 5440 2668 5517 κυρίως
2718 5437 2878 5494 ἐλέει’
2910 5434 2973 5491 τὸ
3014 5434 3117 5511 γάρ
3156 5433 3494 5510 ἀνθρώπινον
3526 5431 3691 5498 ἕλεος
3722 5436 3791 5492 οὗ

2114 5538 2383 5589 τοιοῦτον.

2191 5649 2218 5675 ‹‹
2250 5622 2374 5677 Ἐπὶ
2402 5619 2482 5694 τῷ
2513 5619 2652 5676 ἐλέει
2699 5639 2794 5673 σου
2842 5616 2932 5671 καὶ
2979 5618 3048 5690 τῇ
3108 5612 3339 5686 ἀληθείᾳ
3385 5632 3502 5667 σου·
3564 5617 3794 5688 μήποτε

2118 5711 2309 5770 εἴπωσι
2367 5712 2433 5767 τά
2491 5708 2640 5781 ἔθνη,
2694 5711 2811 5765 ΙΙοῦ
2871 5703 3012 5763 ἐστὶν
3072 5705 3100 5761 ὁ
3161 5702 3292 5768 Θεὸς
3348 5700 3527 5759 αὐτῶν
3578 5722 3594 5775 ;
3642 5730 3675 5759 ››
3721 5741 3797 5756 .-
