  <div class='ocr_page' id='page_1' title='image "/cluster/home/n/w/nwhite01/storage/ocr_20150623/142/coo.31924054870476/800.png"; bbox 0 0 4066 6464; ppageno 0'>
   <div class='ocr_carea' id='block_1_1' title="bbox 319 371 490 443">
    <p class='ocr_par' dir='ltr' id='par_1_1' title="bbox 319 371 490 443">
     <span class='ocr_line' id='line_1_1' title="bbox 319 371 490 443; baseline 0 0"><span class='ocrx_word' id='word_1_1' title='bbox 319 371 490 443; x_wconf 69' lang='grc'><strong>’1577</strong></span> 
     </span>
    </p>
   </div>
   <div class='ocr_carea' id='block_1_2' title="bbox 1562 390 2529 460">
    <p class='ocr_par' dir='ltr' id='par_1_2' title="bbox 1562 390 2529 460">
     <span class='ocr_line' id='line_1_2' title="bbox 1562 390 2529 460; baseline 0.01 -9"><span class='ocrx_word' id='word_1_2' title='bbox 1562 390 1975 453; x_wconf 88' lang='lat' dir='ltr'>EXPOSITIO</span> <span class='ocrx_word' id='word_1_3' title='bbox 2019 393 2098 454; x_wconf 82' lang='grc' dir='ltr'>ΙΝ</span> <span class='ocrx_word' id='word_1_4' title='bbox 2143 392 2529 460; x_wconf 86' lang='lat' dir='ltr'>PSALMOS.</span> 
     </span>
    </p>
   </div>
   <div class='ocr_carea' id='block_1_3' title="bbox 3589 415 3750 476">
    <p class='ocr_par' dir='ltr' id='par_1_3' title="bbox 3589 415 3750 476">
     <span class='ocr_line' id='line_1_3' title="bbox 3589 415 3750 476; baseline 0.025 -4"><span class='ocrx_word' id='word_1_5' title='bbox 3589 415 3750 476; x_wconf 72' lang='grc'>1878</span> 
     </span>
    </p>
   </div>
   <div class='ocr_carea' id='block_1_4' title="bbox 335 513 3743 620">
    <p class='ocr_par' dir='ltr' id='par_1_4' title="bbox 335 513 3743 620">
     <span class='ocr_line' id='line_1_4' title="bbox 335 513 3743 620; baseline 0.009 -51"><span class='ocrx_word' id='word_1_6' title='bbox 335 515 560 583; x_wconf 91' lang='grc' dir='ltr'>Μήποτε</span> <span class='ocrx_word' id='word_1_7' title='bbox 607 513 875 571; x_wconf 87' lang='grc' dir='ltr'>ἀσθένειαν</span> <span class='ocrx_word' id='word_1_8' title='bbox 927 515 1004 580; x_wconf 67' lang='grc' dir='ltr'>εἷς</span> <span class='ocrx_word' id='word_1_9' title='bbox 1052 519 1109 572; x_wconf 77' lang='grc' dir='ltr'>σὲ</span> <span class='ocrx_word' id='word_1_10' title='bbox 1156 519 1248 574; x_wconf 90' lang='grc' dir='ltr'>τὸν</span> <span class='ocrx_word' id='word_1_11' title='bbox 1320 518 1732 595; x_wconf 87' lang='grc' dir='ltr'>παντοδύναμον</span> <span class='ocrx_word' id='word_1_12' title='bbox 1787 521 2070 594; x_wconf 82' lang='grc' dir='ltr'>ὀνειδί-Α</span> <span class='ocrx_word' id='word_1_13' title='bbox 2100 523 2231 620; x_wconf 75' lang='grc' dir='ltr'>ἐστί.</span> <span class='ocrx_word' id='word_1_14' title='bbox 2282 533 2392 597; x_wconf 93' lang='grc' dir='ltr'>Τῆς</span> <span class='ocrx_word' id='word_1_15' title='bbox 2434 528 2580 593; x_wconf 83' lang='grc' dir='ltr'>θείας</span> <span class='ocrx_word' id='word_1_16' title='bbox 2637 528 2694 586; x_wconf 74' lang='grc' dir='ltr'>δὲ</span> <span class='ocrx_word' id='word_1_17' title='bbox 2740 533 2999 610; x_wconf 84' lang='grc' dir='ltr'>προνοίας</span> <span class='ocrx_word' id='word_1_18' title='bbox 3070 535 3443 615; x_wconf 85' lang='grc' dir='ltr'>ἐξαγγελτικὸν</span> <span class='ocrx_word' id='word_1_19' title='bbox 3513 542 3577 598; x_wconf 89' lang='grc' dir='ltr'>τὸ</span> <span class='ocrx_word' id='word_1_20' title='bbox 3643 543 3743 620; x_wconf 76' lang='grc' dir='ltr'>ῥη-</span> 
     </span>
    </p>
   </div>
   <div class='ocr_carea' id='block_1_5' title="bbox 335 601 742 675">
    <p class='ocr_par' dir='ltr' id='par_1_5' title="bbox 335 601 742 675">
     <span class='ocr_line' id='line_1_5' title="bbox 335 601 742 675; baseline 0.017 -20"><span class='ocrx_word' id='word_1_21' title='bbox 335 623 467 656; x_wconf 89' lang='grc' dir='ltr'>σωσι</span> <span class='ocrx_word' id='word_1_22' title='bbox 495 603 565 659; x_wconf 82' lang='grc' dir='ltr'>τὰ</span> <span class='ocrx_word' id='word_1_23' title='bbox 595 601 742 675; x_wconf 77' lang='grc' dir='ltr'>ἔθνη.</span> 
     </span>
    </p>
   </div>
   <div class='ocr_carea' id='block_1_6' title="bbox 406 693 1982 777">
    <p class='ocr_par' dir='ltr' id='par_1_6' title="bbox 406 693 1982 777">
     <span class='ocr_line' id='line_1_6' title="bbox 406 693 1982 777; baseline 0.007 -32"><span class='ocrx_word' id='word_1_24' title='bbox 406 715 434 743; x_wconf 88' lang='grc'>‹‹</span> <span class='ocrx_word' id='word_1_25' title='bbox 466 693 624 756; x_wconf 74' lang='grc' dir='ltr'>Οἶκος</span> <span class='ocrx_word' id='word_1_26' title='bbox 674 693 892 770; x_wconf 84' lang='grc' dir='ltr'>Ἰσραήλ</span> <span class='ocrx_word' id='word_1_27' title='bbox 943 694 1176 766; x_wconf 75' lang='grc' dir='ltr'>ἤλπισεν</span> <span class='ocrx_word' id='word_1_28' title='bbox 1227 697 1314 754; x_wconf 82' lang='grc' dir='ltr'>ἐπὶ</span> <span class='ocrx_word' id='word_1_29' title='bbox 1363 699 1582 777; x_wconf 87' lang='grc' dir='ltr'>Κύριον·</span> <span class='ocrx_word' id='word_1_30' title='bbox 1644 701 1847 777; x_wconf 81' lang='grc' dir='ltr'>βοηθὸς</span> <span class='ocrx_word' id='word_1_31' title='bbox 1892 700 1982 756; x_wconf 76' lang='grc' dir='ltr'><strong>καί</strong></span> 
     </span>
    </p>
   </div>
   <div class='ocr_carea' id='block_1_7' title="bbox 2093 613 2209 672">
    <p class='ocr_par' dir='ltr' id='par_1_7' title="bbox 2093 613 2209 672">
     <span class='ocr_line' id='line_1_7' title="bbox 2093 613 2209 672; baseline 0.026 -3"><span class='ocrx_word' id='word_1_32' title='bbox 2093 613 2209 672; x_wconf 88' lang='grc' dir='ltr'>τόν.</span> 
     </span>
    </p>
   </div>
   <div class='ocr_carea' id='block_1_8' title="bbox 2167 705 3745 788">
    <p class='ocr_par' dir='ltr' id='par_1_8' title="bbox 2167 705 3745 788">
     <span class='ocr_line' id='line_1_8' title="bbox 2167 705 3745 788; baseline 0.015 -32"><span class='ocrx_word' id='word_1_33' title='bbox 2167 726 2194 756; x_wconf 80' lang='grc' dir='ltr'>ι(</span> <span class='ocrx_word' id='word_1_34' title='bbox 2226 705 2640 781; x_wconf 83' lang='grc' dir='ltr'>Ἐταπεινώθην,</span> <span class='ocrx_word' id='word_1_35' title='bbox 2691 711 2781 766; x_wconf 82' lang='grc' dir='ltr'>καὶ</span> <span class='ocrx_word' id='word_1_36' title='bbox 2844 709 3011 769; x_wconf 77' lang='grc' dir='ltr'>ἔσωσέ</span> <span class='ocrx_word' id='word_1_37' title='bbox 3066 737 3151 788; x_wconf 74' lang='grc' dir='ltr'>με.</span> <span class='ocrx_word' id='word_1_38' title='bbox 3204 741 3234 770; x_wconf 87' lang='grc'><strong>››</strong></span> <span class='ocrx_word' id='word_1_39' title='bbox 3283 751 3354 762; x_wconf 93' lang='grc'><strong>-</strong></span> <span class='ocrx_word' id='word_1_40' title='bbox 3401 719 3745 779; x_wconf 89' lang='grc' dir='ltr'>Ἐταλαιπω-</span> 
     </span>
    </p>
   </div>
   <div class='ocr_carea' id='block_1_9' title="bbox 331 779 3521 880">
    <p class='ocr_par' dir='ltr' id='par_1_9' title="bbox 331 779 3521 880">
     <span class='ocr_line' id='line_1_9' title="bbox 331 779 3521 880; baseline 0.01 -45"><span class='ocrx_word' id='word_1_41' title='bbox 331 779 732 857; x_wconf 74' lang='grc' dir='ltr'>ὑπερασπιστὴς</span> <span class='ocrx_word' id='word_1_42' title='bbox 789 783 964 838; x_wconf 89' lang='grc' dir='ltr'>αὐτῶν</span> <span class='ocrx_word' id='word_1_43' title='bbox 1021 785 1184 843; x_wconf 82' lang='grc' dir='ltr'>ἐστιν.</span> <span class='ocrx_word' id='word_1_44' title='bbox 1246 811 1276 839; x_wconf 93' lang='grc'>››</span> <span class='ocrx_word' id='word_1_45' title='bbox 1333 820 1404 831; x_wconf 87' lang='grc'><strong>-</strong></span> <span class='ocrx_word' id='word_1_46' title='bbox 1458 791 1533 843; x_wconf 81' lang='grc' dir='ltr'>Τὰ</span> <span class='ocrx_word' id='word_1_47' title='bbox 1607 791 1701 864; x_wconf 79' lang='grc' dir='ltr'>μὲν</span> <span class='ocrx_word' id='word_1_48' title='bbox 1778 787 1982 846; x_wconf 77' lang='grc' dir='ltr'>εἷ’δωλα</span> <span class='ocrx_word' id='word_1_49' title='bbox 2091 793 2262 866; x_wconf 86' lang='grc' dir='ltr'>ρήθην</span> <span class='ocrx_word' id='word_1_50' title='bbox 2293 800 2409 857; x_wconf 87' lang='grc' dir='ltr'>τοῖς</span> <span class='ocrx_word' id='word_1_51' title='bbox 2439 804 2782 873; x_wconf 83' lang='grc' dir='ltr'>πειρασμοῖς,</span> <span class='ocrx_word' id='word_1_52' title='bbox 2814 801 2904 857; x_wconf 89' lang='grc' dir='ltr'>καὶ</span> <span class='ocrx_word' id='word_1_53' title='bbox 2934 801 3193 880; x_wconf 78' lang='grc' dir='ltr'>ἐρῥύσατό</span> <span class='ocrx_word' id='word_1_54' title='bbox 3226 828 3293 880; x_wconf 88' lang='grc' dir='ltr'>με</span> <span class='ocrx_word' id='word_1_55' title='bbox 3323 808 3521 868; x_wconf 87' lang='grc' dir='ltr'>αὐτῶν.</span> 
     </span>
    </p>
   </div>
   <div class='ocr_carea' id='block_1_10' title="bbox 325 869 1978 950">
    <p class='ocr_par' dir='ltr' id='par_1_10' title="bbox 325 869 1978 950">
     <span class='ocr_line' id='line_1_10' title="bbox 325 869 1978 950; baseline 0.005 -26"><span class='ocrx_word' id='word_1_56' title='bbox 325 873 433 924; x_wconf 88' lang='grc' dir='ltr'>τῶν</span> <span class='ocrx_word' id='word_1_57' title='bbox 488 869 652 925; x_wconf 81' lang='grc' dir='ltr'>ἐθνῶν</span> <span class='ocrx_word' id='word_1_58' title='bbox 708 877 950 944; x_wconf 87' lang='grc' dir='ltr'>τοιαῦτα,</span> <span class='ocrx_word' id='word_1_59' title='bbox 1005 873 1096 928; x_wconf 88' lang='grc' dir='ltr'>καὶ</span> <span class='ocrx_word' id='word_1_60' title='bbox 1154 875 1206 929; x_wconf 75' lang='grc' dir='ltr'>οἱ</span> <span class='ocrx_word' id='word_1_61' title='bbox 1261 880 1526 950; x_wconf 89' lang='grc' dir='ltr'>τιμῶντες</span> <span class='ocrx_word' id='word_1_62' title='bbox 1595 878 1730 934; x_wconf 87' lang='grc' dir='ltr'>αὐτά</span> <span class='ocrx_word' id='word_1_63' title='bbox 1804 877 1978 941; x_wconf 75' lang='grc' dir='ltr'>οὕτως</span> 
     </span>
    </p>
   </div>
   <div class='ocr_carea' id='block_1_11' title="bbox 327 957 1976 1046">
    <p class='ocr_par' dir='ltr' id='par_1_11' title="bbox 327 957 1976 1046">
     <span class='ocr_line' id='line_1_11' title="bbox 327 957 1976 1046; baseline 0.007 -34"><span class='ocrx_word' id='word_1_64' title='bbox 327 957 550 1030; x_wconf 90' lang='grc' dir='ltr'>ἀνόητοι</span> <span class='ocrx_word' id='word_1_65' title='bbox 632 957 775 1032; x_wconf 76' lang='grc' dir='ltr'>μηδὲ</span> <span class='ocrx_word' id='word_1_66' title='bbox 852 967 980 1035; x_wconf 77' lang='grc' dir='ltr'>μιᾶς</span> <span class='ocrx_word' id='word_1_67' title='bbox 1066 962 1378 1040; x_wconf 77' lang='grc' dir='ltr'>ἐπικουρίας</span> <span class='ocrx_word' id='word_1_68' title='bbox 1444 966 1835 1038; x_wconf 77' lang='grc' dir='ltr'>ἀπολαύοντες,</span> <span class='ocrx_word' id='word_1_69' title='bbox 1896 967 1976 1046; x_wconf 84' lang='grc' dir='ltr'>ἐφ’</span> 
     </span>
    </p>
   </div>
   <div class='ocr_carea' id='block_1_12' title="bbox 327 1048 1977 1126">
    <p class='ocr_par' dir='ltr' id='par_1_12' title="bbox 327 1048 1977 1126">
     <span class='ocr_line' id='line_1_12' title="bbox 327 1048 1977 1126; baseline 0.006 -24"><span class='ocrx_word' id='word_1_70' title='bbox 327 1048 400 1102; x_wconf 85' lang='grc' dir='ltr'>ὧν</span> <span class='ocrx_word' id='word_1_71' title='bbox 459 1048 799 1108; x_wconf 88' lang='grc' dir='ltr'>πεποίθασιν.</span> <span class='ocrx_word' id='word_1_72' title='bbox 843 1052 1032 1126; x_wconf 84' lang='grc' dir='ltr'>Ἡμεῖς</span> <span class='ocrx_word' id='word_1_73' title='bbox 1083 1050 1140 1108; x_wconf 76' lang='grc' dir='ltr'>δὲ</span> <span class='ocrx_word' id='word_1_74' title='bbox 1189 1053 1264 1116; x_wconf 86' lang='grc' dir='ltr'>εἰς</span> <span class='ocrx_word' id='word_1_75' title='bbox 1309 1056 1400 1109; x_wconf 92' lang='grc' dir='ltr'>τὸν</span> <span class='ocrx_word' id='word_1_76' title='bbox 1448 1050 1616 1119; x_wconf 75' lang='grc' dir='ltr'>ὅντως</span> <span class='ocrx_word' id='word_1_77' title='bbox 1660 1056 1977 1119; x_wconf 83' lang='grc' dir='ltr'>πεποιθότες</span> 
     </span>
    </p>
   </div>
   <div class='ocr_carea' id='block_1_13' title="bbox 326 1137 1976 1220">
    <p class='ocr_par' dir='ltr' id='par_1_13' title="bbox 326 1137 1976 1220">
     <span class='ocr_line' id='line_1_13' title="bbox 326 1137 1976 1220; baseline 0.002 -28"><span class='ocrx_word' id='word_1_78' title='bbox 326 1137 479 1206; x_wconf 83' lang='grc' dir='ltr'>Θεὸν,</span> <span class='ocrx_word' id='word_1_79' title='bbox 511 1139 602 1193; x_wconf 84' lang='grc' dir='ltr'>καὶ</span> <span class='ocrx_word' id='word_1_80' title='bbox 648 1145 750 1208; x_wconf 87' lang='grc' dir='ltr'>τῆς</span> <span class='ocrx_word' id='word_1_81' title='bbox 799 1139 964 1194; x_wconf 86' lang='grc' dir='ltr'>αὐτοῦ</span> <span class='ocrx_word' id='word_1_82' title='bbox 1017 1141 1267 1216; x_wconf 79' lang='grc' dir='ltr'>βοηθείας</span> <span class='ocrx_word' id='word_1_83' title='bbox 1329 1143 1681 1220; x_wconf 83' lang='grc' dir='ltr'>εὐροιροῦμεν</span> <span class='ocrx_word' id='word_1_84' title='bbox 1732 1146 1822 1200; x_wconf 88' lang='grc' dir='ltr'>καὶ</span> <span class='ocrx_word' id='word_1_85' title='bbox 1889 1147 1976 1200; x_wconf 87' lang='grc' dir='ltr'>ἀν-</span> 
     </span>
    </p>
   </div>
   <div class='ocr_carea' id='block_1_14' title="bbox 321 1225 1974 1303">
    <p class='ocr_par' dir='ltr' id='par_1_14' title="bbox 321 1225 1974 1303">
     <span class='ocr_line' id='line_1_14' title="bbox 321 1225 1974 1303; baseline 0.005 -24"><span class='ocrx_word' id='word_1_86' title='bbox 321 1225 624 1300; x_wconf 77' lang='grc' dir='ltr'>τιλήψεως,</span> <span class='ocrx_word' id='word_1_87' title='bbox 657 1232 865 1303; x_wconf 87' lang='grc' dir='ltr'>Διαιρεῖ</span> <span class='ocrx_word' id='word_1_88' title='bbox 894 1225 952 1283; x_wconf 80' lang='grc' dir='ltr'>δὲ</span> <span class='ocrx_word' id='word_1_89' title='bbox 979 1231 1070 1284; x_wconf 89' lang='grc' dir='ltr'>τὸν</span> <span class='ocrx_word' id='word_1_90' title='bbox 1103 1227 1233 1285; x_wconf 90' lang='grc' dir='ltr'>λαὸν</span> <span class='ocrx_word' id='word_1_91' title='bbox 1263 1229 1340 1293; x_wconf 85' lang='grc' dir='ltr'>εἷ¹ς</span> <span class='ocrx_word' id='word_1_92' title='bbox 1385 1253 1446 1287; x_wconf 84' lang='grc' dir='ltr'>τε</span> <span class='ocrx_word' id='word_1_93' title='bbox 1491 1231 1582 1288; x_wconf 83' lang='grc' dir='ltr'>τὸν</span> <span class='ocrx_word' id='word_1_94' title='bbox 1628 1232 1818 1296; x_wconf 82' lang='grc' dir='ltr'>ἁπλῶς</span> <span class='ocrx_word' id='word_1_95' title='bbox 1872 1235 1974 1289; x_wconf 88' lang='grc' dir='ltr'>Ἰσ-</span> 
     </span>
    </p>
   </div>
   <div class='ocr_carea' id='block_1_15' title="bbox 323 1313 1975 1395">
    <p class='ocr_par' dir='ltr' id='par_1_15' title="bbox 323 1313 1975 1395">
     <span class='ocr_line' id='line_1_15' title="bbox 323 1313 1975 1395; baseline 0.005 -26"><span class='ocrx_word' id='word_1_96' title='bbox 323 1313 662 1390; x_wconf 89' lang='grc' dir='ltr'>ραηλιτικὸν,</span> <span class='ocrx_word' id='word_1_97' title='bbox 720 1317 798 1379; x_wconf 69' lang='grc' dir='ltr'>εἷς</span> <span class='ocrx_word' id='word_1_98' title='bbox 853 1318 945 1372; x_wconf 91' lang='grc' dir='ltr'>τὸν</span> <span class='ocrx_word' id='word_1_99' title='bbox 993 1319 1282 1395; x_wconf 75' lang='grc' dir='ltr'>ἱερατικὸν,</span> <span class='ocrx_word' id='word_1_100' title='bbox 1321 1321 1412 1376; x_wconf 87' lang='grc' dir='ltr'>καὶ</span> <span class='ocrx_word' id='word_1_101' title='bbox 1470 1322 1544 1384; x_wconf 67' lang='grc' dir='ltr'>εἷς</span> <span class='ocrx_word' id='word_1_102' title='bbox 1599 1322 1728 1386; x_wconf 79' lang='grc' dir='ltr'>τοὺς</span> <span class='ocrx_word' id='word_1_103' title='bbox 1783 1323 1834 1394; x_wconf 83' lang='grc' dir='ltr'>ἐξ</span> <span class='ocrx_word' id='word_1_104' title='bbox 1890 1321 1975 1387; x_wconf 84' lang='grc' dir='ltr'>ἐθ-</span> 
     </span>
    </p>
   </div>
   <div class='ocr_carea' id='block_1_16' title="bbox 317 1404 865 1481">
    <p class='ocr_par' dir='ltr' id='par_1_16' title="bbox 317 1404 865 1481">
     <span class='ocr_line' id='line_1_16' title="bbox 317 1404 865 1481; baseline 0.005 -21"><span class='ocrx_word' id='word_1_105' title='bbox 317 1408 425 1460; x_wconf 96' lang='grc' dir='ltr'>νῶν</span> <span class='ocrx_word' id='word_1_106' title='bbox 463 1404 865 1481; x_wconf 76' lang='grc' dir='ltr'>προσηλύτους.</span> 
     </span>
    </p>
   </div>
   <div class='ocr_carea' id='block_1_17' title="bbox 395 1493 1971 1576">
    <p class='ocr_par' dir='ltr' id='par_1_17' title="bbox 395 1493 1971 1576">
     <span class='ocr_line' id='line_1_17' title="bbox 395 1493 1971 1576; baseline 0.006 -30"><span class='ocrx_word' id='word_1_107' title='bbox 395 1516 425 1544; x_wconf 87' lang='grc'>‹‹</span> <span class='ocrx_word' id='word_1_108' title='bbox 466 1493 669 1570; x_wconf 85' lang='grc' dir='ltr'>Κύριος</span> <span class='ocrx_word' id='word_1_109' title='bbox 733 1496 991 1568; x_wconf 81' lang='grc' dir='ltr'>μνησθεὶς</span> <span class='ocrx_word' id='word_1_110' title='bbox 1049 1499 1210 1570; x_wconf 79' lang='grc' dir='ltr'>ἡμῶν</span> <span class='ocrx_word' id='word_1_111' title='bbox 1271 1497 1563 1576; x_wconf 74' lang='grc' dir='ltr'>εὐλόγησεν</span> <span class='ocrx_word' id='word_1_112' title='bbox 1613 1502 1785 1574; x_wconf 79' lang='grc' dir='ltr'>ἡμᾶς,</span> <span class='ocrx_word' id='word_1_113' title='bbox 1817 1498 1971 1556; x_wconf 89' lang='grc' dir='ltr'>εὐλό-</span> 
     </span>
    </p>
   </div>
   <div class='ocr_carea' id='block_1_18' title="bbox 317 1583 1968 1666">
    <p class='ocr_par' dir='ltr' id='par_1_18' title="bbox 317 1583 1968 1666">
     <span class='ocr_line' id='line_1_18' title="bbox 317 1583 1968 1666; baseline 0.005 -29"><span class='ocrx_word' id='word_1_114' title='bbox 317 1604 453 1659; x_wconf 83' lang='grc' dir='ltr'>γησε</span> <span class='ocrx_word' id='word_1_115' title='bbox 497 1583 592 1638; x_wconf 92' lang='grc' dir='ltr'>τὸν</span> <span class='ocrx_word' id='word_1_116' title='bbox 641 1583 789 1640; x_wconf 80' lang='grc' dir='ltr'>οἶκον</span> <span class='ocrx_word' id='word_1_117' title='bbox 845 1584 1084 1662; x_wconf 88' lang='grc' dir='ltr'>Ἰσραήλ,</span> <span class='ocrx_word' id='word_1_118' title='bbox 1121 1612 1148 1639; x_wconf 78' lang='lat'><strong>»</strong></span> <span class='ocrx_word' id='word_1_119' title='bbox 1199 1622 1265 1631; x_wconf 91' lang='lat'><strong><em>—</em></strong></span> <span class='ocrx_word' id='word_1_120' title='bbox 1309 1588 1682 1666; x_wconf 88' lang='grc' dir='ltr'>Εὐφημεῖσθαι</span> <span class='ocrx_word' id='word_1_121' title='bbox 1731 1589 1820 1644; x_wconf 88' lang='grc' dir='ltr'>καὶ</span> <span class='ocrx_word' id='word_1_122' title='bbox 1873 1611 1968 1663; x_wconf 91' lang='grc' dir='ltr'>με-</span> 
     </span>
    </p>
   </div>
   <div class='ocr_carea' id='block_1_19' title="bbox 315 1670 1968 1754">
    <p class='ocr_par' dir='ltr' id='par_1_19' title="bbox 315 1670 1968 1754">
     <span class='ocr_line' id='line_1_19' title="bbox 315 1670 1968 1754; baseline 0.006 -29"><span class='ocrx_word' id='word_1_123' title='bbox 315 1670 642 1747; x_wconf 83' lang='grc' dir='ltr'>γαλύνεσθαι</span> <span class='ocrx_word' id='word_1_124' title='bbox 710 1675 861 1747; x_wconf 76' lang='grc' dir='ltr'>ἡμᾶς</span> <span class='ocrx_word' id='word_1_125' title='bbox 941 1675 1332 1751; x_wconf 82' lang='grc' dir='ltr'>παρεσκεύασεν</span> <span class='ocrx_word' id='word_1_126' title='bbox 1420 1677 1774 1754; x_wconf 77' lang='grc' dir='ltr'>εὐεργετήσας</span> <span class='ocrx_word' id='word_1_127' title='bbox 1867 1700 1968 1752; x_wconf 90' lang='grc' dir='ltr'>μυ-</span> 
     </span>
    </p>
   </div>
   <div class='ocr_carea' id='block_1_20' title="bbox 358 1759 430 1817">
    <p class='ocr_par' dir='ltr' id='par_1_20' title="bbox 358 1759 430 1817">
     <span class='ocr_line' id='line_1_20' title="bbox 358 1759 430 1817; baseline 0.042 -3"><span class='ocrx_word' id='word_1_128' title='bbox 358 1759 430 1817; x_wconf 90' lang='grc' dir='ltr'>ία.</span> 
     </span>
    </p>
   </div>
   <div class='ocr_carea' id='block_1_21' title="bbox 319 1781 1965 1934">
    <p class='ocr_par' dir='ltr' id='par_1_21' title="bbox 319 1781 1965 1934">
     <span class='ocr_line' id='line_1_21' title="bbox 358 1781 430 1817; baseline 0.042 -3"><span class='ocrx_word' id='word_1_129' title='bbox 358 1781 430 1817; x_wconf 89' lang='grc' dir='ltr'>ια.</span> 
     </span>
     <span class='ocr_line' id='line_1_22' title="bbox 319 1781 1965 1934; baseline 0.005 -31"><span class='ocrx_word' id='word_1_130' title='bbox 319 1781 348 1837; x_wconf 74' lang='grc' dir='ltr'>ρ</span> <span class='ocrx_word' id='word_1_131' title='bbox 389 1849 732 1928; x_wconf 86' lang='grc' dir='ltr'>«Εὐλόγησε</span> <span class='ocrx_word' id='word_1_132' title='bbox 785 1851 913 1915; x_wconf 80' lang='grc' dir='ltr'>τοὺς</span> <span class='ocrx_word' id='word_1_133' title='bbox 971 1849 1349 1932; x_wconf 88' lang='grc' dir='ltr'>φοϐουμένους</span> <span class='ocrx_word' id='word_1_134' title='bbox 1404 1856 1496 1912; x_wconf 90' lang='grc' dir='ltr'>τὸν</span> <span class='ocrx_word' id='word_1_135' title='bbox 1570 1855 1785 1934; x_wconf 87' lang='grc' dir='ltr'>Κύριον,</span> <span class='ocrx_word' id='word_1_136' title='bbox 1838 1856 1965 1921; x_wconf 78' lang='grc' dir='ltr'>τοὺς</span> 
     </span>
    </p>
   </div>
   <div class='ocr_carea' id='block_1_22' title="bbox 318 1939 1965 2023">
    <p class='ocr_par' dir='ltr' id='par_1_22' title="bbox 318 1939 1965 2023">
     <span class='ocr_line' id='line_1_23' title="bbox 318 1939 1965 2023; baseline 0.006 -30"><span class='ocrx_word' id='word_1_137' title='bbox 318 1939 552 2016; x_wconf 81' lang='grc' dir='ltr'>μικροὺς</span> <span class='ocrx_word' id='word_1_138' title='bbox 602 1941 738 2014; x_wconf 83' lang='grc' dir='ltr'>μετά</span> <span class='ocrx_word' id='word_1_139' title='bbox 775 1945 882 1996; x_wconf 90' lang='grc' dir='ltr'>τῶν</span> <span class='ocrx_word' id='word_1_140' title='bbox 939 1941 1212 2020; x_wconf 85' lang='grc' dir='ltr'>μεγάλων.</span> <span class='ocrx_word' id='word_1_141' title='bbox 1246 1970 1273 1998; x_wconf 85' lang='grc'>››</span> <span class='ocrx_word' id='word_1_142' title='bbox 1307 1977 1378 1988; x_wconf 88' lang='lat'><strong>—-</strong></span> <span class='ocrx_word' id='word_1_143' title='bbox 1427 1944 1670 2023; x_wconf 83' lang='grc' dir='ltr'>Μικροὸς</span> <span class='ocrx_word' id='word_1_144' title='bbox 1715 1946 1806 2002; x_wconf 86' lang='grc' dir='ltr'>καὶ</span> <span class='ocrx_word' id='word_1_145' title='bbox 1864 1968 1965 2020; x_wconf 91' lang='grc' dir='ltr'>με-</span> 
     </span>
    </p>
   </div>
   <div class='ocr_carea' id='block_1_23' title="bbox 311 2026 1962 2108">
    <p class='ocr_par' dir='ltr' id='par_1_23' title="bbox 311 2026 1962 2108">
     <span class='ocr_line' id='line_1_24' title="bbox 311 2026 1962 2108; baseline 0.005 -27"><span class='ocrx_word' id='word_1_146' title='bbox 311 2026 516 2104; x_wconf 83' lang='grc' dir='ltr'>γάλους</span> <span class='ocrx_word' id='word_1_147' title='bbox 550 2030 626 2102; x_wconf 82' lang='grc' dir='ltr'>μὴ</span> <span class='ocrx_word' id='word_1_148' title='bbox 657 2030 776 2084; x_wconf 83' lang='grc' dir='ltr'>καθ’</span> <span class='ocrx_word' id='word_1_149' title='bbox 805 2028 1023 2099; x_wconf 82' lang='grc' dir='ltr'>ἡλικίαν</span> <span class='ocrx_word' id='word_1_150' title='bbox 1058 2032 1222 2105; x_wconf 88' lang='grc' dir='ltr'>μόνον</span> <span class='ocrx_word' id='word_1_151' title='bbox 1275 2033 1644 2108; x_wconf 71' lang='grc' dir='ltr'>ὑποληπτέον,</span> <span class='ocrx_word' id='word_1_152' title='bbox 1678 2034 1826 2092; x_wconf 87' lang='grc' dir='ltr'>ἀλλὰ</span> <span class='ocrx_word' id='word_1_153' title='bbox 1872 2035 1962 2091; x_wconf 83' lang='grc' dir='ltr'>καὶ</span> 
     </span>
    </p>
   </div>
   <div class='ocr_carea' id='block_1_24' title="bbox 310 2113 1498 2191">
    <p class='ocr_par' dir='ltr' id='par_1_24' title="bbox 310 2113 1498 2191">
     <span class='ocr_line' id='line_1_25' title="bbox 310 2113 1498 2191; baseline 0.007 -21"><span class='ocrx_word' id='word_1_154' title='bbox 310 2116 447 2171; x_wconf 85' lang='grc' dir='ltr'>κατά</span> <span class='ocrx_word' id='word_1_155' title='bbox 475 2113 701 2191; x_wconf 87' lang='grc' dir='ltr'>δύναμιν</span> <span class='ocrx_word' id='word_1_156' title='bbox 731 2117 822 2173; x_wconf 83' lang='grc' dir='ltr'>καὶ</span> <span class='ocrx_word' id='word_1_157' title='bbox 855 2115 1009 2190; x_wconf 82' lang='grc' dir='ltr'>δόξαν</span> <span class='ocrx_word' id='word_1_158' title='bbox 1032 2120 1123 2175; x_wconf 82' lang='grc' dir='ltr'>καὶ</span> <span class='ocrx_word' id='word_1_159' title='bbox 1159 2122 1229 2177; x_wconf 78' lang='grc' dir='ltr'>τὰ</span> <span class='ocrx_word' id='word_1_160' title='bbox 1256 2127 1498 2178; x_wconf 90' lang='grc' dir='ltr'>τοιαῦτα.</span> 
     </span>
    </p>
   </div>
   <div class='ocr_carea' id='block_1_25' title="bbox 386 2205 1961 2292">
    <p class='ocr_par' dir='ltr' id='par_1_25' title="bbox 386 2205 1961 2292">
     <span class='ocr_line' id='line_1_26' title="bbox 386 2205 1961 2292; baseline 0.007 -34"><span class='ocrx_word' id='word_1_161' title='bbox 386 2205 716 2282; x_wconf 82' lang='grc' dir='ltr'>«Προσθείη</span> <span class='ocrx_word' id='word_1_162' title='bbox 784 2206 980 2284; x_wconf 89' lang='grc' dir='ltr'>Κύριος</span> <span class='ocrx_word' id='word_1_163' title='bbox 1055 2207 1137 2287; x_wconf 89' lang='grc' dir='ltr'>ἐφ’</span> <span class='ocrx_word' id='word_1_164' title='bbox 1190 2210 1353 2284; x_wconf 82' lang='grc' dir='ltr'>ὑμᾶς,</span> <span class='ocrx_word' id='word_1_165' title='bbox 1403 2211 1484 2292; x_wconf 87' lang='grc' dir='ltr'>ἐφ’</span> <span class='ocrx_word' id='word_1_166' title='bbox 1537 2213 1676 2287; x_wconf 81' lang='grc' dir='ltr'>ὑμᾶς</span> <span class='ocrx_word' id='word_1_167' title='bbox 1727 2213 1818 2268; x_wconf 84' lang='grc' dir='ltr'>καὶ</span> <span class='ocrx_word' id='word_1_168' title='bbox 1872 2212 1961 2269; x_wconf 86' lang='grc' dir='ltr'>ἐπὶ</span> 
     </span>
    </p>
   </div>
   <div class='ocr_carea' id='block_1_26' title="bbox 307 2292 1963 2379">
    <p class='ocr_par' dir='ltr' id='par_1_26' title="bbox 307 2292 1963 2379">
     <span class='ocr_line' id='line_1_27' title="bbox 307 2292 1963 2379; baseline 0.007 -33"><span class='ocrx_word' id='word_1_169' title='bbox 307 2292 440 2355; x_wconf 84' lang='grc' dir='ltr'>τοὺς</span> <span class='ocrx_word' id='word_1_170' title='bbox 469 2293 618 2356; x_wconf 75' lang='grc' dir='ltr'>υἱοὺς</span> <span class='ocrx_word' id='word_1_171' title='bbox 653 2295 824 2368; x_wconf 88' lang='grc' dir='ltr'>ὑμῶν.</span> <span class='ocrx_word' id='word_1_172' title='bbox 857 2320 885 2348; x_wconf 91' lang='grc'><strong>››</strong></span> <span class='ocrx_word' id='word_1_173' title='bbox 914 2329 984 2338; x_wconf 91' lang='lat'>—</span> <span class='ocrx_word' id='word_1_174' title='bbox 1013 2297 1190 2366; x_wconf 91' lang='grc' dir='ltr'>Δῆλον</span> <span class='ocrx_word' id='word_1_175' title='bbox 1236 2296 1294 2354; x_wconf 75' lang='grc' dir='ltr'>δὲ</span> <span class='ocrx_word' id='word_1_176' title='bbox 1336 2299 1418 2356; x_wconf 74' lang='grc' dir='ltr'>ὅτι</span> <span class='ocrx_word' id='word_1_177' title='bbox 1467 2306 1575 2356; x_wconf 90' lang='grc' dir='ltr'>τῶν</span> <span class='ocrx_word' id='word_1_178' title='bbox 1627 2306 1963 2379; x_wconf 84' lang='grc' dir='ltr'>Χριστιανῶν</span> 
     </span>
    </p>
   </div>
   <div class='ocr_carea' id='block_1_27' title="bbox 309 2383 1957 2467">
    <p class='ocr_par' dir='ltr' id='par_1_27' title="bbox 309 2383 1957 2467">
     <span class='ocr_line' id='line_1_28' title="bbox 309 2383 1957 2467; baseline 0.008 -32"><span class='ocrx_word' id='word_1_179' title='bbox 309 2385 345 2452; x_wconf 78' lang='grc' dir='ltr'>ἡ</span> <span class='ocrx_word' id='word_1_180' title='bbox 403 2383 708 2461; x_wconf 81' lang='grc' dir='ltr'>προφητεία</span> <span class='ocrx_word' id='word_1_181' title='bbox 783 2384 1157 2463; x_wconf 85' lang='grc' dir='ltr'>ὑπερεύχεται,</span> <span class='ocrx_word' id='word_1_182' title='bbox 1215 2389 1278 2444; x_wconf 90' lang='grc' dir='ltr'>τὸ</span> <span class='ocrx_word' id='word_1_183' title='bbox 1343 2387 1590 2467; x_wconf 85' lang='grc' dir='ltr'>δεύτερον</span> <span class='ocrx_word' id='word_1_184' title='bbox 1665 2391 1957 2466; x_wconf 90' lang='grc' dir='ltr'>πρόσωπον</span> 
     </span>
    </p>
   </div>
   <div class='ocr_carea' id='block_1_28' title="bbox 311 2469 1037 2550">
    <p class='ocr_par' dir='ltr' id='par_1_28' title="bbox 311 2469 1037 2550">
     <span class='ocr_line' id='line_1_29' title="bbox 311 2469 1037 2550; baseline 0.011 -27"><span class='ocrx_word' id='word_1_185' title='bbox 311 2469 671 2526; x_wconf 79' lang='grc' dir='ltr'>ἀποτείνουσα</span> <span class='ocrx_word' id='word_1_186' title='bbox 697 2473 796 2541; x_wconf 85' lang='grc' dir='ltr'>τήν</span> <span class='ocrx_word' id='word_1_187' title='bbox 829 2476 1037 2550; x_wconf 83' lang='grc' dir='ltr'>ψυχήν.</span> 
     </span>
    </p>
   </div>
   <div class='ocr_carea' id='block_1_29' title="bbox 383 2559 1957 2643">
    <p class='ocr_par' dir='ltr' id='par_1_29' title="bbox 383 2559 1957 2643">
     <span class='ocr_line' id='line_1_30' title="bbox 383 2559 1957 2643; baseline 0.006 -31"><span class='ocrx_word' id='word_1_188' title='bbox 383 2559 827 2636; x_wconf 87' lang='grc' dir='ltr'>«Εὐλογημένοι</span> <span class='ocrx_word' id='word_1_189' title='bbox 888 2563 1045 2636; x_wconf 82' lang='grc' dir='ltr'>ὑμεῖς</span> <span class='ocrx_word' id='word_1_190' title='bbox 1119 2569 1198 2638; x_wconf 82' lang='grc' dir='ltr'>τῷ</span> <span class='ocrx_word' id='word_1_191' title='bbox 1267 2566 1451 2643; x_wconf 86' lang='grc' dir='ltr'>Κυρίῳ</span> <span class='ocrx_word' id='word_1_192' title='bbox 1523 2573 1602 2640; x_wconf 80' lang='grc' dir='ltr'>τῷ</span> <span class='ocrx_word' id='word_1_193' title='bbox 1664 2570 1957 2640; x_wconf 87' lang='grc' dir='ltr'>ποιήσαντι</span> 
     </span>
    </p>
   </div>
   <div class='ocr_carea' id='block_1_30' title="bbox 303 2647 1959 2733">
    <p class='ocr_par' dir='ltr' id='par_1_30' title="bbox 303 2647 1959 2733">
     <span class='ocr_line' id='line_1_31' title="bbox 303 2647 1959 2733; baseline 0.006 -31"><span class='ocrx_word' id='word_1_194' title='bbox 303 2647 394 2702; x_wconf 90' lang='grc' dir='ltr'>τὸν</span> <span class='ocrx_word' id='word_1_195' title='bbox 455 2647 680 2724; x_wconf 90' lang='grc' dir='ltr'>οὐρανὸν</span> <span class='ocrx_word' id='word_1_196' title='bbox 740 2651 830 2706; x_wconf 86' lang='grc' dir='ltr'>καὶ</span> <span class='ocrx_word' id='word_1_197' title='bbox 887 2653 987 2722; x_wconf 77' lang='grc' dir='ltr'>τήν</span> <span class='ocrx_word' id='word_1_198' title='bbox 1046 2660 1174 2728; x_wconf 86' lang='grc' dir='ltr'>γῆν.</span> <span class='ocrx_word' id='word_1_199' title='bbox 1213 2679 1234 2706; x_wconf 73' lang='grc' dir='ltr'>υ</span> <span class='ocrx_word' id='word_1_200' title='bbox 1268 2687 1338 2698; x_wconf 78' lang='grc' dir='ltr'>-ι</span> <span class='ocrx_word' id='word_1_201' title='bbox 1369 2653 1602 2712; x_wconf 88' lang='grc' dir='ltr'>Μέλλων</span> <span class='ocrx_word' id='word_1_202' title='bbox 1633 2657 1736 2733; x_wconf 76' lang='grc' dir='ltr'>γὰρ</span> <span class='ocrx_word' id='word_1_203' title='bbox 1770 2659 1799 2712; x_wconf 97' lang='lat'>6</span> <span class='ocrx_word' id='word_1_204' title='bbox 1830 2663 1959 2732; x_wconf 84' lang='grc' dir='ltr'>Χρι-</span> 
     </span>
    </p>
   </div>
   <div class='ocr_carea' id='block_1_31' title="bbox 305 2736 1958 2820">
    <p class='ocr_par' dir='ltr' id='par_1_31' title="bbox 305 2736 1958 2820">
     <span class='ocr_line' id='line_1_32' title="bbox 305 2736 1958 2820; baseline 0.006 -29"><span class='ocrx_word' id='word_1_205' title='bbox 305 2737 431 2800; x_wconf 92' lang='grc' dir='ltr'>στὸς</span> <span class='ocrx_word' id='word_1_206' title='bbox 487 2736 886 2816; x_wconf 77' lang='grc' dir='ltr'>ἀναληφθῆναι,</span> <span class='ocrx_word' id='word_1_207' title='bbox 944 2740 1070 2803; x_wconf 81' lang='grc' dir='ltr'>τοὺς</span> <span class='ocrx_word' id='word_1_208' title='bbox 1135 2741 1332 2805; x_wconf 81' lang='grc' dir='ltr'>αὐτοὺς</span> <span class='ocrx_word' id='word_1_209' title='bbox 1387 2743 1657 2820; x_wconf 84' lang='grc' dir='ltr'>εὐλόγησε</span> <span class='ocrx_word' id='word_1_210' title='bbox 1717 2747 1958 2818; x_wconf 77' lang='grc' dir='ltr'>μαθητὰς</span> 
     </span>
    </p>
   </div>
   <div class='ocr_carea' id='block_1_32' title="bbox 301 2823 1406 2896">
    <p class='ocr_par' dir='ltr' id='par_1_32' title="bbox 301 2823 1406 2896">
     <span class='ocr_line' id='line_1_33' title="bbox 301 2823 1406 2896; baseline 0.006 -15"><span class='ocrx_word' id='word_1_211' title='bbox 301 2826 391 2881; x_wconf 84' lang='grc' dir='ltr'>καὶ</span> <span class='ocrx_word' id='word_1_212' title='bbox 424 2823 496 2882; x_wconf 82' lang='grc' dir='ltr'>δι’</span> <span class='ocrx_word' id='word_1_213' title='bbox 525 2826 700 2883; x_wconf 89' lang='grc' dir='ltr'>αὐτῶν</span> <span class='ocrx_word' id='word_1_214' title='bbox 733 2829 969 2892; x_wconf 81' lang='grc' dir='ltr'>ἅπαντας</span> <span class='ocrx_word' id='word_1_215' title='bbox 998 2829 1127 2893; x_wconf 81' lang='grc' dir='ltr'>τοὺς</span> <span class='ocrx_word' id='word_1_216' title='bbox 1158 2831 1406 2896; x_wconf 83' lang='grc' dir='ltr'>πιστούς.</span> 
     </span>
    </p>
   </div>
   <div class='ocr_carea' id='block_1_33' title="bbox 380 2915 1956 2999">
    <p class='ocr_par' dir='ltr' id='par_1_33' title="bbox 380 2915 1956 2999">
     <span class='ocr_line' id='line_1_34' title="bbox 380 2915 1956 2999; baseline 0.008 -32"><span class='ocrx_word' id='word_1_217' title='bbox 380 2939 402 2966; x_wconf 75' lang='grc' dir='ltr'>ι</span> <span class='ocrx_word' id='word_1_218' title='bbox 436 2917 492 2970; x_wconf 89' lang='grc' dir='ltr'>Ὁ</span> <span class='ocrx_word' id='word_1_219' title='bbox 523 2915 749 2992; x_wconf 90' lang='grc' dir='ltr'>οὐρανὸς</span> <span class='ocrx_word' id='word_1_220' title='bbox 778 2922 875 2972; x_wconf 89' lang='grc' dir='ltr'>τοῦ</span> <span class='ocrx_word' id='word_1_221' title='bbox 902 2917 1135 2994; x_wconf 87' lang='grc' dir='ltr'>οὐρανοῦ</span> <span class='ocrx_word' id='word_1_222' title='bbox 1181 2925 1260 2993; x_wconf 78' lang='grc' dir='ltr'>τῷ</span> <span class='ocrx_word' id='word_1_223' title='bbox 1307 2919 1514 2998; x_wconf 87' lang='grc' dir='ltr'>Κυρίῳ,</span> <span class='ocrx_word' id='word_1_224' title='bbox 1558 2946 1586 2975; x_wconf 92' lang='grc'><strong>››</strong></span> <span class='ocrx_word' id='word_1_225' title='bbox 1620 2956 1689 2965; x_wconf 90' lang='grc'><strong><em>-</em></strong></span> <span class='ocrx_word' id='word_1_226' title='bbox 1733 2928 1956 2999; x_wconf 89' lang='grc' dir='ltr'>Πρῶτος</span> 
     </span>
    </p>
   </div>
   <div class='ocr_carea' id='block_1_34' title="bbox 302 3003 1462 3085">
    <p class='ocr_par' dir='ltr' id='par_1_34' title="bbox 302 3003 1462 3085">
     <span class='ocr_line' id='line_1_35' title="bbox 302 3003 1462 3085; baseline 0.008 -27"><span class='ocrx_word' id='word_1_227' title='bbox 302 3003 526 3081; x_wconf 91' lang='grc' dir='ltr'>οὐρανὸς</span> <span class='ocrx_word' id='word_1_228' title='bbox 559 3005 876 3080; x_wconf 84' lang='grc' dir='ltr'>οἷ’κητήριον</span> <span class='ocrx_word' id='word_1_229' title='bbox 909 3007 1092 3085; x_wconf 85' lang='grc' dir='ltr'>γέγονε</span> <span class='ocrx_word' id='word_1_230' title='bbox 1120 3007 1199 3082; x_wconf 79' lang='grc' dir='ltr'>τῷ</span> <span class='ocrx_word' id='word_1_231' title='bbox 1228 3015 1462 3084; x_wconf 78' lang='grc' dir='ltr'>Χριστῷ.</span> 
     </span>
    </p>
   </div>
   <div class='ocr_carea' id='block_1_35' title="bbox 375 3091 1952 3178">
    <p class='ocr_par' dir='ltr' id='par_1_35' title="bbox 375 3091 1952 3178">
     <span class='ocr_line' id='line_1_36' title="bbox 375 3091 1952 3178; baseline 0.006 -33"><span class='ocrx_word' id='word_1_232' title='bbox 375 3116 404 3144; x_wconf 86' lang='grc'>‹‹</span> <span class='ocrx_word' id='word_1_233' title='bbox 432 3095 540 3164; x_wconf 82' lang='grc' dir='ltr'>Τήν</span> <span class='ocrx_word' id='word_1_234' title='bbox 595 3093 654 3149; x_wconf 74' lang='grc' dir='ltr'>δὲ</span> <span class='ocrx_word' id='word_1_235' title='bbox 698 3102 800 3172; x_wconf 89' lang='grc' dir='ltr'>γῆν</span> <span class='ocrx_word' id='word_1_236' title='bbox 851 3091 1021 3152; x_wconf 78' lang='grc' dir='ltr'>ἔδωκε</span> <span class='ocrx_word' id='word_1_237' title='bbox 1063 3102 1182 3161; x_wconf 87' lang='grc' dir='ltr'>τοῖς</span> <span class='ocrx_word' id='word_1_238' title='bbox 1229 3099 1372 3162; x_wconf 70' lang='grc' dir='ltr'>υἱοῖς</span> <span class='ocrx_word' id='word_1_239' title='bbox 1420 3104 1527 3155; x_wconf 88' lang='grc' dir='ltr'>τῶν</span> <span class='ocrx_word' id='word_1_240' title='bbox 1565 3101 1887 3178; x_wconf 88' lang='grc' dir='ltr'>ἀνθρώπων.</span> <span class='ocrx_word' id='word_1_241' title='bbox 1923 3125 1952 3154; x_wconf 85' lang='grc'><strong>››</strong></span> 
     </span>
    </p>
   </div>
   <div class='ocr_carea' id='block_1_36' title="bbox 300 3181 1416 3263">
    <p class='ocr_par' dir='ltr' id='par_1_36' title="bbox 300 3181 1416 3263">
     <span class='ocr_line' id='line_1_37' title="bbox 300 3181 1416 3263; baseline 0.009 -27"><span class='ocrx_word' id='word_1_242' title='bbox 300 3214 370 3226; x_wconf 90' lang='grc'><strong>-</strong></span> <span class='ocrx_word' id='word_1_243' title='bbox 398 3181 496 3245; x_wconf 82' lang='grc' dir='ltr'>Εἰς</span> <span class='ocrx_word' id='word_1_244' title='bbox 518 3183 794 3239; x_wconf 83' lang='grc' dir='ltr'>κατοικίαν</span> <span class='ocrx_word' id='word_1_245' title='bbox 820 3184 873 3240; x_wconf 92' lang='grc' dir='ltr'>ἐν</span> <span class='ocrx_word' id='word_1_246' title='bbox 899 3189 968 3260; x_wconf 84' lang='grc' dir='ltr'>τῇ</span> <span class='ocrx_word' id='word_1_247' title='bbox 1003 3187 1249 3262; x_wconf 79' lang='grc' dir='ltr'>παρούσῃ</span> <span class='ocrx_word' id='word_1_248' title='bbox 1280 3192 1416 3263; x_wconf 78' lang='grc' dir='ltr'>ζωῇ.</span> 
     </span>
    </p>
   </div>
   <div class='ocr_carea' id='block_1_37' title="bbox 374 3271 2028 3354">
    <p class='ocr_par' dir='ltr' id='par_1_37' title="bbox 374 3271 2028 3354">
     <span class='ocr_line' id='line_1_38' title="bbox 374 3271 2028 3354; baseline 0.008 -30"><span class='ocrx_word' id='word_1_249' title='bbox 374 3271 544 3326; x_wconf 84' lang='grc' dir='ltr'>«Οὐκ</span> <span class='ocrx_word' id='word_1_250' title='bbox 598 3273 653 3326; x_wconf 76' lang='grc' dir='ltr'>οἱ</span> <span class='ocrx_word' id='word_1_251' title='bbox 705 3275 886 3348; x_wconf 82' lang='grc' dir='ltr'>νεκροὶ</span> <span class='ocrx_word' id='word_1_252' title='bbox 947 3273 1218 3331; x_wconf 78' lang='grc' dir='ltr'>αἰνέσουσί</span> <span class='ocrx_word' id='word_1_253' title='bbox 1265 3297 1342 3347; x_wconf 92' lang='grc' dir='ltr'>σε,</span> <span class='ocrx_word' id='word_1_254' title='bbox 1394 3276 1576 3354; x_wconf 87' lang='grc' dir='ltr'>Κύριε,</span> <span class='ocrx_word' id='word_1_255' title='bbox 1627 3277 1753 3334; x_wconf 77' lang='grc' dir='ltr'>οὐδὲ</span> <span class='ocrx_word' id='word_1_256' title='bbox 1817 3271 2028 3339; x_wconf 71' lang='grc' dir='ltr'>πάν-Ο</span> 
     </span>
    </p>
   </div>
   <div class='ocr_carea' id='block_1_38' title="bbox 298 3356 1952 3443">
    <p class='ocr_par' dir='ltr' id='par_1_38' title="bbox 298 3356 1952 3443">
     <span class='ocr_line' id='line_1_39' title="bbox 298 3356 1952 3443; baseline 0.005 -28"><span class='ocrx_word' id='word_1_257' title='bbox 298 3380 386 3422; x_wconf 88' lang='grc' dir='ltr'>τες</span> <span class='ocrx_word' id='word_1_258' title='bbox 444 3361 497 3415; x_wconf 75' lang='grc' dir='ltr'>οἱ</span> <span class='ocrx_word' id='word_1_259' title='bbox 539 3356 948 3425; x_wconf 87' lang='grc' dir='ltr'>καταϐαίνοντες</span> <span class='ocrx_word' id='word_1_260' title='bbox 1002 3364 1079 3426; x_wconf 85' lang='grc' dir='ltr'>εἷς</span> <span class='ocrx_word' id='word_1_261' title='bbox 1138 3359 1354 3436; x_wconf 68' lang='grc' dir='ltr'>ᾅδην.»</span> <span class='ocrx_word' id='word_1_262' title='bbox 1411 3398 1482 3409; x_wconf 92' lang='lat'>—-</span> <span class='ocrx_word' id='word_1_263' title='bbox 1540 3367 1776 3443; x_wconf 86' lang='grc' dir='ltr'>Νεκροὺς</span> <span class='ocrx_word' id='word_1_264' title='bbox 1833 3369 1952 3424; x_wconf 87' lang='grc' dir='ltr'>ὀνο-</span> 
     </span>
    </p>
   </div>
   <div class='ocr_carea' id='block_1_39' title="bbox 305 3445 1952 3532">
    <p class='ocr_par' dir='ltr' id='par_1_39' title="bbox 305 3445 1952 3532">
     <span class='ocr_line' id='line_1_40' title="bbox 305 3445 1952 3532; baseline 0.006 -29"><span class='ocrx_word' id='word_1_265' title='bbox 305 3450 462 3522; x_wconf 84' lang='grc' dir='ltr'>μάζει</span> <span class='ocrx_word' id='word_1_266' title='bbox 489 3449 617 3512; x_wconf 82' lang='grc' dir='ltr'>τοὺς</span> <span class='ocrx_word' id='word_1_267' title='bbox 662 3445 872 3513; x_wconf 86' lang='grc' dir='ltr'>ἀσεϐεῖς</span> <span class='ocrx_word' id='word_1_268' title='bbox 921 3453 994 3506; x_wconf 84' lang='grc' dir='ltr'>ὧν</span> <span class='ocrx_word' id='word_1_269' title='bbox 1045 3447 1180 3523; x_wconf 69' lang='grc' dir='ltr'>ᾅδης</span> <span class='ocrx_word' id='word_1_270' title='bbox 1226 3451 1371 3509; x_wconf 79' lang='grc' dir='ltr'>ἔσται</span> <span class='ocrx_word' id='word_1_271' title='bbox 1416 3455 1760 3532; x_wconf 82' lang='grc' dir='ltr'>οἰκητήριον·</span> <span class='ocrx_word' id='word_1_272' title='bbox 1816 3462 1952 3527; x_wconf 88' lang='grc' dir='ltr'>ζῶν-</span> 
     </span>
    </p>
   </div>
   <div class='ocr_carea' id='block_1_40' title="bbox 298 3535 1953 3621">
    <p class='ocr_par' dir='ltr' id='par_1_40' title="bbox 298 3535 1953 3621">
     <span class='ocr_line' id='line_1_41' title="bbox 298 3535 1953 3621; baseline 0.005 -28"><span class='ocrx_word' id='word_1_273' title='bbox 298 3559 395 3602; x_wconf 88' lang='grc' dir='ltr'>τας</span> <span class='ocrx_word' id='word_1_274' title='bbox 451 3536 509 3594; x_wconf 78' lang='grc' dir='ltr'>δὲ</span> <span class='ocrx_word' id='word_1_275' title='bbox 561 3537 689 3601; x_wconf 77' lang='grc' dir='ltr'>τοὺς</span> <span class='ocrx_word' id='word_1_276' title='bbox 746 3535 916 3602; x_wconf 76' lang='grc' dir='ltr'>ὅντως</span> <span class='ocrx_word' id='word_1_277' title='bbox 973 3536 1212 3605; x_wconf 85' lang='grc' dir='ltr'>εὐσεϐεῖς</span> <span class='ocrx_word' id='word_1_278' title='bbox 1261 3541 1336 3597; x_wconf 87' lang='grc' dir='ltr'>ὧν</span> <span class='ocrx_word' id='word_1_279' title='bbox 1388 3542 1440 3598; x_wconf 87' lang='grc' dir='ltr'>ἐν</span> <span class='ocrx_word' id='word_1_280' title='bbox 1480 3544 1727 3621; x_wconf 85' lang='grc' dir='ltr'>οὐρανοῖς</span> <span class='ocrx_word' id='word_1_281' title='bbox 1757 3548 1792 3616; x_wconf 84' lang='grc' dir='ltr'>ἠ</span> <span class='ocrx_word' id='word_1_282' title='bbox 1825 3547 1953 3601; x_wconf 85' lang='grc' dir='ltr'>ἀνά-</span> 
     </span>
    </p>
   </div>
   <div class='ocr_carea' id='block_1_41' title="bbox 298 3626 1952 3708">
    <p class='ocr_par' dir='ltr' id='par_1_41' title="bbox 298 3626 1952 3708">
     <span class='ocr_line' id='line_1_42' title="bbox 298 3626 1952 3708; baseline 0.005 -26"><span class='ocrx_word' id='word_1_283' title='bbox 298 3648 514 3691; x_wconf 90' lang='grc' dir='ltr'>παυσις·</span> <span class='ocrx_word' id='word_1_284' title='bbox 569 3626 717 3683; x_wconf 78' lang='grc' dir='ltr'>οὗτοι</span> <span class='ocrx_word' id='word_1_285' title='bbox 769 3629 872 3706; x_wconf 80' lang='grc' dir='ltr'>γὰρ</span> <span class='ocrx_word' id='word_1_286' title='bbox 917 3629 1119 3700; x_wconf 78' lang='grc' dir='ltr'>ἀνάξιοι</span> <span class='ocrx_word' id='word_1_287' title='bbox 1164 3635 1262 3686; x_wconf 90' lang='grc' dir='ltr'>τοῦ</span> <span class='ocrx_word' id='word_1_288' title='bbox 1321 3633 1520 3706; x_wconf 89' lang='grc' dir='ltr'>Κυρίου</span> <span class='ocrx_word' id='word_1_289' title='bbox 1579 3634 1814 3708; x_wconf 82' lang='grc' dir='ltr'>ὑμνηταὶ</span> <span class='ocrx_word' id='word_1_290' title='bbox 1863 3636 1952 3690; x_wconf 83' lang='grc' dir='ltr'>καὶ</span> 
     </span>
    </p>
   </div>
   <div class='ocr_carea' id='block_1_42' title="bbox 299 3717 1953 3797">
    <p class='ocr_par' dir='ltr' id='par_1_42' title="bbox 299 3717 1953 3797">
     <span class='ocr_line' id='line_1_43' title="bbox 299 3717 1953 3797; baseline 0.004 -23"><span class='ocrx_word' id='word_1_291' title='bbox 299 3721 390 3774; x_wconf 87' lang='grc' dir='ltr'>νῦν</span> <span class='ocrx_word' id='word_1_292' title='bbox 449 3718 542 3774; x_wconf 90' lang='grc' dir='ltr'>καὶ</span> <span class='ocrx_word' id='word_1_293' title='bbox 596 3717 733 3774; x_wconf 87' lang='grc' dir='ltr'>κατά</span> <span class='ocrx_word' id='word_1_294' title='bbox 785 3718 879 3774; x_wconf 92' lang='grc' dir='ltr'>τὸν</span> <span class='ocrx_word' id='word_1_295' title='bbox 944 3717 1218 3792; x_wconf 87' lang='grc' dir='ltr'>μέλλοντα</span> <span class='ocrx_word' id='word_1_296' title='bbox 1244 3721 1416 3777; x_wconf 81' lang='grc' dir='ltr'>αἰῶνα</span> <span class='ocrx_word' id='word_1_297' title='bbox 1443 3721 1535 3779; x_wconf 71' lang='grc' dir='ltr'>τὸν</span> <span class='ocrx_word' id='word_1_298' title='bbox 1569 3722 1953 3797; x_wconf 87' lang='grc' dir='ltr'>ἀτελεύτητον.</span> 
     </span>
    </p>
   </div>
   <div class='ocr_carea' id='block_1_43' title="bbox 882 3847 1360 3902">
    <p class='ocr_par' dir='ltr' id='par_1_43' title="bbox 882 3847 1360 3902">
     <span class='ocr_line' id='line_1_44' title="bbox 882 3847 1360 3902; baseline 0.01 -5"><span class='ocrx_word' id='word_1_299' title='bbox 882 3848 1180 3900; x_wconf 81' lang='grc' dir='ltr'>ΨΑΛΜΟΣ</span> <span class='ocrx_word' id='word_1_300' title='bbox 1222 3847 1360 3902; x_wconf 89' lang='grc' dir='ltr'>ΡΙΔ’.</span> 
     </span>
    </p>
   </div>
   <div class='ocr_carea' id='block_1_44' title="bbox 373 3927 1953 4006">
    <p class='ocr_par' dir='ltr' id='par_1_44' title="bbox 373 3927 1953 4006">
     <span class='ocr_line' id='line_1_45' title="bbox 373 3927 1953 4006; baseline 0.009 -25"><span class='ocrx_word' id='word_1_301' title='bbox 373 3952 402 3981; x_wconf 86' lang='grc'>‹‹</span> <span class='ocrx_word' id='word_1_302' title='bbox 459 3927 830 3998; x_wconf 85' lang='grc' dir='ltr'>Ἀλληλούϊα.</span> <span class='ocrx_word' id='word_1_303' title='bbox 889 3929 1176 4006; x_wconf 80' lang='grc' dir='ltr'>Ἠγάπησα</span> <span class='ocrx_word' id='word_1_304' title='bbox 1261 3933 1344 3989; x_wconf 80' lang='grc' dir='ltr'>ὅτι</span> <span class='ocrx_word' id='word_1_305' title='bbox 1430 3935 1795 3993; x_wconf 84' lang='grc' dir='ltr'>εἰσακούσεται</span> <span class='ocrx_word' id='word_1_306' title='bbox 1853 3939 1953 3994; x_wconf 87' lang='grc' dir='ltr'>Κύ-</span> 
     </span>
    </p>
   </div>
   <div class='ocr_carea' id='block_1_45' title="bbox 300 4017 1950 4095">
    <p class='ocr_par' dir='ltr' id='par_1_45' title="bbox 300 4017 1950 4095">
     <span class='ocr_line' id='line_1_46' title="bbox 300 4017 1950 4095; baseline 0.008 -25"><span class='ocrx_word' id='word_1_307' title='bbox 300 4036 419 4091; x_wconf 91' lang='grc' dir='ltr'>ριος</span> <span class='ocrx_word' id='word_1_308' title='bbox 464 4023 564 4086; x_wconf 86' lang='grc' dir='ltr'>τῆς</span> <span class='ocrx_word' id='word_1_309' title='bbox 609 4024 794 4094; x_wconf 88' lang='grc' dir='ltr'>φωνῆς</span> <span class='ocrx_word' id='word_1_310' title='bbox 836 4025 938 4088; x_wconf 88' lang='grc' dir='ltr'>τῆς</span> <span class='ocrx_word' id='word_1_311' title='bbox 980 4017 1217 4090; x_wconf 88' lang='grc' dir='ltr'>δεήσεώς</span> <span class='ocrx_word' id='word_1_312' title='bbox 1268 4043 1395 4095; x_wconf 91' lang='grc' dir='ltr'>μου·</span> <span class='ocrx_word' id='word_1_313' title='bbox 1440 4023 1526 4080; x_wconf 80' lang='grc' dir='ltr'>ὅτι</span> <span class='ocrx_word' id='word_1_314' title='bbox 1555 4023 1737 4082; x_wconf 77' lang='grc' dir='ltr'>ἔκλινε</span> <span class='ocrx_word' id='word_1_315' title='bbox 1762 4027 1826 4082; x_wconf 94' lang='grc' dir='ltr'>τὸ</span> <span class='ocrx_word' id='word_1_316' title='bbox 1858 4029 1950 4092; x_wconf 80' lang='grc' dir='ltr'>οῦς</span> 
     </span>
    </p>
   </div>
   <div class='ocr_carea' id='block_1_46' title="bbox 299 4103 1949 4186">
    <p class='ocr_par' dir='ltr' id='par_1_46' title="bbox 299 4103 1949 4186">
     <span class='ocr_line' id='line_1_47' title="bbox 299 4103 1949 4186; baseline 0.008 -28"><span class='ocrx_word' id='word_1_317' title='bbox 299 4103 465 4160; x_wconf 91' lang='grc' dir='ltr'>αὐτοῦ</span> <span class='ocrx_word' id='word_1_318' title='bbox 516 4104 660 4178; x_wconf 90' lang='grc' dir='ltr'>ἐμοί·</span> <span class='ocrx_word' id='word_1_319' title='bbox 718 4105 807 4160; x_wconf 84' lang='grc' dir='ltr'>καὶ</span> <span class='ocrx_word' id='word_1_320' title='bbox 867 4106 919 4161; x_wconf 90' lang='grc' dir='ltr'>ἐν</span> <span class='ocrx_word' id='word_1_321' title='bbox 977 4113 1097 4171; x_wconf 87' lang='grc' dir='ltr'>ταῖς</span> <span class='ocrx_word' id='word_1_322' title='bbox 1152 4106 1388 4183; x_wconf 78' lang='grc' dir='ltr'>ἡμέραις</span> <span class='ocrx_word' id='word_1_323' title='bbox 1465 4134 1569 4186; x_wconf 89' lang='grc' dir='ltr'>μου</span> <span class='ocrx_word' id='word_1_324' title='bbox 1629 4111 1949 4171; x_wconf 82' lang='grc' dir='ltr'>ἐπικαλέσο-</span> 
     </span>
    </p>
   </div>
   <div class='ocr_carea' id='block_1_47' title="bbox 305 4195 1951 4279">
    <p class='ocr_par' dir='ltr' id='par_1_47' title="bbox 305 4195 1951 4279">
     <span class='ocr_line' id='line_1_48' title="bbox 305 4195 1951 4279; baseline 0.007 -30"><span class='ocrx_word' id='word_1_325' title='bbox 305 4215 424 4268; x_wconf 89' lang='grc' dir='ltr'>μαι.</span> <span class='ocrx_word' id='word_1_326' title='bbox 482 4217 510 4246; x_wconf 80' lang='grc'>››</span> <span class='ocrx_word' id='word_1_327' title='bbox 570 4225 641 4237; x_wconf 86' lang='grc'><strong>-·</strong></span> <span class='ocrx_word' id='word_1_328' title='bbox 693 4196 1032 4273; x_wconf 86' lang='grc' dir='ltr'>Εύφράνθην,</span> <span class='ocrx_word' id='word_1_329' title='bbox 1067 4195 1226 4261; x_wconf 82' lang='grc' dir='ltr'>εἰδὼς</span> <span class='ocrx_word' id='word_1_330' title='bbox 1283 4197 1366 4254; x_wconf 78' lang='grc' dir='ltr'>ὅτι</span> <span class='ocrx_word' id='word_1_331' title='bbox 1425 4201 1791 4259; x_wconf 80' lang='grc' dir='ltr'>εἰσακούσεταί</span> <span class='ocrx_word' id='word_1_332' title='bbox 1847 4227 1951 4279; x_wconf 91' lang='grc' dir='ltr'>μου</span> 
     </span>
    </p>
   </div>
   <div class='ocr_carea' id='block_1_48' title="bbox 303 4281 1950 4364">
    <p class='ocr_par' dir='ltr' id='par_1_48' title="bbox 303 4281 1950 4364">
     <span class='ocr_line' id='line_1_49' title="bbox 303 4281 1950 4364; baseline 0.006 -26"><span class='ocrx_word' id='word_1_333' title='bbox 303 4283 331 4338; x_wconf 87' lang='lat'>6</span> <span class='ocrx_word' id='word_1_334' title='bbox 362 4283 514 4354; x_wconf 89' lang='grc' dir='ltr'>Θεὸς,</span> <span class='ocrx_word' id='word_1_335' title='bbox 565 4281 679 4338; x_wconf 80' lang='grc' dir='ltr'>ἐπεὶ</span> <span class='ocrx_word' id='word_1_336' title='bbox 726 4285 816 4338; x_wconf 85' lang='grc' dir='ltr'>καὶ</span> <span class='ocrx_word' id='word_1_337' title='bbox 865 4283 1128 4361; x_wconf 89' lang='grc' dir='ltr'>πρότερον</span> <span class='ocrx_word' id='word_1_338' title='bbox 1177 4286 1417 4363; x_wconf 86' lang='grc' dir='ltr'>παρέσχε</span> <span class='ocrx_word' id='word_1_339' title='bbox 1471 4312 1566 4364; x_wconf 88' lang='grc' dir='ltr'>μοι</span> <span class='ocrx_word' id='word_1_340' title='bbox 1606 4293 1669 4347; x_wconf 91' lang='grc' dir='ltr'>τὸ</span> <span class='ocrx_word' id='word_1_341' title='bbox 1718 4293 1811 4357; x_wconf 86' lang='grc' dir='ltr'>οὗς</span> <span class='ocrx_word' id='word_1_342' title='bbox 1855 4294 1950 4349; x_wconf 92' lang='grc' dir='ltr'>αὐ-</span> 
     </span>
    </p>
   </div>
   <div class='ocr_carea' id='block_1_49' title="bbox 297 4371 1950 4458">
    <p class='ocr_par' dir='ltr' id='par_1_49' title="bbox 297 4371 1950 4458">
     <span class='ocr_line' id='line_1_50' title="bbox 297 4371 1950 4458; baseline 0.006 -30"><span class='ocrx_word' id='word_1_343' title='bbox 297 4377 417 4428; x_wconf 89' lang='grc' dir='ltr'>τοῦ·</span> <span class='ocrx_word' id='word_1_344' title='bbox 479 4371 566 4428; x_wconf 88' lang='grc' dir='ltr'>διὸ</span> <span class='ocrx_word' id='word_1_345' title='bbox 622 4373 714 4428; x_wconf 89' lang='grc' dir='ltr'>καὶ</span> <span class='ocrx_word' id='word_1_346' title='bbox 745 4372 798 4428; x_wconf 89' lang='grc' dir='ltr'>ἐν</span> <span class='ocrx_word' id='word_1_347' title='bbox 825 4372 1023 4436; x_wconf 85' lang='grc' dir='ltr'>πάσαις</span> <span class='ocrx_word' id='word_1_348' title='bbox 1048 4379 1168 4437; x_wconf 88' lang='grc' dir='ltr'>ταῖς</span> <span class='ocrx_word' id='word_1_349' title='bbox 1213 4377 1449 4454; x_wconf 75' lang='grc' dir='ltr'>ἡμέραις</span> <span class='ocrx_word' id='word_1_350' title='bbox 1495 4387 1596 4450; x_wconf 91' lang='grc' dir='ltr'>τῆς</span> <span class='ocrx_word' id='word_1_351' title='bbox 1649 4385 1794 4453; x_wconf 84' lang='grc' dir='ltr'>ζωῆς</span> <span class='ocrx_word' id='word_1_352' title='bbox 1845 4405 1950 4458; x_wconf 92' lang='grc' dir='ltr'>μου</span> 
     </span>
    </p>
   </div>
   <div class='ocr_carea' id='block_1_50' title="bbox 299 4459 1278 4536">
    <p class='ocr_par' dir='ltr' id='par_1_50' title="bbox 299 4459 1278 4536">
     <span class='ocr_line' id='line_1_51' title="bbox 299 4459 1278 4536; baseline 0.005 -20"><span class='ocrx_word' id='word_1_353' title='bbox 299 4459 635 4526; x_wconf 86' lang='grc' dir='ltr'>ἀδιστάκτως</span> <span class='ocrx_word' id='word_1_354' title='bbox 669 4461 1067 4536; x_wconf 87' lang='grc' dir='ltr'>ἐπικαλέσομαι</span> <span class='ocrx_word' id='word_1_355' title='bbox 1097 4463 1278 4522; x_wconf 80' lang='grc' dir='ltr'>αὐτόν.</span> 
     </span>
    </p>
   </div>
   <div class='ocr_carea' id='block_1_51' title="bbox 375 4550 1945 4632">
    <p class='ocr_par' dir='ltr' id='par_1_51' title="bbox 375 4550 1945 4632">
     <span class='ocr_line' id='line_1_52' title="bbox 375 4550 1945 4632; baseline 0.01 -29"><span class='ocrx_word' id='word_1_356' title='bbox 375 4550 728 4628; x_wconf 86' lang='grc' dir='ltr'>«Περιέσχον</span> <span class='ocrx_word' id='word_1_357' title='bbox 801 4573 868 4625; x_wconf 90' lang='grc' dir='ltr'>με</span> <span class='ocrx_word' id='word_1_358' title='bbox 926 4550 1115 4616; x_wconf 83' lang='grc' dir='ltr'>ὠδῖνες</span> <span class='ocrx_word' id='word_1_359' title='bbox 1197 4556 1448 4612; x_wconf 83' lang='grc' dir='ltr'>θανάτου·</span> <span class='ocrx_word' id='word_1_360' title='bbox 1505 4556 1740 4615; x_wconf 83' lang='grc' dir='ltr'>κίνδυνοι</span> <span class='ocrx_word' id='word_1_361' title='bbox 1813 4555 1945 4632; x_wconf 70' lang='grc' dir='ltr'>ᾅδου</span> 
     </span>
    </p>
   </div>
   <div class='ocr_carea' id='block_1_52' title="bbox 298 4639 751 4717">
    <p class='ocr_par' dir='ltr' id='par_1_52' title="bbox 298 4639 751 4717">
     <span class='ocr_line' id='line_1_53' title="bbox 298 4639 751 4717; baseline -0.007 -21"><span class='ocrx_word' id='word_1_362' title='bbox 298 4639 518 4717; x_wconf 74' lang='grc' dir='ltr'>εὕροσάν</span> <span class='ocrx_word' id='word_1_363' title='bbox 576 4661 664 4714; x_wconf 85' lang='grc' dir='ltr'>με.</span> <span class='ocrx_word' id='word_1_364' title='bbox 723 4667 751 4694; x_wconf 85' lang='lat'><strong>))</strong></span> 
     </span>
    </p>
   </div>
   <div class='ocr_carea' id='block_1_53' title="bbox 296 4727 792 4800">
    <p class='ocr_par' dir='ltr' id='par_1_53' title="bbox 296 4727 792 4800">
     <span class='ocr_line' id='line_1_54' title="bbox 296 4727 792 4800; baseline 0 -16"><span class='ocrx_word' id='word_1_365' title='bbox 296 4727 471 4800; x_wconf 82' lang='grc' dir='ltr'>ἐσώθη</span> <span class='ocrx_word' id='word_1_366' title='bbox 506 4729 608 4784; x_wconf 91' lang='grc' dir='ltr'>ὑπὸ</span> <span class='ocrx_word' id='word_1_367' title='bbox 639 4733 792 4785; x_wconf 90' lang='grc' dir='ltr'>Θεοῦ.</span> 
     </span>
    </p>
   </div>
   <div class='ocr_carea' id='block_1_54' title="bbox 371 4817 1947 4898">
    <p class='ocr_par' dir='ltr' id='par_1_54' title="bbox 371 4817 1947 4898">
     <span class='ocr_line' id='line_1_55' title="bbox 371 4817 1947 4898; baseline 0.008 -28"><span class='ocrx_word' id='word_1_368' title='bbox 371 4842 400 4870; x_wconf 88' lang='grc'>‹‹</span> <span class='ocrx_word' id='word_1_369' title='bbox 431 4820 498 4872; x_wconf 72' lang='grc' dir='ltr'>Ὠ</span> <span class='ocrx_word' id='word_1_370' title='bbox 554 4817 740 4893; x_wconf 88' lang='grc' dir='ltr'>Κύριε,</span> <span class='ocrx_word' id='word_1_371' title='bbox 771 4817 924 4896; x_wconf 82' lang='grc' dir='ltr'>ῥῦσαι</span> <span class='ocrx_word' id='word_1_372' title='bbox 980 4821 1082 4892; x_wconf 73' lang='grc' dir='ltr'>τὴν</span> <span class='ocrx_word' id='word_1_373' title='bbox 1139 4823 1323 4898; x_wconf 80' lang='grc' dir='ltr'>ψυχήν</span> <span class='ocrx_word' id='word_1_374' title='bbox 1386 4844 1512 4897; x_wconf 86' lang='grc' dir='ltr'>μου.</span> <span class='ocrx_word' id='word_1_375' title='bbox 1549 4848 1578 4878; x_wconf 83' lang='grc'>››</span> <span class='ocrx_word' id='word_1_376' title='bbox 1606 4859 1674 4871; x_wconf 87' lang='lat'>-—</span> <span class='ocrx_word' id='word_1_377' title='bbox 1702 4827 1947 4884; x_wconf 83' lang='grc' dir='ltr'>Αίτεῖται</span> 
     </span>
    </p>
   </div>
   <div class='ocr_carea' id='block_1_55' title="bbox 296 4906 1214 4986">
    <p class='ocr_par' dir='ltr' id='par_1_55' title="bbox 296 4906 1214 4986">
     <span class='ocr_line' id='line_1_56' title="bbox 296 4906 1214 4986; baseline 0.005 -25"><span class='ocrx_word' id='word_1_378' title='bbox 296 4906 386 4962; x_wconf 83' lang='grc' dir='ltr'>καὶ</span> <span class='ocrx_word' id='word_1_379' title='bbox 416 4911 503 4962; x_wconf 90' lang='grc' dir='ltr'>νῦν</span> <span class='ocrx_word' id='word_1_380' title='bbox 534 4906 791 4984; x_wconf 76' lang='grc' dir='ltr'>ῥυσθῆναι</span> <span class='ocrx_word' id='word_1_381' title='bbox 823 4908 898 4971; x_wconf 79' lang='grc' dir='ltr'>ὡς</span> <span class='ocrx_word' id='word_1_382' title='bbox 930 4908 1214 4986; x_wconf 84' lang='grc' dir='ltr'>πρότερον.</span> 
     </span>
    </p>
   </div>
   <div class='ocr_carea' id='block_1_56' title="bbox 368 4994 1947 5075">
    <p class='ocr_par' dir='ltr' id='par_1_56' title="bbox 368 4994 1947 5075">
     <span class='ocr_line' id='line_1_57' title="bbox 368 4994 1947 5075; baseline 0.009 -26"><span class='ocrx_word' id='word_1_383' title='bbox 368 5021 396 5049; x_wconf 89' lang='grc'><strong>››</strong></span> <span class='ocrx_word' id='word_1_384' title='bbox 431 4994 719 5070; x_wconf 90' lang='grc' dir='ltr'>Ἐλεήμων</span> <span class='ocrx_word' id='word_1_385' title='bbox 749 4997 777 5050; x_wconf 90' lang='lat'>6</span> <span class='ocrx_word' id='word_1_386' title='bbox 809 4997 1005 5075; x_wconf 89' lang='grc' dir='ltr'>Κύριος</span> <span class='ocrx_word' id='word_1_387' title='bbox 1037 4998 1124 5053; x_wconf 85' lang='grc' dir='ltr'>καὶ</span> <span class='ocrx_word' id='word_1_388' title='bbox 1175 4997 1400 5064; x_wconf 88' lang='grc' dir='ltr'>δίκαιος.</span> <span class='ocrx_word' id='word_1_389' title='bbox 1438 5025 1466 5055; x_wconf 86' lang='grc'>››</span> <span class='ocrx_word' id='word_1_390' title='bbox 1499 5036 1568 5048; x_wconf 90' lang='grc'>--</span> <span class='ocrx_word' id='word_1_391' title='bbox 1597 5003 1947 5070; x_wconf 86' lang='grc' dir='ltr'>Παιδευτικὸς</span> 
     </span>
    </p>
   </div>
   <div class='ocr_carea' id='block_1_57' title="bbox 297 5083 1948 5169">
    <p class='ocr_par' dir='ltr' id='par_1_57' title="bbox 297 5083 1948 5169">
     <span class='ocr_line' id='line_1_58' title="bbox 297 5083 1948 5169; baseline 0.008 -31"><span class='ocrx_word' id='word_1_392' title='bbox 297 5085 326 5138; x_wconf 91' lang='lat'>6</span> <span class='ocrx_word' id='word_1_393' title='bbox 379 5083 569 5160; x_wconf 86' lang='grc' dir='ltr'>λόγος·</span> <span class='ocrx_word' id='word_1_394' title='bbox 607 5110 634 5138; x_wconf 91' lang='grc'>‹‹</span> <span class='ocrx_word' id='word_1_395' title='bbox 668 5087 758 5154; x_wconf 78' lang='grc' dir='ltr'>Μὴ</span> <span class='ocrx_word' id='word_1_396' title='bbox 817 5087 1088 5163; x_wconf 79' lang='grc' dir='ltr'>ἀπογνῶς,</span> <span class='ocrx_word' id='word_1_397' title='bbox 1151 5089 1338 5166; x_wconf 83' lang='grc' dir='ltr'>φησὶν,</span> <span class='ocrx_word' id='word_1_398' title='bbox 1399 5093 1734 5169; x_wconf 82' lang='grc' dir='ltr'>ἁμαρτήσας·</span> <span class='ocrx_word' id='word_1_399' title='bbox 1790 5095 1948 5167; x_wconf 89' lang='grc' dir='ltr'>ἐλεή-</span> 
     </span>
    </p>
   </div>
   <div class='ocr_carea' id='block_1_58' title="bbox 301 5173 1949 5256">
    <p class='ocr_par' dir='ltr' id='par_1_58' title="bbox 301 5173 1949 5256">
     <span class='ocr_line' id='line_1_59' title="bbox 301 5173 1949 5256; baseline 0.008 -30"><span class='ocrx_word' id='word_1_400' title='bbox 301 5193 416 5246; x_wconf 85' lang='grc' dir='ltr'>μων</span> <span class='ocrx_word' id='word_1_401' title='bbox 474 5173 576 5248; x_wconf 80' lang='grc' dir='ltr'>γάρ</span> <span class='ocrx_word' id='word_1_402' title='bbox 609 5175 638 5228; x_wconf 91' lang='lat'>6</span> <span class='ocrx_word' id='word_1_403' title='bbox 667 5173 816 5237; x_wconf 88' lang='grc' dir='ltr'>Θεός·</span> <span class='ocrx_word' id='word_1_404' title='bbox 881 5174 1009 5231; x_wconf 87' lang='grc' dir='ltr'>ἀλλ’</span> <span class='ocrx_word' id='word_1_405' title='bbox 1065 5175 1166 5252; x_wconf 76' lang='grc' dir='ltr'>ὅρα</span> <span class='ocrx_word' id='word_1_406' title='bbox 1226 5180 1302 5250; x_wconf 78' lang='grc' dir='ltr'>μή</span> <span class='ocrx_word' id='word_1_407' title='bbox 1352 5178 1639 5256; x_wconf 79' lang='grc' dir='ltr'>ἀναπέσῃς,</span> <span class='ocrx_word' id='word_1_408' title='bbox 1702 5182 1815 5240; x_wconf 78' lang='grc' dir='ltr'>ἐπεὶ</span> <span class='ocrx_word' id='word_1_409' title='bbox 1858 5185 1949 5240; x_wconf 88' lang='grc' dir='ltr'>καὶ</span> 
     </span>
    </p>
   </div>
   <div class='ocr_carea' id='block_1_59' title="bbox 298 5259 588 5325">
    <p class='ocr_par' dir='ltr' id='par_1_59' title="bbox 298 5259 588 5325">
     <span class='ocr_line' id='line_1_60' title="bbox 298 5259 588 5325; baseline -0.01 -9"><span class='ocrx_word' id='word_1_410' title='bbox 298 5259 526 5325; x_wconf 87' lang='grc' dir='ltr'>δίκαιος.</span> <span class='ocrx_word' id='word_1_411' title='bbox 559 5286 588 5314; x_wconf 90' lang='grc'><strong>››</strong></span> 
     </span>
    </p>
   </div>
   <div class='ocr_carea' id='block_1_60' title="bbox 368 5351 1949 5427">
    <p class='ocr_par' dir='ltr' id='par_1_60' title="bbox 368 5351 1949 5427">
     <span class='ocr_line' id='line_1_61' title="bbox 368 5351 1949 5427; baseline 0.009 -24"><span class='ocrx_word' id='word_1_412' title='bbox 368 5351 525 5404; x_wconf 79' lang='grc' dir='ltr'>«Καὶ</span> <span class='ocrx_word' id='word_1_413' title='bbox 582 5352 610 5406; x_wconf 91' lang='lat'>6</span> <span class='ocrx_word' id='word_1_414' title='bbox 668 5353 796 5415; x_wconf 89' lang='grc' dir='ltr'>Θεὸς</span> <span class='ocrx_word' id='word_1_415' title='bbox 848 5355 1009 5427; x_wconf 79' lang='grc' dir='ltr'>ἡμῶν</span> <span class='ocrx_word' id='word_1_416' title='bbox 1066 5353 1285 5412; x_wconf 79' lang='grc' dir='ltr'>ἐλεεῖ.»</span> <span class='ocrx_word' id='word_1_417' title='bbox 1317 5390 1386 5400; x_wconf 92' lang='grc'><strong><em>-</em></strong></span> <span class='ocrx_word' id='word_1_418' title='bbox 1444 5358 1717 5416; x_wconf 87' lang='grc' dir='ltr'>Δείκνυσιν</span> <span class='ocrx_word' id='word_1_419' title='bbox 1775 5363 1949 5418; x_wconf 89' lang='grc' dir='ltr'>ἐντεῦ-</span> 
     </span>
    </p>
   </div>
   <div class='ocr_carea' id='block_1_61' title="bbox 297 5439 1948 5526">
    <p class='ocr_par' dir='ltr' id='par_1_61' title="bbox 297 5439 1948 5526">
     <span class='ocr_line' id='line_1_62' title="bbox 297 5439 1948 5526; baseline 0.007 -31"><span class='ocrx_word' id='word_1_420' title='bbox 297 5453 382 5506; x_wconf 86' lang='grc' dir='ltr'>θεν</span> <span class='ocrx_word' id='word_1_421' title='bbox 450 5439 893 5518; x_wconf 72' lang='grc' dir='ltr'>ἐπιῤῥεπέστερον</span> <span class='ocrx_word' id='word_1_422' title='bbox 956 5443 1088 5497; x_wconf 79' lang='grc' dir='ltr'>εἶναι</span> <span class='ocrx_word' id='word_1_423' title='bbox 1148 5446 1285 5520; x_wconf 90' lang='grc' dir='ltr'>πρὸς</span> <span class='ocrx_word' id='word_1_424' title='bbox 1372 5447 1782 5526; x_wconf 83' lang='grc' dir='ltr'>φιλανθρωπίαν</span> <span class='ocrx_word' id='word_1_425' title='bbox 1858 5453 1948 5507; x_wconf 92' lang='grc' dir='ltr'>τὸν</span> 
     </span>
    </p>
   </div>
   <div class='ocr_carea' id='block_1_62' title="bbox 295 5529 1954 5615">
    <p class='ocr_par' dir='ltr' id='par_1_62' title="bbox 295 5529 1954 5615">
     <span class='ocr_line' id='line_1_63' title="bbox 295 5529 1954 5615; baseline 0.006 -30"><span class='ocrx_word' id='word_1_426' title='bbox 295 5530 448 5587; x_wconf 90' lang='grc' dir='ltr'>Θεόν,</span> <span class='ocrx_word' id='word_1_427' title='bbox 481 5531 537 5582; x_wconf 89' lang='grc' dir='ltr'>Ὁ</span> <span class='ocrx_word' id='word_1_428' title='bbox 593 5530 722 5593; x_wconf 84' lang='grc' dir='ltr'>Θεὸς</span> <span class='ocrx_word' id='word_1_429' title='bbox 786 5529 844 5586; x_wconf 73' lang='grc' dir='ltr'>δὲ</span> <span class='ocrx_word' id='word_1_430' title='bbox 899 5534 1058 5605; x_wconf 83' lang='grc' dir='ltr'>ἡμῶν</span> <span class='ocrx_word' id='word_1_431' title='bbox 1110 5531 1295 5610; x_wconf 78' lang='grc' dir='ltr'>εἷ’ρηκε</span> <span class='ocrx_word' id='word_1_432' title='bbox 1354 5533 1442 5591; x_wconf 78' lang='grc' dir='ltr'>διὰ</span> <span class='ocrx_word' id='word_1_433' title='bbox 1497 5537 1625 5600; x_wconf 87' lang='grc' dir='ltr'>τοὺς</span> <span class='ocrx_word' id='word_1_434' title='bbox 1682 5538 1954 5615; x_wconf 81' lang='grc' dir='ltr'>ψευδωνύ-</span> 
     </span>
    </p>
   </div>
   <div class='ocr_carea' id='block_1_63' title="bbox 306 5617 650 5695">
    <p class='ocr_par' dir='ltr' id='par_1_63' title="bbox 306 5617 650 5695">
     <span class='ocr_line' id='line_1_64' title="bbox 306 5617 650 5695; baseline 0.006 -22"><span class='ocrx_word' id='word_1_435' title='bbox 306 5640 442 5695; x_wconf 87' lang='grc' dir='ltr'>μους</span> <span class='ocrx_word' id='word_1_436' title='bbox 477 5617 650 5682; x_wconf 88' lang='grc' dir='ltr'>θεούς.</span> 
     </span>
    </p>
   </div>
   <div class='ocr_carea' id='block_1_64' title="bbox 369 5705 1953 5789">
    <p class='ocr_par' dir='ltr' id='par_1_64' title="bbox 369 5705 1953 5789">
     <span class='ocr_line' id='line_1_65' title="bbox 369 5705 1953 5789; baseline 0.009 -27"><span class='ocrx_word' id='word_1_437' title='bbox 369 5732 398 5762; x_wconf 88' lang='grc'>‹‹</span> <span class='ocrx_word' id='word_1_438' title='bbox 429 5705 730 5765; x_wconf 83' lang='grc' dir='ltr'>Φυλάσσων</span> <span class='ocrx_word' id='word_1_439' title='bbox 777 5708 846 5765; x_wconf 81' lang='grc' dir='ltr'>τὰ</span> <span class='ocrx_word' id='word_1_440' title='bbox 900 5711 1067 5781; x_wconf 90' lang='grc' dir='ltr'>νήπια</span> <span class='ocrx_word' id='word_1_441' title='bbox 1127 5711 1155 5766; x_wconf 92' lang='grc' dir='ltr'>ὁ</span> <span class='ocrx_word' id='word_1_442' title='bbox 1208 5711 1421 5789; x_wconf 84' lang='grc' dir='ltr'>Κύριος.</span> <span class='ocrx_word' id='word_1_443' title='bbox 1455 5740 1482 5769; x_wconf 86' lang='grc'><strong>››</strong></span> <span class='ocrx_word' id='word_1_444' title='bbox 1517 5748 1587 5758; x_wconf 94' lang='lat'>—-</span> <span class='ocrx_word' id='word_1_445' title='bbox 1641 5717 1829 5776; x_wconf 90' lang='grc' dir='ltr'>Λείπει</span> <span class='ocrx_word' id='word_1_446' title='bbox 1886 5719 1953 5775; x_wconf 87' lang='grc' dir='ltr'>τὸ</span> 
     </span>
    </p>
   </div>
   <div class='ocr_carea' id='block_1_65' title="bbox 575 5838 1278 5908">
    <p class='ocr_par' dir='ltr' id='par_1_65' title="bbox 575 5838 1278 5908">
     <span class='ocr_line' id='line_1_66' title="bbox 575 5838 1278 5908; baseline 0.01 -8"><span class='ocrx_word' id='word_1_447' title='bbox 575 5838 842 5903; x_wconf 74' lang='grc' dir='ltr'>ΡΔτιιοι.</span> <span class='ocrx_word' id='word_1_448' title='bbox 891 5839 1002 5903; x_wconf 74' lang='lat' dir='ltr'>Gn.</span> <span class='ocrx_word' id='word_1_449' title='bbox 1048 5839 1278 5908; x_wconf 85' lang='lat' dir='ltr'>CXLII.</span> 
     </span>
    </p>
   </div>
   <div class='ocr_carea' id='block_1_66' title="bbox 2159 883 3735 974">
    <p class='ocr_par' dir='ltr' id='par_1_66' title="bbox 2159 883 3735 974">
     <span class='ocr_line' id='line_1_67' title="bbox 2159 883 3735 974; baseline 0.015 -41"><span class='ocrx_word' id='word_1_450' title='bbox 2159 905 2189 933; x_wconf 85' lang='lat'><strong>«</strong></span> <span class='ocrx_word' id='word_1_451' title='bbox 2225 883 2598 960; x_wconf 77' lang='grc' dir='ltr'>Ἐπίστρεψον,</span> <span class='ocrx_word' id='word_1_452' title='bbox 2639 890 2790 966; x_wconf 83' lang='grc' dir='ltr'>ψυχή</span> <span class='ocrx_word' id='word_1_453' title='bbox 2845 912 2970 965; x_wconf 87' lang='grc' dir='ltr'>μου,</span> <span class='ocrx_word' id='word_1_454' title='bbox 3014 893 3090 957; x_wconf 83' lang='grc' dir='ltr'>εἷς</span> <span class='ocrx_word' id='word_1_455' title='bbox 3136 896 3237 964; x_wconf 84' lang='grc' dir='ltr'>τὴν</span> <span class='ocrx_word' id='word_1_456' title='bbox 3276 896 3567 954; x_wconf 87' lang='grc' dir='ltr'>ἀνάπαυσίν</span> <span class='ocrx_word' id='word_1_457' title='bbox 3618 921 3735 974; x_wconf 89' lang='grc' dir='ltr'>σου,</span> 
     </span>
    </p>
   </div>
   <div class='ocr_carea' id='block_1_67' title="bbox 2087 965 3857 1062">
    <p class='ocr_par' dir='ltr' id='par_1_67' title="bbox 2087 965 3857 1062">
     <span class='ocr_line' id='line_1_68' title="bbox 2087 965 3857 1062; baseline 0.015 -40"><span class='ocrx_word' id='word_1_458' title='bbox 2087 965 2169 1023; x_wconf 76' lang='grc' dir='ltr'>ὅτι</span> <span class='ocrx_word' id='word_1_459' title='bbox 2257 970 2455 1047; x_wconf 88' lang='grc' dir='ltr'>Κύριος</span> <span class='ocrx_word' id='word_1_460' title='bbox 2540 965 2872 1052; x_wconf 86' lang='grc' dir='ltr'>εὐηργέτησέ</span> <span class='ocrx_word' id='word_1_461' title='bbox 2954 1002 3031 1040; x_wconf 89' lang='grc' dir='ltr'>σε.</span> <span class='ocrx_word' id='word_1_462' title='bbox 3080 1007 3111 1036; x_wconf 89' lang='grc'><strong>››</strong></span> <span class='ocrx_word' id='word_1_463' title='bbox 3163 1017 3236 1028; x_wconf 83' lang='lat'>-—-</span> <span class='ocrx_word' id='word_1_464' title='bbox 3290 987 3617 1062; x_wconf 85' lang='grc' dir='ltr'>Ἀρμόζουσι</span> <span class='ocrx_word' id='word_1_465' title='bbox 3671 965 3740 1045; x_wconf 75' lang='grc' dir='ltr'>τά</span> <span class='ocrx_word' id='word_1_466' title='bbox 3850 1045 3857 1054; x_wconf 88' lang='grc'>,</span> 
     </span>
    </p>
   </div>
   <div class='ocr_carea' id='block_1_68' title="bbox 2087 1056 3736 1149">
    <p class='ocr_par' dir='ltr' id='par_1_68' title="bbox 2087 1056 3736 1149">
     <span class='ocr_line' id='line_1_69' title="bbox 2087 1056 3736 1149; baseline 0.015 -38"><span class='ocrx_word' id='word_1_467' title='bbox 2087 1056 2226 1134; x_wconf 74' lang='grc' dir='ltr'>ῥητά</span> <span class='ocrx_word' id='word_1_468' title='bbox 2271 1067 2386 1124; x_wconf 90' lang='grc' dir='ltr'>τοῖς</span> <span class='ocrx_word' id='word_1_469' title='bbox 2433 1061 2811 1141; x_wconf 78' lang='grc' dir='ltr'>ἐξερχομένοις</span> <span class='ocrx_word' id='word_1_470' title='bbox 2871 1066 2979 1142; x_wconf 69' lang='grc' dir='ltr'>ἤδη</span> <span class='ocrx_word' id='word_1_471' title='bbox 3031 1076 3127 1127; x_wconf 90' lang='grc' dir='ltr'>τοῦ</span> <span class='ocrx_word' id='word_1_472' title='bbox 3174 1056 3432 1149; x_wconf 78' lang='grc' dir='ltr'>σώματος</span> <span class='ocrx_word' id='word_1_473' title='bbox 3480 1056 3736 1143; x_wconf 74' lang='grc' dir='ltr'>δικαίοις.</span> 
     </span>
    </p>
   </div>
   <div class='ocr_carea' id='block_1_69' title="bbox 2157 1151 3738 1238">
    <p class='ocr_par' dir='ltr' id='par_1_69' title="bbox 2157 1151 3738 1238">
     <span class='ocr_line' id='line_1_70' title="bbox 2157 1151 3738 1238; baseline 0.016 -37"><span class='ocrx_word' id='word_1_474' title='bbox 2157 1172 2186 1199; x_wconf 78' lang='grc' dir='ltr'>κ</span> <span class='ocrx_word' id='word_1_475' title='bbox 2219 1151 2334 1204; x_wconf 86' lang='grc' dir='ltr'>Ὅτι</span> <span class='ocrx_word' id='word_1_476' title='bbox 2386 1151 2620 1223; x_wconf 84' lang='grc' dir='ltr'>ἐξείλετο</span> <span class='ocrx_word' id='word_1_477' title='bbox 2663 1157 2763 1226; x_wconf 80' lang='grc' dir='ltr'>τήν</span> <span class='ocrx_word' id='word_1_478' title='bbox 2813 1160 2999 1234; x_wconf 80' lang='grc' dir='ltr'>ψυχήν</span> <span class='ocrx_word' id='word_1_479' title='bbox 3054 1183 3160 1234; x_wconf 92' lang='grc' dir='ltr'>μου</span> <span class='ocrx_word' id='word_1_480' title='bbox 3209 1161 3268 1219; x_wconf 89' lang='grc' dir='ltr'>ἐκ</span> <span class='ocrx_word' id='word_1_481' title='bbox 3316 1165 3566 1238; x_wconf 84' lang='grc' dir='ltr'>θανάτου,</span> <span class='ocrx_word' id='word_1_482' title='bbox 3605 1169 3738 1232; x_wconf 82' lang='grc' dir='ltr'>τοὺς</span> 
     </span>
    </p>
   </div>
   <div class='ocr_carea' id='block_1_70' title="bbox 2087 1234 3732 1330">
    <p class='ocr_par' dir='ltr' id='par_1_70' title="bbox 2087 1234 3732 1330">
     <span class='ocr_line' id='line_1_71' title="bbox 2087 1234 3732 1330; baseline 0.014 -41"><span class='ocrx_word' id='word_1_483' title='bbox 2087 1234 2410 1314; x_wconf 81' lang='grc' dir='ltr'>ὀφθαλμούς</span> <span class='ocrx_word' id='word_1_484' title='bbox 2444 1263 2548 1316; x_wconf 91' lang='grc' dir='ltr'>μου</span> <span class='ocrx_word' id='word_1_485' title='bbox 2571 1244 2677 1298; x_wconf 88' lang='grc' dir='ltr'>ἀπὸ</span> <span class='ocrx_word' id='word_1_486' title='bbox 2703 1243 2948 1322; x_wconf 87' lang='grc' dir='ltr'>δακρύων</span> <span class='ocrx_word' id='word_1_487' title='bbox 2979 1249 3069 1304; x_wconf 82' lang='grc' dir='ltr'>καὶ</span> <span class='ocrx_word' id='word_1_488' title='bbox 3097 1251 3224 1314; x_wconf 81' lang='grc' dir='ltr'>τοὺς</span> <span class='ocrx_word' id='word_1_489' title='bbox 3253 1251 3422 1317; x_wconf 85' lang='grc' dir='ltr'>πόδας</span> <span class='ocrx_word' id='word_1_490' title='bbox 3472 1234 3579 1330; x_wconf 85' lang='grc' dir='ltr'>μου</span> <span class='ocrx_word' id='word_1_491' title='bbox 3625 1257 3732 1314; x_wconf 89' lang='grc' dir='ltr'>ἀπὸ</span> 
     </span>
    </p>
   </div>
   <div class='ocr_carea' id='block_1_71' title="bbox 2084 1323 3734 1422">
    <p class='ocr_par' dir='ltr' id='par_1_71' title="bbox 2084 1323 3734 1422">
     <span class='ocr_line' id='line_1_72' title="bbox 2084 1323 3734 1422; baseline 0.015 -43"><span class='ocrx_word' id='word_1_492' title='bbox 2084 1323 2500 1422; x_wconf 43' lang='grc' dir='ltr'>ὀλίσθήματος.·</span> <span class='ocrx_word' id='word_1_493' title='bbox 2529 1357 2557 1383; x_wconf 88' lang='grc'><strong>››</strong></span> <span class='ocrx_word' id='word_1_494' title='bbox 2607 1367 2673 1375; x_wconf 88' lang='grc'><strong>-</strong></span> <span class='ocrx_word' id='word_1_495' title='bbox 2730 1334 2974 1400; x_wconf 82' lang='grc' dir='ltr'>Θάνατος</span> <span class='ocrx_word' id='word_1_496' title='bbox 3015 1341 3050 1409; x_wconf 80' lang='grc' dir='ltr'><strong>ἡ</strong></span> <span class='ocrx_word' id='word_1_497' title='bbox 3101 1341 3357 1418; x_wconf 79' lang='grc' dir='ltr'>ἁμαρτία,</span> <span class='ocrx_word' id='word_1_498' title='bbox 3407 1323 3613 1422; x_wconf 56' lang='grc' dir='ltr'>δάκρυα</span> <span class='ocrx_word' id='word_1_499' title='bbox 3679 1347 3734 1402; x_wconf 74' lang='grc' dir='ltr'>οἱ</span> 
     </span>
    </p>
   </div>
   <div class='ocr_carea' id='block_1_72' title="bbox 2080 1416 3730 1511">
    <p class='ocr_par' dir='ltr' id='par_1_72' title="bbox 2080 1416 3730 1511">
     <span class='ocr_line' id='line_1_73' title="bbox 2080 1416 3730 1511; baseline 0.016 -45"><span class='ocrx_word' id='word_1_500' title='bbox 2080 1417 2396 1492; x_wconf 86' lang='grc' dir='ltr'>πειρασμοὶ,</span> <span class='ocrx_word' id='word_1_501' title='bbox 2452 1416 2731 1496; x_wconf 84' lang='grc' dir='ltr'>ὀλίσθημα</span> <span class='ocrx_word' id='word_1_502' title='bbox 2779 1425 2808 1480; x_wconf 90' lang='lat'>6</span> <span class='ocrx_word' id='word_1_503' title='bbox 2854 1426 3001 1503; x_wconf 76' lang='grc' dir='ltr'>παρὰ</span> <span class='ocrx_word' id='word_1_504' title='bbox 3047 1433 3152 1484; x_wconf 90' lang='grc' dir='ltr'>τῶν</span> <span class='ocrx_word' id='word_1_505' title='bbox 3215 1416 3461 1506; x_wconf 83' lang='grc' dir='ltr'>ἀοράτων</span> <span class='ocrx_word' id='word_1_506' title='bbox 3511 1416 3730 1511; x_wconf 75' lang='grc' dir='ltr'>ἐχθρῶν</span> 
     </span>
    </p>
   </div>
   <div class='ocr_carea' id='block_1_73' title="bbox 2083 1502 2509 1581">
    <p class='ocr_par' dir='ltr' id='par_1_73' title="bbox 2083 1502 2509 1581">
     <span class='ocr_line' id='line_1_74' title="bbox 2083 1502 2509 1581; baseline 0.021 -25"><span class='ocrx_word' id='word_1_507' title='bbox 2083 1502 2509 1581; x_wconf 89' lang='grc' dir='ltr'>ὑποσκελισμός.</span> 
     </span>
    </p>
   </div>
   <div class='ocr_carea' id='block_1_74' title="bbox 2155 1592 3731 1685">
    <p class='ocr_par' dir='ltr' id='par_1_74' title="bbox 2155 1592 3731 1685">
     <span class='ocr_line' id='line_1_75' title="bbox 2155 1592 3731 1685; baseline 0.015 -40"><span class='ocrx_word' id='word_1_508' title='bbox 2155 1615 2183 1642; x_wconf 90' lang='grc'><strong>‹‹</strong></span> <span class='ocrx_word' id='word_1_509' title='bbox 2212 1592 2571 1671; x_wconf 86' lang='grc' dir='ltr'>Εὐαρεστήσω</span> <span class='ocrx_word' id='word_1_510' title='bbox 2618 1598 2850 1658; x_wconf 90' lang='grc' dir='ltr'>ἐνώπιον</span> <span class='ocrx_word' id='word_1_511' title='bbox 2897 1605 3098 1681; x_wconf 90' lang='grc' dir='ltr'>Κυρίου</span> <span class='ocrx_word' id='word_1_512' title='bbox 3148 1607 3201 1663; x_wconf 82' lang='grc' dir='ltr'>ἐν</span> <span class='ocrx_word' id='word_1_513' title='bbox 3239 1610 3401 1685; x_wconf 86' lang='grc' dir='ltr'>χώρᾳ</span> <span class='ocrx_word' id='word_1_514' title='bbox 3433 1613 3670 1681; x_wconf 89' lang='grc' dir='ltr'>ζώντων.</span> <span class='ocrx_word' id='word_1_515' title='bbox 3701 1639 3731 1668; x_wconf 87' lang='grc'>››</span> 
     </span>
    </p>
   </div>
   <div class='ocr_carea' id='block_1_75' title="bbox 2077 1682 3736 1772">
    <p class='ocr_par' dir='ltr' id='par_1_75' title="bbox 2077 1682 3736 1772">
     <span class='ocr_line' id='line_1_76' title="bbox 2077 1682 3736 1772; baseline 0.016 -39"><span class='ocrx_word' id='word_1_516' title='bbox 2077 1712 2148 1722; x_wconf 88' lang='lat'>—-</span> <span class='ocrx_word' id='word_1_517' title='bbox 2193 1682 2358 1756; x_wconf 86' lang='grc' dir='ltr'>Χώρα</span> <span class='ocrx_word' id='word_1_518' title='bbox 2409 1686 2624 1754; x_wconf 87' lang='grc' dir='ltr'>ζώντων</span> <span class='ocrx_word' id='word_1_519' title='bbox 2671 1690 2700 1744; x_wconf 91' lang='lat'>6</span> <span class='ocrx_word' id='word_1_520' title='bbox 2735 1690 2956 1764; x_wconf 88' lang='grc' dir='ltr'>μέλλων</span> <span class='ocrx_word' id='word_1_521' title='bbox 3000 1682 3307 1770; x_wconf 82' lang='grc' dir='ltr'>κόσμος,ἐν</span> <span class='ocrx_word' id='word_1_522' title='bbox 3431 1699 3609 1766; x_wconf 82' lang='grc' dir='ltr'>οὐδεὶς</span> <span class='ocrx_word' id='word_1_523' title='bbox 3653 1703 3736 1759; x_wconf 85' lang='grc' dir='ltr'>ἐν·</span> 
     </span>
    </p>
   </div>
   <div class='ocr_carea' id='block_1_76' title="bbox 2077 1766 3726 1867">
    <p class='ocr_par' dir='ltr' id='par_1_76' title="bbox 2077 1766 3726 1867">
     <span class='ocr_line' id='line_1_77' title="bbox 2077 1766 3726 1867; baseline 0.018 -45"><span class='ocrx_word' id='word_1_524' title='bbox 2077 1766 2302 1845; x_wconf 89' lang='grc' dir='ltr'>εδρεύει·</span> <span class='ocrx_word' id='word_1_525' title='bbox 2372 1770 2457 1829; x_wconf 90' lang='grc' dir='ltr'>διὸ</span> <span class='ocrx_word' id='word_1_526' title='bbox 2526 1777 2617 1832; x_wconf 85' lang='grc' dir='ltr'>καὶ</span> <span class='ocrx_word' id='word_1_527' title='bbox 2682 1778 3018 1847; x_wconf 85' lang='grc' dir='ltr'>ἀκατάλυτος</span> <span class='ocrx_word' id='word_1_528' title='bbox 3086 1766 3165 1850; x_wconf 78' lang='grc' dir='ltr'>εἰς</span> <span class='ocrx_word' id='word_1_529' title='bbox 3211 1766 3368 1844; x_wconf 40' lang='grc' dir='ltr'>Θεὸν.</span> <span class='ocrx_word' id='word_1_530' title='bbox 3429 1789 3726 1867; x_wconf 79' lang='grc' dir='ltr'>εὐαρέστη-</span> 
     </span>
    </p>
   </div>
   <div class='ocr_carea' id='block_1_77' title="bbox 2077 1879 2179 1920">
    <p class='ocr_par' dir='ltr' id='par_1_77' title="bbox 2077 1879 2179 1920">
     <span class='ocr_line' id='line_1_78' title="bbox 2077 1879 2179 1920; baseline 0.039 -8"><span class='ocrx_word' id='word_1_531' title='bbox 2077 1879 2179 1920; x_wconf 85' lang='grc' dir='ltr'>σις.</span> 
     </span>
    </p>
   </div>
   <div class='ocr_carea' id='block_1_78' title="bbox 2652 1962 3132 2022">
    <p class='ocr_par' dir='ltr' id='par_1_78' title="bbox 2652 1962 3132 2022">
     <span class='ocr_line' id='line_1_79' title="bbox 2652 1962 3132 2022; baseline 0.023 -11"><span class='ocrx_word' id='word_1_532' title='bbox 2652 1962 2947 2015; x_wconf 84' lang='grc' dir='ltr'>ΨΑΛΜΟΣ</span> <span class='ocrx_word' id='word_1_533' title='bbox 2991 1964 3132 2022; x_wconf 87' lang='grc' dir='ltr'>ΡΙΕ’.</span> 
     </span>
    </p>
   </div>
   <div class='ocr_carea' id='block_1_79' title="bbox 2146 2053 3725 2146">
    <p class='ocr_par' dir='ltr' id='par_1_79' title="bbox 2146 2053 3725 2146">
     <span class='ocr_line' id='line_1_80' title="bbox 2146 2053 3725 2146; baseline 0.018 -39"><span class='ocrx_word' id='word_1_534' title='bbox 2146 2075 2176 2105; x_wconf 86' lang='grc'>‹‹</span> <span class='ocrx_word' id='word_1_535' title='bbox 2231 2053 2596 2128; x_wconf 74' lang='grc' dir='ltr'>Ἀλληλούϊα.</span> <span class='ocrx_word' id='word_1_536' title='bbox 2669 2062 3006 2123; x_wconf 82' lang='grc' dir='ltr'>Ἐπίστευσα·</span> <span class='ocrx_word' id='word_1_537' title='bbox 3067 2067 3152 2125; x_wconf 89' lang='grc' dir='ltr'>διὸ</span> <span class='ocrx_word' id='word_1_538' title='bbox 3239 2070 3507 2146; x_wconf 83' lang='grc' dir='ltr'>ἐλάλησα.</span> <span class='ocrx_word' id='word_1_539' title='bbox 3567 2100 3598 2130; x_wconf 85' lang='grc'>››</span> <span class='ocrx_word' id='word_1_540' title='bbox 3653 2111 3725 2123; x_wconf 88' lang='lat'>—-</span> 
     </span>
    </p>
   </div>
   <div class='ocr_carea' id='block_1_80' title="bbox 2071 2141 3727 2244">
    <p class='ocr_par' dir='ltr' id='par_1_80' title="bbox 2071 2141 3727 2244">
     <span class='ocr_line' id='line_1_81' title="bbox 2071 2141 3727 2244; baseline 0.018 -49"><span class='ocrx_word' id='word_1_541' title='bbox 2071 2141 2388 2200; x_wconf 88' lang='grc' dir='ltr'>Ἐπίστευσα</span> <span class='ocrx_word' id='word_1_542' title='bbox 2433 2146 2514 2202; x_wconf 74' lang='grc' dir='ltr'>ὅτι</span> <span class='ocrx_word' id='word_1_543' title='bbox 2567 2149 2908 2226; x_wconf 88' lang='grc' dir='ltr'>εὐαρεστήσω</span> <span class='ocrx_word' id='word_1_544' title='bbox 2978 2155 3210 2215; x_wconf 85' lang='grc' dir='ltr'>ἐνώπιον</span> <span class='ocrx_word' id='word_1_545' title='bbox 3266 2163 3466 2240; x_wconf 88' lang='grc' dir='ltr'>Κυρίου</span> <span class='ocrx_word' id='word_1_546' title='bbox 3512 2164 3565 2221; x_wconf 85' lang='grc' dir='ltr'>ἐν</span> <span class='ocrx_word' id='word_1_547' title='bbox 3612 2170 3727 2244; x_wconf 88' lang='grc' dir='ltr'>χώ-</span> 
     </span>
    </p>
   </div>
   <div class='ocr_carea' id='block_1_81' title="bbox 2071 2233 3721 2329">
    <p class='ocr_par' dir='ltr' id='par_1_81' title="bbox 2071 2233 3721 2329">
     <span class='ocr_line' id='line_1_82' title="bbox 2071 2233 3721 2329; baseline 0.016 -43"><span class='ocrx_word' id='word_1_548' title='bbox 2071 2249 2140 2306; x_wconf 81' lang='grc' dir='ltr'>ρᾳ</span> <span class='ocrx_word' id='word_1_549' title='bbox 2201 2233 2438 2301; x_wconf 82' lang='grc' dir='ltr'>ζώντων·</span> <span class='ocrx_word' id='word_1_550' title='bbox 2504 2234 2593 2293; x_wconf 84' lang='grc' dir='ltr'>διά</span> <span class='ocrx_word' id='word_1_551' title='bbox 2651 2245 2811 2298; x_wconf 90' lang='grc' dir='ltr'>τοῦτο</span> <span class='ocrx_word' id='word_1_552' title='bbox 2875 2245 2966 2299; x_wconf 85' lang='grc' dir='ltr'>καὶ</span> <span class='ocrx_word' id='word_1_553' title='bbox 3030 2233 3392 2327; x_wconf 74' lang='grc' dir='ltr'>ἀπεφηνάμην</span> <span class='ocrx_word' id='word_1_554' title='bbox 3464 2233 3721 2329; x_wconf 35' lang='grc' dir='ltr'>αὐτᾷῗέν</span> 
     </span>
    </p>
   </div>
   <div class='ocr_carea' id='block_1_82' title="bbox 2066 2318 3718 2423">
    <p class='ocr_par' dir='ltr' id='par_1_82' title="bbox 2066 2318 3718 2423">
     <span class='ocr_line' id='line_1_83' title="bbox 2066 2318 3718 2423; baseline 0.017 -50"><span class='ocrx_word' id='word_1_555' title='bbox 2066 2324 2146 2393; x_wconf 84' lang='grc' dir='ltr'>τῷ</span> <span class='ocrx_word' id='word_1_556' title='bbox 2187 2318 2332 2377; x_wconf 90' lang='grc' dir='ltr'>τέλει</span> <span class='ocrx_word' id='word_1_557' title='bbox 2375 2329 2472 2379; x_wconf 92' lang='grc' dir='ltr'>τοῦ</span> <span class='ocrx_word' id='word_1_558' title='bbox 2513 2325 2891 2423; x_wconf 76' lang='grc' dir='ltr'>προλαϐόντος</span> <span class='ocrx_word' id='word_1_559' title='bbox 2929 2318 3174 2410; x_wconf 81' lang='grc' dir='ltr'>ψαλμοῦ,</span> <span class='ocrx_word' id='word_1_560' title='bbox 3227 2318 3356 2396; x_wconf 55' lang='grc' dir='ltr'>ἀλλς</span> <span class='ocrx_word' id='word_1_561' title='bbox 3401 2341 3501 2398; x_wconf 91' lang='grc' dir='ltr'>οὐκ</span> <span class='ocrx_word' id='word_1_562' title='bbox 3547 2318 3718 2423; x_wconf 77' lang='grc' dir='ltr'>ἐπήρ-</span> 
     </span>
    </p>
   </div>
   <div class='ocr_carea' id='block_1_83' title="bbox 2069 2414 3717 2508">
    <p class='ocr_par' dir='ltr' id='par_1_83' title="bbox 2069 2414 3717 2508">
     <span class='ocr_line' id='line_1_84' title="bbox 2069 2414 3717 2508; baseline 0.018 -46"><span class='ocrx_word' id='word_1_563' title='bbox 2069 2419 2190 2480; x_wconf 86' lang='grc' dir='ltr'>θην.</span> <span class='ocrx_word' id='word_1_564' title='bbox 2223 2415 2490 2477; x_wconf 81' lang='grc' dir='ltr'>Ἐντεῦθεν</span> <span class='ocrx_word' id='word_1_565' title='bbox 2534 2414 2592 2471; x_wconf 77' lang='grc' dir='ltr'>δὲ</span> <span class='ocrx_word' id='word_1_566' title='bbox 2638 2415 2759 2473; x_wconf 90' lang='grc' dir='ltr'>λίαν</span> <span class='ocrx_word' id='word_1_567' title='bbox 2789 2419 3175 2497; x_wconf 84' lang='grc' dir='ltr'>ἐταπεινώθην·</span> <span class='ocrx_word' id='word_1_568' title='bbox 3234 2425 3355 2484; x_wconf 82' lang='grc' dir='ltr'>οἶδα</span> <span class='ocrx_word' id='word_1_569' title='bbox 3395 2431 3499 2507; x_wconf 80' lang='grc' dir='ltr'>γὰρ</span> <span class='ocrx_word' id='word_1_570' title='bbox 3549 2414 3717 2508; x_wconf 78' lang='grc' dir='ltr'>ἐμαυ-</span> 
     </span>
    </p>
   </div>
   <div class='ocr_carea' id='block_1_84' title="bbox 2065 2497 3188 2584">
    <p class='ocr_par' dir='ltr' id='par_1_84' title="bbox 2065 2497 3188 2584">
     <span class='ocr_line' id='line_1_85' title="bbox 2065 2497 3188 2584; baseline 0.018 -34"><span class='ocrx_word' id='word_1_571' title='bbox 2065 2497 2158 2552; x_wconf 92' lang='grc' dir='ltr'>τὸν</span> <span class='ocrx_word' id='word_1_572' title='bbox 2184 2501 2284 2568; x_wconf 79' lang='grc' dir='ltr'>τῆς</span> <span class='ocrx_word' id='word_1_573' title='bbox 2330 2500 2588 2574; x_wconf 90' lang='grc' dir='ltr'>τοιαύτης</span> <span class='ocrx_word' id='word_1_574' title='bbox 2621 2505 2924 2582; x_wconf 77' lang='grc' dir='ltr'>εὐεργεσίας</span> <span class='ocrx_word' id='word_1_575' title='bbox 2955 2512 3188 2584; x_wconf 80' lang='grc' dir='ltr'>ἀνάξιον.</span> 
     </span>
    </p>
   </div>
   <div class='ocr_carea' id='block_1_85' title="bbox 2139 2587 3717 2688">
    <p class='ocr_par' dir='ltr' id='par_1_85' title="bbox 2139 2587 3717 2688">
     <span class='ocr_line' id='line_1_86' title="bbox 2139 2587 3717 2688; baseline 0.019 -51"><span class='ocrx_word' id='word_1_576' title='bbox 2139 2609 2168 2637; x_wconf 87' lang='grc'>‹‹</span> <span class='ocrx_word' id='word_1_577' title='bbox 2204 2587 2342 2664; x_wconf 85' lang='grc' dir='ltr'>Ἐγὼ</span> <span class='ocrx_word' id='word_1_578' title='bbox 2400 2587 2459 2645; x_wconf 77' lang='grc' dir='ltr'>δὲ</span> <span class='ocrx_word' id='word_1_579' title='bbox 2515 2591 2878 2669; x_wconf 86' lang='grc' dir='ltr'>ἐταπεινώθην</span> <span class='ocrx_word' id='word_1_580' title='bbox 2929 2599 3154 2680; x_wconf 89' lang='grc' dir='ltr'>σφόδρα.</span> <span class='ocrx_word' id='word_1_581' title='bbox 3188 2629 3215 2657; x_wconf 92' lang='grc'><strong>››</strong></span> <span class='ocrx_word' id='word_1_582' title='bbox 3276 2639 3345 2650; x_wconf 94' lang='lat'>—-</span> <span class='ocrx_word' id='word_1_583' title='bbox 3391 2609 3717 2688; x_wconf 81' lang='grc' dir='ltr'>Ἐκπλαγεῖς</span> 
     </span>
    </p>
   </div>
   <div class='ocr_carea' id='block_1_86' title="bbox 2068 2673 3719 2775">
    <p class='ocr_par' dir='ltr' id='par_1_86' title="bbox 2068 2673 3719 2775">
     <span class='ocr_line' id='line_1_87' title="bbox 2068 2673 3719 2775; baseline 0.018 -48"><span class='ocrx_word' id='word_1_584' title='bbox 2068 2673 2276 2747; x_wconf 89' lang='grc' dir='ltr'>ἐκείνην</span> <span class='ocrx_word' id='word_1_585' title='bbox 2329 2679 2429 2747; x_wconf 81' lang='grc' dir='ltr'>τήν</span> <span class='ocrx_word' id='word_1_586' title='bbox 2485 2682 2673 2759; x_wconf 90' lang='grc' dir='ltr'>χώραν</span> <span class='ocrx_word' id='word_1_587' title='bbox 2727 2690 2836 2742; x_wconf 91' lang='grc' dir='ltr'>τῶν</span> <span class='ocrx_word' id='word_1_588' title='bbox 2885 2673 3100 2758; x_wconf 80' lang='grc' dir='ltr'>ζώντων</span> <span class='ocrx_word' id='word_1_589' title='bbox 3145 2692 3211 2763; x_wconf 75' lang='grc' dir='ltr'>ἥν</span> <span class='ocrx_word' id='word_1_590' title='bbox 3267 2717 3360 2769; x_wconf 89' lang='grc' dir='ltr'>μοι</span> <span class='ocrx_word' id='word_1_591' title='bbox 3402 2698 3466 2753; x_wconf 90' lang='grc' dir='ltr'>τὸ</span> <span class='ocrx_word' id='word_1_592' title='bbox 3496 2673 3719 2775; x_wconf 82' lang='grc' dir='ltr'>Πνεῦμα</span> 
     </span>
    </p>
   </div>
   <div class='ocr_carea' id='block_1_87' title="bbox 2067 2761 3720 2862">
    <p class='ocr_par' dir='ltr' id='par_1_87' title="bbox 2067 2761 3720 2862">
     <span class='ocr_line' id='line_1_88' title="bbox 2067 2761 3720 2862; baseline 0.019 -47"><span class='ocrx_word' id='word_1_593' title='bbox 2067 2761 2308 2862; x_wconf 66' lang='grc' dir='ltr'>ὑπέδειξε</span> <span class='ocrx_word' id='word_1_594' title='bbox 2355 2764 2680 2862; x_wconf 58' lang='grc' dir='ltr'>διαρρήδην,</span> <span class='ocrx_word' id='word_1_595' title='bbox 2709 2773 2858 2831; x_wconf 76' lang='grc' dir='ltr'>εἰπὸν</span> <span class='ocrx_word' id='word_1_596' title='bbox 2893 2776 2976 2833; x_wconf 80' lang='grc' dir='ltr'>ὅτι</span> <span class='ocrx_word' id='word_1_597' title='bbox 3005 2761 3212 2852; x_wconf 78' lang='grc' dir='ltr'>πᾶσα</span> <span class='ocrx_word' id='word_1_598' title='bbox 3261 2761 3578 2862; x_wconf 87' lang='grc' dir='ltr'>ἀνθρωπίνη</span> <span class='ocrx_word' id='word_1_599' title='bbox 3632 2761 3720 2846; x_wconf 78' lang='grc' dir='ltr'>ἐύ-</span> 
     </span>
    </p>
   </div>
   <div class='ocr_carea' id='block_1_88' title="bbox 2067 2849 3718 2954">
    <p class='ocr_par' dir='ltr' id='par_1_88' title="bbox 2067 2849 3718 2954">
     <span class='ocr_line' id='line_1_89' title="bbox 2067 2849 3718 2954; baseline 0.019 -49"><span class='ocrx_word' id='word_1_600' title='bbox 2067 2849 2325 2926; x_wconf 83' lang='grc' dir='ltr'>δαιμονία</span> <span class='ocrx_word' id='word_1_601' title='bbox 2384 2855 2556 2929; x_wconf 78' lang='grc' dir='ltr'>οὐδὲν,</span> <span class='ocrx_word' id='word_1_602' title='bbox 2621 2864 2920 2936; x_wconf 72' lang='grc' dir='ltr'>ματαιότης</span> <span class='ocrx_word' id='word_1_603' title='bbox 2978 2868 3080 2944; x_wconf 75' lang='grc' dir='ltr'>γὰρ</span> <span class='ocrx_word' id='word_1_604' title='bbox 3146 2849 3394 2948; x_wconf 75' lang='grc' dir='ltr'>ἀληθῶς,</span> <span class='ocrx_word' id='word_1_605' title='bbox 3443 2849 3580 2954; x_wconf 77' lang='grc' dir='ltr'>πρὸς</span> <span class='ocrx_word' id='word_1_606' title='bbox 3619 2881 3718 2949; x_wconf 84' lang='grc' dir='ltr'>τήν</span> 
     </span>
    </p>
   </div>
   <div class='ocr_carea' id='block_1_89' title="bbox 2065 2939 2716 3022">
    <p class='ocr_par' dir='ltr' id='par_1_89' title="bbox 2065 2939 2716 3022">
     <span class='ocr_line' id='line_1_90' title="bbox 2065 2939 2716 3022; baseline 0.02 -27"><span class='ocrx_word' id='word_1_607' title='bbox 2065 2939 2282 2998; x_wconf 83' lang='grc' dir='ltr'>ἐκείνων</span> <span class='ocrx_word' id='word_1_608' title='bbox 2319 2947 2716 3022; x_wconf 84' lang='grc' dir='ltr'>μακαριότητα.</span> 
     </span>
    </p>
   </div>
   <div class='ocr_carea' id='block_1_90' title="bbox 2137 3031 3721 3122">
    <p class='ocr_par' dir='ltr' id='par_1_90' title="bbox 2137 3031 3721 3122">
     <span class='ocr_line' id='line_1_91' title="bbox 2137 3031 3721 3122; baseline 0.019 -38"><span class='ocrx_word' id='word_1_609' title='bbox 2137 3055 2167 3083; x_wconf 90' lang='grc'>‹‹</span> <span class='ocrx_word' id='word_1_610' title='bbox 2197 3031 2258 3086; x_wconf 92' lang='grc' dir='ltr'>Τί</span> <span class='ocrx_word' id='word_1_611' title='bbox 2305 3034 2675 3094; x_wconf 82' lang='grc' dir='ltr'>ἀνταποδώσω</span> <span class='ocrx_word' id='word_1_612' title='bbox 2720 3047 2799 3115; x_wconf 80' lang='grc' dir='ltr'>τῷ</span> <span class='ocrx_word' id='word_1_613' title='bbox 2845 3045 3028 3122; x_wconf 86' lang='grc' dir='ltr'>Κυρίῳ</span> <span class='ocrx_word' id='word_1_614' title='bbox 3073 3048 3198 3120; x_wconf 85' lang='grc' dir='ltr'>περὶ</span> <span class='ocrx_word' id='word_1_615' title='bbox 3245 3050 3460 3109; x_wconf 83' lang='grc' dir='ltr'>πάντων</span> <span class='ocrx_word' id='word_1_616' title='bbox 3509 3056 3584 3111; x_wconf 82' lang='grc' dir='ltr'>ὦν</span> <span class='ocrx_word' id='word_1_617' title='bbox 3631 3058 3721 3113; x_wconf 86' lang='grc' dir='ltr'>ἀν-</span> 
     </span>
    </p>
   </div>
   <div class='ocr_carea' id='block_1_91' title="bbox 2063 3118 3716 3219">
    <p class='ocr_par' dir='ltr' id='par_1_91' title="bbox 2063 3118 3716 3219">
     <span class='ocr_line' id='line_1_92' title="bbox 2063 3118 3716 3219; baseline 0.018 -46"><span class='ocrx_word' id='word_1_618' title='bbox 2063 3118 2341 3178; x_wconf 85' lang='grc' dir='ltr'>ταπέδωκέ</span> <span class='ocrx_word' id='word_1_619' title='bbox 2391 3144 2520 3198; x_wconf 72' lang='grc' dir='ltr'>μοις</span> <span class='ocrx_word' id='word_1_620' title='bbox 2578 3127 2639 3182; x_wconf 93' lang='grc' dir='ltr'>Τί</span> <span class='ocrx_word' id='word_1_621' title='bbox 2688 3118 3058 3191; x_wconf 86' lang='grc' dir='ltr'>ἀνταποδώσω</span> <span class='ocrx_word' id='word_1_622' title='bbox 3101 3118 3181 3212; x_wconf 76' lang='grc' dir='ltr'>τῶ</span> <span class='ocrx_word' id='word_1_623' title='bbox 3230 3140 3436 3219; x_wconf 85' lang='grc' dir='ltr'>Κυρίῳ,</span> <span class='ocrx_word' id='word_1_624' title='bbox 3481 3144 3593 3210; x_wconf 84' lang='grc' dir='ltr'>ἀνθ’</span> <span class='ocrx_word' id='word_1_625' title='bbox 3640 3148 3716 3203; x_wconf 80' lang='grc' dir='ltr'>ὧν</span> 
     </span>
    </p>
   </div>
   <div class='ocr_carea' id='block_1_92' title="bbox 2069 3207 2790 3291">
    <p class='ocr_par' dir='ltr' id='par_1_92' title="bbox 2069 3207 2790 3291">
     <span class='ocr_line' id='line_1_93' title="bbox 2069 3207 2790 3291; baseline 0.015 -27"><span class='ocrx_word' id='word_1_626' title='bbox 2069 3207 2387 3286; x_wconf 82' lang='grc' dir='ltr'>εὐεργεσιῶν</span> <span class='ocrx_word' id='word_1_627' title='bbox 2421 3211 2624 3273; x_wconf 84' lang='grc' dir='ltr'>δέδωκέ</span> <span class='ocrx_word' id='word_1_628' title='bbox 2656 3240 2790 3291; x_wconf 87' lang='grc' dir='ltr'>μοι;</span> 
     </span>
    </p>
   </div>
   <div class='ocr_carea' id='block_1_93' title="bbox 2138 3303 3718 3398">
    <p class='ocr_par' dir='ltr' id='par_1_93' title="bbox 2138 3303 3718 3398">
     <span class='ocr_line' id='line_1_94' title="bbox 2138 3303 3718 3398; baseline 0.018 -46"><span class='ocrx_word' id='word_1_629' title='bbox 2138 3322 2168 3351; x_wconf 88' lang='grc'>‹‹</span> <span class='ocrx_word' id='word_1_630' title='bbox 2226 3303 2496 3379; x_wconf 90' lang='grc' dir='ltr'>Ποτήριον</span> <span class='ocrx_word' id='word_1_631' title='bbox 2563 3309 2839 3385; x_wconf 91' lang='grc' dir='ltr'>σωτηρίου</span> <span class='ocrx_word' id='word_1_632' title='bbox 2904 3311 3176 3389; x_wconf 82' lang='grc' dir='ltr'>λήψομαι·</span> <span class='ocrx_word' id='word_1_633' title='bbox 3245 3318 3336 3374; x_wconf 81' lang='grc' dir='ltr'>καὶ</span> <span class='ocrx_word' id='word_1_634' title='bbox 3397 3322 3462 3377; x_wconf 90' lang='grc' dir='ltr'>τὸ</span> <span class='ocrx_word' id='word_1_635' title='bbox 3541 3317 3718 3398; x_wconf 71' lang='grc' dir='ltr'>ὄνομα</span> 
     </span>
    </p>
   </div>
   <div class='ocr_carea' id='block_1_94' title="bbox 2063 3387 3710 3487">
    <p class='ocr_par' dir='ltr' id='par_1_94' title="bbox 2063 3387 3710 3487">
     <span class='ocr_line' id='line_1_95' title="bbox 2063 3387 3710 3487; baseline 0.018 -48"><span class='ocrx_word' id='word_1_636' title='bbox 2063 3387 2261 3460; x_wconf 88' lang='grc' dir='ltr'>Κυρίου</span> <span class='ocrx_word' id='word_1_637' title='bbox 2316 3388 2729 3487; x_wconf 43' lang='grc' dir='ltr'>ἐπέκαλέσομαι.</span> <span class='ocrx_word' id='word_1_638' title='bbox 2765 3422 2795 3450; x_wconf 91' lang='grc'>››</span> <span class='ocrx_word' id='word_1_639' title='bbox 2851 3434 2921 3443; x_wconf 89' lang='grc'><strong>-</strong></span> <span class='ocrx_word' id='word_1_640' title='bbox 2969 3387 3241 3478; x_wconf 84' lang='grc' dir='ltr'>Ποτήριον</span> <span class='ocrx_word' id='word_1_641' title='bbox 3293 3409 3569 3487; x_wconf 89' lang='grc' dir='ltr'>σωτηρίου</span> <span class='ocrx_word' id='word_1_642' title='bbox 3615 3387 3710 3468; x_wconf 70' lang='grc' dir='ltr'>τὸν</span> 
     </span>
    </p>
   </div>
   <div class='ocr_carea' id='block_1_95' title="bbox 2065 3474 3716 3572">
    <p class='ocr_par' dir='ltr' id='par_1_95' title="bbox 2065 3474 3716 3572">
     <span class='ocr_line' id='line_1_96' title="bbox 2065 3474 3716 3572; baseline 0.018 -44"><span class='ocrx_word' id='word_1_643' title='bbox 2065 3475 2197 3552; x_wconf 75' lang='grc' dir='ltr'>ὑπὲρ</span> <span class='ocrx_word' id='word_1_644' title='bbox 2244 3474 2513 3544; x_wconf 86' lang='grc' dir='ltr'>εὐσεϐείας</span> <span class='ocrx_word' id='word_1_645' title='bbox 2560 3483 2813 3558; x_wconf 88' lang='grc' dir='ltr'>ὠνόμασε</span> <span class='ocrx_word' id='word_1_646' title='bbox 2859 3474 3205 3557; x_wconf 11' lang='grc' dir='ltr'>θάνατονγῶς</span> <span class='ocrx_word' id='word_1_647' title='bbox 3269 3474 3536 3567; x_wconf 73' lang='grc' dir='ltr'>σώζοντα.</span> <span class='ocrx_word' id='word_1_648' title='bbox 3596 3506 3716 3572; x_wconf 80' lang='grc' dir='ltr'>Φη-</span> 
     </span>
    </p>
   </div>
   <div class='ocr_carea' id='block_1_96' title="bbox 2063 3563 3717 3662">
    <p class='ocr_par' dir='ltr' id='par_1_96' title="bbox 2063 3563 3717 3662">
     <span class='ocr_line' id='line_1_97' title="bbox 2063 3563 3717 3662; baseline 0.019 -46"><span class='ocrx_word' id='word_1_649' title='bbox 2063 3563 2144 3617; x_wconf 86' lang='grc' dir='ltr'>σὶν</span> <span class='ocrx_word' id='word_1_650' title='bbox 2174 3563 2289 3624; x_wconf 82' lang='grc' dir='ltr'>οὖν.</span> <span class='ocrx_word' id='word_1_651' title='bbox 2322 3566 2477 3624; x_wconf 77' lang='grc' dir='ltr'>Οὕτω</span> <span class='ocrx_word' id='word_1_652' title='bbox 2519 3577 2622 3641; x_wconf 88' lang='grc' dir='ltr'>τῆς</span> <span class='ocrx_word' id='word_1_653' title='bbox 2673 3573 2750 3637; x_wconf 87' lang='grc' dir='ltr'>εἰς</span> <span class='ocrx_word' id='word_1_654' title='bbox 2799 3577 2928 3632; x_wconf 90' lang='grc' dir='ltr'>Θεὸν</span> <span class='ocrx_word' id='word_1_655' title='bbox 2979 3575 3248 3646; x_wconf 86' lang='grc' dir='ltr'>εὐσεϐείας</span> <span class='ocrx_word' id='word_1_656' title='bbox 3295 3563 3589 3662; x_wconf 72' lang='grc' dir='ltr'>ἀνθέξομαι</span> <span class='ocrx_word' id='word_1_657' title='bbox 3640 3563 3717 3654; x_wconf 66' lang='grc' dir='ltr'>ῶς</span> 
     </span>
    </p>
   </div>
   <div class='ocr_carea' id='block_1_97' title="bbox 2064 3653 3719 3735">
    <p class='ocr_par' dir='ltr' id='par_1_97' title="bbox 2064 3653 3719 3735">
     <span class='ocr_line' id='line_1_98' title="bbox 2064 3653 3719 3735; baseline 0.018 -29"><span class='ocrx_word' id='word_1_658' title='bbox 2064 3653 2110 3707; x_wconf 88' lang='grc' dir='ltr'>εἰ</span> <span class='ocrx_word' id='word_1_659' title='bbox 2138 3654 2228 3708; x_wconf 90' lang='grc' dir='ltr'>τὸν</span> <span class='ocrx_word' id='word_1_660' title='bbox 2286 3655 2418 3734; x_wconf 75' lang='grc' dir='ltr'>ὑπὲρ</span> <span class='ocrx_word' id='word_1_661' title='bbox 2458 3658 2628 3731; x_wconf 90' lang='grc' dir='ltr'>αὐτῆς</span> <span class='ocrx_word' id='word_1_662' title='bbox 2677 3658 2864 3720; x_wconf 87' lang='grc' dir='ltr'>λαϐεῖν</span> <span class='ocrx_word' id='word_1_663' title='bbox 2896 3666 3138 3727; x_wconf 85' lang='grc' dir='ltr'>θάνατον.</span> <span class='ocrx_word' id='word_1_664' title='bbox 3181 3676 3353 3729; x_wconf 92' lang='grc' dir='ltr'>Τοῦτο</span> <span class='ocrx_word' id='word_1_665' title='bbox 3396 3675 3719 3735; x_wconf 90' lang='grc' dir='ltr'>ἀνταποδώ-</span> 
     </span>
    </p>
   </div>
   <div class='ocr_carea' id='block_1_98' title="bbox 2064 3747 3719 3841">
    <p class='ocr_par' dir='ltr' id='par_1_98' title="bbox 2064 3747 3719 3841">
     <span class='ocr_line' id='line_1_99' title="bbox 2064 3747 3719 3841; baseline 0.018 -45"><span class='ocrx_word' id='word_1_666' title='bbox 2064 3762 2142 3841; x_wconf 57' lang='grc' dir='ltr'>σω</span> <span class='ocrx_word' id='word_1_667' title='bbox 2188 3747 2270 3816; x_wconf 81' lang='grc' dir='ltr'>τῷ</span> <span class='ocrx_word' id='word_1_668' title='bbox 2314 3747 2519 3822; x_wconf 87' lang='grc' dir='ltr'>Κυρίῳ,</span> <span class='ocrx_word' id='word_1_669' title='bbox 2563 3750 2652 3806; x_wconf 80' lang='grc' dir='ltr'>καὶ</span> <span class='ocrx_word' id='word_1_670' title='bbox 2716 3753 2793 3816; x_wconf 85' lang='grc' dir='ltr'>είς</span> <span class='ocrx_word' id='word_1_671' title='bbox 2842 3760 3004 3813; x_wconf 90' lang='grc' dir='ltr'>τοῦτο</span> <span class='ocrx_word' id='word_1_672' title='bbox 3075 3756 3134 3815; x_wconf 76' lang='grc' dir='ltr'>δὲ</span> <span class='ocrx_word' id='word_1_673' title='bbox 3211 3760 3608 3841; x_wconf 81' lang='grc' dir='ltr'>ἐπικαλέσομαι</span> <span class='ocrx_word' id='word_1_674' title='bbox 3654 3769 3719 3824; x_wconf 87' lang='grc' dir='ltr'>τὸ</span> 
     </span>
    </p>
   </div>
   <div class='ocr_carea' id='block_1_99' title="bbox 2063 3825 3719 3928">
    <p class='ocr_par' dir='ltr' id='par_1_99' title="bbox 2063 3825 3719 3928">
     <span class='ocr_line' id='line_1_100' title="bbox 2063 3825 3719 3928; baseline 0.017 -43"><span class='ocrx_word' id='word_1_675' title='bbox 2063 3825 2238 3928; x_wconf 61' lang='grc' dir='ltr'>ἕνομα</span> <span class='ocrx_word' id='word_1_676' title='bbox 2287 3839 2385 3890; x_wconf 90' lang='grc' dir='ltr'>τοῦ</span> <span class='ocrx_word' id='word_1_677' title='bbox 2442 3837 2663 3914; x_wconf 88' lang='grc' dir='ltr'>Κυρίου·</span> <span class='ocrx_word' id='word_1_678' title='bbox 2721 3841 2812 3896; x_wconf 81' lang='grc' dir='ltr'>καὶ</span> <span class='ocrx_word' id='word_1_679' title='bbox 2857 3844 2961 3918; x_wconf 80' lang='grc' dir='ltr'>γὰρ</span> <span class='ocrx_word' id='word_1_680' title='bbox 3006 3847 3070 3901; x_wconf 89' lang='grc' dir='ltr'>τὸ</span> <span class='ocrx_word' id='word_1_681' title='bbox 3115 3847 3290 3914; x_wconf 78' lang='grc' dir='ltr'>οὕτως</span> <span class='ocrx_word' id='word_1_682' title='bbox 3367 3825 3523 3928; x_wconf 67' lang='grc' dir='ltr'>ὑπὲρ⁸</span> <span class='ocrx_word' id='word_1_683' title='bbox 3570 3854 3719 3912; x_wconf 88' lang='grc' dir='ltr'>εὐσε-</span> 
     </span>
    </p>
   </div>
   <div class='ocr_carea' id='block_1_100' title="bbox 2062 3914 3708 4022">
    <p class='ocr_par' dir='ltr' id='par_1_100' title="bbox 2062 3914 3708 4022">
     <span class='ocr_line' id='line_1_101' title="bbox 2062 3914 3708 4022; baseline 0.018 -48"><span class='ocrx_word' id='word_1_684' title='bbox 2062 3914 2212 3984; x_wconf 86' lang='grc' dir='ltr'>ϐείας</span> <span class='ocrx_word' id='word_1_685' title='bbox 2269 3922 2629 4000; x_wconf 88' lang='grc' dir='ltr'>ἀγωνίσασθαί</span> <span class='ocrx_word' id='word_1_686' title='bbox 2689 3951 2776 4004; x_wconf 87' lang='grc' dir='ltr'>με,</span> <span class='ocrx_word' id='word_1_687' title='bbox 2829 3914 3001 4010; x_wconf 83' lang='grc' dir='ltr'>δῶρόν</span> <span class='ocrx_word' id='word_1_688' title='bbox 3060 3935 3170 3993; x_wconf 78' lang='grc' dir='ltr'>ἐστι</span> <span class='ocrx_word' id='word_1_689' title='bbox 3225 3940 3317 3995; x_wconf 80' lang='grc' dir='ltr'>καὶ</span> <span class='ocrx_word' id='word_1_690' title='bbox 3372 3914 3708 4022; x_wconf 69' lang='grc' dir='ltr'>εὐεργέτημυ</span> 
     </span>
    </p>
   </div>
   <div class='ocr_carea' id='block_1_101' title="bbox 2059 4014 3226 4072">
    <p class='ocr_par' dir='ltr' id='par_1_101' title="bbox 2059 4014 3226 4072">
     <span class='ocr_line' id='line_1_102' title="bbox 2059 4014 3226 4072; baseline 0.01 -9"><span class='ocrx_word' id='word_1_691' title='bbox 2059 4014 2156 4064; x_wconf 90' lang='grc' dir='ltr'>τοῦ</span> <span class='ocrx_word' id='word_1_692' title='bbox 2186 4016 2320 4066; x_wconf 89' lang='grc' dir='ltr'>Θεοῦ</span> <span class='ocrx_word' id='word_1_693' title='bbox 2334 4055 2346 4072; x_wconf 95' lang='grc'><strong>.</strong></span> <span class='ocrx_word' id='word_1_694' title='bbox 3223 4035 3226 4038; x_wconf 83' lang='grc'><strong>’</strong></span> 
     </span>
    </p>
   </div>
   <div class='ocr_carea' id='block_1_102' title="bbox 2134 4101 3709 4188">
    <p class='ocr_par' dir='ltr' id='par_1_102' title="bbox 2134 4101 3709 4188">
     <span class='ocr_line' id='line_1_103' title="bbox 2134 4101 3709 4188; baseline 0.018 -37"><span class='ocrx_word' id='word_1_695' title='bbox 2134 4121 2163 4150; x_wconf 90' lang='grc'>‹‹</span> <span class='ocrx_word' id='word_1_696' title='bbox 2192 4101 2294 4162; x_wconf 77' lang='grc' dir='ltr'>Τὰς</span> <span class='ocrx_word' id='word_1_697' title='bbox 2352 4101 2518 4178; x_wconf 88' lang='grc' dir='ltr'>εὐχάς</span> <span class='ocrx_word' id='word_1_698' title='bbox 2581 4127 2686 4178; x_wconf 90' lang='grc' dir='ltr'>μου</span> <span class='ocrx_word' id='word_1_699' title='bbox 2743 4111 2823 4181; x_wconf 80' lang='grc' dir='ltr'>τῷ</span> <span class='ocrx_word' id='word_1_700' title='bbox 2878 4111 3059 4188; x_wconf 87' lang='grc' dir='ltr'>Κυρίῳ</span> <span class='ocrx_word' id='word_1_701' title='bbox 3123 4113 3396 4173; x_wconf 87' lang='grc' dir='ltr'>ἀποδώσω</span> <span class='ocrx_word' id='word_1_702' title='bbox 3471 4119 3709 4180; x_wconf 85' lang='grc' dir='ltr'>ἐναντίον</span> 
     </span>
    </p>
   </div>
   <div class='ocr_carea' id='block_1_103' title="bbox 2058 4189 3711 4286">
    <p class='ocr_par' dir='ltr' id='par_1_103' title="bbox 2058 4189 3711 4286">
     <span class='ocr_line' id='line_1_104' title="bbox 2058 4189 3711 4286; baseline 0.017 -45"><span class='ocrx_word' id='word_1_703' title='bbox 2058 4189 2258 4252; x_wconf 90' lang='grc' dir='ltr'>παντὸς</span> <span class='ocrx_word' id='word_1_704' title='bbox 2304 4194 2404 4245; x_wconf 89' lang='grc' dir='ltr'>τοῦ</span> <span class='ocrx_word' id='word_1_705' title='bbox 2453 4190 2590 4248; x_wconf 91' lang='grc' dir='ltr'>λαοῦ</span> <span class='ocrx_word' id='word_1_706' title='bbox 2655 4195 2841 4257; x_wconf 89' lang='grc' dir='ltr'>αὐτοῦ.</span> <span class='ocrx_word' id='word_1_707' title='bbox 2869 4223 2898 4252; x_wconf 87' lang='grc'><strong>››</strong></span> <span class='ocrx_word' id='word_1_708' title='bbox 2943 4234 3013 4245; x_wconf 88' lang='lat'><strong>—</strong></span> <span class='ocrx_word' id='word_1_709' title='bbox 3048 4203 3152 4267; x_wconf 77' lang='grc' dir='ltr'>Τὰς</span> <span class='ocrx_word' id='word_1_710' title='bbox 3213 4206 3536 4284; x_wconf 88' lang='grc' dir='ltr'>ὑποσχέσεις</span> <span class='ocrx_word' id='word_1_711' title='bbox 3606 4234 3711 4286; x_wconf 87' lang='grc' dir='ltr'>μου</span> 
     </span>
    </p>
   </div>
   <div class='ocr_carea' id='block_1_104' title="bbox 2055 4278 3712 4376">
    <p class='ocr_par' dir='ltr' id='par_1_104' title="bbox 2055 4278 3712 4376">
     <span class='ocr_line' id='line_1_105' title="bbox 2055 4278 3712 4376; baseline 0.016 -44"><span class='ocrx_word' id='word_1_712' title='bbox 2055 4278 2252 4340; x_wconf 83' lang='grc' dir='ltr'>ταύτας</span> <span class='ocrx_word' id='word_1_713' title='bbox 2303 4285 2540 4357; x_wconf 76' lang='grc' dir='ltr'>φανερῶς</span> <span class='ocrx_word' id='word_1_714' title='bbox 2587 4280 2816 4342; x_wconf 88' lang='grc' dir='ltr'>ἐνώπιον</span> <span class='ocrx_word' id='word_1_715' title='bbox 2877 4293 2977 4344; x_wconf 90' lang='grc' dir='ltr'>τοῦ</span> <span class='ocrx_word' id='word_1_716' title='bbox 3043 4289 3179 4348; x_wconf 88' lang='grc' dir='ltr'>λαοῦ</span> <span class='ocrx_word' id='word_1_717' title='bbox 3227 4294 3514 4369; x_wconf 83' lang='grc' dir='ltr'>ἐκτελέσω,</span> <span class='ocrx_word' id='word_1_718' title='bbox 3563 4297 3712 4376; x_wconf 79' lang='grc' dir='ltr'>ἄγων</span> 
     </span>
    </p>
   </div>
   <div class='ocr_carea' id='block_1_105' title="bbox 2056 4364 2736 4445">
    <p class='ocr_par' dir='ltr' id='par_1_105' title="bbox 2056 4364 2736 4445">
     <span class='ocr_line' id='line_1_106' title="bbox 2056 4364 2736 4445; baseline 0.016 -26"><span class='ocrx_word' id='word_1_719' title='bbox 2056 4364 2284 4430; x_wconf 88' lang='grc' dir='ltr'>τούτους</span> <span class='ocrx_word' id='word_1_720' title='bbox 2313 4369 2449 4445; x_wconf 89' lang='grc' dir='ltr'>πρὸς</span> <span class='ocrx_word' id='word_1_721' title='bbox 2479 4369 2540 4444; x_wconf 93' lang='grc' dir='ltr'>μί</span> <span class='ocrx_word' id='word_1_722' title='bbox 2548 4393 2622 4445; x_wconf 89' lang='grc' dir='ltr'>μη</span> <span class='ocrx_word' id='word_1_723' title='bbox 2633 4394 2736 4432; x_wconf 85' lang='grc' dir='ltr'>σιν.</span> 
     </span>
    </p>
   </div>
   <div class='ocr_carea' id='block_1_106' title="bbox 2132 4455 3710 4556">
    <p class='ocr_par' dir='ltr' id='par_1_106' title="bbox 2132 4455 3710 4556">
     <span class='ocr_line' id='line_1_107' title="bbox 2132 4455 3710 4556; baseline 0.017 -47"><span class='ocrx_word' id='word_1_724' title='bbox 2132 4455 2383 4530; x_wconf 85' lang='grc' dir='ltr'>«Τίμιος</span> <span class='ocrx_word' id='word_1_725' title='bbox 2439 4457 2675 4517; x_wconf 87' lang='grc' dir='ltr'>ἐναντίον</span> <span class='ocrx_word' id='word_1_726' title='bbox 2734 4465 2936 4541; x_wconf 87' lang='grc' dir='ltr'>Κυρίου</span> <span class='ocrx_word' id='word_1_727' title='bbox 2991 4469 3020 4524; x_wconf 91' lang='lat'>6</span> <span class='ocrx_word' id='word_1_728' title='bbox 3083 4471 3307 4538; x_wconf 86' lang='grc' dir='ltr'>θάνατος</span> <span class='ocrx_word' id='word_1_729' title='bbox 3363 4479 3471 4530; x_wconf 88' lang='grc' dir='ltr'>τῶν</span> <span class='ocrx_word' id='word_1_730' title='bbox 3539 4477 3710 4556; x_wconf 77' lang='grc' dir='ltr'>ἁγίων</span> 
     </span>
    </p>
   </div>
   <div class='ocr_carea' id='block_1_107' title="bbox 2058 4543 3717 4642">
    <p class='ocr_par' dir='ltr' id='par_1_107' title="bbox 2058 4543 3717 4642">
     <span class='ocr_line' id='line_1_108' title="bbox 2058 4543 3717 4642; baseline 0.015 -42"><span class='ocrx_word' id='word_1_731' title='bbox 2058 4543 2243 4603; x_wconf 87' lang='grc' dir='ltr'>αὐτοῦ.</span> <span class='ocrx_word' id='word_1_732' title='bbox 2278 4569 2307 4598; x_wconf 91' lang='grc'><strong>››</strong></span> <span class='ocrx_word' id='word_1_733' title='bbox 2349 4579 2419 4590; x_wconf 86' lang='grc'><strong><em>-</em></strong></span> <span class='ocrx_word' id='word_1_734' title='bbox 2458 4549 2644 4627; x_wconf 86' lang='grc' dir='ltr'>Χαίρω</span> <span class='ocrx_word' id='word_1_735' title='bbox 2701 4551 3058 4628; x_wconf 85' lang='grc' dir='ltr'>ἀποθνήσκων</span> <span class='ocrx_word' id='word_1_736' title='bbox 3121 4560 3256 4639; x_wconf 77' lang='grc' dir='ltr'>ὑπὲρ</span> <span class='ocrx_word' id='word_1_737' title='bbox 3315 4569 3471 4620; x_wconf 89' lang='grc' dir='ltr'>Θεοῦ·</span> <span class='ocrx_word' id='word_1_738' title='bbox 3528 4543 3717 4642; x_wconf 76' lang='grc' dir='ltr'>τίμιος</span> 
     </span>
    </p>
   </div>
   <div class='ocr_carea' id='block_1_108' title="bbox 810 4633 3713 4731">
    <p class='ocr_par' dir='ltr' id='par_1_108' title="bbox 810 4633 3713 4731">
     <span class='ocr_line' id='line_1_109' title="bbox 810 4633 3713 4731; baseline 0.012 -36"><span class='ocrx_word' id='word_1_739' title='bbox 810 4675 881 4684; x_wconf 90' lang='lat'><strong>—</strong></span> <span class='ocrx_word' id='word_1_740' title='bbox 937 4647 1217 4719; x_wconf 90' lang='grc' dir='ltr'>Διηγεῖται</span> <span class='ocrx_word' id='word_1_741' title='bbox 1273 4647 1358 4709; x_wconf 76' lang='grc' dir='ltr'>οἷς</span> <span class='ocrx_word' id='word_1_742' title='bbox 1424 4649 1806 4725; x_wconf 88' lang='grc' dir='ltr'>περιπέπτωκε</span> <span class='ocrx_word' id='word_1_743' title='bbox 1859 4649 1949 4706; x_wconf 83' lang='grc' dir='ltr'>καί</span> <span class='ocrx_word' id='word_1_744' title='bbox 1980 4643 2027 4709; x_wconf 83' lang='grc' dir='ltr'>Ι)</span> <span class='ocrx_word' id='word_1_745' title='bbox 2055 4633 2156 4710; x_wconf 71' lang='grc' dir='ltr'>γὰρ</span> <span class='ocrx_word' id='word_1_746' title='bbox 2399 4636 2594 4731; x_wconf 34' lang='grc' dir='ltr'>,θεῷίξ</span> <span class='ocrx_word' id='word_1_747' title='bbox 2633 4641 2859 4731; x_wconf 48' lang='grc' dir='ltr'>θένατπ</span> <span class='ocrx_word' id='word_1_748' title='bbox 2915 4649 3024 4701; x_wconf 70' lang='grc' dir='ltr'>τῶν</span> <span class='ocrx_word' id='word_1_749' title='bbox 3075 4633 3487 4728; x_wconf 46' lang='grc' dir='ltr'>ἀφωσῖιωμένων</span> <span class='ocrx_word' id='word_1_750' title='bbox 3545 4655 3713 4731; x_wconf 70' lang='grc' dir='ltr'>αὗτῷο</span> 
     </span>
    </p>
   </div>
   <div class='ocr_carea' id='block_1_109' title="bbox 2132 4724 3714 4818">
    <p class='ocr_par' dir='ltr' id='par_1_109' title="bbox 2132 4724 3714 4818">
     <span class='ocr_line' id='line_1_110' title="bbox 2132 4724 3714 4818; baseline 0.016 -41"><span class='ocrx_word' id='word_1_751' title='bbox 2132 4747 2160 4777; x_wconf 93' lang='grc'><strong>‹‹</strong></span> <span class='ocrx_word' id='word_1_752' title='bbox 2194 4724 2486 4802; x_wconf 80' lang='grc' dir='ltr'>Διέρρηξας</span> <span class='ocrx_word' id='word_1_753' title='bbox 2515 4727 2644 4792; x_wconf 83' lang='grc' dir='ltr'>τοὺς</span> <span class='ocrx_word' id='word_1_754' title='bbox 2687 4728 2918 4806; x_wconf 87' lang='grc' dir='ltr'>δεσμούς</span> <span class='ocrx_word' id='word_1_755' title='bbox 2952 4757 3078 4810; x_wconf 88' lang='grc' dir='ltr'>μου.</span> <span class='ocrx_word' id='word_1_756' title='bbox 3115 4724 3145 4792; x_wconf 55' lang='grc' dir='ltr'>ί)</span> <span class='ocrx_word' id='word_1_757' title='bbox 3175 4774 3246 4784; x_wconf 90' lang='grc'><strong><em>-</em></strong></span> <span class='ocrx_word' id='word_1_758' title='bbox 3295 4724 3538 4818; x_wconf 69' lang='grc' dir='ltr'>Δεσμοὺς</span> <span class='ocrx_word' id='word_1_759' title='bbox 3591 4724 3714 4803; x_wconf 74' lang='grc' dir='ltr'>ὀνό-</span> 
     </span>
    </p>
   </div>
   <div class='ocr_carea' id='block_1_110' title="bbox 2065 4812 3718 4900">
    <p class='ocr_par' dir='ltr' id='par_1_110' title="bbox 2065 4812 3718 4900">
     <span class='ocr_line' id='line_1_111' title="bbox 2065 4812 3718 4900; baseline 0.016 -35"><span class='ocrx_word' id='word_1_760' title='bbox 2065 4812 2218 4886; x_wconf 87' lang='grc' dir='ltr'>μάζει</span> <span class='ocrx_word' id='word_1_761' title='bbox 2297 4814 2392 4878; x_wconf 79' lang='grc' dir='ltr'>τὰς</span> <span class='ocrx_word' id='word_1_762' title='bbox 2441 4815 2500 4873; x_wconf 91' lang='grc' dir='ltr'>ἐκ</span> <span class='ocrx_word' id='word_1_763' title='bbox 2569 4822 2677 4874; x_wconf 91' lang='grc' dir='ltr'>τῶν</span> <span class='ocrx_word' id='word_1_764' title='bbox 2761 4829 3078 4900; x_wconf 90' lang='grc' dir='ltr'>πειρασμῶν</span> <span class='ocrx_word' id='word_1_765' title='bbox 3156 4826 3353 4895; x_wconf 89' lang='grc' dir='ltr'>λύπας·</span> <span class='ocrx_word' id='word_1_766' title='bbox 3403 4812 3600 4897; x_wconf 68' lang='grc' dir='ltr'>⁷θυσίαν</span> <span class='ocrx_word' id='word_1_767' title='bbox 3656 4832 3718 4891; x_wconf 77' lang='grc' dir='ltr'>δὲ</span> 
     </span>
    </p>
   </div>
   <div class='ocr_carea' id='block_1_111' title="bbox 2059 4899 3222 4989">
    <p class='ocr_par' dir='ltr' id='par_1_111' title="bbox 2059 4899 3222 4989">
     <span class='ocr_line' id='line_1_112' title="bbox 2059 4899 3222 4989; baseline 0.015 -34"><span class='ocrx_word' id='word_1_768' title='bbox 2059 4899 2309 4966; x_wconf 67' lang='grc' dir='ltr'>αἰνέσεως</span> <span class='ocrx_word' id='word_1_769' title='bbox 2338 4905 2438 4974; x_wconf 75' lang='grc' dir='ltr'>τήν</span> <span class='ocrx_word' id='word_1_770' title='bbox 2473 4905 2817 4985; x_wconf 88' lang='grc' dir='ltr'>εὐχαριστίαν</span> <span class='ocrx_word' id='word_1_771' title='bbox 2849 4911 2938 4967; x_wconf 83' lang='grc' dir='ltr'>καὶ</span> <span class='ocrx_word' id='word_1_772' title='bbox 2970 4912 3222 4989; x_wconf 78' lang='grc' dir='ltr'>ὕμνησιν.</span> 
     </span>
    </p>
   </div>
   <div class='ocr_carea' id='block_1_112' title="bbox 2133 4992 3708 5085">
    <p class='ocr_par' dir='ltr' id='par_1_112' title="bbox 2133 4992 3708 5085">
     <span class='ocr_line' id='line_1_113' title="bbox 2133 4992 3708 5085; baseline 0.018 -42"><span class='ocrx_word' id='word_1_773' title='bbox 2133 5014 2160 5043; x_wconf 84' lang='grc' dir='ltr'>ι(</span> <span class='ocrx_word' id='word_1_774' title='bbox 2195 4992 2292 5045; x_wconf 82' lang='grc' dir='ltr'>Σοὶ</span> <span class='ocrx_word' id='word_1_775' title='bbox 2338 4992 2482 5049; x_wconf 89' lang='grc' dir='ltr'>θύσω</span> <span class='ocrx_word' id='word_1_776' title='bbox 2531 4997 2711 5052; x_wconf 90' lang='grc' dir='ltr'>θυσίαν</span> <span class='ocrx_word' id='word_1_777' title='bbox 2760 4999 3013 5066; x_wconf 84' lang='grc' dir='ltr'>αἰνέσεως</span> <span class='ocrx_word' id='word_1_778' title='bbox 3077 5005 3168 5061; x_wconf 84' lang='grc' dir='ltr'>καὶ</span> <span class='ocrx_word' id='word_1_779' title='bbox 3219 5006 3270 5064; x_wconf 90' lang='grc' dir='ltr'>ἐν</span> <span class='ocrx_word' id='word_1_780' title='bbox 3325 5009 3552 5085; x_wconf 84' lang='grc' dir='ltr'>ὀνόματι</span> <span class='ocrx_word' id='word_1_781' title='bbox 3603 5019 3708 5070; x_wconf 87' lang='grc' dir='ltr'>Κυ-</span> 
     </span>
    </p>
   </div>
   <div class='ocr_carea' id='block_1_113' title="bbox 2061 5078 3714 5177">
    <p class='ocr_par' dir='ltr' id='par_1_113' title="bbox 2061 5078 3714 5177">
     <span class='ocr_line' id='line_1_114' title="bbox 2061 5078 3714 5177; baseline 0.017 -45"><span class='ocrx_word' id='word_1_782' title='bbox 2061 5078 2180 5154; x_wconf 91' lang='grc' dir='ltr'>ρίου</span> <span class='ocrx_word' id='word_1_783' title='bbox 2217 5079 2632 5158; x_wconf 85' lang='grc' dir='ltr'>ἐπικαλέσομαι.</span> <span class='ocrx_word' id='word_1_784' title='bbox 2668 5113 2691 5142; x_wconf 72' lang='grc' dir='ltr'>ι</span> <span class='ocrx_word' id='word_1_785' title='bbox 2727 5121 2796 5131; x_wconf 92' lang='lat'>-—-</span> <span class='ocrx_word' id='word_1_786' title='bbox 2830 5090 2976 5146; x_wconf 81' lang='grc' dir='ltr'>Ἀντὶ</span> <span class='ocrx_word' id='word_1_787' title='bbox 3022 5099 3140 5168; x_wconf 88' lang='grc' dir='ltr'>τοῦ,</span> <span class='ocrx_word' id='word_1_788' title='bbox 3173 5097 3243 5152; x_wconf 82' lang='grc' dir='ltr'>Τὸ</span> <span class='ocrx_word' id='word_1_789' title='bbox 3289 5078 3461 5173; x_wconf 73' lang='grc' dir='ltr'>ὄνομα</span> <span class='ocrx_word' id='word_1_790' title='bbox 3515 5103 3714 5177; x_wconf 90' lang='grc' dir='ltr'>Κυρίου</span> 
     </span>
    </p>
   </div>
   <div class='ocr_carea' id='block_1_114' title="bbox 2061 5167 3713 5270">
    <p class='ocr_par' dir='ltr' id='par_1_114' title="bbox 2061 5167 3713 5270">
     <span class='ocr_line' id='line_1_115' title="bbox 2061 5167 3713 5270; baseline 0.017 -49"><span class='ocrx_word' id='word_1_791' title='bbox 2061 5167 2452 5246; x_wconf 77' lang='grc' dir='ltr'>ἐπικαλέσομαι</span> <span class='ocrx_word' id='word_1_792' title='bbox 2525 5173 2615 5229; x_wconf 78' lang='grc' dir='ltr'>καί</span> <span class='ocrx_word' id='word_1_793' title='bbox 2671 5176 2748 5239; x_wconf 81' lang='grc' dir='ltr'>εἷς</span> <span class='ocrx_word' id='word_1_794' title='bbox 2834 5179 2963 5242; x_wconf 78' lang='grc' dir='ltr'>τοὺς</span> <span class='ocrx_word' id='word_1_795' title='bbox 3014 5167 3136 5253; x_wconf 81' lang='grc' dir='ltr'>ἐξῆς</span> <span class='ocrx_word' id='word_1_796' title='bbox 3221 5167 3437 5259; x_wconf 83' lang='grc' dir='ltr'>δηλαδή</span> <span class='ocrx_word' id='word_1_797' title='bbox 3522 5167 3713 5270; x_wconf 62' lang='grc' dir='ltr'>πείρα-</span> 
     </span>
    </p>
   </div>
   <div class='ocr_carea' id='block_1_115' title="bbox 2061 5256 2257 5330">
    <p class='ocr_par' dir='ltr' id='par_1_115' title="bbox 2061 5256 2257 5330">
     <span class='ocr_line' id='line_1_116' title="bbox 2061 5256 2257 5330; baseline 0.015 -19"><span class='ocrx_word' id='word_1_798' title='bbox 2061 5256 2257 5330; x_wconf 88' lang='grc' dir='ltr'>σμούς.</span> 
     </span>
    </p>
   </div>
   <div class='ocr_carea' id='block_1_116' title="bbox 2650 5357 3127 5417">
    <p class='ocr_par' dir='ltr' id='par_1_116' title="bbox 2650 5357 3127 5417">
     <span class='ocr_line' id='line_1_117' title="bbox 2650 5357 3127 5417; baseline 0.019 -9"><span class='ocrx_word' id='word_1_799' title='bbox 2650 5357 2949 5415; x_wconf 83' lang='grc' dir='ltr'><strong>ΨΔΛΜΟΣ</strong></span> <span class='ocrx_word' id='word_1_800' title='bbox 2990 5363 3127 5417; x_wconf 81' lang='grc' dir='ltr'>ΡΙΖ’.</span> 
     </span>
    </p>
   </div>
   <div class='ocr_carea' id='block_1_117' title="bbox 2134 5453 3712 5551">
    <p class='ocr_par' dir='ltr' id='par_1_117' title="bbox 2134 5453 3712 5551">
     <span class='ocr_line' id='line_1_118' title="bbox 2134 5453 3712 5551; baseline 0.018 -45"><span class='ocrx_word' id='word_1_801' title='bbox 2134 5453 2552 5528; x_wconf 84' lang='grc' dir='ltr'>«Ἀλληλούϊα.</span> <span class='ocrx_word' id='word_1_802' title='bbox 2586 5460 2794 5517; x_wconf 84' lang='grc' dir='ltr'>Αἰνεῖτε</span> <span class='ocrx_word' id='word_1_803' title='bbox 2820 5463 2912 5518; x_wconf 86' lang='grc' dir='ltr'>τὸν</span> <span class='ocrx_word' id='word_1_804' title='bbox 2962 5465 3157 5544; x_wconf 88' lang='grc' dir='ltr'>Κύριον</span> <span class='ocrx_word' id='word_1_805' title='bbox 3216 5470 3390 5528; x_wconf 82' lang='grc' dir='ltr'>πάντα</span> <span class='ocrx_word' id='word_1_806' title='bbox 3445 5474 3512 5530; x_wconf 76' lang='grc' dir='ltr'>τὰ</span> <span class='ocrx_word' id='word_1_807' title='bbox 3565 5473 3712 5551; x_wconf 77' lang='grc' dir='ltr'>ἔθνη,</span> 
     </span>
    </p>
   </div>
   <div class='ocr_carea' id='block_1_118' title="bbox 2062 5543 3712 5641">
    <p class='ocr_par' dir='ltr' id='par_1_118' title="bbox 2062 5543 3712 5641">
     <span class='ocr_line' id='line_1_119' title="bbox 2062 5543 3712 5641; baseline 0.016 -45"><span class='ocrx_word' id='word_1_808' title='bbox 2062 5543 2368 5601; x_wconf 85' lang='grc' dir='ltr'>ἐπαινέσατε</span> <span class='ocrx_word' id='word_1_809' title='bbox 2402 5547 2582 5604; x_wconf 90' lang='grc' dir='ltr'>.αὐτὸν</span> <span class='ocrx_word' id='word_1_810' title='bbox 2630 5553 2826 5614; x_wconf 83' lang='grc' dir='ltr'>πάντες</span> <span class='ocrx_word' id='word_1_811' title='bbox 2874 5555 2925 5608; x_wconf 74' lang='grc' dir='ltr'>οἱ</span> <span class='ocrx_word' id='word_1_812' title='bbox 2981 5554 3126 5616; x_wconf 86' lang='grc' dir='ltr'>λαοί,</span> <span class='ocrx_word' id='word_1_813' title='bbox 3181 5583 3210 5610; x_wconf 89' lang='grc'><strong>››</strong></span> <span class='ocrx_word' id='word_1_814' title='bbox 3254 5595 3321 5602; x_wconf 93' lang='lat'>——</span> <span class='ocrx_word' id='word_1_815' title='bbox 3369 5563 3528 5641; x_wconf 79' lang='grc' dir='ltr'>Ὑπὲρ</span> <span class='ocrx_word' id='word_1_816' title='bbox 3578 5569 3712 5622; x_wconf 78' lang='grc' dir='ltr'>πάν-</span> 
     </span>
    </p>
   </div>
   <div class='ocr_carea' id='block_1_119' title="bbox 2059 5635 3704 5731">
    <p class='ocr_par' dir='ltr' id='par_1_119' title="bbox 2059 5635 3704 5731">
     <span class='ocr_line' id='line_1_120' title="bbox 2059 5635 3704 5731; baseline 0.017 -46"><span class='ocrx_word' id='word_1_817' title='bbox 2059 5653 2168 5687; x_wconf 87' lang='grc' dir='ltr'>των</span> <span class='ocrx_word' id='word_1_818' title='bbox 2220 5637 2320 5710; x_wconf 77' lang='grc' dir='ltr'>γὰρ</span> <span class='ocrx_word' id='word_1_819' title='bbox 2382 5635 2800 5715; x_wconf 85' lang='grc' dir='ltr'>ἐνανθρωπήσας</span> <span class='ocrx_word' id='word_1_820' title='bbox 2849 5643 2877 5698; x_wconf 86' lang='grc' dir='ltr'>ὁ</span> <span class='ocrx_word' id='word_1_821' title='bbox 2926 5643 3121 5722; x_wconf 82' lang='grc' dir='ltr'>Κύριος</span> <span class='ocrx_word' id='word_1_822' title='bbox 3179 5650 3268 5705; x_wconf 78' lang='grc' dir='ltr'>καὶ</span> <span class='ocrx_word' id='word_1_823' title='bbox 3327 5635 3526 5728; x_wconf 75' lang='grc' dir='ltr'>θανὼν,</span> <span class='ocrx_word' id='word_1_824' title='bbox 3557 5653 3704 5731; x_wconf 80' lang='grc' dir='ltr'>ἄξιος</span> 
     </span>
    </p>
   </div>
   <div class='ocr_carea' id='block_1_120' title="bbox 2063 5722 2899 5807">
    <p class='ocr_par' dir='ltr' id='par_1_120' title="bbox 2063 5722 2899 5807">
     <span class='ocr_line' id='line_1_121' title="bbox 2063 5722 2899 5807; baseline 0.017 -32"><span class='ocrx_word' id='word_1_825' title='bbox 2063 5722 2341 5796; x_wconf 86' lang='grc' dir='ltr'>ὑμνεῖσθαι</span> <span class='ocrx_word' id='word_1_826' title='bbox 2366 5727 2456 5782; x_wconf 87' lang='grc' dir='ltr'>καὶ</span> <span class='ocrx_word' id='word_1_827' title='bbox 2487 5729 2632 5807; x_wconf 85' lang='grc' dir='ltr'>παρὰ</span> <span class='ocrx_word' id='word_1_828' title='bbox 2658 5731 2899 5790; x_wconf 83' lang='grc' dir='ltr'>πάντων.</span> 
     </span>
    </p>
   </div>
   <div class='ocr_carea' id='block_1_121' title="bbox 3348 5871 3427 5935">
    <p class='ocr_par' dir='ltr' id='par_1_121' title="bbox 3348 5871 3427 5935">
     <span class='ocr_line' id='line_1_122' title="bbox 3348 5871 3427 5935; baseline 0 0"><span class='ocrx_word' id='word_1_829' title='bbox 3348 5871 3427 5935; x_wconf 83' lang='grc'>50</span> 
     </span>
    </p>
   </div>
  </div>
