4066 6456
345 417 504 482 1579

1591 419 2015 484 NICEPHORI
2062 423 2500 484 BLEMMIDE

3601 421 3776 486 1580

415 551 595 605 «Ὅτι
653 546 990 624 ἐκραταιώθη
1053 548 1117 604 τὸ
1179 544 1334 611 ἕλεος
1388 549 1552 606 αὐτοῦ
1612 551 1692 630 ἐφ’
1750 554 1919 625 ἡμᾶς.
1955 577 1985 606 ››
2019 551 2262 624 Ααύτὸς
2316 551 2366 608 ἐν
2420 550 2523 628 ᾄδῃ
2578 563 2667 608 καί
2740 558 2845 622 τῆς
2909 551 3022 608 ἐκεῖ
3077 551 3406 624 Ἐκκλησίας
3463 555 3777 630 γενόμενος

347 639 595 714 Ἰσχυρὸν
627 636 840 713 γέγονε.

419 751 449 780 «
481 726 579 782 Καὶ
657 729 693 797 ἡ
780 727 1014 798 ἀλήθεια
1081 730 1180 782 τοῦ
1253 725 1453 804 Κυρίου
1527 727 1673 802 μένει
1750 728 1827 791 εἰς
1902 729 1990 784 τὸν

346 817 535 875 αἰῶνα.
603 840 631 868 ››
684 815 776 888 Τὸ,
815 839 837 867 ιι
901 817 1042 890 Ἐγὼ
1106 817 1221 889 μεθ’
1290 817 1440 889 ὑμῶν
1501 817 1616 892 εἰμι
1670 819 1842 882 πάσας
1895 819 1994 882 τὰς

346 907 580 983 ἡμέρας,
620 927 650 956 ››
699 903 789 958 καὶ
827 901 915 973 τὸ,
974 926 1002 954 ‹‹
1061 902 1236 960 Πύλαι
1296 899 1430 975 ᾅδου
1485 905 1548 960 οὐ
1603 906 1991 984 κατισχύσουσι

344 997 445 1066 τῆς
475 991 820 1064 Έκκλησίας.
852 1017 882 1046 ››

930 1105 1228 1157 ΨΑΔΜΟΣ
1267 1102 1404 1158 ΡΙΖ’.

420 1205 698 1264 «Εῖπάτω
749 1203 818 1276 δὴ
878 1205 1025 1268 οἰκος
1083 1204 1304 1283 Ἰσραὴλ
1362 1206 1446 1262 ὅτι
1503 1207 1727 1282 ἀγαθός’
1772 1207 1857 1263 ὅτι
1915 1209 1991 1270 εἰς

343 1296 437 1352 τὸν
493 1295 664 1351 αἰῶνα
717 1295 782 1350 τὸ
837 1290 991 1358 ἕλεος
1047 1295 1232 1352 αὐτοῦ.
1281 1320 1310 1348 ››
1368 1329 1436 1338 -
1492 1296 1688 1358 Πάντες
1743 1297 1844 1372 γὰρ
1891 1303 1993 1367 τῆς

343 1384 674 1461 ἀγαθότητος
729 1383 818 1438 καὶ
874 1388 972 1438 τοῦ
1029 1383 1216 1446 ἐλέους
1274 1383 1594 1456 ἀπήλαυσαν
1641 1390 1740 1440 τοῦ
1773 1386 1990 1462 Κυρίου.

411 1474 507 1529 Ἐκ
561 1471 798 1547 θλίψεως
850 1471 1262 1546 ἐπεκαλεσάμην
1310 1475 1404 1528 τὸν
1450 1474 1672 1550 Κύριον,
1705 1474 1796 1530 καὶ
1855 1475 1990 1546 ἐπή-

343 1563 504 1618 κουσέ
564 1583 669 1636 μου
726 1561 804 1624 εἰς
859 1560 1201 1634 πλατυσμόν.
1246 1586 1274 1615 ››
1337 1595 1405 1606 -
1461 1563 1555 1625 Εἰς
1607 1564 1672 1618 τὸ
1727 1561 1991 1618 πλατῦναι

344 1651 451 1708 ἀπὸ
481 1651 847 1727 στενοχωρίας
879 1649 970 1706 καὶ
1002 1651 1220 1728 ἀγαγεῖν
1255 1651 1332 1714 εἰς
1363 1650 1686 1729 ἐλευθερίαν.

423 1765 446 1793 ι
479 1739 676 1816 Κύριος
731 1738 854 1813 ἐμοὶ
913 1740 1133 1814 βοηθὸς,
1183 1739 1332 1816 κάγὼ
1381 1738 1656 1815 ἐπόψομαι
1713 1739 1843 1804 τοὺς
1904 1739 1995 1816 ἐχ-

348 1828 512 1906 θρούς
545 1850 668 1904 μου.
705 1852 734 1880 ››
763 1827 996 1891 -Τοὺς
1045 1829 1140 1902 μὲν
1190 1827 1482 1900 αἰσθητοὺς
1535 1835 1654 1892 τοῖς
1712 1831 1992 1901 αἰσθητοῖς

349 1916 680 1997 ὀφθαλμοῖς,
727 1916 854 1980 τοὺς
902 1914 959 1972 δὲ
1003 1917 1231 1988 νοητοὺς
1287 1924 1407 1981 τοῖς
1451 1924 1674 1989 νοητοῖς
1720 1917 1828 1975 *ίδω
1866 1939 1994 1996 τρο·
2025 1931 2074 1996 Β

345 2007 652 2081 πουμένους
684 2003 943 2078 δηλονότι
973 2006 1062 2061 καὶ
1093 2007 1464 2081 ἡττωμένους,

417 2119 449 2148 «
481 2102 660 2152 Παντα
730 2095 799 2150 τὰ
862 2092 986 2166 ἔθνη
1082 2092 1394 2151 ἐκύκλωσάν
1469 2117 1556 2170 με’
1625 2096 1717 2152 καὶ
1787 2095 1838 2150 ἐν
1915 2100 1996 2168 τῷ

344 2182 574 2259 ὀνόματι
620 2182 823 2259 Κυρίου
869 2183 1168 2257 ἠμυνάμην
1219 2182 1437 2247 αὐτούς.
1471 2208 1500 2236 ››
1547 2217 1615 2228 -
1658 2186 1823 2256 Ἐθνη
1865 2206 1997 2256 νοη-

340 2274 462 2330 τέον
517 2273 608 2329 καὶ
662 2271 790 2335 τοὺς
844 2271 998 2346 πέριξ
1037 2278 1138 2342 τῆς
1187 2270 1559 2345 Παλαιστίνης
1617 2271 1994 2352 ἀλλοφύλους,

339 2361 432 2418 καὶ
485 2366 594 2418 τῶν
650 2358 919 2435 δαιμόνων
969 2360 1038 2416 τὰ
1083 2362 1294 2432 πλήθη·
1363 2362 1452 2416 καὶ
1507 2366 1676 2418 ταῦτα
1723 2363 1828 2440 γάρ
1876 2364 1996 2427 καθ’

341 2451 459 2514 ἐνὸς
480 2447 692 2506 δικαίου
721 2448 996 2512 πολλάκις
1026 2449 1619 2527 συνεπιστρατεύουσιν.

414 2561 444 2592 κ
473 2538 859 2602 Κυκλώσαντες
913 2535 1224 2594 ἐκύκλωσάν
1283 2560 1370 2612 με,
1408 2540 1516 2612 ξκαὶ
1599 2545 1681 2613 τῷ
1766 2540 1996 2615 ὀνόματι

341 2627 543 2706 Κυρίου
590 2628 889 2703 ἠμυνάμην
951 2627 1166 2690 αύτούς.
1204 2651 1234 2680 ››
1287 2661 1358 2681 -.-
1399 2629 1498 2683 Διά
1540 2629 1635 2704 μὲν
1665 2633 1774 2685 τῶν
1807 2629 1858 2685 ἐν
1893 2652 1995 2701 κη-

343 2715 595 2796 ρομέλιτι
657 2716 928 2790 μελισσῶν
983 2717 1046 2772 τὸ
1103 2713 1338 2795 σφοδρὸν
1397 2720 1496 2788 τῆς
1554 2719 1861 2796 προθυμίας
1910 2719 1996 2774 αἷ-

342 2805 575 2862 νίττεται
630 2809 739 2861 τῶν
797 2805 1036 2882 ἐχθρῶν,
1070 2802 1159 2860 διὰ
1215 2802 1274 2861 δὲ
1325 2810 1424 2861 τοῦ
1483 2806 1534 2862 ἐν
1590 2807 1779 2884 ξηραῖς
1837 2808 1997 2864 ἀκάν-

346 2905 466 2961 θαις
521 2894 876 2969 ἐκκαιομένου
931 2894 1103 2970 πυρὸς
1159 2893 1224 2950 τὸ
1281 2895 1568 2951 ἀκάθεκτον
1632 2903 1732 2967 τῆς
1787 2896 1994 2953 τούτων

348 2986 550 3062 ὁρμῆς.

422 3097 453 3127 ‹‹
483 3073 687 3136 Ὠσθεὶς
738 3072 1044 3150 ἀνετράπην
1120 3077 1217 3128 τοῦ
1301 3078 1505 3129 πεσεῖν’
1569 3075 1659 3130 καὶ
1715 3075 1746 3128 6
1803 3074 2000 3152 Κύριος

349 3157 674 3219 ἀντελάϐετό
733 3183 858 3235 μου.
892 3188 920 3214 ››
952 3196 1020 3205 -
1077 3168 1234 3217 ’Ήτοι
1301 3160 1457 3239 ἐγγὺς
1515 3162 1702 3241 γέγονε
1755 3169 1852 3219 τοῦ
1908 3186 2000 3220 πε-

348 3255 482 3323 σεῖν,
515 3248 619 3308 εἴτε
671 3256 995 3325 σωματικῶς
1044 3247 1150 3307 εἷίτε
1195 3254 1446 3327 ψυχικῶς
1490 3257 1571 3326 τῷ
1615 3251 1846 3327 ὠθισμῷ
1889 3259 1996 3308 τῶν

350 3339 570 3418 ἐχθρῶν
581 3386 594 3400 .

421 3427 606 3504 Ἱσχύς
665 3449 771 3503 μου
825 3427 914 3484 καὶ
972 3427 1206 3502 ἷῖμνησίς
1269 3450 1374 3503 μου
1417 3429 1447 3484 6
1486 3430 1704 3507 Κύριος·
1737 3430 1826 3486 καὶ
1888 3429 2004 3509 ἐγέ-

350 3516 472 3574 νετό
532 3537 625 3590 μοι
682 3516 759 3580 εἰς
816 3516 1112 3592 σωτηρίαν.
1144 3541 1174 3570 ››
1209 3551 1276 3560 -
1305 3524 1382 3573 Δι’
1412 3517 1576 3574 αὐτοῦ
1629 3521 1732 3596 γὰρ
1779 3519 1870 3575 καί
1920 3520 2000 3575 ἰσ-

351 3604 477 3682 χύω
505 3605 596 3660 καὶ
628 3602 943 3678 δοξάζομαι,
976 3603 1058 3659 ὅτι
1091 3605 1297 3682 ἐγένετό
1331 3627 1424 3679 μοι
1456 3607 1722 3684 σωτηρία.

421 3718 454 3748 ‹‹
486 3694 653 3764 Φωνὴ
712 3693 1089 3772 ἀγαλλιάσεως
1159 3695 1249 3750 καὶ
1329 3695 1607 3771 σωτηρίας
1663 3695 1716 3752 ἐν
1777 3704 2001 3770 σκηναῖς

356 3779 602 3842 δικαίων,
635 3807 664 3835 ››
695 3783 930 3840 -Ἀπὸ
986 3787 1170 3838 κοινοῦ
1215 3807 1244 3836 ‹‹
1291 3785 1382 3838 καὶ
1433 3783 1638 3861 ἐγένετό
1699 3807 1792 3859 μοι
1851 3789 2002 3865 φωνὴ

353 3870 755 3950 ἀγαλλιάσεως,
806 3896 836 3926 ››
880 3871 1152 3928 τουτέστιν
1216 3870 1384 3935 αἴτιος
1441 3881 1626 3953 φωνῆς
1679 3877 1779 3946 τήν
1839 3877 2006 3952 ἀγαλ-

358 3961 537 4018 λίασιν
567 3963 659 4017 καὶ
700 3963 799 4031 τήν
834 3959 1106 4038 σωτηρίαν
1156 3961 1223 4032 ἦν
1262 3983 1355 4036 μοι
1402 3959 1708 4040 δεδώρηκεν
1746 3961 2004 4039 ᾀδούσης,

356 4046 483 4116 ἔνθα
509 4053 855 4106 κατοικοῦσιν
884 4049 937 4104 οἱ
968 4047 1191 4108 δίκαιοι.

428 4162 460 4192 ‹‹
500 4138 656 4210 Δεξιὰ
710 4137 910 4214 Κυρίου
975 4136 1198 4209 ἐποίησε
1273 4136 1522 4215 δύναμιν
1585 4138 1732 4213 δεξιὰ
1807 4143 2008 4219 Κυρίου

356 4226 543 4303 ὕψωσέ
602 4247 687 4302 με·
741 4224 887 4298 δεξιά
941 4225 1142 4304 Κυρίου
1200 4227 1425 4300 ἐποίησε
1483 4227 1734 4304 δύναμιν.
1766 4252 1794 4285 ι
1829 4264 1900 4275 -
1945 4233 2009 4287 Ἡ

357 4319 456 4372 τοῦ
505 4320 640 4372 Θεοῦ
695 4313 857 4390 ἰσχὺς
923 4313 1146 4372 δυνατόν
1208 4338 1277 4390 με
1331 4318 1422 4373 καὶ
1479 4315 1692 4390 ἔνδοξον
1749 4319 2008 4398 ἀπειργά-

356 4424 510 4465 σατο.

429 4494 542 4550 Ούκ
595 4493 996 4568 ἀποθανοῦμαι.
1052 4491 1199 4549 ἀλλὰ
1257 4497 1514 4569 ζήσομαι’
1573 4497 1664 4552 καὶ
1748 4494 2011 4576 διηγήσο-

364 4604 462 4660 μαι
516 4584 583 4639 τὰ
639 4581 774 4661 ἔργα
828 4581 1048 4650 Κυρίου.
1085 4607 1114 4635 ››
1143 4615 1214 4628 —-
1243 4584 1353 4640 Οὐκ
1399 4586 1776 4660 ἀποθανοῦμαι
1818 4588 2013 4643 Λοιπὸν

359 4672 469 4730 ἀπὸ
495 4676 606 4728 τῶν
633 4670 1030 4728 κυκλωσάντων
1058 4693 1144 4746 με.

435 4758 780 4819 «ΙΙαιδεύων
835 4757 1116 4817 ἐπαίδευσέ
1173 4782 1242 4836 με
1299 4763 1327 4818 6
1359 4763 1579 4840 Κύριος*
1631 4763 1722 4819 καὶ
1777 4769 1857 4838 τῶ
1915 4776 2009 4830 θα-

361 4853 508 4926 νάτῳ
562 4849 626 4908 ού
679 4847 962 4927 παρέδωκέ
1022 4871 1109 4924 με.
1141 4876 1171 4902 ››
1204 4883 1272 4896 -
1321 4851 1448 4907 Τίνα
1501 4853 1569 4908 τὰ
1611 4849 1743 4929 ἔργα
1808 4853 2009 4930 Κυρίου

363 4940 710 5020 σωφρονίζων
773 4961 840 5013 με
893 4937 1035 4995 εἷάσε
1102 4943 1476 5018 πειρασθῆναι·
1538 4941 1602 4997 οὐ
1663 4944 1769 5015 μὴν
1821 4943 2006 5000 τέλεον

362 5029 730 5109 ἐγκατέλιπεν,
785 5026 925 5083 ὥστε
988 5031 1467 5106 κατακυριευθῆναι
1553 5031 1656 5086 ὑπὸ
1721 5036 1830 5088 τῶν
1887 5055 2007 5089 πει-

365 5122 609 5198 ρασμῶν.

436 5231 467 5262 ‹‹
496 5206 764 5279 ’Δνοίξατέ
863 5228 958 5280 μοι
1036 5206 1214 5270 πύλας
1297 5205 1668 5281 δικαιοσύνηςο
1750 5209 2006 5267 εἰσελθὼν

363 5295 416 5354 ἐν
474 5295 660 5358 αὑταῖς
717 5293 1193 5371 ἐξομολογήσομαι
1244 5300 1325 5369 τῷ
1371 5297 1574 5373 Κυρίῳ.
1607 5323 1637 5350 ››
1672 5331 1739 5342 -
1785 5301 1856 5357 Αἱ
1911 5305 2010 5355 τοῦ

363 5388 598 5462 Χριστοῦ
655 5383 938 5455 ἐκκλησίαι
995 5381 1202 5439 πολλαὶ
1261 5383 1412 5439 οὖσαι
1459 5387 1552 5442 τὸν
1610 5387 1865 5465 ἀριθμὸν,
1909 5391 2007 5458 τὴν

368 5471 428 5530 δὶ
455 5471 635 5528 πίστιν
673 5470 798 5544 μίαν
830 5471 1000 5528 πύλαι
1051 5470 1396 5543 δικαιοσύνης
1455 5471 1729 5550 λέγονται,
1761 5477 1850 5532 καὶ
1908 5478 2010 5533 πύ-

367 5561 444 5636 λη
474 5565 573 5616 τοῦ
604 5559 824 5635 Κυρίου’
859 5557 929 5614 δι’
959 5560 1132 5616 αὐτῶν
1189 5561 1291 5638 γὰρ
1346 5564 1381 5632 ἡ
1435 5564 1568 5640 πρὸς
1616 5565 1744 5620 Θεὸν
1803 5562 2012 5629 εἴσοδος

368 5651 598 5730 γίνεται,
628 5647 728 5717 τὴν
787 5646 971 5718 ἀληθῆ
1031 5647 1376 5720 δικαιοσύνην
1434 5651 1523 5706 καὶ
1578 5652 1670 5708 τὸν
1713 5649 1883 5717 ὅντως
1913 5653 2014 5708 Κύ-

370 5759 512 5830 ριον.
541 5735 884 5826 ῙΙροφητεύιι
931 5741 1063 5832 γοῦν
1103 5739 1132 5797 6
1161 5737 1347 5819 Δαυίδ,
1379 5739 1462 5797 ὅτι
1512 5741 1540 5796 6
1584 5742 1873 5810 πιστεύσας
1921 5744 2012 5802 καὶ

2099 647 2201 696 τοῦ
2230 647 2485 718 Χριστοῦ,
2517 643 2552 712 ἢ
2583 642 2673 697 καὶ
2713 647 2821 696 τῶν
2870 641 3357 716 ἐκκλησιαστικῶν,
3389 643 3602 702 πολλαί
3657 648 3777 724 γὰρ

2102 729 2153 784 ἐν
2222 726 2322 804 ᾅδῃ
2396 730 2701 806 συναγωγαὶ
2779 731 3215 806 πεπιστεύκασιν,
3270 733 3444 797 οὕτως
3519 733 3777 791 εἰσελεύ-

2103 841 2248 876 σεται
2280 819 2416 897 πρὸς
2447 819 2598 879 Θεόν.

2178 932 2207 960 ‹‹
2235 911 2425 964 ’Ὀπωσ
2476 906 2729 964 εἰσελθὼν
2790 909 2841 965 ἐν
2903 909 3112 974 αὐταῖς.
3147 934 3176 963 ››
3207 945 3277 956 --
3325 912 3396 967 Τὸ
3455 913 3509 969 ἐν
3569 914 3776 978 αὐταῖς

2102 997 2220 1053 ἀντὶ
2249 1001 2347 1052 τοῦ
2380 994 2450 1052 δι’
2479 996 2679 1055 αὐτῶν.

2175 1111 2204 1139 ‹‹
2234 1085 2382 1158 Αὕτη
2423 1089 2458 1157 ἡ
2489 1086 2637 1157 πύλη
2693 1091 2792 1143 τοῦ
2850 1093 3070 1162 Κυοιου,
3099 1086 3299 1144 δίκαιοι
3358 1089 3783 1148 εἰσελεύσονται

2102 1175 2155 1231 ἐν
2183 1175 2342 1249 αὐτῇ.
2377 1200 2406 1230 ››
2441 1208 2510 1219 —
2538 1177 2609 1231 T6
2639 1175 2690 1231 ἐν
2723 1176 2861 1252 αὐτῇ
2893 1178 3009 1232 ἀντὶ
3035 1182 3134 1233 τοῦ
3165 1175 3236 1232 δι’
3275 1177 3468 1248 αὐτῆς.

2181 1285 2204 1316 ι
2239 1265 2425 1337 Λίθον,
2475 1266 2533 1320 ὃν
2591 1263 2992 1340 ἀπεδοκίμασαν
3051 1268 3103 1321 0':
3160 1264 3610 1341 οἰκοδομοῦντες,
3672 1270 3783 1324 οῦ-

2099 1375 2192 1416 τος
2244 1352 2505 1429 ἐγεννήθη
2555 1355 2632 1410 εἰς
2677 1354 2920 1432 κεφαλήν
2961 1356 3181 1432 γωνίας.
3218 1380 3248 1408 ››
3280 1390 3346 1400 -
3395 1358 3562 1413 Λίθον
3619 1356 3784 1435 λέγει

2100 1445 2192 1498 τὸν
2223 1444 2476 1520 Χριστὸν,
2509 1441 2938 1516 οἰκοδομοῦντας
2971 1442 3030 1499 δὲ
3068 1446 3196 1507 τοὺς
3243 1442 3610 1509 διδασκάλους
3657 1453 3780 1503 τῶν

2103 1530 2403 1606 Ἰουδαίων,
2437 1533 2510 1594 ὡς
2542 1531 2630 1588 ἐπὶ
2662 1537 2741 1606 τῷ
2784 1531 3028 1607 θεμελίῳ
3072 1538 3175 1589 τοῦ
3230 1534 3407 1608 νόμου
3463 1557 3780 1613 προκεχει-

2103 1621 2410 1698 ρισμένους.
2459 1621 2708 1701 Κεφαλήν
2780 1620 2838 1678 δὲ
2902 1623 3098 1699 γωνίας
3155 1623 3249 1678 τὸν
3311 1624 3530 1702 Κύριον,
3593 1625 3782 1703 ἤγουν

2104 1711 2524 1787 ἀκρογωνιαῖον,
2578 1711 2655 1774 ὡς
2713 1713 3036 1767 συειαπτικὸν
3091 1717 3200 1768 τῶν
3261 1710 3357 1768 δύο
3427 1712 3602 1786 λαῶν,
3659 1720 3782 1770 τῶν

2101 1799 2498 1856 πιστευσάντων
2556 1796 2616 1854 ἔκ
2669 1821 2729 1856 τε
2785 1807 3093 1875 περιτομῆς
3150 1801 3243 1856 καὶ
3301 1801 3361 1857 ἐκ
3395 1806 3504 1857 τῶν
3566 1803 3776 1868 ἐθνῶν.

2103 1888 2308 1945 Γωνίαν
2370 1887 2428 1944 δὲ
2479 1890 2578 1958 τὴν
2637 1888 2861 1945 σύνοδον
2919 1894 3028 1945 τῶν
3085 1887 3182 1947 δύο
3215 1890 3363 1947 λαῶν
3391 1891 3517 1961 ἥτις
3547 1891 3779 1968 ἐγένετο

2105 1979 2168 2033 οὐ
2206 1979 2353 2055 παρά
2403 1979 2569 2054 ψιλοῦ
2630 1979 2939 2053 ἀνθρώπου,
2973 1978 3121 2036 ἀλλά
3177 1980 3325 2057 παρά
3378 1982 3477 2036 τοῦ
3535 1982 3778 2058 Κυρίου.

2104 2068 2203 2122 Καὶ
2259 2066 2372 2123 ἔστι
2425 2068 2488 2122 τὸ
2542 2066 2700 2144 ἔργον
2769 2068 3043 2143 θαύματος
3126 2070 3272 2143 ἄξιον
3355 2076 3472 2133 τοῖς
3562 2076 3779 2148 γνῶναι

2103 2157 2434 2231 ἠξιωμένοις
2466 2156 2616 2214 αὐτό.

2177 2271 2205 2298 ‹‹
2236 2246 2384 2317 Αὕτη
2439 2248 2474 2316 ἡ
2520 2247 2702 2324 ἡμέρα
2759 2247 2826 2318 ἢν
2887 2246 3140 2318 ἐποίησεν
3173 2249 3202 2304 6
3234 2247 3457 2323 Κύριος,
3486 2248 3779 2325 ἀγαλλια-

2104 2336 2324 2409 σώμεθα
2393 2334 2482 2390 καὶ
2558 2334 2940 2414 εὐφρανθῶμεν
2997 2335 3048 2390 ἐν
3109 2335 3269 2410 αὐτῇ.
3322 2361 3350 2389 ››
3402 2369 3472 2380 -
3529 2337 3783 2416 Ἡμέραν

2105 2423 2253 2499 λέγει
2288 2423 2358 2479 τὰ
2404 2423 2455 2478 ἐν
2498 2428 2578 2495 τῷ
2619 2445 2795 2501 καιρῳ
2846 2432 2949 2494 τῆς
3007 2424 3344 2488 ἀναστάσεως
3397 2427 3781 2502 κατορθώμα-

2103 2534 2168 2568 τα
2195 2517 2293 2568 τοῦ
2324 2516 2581 2586 Χριστοῦ.

2175 2603 2242 2656 Ὦ
2273 2599 2455 2678 Κύριε,
2488 2605 2659 2656 σῶσον
2719 2598 2813 2670 δὴ,
2841 2601 2887 2655 ὧ
2935 2601 3116 2679 Κύριε,
3175 2600 3445 2659 εὐόδωσον
3507 2602 3604 2676 δή.
3640 2630 3673 2660 ››
3707 2639 3778 2648 -

2107 2687 2447 2746 Ἐπισπεύδει
2504 2691 2604 2760 τήν
2665 2690 2940 2767 σωτηρίαν
2995 2696 3106 2746 τῶν
3162 2691 3214 2746 ἐν
3275 2691 3491 2767 κόσμῳ,
3551 2699 3666 2749 τῶν
3720 2695 3772 2750 ἐν

2106 2775 2234 2852 ᾇδη,
2265 2779 2356 2835 καὶ
2388 2779 2476 2834 ἐπὶ
2513 2776 2805 2853 παραδόξῳ
2861 2781 3142 2857 πράγματι
3203 2778 3424 2858 εὔχεται
3481 2784 3590 2852 τὴν
3649 2783 3770 2839 εύό-
3827 2847 3834 2851 υ

2107 2867 2294 2925 δωσιν.

2182 2981 2210 3009 ‹‹
2239 2956 2628 3034 Εὐλογημένος
2687 2959 2716 3012 6
2773 2956 3074 3035 ἐρχόμενος
3121 2957 3174 3014 ἐν
3209 2958 3442 3034 ὀνόματι
3477 2961 3686 3037 Κυρίου.
3722 2986 3752 3014 ι)

2107 3081 2178 3090 —-
2231 3049 2386 3103 Ἦτοι
2444 3042 2619 3121 ὄνομα
2676 3045 2820 3122 ἔχων
2877 3047 2938 3103 ού
3009 3051 3298 3127 προφήτου
3357 3049 3512 3106 ἀλλά
3566 3049 3753 3126 Κυρίου

2109 3141 2263 3192 Θεοῦ.

2189 3249 2216 3277 ‹‹
2245 3224 2640 3301 Εὐλογήκαμεν
2693 3225 2833 3299 ὑμᾶς
2873 3225 2925 3296 ἐξ
2952 3223 3102 3281 οἴκου
3162 3227 3384 3304 Κυρίου.
3421 3251 3451 3280 »
3482 3261 3555 3273 —
3584 3230 3771 3302 Ἡμεῖς

2031 3295 2075 3362 C
2114 3316 2167 3371 οἱ
2222 3295 2558 3391 προϊδόντες*
2597 3295 2975 3390 εὐλογήκαμεν
3032 3316 3171 3388 ὑμᾶς
3220 3295 3348 3379 τοὺς
3377 3315 3430 3388 ἐξ
3463 3314 3620 3372 οἷ’κου
3654 3295 3779 3372 ’Κυ-

2115 3404 2231 3479 ρίου
2287 3399 2465 3466 ὄντας.
2498 3403 2656 3466 Οἶκος
2713 3402 2771 3458 δὲ
2823 3403 3024 3480 Κυρίου
3065 3407 3100 3474 ἡ
3163 3403 3464 3477 Ἐκκλησία
3515 3411 3628 3460 τῶν
3690 3429 3785 3461 πι-

2114 3498 2253 3548 στῶν
2263 3536 2276 3548 .

2187 3607 2215 3634 ‹‹
2247 3581 2377 3644 Θεὸς
2427 3580 2644 3655 Κύριος,
2676 3581 2766 3636 καὶ
2819 3581 3074 3660 ἐπέφανεν
3133 3584 3294 3655 ἡμῖν.
3325 3608 3353 3635 ››
3387 3616 3459 3626 —
3487 3583 3622 3646 Θεός
3684 3584 3784 3640 ἐσ-

2112 3692 2193 3727 τιν
2229 3673 2256 3726 6
2316 3671 2563 3747 Xpwtéc'
2625 3669 2822 3747 Κύριός
2880 3670 3021 3726 ἐστιν
3077 3672 3105 3725 6
3162 3673 3414 3748 Χριστὸς,
3446 3673 3538 3728 καὶ
3599 3672 3781 3752 ἐφάνη

2111 3766 2228 3823 τοῖς
2259 3760 2570 3836 ἀνθρώποις
2602 3757 2692 3814 διὰ
2720 3759 2939 3836 σαρκός.

2188 3873 2216 3901 (ί
2250 3850 2592 3918 Συστήσασθε
2621 3848 2814 3924 έορτήν
2848 3847 2900 3903 ἐν
2930 3853 3050 3912 τοῖς
3107 3848 3436 3920 πυκάζουσιν
3493 3848 3605 3913 ἓως
3659 3855 3782 3907 τῶν

2113 3937 2350 4014 κεράτων
2430 3941 2529 3993 τοῦ
2599 3935 3004 4012 θυσιαστηρίου.
3064 3963 3092 3992 ››
3153 3971 3223 3982 -
3273 3939 3597 4016 Ἑορτάσατε
3686 3937 3787 3995 διὰ

2115 4026 2393 4101 θυμάτων
2462 4030 2865 4100 πνευματικῶν,
2949 4027 3296 4098 πυκαζόντων
3397 4025 3524 4098 ἤτοι
3597 4027 3792 4085 καλυ-

2114 4115 2382 4189 πτόντων,
2411 4113 2442 4169 6'
2470 4113 2580 4169 ἐστι
2626 4114 2974 4170 πυκνούντων
3003 4119 3073 4190 τῇ
3107 4114 3426 4189 ἐπαλληλίᾳ
3470 4117 3533 4172 τὸ
3595 4119 3793 4172 θυσια-

2118 4206 2339 4280 στήριον
2395 4210 2498 4272 τῆς
2553 4207 2762 4279 ψυχῆς.
2812 4206 2954 4267 Ἕως
3012 4209 3119 4261 τῶν
3165 4205 3429 4281 κεράτων,
3477 4203 3609 4276 ἤτοι
3669 4211 3791 4262 τῶν

2118 4295 2296 4370 ἄκρων
2353 4292 2539 4363 αὐτοῦ,
2582 4293 2825 4349 τουτέστι
2883 4291 2974 4348 διὰ
3029 4293 3420 4368 παμπληθείας
3481 4293 3792 4372 ὲορτάσατο

2117 4383 2324 4459 ἀρετῶν
2335 4425 2350 4439 .

2193 4498 2220 4524 ‹‹
2254 4471 2385 4535 Θεός
2444 4493 2550 4546 μου
2580 4471 2630 4527 εἰ
2655 4471 2740 4544 σὺ,
2779 4473 2870 4528 καὶ
2928 4471 3414 4549 ἐξομολογήσομαί
3474 4495 3585 4533 σοι.
3648 4474 3793 4539 Θεύς

2124 4583 2231 4636 μου
2289 4561 2336 4617 εἰ
2391 4561 2476 4632 σὺ,
2508 4561 2598 4616 καὶ
2660 4562 2861 4636 ὑψώσω
2921 4583 2998 4620 σε.
3032 4587 3061 4614 ››
3093 4563 3158 4619 Εἰ
3214 4564 3304 4619 καὶ
3358 4564 3650 4640 ἄνθρωπος
3701 4564 3796 4640 γέ-

2040 4665 2088 4731 D
2116 4671 2278 4729 γονας
2303 4649 2397 4706 (ίνα
2427 4651 2605 4724 σώσῃς
2637 4671 2724 4725 με.

2701 4797 2997 4852 ΨΑΛΜΟΣ
3037 4800 3184 4852 ΡΙΗ’.

2193 4962 2219 4989 ‹‹
2253 4935 2624 5008 Ἀλληλούϊα.
2683 4937 2956 5011 Μακάριοι
3015 4937 3066 4991 οἱ
3123 4939 3350 5012 ἄμωμοι
3408 4937 3459 4993 ἐν
3530 4933 3672 5010 ὁδῷ·
3734 4941 3794 4994 οἱ

2118 5027 2472 5102 πορευόμενοι
2533 5025 2586 5081 ἐν
2643 5024 2798 5098 νόμῳ
2875 5024 3096 5102 Κυρίου.
3154 5050 3183 5077 ››
3242 5060 3310 5070 --
3367 5025 3647 5100 Μακάριοι
3732 5030 3792 5083 οἱ

2120 5119 2345 5192 ἄμωμοι
2401 5111 2548 5177 ὄντες
2605 5113 2657 5168 ἐν
2707 5117 2788 5186 τῷ
2843 5113 3069 5191 παρόντι
3133 5113 3259 5191 βίῳ.
3290 5114 3440 5178 Τίνες
3491 5111 3550 5170 δὲ
3580 5113 3788 5186 οῦτοι;

2120 5207 2184 5260 Οἱ
2212 5203 2625 5276 πολιτευόμενοι
2657 5203 2792 5257 κατὰ
2821 5198 2991 5275 νόμον
3020 5207 3174 5258 Θεοῦ.

2193 5292 2524 5369 «Μακάριοι
2584 5291 2636 5346 οἱ
2696 5290 3072 5368 ἐξερευνῶντες
3135 5293 3204 5346 τὰ
3261 5291 3533 5368 μαρτύρια
3583 5291 3788 5348 αὐτοῦ·

2120 5387 2172 5442 ἐν
2235 5383 2340 5458 ὅλῃ
2394 5378 2590 5456 καρδίᾳ
2645 5379 3039 5450 ἐκζητήσωσιν
3096 5381 3273 5438 αὐτόν.
3334 5406 3363 5433 ››
3408 5414 3477 5425 -
3533 5381 3598 5436 Οἱ
3667 5385 3790 5456 μετ’

2122 5472 2432 5534 ἐπιστασίας
2489 5468 2952 5546 ἀναγινώσκοντες
3010 5469 3102 5524 τὸν
3183 5471 3354 5544 νόμον
3435 5473 3535 5526 τοῦ
3619 5475 3790 5548 Θεοῦ,

2122 5564 2259 5620 ὥστε
2287 5567 2402 5618 κατ’
2428 5559 2586 5615 αὐτὸν
2619 5552 2859 5634 ἀκριϐῶς
2896 5559 3188 5632 βιοτεῦσαι.

2195 5652 2324 5708 »Οὐ
2377 5651 2479 5727 γάρ
2535 5649 2586 5702 οἱ
2647 5645 3002 5724 ἐργαζόμενοι
3061 5648 3289 5724 ἀνομίαν
3349 5649 3402 5705 ἐν
3459 5653 3584 5712 ταῖς
3624 5646 3789 5715 ὁδοῖς

2121 5743 2287 5801 αὐτοῦ
2317 5738 2705 5820 ἐπορεύθησαν.
2738 5760 2768 5790 ››
2799 5768 2868 5781 -
2897 5736 3057 5794 Οὗτοι
3119 5737 3172 5794 ἐν
3233 5735 3338 5814 ὅλῃ
3390 5741 3551 5816 ψυχῇ
3610 5739 3784 5821 asks-
