4066 6460
276 432 429 495 1581

1498 442 1918 508 EXPOSITIO
1960 448 2039 510 IN
2084 450 2466 517 PSALMOS.

3527 472 3684 535 1582

270 586 424 620 σουσι
457 561 668 642 βαδίσαι
693 564 832 642 πρὸς
885 566 1012 621 Θεὸν
1063 563 1153 622 διὰ
1195 573 1297 638 τῆς
1327 568 1576 646 φυλακῆς
1621 578 1726 629 τῶν
1759 576 1924 633 αύτοῢ
1950 581 2128 652 Ατάς
2186 585 2282 648 σὰς
2334 584 2592 648 ἐντολάς.
2653 587 2918 662 Εὐκτικήν
2979 592 3037 651 δὲ
3093 593 3319 674 δύναμιν
3373 598 3561 678 ἔχουσι
3615 607 3684 662 τὰ

274 653 304 678 2,
332 653 418 678 ΑΛ
437 659 506 678 εν.
2045 671 2057 678 .
2266 674 2276 678 _

271 653 507 711 ἐντολῶν
518 698 532 711 .

341 767 372 797 ‹‹
423 743 500 798 Σὺ
544 741 793 800 ἐνετείλω
842 744 939 807 τὰς
988 743 1213 808 ἐντολάς
1255 767 1351 803 σου
1410 749 1742 826 φυλάξασθαι
1792 755 1922 833 σφό-

267 829 386 910 δρα.
420 858 449 886 ››
482 865 552 877 --·
605 832 679 888 Οὐ
735 833 837 910 γὰρ
897 833 948 888 οἱ
1007 833 1340 910 παρανόμως
1400 842 1596 906 ζῶντες
1652 829 1925 915 ἠδυνήθη-

265 943 358 978 σαν
417 923 749 999 πορευθῆναι
809 922 862 978 ἐν
919 927 1039 985 ταῖς
1085 923 1164 986 εἷς
1208 924 1367 980 αὐτὸν
1413 927 1701 1005 φερούσαις
1751 929 1919 997 ὁδοῖς·

266 1009 351 1066 διὸ
379 1011 441 1066 ού
490 1008 768 1087 βαδιοῦσιν
816 1008 966 1066 οὗτοι
1019 1013 1156 1088 πρὸς
1206 1013 1360 1069 Θεόν·

263 1099 478 1156 ἐντολαὶ
508 1099 674 1156 αὐτοῦ
703 1100 759 1154 αἱ
790 1101 1015 1176 ἄγουσαι
1046 1101 1185 1177 πρὸς
1216 1101 1396 1161 αὐτόν.

335 1231 364 1260 ‹‹
396 1205 528 1262 Τότε
573 1205 636 1261 ού
670 1207 745 1280 μή
799 1205 1101 1282 αἰσχυνθῶ,
1150 1207 1202 1263 ἐν
1247 1213 1326 1281 τῷ
1377 1233 1442 1284 με
1485 1208 1798 1272 ἐπιϐλέπειν
1829 1217 1916 1274 ἐπὶ

260 1295 435 1358 πάσας
486 1295 582 1358 τὰς
634 1293 862 1358 ἐντολάς
909 1317 1027 1353 σου.
1060 1320 1088 1349 ››
1123 1331 1192 1340 -ι
1235 1297 1312 1353 Σὺ
1361 1300 1690 1375 προσέταξας
1740 1305 1791 1360 ἐν
1836 1311 1916 1380 τῷ

2036 671 2300 748 ὁριστικά.

2109 783 2138 813 ‹‹
2168 763 2549 839 ’Δποκάλυψον
2600 768 2727 830 τοὺς
2781 769 3096 846 ὀφθαλμοὺς
3146 798 3271 849 μου,
3301 780 3391 834 καὶ
3419 787 3684 856 κατανοή-

2033 870 2110 904 σω
2140 853 2207 906 τὰ
2253 853 2522 927 θαυμάσια
2571 855 2630 912 ἐκ
2673 862 2771 912 τοῦ
2815 859 2989 935 νόμου
3037 885 3154 922 σου.
3186 890 3216 919 ››
3247 901 3318 910 -—
3363 869 3588 948 Περίελε
3614 875 3679 929 τὸ

2029 938 2295 1014 κάλυμμα
2322 947 2430 1038 τῶν
2468 950 2569 1015 τῆς
2607 943 2844 1012 διανοίας
2869 971 3000 1038 -.μου
3049 952 3368 1032 ὀφθαλμῶν,
3418 938 3508 1014 καὶ
3535 963 3678 1038 γδώ-

1411 1013 1529 1072 ὁδοὶ
1578 1015 1636 1073 δὲ
1683 1025 1817 1075 Θεοῦ
1864 1022 1920 1076 αἱ
2029 1013 2194 1102 σομαι
2225 1013 2232 1014 7
2269 1013 2752 1109 τὰἐγκεκρυμμένα
2823 1013 2906 1110 τῷ
2997 1013 3152 1116 νόιίώ
3224 1013 3320 1100 σου
3355 1013 3368 1028 1
3397 1013 3678 1123 θαυμάοτὰ

2025 1119 2292 1191 νοήματα.

2099 1231 2127 1257 ‹‹
2178 1208 2448 1284 Πάροικος
2508 1211 2628 1303 ἐγώ.
2675 1211 2790 1286 είμι
2849 1213 2903 1271 ἐν
2953 1220 3022 1292 τῇ
3223 1223 3299 1295 μή
3352 1222 3670 1303 ἀποκρύψῃς

2023 1292 2117 1348 ἀπ’
2162 1294 2297 1368 ἐμοῦ
2345 1299 2441 1361 τὰς
2489 1297 2712 1364 ἐντολάς
2751 1323 2867 1380 σου.
2913 1330 2942 1357 ››
2986 1339 3056 1348 --
3083 1292 3424 1386 ’Παροδικῶς
3466 1292 3671 1392 κέχρἧ

260 1383 420 1458 νόμῳ
451 1383 738 1462 φυλάττειν
767 1383 864 1446 τὰς
913 1383 1134 1448 ἐντολάς
1187 1407 1304 1460 σου,
1359 1387 1498 1444 ὥστε
1542 1393 1633 1447 καὶ
1683 1377 1915 1472 κατάραν
2026 1403 2120 1482 μξιι
2173 1389 2254 1482 τῷ
2310 1387 2537 1482 ῖταριξντι
2587 1388 2721 1482 *βίῳ
2782 1377 2866 1447 διδ
2911 1377 3322 1472 γνώρισόν’μοι
3372 1377 3666 1482 pateﬁt-3'90;

263 1472 534 1549 ἐπήγαγες
587 1478 706 1535 τοῖς
757 1474 833 1546 μή
893 1471 1218 1548 ἐμμένουσιν
1277 1475 1328 1531 ἐν
1383 1477 1580 1543 πάσαις
1654 1471 1839 1547 αὐταῖς
1897 1528 1911 1542 .

257 1557 386 1626 Εἴθε
413 1566 542 1637 γοῦν
574 1560 1049 1632 κατευθυνθείησαν
1081 1562 1134 1618 αἱ
1183 1561 1302 1620 ὁδοὶ
1331 1567 1430 1636 τῆς
1469 1567 1748 1635 πολιτείας
1781 1594 1909 1647 μου,

259 1648 399 1706 ὥστε
425 1648 721 1724 πληρῶσαι
746 1649 843 1713 τὰς
873 1649 1096 1714 ἐντολάς
1129 1673 1244 1706 σου.

2017 1471 2117 1533 τὰς
2167 1472 2260 1535 σάς
2317 1472 2536 1540 ἐντολὰς
2585 1475 2674 1534 ’ίνα
2725 1471 3125 1562 συντονώτερον
3182 1471 3383 1566 τρέχω.
3412 1471 3663 1569 πρὸςῑῆν

2019 1558 2326 1618 ἐπισπεύδω
2358 1567 2522 1635 ζωήν.

2092 1673 2121 1743 ι(
2152 1651 2515 1743 Ἐπεπόθησεν
2575 1657 2611 1725 ἡ
2679 1660 2830 1735 ψυχή
2897 1682 3001 1734 μου
3054 1668 3152 1718 τοῦ
3210 1665 3538 1743 ἐπιθυμῆσαι
3596 1675 3665 1729 τὰ

331 1763 360 1791 ‹‹
390 1737 523 1794 Τότε
559 1737 622 1793 οὐ
673 1739 749 1812 μὴ
799 1739 1098 1814 αἱσχυνθῶ.
1131 1763 1161 1793 ››
1191 1775 1260 1784 -
1310 1745 1436 1798 Ὅτε
1483 1748 1908 1805 κατευθυνθῶσιν
2015 1738 2253 1834 κρίμξατᾴ
2293 1762 2388 1834 σρυ
2440 1742 2492 1798 ἐν
2536 1744 2694 1800 παντί
2721 1747 2915 1824 καιρῷ.
2947 1775 2976 1803 υ
3009 1785 3079 1794 -
3130 1737 3664 1834 Σφόδραέπεπόθη-

256 1829 313 1883 αἱ
343 1825 460 1883 ὁδοί
490 1847 616 1902 μου,
649 1827 723 1890 ὡς
751 1823 981 1926 εἴρηται,
1012 1828 1138 1884 τότε
1166 1830 1229 1885 οὐ
1263 1832 1339 1904 μὴ
1391 1831 1688 1910 αἷσχυνθῶ·
1731 1834 1822 1892 διὰ
1851 1836 1910 1895 δὲ
2015 1829 2169 1926 σεξνῂ
2202 1831 2355 1926 ιίίυχή
2392 1851 2497 1926 μου
2525 1834 2593 1888 τά
2618 1823 2855 1910 κρίματᾶ
2882 1860 3000 1912 σου,
3033 1823 3485 1921 ὥστε-ἐπιθυμίαν
3512 1823 3660 1926 ἔχείν

251 1915 316 1971 τὸ
351 1913 492 1990 μηδέ
525 1915 652 1988 μίαν
683 1911 1050 1988 παραϐλέπειν
1081 1915 1310 1990 ἐντολήν
1344 1940 1461 1977 σου.

329 2027 358 2056 ‹‹
388 2003 902 2080 Ἐξομολογήσομαί
950 2025 1035 2060 σοι
1079 2004 1132 2060 ἐν
1172 2005 1424 2079 εύθύτητι
1475 2008 1700 2086 καρδίας
1747 2013 1800 2069 ἐν
1825 2019 1906 2088 τῷ

256 2092 626 2168 μεμαθηκέναι
677 2114 745 2167 με
787 2092 856 2148 τὰ
900 2093 1138 2169 κρίματα
1180 2102 1284 2166 τῆς
1330 2094 1677 2172 δικαιοσύνης
1713 2124 1838 2176 μου.
1872 2128 1900 2157 ››

249 2183 474 2236 -Ὅτε
524 2183 680 2255 μάθω
725 2181 823 2244 τὰς
870 2179 1094 2244 ἐντολάς
1143 2204 1239 2238 σου
1289 2183 1430 2240 ὥστε
1479 2195 1656 2244 ποιεῖν
1715 2191 1900 2267 αὐτὰς,

253 2271 642 2347 εὐχαριστῆσαι
735 2269 861 2325 τότε
948 2267 1252 2346 δυνήσομαι
1340 2277 1526 2350 ψυχῆς
1604 2277 1898 2352 εὐθύτητι·

249 2359 439 2424 καθότι
495 2358 601 2435 γὰρ
661 2358 724 2414 ού
782 2357 1042 2436 φυλάσσει
1091 2382 1176 2423 τις
1230 2361 1323 2416 τὸν
1381 2363 1546 2438 νόμον
1603 2388 1726 2442 σου,
1782 2371 1900 2426 κατ’

250 2449 422 2504 ἐκεῖνο
453 2447 676 2504 σκολιὰν
701 2446 818 2523 ἔχει
845 2449 946 2517 τὴν
979 2447 1179 2504 οἰκείαν
1211 2453 1422 2527 ψυχήν.

321 2562 352 2590 ‹‹
391 2539 478 2608 Μή
532 2559 601 2611 με
651 2535 1012 2612 ἐγκαταλίπῃς
1056 2533 1160 2601 ἕως
1206 2538 1432 2618 σφόδρα.
1489 2567 1511 2595 ι
1561 2578 1631 2587 —
1675 2545 1746 2600 Τὸ
1793 2543 1900 2612 ἓως

247 2624 455 2706 σφόδρα
483 2625 602 2681 ἀντὶ
631 2630 728 2680 τοῦ
779 2626 944 2702 μέχρι
992 2631 1090 2681 τοῦ
1141 2626 1262 2683 λίαν
1311 2631 1401 2684 καὶ
1451 2633 1754 2698 παντελῶς⁶
1797 2637 1896 2708 τὴν

244 2714 455 2771 τελείαν
488 2712 865 2792 ἐγκατάλειψιν
895 2717 922 2770 ὁ
951 2717 1240 2792 προφήτης
1269 2717 1585 2796 ἀπεύχεται.

318 2846 348 2875 ‹‹
398 2825 485 2878 Ἐν
533 2821 641 2876 τίνι
685 2823 1019 2898 κατορθώσει
1067 2823 1332 2902 νεώτερος
1372 2829 1473 2898 τὴν
1518 2827 1640 2885 ὁδὸν
1682 2830 1896 2904 αύτοῦ;

243 2911 298 2969 ἐν
353 2915 435 2984 τῷ
491 2907 823 2989 φυλάξασθαι
881 2911 1010 2974 τοὺς
1062 2910 1258 2989 λόγους
1316 2936 1433 2974 σου.
1484 2938 1512 2972 ιι
1556 2951 1626 2961 -
1680 2920 1744 2975 Ἡ
1795 2921 1896 2998 γὰρ

247 3001 464 3080 φυλακή
515 3004 614 3054 τοῦ
659 2999 830 3069 νόμου
874 2999 968 3054 τὸν
1018 2999 1134 3076 βίον
1182 3003 1338 3078 ὁρθοῖ
1379 3009 1476 3060 τοῦ
1521 3007 1666 3078 νέου,
1714 3009 1804 3063 καὶ
1832 3012 1897 3066 τὸ

239 3090 379 3166 πρὸς
408 3091 501 3144 τὸν
545 3090 645 3157 τῆς
690 3086 958 3164 ἁμαρτίας
994 3089 1241 3164 κρημνὸν
1290 3091 1579 3170 ἐπιῤῥεπές
1625 3102 1728 3167 τῆς
1778 3098 1892 3154 νεό..

239 3199 409 3249 τητος
440 3176 626 3254 χάριν,
658 3175 724 3231 ού
757 3173 935 3248 δίκην,
967 3179 1186 3254 κατέχει
1215 3181 1305 3234 καὶ
1335 3181 1641 3240 ἀνατέλλει.

1933 1957 1984 2024 Β
2017 1916 2191 1972 αὐτῶν
2225 1916 2276 1973 ἐν
2308 1919 2467 1975 παντὶ
2496 1927 2670 1998 καιρῷ

2085 2046 2130 2119 ‹‹⁸
2159 2023 2555 2119 ,Ἐπετίμησας
2639 2029 3000 2119 ὑπερηφάνοις
3058 2055 3072 2069 ⁸
3150 2037 3533 2119 ἐπικατάρατοι
3608 2047 3663 2102 οἱ

2013 2109 2349 2178 ἐκκλίνοντες
2401 2115 2507 2171 ἀπὸ
2551 2121 2660 2172 τῶν
2711 2109 2948 2178 ἐντολῶν
2988 2145 3106 2183 σου.
3147 2150 3178 2180 ››
3209 2161 3280 2171 -
3328 2109 3682 2205 ἸῖίπείλησαςΔ

2010 2199 2234 2257 κόλασιν
2292 2207 2410 2258 τοῖς
2467 2205 2793 2282 ὑπερόπταις
2847 2215 2944 2267 τοῦ
2999 2213 3191 2288 νόμου*
3253 2215 3340 2274 διὸ
3392 2222 3484 2276 καὶ
3538 2199 3604 2299 γέ
3637 2255 3661 2267 -

2010 2309 2270 2365 γραπται·
2304 2315 2332 2344 ‹‹
2384 2294 2808 2371 Ἐπικατάρατος
2853 2300 2914 2363 ὃς
2963 2301 3062 2358 ούκ
3104 2303 3326 2380 ἐμμένει
3374 2315 3504 2365 πᾶσι
3542 2317 3660 2377 τοῖς

2010 2377 2408 2454 γεγραμμένοις
2460 2381 2512 2437 ἐν
2560 2388 2640 2456 τῷ
2691 2380 2894 2462 βιϐλίῳ
2933 2395 3031 2445 τοῦ
3072 2377 3244 2467 νόμου
3287 2401 3386 2452 τοῦ
3433 2402 3660 2471 ποιῆσαι

2009 2487 2163 2524 αυτα.
2189 2491 2220 2520 »

2081 2579 2111 2608 ‹‹
2145 2555 2244 2611 Καὶ
2275 2558 2378 2634 γὰρ
2428 2558 2676 2624 ἐκάθισαν
2726 2561 2989 2641 ἄρχοντες
3037 2569 3128 2624 καὶ
3175 2573 3292 2627 κατ’
3341 2574 3479 2649 ἐμοῦ
3508 2597 3662 2634 κατε-

2010 2641 2236 2702 λάλουν.
2297 2670 2326 2736 ξ)
2379 2680 2450 2689 ——-
2506 2650 2815 2726 ’Δρχοντας
2871 2652 3016 2730 λέγει
3072 2657 3201 2722 τοὺς
3259 2641 3548 2736 αἰσθητούς
3601 2689 3662 2724 τε

2007 2731 2099 2831 καὶ
2130 2732 2361 2804 νοητοὺς
2411 2737 2465 2791 οἳ
2512 2736 2791 2810 ὠνείδιζον
2832 2742 2980 2818 αὗτῷ
3024 2747 3124 2816 τὴν
3175 2749 3228 2803 ἐν
3252 2755 3333 2824 τῷ
3370 2731 3528 2828 νόμῳ
3563 2778 3658 2831 με-

2009 2817 2174 2917 λέτην
2229 2822 2306 2886 ὡς
2367 2822 2642 2902 ἄχρηστον
2679 2871 2692 2884 .
2751 2831 2808 2884 Ὁ
2864 2817 2958 2887 δὲν
2996 2817 3378 2913 συνεχέστερον
3439 2817 3662 2917 ἐμποιεῖ

2005 2909 2285 2969 τοιαύτην.

2081 2933 2091 2964 ί.
2134 2933 2194 2965 υτ
2271 2955 2285 2969 ο

2081 2933 2455 3097 (ΞῗἘζίόλληθη
2514 3008 2595 3076 τῷ
2652 3003 2836 3086 ἐδάφει
2891 3011 2926 3079 ἡ
2959 3013 3111 3088 ψυχή
3177 3036 3302 3089 μου·
3365 3020 3528 3090 ζῆσόν
3591 3045 3660 3097 με

2004 3089 2143 3143 κατὰ
2169 3089 2261 3144 τὸν
2292 3088 2458 3166 λόγον
2510 3113 2628 3150 σου.
2660 3120 2792 3182 »γ-
2839 3088 3187 3174 Ἐκολλήθην
3231 3109 3301 3180 τῇ
3350 3088 3446 3182 γῇ,
3495 3088 3654 3168 τουτ-

2006 3176 2538 3266 έπινῗέταπεινώθην
2585 3181 2811 3262 σφόδρα·
2862 3183 2947 3242 διὸ
2993 3193 3089 3264 ζῇν
3133 3213 3201 3266 με
3239 3176 3471 3266 ποίησον
3519 3202 3656 3257 κατὰ

315 3289 344 3319 ‹‹
371 3271 458 3321 Ἐν
491 3262 596 3340 ὅλῃ
622 3262 820 3342 καρδίᾳ
871 3286 975 3339 μου
1023 3265 1321 3338 ἐξεζήτησά
1366 3291 1442 3326 σε·
1482 3274 1556 3346 μὴ
1599 3273 1790 3350 ἀπώσῃ
1825 3298 1893 3350 με
1924 3325 1966 3350 η
1999 3265 2092 3320 τὸν
2117 3265 2286 3339 νόμον
2311 3289 2428 3326 σου.

242 3357 349 3411 ἀπὸ
392 3358 502 3410 τῶν
554 3325 808 3409 ἐντολῶν¹
839 3325 956 3412 σου.
1007 3378 1036 3408 ››
1058 3325 1158 3400 ῖ-
1203 3325 1492 3434 Εἷίχεσθαιι
1529 3366 1637 3416 τῶν
1669 3331 1776 3420 σῶν
1810 3325 1892 3420 ἐξ-
1922 3325 1966 3394 C
2074 3378 2106 3408 «
2135 3356 2238 3418 Τάς
2265 3352 2430 3450 ὁδοξθς
2463 3379 2568 3432 μου
2621 3359 2930 3438 ἐξήγγειλα,
2979 3366 3070 3421 καὶ
3115 3371 3424 3446 ἕξπήκουσάς
3459 3397 3585 3450 μου.
3618 3402 3649 3431 ››

239 3443 421 3501 τολῶν
481 3440 770 3506 διαπαντὸς
828 3443 1230 3520 παρασκεύασον
1265 3490 1280 3516 ,
1335 3447 1584 3505 ἀνάπτων
1649 3473 1741 3525 μοι
1793 3455 1891 3525 τὴν

239 3530 448 3606 θέρμην
490 3537 593 3602 τῆς
637 3530 811 3586 αὐτῶν
863 3530 1154 3610 φυλακῆς,
1201 3533 1292 3589 καὶ
1352 3537 1428 3610 μὴ
1481 3543 1892 3618 παραχωρήσῃς

236 3619 429 3700 πόρῥω
465 3641 533 3694 με
560 3620 806 3697 γενέσθαι
835 3619 1034 3677 αὐτῶν.

311 3732 341 3760 ‹‹
371 3710 460 3765 Ἐν
501 3711 574 3784 τῇ
622 3707 818 3786 καρδίᾳ
857 3731 962 3783 μου
1011 3707 1218 3788 ἔκρυψα
1265 3713 1333 3768 τὰ
1380 3711 1542 3790 λόγιά
1590 3737 1707 3791 σου,
1739 3717 1890 3782 ὅπως

233 3805 296 3863 ἂν
348 3807 425 3882 μὴ
481 3805 708 3884 ἁμάρτω
751 3827 858 3864 σοι.
894 3830 924 3858 ››
955 3840 1025 3852 -
1075 3809 1160 3864 Ἐν
1190 3813 1259 3884 τῇ
1289 3812 1444 3887 ψυχῇ
1487 3834 1592 3887 μου
1641 3814 1888 3891 ἐταμιευ-

228 3897 412 3968 σάμην
439 3894 540 3963 τήν
596 3896 818 3968 μνήμην
863 3899 973 3951 τῶν
1023 3896 1259 3954 ἐντολῶν
1307 3919 1426 3974 σου,
1463 3899 1556 3956 ’ίνα
1587 3905 1664 3977 μὴ
1695 3905 1890 3970 ταύτας

235 3977 469 4058 παραϐῶ
498 3979 589 4037 διὰ
619 3980 820 4054 λήθην.

308 4094 338 4124 ‹‹
369 4067 693 4144 Εὐλογητὸς
748 4071 815 4144 εἶ,
860 4071 1044 4150 Κύριε·
1091 4071 1304 4146 δίδαξόν
1353 4099 1421 4150 με
1464 4079 1533 4134 τὰ
1581 4080 1888 4158 δικαιώμα-

223 4160 296 4215 τά
354 4179 472 4216 σου.
533 4181 562 4211 ››
623 4190 694 4200 —
749 4159 932 4232 ’Δξιος
993 4161 1273 4235 ὑμνεῖσθαι
1329 4168 1478 4244 παρά
1530 4167 1743 4224 πάντων
1791 4171 1889 4245 εἶ,

226 4246 494 4306 Δέσποτα.
534 4245 845 4324 Παρακαλῶ
893 4245 951 4304 δὲ
994 4250 1090 4312 τὰς
1143 4251 1363 4316 ἐντολάς
1421 4276 1516 4310 σου
1578 4259 1763 4330 μαθεῖν
1809 4256 1891 4316 ἔτι

231 4331 579 4414 βεϐαιότερόν
610 4357 670 4392 τε
699 4336 789 4392 καὶ
822 4336 1187 4415 ὑψηλότερον.

299 4450 331 4480 ‹‹
362 4428 448 4482 Ἐν
499 4431 617 4488 τοῖς
653 4424 872 4515 χείλεσι
923 4448 1029 4501 μου
1073 4427 1366 4506 ἐξήγγειλα
1429 4431 1605 4490 πάντα
1653 4437 1722 4491 τὰ
1765 4438 1889 4515 κρί-

229 4536 373 4589 ματα
419 4519 519 4571 τοῦ
567 4514 840 4588 στόματός
890 4537 1007 4575 σου.
1041 4541 1071 4570 ››
1103 4551 1174 4560 -—-
1202 4521 1302 4574 Διά
1346 4525 1456 4577 τῶν
1502 4523 1737 4598 χειλέων
1781 4514 1888 4599 μου

225 4603 443 4676 ἐδίδαξα
466 4605 563 4667 τὰς
592 4601 816 4668 ἐντολὰς
847 4626 944 4661 σου
970 4605 1166 4671 πάσας.

1999 3475 2071 3486 -—-
2125 3446 2229 3539 Τὰς
2284 3445 2504 3539 πράξεις
2562 3470 2667 3539 μου
2723 3445 3162 3530 ἐξηγορευσάμηίν
3221 3445 3470 3519 ἐνώπιόν.
3511 3486 3647 3539 σου,

1996 3531 2240 3588 τουτέστι
2292 3534 2388 3598 τὰς
2465 3536 2730 3613 ἁμαρτίας
2805 3561 2910 3614 μου
2940 3589 2957 3616 ,
3014 3545 3104 3600 καὶ
3174 3546 3479 3620 ἐπήκουσάς
3540 3531 3647 3629 μου

2002 3622 2334 3692 ζητήσαντος
2380 3619 2587 3719 ξίφεσιν·
2624 3650 2653 3678 ‹‹
2683 3629 2818 3705 Λέγε
2845 3631 2950 3708 γὰρ
2992 3632 3076 3708 σὺ,
3110 3619 3272 3714 φησί.
3295 3641 3393 3704 τὰς
3423 3619 3649 3719 ἀνομίας

1999 3729 2096 3764 σου
2123 3715 2342 3788 πρῶτος
2368 3709 2462 3768 ’ίνα
2491 3710 2806 3790 δικαιωθῇς.
2841 3742 2870 3772 ››

2073 3821 2102 3851 ‹‹
2133 3796 2353 3870 Δίδαξόν
2388 3821 2456 3874 με
2482 3804 2550 3858 τὰ
2579 3801 2922 3881 δικαιώματά
2948 3830 3065 3869 σου.
3090 3836 3121 3865 ››
3142 3847 3212 3856 -
3238 3813 3648 3898 ’Δκριϐέστερον

1998 3887 2089 3942 καὶ
2123 3887 2432 3964 βαθύτερον.

2076 3999 2106 4028 ‹‹
2156 3973 2735 4067 Ὃδὸν-δικαιωμάτων
2784 4003 2880 4039 σου
2924 3986 3197 4046 συνέτισόν
3251 4013 3338 4067 με,
3389 3996 3480 4050 καὶ
3525 3993 3655 4055 ἀδο-

2003 4060 2266 4139 λεσχήσω
2313 4062 2364 4120 ἐν
2404 4071 2521 4130 τοῖς
2571 4069 2892 4144 θαυμασίοις
2942 4094 3060 4133 σου.
3110 4101 3141 4130 ››
3323 4060 3519 4160 ’τρίϐον
3550 4091 3659 4142 τῶν

2000 4151 2234 4208 ἐντολῶν
2285 4174 2382 4249 σου
2427 4155 2690 4249 γνώρισόν
2740 4180 2876 4249 μοι’,
2924 4163 3076 4242 κάγὼ
3133 4151 3518 4249 ἐμμελετήσω,
3573 4177 3657 4241 οἷς

1997 4241 2550 4319 τεθαυματούργηκας
2575 4291 2593 4319 ,
2640 4241 2779 4304 ὥστε
2827 4246 3129 4329 διηγεῖσθαι
3168 4241 3355 4315 ταῦτα
3400 4241 3516 4317 καὶ,
3559 4285 3657 4338 με-

1996 4328 2251 4405 γαλύνειν
2283 4351 2362 4388 σε.

2071 4440 2100 4469 ‹‹
2129 4417 2433 4514 Ἐνύσταξεν
2474 4423 2714 4514 ηψυχή
2773 4448 2880 4500 μου
2937 4428 3044 4485 ἀπὸ
3097 4431 3354 4505 ἀκηδίας·
3419 4433 3651 4514 βεϐαίω-

1996 4507 2090 4563 σόν
2127 4528 2193 4600 με
2220 4506 2272 4563 ἐν
2302 4514 2422 4574 τοῖς
2469 4508 2666 4600 λόγοις
2719 4535 2838 4574 σου.
2869 4540 2900 4570 ››
2929 4551 2998 4560 -
3028 4520 3348 4596 Ἐχαυνώθη
3402 4506 3509 4583 ἀπὸ
3551 4531 3652 4600 τῆς

1994 4600 2103 4651 τῶν
2138 4594 2412 4672 δαιμόνων
2464 4599 2808 4676 ἐπαγομένης
2854 4594 3106 4680 ἀκηδίαςς
3159 4610 3235 4674 εἷς
3270 4594 3346 4668 τὸν
3379 4594 3654 4682 συντόνως

296 4717 329 4748 ‹‹
364 4694 452 4748 Ἐν
509 4691 580 4767 τῇ
639 4689 752 4764 ὁδῷ
806 4698 912 4749 τῶν
975 4697 1286 4774 μαρτυρίων
1347 4720 1442 4754 σου
1492 4699 1754 4781 ἐτέρφθην
1813 4704 1889 4767 ὡς
1918 4692 1967 4758 D
1999 4682 2362 4781 δηλξκδῆ-ταῖς
2394 4687 2640 4781 ἐντεξλ-αῖς
2672 4712 2768 4747 σου
2801 4692 3122 4770 ἐμμελετᾷν·
3155 4702 3420 4780 Στήριξόν
3452 4727 3520 4778 με
3558 4702 3651 4762 οὖν

239 4781 331 4837 ἐπὶ
376 4781 535 4838 παντὶ
582 4779 896 4855 πλούτῳ.»
928 4817 998 4826 -—
1043 4783 1282 4856 Βαδίζων
1328 4789 1428 4859 τὴν
1476 4787 1601 4846 ὁδὸν
1627 4779 1760 4848 -τῶν
1812 4792 1891 4849 ἐν-

232 4868 414 4925 τολῶν
471 4890 593 4940 σου,
648 4867 823 4934 οὕτως
893 4871 1194 4952 εὐφράνθην
1273 4876 1347 4938 ὡς
1402 4879 1578 4934 πάντα
1645 4879 1890 4939 πλοῦτον

235 4959 594 5033 κτησάμενος.

305 5070 336 5099 ‹‹
390 5048 477 5102 Ἐν
529 5052 650 5111 ταῖς
702 5047 950 5114 ἐντολαῖς
1001 5073 1097 5107 σου
1143 5051 1527 5131 ἀδολεσχήσωο
1585 5059 1677 5113 καὶ
1723 5081 1887 5115 κατα-

147 5195 156 5204 ἰ
219 5137 410 5207 νοήσω
460 5135 558 5198 τὰς
601 5135 763 5200 ὁδούς
813 5159 930 5195 σου.
982 5163 1012 5192 »
1060 5173 1130 5183 -—
1178 5144 1265 5197 Ἐν
1313 5149 1433 5207 ταῖς
1493 5144 1741 5211 ἐντολαῖς
1794 5169 1890 5203 σου

230 5229 479 5299 συνεχῶς
511 5223 817 5301 μελετήσω,
848 5228 1127 5285 κάντεῦθεν
1175 5227 1554 5310 ἀκριϐέστερον
1606 5237 1888 5313 γνώσομαι

232 5311 456 5375 ταύτας.

303 5425 334 5455 ‹‹
363 5399 694 5465 Ἀνταπόδος
741 5401 822 5476 τῷ
879 5401 1068 5480 δούλῳ
1114 5427 1232 5464 σου·
1269 5411 1506 5485 ζήσομαι
1546 5413 1636 5468 καὶ
1669 5411 1892 5493 φυλάξω

229 5489 358 5553 τοὺς
415 5487 615 5565 λόγους
663 5511 781 5550 σου.
819 5516 842 5545 ι
878 5526 947 5535 -
1007 5496 1155 5551 Ἀντὶ
1213 5505 1312 5568 τῆς
1365 5498 1416 5553 ἐν
1475 5507 1596 5564 ταῖς
1648 5487 1892 5568 ἐντολαῖς

230 5601 327 5636 σου
383 5576 709 5656 ἀδολεσχίας
744 5627 759 5653 ,
802 5582 893 5636 καὶ
942 5590 1062 5646 τοῖς
1113 5582 1444 5661 δικαιώμασί
1493 5611 1588 5645 σου
1636 5590 1892 5665 μελέτης.

234 5658 440 5732 ἀπόδος
489 5663 729 5742 ἀμόιϐἡν
779 5675 860 5744 τῷ
911 5669 1098 5747 δούλῳ
1146 5696 1262 5732 σου.
1311 5658 1402 5739 Τίς
1451 5675 1508 5733 δὲ
1556 5680 1592 5751 ἡ
1633 5658 1893 5754 ἀμοιϐἧ;

237 5757 599 5857 Διαφεύξομαι
646 5757 740 5818 τὸν
806 5761 1035 5820 θάνατον
1074 5769 1177 5837 τῆς
1233 5768 1462 5844 ψυχῆς,
1519 5769 1611 5826 καὶ
1666 5773 1896 5849 τηρήσω

2001 4772 2160 4837 αὐτὸς
2190 4773 2267 4838 εἷς
2299 4776 2398 4844 τήν
2433 4777 2667 4850 μελέτην
2695 4785 2802 4836 τῶν
2836 4781 3074 4841 ἐντολῶν
3107 4807 3226 4847 σου.

2075 4905 2104 4934 (ι
2136 4879 2288 4937 Ὁδὸν
2315 4881 2528 4948 ἀδικίας
2575 4886 2884 4959 ἀπόπησον
2930 4891 3022 4947 ἀπ’
3068 4891 3226 4970 ἐμοῦ,
3259 4896 3350 4952 καὶ
3391 4903 3472 4972 τῷ
3501 4895 3658 4975 νόμῳ

2002 4991 2100 5025 σου
2145 4968 2369 5043 ἐλέησόν
2419 4994 2505 5047 με.
2560 4998 2590 5026 ››
2622 5009 2692 5017 -
2740 4981 2939 5053 Πρᾶξιν
2998 4979 3184 5039 ἄδικον
3212 4968 3510 5044 -ἀπέλασον

2001 5057 2157 5146 ἐμοῦ,
2206 5061 2297 5114 καὶ
2348 5059 2572 5132 ἐλέησόν
2628 5085 2714 5141 με,
2762 5069 2942 5130 καθὼς
2990 5069 3160 5146 νόμος
3209 5095 3292 5130 σοι
3343 5074 3513 5132 ἐλεεῖν
3560 5079 3655 5134 τὸν

2003 5144 2254 5222 δεόμενόν
2286 5171 2382 5204 σου
2415 5149 2734 5230 ὁλοψύχως.

2077 5259 2106 5288 ‹‹
2133 5235 2284 5293 Ὁδὸν
2333 5237 2593 5310 ἀληθείας
2631 5242 2992 5322 ᾑρετισάμην,
3038 5246 3130 5303 καῖ
3171 5250 3241 5306 τὰ
3288 5253 3527 5330 κρίματά
3557 5275 3654 5312 σου

2003 5325 2104 5416 ούκ
2157 5325 2522 5402 ἐπελαθόμην.
2571 5355 2601 5384 ››
2651 5365 2721 5375 -
2777 5331 2931 5398 Ὁδὸς
2982 5334 3241 5407 ἀληθείας
3295 5325 3657 5416 ττὰίἀληθινὰ

2005 5411 2274 5490 δόγματα.

2076 5529 2106 5558 ‹‹
2141 5504 2480 5578 Ἐκολλήθην
2528 5514 2647 5573 τοῖς
2695 5511 3012 5588 μαρτυρίοις
3062 5535 3180 5590 σου,
3238 5517 3420 5596 Κύριε,
3478 5524 3552 5596 μή
3589 5540 3659 5597 με

2003 5595 2366 5670 καταισχύνῃς
2399 5639 2412 5653 .
2473 5621 2496 5650 ι
2558 5629 2629 5640 -—-
2687 5604 3156 5666 Δυσαποσπάστως
3213 5601 3329 5684 ἔχω
3384 5614 3494 5665 τῶν
3553 5615 3662 5666 σῶν

2006 5680 2240 5792 ἐντοληῶν
2269 5728 2282 5742 .
2330 5684 2433 5792 Bird.
2465 5682 2562 5792 ’05:
2600 5692 3021 5790 παραχωρήσῃς
3068 5680 3428 5786 αἰσχυνθῆναι
3475 5697 3532 5762 ἐν
3577 5702 3661 5792 τῷ

2005 5773 2310 5856 ἡττηθῆναι
2343 5772 2433 5832 ὑπ’
2460 5773 2690 5870 ἐχθρῶν.
3167 5772 3170 5773 ν
3189 5772 3202 5782 ’
3328 5781 3333 5786 ’
