4066 6454
335 435 492 496 1583

1568 400 1992 468 NICEPHORI
2037 393 2476 460 BLEMMIDIE

3590 379 3762 445 i584

406 586 436 616 «
467 557 617 616 Ὁδὸν
653 554 894 613 ἐντολῶν
925 572 1020 608 σου
1051 545 1314 624 ἔδραμον,
1364 542 1489 598 ὅταν
1537 537 1837 597 ἐπλάτυνας
1883 533 1982 601 τὴν
2015 533 2069 599 Α
2101 526 2408 598 ἒπήλπισάς
2457 543 2544 596 με.
2597 544 2626 573 ))
2656 552 2727 561 -
2775 519 3058 590 Μνήσθητι
3108 517 3191 572 ἐπ’
3247 516 3372 590 ἐμοὶ
3431 519 3510 589 τῷ
3568 513 3766 588 δούλῳ

332 649 554 730 καρδίαν
591 670 716 723 μου.
750 670 778 698 ››
807 675 880 688 —
926 636 1248 698 Σπουδαίως
1306 627 1528 688 ἐϐάδισα
1573 630 1671 697 τὴν
1718 623 1840 680 ὁδὸν
1879 626 1986 677 τῶν

407 711 417 730 .
591 711 601 723 .

335 746 444 799 σῶν
474 738 728 810 ἐντολῶν,
760 733 886 790 ὅταν
911 737 1012 802 τῆς
1036 732 1145 784 τῶν
1175 725 1487 800 πειρασμῶν
1524 739 1591 793 με
1620 711 1985 790 στενοχωρίας

333 831 444 903 ἀπή
453 829 677 899 λλαξας.

411 889 444 973 (ί
488 889 872 991 Νομοθέτησόν
923 930 1017 984 με,
1069 905 1250 982 Κύριε,
1295 902 1395 970 τήν
1441 895 1565 991 ὁδὸν
1604 898 1725 991 τῶν.
1763 889 1985 947 δικαιω-

341 1009 524 1084 μάτων
573 979 692 1077 σου,
749 1000 841 1056 καὶ
899 979 1184 1067 ἐκζητήσω
1240 989 1406 1057 αὐτὴν
1468 979 1780 1042 διαπαντός,
1841 1001 1869 1029 ››
1918 1007 1988 1017 --

338 1070 720 1171 ίδῖομοθέτησόν
769 1087 933 1157 αὐτὴν
993 1084 1045 1140 ἐν
1094 1085 1162 1156 τῇ
1215 1081 1370 1154 ψυχῇ
1424 1096 1550 1149 μου,
1587 1070 1985 1171 τουτέστιισυν-

341 1154 477 1241 ιέναι
538 1154 622 1256 με.
661 1154 902 1248 ποίησον.
967 1154 1168 1240 ταύτην
1245 1166 1416 1227 οὕτως
1494 1155 1732 1238 ἀκριϐῶς
1805 1154 1986 1230 ὥσπερ

339 1271 780 1348 νενομοθέτηται.
1465 1342 1475 1348 _
1705 1337 1718 1348 ,
1800 1337 1810 1348 ,
1835 1258 1844 1270 ⁸

415 1337 665 1416 «ιΚλῖον
698 1357 800 1426 τήν
852 1349 1073 1430 καρδίαν
1129 1369 1232 1424 μου
1290 1345 1368 1407 εἰς
1422 1342 1490 1397 τὰ
1550 1337 1818 1417 μαρτύριά
1869 1355 1986 1401 σου,

341 1451 433 1507 καὶ
467 1451 544 1524 μὴ
599 1447 678 1509 εἰς
722 1427 1053 1513 πλεονεξίαν.
1089 1463 1118 1490 ››
1149 1471 1219 1480 --
1246 1434 1452 1511 Τρέψον
1497 1431 1597 1499 τήν
1643 1427 1829 1502 ψυχὴν
1884 1443 1988 1496 μου

341 1539 421 1603 εἷς
577 1534 794 1612 ἀγάπην
839 1535 949 1588 τῶν
1000 1527 1236 1584 ἐντολῶν
1287 1544 1404 1594 σου,
1452 1518 1541 1576 καί
1575 1519 1651 1592 μὴ
1684 1516 1762 1578 εἷς
1799 1519 1988 1582 κτῆσιν

338 1632 446 1686 τῶν
479 1627 529 1683 ἐν
560 1627 640 1698 τῷ
675 1624 780 1699 βίῳ
805 1619 1160 1698 πραγμάτων.

419 1741 440 1770 ι
471 1686 859 1790 Ἀπόστρεψον¹
886 1686 1014 1770 «Sim
1065 1701 1381 1784 ὀφθαλμούς
1433 1718 1549 1790 Δμου
1594 1697 1692 1749 τοῦ
1730 1692 1832 1790 μὴ.
1857 1686 1989 1790 ἰδεῖν

345 1777 700 1882 ματαιότητοί·
753 1777 814 1856 ’ἐν
871 1802 942 1872 τῇ
1001 1777 1138 1882 ὀδῷ.Δ
1170 1813 1266 1847 σου
1316 1786 1474 1859 ζῆσόν
1541 1805 1626 1859 με.
1662 1806 1690 1834 ››
1722 1777 1990 1882 ῖ-ῼἉπό-

343 1864 540 1967 δτησον
567 1864 669 1962 τὲἦς
717 1864 952 1949 διανοίας
996 1864 1356 1956 τᾶγὸμματα,
1403 1878 1542 1967 ᾧστε
1593 1873 1669 1947 μὴ
1720 1864 1993 1967 ἐμϐλέψαι

343 1955 559 2060 τῇυτοῦ
612 1955 733 2058 βίου
777 1970 1268 2052 τερπνότητι,καὶ
1318 1966 1455 2023 κατᾶ
1498 1964 1589 2020 τόν
1644 1982 1727 2016 σοι
1778 1955 1996 2014 δοθέντα

347 2069 727 2129 πολιτεύεσθαι
755 2067 942 2140 νόμον.

424 2184 454 2214 ι(
483 2160 692 2229 Στῆσον
723 2160 802 2230 τῶ
824 2133 1017 2226 *δούλῳ
1047 2171 1144 2206 σου
1192 2149 1256 2203 τὸ
1305 2143 1489 2222 λόγιόν
1539 2161 1635 2230 σου
1666 2137 1741 2200 εἷς
1769 2137 1862 2192 τὸν
1896 2133 1994 2230 φό-

348 2245 446 2306 ϐον
477 2223 595 2306 σουί
627 2271 658 2300 »
688 2223 1111 2321 —"Eéf5{tc;mov
1159 2237 1211 2293 ἐν
1262 2234 1387 2309 ἐμοὶ
1438 2232 1529 2287 τὸν
1578 2228 1745 2321 νόμον
1779 2247 1876 2280 σου
1919 2223 1993 2321 εἷξ

343 2340 409 2396 τὸ
447 2332 727 2418 φοϐεῖσθαί
775 2309 1084 2390 σε.”Φόϐον
1134 2325 1192 2382 δὲ
1240 2323 1384 2400 λέγει
1430 2323 1494 2376 τὸ
1531 2314 1884 2418 ,τελειωτικὸν
1931 2309 1994 2418 ού

344 2401 604 2504 πρόξενος
659 2427 696 2494 ἡ
750 2426 858 2478 τῶν
919 2416 1153 2476 ἐντολῶν
1212 2412 1453 2493 φυλακὴ,
1501 2407 1684 2482 ὥσπερ
1731 2402 1933 2472 ταύτης
1965 2401 1994 2455 ὁ

347 2537 440 2574 στο
450 2535 639 2592 ιχειωτ
648 2513 780 2576 ικός.

423 2578 698 2679 «ᾖερίελε
737 2602 830 2658 τὸν
881 2594 1188 2669 ὀνειδισμόν
1244 2612 1348 2666 μου
1401 2591 1460 2645 ’ὸν
1513 2586 1858 2652 ὑπώπτευσα,
1884 2578 1993 2679 ’δὸτι

343 2694 413 2752 τὰ
467 2667 705 2770 κρίματά
759 2712 856 2746 σου
911 2667 1148 2764 χρηστά.
1183 2707 1307 2736 ››--
1361 2680 1461 2734 Τὸν
1514 2675 1660 2770 παρὰ
1713 2677 1818 2728 τῶν
1881 2667 1994 2724 δαι-

350 2759 532 2860 μόνων
565 2759 673 2838 ’διὰ
713 2781 815 2850 τὴν
868 2759 1132 2852 ἁμαρτίαν
1183 2792 1276 2846 μοι
1323 2759 1738 2846 προστριϐέντα,
1769 2761 1827 2814 ’ὸν
1861 2759 1996 2813 ὑπε-

347 2847 552 2944 ἐτάλην
608 2870 699 2927 καὶ
755 2847 1032 2946 ἐφοϐήθην
1068 2883 1081 2896 ·
1141 2859 1360 2938 περίελε
1413 2859 1540 2933 γοῦν
1598 2856 1786 2946 τοῦτον
1813 2867 1851 2946 ⁸.
1879 2847 1994 2946 ἐπεὶ

347 2963 405 3018 αἱ
450 2937 654 3037 κρίσεις
702 2937 807 3014 σου.
855 2937 1062 3033 ἀγαθαί⁶
1116 2937 1234 3013 τοῖς
1291 2947 1609 3022 μετανοοῦσι
1665 2940 1768 3016 γὰρ
1826 2937 1993 3007 ἀνεξι-

347 3055 554 3114 κακεῖς.

423 3163 453 3194 ι(
479 3140 552 3194 Τὸ
580 3135 851 3214 σωτήριόν
885 3155 980 3190 σου
1031 3131 1168 3187 κατὰ
1211 3129 1303 3186 τὸν
1353 3124 1521 3201 λόγον
1552 3143 1665 3180 σου.
1705 3143 1728 3173 ι
1764 3152 1833 3162 --
1864 3116 1996 3172 Εἶπε

345 3229 449 3308 γὰρ
480 3227 533 3284 ἐν
583 3231 664 3300 τῷ
710 3207 870 3299 νόμῳ
918 3221 1088 3279 ἐλεεῖν
1133 3217 1226 3275 καὶ
1272 3217 1462 3287 σώζειν
1510 3211 1639 3274 τοὺς
1685 3207 1995 3288 φυλάσσον-

343 3339 443 3382 τας
462 3317 629 3374 αὐτοῦ
657 3316 727 3371 τὰ
752 3313 1158 3389 προστάγματα.

421 3430 453 3460 ‹‹
483 3405 583 3461 Καὶ
640 3383 1080 3479 ἀποκριθήσονμαι
1126 3402 1249 3459 τοῖς
1309 3389 1632 3463 ὀνειδίζουσί
1691 3409 1785 3463 μοι
1833 3383 1995 3461 λόγον

350 3493 434 3551 ὅτι
465 3491 680 3563 ἤλπισα
726 3475 812 3547 ἐπὶ
840 3494 956 3552 τοῖς
1002 3487 1189 3563 λόγοις
1237 3505 1353 3541 σου.
1387 3506 1416 3536 ››
1447 3515 1518 3524 —-
1565 3479 1670 3537 Καὶ
1711 3482 1830 3539 τοῖς
1863 3475 1996 3529 ὀνει-

353 3583 559 3654 δίζουσί
613 3602 704 3656 μοι
751 3580 851 3649 τὴν
903 3578 1037 3652 ὑπὲρ
1105 3576 1297 3651 ἀρετῆς
1353 3571 1712 3632 κακοπάθειαν
1770 3566 1999 3640 ἀποκρι-

351 3674 593 3746 θήσομαι
615 3653 808 3725 τοῦτον
857 3667 947 3722 τὸν
997 3663 1188 3741 λόγον,
1237 3660 1482 3717 ’Ἠλπισα
1529 3657 1616 3713 ἐπὶ
1644 3661 1763 3717 τοῖς
1813 3653 2000 3730 λόγοις

351 3741 450 3818 τοῦ
497 3741 631 3817 θεοῦ
663 3755 1049 3834 ὑπεσχημένου
1096 3749 1284 3808 πολλὰ
1332 3749 1502 3826 ἀγαθὰ
1525 3751 1641 3808 τοῖς
1669 3741 2001 3823 φυλάσσουσι

350 3852 450 3915 τὰς
470 3849 635 3907 αὐτοῦ
667 3845 910 3909 ἐντολάς.

428 3963 459 3993 ‹‹
508 3938 609 3994 Καὶ
661 3937 739 4011 μὴ
787 3933 1042 4010 περιέλῃς
1091 3931 1151 3988 ἐκ
1196 3933 1295 3986 τοῦ
1343 3925 1611 4002 στόματός
1681 3945 1785 3998 μου
1833 3920 2000 3996 λόγον

355 4027 612 4100 ἀληθείας
663 4009 768 4088 ἱέως
830 4009 1057 4102 σφόδρα,
1118 4019 1201 4076 ὅτι
1245 4024 1366 4081 τοῖς
1411 4015 1635 4093 κρίμασί
1683 4035 1779 4069 σου
1827 4009 2001 4082 ἐπήλ-

355 4138 508 4174 πισα.
540 4140 570 4169 ››
600 4148 671 4158 -
715 4100 1014 4170 Φυλάττων
1059 4111 1164 4188 γὰρ
1208 4111 1305 4171 τὰς
1354 4104 1576 4167 ἐντολάς
1627 4125 1744 4174 σου,
1794 4100 2003 4170 ἐλπίζω

355 4204 439 4262 ὅτι
489 4205 552 4260 οὐ
604 4205 681 4279 μὴ
725 4202 1136 4280 παραχωρήσῃς
1187 4198 1247 4254 ἐκ
1288 4201 1384 4252 τοῦ
1434 4189 1702 4268 στόματός
1757 4213 1861 4265 μου
1910 4211 2004 4244 πε-

356 4300 694 4373 ριαιρεθῆναι
761 4293 862 4362 τὴν
936 4289 1192 4360 ἀλήθειαν
1229 4333 1245 4357 ,
1299 4283 1406 4373 ἕως
1471 4287 1568 4339 τοῦ
1622 4280 1740 4336 λίαν
1800 4280 1862 4335 ού
1925 4280 2000 4352 μὴ

353 4369 768 4460 παραχωρήσης
799 4380 951 4451 αύτὸ,
980 4378 1252 4433 τουτέστιν
1280 4372 1407 4430 οὐδὲ
1432 4373 1495 4428 τὸ
1537 4369 1786 4427 σύνολον.

429 4490 783 4551 «Διαπαντὸς
835 4487 912 4551 εἷς
970 4486 1062 4542 τὸν
1115 4483 1302 4540 αἰῶνα.
1336 4506 1365 4536 ››
1395 4513 1465 4524 -—
1520 4478 1619 4534 Καὶ
1676 4477 1728 4532 ἐν
1780 4479 1859 4548 τῷ
1908 4478 2002 4530 ν’ὖν

355 4579 513 4636 αἰῶνι
543 4580 632 4636 καὶ
665 4579 718 4634 ἐν
744 4581 824 4650 τῷ
856 4574 1118 4650 μέλλοντι
1147 4569 1619 4649 ἀκραιφνέστατον.

2096 639 2192 672 σου
2247 616 2338 670 τὸν
2401 613 2563 688 λόγον
2616 631 2733 681 σου,
2793 607 2875 662 ὅτι
2937 606 3179 678 ἐλεήσεις
3236 607 3328 661 καὶ
3386 606 3582 668 σώσεις
3629 603 3769 666 τοὺς

2095 704 2466 786 φυλάσσοντας
2541 701 2608 755 τὰ
2679 696 3072 775 προστάγματά
3139 717 3235 752 σου
3267 742 3281 768 ,
3343 694 3424 773 ἐφ’
3480 695 3538 750 ὃν
3591 693 3772 770 λόγον

2096 783 2332 862 ἐλπίζειν
2390 811 2457 866 με
2501 788 2759 857 ἐποίησας
2795 828 2808 842 .
2869 784 3016 855 Αὕτη
3081 787 3118 855 ἡ
3180 784 3338 846 ἐλπὶς
3396 783 3771 861 παρηγόρησέ

2099 903 2166 956 με
2197 881 2248 937 ἐν
2281 885 2349 955 τῇ
2400 876 2733 948 κακοπαθείᾳ
2783 897 2888 949 μου
2928 878 2998 949 τῇ
3050 874 3109 929 ἐκ
3153 878 3258 928 τῶν
3310 877 3655 950 πειρασμῶν.
3705 874 3768 926 Ὅ

2095 968 2370 1040 δηλωθεὶς
2402 967 2566 1044 λόγος
2596 987 2692 1021 σου
2724 963 3002 1034 ἀνεζώωσέ
3035 985 3102 1037 με
3138 962 3473 1039 νεκρωθέντα
3499 958 3612 1032 ἤδη
3643 965 3768 1022 τοῖς

2096 1063 2446 1135 πειρασμοῖς.

2167 1172 2196 1201 ‹‹
2229 1147 2588 1224 Ὑπερήφανοι
2623 1143 2974 1220 παρηνόμουν
3013 1138 3121 1204 ἕως
3167 1138 3394 1218 σφόδρα·
3428 1139 3538 1195 ἀπὸ
3570 1137 3630 1194 δὲ
3658 1141 3764 1193 τοῦ

2095 1237 2269 1310 νόμου
2301 1257 2397 1291 σου
2447 1235 2545 1290 οὐκ
2575 1232 2836 1307 ἐξέκλινα.
2869 1257 2899 1284 ››
2929 1265 3000 1272 —
3046 1231 3452 1308 Ὑπερηφάνους
3499 1227 3763 1302 ὀνομάζει

2095 1325 2222 1388 τοὺς
2255 1325 2560 1402 ὑπερόπτας
2591 1327 2688 1378 τοῦ
2717 1321 2909 1395 νόμου,

2171 1439 2198 1466 ‹‹
2231 1415 2543 1486 Ἐμνήσθην
2591 1415 2700 1466 τῶν
2748 1408 3029 1486 κριμάτων
3083 1429 3182 1463 σου
3230 1407 3323 1462 ἀπ’
3375 1407 3610 1476 αἰῶνος,
3662 1404 3767 1460 Κύ-

2100 1523 2201 1578 ριε,
2232 1503 2322 1557 καὶ
2352 1501 2726 1578 παρεκλήθην.
2763 1522 2786 1551 ι
2819 1532 2890 1540 -
2932 1501 3048 1552 Τῶν
3100 1496 3191 1551 ἀπ’
3241 1496 3443 1558 αἰῶνος
3488 1493 3618 1565 ἤτοι
3668 1494 3751 1548 ἀπ

2098 1591 2277 1668 ἀρχῆς
2335 1591 2614 1668 κριμάτων
2684 1610 2784 1643 σου
2834 1591 2951 1648 πῶς
3006 1589 3209 1648 πάντας
3260 1583 3392 1648 τοὺς
3452 1583 3534 1639 ἐπ’
3591 1583 3767 1659 ἀρετῇ

2097 1681 2586 1751 κακοπαθήσαντας
2637 1675 2887 1748 ἐδόξασας
2944 1674 3218 1730 ποικίλων
3283 1674 3585 1751 ῥυσάμενος
3639 1693 3766 1727 πει-

2136 1791 2345 1826 ασμων.

2136 1791 2202 1824 ασ
2249 1791 2345 1826 ων.

2101 1791 2130 1846 ρ
2173 1791 2468 1932 ‹‹μ;Δθυμία
2496 1857 2727 1933 κατέσχε
2776 1877 2844 1929 με
2888 1854 2996 1909 ἀπὸ
3046 1850 3392 1930 άμαρτωλῶν
3442 1856 3551 1907 τῶν
3603 1850 3771 1928 ἐγκα-

2102 1945 2556 2021 ταλιμπανόντων
2603 1946 2696 2000 τὸν
2745 1945 2911 2018 νόμον
2960 1964 3095 1999 σου.
3150 1965 3180 1995 »
3226 1975 3297 1985 —
3343 1941 3642 2014 Ἣθύμησα
3697 1938 3776 1994 δι’

2105 2035 2300 2099 αὐτοὺς
2330 2035 2412 2091 ὅτι
2443 2057 2502 2090 τε
2549 2035 2794 2091 ἀθετοῦσι
2837 2034 2931 2089 τὸν
2979 2032 3149 2106 νόμον
3196 2053 3293 2087 σου
3345 2031 3435 2086 καὶ
3465 2029 3554 2086 ὅτι
3592 2028 3780 2086 ἀπόλ-

2109 2124 2319 2182 λυνται.

2183 2237 2210 2269 α
2239 2213 2434 2269 Ψαλτά
2465 2214 2595 2283 ἦσάν
2634 2234 2728 2287 μοι
2754 2211 2822 2267 τὰ
2868 2209 3214 2284 δικαιώματά
3245 2231 3342 2265 σου
3386 2209 3437 2264 ἐν
3467 2207 3629 2280 τόπῳ
3659 2229 3777 2264 πα-

2107 2303 2316 2380 ροικίας
2351 2324 2476 2376 μου.
2511 2327 2540 2355 ››
2571 2336 2640 2344 ——
2671 2298 2851 2372 ’ᾼδων
2897 2301 2966 2354 τὰ
3015 2297 3362 2367 δικαιώματά
3391 2319 3488 2352 σου
3517 2298 3614 2352 τὸν
3652 2297 3778 2372 βίον

2106 2388 2389 2450 διώδευον.

2175 2504 2204 2532 ‹‹
2237 2481 2547 2553 Ἐμνήσθην
2601 2478 2653 2534 έν
2699 2477 2848 2532 νυκτὶ
2895 2481 2994 2532 τοῦ
3053 2470 3326 2548 ὀνόματός
3379 2495 3498 2546 σου,
3552 2472 3726 2547 Κύριε
3759 2520 3775 2545 ,

2101 2570 2192 2624 καὶ
2245 2567 2482 2646 ἐφύλαξα
2524 2569 2616 2622 τὸν
2665 2566 2830 2640 νόμον
2880 2587 2996 2623 σου.
3039 2589 3067 2619 ›)
3119 2596 3190 2607 —-
3233 2565 3417 2619 Νύκτα
3463 2561 3616 2638 λέγει
3668 2564 3773 2631 τήν

2105 2659 2367 2729 αἰσθητὴν
2397 2658 2486 2712 καὶ
2516 2658 2607 2712 τὸν
2642 2655 2804 2734 ζόφον
2833 2660 2942 2712 τῶν
2969 2658 3308 2732 πειρασμῶν.

2179 2763 2385 2835 «Αὕτη
2417 2764 2647 2840 ἐγενήθη
2702 2784 2818 2836 μοι,
2868 2761 2951 2817 ὅτι
3001 2762 3069 2816 τὰ
3119 2757 3466 2833 δικαιώματά
3517 2778 3615 2813 σου
3662 2757 3773 2830 ἐξε-
3855 2819 3860 2824 ι

2107 2856 2333 2925 ζήτησα.
2371 2877 2400 2904 ›ι
2430 2887 2498 2895 —
2555 2852 2704 2923 Αὕτη
2764 2855 2799 2922 ἡ
2865 2854 3057 2926 μνήμη
3115 2848 3311 2925 γέγονέ
3371 2870 3464 2922 μοι
3514 2847 3620 2902 άπὸ
3665 2851 3767 2905 τοῦ

2106 2939 2314 3020 σφόδρα
2343 2946 2521 3012 ζητεῖν
2549 2940 2618 2994 τὰ
2647 2936 2989 3013 δικαιώματά
3023 2959 3140 2993 σου.

2179 3054 2208 3082 ι(
2239 3030 2403 3106 Μερίς
2453 3050 2558 3103 μου
2601 3028 2667 3100 εἴ,
2720 3027 2901 3104 Κύριε,
2957 3027 3080 3082 εἶπα
3125 3030 3224 3081 τοῦ
3278 3025 3606 3104 φυλάξασθαι
3651 3021 3746 3077 τὸν

2103 3118 2269 3193 νόμον
2327 3140 2444 3175 σου.
2495 3143 2524 3170 ››
2563 3151 2632 3160 -—
2677 3115 3035 3193 Κληρονομία
3095 3137 3199 3189 μου
3258 3114 3308 3168 εἶ
3361 3114 3456 3168 καὶ
3511 3111 3745 3173 πλοῦτός

2110 3246 2261 3299 μου,
2319 3224 2527 3300 Κύριε·
2588 3221 2674 3278 διὸ
2748 3223 3046 3296 συνεθέμην
3125 3218 3355 3300 φυλάξαι
3429 3220 3522 3275 τὸν
3596 3218 3760 3293 νόμον

2030 3291 2074 3360 C
2110 3291 2229 3371 σου.

2181 3427 2208 3455 ‹‹
2239 3401 2500 3474 Ἐδεήθην
2526 3406 2624 3457 τοῦ
2669 3401 2967 3479 προσώπου
3015 3420 3112 3454 σου
3161 3397 3213 3454 ἐν
3265 3397 3368 3473 ὅλῃ
3406 3395 3604 3473 καρδίᾳ
3637 3416 3769 3470 μου⁶

2109 3493 2333 3564 ἐλέησόν
2392 3513 2459 3566 με
2512 3493 2647 3548 κατὰ
2699 3491 2763 3545 τὸ
2821 3489 3005 3566 λόγιόν
3059 3510 3194 3547 σου.
3260 3512 3289 3540 ››
3343 3485 3608 3558 Ἐδεήθην
3667 3507 3768 3541 σου

2111 3581 2411 3658 ὀλοψύχως
2439 3581 2564 3656 περὶ
2592 3587 2692 3651 τῆς
2724 3579 2992 3655 ἁμαρτίας
3027 3599 3154 3651 μου.

2185 3694 2213 3722 ‹‹
2267 3669 2667 3746 Διελογισάμην
2743 3668 2839 3730 τὰς
2915 3664 3076 3728 ὁδούς
3129 3687 3225 3720 σου
3258 3709 3272 3736 ,
3319 3664 3409 3720 καὶ
3467 3663 3777 3738 ἐπέστρεψα

2108 3761 2236 3823 τοὺς
2288 3759 2459 3821 πόδας
2519 3779 2622 3832 μου
2677 3757 2752 3818 εἷς
2805 3756 2873 3811 τά
2933 3753 3201 3831 μαρτύριά
3254 3775 3373 3810 σου.
3427 3777 3456 3804 ››
3488 3786 3556 3796 -
3609 3755 3775 3808 Ἐπε-

2112 3848 2392 3924 σκεψάμην
2422 3847 2518 3910 τὰς
2552 3843 2770 3908 ἐντολάς
2800 3866 2917 3914 σου,
2959 3843 3051 3899 καὶ
3101 3842 3278 3905 οὕτως
3324 3839 3775 3916 ἐπολιτευσάμην

2109 3941 2225 3994 κατ’
2284 3937 2446 4000 αὐτὰς
2499 3933 2592 3991 ’ίνα
2652 3936 2726 4009 μὴ
2790 3933 2850 3988 ἐκ
2906 3939 3254 4009 συναρπαγῆς
3302 3933 3522 4002 ποιήσω
3570 3931 3635 3985 τὸ
3691 3931 3774 4004 μή

2111 4030 2370 4098 καθῆκον.

2185 4141 2214 4169 ‹‹
2244 4117 2612 4189 Ἣτοιμάσθην
2671 4114 2762 4168 καὶ
2821 4111 2921 4168 οὐκ
2988 4109 3292 4186 ἐταράχθην
3349 4113 3447 4165 τοῦ
3507 4106 3724 4187 φυλάξα
3755 4142 3777 4151 -

2113 4208 2232 4260 σθαι
2288 4206 2384 4267 τὰς
2433 4201 2656 4266 ἐντολάς
2706 4223 2822 4259 σου.
2872 4225 2901 4254 ››
2952 4197 3516 4275 -’Παρεσκευάσθην
3565 4199 3659 4253 καὶ
3719 4201 3779 4269 ἦ·

2113 4293 2386 4371 δραιώθην
2437 4292 2577 4347 ὥστε
2635 4289 2865 4370 φυλάξαι
2919 4291 3015 4352 τὰς
3069 4287 3289 4350 ἐντολάς
3348 4307 3474 4342 σου’
3525 4284 3610 4342 διὸ
3670 4287 3776 4342 οὐκ

2113 4385 2419 4459 ἐταράχθην
2447 4385 2516 4456 τῇ
2547 4381 2776 4436 ἐπιθέσει
2806 4384 2914 4436 τῶν
2947 4377 3246 4452 δαιμόνων.

2186 4515 2214 4542 ‹‹
2267 4486 2498 4564 Σχοινία
2574 4485 2916 4563 ἁμαρτωλῶν
2974 4482 3416 4562 περιεπλάκησάν
3480 4503 3616 4556 μοι,
3671 4482 3770 4537 καὶ

2111 4583 2208 4635 τοῦ
2248 4579 2422 4651 νόμου
2468 4599 2565 4632 σου
2606 4575 2706 4632 οὐκ
2752 4573 3117 4649 ἐπελαθόμην.
3153 4598 3183 4625 ››
3214 4607 3282 4615 -
3329 4573 3440 4634 Τὰς
3469 4566 3775 4634 ἐπιϐουλὰς

432 4685 587 4741 «Καὶ
636 4683 976 4761 ἐπορευόμην
1029 4681 1081 4736 ἐν
1131 4677 1460 4750 πλπυσμῷ,
1509 4674 1592 4730 ὅτι
1638 4674 1735 4734 τὰς
1782 4667 2005 4732 ἐντολάς
2037 4663 2084 4728 D
2113 4675 2222 4725 τῶν
2283 4668 2552 4738 αἰσθητῶν
2618 4686 2679 4721 τε
2747 4665 2836 4720 καὶ
2865 4663 3172 4738 νοουμένων
3250 4661 3462 4739 ἐχθρῶν
3539 4660 3769 4736 σχοινία

356 4797 454 4832 σου
495 4775 805 4850 ἐξεζήτησα.
862 4796 891 4825 ››
921 4803 991 4814 -ο
1037 4769 1136 4824 Καὶ
1184 4762 1515 4839 θλιϐόμενος
1562 4762 1662 4818 οὐκ
1709 4761 2004 4835 ἐστενοχω-

359 4865 610 4944 ρούμην,
655 4864 719 4919 τὸ
765 4858 1040 4939 ἀγαπῆσαί
1093 4879 1160 4934 με
1201 4857 1299 4919 τὰς
1346 4851 1568 4915 έντολάς
1616 4873 1710 4906 σου
1758 4870 2002 4926 παρηγο-

359 4955 478 5032 ρίαν
508 4951 754 5030 μεγάλην
785 4949 1118 5026 ἡγούμενος.

433 5068 460 5095 ‹‹
514 5027 617 5098 Καὶ
684 5039 916 5098 ἐλάλουν
965 5039 1016 5094 ἐν
1066 5042 1182 5098 τοῖς
1237 5032 1550 5110 μαρτυρίοις
1607 5051 1704 5084 σου
1765 5027 2000 5083 ἐναντίον

361 5130 652 5206 βασιλέων,
717 5128 806 5184 καὶ
864 5126 963 5182 οὐκ
1019 5124 1366 5200 ᾐσχυνόμην.
1427 5144 1456 5172 ››
1515 5152 1582 5161 -
1630 5116 1728 5172 Καὶ
1770 5113 2000 5170 ἐλάλουν

351 5221 479 5282 τοὺς
526 5219 728 5292 νόμους
774 5238 870 5272 σου
924 5215 1153 5270 ἐνώπιον
1211 5208 1499 5287 βασιλέων,
1549 5209 1638 5263 καὶ
1687 5205 1786 5260 οὐκ
1826 5205 2001 5280 ᾐσχυ-

351 5309 528 5383 νόμην
579 5291 654 5369 ὥς
697 5309 860 5365 am...
904 5302 1050 5382 ἔχων
1100 5308 1219 5364 τοῖς
1266 5300 1458 5375 λόγοις
1510 5319 1614 5370 μου
1665 5297 1765 5364 τὴν
1806 5291 2004 5368 διαγω-

351 5399 480 5475 γῆν.

427 5511 455 5539 ‹‹
487 5485 585 5541 Καὶ
619 5483 887 5558 ἐμελέτων
924 5485 977 5538 ἐν
1008 5488 1126 5544 ταῖς
1174 5479 1417 5541 ἐντολαῖς
1464 5499 1580 5545 σου,
1614 5477 1699 5537 αῖς
1740 5475 2003 5548 ἢγάπησα

352 5574 582 5656 σφόδρα.
617 5600 644 5626 ››
678 5607 744 5616 -
774 5575 846 5628 Οὐ
882 5573 1042 5646 μόνον
1072 5571 1344 5646 ἐμελέτων
1384 5567 1764 5643 ἀναγινώσκων
1815 5563 1999 5633 αὐτὰς,

356 5664 503 5722 ἆλλὰ
529 5663 621 5719 καὶ
650 5661 932 5739 ἔπραττον.

432 5777 461 5808 (ι
498 5753 782 5824 Μνήσθητι
838 5755 946 5806 τῶν
1008 5749 1186 5827 λόγων
1241 5769 1338 5820 σου
1388 5751 1468 5820 τῷ
1527 5743 1708 5818 δούλῳ
1759 5765 1874 5818 σου,
1927 5745 2000 5798 ὧν

2112 4758 2358 4816 ἐκάλεσεν
2371 4803 2384 4815 .

2186 4873 2214 4901 ‹‹
2246 4845 2606 4903 Μεσονύκτιον
2668 4841 3026 4920 ἐξηγειρόμην
3063 4887 3081 4916 ,
3139 4845 3238 4896 τοῦ
3311 4836 3776 4915 ἐζομολογεῖσθαί

2113 4960 2197 4994 σοι
2228 4936 2315 4992 ἐπὶ
2344 4936 2412 4990 τὰ
2438 4933 2678 5010 κρίματα
2722 4939 2825 5002 τῆς
2869 4929 3217 5000 δικαιοσύνης
3265 4951 3383 4984 σου.
3422 4953 3444 4980 ι
3497 4962 3566 4971 -
3608 4928 3777 4998 Ἐξη-

2111 5026 2376 5104 γειρόμην
2455 5021 2594 5076 ὥστε
2662 5018 3051 5096 εὐχαριστῆσαί
3108 5040 3191 5073 σοι
3260 5015 3351 5072 διὰ
3404 5016 3499 5079 τὰς
3555 5013 3776 5079 δικαίας

2112 5116 2315 5190 κρίσεις
2365 5133 2461 5167 σου
2508 5110 2572 5174 ’ὰς
2630 5109 2888 5178 ἐποίησας
2937 5107 3061 5181 ἐμοί
3103 5128 3160 5162 τε
3215 5107 3304 5162 καὶ
3352 5111 3468 5167 τοῖς
3515 5104 3775 5181 ἐχθροῖς,

2185 5228 2213 5255 ‹‹
2255 5201 2504 5276 Μέτοχος
2555 5198 2662 5274 ἐγώ
2711 5197 2826 5270 εἶμι
2873 5198 3085 5251 πάντων
3127 5200 3233 5250 τῶν
3281 5189 3638 5272 φοϐουμένων
3689 5215 3776 5264 σε,

2111 5293 2201 5351 καὶ
2230 5295 2338 5347 τῶν
2381 5287 2765 5368 φυλασσόντων
2813 5288 2908 5348 τὰς
2968 5283 3192 5347 ἐντολάς
3237 5305 3355 5340 σου.
3386 5305 3414 5338 n
3448 5315 3518 5324 —-
3544 5281 3616 5336 Τὸ
3672 5283 3775 5356 μὲ-

2110 5401 2280 5457 τοχος
2311 5379 2427 5434 ἀντὶ
2456 5382 2554 5433 τοῦ
2583 5376 2842 5437 κοινωνὸς
2869 5372 3055 5452 φίλος.

2189 5496 2214 5522 ‹‹
2244 5474 2349 5524 Τοῦ
2405 5466 2592 5528 ἐλέους
2642 5487 2761 5535 σου,
2810 5463 2992 5538 Κύριε,
3043 5462 3266 5536 πλήρης
3314 5464 3349 5530 ἡ
3395 5467 3466 5535 γῆ
3505 5479 3518 5490 ’
3569 5458 3638 5514 τὰ
3690 5457 3780 5514 δι-

2112 5560 2400 5634 καιώματά
2445 5578 2539 5611 σου
2585 5553 2797 5624 δίδαξόν
2846 5575 2929 5626 με.
2968 5576 2994 5603 n
3027 5587 3095 5593 —
3141 5552 3287 5606 Ἐπεὶ
3338 5550 3541 5610 πάντας
3571 5546 3777 5620 ἐλεεῖς,

2114 5652 2339 5721 ἐλεήσας
2413 5647 2554 5718 κᾶμέ
2631 5640 2843 5715 δίδαξον
2896 5640 3226 5719 τελεώτερον
3285 5641 3379 5700 τὰς
3436 5639 3530 5699 σὰς
3594 5635 3721 5694 ἐντο
3757 5673 3783 5682 -

2113 5739 2236 5804 λάς.
