  <div class='ocr_page' id='page_1' title='image "/cluster/home/n/w/nwhite01/storage/ocr_20150623/142/coo.31924054870476/804.png"; bbox 0 0 4066 6444; ppageno 0'>
   <div class='ocr_carea' id='block_1_1' title="bbox 318 465 473 532">
    <p class='ocr_par' dir='ltr' id='par_1_1' title="bbox 318 465 473 532">
     <span class='ocr_line' id='line_1_1' title="bbox 318 465 473 532; baseline 0.026 -4"><span class='ocrx_word' id='word_1_1' title='bbox 318 465 473 532; x_wconf 75' lang='grc'>1585</span> 
     </span>
    </p>
   </div>
   <div class='ocr_carea' id='block_1_2' title="bbox 1533 460 2514 532">
    <p class='ocr_par' dir='ltr' id='par_1_2' title="bbox 1533 460 2514 532">
     <span class='ocr_line' id='line_1_2' title="bbox 1533 460 2514 532; baseline 0.002 -4"><span class='ocrx_word' id='word_1_2' title='bbox 1533 462 1954 531; x_wconf 83' lang='lat' dir='ltr'>EXPOSITIO</span> <span class='ocrx_word' id='word_1_3' title='bbox 1997 460 2077 527; x_wconf 83' lang='lat' dir='ltr'>IN</span> <span class='ocrx_word' id='word_1_4' title='bbox 2119 463 2514 532; x_wconf 86' lang='lat' dir='ltr'>PSALMOS.</span> 
     </span>
    </p>
   </div>
   <div class='ocr_carea' id='block_1_3' title="bbox 3574 450 3734 519">
    <p class='ocr_par' dir='ltr' id='par_1_3' title="bbox 3574 450 3734 519">
     <span class='ocr_line' id='line_1_3' title="bbox 3574 450 3734 519; baseline -0.006 -2"><span class='ocrx_word' id='word_1_5' title='bbox 3574 450 3734 519; x_wconf 75' lang='grc'>1586</span> 
     </span>
    </p>
   </div>
   <div class='ocr_carea' id='block_1_4' title="bbox 385 585 3732 677">
    <p class='ocr_par' dir='ltr' id='par_1_4' title="bbox 385 585 3732 677">
     <span class='ocr_line' id='line_1_4' title="bbox 385 585 3732 677; baseline -0.003 -25"><span class='ocrx_word' id='word_1_6' title='bbox 385 622 415 653; x_wconf 78' lang='grc' dir='ltr'>ι(</span> <span class='ocrx_word' id='word_1_7' title='bbox 443 596 802 677; x_wconf 83' lang='grc' dir='ltr'>Χρηστότητα</span> <span class='ocrx_word' id='word_1_8' title='bbox 848 595 1114 669; x_wconf 83' lang='grc' dir='ltr'>ἐποίησας</span> <span class='ocrx_word' id='word_1_9' title='bbox 1160 598 1294 672; x_wconf 86' lang='grc' dir='ltr'>μετὰ</span> <span class='ocrx_word' id='word_1_10' title='bbox 1319 602 1417 654; x_wconf 79' lang='grc' dir='ltr'>τοῦ</span> <span class='ocrx_word' id='word_1_11' title='bbox 1464 594 1666 656; x_wconf 86' lang='grc' dir='ltr'>δούλου</span> <span class='ocrx_word' id='word_1_12' title='bbox 1716 619 1833 671; x_wconf 89' lang='grc' dir='ltr'>σου,</span> <span class='ocrx_word' id='word_1_13' title='bbox 1865 597 1966 653; x_wconf 81' lang='grc' dir='ltr'>Κύ-</span> <span class='ocrx_word' id='word_1_14' title='bbox 1996 599 2047 666; x_wconf 84' lang='grc' dir='ltr'>Α</span> <span class='ocrx_word' id='word_1_15' title='bbox 2081 595 2370 655; x_wconf 83' lang='grc' dir='ltr'>λάσσουσιν</span> <span class='ocrx_word' id='word_1_16' title='bbox 2436 596 2657 664; x_wconf 82' lang='grc' dir='ltr'>ἐντολὰς</span> <span class='ocrx_word' id='word_1_17' title='bbox 2726 599 2818 655; x_wconf 84' lang='grc' dir='ltr'><strong>καί</strong></span> <span class='ocrx_word' id='word_1_18' title='bbox 2864 585 3220 673; x_wconf 84' lang='grc' dir='ltr'>ἀντιλήπτωρ</span> <span class='ocrx_word' id='word_1_19' title='bbox 3266 592 3385 656; x_wconf 88' lang='grc' dir='ltr'>τοῖς</span> <span class='ocrx_word' id='word_1_20' title='bbox 3436 590 3732 665; x_wconf 84' lang='grc' dir='ltr'>μετανοοῦ-</span> 
     </span>
    </p>
   </div>
   <div class='ocr_carea' id='block_1_5' title="bbox 320 686 1968 766">
    <p class='ocr_par' dir='ltr' id='par_1_5' title="bbox 320 686 1968 766">
     <span class='ocr_line' id='line_1_5' title="bbox 320 686 1968 766; baseline 0 -24"><span class='ocrx_word' id='word_1_21' title='bbox 320 708 421 766; x_wconf 89' lang='grc' dir='ltr'>ριε,</span> <span class='ocrx_word' id='word_1_22' title='bbox 453 690 590 745; x_wconf 83' lang='grc' dir='ltr'>κατὰ</span> <span class='ocrx_word' id='word_1_23' title='bbox 641 689 731 745; x_wconf 86' lang='grc' dir='ltr'>τὸν</span> <span class='ocrx_word' id='word_1_24' title='bbox 783 686 951 763; x_wconf 88' lang='grc' dir='ltr'>λόγον</span> <span class='ocrx_word' id='word_1_25' title='bbox 1007 708 1124 742; x_wconf 90' lang='grc' dir='ltr'>σου.</span> <span class='ocrx_word' id='word_1_26' title='bbox 1158 710 1188 739; x_wconf 85' lang='grc'><strong>››</strong></span> <span class='ocrx_word' id='word_1_27' title='bbox 1219 719 1290 730; x_wconf 85' lang='lat'>—-</span> <span class='ocrx_word' id='word_1_28' title='bbox 1334 687 1656 765; x_wconf 85' lang='grc' dir='ltr'>Εὐεργεσίαν</span> <span class='ocrx_word' id='word_1_29' title='bbox 1708 687 1968 758; x_wconf 86' lang='grc' dir='ltr'>ἐποίησας</span> 
     </span>
    </p>
   </div>
   <div class='ocr_carea' id='block_1_6' title="bbox 318 775 1973 857">
    <p class='ocr_par' dir='ltr' id='par_1_6' title="bbox 318 775 1973 857">
     <span class='ocr_line' id='line_1_6' title="bbox 318 775 1973 857; baseline -0.001 -25"><span class='ocrx_word' id='word_1_30' title='bbox 318 784 433 851; x_wconf 83' lang='grc' dir='ltr'>μετ’</span> <span class='ocrx_word' id='word_1_31' title='bbox 485 776 641 853; x_wconf 80' lang='grc' dir='ltr'>ἐμοῦ,</span> <span class='ocrx_word' id='word_1_32' title='bbox 671 779 853 840; x_wconf 88' lang='grc' dir='ltr'>καθὼς</span> <span class='ocrx_word' id='word_1_33' title='bbox 912 776 966 832; x_wconf 88' lang='grc' dir='ltr'>ἐν</span> <span class='ocrx_word' id='word_1_34' title='bbox 1024 782 1105 850; x_wconf 80' lang='grc' dir='ltr'>τῷ</span> <span class='ocrx_word' id='word_1_35' title='bbox 1159 776 1318 851; x_wconf 84' lang='grc' dir='ltr'>νόμῳ</span> <span class='ocrx_word' id='word_1_36' title='bbox 1347 775 1482 857; x_wconf 80' lang='grc' dir='ltr'>ἔφης</span> <span class='ocrx_word' id='word_1_37' title='bbox 1522 777 1817 854; x_wconf 79' lang='grc' dir='ltr'>εὐεργετεῖν</span> <span class='ocrx_word' id='word_1_38' title='bbox 1846 776 1973 839; x_wconf 83' lang='grc' dir='ltr'>τοὺς</span> 
     </span>
    </p>
   </div>
   <div class='ocr_carea' id='block_1_7' title="bbox 322 866 875 945">
    <p class='ocr_par' dir='ltr' id='par_1_7' title="bbox 322 866 875 945">
     <span class='ocr_line' id='line_1_7' title="bbox 322 866 875 945; baseline 0.004 -23"><span class='ocrx_word' id='word_1_39' title='bbox 322 866 738 945; x_wconf 80' lang='grc' dir='ltr'>εὐαρεστοῦντάς</span> <span class='ocrx_word' id='word_1_40' title='bbox 769 888 831 922; x_wconf 87' lang='grc' dir='ltr'>σο</span> <span class='ocrx_word' id='word_1_41' title='bbox 842 888 875 924; x_wconf 92' lang='grc' dir='ltr'>ι.</span> 
     </span>
    </p>
   </div>
   <div class='ocr_carea' id='block_1_8' title="bbox 393 952 1969 1034">
    <p class='ocr_par' dir='ltr' id='par_1_8' title="bbox 393 952 1969 1034">
     <span class='ocr_line' id='line_1_8' title="bbox 393 952 1969 1034; baseline 0.001 -25"><span class='ocrx_word' id='word_1_42' title='bbox 393 980 417 1009; x_wconf 72' lang='grc' dir='ltr'>ι</span> <span class='ocrx_word' id='word_1_43' title='bbox 453 956 815 1034; x_wconf 83' lang='grc' dir='ltr'>Χρηστότητα</span> <span class='ocrx_word' id='word_1_44' title='bbox 867 955 958 1011; x_wconf 84' lang='grc' dir='ltr'>καὶ</span> <span class='ocrx_word' id='word_1_45' title='bbox 1031 952 1276 1011; x_wconf 82' lang='grc' dir='ltr'>παιδείαν</span> <span class='ocrx_word' id='word_1_46' title='bbox 1360 957 1452 1010; x_wconf 83' lang='grc' dir='ltr'>καὶ</span> <span class='ocrx_word' id='word_1_47' title='bbox 1506 959 1700 1032; x_wconf 89' lang='grc' dir='ltr'>γνῶσιν</span> <span class='ocrx_word' id='word_1_48' title='bbox 1761 952 1969 1026; x_wconf 79' lang='grc' dir='ltr'>δίδαξόν</span> 
     </span>
    </p>
   </div>
   <div class='ocr_carea' id='block_1_9' title="bbox 320 1042 1972 1120">
    <p class='ocr_par' dir='ltr' id='par_1_9' title="bbox 320 1042 1972 1120">
     <span class='ocr_line' id='line_1_9' title="bbox 320 1042 1972 1120; baseline -0.001 -20"><span class='ocrx_word' id='word_1_49' title='bbox 320 1066 407 1120; x_wconf 90' lang='grc' dir='ltr'>με,</span> <span class='ocrx_word' id='word_1_50' title='bbox 439 1044 522 1100; x_wconf 78' lang='grc' dir='ltr'>ὅτι</span> <span class='ocrx_word' id='word_1_51' title='bbox 579 1051 699 1108; x_wconf 89' lang='grc' dir='ltr'>ταῖς</span> <span class='ocrx_word' id='word_1_52' title='bbox 754 1044 1003 1107; x_wconf 78' lang='grc' dir='ltr'>ἐντολαῖς</span> <span class='ocrx_word' id='word_1_53' title='bbox 1061 1064 1157 1099; x_wconf 93' lang='grc' dir='ltr'>σου</span> <span class='ocrx_word' id='word_1_54' title='bbox 1218 1042 1581 1102; x_wconf 81' lang='grc' dir='ltr'>ἐπίστευσα.»</span> <span class='ocrx_word' id='word_1_55' title='bbox 1617 1072 1681 1092; x_wconf 91' lang='lat'><strong>=</strong></span> <span class='ocrx_word' id='word_1_56' title='bbox 1726 1043 1972 1118; x_wconf 86' lang='grc' dir='ltr'>Χρηστό-</span> 
     </span>
    </p>
   </div>
   <div class='ocr_carea' id='block_1_10' title="bbox 313 1130 1969 1211">
    <p class='ocr_par' dir='ltr' id='par_1_10' title="bbox 313 1130 1969 1211">
     <span class='ocr_line' id='line_1_10' title="bbox 313 1130 1969 1211; baseline -0.001 -21"><span class='ocrx_word' id='word_1_57' title='bbox 313 1155 456 1206; x_wconf 88' lang='grc' dir='ltr'>τητα</span> <span class='ocrx_word' id='word_1_58' title='bbox 482 1134 622 1210; x_wconf 84' lang='grc' dir='ltr'>πρὸς</span> <span class='ocrx_word' id='word_1_59' title='bbox 650 1133 778 1198; x_wconf 80' lang='grc' dir='ltr'>τοὺς</span> <span class='ocrx_word' id='word_1_60' title='bbox 816 1136 1098 1211; x_wconf 83' lang='grc' dir='ltr'>ὁμογενεῖς</span> <span class='ocrx_word' id='word_1_61' title='bbox 1126 1130 1376 1189; x_wconf 83' lang='grc' dir='ltr'>παιδείαν</span> <span class='ocrx_word' id='word_1_62' title='bbox 1426 1135 1525 1203; x_wconf 80' lang='grc' dir='ltr'>τὴν</span> <span class='ocrx_word' id='word_1_63' title='bbox 1573 1133 1624 1189; x_wconf 85' lang='grc' dir='ltr'>ἐν</span> <span class='ocrx_word' id='word_1_64' title='bbox 1675 1136 1969 1210; x_wconf 81' lang='grc' dir='ltr'>πρακτικῇ,</span> 
     </span>
    </p>
   </div>
   <div class='ocr_carea' id='block_1_11' title="bbox 198 1220 1970 1301">
    <p class='ocr_par' dir='ltr' id='par_1_11' title="bbox 198 1220 1970 1301">
     <span class='ocr_line' id='line_1_11' title="bbox 198 1220 1970 1301; baseline 0 -24"><span class='ocrx_word' id='word_1_65' title='bbox 198 1238 203 1242; x_wconf 88' lang='grc'>·</span> <span class='ocrx_word' id='word_1_66' title='bbox 315 1226 512 1299; x_wconf 88' lang='grc' dir='ltr'>γνῶσιν</span> <span class='ocrx_word' id='word_1_67' title='bbox 543 1223 643 1293; x_wconf 83' lang='grc' dir='ltr'>τήν</span> <span class='ocrx_word' id='word_1_68' title='bbox 678 1223 731 1279; x_wconf 89' lang='grc' dir='ltr'>ἐν</span> <span class='ocrx_word' id='word_1_69' title='bbox 759 1224 1089 1301; x_wconf 79' lang='grc' dir='ltr'>θεωρητικῇ.</span> <span class='ocrx_word' id='word_1_70' title='bbox 1121 1225 1199 1282; x_wconf 85' lang='grc' dir='ltr'>Τὸ</span> <span class='ocrx_word' id='word_1_71' title='bbox 1253 1223 1539 1280; x_wconf 87' lang='grc' dir='ltr'>ἐπίστευσα</span> <span class='ocrx_word' id='word_1_72' title='bbox 1596 1220 1653 1278; x_wconf 75' lang='grc' dir='ltr'>δὲ</span> <span class='ocrx_word' id='word_1_73' title='bbox 1707 1223 1770 1278; x_wconf 90' lang='grc' dir='ltr'>τὸ</span> <span class='ocrx_word' id='word_1_74' title='bbox 1828 1221 1970 1277; x_wconf 83' lang='grc' dir='ltr'>ἐπεί-</span> 
     </span>
    </p>
   </div>
   <div class='ocr_carea' id='block_1_12' title="bbox 316 1310 675 1384">
    <p class='ocr_par' dir='ltr' id='par_1_12' title="bbox 316 1310 675 1384">
     <span class='ocr_line' id='line_1_12' title="bbox 316 1310 675 1384; baseline 0.003 -18"><span class='ocrx_word' id='word_1_75' title='bbox 316 1323 450 1384; x_wconf 86' lang='grc' dir='ltr'>σθην</span> <span class='ocrx_word' id='word_1_76' title='bbox 484 1310 675 1384; x_wconf 90' lang='grc' dir='ltr'>δηλοῖ.</span> 
     </span>
    </p>
   </div>
   <div class='ocr_carea' id='block_1_13' title="bbox 383 1399 1968 1478">
    <p class='ocr_par' dir='ltr' id='par_1_13' title="bbox 383 1399 1968 1478">
     <span class='ocr_line' id='line_1_13' title="bbox 383 1399 1968 1478; baseline 0.001 -24"><span class='ocrx_word' id='word_1_77' title='bbox 383 1424 413 1454; x_wconf 78' lang='grc' dir='ltr'>α</span> <span class='ocrx_word' id='word_1_78' title='bbox 446 1402 567 1475; x_wconf 87' lang='grc' dir='ltr'>ΙΙρὸ</span> <span class='ocrx_word' id='word_1_79' title='bbox 625 1406 725 1458; x_wconf 82' lang='grc' dir='ltr'>τοῦ</span> <span class='ocrx_word' id='word_1_80' title='bbox 787 1423 854 1476; x_wconf 90' lang='grc' dir='ltr'>με</span> <span class='ocrx_word' id='word_1_81' title='bbox 906 1404 1303 1474; x_wconf 86' lang='grc' dir='ltr'>ταπεινωθῆναι</span> <span class='ocrx_word' id='word_1_82' title='bbox 1359 1403 1470 1478; x_wconf 86' lang='grc' dir='ltr'>ἐγὼ</span> <span class='ocrx_word' id='word_1_83' title='bbox 1535 1399 1968 1475; x_wconf 76' lang='grc' dir='ltr'>ἐπλημμέλησαο</span> 
     </span>
    </p>
   </div>
   <div class='ocr_carea' id='block_1_14' title="bbox 313 1488 1969 1571">
    <p class='ocr_par' dir='ltr' id='par_1_14' title="bbox 313 1488 1969 1571">
     <span class='ocr_line' id='line_1_14' title="bbox 313 1488 1969 1571; baseline -0.001 -25"><span class='ocrx_word' id='word_1_84' title='bbox 313 1488 404 1546; x_wconf 75' lang='grc' dir='ltr'>διὰ</span> <span class='ocrx_word' id='word_1_85' title='bbox 455 1494 620 1547; x_wconf 82' lang='grc' dir='ltr'>τοῦτο</span> <span class='ocrx_word' id='word_1_86' title='bbox 673 1491 738 1547; x_wconf 86' lang='grc' dir='ltr'>τὸ</span> <span class='ocrx_word' id='word_1_87' title='bbox 795 1490 981 1568; x_wconf 87' lang='grc' dir='ltr'>λόγιόν</span> <span class='ocrx_word' id='word_1_88' title='bbox 1041 1513 1139 1547; x_wconf 90' lang='grc' dir='ltr'>σου</span> <span class='ocrx_word' id='word_1_89' title='bbox 1195 1490 1451 1571; x_wconf 81' lang='grc' dir='ltr'>ἐφύλαξα.</span> <span class='ocrx_word' id='word_1_90' title='bbox 1483 1517 1513 1545; x_wconf 77' lang='grc'><strong>››</strong></span> <span class='ocrx_word' id='word_1_91' title='bbox 1563 1523 1634 1533; x_wconf 90' lang='lat'>——</span> <span class='ocrx_word' id='word_1_92' title='bbox 1687 1496 1969 1566; x_wconf 78' lang='grc' dir='ltr'>’Ήμαρτον</span> 
     </span>
    </p>
   </div>
   <div class='ocr_carea' id='block_1_15' title="bbox 312 1578 1972 1660">
    <p class='ocr_par' dir='ltr' id='par_1_15' title="bbox 312 1578 1972 1660">
     <span class='ocr_line' id='line_1_15' title="bbox 312 1578 1972 1660; baseline -0.001 -24"><span class='ocrx_word' id='word_1_93' title='bbox 312 1579 421 1636; x_wconf 74' lang='grc' dir='ltr'>εἴτε</span> <span class='ocrx_word' id='word_1_94' title='bbox 474 1581 865 1660; x_wconf 86' lang='grc' dir='ltr'>κατεκάμφθην</span> <span class='ocrx_word' id='word_1_95' title='bbox 924 1585 1047 1643; x_wconf 86' lang='grc' dir='ltr'>τοῖς</span> <span class='ocrx_word' id='word_1_96' title='bbox 1103 1586 1451 1657; x_wconf 87' lang='grc' dir='ltr'>πειρασμοῖς·</span> <span class='ocrx_word' id='word_1_97' title='bbox 1512 1578 1598 1636; x_wconf 79' lang='grc' dir='ltr'>διὸ</span> <span class='ocrx_word' id='word_1_98' title='bbox 1652 1584 1781 1656; x_wconf 80' lang='grc' dir='ltr'>γοῦν</span> <span class='ocrx_word' id='word_1_99' title='bbox 1823 1579 1972 1635; x_wconf 78' lang='grc' dir='ltr'>ἐπει-</span> 
     </span>
    </p>
   </div>
   <div class='ocr_carea' id='block_1_16' title="bbox 313 1665 1970 1747">
    <p class='ocr_par' dir='ltr' id='par_1_16' title="bbox 313 1665 1970 1747">
     <span class='ocr_line' id='line_1_16' title="bbox 313 1665 1970 1747; baseline -0.001 -23"><span class='ocrx_word' id='word_1_100' title='bbox 313 1665 540 1744; x_wconf 84' lang='grc' dir='ltr'>ράσθην,</span> <span class='ocrx_word' id='word_1_101' title='bbox 577 1667 814 1747; x_wconf 79' lang='grc' dir='ltr'>ἐφύλαξά</span> <span class='ocrx_word' id='word_1_102' title='bbox 869 1691 966 1724; x_wconf 86' lang='grc' dir='ltr'>σου</span> <span class='ocrx_word' id='word_1_103' title='bbox 1020 1668 1116 1734; x_wconf 81' lang='grc' dir='ltr'>τὰς</span> <span class='ocrx_word' id='word_1_104' title='bbox 1147 1669 1391 1743; x_wconf 83' lang='grc' dir='ltr'>ἐντολὰς,</span> <span class='ocrx_word' id='word_1_105' title='bbox 1412 1667 1506 1725; x_wconf 71' lang='grc' dir='ltr'>’ίνα</span> <span class='ocrx_word' id='word_1_106' title='bbox 1565 1670 1640 1743; x_wconf 76' lang='grc' dir='ltr'>μὴ</span> <span class='ocrx_word' id='word_1_107' title='bbox 1697 1665 1864 1725; x_wconf 85' lang='grc' dir='ltr'>πάλιν</span> <span class='ocrx_word' id='word_1_108' title='bbox 1910 1670 1970 1724; x_wconf 86' lang='grc' dir='ltr'>ἁ-</span> 
     </span>
    </p>
   </div>
   <div class='ocr_carea' id='block_1_17' title="bbox 327 1760 1333 1837">
    <p class='ocr_par' dir='ltr' id='par_1_17' title="bbox 327 1760 1333 1837">
     <span class='ocr_line' id='line_1_17' title="bbox 327 1760 1333 1837; baseline 0.001 -22"><span class='ocrx_word' id='word_1_109' title='bbox 327 1761 505 1837; x_wconf 88' lang='grc' dir='ltr'>μαρτή</span> <span class='ocrx_word' id='word_1_110' title='bbox 513 1780 609 1822; x_wconf 91' lang='grc' dir='ltr'>σας</span> <span class='ocrx_word' id='word_1_111' title='bbox 641 1760 936 1835; x_wconf 88' lang='grc' dir='ltr'>πειρασθῶ.</span> <span class='ocrx_word' id='word_1_112' title='bbox 1320 1798 1333 1807; x_wconf 70' lang='grc' dir='ltr'><em>ι</em></span> 
     </span>
    </p>
   </div>
   <div class='ocr_carea' id='block_1_18' title="bbox 389 1844 1970 1924">
    <p class='ocr_par' dir='ltr' id='par_1_18' title="bbox 389 1844 1970 1924">
     <span class='ocr_line' id='line_1_18' title="bbox 389 1844 1970 1924; baseline 0.001 -26"><span class='ocrx_word' id='word_1_113' title='bbox 389 1869 419 1898; x_wconf 90' lang='grc'><em>‹‹</em></span> <span class='ocrx_word' id='word_1_114' title='bbox 471 1845 823 1917; x_wconf 86' lang='grc' dir='ltr'>Ἐπληθύνθη</span> <span class='ocrx_word' id='word_1_115' title='bbox 877 1846 960 1902; x_wconf 71' lang='grc' dir='ltr'>ἐπ’</span> <span class='ocrx_word' id='word_1_116' title='bbox 1016 1846 1115 1921; x_wconf 75' lang='grc' dir='ltr'>ἐμὲ</span> <span class='ocrx_word' id='word_1_117' title='bbox 1168 1844 1353 1903; x_wconf 81' lang='grc' dir='ltr'>ἀδικία</span> <span class='ocrx_word' id='word_1_118' title='bbox 1430 1844 1809 1924; x_wconf 79' lang='grc' dir='ltr'>ὑπερηφάνων·</span> <span class='ocrx_word' id='word_1_119' title='bbox 1860 1844 1970 1919; x_wconf 87' lang='grc' dir='ltr'>ἐγὼ</span> 
     </span>
    </p>
   </div>
   <div class='ocr_carea' id='block_1_19' title="bbox 317 1932 1966 2013">
    <p class='ocr_par' dir='ltr' id='par_1_19' title="bbox 317 1932 1966 2013">
     <span class='ocr_line' id='line_1_19' title="bbox 317 1932 1966 2013; baseline -0.002 -23"><span class='ocrx_word' id='word_1_120' title='bbox 317 1932 377 1990; x_wconf 77' lang='grc' dir='ltr'>δὲ</span> <span class='ocrx_word' id='word_1_121' title='bbox 404 1933 456 1990; x_wconf 86' lang='grc' dir='ltr'>ἐν</span> <span class='ocrx_word' id='word_1_122' title='bbox 488 1934 593 2010; x_wconf 80' lang='grc' dir='ltr'>ὅλῃ</span> <span class='ocrx_word' id='word_1_123' title='bbox 620 1932 817 2013; x_wconf 81' lang='grc' dir='ltr'>καρδίᾳ</span> <span class='ocrx_word' id='word_1_124' title='bbox 856 1956 961 2009; x_wconf 89' lang='grc' dir='ltr'>μου</span> <span class='ocrx_word' id='word_1_125' title='bbox 993 1934 1323 2013; x_wconf 80' lang='grc' dir='ltr'>ἐξερευνήσω</span> <span class='ocrx_word' id='word_1_126' title='bbox 1350 1937 1448 1998; x_wconf 82' lang='grc' dir='ltr'>τὰς</span> <span class='ocrx_word' id='word_1_127' title='bbox 1505 1932 1729 1997; x_wconf 90' lang='grc' dir='ltr'>ἐντολάς</span> <span class='ocrx_word' id='word_1_128' title='bbox 1786 1955 1902 1990; x_wconf 90' lang='grc' dir='ltr'>σου.</span> <span class='ocrx_word' id='word_1_129' title='bbox 1937 1959 1966 1987; x_wconf 87' lang='grc'><strong>››</strong></span> 
     </span>
    </p>
   </div>
   <div class='ocr_carea' id='block_1_20' title="bbox 317 2022 1454 2102">
    <p class='ocr_par' dir='ltr' id='par_1_20' title="bbox 317 2022 1454 2102">
     <span class='ocr_line' id='line_1_20' title="bbox 317 2022 1454 2102; baseline 0.001 -21"><span class='ocrx_word' id='word_1_130' title='bbox 317 2057 389 2069; x_wconf 77' lang='grc' dir='ltr'>-ο</span> <span class='ocrx_word' id='word_1_131' title='bbox 418 2022 619 2081; x_wconf 86' lang='grc' dir='ltr'>Πολλά</span> <span class='ocrx_word' id='word_1_132' title='bbox 651 2046 720 2098; x_wconf 88' lang='grc' dir='ltr'>με</span> <span class='ocrx_word' id='word_1_133' title='bbox 746 2022 1012 2096; x_wconf 78' lang='grc' dir='ltr'>ἠδίκησαν</span> <span class='ocrx_word' id='word_1_134' title='bbox 1041 2025 1094 2080; x_wconf 76' lang='grc' dir='ltr'>οἱ</span> <span class='ocrx_word' id='word_1_135' title='bbox 1123 2026 1454 2102; x_wconf 83' lang='grc' dir='ltr'>παράνομοι.</span> 
     </span>
    </p>
   </div>
   <div class='ocr_carea' id='block_1_21' title="bbox 392 2127 1973 2208">
    <p class='ocr_par' dir='ltr' id='par_1_21' title="bbox 392 2127 1973 2208">
     <span class='ocr_line' id='line_1_21' title="bbox 392 2127 1973 2208; baseline 0.001 -24"><span class='ocrx_word' id='word_1_136' title='bbox 392 2155 422 2183; x_wconf 88' lang='grc'><em>‹‹</em></span> <span class='ocrx_word' id='word_1_137' title='bbox 453 2132 730 2208; x_wconf 89' lang='grc' dir='ltr'>Ἐτυρώθη</span> <span class='ocrx_word' id='word_1_138' title='bbox 763 2131 839 2194; x_wconf 82' lang='grc' dir='ltr'>ὡς</span> <span class='ocrx_word' id='word_1_139' title='bbox 884 2130 1032 2207; x_wconf 85' lang='grc' dir='ltr'>γάλα</span> <span class='ocrx_word' id='word_1_140' title='bbox 1062 2133 1097 2201; x_wconf 84' lang='grc' dir='ltr'><strong>ἡ</strong></span> <span class='ocrx_word' id='word_1_141' title='bbox 1128 2128 1325 2207; x_wconf 85' lang='grc' dir='ltr'>καρδία</span> <span class='ocrx_word' id='word_1_142' title='bbox 1377 2129 1575 2185; x_wconf 87' lang='grc' dir='ltr'>αὐτῶν·</span> <span class='ocrx_word' id='word_1_143' title='bbox 1609 2130 1721 2207; x_wconf 86' lang='grc' dir='ltr'>ἐγὼ</span> <span class='ocrx_word' id='word_1_144' title='bbox 1778 2127 1837 2185; x_wconf 79' lang='grc' dir='ltr'>δὲ</span> <span class='ocrx_word' id='word_1_145' title='bbox 1880 2131 1973 2185; x_wconf 87' lang='grc' dir='ltr'>τὸν</span> 
     </span>
    </p>
   </div>
   <div class='ocr_carea' id='block_1_22' title="bbox 316 2218 1973 2295">
    <p class='ocr_par' dir='ltr' id='par_1_22' title="bbox 316 2218 1973 2295">
     <span class='ocr_line' id='line_1_22' title="bbox 316 2218 1973 2295; baseline -0.001 -20"><span class='ocrx_word' id='word_1_146' title='bbox 316 2220 486 2293; x_wconf 87' lang='grc' dir='ltr'>νόμον</span> <span class='ocrx_word' id='word_1_147' title='bbox 546 2242 643 2275; x_wconf 89' lang='grc' dir='ltr'>σου</span> <span class='ocrx_word' id='word_1_148' title='bbox 699 2218 1025 2294; x_wconf 81' lang='grc' dir='ltr'>ἐμελέτησα.</span> <span class='ocrx_word' id='word_1_149' title='bbox 1058 2243 1088 2272; x_wconf 85' lang='grc'><strong>››</strong></span> <span class='ocrx_word' id='word_1_150' title='bbox 1120 2252 1191 2263; x_wconf 82' lang='grc'><strong><em>-</em></strong></span> <span class='ocrx_word' id='word_1_151' title='bbox 1218 2218 1620 2295; x_wconf 88' lang='grc' dir='ltr'>Ἐσκληρύνθη·</span> <span class='ocrx_word' id='word_1_152' title='bbox 1659 2220 1776 2274; x_wconf 85' lang='grc' dir='ltr'>κατ’</span> <span class='ocrx_word' id='word_1_153' title='bbox 1836 2218 1973 2293; x_wconf 79' lang='grc' dir='ltr'>ἐμοῦ</span> 
     </span>
    </p>
   </div>
   <div class='ocr_carea' id='block_1_23' title="bbox 317 2307 1976 2387">
    <p class='ocr_par' dir='ltr' id='par_1_23' title="bbox 317 2307 1976 2387">
     <span class='ocr_line' id='line_1_23' title="bbox 317 2307 1976 2387; baseline -0.002 -22"><span class='ocrx_word' id='word_1_154' title='bbox 317 2307 580 2387; x_wconf 75' lang='grc' dir='ltr'>ἡκαρδία</span> <span class='ocrx_word' id='word_1_155' title='bbox 632 2308 798 2365; x_wconf 78' lang='grc' dir='ltr'>αὐτοῦ</span> <span class='ocrx_word' id='word_1_156' title='bbox 856 2307 1015 2381; x_wconf 90' lang='grc' dir='ltr'>δίκην</span> <span class='ocrx_word' id='word_1_157' title='bbox 1066 2308 1338 2386; x_wconf 87' lang='grc' dir='ltr'>γάλακτος</span> <span class='ocrx_word' id='word_1_158' title='bbox 1396 2307 1714 2384; x_wconf 89' lang='grc' dir='ltr'>πηγομένου</span> <span class='ocrx_word' id='word_1_159' title='bbox 1771 2307 1850 2372; x_wconf 83' lang='grc' dir='ltr'>εἰς</span> <span class='ocrx_word' id='word_1_160' title='bbox 1885 2330 1976 2363; x_wconf 84' lang='grc' dir='ltr'>τυ·-</span> 
     </span>
    </p>
   </div>
   <div class='ocr_carea' id='block_1_24' title="bbox 354 2398 437 2456">
    <p class='ocr_par' dir='ltr' id='par_1_24' title="bbox 354 2398 437 2456">
     <span class='ocr_line' id='line_1_24' title="bbox 354 2398 437 2456; baseline 0.024 -2"><span class='ocrx_word' id='word_1_161' title='bbox 354 2398 437 2456; x_wconf 89' lang='grc' dir='ltr'>όν.</span> 
     </span>
    </p>
   </div>
   <div class='ocr_carea' id='block_1_25' title="bbox 320 2419 1975 2564">
    <p class='ocr_par' dir='ltr' id='par_1_25' title="bbox 320 2419 1975 2564">
     <span class='ocr_line' id='line_1_25' title="bbox 320 2419 1975 2564; baseline 0.001 -25"><span class='ocrx_word' id='word_1_162' title='bbox 320 2419 683 2564; x_wconf 42' lang='grc' dir='ltr'>ρΟἴϐἈγαθόν</span> <span class='ocrx_word' id='word_1_163' title='bbox 714 2509 808 2561; x_wconf 89' lang='grc' dir='ltr'>μοι</span> <span class='ocrx_word' id='word_1_164' title='bbox 848 2486 933 2543; x_wconf 81' lang='grc' dir='ltr'>ὅτι</span> <span class='ocrx_word' id='word_1_165' title='bbox 964 2485 1327 2550; x_wconf 85' lang='grc' dir='ltr'>ἐταπείνωσάς</span> <span class='ocrx_word' id='word_1_166' title='bbox 1375 2508 1460 2561; x_wconf 88' lang='grc' dir='ltr'>με,</span> <span class='ocrx_word' id='word_1_167' title='bbox 1494 2485 1644 2550; x_wconf 77' lang='grc' dir='ltr'>ὅπως</span> <span class='ocrx_word' id='word_1_168' title='bbox 1702 2486 1762 2543; x_wconf 82' lang='grc' dir='ltr'>ἂν</span> <span class='ocrx_word' id='word_1_169' title='bbox 1820 2488 1975 2560; x_wconf 88' lang='grc' dir='ltr'>μάθω</span> 
     </span>
    </p>
   </div>
   <div class='ocr_carea' id='block_1_26' title="bbox 317 2573 1974 2654">
    <p class='ocr_par' dir='ltr' id='par_1_26' title="bbox 317 2573 1974 2654">
     <span class='ocr_line' id='line_1_26' title="bbox 317 2573 1974 2654; baseline 0 -23"><span class='ocrx_word' id='word_1_170' title='bbox 317 2575 387 2631; x_wconf 76' lang='grc' dir='ltr'>τὰ</span> <span class='ocrx_word' id='word_1_171' title='bbox 426 2573 772 2650; x_wconf 87' lang='grc' dir='ltr'>δικαιώματά</span> <span class='ocrx_word' id='word_1_172' title='bbox 800 2598 918 2634; x_wconf 89' lang='grc' dir='ltr'>σου.</span> <span class='ocrx_word' id='word_1_173' title='bbox 954 2601 982 2628; x_wconf 84' lang='grc'><strong>››</strong></span> <span class='ocrx_word' id='word_1_174' title='bbox 1016 2610 1084 2620; x_wconf 92' lang='grc'><strong>-</strong></span> <span class='ocrx_word' id='word_1_175' title='bbox 1115 2576 1402 2654; x_wconf 88' lang='grc' dir='ltr'>Συμφέρον</span> <span class='ocrx_word' id='word_1_176' title='bbox 1465 2597 1560 2649; x_wconf 92' lang='grc' dir='ltr'>μοι</span> <span class='ocrx_word' id='word_1_177' title='bbox 1617 2576 1835 2653; x_wconf 90' lang='grc' dir='ltr'>γέγονεν</span> <span class='ocrx_word' id='word_1_178' title='bbox 1889 2574 1974 2631; x_wconf 77' lang='grc' dir='ltr'>δτι</span> 
     </span>
    </p>
   </div>
   <div class='ocr_carea' id='block_1_27' title="bbox 325 2662 1973 2740">
    <p class='ocr_par' dir='ltr' id='par_1_27' title="bbox 325 2662 1973 2740">
     <span class='ocr_line' id='line_1_27' title="bbox 325 2662 1973 2740; baseline 0 -19"><span class='ocrx_word' id='word_1_179' title='bbox 325 2666 675 2740; x_wconf 84' lang='grc' dir='ltr'>κατέκαμψάς</span> <span class='ocrx_word' id='word_1_180' title='bbox 711 2688 778 2740; x_wconf 88' lang='grc' dir='ltr'>με</span> <span class='ocrx_word' id='word_1_181' title='bbox 805 2671 922 2728; x_wconf 87' lang='grc' dir='ltr'>τοῖς</span> <span class='ocrx_word' id='word_1_182' title='bbox 950 2671 1298 2740; x_wconf 84' lang='grc' dir='ltr'>πειρασμοῖς,</span> <span class='ocrx_word' id='word_1_183' title='bbox 1325 2663 1420 2721; x_wconf 73' lang='grc' dir='ltr'>’ίνα</span> <span class='ocrx_word' id='word_1_184' title='bbox 1452 2666 1608 2739; x_wconf 83' lang='grc' dir='ltr'>μάθω</span> <span class='ocrx_word' id='word_1_185' title='bbox 1653 2667 1718 2720; x_wconf 90' lang='grc' dir='ltr'>τὸ</span> <span class='ocrx_word' id='word_1_186' title='bbox 1764 2662 1973 2721; x_wconf 89' lang='grc' dir='ltr'>δίκαιόν</span> 
     </span>
    </p>
   </div>
   <div class='ocr_carea' id='block_1_28' title="bbox 320 2754 1490 2830">
    <p class='ocr_par' dir='ltr' id='par_1_28' title="bbox 320 2754 1490 2830">
     <span class='ocr_line' id='line_1_28' title="bbox 320 2754 1490 2830; baseline -0.001 -20"><span class='ocrx_word' id='word_1_187' title='bbox 320 2775 439 2827; x_wconf 88' lang='grc' dir='ltr'>σου,</span> <span class='ocrx_word' id='word_1_188' title='bbox 473 2758 593 2819; x_wconf 90' lang='grc' dir='ltr'>πῶς</span> <span class='ocrx_word' id='word_1_189' title='bbox 621 2754 875 2825; x_wconf 85' lang='grc' dir='ltr'>κολάζεις</span> <span class='ocrx_word' id='word_1_190' title='bbox 903 2754 1033 2817; x_wconf 80' lang='grc' dir='ltr'>τοὺς</span> <span class='ocrx_word' id='word_1_191' title='bbox 1067 2755 1490 2830; x_wconf 89' lang='grc' dir='ltr'>ἁμαρτάνοντας.</span> 
     </span>
    </p>
   </div>
   <div class='ocr_carea' id='block_1_29' title="bbox 398 2841 1973 2919">
    <p class='ocr_par' dir='ltr' id='par_1_29' title="bbox 398 2841 1973 2919">
     <span class='ocr_line' id='line_1_29' title="bbox 398 2841 1973 2919; baseline 0.003 -24"><span class='ocrx_word' id='word_1_192' title='bbox 398 2867 426 2895; x_wconf 85' lang='grc'>‹(</span> <span class='ocrx_word' id='word_1_193' title='bbox 459 2843 530 2900; x_wconf 71' lang='grc' dir='ltr'>Αἱ</span> <span class='ocrx_word' id='word_1_194' title='bbox 587 2842 770 2919; x_wconf 84' lang='grc' dir='ltr'>χεῖρές</span> <span class='ocrx_word' id='word_1_195' title='bbox 827 2864 924 2899; x_wconf 92' lang='grc' dir='ltr'>σου</span> <span class='ocrx_word' id='word_1_196' title='bbox 983 2842 1242 2912; x_wconf 86' lang='grc' dir='ltr'>ἐποίησάν</span> <span class='ocrx_word' id='word_1_197' title='bbox 1299 2865 1366 2917; x_wconf 90' lang='grc' dir='ltr'>με</span> <span class='ocrx_word' id='word_1_198' title='bbox 1422 2844 1513 2898; x_wconf 86' lang='grc' dir='ltr'>καὶ</span> <span class='ocrx_word' id='word_1_199' title='bbox 1582 2841 1818 2898; x_wconf 80' lang='grc' dir='ltr'>ἕπλασάν</span> <span class='ocrx_word' id='word_1_200' title='bbox 1886 2863 1973 2917; x_wconf 79' lang='grc' dir='ltr'>με’</span> 
     </span>
    </p>
   </div>
   <div class='ocr_carea' id='block_1_30' title="bbox 320 2930 1977 3007">
    <p class='ocr_par' dir='ltr' id='par_1_30' title="bbox 320 2930 1977 3007">
     <span class='ocr_line' id='line_1_30' title="bbox 320 2930 1977 3007; baseline -0.001 -19"><span class='ocrx_word' id='word_1_201' title='bbox 320 2931 594 2988; x_wconf 87' lang='grc' dir='ltr'>συνέτισόν</span> <span class='ocrx_word' id='word_1_202' title='bbox 659 2953 745 3007; x_wconf 90' lang='grc' dir='ltr'>με,</span> <span class='ocrx_word' id='word_1_203' title='bbox 776 2932 868 2988; x_wconf 90' lang='grc' dir='ltr'>καὶ</span> <span class='ocrx_word' id='word_1_204' title='bbox 930 2934 1261 3006; x_wconf 74' lang='grc' dir='ltr'>μαθήσομαι</span> <span class='ocrx_word' id='word_1_205' title='bbox 1303 2933 1400 2995; x_wconf 82' lang='grc' dir='ltr'>τὰς</span> <span class='ocrx_word' id='word_1_206' title='bbox 1456 2930 1678 2995; x_wconf 82' lang='grc' dir='ltr'>ἐντολάς</span> <span class='ocrx_word' id='word_1_207' title='bbox 1735 2953 1853 2990; x_wconf 93' lang='grc' dir='ltr'>σου.</span> <span class='ocrx_word' id='word_1_208' title='bbox 1912 2933 1977 2989; x_wconf 77' lang='grc' dir='ltr'><strong>Οἱ</strong></span> 
     </span>
    </p>
   </div>
   <div class='ocr_carea' id='block_1_31' title="bbox 321 3016 1976 3100">
    <p class='ocr_par' dir='ltr' id='par_1_31' title="bbox 321 3016 1976 3100">
     <span class='ocr_line' id='line_1_31' title="bbox 321 3016 1976 3100; baseline 0.001 -23"><span class='ocrx_word' id='word_1_209' title='bbox 321 3017 655 3100; x_wconf 88' lang='grc' dir='ltr'>φοϐούμενοί</span> <span class='ocrx_word' id='word_1_210' title='bbox 712 3042 771 3076; x_wconf 90' lang='grc' dir='ltr'>σε</span> <span class='ocrx_word' id='word_1_211' title='bbox 828 3016 1053 3097; x_wconf 71' lang='grc' dir='ltr'>ὄψονται</span> <span class='ocrx_word' id='word_1_212' title='bbox 1112 3042 1179 3095; x_wconf 88' lang='grc' dir='ltr'>με</span> <span class='ocrx_word' id='word_1_213' title='bbox 1233 3020 1325 3076; x_wconf 87' lang='grc' dir='ltr'>καὶ</span> <span class='ocrx_word' id='word_1_214' title='bbox 1381 3020 1859 3099; x_wconf 71' lang='grc' dir='ltr'>εὐφρανθήσονται,</span> <span class='ocrx_word' id='word_1_215' title='bbox 1892 3020 1976 3090; x_wconf 76' lang='grc' dir='ltr'>ὅτι</span> 
     </span>
    </p>
   </div>
   <div class='ocr_carea' id='block_1_32' title="bbox 325 3107 1978 3186">
    <p class='ocr_par' dir='ltr' id='par_1_32' title="bbox 325 3107 1978 3186">
     <span class='ocr_line' id='line_1_32' title="bbox 325 3107 1978 3186; baseline -0.001 -20"><span class='ocrx_word' id='word_1_216' title='bbox 325 3110 402 3173; x_wconf 81' lang='grc' dir='ltr'>εἱς</span> <span class='ocrx_word' id='word_1_217' title='bbox 454 3109 581 3173; x_wconf 79' lang='grc' dir='ltr'>τοὺς</span> <span class='ocrx_word' id='word_1_218' title='bbox 663 3109 867 3186; x_wconf 86' lang='grc' dir='ltr'>λόγους</span> <span class='ocrx_word' id='word_1_219' title='bbox 947 3131 1044 3165; x_wconf 89' lang='grc' dir='ltr'>σου</span> <span class='ocrx_word' id='word_1_220' title='bbox 1128 3107 1426 3181; x_wconf 87' lang='grc' dir='ltr'>ἐπήλπισα.</span> <span class='ocrx_word' id='word_1_221' title='bbox 1488 3133 1518 3162; x_wconf 90' lang='grc'><strong>››</strong></span> <span class='ocrx_word' id='word_1_222' title='bbox 1577 3110 1836 3185; x_wconf 75' lang='grc' dir='ltr'>Ὄψονται</span> <span class='ocrx_word' id='word_1_223' title='bbox 1911 3131 1978 3185; x_wconf 90' lang='grc' dir='ltr'>με</span> 
     </span>
    </p>
   </div>
   <div class='ocr_carea' id='block_1_33' title="bbox 322 3195 1975 3278">
    <p class='ocr_par' dir='ltr' id='par_1_33' title="bbox 322 3195 1975 3278">
     <span class='ocr_line' id='line_1_33' title="bbox 322 3195 1975 3278; baseline 0.001 -24"><span class='ocrx_word' id='word_1_224' title='bbox 322 3196 407 3255; x_wconf 77' lang='grc' dir='ltr'>ὅτι</span> <span class='ocrx_word' id='word_1_225' title='bbox 437 3198 517 3262; x_wconf 81' lang='grc' dir='ltr'>εἷς</span> <span class='ocrx_word' id='word_1_226' title='bbox 543 3197 672 3262; x_wconf 81' lang='grc' dir='ltr'>τοὺς</span> <span class='ocrx_word' id='word_1_227' title='bbox 706 3196 910 3275; x_wconf 86' lang='grc' dir='ltr'>λόγους</span> <span class='ocrx_word' id='word_1_228' title='bbox 956 3219 1053 3254; x_wconf 91' lang='grc' dir='ltr'>σου</span> <span class='ocrx_word' id='word_1_229' title='bbox 1100 3195 1401 3271; x_wconf 84' lang='grc' dir='ltr'>ἐπήλπισα,</span> <span class='ocrx_word' id='word_1_230' title='bbox 1431 3199 1522 3255; x_wconf 84' lang='grc' dir='ltr'>καὶ</span> <span class='ocrx_word' id='word_1_231' title='bbox 1578 3198 1975 3278; x_wconf 87' lang='grc' dir='ltr'>εὐφρανθήσον-</span> 
     </span>
    </p>
   </div>
   <div class='ocr_carea' id='block_1_34' title="bbox 318 3308 428 3345">
    <p class='ocr_par' dir='ltr' id='par_1_34' title="bbox 318 3308 428 3345">
     <span class='ocr_line' id='line_1_34' title="bbox 318 3308 428 3345; baseline 0.027 -3"><span class='ocrx_word' id='word_1_232' title='bbox 318 3308 428 3345; x_wconf 90' lang='grc' dir='ltr'>ται.</span> 
     </span>
    </p>
   </div>
   <div class='ocr_carea' id='block_1_35' title="bbox 393 3375 1970 3454">
    <p class='ocr_par' dir='ltr' id='par_1_35' title="bbox 393 3375 1970 3454">
     <span class='ocr_line' id='line_1_35' title="bbox 393 3375 1970 3454; baseline 0.003 -26"><span class='ocrx_word' id='word_1_233' title='bbox 393 3399 422 3428; x_wconf 89' lang='grc'>‹‹</span> <span class='ocrx_word' id='word_1_234' title='bbox 452 3377 682 3453; x_wconf 88' lang='grc' dir='ltr'>Ἔγνων,</span> <span class='ocrx_word' id='word_1_235' title='bbox 713 3375 897 3453; x_wconf 87' lang='grc' dir='ltr'>Κύριε,</span> <span class='ocrx_word' id='word_1_236' title='bbox 929 3375 1012 3433; x_wconf 81' lang='grc' dir='ltr'>ὅτι</span> <span class='ocrx_word' id='word_1_237' title='bbox 1071 3376 1383 3449; x_wconf 75' lang='grc' dir='ltr'>δικαιοσύνη</span> <span class='ocrx_word' id='word_1_238' title='bbox 1433 3378 1501 3433; x_wconf 77' lang='grc' dir='ltr'>τὰ</span> <span class='ocrx_word' id='word_1_239' title='bbox 1554 3376 1796 3454; x_wconf 84' lang='grc' dir='ltr'>κρίματά</span> <span class='ocrx_word' id='word_1_240' title='bbox 1851 3398 1970 3450; x_wconf 91' lang='grc' dir='ltr'>σου,</span> 
     </span>
    </p>
   </div>
   <div class='ocr_carea' id='block_1_36' title="bbox 323 3463 1975 3544">
    <p class='ocr_par' dir='ltr' id='par_1_36' title="bbox 323 3463 1975 3544">
     <span class='ocr_line' id='line_1_36' title="bbox 323 3463 1975 3544; baseline 0 -23"><span class='ocrx_word' id='word_1_241' title='bbox 323 3465 413 3521; x_wconf 87' lang='grc' dir='ltr'>καὶ</span> <span class='ocrx_word' id='word_1_242' title='bbox 443 3463 678 3538; x_wconf 81' lang='grc' dir='ltr'>ἀληθείᾳ</span> <span class='ocrx_word' id='word_1_243' title='bbox 733 3464 1095 3529; x_wconf 83' lang='grc' dir='ltr'>ἐταπείνωσάς</span> <span class='ocrx_word' id='word_1_244' title='bbox 1147 3487 1234 3539; x_wconf 90' lang='grc' dir='ltr'>με.</span> <span class='ocrx_word' id='word_1_245' title='bbox 1266 3490 1294 3518; x_wconf 90' lang='grc'><strong>››</strong></span> <span class='ocrx_word' id='word_1_246' title='bbox 1328 3499 1398 3509; x_wconf 89' lang='lat'><strong>—</strong></span> <span class='ocrx_word' id='word_1_247' title='bbox 1425 3469 1636 3544; x_wconf 88' lang='grc' dir='ltr'>Ἕγνων</span> <span class='ocrx_word' id='word_1_248' title='bbox 1687 3471 1756 3541; x_wconf 79' lang='grc' dir='ltr'>τῇ</span> <span class='ocrx_word' id='word_1_249' title='bbox 1811 3466 1975 3544; x_wconf 83' lang='grc' dir='ltr'>πείρᾳ</span> 
     </span>
    </p>
   </div>
   <div class='ocr_carea' id='block_1_37' title="bbox 314 3550 1963 3631">
    <p class='ocr_par' dir='ltr' id='par_1_37' title="bbox 314 3550 1963 3631">
     <span class='ocr_line' id='line_1_37' title="bbox 314 3550 1963 3631; baseline -0.001 -21"><span class='ocrx_word' id='word_1_250' title='bbox 314 3552 399 3610; x_wconf 74' lang='grc' dir='ltr'>ὅτι</span> <span class='ocrx_word' id='word_1_251' title='bbox 460 3551 661 3610; x_wconf 92' lang='grc' dir='ltr'>δίκαιαι</span> <span class='ocrx_word' id='word_1_252' title='bbox 720 3553 777 3609; x_wconf 84' lang='grc' dir='ltr'>αἱ</span> <span class='ocrx_word' id='word_1_253' title='bbox 823 3553 1030 3631; x_wconf 89' lang='grc' dir='ltr'>κρίσεις</span> <span class='ocrx_word' id='word_1_254' title='bbox 1062 3574 1181 3625; x_wconf 87' lang='grc' dir='ltr'>σου,</span> <span class='ocrx_word' id='word_1_255' title='bbox 1228 3554 1319 3608; x_wconf 84' lang='grc' dir='ltr'>καὶ</span> <span class='ocrx_word' id='word_1_256' title='bbox 1388 3550 1702 3628; x_wconf 78' lang='grc' dir='ltr'>δικαιοσύνῃ</span> <span class='ocrx_word' id='word_1_257' title='bbox 1752 3552 1963 3629; x_wconf 88' lang='grc' dir='ltr'>ἐπείρα-</span> 
     </span>
    </p>
   </div>
   <div class='ocr_carea' id='block_1_38' title="bbox 323 3643 1283 3717">
    <p class='ocr_par' dir='ltr' id='par_1_38' title="bbox 323 3643 1283 3717">
     <span class='ocr_line' id='line_1_38' title="bbox 323 3643 1283 3717; baseline 0.007 -19"><span class='ocrx_word' id='word_1_258' title='bbox 323 3643 418 3706; x_wconf 90' lang='grc' dir='ltr'>σάς</span> <span class='ocrx_word' id='word_1_259' title='bbox 450 3664 536 3717; x_wconf 92' lang='grc' dir='ltr'>με.</span> <span class='ocrx_word' id='word_1_260' title='bbox 1278 3702 1283 3705; x_wconf 90' lang='grc'>.</span> 
     </span>
    </p>
   </div>
   <div class='ocr_carea' id='block_1_39' title="bbox 392 3726 1974 3808">
    <p class='ocr_par' dir='ltr' id='par_1_39' title="bbox 392 3726 1974 3808">
     <span class='ocr_line' id='line_1_39' title="bbox 392 3726 1974 3808; baseline 0.003 -25"><span class='ocrx_word' id='word_1_261' title='bbox 392 3755 421 3784; x_wconf 80' lang='grc' dir='ltr'>ι(</span> <span class='ocrx_word' id='word_1_262' title='bbox 454 3734 748 3804; x_wconf 79' lang='grc' dir='ltr'>Γενηθήτω</span> <span class='ocrx_word' id='word_1_263' title='bbox 780 3729 848 3802; x_wconf 73' lang='grc' dir='ltr'>δὴ</span> <span class='ocrx_word' id='word_1_264' title='bbox 877 3731 942 3787; x_wconf 84' lang='grc' dir='ltr'>τὸ</span> <span class='ocrx_word' id='word_1_265' title='bbox 970 3726 1123 3795; x_wconf 79' lang='grc' dir='ltr'>ἔλεός</span> <span class='ocrx_word' id='word_1_266' title='bbox 1175 3752 1271 3786; x_wconf 90' lang='grc' dir='ltr'>σου</span> <span class='ocrx_word' id='word_1_267' title='bbox 1318 3736 1417 3786; x_wconf 80' lang='grc' dir='ltr'>τοῦ</span> <span class='ocrx_word' id='word_1_268' title='bbox 1472 3728 1847 3808; x_wconf 71' lang='grc' dir='ltr'>παρακαλέσαι</span> <span class='ocrx_word' id='word_1_269' title='bbox 1906 3754 1974 3807; x_wconf 94' lang='grc' dir='ltr'>με</span> 
     </span>
    </p>
   </div>
   <div class='ocr_carea' id='block_1_40' title="bbox 313 3818 1971 3898">
    <p class='ocr_par' dir='ltr' id='par_1_40' title="bbox 313 3818 1971 3898">
     <span class='ocr_line' id='line_1_40' title="bbox 313 3818 1971 3898; baseline 0.001 -23"><span class='ocrx_word' id='word_1_270' title='bbox 313 3820 448 3876; x_wconf 82' lang='grc' dir='ltr'>κατὰ</span> <span class='ocrx_word' id='word_1_271' title='bbox 475 3820 541 3876; x_wconf 84' lang='grc' dir='ltr'>τὸ</span> <span class='ocrx_word' id='word_1_272' title='bbox 571 3820 757 3898; x_wconf 91' lang='grc' dir='ltr'>λόγιόν</span> <span class='ocrx_word' id='word_1_273' title='bbox 790 3842 887 3877; x_wconf 91' lang='grc' dir='ltr'>σου</span> <span class='ocrx_word' id='word_1_274' title='bbox 913 3826 995 3895; x_wconf 82' lang='grc' dir='ltr'>τῷ</span> <span class='ocrx_word' id='word_1_275' title='bbox 1025 3818 1212 3895; x_wconf 84' lang='grc' dir='ltr'>δούλῳ</span> <span class='ocrx_word' id='word_1_276' title='bbox 1244 3842 1360 3876; x_wconf 92' lang='grc' dir='ltr'>σου.</span> <span class='ocrx_word' id='word_1_277' title='bbox 1395 3846 1423 3874; x_wconf 90' lang='grc'><strong>››</strong></span> <span class='ocrx_word' id='word_1_278' title='bbox 1465 3822 1536 3877; x_wconf 87' lang='grc' dir='ltr'>Τὸ</span> <span class='ocrx_word' id='word_1_279' title='bbox 1585 3820 1780 3877; x_wconf 84' lang='grc' dir='ltr'>λοιπὸν</span> <span class='ocrx_word' id='word_1_280' title='bbox 1822 3820 1971 3898; x_wconf 81' lang='grc' dir='ltr'>γενέ-</span> 
     </span>
    </p>
   </div>
   <div class='ocr_carea' id='block_1_41' title="bbox 315 3906 1970 3987">
    <p class='ocr_par' dir='ltr' id='par_1_41' title="bbox 315 3906 1970 3987">
     <span class='ocr_line' id='line_1_41' title="bbox 315 3906 1970 3987; baseline 0.002 -25"><span class='ocrx_word' id='word_1_281' title='bbox 315 3910 426 3962; x_wconf 90' lang='grc' dir='ltr'>σθω</span> <span class='ocrx_word' id='word_1_282' title='bbox 461 3929 555 3981; x_wconf 87' lang='grc' dir='ltr'>μοι</span> <span class='ocrx_word' id='word_1_283' title='bbox 582 3908 646 3964; x_wconf 78' lang='grc' dir='ltr'>τὰ</span> <span class='ocrx_word' id='word_1_284' title='bbox 676 3906 829 3972; x_wconf 77' lang='grc' dir='ltr'>ἔλεός</span> <span class='ocrx_word' id='word_1_285' title='bbox 857 3931 954 3965; x_wconf 89' lang='grc' dir='ltr'>σου</span> <span class='ocrx_word' id='word_1_286' title='bbox 1013 3909 1152 3965; x_wconf 81' lang='grc' dir='ltr'>ὥστε</span> <span class='ocrx_word' id='word_1_287' title='bbox 1209 3908 1612 3987; x_wconf 83' lang='grc' dir='ltr'>ψυχαγωγῆσαί</span> <span class='ocrx_word' id='word_1_288' title='bbox 1671 3930 1759 3983; x_wconf 90' lang='grc' dir='ltr'>με,</span> <span class='ocrx_word' id='word_1_289' title='bbox 1789 3911 1970 3974; x_wconf 89' lang='grc' dir='ltr'>καθὼς</span> 
     </span>
    </p>
   </div>
   <div class='ocr_carea' id='block_1_42' title="bbox 316 3994 1974 4074">
    <p class='ocr_par' dir='ltr' id='par_1_42' title="bbox 316 3994 1974 4074">
     <span class='ocr_line' id='line_1_42' title="bbox 316 3994 1974 4074; baseline 0.002 -23"><span class='ocrx_word' id='word_1_290' title='bbox 316 3994 370 4051; x_wconf 81' lang='grc' dir='ltr'>ἐν</span> <span class='ocrx_word' id='word_1_291' title='bbox 426 3995 587 4070; x_wconf 86' lang='grc' dir='ltr'>νόμῳ</span> <span class='ocrx_word' id='word_1_292' title='bbox 633 3995 943 4074; x_wconf 88' lang='grc' dir='ltr'>ἐπηγγείλω</span> <span class='ocrx_word' id='word_1_293' title='bbox 997 4003 1107 4054; x_wconf 90' lang='grc' dir='ltr'>τῶν</span> <span class='ocrx_word' id='word_1_294' title='bbox 1175 3998 1580 4071; x_wconf 86' lang='grc' dir='ltr'>μετανοούντων</span> <span class='ocrx_word' id='word_1_295' title='bbox 1636 3996 1878 4074; x_wconf 89' lang='grc' dir='ltr'>ἀντιλαμ</span> <span class='ocrx_word' id='word_1_296' title='bbox 1913 3998 1974 4054; x_wconf 83' lang='grc' dir='ltr'>ά-</span> 
     </span>
    </p>
   </div>
   <div class='ocr_carea' id='block_1_43' title="bbox 316 4086 519 4142">
    <p class='ocr_par' dir='ltr' id='par_1_43' title="bbox 316 4086 519 4142">
     <span class='ocr_line' id='line_1_43' title="bbox 316 4086 519 4142; baseline 0.01 -2"><span class='ocrx_word' id='word_1_297' title='bbox 316 4086 519 4142; x_wconf 88' lang='grc' dir='ltr'>νεσθαι.</span> 
     </span>
    </p>
   </div>
   <div class='ocr_carea' id='block_1_44' title="bbox 389 4171 1969 4251">
    <p class='ocr_par' dir='ltr' id='par_1_44' title="bbox 389 4171 1969 4251">
     <span class='ocr_line' id='line_1_44' title="bbox 389 4171 1969 4251; baseline 0.003 -23"><span class='ocrx_word' id='word_1_298' title='bbox 389 4198 418 4226; x_wconf 77' lang='grc' dir='ltr'>(ι</span> <span class='ocrx_word' id='word_1_299' title='bbox 448 4171 784 4229; x_wconf 88' lang='grc' dir='ltr'>Ἐλθέτωσάν</span> <span class='ocrx_word' id='word_1_300' title='bbox 821 4194 913 4247; x_wconf 90' lang='grc' dir='ltr'>μοι</span> <span class='ocrx_word' id='word_1_301' title='bbox 961 4174 1015 4228; x_wconf 81' lang='grc' dir='ltr'>οἱ</span> <span class='ocrx_word' id='word_1_302' title='bbox 1072 4174 1352 4251; x_wconf 80' lang='grc' dir='ltr'>οἰκτιρμοί</span> <span class='ocrx_word' id='word_1_303' title='bbox 1407 4197 1525 4249; x_wconf 92' lang='grc' dir='ltr'>σου,</span> <span class='ocrx_word' id='word_1_304' title='bbox 1559 4175 1651 4231; x_wconf 70' lang='grc' dir='ltr'>καῖ’</span> <span class='ocrx_word' id='word_1_305' title='bbox 1709 4177 1969 4250; x_wconf 79' lang='grc' dir='ltr'>ζήσομαι,</span> 
     </span>
    </p>
   </div>
   <div class='ocr_carea' id='block_1_45' title="bbox 313 4258 1968 4337">
    <p class='ocr_par' dir='ltr' id='par_1_45' title="bbox 313 4258 1968 4337">
     <span class='ocr_line' id='line_1_45' title="bbox 313 4258 1968 4337; baseline 0.001 -19"><span class='ocrx_word' id='word_1_306' title='bbox 313 4259 400 4319; x_wconf 72' lang='grc' dir='ltr'>ὅτι</span> <span class='ocrx_word' id='word_1_307' title='bbox 431 4263 459 4318; x_wconf 89' lang='lat'>6</span> <span class='ocrx_word' id='word_1_308' title='bbox 490 4258 662 4336; x_wconf 84' lang='grc' dir='ltr'>νόμος</span> <span class='ocrx_word' id='word_1_309' title='bbox 705 4283 801 4317; x_wconf 91' lang='grc' dir='ltr'>σου</span> <span class='ocrx_word' id='word_1_310' title='bbox 845 4259 1049 4336; x_wconf 88' lang='grc' dir='ltr'>μελέτη</span> <span class='ocrx_word' id='word_1_311' title='bbox 1105 4263 1211 4337; x_wconf 90' lang='grc' dir='ltr'>μού</span> <span class='ocrx_word' id='word_1_312' title='bbox 1260 4263 1425 4322; x_wconf 83' lang='grc' dir='ltr'>ἐστιν.</span> <span class='ocrx_word' id='word_1_313' title='bbox 1457 4289 1486 4318; x_wconf 88' lang='grc'><strong>››</strong></span> <span class='ocrx_word' id='word_1_314' title='bbox 1519 4298 1587 4308; x_wconf 88' lang='grc'><strong>-</strong></span> <span class='ocrx_word' id='word_1_315' title='bbox 1638 4264 1968 4321; x_wconf 87' lang='grc' dir='ltr'>Ἐλθέτωσάν</span> 
     </span>
    </p>
   </div>
   <div class='ocr_carea' id='block_1_46' title="bbox 319 4348 1799 4427">
    <p class='ocr_par' dir='ltr' id='par_1_46' title="bbox 319 4348 1799 4427">
     <span class='ocr_line' id='line_1_46' title="bbox 319 4348 1799 4427; baseline 0.001 -19"><span class='ocrx_word' id='word_1_316' title='bbox 319 4372 436 4425; x_wconf 90' lang='grc' dir='ltr'>μοι,</span> <span class='ocrx_word' id='word_1_317' title='bbox 469 4348 610 4407; x_wconf 88' lang='grc' dir='ltr'>διότι</span> <span class='ocrx_word' id='word_1_318' title='bbox 642 4351 836 4407; x_wconf 83' lang='grc' dir='ltr'>λοιπὸν</span> <span class='ocrx_word' id='word_1_319' title='bbox 869 4352 897 4407; x_wconf 87' lang='grc' dir='ltr'>ὁ</span> <span class='ocrx_word' id='word_1_320' title='bbox 926 4350 1099 4426; x_wconf 88' lang='grc' dir='ltr'>νόμος</span> <span class='ocrx_word' id='word_1_321' title='bbox 1130 4373 1227 4407; x_wconf 91' lang='grc' dir='ltr'>σου</span> <span class='ocrx_word' id='word_1_322' title='bbox 1262 4351 1461 4424; x_wconf 90' lang='grc' dir='ltr'>μελέτη</span> <span class='ocrx_word' id='word_1_323' title='bbox 1499 4352 1604 4427; x_wconf 90' lang='grc' dir='ltr'>μού</span> <span class='ocrx_word' id='word_1_324' title='bbox 1634 4352 1799 4412; x_wconf 81' lang='grc' dir='ltr'>ἐστιν.</span> 
     </span>
    </p>
   </div>
   <div class='ocr_carea' id='block_1_47' title="bbox 387 4437 1974 4520">
    <p class='ocr_par' dir='ltr' id='par_1_47' title="bbox 387 4437 1974 4520">
     <span class='ocr_line' id='line_1_47' title="bbox 387 4437 1974 4520; baseline 0.004 -27"><span class='ocrx_word' id='word_1_325' title='bbox 387 4464 415 4492; x_wconf 82' lang='grc' dir='ltr'>κ</span> <span class='ocrx_word' id='word_1_326' title='bbox 449 4440 908 4518; x_wconf 76' lang='grc' dir='ltr'>Αίσχυνθήτωσαν</span> <span class='ocrx_word' id='word_1_327' title='bbox 961 4441 1317 4520; x_wconf 80' lang='grc' dir='ltr'>ὑπερήφανοι,</span> <span class='ocrx_word' id='word_1_328' title='bbox 1366 4439 1451 4496; x_wconf 78' lang='grc' dir='ltr'>δτι</span> <span class='ocrx_word' id='word_1_329' title='bbox 1510 4439 1715 4505; x_wconf 80' lang='grc' dir='ltr'>ἀδίκως</span> <span class='ocrx_word' id='word_1_330' title='bbox 1760 4437 1974 4518; x_wconf 78' lang='grc' dir='ltr'>ἠνόμη-</span> 
     </span>
    </p>
   </div>
   <div class='ocr_carea' id='block_1_48' title="bbox 314 4527 1969 4606">
    <p class='ocr_par' dir='ltr' id='par_1_48' title="bbox 314 4527 1969 4606">
     <span class='ocr_line' id='line_1_48' title="bbox 314 4527 1969 4606; baseline 0.002 -22"><span class='ocrx_word' id='word_1_331' title='bbox 314 4550 407 4585; x_wconf 92' lang='grc' dir='ltr'>σαν</span> <span class='ocrx_word' id='word_1_332' title='bbox 469 4529 547 4592; x_wconf 84' lang='grc' dir='ltr'>εἷς</span> <span class='ocrx_word' id='word_1_333' title='bbox 603 4529 720 4604; x_wconf 85' lang='grc' dir='ltr'>ἐμέ·</span> <span class='ocrx_word' id='word_1_334' title='bbox 754 4528 864 4606; x_wconf 85' lang='grc' dir='ltr'>ἐγὼ</span> <span class='ocrx_word' id='word_1_335' title='bbox 923 4527 982 4586; x_wconf 77' lang='grc' dir='ltr'>δὲ</span> <span class='ocrx_word' id='word_1_336' title='bbox 1037 4528 1402 4606; x_wconf 89' lang='grc' dir='ltr'>ἀδολεσχήσω</span> <span class='ocrx_word' id='word_1_337' title='bbox 1460 4530 1513 4586; x_wconf 87' lang='grc' dir='ltr'>ἐν</span> <span class='ocrx_word' id='word_1_338' title='bbox 1558 4536 1680 4594; x_wconf 89' lang='grc' dir='ltr'>ταῖς</span> <span class='ocrx_word' id='word_1_339' title='bbox 1720 4530 1969 4596; x_wconf 85' lang='grc' dir='ltr'>ἐντολαῖς</span> 
     </span>
    </p>
   </div>
   <div class='ocr_carea' id='block_1_49' title="bbox 315 4618 1635 4694">
    <p class='ocr_par' dir='ltr' id='par_1_49' title="bbox 315 4618 1635 4694">
     <span class='ocr_line' id='line_1_49' title="bbox 315 4618 1635 4694; baseline 0.002 -20"><span class='ocrx_word' id='word_1_340' title='bbox 315 4640 432 4677; x_wconf 87' lang='grc' dir='ltr'>σου.</span> <span class='ocrx_word' id='word_1_341' title='bbox 467 4642 498 4672; x_wconf 90' lang='grc'><strong>››</strong></span> <span class='ocrx_word' id='word_1_342' title='bbox 526 4651 597 4661; x_wconf 91' lang='lat'>——</span> <span class='ocrx_word' id='word_1_343' title='bbox 624 4618 1089 4694; x_wconf 82' lang='grc' dir='ltr'>Αἷσχυνθήτωσαν</span> <span class='ocrx_word' id='word_1_344' title='bbox 1124 4618 1177 4675; x_wconf 88' lang='grc' dir='ltr'>ἐν</span> <span class='ocrx_word' id='word_1_345' title='bbox 1206 4625 1286 4693; x_wconf 80' lang='grc' dir='ltr'>τῷ</span> <span class='ocrx_word' id='word_1_346' title='bbox 1310 4621 1635 4691; x_wconf 79' lang='grc' dir='ltr'>ἡττηθῆναι.</span> 
     </span>
    </p>
   </div>
   <div class='ocr_carea' id='block_1_50' title="bbox 1999 1970 2049 2036">
    <p class='ocr_par' dir='ltr' id='par_1_50' title="bbox 1999 1970 2049 2036">
     <span class='ocr_line' id='line_1_50' title="bbox 1999 1970 2049 2036; baseline 0 0"><span class='ocrx_word' id='word_1_347' title='bbox 1999 1970 2049 2036; x_wconf 90' lang='grc' dir='ltr'><strong>Β</strong></span> 
     </span>
    </p>
   </div>
   <div class='ocr_carea' id='block_1_51' title="bbox 2083 708 2188 746">
    <p class='ocr_par' dir='ltr' id='par_1_51' title="bbox 2083 708 2188 746">
     <span class='ocr_line' id='line_1_51' title="bbox 2083 708 2188 746; baseline 0.038 -4"><span class='ocrx_word' id='word_1_348' title='bbox 2083 708 2188 746; x_wconf 88' lang='grc' dir='ltr'>σιν.</span> 
     </span>
    </p>
   </div>
   <div class='ocr_carea' id='block_1_52' title="bbox 2162 766 3734 857">
    <p class='ocr_par' dir='ltr' id='par_1_52' title="bbox 2162 766 3734 857">
     <span class='ocr_line' id='line_1_52' title="bbox 2162 766 3734 857; baseline -0.006 -26"><span class='ocrx_word' id='word_1_349' title='bbox 2162 799 2189 831; x_wconf 84' lang='grc' dir='ltr'>ιι</span> <span class='ocrx_word' id='word_1_350' title='bbox 2222 775 2499 848; x_wconf 82' lang='grc' dir='ltr'>Ἐξέλιπον</span> <span class='ocrx_word' id='word_1_351' title='bbox 2559 779 2613 833; x_wconf 75' lang='grc' dir='ltr'>οἱ</span> <span class='ocrx_word' id='word_1_352' title='bbox 2670 775 2949 857; x_wconf 86' lang='grc' dir='ltr'>ὀφθαλμοί</span> <span class='ocrx_word' id='word_1_353' title='bbox 3007 795 3112 849; x_wconf 89' lang='grc' dir='ltr'>μου</span> <span class='ocrx_word' id='word_1_354' title='bbox 3163 772 3241 837; x_wconf 87' lang='grc' dir='ltr'>εἰς</span> <span class='ocrx_word' id='word_1_355' title='bbox 3296 772 3362 828; x_wconf 84' lang='grc' dir='ltr'>τὸ</span> <span class='ocrx_word' id='word_1_356' title='bbox 3392 766 3580 848; x_wconf 90' lang='grc' dir='ltr'>λόγιόν</span> <span class='ocrx_word' id='word_1_357' title='bbox 3615 786 3734 857; x_wconf 21' lang='grc' dir='ltr'>*σου</span> 
     </span>
    </p>
   </div>
   <div class='ocr_carea' id='block_1_53' title="bbox 2082 854 3733 943">
    <p class='ocr_par' dir='ltr' id='par_1_53' title="bbox 2082 854 3733 943">
     <span class='ocr_line' id='line_1_53' title="bbox 2082 854 3733 943; baseline -0.005 -24"><span class='ocrx_word' id='word_1_358' title='bbox 2082 862 2351 940; x_wconf 88' lang='grc' dir='ltr'>λέγοντες·</span> <span class='ocrx_word' id='word_1_359' title='bbox 2414 866 2555 921; x_wconf 90' lang='grc' dir='ltr'>Πότε</span> <span class='ocrx_word' id='word_1_360' title='bbox 2617 854 3014 943; x_wconf 83' lang='grc' dir='ltr'>παρακαλέσεις</span> <span class='ocrx_word' id='word_1_361' title='bbox 3081 883 3188 937; x_wconf 69' lang='grc' dir='ltr'>με,</span> <span class='ocrx_word' id='word_1_362' title='bbox 3229 886 3258 914; x_wconf 94' lang='grc'><strong>››</strong></span> <span class='ocrx_word' id='word_1_363' title='bbox 3316 893 3388 903; x_wconf 91' lang='grc'><strong><em>-</em></strong></span> <span class='ocrx_word' id='word_1_364' title='bbox 3444 854 3733 930; x_wconf 72' lang='grc' dir='ltr'>Ἐξελύθη-</span> 
     </span>
    </p>
   </div>
   <div class='ocr_carea' id='block_1_54' title="bbox 2083 945 3735 1033">
    <p class='ocr_par' dir='ltr' id='par_1_54' title="bbox 2083 945 3735 1033">
     <span class='ocr_line' id='line_1_54' title="bbox 2083 945 3735 1033; baseline -0.005 -25"><span class='ocrx_word' id='word_1_365' title='bbox 2083 973 2177 1009; x_wconf 89' lang='grc' dir='ltr'>σαν</span> <span class='ocrx_word' id='word_1_366' title='bbox 2205 954 2259 1008; x_wconf 78' lang='grc' dir='ltr'>οἱ</span> <span class='ocrx_word' id='word_1_367' title='bbox 2285 956 2384 1023; x_wconf 80' lang='grc' dir='ltr'>τῆς</span> <span class='ocrx_word' id='word_1_368' title='bbox 2435 953 2574 1028; x_wconf 81' lang='grc' dir='ltr'>ἐμῆς</span> <span class='ocrx_word' id='word_1_369' title='bbox 2624 957 2813 1031; x_wconf 82' lang='grc' dir='ltr'>ψυχῆς</span> <span class='ocrx_word' id='word_1_370' title='bbox 2864 950 3145 1033; x_wconf 84' lang='grc' dir='ltr'>ὀφθαλμοὶ</span> <span class='ocrx_word' id='word_1_371' title='bbox 3190 949 3281 1007; x_wconf 88' lang='grc' dir='ltr'>καὶ</span> <span class='ocrx_word' id='word_1_372' title='bbox 3329 947 3602 1019; x_wconf 81' lang='grc' dir='ltr'>ἠτόνησαν</span> <span class='ocrx_word' id='word_1_373' title='bbox 3654 945 3735 1008; x_wconf 78' lang='grc' dir='ltr'>εἰς</span> 
     </span>
    </p>
   </div>
   <div class='ocr_carea' id='block_1_55' title="bbox 2080 1033 3735 1122">
    <p class='ocr_par' dir='ltr' id='par_1_55' title="bbox 2080 1033 3735 1122">
     <span class='ocr_line' id='line_1_55' title="bbox 2080 1033 3735 1122; baseline -0.004 -25"><span class='ocrx_word' id='word_1_374' title='bbox 2080 1043 2180 1112; x_wconf 74' lang='grc' dir='ltr'>τὴν</span> <span class='ocrx_word' id='word_1_375' title='bbox 2234 1044 2332 1113; x_wconf 84' lang='grc' dir='ltr'>σήν</span> <span class='ocrx_word' id='word_1_376' title='bbox 2391 1042 2704 1122; x_wconf 82' lang='grc' dir='ltr'>ἀφορῶντες</span> <span class='ocrx_word' id='word_1_377' title='bbox 2764 1042 3081 1118; x_wconf 84' lang='grc' dir='ltr'>ὑπόσχεσιν,</span> <span class='ocrx_word' id='word_1_378' title='bbox 3110 1039 3202 1096; x_wconf 82' lang='grc' dir='ltr'>καὶ</span> <span class='ocrx_word' id='word_1_379' title='bbox 3261 1041 3546 1110; x_wconf 77' lang='grc' dir='ltr'>ζητοῦντες</span> <span class='ocrx_word' id='word_1_380' title='bbox 3602 1033 3735 1090; x_wconf 87' lang='grc' dir='ltr'>πότε</span> 
     </span>
    </p>
   </div>
   <div class='ocr_carea' id='block_1_56' title="bbox 2085 1129 3455 1209">
    <p class='ocr_par' dir='ltr' id='par_1_56' title="bbox 2085 1129 3455 1209">
     <span class='ocr_line' id='line_1_56' title="bbox 2085 1129 3455 1209; baseline -0.004 -21"><span class='ocrx_word' id='word_1_381' title='bbox 2085 1152 2152 1206; x_wconf 92' lang='grc' dir='ltr'>με</span> <span class='ocrx_word' id='word_1_382' title='bbox 2182 1134 2605 1209; x_wconf 82' lang='grc' dir='ltr'>ψυχαγωγήσεις</span> <span class='ocrx_word' id='word_1_383' title='bbox 2636 1129 2950 1203; x_wconf 83' lang='grc' dir='ltr'>ἀπαλλάξας</span> <span class='ocrx_word' id='word_1_384' title='bbox 2978 1133 3088 1186; x_wconf 92' lang='grc' dir='ltr'>τῶν</span> <span class='ocrx_word' id='word_1_385' title='bbox 3113 1131 3455 1206; x_wconf 80' lang='grc' dir='ltr'>πειρασμῶν.</span> 
     </span>
    </p>
   </div>
   <div class='ocr_carea' id='block_1_57' title="bbox 2154 1231 3735 1316">
    <p class='ocr_par' dir='ltr' id='par_1_57' title="bbox 2154 1231 3735 1316">
     <span class='ocr_line' id='line_1_57' title="bbox 2154 1231 3735 1316; baseline -0.003 -25"><span class='ocrx_word' id='word_1_386' title='bbox 2154 1263 2183 1291; x_wconf 87' lang='grc'>‹‹</span> <span class='ocrx_word' id='word_1_387' title='bbox 2213 1242 2332 1295; x_wconf 71' lang='grc' dir='ltr'>νΟτι</span> <span class='ocrx_word' id='word_1_388' title='bbox 2382 1238 2638 1316; x_wconf 83' lang='grc' dir='ltr'>ἐγενήθην</span> <span class='ocrx_word' id='word_1_389' title='bbox 2689 1239 2765 1303; x_wconf 86' lang='grc' dir='ltr'>ὡς</span> <span class='ocrx_word' id='word_1_390' title='bbox 2814 1238 2977 1301; x_wconf 87' lang='grc' dir='ltr'>ἀσκὸς</span> <span class='ocrx_word' id='word_1_391' title='bbox 3024 1237 3076 1293; x_wconf 83' lang='grc' dir='ltr'>ἐν</span> <span class='ocrx_word' id='word_1_392' title='bbox 3119 1235 3324 1313; x_wconf 80' lang='grc' dir='ltr'>πάχνῃ,</span> <span class='ocrx_word' id='word_1_393' title='bbox 3372 1234 3441 1290; x_wconf 78' lang='grc' dir='ltr'>τὰ</span> <span class='ocrx_word' id='word_1_394' title='bbox 3503 1231 3735 1288; x_wconf 88' lang='grc' dir='ltr'>δικαιώ-</span> 
     </span>
    </p>
   </div>
   <div class='ocr_carea' id='block_1_58' title="bbox 2085 1321 3732 1401">
    <p class='ocr_par' dir='ltr' id='par_1_58' title="bbox 2085 1321 3732 1401">
     <span class='ocr_line' id='line_1_58' title="bbox 2085 1321 3732 1401; baseline -0.003 -19"><span class='ocrx_word' id='word_1_395' title='bbox 2085 1326 2226 1401; x_wconf 85' lang='grc' dir='ltr'>ματά</span> <span class='ocrx_word' id='word_1_396' title='bbox 2282 1349 2379 1383; x_wconf 91' lang='grc' dir='ltr'>σου</span> <span class='ocrx_word' id='word_1_397' title='bbox 2437 1327 2538 1384; x_wconf 84' lang='grc' dir='ltr'>οὐκ</span> <span class='ocrx_word' id='word_1_398' title='bbox 2591 1327 2959 1401; x_wconf 88' lang='grc' dir='ltr'>ἐπελαθόμην.</span> <span class='ocrx_word' id='word_1_399' title='bbox 2994 1350 3027 1380; x_wconf 84' lang='grc'><strong>››</strong></span> <span class='ocrx_word' id='word_1_400' title='bbox 3061 1357 3133 1370; x_wconf 83' lang='lat'>-—-</span> <span class='ocrx_word' id='word_1_401' title='bbox 3177 1328 3297 1380; x_wconf 86' lang='grc' dir='ltr'>Ὅτι</span> <span class='ocrx_word' id='word_1_402' title='bbox 3343 1322 3526 1400; x_wconf 81' lang='grc' dir='ltr'>ὥσπερ</span> <span class='ocrx_word' id='word_1_403' title='bbox 3568 1321 3732 1385; x_wconf 84' lang='grc' dir='ltr'>ἀσκὸς</span> 
     </span>
    </p>
   </div>
   <div class='ocr_carea' id='block_1_59' title="bbox 2080 1410 3732 1495">
    <p class='ocr_par' dir='ltr' id='par_1_59' title="bbox 2080 1410 3732 1495">
     <span class='ocr_line' id='line_1_59' title="bbox 2080 1410 3732 1495; baseline -0.003 -23"><span class='ocrx_word' id='word_1_404' title='bbox 2080 1416 2134 1472; x_wconf 86' lang='grc' dir='ltr'>ἐν</span> <span class='ocrx_word' id='word_1_405' title='bbox 2161 1415 2346 1494; x_wconf 83' lang='grc' dir='ltr'>πάχνῃ</span> <span class='ocrx_word' id='word_1_406' title='bbox 2386 1419 2653 1495; x_wconf 85' lang='grc' dir='ltr'>πήγνυται</span> <span class='ocrx_word' id='word_1_407' title='bbox 2700 1416 2792 1473; x_wconf 82' lang='grc' dir='ltr'>καὶ</span> <span class='ocrx_word' id='word_1_408' title='bbox 2834 1413 3212 1493; x_wconf 87' lang='grc' dir='ltr'>σκληρύνεται,</span> <span class='ocrx_word' id='word_1_409' title='bbox 3244 1413 3388 1469; x_wconf 76' lang='grc' dir='ltr'>οὕτω</span> <span class='ocrx_word' id='word_1_410' title='bbox 3433 1411 3526 1468; x_wconf 88' lang='grc' dir='ltr'>καὶ</span> <span class='ocrx_word' id='word_1_411' title='bbox 3571 1410 3732 1473; x_wconf 85' lang='grc' dir='ltr'>αὐτὸς</span> 
     </span>
    </p>
   </div>
   <div class='ocr_carea' id='block_1_60' title="bbox 2080 1504 3731 1582">
    <p class='ocr_par' dir='ltr' id='par_1_60' title="bbox 2080 1504 3731 1582">
     <span class='ocr_line' id='line_1_60' title="bbox 2080 1504 3731 1582; baseline -0.004 -21"><span class='ocrx_word' id='word_1_412' title='bbox 2080 1505 2430 1578; x_wconf 89' lang='grc' dir='ltr'>συνεπιέσθην</span> <span class='ocrx_word' id='word_1_413' title='bbox 2505 1507 2596 1562; x_wconf 88' lang='grc' dir='ltr'>καὶ</span> <span class='ocrx_word' id='word_1_414' title='bbox 2680 1504 3080 1582; x_wconf 79' lang='grc' dir='ltr'>κατεξηράνθην</span> <span class='ocrx_word' id='word_1_415' title='bbox 3173 1508 3290 1566; x_wconf 90' lang='grc' dir='ltr'>τοῖς</span> <span class='ocrx_word' id='word_1_416' title='bbox 3380 1504 3731 1577; x_wconf 87' lang='grc' dir='ltr'>πειρασμοῖς,</span> 
     </span>
    </p>
   </div>
   <div class='ocr_carea' id='block_1_61' title="bbox 2079 1585 3733 1672">
    <p class='ocr_par' dir='ltr' id='par_1_61' title="bbox 2079 1585 3733 1672">
     <span class='ocr_line' id='line_1_61' title="bbox 2079 1585 3733 1672; baseline -0.005 -21"><span class='ocrx_word' id='word_1_417' title='bbox 2079 1595 2171 1651; x_wconf 87' lang='grc' dir='ltr'>καὶ</span> <span class='ocrx_word' id='word_1_418' title='bbox 2217 1595 2311 1658; x_wconf 78' lang='grc' dir='ltr'>τὰς</span> <span class='ocrx_word' id='word_1_419' title='bbox 2360 1593 2570 1660; x_wconf 83' lang='grc' dir='ltr'>δικαίας</span> <span class='ocrx_word' id='word_1_420' title='bbox 2620 1618 2717 1652; x_wconf 92' lang='grc' dir='ltr'>σου</span> <span class='ocrx_word' id='word_1_421' title='bbox 2760 1595 2965 1672; x_wconf 88' lang='grc' dir='ltr'>κρίσεις</span> <span class='ocrx_word' id='word_1_422' title='bbox 3011 1595 3091 1658; x_wconf 81' lang='grc' dir='ltr'>εἷς</span> <span class='ocrx_word' id='word_1_423' title='bbox 3153 1595 3380 1668; x_wconf 88' lang='grc' dir='ltr'>μνήμην</span> <span class='ocrx_word' id='word_1_424' title='bbox 3436 1589 3553 1668; x_wconf 81' lang='grc' dir='ltr'>ἔχω</span> <span class='ocrx_word' id='word_1_425' title='bbox 3617 1585 3733 1645; x_wconf 89' lang='grc' dir='ltr'>δια-</span> 
     </span>
    </p>
   </div>
   <div class='ocr_carea' id='block_1_62' title="bbox 2079 1683 2302 1748">
    <p class='ocr_par' dir='ltr' id='par_1_62' title="bbox 2079 1683 2302 1748">
     <span class='ocr_line' id='line_1_62' title="bbox 2079 1683 2302 1748; baseline 0.009 -9"><span class='ocrx_word' id='word_1_426' title='bbox 2079 1683 2302 1748; x_wconf 89' lang='grc' dir='ltr'>παντός.</span> 
     </span>
    </p>
   </div>
   <div class='ocr_carea' id='block_1_63' title="bbox 2150 1765 3735 1850">
    <p class='ocr_par' dir='ltr' id='par_1_63' title="bbox 2150 1765 3735 1850">
     <span class='ocr_line' id='line_1_63' title="bbox 2150 1765 3735 1850; baseline -0.002 -24"><span class='ocrx_word' id='word_1_427' title='bbox 2150 1796 2180 1827; x_wconf 88' lang='grc'>‹‹</span> <span class='ocrx_word' id='word_1_428' title='bbox 2213 1767 2384 1829; x_wconf 88' lang='grc' dir='ltr'>Πόσαι</span> <span class='ocrx_word' id='word_1_429' title='bbox 2431 1772 2562 1829; x_wconf 72' lang='grc' dir='ltr'>εἶσὶν</span> <span class='ocrx_word' id='word_1_430' title='bbox 2614 1774 2669 1830; x_wconf 73' lang='grc' dir='ltr'>αἳ</span> <span class='ocrx_word' id='word_1_431' title='bbox 2716 1770 2921 1850; x_wconf 82' lang='grc' dir='ltr'>ἡμέραι</span> <span class='ocrx_word' id='word_1_432' title='bbox 2983 1774 3084 1828; x_wconf 79' lang='grc' dir='ltr'>τοῦ</span> <span class='ocrx_word' id='word_1_433' title='bbox 3147 1766 3352 1827; x_wconf 90' lang='grc' dir='ltr'>δούλου</span> <span class='ocrx_word' id='word_1_434' title='bbox 3418 1787 3554 1839; x_wconf 84' lang='grc' dir='ltr'>σου;</span> <span class='ocrx_word' id='word_1_435' title='bbox 3599 1765 3735 1824; x_wconf 78' lang='grc' dir='ltr'>πότε</span> 
     </span>
    </p>
   </div>
   <div class='ocr_carea' id='block_1_64' title="bbox 2078 1856 3725 1937">
    <p class='ocr_par' dir='ltr' id='par_1_64' title="bbox 2078 1856 3725 1937">
     <span class='ocr_line' id='line_1_64' title="bbox 2078 1856 3725 1937; baseline -0.004 -19"><span class='ocrx_word' id='word_1_436' title='bbox 2078 1863 2330 1933; x_wconf 82' lang='grc' dir='ltr'>ποιήσεις</span> <span class='ocrx_word' id='word_1_437' title='bbox 2390 1884 2486 1937; x_wconf 90' lang='grc' dir='ltr'>μοι</span> <span class='ocrx_word' id='word_1_438' title='bbox 2543 1861 2603 1918; x_wconf 85' lang='grc' dir='ltr'>ἐκ</span> <span class='ocrx_word' id='word_1_439' title='bbox 2670 1866 2778 1918; x_wconf 90' lang='grc' dir='ltr'>τῶν</span> <span class='ocrx_word' id='word_1_440' title='bbox 2827 1858 3275 1917; x_wconf 89' lang='grc' dir='ltr'>καταδιωκόντων</span> <span class='ocrx_word' id='word_1_441' title='bbox 3344 1879 3413 1933; x_wconf 84' lang='grc' dir='ltr'>με</span> <span class='ocrx_word' id='word_1_442' title='bbox 3456 1856 3666 1935; x_wconf 73' lang='grc' dir='ltr'>κρίσιν;</span> <span class='ocrx_word' id='word_1_443' title='bbox 3695 1876 3725 1913; x_wconf 75' lang='grc' dir='ltr'>ι</span> 
     </span>
    </p>
   </div>
   <div class='ocr_carea' id='block_1_65' title="bbox 2078 1943 3731 2026">
    <p class='ocr_par' dir='ltr' id='par_1_65' title="bbox 2078 1943 3731 2026">
     <span class='ocr_line' id='line_1_65' title="bbox 2078 1943 3731 2026; baseline -0.003 -19"><span class='ocrx_word' id='word_1_444' title='bbox 2078 1950 2347 2007; x_wconf 90' lang='grc' dir='ltr'>-Πόσαι</span> <span class='ocrx_word' id='word_1_445' title='bbox 2396 1950 2536 2022; x_wconf 87' lang='grc' dir='ltr'>εἷσί;</span> <span class='ocrx_word' id='word_1_446' title='bbox 2584 1952 2807 2013; x_wconf 90' lang='grc' dir='ltr'>Πάντως</span> <span class='ocrx_word' id='word_1_447' title='bbox 2857 1948 3066 2026; x_wconf 83' lang='grc' dir='ltr'>ὀλίγαι.</span> <span class='ocrx_word' id='word_1_448' title='bbox 3112 1943 3256 2005; x_wconf 89' lang='grc' dir='ltr'>Πότε</span> <span class='ocrx_word' id='word_1_449' title='bbox 3320 1948 3572 2018; x_wconf 89' lang='grc' dir='ltr'>ποιήσεις</span> <span class='ocrx_word' id='word_1_450' title='bbox 3637 1966 3731 2021; x_wconf 91' lang='grc' dir='ltr'>μοι</span> 
     </span>
    </p>
   </div>
   <div class='ocr_carea' id='block_1_66' title="bbox 2083 2035 3732 2114">
    <p class='ocr_par' dir='ltr' id='par_1_66' title="bbox 2083 2035 3732 2114">
     <span class='ocr_line' id='line_1_66' title="bbox 2083 2035 3732 2114; baseline -0.002 -18"><span class='ocrx_word' id='word_1_451' title='bbox 2083 2038 2362 2101; x_wconf 88' lang='grc' dir='ltr'>δικαίωσιν</span> <span class='ocrx_word' id='word_1_452' title='bbox 2419 2039 2527 2096; x_wconf 84' lang='grc' dir='ltr'>ἀπὸ</span> <span class='ocrx_word' id='word_1_453' title='bbox 2582 2044 2693 2096; x_wconf 89' lang='grc' dir='ltr'>τῶν</span> <span class='ocrx_word' id='word_1_454' title='bbox 2751 2036 3199 2095; x_wconf 88' lang='grc' dir='ltr'>καταδιωκόντων</span> <span class='ocrx_word' id='word_1_455' title='bbox 3264 2057 3333 2112; x_wconf 87' lang='grc' dir='ltr'>με</span> <span class='ocrx_word' id='word_1_456' title='bbox 3373 2037 3583 2114; x_wconf 80' lang='grc' dir='ltr'>ὁρατῶν</span> <span class='ocrx_word' id='word_1_457' title='bbox 3641 2035 3732 2092; x_wconf 83' lang='grc' dir='ltr'>καὶ</span> 
     </span>
    </p>
   </div>
   <div class='ocr_carea' id='block_1_67' title="bbox 2081 2124 3712 2207">
    <p class='ocr_par' dir='ltr' id='par_1_67' title="bbox 2081 2124 3712 2207">
     <span class='ocr_line' id='line_1_67' title="bbox 2081 2124 3712 2207; baseline 0.001 -22"><span class='ocrx_word' id='word_1_458' title='bbox 2081 2130 2327 2207; x_wconf 85' lang='grc' dir='ltr'>ἀοράτων</span> <span class='ocrx_word' id='word_1_459' title='bbox 2361 2129 2574 2206; x_wconf 81' lang='grc' dir='ltr'>ἐχθρῶν</span> <span class='ocrx_word' id='word_1_460' title='bbox 2604 2128 2796 2207; x_wconf 78' lang='grc' dir='ltr'>πόρῥω</span> <span class='ocrx_word' id='word_1_461' title='bbox 2823 2124 3099 2190; x_wconf 89' lang='grc' dir='ltr'>ἀπελάσας</span> <span class='ocrx_word' id='word_1_462' title='bbox 3127 2125 3325 2190; x_wconf 75' lang='grc' dir='ltr'>αὐτούς</span> <span class='ocrx_word' id='word_1_463' title='bbox 3349 2145 3363 2197; x_wconf 87' lang='grc'><strong>;</strong></span> <span class='ocrx_word' id='word_1_464' title='bbox 3709 2201 3712 2205; x_wconf 22' lang='grc' dir='ltr'>λ</span> 
     </span>
    </p>
   </div>
   <div class='ocr_carea' id='block_1_68' title="bbox 2155 2210 3741 2296">
    <p class='ocr_par' dir='ltr' id='par_1_68' title="bbox 2155 2210 3741 2296">
     <span class='ocr_line' id='line_1_68' title="bbox 2155 2210 3741 2296; baseline -0.002 -24"><span class='ocrx_word' id='word_1_465' title='bbox 2155 2243 2183 2272; x_wconf 79' lang='grc' dir='ltr'>ι(</span> <span class='ocrx_word' id='word_1_466' title='bbox 2235 2217 2580 2296; x_wconf 89' lang='grc' dir='ltr'>Διηγήσαντό</span> <span class='ocrx_word' id='word_1_467' title='bbox 2650 2239 2749 2293; x_wconf 90' lang='grc' dir='ltr'>μοι</span> <span class='ocrx_word' id='word_1_468' title='bbox 2822 2218 3134 2295; x_wconf 88' lang='grc' dir='ltr'>παράνομοι</span> <span class='ocrx_word' id='word_1_469' title='bbox 3186 2213 3552 2291; x_wconf 84' lang='grc' dir='ltr'>ἀδολεσχίας,</span> <span class='ocrx_word' id='word_1_470' title='bbox 3609 2210 3741 2270; x_wconf 91' lang='grc' dir='ltr'>ἀλλ’</span> 
     </span>
    </p>
   </div>
   <div class='ocr_carea' id='block_1_69' title="bbox 2082 2303 3738 2385">
    <p class='ocr_par' dir='ltr' id='par_1_69' title="bbox 2082 2303 3738 2385">
     <span class='ocr_line' id='line_1_69' title="bbox 2082 2303 3738 2385; baseline -0.004 -22"><span class='ocrx_word' id='word_1_471' title='bbox 2082 2307 2189 2385; x_wconf 88' lang='grc' dir='ltr'>οὐχ</span> <span class='ocrx_word' id='word_1_472' title='bbox 2236 2308 2311 2371; x_wconf 84' lang='grc' dir='ltr'>ὡς</span> <span class='ocrx_word' id='word_1_473' title='bbox 2357 2308 2386 2363; x_wconf 86' lang='grc' dir='ltr'>ὁ</span> <span class='ocrx_word' id='word_1_474' title='bbox 2426 2307 2599 2382; x_wconf 87' lang='grc' dir='ltr'>νόμος</span> <span class='ocrx_word' id='word_1_475' title='bbox 2650 2329 2747 2363; x_wconf 91' lang='grc' dir='ltr'>σου</span> <span class='ocrx_word' id='word_1_476' title='bbox 2797 2306 2982 2383; x_wconf 84' lang='grc' dir='ltr'>Κύριε.</span> <span class='ocrx_word' id='word_1_477' title='bbox 3034 2329 3065 2359; x_wconf 85' lang='grc'><strong>››</strong></span> <span class='ocrx_word' id='word_1_478' title='bbox 3115 2339 3182 2349; x_wconf 90' lang='grc'><strong>-</strong></span> <span class='ocrx_word' id='word_1_479' title='bbox 3231 2303 3588 2383; x_wconf 77' lang='grc' dir='ltr'>Ἐφθέγξαντό</span> <span class='ocrx_word' id='word_1_480' title='bbox 3643 2323 3738 2377; x_wconf 88' lang='grc' dir='ltr'>μοι</span> 
     </span>
    </p>
   </div>
   <div class='ocr_carea' id='block_1_70' title="bbox 2081 2391 3742 2472">
    <p class='ocr_par' dir='ltr' id='par_1_70' title="bbox 2081 2391 3742 2472">
     <span class='ocr_line' id='line_1_70' title="bbox 2081 2391 3742 2472; baseline -0.004 -19"><span class='ocrx_word' id='word_1_481' title='bbox 2081 2396 2390 2472; x_wconf 88' lang='grc' dir='ltr'>παράνομοι</span> <span class='ocrx_word' id='word_1_482' title='bbox 2450 2394 2794 2472; x_wconf 88' lang='grc' dir='ltr'>πολυλογίας</span> <span class='ocrx_word' id='word_1_483' title='bbox 2859 2393 3101 2458; x_wconf 79' lang='grc' dir='ltr'>ἐναντίας</span> <span class='ocrx_word' id='word_1_484' title='bbox 3162 2394 3243 2467; x_wconf 81' lang='grc' dir='ltr'>τῷ</span> <span class='ocrx_word' id='word_1_485' title='bbox 3306 2392 3465 2467; x_wconf 86' lang='grc' dir='ltr'>νόμῳ</span> <span class='ocrx_word' id='word_1_486' title='bbox 3522 2413 3642 2465; x_wconf 88' lang='grc' dir='ltr'>σου,</span> <span class='ocrx_word' id='word_1_487' title='bbox 3686 2391 3742 2447; x_wconf 77' lang='grc' dir='ltr'>οἱ</span> 
     </span>
    </p>
   </div>
   <div class='ocr_carea' id='block_1_71' title="bbox 2088 2479 3744 2560">
    <p class='ocr_par' dir='ltr' id='par_1_71' title="bbox 2088 2479 3744 2560">
     <span class='ocr_line' id='line_1_71' title="bbox 2088 2479 3744 2560; baseline -0.004 -18"><span class='ocrx_word' id='word_1_488' title='bbox 2088 2486 2183 2559; x_wconf 73' lang='grc' dir='ltr'>μὲν</span> <span class='ocrx_word' id='word_1_489' title='bbox 2217 2480 2683 2560; x_wconf 88' lang='grc' dir='ltr'>συμϐουλεύοντες</span> <span class='ocrx_word' id='word_1_490' title='bbox 2713 2483 2924 2541; x_wconf 86' lang='grc' dir='ltr'>ἀνελεῖν</span> <span class='ocrx_word' id='word_1_491' title='bbox 2963 2483 3092 2548; x_wconf 78' lang='grc' dir='ltr'>τοὺς</span> <span class='ocrx_word' id='word_1_492' title='bbox 3132 2482 3389 2560; x_wconf 82' lang='grc' dir='ltr'>ἐχθροὺς,</span> <span class='ocrx_word' id='word_1_493' title='bbox 3420 2482 3474 2537; x_wconf 75' lang='grc' dir='ltr'>οἱ</span> <span class='ocrx_word' id='word_1_494' title='bbox 3513 2479 3572 2537; x_wconf 76' lang='grc' dir='ltr'>δὲ</span> <span class='ocrx_word' id='word_1_495' title='bbox 3627 2500 3744 2536; x_wconf 88' lang='grc' dir='ltr'>συν-</span> 
     </span>
    </p>
   </div>
   <div class='ocr_carea' id='block_1_72' title="bbox 2085 2567 3744 2652">
    <p class='ocr_par' dir='ltr' id='par_1_72' title="bbox 2085 2567 3744 2652">
     <span class='ocr_line' id='line_1_72' title="bbox 2085 2567 3744 2652; baseline -0.002 -23"><span class='ocrx_word' id='word_1_496' title='bbox 2085 2574 2431 2652; x_wconf 85' lang='grc' dir='ltr'>εστραμμένα</span> <span class='ocrx_word' id='word_1_497' title='bbox 2514 2575 2822 2651; x_wconf 77' lang='grc' dir='ltr'>εἰσάγοντες</span> <span class='ocrx_word' id='word_1_498' title='bbox 2903 2572 3170 2650; x_wconf 88' lang='grc' dir='ltr'>δόγματα.</span> <span class='ocrx_word' id='word_1_499' title='bbox 3256 2570 3612 2647; x_wconf 90' lang='grc' dir='ltr'>Παρανόμους</span> <span class='ocrx_word' id='word_1_500' title='bbox 3685 2567 3744 2626; x_wconf 80' lang='grc' dir='ltr'>δὲ</span> 
     </span>
    </p>
   </div>
   <div class='ocr_carea' id='block_1_73' title="bbox 2083 2661 3187 2742">
    <p class='ocr_par' dir='ltr' id='par_1_73' title="bbox 2083 2661 3187 2742">
     <span class='ocr_line' id='line_1_73' title="bbox 2083 2661 3187 2742; baseline 0.001 -23"><span class='ocrx_word' id='word_1_501' title='bbox 2083 2664 2336 2742; x_wconf 85' lang='grc' dir='ltr'>πρώτους</span> <span class='ocrx_word' id='word_1_502' title='bbox 2368 2663 2715 2736; x_wconf 79' lang='grc' dir='ltr'>ὑποληπτέον</span> <span class='ocrx_word' id='word_1_503' title='bbox 2747 2662 2873 2726; x_wconf 82' lang='grc' dir='ltr'>τοὺς</span> <span class='ocrx_word' id='word_1_504' title='bbox 2904 2661 3187 2738; x_wconf 85' lang='grc' dir='ltr'>δαίμονας.</span> 
     </span>
    </p>
   </div>
   <div class='ocr_carea' id='block_1_74' title="bbox 2157 2745 3743 2824">
    <p class='ocr_par' dir='ltr' id='par_1_74' title="bbox 2157 2745 3743 2824">
     <span class='ocr_line' id='line_1_74' title="bbox 2157 2745 3743 2824; baseline -0.002 -18"><span class='ocrx_word' id='word_1_505' title='bbox 2157 2776 2187 2805; x_wconf 89' lang='grc'>‹‹</span> <span class='ocrx_word' id='word_1_506' title='bbox 2218 2758 2390 2808; x_wconf 81' lang='grc' dir='ltr'>Πᾶσαι</span> <span class='ocrx_word' id='word_1_507' title='bbox 2422 2754 2479 2808; x_wconf 76' lang='grc' dir='ltr'>αἱ</span> <span class='ocrx_word' id='word_1_508' title='bbox 2524 2752 2738 2810; x_wconf 88' lang='grc' dir='ltr'>ἐντολαί</span> <span class='ocrx_word' id='word_1_509' title='bbox 2787 2774 2883 2809; x_wconf 91' lang='grc' dir='ltr'>σου</span> <span class='ocrx_word' id='word_1_510' title='bbox 2933 2750 3181 2824; x_wconf 76' lang='grc' dir='ltr'>ἀλήθειαο</span> <span class='ocrx_word' id='word_1_511' title='bbox 3232 2748 3435 2812; x_wconf 88' lang='grc' dir='ltr'>ἀδίκως</span> <span class='ocrx_word' id='word_1_512' title='bbox 3482 2745 3743 2805; x_wconf 88' lang='grc' dir='ltr'>κατεδίω-</span> 
     </span>
    </p>
   </div>
   <div class='ocr_carea' id='block_1_75' title="bbox 2085 2836 3740 2918">
    <p class='ocr_par' dir='ltr' id='par_1_75' title="bbox 2085 2836 3740 2918">
     <span class='ocr_line' id='line_1_75' title="bbox 2085 2836 3740 2918; baseline -0.002 -22"><span class='ocrx_word' id='word_1_513' title='bbox 2085 2841 2176 2912; x_wconf 81' lang='grc' dir='ltr'>ξάν</span> <span class='ocrx_word' id='word_1_514' title='bbox 2236 2861 2322 2915; x_wconf 88' lang='grc' dir='ltr'>με·</span> <span class='ocrx_word' id='word_1_515' title='bbox 2360 2840 2635 2918; x_wconf 88' lang='grc' dir='ltr'>βοήθησόν</span> <span class='ocrx_word' id='word_1_516' title='bbox 2695 2863 2812 2916; x_wconf 88' lang='grc' dir='ltr'>μοι.</span> <span class='ocrx_word' id='word_1_517' title='bbox 2851 2866 2870 2893; x_wconf 77' lang='grc' dir='ltr'><strong><em>ο</em></strong></span> <span class='ocrx_word' id='word_1_518' title='bbox 2908 2874 2975 2883; x_wconf 92' lang='grc'><strong>-</strong></span> <span class='ocrx_word' id='word_1_519' title='bbox 3023 2845 3198 2896; x_wconf 80' lang='grc' dir='ltr'>Πᾶσαι</span> <span class='ocrx_word' id='word_1_520' title='bbox 3252 2836 3480 2911; x_wconf 87' lang='grc' dir='ltr'>ἀληθεῖς</span> <span class='ocrx_word' id='word_1_521' title='bbox 3538 2837 3591 2894; x_wconf 86' lang='grc' dir='ltr'>ἐν</span> <span class='ocrx_word' id='word_1_522' title='bbox 3651 2838 3740 2902; x_wconf 83' lang='grc' dir='ltr'>αῖς</span> 
     </span>
    </p>
   </div>
   <div class='ocr_carea' id='block_1_76' title="bbox 2086 2925 3738 3005">
    <p class='ocr_par' dir='ltr' id='par_1_76' title="bbox 2086 2925 3738 3005">
     <span class='ocr_line' id='line_1_76' title="bbox 2086 2925 3738 3005; baseline -0.001 -20"><span class='ocrx_word' id='word_1_523' title='bbox 2086 2928 2373 2994; x_wconf 81' lang='grc' dir='ltr'>ἐκέλευσας</span> <span class='ocrx_word' id='word_1_524' title='bbox 2432 2932 2510 3005; x_wconf 83' lang='grc' dir='ltr'>μή</span> <span class='ocrx_word' id='word_1_525' title='bbox 2569 2928 2793 2988; x_wconf 89' lang='grc' dir='ltr'>ἀδικεῖν.</span> <span class='ocrx_word' id='word_1_526' title='bbox 2849 2926 3222 3004; x_wconf 62' lang='grc' dir='ltr'>Ἀδικουμέῇρῳ</span> <span class='ocrx_word' id='word_1_527' title='bbox 3276 2926 3367 2984; x_wconf 80' lang='grc' dir='ltr'>οὗν</span> <span class='ocrx_word' id='word_1_528' title='bbox 3457 2925 3738 3003; x_wconf 85' lang='grc' dir='ltr'>βοήθησόν</span> 
     </span>
    </p>
   </div>
   <div class='ocr_carea' id='block_1_77' title="bbox 2090 3039 2205 3094">
    <p class='ocr_par' dir='ltr' id='par_1_77' title="bbox 2090 3039 2205 3094">
     <span class='ocr_line' id='line_1_77' title="bbox 2090 3039 2205 3094; baseline 0.035 -21"><span class='ocrx_word' id='word_1_529' title='bbox 2090 3039 2205 3094; x_wconf 92' lang='grc' dir='ltr'>μοι.</span> 
     </span>
    </p>
   </div>
   <div class='ocr_carea' id='block_1_78' title="bbox 2159 3104 3740 3185">
    <p class='ocr_par' dir='ltr' id='par_1_78' title="bbox 2159 3104 3740 3185">
     <span class='ocr_line' id='line_1_78' title="bbox 2159 3104 3740 3185; baseline -0.001 -22"><span class='ocrx_word' id='word_1_530' title='bbox 2159 3132 2189 3163; x_wconf 89' lang='grc'>‹‹</span> <span class='ocrx_word' id='word_1_531' title='bbox 2238 3107 2392 3184; x_wconf 77' lang='grc' dir='ltr'>Παρὰ</span> <span class='ocrx_word' id='word_1_532' title='bbox 2463 3106 2643 3185; x_wconf 76' lang='grc' dir='ltr'>βραχὺ</span> <span class='ocrx_word' id='word_1_533' title='bbox 2692 3104 3035 3164; x_wconf 83' lang='grc' dir='ltr'>συνετέλεσάν</span> <span class='ocrx_word' id='word_1_534' title='bbox 3103 3126 3171 3181; x_wconf 87' lang='grc' dir='ltr'>με</span> <span class='ocrx_word' id='word_1_535' title='bbox 3214 3105 3279 3179; x_wconf 68' lang='grc' dir='ltr'>[ἐν</span> <span class='ocrx_word' id='word_1_536' title='bbox 3343 3109 3414 3181; x_wconf 79' lang='grc' dir='ltr'>τῇ</span> <span class='ocrx_word' id='word_1_537' title='bbox 3626 3104 3740 3181; x_wconf 73' lang='grc' dir='ltr'>ἐγὼ</span> 
     </span>
    </p>
   </div>
   <div class='ocr_carea' id='block_1_79' title="bbox 2086 3191 3744 3274">
    <p class='ocr_par' dir='ltr' id='par_1_79' title="bbox 2086 3191 3744 3274">
     <span class='ocr_line' id='line_1_79' title="bbox 2086 3191 3744 3274; baseline -0.001 -21"><span class='ocrx_word' id='word_1_538' title='bbox 2086 3194 2146 3253; x_wconf 79' lang='grc' dir='ltr'>δὲ</span> <span class='ocrx_word' id='word_1_539' title='bbox 2175 3197 2274 3253; x_wconf 90' lang='grc' dir='ltr'>οὐκ</span> <span class='ocrx_word' id='word_1_540' title='bbox 2303 3194 2654 3274; x_wconf 70' lang='grc' dir='ltr'>ἐγκατέλιπον</span> <span class='ocrx_word' id='word_1_541' title='bbox 2691 3198 2787 3259; x_wconf 83' lang='grc' dir='ltr'>τὰς</span> <span class='ocrx_word' id='word_1_542' title='bbox 2829 3193 3054 3259; x_wconf 77' lang='grc' dir='ltr'>ἐντολάς</span> <span class='ocrx_word' id='word_1_543' title='bbox 3098 3216 3217 3252; x_wconf 88' lang='grc' dir='ltr'>σου.</span> <span class='ocrx_word' id='word_1_544' title='bbox 3250 3218 3282 3247; x_wconf 84' lang='grc'>››</span> <span class='ocrx_word' id='word_1_545' title='bbox 3322 3227 3393 3237; x_wconf 93' lang='grc'><strong>-·</strong></span> <span class='ocrx_word' id='word_1_546' title='bbox 3440 3195 3575 3272; x_wconf 90' lang='grc' dir='ltr'>Παρ’</span> <span class='ocrx_word' id='word_1_547' title='bbox 3626 3191 3744 3251; x_wconf 82' lang='grc' dir='ltr'>ὀλί-</span> 
     </span>
    </p>
   </div>
   <div class='ocr_carea' id='block_1_80' title="bbox 2084 3282 3739 3362">
    <p class='ocr_par' dir='ltr' id='par_1_80' title="bbox 2084 3282 3739 3362">
     <span class='ocr_line' id='line_1_80' title="bbox 2084 3282 3739 3362; baseline -0.002 -20"><span class='ocrx_word' id='word_1_548' title='bbox 2084 3307 2179 3362; x_wconf 90' lang='grc' dir='ltr'>γον</span> <span class='ocrx_word' id='word_1_549' title='bbox 2248 3285 2462 3343; x_wconf 89' lang='grc' dir='ltr'>ἀνεῖλόν</span> <span class='ocrx_word' id='word_1_550' title='bbox 2553 3307 2642 3360; x_wconf 89' lang='grc' dir='ltr'>με,</span> <span class='ocrx_word' id='word_1_551' title='bbox 2698 3283 3008 3341; x_wconf 86' lang='grc' dir='ltr'>συντελέσαι</span> <span class='ocrx_word' id='word_1_552' title='bbox 3071 3282 3565 3361; x_wconf 88' lang='grc' dir='ltr'>παρασκευάσαντες</span> <span class='ocrx_word' id='word_1_553' title='bbox 3637 3283 3739 3353; x_wconf 79' lang='grc' dir='ltr'>τήν</span> 
     </span>
    </p>
   </div>
   <div class='ocr_carea' id='block_1_81' title="bbox 2089 3370 3743 3454">
    <p class='ocr_par' dir='ltr' id='par_1_81' title="bbox 2089 3370 3743 3454">
     <span class='ocr_line' id='line_1_81' title="bbox 2089 3370 3743 3454; baseline -0.002 -23"><span class='ocrx_word' id='word_1_554' title='bbox 2089 3377 2235 3446; x_wconf 84' lang='grc' dir='ltr'>ζωήν</span> <span class='ocrx_word' id='word_1_555' title='bbox 2272 3375 2325 3431; x_wconf 87' lang='grc' dir='ltr'>ἐν</span> <span class='ocrx_word' id='word_1_556' title='bbox 2351 3381 2432 3449; x_wconf 82' lang='grc' dir='ltr'>τῷ</span> <span class='ocrx_word' id='word_1_557' title='bbox 2475 3374 2651 3454; x_wconf 85' lang='grc' dir='ltr'>τάφῳ.</span> <span class='ocrx_word' id='word_1_558' title='bbox 2686 3376 2829 3450; x_wconf 87' lang='grc' dir='ltr'>Ἐγὼ</span> <span class='ocrx_word' id='word_1_559' title='bbox 2879 3372 2938 3430; x_wconf 73' lang='grc' dir='ltr'>δὲ</span> <span class='ocrx_word' id='word_1_560' title='bbox 2986 3370 3101 3429; x_wconf 81' lang='grc' dir='ltr'>οὐδ’</span> <span class='ocrx_word' id='word_1_561' title='bbox 3145 3372 3318 3436; x_wconf 76' lang='grc' dir='ltr'>οὕτως</span> <span class='ocrx_word' id='word_1_562' title='bbox 3360 3372 3594 3445; x_wconf 82' lang='grc' dir='ltr'>ἀπέστην</span> <span class='ocrx_word' id='word_1_563' title='bbox 3636 3377 3743 3445; x_wconf 87' lang='grc' dir='ltr'>τῆς</span> 
     </span>
    </p>
   </div>
   <div class='ocr_carea' id='block_1_82' title="bbox 2085 3461 3281 3543">
    <p class='ocr_par' dir='ltr' id='par_1_82' title="bbox 2085 3461 3281 3543">
     <span class='ocr_line' id='line_1_82' title="bbox 2085 3461 3281 3543; baseline 0 -23"><span class='ocrx_word' id='word_1_564' title='bbox 2085 3463 2320 3540; x_wconf 81' lang='grc' dir='ltr'>μελέτης</span> <span class='ocrx_word' id='word_1_565' title='bbox 2352 3465 2443 3520; x_wconf 87' lang='grc' dir='ltr'>καὶ</span> <span class='ocrx_word' id='word_1_566' title='bbox 2474 3463 2725 3543; x_wconf 87' lang='grc' dir='ltr'>φυλακῆς</span> <span class='ocrx_word' id='word_1_567' title='bbox 2755 3468 2861 3519; x_wconf 89' lang='grc' dir='ltr'>τῶν</span> <span class='ocrx_word' id='word_1_568' title='bbox 2889 3467 2996 3519; x_wconf 88' lang='grc' dir='ltr'>σῶν</span> <span class='ocrx_word' id='word_1_569' title='bbox 3020 3461 3281 3520; x_wconf 88' lang='grc' dir='ltr'>ἐντολῶν.</span> 
     </span>
    </p>
   </div>
   <div class='ocr_carea' id='block_1_83' title="bbox 2104 3548 3833 3630">
    <p class='ocr_par' dir='ltr' id='par_1_83' title="bbox 2104 3548 3833 3630">
     <span class='ocr_line' id='line_1_83' title="bbox 2104 3548 3833 3630; baseline 0 -23"><span class='ocrx_word' id='word_1_570' title='bbox 2104 3560 2109 3571; x_wconf 92' lang='grc'><em>’</em></span> <span class='ocrx_word' id='word_1_571' title='bbox 2155 3578 2185 3608; x_wconf 89' lang='grc'><strong>‹‹</strong></span> <span class='ocrx_word' id='word_1_572' title='bbox 2217 3555 2309 3617; x_wconf 80' lang='grc' dir='ltr'>Εἰς</span> <span class='ocrx_word' id='word_1_573' title='bbox 2357 3554 2448 3610; x_wconf 87' lang='grc' dir='ltr'>τὸν</span> <span class='ocrx_word' id='word_1_574' title='bbox 2498 3554 2695 3624; x_wconf 76' lang='grc' dir='ltr'>αἰῶνα,</span> <span class='ocrx_word' id='word_1_575' title='bbox 2726 3551 2909 3630; x_wconf 85' lang='grc' dir='ltr'>Κύριε,</span> <span class='ocrx_word' id='word_1_576' title='bbox 2952 3553 2982 3608; x_wconf 90' lang='grc' dir='ltr'>ὁ</span> <span class='ocrx_word' id='word_1_577' title='bbox 3031 3549 3202 3630; x_wconf 90' lang='grc' dir='ltr'>λόγος</span> <span class='ocrx_word' id='word_1_578' title='bbox 3246 3573 3343 3607; x_wconf 91' lang='grc' dir='ltr'>σου</span> <span class='ocrx_word' id='word_1_579' title='bbox 3391 3548 3634 3625; x_wconf 87' lang='grc' dir='ltr'>διαμένει</span> <span class='ocrx_word' id='word_1_580' title='bbox 3686 3551 3740 3607; x_wconf 81' lang='grc' dir='ltr'>ἐν</span> <span class='ocrx_word' id='word_1_581' title='bbox 3830 3594 3833 3599; x_wconf 64' lang='grc' dir='ltr'><em>ς</em></span> 
     </span>
    </p>
   </div>
   <div class='ocr_carea' id='block_1_84' title="bbox 2078 3638 3743 3721">
    <p class='ocr_par' dir='ltr' id='par_1_84' title="bbox 2078 3638 3743 3721">
     <span class='ocr_line' id='line_1_84' title="bbox 2078 3638 3743 3721; baseline -0.002 -23"><span class='ocrx_word' id='word_1_582' title='bbox 2078 3648 2159 3717; x_wconf 81' lang='grc' dir='ltr'>τῷ</span> <span class='ocrx_word' id='word_1_583' title='bbox 2207 3642 2442 3721; x_wconf 80' lang='grc' dir='ltr'>οὐρανῷ.</span> <span class='ocrx_word' id='word_1_584' title='bbox 2477 3665 2501 3696; x_wconf 77' lang='grc' dir='ltr'>ι</span> <span class='ocrx_word' id='word_1_585' title='bbox 2536 3677 2606 3684; x_wconf 93' lang='grc'><strong><em>-</em></strong></span> <span class='ocrx_word' id='word_1_586' title='bbox 2652 3642 2766 3699; x_wconf 82' lang='grc' dir='ltr'>Ἀεὶ</span> <span class='ocrx_word' id='word_1_587' title='bbox 2811 3642 2876 3697; x_wconf 89' lang='grc' dir='ltr'>τὸ</span> <span class='ocrx_word' id='word_1_588' title='bbox 2916 3641 3249 3718; x_wconf 89' lang='grc' dir='ltr'>πρόσταγμά</span> <span class='ocrx_word' id='word_1_589' title='bbox 3291 3661 3393 3696; x_wconf 86' lang='grc' dir='ltr'>σου</span> <span class='ocrx_word' id='word_1_590' title='bbox 3445 3638 3743 3696; x_wconf 88' lang='grc' dir='ltr'>ἀσάλευτον</span> 
     </span>
    </p>
   </div>
   <div class='ocr_carea' id='block_1_85' title="bbox 2082 3727 3741 3807">
    <p class='ocr_par' dir='ltr' id='par_1_85' title="bbox 2082 3727 3741 3807">
     <span class='ocr_line' id='line_1_85' title="bbox 2082 3727 3741 3807; baseline -0.001 -19"><span class='ocrx_word' id='word_1_591' title='bbox 2082 3729 2327 3807; x_wconf 89' lang='grc' dir='ltr'>διαμένει</span> <span class='ocrx_word' id='word_1_592' title='bbox 2393 3732 2445 3788; x_wconf 88' lang='grc' dir='ltr'>ἐν</span> <span class='ocrx_word' id='word_1_593' title='bbox 2505 3736 2586 3805; x_wconf 79' lang='grc' dir='ltr'>τῷ</span> <span class='ocrx_word' id='word_1_594' title='bbox 2646 3730 2885 3807; x_wconf 77' lang='grc' dir='ltr'>οὐρανῷ·</span> <span class='ocrx_word' id='word_1_595' title='bbox 2938 3733 2974 3801; x_wconf 81' lang='grc' dir='ltr'><strong>ἡ</strong></span> <span class='ocrx_word' id='word_1_596' title='bbox 3024 3729 3258 3802; x_wconf 91' lang='grc' dir='ltr'>ἀλήθεια</span> <span class='ocrx_word' id='word_1_597' title='bbox 3324 3733 3422 3785; x_wconf 80' lang='grc' dir='ltr'>τοῦ</span> <span class='ocrx_word' id='word_1_598' title='bbox 3483 3727 3741 3786; x_wconf 77' lang='grc' dir='ltr'>τοιούτου</span> 
     </span>
    </p>
   </div>
   <div class='ocr_carea' id='block_1_86' title="bbox 2080 3816 3738 3900">
    <p class='ocr_par' dir='ltr' id='par_1_86' title="bbox 2080 3816 3738 3900">
     <span class='ocr_line' id='line_1_86' title="bbox 2080 3816 3738 3900; baseline -0.002 -22"><span class='ocrx_word' id='word_1_599' title='bbox 2080 3820 2496 3900; x_wconf 89' lang='grc' dir='ltr'>προστάγματος</span> <span class='ocrx_word' id='word_1_600' title='bbox 2546 3819 2637 3876; x_wconf 80' lang='grc' dir='ltr'>διὰ</span> <span class='ocrx_word' id='word_1_601' title='bbox 2681 3822 2861 3891; x_wconf 87' lang='grc' dir='ltr'>πάσης</span> <span class='ocrx_word' id='word_1_602' title='bbox 2913 3824 3099 3896; x_wconf 83' lang='grc' dir='ltr'>γενεᾶς</span> <span class='ocrx_word' id='word_1_603' title='bbox 3156 3816 3435 3891; x_wconf 83' lang='grc' dir='ltr'>ἀληθεύει,</span> <span class='ocrx_word' id='word_1_604' title='bbox 3490 3819 3568 3892; x_wconf 80' lang='grc' dir='ltr'>μή</span> <span class='ocrx_word' id='word_1_605' title='bbox 3642 3839 3738 3893; x_wconf 83' lang='grc' dir='ltr'>με·</span> 
     </span>
    </p>
   </div>
   <div class='ocr_carea' id='block_1_87' title="bbox 2077 3904 3738 3985">
    <p class='ocr_par' dir='ltr' id='par_1_87' title="bbox 2077 3904 3738 3985">
     <span class='ocr_line' id='line_1_87' title="bbox 2077 3904 3738 3985; baseline -0.003 -18"><span class='ocrx_word' id='word_1_606' title='bbox 2077 3910 2477 3985; x_wconf 86' lang='grc' dir='ltr'>τακινουμένης</span> <span class='ocrx_word' id='word_1_607' title='bbox 2540 3916 2645 3980; x_wconf 85' lang='grc' dir='ltr'>τῆς</span> <span class='ocrx_word' id='word_1_608' title='bbox 2710 3908 3019 3985; x_wconf 85' lang='grc' dir='ltr'>ὁρισθείσης</span> <span class='ocrx_word' id='word_1_609' title='bbox 3082 3906 3285 3979; x_wconf 80' lang='grc' dir='ltr'>τάξεως</span> <span class='ocrx_word' id='word_1_610' title='bbox 3348 3911 3431 3980; x_wconf 81' lang='grc' dir='ltr'>τῷ</span> <span class='ocrx_word' id='word_1_611' title='bbox 3499 3904 3738 3984; x_wconf 74' lang='grc' dir='ltr'>οὐρανῷ.</span> 
     </span>
    </p>
   </div>
   <div class='ocr_carea' id='block_1_88' title="bbox 2154 4012 3738 4092">
    <p class='ocr_par' dir='ltr' id='par_1_88' title="bbox 2154 4012 3738 4092">
     <span class='ocr_line' id='line_1_88' title="bbox 2154 4012 3738 4092; baseline -0.001 -22"><span class='ocrx_word' id='word_1_612' title='bbox 2154 4040 2185 4071; x_wconf 89' lang='grc'><em>‹‹</em></span> <span class='ocrx_word' id='word_1_613' title='bbox 2212 4017 2614 4092; x_wconf 88' lang='grc' dir='ltr'>Ἐθεμελίωσας</span> <span class='ocrx_word' id='word_1_614' title='bbox 2640 4018 2740 4086; x_wconf 73' lang='grc' dir='ltr'>τὴν</span> <span class='ocrx_word' id='word_1_615' title='bbox 2784 4021 2909 4092; x_wconf 80' lang='grc' dir='ltr'>γῆν,</span> <span class='ocrx_word' id='word_1_616' title='bbox 2939 4015 3032 4070; x_wconf 82' lang='grc' dir='ltr'>καὶ</span> <span class='ocrx_word' id='word_1_617' title='bbox 3082 4012 3342 4088; x_wconf 87' lang='grc' dir='ltr'>διαμένει.</span> <span class='ocrx_word' id='word_1_618' title='bbox 3376 4036 3408 4066; x_wconf 84' lang='grc'><strong>››</strong></span> <span class='ocrx_word' id='word_1_619' title='bbox 3434 4046 3507 4057; x_wconf 93' lang='grc'><strong>-</strong></span> <span class='ocrx_word' id='word_1_620' title='bbox 3534 4014 3738 4086; x_wconf 70' lang='grc' dir='ltr'>Ἔστη-</span> 
     </span>
    </p>
   </div>
   <div class='ocr_carea' id='block_1_89' title="bbox 2078 4100 3739 4181">
    <p class='ocr_par' dir='ltr' id='par_1_89' title="bbox 2078 4100 3739 4181">
     <span class='ocr_line' id='line_1_89' title="bbox 2078 4100 3739 4181; baseline -0.003 -19"><span class='ocrx_word' id='word_1_621' title='bbox 2078 4127 2176 4169; x_wconf 89' lang='grc' dir='ltr'>σας</span> <span class='ocrx_word' id='word_1_622' title='bbox 2225 4107 2328 4176; x_wconf 88' lang='grc' dir='ltr'>τήν</span> <span class='ocrx_word' id='word_1_623' title='bbox 2377 4111 2506 4181; x_wconf 86' lang='grc' dir='ltr'>γῆν,</span> <span class='ocrx_word' id='word_1_624' title='bbox 2555 4104 2646 4161; x_wconf 89' lang='grc' dir='ltr'>καὶ</span> <span class='ocrx_word' id='word_1_625' title='bbox 2725 4101 2968 4178; x_wconf 89' lang='grc' dir='ltr'>διαμένει</span> <span class='ocrx_word' id='word_1_626' title='bbox 3016 4105 3195 4166; x_wconf 86' lang='grc' dir='ltr'>καθῶς</span> <span class='ocrx_word' id='word_1_627' title='bbox 3263 4100 3509 4176; x_wconf 79' lang='grc' dir='ltr'>διετάξωο</span> <span class='ocrx_word' id='word_1_628' title='bbox 3559 4102 3653 4158; x_wconf 87' lang='grc' dir='ltr'>καὶ</span> <span class='ocrx_word' id='word_1_629' title='bbox 3701 4103 3739 4173; x_wconf 76' lang='grc' dir='ltr'><strong>ἡ</strong></span> 
     </span>
    </p>
   </div>
   <div class='ocr_carea' id='block_1_90' title="bbox 2078 4187 3736 4271">
    <p class='ocr_par' dir='ltr' id='par_1_90' title="bbox 2078 4187 3736 4271">
     <span class='ocr_line' id='line_1_90' title="bbox 2078 4187 3736 4271; baseline -0.003 -20"><span class='ocrx_word' id='word_1_630' title='bbox 2078 4195 2261 4271; x_wconf 79' lang='grc' dir='ltr'>ἡμέρα</span> <span class='ocrx_word' id='word_1_631' title='bbox 2290 4192 2349 4250; x_wconf 76' lang='grc' dir='ltr'>δὲ</span> <span class='ocrx_word' id='word_1_632' title='bbox 2397 4194 2578 4259; x_wconf 86' lang='grc' dir='ltr'>καθὼς</span> <span class='ocrx_word' id='word_1_633' title='bbox 2629 4191 2854 4265; x_wconf 82' lang='grc' dir='ltr'>διετάξω</span> <span class='ocrx_word' id='word_1_634' title='bbox 2902 4189 3167 4266; x_wconf 86' lang='grc' dir='ltr'>διαμένει,</span> <span class='ocrx_word' id='word_1_635' title='bbox 3201 4190 3473 4265; x_wconf 84' lang='grc' dir='ltr'>αὐξομένη</span> <span class='ocrx_word' id='word_1_636' title='bbox 3518 4187 3736 4263; x_wconf 74' lang='grc' dir='ltr'>δηλαδὴ</span> 
     </span>
    </p>
   </div>
   <div class='ocr_carea' id='block_1_91' title="bbox 2076 4277 3736 4357">
    <p class='ocr_par' dir='ltr' id='par_1_91' title="bbox 2076 4277 3736 4357">
     <span class='ocr_line' id='line_1_91' title="bbox 2076 4277 3736 4357; baseline -0.003 -17"><span class='ocrx_word' id='word_1_637' title='bbox 2076 4284 2168 4340; x_wconf 88' lang='grc' dir='ltr'>καὶ</span> <span class='ocrx_word' id='word_1_638' title='bbox 2250 4277 2544 4357; x_wconf 80' lang='grc' dir='ltr'>μειουμένη</span> <span class='ocrx_word' id='word_1_639' title='bbox 2623 4282 2716 4338; x_wconf 87' lang='grc' dir='ltr'>καὶ</span> <span class='ocrx_word' id='word_1_640' title='bbox 2792 4282 2878 4337; x_wconf 87' lang='grc' dir='ltr'>ἀεὶ</span> <span class='ocrx_word' id='word_1_641' title='bbox 2945 4282 3047 4352; x_wconf 83' lang='grc' dir='ltr'>τήν</span> <span class='ocrx_word' id='word_1_642' title='bbox 3105 4279 3276 4337; x_wconf 89' lang='grc' dir='ltr'>νύκτα</span> <span class='ocrx_word' id='word_1_643' title='bbox 3341 4277 3736 4357; x_wconf 66' lang='grc' dir='ltr'>διαδεχομὲνηο</span> 
     </span>
    </p>
   </div>
   <div class='ocr_carea' id='block_1_92' title="bbox 2046 4368 3741 4451">
    <p class='ocr_par' dir='ltr' id='par_1_92' title="bbox 2046 4368 3741 4451">
     <span class='ocr_line' id='line_1_92' title="bbox 2046 4368 3741 4451; baseline -0.002 -22"><span class='ocrx_word' id='word_1_644' title='bbox 2046 4374 2252 4429; x_wconf 84' lang='grc' dir='ltr'>’πάντα</span> <span class='ocrx_word' id='word_1_645' title='bbox 2296 4372 2398 4451; x_wconf 86' lang='grc' dir='ltr'>γάρ</span> <span class='ocrx_word' id='word_1_646' title='bbox 2457 4394 2543 4428; x_wconf 91' lang='grc' dir='ltr'>σοι</span> <span class='ocrx_word' id='word_1_647' title='bbox 2594 4370 2866 4445; x_wconf 87' lang='grc' dir='ltr'>δουλεύει,</span> <span class='ocrx_word' id='word_1_648' title='bbox 2916 4368 3196 4427; x_wconf 86' lang='grc' dir='ltr'>συνεΛόντι</span> <span class='ocrx_word' id='word_1_649' title='bbox 3263 4370 3459 4443; x_wconf 78' lang='grc' dir='ltr'>εἰπεῖν,</span> <span class='ocrx_word' id='word_1_650' title='bbox 3508 4369 3601 4426; x_wconf 87' lang='grc' dir='ltr'>καὶ</span> <span class='ocrx_word' id='word_1_651' title='bbox 3658 4373 3741 4444; x_wconf 70' lang='grc' dir='ltr'>τῷ</span> 
     </span>
    </p>
   </div>
   <div class='ocr_carea' id='block_1_93' title="bbox 2076 4458 2653 4537">
    <p class='ocr_par' dir='ltr' id='par_1_93' title="bbox 2076 4458 2653 4537">
     <span class='ocr_line' id='line_1_93' title="bbox 2076 4458 2653 4537; baseline 0.003 -19"><span class='ocrx_word' id='word_1_652' title='bbox 2076 4467 2156 4537; x_wconf 79' lang='grc' dir='ltr'>σῷ</span> <span class='ocrx_word' id='word_1_653' title='bbox 2187 4462 2413 4537; x_wconf 88' lang='grc' dir='ltr'>νεύματι</span> <span class='ocrx_word' id='word_1_654' title='bbox 2444 4458 2653 4537; x_wconf 77' lang='grc' dir='ltr'>ἄγεται.</span> 
     </span>
    </p>
   </div>
   <div class='ocr_carea' id='block_1_94' title="bbox 2151 4545 3739 4627">
    <p class='ocr_par' dir='ltr' id='par_1_94' title="bbox 2151 4545 3739 4627">
     <span class='ocr_line' id='line_1_94' title="bbox 2151 4545 3739 4627; baseline 0 -22"><span class='ocrx_word' id='word_1_655' title='bbox 2151 4576 2180 4605; x_wconf 90' lang='grc'><em>‹‹</em></span> <span class='ocrx_word' id='word_1_656' title='bbox 2211 4552 2276 4608; x_wconf 67' lang='lat' dir='ltr'>El</span> <span class='ocrx_word' id='word_1_657' title='bbox 2339 4552 2414 4627; x_wconf 87' lang='grc' dir='ltr'>μὴ</span> <span class='ocrx_word' id='word_1_658' title='bbox 2471 4550 2612 4607; x_wconf 82' lang='grc' dir='ltr'>ὅτιὸ</span> <span class='ocrx_word' id='word_1_659' title='bbox 2641 4549 2814 4625; x_wconf 90' lang='grc' dir='ltr'>νόμος</span> <span class='ocrx_word' id='word_1_660' title='bbox 2873 4570 2971 4606; x_wconf 91' lang='grc' dir='ltr'>σου</span> <span class='ocrx_word' id='word_1_661' title='bbox 3033 4546 3235 4624; x_wconf 88' lang='grc' dir='ltr'>μελέτη</span> <span class='ocrx_word' id='word_1_662' title='bbox 3299 4546 3407 4624; x_wconf 89' lang='grc' dir='ltr'>μού</span> <span class='ocrx_word' id='word_1_663' title='bbox 3447 4546 3580 4622; x_wconf 85' lang='grc' dir='ltr'>ἐστι,</span> <span class='ocrx_word' id='word_1_664' title='bbox 3610 4545 3739 4605; x_wconf 68' lang='grc' dir='ltr'>τότε</span> 
     </span>
    </p>
   </div>
   <div class='ocr_carea' id='block_1_95' title="bbox 2078 4633 3738 4717">
    <p class='ocr_par' dir='ltr' id='par_1_95' title="bbox 2078 4633 3738 4717">
     <span class='ocr_line' id='line_1_95' title="bbox 2078 4633 3738 4717; baseline -0.001 -21"><span class='ocrx_word' id='word_1_665' title='bbox 2078 4639 2139 4696; x_wconf 78' lang='grc' dir='ltr'>ἂν</span> <span class='ocrx_word' id='word_1_666' title='bbox 2173 4639 2483 4717; x_wconf 88' lang='grc' dir='ltr'>ἀπωλόμην</span> <span class='ocrx_word' id='word_1_667' title='bbox 2518 4639 2571 4696; x_wconf 88' lang='grc' dir='ltr'>ἐν</span> <span class='ocrx_word' id='word_1_668' title='bbox 2599 4643 2670 4714; x_wconf 79' lang='grc' dir='ltr'>τῇ</span> <span class='ocrx_word' id='word_1_669' title='bbox 2699 4639 3018 4694; x_wconf 90' lang='grc' dir='ltr'>ταπεινώσει</span> <span class='ocrx_word' id='word_1_670' title='bbox 3053 4659 3185 4713; x_wconf 90' lang='grc' dir='ltr'>μου.</span> <span class='ocrx_word' id='word_1_671' title='bbox 3221 4661 3252 4691; x_wconf 87' lang='grc'><strong>››</strong></span> <span class='ocrx_word' id='word_1_672' title='bbox 3286 4671 3353 4681; x_wconf 91' lang='grc'><strong>-</strong></span> <span class='ocrx_word' id='word_1_673' title='bbox 3382 4636 3450 4695; x_wconf 74' lang='grc' dir='ltr'><strong>Εἰ</strong></span> <span class='ocrx_word' id='word_1_674' title='bbox 3485 4637 3563 4712; x_wconf 83' lang='grc' dir='ltr'>μὴ</span> <span class='ocrx_word' id='word_1_675' title='bbox 3594 4633 3738 4694; x_wconf 75' lang='grc' dir='ltr'>διότι</span> 
     </span>
    </p>
   </div>
   <div class='ocr_carea' id='block_1_96' title="bbox 385 4709 3736 4806">
    <p class='ocr_par' dir='ltr' id='par_1_96' title="bbox 385 4709 3736 4806">
     <span class='ocr_line' id='line_1_96' title="bbox 385 4709 3736 4806; baseline 0.001 -27"><span class='ocrx_word' id='word_1_676' title='bbox 385 4749 416 4779; x_wconf 90' lang='grc'>‹‹</span> <span class='ocrx_word' id='word_1_677' title='bbox 445 4725 953 4802; x_wconf 83' lang='grc' dir='ltr'>Ἐπιστρεψάτωσάν</span> <span class='ocrx_word' id='word_1_678' title='bbox 1018 4748 1087 4800; x_wconf 93' lang='grc' dir='ltr'>με</span> <span class='ocrx_word' id='word_1_679' title='bbox 1136 4727 1189 4781; x_wconf 80' lang='grc' dir='ltr'>οἱ</span> <span class='ocrx_word' id='word_1_680' title='bbox 1246 4720 1580 4806; x_wconf 85' lang='grc' dir='ltr'>φοϐούμενοί</span> <span class='ocrx_word' id='word_1_681' title='bbox 1640 4747 1718 4794; x_wconf 91' lang='grc' dir='ltr'>σε,</span> <span class='ocrx_word' id='word_1_682' title='bbox 1769 4726 1860 4782; x_wconf 87' lang='grc' dir='ltr'>καὶ</span> <span class='ocrx_word' id='word_1_683' title='bbox 1917 4729 1971 4783; x_wconf 71' lang='grc' dir='ltr'>οἱ</span> <span class='ocrx_word' id='word_1_684' title='bbox 1999 4709 2047 4775; x_wconf 85' lang='lat' dir='ltr'><strong>D</strong></span> <span class='ocrx_word' id='word_1_685' title='bbox 2081 4730 2109 4784; x_wconf 92' lang='lat'>6</span> <span class='ocrx_word' id='word_1_686' title='bbox 2138 4728 2309 4804; x_wconf 88' lang='grc' dir='ltr'>νόμος</span> <span class='ocrx_word' id='word_1_687' title='bbox 2360 4709 2456 4785; x_wconf 76' lang='grc' dir='ltr'>σου</span> <span class='ocrx_word' id='word_1_688' title='bbox 2508 4709 2710 4803; x_wconf 79' lang='grc' dir='ltr'>μελέτη</span> <span class='ocrx_word' id='word_1_689' title='bbox 2756 4727 2863 4802; x_wconf 92' lang='grc' dir='ltr'>μού</span> <span class='ocrx_word' id='word_1_690' title='bbox 2911 4709 3076 4800; x_wconf 74' lang='grc' dir='ltr'>ἐστιν,</span> <span class='ocrx_word' id='word_1_691' title='bbox 3109 4721 3452 4799; x_wconf 84' lang='grc' dir='ltr'>ἐϐοηθήθην,</span> <span class='ocrx_word' id='word_1_692' title='bbox 3486 4709 3628 4782; x_wconf 23' lang='grc' dir='ltr'>*τότε</span> <span class='ocrx_word' id='word_1_693' title='bbox 3672 4724 3736 4782; x_wconf 76' lang='grc' dir='ltr'>ἂν</span> 
     </span>
    </p>
   </div>
   <div class='ocr_carea' id='block_1_97' title="bbox 313 4812 1970 4894">
    <p class='ocr_par' dir='ltr' id='par_1_97' title="bbox 313 4812 1970 4894">
     <span class='ocr_line' id='line_1_97' title="bbox 313 4812 1970 4894; baseline 0.002 -25"><span class='ocrx_word' id='word_1_694' title='bbox 313 4815 674 4891; x_wconf 83' lang='grc' dir='ltr'>γινώσκοντες</span> <span class='ocrx_word' id='word_1_695' title='bbox 709 4814 780 4869; x_wconf 80' lang='grc' dir='ltr'>τὰ</span> <span class='ocrx_word' id='word_1_696' title='bbox 820 4814 1092 4894; x_wconf 89' lang='grc' dir='ltr'>μαρτύριά</span> <span class='ocrx_word' id='word_1_697' title='bbox 1138 4836 1255 4874; x_wconf 90' lang='grc' dir='ltr'>σου.</span> <span class='ocrx_word' id='word_1_698' title='bbox 1289 4839 1319 4869; x_wconf 82' lang='grc'>››</span> <span class='ocrx_word' id='word_1_699' title='bbox 1351 4848 1422 4858; x_wconf 92' lang='lat'><strong><em>—</em></strong></span> <span class='ocrx_word' id='word_1_700' title='bbox 1467 4812 1667 4871; x_wconf 64' lang='lat' dir='ltr'>Ei’nora</span> <span class='ocrx_word' id='word_1_701' title='bbox 1713 4815 1970 4873; x_wconf 87' lang='grc' dir='ltr'>ἀποπλα-</span> 
     </span>
    </p>
   </div>
   <div class='ocr_carea' id='block_1_98' title="bbox 311 4902 1026 4974">
    <p class='ocr_par' dir='ltr' id='par_1_98' title="bbox 311 4902 1026 4974">
     <span class='ocr_line' id='line_1_98' title="bbox 311 4902 1026 4974; baseline 0.003 -14"><span class='ocrx_word' id='word_1_702' title='bbox 311 4904 464 4974; x_wconf 89' lang='grc' dir='ltr'>νηθῶ</span> <span class='ocrx_word' id='word_1_703' title='bbox 492 4906 600 4958; x_wconf 90' lang='grc' dir='ltr'>τῶν</span> <span class='ocrx_word' id='word_1_704' title='bbox 634 4902 874 4959; x_wconf 83' lang='grc' dir='ltr'>ἐντολῶν</span> <span class='ocrx_word' id='word_1_705' title='bbox 907 4925 1026 4962; x_wconf 90' lang='grc' dir='ltr'>σου.</span> 
     </span>
    </p>
   </div>
   <div class='ocr_carea' id='block_1_99' title="bbox 385 4990 1965 5070">
    <p class='ocr_par' dir='ltr' id='par_1_99' title="bbox 385 4990 1965 5070">
     <span class='ocr_line' id='line_1_99' title="bbox 385 4990 1965 5070; baseline 0.004 -27"><span class='ocrx_word' id='word_1_706' title='bbox 385 5015 415 5043; x_wconf 89' lang='grc'>‹‹</span> <span class='ocrx_word' id='word_1_707' title='bbox 446 4993 737 5063; x_wconf 84' lang='grc' dir='ltr'>Γενηθήτω</span> <span class='ocrx_word' id='word_1_708' title='bbox 764 4994 801 5062; x_wconf 82' lang='grc' dir='ltr'>ἡ</span> <span class='ocrx_word' id='word_1_709' title='bbox 832 4990 1027 5070; x_wconf 88' lang='grc' dir='ltr'>καρδία</span> <span class='ocrx_word' id='word_1_710' title='bbox 1058 5015 1165 5066; x_wconf 90' lang='grc' dir='ltr'>μου</span> <span class='ocrx_word' id='word_1_711' title='bbox 1197 4995 1434 5069; x_wconf 79' lang='grc' dir='ltr'>ἄμωμος</span> <span class='ocrx_word' id='word_1_712' title='bbox 1479 4992 1530 5048; x_wconf 87' lang='grc' dir='ltr'>ἐν</span> <span class='ocrx_word' id='word_1_713' title='bbox 1580 4999 1698 5056; x_wconf 92' lang='grc' dir='ltr'>τοῖς</span> <span class='ocrx_word' id='word_1_714' title='bbox 1747 4992 1965 5050; x_wconf 87' lang='grc' dir='ltr'>δικαιώ-</span> 
     </span>
    </p>
   </div>
   <div class='ocr_carea' id='block_1_100' title="bbox 316 5078 1965 5160">
    <p class='ocr_par' dir='ltr' id='par_1_100' title="bbox 316 5078 1965 5160">
     <span class='ocr_line' id='line_1_100' title="bbox 316 5078 1965 5160; baseline 0.004 -26"><span class='ocrx_word' id='word_1_715' title='bbox 316 5078 447 5154; x_wconf 89' lang='grc' dir='ltr'>μασί</span> <span class='ocrx_word' id='word_1_716' title='bbox 496 5100 615 5151; x_wconf 88' lang='grc' dir='ltr'>σου,</span> <span class='ocrx_word' id='word_1_717' title='bbox 657 5079 809 5143; x_wconf 79' lang='grc' dir='ltr'>ὅπως</span> <span class='ocrx_word' id='word_1_718' title='bbox 841 5081 902 5136; x_wconf 76' lang='grc' dir='ltr'>ἃν</span> <span class='ocrx_word' id='word_1_719' title='bbox 956 5083 1032 5155; x_wconf 82' lang='grc' dir='ltr'>μή</span> <span class='ocrx_word' id='word_1_720' title='bbox 1075 5082 1370 5160; x_wconf 84' lang='grc' dir='ltr'>αἰσχυνθῶ.</span> <span class='ocrx_word' id='word_1_721' title='bbox 1406 5106 1434 5135; x_wconf 86' lang='grc'><strong>››</strong></span> <span class='ocrx_word' id='word_1_722' title='bbox 1464 5115 1534 5125; x_wconf 89' lang='lat'>-—</span> <span class='ocrx_word' id='word_1_723' title='bbox 1578 5078 1851 5160; x_wconf 82' lang='grc' dir='ltr'>Ἀκριϐῶς</span> <span class='ocrx_word' id='word_1_724' title='bbox 1898 5085 1965 5140; x_wconf 77' lang='grc' dir='ltr'>τὰ</span> 
     </span>
    </p>
   </div>
   <div class='ocr_carea' id='block_1_101' title="bbox 310 5167 1963 5247">
    <p class='ocr_par' dir='ltr' id='par_1_101' title="bbox 310 5167 1963 5247">
     <span class='ocr_line' id='line_1_101' title="bbox 310 5167 1963 5247; baseline 0.003 -23"><span class='ocrx_word' id='word_1_725' title='bbox 310 5167 659 5243; x_wconf 86' lang='grc' dir='ltr'>δικαιώματά</span> <span class='ocrx_word' id='word_1_726' title='bbox 688 5190 784 5224; x_wconf 89' lang='grc' dir='ltr'>σου</span> <span class='ocrx_word' id='word_1_727' title='bbox 828 5170 1197 5247; x_wconf 88' lang='grc' dir='ltr'>φυλάττουσα,</span> <span class='ocrx_word' id='word_1_728' title='bbox 1223 5170 1313 5227; x_wconf 70' lang='grc' dir='ltr'>’ίνα</span> <span class='ocrx_word' id='word_1_729' title='bbox 1345 5172 1420 5245; x_wconf 76' lang='grc' dir='ltr'>μὴ</span> <span class='ocrx_word' id='word_1_730' title='bbox 1467 5171 1531 5226; x_wconf 82' lang='grc' dir='ltr'>τὸ</span> <span class='ocrx_word' id='word_1_731' title='bbox 1584 5169 1822 5235; x_wconf 86' lang='grc' dir='ltr'>συνειδὸς</span> <span class='ocrx_word' id='word_1_732' title='bbox 1867 5194 1963 5229; x_wconf 84' lang='grc' dir='ltr'>κα·-</span> 
     </span>
    </p>
   </div>
   <div class='ocr_carea' id='block_1_102' title="bbox 305 5258 1597 5334">
    <p class='ocr_par' dir='ltr' id='par_1_102' title="bbox 305 5258 1597 5334">
     <span class='ocr_line' id='line_1_102' title="bbox 305 5258 1597 5334; baseline 0 -20"><span class='ocrx_word' id='word_1_733' title='bbox 305 5261 634 5334; x_wconf 79' lang='grc' dir='ltr'>ταισχυνθῇ.</span> <span class='ocrx_word' id='word_1_734' title='bbox 1593 5258 1597 5267; x_wconf 68' lang='grc'><em>’</em></span> 
     </span>
    </p>
   </div>
   <div class='ocr_carea' id='block_1_103' title="bbox 382 5344 1963 5427">
    <p class='ocr_par' dir='ltr' id='par_1_103' title="bbox 382 5344 1963 5427">
     <span class='ocr_line' id='line_1_103' title="bbox 382 5344 1963 5427; baseline 0.006 -29"><span class='ocrx_word' id='word_1_735' title='bbox 382 5369 411 5398; x_wconf 90' lang='grc'>‹‹</span> <span class='ocrx_word' id='word_1_736' title='bbox 442 5344 712 5401; x_wconf 88' lang='grc' dir='ltr'>Ἐκλείπει</span> <span class='ocrx_word' id='word_1_737' title='bbox 772 5347 849 5410; x_wconf 82' lang='grc' dir='ltr'>εἰς</span> <span class='ocrx_word' id='word_1_738' title='bbox 899 5349 963 5404; x_wconf 88' lang='grc' dir='ltr'>τὸ</span> <span class='ocrx_word' id='word_1_739' title='bbox 1009 5349 1283 5427; x_wconf 85' lang='grc' dir='ltr'>σωτήριύν</span> <span class='ocrx_word' id='word_1_740' title='bbox 1317 5372 1413 5405; x_wconf 91' lang='grc' dir='ltr'>σου</span> <span class='ocrx_word' id='word_1_741' title='bbox 1441 5353 1478 5421; x_wconf 76' lang='grc' dir='ltr'><strong>ἡ</strong></span> <span class='ocrx_word' id='word_1_742' title='bbox 1510 5352 1663 5426; x_wconf 79' lang='grc' dir='ltr'>ψυχή</span> <span class='ocrx_word' id='word_1_743' title='bbox 1727 5373 1851 5425; x_wconf 90' lang='grc' dir='ltr'>μου·</span> <span class='ocrx_word' id='word_1_744' title='bbox 1886 5352 1963 5415; x_wconf 87' lang='grc' dir='ltr'>εἰς</span> 
     </span>
    </p>
   </div>
   <div class='ocr_carea' id='block_1_104' title="bbox 305 5433 1964 5518">
    <p class='ocr_par' dir='ltr' id='par_1_104' title="bbox 305 5433 1964 5518">
     <span class='ocr_line' id='line_1_104' title="bbox 305 5433 1964 5518; baseline 0.002 -26"><span class='ocrx_word' id='word_1_745' title='bbox 305 5433 436 5497; x_wconf 83' lang='grc' dir='ltr'>τοὺς</span> <span class='ocrx_word' id='word_1_746' title='bbox 465 5433 667 5510; x_wconf 89' lang='grc' dir='ltr'>λόγους</span> <span class='ocrx_word' id='word_1_747' title='bbox 697 5457 793 5491; x_wconf 92' lang='grc' dir='ltr'>σου</span> <span class='ocrx_word' id='word_1_748' title='bbox 824 5435 1124 5509; x_wconf 84' lang='grc' dir='ltr'>ἐπήλπισα.</span> <span class='ocrx_word' id='word_1_749' title='bbox 1156 5466 1184 5493; x_wconf 84' lang='grc'>››</span> <span class='ocrx_word' id='word_1_750' title='bbox 1218 5474 1287 5481; x_wconf 90' lang='grc'><strong>-</strong></span> <span class='ocrx_word' id='word_1_751' title='bbox 1316 5440 1478 5513; x_wconf 83' lang='grc' dir='ltr'>Πόθῳ</span> <span class='ocrx_word' id='word_1_752' title='bbox 1534 5436 1754 5518; x_wconf 85' lang='grc' dir='ltr'>σφνδρῷ</span> <span class='ocrx_word' id='word_1_753' title='bbox 1793 5461 1964 5517; x_wconf 89' lang='grc' dir='ltr'>προσ-</span> 
     </span>
    </p>
   </div>
   <div class='ocr_carea' id='block_1_105' title="bbox 310 5518 1965 5605">
    <p class='ocr_par' dir='ltr' id='par_1_105' title="bbox 310 5518 1965 5605">
     <span class='ocr_line' id='line_1_105' title="bbox 310 5518 1965 5605; baseline 0.002 -25"><span class='ocrx_word' id='word_1_754' title='bbox 310 5518 615 5600; x_wconf 88' lang='grc' dir='ltr'>δεχόμενος</span> <span class='ocrx_word' id='word_1_755' title='bbox 667 5526 769 5595; x_wconf 77' lang='grc' dir='ltr'>τήν</span> <span class='ocrx_word' id='word_1_756' title='bbox 816 5527 965 5603; x_wconf 86' lang='grc' dir='ltr'>παρά</span> <span class='ocrx_word' id='word_1_757' title='bbox 1010 5532 1108 5582; x_wconf 79' lang='grc' dir='ltr'>σοῦ</span> <span class='ocrx_word' id='word_1_758' title='bbox 1158 5529 1434 5605; x_wconf 89' lang='grc' dir='ltr'>σωτηρίαν</span> <span class='ocrx_word' id='word_1_759' title='bbox 1505 5527 1829 5602; x_wconf 81' lang='grc' dir='ltr'>ἐκτήκομαι,</span> <span class='ocrx_word' id='word_1_760' title='bbox 1887 5529 1965 5593; x_wconf 83' lang='grc' dir='ltr'>εἷς</span> 
     </span>
    </p>
   </div>
   <div class='ocr_carea' id='block_1_106' title="bbox 310 5609 1965 5694">
    <p class='ocr_par' dir='ltr' id='par_1_106' title="bbox 310 5609 1965 5694">
     <span class='ocr_line' id='line_1_106' title="bbox 310 5609 1965 5694; baseline 0.002 -24"><span class='ocrx_word' id='word_1_761' title='bbox 310 5613 479 5684; x_wconf 78' lang='grc' dir='ltr'>αὐτὴν</span> <span class='ocrx_word' id='word_1_762' title='bbox 512 5609 592 5669; x_wconf 79' lang='grc' dir='ltr'>ἔτι</span> <span class='ocrx_word' id='word_1_763' title='bbox 625 5611 990 5690; x_wconf 86' lang='grc' dir='ltr'>βραδύνουσαν</span> <span class='ocrx_word' id='word_1_764' title='bbox 1022 5617 1112 5671; x_wconf 87' lang='grc' dir='ltr'>καὶ</span> <span class='ocrx_word' id='word_1_765' title='bbox 1140 5612 1598 5691; x_wconf 88' lang='grc' dir='ltr'>ἀναϐαλλομένην</span> <span class='ocrx_word' id='word_1_766' title='bbox 1657 5617 1740 5672; x_wconf 90' lang='grc' dir='ltr'>ἀεὶ</span> <span class='ocrx_word' id='word_1_767' title='bbox 1794 5638 1965 5694; x_wconf 89' lang='grc' dir='ltr'>προσ-</span> 
     </span>
    </p>
   </div>
   <div class='ocr_carea' id='block_1_107' title="bbox 314 5701 1967 5781">
    <p class='ocr_par' dir='ltr' id='par_1_107' title="bbox 314 5701 1967 5781">
     <span class='ocr_line' id='line_1_107' title="bbox 314 5701 1967 5781; baseline 0.002 -22"><span class='ocrx_word' id='word_1_768' title='bbox 314 5701 516 5760; x_wconf 85' lang='grc' dir='ltr'>δοκῶν.</span> <span class='ocrx_word' id='word_1_769' title='bbox 562 5701 870 5779; x_wconf 90' lang='grc' dir='ltr'>Προσδοκῶ</span> <span class='ocrx_word' id='word_1_770' title='bbox 930 5701 988 5760; x_wconf 76' lang='grc' dir='ltr'>δὲ</span> <span class='ocrx_word' id='word_1_771' title='bbox 1040 5705 1245 5778; x_wconf 87' lang='grc' dir='ltr'>ταύτην</span> <span class='ocrx_word' id='word_1_772' title='bbox 1297 5705 1368 5781; x_wconf 79' lang='grc' dir='ltr'>τῇ</span> <span class='ocrx_word' id='word_1_773' title='bbox 1426 5704 1610 5762; x_wconf 85' lang='grc' dir='ltr'>ἐλπίδι</span> <span class='ocrx_word' id='word_1_774' title='bbox 1668 5712 1777 5762; x_wconf 89' lang='grc' dir='ltr'>σῶν</span> <span class='ocrx_word' id='word_1_775' title='bbox 1834 5707 1967 5763; x_wconf 84' lang='grc' dir='ltr'>ὑπο-</span> 
     </span>
    </p>
   </div>
   <div class='ocr_carea' id='block_1_108' title="bbox 315 5786 1971 5877">
    <p class='ocr_par' dir='ltr' id='par_1_108' title="bbox 315 5786 1971 5877">
     <span class='ocr_line' id='line_1_108' title="bbox 315 5786 1971 5877; baseline 0.002 -28"><span class='ocrx_word' id='word_1_776' title='bbox 315 5791 578 5868; x_wconf 82' lang='grc' dir='ltr'>σχέσεων·</span> <span class='ocrx_word' id='word_1_777' title='bbox 614 5786 751 5873; x_wconf 78' lang='grc' dir='ltr'>ἕφης</span> <span class='ocrx_word' id='word_1_778' title='bbox 791 5794 892 5873; x_wconf 75' lang='grc' dir='ltr'>γὰρ</span> <span class='ocrx_word' id='word_1_779' title='bbox 934 5795 1119 5874; x_wconf 78' lang='grc' dir='ltr'>σωτήρ</span> <span class='ocrx_word' id='word_1_780' title='bbox 1171 5794 1378 5862; x_wconf 78' lang='grc' dir='ltr'>ἔσεσθαι</span> <span class='ocrx_word' id='word_1_781' title='bbox 1422 5800 1538 5859; x_wconf 89' lang='grc' dir='ltr'>τοῖς</span> <span class='ocrx_word' id='word_1_782' title='bbox 1585 5795 1680 5859; x_wconf 81' lang='grc' dir='ltr'>τὰς</span> <span class='ocrx_word' id='word_1_783' title='bbox 1732 5796 1828 5861; x_wconf 83' lang='grc' dir='ltr'>σάς</span> <span class='ocrx_word' id='word_1_784' title='bbox 1876 5819 1971 5877; x_wconf 88' lang='grc' dir='ltr'>φυ-</span> 
     </span>
    </p>
   </div>
   <div class='ocr_carea' id='block_1_109' title="bbox 2079 4814 3734 4895">
    <p class='ocr_par' dir='ltr' id='par_1_109' title="bbox 2079 4814 3734 4895">
     <span class='ocr_line' id='line_1_109' title="bbox 2079 4814 3734 4895; baseline -0.002 -21"><span class='ocrx_word' id='word_1_785' title='bbox 2079 4816 2391 4893; x_wconf 88' lang='grc' dir='ltr'>ἀπωλόμην</span> <span class='ocrx_word' id='word_1_786' title='bbox 2440 4822 2694 4895; x_wconf 84' lang='grc' dir='ltr'>ψυχικῶς</span> <span class='ocrx_word' id='word_1_787' title='bbox 2741 4817 2833 4874; x_wconf 81' lang='grc' dir='ltr'>ὅτε</span> <span class='ocrx_word' id='word_1_788' title='bbox 2874 4816 3239 4888; x_wconf 88' lang='grc' dir='ltr'>ἐταπεινώθην</span> <span class='ocrx_word' id='word_1_789' title='bbox 3307 4814 3400 4872; x_wconf 81' lang='grc' dir='ltr'>καὶ</span> <span class='ocrx_word' id='word_1_790' title='bbox 3459 4815 3734 4890; x_wconf 86' lang='grc' dir='ltr'>κατεκάμ-</span> 
     </span>
    </p>
   </div>
   <div class='ocr_carea' id='block_1_110' title="bbox 2078 4909 2748 4987">
    <p class='ocr_par' dir='ltr' id='par_1_110' title="bbox 2078 4909 2748 4987">
     <span class='ocr_line' id='line_1_110' title="bbox 2078 4909 2748 4987; baseline 0.003 -25"><span class='ocrx_word' id='word_1_791' title='bbox 2078 4909 2219 4987; x_wconf 83' lang='grc' dir='ltr'>φθην</span> <span class='ocrx_word' id='word_1_792' title='bbox 2250 4912 2368 4970; x_wconf 90' lang='grc' dir='ltr'>τοῖς</span> <span class='ocrx_word' id='word_1_793' title='bbox 2399 4911 2748 4984; x_wconf 88' lang='grc' dir='ltr'>πειρασμοῖς.</span> 
     </span>
    </p>
   </div>
   <div class='ocr_carea' id='block_1_111' title="bbox 2153 4986 3734 5069">
    <p class='ocr_par' dir='ltr' id='par_1_111' title="bbox 2153 4986 3734 5069">
     <span class='ocr_line' id='line_1_111' title="bbox 2153 4986 3734 5069; baseline -0.003 -19"><span class='ocrx_word' id='word_1_794' title='bbox 2153 5023 2181 5050; x_wconf 77' lang='grc' dir='ltr'>ι(</span> <span class='ocrx_word' id='word_1_795' title='bbox 2212 4997 2308 5061; x_wconf 84' lang='grc' dir='ltr'>Εἷς</span> <span class='ocrx_word' id='word_1_796' title='bbox 2362 4997 2454 5053; x_wconf 84' lang='grc' dir='ltr'>τὸν</span> <span class='ocrx_word' id='word_1_797' title='bbox 2514 4996 2684 5052; x_wconf 75' lang='grc' dir='ltr'>αἰῶνα</span> <span class='ocrx_word' id='word_1_798' title='bbox 2729 4994 2793 5052; x_wconf 86' lang='grc' dir='ltr'>οὐ</span> <span class='ocrx_word' id='word_1_799' title='bbox 2845 4995 2924 5069; x_wconf 85' lang='grc' dir='ltr'>μή</span> <span class='ocrx_word' id='word_1_800' title='bbox 2974 4992 3320 5068; x_wconf 85' lang='grc' dir='ltr'>ἐπιλάθωμαι</span> <span class='ocrx_word' id='word_1_801' title='bbox 3366 4996 3476 5048; x_wconf 87' lang='grc' dir='ltr'>τῶν</span> <span class='ocrx_word' id='word_1_802' title='bbox 3509 4986 3734 5047; x_wconf 81' lang='grc' dir='ltr'>δικαιω-</span> 
     </span>
    </p>
   </div>
   <div class='ocr_carea' id='block_1_112' title="bbox 2080 5080 3735 5162">
    <p class='ocr_par' dir='ltr' id='par_1_112' title="bbox 2080 5080 3735 5162">
     <span class='ocr_line' id='line_1_112' title="bbox 2080 5080 3735 5162; baseline -0.004 -20"><span class='ocrx_word' id='word_1_803' title='bbox 2080 5088 2265 5162; x_wconf 80' lang='grc' dir='ltr'>μάτων</span> <span class='ocrx_word' id='word_1_804' title='bbox 2304 5108 2421 5160; x_wconf 91' lang='grc' dir='ltr'>σου,</span> <span class='ocrx_word' id='word_1_805' title='bbox 2455 5085 2538 5142; x_wconf 82' lang='grc' dir='ltr'>ὅτι</span> <span class='ocrx_word' id='word_1_806' title='bbox 2580 5086 2633 5141; x_wconf 87' lang='grc' dir='ltr'>ἐν</span> <span class='ocrx_word' id='word_1_807' title='bbox 2685 5084 2870 5148; x_wconf 87' lang='grc' dir='ltr'>αὐτοῖς</span> <span class='ocrx_word' id='word_1_808' title='bbox 2921 5080 3119 5156; x_wconf 80' lang='grc' dir='ltr'>ἕζησάς</span> <span class='ocrx_word' id='word_1_809' title='bbox 3174 5104 3260 5157; x_wconf 89' lang='grc' dir='ltr'>με.</span> <span class='ocrx_word' id='word_1_810' title='bbox 3299 5106 3320 5134; x_wconf 76' lang='grc' dir='ltr'>ι</span> <span class='ocrx_word' id='word_1_811' title='bbox 3354 5114 3423 5124; x_wconf 90' lang='lat'>-—</span> <span class='ocrx_word' id='word_1_812' title='bbox 3454 5080 3555 5136; x_wconf 88' lang='grc' dir='ltr'>Διά</span> <span class='ocrx_word' id='word_1_813' title='bbox 3597 5100 3735 5136; x_wconf 88' lang='grc' dir='ltr'>παν-</span> 
     </span>
    </p>
   </div>
   <div class='ocr_carea' id='block_1_113' title="bbox 2074 5174 3735 5250">
    <p class='ocr_par' dir='ltr' id='par_1_113' title="bbox 2074 5174 3735 5250">
     <span class='ocr_line' id='line_1_113' title="bbox 2074 5174 3735 5250; baseline -0.004 -19"><span class='ocrx_word' id='word_1_814' title='bbox 2074 5177 2170 5239; x_wconf 89' lang='grc' dir='ltr'>τὸς</span> <span class='ocrx_word' id='word_1_815' title='bbox 2206 5174 2568 5250; x_wconf 86' lang='grc' dir='ltr'>μνημονεύσω</span> <span class='ocrx_word' id='word_1_816' title='bbox 2612 5178 2720 5230; x_wconf 88' lang='grc' dir='ltr'>τῶν</span> <span class='ocrx_word' id='word_1_817' title='bbox 2771 5174 3203 5249; x_wconf 88' lang='grc' dir='ltr'>προσταγμάτων</span> <span class='ocrx_word' id='word_1_818' title='bbox 3257 5192 3353 5226; x_wconf 93' lang='grc' dir='ltr'>σου</span> <span class='ocrx_word' id='word_1_819' title='bbox 3411 5174 3510 5226; x_wconf 80' lang='grc' dir='ltr'>τοῦ</span> <span class='ocrx_word' id='word_1_820' title='bbox 3568 5177 3735 5240; x_wconf 83' lang='grc' dir='ltr'>ποιῆ-</span> 
     </span>
    </p>
   </div>
   <div class='ocr_carea' id='block_1_114' title="bbox 2079 5259 3735 5339">
    <p class='ocr_par' dir='ltr' id='par_1_114' title="bbox 2079 5259 3735 5339">
     <span class='ocr_line' id='line_1_114' title="bbox 2079 5259 3735 5339; baseline -0.002 -20"><span class='ocrx_word' id='word_1_821' title='bbox 2079 5285 2165 5320; x_wconf 92' lang='grc' dir='ltr'>σαι</span> <span class='ocrx_word' id='word_1_822' title='bbox 2219 5262 2372 5319; x_wconf 85' lang='grc' dir='ltr'>αὐτά·</span> <span class='ocrx_word' id='word_1_823' title='bbox 2407 5261 2479 5318; x_wconf 86' lang='grc' dir='ltr'>δι’</span> <span class='ocrx_word' id='word_1_824' title='bbox 2528 5263 2703 5319; x_wconf 84' lang='grc' dir='ltr'>αὐνῶν</span> <span class='ocrx_word' id='word_1_825' title='bbox 2759 5264 2860 5339; x_wconf 84' lang='grc' dir='ltr'>γὰρ</span> <span class='ocrx_word' id='word_1_826' title='bbox 2919 5261 3173 5332; x_wconf 83' lang='grc' dir='ltr'>ἐζώωσάς</span> <span class='ocrx_word' id='word_1_827' title='bbox 3233 5281 3338 5334; x_wconf 87' lang='grc' dir='ltr'>μου</span> <span class='ocrx_word' id='word_1_828' title='bbox 3380 5261 3481 5330; x_wconf 80' lang='grc' dir='ltr'>τὴν</span> <span class='ocrx_word' id='word_1_829' title='bbox 3547 5259 3735 5336; x_wconf 66' lang='grc' dir='ltr'>ψυχὴν</span> 
     </span>
    </p>
   </div>
   <div class='ocr_carea' id='block_1_115' title="bbox 2077 5351 3194 5429">
    <p class='ocr_par' dir='ltr' id='par_1_115' title="bbox 2077 5351 3194 5429">
     <span class='ocr_line' id='line_1_115' title="bbox 2077 5351 3194 5429; baseline -0.002 -20"><span class='ocrx_word' id='word_1_830' title='bbox 2077 5351 2188 5425; x_wconf 73' lang='grc' dir='ltr'>ἤδη</span> <span class='ocrx_word' id='word_1_831' title='bbox 2217 5359 2336 5415; x_wconf 90' lang='grc' dir='ltr'>τοῖς</span> <span class='ocrx_word' id='word_1_832' title='bbox 2366 5358 2693 5429; x_wconf 91' lang='grc' dir='ltr'>πειρασμοῖς</span> <span class='ocrx_word' id='word_1_833' title='bbox 2725 5353 3194 5423; x_wconf 89' lang='grc' dir='ltr'>ἀποθνήσκουσαν.</span> 
     </span>
    </p>
   </div>
   <div class='ocr_carea' id='block_1_116' title="bbox 2149 5435 3737 5519">
    <p class='ocr_par' dir='ltr' id='par_1_116' title="bbox 2149 5435 3737 5519">
     <span class='ocr_line' id='line_1_116' title="bbox 2149 5435 3737 5519; baseline -0.003 -23"><span class='ocrx_word' id='word_1_834' title='bbox 2149 5467 2179 5496; x_wconf 90' lang='grc'>‹‹</span> <span class='ocrx_word' id='word_1_835' title='bbox 2213 5442 2317 5505; x_wconf 90' lang='grc' dir='ltr'>Σός</span> <span class='ocrx_word' id='word_1_836' title='bbox 2349 5443 2464 5516; x_wconf 74' lang='grc' dir='ltr'>εἰμι</span> <span class='ocrx_word' id='word_1_837' title='bbox 2495 5442 2626 5519; x_wconf 85' lang='grc' dir='ltr'>ἐγὼ,</span> <span class='ocrx_word' id='word_1_838' title='bbox 2660 5440 2832 5496; x_wconf 90' lang='grc' dir='ltr'>σῶσόν</span> <span class='ocrx_word' id='word_1_839' title='bbox 2869 5459 2954 5515; x_wconf 86' lang='grc' dir='ltr'>με·</span> <span class='ocrx_word' id='word_1_840' title='bbox 2990 5438 3073 5495; x_wconf 76' lang='grc' dir='ltr'>ὅτι</span> <span class='ocrx_word' id='word_1_841' title='bbox 3120 5437 3188 5494; x_wconf 74' lang='grc' dir='ltr'>τὰ</span> <span class='ocrx_word' id='word_1_842' title='bbox 3236 5435 3584 5513; x_wconf 84' lang='grc' dir='ltr'>δικαιώματά</span> <span class='ocrx_word' id='word_1_843' title='bbox 3638 5457 3737 5493; x_wconf 87' lang='grc' dir='ltr'>σου</span> 
     </span>
    </p>
   </div>
   <div class='ocr_carea' id='block_1_117' title="bbox 2078 5523 3735 5606">
    <p class='ocr_par' dir='ltr' id='par_1_117' title="bbox 2078 5523 3735 5606">
     <span class='ocr_line' id='line_1_117' title="bbox 2078 5523 3735 5606; baseline -0.004 -19"><span class='ocrx_word' id='word_1_844' title='bbox 2078 5530 2392 5605; x_wconf 80' lang='grc' dir='ltr'>ἐξεζήτησα.</span> <span class='ocrx_word' id='word_1_845' title='bbox 2439 5555 2468 5583; x_wconf 88' lang='grc'><strong>››</strong></span> <span class='ocrx_word' id='word_1_846' title='bbox 2517 5564 2586 5573; x_wconf 92' lang='grc'><strong><em>-</em></strong></span> <span class='ocrx_word' id='word_1_847' title='bbox 2634 5530 2739 5593; x_wconf 86' lang='grc' dir='ltr'>Σὸς</span> <span class='ocrx_word' id='word_1_848' title='bbox 2788 5528 2898 5606; x_wconf 83' lang='grc' dir='ltr'>ἐγὼ</span> <span class='ocrx_word' id='word_1_849' title='bbox 2944 5526 3166 5601; x_wconf 82' lang='grc' dir='ltr'>δοῦλος,</span> <span class='ocrx_word' id='word_1_850' title='bbox 3207 5524 3350 5583; x_wconf 88' lang='grc' dir='ltr'>διότι</span> <span class='ocrx_word' id='word_1_851' title='bbox 3392 5527 3463 5583; x_wconf 78' lang='grc' dir='ltr'>τὰ</span> <span class='ocrx_word' id='word_1_852' title='bbox 3510 5523 3735 5582; x_wconf 86' lang='grc' dir='ltr'>δικαιώ-</span> 
     </span>
    </p>
   </div>
   <div class='ocr_carea' id='block_1_118' title="bbox 2083 5618 2696 5695">
    <p class='ocr_par' dir='ltr' id='par_1_118' title="bbox 2083 5618 2696 5695">
     <span class='ocr_line' id='line_1_118' title="bbox 2083 5618 2696 5695; baseline -0.003 -20"><span class='ocrx_word' id='word_1_853' title='bbox 2083 5619 2225 5695; x_wconf 89' lang='grc' dir='ltr'>ματά</span> <span class='ocrx_word' id='word_1_854' title='bbox 2255 5641 2351 5674; x_wconf 90' lang='grc' dir='ltr'>σου</span> <span class='ocrx_word' id='word_1_855' title='bbox 2383 5618 2603 5691; x_wconf 79' lang='grc' dir='ltr'>ἐξεζήτη</span> <span class='ocrx_word' id='word_1_856' title='bbox 2611 5640 2696 5674; x_wconf 92' lang='grc' dir='ltr'>σα.</span> 
     </span>
    </p>
   </div>
   <div class='ocr_carea' id='block_1_119' title="bbox 2158 5702 3728 5784">
    <p class='ocr_par' dir='ltr' id='par_1_119' title="bbox 2158 5702 3728 5784">
     <span class='ocr_line' id='line_1_119' title="bbox 2158 5702 3728 5784; baseline -0.004 -19"><span class='ocrx_word' id='word_1_857' title='bbox 2158 5732 2186 5765; x_wconf 79' lang='grc' dir='ltr'>ιι</span> <span class='ocrx_word' id='word_1_858' title='bbox 2213 5709 2348 5784; x_wconf 79' lang='grc' dir='ltr'>Ἐμὲ</span> <span class='ocrx_word' id='word_1_859' title='bbox 2381 5710 2668 5783; x_wconf 86' lang='grc' dir='ltr'>ὑπέμειναν</span> <span class='ocrx_word' id='word_1_860' title='bbox 2725 5706 3049 5784; x_wconf 85' lang='grc' dir='ltr'>ἁμαρτωλοὶ</span> <span class='ocrx_word' id='word_1_861' title='bbox 3104 5710 3202 5764; x_wconf 78' lang='grc' dir='ltr'>τοῦ</span> <span class='ocrx_word' id='word_1_862' title='bbox 3252 5702 3518 5762; x_wconf 85' lang='grc' dir='ltr'>ἀπολέσαι</span> <span class='ocrx_word' id='word_1_863' title='bbox 3581 5725 3668 5779; x_wconf 87' lang='grc' dir='ltr'>με.</span> <span class='ocrx_word' id='word_1_864' title='bbox 3698 5724 3728 5759; x_wconf 73' lang='grc' dir='ltr'><strong><em>ι</em></strong></span> 
     </span>
    </p>
   </div>
   <div class='ocr_carea' id='block_1_120' title="bbox 2079 5794 2943 5877">
    <p class='ocr_par' dir='ltr' id='par_1_120' title="bbox 2079 5794 2943 5877">
     <span class='ocr_line' id='line_1_120' title="bbox 2079 5794 2943 5877; baseline -0.003 -22"><span class='ocrx_word' id='word_1_865' title='bbox 2079 5828 2149 5843; x_wconf 89' lang='grc'><strong>-</strong></span> <span class='ocrx_word' id='word_1_866' title='bbox 2177 5799 2528 5876; x_wconf 84' lang='grc' dir='ltr'>Περιέμειναν</span> <span class='ocrx_word' id='word_1_867' title='bbox 2560 5794 2943 5877; x_wconf 85' lang='grc' dir='ltr'>ἐνεδρεύοντες.</span> 
     </span>
    </p>
   </div>
  </div>
