4066 6438
413 396 569 465 1887

1663 410 2089 477 NIGEPHORI
2130 415 2569 483 BLEMMIDE

3646 425 3785 493 1588

489 528 614 629 «Τά
639 532 915 629 μαρτύριά
962 554 1058 593 σου
1106 542 1330 610 συνῆκα.
1364 563 1393 593 »
1428 574 1494 584 —
1532 546 1871 609 Συνετισθεις
1913 547 2059 623 παρᾶ
2087 550 2141 616 Α
2171 544 2403 622 ἐμαυτὸν
2447 558 2671 621 ποιῆσαι
2718 550 2816 614 τὰς
2861 548 3083 616 ἐντολάς
3130 573 3223 609 σου
3267 551 3350 611 ἀεὶ
3394 551 3483 613 διὰ
3522 555 3613 629 τὴν
3671 555 3776 614 ἐπι-

413 624 533 695 σοῦ,
567 618 705 678 διότι
734 621 952 688 τούτοις
976 628 1441 705 ψυχαγωγοῦμαι.

483 750 514 782 ‹‹
545 729 731 801 Πάσης
786 732 1091 796 συντελείας
1151 732 1294 791 εἶδον
1354 737 1542 813 πέρας’
1608 738 1842 797 πλατεῖα
1887 743 1923 812 ἡ
1975 741 2066 797 ἐν-

410 815 549 907 τολή
583 838 679 907 σου
708 817 937 907 σφόδρα.
970 844 1001 874 ››
1030 856 1102 866 -
1130 825 1324 896 ΙΙάσης
1354 827 1635 905 συνεργίας
1663 829 1755 884 καὶ
1808 830 2063 907 βοηθείας

413 906 754 984 ἀνθρωπίνης
799 904 970 985 ἔγνων
1026 910 1305 984 τελευτήνο
1337 917 1373 985 ἡ
1434 913 1493 972 δὲ
1550 918 1617 987 σή
1680 904 1877 988 ἐντολὴ
1927 920 2068 975 πάνυ

415 993 732 1072 εὐρύχωρος
782 995 873 1052 καί
951 998 1182 1074 βοήθεια
1256 1001 1348 1057 καὶ
1431 1001 1820 1078 ἀτελεύτητος,
1873 1006 2067 1084 προξε-

415 1087 584 1140 νοῦσα
625 1089 743 1148 τοῖς
785 1084 987 1159 ταύτην
1031 1087 1362 1167 φυλάσσουσι
1408 1092 1511 1163 τὴν
1571 1095 1864 1172 ἀπέραντον
1935 1093 2071 1152 ἐκεί-

417 1191 515 1243 νην
551 1175 718 1245 ζωήν-

496 1263 645 1350 ‹ι⁹Ως
699 1262 962 1339 ἠγάπησα
1013 1266 1106 1322 τὸν
1162 1266 1328 1343 νόμον
1383 1291 1501 1345 σου,
1560 1270 1743 1350 Κύριε,
1779 1272 1917 1344 ὅλην
1969 1274 2071 1344 τὴν

424 1349 656 1441 ἡμέραν,
685 1352 885 1426 μελέτη
950 1352 1054 1428 μού
1110 1355 1276 1415 ἐστιν.
1311 1382 1341 1410 ››
1371 1392 1440 1404 -—-
1463 1361 1527 1415 Οἱ
1589 1361 1683 1435 μὲν
1717 1358 1874 1441 φόϐῳ
1900 1384 2077 1438 τιμω-

427 1438 548 1514 ρίας
600 1438 875 1517 πληροῦσι
919 1444 1013 1499 τὸν
1051 1443 1240 1519 νόμον,
1273 1447 1327 1502 οἱ
1357 1444 1415 1503 δὲ
1446 1445 1536 1503 διὰ
1592 1438 1745 1522 δόξαν
1804 1451 2076 1526 ἀνθρωπί-

426 1547 549 1601 νην,
582 1530 634 1584 οἱ
692 1526 751 1585 δὲ
804 1532 1021 1607 γνήσιοι
1076 1540 1180 1605 τῆς
1234 1534 1430 1613 ἀρετῆς
1609 1537 1734 1614 περί
1779 1541 1844 1597 τὸ
1872 1540 2069 1618 ἀγαθὸν

429 1614 682 1677 διαθέσει.

499 1730 530 1794 κ
560 1708 719 1785 Ὑπὲρ
774 1708 902 1773 τοὺς
961 1708 1190 1787 ἐχθρούς
1246 1735 1352 1788 μου
1410 1713 1660 1794 ἐσόφισάς
1721 1739 1789 1792 με
1840 1720 1941 1789 τὴν
1993 1719 2077 1775 ἐν-

424 1791 599 1867 τολήν
647 1817 767 1865 σου,
792 1795 877 1853 ὅτι
924 1797 1000 1862 εἶς
1040 1800 1133 1855 τὸν
1181 1800 1355 1858 αἰῶνα
1399 1791 1526 1877 ἐμή-
1551 1791 1777 1861 ἐστιν.»
1808 1841 1877 1849 -
1906 1809 2078 1864 Ἐκεῖ-

2173 658 2251 693 κει
2263 639 2428 713 μένην
2460 636 2846 715 ἀμοιϐὴνοτοῖς
2877 641 3219 714 εύαρεστοῦσί
3249 665 3362 702 σοι.

2247 750 2278 779 ‹‹
2304 729 2509 800 Βοηθός
2543 751 2647 804 μου
2684 722 2775 786 καὶ
2806 727 3162 808 ἀντιλήπτωρ
3197 754 3307 806 μου
3337 734 3384 789 εἶ
3428 733 3511 790 σύ’
3560 735 3634 799 εἰς
3673 737 3785 802 τοὺς

2176 814 2376 893 λόγους
2425 839 2520 874 σου
2567 818 2866 890 ἐπήλπισα.
2902 842 2932 872 ››
2976 852 3048 863 —-
3092 821 3184 884 Εἰς
3229 822 3320 878 τὸν
3369 822 3536 897 νόμον
3581 847 3670 880 σου
3709 847 3788 882 τε-

2175 903 2421 982 θάῤῥηκα
2472 908 2564 964 τὸν
2633 907 3045 986 ἐπηγγελμένον
3108 910 3277 988 ἀγαθά
3333 917 3450 975 τοῖς
3510 913 3786 989 πληροῦσιν

2177 992 2360 1051 αὐτόν.

2258 1104 2281 1134 ι
2311 1083 2625 1142 Ἐκκλίνατε
2681 1085 2774 1142 ἀπ’
2838 1086 2996 1161 ἐμοῦ,
3062 1089 3515 1166 πονηρευόμενοι,
3556 1090 3640 1146 καὶ
3698 1090 3788 1167 ἐξε-

2181 1174 2427 1248 ρευνήσω
2454 1173 2551 1238 τὰς
2578 1173 2805 1239 ἐντολὰς
2832 1180 2932 1231 τοῦ
2961 1180 3097 1232 Θεοῦ
3148 1199 3279 1252 μου.
3314 1201 3345 1232 »
3368 1211 3439 1223 —
3482 1180 3544 1234 Οἱ
3586 1181 3789 1255 πονηροὶ

2180 1261 2286 1339 γὰρ
2332 1260 2611 1338 ἄνθρωποι
2661 1264 2750 1321 καὶ
2798 1265 2853 1321 οἱ
2900 1261 3153 1339 δαίμονες
3195 1263 3285 1323 διὰ
3327 1271 3433 1323 τῶν
3475 1267 3678 1325 ἀτόπων
3710 1270 3793 1325 αύ-

2180 1354 2288 1405 τῶν
2356 1347 2687 1426 συμϐουλῶν
2773 1351 3129 1431 ἐνοχλοῦντες
3192 1354 3678 1434 παρεμποδίζουσιν
3731 1359 3793 1422 εἰς

2183 1438 2336 1497 αὐτό.

2256 1552 2287 1582 ‹‹
2317 1527 2646 1588 Ἀντιλαϐοῦ
2678 1552 2784 1606 μου
2824 1534 2965 1589 κατᾶ
3006 1535 3070 1589 τὸ
3122 1533 3316 1610 λόγιόν
3362 1556 3478 1606 σου,
3524 1535 3610 1593 καὶ
3659 1536 3792 1607 ζῆσόν

2189 1639 2279 1693 με,
2327 1620 2420 1674 καὶ
2471 1621 2548 1694 μὴ
2608 1621 2977 1698 καταισχύνῃς
3048 1644 3115 1697 με
3173 1623 3283 1681 ἀπὸ
3346 1632 3447 1695 τῆς
3503 1624 3795 1703 προσδοκίας

2191 1728 2317 1781 μου.
2351 1731 2380 1760 ››
2410 1741 2479 1751 -
2520 1710 2725 1767 Μαθὼν
2773 1708 2907 1789 ἔφης
2954 1709 3006 1766 ἐν
3056 1712 3216 1786 νόμῳ
3284 1713 3650 1791 ύπερασπίζειν
3706 1718 3795 1771 τῶν

2188 1795 2572 1875 φυλασσόντων
2652 1799 2835 1873 αὐτὸν,
2913 1800 3004 1856 καὶ
3076 1802 3153 1875 μὴ
3228 1804 3673 1879 καταισχυνθῆναί
3746 1825 3801 1878 με

427 1904 526 1989 vo:
574 1884 669 1958 μὲν
723 1886 825 1963 γὰρ
882 1883 1089 1964 δωρεὰν
1159 1887 1475 1947 σπεύδουσιν
1556 1893 1788 1951 ἀνελεῖν*
1850 1895 1960 1972 ἐγὼ
2020 1894 2080 1952 δὲ
2110 1921 2158 1989 Β
2187 1887 2440 1961 ποιήσῃς,
2473 1886 2824 1964 ἀποτυχόντα
2849 1896 2950 1959 τῆς
2984 1889 3072 1945 ἐπὶ
3107 1890 3194 1946 σοὶ
3223 1890 3450 1955 ἐλπίδος
3483 1914 3603 1967 μου.

429 1969 557 2029 οὐδὲ
633 1973 935 2047 ἀμύνασθαι
1004 1977 1233 2042 τούτους
1316 1979 1622 2057 ἀνέχομαι’
1710 1983 1802 2040 διὰ
1884 1987 2080 2049 παντὸς

429 2063 599 2154 γὰρῆ
632 2061 828 2136 ἐντολή
862 2086 959 2121 σου
989 2067 1311 2144 ᾠκειωμένη
1342 2072 1603 2148 τυγχάνει
1642 2073 1733 2129 καὶ
1762 2096 1831 2130 πε
1860 2073 1960 2154 φιλ
1993 2075 2085 2149 μέ-

430 2170 497 2222 νη
533 2151 605 2226 (Ῡ)
634 2172 749 2226 μοι.

504 2263 535 2292 ‹‹
560 2241 718 2318 ’Υπὲρ
771 2243 975 2307 πάντας
1024 2245 1156 2309 τοὺς
1213 2244 1563 2313 διδάσκοντάς
1613 2272 1681 2324 με
1723 2258 1951 2322 συνῆκα,
1998 2250 2082 2308 ὅτι

430 2328 502 2385 τὰ
531 2329 800 2407 μαρτύριά
828 2353 926 2388 σου
966 2333 1170 2407 μελέτη
1228 2337 1335 2409 μού
1391 2337 1555 2397 ἐστιν.
1592 2364 1614 2394 ι
1651 2373 1722 2384 —-
1751 2340 1850 2396 Καὶ
1905 2339 2082 2397 αὐτων

433 2422 541 2473 τῶν
566 2416 907 2477 διδασκάλων
940 2444 1046 2496 μου
1077 2426 1434 2504 συνετώτερον
1472 2426 1562 2483 καὶ
1622 2430 1930 2508 σοφώτερον
1988 2451 2083 2485 πε-

434 2506 637 2579 ποίηκέ
668 2530 736 2583 με
761 2514 868 2566 τῶν
897 2515 1007 2567 σῶν
1034 2510 1271 2571 ἐντολῶν
1294 2517 1329 2585 ἡ
1365 2514 1589 2590 μελέτη.

510 2637 541 2668 ‹‹
572 2616 692 2672 ’Ότι
747 2616 810 2673 σὺ
869 2616 1267 2694 ἐνομοθέτησάς
1326 2643 1414 2697 με.
1446 2646 1476 2675 ››
1524 2657 1595 2667 —
1651 2625 1724 2680 Σὲ
1778 2625 2085 2700 νομοθέτην

438 2702 791 2780 ἐπιστάμενος
821 2708 912 2763 καὶ
942 2707 1051 2785 οὐχ
1079 2706 1283 2787 ἓτερον.

514 2835 537 2864 ιι
570 2812 703 2870 ’Δπὸ
755 2817 864 2869 τῶν
922 2813 1158 2872 ἐντολῶν
1218 2839 1315 2874 σου
1369 2826 1598 2891 συνῆκα’
1634 2818 1725 2876 διὰ
1768 2826 1931 2878 τοῦτο
1965 2823 2087 2896 ἑμί-

430 2921 573 2972 σησα
627 2905 800 2957 πᾶσαν
861 2900 984 2959 ὁδὸν
1044 2901 1281 2970 ἀδικίας.
1313 2928 1344 2960 ››
1374 2940 1445 2952 —-
1476 2909 1571 2965 Ἐκ
1621 2908 1830 2966 τούτων
1890 2911 2089 2988 γέγονα

433 2988 675 3053 συνετός.

509 3099 535 3130 α
566 3077 782 3157 Λύχνος
808 3085 928 3145 τοῖς
956 3081 1086 3138 ποσί
1118 3104 1223 3157 μου
1254 3085 1283 3140 ὁ
1312 3084 1485 3160 νόμος
1515 3108 1612 3143 σου
1668 3088 1759 3144 καὶ
1805 3093 1922 3168 φῶς
1967 3094 2088 3153 ταῖς

429 3162 640 3244 τρίϐοις
702 3190 829 3243 μου.
864 3193 982 3222 ››-
1012 3169 1195 3237 ΙΙόδας
1253 3174 1344 3230 καὶ
1393 3171 1616 3251 τρίϐους
1643 3178 1744 3247 τήν
1801 3162 2086 3235 πολιτείαν

429 3257 609 3314 καλεῖ.

505 3368 536 3402 α
563 3349 779 3433 Ὥμοσα
833 3349 923 3404 καὶ
977 3347 1178 3423 ἔστησα
1227 3356 1326 3408 τοῦ
1374 3353 1704 3432 φυλάξασθαι
1752 3358 1818 3413 τὰ
1847 3358 2090 3433 κρίματα

428 3441 532 3505 τῆς
590 3432 938 3509 δικαιοσύνης
997 3459 1115 3494 σου.
1151 3463 1180 3491 ››
1214 3472 1281 3484 -—
1310 3443 1417 3512 Τὴν
1480 3439 1699 3519 βεϐαίαν
1744 3453 1845 3516 τῆς
1888 3432 2089 3523 ψυχῆς

437 3526 619 3602 ψῆφον
678 3521 839 3599 ὅρκον
897 3526 1168 3601 ὠνόμασε·
1229 3530 1411 3586 στάσιν
1457 3528 1516 3588 δὲ
1564 3534 1665 3603 τὴν
1731 3534 1934 3605 ταύτης
1985 3521 2087 3590 ἐτι

440 3609 745 3689 ὲδραίωσιν.

510 3724 540 3753 ‹‹
570 3701 965 3775 Ἐταπεινώθην
1041 3701 1148 3768 ἕως
1225 3704 1454 3785 σφόδρα,
1525 3708 1706 3786 Κύριε·
1789 3711 1951 3782 ζῆσόν
2022 3733 2091 3786 με

436 3790 575 3845 κατά
630 3791 722 3847 τὸν
784 3790 950 3868 λόγον
1009 3814 1126 3852 σου.
1160 3816 1191 3847 ››
1222 3828 1291 3840 -
1317 3796 1647 3854 Ταπείνωσιν
1696 3797 1847 3876 λέγει
1895 3802 1996 3872 τὴν
2031 3802 2092 3857 ὲκ

434 3882 544 3936 τῶν
598 3885 937 3956 πειρασμῶν,
969 3879 1030 3938 ἔκ
1082 3903 1145 3938 τε
1193 3889 1295 3955 τῆς
1355 3886 1604 3943 ἑκουσίου
1641 3889 1940 3967 κακουχίας
1991 3912 2088 3947 κα-

432 3969 731 4043 τάκαμψιν.

504 4081 535 4110 ‹‹
564 4059 640 4114 Τὰ
685 4058 907 4115 ἐκούσια
959 4064 1056 4116 τοῦ
1112 4060 1384 4137 στόματός
1444 4085 1549 4138 μου
1618 4063 1913 4138 εύδόκησον
1997 4064 2087 4138 δὴ.

434 4144 617 4222 Κύριε,
674 4147 764 4203 καὶ
819 4149 888 4203 τὰ
942 4148 1183 4226 κρίματά
1238 4173 1334 4208 σου
1393 4150 1604 4227 δίδαξόν
1668 4177 1754 4230 με.
1800 4180 1831 4208 ››
1862 4190 1931 4199 -
1985 4158 2090 4220 Τὰς

435 4235 715 4299 ἑκουσίους
746 4236 1071 4313 ὑποσχέσεις
1106 4260 1233 4314 μου,
1267 4242 1380 4297 οἷον
1410 4241 1504 4298 τὸν
1538 4242 1699 4318 ὅρκον
1757 4245 1815 4300 ’ὀν
1874 4244 2090 4319 ὤμοσα,

434 4323 781 4399 κατεύθυνον,
834 4326 1098 4400 Δέσποτα,
1148 4329 1239 4384 καὶ
1294 4327 1507 4403 δίδαξόν
1567 4352 1636 4406 με
1688 4333 1757 4388 τὰ
1809 4337 2093 4411 προστάγ-

438 4411 581 4487 ματά
608 4434 726 4488 σου,
759 4413 1047 4494 φυλάσσειν
1079 4413 1359 4490 δηλονότι,
1389 4421 1571 4484 καθὼς
1604 4420 1945 4498 ὑπέσχημαι.

508 4543 538 4572 ι(
571 4521 634 4577 Ἡ
665 4523 817 4598 ψυχή
872 4543 979 4597 μου
1026 4521 1078 4579 ἐν
1125 4530 1248 4589 ταῖς
1296 4526 1454 4604 χερσί
1502 4548 1598 4582 σου
1643 4526 1954 4602 διαπαντὸς,
1998 4532 2090 4586 καί

431 4612 529 4664 τοῦ
559 4609 734 4683 νόμου
764 4631 861 4665 σου
891 4609 993 4666 ούκ
1021 4612 1390 4688 ἐπελαθόμην.
1419 4640 1441 4667 ι
1476 4648 1547 4660 -
1574 4617 1681 4687 Τήν
1732 4620 1917 4695 ψυχήν
1982 4619 2088 4694 μού
2116 4657 2168 4725 D

437 4719 515 4725 _.__
572 4697 894 4725 2-------IV-.A.
952 4702 1024 4725 _!_
1061 4703 1173 4725 -.-ι
1471 4709 1499 4721 ~
1741 4706 1755 4725 I

432 4719 520 4753 σοι
569 4697 895 4776 ἐγχειρίζων
947 4702 1180 4758 πάντοτέ
1235 4725 1295 4759 σε
1337 4709 1606 4779 ποιοῦμαι
1658 4706 1863 4778 ταύτης
1913 4728 2087 4787 φρου-

434 4787 550 4861 ρόν.
584 4788 684 4843 Καὶ
729 4786 821 4844 διὰ
861 4793 1024 4846 τοῦτο
1074 4790 1174 4847 ούκ
1221 4789 1568 4868 ἐπελαθόμην
1619 4799 1716 4859 τοῦ
1761 4786 1936 4870 νόμου
1965 4818 2084 4869 σου,

425 4874 520 4932 ’ίνα
552 4879 629 4951 μή
661 4876 872 4934 ἐκπέσω
902 4877 1009 4934 ἀπὸ
1032 4887 1136 4951 τῆς
1165 4881 1415 4959 φυλακῆς
1444 4903 1563 4942 σου.

502 5008 532 5037 ‹‹
563 4986 785 5041 Ἐθεντο
814 4983 1139 5063 ἁμάρτωλοὶ
1181 4985 1387 5066 παγίδα
1437 5010 1553 5062 μοι,
1591 4991 1681 5046 καὶ
1731 4991 1791 5047 ἐκ
1837 4997 1945 5047 τῶν
1995 4994 2079 5048 ὲν-

423 5072 605 5129 τολῶν
630 5095 729 5129 σου
758 5073 859 5130 ούκ
888 5073 1223 5148 ἐπλανήθην.
1257 5101 1287 5131 ››
1318 5111 1387 5122 -
1418 5078 1517 5134 Διά
1541 5084 1704 5135 τοῦτο
1757 5080 1857 5136 οὐκ
1910 5082 2080 5137 ἐπλα-

421 5164 614 5234 νήθην,
641 5160 732 5219 ’ἱνα
790 5165 869 5237 μὴ
928 5165 1149 5237 ἐμπέσω
1202 5172 1321 5229 ταῖς
1377 5172 1485 5223 τῶν
1542 5170 1751 5246 ὁρατῶν
1799 5169 1889 5225 καὶ
1919 5170 2081 5247 ἀορά-

418 5272 526 5307 των
560 5251 906 5326 ἁμαρτωλῶν
937 5254 1186 5330 παγίσιν,
1217 5253 1391 5312 εἷ’τουν
1424 5253 1769 5321 ἐπιϐουλαῖς.

493 5382 524 5411 ‹‹
554 5357 1014 5437 Ἐκληρονόμησα
1039 5363 1107 5417 τὰ
1159 5363 1427 5439 μαρτύριά
1471 5386 1567 5420 σου
1619 5365 1697 5429 εἰς
1738 5366 1831 5421 τὸν
1880 5366 2073 5438 αἰῶνα,

416 5444 501 5502 ὅτι
557 5444 880 5522 ἀγαλλίαμα
934 5451 1033 5519 τῆς
1092 5449 1319 5529 καρδίας
1363 5454 1469 5526 μού
1501 5454 1654 5511 εἰσιν.
1694 5478 1723 5507 ››
1751 5488 1821 5498 --
1852 5453 2073 5533 Κληρο-

415 5536 609 5609 νομίαν
637 5540 805 5591 ταῦτα
833 5537 1053 5610 ἐμαυτῷ
1080 5539 1278 5614 ἐθέμην
1309 5538 1557 5613 διηνεκῆ.

488 5666 518 5694 ‹‹
544 5638 773 5698 Ἔκλινα
799 5643 898 5711 τήν
928 5642 1151 5720 καρδίαν
1183 5668 1289 5720 μου
1318 5653 1416 5703 τοῦ
1444 5656 1671 5720 ποιῆσαι
1720 5651 1789 5705 τὰ
1847 5647 2068 5707 δικαιώ-

2265 2014 2295 2044 ‹‹
2338 1992 2620 2064 Βοήθησόν
2657 2014 2777 2068 μοι,
2805 1995 2897 2050 καὶ
2942 1997 3268 2071 σωθήσομαι
3317 1999 3408 2053 καὶ
3452 1998 3716 2073 μελετήσω
3759 1998 3801 2055 ὁ,

2191 2084 2308 2142 τοῖς
2336 2077 2669 2156 δικαιώμασί
2699 2104 2794 2139 σου
2834 2080 3148 2148 διαπαντός.
3184 2109 3216 2138 ››
3249 2119 3320 2129 -
3366 2087 3683 2163 Σωθήσομαὶ
3717 2086 3804 2143 ἀπὸ

2192 2175 2294 2239 τῆς
2327 2164 2632 2241 ἐπιϐουλῆς
2661 2175 2770 2227 τῶν
2802 2169 3037 2250 ἐχθρῶν.

2273 2281 2296 2308 ιι
2332 2255 2725 2328 Ἐξουδένωσας
2784 2261 2990 2325 πάντας
3051 2261 3180 2326 τοὺς
3252 2263 3665 2328 ἀποστατοῦντας
3720 2263 3805 2320 ἀπὸ

2194 2349 2304 2402 τῶν
2353 2343 2736 2421 δικαιωμάτων
2787 2371 2905 2420 σου,
2954 2348 3040 2406 ὅτι
3082 2347 3274 2408 ἄδικον
3322 2354 3386 2409 τὸ
3424 2353 3690 2428 ἐνθύμημα
3734 2353 3806 2409 αὖ·

2193 2437 2327 2493 τῶν.
2354 2458 2384 2488 ››
2417 2469 2487 2479 -
2536 2436 2865 2517 Ἐφαύλισας
2930 2440 3021 2494 καὶ
3082 2441 3297 2497 ἀπώσω
3364 2441 3576 2515 πάντας,
3620 2441 3668 2497 οἳ
3706 2440 3801 2520 ἀφί-

2194 2540 2413 2580 στανται
2489 2530 2588 2581 τοῦ
2688 2527 2864 2600 νόμου
2944 2549 3041 2584 σου
3120 2536 3461 2608 παρανομεῖν
3522 2529 3801 2605 ἐνθυμούμε-

2196 2633 2302 2672 νοι.

2271 2724 2302 2756 ι(
2333 2697 2769 2780 Παραϐαίνοντας
2816 2704 3158 2782 ἐλογισάμην
3210 2708 3423 2772 πάντας
3489 2707 3611 2772 τοὺς
3666 2709 3800 2783 ἁμαρ-

2196 2789 2414 2855 τωλοὺς
2451 2799 2552 2863 τῆς
2610 2796 2730 2871 γῆς·
2786 2792 2877 2850 διὰ
2917 2800 3081 2851 τοῦτο
3127 2796 3398 2874 ἠγάπησα
3457 2797 3524 2854 τὰ
3587 2794 3798 2873 μαρτύριά

2200 2900 2317 2935 σου.
2353 2903 2383 2933 ››
2428 2914 2499 2924 -
2546 2878 2868 2961 Παραϐάτας
2909 2883 3207 2961 ἡγησάμην
3252 2886 3456 2951 πάντας
3501 2886 3620 2949 τοὺς
3661 2887 3798 2960 ἁμαρ-

2199 2966 2452 3033 τάνοντας
2499 2968 2551 3027 ἐν
2599 2975 2680 3044 τῷ
2724 2971 2940 3047 κόσμῳ’
2974 2970 3060 3030 διὸ
3094 2971 3187 3029 τίνα
3245 2978 3323 3049 μή
3372 2976 3464 3032 καὶ
3506 2975 3648 3038 αὐτὸς
3669 2990 3792 3049 παρα-

2201 3052 2374 3130 ϐάτης
2405 3057 2674 3135 λογισθῶ,
2703 3061 2797 3116 τὸν
2826 3061 2994 3135 νόμον
3023 3084 3120 3118 σου
3149 3064 3445 3139 ἠγάπησα.

2278 3172 2299 3199 σι
2334 3146 2671 3220 Καθήλωσον
2720 3149 2783 3206 ἐκ
2824 3155 2924 3206 τοῦ
2972 3146 3146 3230 φόϐου
3193 3173 3298 3208 σου
3345 3153 3442 3217 τὰς
3490 3152 3668 3230 σάρκας
3701 3167 3790 3223 μου*

2202 3236 2308 3292 ἀπὸ
2354 3236 2457 3312 γὰρ
2507 3240 2615 3291 τῶν
2658 3240 2940 3315 χριμάτων
2990 3260 3089 3295 σου
3139 3236 3445 3319 ἐφοϐήθην.
3478 3265 3507 3296 ››
3535 3275 3598 3285 -
3624 3241 3701 3296 Ἕκ
3727 3239 3798 3293 τοῦ

2199 3323 2587 3401 ἀναγινώσκειν
2636 3327 2705 3381 τά
2758 3326 2999 3403 κρίματά
3065 3349 3163 3383 σου
3214 3324 3495 3409 ἐφοϐήθην
3563 3330 3645 3404 μὲν
3699 3323 3804 3380 κατὰ

2196 3414 2408 3490 ψυχὴν,
2440 3413 2541 3469 οὐκ
2586 3413 2704 3491 ἔχω
2756 3413 2815 3472 δὲ
2849 3417 2913 3472 τὸ
2944 3420 3125 3491 σῶμα,
3149 3416 3236 3492 τῷ
3281 3417 3519 3493 τοιούτῳ
3562 3410 3697 3496 φόϐῳ
3736 3434 3806 3469 co-

2197 3501 2588 3577 στελλόμενον.
2621 3502 2958 3576 Καθήλωσον
2991 3503 3083 3560 οὗν
3123 3506 3220 3562 καὶ
3263 3507 3397 3564 αύτὸ
3436 3512 3515 3582 τῷ
3558 3500 3693 3586 φόϐῳ
3727 3523 3805 3557 σου

2195 3590 2398 3665 τούτῳ,
2430 3592 2568 3666 πρὸς
2596 3593 2660 3648 τὸ
2692 3594 2770 3667 μή
2800 3596 3062 3650 κινεῖσθαι
3100 3594 3179 3658 εἷς
3229 3595 3493 3660 ἀτάκτους
3541 3594 3695 3671 ὁρμὰς
3731 3588 3806 3646 καὶ

2197 3678 2417 3756 πράξεις
2445 3679 2703 3744 ἀτόπους.

2271 3792 2302 3821 (ς
2334 3768 2600 3841 Ἐποίησα
2645 3769 2818 3844 κρίμα
2863 3770 2955 3826 καὶ
3031 3769 3405 3846 δικαιοσύνην’
3467 3774 3540 3847 μὴ
3593 3764 3807 3844 παραδῷ(

2205 3877 2272 3932 με
2316 3863 2433 3920 τοῖς
2482 3855 2728 3915 ἀδίκοῦσί
2779 3880 2866 3934 με.
2902 3883 2924 3912 ιο
2970 3893 3040 3903 -
3088 3862 3360 3934 Ἐποίησα
3403 3861 3572 3939 κρίσιν
3616 3855 3808 3914 δικαίαν.

2276 3987 2306 4017 ‹‹
2334 3963 2578 4037 Ἐνδεξαι
2620 3965 2714 4022 τὸν
2762 3963 2959 4023 δοῦλόν
3010 3988 3109 4023 σου
3157 3968 3239 4033 εἷς
3288 3968 3508 4046 ἀγαθόν·
3561 3967 3631 4042 μὴ
3683 3980 3812 4018 συκο-

2200 4055 2622 4131 φᾳντησάτωσάν
2690 4076 2759 4129 με
2819 4055 3187 4135 ὑπερήφανοι..
3236 4082 3267 4111 ››
3317 4092 3388 4102 -
3443 4051 3809 4134 Προσκαρτέρη·

2201 4163 2316 4215 σον,
2367 4142 2630 4220 ἀνάσχου,
2685 4146 3114 4220 μακροθύμησον
3174 4151 3260 4220 τῷ
3329 4145 3511 4221 δούλῳ
3567 4164 3655 4200 σου
3705 4137 3812 4213 ὑπὲρ

2201 4232 2422 4308 ἀγαθοῦ,
2448 4230 2704 4289 ὥστεδιά
2753 4233 3038 4307 μετανοίας
3083 4235 3482 4313 ἀποτρίψασθαι
3526 4234 3618 4303 τὴν
3663 4231 3808 4303 ἁμαρ-

2199 4318 2338 4378 τίαν.
2391 4321 2482 4391 Μὴ
2567 4324 3122 4402 συκοφαντησάτωσάν
3345 4326 3400 4381 οἱ
3463 4318 3692 4393 αἰσθητοὶ
3735 4312 3808 4371 καὶ

2197 4409 2390 4481 νοητοὶ
2446 4409 2775 4488 παράνομοι,
2825 4412 2901 4475 ὡς
2950 4411 3012 4469 ού
3064 4410 3156 4469 διά
3195 4416 3298 4485 τῆν
3358 4409 3806 4487 πλημμεληθεῖσαν

2200 4496 2467 4575 ἁμαρτίαν
2532 4498 3055 4578 ταλαιπωρούμενον
3121 4507 3243 4566 τοῖς
3307 4500 3580 4563 ἀκουσίοις
3622 4517 3676 4554 τε
3715 4512 3810 4550 πει-

2201 4593 2454 4663 ρασμοῖς,
2482 4588 2572 4643 καὶ
2600 4592 2670 4663 τῇ
2701 4587 2933 4664 ἐκουσίῳ
2959 4590 3314 4664 κακοπαθείᾳ.

2269 4700 2298 4728 ‹‹
2331 4677 2526 4753 Καιρὸς
2567 4681 2665 4732 τοῦ
2712 4681 2939 4748 ποιῆσαι
2985 4684 3067 4752 τῷ
3108 4678 3315 4756 Κυρίῳ·
3366 4675 3690 4735 διεσκέδασαν
3728 4668 3804 4727 τὸν

2193 4763 2364 4838 νόμον
2417 4787 2538 4822 σου·
2569 4787 2596 4821 ι
2632 4800 2701 4810 -
2749 4768 2947 4844 Καιρὸς
2995 4769 3082 4823 σοὶ
3126 4772 3208 4841 τῷ
3261 4766 3444 4844 Κυρίῳ
3489 4768 3698 4834 ποιῆσαι
3735 4758 3805 4814 ἐκ·

2195 4850 2408 4924 δίκησιν
2455 4852 2762 4925 δηλονότ...
2810 4854 3107 4912 κατέλυσαν
3149 4858 3277 4934 γὰρ,
3325 4854 3493 4932 ἤγουν
3540 4852 3654 4909 λίαν
3701 4846 3804 4920 ἠθέ-

2188 4962 2357 5011 τησαν
2388 4944 2480 4999 τὸν
2509 4942 2678 5017 νόμον
2709 4965 2805 4999 σου
2837 4944 2889 4999 οἱ
2921 4944 3135 5021 ἐχθροὶ,
3162 4945 3253 5000 καὶ
3284 4944 3385 5000 οὐκ
3412 4942 3489 4999 ἔτι
3526 4938 3676 5020 χρεία
3723 4955 3805 5011 μα·

2188 5031 2512 5107 κροθυμίας.

2263 5145 2289 5171 ‹‹
2324 5120 2422 5175 Διά
2460 5126 2623 5177 τοῦτο
2663 5120 2920 5198 ἠγάπησα
2967 5122 3062 5185 τὰς
3098 5119 3323 5185 ἐντολάς
3378 5142 3474 5176 σου
3521 5119 3647 5192 ὑπὲρ
3690 5133 3803 5191 χρυ·

2189 5207 2305 5263 σίον
2381 5209 2471 5265 καὶ
2537 5211 2821 5280 τοπάζιον.
2870 5235 2899 5263 ››
2943 5244 3013 5253 -ο
3069 5212 3215 5268 Διότι
3282 5206 3614 5266 διεσκέδασαν
3667 5200 3803 5259 αὐτὸν

2187 5296 2401 5369 ἐκεῖνοι,
2441 5298 2552 5374 ἐγὼ
2606 5297 2818 5373 μᾶλλον
2860 5300 3125 5375 ἠγάπησα
3163 5304 3354 5357 τοῦτον
3402 5297 3531 5373 ὑπὲρ
3577 5290 3797 5371 χρυσίον,

2187 5386 2320 5464 ὑπὲρ
2374 5386 2525 5443 λίθον
2587 5390 2795 5443 ἅπαντα
2843 5387 3049 5462 τίμιον·
3109 5390 3216 5446 ἀπὸ
3272 5388 3377 5464 γάρ
3426 5390 3524 5442 τοῦ
3568 5377 3798 5448 τοπαζίου

2182 5477 2611 5552 προτιμωμένου
2642 5476 2766 5532 τότε
2792 5482 2903 5533 τῶν
2932 5474 3119 5535 ἄλλων
3146 5477 3345 5552 τιμίων
3390 5473 3557 5539 λίθων
3606 5466 3793 5540 ἐδήλω·

2181 5585 2267 5619 σεν
2301 5566 2537 5628 ἅπαντας
2548 5611 2560 5623 .

2253 5678 2282 5707 ‹‹
2315 5656 2412 5709 Διά
2456 5660 2620 5710 τοῦτο
2663 5656 2802 5728 πρὸς
2844 5657 3016 5719 πάσας
3060 5657 3155 5720 τὰς
3201 5653 3424 5718 ἐντολάς
3471 5673 3563 5709 σου
3608 5660 3789 5719 κατωρ-

421 5731 562 5803 ματά
592 5750 688 5785 σου
729 5729 804 5792 εἷς
827 5731 917 5785 τὸν
945 5731 1116 5788 αἰῶνα
1139 5732 1234 5806 ζδι’
1291 5736 1632 5814 ἀντάμειψιν.
1667 5762 1696 5791 ››
1729 5771 1796 5783 οη-
1827 5742 2065 5815 ’Έτρεψα
2177 5743 2408 5819 θούμηνο
2466 5751 2637 5800 πᾶσαν
2697 5742 2821 5801 ὁδὸν
2899 5742 3084 5802 ἄδικον
3146 5745 3399 5821 ἐμίσησα.
3459 5765 3491 5797 ››
3534 5771 3602 5788 -ο
3657 5732 3785 5793 Διότι
