4066 6462
327 413 484 482 1889

325 635 670 712 εύωδούμην.

396 728 744 802 «Θαυμαστὰ
798 729 864 783 τά
924 728 1190 806 μαρτύριά
1246 749 1361 784 σου’
1404 727 1495 785 διά
1545 735 1708 785 τοῦτο
1762 729 1965 807 ἐξερεύ-

322 838 481 888 νησεν
530 817 665 873 αὐτά
710 821 746 888 ἡ
795 820 946 895 ψυχή
1003 840 1127 891 μου.
1176 842 1205 870 ›)
1243 851 1314 863 --
1342 819 1664 892 Θαυμασίως
1717 821 1818 896 γὰρ
1865 825 1969 875 πᾶν

327 907 422 980 μὲν
454 903 601 969 εἶδος
631 907 828 982 ἀρετῆς
859 904 1195 980 παιδεύουσι,
1226 913 1400 964 πᾶσαν
1449 905 1508 964 δὲ
1563 908 1752 965 κακίαν
1811 908 1968 966 ἐλαύ-

322 1014 526 1050 νουσιν.

398 1105 427 1138 α
453 1085 518 1138 Ἡ
549 1082 796 1155 δήλωσις
821 1088 929 1141 τῶν
964 1083 1145 1162 λόγων
1196 1107 1293 1142 σου
1351 1092 1543 1166 φωτιεῖ
1597 1087 1687 1142 καὶ
1739 1091 1968 1142 συνετιεῖ

319 1172 567 1244 νηπίους.
620 1197 650 1226 ›)
694 1206 764 1217 —
809 1176 874 1230 Ἡ
903 1173 1226 1252 φανέρωσις,
1257 1178 1291 1246 ἡ
1343 1173 1664 1256 διασάφησις
1711 1182 1819 1232 τῶν
1880 1176 1963 1233 ἐν·

318 1261 498 1318 τολῶν
550 1283 647 1318 σου
701 1262 791 1318 καὶ
849 1262 1032 1326 αὐτοῖς
1085 1269 1201 1327 τοῖς
1255 1264 1473 1337 νηπίοις
1520 1267 1612 1321 τὸν
1672 1271 1796 1321 νοῦν
1848 1271 1963 1344 φῶς

317 1352 572 1428 γνώσεως
602 1353 834 1429 παρέχει
862 1354 954 1408 καί
985 1351 1212 1410 σύνεσιν.

389 1466 418 1494 ‹‹
449 1443 520 1496 Τὸ
566 1442 742 1515 στόμα
784 1464 887 1516 μου
941 1439 1155 1514 ἤνοιξα,
1185 1444 1275 1498 καὶ
1335 1441 1558 1500 εἴλκυσα
1613 1449 1846 1518 πνεῦμα,
1879 1443 1961 1500 6'1:

314 1529 410 1593 τὰς
454 1529 678 1594 ἐντολάς
726 1553 822 1586 σου
868 1530 1185 1591 ἐπεπόθουν,
1222 1556 1244 1584 ι
1281 1566 1349 1576 -
1377 1537 1455 1607 Τῇ
1508 1533 1612 1609 γὰρ
1657 1537 1765 1589 τῶν
1807 1533 1964 1598 θείων

316 1617 550 1675 ἐντολῶν
584 1619 816 1676 ἐπιθέσει
845 1621 909 1676 τὸ
939 1620 1115 1695 στόμα
1149 1627 1250 1692 τῆς
1295 1625 1482 1698 ψυχῆς
1532 1619 1704 1677 εἷίτουν
1756 1625 1790 1693 ἡ
1843 1620 1962 1678 διά-

313 1729 437 1764 νοια
463 1709 600 1785 πρὸς
632 1707 804 1779 ὁλκὴν
831 1707 1124 1788 ἀνοίγεται,
1155 1709 1463 1785 πνεύματος
1516 1711 1708 1790 σοφίας
1765 1733 1826 1767 τε
1871 1713 1962 1768 καὶ

315 1798 600 1860 συνέσεως.

1540 418 1957 484 EXPOSITIO
2001 419 2080 483 IN
2128 420 2512 486 PSALMOS.

326 547 470 606 οὕτω
525 546 722 614 ταύτας
778 547 1056 628 ἠγάπησα,
1114 547 1379 625 ἰθυνόμην
1437 551 1574 626 πρὸς
1631 553 1806 615 πάσας
1879 553 1970 608 καὶ
2000 557 2055 622 Α

3572 417 3734 481 1590

2159 577 2188 604 ‹‹
2220 549 2444 627 Θλίψεις
2491 550 2582 608 καὶ
2631 546 2856 626 ἀνάγκαι
2905 540 3126 625 είῖροσάν
3197 563 3290 623 με·
3347 544 3566 605 ἐντολαί
3632 569 3730 607 σου

2084 640 2287 715 μελέτη
2348 663 2474 716 μου.
2507 666 2538 696 ››
2569 673 2638 685 -ο
2668 639 2772 696 Κᾶν
2828 637 3040 713 θλίψεις
3101 635 3254 715 εὗρόν
3316 636 3386 711 μέ
3429 658 3582 710 ποτε,
3631 637 3727 696 κᾶν

2079 736 2394 808 πειρασμῶν
2454 731 2700 807 ἀνάγκαι,
2763 726 2964 802 μελέτη
3048 748 3152 802 μου
3209 728 3345 798 ἦσαν
3402 729 3458 783 αἱ
3515 727 3732 786 ἐντολαί

2079 843 2196 892 σου,
2285 825 2692 899 παρηγοροῦσαι
2773 817 2866 872 καὶ
2955 817 3020 872 τὸ
3095 815 3264 893 ἄλγος
3346 816 3728 897 ἐπικουφίζου-

2076 931 2186 968 σαι.

2149 1022 2180 1052 ‹‹
2211 997 2534 1069 Δικαιοσύνη
2607 998 2678 1054 τὰ
2761 993 3030 1072 μαρτύριά
3094 1015 3191 1050 σου
3247 995 3324 1058 εἰς
3379 995 3473 1052 τὸν
3530 995 3722 1052 αἰῶνα·

2075 1088 2348 1144 συνέτισόν
2395 1110 2482 1162 με,
2513 1087 2604 1143 καὶ
2654 1087 2914 1160 ζήσομαι.
2949 1107 2979 1136 ››
3008 1117 3079 1128 —-
3107 1083 3171 1139 Οἱ
3218 1083 3323 1160 γάρ
3383 1085 3461 1158 μὴ
3516 1107 3723 1141 συνετι-

2073 1179 2282 1241 σθέντες
2340 1175 2467 1233 οὐδὲ
2509 1171 2682 1239 ὅντως
2733 1178 2885 1248 ζῶσι,
2935 1171 3148 1252 φαύλην
3202 1177 3396 1244 ζῶντες
3460 1172 3550 1229 καὶ
3612 1171 3722 1230 διε-

2075 1265 2382 1341 ψευσμένην
2419 1267 2584 1336 ζωήν.

2145 1379 2174 1406 ‹‹
2205 1353 2496 1427 Ἐκέκραξα
2546 1351 2598 1408 ἐν
2657 1349 2761 1426 ὅλῃ
2815 1347 3012 1427 καρδίᾳ
3072 1370 3197 1423 μου,
3243 1347 3538 1405 ἐπάκουσόν
3592 1371 3720 1425 μου,

2072 1443 2252 1520 Κύριε
2311 1445 2378 1498 τά
2459 1438 2802 1514 δικαιώματά
2881 1460 2978 1494 σου
3063 1437 3369 1510 ἐκζητήσω·
3434 1462 3463 1490 ››
3531 1471 3600 1482 -
3669 1439 3719 1496 εἰ

2072 1532 2388 1595 ἐπακούσεις
2465 1553 2569 1606 μου
2646 1527 2975 1604 κεκραγότος
3049 1526 3100 1582 ἐν
3166 1524 3404 1602 θλίψεσι.
3461 1529 3714 1605 Κραυγήν

2073 1620 2130 1677 δὲ
2160 1619 2304 1698 λέγει
2355 1620 2637 1697 πρόθυμον
2693 1617 2784 1674 καὶ
2834 1617 3109 1694 ὁλοσχερῆ
3166 1615 3316 1672 τάσιν
3369 1621 3470 1686 τῆς
3529 1619 3718 1694 ψυχῆς

2070 1711 2208 1789 πρὸς
2241 1709 2392 1766 Θεόν.

2144 1823 2174 1853 ‹‹
2208 1799 2528 1878 Προέφθασα
2603 1796 2654 1853 ἐν
2724 1793 2904 1873 ἀωρίᾳ
2972 1794 3064 1850 καὶ
3121 1793 3398 1878 ἐκέκραξαο
3459 1793 3538 1856 εἰς
3592 1792 3721 1858 τοὺς

389 1910 418 1939 ‹‹
451 1881 780 1961 Ἐπίϐλεψον
855 1885 939 1941 ἐπ’
991 1885 1088 1961 ἐμὲ
1162 1887 1252 1994 ἰαὶ
1309 1886 1534 1959 ἐλέησόν
1589 1910 1657 1963 με
1712 1891 1848 1946 κατά
1899 1895 1964 1946 το
1997 1889 2272 1994 Βλόγους
2330 1877 2426 1944 σου
2479 1884 2780 1994 ἐπήλπισα.
2810 1905 2842 1993 10'
2875 1877 3446 1994 -ΙΙροὲλαέον’τὺν
3506 1877 3723 1994 ὄρθρονἔ

314 1981 488 2052 κρῖμα
530 1980 636 2030 τῶν
688 1976 1024 2050 ἀγαπώντων
1061 1977 1124 2032 τὸ
1172 1973 1347 2051 ὄνομά
1392 1999 1508 2033 σου.
1546 2003 1568 2030 ι
1599 2012 1668 2023 -
1715 1975 1968 2037 Ἐπίϐλε-

315 2068 416 2140 ψον
447 2064 527 2120 ἐπ’
560 2064 658 2138 ἐμὲ
685 2064 1080 2142 πειραζόμενον
1106 2067 1196 2120 καὶ
1248 2065 1472 2138 ἐλέησόν
1536 2088 1624 2142 με,
1681 2070 1817 2124 κατὰ
1869 2068 1962 2124 τὸν

315 2151 442 2230 ὅρον
501 2152 561 2208 ’ὀν
616 2150 794 2216 διέθου
848 2157 966 2215 τοῖς
1004 2152 1254 2227 ἀγαπῶσί
1287 2174 1364 2227 σε,
1403 2155 1585 2231 κρίνας
1645 2153 1814 2212 ἐλεεῖν
1869 2157 1964 2212 αύ-

311 2240 461 2311 τοὺς,
491 2241 582 2295 καὶ
617 2239 828 2314 μᾶλλον
860 2239 985 2296 ὅταν
1016 2239 1146 2296 ὦσιν
1207 2240 1260 2297 ἐν
1309 2249 1654 2320 πειρασμοῖς,
1685 2246 1777 2300 καὶ
1829 2246 1965 2322 βοη-

316 2334 426 2393 θεῖν
458 2329 665 2392 αὐτοῖς.

385 2442 415 2470 ‹‹
444 2418 520 2473 Τὰ
566 2413 879 2492 διαϐήματά
933 2440 1038 2492 μου
1093 2419 1414 2484 κατεύθυνον
1479 2421 1616 2476 κατά
1663 2423 1726 2477 τὸ
1775 2420 1962 2500 λόγιόν

314 2528 434 2577 σου,
465 2508 556 2562 καὶ
609 2508 684 2581 μὴ
735 2508 1205 2582 κατακυριευσάτω
1276 2531 1381 2583 μου
1453 2517 1597 2565 πᾶσα
1664 2511 1880 2585 ἀνομία.
1934 2536 1963 2565 ››

312 2628 384 2639 —
413 2598 529 2665 Τὴν
579 2594 859 2652 πολιτείαν
911 2619 1016 2670 μου
1067 2594 1240 2662 ἴθυνον
1291 2599 1428 2654 κατὰ
1483 2620 1574 2654 τον
1620 2598 1790 2674 νόμον
1842 2623 1960 2674 σου,

308 2685 509 2758 καὶμὴ
558 2691 723 2758 πᾶσα,
752 2687 1000 2742 τουτέστι
1048 2684 1190 2760 μηδὲ
1241 2687 1340 2760 μία
1374 2685 1845 2744 καταδουλωσάτω
1897 2711 1965 2763 με

308 2771 494 2829 ἀδικία
525 2772 665 2830 ὥστε
692 2781 920 2845 ποιῆσαι
951 2773 1138 2845 αὐτήν.

383 2888 413 2915 ‹‹
442 2865 513 2919 Τὸ
542 2863 837 2940 πρόσωπόν
870 2885 966 2919 σου
997 2862 1252 2942 έπίφανον
1304 2863 1392 2919 ἐπὶ
1441 2865 1533 2920 τὸν
1594 2862 1790 2922 δοῦλόν
1843 2888 1962 2939 σου,

308 2947 400 3005 καὶ
432 2947 643 3022 δίδαξόν
679 2971 747 3024 με
801 2951 869 3005 τὰ
925 2947 1269 3024 δικαιώματά
1325 2973 1442 3009 σου.
1478 2976 1507 3004 ››
1538 2985 1606 2996 -
1661 2953 1961 3031 Πρόσωπον

311 3043 447 3095 Θεοῦ
478 3059 638 3116 φησιν
674 3040 703 3094 6
732 3041 1025 3118 προφήτης
1053 3041 1151 3108 τήν
1184 3039 1325 3095 θείαν
1359 3040 1684 3114 ἐπισκοπήν.

384 3168 413 3198 ‹‹
447 3142 727 3218 Διεξόδους
775 3142 985 3200 ὐδάτων
1039 3140 1338 3217 κατέϐησαν
1389 3147 1442 3201 οἰ
1499 3146 1775 3226 ὀφθαλμοί
1834 3170 1960 3223 μου,

313 3233 430 3289 ἐπεὶ
482 3233 582 3289 οὐκ
607 3232 846 3311 ἐφύλαξα
880 3234 972 3289 τὸν
1021 3235 1191 3306 νόμον
1221 3255 1337 3292 σου.
1369 3259 1401 3288 ››
1423 3268 1494 3279 -
1541 3235 1781 3308 Διέξοδοι
1833 3236 1961 3294 ὑδά-

307 3343 416 3378 των
475 3323 530 3377 αἱ
578 3320 849 3400 χαράδραι
893 3323 985 3378 καὶ
1032 3323 1099 3377 τὰ
1143 3321 1486 3397 κοιλώματα.
1520 3326 1695 3396 Φησὶν
1741 3323 1834 3381 οῦν
1875 3325 1960 3382 ὅτι

310 3411 646 3484 ΚοιΛώματα
698 3410 1120 3485 ὑπεισήλθοσαν,
1179 3408 1347 3488 ἤγουν
1407 3412 1798 3486 ἐκοιλάνθησαν
1868 3413 1957 3470 καί

307 3499 573 3571 ἐτάκησαν
602 3500 654 3554 0':
706 3499 984 3578 ὀφθαλμοί
1048 3521 1154 3574 μου
1211 3498 1427 3571 πλῆθος
1479 3499 1724 3579 δακρύων
1785 3503 1956 3583 ἀποῤ-

306 3588 542 3666 ῥέοντες,
575 3586 714 3645 διότι
747 3588 849 3644 οὐκ
877 3587 1141 3668 ἐφύλαξαν
1171 3589 1264 3644 τὸν
1301 3589 1470 3664 νόμον
1526 3613 1622 3647 σου
1677 3593 1730 3646 οἱ
1784 3613 1958 3666 παρα-

301 3683 616 3753 νομοῦντες·
676 3679 870 3754 γνώμῃ
926 3679 1031 3756 γάρ
1112 3679 1501 3755 συμπαθητικῇ
1555 3680 1685 3744 τοὺς
1733 3680 1956 3747 ἀθλίους

304 3765 572 3823 ἀπεκλαιό
581 3789 713 3841 μην.

379 3855 721 3912 «Ἐνετείλω
797 3855 1146 3928 δικαιοσύνην
1213 3859 1281 3914 τὰ
1359 3858 1629 3937 μαρτύριά
1701 3881 1820 3931 σου,
1866 3861 1957 3916 καὶ

305 3943 566 4014 ἀλήθειαν
615 3942 843 4022 σφόδρα.
895 3969 924 3997 ››
976 3945 1312 4021 Προσέταξας
1378 3950 1475 4012 τάς
1547 3947 1772 4012 ἐντολάς
1833 3963 1956 4024 σου,

304 4029 472 4107 ἤγουν
501 4030 683 4101 ἐξέθου
710 4033 802 4087 τὸν
839 4033 1010 4107 νόμον
1068 4056 1188 4107 σου,
1222 4033 1568 4108 δικαιοσύνην
1627 4037 1960 4114 αὐτόχρημα

304 4119 395 4175 καὶ
425 4119 682 4191 ἀλήθειαν
693 4163 706 4177 .

379 4233 408 4262 ‹‹
439 4207 686 4280 Ἐξέτηξέ
745 4231 813 4283 με
860 4210 888 4264 6
924 4208 1094 4280 ζῆλός
1145 4233 1263 4287 σου,
1323 4213 1406 4270 6'1:
1465 4213 1792 4271 ἐπελάθοντο
1848 4221 1955 4272 τῶν

306 4296 490 4374 λόγων
522 4319 618 4352 σου
649 4299 702 4352 οἱ
734 4297 924 4376 ἐχθροί
958 4321 1083 4374 μου.
1120 4325 1142 4354 ιι
1179 4335 1247 4345 -
1279 4303 1601 4374 Ἐκτακῆναί
1655 4326 1725 4378 με
1769 4305 1959 4377 ἐποίη-

306 4407 391 4442 σεν
449 4387 582 4462 ὑπὲρ
658 4391 754 4442 σοῦ
835 4385 1018 4444 δικαία
1077 4389 1241 4467 ὀργῆ,
1297 4395 1810 4470 καταφρονουμένου
1873 4394 1956 4450 ὅτι

306 4474 634 4532 ἐπελάθοντο
662 4481 771 4532 τῶν
797 4476 1033 4534 ἐντολῶν
1067 4501 1164 4535 σου
1193 4481 1246 4535 οἱ
1277 4477 1346 4536 δι’
1393 4480 1524 4536 αὐτὸ
1576 4486 1739 4538 τοῦτο
1769 4482 1960 4560 ἐχθροί

311 4585 439 4639 μου.

2079 1981 2248 2052 μήπω
2297 1984 2397 2049 τῆς
2455 1974 2600 2054 ὥρας
2659 1973 2972 2045 ἐπιστάσης,
3009 1974 3127 2028 καθ’
3179 1973 3241 2043 ἢν
3301 1971 3606 2028 ἀνίστανται
3672 1973 3726 2028 οἱ

2075 2066 2371 2144 ἅνθρωποι,
2401 2067 2492 2122 καὶ
2523 2065 2778 2141 ἐκέκραξα
2805 2061 2942 2139 πρός
2975 2081 3054 2118 σε.

2149 2197 2177 2227 ι(
2211 2173 2564 2252 ΙΙροέφθασαν
2594 2171 2648 2227 οἱ
2687 2167 2964 2247 ὀφθαλμοί
3023 2188 3128 2242 μου
3183 2166 3319 2244 πρὸς
3371 2165 3566 2244 ὄρθρον
3625 2170 3725 2223 τοῦ

2079 2260 2306 2336 μελετᾷν
2359 2263 2422 2318 τὸ
2467 2261 2633 2338 λόγιά
2675 2280 2790 2315 σου.
2822 2279 2850 2313 ι
2885 2291 2955 2300 —
2982 2255 3301 2333 ΙῙροέλαλον
3353 2257 3406 2311 οἱ
3443 2254 3723 2333 ὀφθαλμοί

2077 2373 2183 2426 μου
2209 2353 2309 2420 τὴν
2342 2351 2552 2426 ἡμέραν
2579 2349 2716 2426 πρὸς
2767 2347 2953 2424 καιρὸν
3013 2340 3234 2424 ὄρθρου,
3267 2343 3404 2402 ὥστε
3459 2344 3724 2422 ἀναγινώ-

2071 2461 2214 2496 σκειν
2245 2441 2337 2494 τὸν
2366 2439 2533 2512 νόμον
2567 2459 2682 2493 σου.

2147 2552 2176 2582 ‹‹
2203 2532 2310 2599 Τῆς
2368 2535 2552 2607 φωνῆς
2604 2548 2710 2601 μου
2770 2523 3022 2594 ἄκουσον,
3053 2523 3236 2598 Κύριε,
3269 2523 3406 2578 κατά
3441 2523 3506 2578 16
3561 2519 3719 2587 ἓλεός

2073 2639 2190 2691 σου,
2241 2617 2396 2674 κατά
2431 2618 2494 2672 τὸ
2549 2613 2723 2693 κρῖμά
2772 2636 2868 2669 σου
2928 2611 3090 2684 ζῆσόν
3151 2633 3238 2687 με.
3272 2634 3302 2664 ››
3331 2643 3403 2655 --
3441 2610 3719 2686 Έννόμως

2075 2711 2171 2782 ζῇν
2208 2728 2275 2781 με
2302 2706 2556 2777 ποίησον.

2146 2798 2590 2872 «Προσήγγισαν
2649 2795 2702 2850 οἱ
2757 2788 3186 2854 καταδιώκοντές
3245 2809 3313 2864 με
3358 2789 3580 2864 ἀνομίᾳ’
3612 2789 3721 2847 ἀπὸ

2073 2883 2132 2941 δὲ
2186 2891 2284 2941 τοῦ
2339 2884 2514 2959 νόμου
2560 2905 2655 2939 σου
2706 2879 3136 2958 ἐμακρύνθησαν.
3201 2902 3232 2932 ››
3289 2911 3360 2922 —-
3406 2881 3564 2936 Ὅσον
3615 2880 3721 2958 γὰρ

2074 2975 2348 3053 ἐγγίζουσι
2431 2974 2503 3047 τῇ
2585 2970 2805 3045 ἀνομίᾳ,
2873 2973 3132 3026 τοσοῦτον
3220 2967 3550 3046 μακρύνουσι
3590 2971 3724 3052 ,τοῦ

2070 3065 2246 3139 νόμου
2275 3085 2390 3120 σου.

2145 3177 2175 3207 ››
2207 3152 2400 3231 Ἐγγὺς
2461 3151 2527 3224 εἰ,
2560 3150 2743 3228 Κύριε,
2774 3147 2865 3205 καί
2921 3153 3088 3204 πᾶσαι
3141 3147 3196 3202 αἱ
3252 3143 3371 3202 ὁδοί
3428 3166 3545 3218 σου,
3586 3143 3724 3216 ἀλή-

2072 3245 2208 3300 θεια.
2261 3266 2290 3294 ››
2348 3275 2416 3285 -
2472 3239 2665 3316 Ἐγγὺς
2729 3238 2794 3294 εἰ·
2848 3240 3132 3312 πανταχοῦ
3215 3236 3320 3311 γάρ
3390 3235 3573 3310 πάρει,
3627 3232 3721 3290 καὶ

2075 3329 2321 3387 λανθάνει
2393 3333 2503 3384 τῶν
2578 3325 2964 3405 πραττομένων
3043 3321 3220 3380 οὐδέν’
3271 3320 3357 3378 διὸ
3430 3328 3598 3378 πᾶσαι
3661 3322 3722 3378 αἱ

2067 3419 2269 3495 κρίσεις
2299 3441 2396 3474 σου
2426 3414 2698 3492 ἀψευδεῖς.

2145 3533 2167 3560 α
2203 3508 2330 3563 Κατ’
2372 3507 2546 3584 ἀρχάς
2602 3503 2772 3580 ἔγνων
2833 3503 2893 3558 ἐκ
2945 3507 3052 3558 τῶν
3119 3501 3428 3579 μαρτυρίων
3483 3521 3601 3573 σου,
3632 3500 3716 3556 ὅτι

2069 3597 2146 3660 εἰς
2202 3597 2293 3652 τὸν
2353 3595 2527 3650 αἰῶνα
2582 3591 2951 3668 ἐθεμελίωσας
3008 3589 3162 3648 αὐτά.
3196 3613 3226 3642 ››
3275 3621 3346 3632 -
3403 3589 3490 3660 Ἐξ
3533 3589 3716 3665 ἀρχῆς

2065 3687 2157 3742 καὶ
2212 3685 2272 3741 ἐκ
2326 3683 2634 3760 προοιμίων
2695 3680 2866 3758 ἔγνων
2913 3679 2996 3736 ὅτι
3072 3676 3342 3736 ἀσάλευτα
3412 3677 3716 3748 πεποίηκας

2065 3777 2134 3832 10‘:
2189 3771 2494 3847 έντάλματά
2553 3792 2668 3826 σου·
2727 3770 2826 3826 κᾶν
2883 3771 2988 3845 γὰρ
3046 3769 3196 3844 παρά
3247 3771 3346 3822 τοῦ
3384 3763 3719 3842 Εὐαγγελίου

2066 3860 2430 3931 καταλυθῆναι
2488 3859 2556 3915 τὰ
2605 3856 2785 3916 πλείω
2859 3862 2958 3914 τοῦ
3029 3856 3198 3931 νόμου
3256 3853 3413 3928 δοκῇ,
3469 3853 3598 3910 ἀλλ’
3655 3852 3720 3908 οὗ

2067 3951 2204 4006 κατά
2255 3951 2348 4006 τὸν
2405 3945 2835 4026 ἐγκεκρυμμένον
2894 3949 3038 4016 νοῦν,
3100 3943 3238 4000 κατᾶ
3293 3940 3352 3998 δὲ
3403 3942 3468 3998 τὸ
3537 3939 3722 4020 φαινό-

2071 4061 2227 4112 μενον
2285 4039 2376 4093 καὶ
2429 4034 2679 4099 σκιῶδες.
2726 4037 2935 4111 Ἔγνων
2988 4030 3066 4106 δέ,
3098 4031 3254 4110 φησὶ,
3308 4031 3372 4086 τὸ
3423 4027 3718 4085 ἀσάλευτον

2067 4132 2174 4183 τῶν
2232 4132 2338 4182 σῶν
2396 4124 2634 4181 ἐντολῶν
2696 4123 2748 4195 ἐξ
2805 4121 2974 4193 αὐτῆς
3016 4127 3118 4191 τῆς
3160 4123 3270 4176 τῶν
3325 4117 3561 4175 ἐντολῶν
3614 4137 3721 4192 μου

2071 4213 2304 4291 μελέτης
2332 4213 2422 4270 καὶ
2452 4212 2835 4287 καταλήψεως.

2139 4329 2168 4357 ‹‹
2201 4309 2391 4379 Κρῖνον
2446 4303 2547 4372 τὴν
2598 4301 2774 4376 κρίσιν
2827 4321 2955 4374 μου,
3004 4297 3094 4354 καὶ
3143 4294 3422 4374 λύτρωσαί
3473 4315 3561 4370 με.
3592 4318 3720 4348 »—

2068 4395 2185 4464 Τὴν
2222 4393 2356 4468 μετά
2381 4395 2490 4448 τῶν
2521 4387 2914 4465 πολεμούντων
2951 4409 3045 4462 μοι
3075 4385 3249 4464 κρίσιν
3285 4406 3412 4460 μου.

2139 4525 2169 4554 ‹‹
2199 4501 2298 4556 Διά
2323 4499 2416 4555 τὸν
2449 4496 2612 4575 λόγον
2645 4517 2744 4552 σου
2776 4494 2940 4566 ζῆσόν
2975 4515 3062 4568 με.
3095 4516 3126 4546 ››
3157 4524 3228 4536 -
3265 4491 3366 4547 Διά
3407 4489 3499 4547 τὸν
3542 4488 3714 4564 νόμον

2067 4612 2164 4646 σου
2224 4586 2568 4660 ζωοποίησόν
2631 4607 2717 4660 με,
2781 4582 2849 4641 δι’
2899 4584 2960 4639 δν
3023 4581 3320 4639 κινδυνεύω
3403 4579 3716 4653 ἀποθανεῖν,

380 4677 410 4706 ‹‹
444 4656 849 4754 Πεπυρωμένον
877 4656 959 4754 τὸ⁸
983 4655 1175 4754 λόγιόν
1216 4679 1313 4714 σου
1366 4656 1596 4754 σφόδρα,
1627 4660 1717 4754 καὶ
1764 4662 1793 4716 6
1827 4658 1960 4754 606-
1991 4662 2038 4726 D
2069 4681 2105 4750 ἢ
2166 4655 2255 4734 διά
2307 4679 2407 4747 τήν
2458 4655 2761 4754 ⁷ὑ-πεςσι-ὶεοξίν
2829 4694 2947 4745 σου,
3005 4673 3186 4738 καθὼς
3244 4667 3466 4747 εἴρηκας
3522 4669 3715 4739 σώζειν

308 4737 406 4805 λός
437 4763 534 4798 σου
563 4743 846 4820 ἠγάπησεν
901 4745 1053 4804 αύτό.
1099 4771 1120 4799 ιι
1157 4781 1226 4790 --
1282 4737 1522 4822 Καθαρὸς
1580 4746 1701 4804 λίαν
1760 4751 1960 4824 μώμου

309 4832 511 4894 παντὸς
541 4833 570 4886 6
601 4832 770 4907 νόμος
803 4853 901 4889 σου
931 4834 1020 4890 καὶ
1050 4831 1378 4908 ἀκίϐδηλος.

381 4944 411 4971 ‹‹
443 4920 721 4996 Νεώτερος
772 4921 883 4998 ἐγώ
927 4921 1040 4996 εἰμι
1104 4925 1193 4979 καὶ
1256 4923 1699 5000 ἐξουδενωμένος·
1759 4926 1824 4981 τὰ
1878 4924 1958 4982 δι-

307 5009 598 5080 καιώματά
654 5031 751 5066 σου
811 5010 911 5067 οὐκ
960 5011 1328 5087 ἐπελαθόμην.
1364 5039 1391 5067 ››
1442 5049 1510 5056 -
1569 5014 1897 5091 Εὐχαριστεῖ
1934 5019 1963 5072 ὁ

309 5094 473 5151 Δαυῒδ
530 5102 610 5169 τῷ
664 5103 804 5172 Θεῷ,
864 5101 997 5176 ὑπὲρ
1057 5101 1121 5155 οὗ
1177 5103 1443 5179 νεώτερος
1519 5100 1592 5157 ὢν
1641 5108 1750 5159 τῶν
1798 5105 1964 5160 αὐτοῦ

305 5181 582 5263 ἀδελφῶν,
641 5188 734 5242 καὶ
793 5187 1165 5260 ἐξουδενωθεὶς
1219 5191 1366 5267 παρὰ
1419 5196 1516 5246 τοῦ
1573 5193 1776 5269 πατρὸς
1836 5194 1966 5250 ἐνώ-

307 5292 434 5327 πιον
486 5270 788 5347 Σαμουὴλ,
856 5277 1228 5351 ἐμνημόνευσε
1300 5284 1408 5334 τῶν
1483 5280 1641 5344 θείων
1727 5281 1964 5338 ἐντολῶν

306 5362 458 5436 παρὰ
482 5361 684 5425 πάντας
711 5364 841 5428 τοὺς
869 5365 1258 5442 προκριθέντας
1288 5367 1474 5424 αὐτοῦ.

388 5470 510 5524 «Ἡ
566 5467 878 5544 δικαιοσύνη
937 5495 1036 5528 σου
1093 5471 1408 5546 δικαιοσύνη
1469 5475 1545 5539 εἰς
1600 5478 1692 5532 τὸν
1771 5478 1964 5552 αἰῶνα,

313 5558 406 5614 καὶ
438 5559 467 5613 6
494 5557 660 5632 νόμος
689 5582 786 5616 σου
815 5560 1067 5633 ἀλήθεια.
1104 5587 1128 5616 υ
1161 5595 1232 5606 —-
1261 5565 1322 5618 Ἡ
1373 5562 1568 5635 ἐντολή
1617 5583 1718 5621 σου
1767 5565 1969 5623 δικαιοῖ

316 5647 557 5711 αἰωνίως
612 5649 706 5704 τὸν
760 5651 960 5722 ταύτην
1017 5651 1376 5727 φυλάσσοντα,
1419 5652 1507 5708 καὶ
1567 5651 1665 5708 ὅσα
1722 5656 1751 5710 6
1795 5656 1968 5728 νόμος

317 5757 416 5794 σου
446 5736 835 5817 ἐπαγγέλλεται
864 5745 1120 5818 τηροῦσιν
1152 5740 1332 5817 αὐτὸν,
1364 5739 1572 5818 ἀψευδῆ
1602 5743 1726 5801 εἶσι.

2072 4766 2199 4830 τοὺς
2225 4770 2612 4843 τυραννοῦντας
2641 4765 2733 4820 τὸν
2765 4762 2932 4836 νόμον
2965 4781 3085 4817 σου.

2146 4880 2174 4908 ‹‹
2207 4841 2420 4912 Πολλοὶ
2451 4855 2503 4910 οἱ
2536 4850 2888 4913 ἐκδιωκοντές
2933 4871 3000 4923 με
3056 4848 3147 4904 καὶ
3202 4841 3481 4908 θλίϐοντές
3543 4866 3630 4920 με,
3657 4842 3719 4900 ἐκ

2070 4950 2176 5000 τῶν
2238 4945 2543 5021 μαρτυρίων
2605 4964 2701 4998 σου
2757 4941 2858 4997 οὐκ
2913 4939 3178 5011 ἐξέκλινα.
3231 4961 3261 4990 »
3309 4969 3376 4978 —--
3436 4935 3538 4990 Κᾶν
3589 4932 3724 4990 πολ-

2073 5033 2164 5090 λοὶ
2197 5033 2384 5108 ὁρατοί
2411 5054 2470 5088 τε
2496 5032 2586 5088 καὶ
2633 5030 2855 5108 ἀόρατοι
2919 5026 3110 5104 ἐχθροὶ
3164 5023 3539 5100 κατατρέχωσί
3596 5043 3722 5096 μου,

2074 5122 2200 5179 ἀλλ’
2257 5120 2480 5197 ἴσχυσαν
2540 5118 2788 5182 οὐδόλως
2847 5123 2945 5173 τοῦ
2999 5115 3174 5190 νόμου
3231 5135 3329 5170 σου
3387 5109 3723 5189 παρατρέψαι

2121 5233 2164 5268 ε.

2121 5235 2164 5268 ε.

2078 5235 2118 5286 μ
2151 5323 2174 5353 ι
2209 5297 2370 5355 Εἶδον
2456 5300 2836 5359 ἀσυνετοῦντας
2913 5293 3004 5349 καὶ
3091 5291 3446 5365 ἐξετηκομην,
3505 5287 3591 5345 ὅτι
3660 5287 3731 5342 τὰ

2076 5388 2244 5464 λόγιά
2297 5409 2393 5442 σου
2446 5387 2546 5443 οὐκ
2603 5385 2956 5463 ἐφυλάξαντο.
2999 5406 3029 5436 ››
3082 5413 3151 5426 —
3201 5383 3288 5452 Τῷ
3344 5376 3502 5451 ζήλῳ
3555 5397 3728 5446 κατη-

2073 5469 2327 5551 σθιόμην
2362 5477 2724 5551 ἀθετουμένου
2780 5474 2885 5530 ὑπὸ
2937 5475 3046 5528 τῶν
3091 5467 3343 5547 ἀφρόνων
3383 5470 3484 5523 τοῦ
3545 5464 3725 5540 νόμου

2077 5589 2193 5624 σου.

2152 5679 2181 5708 ‹‹
2213 5656 2393 5731 Ἀρχὴ
2423 5660 2530 5710 τῶν
2565 5654 2747 5731 λόγων
2780 5673 2876 5708 σου
2907 5649 3138 5722 ἀλήθεια
3165 5646 3256 5703 καὶ
3286 5645 3365 5710 εἰς
3413 5646 3505 5701 τὸν
3553 5643 3728 5699 αἰῶνα

2080 5746 2253 5800 πάντα
2299 5747 2368 5800 τὰ
2414 5744 2654 5821 κρίματα
2705 5746 2804 5814 τῆς
2854 5739 3198 5812 δικαιοσύνης
3248 5758 3364 5792 σου.
3400 5759 3429 5788 »
3459 5767 3528 5779 —
3558 5733 3658 5790 Καὶ
3686 5733 3727 5805 ἦ
