4066 6470
339 452 489 518 1591

1590 456 2013 520 NICEPHORI
2059 455 2497 521 BLEMMIDE

335 581 529 657 πρώτη
580 579 729 662 ἂρχή
777 584 886 640 τῶν
939 578 1122 662 λόγων
1171 586 1267 642 σου
1315 583 1576 660 ἀψευδὴς,
1621 587 1710 643 καὶ
1773 587 1984 643 αἰώνιοι
2016 590 2070 656 Α

3589 457 3766 522 1592

2171 611 2200 639 ‹‹
2232 587 2376 661 Πρὸς
2435 585 2630 664 Κύριον
2686 585 2738 644 ἐν
2796 583 2877 661 τῷ
2963 582 3242 656 θλίϐεσθαί
3322 612 3390 667 με
3471 590 3765 668 ἐκέκραξα,

336 677 500 727 πᾶσαι
557 674 613 728 αἱ
671 673 999 752 ἀποφάνσεις
1065 697 1182 732 σου.
1246 700 1275 730 ››
1326 678 1430 740 Τὰς
1493 678 1629 733 κατὰ
1695 679 1881 754 καιρὸν
1926 675 1984 732 δέ
2090 677 2182 731 καὶ
2231 676 2514 748 εἰσήκουσέ
2567 698 2690 751 μου.
2742 701 2772 730 ››
2803 709 2870 722 —
2902 679 2990 733 ’Ev
3039 683 3106 753 τῇ
3163 678 3348 755 θλίψει
3405 688 3506 753 τῆς
3538 681 3764 757 αἰχμα-

337 761 482 824 θείας
513 761 837 839 ἐπαγγελίας
870 763 1032 840 φησίν
1044 807 1057 820 .

411 875 441 903 ‹‹
477 853 775 928 Ἄρχοντες
821 850 1145 927 κατεδίωξάν
1204 875 1272 928 με
1310 853 1537 930 δωρεὰν,
1585 855 1676 911 καὶ
1722 856 1830 912 ἀπὸ
1875 862 1981 912 τῶν

339 935 523 1015 λόγων
556 961 651 996 σου
683 939 976 998 ἐδειλίασεν
1009 945 1044 1012 ἡ
1091 941 1285 1020 καρδία
1334 966 1461 1017 μου.
1494 968 1522 997 ››
1556 979 1625 988 -
1656 943 1885 1008 Ἀδίκως
1933 948 1984 1001 οἱ

337 1028 602 1103 πολέμιοι
646 1028 981 1108 κατέδραμόν
1047 1051 1174 1106 μου·
1219 1033 1344 1089 ἀλλ’
1393 1033 1498 1111 ἐγὼ
1551 1031 1847 1113 ἐφειδόμην
1897 1034 1987 1091 αύ-

337 1122 468 1188 τῶν,
492 1117 588 1182 τὰς
618 1120 716 1182 σας
746 1115 1086 1199 φοϐούμενος
1117 1120 1360 1185 ἐντολάς.

411 1230 440 1260 ››
473 1207 910 1283 Ἀγαλλιάσομαι
953 1209 1058 1286 ἐγὼ
1105 1209 1192 1266 ἐπὶ
1238 1213 1307 1267 τά
1354 1211 1514 1288 λόγιά
1562 1234 1678 1286 σου,
1709 1215 1786 1276 ὡς
1832 1214 1861 1268 6
1900 1213 1986 1269 εύ-

342 1292 539 1371 ρίσκων
573 1295 745 1352 σκῦλα
772 1295 977 1355 πολλά.
1013 1322 1041 1350 ››
1070 1332 1140 1343 -
1182 1325 1212 1352 α
1253 1297 1541 1374 Πολεμίων
1591 1302 1845 1376 μνησθεὶς
1897 1303 1988 1359 καὶ

342 1383 557 1442 σκύλων
590 1385 858 1458 ἐμνήσθη.

414 1498 445 1526 ‹‹
479 1476 732 1538 Ἐπτάκις
773 1483 874 1546 τῆς
922 1477 1134 1552 ἡμέρας
1182 1475 1349 1554 ᾔνεσά
1403 1502 1460 1535 σε
1507 1480 1595 1536 ἐπὶ
1636 1483 1705 1538 τά
1751 1481 1990 1558 κρίματα

344 1567 444 1634 τῆς
503 1562 850 1638 δικαιοσύνης
904 1589 1019 1622 σου.
1079 1592 1101 1619 ι
1161 1601 1231 1612 -—
1284 1569 1563 1634 Πολλάκις
1618 1579 1721 1643 τῆς
1777 1573 1989 1650 ἡμέρας

345 1652 564 1728 ὕμνησά
593 1676 672 1722 σε,
705 1651 794 1710 διὰ
815 1657 913 1719 τάς
940 1655 1274 1720 δικαιώσεως
1303 1660 1526 1736 κρίσεις.

421 1765 445 1796 ι
478 1742 683 1820 Εἰρήνη
734 1743 922 1815 πολλή
969 1751 1088 1810 τοῖς
1136 1747 1382 1824 ἀγαπῶσι
1431 1751 1523 1805 τὸν
1551 1751 1722 1825 νόμον
1753 1773 1870 1821 σου,
1901 1775 1993 1809 και

345 1828 445 1886 οὐκ
472 1828 612 1886 ἔστιν
640 1831 824 1895 αὐτοῖς
853 1831 1175 1893 σκάνδαλον.
1211 1860 1240 1888 ››
1269 1869 1339 1880 -—-
1369 1839 1510 1915 Πρὸς
1553 1839 1681 1895 Θεὸν
1731 1841 1820 1896 καὶ
1863 1842 1990 1906 τοὺς

2094 763 2297 827 λωσίας
2337 765 2427 820 καὶ
2469 772 2570 836 τῆς
2618 766 2815 822 ἐκεῖθεν
2869 768 3250 832 κακοπαθείας.
3292 769 3466 843 Νόμῳ
3516 767 3577 825 δὲ
3619 790 3770 845 προ-

2094 853 2319 932 φητείας
2368 855 2443 917 ὡς
2491 853 2914 929 παρεληλυθότα
2961 855 3106 933 λέγει
3148 858 3214 912 τὰ
3249 857 3541 931 μέλλοντα.
3577 865 3772 936 Προσ-

2095 943 2233 1017 ώπῳ
2255 941 2312 998 δέ
2340 948 2438 999 τοῦ
2469 939 2848 1022 εὐσεϐεστέρου
2884 946 3082 1022 μέρους
3115 947 3166 1001 οἱ
3199 946 3378 1024 λόγοι.

2170 1055 2199 1084 ‹‹
2229 1032 2410 1106 Κύριε,
2446 1032 2600 1108 ῥῦσαι
2647 1033 2747 1102 τὴν
2802 1036 2990 1109 ψυχήν
3039 1056 3144 1109 μου
3195 1035 3302 1091 ἀπὸ
3347 1034 3583 1113 χειλέων
3635 1033 3769 1091 ἀδί-

2094 1141 2203 1175 κων
2261 1123 2352 1176 καὶ
2402 1122 2507 1176 ἀπὸ
2554 1120 2812 1197 γλώσσης
2875 1120 3087 1186 δολίας.
3131 1148 3160 1176 ››
3210 1158 3279 1169 -—
3327 1124 3525 1181 Ἀδικα
3579 1124 3765 1202 χείλη

2093 1215 2291 1273 κοινῶς
2351 1211 2444 1283 μέν
2494 1208 2667 1266 πάντα
2721 1213 2789 1266 τά
2841 1211 3134 1288 παράνομά
3187 1235 3245 1268 τε
3273 1215 3362 1269 καὶ
3423 1212 3764 1293 βλάσφημα,

2098 1297 2252 1362 ἰδίως
2312 1297 2369 1355 δὲ
2413 1299 2481 1355 τὰ
2523 1305 2630 1356 τῶν
2682 1301 3179 1379 συκοφαντούντων·
3221 1300 3448 1378 γλῶσσα
3492 1301 3551 1359 δὲ
3593 1301 3770 1359 δολία

2095 1389 2131 1458 ἢ
2179 1410 2240 1443 τε
2285 1389 2458 1444 αὐτῶν
2508 1389 2715 1445 τούτων
2765 1390 2856 1445 καὶ
2905 1389 3092 1454 ἷδικῶς
3121 1394 3156 1462 ἡ
3201 1396 3308 1447 τῶν
3360 1388 3770 1448 ἐπιϐουλευόν-

2095 1499 2223 1534 ταημ

2174 1567 2291 1622 «Τί
2354 1567 2538 1640 δοθείη
2625 1591 2710 1624 σοι
2787 1569 2877 1624 καὶ
2938 1569 2990 1624 τί
3053 1570 3373 1646 προστεθείη
3454 1591 3539 1626 σοι
3615 1573 3770 1646 πρὸς

2100 1659 2351 1734 γλῶσσαν
2399 1656 2629 1727 δολίαν;
2666 1682 2694 1709 ››
2725 1691 2794 1702 -
2842 1659 2986 1734 Πρὸς
3031 1657 3127 1714 τὰν
3174 1659 3486 1714 ἱκετεύοντα
3530 1660 3705 1737 φησὶν
3740 1661 3771 1714 6

2102 1750 2420 1826 Προφήτης
2479 1746 2540 1802 Τί
2600 1744 2885 1819 δοθήσεταί
2943 1769 3029 1802 σοι
3086 1749 3443 1825 ἀμυντήριον,
3474 1747 3771 1819 τεθήσεταί

2103 1858 2187 1891 σοι
2245 1835 2384 1913 πρὸς
2439 1841 2686 1891 τοιοῦτον
2764 1842 2993 1912 πρᾶγμα
3069 1833 3597 1913 δυσκαταγώνιστον,
3659 1838 3768 1905 τὴν

346 1919 642 1997 ὁμογενεῖς.
704 1920 1015 1980 Σκάνδαλον
1100 1922 1156 1980 δὲ
1237 1923 1382 2002 λέγει
1457 1929 1520 1983 τὸ
1603 1929 1994 2006 πρόσκρουσμα
2023 1958 2071 2024 Β
2101 1925 2351 2002 γλῶσσαν
2401 1927 2500 1995 τήν
2553 1923 2778 2001 δολεράν
2944 1924 3157 2024 πάντως
3209 1923 3362 2024 οὐδέν
3415 1927 3768 2004 ἀνθρώπινον

346 2009 436 2065 καὶ
466 2012 529 2066 τὸ
560 2009 821 2086 ἐμπόδιον
848 2020 948 2084 τῆς
980 2011 1322 2085 δηλωθείσης
1355 2015 1599 2092 εἰρήνης.

418 2125 448 2154 ‹‹
480 2100 750 2180 Ἐφύλαξα
821 2104 918 2166 τὰς
997 2102 1216 2167 ἐντολάς
1283 2126 1378 2160 σου
1437 2106 1527 2162 καὶ
1595 2109 1662 2163 τά
1729 2109 1996 2186 μαρτύριά

345 2212 463 2249 σου.
498 2215 527 2243 ››
557 2225 627 2236 -
672 2193 962 2267 Ἠγάπησοί
997 2192 1216 2267 ταύτας,
1260 2191 1352 2249 ’ίνα
1392 2192 1523 2270 ἔλθῃ
1576 2219 1668 2271 μοι
1716 2199 1778 2253 τὸ
1825 2219 1992 2276 προσ-

345 2279 678 2355 δοκώμενον.

415 2394 445 2423 (ι
476 2372 596 2426 ’Ὀτι
644 2375 812 2426 πᾶσαι
849 2370 904 2424 αἱ
952 2367 1071 2425 ὁδοί
1122 2392 1227 2444 μου
1280 2372 1514 2429 ἐναντίον
1563 2397 1682 2444 σου,
1729 2377 1910 2452 Κύριε.
1961 2402 1991 2432 ››

341 2491 412 2502 ....
460 2456 645 2515 Δί’τιον
693 2466 795 2529 τῆς
845 2458 1094 2538 φυλακῆς
1145 2459 1343 2532 αὐτῶν,
1396 2462 1479 2518 ὅτι
1529 2464 1632 2519 ὑπὸ
1698 2466 1783 2521 σοὶ
1831 2469 1993 2543 θεατῇ

341 2546 726 2622 πολιτεύομαι.

417 2639 775 2713 «Ἐγγισάτω
841 2641 877 2708 ἡ
941 2635 1125 2710 δέησίς
1199 2661 1303 2713 μου
1363 2637 1592 2696 ἐνώπιόν
1642 2665 1758 2712 σου,
1811 2644 1990 2722 Κύριε

341 2727 479 2782 κατὰ
532 2726 595 2781 τὸ
671 2723 857 2803 λόγιόν
935 2727 1036 2782 σού
1099 2728 1369 2784 συνέτισόν
1424 2751 1510 2803 με.
1563 2755 1593 2783 ››
1634 2766 1701 2775 -—
1757 2732 1906 2804 Αὕτη
1956 2737 1990 2805 ἡ

344 2813 551 2889 δέησις,
578 2814 668 2872 ἵνα
708 2816 917 2872 σύνεσιν
964 2817 1055 2874 καὶ
1103 2822 1301 2896 γνῶσιν
1352 2814 1509 2874 λάϐω
1559 2819 1637 2884 εἰς
1682 2822 1775 2877 τὸν
1821 2823 1996 2898 νόμον

342 2927 462 2964 σου.

417 2995 730 3052 «Εἰσέλθοι
774 2997 838 3052 τὸ
896 2995 1112 3071 ἀξίωμά
1170 3017 1276 3070 μου
1352 2996 1578 3053 ἐνώπιόν
1633 3021 1749 3072 σου,
1809 3000 1990 3079 Κύριε·

345 3086 481 3142 κατὰ
507 3087 570 3142 τὸ
600 3083 789 3161 λόγιόν
823 3106 920 3141 σου
953 3084 1108 3162 ῥῦσαί
1142 3108 1226 3160 με.
1262 3110 1284 3138 ι
1319 3120 1389 3130 -
1419 3087 1667 3162 Ἀξίωμά
1713 3111 1846 3167 φησι
1891 3093 1992 3162 τὴν

338 3175 564 3247 ἀξίωσίν
632 3173 724 3231 καί
778 3173 1145 3252 παράκλησιν·
1198 3174 1397 3253 λόγους
1468 3174 1527 3233 δέ
1590 3177 1837 3243 ἐνταυθοῖ
1892 3182 1991 3251 τὴν

344 3262 660 3342 ὑπόσχεσιν,

419 3374 443 3404 ι
477 3333 846 3431 ’ἓξερεύξαντο
891 3355 960 3408 τὰ
1008 3351 1173 3429 χείλη
1237 3366 1348 3427 μου
1407 3353 1598 3428 ὕμνον,
1648 3355 1772 3412 ὅταν
1841 3356 1991 3414 διδά-
2023 3333 2066 3401 C

342 3443 433 3517 ξῃς
513 3463 580 3516 με
643 3441 713 3497 τὰ
800 3439 1143 3515 δικαιώματά
1219 3464 1336 3499 σου.
1407 3467 1436 3495 ››
1504 3478 1566 3488 -
1635 3446 1990 3522 Ἐξενέγκοιεν

340 3531 509 3604 ὕμνον
544 3530 962 3608 εὖχαριστήριον
996 3529 1120 3586 ὅταν
1168 3528 1382 3606 διδάξῃς
1435 3554 1503 3606 με
1546 3534 1638 3589 τὸν
1687 3534 1855 3610 νόμον
1897 3559 1992 3593 σου

343 3619 599 3683 ἐντελῶς.
631 3643 661 3673 »

414 3732 444 3761 «
478 3707 717 3764 Γενέσθω
762 3711 799 3778 ἡ
853 3707 979 3786 χείρ
1009 3729 1106 3764 σου
1153 3714 1249 3764 τοῦ
1297 3709 1465 3765 σῶσαί
1517 3732 1602 3784 με,
1635 3711 1718 3768 ὅτι
1763 3713 1859 3777 τὰς
1909 3714 1993 3770 ἐν-

339 3795 510 3861 τολάς
564 3818 660 3852 σου
703 3797 1065 3874 ᾑρετισάμην.
1121 3821 1152 3850 ››
1190 3831 1260 3840 -
1310 3799 1701 3875 Παραγενέσθω
1766 3801 1854 3858 ἐπὶ
1912 3808 1993 3877 τῷ

345 3886 514 3942 σῶσαί
545 3908 632 3960 με.

417 3999 448 4029 (ι
478 3978 705 4048 Ζήσεται
747 3978 783 4046 ἡ
837 3977 991 4052 ψυχή
1055 3997 1162 4050 μου
1226 3977 1318 4032 καὶ
1393 3977 1591 4034 αἰνέσει
1649 4000 1725 4052 σε,
1782 3981 1872 4036 καὶ
1927 3984 1996 4038 τά

340 4063 581 4140 κρίματά
653 4085 750 4120 σου
826 4066 1087 4140 βοηθήσει
1165 4087 1280 4140 μοι.
1344 4089 1366 4118 ι
1451 4100 1521 4110 -
1593 4070 1820 4139 Ζήσεται
1893 4072 1991 4141 τήν

341 4148 514 4215 ὄντως
565 4153 733 4224 ζωὴν,
783 4153 875 4208 καὶ
923 4153 1120 4210 αἰνέσει
1170 4175 1229 4209 σε
1291 4152 1556 4226 διηνεκῶς
1627 4157 1717 4212 καὶ
1779 4159 1848 4214 τὰ
1912 4159 1993 4215 ἐν·

339 4239 595 4316 τάλματά
675 4263 772 4297 σου
861 4243 1130 4318 βοηθήσαι
1192 4265 1308 4317 μοι,
1367 4243 1660 4322 φυλάξαντι
1714 4251 1900 4303 ταῦτα.
1964 4273 1992 4301 ››

340 4331 617 4387 Εὑκτικῶν
651 4327 709 4386 δὲ
740 4327 968 4404 δύναμιν
998 4329 1188 4407 ἔχουσι
1216 4331 1285 4387 τὰ
1316 4331 1473 4408 ῥητὰ,

411 4418 820 4491 «Ἐπλανήθην
886 4421 961 4483 ὡς
1026 4415 1300 4494 πρόϐατον
1369 4420 1686 4486 ἀπολωλός·
1759 4427 1994 4495 ζήτησον

336 4507 429 4563 τὸν
479 4506 675 4564 δοῦλόν
720 4529 836 4580 σου,
887 4508 970 4563 ὅτι
1016 4509 1113 4571 τὰς
1163 4506 1384 4571 ἐντολάς
1441 4531 1536 4565 σου
1585 4510 1684 4566 οὐκ
1730 4511 1991 4577 ἐπελαθό-

343 4617 476 4670 μην.
508 4619 536 4652 ιι
570 4628 639 4639 -
669 4596 734 4652 Εἰ
763 4598 868 4673 γὰρ
904 4597 995 4652 καὶ
1050 4593 1261 4672 παρέϐη
1309 4598 1443 4653 ποτέ
1488 4619 1659 4669 τινας,
1693 4597 1839 4655 ἀλλὰ
1892 4597 1994 4671 λή-

2104 2015 2458 2091 ἆμυντήριον·
2517 2016 2584 2069 τὰ
2608 2013 2742 2090 βέλη
2816 2011 2873 2069 δὲ
2923 2019 3020 2069 τοῦ
3084 2013 3252 2088 μόνου
3283 2012 3511 2070 δυνατοῦ
3599 2020 3767 2088 Θεοῦ,

2103 2103 2259 2158 ἅτινά
2302 2102 2431 2157 εἰσιν
2487 2103 2803 2176 ἠκονημένα
2864 2103 2998 2176 μετὰ
3051 2103 3140 2158 καὶ
3191 2103 3468 2179 ἀνθράκων
3547 2104 3767 2180 ἐρημο-

2101 2196 2296 2246 ποιῶν·
2331 2190 2417 2246 διὸ
2471 2196 2638 2246 ταῦτα
2697 2191 2834 2265 μόνα
2886 2191 3014 2254 τοὺς
3075 2192 3448 2268 παρανόμους,
3505 2194 3601 2248 καὶ
3678 2195 3768 2250 τέ-

2108 2302 2257 2355 μνειν
2288 2281 2378 2336 καὶ
2406 2280 2576 2336 καίειν
2607 2280 2696 2336 καὶ
2728 2280 2999 2357 ἀφανίζειν
3053 2280 3326 2358 ἰσχύουσι.
3361 2281 3510 2353 Βέλη
3561 2280 3625 2338 δὲ
3673 2284 3766 2339 καὶ

2104 2369 2369 2446 ἄνθρακας
2399 2371 2495 2432 τὰς
2527 2367 2822 2448 διαφόρους
2850 2371 3120 2446 τιμωρίας
3153 2370 3454 2442 ὠνόμασεν.

2174 2483 2203 2511 ‹‹
2235 2455 2425 2532 Οἰ¹μοι,
2485 2457 2569 2513 ὅτι
2625 2461 2659 2527 ἡ
2713 2457 2976 2534 παροικία
3029 2481 3133 2532 μου
3187 2458 3540 2536 ἐμακρύνθηί
3605 2483 3638 2512 ››
3700 2493 3768 2505 —-

2103 2545 2274 2603 Πάλιν
2321 2547 2350 2601 6
2400 2546 2567 2622 λόγος
2617 2547 2724 2602 ἀπὸ
2775 2551 2875 2602 τοῦ
2926 2546 3286 2618 ἱκετεύοντος,
3342 2543 3766 2624 ἀποδυρομένου
3833 2573 3841 2582 ·

2100 2637 2164 2692 τὸ
2188 2643 2290 2706 τῆς
2317 2634 2705 2713 αἰχμαλωσίας
2737 2635 3023 2698 πολυετές.

2175 2750 2205 2778 ‹‹
2236 2728 2631 2797 Κατεσκήνωσα
2691 2726 2826 2800 μετᾶ
2880 2729 2989 2781 τῶν
3051 2727 3428 2798 σκηνωμάτων
3479 2723 3693 2799 Κηδάρ,
3735 2749 3761 2776 ››

2104 2816 2498 2885 Κατεσκήνωσα
2556 2812 2716 2887 μέσον
2775 2817 2882 2868 τῶν
2956 2817 3164 2884 σκηνῶν
3219 2811 3429 2889 Κηδάρ.
3480 2814 3656 2890 Χώρα
3707 2811 3760 2868 δέ

2105 2902 2246 2959 ἐστιν
2325 2903 2459 2974 αὕτη
2546 2903 2920 2979 παρακειμένη
3007 2898 3403 2973 Βαϐυλωνίοις,
3464 2902 3753 2979 οἰκήτορας

2103 2989 2307 3069 ἔχουσα
2358 2990 2682 3068 βδελυροὺς,
2715 2989 2840 3057 ἔνθα
2884 2990 3012 3054 τοὺς
3041 2989 3338 3054 Ἰουδαίους
3380 2993 3433 3046 οἱ
3492 2987 3744 3048 Βαϐυλώ-

2101 3102 2206 3136 νιοι
2267 3086 2496 3151 σκηνοῦν
2558 3079 2763 3152 ἔταξαν,
2824 3080 3212 3157 Ἐρμηνεύεται
3271 3077 3331 3136 δὲ
3387 3077 3578 3155 Κηδάρ
3642 3100 3746 3135 σκο-

2102 3170 2329 3244 τασμός.
2364 3171 2713 3244 Σκηνώματα
2771 3168 2828 3225 δέ
2880 3174 3190 3243 σκοτασμοῢ
3219 3172 3256 3240 ἡ
3299 3169 3351 3224 ἐν
3401 3173 3520 3230 τοῖς
3570 3169 3751 3224 πάθεσι

2104 3254 2380 3336 διατριϐή.

2182 3368 2205 3397 σ
2238 3347 2432 3404 Ιῐολλά
2477 3349 2793 3422 παρῴκθσεν
2822 3349 2857 3417 ἡ
2887 3349 3039 3424 ψυχή
3099 3368 3226 3421 μου.
3262 3371 3292 3398 ››

2103 3437 2155 3493 ἐν
2184 3437 2444 3514 παροικίᾳ
2468 3438 2570 3507 τῆς
2602 3435 2990 3512 αἰχμαλωσίας
3023 3434 3307 3513 διήγαγον.

2175 3528 2384 3583 «Μετὰ
2427 3531 2535 3580 τῶν
2588 3525 2888 3600 μισούντων
2930 3527 3028 3594 τὴν
3079 3523 3300 3600 εἰρήνην
3349 3521 3504 3598 ἤμην
3555 3524 3758 3600 εἰρηνι-

2101 3617 2220 3678 κός.
2256 3639 2285 3668 ››
2316 3649 2386 3658 --
2414 3617 2472 3669 Ὁ
2503 3615 2665 3691 λόγος
2696 3617 2848 3688 ἡμᾶς
2875 3611 3120 3669 παιδεύει
3175 3613 3265 3668 καὶ
3328 3612 3465 3685 μετά
3509 3618 3623 3668 τῶν
3673 3633 3758 3690 φι-

2105 3705 2364 3762 λονείκων
2399 3703 2693 3780 εἰρηνεύειν
2722 3704 2786 3759 τὸ
2816 3701 2897 3781 ἐφ’
2928 3703 3157 3764 ἑαυτοῖς.

2176 3821 2206 3848 ‹‹
2237 3797 2399 3849 Ὅταν
2446 3793 2679 3849 ἐλάλουν
2740 3791 2924 3855 αὐτοῖς
2983 3789 3290 3864 ἐπολέμουν
3351 3812 3418 3864 με
3467 3787 3698 3866 δωρεάν.
3733 3812 3763 3840 ››

2103 3919 2171 3929 _
2226 3887 2386 3938 Ὅταν
2446 3881 2677 3939 ἐλαλουν
2750 3880 3018 3958 εἰρηνικὰ,
3083 3880 3257 3954 μάτην
3311 3881 3364 3934 οἱ
3420 3887 3525 3950 τῆς
3577 3877 3759 3953 Κηδάρ

2104 3971 2412 4046 ἐπολέμουν
2449 3989 2535 4044 με’
2567 3968 2674 4047 ἐγὼ
2705 3967 2765 4025 δὲ
2790 3969 2883 4025 καὶ
2915 3969 3092 4031 οὕτως
3122 3968 3424 4045 εἷρήνευον.

2702 4099 3000 4150 ΨΔΛΜΟΣ
3043 4100 3160 4150 ΡΚ¹.

2179 4181 2370 4262 ((’ῼδὴ
2423 4187 2533 4240 τῶν
2601 4177 2956 4256 ἀναϐαθμῶν.
3019 4185 3162 4258 Ἥρα
3234 4181 3361 4238 τοὺς
3440 4178 3761 4259 ὀφθαλμούς

2107 4296 2213 4349 μου
2260 4274 2338 4336 εἰς
2383 4273 2450 4328 τὰ
2495 4267 2619 4348 ὅρη,
2653 4271 2772 4326 ὅθεν
2826 4271 2943 4343 ἥξει
2984 4273 3018 4341 ἡ
3073 4272 3299 4347 βοήθειά
3349 4292 3476 4344 μου.
3508 4271 3574 4328 Ἠ
3630 4271 3761 4346 βοή-

2101 4365 2219 4420 θειά
2278 4385 2384 4437 μου
2443 4363 2589 4439 παρά
2642 4361 2865 4438 Κυρίου,
2912 4365 3011 4415 τοῦ
3068 4363 3401 4431 ποιήσαντος
3457 4360 3548 4415 τὸν
3601 4359 3760 4433 οὖρα-

2101 4451 2193 4509 νὸν
2243 4453 2334 4507 καὶ
2393 4452 2491 4521 τὴν
2545 4457 2670 4528 γῆν.
2706 4476 2729 4504 ι)
2764 4483 2834 4493 -
2891 4449 3042 4519 Αὕτη
3101 4452 3137 4519 ἡ
3189 4447 3306 4522 ᾠδή
3364 4446 3761 4527 προφητεύειᾶ

2103 4539 2292 4618 ἔλεγον
2351 4538 2461 4610 ἤδη
2519 4546 2620 4609 τῆς
2694 4533 3026 4601 Βαϐυλῶνος
3100 4536 3405 4607 ἐκστάντες,
3464 4538 3556 4593 καὶ
3626 4537 3758 4613 πρὸς

2101 4628 2466 4707 Ἰερουσαλὴμ
2493 4623 2894 4690 ἀναϐαίνοντες.
2926 4628 3061 4704 Ὀρη
3119 4624 3176 4681 δὲ
3226 4623 3374 4701 λέγει
3421 4624 3552 4688 τοὺς
3598 4624 3757 4701 οὐρα-

3321 3379 3392 3390 -
3431 3344 3633 3402 Πολλὰ
3670 3345 3756 3414 ἔτη

341 4697 441 4757 θην
480 4681 688 4741 τούτων
740 4685 802 4741 οὐ
853 4682 1071 4742 δέδεκτο
1138 4684 1401 4756 παντελῆ·
1451 4686 1487 4756 ἢ
1537 4686 1750 4758 πλάνην
1831 4689 1993 4766 φησὶν
2023 4699 2072 4765 D

340 4774 370 4829 6
420 4777 711 4852 προφήτης
767 4774 866 4844 τὴν
926 4774 978 4830 ἐν
1035 4779 1115 4847 τῷ
1166 4773 1589 4832 καταδιώκεσθαι
1661 4774 1864 4832 δίαιταν
1940 4777 1992 4833 ἐν

339 4861 509 4940 δρεσι,
547 4864 770 4935 ζήτησιν
819 4860 878 4918 δὲ
922 4863 1022 4934 τήν
1072 4864 1207 4940 πρὸς
1255 4865 1354 4933 τὴν
1405 4866 1671 4942 προτέραν
1712 4865 1988 4921 κατοικίαν

339 4951 638 5024 ἀνάκλησιν
649 4996 662 5009 .

925 5063 1218 5116 ΨΑΛΜΟΣ
1258 5063 1401 5118 ΡΙΘ’.

406 5162 537 5242 ’ῼδὴ
587 5170 694 5220 τῶν
748 5161 1099 5240 ἀναϐαθμῶν.
1151 5190 1180 5216 ››
1232 5197 1299 5211 —
1354 5168 1424 5223 Αἱ
1485 5172 1592 5221 τῶν
1661 5163 1988 5241 ἀναϐαθμῶν

336 5251 473 5326 ᾠδαὶ
504 5253 660 5309 πέντε
688 5255 778 5309 καὶ
827 5253 956 5310 δέκα
1003 5253 1176 5324 οὖσαι,
1210 5257 1496 5332 ἱστορικῶς
1559 5257 1651 5328 μέν
1709 5258 1832 5332 περί
1889 5265 1990 5327 τῆς

335 5341 396 5397 ἐκ
453 5337 774 5405 Βαϐυλῶνος
840 5342 978 5420 πρὸς
1036 5343 1398 5420 Ἰερουσαλήμ
1475 5340 1779 5407 ἀναϐάσεως
1853 5367 1987 5422 προ-

337 5429 632 5509 φητεύουσι
685 5436 783 5486 τοῑ)⁹
847 5431 1213 5507 αἰχμαλώτου
1285 5431 1443 5507 λαοῦ,
1483 5435 1853 5496 ἱκετεύσαντος
1898 5436 1989 5489 καὶ

338 5520 795 5591 εἰσακουσθέντος,
844 5521 1203 5596 ἀναγωγικῶς
1278 5519 1336 5577 δὲ
1401 5522 1524 5597 περὶ
1593 5529 1696 5592 τῆς
1765 5523 1840 5586 εἰς
1887 5525 1986 5594 τὴν

339 5610 448 5664 ἄνω
503 5607 866 5684 Ἰερουσαλὴμ
923 5608 1118 5664 ἀνόδου
1173 5609 1233 5665 ἔκ
1279 5632 1340 5686 γε
1396 5615 1494 5681 τῆς
1561 5617 1658 5666 τοῦ
1721 5612 1990 5688 παρόντος

346 5697 468 5773 βίου
515 5694 830 5772 συγχύσεως
891 5695 1264 5754 ἐκδιδάσκουσι
1306 5701 1636 5777 παρακαλεῖν
1683 5701 1810 5764 τοὺς
1857 5724 1987 5773 νοη-

341 5785 469 5848 τοὺς
499 5781 1042 5860 αἰχμαλωτισθέντας
1075 5787 1148 5850 εἰς
1188 5787 1436 5844 δουλείαν
1469 5794 1674 5855 παθῶν.

2173 4833 2201 4861 ι(
2236 4810 2324 4877 Μὴ
2360 4805 2509 4879 δῴης
2540 4805 2618 4869 εἷς
2649 4804 2814 4861 σάλον
2869 4804 2962 4860 τὸν
3011 4801 3155 4859 πόδα
3183 4822 3299 4858 σου·
3339 4800 3481 4876 μηδὲ
3528 4803 3756 4876 νυστάξῃ

2101 4898 2130 4952 6
2171 4896 2458 4974 φυλάσσων
2519 4916 2594 4952 σε.
2650 4919 2672 4946 ι
2731 4927 2801 4936 ——
2856 4891 3055 4969 Τρόπῳ
3113 4890 3477 4970 φιλαδελφίας
3522 4887 3754 4951 ἓκασλος

2101 4987 2328 5042 έκάστου
2379 4983 2757 5060 ὑπερεύχεται,
2795 4983 2872 5055 μή
2924 4981 3233 5052 σαλευθείη,
3265 4979 3464 5057 λέγων,
3510 4983 3547 5050 ἡ
3604 4978 3754 5056 βάσις

2100 5098 2216 5147 σου,
2274 5074 2547 5129 τουτέστιν
2623 5074 2656 5141 ἡ
2721 5071 2852 5147 ὀρθή
2929 5069 3180 5126 πολιτεία
3254 5091 3373 5138 σου,
3454 5066 3598 5142 μηδὲ
3671 5064 3757 5121 διὰ

2098 5170 2259 5221 τοῦτο
2291 5163 2598 5240 ῥᾳθυμῆσαι
2657 5160 2781 5235 περὶ
2819 5162 2917 5229 τήν
2971 5159 3218 5237 φυλακήν
3281 5180 3376 5212 σου
3408 5158 3437 5212 ὁ
3470 5157 3756 5234 φυλάσσων

2101 5277 2158 5310 σε
2206 5253 2356 5314 Θεός.
2406 5249 2722 5325 Νοσταγμὸν
2765 5247 2821 5303 δὲ
2869 5253 3002 5304 Θεοῦ
3042 5250 3131 5303 καὶ
3181 5248 3342 5302 ὕπνον
3393 5245 3614 5317 νοητέον
3659 5246 3755 5313 τήν

2101 5341 2476 5421 ἐγκατάλειψιν
2506 5339 2772 5394 ἐνταυθοῖ.

2177 5457 2198 5483 α
2235 5428 2376 5486 Ἰδοὺ
2408 5427 2475 5482 οὐ
2504 5427 2745 5497 νυστάξει
2808 5423 2934 5481 οὐδὲ
2993 5427 3229 5481 ὑπνώσει
3261 5426 3289 5479 6
3321 5421 3612 5503 φυλάσσων
3665 5420 3753 5476 τὸν

2101 5517 2344 5595 Ἰσραήλ.
2380 5541 2408 5569 ››
2439 5550 2508 5560 -—
2537 5515 2600 5571 Εἰ
2639 5515 2810 5590 βαίνει
2843 5516 2870 5569 6
2902 5515 3125 5590 Ἰσραὴλ
3157 5511 3437 5593 ἀσφαλῶς.

2172 5607 2429 5684 «Κύριος
2509 5605 2733 5684 φυλάξει
2806 5626 2884 5677 σε,
2945 5605 3143 5680 Κύριος
3231 5602 3404 5673 σκέπη
3479 5623 3594 5671 σου,
3663 5597 3746 5653 ἐπὶ

2099 5705 2262 5776 χεῖρα
2318 5697 2488 5766 δεξιάν
2548 5715 2665 5749 σου.
2727 5717 2756 5744 ›)
2805 5726 2873 5735 —
2927 5693 3124 5768 Κύριος
3210 5691 3432 5771 φυλάξει
3494 5711 3551 5744 σε
3605 5685 3742 5742 οὕτω

2104 5774 2412 5866 βαδίζοντα,
2445 5782 2640 5858 Κύριος
2675 5781 2844 5853 σκέπη
2897 5804 2980 5837 σοι
3033 5779 3178 5838 ἔσται
3227 5782 3374 5858 παρά
3427 5781 3528 5851 τήν
3574 5774 3738 5850 δεξιάν
