4066 6432
313 449 467 515 1593

1525 446 1941 512 EXPOSITIO
1982 447 2062 509 IN
2109 444 2498 508 PSALMOS.

3563 435 3723 500 1594

317 605 413 640 σου
469 587 633 662 χεῖρα
665 625 680 653 ,
737 581 978 639 τουτέστι
1045 581 1387 657 παραστάτης
1463 579 1522 635 ἐκ
1597 578 1780 653 δεξιῶν
1859 601 1954 634 σου
1983 573 2508 652 Ατηρίανσοιβίνα
2538 577 2593 631 οἰ
2638 576 2732 651 μὲν
2781 570 3140 651 ἀπαλλαγῶσι
3189 575 3296 630 τῶν
3345 567 3558 644 δεινῶν,
3605 569 3634 626 6
3665 565 3725 625 δὲ

319 672 474 743 σταίη
508 673 882 750 ὑπερασπίζων
915 693 1030 730 σου.

391 765 682 840 «Ἡμέρας
730 765 758 818 ὁ
815 761 977 832 ἥλιος
1037 762 1098 815 οὐ
1155 760 1438 836 συγκαύσει
1495 779 1573 827 σε,
1633 756 1820 828 οὐδέἡ
1881 779 1967 813 σε-

321 848 466 922 λήνη
498 853 596 920 τὴν
641 851 822 908 νύκτα,
855 873 884 902 ››
915 883 984 892 —-
1032 849 1174 926 Πρὸς
1222 848 1448 926 ἔμφασιν
1500 849 1615 903 εἶπε
1661 852 1820 903 τοῦτο
1867 853 1967 916 τῆς

318 936 485 1013 ἄκρας
535 938 890 1013 ἐπιμελείας.
938 936 1331 1000 Έλλειπτικῶς
1383 935 1441 992 δὲ
1491 934 1699 1012 εἴρηται
1745 937 1808 990 τὸ
1868 935 1966 1012 ῥη-

316 1027 429 1086 τόν.
462 1030 560 1084 Τὸν
594 1025 652 1084 δὲ
681 1028 834 1098 ὅλον,
882 1025 1007 1082 οὐδέ
1047 1030 1082 1097 ἡ
1133 1025 1336 1098 σελήνη
1383 1027 1482 1094 τήν
1531 1025 1695 1081 νύκτα
1745 1023 1962 1102 βλάψει·

317 1117 380 1172 οὐ
411 1119 516 1194 γὰρ
548 1117 609 1172 οὐ
642 1117 884 1193 συγκαίει
913 1119 949 1171 ’ἦ
1001 1115 1227 1188 σελήνη,
1283 1111 1620 1191 καρηϐαρίαν
1660 1113 1718 1170 δὲ
1750 1112 1962 1189 μᾶλλον

317 1204 537 1280 ἐμποιεῖ
565 1207 654 1262 καὶ
683 1205 996 1283 ὠχρότητα.

388 1320 417 1348 ι(
451 1296 647 1372 Κύριος
695 1295 920 1374 φυλάξει
966 1297 1066 1365 τήν
1117 1292 1324 1350 εἷ’σοδόν
1373 1315 1469 1348 σου
1517 1294 1607 1348 καὶ
1654 1294 1754 1363 τήν
1784 1291 1964 1364 ἐξοδόν

320 1407 417 1440 σου
459 1386 566 1441 ἀπὸ
612 1391 710 1441 τοῦ
749 1391 840 1440 νῦν
891 1385 982 1440 καὶ
1031 1382 1138 1447 ἕως
1187 1388 1285 1440 τοῦ
1330 1383 1549 1446 αἰῶνος.
1584 1407 1612 1434 ››
1640 1416 1709 1424 —
1749 1382 1824 1437 Τά
1867 1389 1967 1452 τῆς

313 1472 528 1530 εἷ’σόδου
557 1475 770 1546 καὶτῆς
807 1469 992 1546 ἐξόδου
1019 1475 1119 1543 τήν
1152 1474 1356 1528 ἅπασαν
1389 1469 1670 1543 δεδήλωκε
1695 1477 1792 1526 τοῦ
1843 1469 1966 1548 βίου

313 1564 661 1641 ἀποστροφήν
672 1607 685 1621 .

885 1675 1180 1725 ΨΑΛΜΟΣ
1231 1671 1396 1725 ΡΚΑ’.

386 1801 415 1830 ‹‹
461 1775 590 1857 ’ῼδὴ
641 1783 749 1833 τῶν
796 1771 1140 1850 ἀναϐαθμῶν.
1192 1775 1510 1853 Εὐφράνθην
1570 1773 1657 1828 ἐπὶ
1713 1778 1829 1836 τοῖς
1888 1773 1968 1828 εἷ’-

313 1866 507 1944 ρηκόσι
568 1887 684 1940 μοι.
745 1865 837 1927 Εἰς
897 1865 1044 1920 οἰκον
1106 1864 1302 1941 Κυρίου
1359 1862 1750 1940 πορευσόμεθα.
1812 1885 1842 1916 ››
1898 1897 1969 1905 —-

2072 668 2171 736 τήν
2204 667 2432 744 ἀρχαίαν
2467 661 2719 741 ἀπολάϐῃ
2750 665 3089 741 εὐπρέπειαν.

2647 780 2746 829 ΨΑ
2755 779 2940 828 ΛΜΟΣ
2997 773 3154 828 ΡΚΒ’.

2148 888 2176 915 ‹‹
2229 858 2372 940 Πρός
2415 885 2473 918 σε
2520 865 2628 938 ᾔρα
2673 863 2801 924 τοὺς
2857 859 3175 940 ὀφθαλμοὺς
3230 880 3333 932 μου
3381 859 3472 913 τὸν
3527 877 3683 912 κατοι
3713 889 3736 899 -

2074 957 2272 1008 κοῦντα
2302 953 2353 1007 έν
2381 957 2460 1025 τῷ
2492 951 2728 1025 οὐρανῷ.
2762 977 2789 1004 »
2821 985 2889 994 —-
2917 951 2989 1005 Τὸ
3043 949 3286 1004 εὐκτικὸν
3339 948 3453 1002 ἀντὶ
3495 945 3733 1020 μέλλον-

2074 1064 2168 1105 τος
2202 1043 2494 1118 3ριστικοῦ.
2554 1041 2652 1096 Καὶ
2713 1041 2863 1096 οὗτοι
2922 1037 2980 1096 δὲ
3033 1038 3111 1094 ἔτι
3169 1035 3465 1094 ὁδευόντων
3523 1036 3574 1090 οἱ
3634 1033 3728 1090 λό-

2073 1154 2182 1209 γοι.

2153 1224 2319 1276 «Ὅτι
2370 1221 2457 1276 ἐπὶ
2505 1219 2651 1276 πολὺ
2706 1218 3062 1292 έπλήσθημεν
3115 1213 3536 1288 έξουδενώσεως.
3594 1235 3624 1265 ι)
3657 1245 3729 1254 --

2075 1311 2170 1374 Εἰς
2226 1311 2432 1387 μακρὰν
2480 1307 2755 1366 ώνείδισαν
2812 1306 3068 1384 μεγάλως
3114 1307 3204 1362 καὶ
3254 1304 3545 1384 έφαύλισαν
3581 1305 3728 1376 ἡμᾶς

2076 1401 2128 1454 οἱ
2158 1400 2258 1475 αἰχ
2265 1397 2730 1473 μαλωτεύσαντες.

2147 1511 2176 1540 ‹‹
2208 1488 2329 1543 Ἐπὶ
2381 1487 2571 1544 πλεῖον
2633 1485 2878 1558 ἐπλήσθη
2941 1489 2976 1556 ἡ
3035 1486 3188 1560 ψυχή
3240 1486 3426 1557 ἡμῶν.
3463 1504 3486 1534 ι
3524 1482 3728 1550 -Τῆς

2077 1577 2195 1655 εἰρη
2207 1577 2336 1651 μένη
2347 1600 2371 1633 c
2403 1575 2817 1650 ἑξουδενώσεως.

2149 1691 2178 1719 (ι
2208 1667 2278 1721 Τὸ
2309 1662 2514 1730 ὄνειδος
2563 1673 2682 1730 τοῖς
2729 1666 3036 1735 εὐθηνοῦσι,
3084 1665 3174 1718 καὶ
3225 1658 3573 1733 ἐξουδένωσις
3610 1663 3728 1721 τοῖς

2077 1756 2464 1834 ὑπερηφάνοις.
2495 1776 2522 1809 ι
2553 1789 2623 1797 -
2646 1755 3054 1833 Ἀντιστραφείη
3086 1750 3364 1824 δηλονότι.

2647 1867 2941 1917 ΨΑΛΜΟΣ
2995 1861 3152 1916 ΡΚΓ’.

307 1942 481 2011 Τοῦτο
512 1953 703 2030 ἔλεγον
751 1951 1027 2038 ὁδεύοντες
1072 1954 1161 2008 καὶ
1218 1953 1621 2030 προκόπτοντες
1676 1953 1812 2026 μετά
1866 1973 1966 2007 πε·
1995 1956 2044 2021 Β
2145 1973 2174 2002 ‹‹
2207 1950 2271 2005 Εἰ
2325 1951 2399 2024 μὴ
2452 1950 2534 2006 ὅτι
2584 1949 2783 2026 Κύριος
2831 1953 2897 2019 ἦν
2953 1951 3004 2004 έν
3055 1952 3222 2022 ἡμῖν,
3274 1946 3478 2002 εἰπάτω
3527 1942 3594 2014 δὴ
3629 1945 3728 2000 Ἰσ-

309 2043 616 2120 ριχαρείας.

382 2157 411 2185 ‹‹
470 2134 730 2194 Ἐστῶτες
793 2135 926 2202 ἦσαν
980 2133 1031 2186 οἱ
1078 2129 1242 2194 πόδες
1291 2133 1452 2204 ἡμῶν
1499 2129 1550 2185 ἐν
1596 2134 1715 2192 ταῖς
1771 2127 1963 2192 αὐλαῖς

308 2243 426 2292 σου,
462 2219 776 2297 Ἰερουσαλή
789 2244 845 2295 μ.
882 2245 910 2274 ››
947 2255 1012 2263 -
1047 2221 1404 2283 Ἀκούσαντες
1452 2219 1534 2275 ὅτι
1587 2219 1965 2293 πορευσόμεθα

309 2309 388 2372 εἴς
407 2312 556 2366 οἷκον
589 2311 814 2388 Κυρίου,
839 2307 1093 2384 ἐδόξαμεν
1127 2310 1339 2366 ἐστάναι
1377 2309 1429 2365 ἐν
1462 2308 1830 2386 Ἰερουσαλὴμ
1861 2309 1965 2364 ὑπὸ

305 2406 410 2470 τῆς
437 2404 536 2455 τοῦ
564 2399 737 2464 πόθου
768 2397 1161 2478 σφοδρότητος.

382 2489 801 2565 «Ἰερουσαλήμ
856 2485 1263 2563 ᾠκοδομημένη
1325 2489 1400 2551 ὡς
1459 2487 1646 2550 πόλις.
1703 2511 1732 2540 ››
1785 2520 1854 2530 -
1902 2489 1964 2544 Ἣ

307 2576 674 2653 Ἰερουσαλὴμ
733 2580 768 2648 ἡ
850 2575 1020 2632 πάλαι
1102 2577 1367 2650 οἷ’κήμασι
1431 2575 1723 2650 κτιζομένη
1782 2578 1964 2632 καθε-

309 2667 512 2736 κάστην
563 2666 714 2729 ἐντὸς
743 2666 834 2721 καὶ
883 2667 1366 2740 καταπυκνουμένη
1422 2667 1498 2729 ὡς
1547 2667 1665 2721 κατ’
1705 2665 1962 2737 ἀλήθειαν

306 2755 496 2818 πόλις.

382 2869 409 2897 ‹‹
443 2848 542 2907 Ἥς
591 2847 626 2915 ἡ
677 2846 886 2920 μετογή
933 2843 1103 2913 αὐτῆς
1152 2843 1240 2899 ἐπὶ
1284 2845 1345 2898 τὸ
1392 2842 1544 2897 αὐτό.
1577 2868 1606 2896 ››
1641 2877 1708 2884 -
1761 2845 1823 2898 Ἡ
1876 2844 1965 2898 Ἰε-

310 2931 606 3010 ρουσαλὴμ
661 2935 728 3003 ἧς
777 2934 846 2987 τὰ
903 2933 1141 3008 μετόχια
1173 2933 1494 3002 ,τουτέστι
1564 2934 1632 2986 τὰ
1687 2933 1966 3006 οἰκήματα

309 3021 452 3096 ὁμοῦ
484 3020 806 3096 συνημμένα
838 3020 929 3076 διὰ
955 3023 1054 3090 τὴν
1097 3019 1229 3096 ἄγαν
1260 3019 1595 3090 πυκνότητα.

379 3134 408 3163 ‹‹
441 3111 586 3165 Ἐκεῖ
612 3112 713 3187 γάρ
747 3106 1015 3181 ἀνέϐησαν
1067 3111 1121 3164 αἱ
1161 3109 1329 3188 φυλαὶ
1377 3109 1543 3188 φυλαὶ
1590 3108 1789 3186 Κυρίου
1825 3129 1962 3186 μαρ-

305 3197 492 3275 τύριον
539 3220 620 3272 τῳ
669 3197 908 3274 Ἰσραήλ.
945 3223 973 3252 ››
1004 3233 1073 3242 -
1103 3201 1249 3254 Ἐκεῖ
1292 3199 1399 3275 πρὸ
1446 3205 1546 3268 τῆς
1583 3196 1966 3274 αἰχμαλωσίας

302 3283 580 3342 ἀνέϐαινον
631 3287 722 3343 καὶ
767 3287 1090 3363 ἠθροίζοντο
1146 3293 1311 3342 πᾶσαι
1366 3288 1421 3341 αἱ
1482 3286 1823 3360 ᾠκειωμέναι
1883 3291 1962 3359 τῷ

302 3376 489 3450 Κυρίῳ
547 3376 713 3455 φυλαὶ
769 3377 1162 3453 Ἰσραηλιτικαὶ
1195 3424 1210 3450 ,
1271 3379 1408 3432 κατά
1461 3377 1553 3431 τὸν
1624 3376 1807 3450 καιρὸν
1863 3381 1962 3432 τοῦ

303 3470 520 3541 Πάσχα,
549 3473 648 3536 τῆς
699 3467 1078 3537 Πεντηκοστῆς
1135 3465 1225 3520 καὶ
1270 3472 1370 3535 τῆς
1421 3463 1826 3542 Σκηνοπηγίας’
1878 3463 1968 3520 διά

308 3555 604 3632 μαρτύριον
639 3602 656 3628 ,
713 3551 889 3610 εἷ’τουν
937 3553 1081 3619 θείαν
1136 3554 1379 3610 κέλευσιν
1412 3597 1427 3624 ,
1487 3552 1861 3630 διωρισμένην
1889 3559 1966 3626 τῷ

307 3642 530 3721 Ἰσραηλ
541 3648 694 3716 ιτικῷ
721 3641 860 3717 λάῳ.

381 3759 410 3787 ‹‹
445 3737 559 3791 Τοῦ
615 3732 1124 3808 ἐξομολογήσασθαι
1175 3737 1254 3806 τῷ
1307 3731 1533 3806 ὀνόματι
1579 3733 1801 3808 Κυρίου.
1837 3757 1865 3785 ››
1897 3767 1966 3776 --

307 3821 434 3877 Ἐπὶ
483 3825 563 3893 τῷ
614 3821 1003 3897 εὐχαριστῆσαι
1060 3819 1150 3877 διά
1193 3827 1296 3892 τῆς
1334 3823 1838 3896 νενομοθετημένης
1864 3821 1961 3878 λα-

305 3909 506 3985 τρείας.

383 4021 414 4048 ‹‹
445 3999 567 4050 ’Ότι
613 3996 727 4051 ἐκεῖ
783 3997 1030 4061 ἐκάθισαν
1107 3999 1291 4074 θρόνοι
1349 4001 1526 4076 κρίσιν
1562 4044 1576 4069 ,
1635 4000 1818 4076 θρόνοι
1876 3996 1964 4054 ἐπὶ

307 4084 456 4140 οἶκον
506 4082 692 4142 Δαυΐδ.
726 4110 755 4138 ››
790 4118 860 4126 —
905 4087 990 4141 Ἐν
1037 4088 1404 4163 Ἰερουσαλὴμ
1459 4085 1786 4163 ἱδρύνθησαν
1837 4087 1962 4162 θρό-

302 4195 384 4230 νοι
421 4171 700 4251 βασιλικοὶ
733 4173 810 4236 εἰς
863 4175 926 4229 τὸ
978 4175 1181 4252 κρίνειν
1209 4177 1272 4231 τὸ
1300 4175 1521 4253 Ἰσραὴλ
1554 4173 1676 4241 ἔνθα
1704 4180 1837 4246 ἦσαν
1867 4182 1963 4232 τοῦ

304 4261 472 4320 Δαυΐδ
496 4263 565 4319 τὰ
592 4262 882 4340 ἀνάκτορα.

379 4379 407 4406 ‹‹
441 4353 789 4428 Ἐρωτήσατε
846 4349 913 4422 δὴ
969 4353 1038 4407 τὰ
1096 4351 1171 4416 εἰς
1222 4353 1446 4431 εἰρήνην
1476 4357 1546 4428 τῇ
1579 4353 1959 4429 Ἰερουσαλήμ⁸

303 4443 394 4498 καὶ
453 4440 674 4512 εὐθηνία
728 4445 844 4504 τοῖς
890 4439 1138 4517 ἀγαπῶσί
1185 4463 1261 4497 σε.
1295 4467 1324 4494 n
1357 4476 1427 4486 —
1480 4442 1963 4520 Προσαγορεύσατε

303 4529 371 4602 δὴ
430 4533 530 4602 τήν
578 4529 946 4607 Ἰερουσαλὴμ
987 4529 1055 4585 τὰ
1097 4529 1345 4607 εἰρηνικά
1391 4577 1405 4604 ,
1454 4532 1729 4587 τουτέστιν
1779 4528 1962 4588 εἷ’πατε

224 4636 227 4639 ·
303 4619 466 4694 αὐτῇ,
499 4618 705 4694 Εἰρήνη
760 4639 866 4691 σοι,
915 4618 1005 4674 καὶ
1059 4618 1319 4696 εὐπραγία
1367 4621 1445 4694 μὴ
1501 4619 1664 4694 μόνον
1707 4625 1824 4683 τοῖς
1864 4641 1962 4676 πο-

2075 2038 2240 2116 ραήλο
2275 2041 2320 2094 εἰ
2355 2041 2430 2114 μὴ
2464 2039 2546 2094 ὅτι
2579 2039 2773 2112 Κύριος
2813 2040 2880 2108 ἦν
2915 2040 2966 2094 έν
3007 2041 3142 2111 ἡμῖν
3175 2038 3228 2092 έν
3257 2041 3337 2109 τῷ
3365 2037 3726 2104 έπαναστῆναι

2075 2130 2388 2206 ἀνθρώπους
2437 2129 2517 2208 ἐφ’
2565 2132 2735 2202 ἡμᾶς.
2772 2151 2795 2182 ι
2830 2162 2898 2171 —
2947 2130 3129 2197 Ταῦτα
3174 2123 3284 2196 ἤδη
3331 2123 3729 2180 ἐπανελθόντων

2075 2218 2152 2281 εἰς
2179 2220 2278 2287 τήν
2305 2215 2540 2294 πατρίδα
2566 2219 2635 2274 τὰ
2673 2217 2912 2295 ῥήματα,
2953 2215 3042 2272 ὅτε
3083 2217 3151 2271 τὰ
3194 2213 3568 2290 πλησιόχωρα
3604 2209 3726 2284 ἔθνη

2073 2306 2259 2386 φθόνῳ
2343 2307 2639 2381 κινούμενα
2722 2305 3143 2384 ἐπεστράτευσαν
3223 2303 3408 2366 αὐτοῖς
3463 2349 3477 2376 ,
3559 2303 3728 2376 μήπω

2072 2396 2379 2468 κτισθείσης
2409 2404 2512 2466 τῆς
2542 2395 2857 2472 Ἱερουσαλή
2870 2418 2928 2469 μ.

2151 2510 2172 2538 α
2207 2487 2344 2554 Ἀρα
2371 2486 2434 2540 τὸ
2465 2483 2612 2562 ὕδωρ
2661 2484 2721 2540 ’ἀν
2771 2484 3142 2540 κατεπόντισεν
3173 2485 3344 2556 ἡμᾶς.
3384 2507 3405 2534 ι»
3440 2516 3509 2525 -
3545 2478 3725 2556 ’Ύδωρ

2074 2574 2223 2651 λέγει
2253 2576 2351 2644 τὴν
2388 2574 2565 2650 ῥύμην
2598 2575 2771 2629 αὐτῶν
2802 2574 2893 2629 καὶ
2925 2572 3160 2653 σφοδρὰν
3187 2573 3418 2644 κίνησιν.

2150 2690 2170 2716 ι
2207 2664 2512 2741 Χείμαῤῥον
2573 2662 2790 2734 διῆλθεν
2850 2667 2885 2734 ἡ
2946 2666 3100 2739 ψυχὴ
3162 2665 3348 2735 ἡμῶν.
3407 2685 3437 2715 ››
3495 2693 3564 2702 —
3618 2658 3726 2727 Τὴν

2072 2750 2299 2810 ἄτακτον
2329 2754 2496 2832 φορὰν
2530 2753 2702 2808 αὐτῶν
2737 2750 3088 2830 διεφύγομεν.

2148 2867 2176 2896 ‹‹
2208 2844 2350 2919 Ἀρα
2379 2840 2601 2913 διῆλθεν
2634 2844 2669 2910 ἡ
2719 2843 2872 2917 ψυχὴ
2924 2844 3083 2915 ἡμῶν
3131 2841 3194 2896 τὸ
3242 2838 3389 2917 ὕδωρ
3421 2841 3482 2895 τὸ
3529 2837 3731 2893 ἀνυπό-

2072 2953 2285 2990 στατον.
2337 2956 2365 2983 ››
2414 2965 2484 2974 -
2530 2933 2736 2995 Ὄντως
2792 2928 3113 3010 διεφύγομεν
3168 2931 3267 3000 τήν
3317 2929 3496 3006 ῥύμην
3529 2927 3728 3001 αὐτῶν,

2068 3022 2170 3090 τὴν
2197 3019 2589 3078 ἀνυπόστατον.

2143 3134 2173 3162 ‹‹
2203 3111 2265 3165 Ἡ
2295 3109 2454 3186 παγὶς
2504 3104 2817 3184 συνετρίϐη,
2867 3109 2956 3164 καὶ
2986 3111 3150 3182 ἡμεῖς
3203 3107 3564 3184 ἐρῥύσθημεν.
3602 3130 3623 3158 υ
3657 3140 3726 3148 -

2071 3197 2285 3274 Παγίδα
2316 3197 2462 3274 λέγει
2492 3200 2588 3262 τὰς
2616 3196 2831 3274 ἐνέδρας
2851 3198 2940 3253 καὶ
2976 3197 3249 3274 μηχανάς.

2145 3289 2262 3344 «Ἣ
2295 3289 2522 3364 βοήθεια
2547 3291 2708 3361 ἡμῶν
2759 3286 2812 3342 ἐν
2877 3287 3105 3361 ὀνόματι
3155 3286 3373 3364 Κυρίου,
3422 3289 3519 3342 τοῦ
3565 3287 3728 3357 ποιή-

2074 3398 2261 3440 σαντος
2309 3378 2401 3432 τὸν
2449 3377 2674 3454 οὐρανὸν
2719 3377 2809 3432 καὶ
2854 3378 2953 3446 τήν
3004 3383 3130 3453 γῆν.
3182 3400 3211 3428 ››
3260 3409 3328 3418 --
3375 3377 3493 3451 Θύχ
3531 3374 3728 3436 ὅπλοις

2076 3461 2508 3541 ἐϐοηθήθημεν,
2587 3464 2736 3521 ἀλλὰ
2808 3469 2877 3540 τῇ
2950 3465 3237 3536 ἐπικλήσει
3315 3470 3412 3521 τοῦ
3468 3463 3732 3536 ἀληθινοῦ

2077 3561 2230 3615 Θεοῦ.

2646 3648 2942 3700 ΨΑΛΜΟΣ
3002 3652 3160 3702 ΡΚΔ¹.

2146 3758 2174 3785 ‹‹
2207 3734 2270 3788 Οἱ
2318 3733 2640 3798 πεποιθότες
2701 3732 2788 3788 ἐπὶ
2838 3733 3034 3810 Κύριον
3087 3734 3161 3796 ὡς
3205 3729 3331 3809 ὅρος
3383 3733 3550 3790 Σιών.
3607 3756 3628 3783 ι
3663 3765 3734 3775 --

2073 3824 2161 3885 Ὡς
2185 3824 2248 3878 τὸ
2278 3818 2406 3900 ὄρος
2455 3824 2597 3878 Σιὼν
2644 3822 3003 3899 ὑπάρχουσιν,
3040 3823 3300 3902 ἀσφαλεῖς
3352 3819 3609 3892 δηλονότι
3637 3821 3729 3875 καὶ

2074 3912 2480 3989 ἀπερίτρεπτοι.

2151 4023 2174 4052 ι
2233 4000 2306 4056 Οὐ
2364 3999 2752 4071 σαλευθήσεται
2829 4000 2904 4062 εἷς
2975 4001 3066 4054 τὸν
3137 3999 3306 4054 αἰῶνα
3363 3999 3392 4054 6
3465 4003 3733 4054 κατοικῶν

2071 4088 2456 4166 Ἰερουσαλήμ.
2510 4112 2538 4140 ››
2585 4122 2655 4130 -
2703 4087 2776 4143 Οὐ
2824 4090 3284 4166 περιτραπήσεται
3331 4094 3438 4150 πᾶς
3487 4089 3515 4144 6
3544 4109 3732 4143 κατοι-

2070 4184 2180 4234 κῶν
2238 4177 2290 4234 ἐν
2367 4175 2734 4255 Ἰερουσαλήμ
2804 4179 2932 4254 παρ’
3005 4177 3135 4233 ὅλον
3198 4177 3578 4256 ἀφωρισμένον
3650 4177 3733 4232 αἰ-

2071 4289 2203 4326 ωνα.

2143 4382 2172 4410 ‹‹
2205 4358 2340 4434 Ὀρη
2399 4355 2593 4430 κύκλῳ
2648 4355 2840 4426 αὐτῆς·
2897 4357 2988 4411 καὶ
3046 4358 3075 4412 6
3134 4356 3329 4434 Κύριος
3385 4355 3574 4429 κύκλῳ
3627 4359 3726 4410 τοῦ

2073 4446 2208 4503 λαοῦ
2246 4446 2410 4502 αὐτοῦ
2455 4446 2560 4500 ἀπὸ
2610 4448 2707 4500 τοῦ
2754 4449 2844 4500 νῦν
2893 4447 2982 4500 καὶ
3034 4443 3136 4508 ἕως
3181 4450 3279 4500 τοῦ
3322 4445 3543 4508 αἰῶνος.
3595 4469 3623 4496 ››
3654 4479 3724 4487 ——

2068 4539 2225 4613 Ἔχει
2261 4537 2354 4610 μὲν
2386 4535 2476 4590 καὶ
2518 4535 2617 4604 τὴν
2669 4535 2774 4589 ἀπὸ
2819 4539 2926 4590 τῶν
2977 4535 3130 4612 πέριξ
3183 4534 3351 4612 ὀρέων
3402 4532 3720 4613 ἀσφάλειαν,

2069 4623 2187 4701 ἔχει
2218 4623 2276 4680 δὲ
2311 4624 2402 4679 καὶ
2431 4625 2529 4693 τὴν
2562 4623 2668 4678 ἀπὸ
2700 4629 2835 4679 Θεοῦ
2865 4621 3137 4702 φυλακήν.

307 4707 484 4772 λίταις
517 4729 635 4780 σου,
690 4705 836 4764 ἀλλά
881 4707 971 4764 καὶ
1020 4709 1126 4764 ἀπὸ
1163 4713 1272 4764 τῶν
1318 4711 1470 4786 πέριξ
1521 4709 1688 4774 ἐθνῶν
1736 4714 1853 4772 τοῖς
1886 4709 1962 4764 εἰ·-
1992 4699 2040 4764 Ῑ)
2101 4699 2258 4786 "fon
2317 4713 2416 4768 οὐκ
2473 4713 2670 4792 ἀφήσει
2731 4699 2928 4788 Κύριος
2978 4713 3077 4781 τήν
3139 4708 3337 4790 ῥάϐδον
3384 4717 3490 4768 τῶν
3543 4713 3725 4790 ἀμαρ-

306 4800 479 4874 ρήνην
539 4793 729 4872 ἔχουσι
789 4797 925 4871 μετά
978 4803 1074 4853 σοῦ
1107 4842 1120 4856 .
1180 4802 1354 4854 Ταῦτα
1413 4797 1471 4854 δὲ
1514 4798 1689 4854 πάντα
1743 4819 1961 4875 προφη-

299 4907 462 4943 τειαι.

379 4999 408 5029 ιε
439 4975 674 5030 Γενέσθω
707 4971 774 5043 δὴ
826 4973 1018 5052 εἰρήνη
1067 4975 1121 5030 ἐν
1169 4981 1239 5051 τῇ
1291 4975 1514 5051 δυνάμει
1547 4998 1664 5035 σου.
1700 5000 1728 5028 ››
1755 5011 1823 5019 -
1857 4977 1957 5032 Δύ-

302 5084 462 5138 ναμιν
517 5063 668 5139 λέγει
721 5061 851 5125 τοὺς
911 5065 1284 5141 στρατιώτας,
1344 5068 1427 5130 οἷς
1480 5065 1699 5140 εἰρήνην
1755 5069 1817 5122 τὸ
1880 5069 1955 5141 μή

301 5149 448 5228 ἔχειν
481 5150 774 5225 πολέμιον.

375 5241 533 5296 «Καὶ
585 5241 675 5296 εὐθ
757 5241 769 5262 ’
851 5240 874 5295 ἐ
1025 5247 1047 5257 '
1304 5239 1368 5298 ϐ’
1477 5244 1488 5263 ’
1881 5245 1923 5264 "

678 5261 807 5310 ηνια
877 5261 904 5294 ν
955 5263 1074 5304 ταις
1123 5264 1298 5320 πυργο
1342 5264 1488 5318 αρεσι
1538 5265 1654 5303 σου.
1687 5265 1714 5297 »
1750 5279 1818 5286 -
1858 5251 1957 5299 Ευ-

300 5330 509 5405 πραγία
536 5330 626 5385 καὶ
658 5327 898 5393 πλοῦτος
919 5335 1027 5386 τῶν
1060 5332 1440 5410 πυργωμάτων
1469 5336 1504 5404 ἡ
1541 5333 1838 5411 ὀχυρότης.

373 5443 402 5473 ‹‹
449 5425 643 5474 Ἕνεκα
695 5423 804 5474 τῶν
878 5417 1128 5497 ἀδελφῶν
1195 5443 1300 5495 μου
1374 5422 1464 5477 καὶ
1520 5427 1626 5477 τῶν
1705 5423 1956 5493 πλησίων

301 5529 407 5582 μου
465 5507 699 5564 ἐλάλουν
757 5505 824 5576 δὴ
885 5507 1109 5584 εἰρήνην
1166 5511 1290 5586 περὶ
1348 5516 1464 5567 σοῦ.
1518 5535 1645 5563 ››--
1689 5514 1746 5566 Ὁ
1791 5511 1954 5568 Δαυΐδ

296 5619 430 5676 φησι
490 5596 625 5673 πρὸς
695 5596 796 5665 τὴν
865 5596 1230 5672 Ἰερουσαλὴμ
1301 5597 1384 5654 ὅτι
1446 5601 1544 5654 Διὰ
1600 5599 1727 5663 τοὺς
1790 5602 1952 5675 ὁμο-

292 5692 466 5763 γενεῖς
531 5706 636 5760 μου
691 5685 1035 5760 Ἰσραηλίτας
1094 5687 1360 5764 ηὐχόμην
1421 5689 1644 5765 εἰρήνην
1708 5690 1760 5744 έν
1817 5692 1949 5764 σοὶ,

291 5775 385 5832 καὶ
431 5773 521 5831 διὰ
567 5774 658 5831 τὸν
718 5775 770 5829 ἐν
813 5774 898 5828 σοὶ
947 5775 1069 5831 ναὸν
1117 5781 1214 5832 τοῦ
1262 5781 1396 5833 Θεοῦ
1445 5775 1786 5853 ἑξῃτησάμην
1840 5778 1949 5834 ἰκε-

2068 4802 2263 4859 τωλῶν
2298 4802 2385 4859 ἐπὶ
2433 4804 2525 4858 τὸν
2575 4801 2783 4875 κλῆρον
2830 4806 2938 4857 τῶν
2982 4800 3228 4860 δικαίων.
3267 4827 3294 4853 ››
3325 4836 3395 4845 -
3423 4802 3602 4860 Αἷ’τίαν
3636 4799 3727 4857 λέ-

2067 4913 2149 4968 γει
2195 4900 2297 4962 τῆς
2345 4893 2405 4948 ἐκ
2478 4897 2611 4947 Θεοῦ
2671 4889 2918 4970 φυλακῆς
2954 4909 2969 4924 °
3030 4890 3398 4967 ἁμαρτωλοὺς
3478 4889 3536 4946 δέ
3593 4913 3725 4968 φησι

2066 4980 2194 5043 τοὺς
2218 4976 2429 5044 ἀσεϐεῖς
2484 4979 2574 5036 καὶ
2621 4979 2977 5055 παρανόμους
3029 4979 3215 5036 ὁποῖοί
3265 4979 3367 5035 εἰσι
3409 4981 3643 5057 πρώτως
3674 4979 3726 5035 οἱ

2069 5067 2345 5143 δαίμονες·
2382 5065 2579 5147 ῥάϐδον
2611 5066 2668 5124 δὲ
2694 5070 2795 5138 τὴν
2828 5067 3104 5145 βασιλείαν
3137 5069 3172 5138 ἢ
3199 5070 3266 5123 τά
3287 5067 3450 5124 ὅπλα”
3481 5066 3724 5132 δικαίους

2069 5155 2126 5214 δὲ
2154 5158 2284 5222 τοὺς
2316 5159 2369 5214 ἐν
2397 5159 2554 5232 νόμῳ
2579 5160 2847 5234 βιοῦντας.

2139 5273 2167 5299 ‹‹
2199 5250 2383 5312 Ὃπως
2428 5247 2488 5302 ἃν
2544 5249 2618 5321 μὴ
2675 5247 2980 5302 ἐκτείνωσιν
3027 5249 3084 5300 οἱ
3125 5245 3324 5302 δίκαιοι
3370 5247 3423 5302 ἐν
3470 5246 3724 5321 ἀνομίαις

2065 5343 2256 5413 χεῖρας
2307 5337 2504 5394 αὐτῶν.
2538 5357 2565 5389 ιο
2599 5370 2669 5378 -
2698 5339 2817 5391 Ἵνα
2862 5336 3122 5407 τοιαύτης
3167 5335 3534 5398 ἀπολαύοντες
3579 5338 3726 5410 παρά

2065 5430 2200 5480 Θεοῦ
2285 5425 2535 5504 φυλακῆς
2617 5427 2691 5498 μὴ
2772 5426 3012 5498 ἅψωνται
3099 5425 3443 5499 παρανομίας
3502 5474 3517 5498 ,
3579 5423 3725 5480 ἀλλὰ

2065 5515 2400 5591 θεραπεύωσι
2432 5515 2524 5569 τὸν
2558 5513 2863 5590 εὐεργέτην.

2141 5627 2164 5656 ι
2199 5604 2508 5680 Ἀγάθυνον,
2560 5602 2742 5676 Κύριε,
2790 5609 2908 5663 τοῖς
2957 5603 3176 5679 ἀγαθοῖς
3232 5606 3322 5660 καὶ
3368 5611 3484 5667 τοῖς
3545 5603 3719 5659 εὐθέσι

2061 5697 2130 5767 τῇ
2160 5690 2374 5767 καρδίᾳ.
2407 5726 2475 5736 —-
2505 5693 2712 5766 Ἀγαθὰ
2739 5691 2988 5762 ποίησον.

2135 5807 2161 5833 ‹‹
2195 5779 2329 5844 Τοὺς
2389 5777 2448 5835 δὲ
2500 5777 2845 5843 ἐκκλίνοντας
2896 5781 2972 5844 είς
3017 5782 3114 5845 τὰς
3168 5782 3528 5862 πραγγαλιάς
3581 5782 3720 5839 ἀπά-
