4066 6442
329 396 354 460 Ι
367 395 485 461 595

320 528 397 603 εει
426 528 623 609 Κύριος
653 527 786 607 μετᾶ
829 536 935 591 τῶν
982 532 1360 613 ἐργαζομένων
1407 539 1507 611 τήν
1552 540 1803 617 ἀνομίαν.
1847 566 1877 596 ››

316 619 562 710 ἈειτάξειΔ
590 620 666 710 εἰς
696 621 920 679 κόλασιν
953 625 1164 698 ὁμοίως
1191 632 1309 691 τοῖς
1358 628 1716 706 παρανόμοις.
1760 638 1967 710 Στραγ-

314 708 509 785 γαλιᾶς
543 706 600 765 δὲ
633 709 775 787 λέγει
801 714 897 775 τὰς
930 713 1310 786 σκολιότητας.

387 822 417 851 ‹‹
450 798 659 886 Εἰρήνη
689 799 777 855 ἐπὶ
811 802 1050 878 Ἰσραήλ.
1091 829 1112 856 ι
1149 838 1218 847 -
1247 804 1348 878 Εἰ¹η
1395 805 1674 878 δηλονότι.
1709 811 1966 886 Ἀρμόζει

314 883 374 942 δὲ
408 885 621 960 μᾶλλον
655 890 683 944 ὁ
712 888 932 964 ψαλμὸς
971 898 1090 956 τοῖς
1137 900 1445 951 κατοικοῦσι
1474 898 1575 967 τὴν
1627 883 1845 973 ὑψηλήν
1876 901 1968 956 καὶ

312 975 662 1054 ἆκαθαίρετον
714 979 1060 1053 Ἐκκλησίαν,
1112 986 1181 1053 ἧς
1225 983 1413 1059 κύκλῳ
1462 986 1513 1040 οἱ
1562 985 1770 1061 ὑψηλοὶ
1815 985 1965 1044 διδά-

311 1065 505 1121 σκαλοι
561 1067 896 1143 τειχίζοντες
964 1071 1131 1142 αὐτὴν
1200 1073 1291 1129 καὶ
1345 1072 1730 1153 φυλάσσοντες,
1788 1078 1879 1133 καὶ
1936 1079 1965 1134 6

314 1154 546 1230 Χριστὸς
578 1155 770 1233 κύκλῳ
797 1163 894 1214 τοῦ
936 1160 1072 1216 λαοῦ
1101 1161 1288 1219 αὐτοῦ.

884 1299 984 1350 ΨΔ
993 1301 1181 1353 ΛΜΟΣ
1230 1299 1394 1357 ΡΚΕ’.

386 1421 416 1450 ι(
476 1399 562 1454 Ἐν
618 1404 699 1472 τῷ
759 1399 1074 1478 ἐπιστρέψαι
1153 1403 1351 1482 Κύριον
1408 1407 1507 1476 τὴν
1575 1406 1962 1483 αἰχμαλωσίαν

315 1488 483 1558 Σιὼν,
515 1486 850 1563 ἐγενήθημεν
899 1490 1028 1546 ὡσεὶ
1075 1492 1578 1569 παρακεκλημένοι.
1631 1519 1659 1547 ››
1704 1528 1773 1540 —-
1814 1502 1967 1551 Ἑπι-

314 1577 634 1655 στραφέντες
693 1578 798 1634 ὑπὸ
855 1579 1055 1656 Κυρίου
1112 1582 1188 1645 εἰς
1246 1584 1347 1652 τὴν
1404 1584 1639 1660 πατρίδα
1691 1587 1856 1659 ἡμεῖς
1912 1586 1966 1640 οἱ

314 1664 666 1742 αἰχμάλωτοι
697 1674 797 1738 τῆς
829 1670 992 1743 Σιὼν,
1025 1669 1320 1747 ἐγενόμεθα
1350 1671 1469 1729 λίαν
1502 1670 1749 1747 εὔθυμοι.

386 1754 578 1811 «Τότε
633 1754 934 1834 ἐπληρώθη
996 1765 1175 1836 χαρᾶς
1227 1761 1291 1816 τὸ
1346 1762 1522 1836 στόμα
1566 1765 1746 1836 ἡμῶν,
1807 1763 1897 1818 καὶ
1926 1766 1961 1834 ἡ

312 1842 538 1919 γλῶσσα
590 1847 752 1919 ἡμῶν
812 1844 1209 1924 ἀγαλλιάσεως.
1271 1873 1301 1902 ιο
1347 1885 1417 1893 -
1464 1851 1830 1929 Χαρμοσύνων
1864 1851 1962 1929 ρη-

318 1934 526 2007 μάτων,
557 1931 875 2006 δηλούντων
904 1938 1004 2007 τήν
1033 1939 1207 2014 χαρὰν
1237 1946 1337 2010 τῆς
1368 1943 1576 2016 ψυχῆς.

385 2046 414 2075 ‹‹
469 2021 601 2078 Τότε
649 2023 859 2100 ἐροῦσιν
908 2025 961 2081 ἐν
1019 2032 1138 2091 τοῖς
1190 2026 1412 2084 ἔθνεσινο
1466 2030 1801 2106 Ἐμεγάλυνε
1857 2030 1961 2086 Κύ-

314 2130 431 2186 ριος
474 2117 572 2167 τοῦ
618 2120 845 2184 ποιῆσαι
900 2121 1014 2193 μετ’
1061 2116 1257 2174 αὐτῶν.
1313 2140 1345 2173 ι
1382 2152 1453 2160 -
1496 2119 1628 2175 Τότε
1671 2118 1851 2196 ἐροῦσι
1896 2119 1964 2175 τὰ

312 2196 461 2272 ἔθνη,
518 2200 742 2279 Μεγάλα
800 2202 1081 2281 εἰργάσατο
1137 2207 1166 2260 ὁ
1220 2204 1417 2282 Κύριος
1465 2204 1553 2263 διὰ
1598 2212 1695 2264 τοῦ
1734 2214 1961 2279 ποιῆσαι

312 2284 468 2352 ἕλεος
501 2291 618 2365 μετ’
645 2291 845 2350 αὐτῶν.

384 2404 414 2432 ‹‹
445 2379 775 2457 Ἐμεγάλυνε
815 2381 1013 2458 Κύριος
1058 2390 1157 2440 τοῦ
1205 2392 1434 2456 ποιῆσαι
1468 2387 1584 2460 μεθ’
1613 2389 1797 2461 ἡμῶν.
1835 2413 1857 2443 ι
1895 2419 1964 2436 -‹

1582 406 2006 474 NIGEPHORI
2047 409 2487 479 BLEMMIDE

1990 1917 2040 1983 B

2070 1968 2270 2029 αὐτῶν.
2304 1994 2335 2024 ››

2069 2057 2203 2132 νίας,
2234 2066 2336 2130 τῆς
2368 2057 2647 2123 εὐπαιδίας
2675 2058 2766 2115 καὶ
2793 2063 2903 2115 τῶν
2930 2055 3141 2114 ἄλλων.

3578 406 3737 477 1896

1907 577 1976 587 —
2002 547 2058 615 Α
2088 543 2517 621 σπουδαζόμενα,
2568 540 2715 603 ἀλλὰ
2757 542 2847 601 καὶ
2897 539 3151 621 διάδοχοι
3192 539 3404 601 ἔσονται
3434 539 3567 615 υἱοὶ,
3596 522 3739 616 κλῇ..

2078 655 2171 712 ρος
2196 641 2330 692 Θεοῦ
2359 634 2794 713 χρηματίζοντες
2825 631 2916 689 διὰ
2944 634 3041 703 τὴν
3076 628 3364 692 εὐσέϐειαν.

2147 748 2177 776 ‹‹
2211 723 2352 782 Ἰδοὺ
2402 726 2438 795 ἠ
2488 721 2838 801 κληρονομία
2884 721 3105 799 Κυρίου,
3157 723 3267 776 υἱοὶ
3315 722 3345 778 6
3391 722 3586 795 μισθὸς
3629 727 3735 779 τοῦ

2073 818 2285 889 καρποῦ
2313 821 2413 883 τῆς
2437 813 2694 890 γαστρός.
2727 834 2756 867 υ
2788 845 2860 855 —
2887 813 2944 865 Ὀ
2985 811 3199 884 μισθὸς,
3247 808 3416 888 ἤγουν
3447 814 3483 882 ἡ
3516 807 3731 885 ἀμοιϐή

2070 909 2172 972 τῆς
2219 901 2416 979 ἀρετῆς
2443 947 2458 974 ,
2507 904 2543 973 ή
2594 903 2701 957 ἀπὸ
2745 907 2846 972 τῆς
2913 899 3282 978 καρπογονίας
3342 906 3445 971 τῆς
3491 901 3732 978 γαστρὸς

2075 988 2310 1048 δοθεῖσα.

2145 1103 2174 1133 ‹‹
2207 1078 2349 1135 Ὧσεὶ
2413 1076 2551 1157 βέλη
2611 1080 2663 1136 ἐν
2719 1078 2867 1156 χειρί
2925 1075 3176 1149 δυνατοῦ,
3230 1076 3402 1141 οὕτως
3452 1077 3564 1134 υἱοὶ
3617 1082 3730 1134 τῶν

2075 1168 2551 1246 ἐκτετιναγμένων.
2605 1191 2636 1222 ››
2681 1173 2864 1231 -Ὡς
2915 1168 2983 1222 τὰ
3031 1164 3168 1243 βέλη
3218 1166 3272 1222 ἐν
3319 1165 3390 1242 τῇ
3438 1166 3591 1244 ’χειρὶ
3628 1172 3735 1224 τοῦ

2074 1256 2301 1313 δυνατοῦ
2348 1258 2625 1336 φαίνονται
2678 1250 2886 1337 φοϐερά
2931 1253 3023 1312 διὰ
3065 1257 3166 1326 τὴν
3224 1254 3437 1312 ἐκείνων
3480 1255 3678 1333 ρώμην
3716 1299 3734 1326 ,

2073 1346 2218 1402 οὕτω
2264 1347 2355 1403 καὶ
2403 1347 2457 1402 οἱ
2504 1346 2617 1402 υἱοὶ
2663 1350 2771 1403 τῶν
2832 1344 3290 1422 ἐκτετιναγμένων
3341 1344 3401 1401 ἐκ
3444 1351 3545 1410 τῆς
3599 1345 3737 1422 αἰχ-

2077 1435 2359 1510 μαλωσίας
2390 1431 2603 1492 ἔσονται
2646 1430 2873 1514 φοϐεροὶ
2918 1440 3038 1498 τοῖς
3081 1434 3304 1512 ἐχθροῖς
3333 1431 3422 1490 διὰ
3450 1436 3552 1504 τήν
3582 1436 3737 1508 ἅμα·

2072 1544 2175 1601 χον
2237 1525 2396 1601 ἰσχὺν
2449 1528 2548 1580 τοῦ
2605 1529 2762 1581 Θεοῦ.
2816 1528 3066 1579 Τοιοῦτοι
3122 1520 3183 1579 δὲ
3230 1523 3283 1579 οἱ
3328 1523 3467 1579 κατὰ
3515 1527 3739 1598 πνεῦμα

2073 1615 2205 1683 υἱοὶ,
2251 1619 2361 1669 τῶν
2410 1614 2516 1669 ἀπὸ
2564 1620 2668 1684 τῆς
2714 1611 3101 1690 αἰχμαλωσίας
3143 1617 3252 1668 τῶν
3316 1609 3590 1688 δαιμόνων
3635 1612 3739 1668 ἐκ-

2070 1702 2464 1780 τετιναγμένων
2520 1699 2860 1759 διδασκάλων
2919 1704 3104 1776 ἡμῶν,
3163 1696 3389 1780 φοϐεροὶ
3438 1707 3557 1764 τοῖς
3611 1698 3740 1757 δαί-

2119 1812 2258 1849 οσιν.

2119 1813 2258 1849 οσιν.

2076 1813 2117 1866 μ
2144 1905 2174 1935 (ι
2207 1880 2491 1958 Μακάριος
2528 1882 2588 1945 ὃς
2633 1880 2922 1958 πληρώσει
2971 1881 3072 1949 τήν
3124 1877 3412 1953 ἐπιθυμίαν
3461 1878 3630 1935 αὐτοῦ
3676 1878 3741 1951 ἐξ

2380 2004 2450 2014 -
2494 1971 2581 2042 Ἐξ
2630 1971 2806 2026 αὐτῶν
2850 1968 3286 2046 προειρημένων,
3344 1975 3444 2039 τῆς
3490 1968 3743 2046 ἀμεριμ-

2143 2172 2173 2201 ‹‹
2204 2148 2277 2204 Οὐ
2307 2150 2865 2225 καταισχυνθήσονται
2913 2142 3039 2203 ὅταν
3086 2144 3301 2204 λαλῶσι
3343 2151 3461 2209 τοῖς
3505 2146 3741 2223 ἐχθροῖς

2070 2236 2245 2293 αὐτῶν
2305 2236 2358 2293 ἐν
2415 2237 2583 2313 πύλῃ,
2620 2260 2642 2290 ι
2678 2269 2749 2280 —-
2804 2237 2873 2295 Οἱ
2926 2234 3325 2308 πληρώσαντες
3378 2237 3479 2305 την
3539 2235 3745 2291 ἐπιθυ-

2075 2325 2199 2400 μίαν
2242 2324 2416 2382 αὐτῶν
2474 2326 2527 2397 ἐξ
2585 2327 2659 2381 ὧν
2720 2323 2954 2403 έί¹ρηται.
3014 2326 3177 2389 Ἔθος
3236 2322 3296 2380 δὲ
3349 2327 3416 2394 ἦν
3464 2325 3574 2399 πρὸ
3622 2328 3741 2380 τῶν

2069 2416 2259 2471 πυλῶν
2289 2416 2391 2485 τῆς
2437 2414 2658 2479 πόλεως
2707 2412 3051 2491 διαλέγεσθαι
3101 2418 3222 2476 τοῖς
3247 2417 3356 2469 τῶν
3388 2413 3602 2490 ἐχθρων
3633 2412 3743 2489 ἆγ-

311 2469 533 2583 ξξιξρξαὶ
565 2464 735 2533 ὅντως
786 2468 1263 2551 ἐμεγαλούργησεν
1318 2474 1347 2529 ὁ
1393 2475 1546 2547 θεὸς,
1598 2475 1676 2539 ὡς
1726 2475 1793 2533 τά
1838 2472 1959 2548 ἔθνη
2070 2464 3742 2583 {512663193312183522;;nisi'ebfgz'gixlcélv

311 2556 468 2636 φασίν
478 2600 491 2612 .

384 2670 415 2699 (ι
448 2646 825 2723 Ἐπίστρεψον,
865 2649 1049 2725 Κύριε,
1095 2653 1195 2721 τήν
1244 2651 1633 2730 αἰχμαλωσίαν
1680 2655 1841 2728 ἡμῶν
1887 2654 1964 2717 ὡς

310 2735 650 2815 χειμάρρους
726 2736 779 2794 έν
833 2744 912 2812 τῷ
983 2739 1128 2814 νότῳ
1160 2784 1175 2799 .
1238 2764 1260 2793 ι
1323 2775 1394 2786 -
1450 2745 1727 2806 ’Ἃπαντας
1780 2743 1876 2817 μὶν
1936 2742 1966 2797 6

311 2824 509 2901 Κύριος
546 2826 673 2890 τοὺς
724 2826 1019 2892 Ἰουδαίους
1066 2828 1377 2896 ἐπανελθεῖν
1421 2829 1697 2888 ἐκέλευσεν
1747 2832 1824 2895 εἰς
1869 2837 1965 2889 Ἱε-

314 2913 626 2989 ρουσαλήμ·
657 2914 806 2973 ἀλλὰ
848 2916 1055 2975 πολλοὶ
1101 2919 1202 2987 τὴν
1251 2918 1304 2975 έν
1354 2916 1636 2977 Βαϐυλῶνι
1675 2922 1963 2998 παροικίαν

318 3004 606 3080 μοχθηρίᾳ
659 3006 890 3082 γνώμης
932 3007 1278 3084 προέκριναν,
1332 3009 1426 3073 οὓς
1474 3011 1565 3066 τὸν
1614 3009 1811 3087 Κύριον
1852 3009 1966 3066 έπι-

314 3092 530 3168 στρέψει
586 3095 722 3167 μετά
766 3093 988 3167 πολλῆς
1039 3097 1257 3175 ῥύμης,
1309 3099 1384 3161 ὡς
1437 3098 1565 3163 τοὺς
1627 3098 1965 3177 χειμάρρους

315 3178 539 3257 ῥύακας,
571 3180 662 3238 διὰ
705 3188 802 3240 τοῦ
851 3180 1207 3265 ὀμϐροφόρου
1253 3186 1434 3259 νότου,
1485 3188 1539 3245 οἳ
1586 3188 1968 3252 ἐπανελθόντες

312 3271 763 3331 καθικετεύουσιν,

387 3384 420 3414 ι(
475 3361 540 3417 Οἱ
593 3362 900 3438 σπείροντες
943 3362 995 3421 ἐν
1051 3362 1338 3441 δάκρυσιν,
1391 3365 1444 3423 ἐν
1502 3365 1827 3443 ἀγαλλιάσει
1884 3378 1969 3432 θε-

316 3453 513 3526 ριοῦσι.
573 3473 604 3504 ››
662 3484 730 3495 -
786 3454 960 3524 Φησὶν
1014 3454 1044 3509 6
1101 3452 1286 3511 Δαυΐδ·
1350 3476 1374 3507 ι
1433 3457 1497 3510 Οἱ
1548 3456 1683 3530 μετά
1720 3454 1968 3533 δακρύων

315 3537 497 3594 θεόθεν
544 3540 645 3610 τὴν
695 3541 968 3618 σωτηρίαν
1018 3542 1292 3608 αἰτοῦντες
1343 3544 1397 3600 έν
1442 3550 1591 3621 χαρᾷ
1640 3545 1704 3601 τὸ
1761 3543 1971 3619 αἴτημα

318 3625 593 3704 δέχονται.
622 3652 652 3681 ››

394 3742 416 3769 ι
467 3718 836 3797 Πορευόμενοι
886 3719 1210 3799 ἐπορεύοντο
1255 3721 1347 3778 καὶ
1398 3719 1614 3780 ἔκλαιον
1671 3720 1965 3799 βάλλοντες

317 3806 385 3862 τὰ
413 3806 694 3883 σπέρματα
735 3807 933 3866 αὐτῶν.
967 3833 997 3863 ››
1027 3843 1097 3853 -
1140 3811 1277 3867 ’Δπὸ
1324 3816 1423 3867 τοῦ
1465 3809 1762 3877 καθολικοῦ
1814 3813 1968 3887 μετέ·

318 3887 389 3966 ϐη
422 3892 579 3973 ’πρὸς
628 3896 693 3952 τὸ
745 3898 989 3975 μερικὸν,
1029 3900 1451 3977 Ἀπερχόμενοι,
1501 3899 1701 3977 λέγων,
1752 3901 1827 3965 εἰς
1866 3907 1968 3956 Βα-

319 3977 544 4041 ϐυλῶνα
593 3985 646 4041 οἰ
686 3984 1082 4063 αἰχμάλωτοι,
1133 3988 1454 4066 ἐπορεύοντο
1507 3989 1642 4064 μετᾶ
1687 3989 1971 4063 κλαυθμοῦ

321 4073 500 4138 θεόθεν
549 4073 826 4139 αἰτοῦντες
871 4077 971 4147 τήν
1022 4084 1123 4148 τῆς
1180 4077 1565 4155 αἰχμαλωσίας
1620 4076 1970 4155 ἀπαλλαγήν.

320 4162 783 4241 Ἐπανερχόμενοι
841 4164 900 4221 δὲ
952 4166 1170 4240 ἐκεῖθεν,
1229 4166 1449 4242 ἥξουσιν
1520 4168 1572 4224 ἐν
1631 4166 1971 4246 ἀγαλλιάσει,

319 4250 449 4315 τοὺς
502 4253 744 4332 καρποὺς
795 4259 904 4310 τῶν
967 4256 1102 4329 μετὰ
1153 4259 1356 4334 θρήνου
1386 4254 1621 4329 δεήσεων
1673 4256 1974 4331 κομιζόμε-

320 4360 433 4402 νοι.

901 4480 1204 4537 ΨΑΛΜΟΣ
1243 4480 1403 4538 PKZ'.

395 4585 585 4640 ιιἝᾶν
644 4586 719 4659 μή
778 4583 980 4662 Κύριος
1036 4583 1380 4661 οἰκοδομήσῃ
1435 4585 1606 4643 οἰκον.
1669 4608 1691 4637 ι
1751 4617 1821 4628 -—-
1874 4584 1973 4640 Τὸν

2073 3802 2191 3838 τεσι
2235 3788 2339 3853 τῆς
2395 3781 2571 3845 οἰκίας
2611 3802 2728 3841 σου.
2771 3805 2801 3835 ››

2070 2592 2161 2650 καὶ
2192 2593 2381 2671 ἐχθροὶ
2413 2594 2466 2650 οἱ
2499 2590 2827 2671 ἑτερόδοξοι.

2642 2718 2947 2776 ΨΔΛΜΟΣ
2996 2717 3155 2774 ΡΚΖ’.

2145 2831 2175 2860 ‹‹
2206 2806 2485 2884 Μακάριοι
2527 2808 2726 2870 πάντες
2772 2807 2825 2862 οἱ
2855 2801 3189 2886 φοϐούμενοι
3216 2805 3311 2861 τὸν
3344 2804 3567 2882 Κύριον.
3607 2829 3636 2858 .›
3668 2840 3736 2850 -

2074 2893 2179 2952 Κᾶν
2213 2893 2427 2969 δοῦλοι,
2452 2894 2547 2951 κᾶν
2580 2890 2870 2972 βάρϐαροι,
2899 2894 2996 2951 κᾶν
3027 2895 3319 2967 ἀνάπηροι.

2145 3009 2175 3038 ‹‹
2207 2985 2270 3039 Οἱ
2301 2980 2665 3058 πορευόμενοι
2713 2983 2765 3040 ἐν
2812 2988 2933 3048 ταῖς
2966 2981 3117 3047 ὁδοῖς
3155 2978 3341 3040 αὐτοῦ.
3380 3006 3410 3035 ››
3440 3015 3514 3027 --
3542 2985 3601 3038 '0
3630 2983 3731 3060 γὰρ

2073 3076 2126 3130 έν
2178 3072 2410 3147 ἀληθείᾳ
2462 3074 2553 3130 τὸν
2609 3074 2737 3129 Θεὸν
2797 3071 3141 3153 φοϐούμενος
3192 3071 3293 3135 τὰς
3346 3071 3517 3128 αὐτοῦ
3571 3076 3731 3150 τηρεῖ

2074 3162 2318 3226 ἐντολάς.

2148 3274 2179 3304 (ι
2211 3250 2354 3314 Τοὺς
2412 3250 2607 3314 πόνους
2661 3255 2769 3306 τῶν
2837 3253 3059 3328 καρπῶν
3118 3270 3214 3305 σου
3270 3251 3517 3328 φάγεσαι.
3578 3274 3609 3302 »
3668 3281 3740 3295 .—

2076 3340 2221 3417 Πρὸς
2275 3339 2369 3395 τὸν
2423 3334 2762 3416 φοϐούμενον
2817 3339 2911 3393 τὸν
2963 3338 3093 3394 Θεὸν
3145 3337 3331 3414 τρέπει
3385 3339 3478 3393 τὸν
3538 3335 3739 3414 λόγον.

2076 3427 2329 3505 Καρποῦς
2360 3425 2420 3483 δὲ
2447 3428 2540 3491 τὰς
2568 3426 2762 3505 χεῖράς
2788 3447 2974 3505 φησιν,
3006 3426 3067 3482 ἐκ
3098 3426 3297 3504 μέρους
3320 3426 3385 3483 τὸ
3411 3433 3537 3483 πᾶν.
3574 3428 3748 3501 μέρος

2076 3514 2135 3572 δὲ
2159 3519 2261 3587 τῆς
2298 3517 2485 3593 χειρὸς
2516 3517 2546 3572 6
2575 3514 2803 3592 καρπός.
2836 3516 2999 3592 Λέγει
3046 3519 3175 3592 γοῦν
3224 3514 3309 3571 ὅτι
3358 3515 3463 3578 Τὰς
3508 3514 3744 3593 πράξεις

2076 3601 2353 3681 κερδανεῖς
2363 3648 2376 3663 .

2148 3716 2181 3747 ‹‹
2208 3697 2270 3749 Ἠ
2298 3695 2432 3769 γυνή
2466 3714 2563 3749 σου
2608 3693 2682 3756 ὡς
2726 3690 2974 3768 ἄμπελος
3018 3691 3322 3762 εὐθηνοῦσα
3373 3692 3425 3748 ἐν
3463 3697 3587 3755 ταῖς
3614 3691 3748 3749 κλίε-

2850 3814 2921 3823 -
2974 3782 3039 3837 Ἠ
3089 3782 3228 3858 γυνή
3282 3801 3381 3847 σου
3438 3780 3756 3853 έύθηνοῦσα

2074 3871 2310 3940 τέκνοις,
2359 3871 2436 3934 ὠς
2483 3868 2732 3945 ἄμπελος
2787 3868 3032 3947 βότρυσι.
3083 3874 3210 3932 Τοῖς
3260 3869 3356 3943 μὲν
3406 3866 3499 3925 οῦν
3550 3891 3752 3944 σωμα-

2076 3963 2244 4022 τικῶς
2275 3956 2562 4022 Ἰουδαίοις
2608 3958 2831 4015 εὐκταῖα
2876 3954 3251 4029 καταλλήλως
3300 3958 3479 4033 ἀγαθὰ
3521 3958 3591 4013 τὰ
3630 3979 3751 4015 σω-

2083 4048 2318 4123 ματικά·
2370 4052 2453 4121 τῷ
2503 4045 2562 4103 δὲ
2608 4050 2963 4121 πνευματικῷ
3028 4042 3252 4122 Ἰσραὴλ
3302 4046 3442 4122 γυνή
3492 4046 3587 4121 μὲν
3656 4052 3757 4104 νοῖ

2079 4141 2117 4208 ἡ
2148 4136 2376 4213 σύζυγος
2414 4138 2593 4214 ψυχὴ,
2638 4140 2869 4211 κομῶσα
2917 4139 3039 4197 ταῖς
3090 4134 3330 4210 ἀρεταῖς,
3381 4134 3529 4191 οἰκία
3574 4133 3634 4190 δὲ
3685 4137 3755 4192 τὸ

2080 4229 2262 4301 σῶμα,
2294 4226 2403 4281 υἰοὶ
2435 4223 2494 4281 δὲ
2542 4227 2595 4281 οὶ
2631 4232 2732 4296 τῆς
2774 4218 3077 4287 θεοσεϐείας
3130 4223 3371 4297 μιμηταὶ
3412 4223 3503 4279 καὶ
3556 4221 3756 4281 διάδο-

2082 4336 2202 4393 χοι,
2251 4313 2546 4380 θάλλοντες
2597 4315 2649 4371 ἐν
2701 4313 2919 4386 αὐξήσει
2968 4319 3340 4387 πνευματικῆς
3386 4311 3611 4384 ἡλικίας
3656 4313 3760 4370 καὶ

2080 4404 2414 4468 κυκλοῦντες
2456 4404 2618 4461 αὐτὸν
2664 4400 2987 4460 δίδάσκοντα
3029 4401 3122 4458 καὶ
3171 4400 3419 4458 ἐσθίοντα
3462 4407 3582 4466 τοῖς
3629 4400 3757 4461 ἐδέ-

2085 4514 2252 4569 σμασι
2280 4491 2552 4570 λογικοῖς.

2160 4605 2191 4636 ‹‹
2238 4580 2381 4639 Ἰδοὺ
2424 4582 2599 4645 οὕτως
2644 4581 3071 4659 εὐλογηθήσεται
3119 4580 3414 4656 ἄνθρωπος
3471 4580 3501 4635 ὁ
3547 4574 3763 4658 φοϐού-

321 4675 449 4730 ναὸν
506 4674 599 4728 καὶ
646 4655 753 4743 ’τὴν
811 4655 974 4730 πόλιν
1034 4655 1325 4752 ἀρξάμενοι
1354 4655 1568 4745 ’κτίζειν
1623 4674 1676 4729 οἱ
1727 4672 1835 4729 ἀπὸ
1873 4678 1977 4742 τῆς
2007 4655 2056 4722 Ῑ)
2089 4692 2247 4746 μενος
2288 4672 2381 4727 τὸν
2422 4671 2642 4749 Κύριον.
2676 4693 2706 4723 »
2733 4655 2805 4713 -λ
2854 4666 3124 4743 Εὐλογίαν
3172 4655 3273 4739 τὴν
3322 4669 3486 4745 χάριν
3534 4655 3626 4723 καὶ
3657 4668 3758 4725 εὐ-

322 4760 711 4839 αἰχμαλωσίας
784 4762 1145 4828 ἀνασωθέντες
1177 4806 1193 4833 ,
1264 4761 1574 4819 ἐκωλύοντο
1647 4762 1797 4840 παρὰ
1868 4765 1977 4816 τῶν

322 4851 709 4927 γειτονούντων
788 4852 952 4908 ἐθνῶν
1027 4851 1161 4929 ἄχρι
1238 4852 1329 4908 καὶ
1383 4850 1928 4927 τεσσαρακονταετίας
1961 4891 1978 4919 ,

324 4940 419 5005 οὓς
475 4942 504 4997 6
554 4943 851 5018 Προφήτης
901 4939 989 4997 ἐπὶ
1034 4943 1126 4997 τὸν
1176 4942 1303 4998 Θεὸν
1355 4939 1708 5019 καταφεύγειν
1737 4936 1976 5010 σπεύδει,

321 5030 412 5086 καὶ
446 5032 524 5104 μή
554 5030 769 5109 θαρρεῖν
798 5035 870 5105 τῇ
902 5030 1075 5103 οἰκείᾳ
1099 5027 1336 5105 σπῡυδῇ.

396 5144 426 5171 ‹‹
456 5119 552 5182 Εἰς
613 5119 787 5193 μάτην
846 5119 1133 5175 ἐκοπίασαν
1192 5121 1245 5174 οἱ
1301 5116 1717 5193 οἰκοδομοῦντες
1747 5157 1764 5175 .
1822 5140 1852 5169 ››
1908 5149 1979 5160 -

324 5208 531 5263 Λοιπὸν
578 5210 624 5281 ᾦ
672 5206 814 5283 μηδὲ
841 5210 932 5265 τὸν
979 5210 1138 5286 ἄρτον
1188 5209 1371 5285 χωρὶς
1419 5206 1616 5278 ὀδύνης
1662 5205 1862 5262 ἐσθίετε
1904 5204 1980 5269 εἰς

328 5294 504 5369 μάτην
538 5297 664 5370 ὑμῖν
694 5298 895 5375 γίνεται
923 5298 988 5354 τὸ
1019 5298 1283 5375 ὀρθρίζειν
1315 5297 1392 5359 εἰς
1421 5298 1519 5366 τήν
1552 5293 1857 5369 οἰκοδομὴν
1887 5294 1978 5350 καὶ

324 5384 620 5461 ἐγείρεσθαι
650 5386 806 5450 εὐθὺς
837 5388 977 5462 μοτά
1002 5388 1066 5443 τὸ
1094 5389 1354 5457 καθῆσθαι
1384 5385 1475 5441 καὶ
1502 5385 1756 5461 ταχύνειν
1797 5384 1887 5440 ἐπὶ
1914 5383 1977 5439 τὸ

325 5471 505 5552 ἔργον.

401 5588 431 5618 ιι
459 5566 619 5620 Ὅταν
679 5562 758 5637 δῷ
810 5570 928 5628 τοῖς
987 5565 1293 5641 ἀγαπητοῖς
1348 5563 1514 5620 αὐτοῦ
1570 5562 1759 5621 ὕπνον.
1820 5586 1850 5615 ››
1907 5595 1979 5608 —-

326 5654 486 5707 Ὅταν
538 5655 567 5708 ὁ
617 5652 746 5715 Θεὸς
807 5650 885 5725 δῷ
929 5659 1048 5716 τοῖς
1093 5654 1472 5731 ἠγαπημένοις
1524 5652 1613 5708 ὑπ’
1664 5651 1828 5707 αὐτοῦ
1860 5648 1975 5708 ἄνευ

327 5761 408 5802 σιν
461 5743 550 5798 καὶ
596 5741 921 5821 ἀμεριμνίαν
952 5788 966 5817 ,
1014 5742 1075 5798 οὐ
1151 5742 1312 5819 μόνον
1366 5742 1855 5817 ἀπαρτισθήσονται
1910 5740 1980 5797 τὰ

2088 4758 2333 4837 εργεσίαν
2367 4759 2530 4838 φησὶν
2558 4758 2634 4823 ὠς
2666 4757 2937 4837 εὐφημίας
2963 4755 3133 4828 ἀξίαν.

2157 4847 2469 4925 Εὐλογήσαι
2516 4869 2575 4903 σε
2621 4846 2819 4924 Κύριος
2868 4845 2929 4902 ἐκ
2975 4845 3143 4900 Σιώψ
3173 4843 3266 4899 καὶ
3316 4841 3455 4907 ἴδοις
3500 4845 3569 4899 τὰ
3607 4845 3757 4921 ἀγα-

2085 4936 2153 4992 θὰ
2176 4935 2541 5012 Ἰερουσαλὴμ
2567 4935 2739 4999 πάσας
2760 4936 2856 4999 τὰς
2885 4934 3098 5010 ἡμέρας
3125 4939 3229 5003 τῆς
3262 4937 3407 5004 ζωῆς
3453 4952 3577 4991 σου.
3607 4954 3636 4988 ι
3677 4969 3760 4979 —-

2087 5026 2392 5081 Ἐπαινέσαι
2420 5029 2724 5103 χαριτῶσαι
2755 5025 2809 5096 ἐξ
2839 5023 3091 5101 οὐρανοῦ.

2161 5138 2191 5167 (ι
2219 5114 2320 5169 Καὶ
2350 5111 2489 5178 ἴδοις
2520 5113 2673 5177 υἱοὺς
2703 5118 2811 5168 τῶν
2845 5112 2977 5167 υἱῶν
3024 5131 3142 5166 σου.
3171 5143 3241 5154 -
3270 5109 3477 5186 Ἀγαθὰ
3501 5118 3603 5182 τῆς
3632 5113 3763 5171 ἄνω

2083 5205 2447 5280 Ἰερουσαλὴμ
2474 5202 2509 5257 ἃ
2542 5202 2827 5282 ὀφθαλμὸς
2857 5200 2956 5256 οὐκ
2986 5196 3149 5254 εἶδεν.

2158 5317 2188 5346 ι(
2237 5292 2447 5369 Εἰρήνη
2500 5291 2588 5347 ἐπὶ
2633 5292 2724 5347 τὸν
2776 5288 3019 5367 Ἰσραήλ.
3072 5312 3103 5340 ››
3142 5319 3213 5332 -ο
3260 5289 3469 5366 Εἰρήνη
3520 5288 3610 5344 ἐπὶ
3654 5290 3764 5347 τὰν

2084 5382 2449 5455 πνευματικὸν
2527 5379 2751 5459 Ἰσραὴλ
2804 5380 2869 5436 τὸ
2920 5384 3025 5449 τῆς
3099 5380 3290 5454 ψυχῆς
3346 5376 3485 5454 πρὸς
3544 5378 3757 5452 ἑαυτὴν

2086 5470 2456 5528 ἀστασίαστον.

2655 5561 2952 5617 ΨΑΛΜΟΣ
2999 5559 3168 5615 ΡΚΗ¹ο

2159 5671 2189 5703 ιι
2239 5648 2538 5712 Πλεονάκις
2597 5645 2947 5721 ἐπολέμησάν
3010 5665 3078 5720 με
3120 5643 3182 5701 ἐκ
3226 5643 3484 5716 νεότητός
3533 5667 3665 5719 μου.
3716 5669 3755 5704 ιο

2084 5772 2155 5784 —-
2182 5738 2476 5816 Προσώπῳ
2522 5742 2621 5795 τοῦ
2673 5736 2812 5795 λαοῦ
2858 5740 3027 5794 ταῦτα
3072 5732 3348 5800 πολλάκις
3392 5735 3753 5813 πολεμηθέν-
