4066 6470
329 437 485 504 189³7

1542 428 1961 495 EXPOSITIO
2001 427 2083 492 IN
2126 423 2518 490 PSALMOS.

3580 414 3741 483 1598

327 593 421 637 τος
465 568 613 650 παρᾶ
636 572 744 628 τῶν
786 563 1200 645 πλησιοχώρων
1252 563 1439 629 ἐθνῶν.
1472 563 1717 635 Νεότητα
1762 560 1822 618 δὲ
1881 559 1977 617 λέν
2004 563 2060 630 Α
2089 556 2179 650 διᾶι
2232 562 2330 615 τοῦ
2352 557 2643 650 *εἰπεῖνηα
2674 553 2812 650 ’ᾼπὸ
2862 547 3112 650 φυλακῆς
3170 548 3380 650 πρωίας
3443 548 3611 628 μέχρι
3638 571 3740 650 νυτ-

331 682 415 739 γει
438 662 538 731 τήν
568 660 748 737 ἀρχὴν
777 664 878 729 τῆς
909 657 1015 712 ἀπὸ
1045 650 1374 716 Βαϐυλῶνος
1402 650 1686 710 ἐπανόδου.

403 775 433 804 ‹‹
463 750 686 806 Είπάτω
740 746 808 817 δὴ
858 744 1099 823 Ἰσραήλ.
1163 767 1192 796 ››
1250 775 1321 786 -·
1365 741 1588 798 Είπάτω
1647 738 1973 818 διαρῥήδην,

331 838 481 902 ὅπως
533 842 699 915 γνῶσι
753 835 948 898 πάντες
1016 833 1105 912 ἀφ’
1162 830 1290 887 ο⁹ίων
1378 828 1641 888 κινδύνων
1716 829 1978 908 ἐρῤύσατο

330 931 482 1004 ἡμᾶς
513 929 543 983 6
571 927 723 990 Θεός.

410 1042 434 1071 ε
466 1017 567 1073 Καὶ
609 1015 715 1092 γὰρ
770 1013 871 1070 οὐκ
913 1008 1263 1084 ἠδυνήθησάν
1315 1030 1431 1085 μοι.
1478 1034 1499 1061 ι

332 1126 425 1163 σαν
458 1104 511 1162 ἐν
544 1104 690 1180 ἐμοί.

403 1219 434 1248 ι(
463 1194 587 1251 Ἐπὶ
614 1198 714 1250 τοῦ
741 1193 918 1248 νώτου
962 1211 1067 1265 μου
1118 1187 1413 1245 ἐτέκταινον
1463 1188 1518 1243 οἳ
1573 1186 1916 1264 ἁμαρτωλοί.
1947 1209 1978 1239 »

330 1316 402 1328 -—
430 1282 504 1339 Οὐ
557 1282 720 1357 μόνον
779 1284 1043 1359 φανερῶς,
1084 1276 1232 1334 ἀλλὰ
1287 1274 1379 1334 καί
1433 1276 1646 1355 ἀφανῶς
1698 1275 1980 1332 κατεσκεύ-

330 1377 459 1444 αζον
493 1372 745 1448 μηχανὰς
776 1368 868 1424 καὶ
898 1362 1198 1430 ἐπιϐουλὰς
1219 1366 1303 1423 ἐπ’
1334 1365 1481 1440 ἐμοί.

401 1484 431 1514 ‹‹
465 1459 800 1536 Ἐμάκρυναν
860 1458 958 1527 τήν
1018 1456 1249 1531 ἀνομίαν
1306 1455 1507 1512 αὐτῶν.
1538 1476 1570 1507 ››
1600 1486 1671 1498 -
1702 1452 1824 1508 Ἐπὶ
1877 1474 1982 1528 μα-

331 1551 460 1627 κρὸν
493 1547 695 1626 χρόνον
725 1545 1033 1620 ἐπολέμουν
1066 1565 1180 1620 μοι.

407 1664 437 1693 ‹‹
470 1638 667 1716 Κύριος
718 1635 926 1700 δίκαιος
979 1637 1269 1710 συνέκοψεν
1295 1634 1530 1711 αὐχένας
1561 1632 1925 1710 ἁμαρτωλῶν.
1954 1656 1984 1685 ››

334 1761 407 1773 —-
446 1722 723 1784 Κατέϐαλε
768 1726 869 1795 τήν
911 1723 1237 1800 ὑψαυχενίαν
1267 1727 1374 1779 τῶν
1423 1720 1625 1785 ἀδίκως
1669 1720 1984 1797 πολεμούν-

333 1838 443 1874 των
471 1814 945 1893 ἐπικρατεστέρους
977 1816 1212 1886 ποιήσας
1243 1815 1414 1887 ἡμᾶς.

1549 1041 1618 1052 -
1663 1007 1774 1063 Οὐκ
1828 1005 1983 1084 ἴσχυ-

2085 649 2233 712 κτός·
2268 671 2299 702 ››
2329 647 2469 719 ὅλης
2525 644 2809 718 δηλονότι,
2865 643 2955 699 καὶ
3006 641 3171 698 πάλιν
3229 640 3580 719 ἐπαναγαγεῖν
3632 640 3738 696 ἀπὸ

2085 736 2334 818 φυλακῆς
2362 736 2573 815 πρωίας
2603 736 2693 792 καὶ
2724 735 2800 798 εἰς
2827 735 2891 790 τὸ
2917 734 3040 805 ἑξῆς
3073 729 3313 803 δηλαδή.

2160 852 2189 883 ‹‹
2218 830 2339 884 Ὅτι
2366 824 2622 903 παρᾶτῷ
2652 824 2833 902 Κυρίῳ
2879 824 2942 879 τὸ
2991 821 3144 885 ἕλεος
3198 821 3289 877 καὶ
3344 820 3534 891 πολλὴ
3593 840 3736 896 παρ-

2088 918 2235 990 αὐτῷ
2280 915 2574 995 λύτρωσις.
2611 938 2642 968 ››
2671 946 2741 957 -
2780 914 2944 990 ΙΙηγὴ
2997 912 3101 989 γὰρ
3159 912 3316 974 οὗτος
3359 910 3594 988 ὑπάρχει
3646 909 3741 966 λυ-

2086 1007 2363 1083 τρώσεως.

2161 1121 2192 1152 (ι
2220 1097 2322 1153 Καὶ
2379 1095 2541 1159 αὐτὸς
2600 1094 2933 1171 λυτρώσεται
2987 1092 3080 1147 τὸν
3127 1087 3347 1168 Ἰσραὴλ
3423 1088 3484 1145 ἐκ
3554 1090 3742 1143 πασῶν

2087 1190 2196 1243 τῶν
2245 1185 2490 1260 ἀνομιῶν
2540 1183 2740 1240 αὐτῶν.
2796 1206 2819 1235 ι
2874 1214 2944 1225 —-
2979 1177 3148 1257 Εἷίπερ
3200 1179 3229 1235 6
3278 1175 3497 1256 Ἰσραὴλ
3551 1176 3631 1240 εἷς
3676 1176 3742 1233 τὸ

2090 1276 2216 1349 ἑξῆς
2246 1275 2614 1353 εὐαρεστήσει.

2685 1382 2980 1437 ΨΑΛΜΟΣ
3021 1378 3142 1434 PA'.

2164 1496 2193 1526 ‹‹
2227 1472 2409 1549 Κύριε,
2451 1470 2560 1547 οὐχ
2615 1470 2803 1545 ὑψώθη
2836 1470 2873 1539 ἡ
2922 1464 3118 1545 καρδία
3170 1487 3297 1541 μου.
3332 1489 3361 1517 ››
3391 1498 3461 1509 —-
3511 1459 3742 1519 Σπεύδει

2094 1564 2123 1618 6
2148 1559 2370 1637 ψαλμὸς
2406 1561 2482 1633 μή
2514 1558 2847 1636 ἐπαίρεσθαι.

2165 1675 2195 1705 ‹‹
2227 1647 2364 1706 Οὐδὲ
2414 1646 2879 1725 ἐμετεωρίσθησαν
2939 1647 2992 1702 οἱ
3058 1642 3337 1724 ὀφθαλμοί
3417 1663 3544 1718 μου.
3594 1664 3623 1693 ››
3676 1672 3749 1686 --

2094 1740 2206 1796 Οὐκ
2232 1741 2505 1796 ἀνέσπασα
2530 1738 2628 1800 τὰς
2663 1736 2834 1816 ὀφρῦς
2863 1736 2915 1808 ἐξ
2948 1734 3337 1813 ὑπερηφανίας.

2170 1854 2194 1883 «ι
2223 1826 2360 1885 Οὐδέ
2388 1826 2684 1901 ἐπορεύθην
2727 1826 2778 1882 ἐν
2833 1825 3104 1902 μεγάλοις,
3140 1821 3267 1880 οὐδέ
3315 1821 3369 1879 ἐν
3425 1820 3749 1895 θαυμασίοις

409 1930 439 1998 (ξ
469 1906 925 1998 Αἴσχρνθήτωςταν
1009 1902 1101 1959 καὶ
1181 1902 1683 1998 ἀποστραφήτωσξλγ
1758 1900 1836 1998 ei?
1917 1902 1986 1998 Ta}
2017 1932 2066 1998 Β
2097 1920 2230 1997 ὑπὲρ
2287 1916 2405 1993 ἐμὲ.
2448 1900 2497 1969 υ
2554 1949 2596 1959 -
2643 1913 2781 1972 Οὐδὲ
2830 1900 2949 1978 τοῖς
3006 1911 3245 1986 ἐνδόξοις
3301 1911 3392 1968 καὶ
3447 1911 3747 1984 ἀξιωματι-

337 1995 513 2052 δπίσω
562 1993 754 2057 πάντες
800 1994 853 2049 οῖ
906 1997 1185 2068 μισοῦντες
1238 1991 1404 2048 Σιώνυ
1437 2014 1569 2063 ’ὀ-
1614 1989 1874 2067 Ἃρμόζει
1918 1992 1988 2046 τὰ
2017 1989 2063 1998 ”
2096 1989 2236 2078 κοῖς,
2283 1989 2330 2078 ἢ⁷
2369 2011 2487 2069 τοῖς
2536 2005 2625 2061 ἐπὶ
2671 2002 2899 2078 πλούτῳ
2945 2000 3397 2077 θαυμαζομένοις,
3447 1996 3750 2073 ἐπεθύμουν

333 2088 432 2141 τοῦ
461 2082 709 2159 ψαλμοῦ,
739 2082 831 2138 καὶ
876 2082 1001 2158 περὶ
1056 2087 1159 2153 τῆς
1193 2078 1515 2153 Ἐκκλησίας
1572 2077 1824 2154 λέγεσθαι
1880 2083 1989 2135 τῶν

334 2177 539 2231 πιστῶν
551 2216 564 2231 .

409 2286 442 2316 ‹‹
472 2263 856 2334 Γενηθήτωσαν
888 2261 1018 2316 ὡσεὶ
1064 2259 1267 2336 χόρτος
1299 2256 1590 2334 δωμάτων.
1624 2282 1654 2312 ››
1688 2291 1760 2306 -σ
1805 2258 1990 2333 Εὐμα-

342 2349 672 2427 ραντότατος
698 2350 802 2428 γὰρ
832 2350 1010 2413 οὗτος.

419 2464 449 2493 ‹‹
478 2441 553 2495 Οὗ
611 2438 712 2495 οὐκ
766 2437 1059 2513 ἐπλήρωσε
1111 2439 1210 2508 τὴν
1269 2442 1434 2514 χεῖρα
1484 2436 1650 2494 αὐτοῦ
1686 2438 1716 2492 6
1747 2435 1996 2513 θερίζων,

346 2529 438 2585 καὶ
492 2526 585 2585 τόν
639 2526 848 2585 κόλπον
907 2525 1073 2584 αὐτοῦ
1111 2528 1140 2583 6
1166 2526 1236 2583 τὰ
1289 2524 1576 2603 δράγματα
1630 2523 1931 2603 συλλέγων.
1963 2548 1993 2578 ››

346 2624 646 2696 -Ἦγουν
700 2618 759 2674 ’ὀν
816 2616 917 2673 οὐκ
973 2615 1178 2692 ἐθέρισέ
1233 2636 1318 2679 τις
1372 2616 1448 2680 ὡς
1530 2613 1996 2695 προδιαφθαρθέν-

343 2729 432 2764 τα.
914 2760 916 2765 .

410 2821 441 2849 ‹‹
471 2795 572 2851 Καὶ
627 2793 727 2851 οὐκ
783 2793 932 2850 εἷπον
988 2795 1042 2849 οἳ
1091 2791 1430 2870 παράγοντες
1482 2790 1729 2871 Εὐλογία
1788 2794 1992 2871 Κυρίου

339 2884 420 2967 ἐφ’
479 2886 641 2959 ὑμᾶς.
676 2908 707 2937 »
749 2917 820 2930 -—-
874 2883 977 2940 Καὶ
1037 2883 1120 2962 ἐφ’
1162 2883 1225 2940 οὗ
1272 2883 1477 2959 χόρτου
1534 2883 1633 2940 οὐκ
1690 2883 1988 2962 εὐλόγησαν

333 2974 462 3038 τοὺς
491 2974 797 3052 θερίζοντας
825 2974 881 3027 οἱ
917 2970 1331 3050 παροδεύοντες,
1365 2972 1440 3036 ὡς
1487 2970 1606 3035 ἔθος
1655 2972 1709 3028 ἐν
1766 2977 1847 3046 τῷ
1904 2984 1990 3038 θε-

334 3067 538 3141 ρισμῷ,
560 3067 657 3118 τοῦ
687 3061 905 3137 ὡρίμου
935 3061 1143 3139 χόρτου
1170 3060 1261 3117 καὶ
1290 3061 1664 3140 καρποφόρου.

403 3176 432 3203 ‹‹
464 3149 859 3227 Εὐλογήκαμεν
893 3150 1033 3225 ὑμᾷς
1072 3149 1124 3206 ἐν
1184 3148 1413 3223 ὀνόματι
1470 3149 1694 3226 Κυρίου.
1727 3173 1758 3203 ››
1786 3183 1857 3194 --
1886 3152 1987 3208 Καὶ

329 3239 488 3303 οὗτος
534 3244 642 3295 τῶν
692 3236 1100 3313 παροδευόντων
1135 3239 1164 3295 6
1213 3236 1400 3315 λόγος,
1451 3236 1762 3315 Ἐὐλογίαν,
1796 3239 1983 3317 λεγόν-

325 3349 455 3402 των,
512 3328 810 3403 ῄνιξάμεθα
866 3328 994 3398 ὑμῖν
1053 3326 1105 3383 ἐν
1155 3331 1234 3400 τῷ
1316 3325 1688 3394 ἐπικαλεῖσθαι
1746 3328 1838 3384 τὸν
1886 3329 1986 3385 Κύ-

331 3437 471 3493 ριον.

902 3528 1202 3581 ΨΔΛΜΟΣ
1240 3525 1403 3582 ΡΚΘ’.

401 3631 555 3686 «Ἐκ
612 3629 816 3707 βαθέων
877 3628 1133 3707 ἐκέκραξά
1190 3651 1301 3699 σοι,
1359 3627 1545 3705 Κύριε,
1600 3632 1786 3708 Κύριε,
1837 3631 1982 3687 εἰσά-

327 3738 523 3775 κουσον
551 3721 653 3789 τῆς
684 3721 870 3797 φωνῆς
905 3739 1030 3793 μου.
1072 3742 1094 3770 »
1127 3751 1198 3762 --
1226 3720 1321 3775 Ἐκ
1361 3717 1558 3796 βάθους
1605 3716 1853 3797 καρδίας,
1884 3722 1987 3779 οὐκ

329 3807 380 3882 ἐξ
411 3803 590 3883 ἄκρων
623 3807 879 3885 χειλέων.

404 3919 428 3950 ι
464 3896 589 3952 Ἐὰν
660 3896 892 3970 ἀνομίας
966 3898 1381 3975 παρατηρήσῃς,
1438 3897 1622 3975 Κύριε,
1698 3898 1783 3962 τίς
1848 3899 1983 3955 ὑπο-

327 3987 622 4056 στήσεται;
668 4009 691 4037 ιι
752 4016 823 4028 -
877 3984 999 4041 Ἐὰν
1058 3985 1290 4059 ἀνομίας
1345 3985 1519 4050 πάσας
1577 3987 1844 4063 ἐξετάσῃς,
1900 3987 1983 4050 τίς

328 4074 592 4149 ὑπομενεῖ
645 4074 746 4144 τὴν
802 4070 1038 4144 ἐξέτασιν
1088 4073 1331 4145 ταύτην;
1393 4074 1477 4131 ὅτι
1535 4076 1683 4151 παρὰ
1754 4078 1841 4132 σοὶ
1897 4072 1983 4132 ὅν-

320 4183 430 4227 τως
482 4163 536 4219 ἐν
596 4162 682 4219 σοί
740 4161 881 4218 ἐστιν
914 4164 943 4218 6
973 4160 1148 4226 ἔλεος·
1209 4161 1295 4219 διὸ
1357 4166 1492 4237 μετὰ
1528 4161 1748 4244 φειδοῦς
1805 4164 1979 4238 ἐξετά-

328 4256 456 4323 ζεις.

400 4362 429 4396 α
455 4343 672 4398 Ἕνεκεν
701 4345 799 4396 τοῦ
829 4339 1099 4414 ὀνόματός
1148 4362 1245 4397 σου
1303 4341 1569 4417 ὑπέμεινά
1623 4363 1701 4414 σε,
1733 4342 1916 4421 Κύριε.
1951 4367 1981 4397 ››

325 4461 398 4473 -
444 4430 518 4485 Ού
579 4426 669 4485 διὰ
720 4429 790 4485 τὰ
837 4428 1236 4507 κατορθώματά
1312 4452 1419 4504 μου
1494 4428 1876 4509 προσεδόκησά
1924 4454 1984 4489 σε

328 4521 585 4595 Σωτῆρα,
615 4516 744 4575 ἀλλ’
767 4515 859 4575 ⁸ίνα
893 4519 970 4593 μὴ
1002 4515 1330 4594 ἐξουδενωθῇ
1360 4520 1425 4576 τὸ
1462 4514 1642 4594 ϐνομά
1692 4541 1788 4575 σου
1834 4521 1983 4597 παρᾶ

328 4610 438 4663 τῶν
481 4605 788 4682 πολεμίων,
821 4607 897 4670 ὡς
961 4607 1036 4682 μή
1096 4605 1392 4683 δυνάμενον
1451 4610 1643 4679 σώζειν
1696 4610 1788 4665 τὸν
1844 4608 1978 4666 λαόν

330 4717 448 4752 σου.

402 4808 434 4836 ‹‹
465 4782 774 4858 Ὑπέμεινεν
833 4788 869 4855 ἡ
928 4787 1081 4861 ψυχή
1142 4807 1247 4860 μου
1307 4786 1386 4850 εἰς
1438 4787 1531 4843 τὸν
1573 4784 1743 4863 λόγον
1799 4809 1917 4845 σου.
1952 4810 1980 4840 ιι

331 4907 400 4916 -
429 4871 676 4929 ’Ήλπισα
732 4873 811 4936 εἷς
856 4874 958 4943 τήν
1017 4873 1308 4952 ὑπόσχεσίν
1365 4897 1485 4949 σου,
1518 4873 1602 4931 ὅτι
1630 4876 1822 4940 σώσεις
1850 4877 1989 4939 τοὺςκ

329 4961 745 5038 εὐαρεστοῦντάς
779 4960 865 5017 σοι
894 4961 985 5018 καὶ
1013 4961 1141 5027 τοὺς
1175 4969 1586 5039 μετανοοῦντας.

400 5075 431 5104 ‹‹
459 5048 722 5108 Ἦλπισεν
752 5053 787 5121 ἠ
819 5054 973 5127 ψυχή
1037 5073 1142 5127 μου
1199 5052 1287 5109 ἐπὶ
1342 5054 1434 5111 τὸν
1466 5052 1687 5131 Κύριον.
1713 5078 1743 5108 ››
1776 5088 1846 5098 —
1873 5054 1984 5111 Οὐκ

328 5137 406 5201 είς
438 5136 580 5194 ἄλλο
607 5160 661 5194 τι
688 5142 798 5194 τῶν
827 5136 1102 5196 ἀπάντων.
1904 5139 1908 5142 ⁴

401 5251 431 5279 ‹‹
463 5225 602 5284 ’Δπὸ
659 5225 907 5307 φυλακῆς
964 5225 1178 5305 πρωίας
1239 5229 1404 5307 μέχρι
1455 5232 1646 5295 νυκτὸς
1705 5230 1981 5287 ἐλπισάτω

329 5314 553 5391 Ἰσραὴλ
612 5315 701 5371 ἐπὶ
773 5315 866 5371 τὸν
946 5315 1165 5394 Κύριον.
1227 5342 1257 5371 ››
1311 5352 1384 5364 --
1440 5320 1702 5391 Φυλακῆν
1765 5317 1978 5397 πρωίας

331 5401 589 5478 ὀνομάζει
646 5405 710 5460 τὸ
761 5403 1070 5462 τελευταῖον
1128 5408 1565 5485 τεταρτημόριον
1616 5412 1717 5479 τῆς
1762 5409 1978 5480 νυκτὸς,

327 5493 404 5556 ὡς
432 5494 530 5563 τὴν
563 5490 774 5571 πρωίαν
832 5491 943 5564 ἤδη
1003 5495 1230 5568 μηνύον,
1270 5499 1361 5552 καὶ
1419 5497 1594 5574 λῆγον
1650 5498 1729 5561 εἷς
1784 5498 1976 5569 αὐτήν.

329 5587 589 5660 Παραινεῖ
640 5581 819 5637 τοίνυν
897 5579 1138 5653 ἐλπίζειν
1214 5585 1305 5640 τὸν
1383 5580 1554 5651 ὅντως
1612 5587 1836 5664 Ἰσραὴλ
1890 5585 1980 5642 ἐπὶ

330 5669 498 5746 μόνον
554 5669 648 5727 τὸν
704 5670 901 5745 Κύριον
954 5673 1083 5746 παρ’
1112 5670 1250 5744 ὅλην
1309 5678 1476 5747 ζωήν·
1538 5673 1821 5747 δεδήλωκε
1873 5676 1978 5752 γὰρ

326 5766 429 5831 τήν
515 5757 922 5840 κυκλοφορικὴν
1003 5759 1255 5837 περίοδον
1319 5764 1520 5829 παντὸς
1579 5764 1978 5843 ἠμερονυκτίου

2097 2094 2632 2174 συναναστρέφεσθαι,
2681 2097 2798 2156 τοῖς
2870 2092 3015 2167 ὑπὲρ,
3068 2092 3166 2166 ἐμὲ
3211 2088 3384 2160 οὖσιν,
3431 2088 3469 2158 ἢ
3526 2091 3748 2162 νομιζο-

2104 2188 2308 2262 μένοις.

2178 2300 2201 2329 α
2236 2275 2302 2332 Εἰ
2336 2274 2411 2349 μή
2444 2270 2945 2351 ἐταπεινοφρόνουν,
2970 2268 3117 2327 ἀλλὰ
3171 2268 3363 2343 ὕψωσα
3412 2269 3514 2338 τὴν
3564 2265 3749 2342 ψυχήν

2109 2387 2234 2441 μου.
2313 2387 2343 2417 ››
2394 2397 2464 2407 —-
2529 2359 2859 2425 ’Δσυνδέτως
2944 2359 3035 2416 καὶ
3119 2353 3436 2436 ὑπερϐατῶς
3512 2357 3755 2431 ἀναγνω-

2104 2455 2281 2512 στέον.
2327 2453 2449 2510 Ἐἀν
2500 2451 2601 2508 οὐκ
2642 2448 2796 2526 ἤμην
2842 2448 3241 2528 ταπεινόφρων,
3271 2447 3348 2510 ὡς
3391 2448 3456 2502 τὸ
3499 2447 3600 2515 τῆς
3650 2445 3757 2515 θη-

2106 2543 2211 2615 λῆς
2242 2541 2353 2615 ἤδη
2385 2541 2730 2618 ἀπεχόμενον
2765 2541 2963 2619 βρέφος
2994 2538 3084 2595 ἐπὶ
3112 2539 3209 2608 τὴν
3269 2537 3461 2592 ἑαυτοῦ
3520 2532 3750 2610 μητέρα,

2105 2631 2251 2690 ἀλλᾶ
2293 2632 2557 2710 ἐπήρθην,
2605 2626 2777 2695 ὅντως
2828 2626 3093 2700 ἀποδοίης
3143 2627 3221 2690 εἷς
3260 2627 3362 2697 τῆν
3407 2626 3592 2701 ψυχήν
3647 2643 3754 2697 μου

2101 2723 2204 2793 τῆν
2234 2716 2472 2796 ἀμοιϐήν
2502 2727 2604 2792 τῆς
2635 2718 2930 2797 ἐπάρσεως.

2174 2836 2203 2865 ‹‹
2239 2810 2545 2867 Ἐλπισάτω
2601 2807 2829 2888 Ἰσραὴλ
2886 2805 2974 2864 ἐπὶ
3034 2806 3127 2862 τὸν
3203 2803 3400 2880 Κύριον
3474 2803 3582 2860 ἀπὸ
3651 2805 3750 2860 τοῦ

2097 2906 2191 2958 νῦν
2217 2903 2308 2957 καὶ
2334 2897 2440 2963 ἕως
2467 2903 2565 2956 τοῦ
2594 2898 2816 2962 αἰῶνος.
2847 2921 2876 2951 ››
2908 2930 2979 2940 -
3008 2897 3142 2971 Ἐμὲ
3175 2894 3532 2971 μιμούμενοι.

2668 3011 2966 3063 ΨΑΛΜΟΣ
3006 3006 3175 3061 ΡΛΔ’.

2173 3120 2203 3151 α
2232 3098 2538 3169 Μνήσθητι,
2595 3094 2777 3173 Κύριε,
2831 3098 2930 3151 τοῦ
3011 3089 3196 3165 Δαυῒδ,
3253 3090 3343 3149 καὶ
3421 3089 3600 3163 πάσης
3644 3095 3750 3161 τῆς

2093 3186 2408 3265 πραότητος
2463 3185 2649 3242 αὐτοῦ.
2699 3208 2728 3239 ››
2778 3216 2848 3227 -
2900 3181 3148 3241 Ἱκετεύει
3199 3182 3227 3237 6
3282 3180 3344 3237 ἐκ
3385 3187 3489 3251 τῆς
3544 3179 3751 3255 αἰχμα-

2015 3301 2058 3369 C
2096 3275 2304 3338 λωσίας
2346 3272 2654 3332 ἐπανελθὼν
2705 3272 2860 3343 λαὸς,
2894 3273 3179 3340 ἀναστῆναι
3226 3269 3319 3325 τὸν
3371 3267 3529 3342 λαὸν,
3561 3267 3609 3324 εἰ
3655 3268 3748 3324 καὶ

2098 3366 2175 3439 μὴ
2235 3361 2305 3419 δι’
2355 3362 2572 3436 αὐτοὺς,
2602 3360 2750 3420 ἀλλά
2801 3383 2864 3439 γε
2920 3358 3022 3416 διὰ»
3062 3360 3155 3416 τὸν
3212 3357 3485 3436 πρόγονον
3540 3357 3749 3413 τούτων

2095 3451 2260 3510 Δαυῗδ
2308 3455 2354 3526 ᾦ
2384 3456 2421 3525 ἡ
2469 3452 2717 3530 πραότης
2766 3447 2939 3507 εἷίτουν
2988 3448 3295 3521 ἀνεξικακία
3349 3452 3561 3525 προσῆν
3611 3445 3750 3503 κατὰ

2093 3543 2157 3601 τὸ
2187 3543 2476 3620 ἐξαίρετον.

2165 3634 2257 3697 Ὦς
2315 3631 2502 3708 ὤμοσε
2556 3628 2636 3705 τῷ
2691 3627 2898 3708 Κυρίῳ,
2936 3624 3132 3703 ηὔξατο
3187 3631 3269 3701 τῷ
3316 3630 3433 3700 Θεῷ
3462 3619 3681 3685 Ἰακώϐ.
3716 3646 3749 3678 ››

2095 3755 2164 3768 -
2202 3723 2486 3795 Μνήσθητι
2539 3720 2707 3777 αὐτοῦ
2755 3722 2877 3782 πῶς
2935 3716 3239 3794 ὑπέσχηται
3298 3720 3379 3788 τῷ
3434 3714 3642 3793 Κυρίῳ,
3673 3713 3749 3770 Οὐ

2098 3814 2175 3886 μή
2232 3814 2452 3883 ποιήσω
2495 3807 2623 3867 τόδε
2675 3807 2768 3865 καὶ
2826 3804 2950 3864 τόδε
3003 3803 3107 3869 ἕως
3139 3805 3202 3861 οὗ
3252 3803 3394 3879 εὕρω
3439 3802 3609 3861 τόπον
3666 3803 3749 3875 τῷ

2091 3902 2277 3978 Κυρίῳ
2323 3901 2468 3972 ἄξιον
2521 3899 2597 3962 εἲς
2636 3898 2702 3954 τὸ
2749 3899 3017 3969 σκήνωμα
3069 3894 3235 3951 αὐτοῦ
3288 3896 3388 3949 τοῦ
3448 3895 3584 3950 Θεοῦ
3648 3892 3753 3948 Ἰα-

2091 3985 2230 4061 κὼϐ,
2262 3986 2388 4058 ἤτοι
2423 3989 2501 4052 εἰς
2529 3989 2630 4058 τὴν
2661 3981 2921 4043 κιϐωτόν.

2163 4102 2193 4131 ‹‹
2222 4075 2364 4134 Ἰδοὺ
2437 4076 2747 4149 ἠκούσαμεν
2824 4072 2992 4143 αὐτὴν
3053 4072 3106 4128 ἐν
3178 4069 3435 4151 Ἐφραθά”
3516 4068 3746 4147 εὕρομεν

2090 4165 2257 4236 αὐτὴν
2307 4165 2360 4220 ἐν
2404 4170 2523 4228 τοῖς
2569 4161 2781 4227 πεδίοις
2816 4166 2915 4219 τοῦ
2945 4159 3176 4238 δρυμοῦ.
3210 4184 3239 4215 ››
3273 4193 3343 4204 --
3396 4164 3501 4215 Τοῦ
3550 4160 3747 4238 Ἐφρα-

2093 4253 2161 4321 θά
2193 4254 2342 4312 οἶκος
2391 4252 2654 4326 δηλονότι
2691 4250 2940 4309 καλεῖται
2986 4255 3023 4322 ἡ
3072 4249 3349 4323 Βηθλεέμ,
3371 4248 3610 4329 φέρουσα
3648 4251 3748 4305 τοῦ

2092 4342 2573 4421 προκατασχόντος
2621 4336 2813 4416 ὄνομα.
2873 4340 3049 4411 Φησὶν
3107 4336 3223 4411 οὖν,
3257 4338 3341 4395 ὅτι
3399 4337 3673 4409 ἐζήλωσεν
3716 4337 3746 4392 ὑ

2091 4429 2278 4506 Δαυῒδ,
2308 4431 2399 4488 καὶ
2447 4431 2624 4503 ἐζήτει
2669 4429 2837 4487 τόπον
2885 4426 3163 4486 κατοικίαν
3206 4431 3286 4501 τῷ
3313 4421 3555 4500 κιϐωτῷ,
3583 4446 3749 4483 τουτ-

2092 4522 2205 4578 ἐστι
2257 4521 2405 4577 ναόν·
2497 4517 2686 4590 ἐπειδή
2761 4518 3071 4595 ἠκούσαμεν
3147 4517 3255 4573 ἀπὸ
3338 4521 3446 4572 τῶν
3517 4518 3745 4594 Γραφῶν

2092 4610 2382 4688 ἐνεχθῆναι
2441 4609 2607 4680 αὐτὴν
2667 4609 2746 4673 εἷς
2799 4610 2900 4678 τήν
2944 4606 3221 4682 Βηθλεὲμ,
3250 4605 3342 4662 καὶ
3371 4603 3538 4661 πάλιν
3596 4601 3749 4680 εὐρο-

2014 4675 2062 4741 D
2097 4675 2219 4774 μενῆ
2399 4704 2506 4755 τῶν
2563 4675 2789 4778 Ϊ¹ραφῶν
2842 4675 3216 4771 αὐλιζομένην
3287 4694 3454 4764 αὐτὴν
3517 4692 3572 4749 ἐν
3626 4675 3748 4758 τοῖς

2090 4787 2300 4851 πεδίοις
2357 4793 2455 4845 τοῦ
2511 4785 2742 4865 δρυμοῦ,
2785 4786 2877 4843 καὶ
2931 4784 3068 4861 τῇδε
3111 4786 3328 4841 κάκεῖσε
3379 4782 3747 4862 περιφερομέ-

2090 4899 2210 4950 νην,
2243 4875 2334 4934 διὰ
2360 4878 2423 4932 τὸ
2457 4880 2531 4952 μή
2566 4878 2704 4933 εἶναι
2728 4876 2895 4933 τόπον
2931 4875 3308 4954 ἀφωρισμένον
3332 4872 3492 4946 αὐτῇ.

2166 4990 2195 5020 ι(
2227 4962 2679 5041 Εἰσελετσώμεθα
2723 4965 2799 5029 εἷς
2851 4966 2919 5021 τὰ
2965 4965 3300 5039 σκηνώματα
3354 4961 3538 5018 αὐτοῦ·
3572 4980 3744 5038 προσ-

2092 5058 2414 5130 κυνήσωμεν
2476 5055 2553 5119 εἷς
2609 5056 2702 5111 τὸν
2760 5054 2928 5111 τόπον
2977 5051 3039 5109 οὗ
3087 5051 3311 5125 ἔστησαν
3353 5052 3408 5107 οἱ
3435 5047 3599 5113 πόδες
3656 5048 3750 5105 αὐ-

2089 5149 2208 5202 τοῦ.
2270 5167 2299 5197 n
2355 5178 2425 5187 ——
2483 5148 2825 5224 Πρυφητεῖαι
2897 5147 3086 5215 ταῦτα,
3135 5141 3220 5198 ὅτί
3293 5141 3646 5212 ἀναστήσεται
3714 5139 3745 5195 6

2092 5229 2245 5306 λαὸς,
2313 5233 2420 5292 ,καὶ
2507 5232 2903 5289 εἰσελεύσονται
2978 5232 3069 5287 καὶ
3143 5231 3583 5306 προσγυνήσουσι
3651 5226 3743 5283 καὶ

2091 5319 2474 5399 λατρεύσουσιν
2502 5323 2580 5385 ὡς
2606 5322 2671 5378 τὸ
2719 5322 3005 5398 πρότερον.
3036 5319 3159 5376 Εἰσὶ
3209 5317 3268 5375 δὲ
3321 5319 3414 5374 καὶ
3458 5322 3558 5373 τοῦ
3617 5323 3748 5393 Χρι-

2090 5415 2219 5466 στοῦ
2262 5413 2598 5485 σκηνώματα
2643 5412 2697 5466 οἱ
2743 5410 2796 5467 ἐν
2847 5409 3177 5485 Παλαιστίνῃ
3229 5407 3415 5467 τόποι.
3458 5406 3636 5471 Τόπος
3686 5404 3746 5463 δὲ

2090 5497 2227 5556 ὅπου
2259 5498 2486 5572 ἔστησαν
2524 5501 2574 5556 οἱ
2604 5496 2768 5563 πόδες
2800 5500 2987 5573 αὐτοῦ,
3021 5501 3049 5554 6
3080 5497 3331 5574 σταυρός.

2160 5612 2191 5641 ‹‹
2239 5587 2542 5662 Ἀνάστηθι,
2614 5587 2795 5664 Κύριε,
2847 5588 2922 5650 εἷς
2988 5589 3089 5658 τήν
3152 5585 3446 5643 ἀνάπαυσίν
3504 5607 3623 5656 σου,
3675 5583 3741 5641 σὺ

2089 5677 2181 5733 καὶ
2229 5680 2265 5748 ἠ
2308 5673 2544 5741 κιϐωτὸς
2594 5681 2692 5733 τοῦ
2747 5676 3081 5754 ἁγιάσματός
3142 5698 3260 5733 σου.
3314 5700 3343 5730 ››
3378 5708 3449 5719 --
3501 5675 3592 5739 Εἷς
3635 5676 3737 5746 τὴν

2088 5764 2380 5822 ἀνάπαυσίν
2436 5787 2553 5839 σου,
2609 5764 2880 5841 τουτέστιν
2936 5765 3012 5829 εἰς
3068 5765 3160 5822 τὸν
3217 5764 3342 5820 ναόν
3398 5783 3516 5838 σου,
3563 5759 3737 5842 ἤγουν
