4066 6456
366 382 516 444 1601
1581 391 1988 456 EXPOSITIO

2119 404 2120 407 “
2167 400 2554 467 PSALMOS.
2661 470 2663 473 τ
3620 428 3772 492 1602

363 512 539 635 αἰτίαν
570 520 673 585 τῆς
711 516 970 591 γενέσεως
1014 519 1051 588 ἡ
1102 514 1296 595 δρόσος
1348 517 1509 590 αὕτη,
1541 517 1732 597 δρόσον
1766 523 2011 601 Ἀερμὼν
2042 535 2098 602 Α
2124 530 2215 584 καὶ
2244 531 2334 586 τὸν
2369 534 2470 608 Ὣγ
2532 536 2758 611 βασιλέα
2810 548 2911 613 τῆς
2964 548 3160 616 Βασάν,
3190 547 3280 604 καὶ
3326 552 3498 617 πάσας
3527 557 3621 620 τὰς
3673 560 3770 635 βας

363 599 454 635 ι.,.ι
499 624 614 635 ---η
642 604 809 635 ...ξ-,ιη
2177 616 2197 635 κ
2250 620 2261 635 1
2379 627 2418 635 --
2543 624 2551 635 .
2906 631 2914 635 -

360 599 614 659 ἐκάλεσεν
641 604 834 677 αὐτήν.
2120 616 2326 682 σιλείας
2377 624 2609 684 Χαναάν.
2644 652 2671 678 ››

430 715 460 744 ιι
491 694 613 747 Ὅτι
658 693 770 748 ἐκεῖ
817 692 1120 751 ἐνετείλατο
1164 696 1361 772 Κύριος
1400 699 1501 768 τὴν
1550 698 1827 776 εὐλογίαν,
1865 703 2008 772 ζωὴν

355 776 460 843 ἕως
507 786 605 837 τοῦ
656 783 877 847 αἰῶνος.
925 805 954 838 υ
1001 819 1073 828 —
1128 787 1295 857 Ἐκεῖ,
1346 788 1618 844 τουτέστιν
1668 789 1720 845 ἐν
1767 795 1837 865 τῇ
1895 793 2010 865 μεθ’

356 870 620 942 ὁμονοίας
678 872 911 945 οἰκήσει,
950 875 1042 929 καὶ
1107 877 1208 946 τήν
1264 874 1428 932 αὐτοῦ
1483 875 1645 954 χάριν
1705 877 2009 936 ἐνετείλατο

357 958 495 1014 εἶναι
533 960 562 1014 6
593 958 789 1037 Κύριος
819 962 909 1018 καὶ
943 965 1087 1033 ζωὴν
1123 968 1354 1042 μακράν.

924 1104 1223 1154 ΨΑΛΜΟΣ
1264 1106 1426 1159 ΡΛΓ’.

431 1222 461 1253 ‹‹
487 1197 628 1256 Ἰδοὺ
659 1199 725 1271 δὴ
760 1201 1037 1280 εὐλογεῖτε
1065 1203 1157 1260 τὸν
1196 1204 1416 1283 Κύριον,
1457 1208 1651 1271 πάντες
1695 1209 1750 1263 οἱ
1815 1206 2007 1266 δοῦλοι

355 1289 578 1364 Κυρίου,
620 1292 674 1346 οἱ
725 1291 951 1356 ἑστῶτες
1011 1291 1064 1348 ἐν
1116 1293 1253 1367 οἷ’κῳ
1290 1295 1515 1371 Κυρίου,
1564 1296 1616 1352 ἐν
1674 1295 1866 1361 αὐλαῖς
1924 1296 2006 1353 οἷ’-

352 1398 453 1432 κου
510 1383 644 1434 Θεοῦ
700 1383 882 1454 ἡμῶν.
930 1405 953 1433 ι
1007 1415 1078 1425 -
1133 1382 1283 1439 Ἐπεὶ
1334 1385 1363 1439 6
1416 1384 1666 1459 πόλεμος
1739 1386 2005 1443 πέπαυται

349 1465 441 1521 καὶ
468 1467 497 1521 6
525 1468 649 1531 ναὸς
688 1467 782 1524 σὺν
839 1474 910 1545 τῇ
967 1469 1130 1526 πόλει
1188 1470 1612 1548 ἀνῳκοδόμητο,
1643 1477 2004 1552 προτρέπεται

350 1556 381 1610 6
419 1553 643 1630 ψαλμὸς
702 1557 1042 1636 εὐχαριστεῖν
1089 1559 1172 1616 ἀεὶ
1227 1582 1307 1635 τῳ
1346 1566 1462 1635 Θεῷ
1516 1562 1646 1626 τοὺς
1703 1562 2004 1642 πληρωτὰς

346 1649 456 1700 τῶν
493 1645 659 1700 αὐτοῦ
716 1645 949 1703 ἐντολῶν
1008 1656 1108 1720 τῆς
1166 1649 1218 1704 ἐν
1266 1655 1347 1723 τῷ
1391 1650 1505 1725 ναῷ
1553 1654 1790 1716 στάσεως
1824 1654 2008 1726 ἠξιω-

353 1731 546 1805 μένους
614 1733 903 1791 ἀνατείνειν
987 1739 1085 1800 τὰς
1152 1744 1344 1814 χεῖρας
1413 1740 1491 1803 εἰς
1558 1741 1626 1796 τὰ
1672 1744 1834 1818 Ἅγια
1897 1748 2005 1798 τῶν

348 1820 541 1896 ἁγίων,
586 1824 662 1896 μὴ
716 1823 881 1898 μόνον
928 1824 980 1880 ἐν
1034 1826 1292 1902 ἡμέραις,
1323 1825 1471 1884 ἀλλὰ
1513 1830 1605 1885 καὶ
1655 1829 1707 1886 ἐν
1744 1833 1876 1906 νυξὶ,
1907 1831 1998 1887 καὶ

348 1910 752 1986 ἀγρυπνοῦντας
809 1913 1071 1993 εὐφημεῖν
1122 1917 1213 1972 τὸν
1260 1918 1413 1993 Θεὸν,
1463 1919 1579 1975 εἶτα
1644 1920 2001 1997 ὑπερεύχεται

256 2026 260 2031 ο
344 1997 572 2057 τούτων.

918 2141 1212 2195 ΨΑΛΜΟΣ
1253 2141 1415 2199 ΡΛΔ’.

419 2263 450 2293 ‹(
481 2239 693 2297 Αἰνεῖτε
717 2240 781 2297 τὸ
830 2236 1007 2316 ὄνομα
1051 2245 1269 2322 Κυρίου,
1302 2245 1500 2303 αἰνεῖτε
1547 2246 1736 2306 δοῦλοι
1797 2249 1993 2328 Κύριον

345 2329 399 2384 οἱ
445 2329 672 2393 ἐστῶτες
720 2330 772 2386 ἐν
821 2327 960 2406 οἰίκῳ
1006 2333 1231 2410 Κυρίου,
1286 2334 1338 2391 ἐν
1398 2334 1592 2400 αὐλαῖς
1657 2334 1810 2393 οἷ’κου
1860 2344 1995 2395 Θεοῦ

342 2420 522 2492 ἡμῶν.
580 2418 791 2475 Αἰνεῖτε
834 2420 928 2476 τὸν
974 2421 1194 2500 Κύριον,
1227 2422 1310 2480 6'1:
1360 2425 1558 2502 ἀγαθὸς
1612 2425 1831 2501 Κύριος.
1866 2452 1895 2481 ››
1925 2462 1996 2471 —

340 2512 465 2570 Τοῖς
493 2509 597 2584 γὰρ
632 2510 708 2582 μή
744 2508 969 2566 ἑστῶσιν
1001 2509 1054 2567 ἐν
1086 2513 1165 2586 τῷ
1201 2518 1315 2587 ναῷ
1344 2513 1443 2570 οὐκ
1491 2514 1610 2592 ἐξῇν
1667 2516 1852 2591 ὑμνεῖν
1898 2518 1991 2574 τὸν

341 2595 491 2653 Θεόν.

418 2708 442 2738 ι
474 2684 699 2741 Ψάλατε
743 2691 824 2761 τῷ
876 2687 1103 2763 ὀνόματι
1144 2690 1308 2747 αὐτοῦ
1359 2691 1444 2747 6'1:
1485 2691 1677 2751 καλόν.
1713 2717 1743 2746 ››
1780 2727 1850 2738 -
1884 2701 1990 2750 Κα-

341 2773 439 2830 λὸν
493 2776 556 2831 τὸ
602 2773 834 2850 ψάλλειν
893 2782 1028 2852 Θεῷ·
1078 2780 1323 2857 καθαίρει
1382 2782 1486 2857 γὰρ
1524 2787 1623 2838 τοῦ
1679 2781 1990 2857 ψάλλοντος

341 2864 442 2932 τὴν
475 2866 686 2939 ψυχήν.

414 2975 445 3006 ‹‹
474 2954 593 3009 "01:
648 2953 739 3009 τὸν
801 2950 996 3010 Ἰακὼϐ
1054 2955 1328 3030 ἐξελέξατο
1387 2960 1561 3034 ἐαυτῷ
1617 2962 1646 3015 6
1704 2962 1925 3040 Κύριος.
1959 2987 1989 3016 ››

341 3075 410 3086 -
438 3040 636 3097 Ἰακὼϐ
667 3041 922 3117 ὀνομάζει
959 3045 1051 3100 τὸν
1096 3045 1149 3117 ἐξ
1195 3042 1387 3103 Ἰακὼϐ
1429 3050 1769 3126 κατηγμένον
1831 3050 1987 3123 λαὸν,

339 3131 399 3186 ὃν
458 3129 518 3185 ἐκ
571 3130 785 3188 πάντων
840 3137 948 3189 τῶν
1005 3133 1169 3191 ἐθνῶν
1226 3134 1499 3212 ἐξελέξατο
1557 3140 1648 3194 καὶ
1726 3141 1983 3213 ἀνέθηκεν

339 3219 514 3292 ἐαυτῷ
542 3221 571 3275 6
601 3220 820 3297 Κύριος,

411 3330 442 3362 ιι
470 3308 691 3384 Ἰσραὴλ
745 3310 820 3374 εἰς
865 3314 1287 3390 περιουσιασμὸν
1338 3315 1531 3390 ἐαυτῷ.
1566 3341 1596 3371 ››
1636 3351 1706 3361 —-
1754 3325 1980 3397 Περιου-

226 3466 231 3471 1
333 3396 563 3479 σιασμόν
627 3420 759 3477 φησι
837 3401 937 3471 τήν
1003 3403 1336 3479 περιουσίαν,
1401 3407 1502 3476 τὴν
1576 3396 1839 3484 ὕπαρξιν,
1887 3409 1980 3465 τὸν

330 3484 409 3542 πλ
416 3490 572 3543 οῦτον
582 3532 594 3545 .

408 3597 438 3627 ιι
463 3577 580 3631 Ὅτι
640 3576 750 3653 ἐγὼ
816 3575 1029 3655 ἔγνωκα
1086 3580 1171 3637 6'1:
1240 3584 1407 3661 μέγας
1464 3587 1493 3640 6
1551 3586 1770 3664 Κύριος,
1804 3589 1894 3644 καὶ
1952 3590 1981 3645 ὁ

332 3661 533 3740 Κύριος
573 3667 732 3739 ἡμῶν
785 3670 932 3743 παρὰ
977 3670 1180 3734 πάντας
1225 3671 1353 3736 τοὺς
1398 3674 1574 3738 θεούς.
1629 3661 1650 3728 ἦ
1698 3710 1769 3720 -
1818 3679 1978 3755 Ἐγὼ,

333 3753 519 3830 φησὶν,
570 3749 779 3831 ἔγνωκα
841 3752 1221 3835 ἀκριϐέστερον
1281 3764 1381 3832 τὴν
1439 3762 1830 3841 μεγαλωσύνην
1881 3749 1980 3823 τοῦ

332 3845 489 3896 Θεοῦ·
560 3846 670 3899 τῶν
742 3845 847 3921 γὰρ
921 3842 1338 3919 ἀναϐεϐηκότων
1425 3851 1564 3908 ἐστὶν
1639 3856 1676 3925 ἡ
1750 3854 1977 3927 τοιαύτη

331 3935 553 4008 γνῶσις.

403 4043 433 4073 ιι
466 4018 643 4076 Πάντα
721 4020 821 4077 ὅσα
900 4022 1166 4096 ἠθέλησεν
1215 4029 1244 4083 6
1316 4028 1537 4102 Κύριος,
1592 4031 1844 4104 ἐποίησεν
1923 4034 1976 4090 ἐν

326 4112 408 4182 τῷ
456 4108 669 4182 οὐρανῷ
704 4110 794 4165 καὶ
844 4111 898 4166 ἐν
940 4111 1011 4187 τῇ
1056 4117 1154 4190 γῇ,
1184 4114 1238 4171 ἐν
1285 4122 1408 4181 ταῖς
1443 4118 1735 4185 θαλάσσαις
1784 4123 1873 4178 καὶ
1923 4123 1975 4179 ἐν

328 4196 524 4261 πάσαις
595 4203 715 4262 ταῖς
783 4194 1059 4265 ἀϐύσσοις.
1110 4226 1140 4254 ››
1198 4237 1267 4246 --
1316 4204 1597 4271 Θαλάσσας
1665 4210 1761 4283 μὶν
1827 4209 1979 4288 λέγει

326 4285 457 4350 τοὺς
507 4283 800 4367 διαφόρους
852 4288 1096 4354 κόλπους
1141 4286 1409 4358 ἀϐύσσους
1457 4291 1516 4350 δὲ
1560 4298 1629 4352 τὰ
1673 4283 1977 4374 κατώτατα,

326 4377 395 4430 τὰ
422 4375 820 4452 ἀνεξερεύνητα.

405 4488 434 4518 ιι
468 4465 712 4543 Ἀνάγων
765 4466 992 4548 νεφέλας
1050 4469 1102 4542 ἐξ
1173 4470 1416 4549 ἐσχάτων
1486 4482 1586 4547 τῆς
1660 4483 1783 4554 γῆς.
1835 4502 1865 4533 »
1909 4514 1979 4523 —

329 4555 392 4614 Ὁ
415 4554 468 4627 ἐξ
511 4554 676 4612 αὐτοῦ
719 4561 818 4613 τοῦ
855 4559 1166 4616 κατωτάτω
1220 4562 1420 4637 βάθους
1462 4567 1563 4634 τῆς
1600 4572 1703 4642 γῆς
1764 4568 1979 4644 βαρείας

326 4643 557 4723 νεφέλας
590 4646 931 4722 μετεωρίζων
945 4695 953 4705 .

406 4735 769 4808 αἈστραπὰς
836 4737 915 4801 εἰς
986 4739 1136 4795 ὑετὸν
1207 4738 1482 4811 ἐποίησεν.
1536 4766 1566 4796 ››
1609 4776 1680 4787 -
1721 4745 1817 4809 Εἰς
1881 4747 1974 4803 τὸν

329 4823 481 4911 ὑετὸν
512 4822 734 4911 ἐποίησε
762 4825 852 4881 καὶ
882 4827 1178 4903 ἀστραπὰς,
1218 4829 1309 4885 καὶ
1354 4830 1423 4886 τὰ
1477 4833 1741 4911 φθαρτικὰ
1796 4832 1976 4908 ἀλλή-

326 4910 460 4983 λων,
490 4912 554 4967 τὸ
583 4909 730 4989 ὕδωρ
760 4914 851 4970 καὶ
876 4915 939 4970 τὸ
968 4920 1098 4994 πῦρ,
1129 4919 1272 4993 ὁμοῦ
1310 4909 1695 4998 συνετήρησεν.

400 5024 431 5054 ιι
461 5003 518 5055 '0
575 4999 774 5079 ἐξάγων
830 5003 1063 5080 ἀνέμους
1118 5005 1178 5063 ἐκ
1233 5010 1517 5085 θησαυρῶν
1574 5011 1759 5068 αὐτοῦ.
1819 5039 1849 5068 ››
1909 5047 1976 5058 --

328 5089 643 5166 Θησαυροὺς
722 5091 887 5148 αὐτοῦ
964 5093 1112 5172 λέγει
1183 5096 1310 5160 τοὺς
1380 5099 1727 5179 ἀποκρύφους
1772 5103 1976 5168 τόπους

327 5176 445 5268 δθεν
478 5178 788 5268 ἐξέρχονται
820 5183 872 5237 οἱ
902 5180 1117 5259 ἄνεμοι,
1148 5188 1185 5257 ἢ
1235 5187 1310 5248 ὡς
1367 5186 1428 5243 ἐκ
1473 5176 1758 5268 θησαυρῶν
1812 5193 1977 5248 αὐτοῦ

328 5261 418 5319 διὰ
444 5264 509 5319 τὸ
539 5262 764 5323 εὔκολον
791 5271 890 5338 τῆς
923 5268 1225 5347 ἐξαγωγῆς.

400 5376 431 5406 ‹‹
458 5353 557 5443 Καί
623 5353 963 5425 ἐξαπέστειλε
1036 5368 1239 5434 σημεῖα
1299 5363 1389 5418 καὶ
1464 5365 1661 5440 τέρατα
1716 5366 1767 5422 ἐν
1828 5368 1977 5443 μέσῳ

327 5461 449 5513 σου,
477 5439 737 5517 Αἴγυπτε.
774 5471 803 5500 ››
830 5480 899 5491 --
926 5448 996 5503 T6
1049 5448 1102 5504 ἐν
1161 5453 1313 5524 μέσῳ
1364 5453 1429 5508 τὸ
1477 5439 1759 5532 πανταχοῦ
1812 5439 1979 5529 δηλοῖ

324 5531 417 5587 καὶ
442 5530 507 5586 τὸ
545 5538 810 5609 φανερῶς.

397 5643 427 5674 ιι
453 5623 545 5684 Ὃς
596 5619 847 5695 ἐπάταξεν
911 5625 1035 5699 ἔθνη
1087 5628 1275 5685 πολλά
1336 5632 1426 5686 καὶ
1481 5632 1754 5688 ἀπέκτεινε
1822 5637 1973 5711 βασι-

325 5708 443 5776 λεῖς
493 5711 802 5791 κραταιοὺς,
847 5715 940 5772 τὸν
1003 5719 1160 5793 Σηὼν
1211 5719 1437 5798 βασιλέα
1482 5722 1574 5777 τὸν
1608 5708 1971 5803 Ἀμορραίων,

2701 662 2772 673 -
2828 631 2964 696 Τοὺς
3016 636 3289 712 ἡγεμόνας
3343 646 3451 697 τῶν
3502 631 3767 705 τοιούτων

2120 706 2309 772 ἐθνῶν.

2192 821 2221 850 ιι
2254 798 2435 876 Κύριε,
2482 802 2546 859 τὸ
2622 801 2797 882 ὄνομά
2868 832 2964 866 σου
3038 814 3114 878 εἰς
3178 817 3270 873 τὸν
3326 820 3516 878 αἰῶνα·
3561 824 3652 881 καὶ
3700 828 3763 883 τὸ

2123 887 2470 960 μνημόσυνόν
2532 914 2626 949 σου
2678 896 2760 983 Δεἷς
2818 902 3000 975 γενεάν
3054 903 3144 959 καὶ
3200 910 3405 983 γενεάν.
3459 936 3488 964 ››
3541 943 3611 957 -
3665 919 3765 973 Διά

2115 980 2303 1077 ταῦτα,
2346 980 2498 1058 φησί,
2546 983 2608 1037 τὸ
2656 979 2832 1060 ὄνομά
2880 1011 2975 1045 σου
3019 994 3109 1048 καὶ
3155 997 3190 1065 ἡ
3243 1000 3435 1073 μνήμη
3487 1023 3583 1058 σου
3614 1003 3773 1077 ἀίδια,

2118 1062 2333 1121 ἔσονται
2370 1072 2518 1146 παρά
2543 1077 2662 1136 τοῖς
2691 1074 3137 1153 εὐεργετηθεῖσιν.

2189 1178 2219 1207 ιι
2249 1158 2373 1214 "O1:
2417 1166 2594 1233 κρινεῖ
2639 1162 2838 1238 Κύριος
2884 1169 2975 1223 τὸν
3026 1168 3157 1228 λαὸν
3190 1174 3375 1235 αὐτοῦ.
3407 1200 3435 1234 υ
3470 1213 3540 1224 —
3570 1183 3639 1238 Ἦ
3681 1206 3766 1240 τοι

2117 1240 2414 1338 ἐκδικήσει⁸
2432 1246 2808 1338 βλαπτόμενον
2838 1264 2962 1332 παρ’
2991 1257 3226 1338 ἐχθρῶν.

2193 1357 2215 1384 ι
2250 1334 2350 1389 Καὶ
2398 1335 2486 1391 ἐπὶ
2541 1346 2659 1403 τοῖς
2707 1339 2930 1408 δούλοις
2978 1334 3144 1405 αὐτοῦ
3196 1354 3698 1432 παρακληθήσεται.
3735 1388 3763 1416 ››

2114 1454 2183 1462 -
2240 1420 2603 1499 Ἰλεουμένοις
2660 1431 2832 1488 αὐτῶν
2909 1420 3377 1517 ἐπικαμφθήσέται
3460 1449 3550 1504 καὶ
3621 1453 3767 1507 ἀντι-

2117 1510 2349 1586 λήψεται
2379 1515 2610 1574 τούτων.

2187 1624 2216 1653 ιι
2246 1603 2321 1706 Τὰ
2359 1601 2565 1709 εῗδῳλα
2590 1612 2699 1663 τῶν
2731 1611 2895 1668 ἐθνῶν
2925 1614 3180 1709 ἀργύριον
3229 1622 3318 1678 καὶ
3349 1627 3601 1702 χρυσίον,
3632 1626 3763 1709 ἔργα

2113 1694 2317 1797 ’χειρῶν
2377 1692 2696 1797 ἀνθρώπων.
2734 1724 2762 1753 ››
2796 1735 2863 1745 --
2891 1692 3138 1762 Εἴδωλόν
3200 1692 3456 1784 ἐστινῗοῦ
3512 1692 3759 1797 τὸνπρώ-

2109 1777 2367 1854 τότυπον,
2398 1781 2782 1843 ἀνυπόστατον·
2818 1791 2975 1847 εἰκὼν
3037 1793 3094 1852 δέ
3151 1797 3313 1872 ἐστιν,
3351 1800 3554 1881 ἔχουσα
3600 1777 3754 1886 πρω-

2155 1867 2167 1886 .
2379 1871 2393 1886 ρ
2563 1875 2574 1886 -

2105 1867 2338 1924 τότυπον
2373 1871 2632 1950 ὑφεστώς.

2181 2225 2558 2304 «Εὐλογητὸς
2625 2232 2821 2311 Κύριος
2882 2237 2943 2294 ἐκ
2982 2244 3124 2300 Σιὼν
3158 2247 3187 2301 ὁ
3233 2257 3500 2309 κατοικῶν
3561 2257 3760 2336 Ἰερου-

2181 2311 2196 2336 ,
2233 2316 2246 2336 ,
2566 2324 2663 2336 ,μμ
2819 2326 2834 2336 .
2950 2335 2971 2336 η
3011 2333 3025 2336 -

2106 2311 2324 2420 Ξαλήμ,
2371 2341 2409 2420 »ἱ
2446 2352 2514 2363 -
2566 2324 2752 2420 ’ῘΑξιος
2813 2326 3092 2420 ὐμνεῖσθαι
3148 2336 3177 2390 6
3227 2338 3423 2414 Κύριος
3455 2311 3755 2420 ι’ἀπδγτής

2105 2403 2269 2472 Σιὼν,
2303 2404 2363 2467 ’ὀς
2390 2406 2442 2461 ἐν
2471 2412 2540 2482 τῇ
2573 2411 2934 2491 Ἰερουσαλὴμ
2974 2416 3091 2496 ἔχει
3148 2426 3212 2480 τὸ
3256 2428 3595 2509 οἰκητήριον,
3626 2403 3754 2507 ἤτύι

2142 2490 2156 2509 κ
2328 2493 2341 2509 ι
2452 2503 2496 2509 --
2559 2504 2583 2509 -—
2752 2500 2790 2509 ⁸·
2870 2506 2881 2509 -
2989 2507 2998 2509 ‘

2101 2490 2207 2597 τὸν,
2246 2493 2391 2552 ναόν.
2451 2503 2669 2555 Νοεῖται
2747 2500 2805 2558 δὲ
2859 2490 2904 2560 6'
2946 2490 3170 2583 οὐρανὸς
3228 2490 3595 2597 Ἰερούσέίλήμί

2103 2581 2269 2638 Σιών.

2662 2738 2955 2794 ΨΑΛΜΟΣ
2998 2746 3163 2802 ΡΛΕ’.

2172 2866 2635 2966 ἰΕξομολργεῖσθε
2671 2881 2750 2949 τῷ
2808 2881 2990 2957 Κυρίῳ
3047 2884 3129 2942 6'1:
3177 2888 3397 2966 ἀγαθός·
3432 2894 3514 2952 6'1:
3547 2898 3624 2963 εἰς
3651 2903 3742 2958 τὸν

2096 2954 2267 3067 αἰῶνα
2293 2959 2357 3064 16
2388 2956 2542 3025 ἔλεος
2572 2964 2770 3067 ἀὐτοῦἱ
2800 2990 2828 3020 ››
2860 2954 2923 3012 -ὲ
2962 2954 3372 3053 Ἐύχαρισίτεῖτε
3425 2990 3506 3059 τῷ

2098 3045 2231 3123 ὑπὲρ
2285 3053 2394 3104 τῶν
2452 3053 2660 3129 μυρίων
2720 3056 3039 3135 εὐεργεσιῶν
3098 3065 3283 3141 αὐτοῦ,
3333 3069 3416 3126 ὅτι
3465 3045 3529 3130 τὸ
3587 3045 3742 3144 ἔλεος

2094 3134 2259 3191 αὐτοῦ
2313 3137 2535 3196 αἰώνιόν
2581 3143 2692 3199 ἐστι
2728 3147 2804 3220 μὴ
2838 3145 3260 3228 διακοπτόμενον
3319 3161 3564 3223 πώποτε.
3596 3169 3742 3244 Πρὸς

2099 3223 2115 3244 τ
2173 3225 2185 3244 ι
2401 3225 2442 3244 M
2575 3236 2603 3244 -
2798 3236 2809 3244 ‘
2973 3238 3013 3244 “
3045 3240 3054 3244 ‘

2014 3275 2058 3343 Ο
2096 3223 2336 3282 ἐπίτασιν
2396 3225 2455 3284 δὲ
2510 3236 2606 3287 τοῦ
2660 3236 2911 3293 τοιούτου
2969 3238 3156 3307 ἐλέους
3213 3223 3656 3325 ἀκροτελεύιιτιονι
3687 3257 3740 3315 ἐν

2094 3321 2218 3343 4.2-.
2276 3323 2392 3343 __‘.'-
2452 3319 2529 3343 2A,,
2585 3322 2674 3343 (διν
2801 3325 2847 3343 In
3081 3331 3093 3343 ι
3316 3338 3327 3343 -

2092 3321 2223 3413 πάσι
2274 3323 2392 3381 τοῖς
2448 3319 2532 3413 ἐφῖ
2585 3322 2709 3396 ἑξῆς
2760 3325 2963 3384 τέθεικε
3009 3331 3220 3409 στίχοις
3275 3319 3358 3413 τὸ,
3409 3365 3430 3393 α
3490 3345 3611 3400 Ὅτι
3666 3347 3743 3412 εἰς

2091 3403 2185 3461 τὸν
2218 3407 2388 3463 αἰῶνα
2415 3410 2477 3464 τὸ
2506 3406 2659 3475 ἔλεος
2689 3413 2874 3473 αὐτοῦ.
2908 3441 2938 3469 ››

2165 3519 2194 3548 ιι
2226 3497 2678 3588 Ἐξομολογεῖσθε
2732 3509 2812 3578 τῷ
2862 3512 2978 3582 Θεῷ
3031 3515 3140 3567 τῶν
3189 3516 3343 3572 θεῶν·
3377 3518 3460 3575 6'1:
3520 3522 3595 3588 εἰς
3642 3526 3736 3582 τὸν

2092 3582 2263 3639 αἰῶνα
2289 3586 2353 3641 τὸ
2384 3583 2536 3651 ἔλεος
2593 3590 2775 3648 αὐτοῦ.
2807 3616 2836 3650 ιι
2869 3629 2939 3640 -——
2969 3600 3068 3655 Καὶ
3106 3607 3212 3659 τῶν
3273 3604 3570 3685 δαιμόνων,
3598 3616 3735 3672 θεῶν

2089 3669 2218 3741 ἤτοι
2269 3678 2376 3731 τῶν
2439 3675 2706 3753 εἰδώλων,
2760 3685 2794 3753 ἦ
2846 3690 2955 3742 τῶν
3017 3688 3071 3745 ἐν
3130 3692 3315 3759 αὐτοῖς
3371 3669 3735 3777 ἐνεργούντων

2094 3757 2119 3777 ,ς
2241 3762 2254 3777 ,
2466 3765 2479 3777 .
2537 3766 2549 3777 .
2641 3769 2655 3777 .
2903 3775 2912 3777 μ

2090 3757 2365 3862 δαιμόνων
2420 3765 2583 3862 αὐτός
2637 3769 2746 3826 ἐστι
2815 3775 2964 3839 Θεός·
3000 3778 3160 3845 αὐτὸς
3202 3757 3309 3862 γὰρ
3338 3785 3398 3842 ἐκ
3428 3757 3514 3862 μὴ.

2087 3849 2155 3904 τὰ
2182 3849 2355 3906 πάντα
2383 3857 2724 3933 παρήγαγεν.

2161 3962 2190 3991 ιι
2222 3940 2669 4042 Ἐἱξομολογεῖσθε
2903 3954 3086 4042 Κυρίῳ
3165 3964 3271 4015 τῶν
3360 3963 3586 4042 κυρίων·
3650 3967 3735 4024 6'1:

2088 4027 2166 4091 εἰς
2218 4028 2311 4084 τὸν
2364 4030 2533 4087 αἰῶνα
2584 4036 2648 4090 τὸ
2704 4033 2856 4102 ἔλεος
2913 4027 3097 4102 αὐτοῦ.
3159 4071 3189 4099 ››
3247 4083 3317 4093 -
3374 4027 3547 4117 Αὐτὸς
3630 4058 3735 4136 γὰρ

2093 4118 2121 4136 n
2220 4116 2241 4136 κ
2286 4116 2299 4135 ι
2436 4124 2465 4135 υ
2565 4123 2593 4136 Α
2692 4123 2711 4136 ‘
2808 4127 2818 4136 ·
3107 4134 3114 4136 ‘

2093 4116 2346 4193 βασιλεὺς
2397 4124 2506 4175 τῶν
2563 4123 2982 4204 βασιλευόντων,
3032 4134 3122 4189 καὶ
3180 4137 3374 4214 Κύριος
3458 4148 3566 4201 τῶν
3642 4116 3737 4202 ἓιυῖ

2090 4206 2402 4283 ριευόντων.

2161 4297 2308 4395 ιι
2362 4301 2651 4395 ποιήσαντι
2701 4305 2972 4395 θαυμάσια
3019 4312 3229 4391 μεγάλα
3280 4319 3456 4395 μόνῳ·
3505 4322 3589 4380 6'1:
3657 4325 3737 4391 εἰς

2085 4385 2176 4487 Ιτὸν
2207 4385 2378 4487 αἰῶνα
2404 4389 2467 4444 τὸ
2496 4386 2650 4455 ἔλεος
2698 4394 2883 4454 αὐτοῦ.
2919 4421 2947 4451 ››
2978 4385 3048 4444 έ-
3211 4385 3361 4482 μόλιφ
3403 4385 3542 4487 ἰπρὸς
3589 4385 3738 4470 ἀντιλ

2089 4470 2381 4546 διαστολὴν
2443 4484 2616 4535 κεῖται
2698 4487 2805 4539 τῶν
2870 4483 3116 4545 εἰδώλων
3173 4470 3233 4550 τὲ
3287 4470 3377 4552 καὶ
3437 4470 3735 4577 δαιμόνων·

2089 4559 2110 4577 ρ.
2283 4565 2296 4577 ι
2470 4568 2482 4577 ι
2649 4570 2660 4577 -
2802 4572 2812 4577 -

2084 4559 2180 4668 ἕνα
2236 4565 2340 4641 γὰρ
2383 4568 2522 4668 θεὸν
2574 4570 2665 4625 καὶ
2739 4572 2935 4650 Κύριον
3013 4577 3162 4657 λέγει
3233 4585 3327 4643 τὸν
3399 4559 3738 4668 παντουργὸν

2009 4642 2058 4708 D
2086 4654 2176 4708 καὶ
2204 4653 2505 4713 παντοδύνα
2512 4680 2611 4731 μον
2622 4704 2636 4718 .

2159 4768 2189 4797 ιι
2219 4743 2308 4818 Τῷ
2370 4748 2659 4819 ποιήσαντι
2731 4753 2862 4818 τοὺς
2942 4756 3202 4835 οὐρανοὺς
3260 4763 3312 4819 ἐν
3371 4766 3600 4824 συνέσει·
3653 4768 3742 4826 6'1:

2087 4832 2162 4896 εἰς
2217 4835 2308 4889 τὸν
2376 4835 2549 4893 αἰῶνα
2601 4840 2664 4895 τὸ
2706 4838 2860 4906 ἔλεος
2919 4847 3104 4907 αὐτοῦ.
3149 4875 3179 4903 ››
3241 4887 3307 4898 --
3366 4856 3587 4912 Σύνεσιν
3634 4861 3735 4930 τὴν

2087 4923 2276 4999 σοφίαν
2310 4926 2463 5003 φησί.

2159 5036 2189 5067 ιι
2221 5018 2308 5086 Τῷ
2363 5017 2714 5092 στερεώσαντι
2766 5022 2866 5090 τήν
2926 5032 3029 5100 γῆν
3086 5028 3173 5084 ἐπὶ
3231 5037 3340 5088 τῶν
3386 5032 3615 5093 ὑδάτων·
3651 5038 3738 5095 6'1:

2087 5100 2163 5164 εἰς
2217 5104 2308 5158 τὸν
2368 5104 2538 5160 αἰῶνα
2591 5108 2654 5163 τὸ
2712 5106 2864 5174 ἔλεος
2905 5114 3090 5175 αὐτοῦ.
3123 5140 3149 5172 ι)
3188 5154 3257 5164 -
3284 5119 3513 5200 Εἴρηται
3545 5127 3597 5181 ἐν
3655 5133 3738 5202 τῷ

2085 5193 2169 5267 κγ’
2197 5191 2405 5267 ψαλμῷ
2431 5194 2555 5271 περὶ
2585 5196 2803 5258 τούτου.

2220 5283 2319 5337 Τὸν
2348 5283 2536 5378 ⁸ἥλιον
2587 5285 2676 5378 εἰς⁸
2723 5287 2964 5360 ἐξουσίαν
3007 5303 3109 5366 τῆς
3157 5298 3390 5378 ἡμέρας·
3423 5303 3506 5360 ὅτι
3548 5306 3627 5371 εἰς
3670 5308 3734 5364 τὸ

2088 5370 2257 5425 αἰῶνα
2308 5373 2371 5427 τὸ
2411 5370 2563 5438 ἔλεος
2621 5375 2806 5436 αὐτοῦ.
2842 5404 2863 5432 ι»
2895 5415 2965 5424 -—
3000 5385 3098 5448 Εἰς
3152 5389 3215 5443 τὸ
3272 5370 3578 5470 ἐπικρατεῖν
3631 5404 3735 5467 τῆς

2086 5461 2316 5561 ἡμέρας.
2349 5463 2527 5561 1.0"-"
2586 5465 2812 5561 ϐξρανᾷς
2870 5468 2927 5526 δὲ
2980 5475 3068 5529 καὶ
3130 5479 3183 5533 οἱ
3240 5461 3525 5561 φωπῆρες
3575 5461 3731 5557 καὶνὴ

2085 5551 2264 5652 ἡμέρα
2311 5553 2400 5607 καί
2557 5553 2782 5652 νὺξᾼκαὶ
2838 5561 2904 5615 τὰ
2965 5565 3201 5623 καθόλου
3252 5551 3353 5626 ’καὶ
3420 5551 3492 5629 τὰ
3567 5551 3734 5652 μέρος

2086 5640 2358 5714 θαυμάσια
2423 5642 2594 5698 πάντα
2651 5642 2720 5699 δι’
2785 5648 3093 5726 ἀγαθότητα
3157 5659 3244 5714 καὶ
3325 5658 3476 5726 ἔλεος
3548 5640 3735 5743 γέγονε

2084 5733 2179 5784 τοῦ
2233 5735 2388 5807 Θεοῦ,
2443 5732 2532 5787 καὶ
2601 5733 2777 5791 αὐτῶν
2863 5736 3167 5802 δοκούντων
3242 5750 3471 5833 πάσχειν
3552 5732 3733 5836 κακῶς
