4066 6484
287 445 444 516 1605

292 667 534 730 εὐσέϐεια
561 674 598 742 ἡ
629 670 843 742 ἀληθὴς
873 666 1152 743 εὐεργεσία
1181 668 1277 734 τῆς
1306 666 1508 740 ψυχῆς.

370 784 394 815 ι
425 761 527 818 Καὶ
558 759 834 832 ᾀσάτωσαν
867 755 919 812 ἐν
948 755 1070 817 ταὶς
1123 751 1272 815 ὁδοῖς
1303 750 1526 828 Κυρίου.
1560 774 1590 804 ››
1619 785 1689 795 —
1716 750 1813 806 Διά
1839 754 1948 805 τῶν

294 848 452 925 ᾠδῶν
508 847 707 926 Κυρίου
742 894 757 920 ,
813 843 939 917 ἤτοι
992 847 1103 900 τῶν
1174 841 1252 904 εἷς
1308 841 1506 917 Κύριον
1560 838 1945 914 πεποιημένων

296 937 662 1016 ὑμνολογιῶν.

368 1031 540 1083 «Ὃτι
572 1023 784 1101 μεγάλη
816 1025 852 1093 ἡ
887 1020 1014 1094 δόξα
1057 1018 1280 1097 Κυρίου,
1329 1016 1413 1075 δτι
1464 1018 1680 1094 ὑψηλὸς
1727 1017 1946 1094 Κύριος,

295 1119 388 1176 καὶ
415 1117 485 1173 τὰ
509 1115 738 1172 ταπεινὰ
784 1113 973 1192 ἐφορᾷ.
1007 1134 1037 1164 ››
1075 1142 1146 1154 -
1190 1108 1430 1184 Ὑψηλὸς
1480 1109 1575 1182 μὲν
1621 1107 1720 1177 τὴν
1770 1105 1950 1185 φύσιν,

303 1209 471 1284 μέχρι
500 1203 559 1261 δὲ
593 1208 705 1261 τῶν
752 1199 1146 1259 εὐτελεστάτων
1189 1198 1282 1254 καὶ
1329 1195 1680 1277 φαυλοτάτων
1731 1194 1950 1251 ἐκτείνει

297 1298 399 1367 τὴν
429 1294 683 1371 πρόνοιαν
694 1336 709 1350 .

374 1408 405 1437 ‹‹
427 1383 529 1439 Καὶ
574 1383 644 1438 τὰ
691 1380 880 1456 ὑψηΛά
925 1379 1031 1435 ἀπὸ
1088 1372 1352 1455 μακρόθεν
1378 1376 1651 1452 γινώσκει.
1688 1398 1710 1426 ι
1744 1408 1814 1417 —
1852 1372 1954 1428 Kal

300 1473 370 1529 τὰ
418 1469 631 1549 μεγάλα
676 1473 786 1525 τῶν
843 1467 1175 1545 πραγμάτων
1227 1464 1510 1543 πόρῥωθεν
1555 1465 1646 1519 καὶ
1706 1463 1813 1541 πρὸ
1856 1466 1954 1517 τοῦ

301 1563 540 1641 γενέσθαι
572 1558 870 1616 ἐπίσταται.

383 1676 406 1704 σι
439 1651 558 1706 Έᾶν
590 1648 844 1724 πορευθῶ
889 1645 942 1702 ἐν
995 1646 1146 1720 μέσῳ
1197 1642 1457 1718 θλίψεως,
1493 1645 1674 1715 ζήσεις
1707 1663 1793 1715 με,
1826 1664 1856 1695 ››
1886 1674 1957 1684 -

309 1740 430 1796 Ἐὰν
520 1735 919 1815 ἐμπεριληφθῶ
1015 1730 1280 1795 κινδύνοις
1363 1733 1516 1802 ζώων
1577 1777 1593 1804 ,
1678 1728 1959 1793 διασώσεις

314 1851 382 1906 με

311 2039 383 2054 -—
415 2006 539 2063 Ἐπὶ
567 2007 668 2075 τὴν
693 2005 811 2060 κατ’
858 2003 995 2077 ἐμοῦ
1038 2000 1234 2058 λύσσαν
1283 2004 1393 2054 τῶν
1438 1997 1650 2074 ἐχθρῶν
1688 2018 1793 2072 μου
1823 1997 1961 2068 ἐπή-

314 2117 478 2175 γαγες
506 2097 607 2166 τήν
639 2091 863 2167 δύναμιν
892 2113 1010 2161 σου,
1052 2089 1144 2147 καὶ
1190 2083 1511 2150 κατέσϐεσας
1557 2086 1748 2158 αὐτήν·
1783 2086 1881 2161 ἐμὲ
1909 2083 1968 2141 δὲ

316 2185 547 2248 ἔσωσας.

392 2298 415 2327 ι
450 2272 647 2350 Κύριος
677 2267 1048 2327 ἀνταποδώσει
1082 2266 1214 2341 ὑπὲρ
1242 2263 1400 2339 ἐμοῦ.
1436 2289 1466 2318 ››
1496 2299 1562 2309 -
1591 2269 1717 2328 Τοῖς
1746 2262 1968 2342 ἐχθροῖς

320 2360 533 2435 δηλαδή
545 2405 560 2420 .

395 2475 427 2506 «
454 2451 637 2529 Κύριε,
685 2450 749 2505 τὸ
793 2444 951 2510 ἔλεός
998 2466 1095 2501 σου
1144 2444 1221 2509 εἷς
1264 2446 1357 2502 τὸν
1405 2444 1595 2502 αἰῶνα.
1648 2466 1678 2498 ››
1707 2475 1777 2485 -
1824 2440 1971 2498 Ἐπεὶ

324 2541 580 2612 διηνεκὴς
607 2538 699 2595 καὶ
747 2536 1000 2611 ἐλεήμων
1048 2536 1095 2590 εἷ
1140 2535 1231 2591 καὶ
1277 2533 1612 2612 δημιουργὸς
1659 2535 1844 2607 ἡμῶν,
1892 2531 1970 2606 μὴ

321 2628 556 2707 παρίδῃς
584 2629 735 2702 ἡμᾶς
764 2623 1229 2698 ἐπικαλουμένους
1260 2645 1339 2683 σε.

895 2750 1190 2806 ΨΑΛΜΟΣ
1239 2749 1406 2806 ΡΑΗ’.

402 2868 431 2899 ι(
460 2841 557 2906 Εἷς
585 2841 650 2898 τὸ
685 2838 956 2912 τέλοςτῷ
1002 2835 1166 2893 Δαυῒδ
1213 2837 1434 2912 ψαλμὸς
1481 2835 1755 2914 Ζαχαρίου
1804 2834 1855 2890 ἐν
1905 2838 1974 2909 τῇ

333 2932 602 3010 διασπορᾷ
632 2972 645 2986 .
706 2952 737 2982 ››
793 2962 863 2973 -
938 2927 1226 3004 Προσώπῳ
1278 2931 1377 2982 τοῦ
1438 2924 1708 3003 βασιλέως
1766 2924 1978 2981 Ἰωσίου

330 3020 779 3099 προσευχομένου
829 3016 921 3073 καὶ
975 3017 1075 3086 τήν
1136 3015 1260 3093 περί
1317 3014 1481 3071 αὐτοῦ
1530 3014 1840 3092 πρόγνωσιν
1899 3013 1981 3069 ἐκ-

332 3097 720 3182 πληττομένου
790 3105 881 3162 καὶ
953 3105 1325 3179 θαυμάζοντος
1380 3104 1533 3167 ὃπως
1590 3102 1651 3159 ἐκ
1706 3097 1978 3158 δυσσεϐῶν

337 3197 648 3275 βλαστήσας
677 3194 964 3272 προγόνων
995 3192 1141 3257 ὅλως
1169 3193 1356 3269 γέγονε
1377 3197 1475 3247 τοῦ
1505 3196 1659 3250 Θεοῦ.

407 3311 437 3339 ‹‹
467 3284 651 3362 Κύριε,
683 3281 1007 3358 ἐδοκίμασάς
1057 3303 1144 3356 με,
1193 3282 1282 3337 καὶ
1312 3277 1477 3358 ἔγνως
1530 3303 1616 3355 με.
1654 3306 1675 3334 ι
1711 3313 1780 3325 --
1815 3287 1981 3336 Τουτ-

335 3376 450 3432 έστι
481 3371 725 3446 δοκίμως
750 3372 841 3427 καὶ
871 3369 1252 3444 ἐπιστημόνως
1279 3374 1562 3447 γινώσκεις
1593 3390 1679 3443 με.

415 3488 438 3518 ι
474 3461 551 3518 Σὺ
609 3459 781 3539 ἔγνως
836 3462 936 3530 τήν
995 3457 1256 3538 καθέδραν
1319 3480 1425 3534 μου
1480 3458 1571 3514 καὶ
1626 3460 1726 3528 τὴν
1775 3453 1984 3536 ἔγερσίν

343 3576 469 3630 μου.
502 3576 533 3606 »
564 3585 635 3595 —
662 3557 818 3607 Ἤτοι
848 3550 941 3606 τὸν
979 3549 1095 3625 βίον
1150 3569 1273 3624 μου·
1317 3550 1407 3605 καὶ
1461 3549 1563 3626 γὰρ
1595 3548 1646 3604 ἐν
1697 3548 1861 3625 ἀργίᾳ
1897 3548 1990 3604 καὶ

339 3642 552 3720 ἐνεργίᾳ
589 3639 805 3714 σύμπας
835 3640 863 3695 ὁ
898 3638 1037 3715 βίος.

413 3756 444 3785 ι(
480 3731 557 3786 Σὺ
582 3735 817 3799 συνῆκας
861 3726 990 3791 τοὺς
1038 3725 1434 3803 διαλογισμούς
1480 3748 1586 3800 μου
1634 3726 1742 3783 ἀπὸ
1784 3726 1994 3804 μακρό-

342 3824 452 3878 θεν.
482 3844 512 3873 ››
543 3851 614 3864 —-
641 3819 756 3896 ΙΙρὸ
781 3822 880 3874 τοῦ
908 3823 1199 3889 κινηθῆναι
1229 3815 1446 3879 αὐτούς.

418 3934 449 3962 ‹‹
478 3909 586 3978 Τήν
616 3901 804 3984 τρίϐον
840 3927 944 3980 μου
973 3906 1064 3962 καὶ
1109 3907 1210 3975 τὴν
1263 3904 1485 3980 σχοῖνόν
1541 3926 1646 3980 μου
1677 3904 1740 3960 σὺ
1771 3905 2001 3983 έξιχνία-

348 4018 463 4061 σας.
496 4020 526 4051 ››
559 4028 627 4039 —
654 3998 762 4065 Τὴν
810 3991 934 4049 ὁδὸν
962 3998 1061 4049 τοῦ
1112 3993 1232 4070 βίου
1282 4014 1388 4067 μου
1433 3999 1607 4049 πᾶσαν
1652 3994 1741 4049 καὶ
1784 3995 1848 4049 τὸ
1899 3995 2000 4068 μέ-

352 4106 482 4162 τρον
532 4083 699 4153 αὐτῆς
748 4081 873 4137 ὅσον
927 4083 1021 4157 μὲν
1074 4076 1308 4157 προέϐη,
1359 4079 1484 4136 ὅσον
1532 4081 1591 4138 δὲ
1638 4080 1902 4157 λείπεται,
1936 4081 2001 4138 σὺ

354 4168 599 4252 ἀκριϐῶς
630 4168 804 4233 οἶδας.

428 4286 458 4316 ‹‹
488 4261 589 4318 Καὶ
618 4260 790 4322 πάσας
819 4259 915 4321 τὰς
958 4255 1118 4320 ὁδούς
1169 4279 1275 4332 μου
1316 4256 1589 4336 προεῖδες.
1624 4282 1654 4312 ››
1684 4293 1753 4304 -
1782 4259 1882 4316 Καὶ
1909 4261 2007 4323 τὰς

354 4350 573 4429 πράξεις
625 4371 729 4425 μου
774 4347 882 4425 πρὸ
925 4352 1023 4404 τοῦ
1069 4346 1308 4425 γενέσθαι
1358 4349 1600 4425 ἑώρακας
1649 4349 1726 4412 ὡς
1774 4350 2009 4412 ἑστώσας

356 4439 588 4496 ἐνώπιόν
617 4460 737 4498 σου.

427 4553 459 4584 ‹‹
489 4531 609 4585 Ὅτι
641 4527 742 4584 οὐκ
788 4522 929 4584 ἔστιν
979 4524 1143 4590 δόλος
1173 4525 1226 4583 ἐν
1273 4525 1497 4604 γλώσσῃ
1530 4547 1656 4601 μου.
1689 4549 1718 4579 ››
1749 4559 1820 4570 —
1848 4523 2009 4589 Οἶδας

361 4619 496 4693 μετά
522 4621 631 4675 τῶν
663 4614 852 4674 ἄλλων
881 4617 958 4681 ὡς
988 4616 1089 4672 οὐκ
1117 4613 1228 4672 ἔστι
1258 4614 1564 4692 πανουργία
1591 4614 1645 4672 ἐν
1675 4619 1791 4678 τοῖς
1822 4614 2011 4694 λόγοις

363 4727 491 4781 μου.

432 4821 464 4851 ι(
493 4792 657 4869 Ἰδοὺ,
690 4793 873 4872 Κύριε,
904 4793 968 4849 σὺ
1017 4792 1184 4871 ἔγνως
1231 4793 1405 4850 πάντα
1449 4791 1517 4849 τὰ
1564 4791 1769 4870 ἔσχατα
1812 4794 1904 4849 καὶ
1945 4792 2013 4849 τὰ

360 4886 588 4964 ἀρχαῖα.
619 4907 649 4938 ››
701 4916 772 4928 -—-
804 4883 902 4958 Σὺ,
943 4882 1127 4961 Κύριε,
1179 4878 1502 4955 συλλήϐδην
1553 4882 1831 4939 ἐπίστασαι
1862 4882 2010 4958 ίσύμ-

360 4995 555 5045 παντα,
586 4972 654 5030 τά
681 4994 741 5028 τε
768 4972 1109 5050 γενησόμενα
1134 4972 1224 5029 καὶ
1253 4972 1322 5028 τὰ
1346 4971 1628 5050 γεγονότα.

436 5088 466 5118 ιι
498 5062 575 5118 Σὺ
624 5059 861 5125 ἕπλασάς
914 5082 999 5137 με,
1047 5061 1138 5116 καὶ
1185 5059 1384 5134 ἔθηκας
1435 5061 1519 5117 ἐπ’
1562 5060 1660 5136 ἐμὲ
1702 5061 1802 5131 τήν
1852 5060 2016 5136 χεῖρά

363 5171 481 5209 σου.
533 5175 564 5204 ››
614 5183 685 5193 -
730 5149 805 5205 Οὐ
856 5150 1018 5225 μόνον
1069 5147 1567 5225 δεδημιούργηκας,
1618 5147 1765 5205 ἀλλὰ
1806 5150 1897 5204 καὶ
1942 5151 2013 5223 τῇ

363 5238 597 5317 προνοίᾳ
625 5261 720 5295 σου
748 5238 961 5303 σκέπεις
1001 5260 1089 5314 με.

440 5351 470 5386 α
521 5329 948 5403 Ἐθαυμαστώθη
1000 5331 1036 5399 ἡ
1083 5327 1282 5405 γνῶσίς
1335 5349 1431 5383 σου
1479 5326 1531 5399 ἐξ
1573 5325 1731 5401 ἐμοῦ.
1776 5350 1806 5381 ››
1853 5359 1923 5371 -
1952 5328 2016 5383 Ἥ

365 5421 572 5496 γνῶσις
597 5420 699 5489 τῆς
728 5423 829 5489 σῆς
861 5416 1044 5480 οὐσίας
1071 5414 1415 5495 ἐμεγαλύνθη
1451 5417 1526 5473 ὑπ
1556 5416 1885 5494 ἒρέμὲρπὲρ
1912 5416 2013 5486 τήν

362 5507 503 5582 ἐμὴν
534 5505 846 5580 κατάληψιν
880 5508 1116 5583 γέγονεν.

433 5619 465 5650 ‹‹
494 5596 892 5672 Ἐκραταιώθη,
939 5596 1031 5650 καὶ
1086 5594 1148 5650 οὐ
1206 5596 1281 5670 μή
1334 5592 1564 5669 δύναμαι
1592 5595 1729 5672 πρὸς
1763 5595 1953 5668 αὐτήν.
1985 5617 2016 5647 ›)

361 5717 433 5731 --
463 5682 813 5761 ’ἰσχυροτέρα
864 5684 1106 5761 γέγονεν,
1154 5682 1191 5755 ἢ
1246 5681 1387 5739 ὥστε
1434 5682 1843 5763 καταληφθῆναι
1892 5681 2017 5759 ἐμοὶ

370 5772 683 5857 λογισμοῖς·
717 5772 780 5830 οὐ
814 5773 892 5851 μὴ
923 5771 1137 5851 ίσχύσω
1167 5769 1583 5855 περιδράξασθαι
1613 5773 1804 5849 αὑτῆς.

1504 438 1918 504 EXPOSITIO
1960 439 2038 502 IN
2085 432 2471 500 PSALMOS.

286 588 387 642 τοῦ
412 579 750 661 ΕὐαγγεΛίου
793 575 885 636 καὶ
928 580 1040 635 τῶν
1085 573 1407 632 ἀποστόλων
1441 591 1454 606 ·
1506 573 1741 630 ἐντεῦθεν
1768 573 1870 650 γὰρ
1900 573 1935 642 ἡ
1966 575 2024 644 Α

383 1874 415 1972 ί(
445 1917 563 1973 Ἐπ’
591 1915 763 1993 ὀργὴν
813 1913 1057 2014 ἐχθρῶη
1080 1933 1185 2014 μου
1235 1909 1491 2014 ἐξέτεινας
1511 1906 1732 2014 ’.χεῖράς
1782 1929 1953 2014 σου..)
1987 1947 2037 2014 Β

2038 4687 2233 4753 Βσκει
2297 4679 2524 4760 σφόδρα,
2585 4706 2613 4733 n

3541 430 3699 497 1606

2123 593 2153 622 «
2184 572 2297 623 Ποῦ
2348 568 2601 644 πορευθῶ
2649 566 2756 623 ἀπὸ
2803 569 2901 621 τοῦ
2948 563 3261 641 Πνεύματός
3310 587 3407 621 σου
3457 571 3550 621 καῖ
3593 565 3701 622 ama

2052 662 2150 713 τοῦ
2204 657 2504 733 προσώπου
2552 677 2647 711 σου
2695 660 2805 711 ποῦ
2854 654 3010 734 φύγω
3048 674 3061 724 ;
3117 679 3144 707 ››
3184 689 3251 698 —
3283 655 3417 712 Ἀπὸ
3464 659 3562 711 τοῦ
3617 660 3707 710 νῦν

2056 743 2295 801 διδάσκει
2338 745 2400 799 τὸ
2447 749 2729 820 πανταχοῦ
2777 749 3028 821 παρεῖναι
3085 744 3179 799 τὸν
3237 744 3365 799 Θεὸν
3412 748 3482 818 τῇ
3544 740 3706 798 δυνά-

2061 856 2150 909 μει
2176 833 2267 889 καὶ
2314 838 2383 908 τῇ
2436 834 2669 911 προνοίᾳ
2714 834 2804 889 καὶ
2852 834 3027 889 πάντα
3070 831 3343 908 πληροῦν.
3397 837 3619 907 Πνεῦμα
3647 829 3707 887 δὲ

2056 923 2146 979 καὶ
2176 923 2467 994 πρόσωπον
2498 927 2631 978 Θεοῦ
2658 923 2749 978 τὸν
2803 922 2977 999 Λόγον
3005 922 3141 977 κατὰ
3176 920 3518 1000 περίφρασιν.
3552 922 3709 978 Ἀνά-

2058 1007 2212 1067 ϐασιν
2243 1009 2321 1083 δὲ,
2355 1010 2509 1090 φησὶ,
2541 1005 2925 1066 καταϐαίνουσι
2955 1007 3164 1088 νοεράν.

2133 1142 2163 1172 ‹‹
2191 1119 2318 1174 Ἐὰν
2351 1111 2684 1192 ἀναλάϐοιμι
2731 1118 2828 1180 τὰς
2876 1118 3147 1194 πτέρυγάς
3199 1137 3303 1190 μου
3349 1119 3467 1172 κατ’
3517 1115 3710 1194 ὄρθρον

2060 1208 2151 1264 καὶ
2206 1206 2609 1276 κατασκηνώσω
2667 1205 2743 1269 εἷς
2801 1205 2867 1260 τὰ
2920 1201 3126 1281 ἔσχατα
3180 1212 3284 1276 τῆς
3334 1204 3626 1275 θαλάσσης.
3681 1230 3711 1259 ›)

2062 1331 2130 1341 -
2189 1294 2463 1372 Πτέρυγας
2525 1294 2784 1368 ὀνομάζει
2840 1295 2939 1364 τήν
3020 1294 3360 1367 ὀξυκινησίαν
3412 1300 3511 1351 τοῦ
3566 1295 3711 1356 νοός.

2060 1386 2187 1440 Κατ’
2245 1379 2436 1460 ὄρθρον
2497 1381 2555 1438 δὲ
2610 1380 2815 1459 εἷ’ρηκε,
2873 1381 2965 1437 διὰ
3016 1384 3080 1437 τὸ
3132 1385 3319 1461 νήφειν
3370 1384 3495 1440 τότε
3540 1382 3710 1440 πλέον

2060 1474 2153 1530 τὸν
2199 1478 2347 1531 νοῦν.
2394 1474 2662 1549 Ἔσχατον
2717 1470 2777 1527 δὲ
2819 1479 2920 1543 τῆς
2969 1469 3246 1543 θαλάσσης
3306 1473 3403 1536 τὰς
3450 1468 3718 1538 ἀϐύσσους

2061 1559 2220 1643 φησί.

2135 1676 2166 1706 ‹‹
2199 1651 2299 1706 Καὶ
2326 1650 2429 1728 γὰρ
2479 1648 2591 1705 ἐκεῖ
2637 1651 2673 1704 ἢ
2706 1648 2829 1727 ’χείρ
2880 1670 2976 1704 σου
3028 1646 3294 1725 ὁδηγήσει
3347 1670 3435 1725 με,
3466 1649 3558 1707 καί
3584 1663 3717 1717 καθ-

2067 1740 2170 1813 έξει
2230 1761 2297 1815 με
2351 1742 2386 1809 ἡ
2451 1736 2597 1812 δεξιά
2654 1760 2771 1794 σου.
2808 1762 2837 1790 ››
2868 1739 3022 1792 -Ὁ
3077 1738 3182 1813 γὰρ
3239 1740 3492 1814 περιττὸς
3547 1739 3721 1813 κάκεῖ,

2067 1830 2253 1910 φησὶν,
2302 1827 2518 1905 εὐρήσει
2563 1828 2663 1897 τήν
2711 1825 2937 1901 δύναμίν
2987 1848 3084 1882 σου
3130 1823 3436 1905 ἔμπροσθέν
3482 1850 3588 1904 μου
3634 1830 3725 1885 καὶ

2063 1920 2313 1993 κατάσχῃ
2347 1937 2414 1992 με
2442 1915 2494 1972 ἐν
2528 1915 2773 1995 ἀφύκτῳ.

2146 2048 2177 2078 ‹‹
2208 2023 2307 2079 Καὶ
2383 2022 2553 2078 εἶπον·
2597 2024 2740 2100 ’Ἄρα
2784 2022 2977 2087 σκότος
3031 2027 3399 2097 καταπατήσει
3454 2046 3524 2100 με
3554 2047 3570 2060 υ
3627 2026 3719 2082 καὶ

2073 2114 2166 2185 νὺξ
2198 2112 2480 2192 φωτισμὸς
2531 2110 2582 2167 ἐν
2630 2115 2701 2187 τῇ
2748 2116 2925 2191 τρυφῇ
2979 2135 3113 2188 μου.
3164 2138 3193 2166 ››
3244 2148 3316 2158 -
3351 2113 3724 2192 Ἐλογισάμην

2076 2201 2193 2275 οῦν,
2224 2203 2366 2279 ’Δρα
2393 2201 2586 2264 σκότος
2626 2201 3001 2277 κατακαλύψαι
3051 2201 3335 2276 δυνήσεται
3388 2204 3476 2260 καὶ
3524 2205 3726 2282 κρύψαι

2082 2313 2149 2367 με
2179 2291 2284 2346 ἀπὸ
2330 2294 2448 2346 σοῦ·
2494 2288 2639 2346 ἀλκὰ
2682 2291 2773 2347 καὶ
2815 2293 2851 2362 ἡ
2902 2291 2993 2364 νὺξ
3045 2295 3283 2371 φωτεινή
3317 2293 3428 2350 ἐστι
3475 2294 3729 2371 παράτῷ

2081 2385 2217 2454 Θεῷ,
2248 2378 2307 2444 ὅς
2341 2379 2480 2435 ἐστιν
2530 2382 2566 2450 ἡ
2616 2378 2722 2454 ἐμὴ
2770 2382 2968 2459 τρυφή.
3020 2382 3120 2437 Διά
3163 2381 3371 2439 τούτων
3404 2379 3462 2440 δὲ
3491 2380 3731 2440 διδάσκει

2078 2470 2142 2525 τὸ
2173 2462 2445 2540 ἀλάθητον
2475 2472 2575 2525 τοῦ
2603 2472 2759 2528 Θεοῦ.

2154 2602 2184 2632 ‹‹
2215 2578 2332 2633 Ὅτι
2381 2575 2572 2639 σκότος
2619 2576 2686 2632 οὐ
2735 2579 3144 2650 σκοτισθήσεται
3193 2579 3299 2636 ἀπὸ
3350 2583 3467 2651 σοῦ,
3516 2581 3607 2636 καὶ
3635 2579 3727 2651 νὺξ

2083 2668 2159 2731 ὡς
2187 2666 2373 2744 ἡμέρα
2401 2666 2817 2742 φωτισθήσεται.
2849 2691 2878 2721 ››
2907 2701 2977 2711 -
3004 2671 3123 2724 Ὅτι
3173 2669 3238 2725 τὸ
3263 2668 3456 2732 σκότος
3495 2669 3604 2746 οὐχ
3631 2668 3734 2742 ἔξει

2084 2756 2238 2836 φύσιν
2273 2754 2498 2819 σκότους
2546 2751 2774 2812 ἐνώπιόν
2820 2777 2937 2829 σου,
2986 2756 3133 2814 ἀλλὰ
3175 2758 3266 2814 καὶ
3311 2760 3348 2829 ἡ
3399 2758 3488 2830 νὺξ
3532 2761 3602 2815 τὰ
3632 2766 3735 2830 τῆς

2083 2844 2295 2923 ἡμέρας
2321 2842 2635 2916 ἐπιδείξεται
2666 2842 2798 2903 ἴδια.

2165 2973 2188 3003 σ
2216 2954 2306 3016 Ὡς
2332 2952 2397 3009 τὸ
2445 2952 2637 3015 σκότος
2683 2951 2872 3025 αὐτῆς,
2923 2953 3069 3010 οὕτω
3097 2954 3187 3010 καὶ
3233 2955 3296 3011 τὸ
3327 2959 3442 3034 φῶς
3469 2954 3662 3027 αὐτῆς,
3704 2979 3735 3009 ››

2089 3074 2160 3086 -
2187 3043 2278 3105 Ὠς
2321 3042 2386 3097 τὸ
2429 3041 2621 3105 σκότος
2669 3042 2839 3112 αὐτῆς
2886 3045 2985 3113 τῆς
3028 3045 3221 3108 νυκτὸς
3287 3045 3548 3123 φωτεινὸν
3598 3045 3745 3123 παρὰ

2092 3130 2199 3204 σοὶ,
2229 3131 2366 3186 κατά
2412 3131 2502 3185 τὸν
2555 3130 2715 3187 αὐτὸν
2760 3131 2964 3208 τρόπον
3016 3133 3108 3188 καὶ
3153 3134 3217 3189 τὸ
3267 3138 3382 3213 φῶς
3428 3133 3600 3206 αὐτῆς
3644 3142 3747 3206 τῆς

2091 3218 2321 3295 ἡμέρας,
2358 3217 2526 3293 μηδὲν
2558 3218 2724 3276 πλέον
2759 3218 2887 3296 ἔχον
2920 3220 2999 3285 εἷς
3027 3221 3092 3277 τὸ
3131 3222 3357 3301 φαίνειν·
3391 3220 3480 3279 ’L'oa
3514 3224 3620 3301 γὰρ
3649 3224 3740 3281 καὶ

2010 3315 2055 3384 C
2091 3306 2258 3387 ἄμφω
2274 3309 2422 3383 παρὰ
2450 3307 2556 3368 σοί.

2167 3422 2197 3451 ‹‹
2225 3400 2346 3453 Ὅτι
2376 3396 2440 3452 σὺ
2484 3397 2697 3470 ἐκτήσω
2741 3397 2869 3462 τοὺς
2913 3400 3144 3478 νεφροὺς
3196 3423 3322 3476 μου.
3354 3425 3383 3456 ››
3420 3436 3486 3446 -
3516 3402 3590 3457 Οὐ
3638 3398 3740 3477 μό-

2095 3507 2187 3543 νον
2233 3485 2328 3550 τάς
2382 3486 2598 3562 πράξεις
2645 3486 2819 3551 οὕτως
2858 3486 3010 3553 οἶδας
3057 3490 3177 3546 λίαν
3233 3489 3545 3566 ἀλαθήτως,
3602 3491 3751 3548 ἀλλὰ

2097 3575 2189 3632 καὶ
2216 3576 2285 3631 τὰ
2313 3576 2591 3650 κατώτερα
2618 3576 2709 3632 καὶ
2743 3577 3010 3655 βαθύτερα
3036 3584 3143 3635 σῶν
3190 3577 3560 3658 διαλογισμῶν
3608 3583 3748 3660 μέρη

2105 3665 2240 3740 μετὰ
2267 3668 2363 3719 σοῦ
2396 3662 2542 3740 ἔχεις
2571 3665 2654 3721 ἀεὶ
2683 3666 2921 3745 καθάπερ
2952 3665 3090 3726 ἴδιον
3121 3676 3330 3745 κτῆμα.

2176 3796 2206 3825 ‹‹
2254 3767 2579 3828 ’Δντελάϐου
2641 3794 2746 3847 μου
2792 3773 2854 3829 ἐκ
2922 3777 3150 3852 γαστρὸς
3227 3776 3435 3855 μητρός
3512 3798 3618 3852 μου
3651 3822 3665 3837 .
3721 3800 3754 3831 >>

2104 3894 2175 3904 -
2226 3861 2287 3915 Τί
2345 3859 2495 3937 λέγω
2550 3861 2686 3937 βάθη
2736 3860 3017 3939 λογισμῶν
3051 3884 3066 3935 ;
3098 3863 3226 3920 ὅλον
3278 3864 3377 3940 ἐμὲ
3423 3864 3752 3938 ἱδιοποιήσω

2108 3950 2169 4006 ἐκ
2194 3947 2394 4020 νηδύος
2446 3952 2737 4026 μητρικῆς,
2785 3949 2911 4006 οὐδὲ
2962 3953 3059 4027 μία
3100 3953 3165 4008 τὸ
3211 3951 3406 4010 λοιπὸν
3454 3953 3668 4026 κίνησις
3714 3955 3751 4025 ἢ

2111 4039 2364 4112 σώματος
2412 4038 2449 4107 ἢ
2499 4040 2685 4114 ψυχῆς
2750 4039 2940 4117 πόῤῥω
2986 4061 3094 4096 που
3148 4047 3250 4112 τῆς
3308 4050 3409 4113 σῆς
3464 4042 3761 4116 καθέστηκε

2110 4127 2386 4203 γνώσεως.

2184 4258 2215 4287 ‹‹
2264 4232 2784 4311 Ἐξομολογήσομαί
2837 4258 2923 4293 σοι
2979 4237 3063 4294 ὅτι
3120 4234 3368 4318 φοϐερῶς
3427 4240 3767 4315 ἐθαμαστώο

2116 4335 2237 4393 θης.
2275 4346 2305 4375 ››
2334 4354 2405 4366 --
2454 4322 2850 4401 Εὐχαριστήσω
2899 4348 2983 4382 σοι
3035 4328 3218 4402 μόνον·
3274 4330 3409 4403 μετά
3461 4325 3635 4409 φόϐου
3662 4330 3766 4408 γὰρ

2114 4410 2429 4486 τεθαύμακα
2473 4413 2573 4482 τήν
2623 4415 2723 4484 σην
2773 4415 2960 4494 σοφίαν
3015 4417 3107 4472 καὶ
3155 4416 3470 4494 οἰκονομίαν
3533 4419 3625 4475 καὶ
3675 4416 3772 4474 δύ-

2116 4521 2299 4576 ναμιν.

2193 4616 2223 4646 ‹‹
2254 4592 2537 4666 Θαυμάσιά
2575 4594 2645 4647 τά
2692 4589 2826 4671 ἔργα
2874 4616 2992 4665 σου,
3040 4597 3130 4652 καὶ
3174 4599 3210 4668 ἡ
3255 4599 3409 4673 ψυχή
3464 4618 3570 4672 μου
3608 4598 3773 4673 γινώ-

2646 4716 2715 4726 -
2744 4683 2844 4738 Καὶ
2903 4684 3013 4761 ἐγὼ
3068 4687 3322 4762 γινώσκω
3381 4685 3503 4742 λίαν
3558 4691 3722 4742 τοῦτο
3753 4731 3770 4759 ,

2119 4771 2202 4828 ὅτι
2251 4773 2532 4846 θαυμαστά
2579 4793 2663 4827 σοι
2711 4774 2780 4829 τὰ
2828 4772 2994 4851 ἔργα’
3046 4774 3156 4852 ἐγὼ
3223 4776 3325 4853 γάρ
3375 4775 3603 4847 ἐξετάζω
3647 4775 3774 4853 περί

2118 4861 2312 4919 αὐτῶν.

2195 4972 2225 5003 ι(
2274 4948 2385 5005 Οὐκ
2440 4946 2642 5027 ἐκρύϐη
2689 4951 2753 5006 τὸ
2810 4952 3000 5010 ὀστοῦν
3064 4976 3168 5028 μου
3225 4954 3332 5011 ἀπὸ
3375 4959 3494 5025 σοῦ,
3546 4954 3577 5010 ’ὀ
3626 4953 3775 5010 ἐποί-

2121 5060 2257 5111 ησας
2308 5037 2360 5093 ἐν
2407 5038 2611 5118 κρυφῇ.
2642 5064 2672 5092 ››
2703 5074 2771 5084 —
2815 5041 2931 5099 Οὐκ
2976 5043 3185 5115 ἀφανής
3235 5065 3319 5099 σοι
3350 5045 3440 5099 καὶ
3492 5041 3770 5119 ἄγνωστος

2119 5133 2229 5184 τῶν
2288 5127 2433 5203 ἐμῶν
2512 5128 2710 5185 ὀστέων
2770 5132 2804 5200 ἡ
2865 5130 3139 5205 σύμπηξις
3175 5177 3190 5203 ,
3249 5133 3318 5203 ἢν
3382 5133 3776 5195 κατεσκεύασας

2124 5219 2342 5295 ἀφανῶς
2371 5217 2425 5273 ἐν
2454 5222 2523 5292 τῇ
2554 5217 2714 5290 νηδύϊ
2758 5226 2861 5291 τῆς
2910 5221 3119 5296 μητρός
3152 5243 3278 5297 μου,
3311 5222 3411 5278 οὐκ
3455 5222 3663 5300 ἀφανής
3691 5242 3779 5277 σοι

2121 5311 2239 5369 πῶς
2268 5304 2386 5383 ἔχει
2411 5307 2642 5385 φύσεως.

2197 5436 2227 5465 «
2258 5411 2357 5467 Kal
2413 5414 2449 5482 ἡ
2505 5413 2791 5477 ὑπόστασίς
2849 5436 2955 5489 μου
3012 5415 3065 5472 ἐν
3113 5423 3232 5481 τοῖς
3286 5419 3622 5481 κατωτάτοις
3673 5423 3777 5488 τῆς

2126 5507 2252 5577 γῆς,
2290 5525 2317 5553 ››
2404 5534 2446 5545 -
2502 5502 2636 5558 Ἀπὸ
2693 5508 2880 5558 κοινοῦ
2935 5505 3019 5576 τὸ,
3074 5506 3172 5563 οὐκ
3230 5504 3431 5586 ἐκρύϐη
3494 5508 3601 5564 ἀπὸ
3657 5511 3775 5579 σοῦ,

2126 5590 2297 5667 ἤγουν
2346 5590 2398 5645 ἐν
2441 5596 2521 5664 τῷ
2571 5592 2722 5667 βάθει
2744 5595 2844 5663 τῆς
2888 5601 2990 5669 γῆς
3040 5600 3387 5672 κρυπτομένη
3433 5597 3567 5672 μετά
3615 5597 3778 5661 θάνα-

2127 5700 2219 5735 τον
2246 5682 2282 5750 ἡ
2331 5684 2429 5735 τοῦ
2471 5680 2727 5755 σώματός
2780 5703 2886 5761 μου
2941 5682 3228 5751 ὑπόστασις
3274 5686 3375 5743 οὐκ
3418 5686 3627 5766 ἀφανής
3668 5706 3776 5760 σοι,

2129 5766 2388 5851 δηλονότι
2446 5773 2567 5839 πῶς
2608 5767 2728 5869 ἔχει
2775 5770 3009 5858 φύσεως,
3068 5776 3342 5835 τουτέστιν
3402 5773 3554 5846 οἶδας
3606 5774 3781 5865 ἀκρι-
