4066 6434
455 370 614 435 1607

1709 372 2135 438 NICEPHORI
2180 373 2621 438 BLEMMIDxE

3692 376 3822 441 1608

450 496 561 564 ϐῶς
589 502 680 557 καὶ
707 501 836 564 τοὺς
864 506 967 572 τῆς
996 502 1323 577 συμπήξεώς
1351 524 1455 577 μου
1482 501 1707 581 λόγους,
1730 505 1821 559 καὶ
1849 503 1982 568 τοὺς
2009 510 2109 574 τῆς
2140 511 2189 577 Α
2223 502 2389 581 ἔγνως
2425 527 2510 579 με,
2543 509 2662 568 πῶς
2705 501 2870 559 πάλιν
2930 501 3086 582 φησῖ,
3120 502 3418 577 Δοκίμασόν
3448 524 3513 578 με
3554 503 3637 560 καὶ
3680 507 3820 582 γνῶθι

453 587 777 652 διαλύσεως.

521 704 552 732 ‹‹
584 680 654 734 Τὸ
691 678 1080 756 ἀκατέργαστόν
1135 702 1239 754 μου
1288 678 1428 737 εἶδον
1484 682 1537 735 οἱ
1596 679 1872 760 ὀφθαλμοί
1923 702 2018 735 σου
2075 704 2105 734 )›

447 802 518 813 -—
546 768 647 824 Καὶ
675 768 729 824 τί
761 766 910 843 λέγω
960 768 1231 843 σύμπηξιν
1280 769 1371 826 καὶ
1423 767 1669 826 διάλυσιν
1703 789 1717 840 ;
1751 770 1881 826 αὐτὸ
1910 771 1973 825 τὸ
2001 771 2101 839 την

444 860 669 933 πρώτην
757 856 1011 936 ἀφορμὴν
1087 865 1187 928 τῆς
1265 858 1405 932 ἐμῆς
1498 858 1763 935 γενέσεως
1848 857 2101 923 δεδωκὼς

443 947 660 1023 σπέρμα
718 948 887 1020 μήπω
931 948 1102 1023 τυχὸν
1153 947 1206 1003 ἐν
1254 947 1325 1023 τῇ
1386 948 1557 1025 μητρὶ
1617 946 1893 1023 μηδεμιᾶς
1952 947 2102 1025 ἐργα-

444 1035 563 1100 σίας
627 1037 1031 1115 βρεφουργικῆς
1087 1035 1261 1100 οὕτως
1314 1034 1466 1100 οἶδας
1527 1037 1603 1100 ὡς
1661 1037 1929 1108 αὐτοτελῆ
1995 1058 2100 1111 μου

416 1172 419 1177 .
445 1124 759 1181 ὑπόστασιν.

515 1238 545 1269 ι(
575 1213 677 1268 Καὶ
725 1212 813 1269 ἐπὶ
858 1214 921 1269 τὸ
969 1210 1185 1290 βιϐλίον
1231 1236 1328 1270 σου
1384 1214 1580 1278 πάντες
1641 1217 2039 1294 γραφήσονται.
2066 1238 2096 1267 ››

440 1331 513 1347 ι·-
568 1302 669 1358 Καὶ
725 1302 789 1358 ού
850 1303 1010 1376 μόνον
1070 1302 1169 1377 ἐμὲ
1223 1305 1515 1379 γινώσκεις
1566 1302 1763 1376 οὕτως,
1813 1304 1890 1367 ὡς
1940 1303 2097 1381 ἔφην,

438 1390 587 1448 ἀλλά
636 1391 727 1447 καὶ
783 1391 1157 1465 ἁπαξάπαντας
1191 1411 1205 1425 ’
1270 1387 1489 1469 βιϐλίον
1548 1392 1643 1466 μὲν
1705 1394 1808 1469 γάρ
1867 1397 2002 1448 Θεοῦ
2058 1395 2094 1463 ἡ

436 1476 668 1557 ἀκριϐὴς
721 1486 940 1558 γνῶσις”
998 1482 1183 1559 γραφή
1233 1478 1291 1537 δὲ
1335 1481 1501 1538 αὐτοῦ
1550 1484 1586 1552 ἡ
1639 1479 1898 1552 διηνεκὴς
1961 1484 2097 1555 μνή-

436 1591 514 1643 μη
551 1614 565 1627 .
621 1569 693 1624 Τὸ
748 1570 1081 1648 γραφήσεται
1140 1567 1199 1625 δὲ
1252 1574 1345 1625 νῦν
1402 1571 1521 1626 ἀντὶ
1570 1574 1669 1626 τοῦ
1720 1571 2093 1647 γεγραμμένοι

434 1658 537 1715 εἶσί
571 1677 585 1691 ⁸
640 1660 709 1714 τὰ
761 1660 936 1714 πάντα
989 1661 1092 1737 γάρ
1168 1656 1310 1714 οἶδεν
1372 1660 1401 1715 6
1457 1659 1589 1722 Θεὸς
1645 1659 1772 1736 πρὶν
1839 1660 2095 1735 γενέσεως

435 1746 634 1803 αὐτῶν·
685 1745 737 1802 ἐν
793 1748 885 1821 μὲν
936 1746 1027 1803 οῦν
1077 1752 1158 1821 τῷ
1210 1743 1415 1825 βιϐλίῳ
1460 1756 1564 1819 τῆς
1611 1747 1794 1817 ἁπλῆς
1840 1749 2094 1824 γνώσεως

432 1834 804 1914 γεγραμμένοι
857 1837 1186 1913 τυγχάνουσι
1246 1836 1569 1911 σύμπαντες·
1632 1836 1685 1892 ἐν
1749 1834 1808 1892 δὲ
1848 1836 1929 1910 τῷ
1974 1838 2091 1892 κατ’

433 1924 707 1981 οἰκείωσιν
738 1930 991 2002 γνώσεως
1026 1925 1182 2001 μόνοι
1212 1927 1265 1982 οἱ
1297 1923 1519 1983 δίκαιοι.

505 2057 536 2087 ιι
565 2032 802 2110 Ἡμέρας
847 2031 1280 2108 πλασθήσονται,
1334 2033 1427 2089 καὶ
1486 2031 1663 2097 οὐδεὶς
1714 2032 1767 2089 ἐν
1817 2032 2024 2097 αὐτοῖς.
2055 2056 2086 2087 ››

428 2121 731 2185 -Πάντες
792 2123 976 2196 μέντοι
1031 2143 1096 2198 γε
1151 2123 1205 2177 οἱ
1264 2122 1317 2178 ἐν
1363 2126 1432 2197 τῇ
1488 2117 1671 2198 βίϐλῳ
1721 2143 1818 2177 σου
1847 2143 2088 2199 γεγραμ-

431 2209 581 2284 μένοι
640 2209 1048 2281 πλασθήσονται
1108 2209 1307 2266 πλάσιν
1366 2208 1579 2287 ἡμέρας
1616 2253 1631 2280 ,
1688 2208 1814 2281 ἤτοι
1886 2209 2085 2267 πλάσιν

424 2301 716 2376 ἠμερινήν,
765 2300 855 2355 καὶ
905 2296 1082 2362 οὐδεὶς
1140 2298 1192 2355 ἐν
1246 2299 1431 2361 αὐτοῖς
1481 2295 1650 2370 ἔσται,
1700 2297 1961 2370 δηλονότι
2004 2301 2081 2372 μὴ

422 2389 681 2460 τοιαύτην
738 2388 936 2445 πλάσιν
996 2388 1257 2454 πλασθείς
1294 2430 1307 2444 .
1365 2387 1617 2444 Τουτέστι
1653 2433 1666 2459 ,
1725 2394 1869 2447 πᾶσα
1924 2389 2081 2467 φύσις

430 2480 639 2555 βροτῶν
720 2475 810 2534 διὰ
882 2485 986 2549 τῆς
1057 2478 1469 2556 παλιγγενεσίας
1540 2475 2013 2549 ἀναπλασθήσεται
2063 2497 2078 2513 ⁸

421 2567 547 2644 περὶ
592 2566 792 2639 ταύτης
833 2566 937 2644 γὰρ
976 2571 1068 2623 νῦν
1115 2567 1143 2622 6
1194 2569 1486 2645 προφήτης
1535 2564 1843 2645 φιλοσοφεῖ,
1882 2566 2080 2622 πλάσιν

421 2658 691 2733 ἡμερινήν
742 2657 1026 2730 ὀνομάζων
1072 2656 1238 2725 αὐτὴν
1295 2656 1371 2719 ὡς
1417 2659 1516 2711 τοῦ
1564 2655 1790 2720 σκότους
1836 2660 1943 2711 τῶν
1974 2677 2077 2711 πα-

418 2748 525 2801 θῶν
597 2743 1053 2822 ἀπηλλαγμένην,
1130 2745 1209 2808 ὠς
1288 2742 1456 2818 μηδὲν
1534 2742 1763 2820 ἔχουσαν
1840 2746 2076 2821 κρυπτὸν

415 2833 822 2912 ἐνεργούμενον,
854 2834 930 2897 ὠς
960 2831 1243 2911 διάδοχον.
1292 2839 1399 2904 Τῆν
1454 2836 1599 2904 ζωὴν
1651 2838 1721 2909 τῇ
1771 2838 1869 2888 τοῦ
1918 2833 2078 2899 θανά-

411 2945 510 2979 του
567 2928 693 2995 σκιᾷ
748 2923 1088 2996 κεκτημένην
1145 2921 1235 2978 καὶ
1295 2920 1659 2991 ἀκατάλυτον,
1718 2922 1793 2985 ὠς
1863 2921 2074 2978 πάντων

417 3011 609 3076 ἀπλῶς
640 3011 1039 3088 καθαρεύουσαν
1089 3009 1181 3067 διά
1229 3013 1329 3082 τήν
1361 3012 1588 3088 πρώτην
1618 3013 1843 3089 γένεσιν,
1876 3010 2078 3068 πλάσιν

414 3102 731 3177 νυκτερινήν
763 3102 791 3156 6
821 3100 984 3178 λόγος
1016 3099 1129 3157 οἶδε
1152 3098 1364 3159 καλεῖν.

489 3217 519 3246 ι(
553 3191 711 3265 Ἐμοὶ
753 3188 811 3246 δὲ
842 3189 961 3247 λίαν
994 3190 1327 3265 ἐτιμήθησαν
1356 3190 1410 3245 οἱ
1441 3188 1595 3268 φίλοι
1644 3211 1762 3261 σου,
1795 3191 1823 3245 6
1853 3189 2004 3254 Θεός.
2042 3217 2065 3247 ι

416 3313 488 3324 -
518 3279 687 3336 Φίλοι
715 3284 850 3336 Θεοῦ
880 3278 998 3334 ὅσοι
1032 3277 1102 3334 δι’
1128 3280 1323 3356 ἀρετῆς
1357 3279 1680 3335 οἶκειοῦνται
1708 3279 1872 3352 αύτῷ.

488 3392 519 3423 ‹‹
548 3367 679 3424 Κίαν
731 3367 1170 3444 ἐκραταιώθησαν
1230 3369 1285 3423 αἰ
1338 3367 1504 3445 ἀρχαὶ
1554 3368 1752 3427 αὐτῶν.
1809 3393 1831 3421 ιι
1881 3402 1952 3412 -
2006 3371 2074 3426 Αἱ

416 3456 649 3529 ἐξουσίαι
681 3456 854 3512 αὐτῶν
899 3456 1170 3530 κραταιαί·
1221 3456 1702 3533 κατακυριεύσουσι
1741 3458 1842 3533 γὰρ
1873 3457 2074 3521 πάθους

413 3545 617 3608 παντὸς
647 3543 903 3600 καὶκατὰ
929 3543 1107 3615 πάσης
1156 3544 1239 3600 ἀεὶ
1287 3545 1475 3607 κακίας
1523 3543 1793 3621 ἐγείρουσι
1840 3545 2075 3621 τρόπαια

411 3637 482 3709 τῇ
509 3633 716 3711 ἀμάχῳ
745 3632 900 3711 ἰσχύϊ
926 3636 1027 3704 τῆς
1058 3633 1279 3709 ἀρετῆς.

486 3723 1017 3800 «Ἐξαριθμήσομαι
1065 3720 1280 3794 αὐτοὺς,
1340 3722 1432 3777 καὶ
1490 3722 1624 3799 ὑπὲρ
1684 3720 1869 3797 ἅμμον
1928 3721 2073 3795 πλή-

414 3812 791 3885 θυνθήσονται.
826 3837 855 3866 ››
886 3845 957 3856 —-
987 3811 1087 3867 Καὶ
1137 3808 1317 3887 ὀλίγοι
1365 3815 1446 3884 τῷ
1488 3815 1642 3884 ποσῷ
1683 3811 2070 3887 τυγχάνοντες,

413 3900 844 3979 ἀπειροπληθεῖς
875 3900 1001 3976 ἐμοὶ
1025 3902 1403 3972 καθεστήκασι’
1436 3898 1645 3956 πολλαὶ
1674 3902 1779 3978 γὰρ
1815 3899 2071 3978 μυριάδες

412 3990 515 4048 ούκ
543 3991 674 4047 εἰσὶν
707 3989 820 4055 ἐνὸς
848 3990 1056 4047 τούτων
1089 3990 1349 4061 ἀντάξιαι.
1878 3984 1883 3989 ’

483 4104 513 4134 ‹‹
546 4080 879 4157 Ἐξηγέρθην
927 4079 1017 4136 καὶ
1066 4078 1145 4135 ἔτι
1195 4080 1309 4153 εἰμί
1371 4079 1506 4153 μετά
1553 4084 1670 4135 σοῦ.
1698 4103 1728 4133 υ
1770 4112 1840 4124 -—-
1871 4080 2072 4153 Ἐξανέ-

408 4190 541 4240 στην
600 4176 703 4240 τῆς
759 4173 867 4225 τῶν
939 4173 1235 4247 συμφορῶν
1311 4169 1708 4231 καταπτώσεως
1741 4215 1755 4241 ,
1815 4169 1905 4225 καὶ
1972 4172 2072 4227 ούκ

409 4259 647 4329 ἀπέστην
694 4264 795 4329 τῆς
846 4258 1043 4335 ἀρετῆς
1079 4304 1093 4331 ,
1144 4256 1278 4335 ὅπερ
1331 4257 1634 4333 πάσχουσιν
1693 4257 1745 4313 ἐν
1806 4258 2073 4337 εὐημερίᾳ

410 4344 624 4422 πολλῇ.

486 4460 517 4490 ‹‹
552 4438 674 4492 Ἐὰν
702 4436 1020 4512 ἀποκτείνῃς
1069 4434 1458 4512 αμαρτωλοὺς,
1488 4436 1517 4491 6
1547 4436 1698 4499 Θεός.
1731 4459 1758 4491 ο
1794 4470 1861 4482 -
1892 4444 2070 4515 Προσ-

413 4525 779 4582 υπακουστέον
805 4527 870 4582 τὸ
900 4524 957 4581 εὖ
978 4524 1116 4603 ἔχει.
1146 4526 1301 4580 Αῗτεῖ
1330 4522 1388 4580 δὲ
1417 4525 1479 4580 ού
1500 4527 1601 4595 τὴν
1631 4530 1737 4581 τῶν
1767 4526 2065 4604 ἀνθρώπων

412 4615 635 4694 φθοράν,
669 4614 818 4672 ἀλλᾶ
843 4617 942 4685 τὴν
974 4622 1076 4685 τῆς
1105 4612 1297 4677 κακίας
1328 4612 1618 4689 ἀναίρεσιν.

490 4728 515 4759 ι
550 4701 775 4778 ’Ἄνδρες
805 4703 1078 4778 αἱμάτων,
1109 4701 1392 4759 ἐκκλίνατε
1422 4703 1512 4758 ἀπ’
1543 4703 1701 4777 ἐμοῦ,
1736 4702 1819 4759 ὅτι
1863 4703 2068 4781 ἐρισταί

413 4793 533 4850 ἐστε
564 4794 640 4857 εἰς
672 4790 1062 4870 διαλογισμόν.
1092 4816 1123 4845 ››
1151 4825 1219 4836 -
1259 4794 1379 4847 ’Ότι
1426 4789 1607 4869 ἔριδας
1636 4791 1727 4848 καὶ
1772 4794 1955 4869 μάχας
1984 4793 2066 4850 ἀεὶ

409 4881 789 4959 διαλογίζεσθε
816 4883 906 4938 καὶ
941 4880 1221 4957 μελετᾶτε.

480 4996 511 5025 ‹‹
544 4974 826 5047 Λήψονται
878 4971 956 5034 εἰς
1008 4969 1347 5045 ματαιότητα
1386 4970 1484 5032 τάς
1530 4967 1722 5033 πόλεις
1772 4992 1889 5028 σου.
1939 4996 1968 5024 ››
1996 5005 2067 5016 —-

409 5062 734 5133 Οἶκήσουσιν
770 5105 788 5135 ,
845 5063 892 5116 ὦ
949 5060 1157 5137 Κύριε,
1222 5058 1396 5132 μάτην
1451 5058 1548 5121 τὰς
1615 5059 1805 5122 πόλεις
1863 5082 1959 5117 σου
2012 5063 2064 5117 οἱ

406 5153 672 5221 τοιοῦτοι,
708 5151 958 5224 μένοντες
992 5148 1069 5212 εἷς
1099 5147 1295 5225 ἀρετὴν
1344 5148 1599 5224 ἄκαρποι.
1632 5154 1782 5204 Πᾶσα
1812 5146 1870 5204 δὲ
1899 5150 2064 5215 πόλις

406 5242 505 5293 τοῦ
538 5239 757 5315 Κυρίου,
791 5238 907 5295 ἐπεὶ
936 5237 1027 5293 καὶ
1056 5242 1203 5293 πᾶσα
1229 5239 1264 5307 ἡ
1289 5243 1385 5311 γῆ.

481 5351 509 5380 ‹‹
538 5326 636 5382 Καὶ
686 5326 773 5382 ἐπὶ
825 5333 943 5390 τοῖς
997 5326 1217 5403 ἐχθροῖς
1262 5346 1357 5380 σου
1407 5324 1760 5400 ἐξετηκόμην.
1795 5361 1862 5372 -
1915 5326 2065 5384 Ἐδα-

410 5420 669 5488 πανῶμεν
698 5421 778 5487 τῷ
803 5416 935 5493 πυρί
964 5421 1062 5472 τοῦ
1090 5417 1205 5471 κατ’
1235 5419 1410 5470 αῦτῶν
1444 5413 1658 5470 δικαιου
1687 5418 1883 5489 θυμοῦ.

482 5548 511 5575 (ι
546 5522 847 5594 Δοκίμασόν
916 5546 1001 5597 με,
1060 5525 1089 5578 6
1146 5522 1297 5589 Θεὸς,
1355 5520 1445 5576 καὶ
1494 5524 1661 5596 γνῶθι
1702 5523 1802 5592 τήν
1839 5523 2060 5601 καρδίαν

415 5632 520 5686 μου
554 5631 566 5644 ·
628 5608 813 5667 ἔτασόν
871 5634 960 5686 με,
1018 5612 1109 5667 καὶ
1158 5613 1324 5689 γνῶθι
1375 5611 1472 5672 τὰς
1531 5606 1751 5687 τρίϐους
1814 5634 1917 5686 μου
1957 5658 1971 5670 .
2032 5638 2062 5667 ››

412 5732 485 5783 ς-
540 5700 669 5760 Κατ’
726 5700 899 5780 ἀρχὰς
958 5701 1124 5757 εἰπὼν
1180 5700 1319 5777 πρὸς
1375 5700 1501 5757 Θεὸν
1551 5696 1913 5779 Ἐδοκίμασάς
1973 5724 2060 5784 με,

2209 594 2309 663 τὴν
2340 592 2561 669 καρδίαν
2593 614 2736 669 μου;
2768 595 2806 663 ἢ
2856 591 3027 662 δῆλον
3078 591 3162 647 ὅτι
3208 591 3304 647 κᾶν
3352 593 3600 669 ἀποτείνῃ
3639 595 3701 649 τὰ
3739 595 3820 671 ῥή-

2216 703 2358 755 ματα
2398 682 2536 759 πρὸς
2587 681 2893 754 Θεὸν,ἀλλ’
2925 680 3002 743 είς
3050 678 3432 759 πληροφορίαν
3481 686 3585 737 τῶν
3632 679 3820 738 ἀκουόν-

2208 792 2317 827 των
2343 776 2503 828 τοῦτο
2533 778 2681 828 ποιεῖ
2726 772 2816 828 καὶ
2868 767 3159 850 ὠφέλειαν·
3212 768 3327 826 ἐπεὶ
3372 771 3464 826 καὶ
3511 773 3665 845 ἡμεῖς
3704 772 3821 829 πολ-

2211 858 2369 924 λάκις
2436 861 2723 936 εἰώθαμεν,
2772 855 2937 916 ὁπότε
3001 881 3054 915 τι
3102 860 3573 939 πληροφορητικῷ
3633 858 3818 937 διηγού-

2213 951 2349 1024 μεθα
2393 950 2530 1026 πρὸς
2575 951 2704 1007 Θεὸν
2758 947 3118 1026 σχηματίζειν
3163 949 3264 1019 τὴν
3294 950 3547 1021 τοιαύτην
3576 946 3814 1026 διήγησιν·

2208 1038 2239 1093 6
2268 1043 2398 1114 γοῦν
2449 1037 2594 1116 λέγει
2633 1043 2797 1115 τοῦτο
2846 1037 3011 1105 ἐστιν,
3055 1036 3138 1092 ὅτι
3206 1034 3686 1112 Δεδοκιμασμένως
3743 1040 3815 1094 καὶ

2207 1122 2451 1204 ἀκριϐῶς
2508 1127 2783 1183 ἐπίσταται
2828 1128 2858 1183 6
2912 1127 3065 1199 Θεὸς,
3116 1126 3193 1189 ὡς
3257 1125 3356 1181 οὐκ
3422 1124 3561 1182 ἔστιν
3614 1126 3661 1181 ἐν
3713 1122 3815 1202 ἐμοὶ

2207 1218 2399 1293 πρᾶξις
2432 1214 2636 1280 ἄδικος’
2668 1216 2732 1272 τὸ
2758 1216 2860 1293 γάρ
2888 1215 2934 1270 εἰ
2962 1212 3188 1289 δύναμιν
3221 1213 3336 1291 ἔχει
3376 1214 3665 1293 ἀρνήσεως.

2280 1328 2310 1357 ‹‹
2340 1306 2440 1361 Καὶ
2488 1303 2587 1376 ἴδε,
2629 1305 2675 1360 εἰ
2719 1302 2844 1368 ὁδὸς
2887 1304 3116 1379 ἀνομίας
3161 1303 3214 1359 ἐν
3261 1302 3388 1378 ἐμοὶ
3434 1304 3524 1359 καὶ
3576 1301 3810 1381 ὁδήγησόν

2210 1415 2278 1469 με
2325 1393 2377 1450 ἐν
2424 1392 2537 1468 ὁδῷ
2567 1394 2778 1468 αἰωνίᾳ.
2813 1417 2842 1447 ››
2873 1427 2941 1437 -
2973 1392 3239 1471 Ἐπάγαγέ
3291 1413 3360 1467 με
3398 1394 3534 1471 πρὸς
3579 1395 3710 1464 ζωὴν
3745 1393 3815 1449 αἲ-

2205 1484 2391 1541 ώνιον.

2770 1647 3068 1699 ΨΑΛΜΟΣ
3108 1642 3273 1699 ΡΛΘ’.

2273 1807 2301 1837 ‹‹
2332 1785 2426 1848 Εἰς
2471 1786 2535 1841 τὸ
2578 1783 2763 1855 τέλος,
2814 1783 3038 1860 ψαλμὸς
3104 1787 3184 1855 τῷ
3231 1781 3422 1842 Δαυΐδ.
3472 1781 3683 1855 Ἐξελοῦ
3741 1803 3813 1856 με,

2119 1874 2383 1951 ΒΚύριε,
2441 1875 2494 1946 ἐξ
2549 1874 2843 1952 ἀνθρώπου
2913 1877 3184 1949 πονηροῦ·
3234 1872 3345 1928 ἀπὸ
3408 1869 3594 1947 ἀνδρὸς
3656 1868 3813 1927 ἀδίκου

2201 1962 2355 2040 ῥῦσαί
2403 1985 2491 2039 με.
2553 1986 2582 2015 »
2637 1995 2709 2007 —
2751 1964 2822 2043 'I_‘6
2869 1962 3190 2038 ἐλογίσαντο
3240 1960 3362 2018 ἀντὶ
3434 1966 3532 2017 τοῦ
3583 1959 3812 2036 ἐμελέτη-

2198 2072 2291 2109 σαν
2300 2097 2314 2112 υ

2272 2165 2296 2197 ι
2329 2140 2535 2205 Οῖτινες
2583 2141 2900 2219 ἐλογίσαντο
2941 2138 3153 2203 ἀδικίας
3203 2139 3256 2195 ἐν
3307 2136 3525 2215 καρδίᾳ,
3555 2136 3683 2211 ὅλην
3730 2139 3810 2207 τήν

2195 2231 2405 2309 ἡμέραν
2453 2230 2850 2308 παρετάσσοντο
2897 2228 3206 2303 πολέμους.
3255 2252 3286 2282 »
3337 2261 3410 2272 —
3456 2230 3541 2284 Ἐν
3604 2226 3711 2300 ὅλῳ
3751 2230 3815 2299 τῷ

2199 2320 2303 2395 βίῳ
2356 2320 2531 2376 αὐτῶν
2578 2319 2973 2397 ηὐτρεπίζοντο
3025 2318 3102 2381 εἰς
3148 2317 3461 2392 πολέμους.
3492 2314 3724 2391 Πόλεμον
3765 2313 3811 2370 δὲ

2194 2407 2449 2483 ὀνομάζει
2499 2415 2671 2465 πᾶσαν
2724 2408 3007 2485 ἐπήρειαν,
3039 2407 3091 2463 ἐν
3146 2404 3365 2479 διανοίᾳ
3418 2405 3509 2462 καὶ
3562 2405 3699 2482 λόγῳ
3738 2402 3808 2459 καὶ

2190 2494 2337 2575 ἔργῳ
2367 2499 2774 2574 θεωρουμένην.

2266 2609 2290 2639 ι
2352 2587 2653 2659 Ἠκόνησαν
2729 2586 2980 2665 γλῶσσαν
3068 2586 3244 2642 αὐτῶν
3336 2587 3466 2644 ὡσεὶ
3543 2584 3720 2665 ὅφεως.
3781 2603 3805 2633 ιι

2189 2707 2259 2719 --
2288 2675 2513 2747 ’Ὠξυναν
2546 2676 2622 2738 εἷς
2656 2674 2856 2753 λόγους
2892 2674 3229 2752 βλαπτικοὺς
3282 2672 3445 2747 δίκην
3475 2676 3663 2745 Ἰησοῦ.

2259 2789 2289 2817 ‹‹
2318 2764 2419 2828 Ἰὸς
2466 2762 2708 2820 ἀσπίδων
2760 2765 2864 2821 ὑπὸ
2918 2766 2985 2820 τά
3030 2762 3194 2841 χείλη
3242 2764 3447 2822 αὐτῶν.
3484 2788 3506 2817 ι
3537 2796 3603 2806 -
3656 2759 3800 2834 Λόγος

2191 2852 2441 2930 ὀλέθριος
2473 2852 2526 2909 ἐν
2552 2858 2630 2926 τῷ
2661 2853 2892 2927 στόματι
2922 2852 3123 2911 αὐτῶν.

2262 2966 2290 2996 ι(
2321 2941 2568 3013 Φύλαξόν
2626 2963 2714 3016 με,
2765 2942 2946 3019 Κύριε,
2991 2941 3051 2997 ἐκ
3096 2942 3287 3019 χειρὸς
3337 2939 3682 3017 ἀμαρτωλοῦ,
3717 2935 3798 2991 ἀπὸ

2185 3030 2482 3108 ἀνθρώπων
2532 3029 2733 3087 ἀδίκων
2784 3029 2970 3102 ἐξελοῦ
3024 3052 3109 3105 με.
3143 3054 3172 3083 ››
3222 3062 3295 3075 -
3339 3036 3510 3107 Χεῖρα
3551 3027 3696 3084 καλεῖ
3723 3025 3801 3092 τὴν

2185 3121 2476 3197 ἐνέργειαν.
2524 3119 2820 3197 ’Δμαρτίαν
2871 3117 2930 3176 δὲ
2988 3119 3080 3175 καὶ
3145 3117 3361 3175 ἀδικίαν
3429 3118 3520 3175 καὶ
3576 3113 3793 3192 πονηρίαν

2180 3211 2280 3280 τὴν
2310 3207 2552 3274 καθόλου
2579 3208 2769 3265 κακίαν
2802 3209 2985 3289 φησίν.

2257 3323 2287 3354 ι(
2315 3296 2522 3361 Οῖτινες
2568 3287 2940 3375 διελογίσαντο
2988 3302 3087 3354 τοῦ
3137 3297 3496 3355 ὑποσκελίσαι
3536 3297 3601 3353 τὰ
3643 3287 3797 3361 διαϐή-

2186 3388 2327 3463 ματά
2378 3410 2503 3462 μου.
2542 3411 2570 3440 ››
2611 3421 2679 3432 -
2726 3388 2797 3443 Τὸ
2843 3392 2942 3442 τοῦ
2988 3386 3262 3463 περιττόν·
3319 3385 3526 3451 Οἵτινες
3570 3382 3793 3460 ἐμελέτη-

2183 3499 2275 3533 σαν
2308 3475 2598 3551 ἐμποδίσαι
2623 3480 2695 3551 τῇ
2722 3475 2859 3532 κατὰ
2883 3476 3053 3550 νόμον
3086 3476 3285 3551 πορείᾳ
3329 3498 3456 3551 μου.

2254 3591 2284 3619 ‹‹
2313 3569 2587 3642 Ἔκρυψαν
2648 3566 2983 3644 ὑπερήφανοι
3042 3562 3249 3641 παγίδα
3309 3586 3426 3639 μοι.
3461 3589 3489 3618 ››
3535 3594 3600 3609 -
3639 3562 3791 3634 Ὑπερ-

2180 3658 2390 3735 ήφανος
2419 3661 2524 3719 πᾶς
2555 3653 2873 3731 παράνομος
2905 3654 2979 3716 ὡς
3010 3653 3330 3731 ὑπερόπτης
3372 3658 3470 3710 τοῦ
3498 3652 3676 3726 νόμου.

2253 3769 2282 3797 ‹‹
2316 3744 2414 3799 Καὶ
2444 3744 2665 3820 σχοινία
2695 3740 2954 3799 διέτειναν
3004 3739 3236 3820 παγίδας
3287 3749 3408 3806 τοῖς
3464 3740 3589 3797 ποσί
3635 3758 3740 3813 μου.
3768 3756 3791 3786 θ»

2180 3867 2249 3877 -
2296 3834 2397 3889 Καὶ
2444 3831 2825 3895 πολυπλόκοις
2873 3826 3195 3896 ἐπιϐουλαῖς
3244 3830 3515 3902 ἥπλωσάν
3584 3849 3666 3903 μοι
3712 3829 3794 3893 τῆς

2178 3923 2315 3979 κατά
2370 3921 2499 3978 Θεὸν
2568 3921 2790 3999 πορείας
2842 3918 3098 3995 ἐμπόδια*
3158 3924 3333 3976 ταῦτα
3405 3921 3504 3998 γὰρ
3578 3912 3792 3988 ὀνομάζει

2178 4011 2267 4067 καὶ
2297 4007 2503 4087 παγίδα
2532 4010 2623 4066 καὶ
2653 4007 2945 4066 σκάνδαλα.

2251 4125 2281 4154 ‹‹
2310 4099 2582 4176 Ἐχόμενα
2608 4093 2802 4175 τρίϐου
2848 4095 3123 4155 σκάνδαλα
3159 4095 3344 4154 ἔθεντό
3398 4118 3510 4172 μοι.
3543 4118 3571 4147 ››
3598 4122 3661 4137 -
3683 4089 3789 4161 Ἔγ-

2178 4210 2337 4265 γιστα
2362 4196 2465 4260 τῆς
2495 4186 2626 4244 ὁδοῦ
2657 4184 2839 4244 ἔθεντό
2890 4208 2984 4261 μοι
3035 4186 3444 4264 προσκόμματα
3484 4183 3614 4240 ὥστε
3661 4196 3787 4253 περι-

2177 4284 2356 4335 πεσεῖν
2394 4299 2462 4352 με
2490 4277 2708 4340 τούτοις
2738 4274 3066 4356 ἀφυλάκτως
3101 4273 3415 4355 βαδίζοντα.

2253 4392 2283 4420 ‹‹
2311 4367 2454 4423 Εἶπα
2478 4371 2558 4440 τῷ
2604 4355 2807 4443 Κυρίῳ·
2858 4365 2987 4429 Θεός
3039 4386 3144 4440 μου
3194 4364 3247 4420 εἷ
3292 4365 3379 4422 σύ.
3414 4388 3443 4417 ››
3472 4395 3539 4407 -
3565 4361 3644 4416 Ἔν
3692 4355 3787 4412 τοῖς

2176 4456 2447 4519 τοιούτοις
2477 4452 2748 4518 κινδύνοις
2789 4454 2953 4529 μόνον
3002 4452 3419 4528 ἐπεκαλεσάμην
3466 4451 3556 4507 τὸν
3601 4445 3785 4529 Κύριονι

2178 4545 2344 4601 εἰπὼν
2399 4542 2570 4618 αὐτῷ,
2628 4543 2759 4607 Θεός
2791 4526 2924 4617 Ἴμου
2973 4543 3022 4598 εἶ
3064 4542 3149 4598 σύ’
3215 4526 3573 4617 μήηπαρίδῃς
3609 4533 3667 4591 τὸ
3708 4526 3784 4598 δη-

2098 4620 2147 4685 Ῑ)
2181 4634 2503 4711 μιούργημά
2534 4654 2651 4690 σου.

2157 4772 2162 4776 .
2247 4747 2276 4777 ‹‹
2309 4723 2613 4791 Ἐνώτισαι,
2644 4720 2826 4796 Κύριε,
2855 4721 2955 4790 τήν
2988 4720 3170 4801 φωνὴν
3200 4726 3303 4791 τῆς
3336 4715 3566 4790 δεήσεώς
3622 4728 3731 4786 μου·
3759 4725 3783 4757 ³⁸

2174 4843 2244 4855 -
2273 4818 2371 4866 Δεο
2380 4810 2542 4885 μένου
2573 4808 2853 4886 ῥυσθῆναι.

2247 4896 2490 4974 «Κύριε,
2552 4896 2736 4972 Κύριε,
2796 4894 3026 4971 δύναμις
3085 4903 3188 4967 τῆς
3267 4892 3537 4971 σωτηρίας
3595 4908 3708 4963 μου.
3758 4903 3781 4932 ν

2172 5021 2243 5032 -
2271 4987 2509 5062 Δύναμις
2538 4986 2787 5056 σώζουσά
2819 5008 2905 5060 με.

2243 5102 2273 5130 ‹‹
2306 5076 2655 5138 Ἐπεσκίασας
2686 5075 2775 5131 ἐπὶ
2803 5077 2903 5146 τὴν
2933 5074 3174 5152 κεφαλήν
3224 5094 3329 5149 μου
3378 5071 3430 5127 ἐν
3487 5067 3655 5142 ἡμέρᾳ
3696 5080 3781 5152 ποῖ

2172 5165 2367 5240 λέμου.
2407 5189 2429 5218 n
2479 5198 2549 5208 -—-
2596 5166 2683 5234 Μὴ
2738 5144 2899 5238 μόνον
2957 5144 3141 5241 βελῶν
3181 5144 3273 5220 καὶ
3321 5162 3507 5240 ξιφῶν,
3538 5153 3671 5211 ἀλλά
3709 5144 3781 5204 καὶ

2171 5254 2336 5325 αὐτῆς
2377 5261 2477 5325 τῆς
2529 5253 2769 5325 ἡλιακῆς
2816 5247 3155 5330 προσϐολῆς,
3189 5253 3354 5327 ἀθιγῆ
3402 5241 3685 5335 τετήρηκάς
3726 5252 3805 5335 ξε.

2169 5348 2239 5419 τῇ
2506 5323 2601 5397 σδυ
2673 5323 2970 5418 ὀμολὸγῶ
3013 5338 3072 5397 δὲ
3110 5323 3209 5405 τὰς
3254 5323 3657 5417 π-ροσλαϐούσας
3709 5323 3777 5379 εύο

2172 5433 2409 5510 εργεσίας
2455 5432 2532 5495 εἰς
2592 5429 2882 5506 ἀντίληψιν
2942 5431 3032 5487 καὶ
3090 5427 3169 5487 ἔτι
3214 5429 3370 5485 αὐτὸν
3421 5420 3776 5493 ἐπισπώμενος·

2242 5549 2271 5575 ι(
2304 5523 2391 5591 Μὴ
2450 5518 2677 5597 παραδῷ
2746 5521 2932 5597 Κυρίε,
2989 5521 3096 5576 ἀπὸ
3173 5527 3272 5590 τῆς
3351 5510 3624 5585 ἐπιθυμίας
3692 5521 3775 5597 μοιξ

2170 5592 2586 5688 ἁμαρτωλῷ.»
2640 5643 2706 5652 -
2755 5592 2877 5665 Απὸ
2923 5618 3026 5679 τῆς
3074 5608 3364 5681 ἐπιθυμίας
3408 5606 3471 5674 ἣν
3528 5598 3633 5675 ἔχει
3682 5592 3776 5688 κατ’

2173 5679 2310 5780 ἐμοῦ
2359 5701 2388 5757 6
2431 5679 2783 5779 ἀμαρτωλὸς,
2838 5702 2915 5777 μὴ
2960 5679 3330 5778 παραδῷς-με
3379 5692 3541 5767 αὐτῷ,
3568 5679 3772 5744 τουτέστι
