4066 6460
279 421 308 480 1
318 420 437 481 609

277 640 392 715 ἐμέ.

349 754 377 782 ‹‹
409 728 787 807 Διελογίσαντο
851 730 968 784 κατ’
1037 727 1194 803 ἐμοῦ⁹
1256 729 1331 802 μή
1413 725 1778 804 ἐγκαταλίπῃς
1841 747 1926 799 με,

281 821 495 892 μήποτε
547 820 850 893 ὑψωθῶσιν.
905 844 934 873 ››
984 851 1053 861 -
1106 816 1470 891 Ἐμελέτησαν
1520 818 1636 872 κατ’
1685 816 1820 890 ἐμοῦ
1878 817 1930 870 οἱ

280 907 605 985 ἁμαρτωλοί
639 927 650 938 ·
707 909 783 982 μὴ
832 907 986 981 ἐάσῃς
1047 929 1115 980 με
1185 903 1513 978 ἀϐοήθητον,
1555 904 1646 961 ’ίνα
1707 907 1781 978 μὴ
1842 904 1930 960 ἐπὶ

279 995 445 1052 πλέον
479 996 540 1052 ἐκ
565 1004 668 1066 τῆς
696 1003 810 1051 κατ’
838 995 976 1069 ἐμοῦ
1005 997 1163 1067 νίκης
1196 993 1644 1064 ἀλαζονεύσηται.

358 1110 387 1137 ‹‹
439 1088 501 1140 Ἡ
557 1085 768 1164 κεφαλή
841 1090 939 1140 τοῦ
994 1084 1358 1158 κυκλώματος
1406 1085 1604 1140 αὐτῶν.
1659 1110 1685 1136 ››
1735 1115 1805 1126 -——-
1861 1083 1931 1137 Τὸ

283 1173 575 1252 κεφάλαιον
631 1181 731 1244 τῆς
775 1171 1136 1245 κυκλωσάσης
1190 1195 1256 1246 με
1299 1172 1502 1243 ταύτης
1562 1169 1864 1242 ἐπιϐουλῆς
1895 1174 1931 1242 ἡ

288 1264 549 1339 μοχθηρὰ
627 1264 746 1318 κατ’
827 1261 962 1336 ἐμοῦ
1060 1258 1351 1336 συμϐουλή
1433 1262 1607 1318 αὐτῶν
1693 1267 1932 1316 πεσεῖται

288 1352 371 1407 ἐπ’
399 1351 612 1424 αὐτοὺς,
643 1351 733 1406 καὶ
766 1351 1008 1429 ἀφανίσει
1040 1351 1258 1414 αὐτούς.

359 1465 388 1492 ‹‹
417 1446 711 1497 Πεσοῦνται
772 1440 855 1497 ἐπ’
903 1441 1096 1503 αὖτοὺς
1156 1439 1433 1517 ἄνθρακες.
1494 1466 1522 1493 ››
1585 1474 1650 1483 -
1709 1440 1936 1514 Ἀνθρα-

282 1551 380 1593 κας
430 1529 732 1606 ἐμπυρίους
777 1531 877 1598 τήν
939 1528 1201 1600 θεήλατον
1256 1527 1526 1605 τιμωρίαν
1581 1527 1766 1604 εἷ’ρηκε
1822 1533 1935 1584 νῦν.

359 1643 388 1670 ‹‹
419 1621 504 1674 Ἐν
556 1619 687 1695 πυρὶ
736 1613 1061 1682 καταϐαλεῖς
1126 1618 1340 1681 αὐτούς.
1391 1643 1419 1670 ››
1478 1650 1548 1660 —-
1605 1620 1690 1672 ’Ev
1747 1615 1938 1672 ταλαι-

283 1714 625 1783 πωροποιοῖς
682 1708 972 1779 κακώσεσι,
1019 1709 1111 1763 καὶ
1169 1708 1230 1763 οὐ
1289 1709 1364 1781 μή
1417 1708 1751 1782 ὑπενέγκωσι
1805 1706 1937 1762 ταύ-

284 1819 386 1868 της
418 1795 508 1852 διὰ
539 1795 903 1876 σφοδρότητα.

1500 419 1913 480 EXPOSITIO
1955 417 2034 478 IN
2082 418 2463 479 PSALMOS.

279 554 356 625 μὴ
407 553 814 628 παραχωρήσῃς
873 547 1064 627 δρᾶσαί
1111 573 1164 606 τι
1196 550 1378 621 αὐτὸν,
1412 551 1485 606 ὧν
1538 549 1789 622 ἐπιθυμεῖ
1848 549 1925 611 εἷς
1956 554 2010 620 Α
2043 569 2134 624 ραν
2166 555 2435 623 περιοχῆς
2467 549 2592 623 περὶ
2637 549 2704 604 τὰ
2734 548 2898 626 χείλη
2953 571 3079 622 μου.
3114 576 3138 600 ››

3534 423 3693 482 1610

3173 584 3240 592 -
3289 548 3548 621 Φυλακὴν
3597 553 3690 608 καὶ

2038 637 2200 714 θύραν
2265 636 2583 716 ἀσφαλείας,
2633 637 2800 714 ἤγουν
2874 637 3297 717 ἀσφαλίζουσαν,
3350 638 3563 717 εἷ’ρηκεν
3635 641 3697 698 ἐκ

2038 725 2428 803 παραλλήλου,
2479 728 2576 796 τὴν
2625 727 2932 783 ἐπιστασίαν
2978 733 3076 783 τοῦ
3118 728 3260 790 νοός”
3317 726 3524 793 εἰδότος
3575 729 3696 787 τίνα

2044 816 2138 889 μὲν
2199 814 2437 893 ἐκφέρειν
2492 820 2588 871 τοῦ
2638 815 2931 890 στόματος,
2959 817 3079 872 τίνα
3129 815 3188 872 δὲ
3234 819 3484 894 κατέχειν
3545 814 3698 875 ἔνδον

2041 905 2242 980 χρεών·
2296 908 2460 959 τοῦτο
2505 901 2563 959 δὲ
2611 904 2753 967 θείας
2799 905 3110 982 ἐπικουρίας
3167 901 3326 982 ἔργον
3387 905 3519 963 οἶδε·
3569 905 3694 964 δυσ·-

2041 993 2296 1058 κάθεκτον
2379 993 2482 1070 γὰρ
2537 995 2570 1063 ἠ
2623 993 2848 1069 γλῶσσα
2924 994 3012 1050 καὶ
3079 996 3113 1065 ἠ
3181 995 3382 1067 ταύτης
3467 995 3693 1053 εὐκολία

2043 1081 2269 1138 πολλῶν
2295 1087 2472 1137 κακῶν
2500 1082 2647 1137 αἰτία
2676 1083 2990 1153 καθέστηκε.

2118 1194 2146 1222 ‹‹
2176 1173 2262 1240 Μὴ
2298 1169 2546 1246 ἐκκλίνῃς
2587 1173 2684 1241 τήν
2725 1169 2949 1248 καρδίαν
3003 1193 3106 1245 μου
3156 1173 3231 1236 εἰς
3283 1171 3485 1250 λόγους
3532 1195 3704 1246 πονη-

2047 1260 2166 1335 ρίας
2224 1265 2322 1316 τοῦ
2377 1260 2799 1340 προφασίζεσθαι
2859 1261 3154 1339 προφάσεις
3213 1261 3264 1318 ἐν
3326 1263 3634 1339 ἁμαρτίαις.
3667 1289 3697 1318 ››

2046 1383 2114 1394 -
2161 1351 2249 1419 Μὴ
2300 1352 2718 1426 παραχωρήσῃς
2769 1349 3099 1426 ἐκτραπῆναι
3157 1353 3256 1422 τὴν
3310 1350 3533 1430 καρδίαν
3595 1375 3702 1428 μου

2047 1438 2125 1501 εἷς
2188 1438 2464 1516 πονηροὺς
2520 1437 2846 1514 λογισμοὺς,
2905 1437 3041 1496 ὥστε
3115 1441 3204 1495 καὶ
3279 1442 3704 1521 προφασίζεσθαι

2046 1527 2343 1606 προφάσεις
2376 1528 2427 1584 ἐν
2477 1532 2556 1600 τῷ
2613 1529 2937 1605 ἁμαρτάνειν
2994 1529 3068 1592 ὡς
3126 1532 3226 1598 τῆς
3287 1530 3381 1604 μὲν
3447 1532 3704 1610 πορνείας

2049 1617 2219 1672 αἰτίαν
2252 1619 2504 1692 ἡγεῖσθαι
2532 1619 2632 1687 την
2683 1617 2799 1693 βίαν
2839 1621 2940 1686 τῆς
2991 1617 3300 1692 ἐπιθυμίας,
3331 1627 3434 1689 τῆς
3489 1619 3708 1691 κλοπῆς

2050 1704 2107 1763 δὲ
2134 1708 2234 1776 τὴν
2287 1715 2388 1777 τῆς
2449 1705 2652 1769 ἐνδείας
2713 1706 2942 1784 ἀνάγκην
3001 1707 3092 1762 καὶ
3149 1705 3337 1763 ἄλλων
3399 1711 3705 1786 ἁμαρτιῶν,

2048 1792 2193 1863 ἄλλα
2217 1793 2454 1850 τίνεσθαι
2484 1792 2651 1868 αίίτια,
2685 1796 2774 1850 καὶ
2809 1797 2884 1869 μὴ
2921 1796 2985 1851 τὸ
3025 1795 3227 1872 κυρίως
3277 1793 3446 1853 αἷίτιον
3497 1796 3708 1872 ὁμολο-

361 1910 388 1938 ‹‹
438 1887 606 1962 ’Δνήρ
654 1883 994 1962 γλωσσώδης
1047 1885 1108 1940 οὐ
1148 1887 1632 1956 κατευθυνθήσεται
1683 1885 1771 1940 ἐπὶ
1836 1887 1936 1954 τῆς
1970 1889 2176 1990 Βγεῖν,
2207 1885 2306 1953 τὴν
2363 1884 2627 1960 ῥᾳθυμίαν
2686 1892 2787 1954 τῆς
2846 1888 3034 1961 ψυχῆς
3090 1884 3180 1941 καὶ
3231 1887 3331 1954 τὴν
3385 1884 3700 1962 αὐθαίρετον

287 1983 409 2052 γῆς.
460 2000 490 2028 ››
537 2008 605 2018 -
650 1975 750 2029 Τὸν
797 1969 1074 2051 ὑϐριστὴν,
1123 1975 1214 2029 τὸν
1269 1973 1507 2051 ἐριστήν,
1555 1975 1647 2029 τὸν
1701 1974 1940 2051 φλύαρον

289 2064 353 2120 οὐ
383 2062 818 2134 κατευοδωθῆναι
847 2062 1219 2140 γνωμολογεῖ.

363 2177 393 2206 ‹‹
426 2151 627 2228 Ἀνδρα
686 2149 868 2208 ἄδικον
931 2153 1071 2208 κακᾶ
1120 2151 1370 2229 θηρεύσει
1435 2151 1513 2215 εἷς
1571 2150 1883 2231 διαφθοράν.
1915 2176 1941 2205 ››

291 2274 361 2285 --
387 2243 487 2298 Τὸν
521 2240 705 2297 ἄδικον
739 2239 906 2317 ἄνδρα
941 2244 1010 2296 τὰ
1055 2241 1194 2297 κακά
1233 2240 1428 2296 τούτου
1477 2236 1608 2316 ἔργα
1655 2241 1948 2317 ἀγρεύσου-

293 2352 375 2386 σιν
430 2331 508 2395 εἷς
554 2329 856 2402 ἀπώλειαν,
886 2330 984 2386 οὐκ
1026 2330 1105 2394 εἷς
1151 2330 1422 2405 σωτηρίαν
1469 2330 1544 2393 ὡς
1574 2334 1610 2400 ἡ
1643 2328 1780 2407 ἄγρα
1835 2335 1943 2386 τῶν

295 2423 552 2495 μαθητῶν
579 2425 678 2476 τοῦ
707 2420 928 2496 Κυρίου.

368 2532 396 2561 ‹‹
425 2515 637 2586 Ἔγνων
665 2508 748 2564 ὅτι
779 2511 996 2580 ποιήσει
1041 2509 1240 2584 Κύριος
1288 2511 1386 2580 τὴν
1438 2508 1611 2583 κρίσιν
1650 2514 1748 2564 τοῦ
1802 2531 1950 2564 πτω-

291 2604 402 2675 χοῦ
433 2599 524 2654 καὶ
548 2600 648 2669 τὴν
685 2596 839 2670 δίκην
866 2602 974 2654 τῶν
1011 2600 1280 2669 πενήτων.
1315 2625 1342 2651 ››
1377 2633 1443 2642 -
1475 2599 1539 2653 Εἰ
1568 2599 1657 2654 καὶ
1711 2599 1786 2672 μή
1835 2603 1949 2669 νῦν,

293 2686 440 2744 ἀλλά
466 2709 529 2764 γε
573 2687 711 2743 κατά
754 2689 854 2757 τὴν
908 2685 1214 2760 μέλλουσαν
1270 2689 1414 2758 ζωήν
1473 2690 1692 2759 ποιήσει
1753 2687 1952 2764 Κύριος

291 2778 396 2846 τὴν
426 2781 535 2833 τῶν
565 2774 1174 2849 καταδυναστευομένων
1207 2773 1507 2848 ἐκδίκησιν.

368 2891 396 2919 ι(
420 2865 573 2935 Πλήν
608 2864 810 2921 δίκαιοι
833 2865 1328 2941 ἐξομολογήσονται
1349 2869 1428 2938 τῷ
1447 2865 1675 2939 ὀνόματί
1699 2887 1815 2921 σου.
1838 2889 1864 2917 ››
1881 2897 1950 2908 ——-

296 2953 451 3024 Πλήν
500 2955 589 3011 καὶ
637 2963 737 3025 τῆς
788 2952 1118 3026 ἐκδικήσεως
1176 2952 1546 3028 βραδυνούσης
1581 2956 1634 3009 οἱ
1660 2953 1855 3010 δίκαιοι
1888 2953 1951 3008 οὔ

299 3040 874 3114 σκανδαλισθήσονται,
947 3041 1075 3099 ἀλλ’
1159 3042 1611 3120 εὐχαριστήσουσι
1693 3043 1784 3098 καὶ
1862 3042 1954 3098 οὕ-

297 3154 429 3205 τως,
459 3132 550 3188 καὶ
578 3134 804 3204 κατοική
817 3154 970 3187 σουσι
999 3130 1090 3186 σὺν
1126 3131 1234 3203 σοὶ,
1265 3132 1534 3204 τουτέσαι,
1565 3135 1633 3205 τῇ
1666 3135 1733 3205 σῇ
1765 3133 1955 3206 μνήμῃ

258 3239 260 3242 '
302 3220 630 3276 συνέσονται.
663 3219 798 3283 Τοὺς
829 3219 1025 3282 αὐτοὺς
1059 3217 1115 3274 δὲ
1145 3216 1290 3296 λέγει
1324 3217 1564 3282 δικαίους
1611 3218 1703 3274 καί
1750 3220 1950 3284 οὐθεῖς.

897 3346 1190 3401 ΨΑΛΜΟΣ
1231 3345 1358 3399 ΡΜ’.

374 3433 619 3511 «Κύριε,
705 3433 961 3507 ἐκέκραξα
1035 3433 1171 3506 πρὸς
1256 3434 1334 3503 σε,
1422 3430 1733 3487 εἷσάκουσόν
1829 3453 1953 3506 μου·

302 3521 578 3599 πρόσσχες
634 3525 704 3595 τῇ
762 3525 917 3598 φωνῇ
974 3527 1074 3591 τῆς
1135 3518 1372 3592 δεήσεώς
1427 3542 1532 3595 μου
1561 3520 1611 3576 ἐν
1642 3526 1721 3593 τῷ
1763 3541 1955 3598 κεκρα-

299 3610 447 3687 γέναι
511 3630 577 3683 με
633 3610 768 3686 πρὸς
823 3608 899 3664 σέ.
938 3634 965 3661 ››
998 3642 1068 3652 --
1109 3611 1166 3664 Ὁ
1222 3612 1510 3688 προφήτης
1568 3611 1658 3664 τὸν
1717 3610 1957 3685 παρόντα

299 3697 520 3773 ψαλμὸν
549 3697 640 3752 καὶ
668 3699 759 3752 τὸν
801 3697 908 3774 πρὸ
959 3698 1124 3754 αὐτοῦ
1180 3698 1268 3753 καὶ
1315 3700 1404 3753 τὸν
1455 3700 1570 3772 μετ’
1620 3698 1801 3772 αὐτὸν,
1835 3697 1959 3754 διω-

297 3787 531 3861 κόμενος
563 3786 666 3842 ὑπὸ
707 3791 804 3841 τοῦ
836 3785 1041 3861 Σαοὺλ,
1075 3787 1390 3842 συντέθεικε.
1424 3789 1672 3864 Κραυγὴν
1725 3785 1782 3843 δὲ
1832 3788 1955 3843 ὀνο-

303 3875 458 3951 μάζει
488 3876 586 3944 τὴν
616 3875 856 3930 ἐπίτασιν
885 3883 986 3946 τῆς
1048 3878 1186 3953 πρὸς
1237 3877 1365 3932 Θεὸν
1423 3883 1616 3954 νοερᾶς
1649 3876 1955 3948 ἐντεύξεως.

378 3965 859 4033 «Κατευθυνθήτω
911 3966 946 4032 ἡ
1003 3967 1284 4041 προσευχή
1369 3987 1476 4039 μου
1555 3965 1630 4027 ὡς
1711 3966 1960 4039 θυμίαμα

301 4051 533 4108 ἐνώπιόν
584 4072 699 4106 σου·
754 4050 974 4128 ἔπαρσις
1023 4057 1128 4106 τῶν
1180 4059 1383 4129 χειρῶν
1448 4076 1552 4132 μου
1595 4055 1748 4109 θυσία
1802 4055 1959 4110 ἐσπε-

305 4144 450 4219 ρινή.
483 4167 511 4196 ν)
545 4173 615 4182 -
662 4137 1027 4213 Εὐοδωθήτω,
1081 4142 1263 4219 φησὶν,
1295 4145 1331 4212 ἡ
1377 4145 1658 4218 προσευχή
1715 4165 1817 4217 μου
1866 4142 1960 4218 ἔμ-

302 4231 537 4308 προσθέν
597 4250 693 4284 σου
751 4229 826 4291 ὡς
885 4229 1134 4302 θυμίαμα
1187 4230 1277 4284 καὶ
1331 4231 1365 4299 ἠ
1424 4235 1531 4285 τῶν
1587 4236 1791 4308 χειρῶν
1855 4253 1958 4306 μου

304 4320 588 4381 ἀνάστασις
630 4319 706 4381 ὡς
756 4318 911 4382 θυσία
964 4317 1236 4392 ἐσπερινή.
1267 4323 1372 4373 Τοῦ
1435 4320 1528 4393 μὲν
1577 4325 1808 4394 νομικοῦ
1865 4323 1957 4375 θυ-

310 4411 583 4484 μιάματος
638 4408 674 4477 ἠ
732 4407 1062 4484 προσαγωγὴ
1139 4405 1463 4470 πολυτελῶς
1543 4410 1633 4463 καὶ
1712 4415 1960 4486 καθαρῶς

303 4495 797 4570 κατεσκευασμένου
854 4495 944 4550 καὶ
995 4493 1362 4552 εὖωδεστάτου
1408 4496 1777 4574 τυγχάνοντος
1837 4497 1960 4554 λίαν

306 4583 698 4664 εὐπρόσδεκτος
784 4583 957 4641 ἐδόκει
1037 4590 1171 4658 Θεῷ·
1259 4583 1355 4640 δύο
1430 4583 1488 4641 δὲ
1561 4588 1757 4640 θυσιῶν
1844 4588 1964 4641 καθ’

305 4675 534 4748 ἑκάστην
564 4673 932 4750 τελουμένων,
963 4682 1066 4746 τῆς
1099 4676 1191 4749 μὲν
1243 4676 1498 4746 ἑωθινῆς,
1527 4683 1628 4744 τῆς
1688 4674 1746 4731 δὲ
1805 4677 1959 4731 ἐσπε-

308 4772 487 4841 ρινῆς,
536 4766 571 4834 ἡ
625 4766 878 4840 ἑσπερινὴ
949 4763 1252 4840 τιμιωτέρα
1305 4767 1405 4834 τῆς
1466 4766 1694 4834 ἑωθινῆς
1755 4765 1966 4842 ἐκρίνε-

305 4876 390 4928 το,
426 4855 500 4916 ὡς
534 4854 937 4931 ἐπισφράγισμα
963 4853 1172 4925 ταύτης
1201 4853 1291 4908 καὶ
1341 4861 1442 4924 τῆς
1501 4855 1769 4931 ἡμερινῆς
1827 4855 1966 4910 ἁπά-

309 4965 410 5015 σης
464 4943 774 5020 ἱερουργίας
829 4942 1194 5020 ἀπαρτισμός.
1227 4941 1392 5019 Λέγοι
1450 4940 1498 4997 δ’
1530 4942 1590 4998 ἂν
1649 4943 1738 4998 καὶ
1793 4943 1966 5006 οὕτως

312 5035 340 5088 ὁ
399 5034 717 5111 Προφήτης·
765 5030 1003 5087 Ἐλθέτω
1060 5033 1177 5087 κατ’
1232 5031 1358 5088 εὐθὺ
1416 5033 1504 5088 καὶ
1561 5030 1969 5107 ἀνεμποδίστως

311 5122 347 5191 ἠ
381 5123 662 5197 προσευχή
727 5142 829 5194 μου
886 5119 1186 5197 ἔμπροσθέν
1242 5143 1357 5194 σου,
1405 5121 1704 5190 τούτεστιν,
1752 5122 1827 5184 εἷς
1888 5122 1965 5196 σὲ,

314 5208 496 5287 ὥσπερ
558 5209 808 5284 θυμίαμα
863 5207 1230 5280 εὐωδιάζουσα
1285 5209 1376 5265 καί
1433 5209 1752 5283 ἀποδεκτέα,
1782 5212 1872 5266 καὶ
1931 5213 1966 5282 ἠ

312 5304 420 5355 τῶν
487 5303 690 5375 χειρῶν
768 5319 872 5372 μου
934 5297 1156 5376 ἔπαρσις
1217 5299 1373 5364 θυσία
1424 5295 1596 5362 ὄντως
1656 5299 1970 5376 λογισθήτω

315 5410 421 5460 σοι,
479 5387 570 5442 καὶ
644 5388 877 5463 γενέσθω
952 5387 1363 5465 εὐπρόσδεκτος.
1422 5391 1491 5443 Τὸ
1577 5387 1635 5444 δὲ
1713 5390 1967 5466 ἑσπερινή

312 5475 705 5553 προσκείμενον
761 5477 854 5531 τὸν
913 5477 1100 5551 καιρὸν
1163 5475 1247 5548 εἷή
1309 5477 1368 5532 ἂν
1426 5475 1631 5548 δηλοῦν
1690 5481 1807 5534 καθ’
1842 5479 1900 5534 ὃν
1932 5480 1966 5549 ἡ

311 5571 558 5644 παροῦσα
585 5562 838 5639 ψαλμικὴ
884 5563 1067 5638 δέησις
1117 5569 1422 5622 συνεκτάσει
1471 5572 1674 5644 χειρῶν
1721 5573 1799 5640 τῷ
1857 5573 1972 5640 Θεῷ

314 5657 760 5737 προσενήνεκται.

393 5769 423 5803 ‹‹
453 5749 610 5817 Θεοῦ,
652 5743 836 5820 Κύριε,
869 5742 1119 5823 φυλακὴν
1166 5750 1249 5820 τῷ
1295 5745 1527 5823 στόματί
1572 5768 1699 5825 μου,
1731 5746 1822 5806 καὶ
1880 5747 1974 5815 θύ-

650 5875 915 5941 ΡΑτιιοι.
965 5877 1076 5940 Ga.
1124 5876 1359 5944 CXLII.

2053 1972 2140 2028 ἐπὶ
2168 1973 2235 2028 τὰ
2266 1973 2446 2052 φαῦλα
2475 1975 2673 2050 ὁρμήν.

2127 2085 2156 2113 ‹‹
2189 2061 2292 2116 Σὺν
2370 2061 2675 2138 ἀνθρώποις
2757 2061 3141 2139 ἐργαζομένοις
3216 2065 3316 2132 τὴν
3382 2065 3633 2139 ἀνομίαν.
3679 2089 3709 2118 κ

2054 2182 2124 2194 —-
2152 2155 2258 2206 Τοῦ
2300 2151 2724 2230 προφασίζεσθαι
2770 2152 2905 2224 μετά
2946 2157 3052 2207 τῶν
3103 2153 3449 2230 παρανόμων·
3497 2153 3705 2210 τούτων

2055 2239 2158 2317 γάρ
2191 2240 2302 2295 ἐστι
2330 2241 2392 2295 τὸ
2422 2239 2840 2319 προφασίζεσθαι
2877 2241 3011 2314 μετά
3036 2244 3135 2312 τὴν
3171 2243 3453 2318 ἁμαρτίαν.

2134 2353 2154 2380 ιι
2190 2327 2290 2384 Καί
2347 2328 2409 2382 οὐ
2470 2331 2545 2402 μὴ
2605 2326 2878 2384 σσνδυάσω
2939 2330 3074 2403 μετά
3125 2335 3234 2387 τῶν
3295 2331 3563 2388 ἐκλεκτῶν
3622 2332 3718 2388 αύ-

2055 2421 2186 2474 τῶν.
2219 2443 2247 2470 ››
2280 2450 2348 2460 --
2379 2419 2476 2472 Καὶ
2508 2418 2554 2472 εἰ
2606 2419 2898 2494 βοηθήσεις
2959 2441 3074 2492 μοι,
3107 2419 3170 2475 ού
3235 2421 3310 2494 μὴ
3371 2420 3710 2477 συναυλισθῶ

2059 2504 2185 2562 οὐδὲ
2213 2505 2397 2568 αὐτοῖς
2425 2511 2542 2568 τοῖς
2575 2507 2900 2583 ὑπερέχουσι
2929 2513 3040 2564 τῶν
3075 2509 3424 2586 παρανόμων.

2131 2619 2160 2648 α
2193 2592 2474 2650 Παιδεύσει
2535 2616 2604 2668 με
2669 2593 2874 2660 δίκαιος
2932 2597 2984 2652 ἐν
3039 2597 3178 2655 ἐλέει
3207 2600 3297 2654 καὶ
3329 2597 3532 2676 ἐλέγξει
3563 2622 3649 2674 με.
3685 2623 3714 2652 ››

2060 2716 2129 2726 -
2159 2683 2752 2759 Φιλανθρωπευόμενος
2800 2686 2901 2762 γὰρ
2950 2684 3224 2742 παιδεύσει
3277 2689 3306 2742 ὁ
3356 2684 3583 2756 δίκαιος,
3613 2689 3714 2759 τήν

2063 2772 2487 2846 σωτηρίαν’τοῦ
2546 2773 3057 2847 πλημμελήσαντος
3125 2774 3387 2847 ἐκζητῶν.
3443 2776 3714 2854 Κρείττων

2063 2859 2154 2916 οῦν
2210 2862 2245 2930 ἠ
2304 2865 2401 2915 τοῦ
2460 2859 2668 2916 δικαίου
2723 2859 2940 2917 παιδεία
2995 2865 3083 2919 καὶ
3140 2865 3169 2919 ὁ
3228 2863 3466 2940 ἐλεγμὸς
3513 2865 3549 2934 ἢ
3605 2869 3715 2921 τῶν

2064 2949 2410 3027 ἁμαρτωλῶν
2440 2951 2474 3021 ἠ
2509 2949 2907 3028 φιλοφροσύνη.

2137 3064 2165 3092 ‹‹
2196 3042 2314 3094 Ὅτι
2365 3037 2442 3093 ἔτι
2496 3041 2531 3110 ἠ
2583 3041 2864 3116 προσευχή
2905 3061 3008 3115 μου
3041 3039 3094 3094 ἐν
3123 3046 3244 3105 ταῖς
3303 3039 3572 3105 εύδοκίαις
3630 3041 3725 3098 αὗ-

2061 3133 2192 3184 τῶν.
2244 3152 2274 3182 ››
2329 3161 2396 3170 -
2455 3127 2528 3182 Ού
2591 3127 2756 3202 μόνον
2812 3129 2992 3207 φεύγω
3047 3128 3175 3192 τοὺς
3233 3131 3581 3205 παρανόμους
3628 3131 3722 3187 καὶ

2065 3217 2392 3291 ἀπωθοῦμαι
2421 3218 2521 3286 τὴν
2572 3217 2853 3292 θεραπείαν
2896 3217 3092 3290 αὐτῶν,
3126 3217 3252 3274 ἀλλ’
3298 3216 3375 3275 ἔτι
3413 3222 3503 3276 καὶ
3552 3240 3723 3294 προσ-

1987 3294 2030 3362 C
2067 3305 2306 3382 εύχομαι
2360 3307 2496 3361 κατὰ
2545 3311 2651 3360 τῶν
2708 3305 2986 3380 εύδοκιῶν,
3047 3304 3172 3376 ἤτοι
3223 3306 3498 3381 θελήσεων
3544 3309 3721 3366 αὐτῶν

2060 3394 2154 3450 ’ίνα
2186 3396 2263 3469 μὴ
2292 3396 2613 3451 τελεσθῶσιν
2643 3396 2818 3451 αὗται.

2142 3508 2169 3536 ‹‹
2200 3485 2579 3555 Κατεπόθησαν
2649 3483 2910 3560 ἐχόμενοι
2991 3485 3191 3564 πέτρας
3247 3488 3301 3542 οἱ
3358 3488 3538 3565 κριταὶ
3623 3487 3722 3544 αὖ·

2064 3579 2194 3632 τῶν,
2246 3598 2275 3626 ››
2315 3606 2388 3617 -
2446 3575 2873 3651 Ἀντιχρονικῶς
2933 3578 3401 3648 καταποθήσονται
3461 3579 3513 3634 οἱ
3573 3574 3732 3633 δυνά-

2067 3685 2185 3720 σται
2243 3663 2442 3736 αὐτῶν,
2472 3660 2639 3739 ἤγουν
2701 3663 3160 3741 ἀφανισθήσονται
3217 3667 3270 3722 οἱ
3324 3665 3574 3722 δυνάσται
3633 3665 3728 3724 αῦ-

2066 3759 2192 3809 τῶν.
2248 3755 2448 3828 Ἥγουν
2525 3754 2980 3831 ἀφανισθήσονται
3051 3751 3269 3832 ἔγγιστα
3325 3757 3547 3832 πέτρας,
3603 3777 3728 3813 του-

2064 3842 2211 3898 τέστι
2302 3840 2703 3918 παραπλησίως
2803 3842 2973 3919 πέτρα
3066 3844 3566 3918 καταποντιζομένη
3653 3847 3724 3915 ἧς

2069 3929 2220 3988 οὐδὲν
2256 3927 2410 4006 ’L’Xvoc
2442 3927 2581 3984 ὑπολ
2593 3951 2607 3984 ι
2615 3931 2897 4004 μπάνεται.
3747 3993 3762 4011 γ

2143 4044 2169 4071 ‹‹
2229 4019 2368 4073 Ὡσεὶ
2418 4019 2598 4094 πάχος
2653 4026 2755 4096 γῆς
2823 4019 3028 4098 έρῥάγη
3088 4021 3178 4076 ἐπὶ
3216 4027 3317 4090 τῆς
3373 4028 3499 4094 γῆς.
3560 4046 3590 4075 ››
3651 4054 3722 4064 —-

2068 4107 2313 4183 Καθάπερ
2389 4107 2571 4181 πάχος
2647 4106 2863 4183 ἀρότρῳ
2939 4105 3360 4183 διατεμνόμενον
3439 4110 3721 4188 ῥήγνυται.

2067 4193 2158 4250 καί
2241 4195 2618 4271 σκορπίσονται
2707 4195 2884 4251 ἐπάνω
2957 4204 3058 4267 τῆς
3110 4201 3232 4274 γῆς,
3283 4197 3426 4255 οὕτω
3472 4199 3541 4255 τὰ
3598 4204 3729 4255 οστᾶ

2069 4283 2244 4339 αὐτῶν
2279 4281 2856 4361 διασκορπισθήσονται
2909 4285 2961 4340 ἐν
3012 4291 3092 4359 τῷ
3146 4287 3321 4365 τάφῳ.
3356 4292 3560 4343 Τοῦτον
3618 4289 3722 4366 γὰρ

2071 4371 2349 4446 ὠνόμασεν
2379 4368 2530 4443 ᾅδην.
2564 4373 2751 4448 Εὐχῆς
2810 4371 2867 4428 δὲ
2906 4371 3132 4449 δύναμιν
3194 4378 3307 4450 ἅμα
3359 4377 3448 4432 καὶ
3504 4397 3724 4456 προφη-

2067 4461 2212 4523 τείας
2243 4456 2431 4536 ἕχουσι
2461 4463 2528 4516 τὰ
2560 4461 2717 4538 ῥητά.

2143 4577 2170 4604 ››
2203 4550 2324 4604 Ἐπὶ
2355 4550 2441 4604 σοὶ
2471 4547 2701 4624 ἤλπισα,
2738 4551 2815 4624 μὴ
2849 4551 3139 4627 ἀντανέλῃς
3168 4554 3266 4623 τὴν
3309 4556 3494 4631 ψυχήν
3528 4576 3652 4628 μου.
3689 4579 3718 4607 ››

1991 4670 2040 4734 D
2072 4672 2138 4682 —
2166 4640 2261 4708 Μὴ
2294 4638 2486 4714 ἀνέλῃς
2531 4641 2630 4709 τὴν
2692 4643 2875 4716 ψυχήν
2941 4663 3069 4715 μου,
3100 4639 3271 4718 ἤγουν
3327 4643 3447 4717 ἐμὲ,
3478 4643 3725 4698 τουτέστι

2078 4729 2154 4802 μὴ
2185 4730 2597 4804 παραχωρήσῃς
2639 4729 2983 4806 ἀναιρεθῆναί
3033 4751 3099 4800 με
3160 4731 3263 4786 ὑπὸ
3318 4735 3424 4786 τῶν
3489 4731 3719 4809 ἐχθρῶν.
3824 4802 3830 4813 ι

2074 4819 2138 4872 Ἡ
2169 4814 2226 4871 δὲ
2280 4817 2394 4872 ἀντὶ
2432 4818 2680 4892 πρόθεσις
2737 4817 2918 4896 ὥσπερ
2976 4817 3250 4882 πολλάκις
3306 4821 3574 4876 κάνταῦθα
3618 4842 3724 4876 πα-

2078 4905 2279 4982 ρέλκει.
2312 4911 2578 4962 Νοοῦνται
2609 4905 2667 4962 δὲ
2716 4909 2806 4963 καὶ
2861 4910 2960 4977 τήν
3020 4909 3123 4964 ὑπὸ
3183 4907 3458 4984 δαιμόνων
3517 4911 3728 4987 ἀναίρε-

2077 5017 2158 5050 σιν
2194 4996 2542 5072 ἀπευχόμενα
2568 4997 2635 5052 τὰ
2666 4996 2823 5074 ῥητά.

2148 5109 2178 5137 ‹‹
2210 5091 2502 5140 Πεσοῦνται
2554 5085 2604 5141 ἐν
2657 5082 3063 5164 ἀμφιϐλήστρῳ
3136 5087 3308 5144 αὐτῶν
3366 5089 3419 5144 οἱ
3477 5089 3736 5165 ἀμαρτω-

2078 5173 2189 5230 λοί.
2223 5199 2250 5226 ››
2294 5207 2361 5217 -
2391 5175 2687 5230 Πεσοῦνται
2715 5179 2794 5246 τῷ
2823 5172 3026 5248 δικτύῳ
3049 5184 3149 5248 τῆς
3190 5179 3307 5232 κατ’
3356 5176 3494 5252 ἐμοῦ
3549 5177 3729 5232 αὐτῶν

2079 5269 2360 5332 συσκευῆς.

2154 5354 2357 5407 «Κατᾶ
2411 5347 2581 5427 μόνας
2636 5351 2750 5426 εἰμὶ
2811 5352 2916 5429 ἐγὼ
2971 5351 3076 5417 ἕως
3136 5353 3198 5410 οῦ
3255 5356 3533 5432 παρέλθω.
3586 5380 3614 5409 ››
3662 5389 3733 5399 -

2078 5443 2483 5516 Μεμονωμένος
2545 5441 2660 5516 εἰμὶ
2714 5442 2804 5496 ἀπ’
2860 5442 3035 5497 αὐτῶν
3095 5445 3184 5499 καὶ
3253 5447 3561 5524 ἀναστροφῇ
3645 5445 3736 5500 καὶ

2079 5531 2393 5607 προαιρέσει
2430 5531 2628 5607 μέχρις
2659 5529 2718 5585 ἂν
2749 5530 3030 5590 ἀποθάνω.

2641 5661 2938 5711 ΨΔΛΜΟΣ
2979 5660 3156 5715 ΡΜΔ’.

2154 5769 2185 5801 ‹‹
2217 5743 2492 5813 Συνέσεως
2539 5748 2619 5821 τῷ
2675 5743 2838 5803 Δαυὶδ
2893 5745 2944 5804 ἐν
3004 5751 3084 5822 τῷ
3143 5747 3276 5804 εἶναι
3336 5746 3494 5803 αὐτὸν
3547 5746 3600 5803 ἐν
3662 5750 3742 5823 τῷ

3381 5879 3455 5939 51
