4066 6436
430 426 580 486 1611
1688 411 2074 475 NICEPHOR

2235 408 2591 474 EMMIDAE
3668 411 3798 471 1612

428 551 685 625 σπηλαίῳ
740 550 1045 626 προσευχή.
1076 571 1104 598 ››
1138 579 1203 590 -
1236 543 1519 617 Σπήλαιον
1562 543 1709 619 λέγει
1754 545 1818 598 τὸ
1849 540 2074 598 διπλοῦν
2108 544 2165 611 Α
2267 567 2295 593 ‹‹
2336 545 2455 595 Ὅτι
2514 541 2577 596 ού
2636 538 3052 611 δικαιωθήσεται
3112 537 3338 595 ἐνώπιόν
3399 559 3493 593 σου
3549 544 3646 601 πᾶς
3696 543 3799 608 ζῶν.

429 637 567 697 ὅπου
612 639 824 719 φεύγων
871 638 963 693 τὸν
1017 633 1198 691 Σαοὺλ
1227 636 1255 690 6
1286 630 1448 689 Δαυῖδ
1508 630 1776 703 ηὺλίσατο
1827 630 1963 685 κατά
2018 630 2080 685 τὸ
2191 664 2259 673 --
2290 634 2408 687 Ὅτι
2464 630 2564 686 οὐκ
2619 631 3006 701 ἀθωωθήσεται
3064 633 3168 683 πᾶν
3228 628 3507 704 ἄνθρωπος
3536 625 3801 704 ἔμπροσθέν

430 715 729 806 ἐνδότερον·
792 727 904 783 εἶτα
961 723 1374 803 παρερχόμενος
1430 722 1458 776 ὁ
1500 718 1705 792 Σαοὺλ,
1743 721 2082 806 κατεσκηνω-
2191 741 2287 775 σου
2348 725 2491 790 ζωῆς
2554 719 2856 795 μετασχών·
2893 715 3072 781 οὐδεὶς
3124 717 3231 794 γὰρ
3283 716 3467 789 ἀξίως,
3499 717 3558 773 ἂν
3614 717 3806 793 εὐηργέ-

430 840 517 875 σεν
578 805 629 874 ἐν
684 822 766 890 τῷ
823 814 1068 891 ἐξωτέρῳ
1126 813 1355 890 ἀγνοῶν.
1390 810 1557 873 Γνοὺς
1609 808 1665 865 δὲ
1715 810 1743 864 6
1776 805 1939 864 Δαυῒδ
1997 806 2080 863 6'1:
2188 831 2348 880 τηται
2379 809 2525 886 παρά
2555 814 2673 878 σοῦ,
2702 811 2798 872 τὰς
2835 808 2930 871 σὰς
2963 807 3219 886 ἐφύλαξεν
3249 805 3495 870 ἐντολάς.

431 905 837 986 συγκέκλεισται
862 908 1087 961 τοιαῦτα
1115 901 1477 979 προσηύξατο.
2265 924 2293 951 ‹‹
2323 902 2442 954 Ὅτι
2490 895 2805 969 κατεδίωξεν
2836 899 2864 952 6
2895 896 3093 973 ἐχθρὸς
3146 898 3248 966 τὴν
3307 898 3491 973 ψυχήν
3563 918 3679 970 μου.
3708 921 3731 949 »
3753 930 3808 940 —-

508 982 537 1049 ξ(
568 999 737 1071 Φωνῇ
771 1016 874 1069 μου
903 993 1039 1070 πρὸς
1065 990 1261 1068 Κύριον
1289 988 1561 1064 ἐκέκραξα,
1604 990 1757 1066 φωνῇ
1793 1009 1897 1060 μου
1945 984 2081 1061 πρὸς
2190 987 2262 1042 Τὸ
2315 987 2409 1061 μὶν
2468 984 2926 1061 προηγησάμενον
2983 984 3065 1040 ὅτι
3125 983 3521 1059 αἰτιολογικὸν,
3571 989 3716 1040 τοῦτο
3763 982 3808 1040 δὲ

432 1086 629 1164 Κύριον
670 1068 919 1156 ἐδεήθην.
949 1068 999 1134 “››
1043 1113 1113 1124 -
1166 1080 1360 1148 Φωνήν
1418 1078 1716 1153 κράζουσάν
1774 1097 1905 1151 φησι
1963 1074 2083 1130 κάν·
2193 1073 2614 1164 διηγηματικόνθ
2673 1073 2872 1151 ἐχθρὸς
2932 1071 2990 1151 δὲ
3039 1072 3130 1129 καί
3188 1075 3216 1129 6
3276 1068 3631 1147 Ἀϐεσσαλὼμ
3669 1072 3807 1128 καὶὸ

430 1160 601 1241 ταῦθα
627 1175 726 1243 τὴν
758 1178 856 1229 τοῦ
882 1173 1008 1235 νοὸς
1033 1170 1285 1226 σύντονον
1316 1164 1523 1224 ἔντασιν
1566 1167 1701 1243 πρὸς
1733 1165 1885 1222 Θεόν.
2196 1160 2476 1228 διάϐολος.

508 1289 537 1318 ‹‹
567 1267 778 1339 Ἐκχεῶ
834 1261 1063 1316 ἐνώπιον
1121 1258 1286 1315 αὐτοῦ
1340 1258 1440 1326 τὴν
1497 1254 1677 1326 δέησίν
1741 1252 1865 1328 μού,
1928 1278 1956 1304 ››
2015 1285 2083 1294 -
2265 1279 2293 1305 ((
2325 1254 2708 1310 Ἒταπείνωσεν
2770 1252 2845 1316 εἰς
2903 1259 3008 1330 γῆν
3062 1254 3163 1322 τήν
3207 1254 3353 1323 ζωήν
3392 1272 3518 1325 μου,
3550 1275 3577 1304 )›
3607 1258 3805 1307 -Κατ-

433 1352 769 1424 Ἒκκενώσω,
794 1350 1003 1427 προσθή
1012 1369 1110 1407 σω.
1424 1402 1427 1409 λ
2193 1344 2404 1417 έκαμψε
2434 1340 2658 1422 σφόδρα.

508 1467 534 1494 ‹‹
567 1444 651 1497 Ἐν
708 1446 787 1514 τῷ
842 1437 1107 1495 ἐκλείπειν
1159 1437 1208 1509 ἐξ
1266 1436 1403 1510 ἐμοῦ
1461 1435 1523 1490 τὸ
1570 1435 1784 1507 πνεῦμά
1836 1454 1959 1505 μου,
1991 1430 2081 1485 καὶ
2268 1433 2572 1488 «Ἐκάθισὲ
2605 1454 2671 1506 με
2701 1430 2754 1487 ἐν
2798 1435 3097 1493 σκοτεινοῖς
3157 1430 3233 1493 ὡς
3282 1429 3503 1505 νεκροὺς
3561 1428 3804 1486 alibyae,»

434 1531 498 1587 σὺ
538 1528 705 1608 ἔγνως
750 1512 845 1593 τὰς
896 1522 1120 1605 τρίϐους
1183 1547 1307 1601 μου.
1342 1551 1370 1576 ››
1414 1558 1482 1566 -
1528 1527 1703 1578 Ταῦτα
1758 1524 1975 1593 ποιήσω
2032 1520 2084 1574 ἐν
2192 1528 2374 1585 -Ὡς
2439 1521 2661 1597 νεκροὺς
2734 1521 3011 1593 αἰωνίους,
3070 1517 3197 1590 ἤτοι
3279 1518 3568 1587 παλαιοὺς,
3622 1512 3806 1573 ἐνέϐαλέ

430 1626 511 1693 τῷ
541 1618 865 1677 κινδυνεύειν
897 1615 1021 1687 ἤτοι
1053 1616 1433 1686 ἀποθνήσκειν.
1469 1613 1544 1668 Σὺ
1585 1610 1662 1683 δὲ,
1698 1612 1877 1688 Κύριε,
1914 1607 2081 1685 ἔγνως
2195 1632 2287 1683 μοι
2320 1610 2521 1681 σκότει,
2548 1608 2789 1667 τουτέστι
2822 1608 2943 1665 λίαν
2973 1608 3211 1688 ἐζόφωσε
3241 1609 3330 1664 τὸν
3382 1611 3507 1662 νοῦν
3568 1628 3665 1680 μου
3710 1611 3809 1667 ταῖς

430 1711 525 1773 τὰς
556 1706 716 1772 ὁδοὺς
743 1710 843 1777 τῆς
886 1704 1168 1768 πολιτείας
1231 1725 1355 1778 μου·
1413 1700 1580 1777 μηδὲν
1640 1703 1743 1778 γὰρ
1802 1697 2083 1770 ἠδικηκὼς
2194 1699 2434 1774 θλίψεσι.
3202 1748 3205 1751 η

429 1798 558 1862 τοὺς
592 1792 1045 1858 ἐπιϐουλεύοντας
1079 1795 1253 1868 μάτην
1283 1789 1579 1847 κινδυνεύω
1610 1787 1699 1845 διὰ
1730 1790 1947 1868 φθόνον.
2267 1814 2293 1839 (ί
2326 1789 2425 1845 Καὶ
2482 1787 2773 1861 ἠκηδίασεν
2831 1788 2911 1843 ἐπ’
2968 1785 3066 1861 ἐμὲ
3121 1788 3183 1842 τὸ
3236 1785 3453 1861 πνεῦμά
3511 1807 3629 1859 μου.
3684 1809 3709 1837 ››
3758 1817 3813 1827 -

506 1913 534 1941 ‹‹
567 1890 653 1944 Ἐν
708 1883 820 1958 ὁδῶ
872 1883 1041 1959 ταύτῃ
1190 1880 1529 1959 ἐπορευόμην
1590 1878 1820 1957 ἔκρυψαν
1880 1877 2085 1955 παγίδα
2115 1914 2162 1978 Β
2194 1877 2498 1952 Ἠούμησεν
2530 1877 2583 1933 ἐν
2613 1877 2739 1952 ἐμοὶ
2769 1878 2803 1947 ἡ
2848 1879 3000 1952 ψυχή
3061 1897 3186 1978 μου,
3220 1875 3310 1930 καὶ
3370 1874 3693 1952 ἠμηχάνησε
3738 1872 3811 1927 καὶ

438 2000 557 2053 μοι.
593 2002 621 2031 »
669 2010 740 2019 —
788 1976 874 2030 ’Ev
932 1977 1002 2048 τῇ
1061 1970 1173 2044 ὁδῷ
1226 1971 1394 2046 ταύτῃ
1446 1977 1548 2039 τῆς
1606 1977 1813 2048 φυγῆς,
1841 1969 2084 2047 κρυφίως
2115 1959 2162 1978 υ
2194 1968 2533 2043 ἀπενάρκησε
2561 1970 2630 2041 τῇ
2660 1968 2758 2035 τῆς
2786 1963 2966 2037 λύπης
3000 1959 3309 2039 ὑπερϐολῇ.

436 2050 756 2128 ἐπελθόντες
783 2062 1102 2120 ἀπέκλεισάν
1141 2082 1234 2136 μοι
1262 2062 1361 2130 τήν
1391 2058 1592 2131 ἔξοδον.
2268 2082 2295 2109 ‹‹
2329 2057 2414 2112 Ἐν
2467 2056 2592 2129 ἐμοὶ
2650 2055 2923 2131 ἐταράχθη
2977 2054 3012 2123 ἡ
3065 2050 3262 2127 καρδία
3323 2074 3450 2126 μου.
3485 2077 3512 2105 n
3560 2085 3627 2094 —
3672 2058 3812 2127 Θορυ-

508 2180 536 2209 ‹‹
567 2153 863 2212 Κατενόουν
911 2152 987 2215 εἰς
1041 2152 1109 2207 τὰ
1157 2148 1301 2221 δεξιά
1342 2149 1431 2205 καὶ
1481 2143 1806 2217 ἐπέϐλεπον,
1840 2148 1929 2203 καὶ
1988 2147 2086 2203 οὐκ
2196 2141 2424 2216 ϐηθεῖσα
2450 2144 2540 2199 καὶ
2571 2138 2952 2220 στροϐηθεῖσα.

435 2247 505 2317 ἦν
538 2247 567 2302 6
595 2244 965 2321 ἐπιγινώσκων
1027 2261 1112 2314 με.
1145 2265 1172 2291 ››
1204 2273 1275 2281 —
1312 2240 1406 2294 Ἐκ
1462 2242 1560 2293 τοῦ
1611 2235 1786 2308 δεξιοῦ
1826 2237 1928 2313 γάρ
1991 2238 2085 2311 μέ-
2270 2258 2298 2284 ‹‹
2324 2234 2632 2307 Ἐμνήσθην
2690 2234 2913 2309 ἡμερῶν
2966 2231 3230 2308 ἀρχαίων.
3263 2256 3292 2283 ››
3347 2264 3417 2273 -—
3466 2231 3550 2286 Ἐν
3588 2233 3668 2292 αἷς
3721 2227 3812 2283 εὐα-

436 2356 565 2413 ρους
596 2320 844 2391 εἰώθασιν
890 2332 942 2387 οἱ
988 2328 1140 2410 φίλοι
1191 2327 1545 2406 παρίστασθαι
1601 2327 1691 2382 καὶ
1748 2331 2081 2401 συμμαχεῖν,
2198 2328 2396 2401 ρεστῶν
2428 2327 2507 2395 τῷ
2536 2327 2652 2395 Θεῷ
2683 2320 2866 2384 καλῶς
2892 2320 3187 2400 ἐφερόμην.

434 2408 800 2483 ἱΑπεσπιόπουν
858 2418 971 2492 οὖν,
1003 2408 1216 2498 ⁷φησὶν,
1277 2417 1352 2480 εἰς
1411 2416 1478 2471 τὰ
1536 2413 1702 2486 δεξιὰ,
1755 2415 1846 2470 καὶ
1906 2413 2086 2478 οὐδεὶς
2269 2438 2297 2464 ‹‹
2331 2412 2665 2486 Ἐμελέτησα
2695 2410 2747 2466 ἐν
2778 2416 2910 2466 πᾶσι
2950 2410 3065 2473 τοῖς
3114 2408 3300 2485 ἔργοις
3348 2431 3467 2467 σου.
3518 2435 3544 2462 ››
3585 2442 3651 2451 -
3695 2413 3812 2461 ’Δνε-

433 2512 676 2590 γνωστὸς
706 2511 774 2581 ἦν
809 2496 1053 2585 βοηθῶν.
1990 2530 2005 2546 ο
2196 2501 2393 2558 λίττων
2453 2502 2579 2590 παρ’
2637 2500 2855 2574 ἐμαυτῷ
2909 2499 2975 2554 τὰ
3029 2500 3304 2572 θαυμάσια
3360 2500 3453 2554 καὶ
3496 2496 3810 2573 λογιζόμενος

508 2626 535 2654 ‹‹
568 2598 851 2657 ’Δπώλετο
909 2597 1051 2676 φυγὴ
1110 2596 1201 2651 ἀπ’
1257 2593 1413 2669 ἐμοῦ,
1460 2593 1549 2649 καὶ
1599 2593 1699 2649 οὐκ
1745 2590 1884 2648 ἔστιν
1937 2594 1965 2648 6
2005 2591 2087 2648 ἐκ·
2194 2590 2321 2653 τοὺς
2349 2588 2684 2668 παραδόξους
2716 2587 3128 2666 ἀπαλλαγέντας
3160 2592 3268 2643 τῶν
3302 2593 3629 2667 συμφορῶν.

439 2694 614 2762 ζητῶν
645 2689 745 2759 τὴν
795 2675 980 2764 ψυχήν
1013 2706 1138 2759 μου.
1164 2708 1191 2736 ››
1228 2718 1298 2725 -
1326 2682 1599 2754 Ἐξέλιπεν
1656 2683 1745 2737 ἀπ’
1805 2682 1940 2756 ἐμοῦ
1995 2681 2086 2736 καὶ
2270 2705 2297 2733 ‹‹
2333 2682 2418 2735 Ἐν
2478 2682 2751 2753 ποιήμασι
2808 2682 2919 2734 τῶν
2976 2682 3179 2754 χειρῶν
3237 2699 3339 2733 σου
3397 2675 3678 2750 ἐμελέτων.
3708 2699 3808 2726 »—-

433 2761 496 2835 τὸ
555 2761 819 2834 δύνασθαί*
866 2761 933 2849 με
988 2779 1200 2853 φυγεῖν,
1230 2772 1321 2828 καὶ
1378 2771 1478 2827 οὐκ
1524 2770 1662 2827 ἔστιν
1725 2772 1752 2826 6
1806 2770 2086 2841 ἀναζητῶν
2196 2772 2283 2825 Ἐν
2342 2775 2456 2832 τοῖς
2517 2766 2973 2845 δημιουργήμασί
3032 2788 3128 2822 σου
3187 2761 3463 2844 διέτριϐον
3519 2770 3584 2840 τῇ
3639 2765 3807 2838 μνήμῃ.

443 2889 509 2943 με
539 2866 678 2922 ὥστε
710 2865 964 2943 ῥύσασθαι
988 2870 1090 2934 τῆς
1121 2861 1441 2938 καθείρξεως
1469 2865 1577 2917 τῶν
1612 2861 1790 2916 ἐθνῶν.
2199 2859 2297 2915 Καὶ
2331 2858 2589 2936 εὑρίσκων
2623 2857 2757 2913 αὐτὰ
2784 2856 3045 2934 προνοίας
3093 2862 3193 2926 τῆς
3240 2856 3335 2911 καὶ
3385 2857 3531 2933 παρὰ
3574 2858 3663 2910 σοῦ
3710 2871 3811 2925 τυγ-

513 2955 800 3032 Ἐκέκραξα
847 2954 983 3029 πρὸς
1042 2954 1119 3021 σὲ,
1175 2952 1355 3027 Κύριε·
1419 2950 1561 3005 εἶπα·
1617 2949 1693 3005 Σὺ
1732 2949 1782 3004 εἶ
1826 2950 1860 3019 ἠ
1929 2946 2087 3012 ἐλπίς
2198 2950 2454 3026 χάνοντα,
2488 2946 2707 3011 εὔελπίς
2737 2948 2827 3016 ἦν·
2859 2946 2917 3001 νύ
2949 2945 3201 3022 περιόψει
3238 2965 3328 3019 με.

443 3066 568 3120 μου.
615 3028 685 3088 -ῖ
732 3028 1071 3120 Πανταχόθεν
1105 3038 1409 3102 ἀπελπίσας
1474 3039 1615 3111 εἶπα,
1649 3038 1723 3094 Σὺ
1786 3038 1948 3112 μόνος
2006 3036 2091 3093 ἐλ-
2272 3063 2299 3089 ‹‹
2331 3039 2394 3093 Ἥ
2423 3038 2574 3113 ψυχή
2615 3058 2718 3111 μου
2757 3036 2832 3099 ὡς
2880 3043 2949 3113 γῆ
3002 3032 3227 3112 ἄνυδρός
3286 3055 3398 3094 σοι.
3426 3060 3453 3089 ››
3485 3068 3553 3077 -
3580 3035 3639 3091 Ἡ
3689 3028 3805 3105 ψυχή

440 3117 534 3198 πίς
586 3155 712 3208 μου,
755 3131 817 3188 σὺ
880 3117 1043 3205 μόνος
1097 3128 1306 3205 κλῆρός
1369 3150 1471 3204 μου
1499 3128 1591 3183 καὶ
1626 3129 1837 3203 μετοχή
1874 3149 2001 3201 μου,
2034 3126 2087 3182 ἐν
2203 3148 2306 3201 μου
2336 3126 2473 3204 πρὸς
2506 3128 2563 3181 σὲ
2605 3123 2817 3200 διψῶσα
2869 3125 3123 3199 βοηθείας
3177 3122 3250 3185 ὡς
3307 3131 3383 3200 γῆ
3446 3120 3660 3199 ἄνυδρος
3705 3117 3803 3193 πρὸς

437 3227 519 3297 τῶ
545 3222 831 3299 προσώπῳ
858 3227 960 3291 τῆς
989 3226 1112 3296 γῆς,
1147 3216 1268 3274 ἔνθα
1298 3219 1349 3273 0':
1384 3223 1596 3288 ζῶντες.
2124 3285 2160 3299 Α
2200 3216 2349 3271 ὑετὸν
2382 3213 2594 3289 διψῶσα
2622 3212 2837 3277 ὕδατος.

514 3336 542 3364 ‹‹
590 3285 779 3367 ΙῬῦσαί
842 3331 909 3384 με
962 3309 1021 3365 ἐκ
1082 3313 1190 3364 τῶν
1269 3305 1574 3363 διωκόντων
1652 3328 1735 3380 με’
1796 3305 1879 3362 6'1:
1937 3305 2089 3381 ἐκρα-
2119 3285 2163 3353 CI
2274 3329 2301 3357 «
2331 3285 2479 3381 Ταχῦ
2539 3302 2849 3359 εἷ’σάκουσόν
2913 3324 3038 3377 μου,
3081 3302 3260 3382 Κύριε·
3327 3301 3542 3374 ἐξέλιπε
3587 3302 3643 3355 τὸ
3690 3298 3811 3352 πνεῖν

434 3402 745 3472 ταιώθησαν
797 3383 929 3475 ὑπὲρ
987 3397 1103 3472 ἐμέ.
1166 3423 1194 3450 ››
1253 3431 1322 3439 -
1374 3398 1462 3451 Ἐν
1524 3395 1744 3474 ἀφύκτῳ
1805 3417 1909 3469 μου
1968 3416 2092 3470 συγ·
2203 3394 2277 3468 μά
2310 3414 2434 3468 μου.
2470 3416 2497 3445 ››
2530 3426 2599 3434 -
2629 3389 2927 3464 Ἐξέλιπεν,
2987 3391 3110 3448 ὅσον
3172 3390 3329 3449 οὔπω
3391 3394 3606 3472 ἀφῆκεν,
3663 3386 3702 3443 εἰ
3752 3383 3810 3457 μὴ

437 3489 803 3552 κλεισθέντος.
2198 3482 2412 3559 ταχέως
2442 3481 2689 3545 ἀκούσεις
2720 3502 2847 3555 μου.

509 3603 539 3632 ‹‹
567 3578 824 3655 Ἐξάγαγε
871 3576 932 3632 ἐκ
969 3574 1216 3656 φυλακῆς
1263 3576 1363 3643 τὴν
1424 3576 1609 3650 ψυχήν
1670 3577 1773 3648 μου
1825 3595 1920 3629 του
1973 3572 2088 3644 ἐξο-
2274 3596 2301 3623 ‹‹
2328 3573 2417 3641 Μὴ
2479 3566 2819 3649 ἀποστρέψῃς
2873 3572 2937 3626 τὸ
3000 3571 3299 3656 πρόσωπόν
3379 3593 3474 3627 σου
3547 3569 3630 3624 ἀπ’
3681 3564 3806 3637 ἐμοῦ·

439 3666 848 3745 μολογήσασθαι
899 3671 980 3739 τῷ
1041 3664 1267 3739 ὀνόματί
1326 3684 1442 3718 σου.
1497 3687 1525 3717 ››
1568 3696 1635 3705 —-
1689 3662 1942 3738 Ἐξάγαγέ
1999 3683 2085 3737 με,
2197 3660 2286 3716 καὶ
2322 3661 2749 3735 ὁμοιωθήσομαι
2780 3665 2895 3722 τοῖς
2948 3655 3372 3716 καταϐαίνουσιν
3433 3660 3507 3722 εἷς
3563 3657 3807 3714 λάκκον.»

432 3759 619 3836 φησὶν,
654 3756 715 3813 ἐκ
740 3760 838 3812 τοῦ
867 3754 918 3812 ἐν
949 3759 1029 3828 τῷ
1077 3751 1336 3826 σπηλαίῳ
1384 3750 1776 3829 συγκλεισμοῦ,
1807 3751 1946 3807 ὥστε
1999 3752 2083 3807 εύ-
2198 3783 2266 3791 —
2298 3749 2396 3804 Καὶ
2426 3751 2728 3824 γενήσομαι
2761 3748 2890 3803 ὡσεὶ
2920 3749 3133 3825 νεκρός.

431 3846 762 3926 χαριστῆσαί
791 3866 899 3903 σοι.
2271 3863 2297 3890 ‹‹
2329 3838 2618 3895 Ἀκουστὸν
2678 3836 2908 3908 ποίησόν
2969 3858 3061 3911 μοι
3120 3837 3182 3892 τὸ
3236 3839 3393 3915 πρωῒ
3438 3839 3501 3892 τὸ
3530 3833 3670 3895 ἔλεός
3714 3843 3807 3883 σου⁵

504 3915 532 3990 ξ(
563 3935 844 4013 Πρόσσχες
920 3935 1022 4004 τήν
1104 3930 1287 4004 δέησίν
1357 3953 1483 4006 μουυ
1546 3929 1629 3987 ὅτι
1717 3931 2083 4002 ἐταπεινώθην
2197 3926 2279 3983 ὅτι
2313 3927 2401 3983 ἐπὶ
2432 3927 2518 3982 σοὶ
2549 3924 2783 3997 ἤλπισα.
2824 3952 2853 3980 ››
2886 3960 2956 3969 --
2983 3925 3345 4004 Ἐπάγγειλαί
3379 3948 3471 4002 μοι
3520 3923 3714 4000 ταχέως
3762 3915 3810 3970 τὸ

429 4023 655 4105 σφόδρα.
688 4050 716 4077 ››
749 4059 818 4068 -
864 4025 970 4093 Τὴν
1030 4020 1249 4091 πολλὴν
1308 4020 1605 4098 κακουχίαν
1663 4021 1753 4075 καὶ
1803 4019 2085 4076 ταλαιπω-
2192 4014 2349 4080 ἓλεός
2381 4038 2498 4073 σου.

433 4100 550 4190 ρίαν
573 4100 659 4175 *εἰς
688 4112 886 4168 ἱκεσίαν
917 4105 1314 4186 προϐάλλεται.
2266 4130 2295 4158 ‹‹
2328 4104 2598 4180 Γνώρισόν
2684 4126 2801 4178 μοι,
2856 4105 3038 4180 Κύριε,
3099 4102 3225 4160 ὁδὸν
3287 4105 3343 4161 ἐν
3488 4100 3806 4179 πορεύσομαι.

504 4202 693 4276 «Ἐμὲ
751 4201 1109 4274 ὑπομενοῦσιν
1161 4199 1214 4254 οἱ
1268 4194 1467 4252 δίκαιοι
1514 4192 1619 4259 ἕως
1667 4196 1728 4250 οὗ
1771 4192 2082 4269 ἀνταποδιῷς
2193 4196 2311 4249 Ὅτι
2368 4194 2506 4270 πρὸς
2560 4196 2619 4249 σε
2669 4194 2778 4269 ἦρα
2831 4195 2930 4265 τὴν
2980 4196 3165 4271 ψυχήν
3226 4216 3358 4269 μου.
3411 4219 3438 4247 ››
3492 4227 3558 4236 —
3608 4188 3805 4276 Iloinam:

431 4312 546 4366 μοι.
597 4316 625 4345 ››
682 4323 750 4332 —
808 4269 1058 4351 Ἀκύλαςο
1121 4287 1252 4361 Ἐμέ
1309 4289 1658 4359 περιμενοῦσι
1719 4282 1921 4339 δίκαιοι
1976 4281 2081 4347 ἕως
2193 4282 2541 4360 ἐγνωσμένην
2597 4306 2689 4357 μοι
2738 4284 2837 4352 τὴν
2896 4269 3178 4339 πολιτείαν
3228 4286 3290 4354 ἣν
3339 4283 3423 4340 δεῖ
3473 4269 3807 4338 πολιτεύεσθαί

426 4359 489 4436 οὗ
519 4379 725 4454 ἀμείψῃ
784 4399 870 4452 με,
902 4359 1195 4433 τουτέστινή
1232 4375 1511 4448 ἐκκρεμεῖς
1556 4368 1766 4429 ἔσονται
1798 4374 1850 4429 οἱ
1883 4371 2083 4429 δίκαιοι
2196 4394 2280 4447 με.
2340 4377 2542 4428 Γνῶσιν
2602 4370 2661 4428 δὲ
2729 4372 2874 4449 λέγει
2944 4374 3041 4443 τὴν
3120 4370 3456 4450 ἔμπρακτον,
3504 4370 3670 4435 καθὼς
3733 4359 3804 4417 καὶ

425 4469 509 4525 ἐπ’
562 4451 717 4542 ἐμοὶ,
766 4451 1175 4542 προσδοκῶντες
1227 4464 1308 4519 ἀεὶ
1361 4465 1462 4533 τὴν
1526 4463 1601 4525 εἷς
1649 4461 1745 4536 ἐμέ
1791 4484 1886 4517 σου
1930 4462 2079 4539 εὐερ-
2191 4462 2538 4537 παρακατιὼν
2572 4483 2725 4541 φησι,
2762 4459 3016 4533 «Δίδαξόν
3071 4482 3138 4536 με
3192 4462 3256 4518 τὸ
3314 4461 3533 4535 θέλημά
3586 4479 3688 4527 σου,
3718 4451 3805 4525 οὐχ

421 4557 628 4634 γεσίαν,
686 4558 786 4627 την
863 4562 963 4625 τῆς
1037 4553 1294 4624 τοιαύτης
1378 4573 1482 4626 μου
1555 4551 1931 4628 ταλαιπωρίας
1988 4550 2079 4606 καὶ
2192 4550 2331 4607 ὥστε
2361 4548 2555 4606 εἰδέναι
2584 4548 2708 4605 ἀλλ’
2737 4548 2876 4606 ὥστε
2904 4555 3102 4607 ποιεῖν.
3135 4575 3165 4605 ››

422 4628 703 4722 ύπομονῆς
742 4642 1033 4702 ἀντίδοσιν·
1084 4639 1216 4720 ἔργα
1258 4644 1363 4719 γὰρ
1413 4642 1610 4718 ἀρετῆς
1667 4642 1730 4696 τὸ
1787 4645 1905 4702 τοῖς
1962 4637 2080 4695 ἀδί-
2108 4656 2156 4721 D
2262 4641 2389 4695 «Τὸ
2444 4640 2655 4713 πνεῦμά
2708 4660 2803 4695 σου
2860 4640 2922 4695 τὸ
2981 4640 3176 4716 ἀγαθὸν
3225 4639 3491 4716 ὁδηγήσει
3549 4658 3611 4711 με
3656 4633 3701 4688 ἐν
3746 4628 3802 4703 γῇ

419 4757 530 4799 κως
573 4735 849 4811 πάσχουσι
900 4731 1186 4810 συναλγεῖν
1241 4731 1330 4787 καὶ
1377 4732 1475 4801 τὴν
1529 4728 1799 4805 σωτηρίαν
1860 4727 2078 4785 ἐκείνων
2190 4729 2386 4801 εὐθείᾳ.
2421 4754 2448 4781 ››
2481 4762 2550 4771 —
2578 4730 2664 4784 ’Ev
2698 4726 2812 4802 ὁδῷ
2849 4729 3007 4805 ὀρθῇ.
3037 4729 3270 4801 Τοιαύτη
3308 4728 3367 4785 δὲ
3396 4731 3430 4800 ἠ
3479 4734 3575 4798 τῆς
3618 4723 3800 4798 ἀρετῆς-

418 4823 734 4903 λογίζεσθαι
765 4824 991 4881 ἑαυτῶν.
2263 4821 2532 4874 «Ἕνεκεν
2587 4823 2682 4874 τοῦ
2742 4817 3011 4892 ὀνόματός
3070 4840 3187 4888 σου,
3237 4818 3421 4896 Κύριε,
3455 4820 3625 4888 ζήσεις
3678 4827 3800 4884 μεθ’

990 4934 1285 4985 ΨΑΛΜΟΣ
1326 4932 1492 4984 PMB’.
2194 4942 2258 4950 -·
2285 4908 2357 4963 Οὖ
2392 4905 2480 4963 διὰ
2508 4909 2606 4977 τὴν
2652 4907 2790 4981 ἐμὴν
2835 4907 3051 4984 ἀρετὴν,
3085 4905 3232 4963 ἀλλά
3277 4906 3364 4963 διὰ
3408 4908 3469 4962 τὸ
3516 4900 3676 4976 ὄνομά
3726 4914 3801 4951 σου

2189 4998 2526 5070 ζωοποίησόν
2592 5019 2678 5072 με,
2738 4999 3134 5075 νενεκρωμένον
3218 4996 3328 5069 ἤδη
3389 5002 3503 5058 ταῖς
3550 4987 3800 5066 ἁμαρτίαις

2186 5092 2327 5163 ὁμοῦ
2354 5088 2443 5143 καὶ
2472 5092 2591 5149 ταῖς
2620 5093 2947 5165 συμφοραῖς.

2259 5202 2286 5229 (ί
2321 5180 2405 5232 Ἐν
2438 5181 2505 5252 τῇ
2539 5174 2846 5251 δικαιοσύνῃ
2878 5197 2992 5235 σου.
3026 5198 3053 5231 »
3090 5211 3159 5219 —-
3190 5179 3275 5233 Ἐν
3334 5181 3412 5249 τῷ
3468 5172 3693 5230 δικαιοῦν
3744 5181 3798 5236 με

2183 5269 2274 5324 τὸν
2308 5265 2689 5340 ἀδικούμενον.

2259 5382 2286 5409 ‹‹
2316 5359 2433 5412 Ὅτι
2490 5355 2599 5431 ἐγὼ
2657 5352 2852 5417 δοῦλός
2910 5356 3006 5412 σού
3064 5357 3201 5431 εἰμι.
3259 5381 3286 5409 n
3346 5353 3579 5430 -Πρὸς
3631 5349 3683 5402 σέ
3729 5339 3793 5397 ἀεὶ

2182 5446 2460 5521 κεχηνώς.

493 5062 522 5090 ι(
551 5036 787 5112 Ψαλμὸς
814 5042 896 5111 τῷ
936 5034 1121 5106 Δαυ³ιδ,
1155 5034 1245 5091 ὅτε
1291 5032 1614 5090 καταδιώκει
1675 5032 1832 5088 αὐτὸν
1895 5028 2078 5090 Ἀϐεσ-

417 5125 620 5202 σαλὼμ
656 5129 685 5183 6
716 5128 833 5190 υἱὸς
879 5126 1062 5183 αὐτοῦ.
1116 5125 1299 5200 Κύριε,
1332 5122 1639 5179 εἰσάκουσον
1687 5129 1787 5192 τῆς
1843 5142 2074 5199 προσευ-

418 5223 529 5295 χῆς
589 5236 714 5291 μου·
748 5215 999 5271 ἐνώτισαι
1051 5216 1151 5284 τὴν
1202 5212 1382 5283 δέησίν
1441 5234 1545 5286 μου
1604 5211 1655 5267 ἐν
1712 5215 1782 5286 τῇ
1843 5210 2077 5284 ἀληθείᾳ

420 5326 538 5362 σου.
592 5329 619 5358 ››
681 5339 750 5348 —
805 5306 893 5367 Ὠς
952 5303 1186 5375 ἀληθήςο
1248 5299 1558 5379 ἐπηγγείλω
1614 5300 1719 5375 γὰρ
1776 5301 2072 5356 εἰσακούειν

417 5398 524 5450 τῶν
562 5391 738 5468 ὀρθῶς
765 5392 1210 5467 ἐπικαλουμένων
1243 5413 1318 5449 σε.

492 5506 521 5535 (ι
552 5482 879 5537 Εἰσάκουσόν
935 5503 1040 5555 μου
1095 5482 1145 5538 ἐν
1191 5485 1260 5555 τῇ
1312 5478 1623 5553 δικαιοσύνῃ
1678 5500 1792 5534 σου.
1828 5504 1855 5531 ››
1887 5513 1956 5523 -
1986 5481 2073 5542 Ὠς

420 5572 511 5628 τὸν
546 5567 903 5645 ἀδικούμενον
935 5553 1183 5630 δικαιῶν.
1238 5553 1245 5555 ὴ
2756 5553 3054 5610 ΨΑΛΜΟΣ
3097 5554 3262 5612 PMI".

493 5685 520 5711 ‹‹
552 5659 647 5715 Καὶ
711 5662 785 5731 μὴ
846 5659 1086 5735 ε’σέλθῃς
1142 5661 1215 5724 εἷς
1273 5661 1449 5735 κρίσιν
1515 5660 1647 5732 μετά
1710 5663 1808 5715 τοῦ
1863 5656 2069 5715 δοῦλου
2258 5686 2283 5712 (ι
2317 5658 2553 5734 Ψαλμὸς
2580 5663 2658 5730 τῷ
2689 5656 2850 5713 Δαυὶδ
2882 5659 3018 5735 πρὸς
3050 5660 3141 5714 τὸν
3194 5657 3409 5722 Γολιάθ.
3443 5684 3467 5709 ›)
3501 5687 3565 5698 --
3609 5655 3781 5722 ’Ἡγουν

417 5770 533 5809 σου.
564 5771 592 5802 ›)
622 5780 691 5793 --
722 5751 808 5822 Μὴ
843 5733 1271 5830 δικαιολογηθῇς
1310 5733 1423 5826 μετ’
1456 5747 1615 5825 ἐμοῦ.
1720 5762 1730 5775 ‘
2181 5748 2270 5808 διὰ
2314 5749 2404 5806 τὸν
2460 5733 2684 5806 Γοιλάθ.
2718 5733 3159 5826 Εὗχαρι-στηριος
3187 5749 3215 5805 6
3246 5745 3461 5825 ψαλμὸς
3501 5743 3628 5821 πρὸς
3680 5733 3784 5793 θεὸν
