4066 6476
286 466 442 527 1613

1501 454 1924 519 EXPOSITIO
1968 453 2049 513 IN
2096 450 2483 514 PSALMOS.

3539 445 3695 506 1614

288 597 423 671 μετά
468 598 532 652 τὸ
580 595 716 652 κατὰ
761 593 852 649 τὸν
904 589 1106 655 Γολιάθ
1148 588 1432 668 τρόπαιον,
1476 585 1651 652 ἄλλας
1697 609 1757 645 τε
1783 588 1928 651 νίκας
1957 586 2011 655 Α
2042 582 2162 671 Οὐχ
2184 580 2330 638 ὅπλα
2358 582 2462 657 γὰρ
2495 577 2620 671 οὐδέ
2646 576 2983 671 στρατόπεδα
3021 576 3168 648 πλὴν
3198 584 3298 648 τῆς
3331 577 3474 640 θείας
3521 576 3696 654 ῥοπῆς

286 687 523 751 πολλάς.

359 774 738 852 «Εὐλογητὸς
790 772 990 849 Κύριος
1039 772 1068 827 6
1116 769 1245 834 Θεός
1297 790 1421 844 μου.
1476 794 1505 823 ››
1556 770 1613 822 Ὁ
1662 767 1936 845 ῥυθμίζων

286 865 379 922 καὶ
411 862 614 922 εὐοδῶν
641 865 737 927 τὰς
768 861 962 940 χεῖράς
998 882 1103 934 μου
1133 858 1186 916 ἐν
1208 857 1519 937 παρατάξει,
1553 854 1670 928 ἤως
1693 855 1745 913 ἐν
1767 860 1942 932 καιρῷ

287 954 658 1032 παρατάξεως.

367 1085 396 1114 ‹‹
425 1064 483 1116 '0
509 1058 778 1117 διδάσκων
826 1061 923 1122 τὰς
971 1059 1162 1135 ’χεῖράς
1218 1079 1321 1131 μου
1353 1058 1429 1120 εἰς
1468 1055 1784 1134 παράταξιν,
1813 1053 1942 1117 τοὺς

293 1149 597 1213 δακτύλους
648 1171 753 1224 μου
802 1149 879 1217 εἰς
927 1147 1195 1223 πόλεμον.
1226 1172 1255 1200 ››
1286 1181 1356 1190 -—
1402 1148 1459 1201 '0
1512 1143 1776 1202 διδάσκων
1814 1143 1943 1206 τοὺς

294 1238 596 1301 δακτύλους
632 1259 737 1313 μου
770 1236 823 1293 ἐν
852 1236 1028 1314 καιρῷ
1056 1233 1326 1310 πολέμου.

367 1370 396 1398 (ι
425 1345 620 1408 Ἕλεός
677 1365 780 1420 μου
828 1344 918 1399 καὶ
970 1345 1252 1423 καταφυγή
1318 1364 1444 1418 μου.
1477 1366 1505 1396 ››
1536 1375 1607 1385 -
1654 1339 1942 1414 Ἐλεήμων

297 1434 410 1492 ἐστί
443 1457 537 1509 μοι
562 1433 655 1489 καὶ
681 1433 750 1489 τὰ
777 1430 965 1492 λοιπά.

369 1549 398 1579 ‹‹
428 1530 483 1580 ‘0
516 1521 831 1580 ὑποτάσσων
881 1523 971 1578 τὸν
1017 1520 1150 1579 λαόν
1188 1543 1292 1597 μου
1337 1521 1419 1578 ἐπ’
1444 1521 1560 1596 ἐμέ.
1591 1546 1621 1575 ››
1662 1554 1732 1564 -
1759 1521 1846 1576 Ἐν
1876 1522 1946 1594 τῇ

292 1619 400 1671 τῶν
434 1611 649 1670 οἰκείων
677 1614 779 1690 γὰρ
813 1612 1059 1688 ὑποταγῇ
1084 1610 1306 1682 πολλῆς
1332 1614 1469 1685 ἡμῖν
1499 1608 1581 1666 δεῖ
1607 1617 1706 1681 τῆς
1745 1611 1944 1666 ἄνωθεν

299 1704 497 1783 ῥοπῆς.

372 1818 401 1847 ‹‹
430 1791 615 1871 Κύριε,
664 1791 717 1848 τί
761 1791 902 1848 ἐστιν
964 1791 992 1846 6
1041 1787 1347 1868 ἅνθρωπος,
1400 1788 1483 1846 ὅτι
1533 1790 1813 1866 ἐγνώσθης
1855 1787 1950 1844 αὐ·-

296 1888 377 1957 τῖρ
434 1903 448 1955 ;
507 1908 535 1937 ››
589 1916 659 1924 -
715 1883 836 1936 Ὅτι
910 1877 1151 1956 ἐχαρίσω
1226 1879 1373 1953 αὐτῷ
1424 1879 1489 1935 τὸ
1553 1879 1837 1955 γινώσκειν
1893 1899 1952 1933 σε

300 1973 429 2031 Θεόν
439 2015 452 2028 .

377 2088 406 2117 ‹‹
437 2065 507 2119 Ἢ
555 2062 670 2125 υἱὸς
721 2060 1025 2138 ἀνθρώπου,
1078 2059 1160 2114 δτι
1211 2058 1405 2135 λογίζῃ
1452 2058 1598 2132 αὐτῷ
1631 2077 1647 2129 ;
1680 2083 1709 2113 ›)
1741 2092 1806 2101 -
1834 2061 1957 2115 Ὅτι

300 2152 539 2232 γνωρίζῃ
569 2152 715 2225 αὐτῷ
745 2149 901 2213 Θεός.
941 2151 1035 2205 Ἐκ
1061 2146 1429 2227 παραλλήλου
1461 2146 1519 2203 δέ
1544 2169 1675 2227 φησι
1700 2149 1768 2204 τά
1797 2148 1952 2221 αὐτὰ,

307 2244 530 2321 μέγεθος
557 2245 638 2314 τῷ
668 2238 821 2316 λόγῳ
849 2238 1165 2316 περιτιθείς.

380 2370 409 2403 ‹‹
464 2350 785 2426 ’Ἄνθρωπος
841 2345 1160 2421 ματαιότητι
1219 2346 1510 2419 ὡμοιώθη.
1563 2370 1591 2398 ››
1641 2380 1711 2388 —
1759 2348 1858 2401 Διά
1894 2346 1955 2400 τὸ

305 2445 466 2514 σῶμα
513 2436 663 2514 λέγει
708 2440 896 2509 ταῦτα,
943 2435 1035 2492 καὶ
1081 2436 1145 2491 τὸ
1201 2432 1369 2509 μηδὲν
1426 2439 1536 2491 τῶν
1601 2433 1954 2513 ἀνθρωπίνων

307 2529 440 2585 εἶναι
477 2522 717 2605 βέϐαιον.

380 2642 408 2671 ‹‹
439 2618 509 2675 Δί
557 2614 762 2694 ἡμέραι
817 2615 983 2671 αὐτοῦ
1038 2614 1168 2670 ὠσεὶ
1226 2614 1351 2670 σκιά
1405 2611 1758 2691 παράγουσιν.
1809 2639 1837 2667 ››
1888 2646 1959 2657 --

305 2708 528 2784 Ταχέως
554 2704 947 2782 παρέρχονται.
980 2703 1086 2758 Κπὶ
1121 2701 1244 2757 ὅταν
1280 2699 1338 2758 δὲ
1366 2701 1632 2777 πάρεισιν,
1665 2699 1791 2758 οὐδὲ
1836 2702 1959 2777 μίαν

305 2796 466 2873 ἰσχὺν
495 2790 733 2871 ἔχουσιν,
764 2791 945 2869 ὥσπερ
977 2788 1089 2846 οὐδ’
1119 2793 1155 2861 ἡ
1189 2792 1332 2849 σκιά.

381 2901 623 2979 «Κύριε,
672 2898 856 2956 κλῖνον
900 2896 1157 2976 οὐρανοὺς
1204 2898 1294 2954 καὶ
1341 2893 1628 2970 κατάϐηθι·
1681 2897 1811 2974 ἅψαι
1848 2904 1956 2955 τῶν

311 2986 504 3068 ὀρέων,
562 2989 652 3045 καὶ
699 2990 1178 3059 καπνισθήσονται.
1237 3012 1266 3039 ››
1324 3021 1395 3030 -
1453 2989 1960 3065 Ἀνθρωποπρεπῶς

304 3079 473 3137 ταῦτά
501 3100 686 3158 φησιν,
726 3076 819 3133 ’ίνα
862 3075 951 3132 διὰ
998 3080 1107 3132 τῶν
1158 3070 1402 3155 φοϐερῶν
1450 3076 1659 3133 τούτων
1701 3077 1961 3155 ῥημάτων

306 3166 627 3243 καταπλήξῃ
654 3165 783 3230 τοὺς
810 3166 1221 3243 καταφρονητάς
1247 3169 1345 3220 τοῦ
1375 3170 1528 3221 Θεοῦ.

384 3299 412 3327 ι(
456 3277 766 3352 ”Αστραψον
822 3274 1123 3349 ἀστραπὴν,
1179 3272 1270 3327 καὶ
1327 3277 1605 3347 σκορπιεῖς
1661 3272 1878 3336 αὐτούς.
1930 3298 1958 3325 ››

308 3397 378 3407 -—
432 3334 742 3440 ’Ἄστραψον
802 3334 1079 3437 ἀστραπὴν
1109 3334 1229 3416 ’καὶ
1303 3334 1438 3436 βέλη
1495 3361 1591 3425 τὰς
1660 3334 1961 3433 θεηλάτους
1992 3334 2036 3401 C

307 3451 583 3528 τιμωρίας
630 3449 809 3508 καλεῖ.
856 3453 1119 3506 Νοοῦνται
1170 3446 1229 3504 δὲ
1271 3449 1339 3505 τὰ
1387 3448 1525 3526 ῥητά
1568 3449 1658 3506 καὶ
1703 3450 1827 3528 περὶ
1865 3459 1967 3521 τῆς

311 3541 539 3618 πρώτης
596 3543 696 3594 τοῦ
743 3536 944 3615 Κυρίου
1002 3534 1298 3612 ἐπιδημίας
1331 3585 1344 3610 ,
1404 3539 1587 3602 καθὼς
1644 3538 1696 3595 ἐν
1766 3544 1846 3612 τῷ
1908 3546 1969 3610 ιζ’

313 3629 523 3705 ψαλμῷ
568 3627 975 3705 περιείληπταν
1023 3627 1181 3682 κάκεῖ
1226 3627 1330 3703 γὰρ
1359 3625 1590 3690 κλίσεως
1620 3628 1848 3704 οὐρανοῦ
1878 3630 1967 3685 καὶ

315 3719 485 3796 ὀρέων
538 3717 629 3774 καὶ
686 3720 894 3773 καπνοῦ
949 3717 1039 3771 καὶ
1100 3714 1276 3793 βελῶν
1325 3716 1414 3772 καὶ
1466 3717 1750 3793 ἀστραπῶν
1813 3718 1971 3793 μνεία

314 3807 522 3885 γέγονε.
572 3806 820 3878 Νοηίεῖεν
872 3803 919 3860 δ’
965 3805 1024 3861 ἂν
1072 3810 1242 3861 ταῦτα
1285 3805 1376 3860 καὶ
1423 3807 1548 3882 περὶ
1586 3809 1686 3877 τῆς
1718 3804 1968 3882 δευτέρας

313 3900 411 3952 τοῦ
439 3900 674 3967 Χριστοῦ
698 3893 1016 3973 παρουσίας.

386 4009 415 4039 ‹‹
441 3982 857 4055 Ἐξαπόστειλον
905 3984 974 4038 τὰ
1025 3981 1161 4058 βέλη
1214 4003 1335 4057 σου,
1365 3983 1457 4039 καὶ
1500 3986 1841 4061 συνταράξεις
1871 3985 1965 4040 αὐ-

309 4073 460 4137 τοὺς.
494 4098 522 4126 ››
555 4105 625 4114 -
651 4074 758 4142 Τὴν
791 4069 1188 4143 ἀντιληπτικήν
1215 4093 1312 4127 σου
1344 4069 1591 4147 δύναμιν.

387 4160 622 4216 «Ῥῦσαί
675 4181 743 4235 με
788 4159 840 4231 ἐξ
890 4157 1096 4216 ὑδάτων
1147 4159 1398 4218 πολλῶν.
1431 4184 1459 4213 ››
1491 4195 1561 4204 --
1608 4159 1809 4218 Ὕδατα
1847 4182 1968 4237 τρο-

312 4255 487 4314 πικῶς
518 4251 618 4319 τήν
647 4248 901 4327 σύρῥοιαν
927 4252 1036 4304 τῶν
1064 4247 1347 4322 πολεμίων
1379 4249 1564 4327 φησὶν.

390 4381 417 4408 ‹‹
450 4358 543 4412 Ἐκ
590 4356 778 4433 ’χειρὸς
818 4355 947 4409 υἱῶν
999 4351 1330 4431 ἀλλοτρίων.
1366 4381 1394 4409 ››
1440 4390 1510 4399 ——
1558 4359 1762 4434 ’Ὠσπερ
1812 4357 1967 4422 υἱοὺς

314 4445 615 4524 ἀνθρώπων
663 4443 791 4507 τοὺς
852 4443 1172 4521 ἀνθρώπους
1228 4444 1410 4521 φησὶν,
1466 4444 1610 4501 οὕτω
1667 4446 1756 4502 καὶ
1813 4446 1964 4510 υἱοὺς

316 4533 624 4611 ἀλλοτρίων
673 4533 800 4596 τοὺς
850 4531 1177 4608 ἀλλοτρίους
1229 4530 1384 4609 λέγοι
1430 4533 1489 4589 ἂν
1529 4532 1660 4597 τοὺς
1699 4534 1963 4607 ἀπεξενω-

321 4626 512 4700 μένους
542 4622 706 4678 αὐτοῦ
737 4620 804 4678 δι’
833 4619 1052 4699 ἔχθραν,
1077 4621 1113 4692 ἢ
1144 4621 1233 4677 καὶ
1287 4626 1385 4678 τοῦ
1436 4627 1569 4679 Θεοῦ
1620 4620 1710 4679 διὰ
1735 4626 1830 4688 τὰς
1858 4647 1961 4680 πα-

320 4734 445 4792 ρανο
454 4714 578 4789 μίας
610 4712 783 4767 αὐτῶν
794 4754 806 4766 .

394 4827 423 4856 (ι
452 4806 548 4857 Ὧν
592 4802 656 4857 τὸ
704 4800 882 4876 στόμα
927 4798 1167 4871 ἐλάλησε
1214 4800 1569 4875 ματαιότητα.
1605 4826 1634 4855 ››
1667 4836 1736 4845 —
1762 4800 1974 4867 Ψεῦδος

337 4885 729 4961 καὶδιαϐολήν.

396 5005 426 5033 ‹‹
476 4979 578 5036 Καὶ
631 4983 667 5051 ἡ
729 4977 875 5050 δεξιὰ
931 4978 1105 5035 αὐτῶν
1167 4976 1313 5050 δεξιά
1363 4978 1593 5043 ἀδικίας.
1645 5007 1674 5035 ››

324 5067 535 5133 ἀδικίας
563 5072 599 5139 ἡ
632 5069 972 5146 ἐργαζομένη
1004 5069 1105 5138 τὴν
1133 5066 1368 5127 ἀδικίαν.

397 5165 512 5214 «'0
568 5159 724 5228 Θεὸς,
784 5156 932 5231 ᾠδὴν
991 5159 1186 5228 καινὴν
1240 5155 1443 5233 ᾅσομαί
1503 5181 1606 5219 σοι.
1658 5186 1686 5213 ››
1738 5193 1808 5203 -
1855 5159 1978 5217 Ἐπὶ

322 5245 416 5319 νέᾳ
469 5245 743 5323 εὐεργεσίᾳ
816 5245 933 5301 νέαν
1004 5244 1096 5301 καὶ
1165 5247 1265 5316 τὴν
1334 5246 1754 5323 εὐχαριστήριον
1829 5245 1978 5321 ᾠδὴν

323 5333 438 5409 ᾅσω
467 5356 574 5391 σοι.

398 5450 425 5478 ‹‹
458 5426 542 5481 Ἐν
595 5422 892 5500 ψαλτηρίῳ
928 5420 1252 5500 δεκαχόρδῳ
1293 5421 1455 5498 ψαλῶ
1504 5446 1609 5483 σοι.
1643 5452 1671 5480 ››

1725 5015 1794 5023 -
1848 4981 1977 5060 Χείρ

1703 5459 1773 5468 -
1819 5428 1979 5482 ’Όταν

1981 1962 2032 2028 Β

2048 669 2263 727 δύναται
2295 675 2465 726 σῶσαι
2496 669 2712 731 αὐτούς.

2122 784 2150 813 ‹‹
2205 764 2292 832 Τῷ
2349 757 2706 834 λυτρουμένῳ
2771 754 2938 813 Δαϋίδ
2990 756 3083 813 τὸν
3161 754 3362 814 δοῦλον
3418 756 3583 814 αὐτοῦ
3642 756 3703 812 ἐκ

2051 848 2323 928 ῥομφαίας
2368 852 2632 924 πονηρᾶς.
2668 870 2697 900 ››
2728 879 2798 890 --
2827 847 2922 902 Ἐκ
2967 843 3219 920 πολέμου
3266 844 3465 921 δεινοῦ,
3516 844 3577 902 ἐκ
3613 846 3703 901 θα-

2047 940 2211 995 νάτου
2240 941 2460 1015 πικροῦ.

2124 1029 2269 1083 «Ὧν
2329 1028 2381 1083 οἱ
2440 1026 2549 1082 υἱοὶ
2606 1026 2681 1088 ὡς
2739 1025 3044 1104 νεόφυμένα
3101 1026 3152 1081 ἐν
3211 1029 3282 1100 τῇ
3341 1019 3556 1096 νεότητι
3606 1023 3702 1080 αὐ-

2048 1122 2238 1174 τῶν.»
2283 1150 2355 1159 -
2398 1117 2507 1185 Τὴν
2559 1113 2852 1191 εὐημερίαν
2902 1114 3077 1170 αὐτῶν
3130 1113 3427 1193 ὑπογράφει
3475 1112 3566 1168 καὶ
3611 1113 3703 1168 τὸν

2051 1205 2314 1278 πλοῦτον,
2347 1207 2442 1277 ὧν,
2475 1205 2662 1283 φησὶν,
2711 1205 2763 1259 οἱ
2808 1202 2917 1258 υἱοὶ
2965 1202 3213 1268 εὐθαλεῖς
3253 1204 3583 1278 ἀκμάζοντες
3631 1201 3709 1264 ὡς

2050 1295 2282 1375 νεόφυτα
2310 1294 2447 1366 ηὐξη
2459 1295 2589 1368 μένα
2618 1292 2669 1349 ἐν
2699 1297 2770 1368 τῇ
2801 1292 3020 1363 νεότητι
3052 1292 3246 1351 αὐτῶν.

2128 1407 2158 1437 ‹‹
2187 1385 2258 1440 Αἰ
2332 1381 2622 1458 θυγατέρες
2701 1381 2875 1437 αὐτῶν
2932 1380 3452 1456 κεκαλλωπισμέναι
3486 1400 3500 1416 ο
3557 1401 3711 1458 περι-

2052 1466 2461 1546 κεκοσμημέναι
2514 1471 2590 1534 ὡς
2641 1469 2903 1544 ὁμοίωμα
2950 1473 3100 1527 ναοῦ.
3133 1494 3163 1523 ››
3194 1504 3265 1513 -
3310 1471 3546 1544 Ὁμοίως
3596 1473 3711 1543 ναῷ

2054 1562 2090 1632 ἢ
2124 1562 2201 1625 ὡς
2247 1558 2423 1617 δοκεῖν
2478 1559 2738 1635 ὁμοίωμα
2782 1562 2915 1615 ναοῦ
2963 1559 3100 1615 κατά
3143 1560 3235 1615 τὸν
3262 1559 3468 1635 κόσμον
3501 1558 3592 1615 καὶ
3620 1559 3713 1615 τὸν

2053 1644 2454 1723 καλλωπισμόν
2465 1694 2477 1708 .

2133 1762 2163 1792 ‹‹
2185 1740 2261 1795 Τὰ
2306 1733 2529 1813 ταμιεῖα
2575 1737 2751 1794 αὐτῶν
2810 1735 3002 1815 πλήρη
3049 1735 3436 1813 ἐξερευγόμενα
3481 1735 3541 1791 ἐκ
3582 1734 3712 1791 τού-

2055 1850 2155 1885 του
2214 1828 2292 1891 εἰς
2347 1832 2531 1885 τοῦτο.
2566 1851 2595 1881 ››
2646 1861 2716 1895 -έ
2775 1821 3149 1883 Ἐκϐάλλοντα
3205 1824 3294 1882 καὶ
3354 1826 3717 1881 ἀποκενοῦντα

2062 1915 2138 1980 εἷς
2194 1912 2404 1992 ἕτερον,
2464 1913 2555 1971 διά
2606 1916 2669 1971 τὸ
2730 1916 3188 1992 στενοχωρεῖσθαι
3239 1918 3320 1988 τῷ
3366 1911 3571 1985 πλήθει
3605 1916 3714 1969 τῶν

2063 2002 2701 2081 ἀποτεθησαυρισμένων.

2138 2119 2166 2147 ‹‹
2223 2094 2298 2149 Τὰ
2353 2088 2605 2171 πρόϐατα
2676 2093 2851 2149 αὐτῶν
2905 2092 3189 2150 πολύτοκα
3244 2090 3595 2165 πληθύνοντα
3663 2089 3716 2147 ἐν

2061 2188 2181 2246 ταῖς
2228 2179 2432 2253 ἐξόδοις
2480 2181 2680 2239 αὐτῶν.
2712 2207 2741 2235 ››
2774 2215 2844 2224 -
2871 2179 3094 2252 Ἕξοδον
3144 2178 3490 2251 ὑποληπτέον
3529 2180 3630 2249 τὴν
3661 2176 3722 2233 ἐκ

2062 2280 2165 2343 τῆς
2229 2274 2438 2346 μήτρας
2494 2270 2761 2342 έξέλευσιν
2798 2316 2813 2343 ,
2872 2267 3040 2345 ἤγουν
3111 2270 3385 2345 γέννησιν.
3442 2267 3513 2323 Τὸ
3570 2265 3719 2336 πλη-

2065 2361 2288 2417 θύνοντα
2320 2358 2378 2416 δὲ
2405 2358 2524 2415 ἀντὶ
2570 2364 2668 2416 τοῦ
2714 2359 3118 2433 πληθυνόμενα,
3162 2359 3411 2414 τουτέστι
3458 2357 3595 2413 κατά
3620 2357 3721 2426 τὴν

2070 2450 2195 2525 μίαν
2252 2447 2480 2521 ἑκάστην
2538 2449 2787 2526 γέννησιν
2847 2445 3033 2503 πολλά
3090 2446 3383 2521 τικτόμενα
3446 2447 3537 2502 καὶ
3614 2445 3723 2522 οὐχ

2063 2537 2158 2596 ἕνα
2189 2559 2202 2572 ’
2266 2544 2428 2595 τοῦτο
2502 2540 2606 2616 γὰρ
2668 2535 2836 2610 δηλοῖ
2890 2539 2954 2593 τὸ
3010 2536 3293 2594 πολύτοκα
3341 2536 3722 2612 παροξυτόνως

2013 2658 2019 2667 ο
2067 2628 2382 2705 εἰρημένου.

2142 2741 2171 2770 ‹‹
2219 2717 2330 2773 Οὐκ
2383 2716 2493 2773 ἔστι
2550 2718 2889 2791 κατάπτωμα
2943 2720 3214 2794 φραγμοῦ.
3262 2740 3291 2768 »
3341 2748 3412 2757 —
3456 2712 3722 2792 Φραγμὸς

2071 2807 2289 2885 λέγεται
2337 2806 2428 2861 καὶ
2478 2807 2541 2862 τὸ
2588 2811 2778 2883 τεῖχος
2819 2812 2921 2876 τῆς
2970 2805 3190 2868 πόλεως
3235 2804 3327 2859 καὶ
3360 2796 3520 2874 ἇτῆς
3550 2802 3725 2865 οἰκίας

2066 2902 2281 2973 τοῖχος.

2143 3010 2173 3039 ι(
2213 2982 2350 3040 Οὐδὲ
2390 2981 2651 3056 διέξοδος,
2712 2981 2838 3038 οὐδὲ
2892 2984 3100 3060 κραυγὴ
3155 2981 3208 3038 έν
3265 2987 3386 3046 ταῖς
3439 2980 3724 3044 πλατείαις

2070 3075 2268 3133 αὐτῶν.
2303 3099 2331 3128 ››
2364 3108 2435 3117 ——
2482 3070 2619 3129 Οὐδὲ
2662 3070 2905 3149 ἐκδρομή
2956 3069 3080 3127 οὐδὲ
3121 3066 3351 3148 θόρυϐος
3398 3070 3451 3127 ἐν
3505 3076 3623 3133 ταῖς
3670 3071 3727 3125 ὁ-

2072 3162 2190 3227 δοῖς
2221 3167 2321 3234 τῆς
2354 3162 2571 3225 πόλεως
2594 3160 2792 3219 αὐτῶν.
2826 3161 2924 3216 Διὰ
2951 3160 3159 3217 τούτων
3193 3158 3251 3217 δὲ
3282 3158 3586 3240 ὑπογράφει
3626 3160 3727 3228 τὴν

2070 3254 2293 3330 εἰρήνην
2323 3257 2430 3308 τῶν
2459 3249 2802 3327 ἁμαρτωλῶν
2834 3251 2924 3306 καὶ
2954 3251 3016 3305 τὸ
3045 3249 3418 3324 ἀπολέμητον.

2148 3366 2177 3395 ‹‹
2208 3343 2572 3419 Ἐμακάρισαν
2616 3340 2708 3397 τὸν
2760 3340 2888 3396 λαὸν
2920 3342 2967 3413 ᾧ
2995 3341 3163 3396 ταῦτά
3202 3339 3367 3397 ἐστιν.
3400 3363 3429 3392 ››
3460 3373 3529 3382 —
3560 3340 3726 3413 Ἐμα-

2076 3434 2296 3509 κάρισαν
2330 3432 2382 3486 οἰ
2411 3428 2639 3490 πολλοί,

2154 3522 2491 3597 «Μακάριος
2523 3521 2552 3575 6
2596 3518 2728 3583 λαὸς
2780 3521 2842 3575 οὗ
2891 3518 3086 3593 Κύριος
3138 3520 3166 3574 6
3205 3520 3335 3581 Θεὸς
3384 3518 3567 3574 αὐτοῦ.
3603 3542 3631 3571 »
3663 3550 3735 3560 -——

2080 3611 2155 3666 Οὗ
2184 3611 2419 3687 κυριεύει
2449 3612 2477 3666 ὁ
2509 3611 2662 3683 Θεὸς,
2695 3607 2802 3684 οὐχ
2832 3608 3045 3681 ἁπλῶς,
3079 3607 3225 3665 ἀλλά
3261 3609 3588 3681 πειθομένου
3614 3611 3733 3670 ταῖς

2082 3700 2330 3763 ἐντολαῖς
2363 3699 2548 3757 αὐτοῦ.

2655 3807 2955 3863 ΨΑΛΜΟΣ
2997 3811 3162 3863 ΡΜΔ’.

2149 3911 2366 3977 Αἷᾭεσις
2410 3917 2489 3985 τῷ
2541 3909 2725 3970 Δαυΐδ.
2758 3937 2786 3965 ››
2819 3946 2888 3955 --
2914 3908 3124 3975 Αἷῖιεσις
3173 3911 3247 3974 εἰς
3296 3911 3426 3968 Θεὸν
3460 3911 3615 3979 κοινὴ
3645 3909 3736 3965 καὶ

2079 4010 2240 4061 πᾶσιν
2274 3997 2607 4078 ἁρμόζουσα.

2151 4092 2441 4167 «Ὑψώσω
2500 4112 2579 4164 σε,
2639 4092 2667 4145 ὁ
2724 4090 2854 4153 Θεός
2919 4112 3045 4165 μου,
3105 4090 3134 4145 6
3169 4088 3424 4166 βασιλεύς
3459 4110 3602 4163 μου·
3646 4085 3738 4143 καὶ

2078 4181 2371 4258 εὐλογήσω
2429 4180 2492 4234 τὸ
2552 4175 2730 4253 ὄνομά
2786 4201 2882 4235 σου
2941 4179 3016 4241 εἰς
3061 4180 3153 4234 τὸν
3209 4178 3380 4235 αἰῶνα
3422 4179 3514 4234 καὶ
3539 4177 3618 4241 εἰς
3645 4177 3737 4233 τὸν

2077 4271 2248 4327 αἰῶνα
2305 4274 2403 4325 τοῦ
2461 4269 2679 4331 αἰῶνος.
2732 4294 2760 4323 ››
2816 4303 2886 4311 —
2932 4271 3172 4343 Ὕψωσιν
3215 4268 3305 4324 καὶ
3366 4267 3616 4345 εὐλογίαν
3676 4264 3739 4321 οὐ

2082 4360 2245 4435 μόνον
2274 4360 2373 4429 τὴν
2408 4356 2497 4415 διὰ
2546 4357 2832 4435 θεολογίας
2880 4358 2970 4414 καὶ
3002 4355 3331 4435 ὑμνολογίας
3370 4356 3555 4437 φησὶν,
3589 4353 3746 4412 ἀλλὰ

2080 4447 2247 4506 πλέον
2279 4449 2377 4518 τὴν
2413 4445 2482 4502 δι’
2535 4446 2918 4524 ἀγαθοεργίας,
2952 4445 3023 4503 δι’
3068 4450 3136 4517 ἧς
3189 4445 3402 4521 μᾶλλον
3444 4445 3741 4522 μεγαλύνε-

2076 4559 2163 4594 ται
2196 4537 2286 4593 καὶ
2317 4534 2591 4608 δοξάζεται
2625 4537 2653 4590 6
2684 4535 2833 4599 Θεός.

2151 4650 2179 4679 ‹‹
2237 4627 2419 4702 Μέγας
2477 4624 2675 4703 Κύριος
2742 4627 2833 4681 καὶ
2907 4625 3114 4689 αἰνετὸς
3171 4622 3422 4705 σφόδρα,
3495 4626 3585 4681 καὶ
3643 4632 3743 4696 τῆς

1995 4703 2043 4768 D
2081 4713 2457 4792 μεγαλοσύνης
2512 4714 2676 4770 αὐτοῦ
2729 4714 2830 4771 οὐκ
2876 4711 2986 4769 ἔστι
3018 4703 3267 4791 πέρας.»
3324 4748 3394 4758 -
3439 4713 3622 4790 Μέγας
3666 4714 3744 4777 ὡς

2091 4802 2472 4882 μεγαλουργός
2503 4825 2563 4859 τε
2591 4803 2681 4860 καὶ
2731 4801 3269 4881 μεγαλοδραστήριος
3310 4803 3403 4860 καὶ
3451 4801 3541 4859 διὰ
3576 4808 3745 4860 ταῦτα

2090 4893 2211 4950 λίαν
2239 4893 2465 4956 αἰνετός.

2163 5007 2191 5036 ‹‹
2221 4983 2380 5038 Γενεά
2429 4982 2520 5038 καὶ
2578 4984 2737 5059 γενεᾶ
2794 4980 3058 5039 ἐπαινέσει
3110 4982 3178 5038 τὰ
3224 4979 3357 5060 ἔργα
3414 5003 3531 5040 σου.
3587 5007 3616 5035 ››
3675 5015 3746 5025 -

2085 5071 2220 5135 Τοὺς
2281 5071 2332 5127 ἐν
2390 5076 2459 5148 τῇ
2515 5072 2762 5148 παρούσῃ
2833 5072 2923 5128 καὶ
2981 5076 3051 5148 τῇ
3125 5071 3350 5147 ἐπιούσῃ
3403 5066 3558 5149 γενεᾷ
3613 5092 3744 5151 φησι

2089 5160 2362 5224 συνετούς.
2396 5163 2568 5239 Ἔργα
2599 5158 2656 5217 δὲ
2687 5160 2836 5238 λέγει
2864 5160 2934 5218 τά
2960 5183 3021 5239 γε
3052 5159 3522 5239 δημιουργήματα
3561 5160 3651 5218 καὶ
3679 5160 3749 5217 τὰ

2089 5252 2186 5306 θαυ
2194 5253 2469 5328 ματουργή
2483 5271 2642 5324 ματα.

2165 5364 2194 5392 ‹‹
2225 5340 2324 5395 Καὶ
2352 5341 2453 5410 τὴν
2497 5337 2720 5414 δύναμίν
2767 5362 2863 5396 σου
2916 5339 3339 5417 ἀπαγγελοῦσιν.
3376 5363 3404 5393 ››
3437 5373 3506 5385 --
3551 5343 3750 5417 Πρῶτα

2097 5429 2190 5503 μὲν
2248 5435 2374 5506 παρ’
2431 5428 2615 5492 αὐτοῖς
2689 5428 3084 5511 μεγαλυνοῦσιν
3124 5476 3138 5504 ,
3199 5430 3313 5486 εἶτα
3385 5428 3475 5486 καὶ
3551 5426 3749 5492 ἄλλοις

324 5522 496 5574 πᾶσαν
553 5510 801 5585 αἶ’σθησιν
862 5513 953 5568 καὶ
1010 5519 1181 5569 πᾶσαν
1241 5518 1429 5591 ψυχῆς
1480 5512 1705 5589 δύναμιν
1751 5513 1854 5593 ἔχῃ
1898 5537 1982 5580 τις
2093 5514 2451 5591 διηγήσονται
2498 5517 2597 5585 τὴν
2650 5514 2701 5572 ἐν
2740 5522 2859 5581 τοῖς
2910 5516 3094 5595 ἔργοις
3127 5538 3223 5573 σου
3269 5517 3359 5573 καὶ
3407 5517 3457 5574 ἐν
3489 5521 3568 5591 τῷ
3597 5516 3747 5594 εὐερ-

322 5608 422 5662 τοῦ
452 5607 608 5677 Θεοῦ,
646 5602 771 5658 τότε
819 5600 888 5658 δι’
940 5603 1133 5658 ἑαυτοῦ
1181 5603 1270 5660 καὶ
1321 5604 1478 5668 οὗτος
1524 5605 1601 5668 ὡς
1650 5602 1739 5661 διὰ
1777 5603 1986 5681 ψαλτη-

329 5695 449 5776 ρίου
478 5691 679 5769 ψάλλει
711 5697 848 5765 Θεῷ.

2092 5609 2286 5681 γετεῖν,
2318 5605 2354 5675 ἢ
2385 5603 2638 5674 κολάζειν
2673 5603 2901 5681 δύναμίν
2930 5627 3047 5667 σου.

2169 5719 2198 5747 ‹‹
2228 5694 2335 5763 Τὴν
2389 5693 2856 5771 μεγαλοποέπειαν
2901 5703 3001 5766 τῆς
3064 5694 3227 5769 δόξης
3276 5704 3378 5768 τῆς
3437 5696 3749 5773 ἁγιωσύνης

405 5807 437 5845 ις
466 5788 555 5845 Γῶ
603 5777 808 5840 διδόντι
852 5781 953 5853 τήν
998 5781 1272 5860 σωτηρίαν
1321 5788 1440 5850 τοῖς
1493 5781 1825 5861 βασιλεῦσιν.
1855 5808 1885 5839 ››
1918 5815 1988 5832 —-
2098 5804 2196 5844 σου
2243 5780 2496 5841 λαλοῦσιο
2552 5783 2644 5842 καὶ
2697 5786 2766 5847 τὰ
2818 5786 3092 5863 θαυμάσιά
3152 5807 3249 5844 σου
3308 5783 3687 5864 διηγήσονται.
3721 5808 3751 5838 ››
