4066 6444
311 433 468 496 1617

1535 430 1952 494 EXPOSITIO
1995 430 2076 492 IN
2121 429 2505 492 PSALMOS.

3570 429 3729 491 1618

383 589 410 616 ‹‹
441 563 653 623 Αἰνεῖτε
694 564 786 620 τὸν
834 563 1054 640 Κύριον,
1105 561 1190 619 ὅτι
1256 563 1452 640 ἀγαθὸς
1513 561 1756 637 ψαλμός.
1810 586 1836 612 ››
1894 593 1960 602 ——
1991 568 2044 634 Α
2147 584 2175 612 ‹‹
2208 563 2327 616 ’Ότι
2358 559 2609 636 ἐνίσχυσε
2653 558 2780 624 τοὺς
2824 557 3074 636 μοχλοὺς
3130 563 3238 616 τῶν
3295 553 3486 615 πυλῶν
3543 578 3657 615 σου.
3695 582 3723 609 ››

306 657 424 709 ’Ότι
458 656 655 730 ἀγαθὸν
681 656 708 710 6
738 654 909 723 αἶνος,
930 656 965 724 ἡ
1001 651 1303 729 ὑμνολογία
1324 658 1420 707 τοῦ
1451 657 1604 708 Θεοῦ.

379 767 407 794 ‹‹
452 748 540 815 Τῷ
599 748 714 816 Θεῷ
769 746 930 815 ἡμῶν
985 741 1240 814 ἡδυνθείη
1301 740 1523 803 αίῖιεσις.
1572 768 1600 793 υ

303 921 464 977 αἰνῶν
503 921 621 998 βίον
652 917 758 997 ἔχῃ
788 922 1090 997 θεάρεστον.

378 1035 405 1062 ‹‹
439 1008 760 1084 Οἰκοδομῶν
815 1009 1181 1087 Ἰερουσαλὴμ
1235 1010 1263 1064 6
1321 1009 1540 1086 Κύριος.
1600 1033 1628 1060 ››
1687 1040 1752 1050 -
1806 1008 1958 1062 Ἐστι

303 1097 559 1171 δηλονότι
590 1102 681 1155 καὶ
707 1099 807 1154 οὐκ
836 1097 1009 1162 ἄλλος
1041 1097 1240 1161 οὐδείς.

376 1195 540 1252 «Τὰς
599 1187 894 1262 διασπορὰς
954 1186 1173 1262 Ἰσραὴλ
1234 1186 1555 1258 ἐπισυνάξει.
1618 1209 1646 1239 ››
1700 1220 1769 1228 -
1826 1185 1957 1260 Περὶ

296 1282 406 1336 τῶν
485 1277 908 1356 ὑποληφθέντων
963 1279 998 1347 ἡ
1055 1276 1381 1354 προφητεία·
1443 1275 1505 1331 οὐ
1583 1276 1684 1352 γὰρ
1765 1269 1953 1348 ἀθρόοι

297 1365 495 1430 πάντες
526 1369 898 1443 συνήχθησαν.

372 1457 488 1510 «Ὁ
553 1456 790 1530 ἰώμενος
871 1454 1000 1518 τοὺς
1085 1454 1576 1531 συντετριμμένους
1653 1454 1751 1522 τήν
1827 1473 1955 1529 καρ-

298 1544 440 1604 δίαν.
475 1570 504 1599 ››
537 1579 607 1587 -
637 1545 771 1602 Ἀπό
812 1549 1104 1623 συμφορῶν
1155 1542 1409 1616 δηλονότι
1469 1544 1557 1598 καὶ
1611 1546 1947 1618 πειρασμῶν.

370 1659 398 1686 ‹‹
431 1634 531 1689 Καὶ
614 1631 889 1708 δεσμεύων
949 1635 1015 1688 τὰ
1085 1633 1461 1709 συντρίμματα
1536 1632 1734 1687 αὐτῶν.
1793 1655 1822 1684 ››
1883 1664 1951 1672 —

298 1724 498 1797 Δεσμοὶ
550 1724 966 1800 συντριμμάτων
1016 1724 1072 1777 αἰ
1124 1720 1192 1778 δι’
1223 1720 1398 1799 ἔργων
1437 1723 1527 1777 καὶ
1569 1721 1745 1797 λόγων
1801 1731 1951 1796 θερα-

293 1819 464 1886 πεῖαι,
497 1812 853 1890 παρηγορίαι.

367 1927 396 1956 ‹‹
427 1905 484 1956 Ὁ
543 1904 791 1978 ἀριθμῶν
846 1901 1036 1974 πλήθη
1112 1902 1322 1979 ἄστρων
1379 1902 1469 1957 καὶ
1535 1906 1695 1964 πᾶσιν
1768 1899 1950 1962 αὐτοῖς

295 1992 533 2066 ὀνόματα
577 1991 784 2048 καλῶν.
821 2013 852 2044 ››
883 2025 953 2034 —
982 1990 1113 2066 Περὶ
1161 1997 1261 2061 τῆς
1304 1995 1402 2046 τοῦ
1457 1991 1660 2066 Κυρίου
1707 1989 1950 2066 χρηστό-

290 2101 456 2152 τητος
518 2079 710 2151 εἰπὼν,
772 2084 863 2134 νῦν
923 2079 1014 2134 καὶ
1090 2079 1214 2154 περὶ
1287 2085 1387 2149 τῆς
1462 2079 1710 2155 γνώσεως
1788 2078 1952 2134 αὐτοῦ

292 2191 424 2247 φησι
471 2169 562 2223 καὶ
620 2166 924 2242 δυνάμεως,
979 2169 1008 2222 6
1051 2169 1141 2222 τὸν
1200 2168 1430 2245 ἀριθμὸν
1506 2169 1788 2243 γινώσκων
1855 2171 1954 2222 τοῦ

289 2255 540 2328 πλήθους
599 2262 705 2312 τῶν
893 2256 985 2312 καὶ
1047 2255 1291 2330 ὀνόματα
1353 2255 1685 2326 κατάλληλα
1738 2256 1952 2323 τούτοις

293 2345 572 2417 ἐπιτιθεὶς,
629 2346 658 2401 ὃ
716 2349 816 2414 τῆς
876 2341 1133 2423 ἀκριϐοῦς
1191 2345 1280 2400 καὶ
1339 2343 1640 2406 οὐσιώδους
1697 2346 1951 2420 γνώσεώς

295 2434 434 2490 ἐστιν
469 2433 817 2513 ἐμφαντικόν.

366 2547 394 2575 ‹‹
437 2524 622 2598 Μέγας
650 2525 678 2578 6
718 2523 916 2600 Κύριος
957 2524 1142 2596 ἡμῶν,
1174 2521 1264 2577 καὶ
1320 2521 1534 2598 μεγάλη
1565 2525 1600 2592 ἡ
1660 2522 1821 2600 ἰσχὺς
1865 2522 1954 2580 αὐ-

291 2617 409 2666 τοῦ’
441 2611 533 2667 καὶ
589 2619 690 2682 τῆς
747 2611 1011 2673 συνέσεως
1070 2610 1236 2666 αὐτοῦ
1292 2611 1391 2666 οὐκ
1441 2607 1583 2666 ἔστιν
1637 2611 1888 2688 ἀριθμός.
1923 2634 1952 2661 ››

293 2735 363 2745 -
410 2703 501 2771 Μὴ
557 2703 732 2772 ζήτει,
772 2700 928 2779 φησὶ,
977 2703 1097 2763 πῶς
1145 2700 1442 2773 ἐπισυνάξει
1487 2701 1578 2756 τὸν
1629 2700 1680 2754 ἐν
1720 2699 1954 2776 τοσαύτῃ

293 2794 368 2866 γῇ
420 2788 834 2866 διεσπαρμένον,
870 2786 1044 2843 εἰίτουν
1094 2787 1518 2866 ἐσκορπισμένον
1575 2787 1706 2844 λαὸν
1765 2789 1950 2844 αὐτοῦ·

299 2876 516 2953 μεγάλη
577 2877 680 2953 γὰρ
727 2879 763 2946 ἡ
819 2881 915 2932 τοῦ
975 2877 1178 2954 Κυρίου
1235 2875 1489 2951 δύναμις,
1540 2878 1631 2932 καὶ
1695 2881 1731 2948 ἡ
1791 2879 1954 2957 σοφία

292 2967 458 3028 αὐτοῦ
497 2964 754 3043 ἄμετρος.

366 3078 395 3108 (ι
427 3051 838 3129 Αναλαμϐάνων
891 3061 1083 3132 πραεῖς
1133 3057 1162 3110 6
1212 3055 1429 3132 Κύριος.
1483 3080 1512 3108 ››
1560 3090 1629 3098 —
1680 3057 1952 3112 Ἀνακτώ-

293 3165 474 3218 μενος,
525 3145 722 3223 φέρων,
773 3140 1144 3214 διαϐαστάζων
1195 3148 1473 3221 πατρικῶς
1527 3166 1586 3201 τε
1640 3145 1730 3206 καὶ
1787 3143 1949 3216 κηδε-

290 3255 556 3307 μονικως.

1661 773 1729 781 --
1779 736 1962 794 Ἡδεῖα

307 831 612 907 λογισθείη,
670 830 1060 909 προσδεχθείη.
1121 837 1290 886 Τοῦτο
1362 829 1418 885 δὲ
1482 829 1706 907 γίνεται,
1748 826 1872 883 ὅταν
1932 829 1960 880 ὁ

2073 685 2142 692 —
2170 651 2290 714 Θεὶς
2323 650 2518 714 αὐτοὺς
2549 648 2944 727 ἂδιαρῥήκτους
2971 655 3088 712 τοῖς
3119 647 3432 723 πολεμίοις.

2149 763 2171 794 ε
2206 738 2492 815 Εὐλόγησε
2521 740 2646 803 τοὺς
2694 741 2843 801 υἱούς
2875 761 2970 795 σου
3011 739 3062 795 ἐν
3120 738 3226 796 σοί.
3258 762 3287 790 »
3318 771 3387 780 -
3417 738 3718 814 Ἐγαρίτω-

2071 851 2156 884 σεν
2211 829 2408 892 αὐτοὺς
2468 831 2545 893 εἰς
2600 829 2836 900 πλῆθος,
2865 829 2941 892 εἰς
3001 828 3180 904 ἰσχὺν,
3227 827 3304 891 εἰς
3361 826 3590 895 σύνεσιν,
3641 826 3717 890 εἰς

2070 915 2330 992 πλοῦτον,
2359 915 2638 988 καὶτὸδὴ
2685 917 2935 994 μέγιστον
2985 916 3037 972 ἐν
3085 915 3170 970 σοὶ
3212 913 3604 990 συνηγμένους,
3642 914 3720 987 μὴ

2070 1005 2292 1083 διεσπαρ
2303 1007 2512 1081 μένους.

2140 1121 2168 1148 ‹‹
2201 1099 2258 1152 Ὁ
2288 1097 2454 1161 τιθεὶς
2481 1098 2550 1152 τὰ
2596 1094 2719 1171 ὅριά
2767 1117 2862 1152 σου
2921 1095 3164 1172 εἰρήνην.
3199 1117 3226 1146 ››
3261 1127 3330 1135 —
3359 1093 3444 1150 Τὰ
3472 1091 3722 1169 ὁροθέσια

2063 1185 2231 1250 τιθεὶς
2283 1186 2343 1242 οὐ
2399 1185 2645 1262 βουνοὺς,
2697 1185 2758 1241 οὐ
2817 1183 3044 1257 στήλας,
3075 1181 3204 1247 ἀλλ’
3243 1181 3464 1260 εἰρήνην
3509 1181 3570 1238 ἐκ
3620 1186 3719 1241 τοῦ

2065 1274 2386 1331 ἀπελαύνειν
2421 1298 2517 1332 σου
2546 1275 2804 1331 πάντοθεν
2834 1276 2924 1330 τὸν
2947 1271 3214 1347 πόλεμον.

2138 1389 2167 1417 ‹‹
2199 1365 2299 1420 Καὶ
2357 1366 2515 1442 στέαρ
2573 1369 2748 1442 πυροῦ
2787 1363 3125 1437 ἐμπιμπλῶν
3183 1383 3260 1420 σε.
3317 1385 3346 1413 ››
3376 1394 3444 1403 —
3492 1360 3591 1416 Καὶ
3639 1359 3718 1422 εἷς

2063 1451 2394 1527 πλησμονὴν
2427 1452 2610 1517 διδούς
2655 1475 2740 1510 σοι
2795 1455 2870 1527 μή
2905 1459 3050 1508 σῖτον
3106 1451 3319 1522 ἁπλῶς,
3351 1450 3498 1508 ἀλλά
3552 1469 3716 1523 πιμε-

2065 1541 2166 1611 λὴν
2200 1543 2372 1600 σίτου·
2407 1543 2551 1620 λέγει
2583 1541 2640 1598 δὲ
2667 1544 2766 1612 τὴν
2798 1540 3106 1616 σεμίδαλιν.

2134 1655 2160 1683 ‹‹
2193 1636 2248 1686 Ὁ
2278 1631 2612 1688 ἐπιστέλλων
2645 1632 2714 1686 τὰ
2743 1630 2903 1707 λόγια
2932 1629 3096 1685 αὐτοῦ
3122 1633 3192 1704 τῇ
3371 1624 3477 1690 ἕως
3505 1625 3712 1702 τάχους

2060 1717 2348 1796 δραμεῖται
2381 1722 2408 1775 ὁ
2440 1720 2605 1797 λόγος
2633 1720 2817 1778 αὐτοῦ.
2854 1742 2883 1772 ››
2912 1753 2981 1761 —-
3010 1719 3206 1795 Λόγιον
3247 1717 3337 1772 καὶ
3387 1716 3554 1791 λόγον
3604 1737 3715 1792 φη·-

2059 1808 2140 1862 σὶν
2177 1867 2180 1870 .
2219 1807 2443 1873 ἐνταῦθα
2507 1810 2572 1864 τὸ
2655 1808 2963 1864 συνεκτικὸν
3038 1815 3141 1877 τῆς
3219 1803 3510 1883 ἐγκωμίου
3568 1809 3714 1874 ζωῆς

2058 1897 2384 1974 πρόσταγμα
2440 1899 2605 1971 θεῖον,
2667 1899 2730 1953 οὗ
2776 1898 2840 1954 τὸ
2897 1895 3222 1973 δραστήριον
3285 1894 3374 1952 διὰ
3439 1897 3540 1956 τ’οὖ
3608 1889 3716 1957 ἕως

2059 1988 2265 2063 τάχους
2297 1987 2583 2065 δραμεῖται
2613 1985 2914 2058 δεδήλωκε.

2134 2100 2164 2130 ‹‹
2197 2075 2449 2141 Διδόντος
2499 2076 2663 2154 χιόνα
2710 2077 2838 2132 ὡσεὶ
2887 2071 3052 2152 ἔριον.
3091 2097 3120 2128 ››
3168 2107 3239 2116 —-
3281 2072 3435 2140 Οὕτω
3492 2071 3714 2142 πολλὴν

2061 2166 2150 2220 καὶ
2181 2165 2354 2229 οὕτως
2385 2165 2604 2240 ἀθρόαν,
2637 2166 2712 2229 ὡς
2765 2165 2816 2220 ἐν
2877 2166 3072 2243 βραχεῖ
3125 2169 3299 2220 πᾶσαν
3351 2161 3720 2223 καλύπτεσθαι

2059 2255 2158 2323 τήν
2192 2262 2319 2330 γῆν,
2349 2255 2588 2328 καθάπερ
2619 2253 2722 2312 ὑπό
2750 2275 2896 2316 τινος
2927 2253 3074 2330 ἐρίου
3107 2252 3322 2308 λευκοῦ.

2135 2367 2164 2395 ‹‹
2194 2341 2471 2419 Ὀμίχλην
2524 2342 2653 2405 ὡσεὶ
2694 2340 2892 2398 σποδὸν
2952 2341 3268 2406 πάσσοντος.
3313 2365 3341 2392 ››
3381 2372 3451 2382 -—-
3493 2338 3716 2409 Πολλὴν

2063 2430 2154 2488 καί
2185 2432 2380 2508 ἀθρόαν
2412 2431 2502 2487 καὶ
2530 2431 2752 2503 ταύτην.

2141 2546 2162 2572 α
2198 2519 2509 2584 Βάλλοντος
2540 2519 2884 2598 κρύσταλλον
2917 2519 3084 2578 αὐτοῦ
3122 2519 3251 2576 ὡσεὶ
3307 2517 3560 2593 ψωμούς.
3591 2541 3620 2578 ››
3650 2551 3720 2574 .-.—

2063 2610 2194 2686 Περὶ
2247 2616 2348 2679 τῆς
2406 2606 2659 2685 χαλάζης
2715 2609 2745 2664 6
2795 2608 2958 2685 λόγος
3015 2607 3139 2678 ἥτις
3196 2610 3402 2682 ψωμοῦ
3456 2606 3718 2682 κέρμασιν

2064 2719 2225 2756 εοικε.

2135 2811 2165 2840 ‹‹
2197 2787 2343 2854 Κατά
2406 2786 2697 2862 πρόσωπον
2769 2787 2982 2864 ψύχους
3054 2786 3222 2842 αὐτοῦ
3276 2785 3360 2847 τίς
3418 2784 3718 2856 ὑποστήσε-

2059 2896 2185 2946 ται;
2227 2897 2254 2929 ιι
2310 2910 2380 2917 —
2427 2876 2526 2931 Καὶ
2575 2881 2735 2931 τοῦτο
2791 2873 3094 2950 θαυμαστὸν
3154 2879 3270 2938 πῶς
3321 2878 3567 2932 τοιοῦτον
3625 2873 3716 2935 καὶ

2059 2970 2316 3022 τοσοῦτον
2349 2968 2527 3042 ψῦχος
2559 2963 2846 3044 αἰφνίδιον.

2132 3079 2161 3107 ‹‹
2193 3056 2448 3111 Ἀποστεῖ
2499 3055 2590 3109 τὸν
2644 3053 2810 3129 λόγον
2856 3053 3042 3123 αὐτοῦ,
3073 3053 3164 3108 καὶ
3190 3052 3338 3123 τήξει
3395 3051 3549 3114 αὐτά.
3586 3075 3608 3103 ι
3644 3084 3713 3094 --

2058 3143 2128 3197 Τὸ
2160 3147 2302 3206 θεῖον
2334 3147 2508 3216 νεῦμα
2534 3143 2624 3198 καὶ
2653 3138 2994 3219 πρόσταγμα.

2130 3256 2160 3286 ‹‹
2195 3231 2415 3286 Πνεύσει
2444 3232 2508 3286 τὸ
2546 3236 2760 3305 πνεῦμα
2789 3231 2976 3302 αὐτοῦ,
3007 3231 3098 3286 καὶ
3155 3230 3410 3307 βοήσεται
3466 3227 3653 3288 ὕδατα.
3679 3253 3709 3282 ››

354 3348 384 3376 (ι
416 3327 689 3378 Ταπεινῶν
725 3319 784 3378 δὲ
840 3321 1206 3399 ἁμαρτωλοὺς
1261 3319 1368 3386 ἕως
1424 3323 1552 3398 γῆς.
1584 3346 1613 3375 )›
1645 3356 1716 3365 --
1748 3324 1941 3380 Καθαι-
1973 3308 2016 3375 C
2056 3353 2125 3362 —
2181 3320 2404 3376 Πνεύσει
2473 3323 2502 3376 6
2580 3321 2800 3394 ἄνεμος·
2856 3325 3019 3376 τοῦτο
3101 3322 3225 3396 γὰρ,
3285 3317 3442 3398 φησί,
3497 3323 3714 3392 πνεῦμα

284 3416 394 3486 ρῶν
439 3409 670 3490 σφόδρα,
702 3412 831 3474 τοὺς
890 3411 1289 3490 ὑπερηφάνους·
1349 3411 1575 3474 τούτους
1633 3413 1738 3488 γὰρ
1799 3411 1944 3466 εἶπεν

287 3498 677 3574 ἁμαρτωλοὺς,
755 3499 937 3577 ὥσπερ
1023 3506 1214 3576 πραεῖς
1294 3501 1422 3563 τοὺς
1507 3499 1792 3562 ταπεινοὺς
1875 3505 1943 3574 τῇ

285 3587 501 3666 καρδίᾳ.

358 3702 388 3731 ί(
420 3677 704 3755 Ἐξάρξατε
777 3682 856 3750 τῷ
931 3677 1117 3755 Κυρίῳ
1190 3677 1242 3733 ἐν
1315 3677 1728 3755 ἐξομολογήσει.
1791 3702 1818 3730 ››
1874 3711 1945 3721 ——

288 3766 569 3843 Ἐξάρξατε
598 3767 745 3839 αὐτῷ
775 3765 926 3840 ᾠδῆς
960 3767 1224 3839 δηλονότι
1253 3766 1304 3822 ἐν
1338 3767 1675 3844 εὐχαριστίᾳ.

359 3879 388 3907 ‹‹
419 3859 507 3927 Τῷ
539 3855 883 3928 έτοιμάζοντι
910 3861 979 3930 τῇ
1030 3861 1104 3932 γῇ
1157 3851 1327 3912 ὑετόν.
1361 3880 1392 3908 ››
1423 3890 1491 3899 --
1523 3853 1774 3929 Συνῳδίᾳ
1826 3861 1944 3919 τοῖς

288 3943 341 3998 ἐν
373 3949 453 4016 τῷ
481 3946 562 4020 ργ¹
593 3943 823 4017 ψάλμῷ’
858 3947 974 4002 οἷον
1003 3946 1068 4002 τὸ
1095 3945 1332 4016 ποτίζων
1366 3941 1468 4021 ὅρη
1521 3945 1581 4004 ἐκ
1619 3951 1728 4000 τῶν
1777 3945 1943 4020 ὑπερ-

287 4033 410 4105 ῴων
444 4033 629 4103 αὐτοῦ,
660 4033 751 4087 καὶ
783 4034 927 4103 ἑξῆς.

359 4145 388 4175 ‹‹
423 4118 638 4180 Διδόντι
666 4126 787 4183 τοῖς
815 4124 1036 4192 κτήνεσι
1065 4122 1164 4190 τὴν
1195 4123 1404 4200 τροφὴν
1460 4115 1652 4178 αὐτῶν
1690 4124 1780 4176 καὶ
1826 4128 1943 4184 τοῖς

285 4215 534 4274 νεοσσοῖς
583 4214 693 4265 τῶν
740 4211 990 4287 κοράκων
1037 4215 1156 4273 τοῖς
1196 4210 1649 4283 ἐπικαλουμένοις
1696 4211 1874 4269 αὐτόν.
1910 4233 1937 4266 ι

281 4333 350 4342 —
387 4304 504 4356 Τῶν
553 4299 659 4375 γὰρ
701 4298 950 4376 κοράκων
995 4299 1124 4362 τοὺς
1175 4298 1413 4361 οἰκείους
1469 4297 1944 4379 ἐγκαταλιπόντων

279 4385 532 4452 νεοσσοὺς
590 4384 660 4442 δι’
717 4387 982 4462 ὠμότητα
1038 4388 1129 4444 καὶ
1193 4387 1558 4466 μισοτεκνίαν,
1593 4389 1620 4443 ὁ
1680 4392 1809 4452 Θεὸς
1863 4395 1943 4464 τῷ

281 4483 379 4546 τῆς
419 4476 680 4550 προνοίας
729 4472 1133 4556 ὑπερϐάλλοντι
1181 4476 1470 4556 τρέφεσθαι
1511 4477 1738 4542 τούτους
1789 4479 1943 4536 οἰκο-

282 4571 441 4639 νομεῖ
485 4565 790 4642 κεχηνότας
840 4567 951 4621 ἄνω
1000 4566 1091 4622 καὶ
1147 4567 1466 4643 κράζοντας,
1521 4568 1611 4622 καὶ
1680 4564 1770 4622 διὰ
1844 4574 1942 4624 τοῦ

285 4653 443 4730 ἀέρος
502 4653 928 4732 συνεφέλκοντας
987 4661 1104 4718 τοῖς
1189 4654 1448 4728 στόμασιν
1503 4655 1678 4713 αὐτῶν
1736 4656 1944 4734 ζωύφιά

282 4763 403 4800 τινα
431 4743 570 4819 πρὸς
600 4746 831 4822 τροφήν.

363 4853 388 4883 σ
419 4832 530 4887 Οὐκ
585 4830 637 4886 ἐν
689 4829 972 4904 δυναστείᾳ
1023 4837 1123 4890 τοῦ
1174 4831 1350 4890 ’ίππου
1410 4831 1650 4904 θελήσει·
1712 4832 1838 4890 οὐδὲ
1895 4835 1946 4890 ἐν

283 4924 405 4981 ταῖς
448 4921 689 4993 κνήμαις
719 4925 817 4975 τοῦ
866 4918 1060 4997 ἀνδρὸς
1110 4919 1338 4979 εὐδοκεῖ.
1393 4945 1420 4973 ››
1469 4955 1540 4963 -
1591 4923 1843 4998 Ἐπείπερ
1893 4926 1946 4980 οἱ

286 5007 346 5064 ἐκ
372 5015 474 5079 τῆς
506 5008 894 5087 αἰχμαλωσίας
925 5009 1166 5073 ἀσθενεῖς
1201 5012 1338 5081 ἦσαν
1389 5010 1478 5065 καὶ
1527 5009 1751 5081 ἄοπλοι,
1784 5015 1948 5087 θερα-

283 5097 436 5152 πεύει
485 5094 575 5151 διὰ
630 5096 839 5154 τούτων
894 5097 1113 5162 αὐτούς.
1149 5097 1381 5170 Θέλησιν
1441 5097 1500 5154 δὲ
1549 5101 1638 5155 καὶ
1696 5099 1942 5158 εὐδοκίαν

281 5185 382 5254 τὴν
443 5183 587 5240 θείαν
653 5183 801 5264 λέγει
861 5185 1064 5265 ῥοπήν·
1122 5185 1430 5244 δυναστείαν
1481 5185 1673 5243 δὲκαὶ
1728 5191 1943 5263 κνήμας

281 5274 387 5343 τήν
417 5269 667 5348 δύναμιν.

856 5383 1157 5440 ΨΑΛΜΟΣ
1199 5384 1370 5440 ΡΜΖ’·

357 5510 387 5539 ‹‹
421 5485 682 5560 Ἐπαίνει,
739 5487 1128 5565 Ἰερουσαλὴμ,
1203 5489 1295 5543 τὸν
1363 5488 1583 5564 Κύριον
1653 5488 1792 5547 αἴνει
1853 5493 1942 5548 τὸν

288 5573 416 5634 Θεόν
478 5595 596 5648 σου,
633 5577 800 5634 Σιών.
840 5600 866 5628 ι)
897 5610 967 5618 -
1023 5575 1390 5651 Ἰερουσαλὴμ
1448 5579 1543 5650 μὲν
1575 5581 1610 5650 ἡ
1645 5578 1946 5654 οἰκοδομη-

291 5667 438 5722 θεῖσα
470 5663 656 5727 πόλις.
690 5666 832 5722 Σιὼν
887 5662 945 5720 δὲ
992 5665 1054 5721 τὸ
1102 5660 1252 5742 ὅρος,
1305 5666 1387 5745 ἐφ’
1430 5668 1492 5721 οὗ
1539 5668 1674 5740 αὕτη
1737 5667 1944 5742 ᾠκοδό-

298 5775 461 5830 μητο·
493 5761 594 5825 τῆς
625 5753 793 5826 αὐτῆς
827 5752 886 5810 δὲ
912 5754 1155 5830 ὀνόματα
1183 5755 1274 5818 καὶ
1305 5755 1604 5834 ἀμφότερα.

2054 3408 2218 3464 αὐτοῦ
2249 3410 2323 3472 ὡς
2354 3409 2555 3484 κτίσμα
2583 3410 2771 3480 αὐτῆς,
2803 3409 2894 3464 καὶ
2921 3405 3054 3483 ἔλθῃ
3082 3408 3252 3474 ὑετός.

2129 3500 2238 3552 «Ὁ
2288 3496 2656 3573 ἀπαγγέλλων
2716 3498 2779 3552 τὸ
2834 3497 3020 3574 λόγιον
3075 3496 3242 3552 αὐτοῦ
3297 3501 3376 3569 τῷ
3430 3491 3646 3556 Ἰακώϐ.
3682 3520 3711 3548 ››

2054 3592 2254 3642 -Νῦν
2313 3587 2448 3665 φησὶ
2504 3587 2565 3642 τὸ
2621 3586 2809 3663 λόγιον
2872 3585 3037 3642 αὐτοῦ
3089 3587 3179 3640 καὶ
3225 3582 3569 3659 δικαιώματα
3623 3585 3714 3646 καὶ

2053 3676 2312 3752 κρίματα·
2347 3671 2546 3731 Ἰακὼϐ
2602 3672 2659 3731 δὲ
2705 3675 2795 3731 καὶ
2828 3674 3052 3752 Ἰσραὴλ
3109 3674 3201 3730 τὸν
3258 3673 3458 3732 ἐκεῖθεν
3512 3695 3712 3753 κατηγ-

2058 3768 2218 3838 μένον
2252 3763 2382 3821 λαόν
2393 3807 2405 3820 .

2131 3878 2152 3905 α
2187 3853 2298 3908 Οὐκ
2355 3852 2605 3923 ἐποίησεν
2669 3852 2841 3914 οὕτως
2895 3851 3057 3906 παντὶ
3109 3846 3269 3908 ἔθνει.
3305 3875 3335 3902 ››
3365 3884 3434 3892 --
3486 3850 3556 3912 Τὸ
3613 3849 3714 3906 οὐκ

2054 3940 2278 4013 ἐποίησε
2306 3941 2464 3998 παντὶ
2490 3941 2607 3996 ἀντὶ
2635 3945 2732 3996 τοῦ
2762 3938 2938 4002 οὐδενὶ
2971 3939 3215 4010 ἐποίησε.

2125 4055 2154 4082 ‹‹
2186 4032 2287 4085 Καὶ
2316 4031 2383 4084 τὰ
2429 4030 2670 4103 κρίματα
2724 4029 2889 4084 αὐτοῦ
2947 4029 3047 4083 οὐκ
3102 4025 3378 4099 ἐδήλωσεν
3434 4027 3640 4092 αὐτοῖς.
3681 4051 3704 4090 ,3

2053 4154 2121 4163 —
2151 4119 2262 4176 Οὐκ
2292 4117 2490 4175 ἔδωκεν
2522 4119 2705 4182 αὐτοῖς
2736 4118 2828 4174 τὸν
2870 4118 3108 4193 γραπτὸν
3155 4116 3324 4190 νόμον
3375 4118 3421 4173 εἰ
3473 4119 3551 4191 μή
3608 4117 3710 4190 μό-

2051 4230 2142 4264 νον
2171 4209 2260 4263 τὸν
2293 4209 2536 4285 φυσικόν.

2626 4319 2921 4371 ΨΑΛΜΟΣ
2963 4320 3119 4369 ΡΜΗ¹

2129 4447 2156 4474 ‹‹
2193 4421 2404 4478 Αἰνεῖτε
2459 4422 2548 4475 τὸν
2603 4419 2799 4496 Κύριον
2879 4419 2938 4475 ἐκ
3007 4424 3114 4474 τῶν
3197 4419 3462 4495 οὐρανῶνο
3513 4420 3712 4492 αἰνεῖτε

2055 4511 2215 4566 αὐτὸν
2277 4509 2328 4565 ἐν
2386 4514 2504 4571 τοῖς
2578 4509 2843 4584 ὑψίστοις⁸
2904 4509 3101 4564 αἰνεῖτε
3167 4508 3350 4584 αὐτὸν,
3404 4508 3599 4573 πάντες
3656 4512 3709 4565 οἱ

2052 4598 2276 4678 ἄγγελοι
2349 4599 2534 4654 αὐτοῦ’
2595 4599 2794 4653 αἰνεῖτε
2864 4597 3046 4668 αὐτὸν,
3105 4603 3271 4653 πᾶσαι
3339 4599 3396 4654 αἰ
3453 4596 3707 4674 δυνάμεις

1976 4678 2022 4743 D
2054 4689 2241 4748 αὐτοῦ.
2276 4711 2303 4741 )›
2338 4721 2406 4729 ——
2437 4687 2781 4764 Παγκόσμιον
2815 4689 2844 4742 6
2873 4689 3164 4764 προφήτης
3201 4687 3292 4741 τὸν
3341 4692 3482 4751 θεῖον
3535 4687 3706 4764 ὕμνον

2057 4776 2146 4833 διὰ
2173 4783 2280 4833 τῶν
2312 4775 2636 4833 τελευταίων
2688 4781 2856 4851 τριῶν
2915 4775 3121 4831 τούτων
3185 4774 3389 4853 ὑφαίνει
3445 4775 3708 4852 ψαλμῶν,

2057 4867 2170 4939 ἅμα
2203 4866 2297 4946 μὲν
2333 4865 2432 4921 οὐκ
2461 4860 2587 4920 ὄντα
2617 4861 2823 4926 δεικνὺς
2872 4863 3057 4918 ἑαυτὸν
3115 4863 3280 4936 μόνον
3340 4862 3516 4920 ἰκανὸν
3574 4865 3710 4942 πρὸς

2052 4959 2153 5025 τὴν
2184 4960 2282 5010 τοῦ
2313 4959 2447 5010 Θεοῦ
2489 4953 2782 5032 εὐφημίαν,
2818 4955 2931 5028 ἅμα
2978 4950 3036 5008 δὲ
3091 4951 3183 5006 καὶ
3243 4953 3425 5022 πάσης
3479 4951 3706 5016 κτίσεως

2055 5047 2255 5121 ὁρατῆς
2310 5044 2400 5099 καὶ
2458 5044 2690 5119 ἀοράτου
2745 5043 2982 5113 ποιητὴν
3037 5041 3418 5113 ἀνακηρύττων
3471 5042 3561 5097 τὸν
3621 5042 3709 5097 εὐ-

2055 5133 2436 5212 φημούμενον.
2469 5134 2564 5188 Ἐκ
2618 5137 2728 5188 τῶν
2788 5131 3031 5203 οὐρανῶν
3088 5128 3146 5185 δὲ
3192 5136 3288 5185 τοῦ
3335 5131 3560 5208 πρώτου
3615 5133 3711 5205 μὲν

2053 5223 2213 5278 καλεῖ
2286 5223 2424 5300 πρὸς
2508 5219 2700 5277 αἰ¹νεσιν
2774 5225 2873 5277 τοῦ
2949 5218 3149 5297 Κυρίου
3231 5220 3298 5275 τὰ
3362 5219 3713 5298 λειτουργικὰ

2053 5311 2336 5386 πνεύματα
2391 5310 2654 5389 ἀγγέλους
2714 5311 2805 5366 καὶ
2864 5307 3121 5383 δυνάμεις
3203 5308 3486 5382 ὀνομάζων
3555 5310 3709 5384 αὐτὰ,

2053 5400 2117 5457 τὸ
2172 5402 2266 5475 μὲν
2318 5401 2402 5456 ὅτι
2450 5403 2517 5456 τά
2563 5404 2682 5456 θεῖα
2729 5397 3120 5475 διαγγέλλουσι
3170 5397 3412 5474 ῥήματα,
3437 5399 3501 5456 τὸ
3551 5397 3597 5456 δ’
3625 5399 3712 5457 ὅτι

2057 5489 2310 5547 δύνανται
2339 5490 2588 5568 πληροῦν
2634 5492 2702 5546 τὰ
2748 5487 3160 5561 ἐπιταττόμενα·
3208 5487 3269 5546 ἐκ
3311 5493 3411 5546 τοῦ
3459 5486 3714 5566 δευτέρου

2057 5578 2115 5636 δὲ
2162 5580 2392 5658 οὐρανοῦ
2448 5580 2607 5638 καλεῖ
2652 5577 2780 5642 τοὺς
2831 5579 3078 5652 ἀστέρας,
3123 5577 3213 5633 καὶ
3274 5577 3436 5648 ἥλιον
3485 5579 3575 5634 καὶ
3628 5601 3716 5636 σε·

2056 5670 2233 5741 λήνην
2294 5672 2383 5726 καὶ
2435 5676 2571 5749 φῶς·
2627 5669 2686 5726 ἐκ
2732 5676 2834 5738 τῆς
2880 5675 2983 5744 γῆς
3035 5664 3092 5722 δὲ
3123 5668 3331 5740 προῖὼν
3360 5672 3520 5725 καλεῖ
3547 5667 3714 5736 πάλιν

2057 5759 2156 5816 ὅσα
2198 5762 2334 5818 κατὰ
2388 5763 2485 5832 τήν
2547 5767 2672 5835 γῆν·
2733 5759 2823 5814 καὶ
2895 5755 3154 5814 καταλύει
3229 5756 3320 5814 τὸν
3397 5755 3562 5832 λόγον
3643 5759 3719 5819 εἰς
