4066 6440
286 438 289 441 -
392 408 550 473 1619

1650 415 2075 481 NICEPHORI
2118 416 2559 481 BLEMMIDJE

3643 423 3785 485 1620

386 540 514 604 τοὺς
563 541 882 619 ἀνθρώπους
930 541 1058 606 τοὺς
1117 542 1372 622 οὐρανίου
1428 567 1488 602 τε
1542 546 1633 603 καὶ
1678 554 1879 624 γεηρᾶς
1947 547 2039 604 οὐ·
2071 552 2126 619 Α
2154 549 2525 606 Αἶνεσάτωσαν
2596 548 2756 606 αὐτὸν
2827 549 2880 607 ἐν
2939 549 3178 632 εὐφωνίᾳ
3250 551 3340 609 καὶ
3414 557 3570 630 κοινῇ
3622 539 3785 631 ὓμνω-

391 630 506 694 σίας
566 630 911 708 μετέχοντας.
964 633 1238 710 Τέσσαρας
1301 633 1359 690 δὲ
1412 634 1647 712 τρόπους
1708 635 1822 693 οἶδε
1879 634 2038 711 Sofo-

390 717 605 797 λογίας,
643 718 737 777 ἕνα
769 724 863 796 μὲν
892 723 986 779 τὸν
1039 724 1244 801 νοερὸν,
1278 726 1393 788 οἷος
1424 727 1453 781 ὁ
1481 731 1588 781 τῶν
1648 725 1919 803 ἀγγέλων,
1950 728 2040 783 καὶ

391 807 514 865 ὅταν
575 812 740 884 ἡμεῖς
792 811 927 867 κατὰ
982 817 1107 868 νοῦν
1165 813 1524 887 θαυμάζωμεν
1573 816 1664 871 καὶ
1717 815 2039 892 μεγαλύνω-

394 919 491 973 μεν
547 900 639 955 τὸν
699 900 847 956 Θεόν·
905 898 1146 979 δεύτιρον
1217 905 1310 959 τὸν
1370 901 1459 959 διὰ
1517 904 1798 982 ῥημάτων
1857 906 2040 982 τρίτον

387 985 482 1041 τὸν
511 983 600 1041 διὰ
626 993 727 1056 τῆς
760 982 937 1063 ὅψεως
985 989 1078 1045 καὶ
1123 993 1497 1063 κατανοήσεως
1552 997 1660 1049 τῶν
1719 992 1892 1071 ἔργων
1944 996 2043 1051 τοῦ

390 1080 547 1132 Θεοῦ’
612 1074 738 1132 ὅταν
789 1077 894 1154 γὰρ
951 1078 1205 1135 αἰνοῦντα
1276 1083 1577 1158 παρεισάγῃ
1632 1085 1699 1138 τὰ
1752 1084 2043 1167 κτίσματα,

389 1162 512 1219 τότε
568 1160 831 1221 δείκνυσιν
892 1166 967 1229 ὡς
1025 1163 1243 1223 ἕκαστον
1287 1174 1392 1223 τῶν
1452 1166 1616 1227 ὄντων
1677 1171 1767 1227 καὶ
1824 1160 2045 1250 γινομέί

388 1272 493 1308 νων
527 1251 672 1326 ἄξιον
723 1260 824 1323 τῆς
868 1259 966 1309 τοῦ
1009 1262 1362 1333 Δημιουργοῦ
1414 1260 1603 1336 σοφίας
1661 1258 1792 1316 ἐστί·
1851 1262 2045 1338 τέταρ-

388 1361 483 1397 τον
536 1340 630 1396 τὸν
687 1339 777 1398 διὰ
836 1343 956 1419 βίου
1012 1345 1103 1399 καὶ
1161 1341 1333 1421 ἔργων
1384 1350 1503 1403 καθ’
1533 1349 1591 1403 ’ὸν
1643 1350 1693 1403 οἱ
1741 1352 1878 1405 κατὰ
1915 1353 2043 1407 Θεὸν

392 1433 587 1500 ζῶντες
620 1432 845 1505 ὑμνοῦσι
876 1432 965 1487 τὸν
1017 1433 1169 1502 Θεὸν,
1199 1434 1288 1490 καὶ
1338 1436 1444 1492 ἀπὸ
1496 1437 1665 1511 μόνης
1714 1442 1812 1509 τῆς
1868 1440 2043 1496 αὐτῶν

390 1521 693 1597 θεαρέστου
743 1518 1043 1597 διαγωγῆς.
1076 1523 1154 1581 Τὸ
1197 1522 1256 1579 δὲ
1301 1524 1362 1580 ἐκ
1409 1530 1517 1581 τῶν
1566 1526 1807 1605 οὐρανῶν
1838 1530 1928 1585 καὶ
1984 1529 2046 1586 τὸ

388 1608 442 1664 ἐν
469 1614 589 1672 τοῖς
624 1608 898 1684 ὑψίστοις,
934 1608 1109 1667 εἷίτουν
1169 1611 1221 1668 ἐν
1278 1620 1394 1678 τοῖς
1453 1615 1821 1690 ὑψηλοτάτοις
1863 1619 2046 1697 μέρεσι

392 1695 637 1771 δηλαδὴ,
669 1699 864 1755 ταυτόν
898 1699 1060 1758 ἐστιν.

463 1811 493 1842 ‹‹
524 1788 741 1846 Αῗνεῖτε
780 1789 964 1864 αὐτὸν,
995 1790 1160 1862 ἥλιος
1206 1793 1297 1849 καὶ
1342 1794 1569 1868 σελήνη*
1615 1797 1812 1854 αἰνεῖτε
1866 1799 2047 1872 αὐτὸν,

390 2060 506 2135 φῶς
538 2054 598 2112 δὲ
624 2057 689 2113 τὸ
717 2059 943 2135 γεγονὸς
993 2059 1045 2115 ἐν
1087 2065 1157 2135 τῇ
1204 2064 1394 2139 πρώτῃ
1436 2066 1639 2142 ἡμέρᾳ,
1671 2069 1761 2123 καὶ
1808 2090 2043 2144 καταμε-

391 2145 566 2221 ρισθὶν
599 2144 678 2208 εἴς
708 2145 843 2202 αὐτὰ
873 2146 925 2201 ἐν
968 2152 1038 2223 τῇ
1085 2151 1314 2227 τετάρτῃ
1362 2152 1543 2230 ἡμέρᾳ
1596 2157 1714 2210 καθ’
1772 2159 1833 2227 ἣν
1881 2158 2043 2234 γεγό-

386 2254 561 2291 νασιν.

460 2347 491 2377 ‹‹
520 2322 733 2381 Αἰνεῖτε
781 2324 962 2399 αὐτὸν,
1015 2327 1067 2381 οἱ
1116 2326 1329 2404 οὐρανοὶ
1375 2335 1483 2386 τῶν
1534 2334 1795 2409 οὐρανῶν,
1842 2335 1933 2392 καὶ
1979 2337 2043 2393 τὸ

387 2409 536 2488 ὕδωρ
564 2413 627 2469 τὸ
668 2413 922 2490 ὑποράνω
959 2420 1069 2470 τῶν
1114 2415 1378 2494 οὐρανῶν.
1414 2442 1443 2471 ››
1473 2454 1543 2463 -
1590 2423 1689 2478 Καὶ
1731 2430 1847 2488 τοῖς
1894 2423 2040 2498 πλη-

386 2502 661 2565 θυντικοῖς
715 2502 970 2577 ὀνόμασιν
1026 2504 1140 2560 ἀντὶ
1188 2505 1373 2563 ἐνικῶν
1414 2512 1449 2580 ἡ
1485 2505 1701 2588 Ἐϐραῒς
1734 2511 1847 2570 οἶδε
1902 2522 2043 2593 χρῆ-

386 2591 507 2645 σθαι
566 2588 870 2655 διάλεκτος.
931 2594 1002 2649 Τὸ
1061 2595 1309 2669 ὑπεράνω
1374 2595 1432 2654 δὲ
1493 2606 1592 2656 τοῦ
1664 2588 2039 2678 στερεώματος

384 2679 746 2768 κτίσμα,-καὶ
802 2683 893 2737 τὸν
953 2688 1170 2759 πρῶτον
1231 2687 1476 2764 οὑρανὸν,
1531 2689 1626 2747 κᾶν
1684 2695 1760 2766 μή
1822 2693 2042 2768 βλέπω-

394 2788 511 2842 μεν,
545 2765 692 2824 ἀλλὰ
721 2770 868 2847 παρᾶ
912 2779 1015 2842 τῆς
1059 2775 1415 2832 θεοπνεύστου
1445 2784 1664 2857 Γραφῆς
1689 2765 2041 2857 διδασκόμε-

388 2858 477 2928 θα,
505 2857 595 2913 καὶ
629 2857 779 2915 οὕτω
807 2861 897 2915 καὶ
925 2863 1053 2936 παρ’
1082 2863 1257 2920 αὐτῶν
1283 2866 1527 2939 ὑμνεῖται
1577 2871 1709 2933 Θεὸς
1755 2870 1825 2926 δι’
1855 2875 2037 2946 ἡμῶν.

462 2969 495 3000 ιι
526 2948 784 3019 Ἔστησεν
817 2949 950 3006 αὐτᾶ
979 2951 1059 3015 εἰς
1083 2952 1173 3008 τὸν
1225 2953 1396 3010 αἰῶνα
1451 2955 1540 3012 καὶ
1597 2958 1675 3021 εἷς
1729 2960 1820 3016 τὸν
1873 2961 2043 3017 αἰῶνα

387 3038 486 3090 τοῦ
541 3035 758 3100 αἰῶνος.
810 3060 839 3091 ι)
899 3072 969 3083 —-
1019 3042 1443 3116 ’Δμετακίνητοθ
1503 3044 1593 3102 δια
1638 3049 1836 3113 παντὸς
1891 3046 2038 3127 ἔχειν

387 3125 489 3193 τήν
515 3123 661 3198 τάξιν
689 3126 779 3181 καὶ
806 3128 906 3197 τήν
940 3129 1209 3206 ἐνέργειαν
1243 3132 1379 3189 αὐτὰ
1413 3137 1822 3210 παρεσκεύασεν.

461 3234 493 3264 «
542 3212 873 3291 Πρόσταγμα
924 3213 1092 3290 ἔθετο,
1148 3219 1239 3274 καὶ
1301 3220 1363 3275 οὐ
1418 3222 1825 3297 παρελεύσεται.
1885 3250 1914 3279 ››
1971 3260 2042 3269 -

2151 634 2261 708 δίᾳ.

2227 749 2256 778 (ι
2286 726 2373 781 Ἐν
2420 727 2688 801 τυμπάνῳ
2739 730 2830 785 καὶ
2880 727 3174 806 ψαλτηρίῳ
3204 730 3527 806 ψαλάτωσαν
3571 732 3723 806 αὐτῷ.
3757 758 3782 786 κ

2151 820 2335 870 -Ἐν
2411 818 2599 893 πράξει
2661 818 2752 873 καὶ
2813 819 3032 897 θεωρίᾳ·
3103 821 3386 894 τύμπανον
3462 823 3556 896 μὶν
3623 824 3778 899 γὰρῆ

2152 903 2410 981 νέκρωσις
2479 910 2587 961 τῶν
2668 913 2994 980 σωματικῶν
3063 907 3295 980 ἡδονῶν*
3364 909 3663 988 ψαλτήριον
3734 909 3783 967 δὲ

2152 996 2188 1062 ἡ
2220 995 2331 1049 ἅνω
2354 994 2505 1058 τάσις
2532 1000 2630 1051 τοῦ
2659 997 2808 1070 νοὸς,
2841 997 3084 1054 κάκεῖθεν
3134 998 3412 1073 ἕλλαμψις
3458 1000 3548 1056 καὶ
3594 1000 3780 1077 ἐνήχη-

2155 1103 2259 1145 σις’
2308 1084 2369 1138 τὸ
2416 1085 2520 1159 γὰρ
2578 1084 2880 1163 ψαλτήριον
2948 1082 3179 1163 ὄργανον
3252 1090 3454 1154 ἄνωθεν
3515 1085 3629 1165 ἔχει
3688 1095 3779 1144 τῶν

2156 1172 2399 1250 φθόγγων
2419 1173 2515 1236 τὰς
2545 1173 2816 1249 ἀφορμάς.

2228 1303 2256 1330 cc
2287 1282 2406 1335 Ὅτι
2445 1278 2658 1337 εὐδοκεῖ
2684 1281 2883 1359 Κύριος
2915 1282 2966 1337 ἐν
3018 1288 3098 1356 τῷ
3147 1282 3267 1357 λαῷ
3314 1284 3501 1341 αὐτοῦ.
3536 1308 3565 1337 ››
3596 1318 3658 1329 -
3684 1287 3779 1341 Ῥέ-

2155 1389 2245 1424 πει
2273 1369 2362 1424 καὶ
2393 1369 2593 1445 ἀγαθὸν
2629 1368 2848 1446 θέλημα
2875 1369 3014 1449 ἔχει.

2228 1498 2258 1527 (ι
2290 1476 2389 1531 Καὶ
2448 1476 2651 1551 ὑψώσει
2717 1484 2907 1554 πραεῖς
2965 1478 3018 1535 ἐν
3071 1480 3335 1558 σωτηρίᾳ.
3388 1504 3418 1532 »
3468 1514 3535 1524 --
3592 1481 3781 1555 Δοξάσεί

2159 1563 2354 1628 αὐτοὺς
2389 1566 2524 1638 μετὰ
2546 1566 2637 1622 καὶ
2665 1572 2764 1622 τοῦ
2795 1572 2986 1625 σῶσαι.

2230 1696 2260 1723 ‹‹
2294 1674 2674 1749 Καυχήσονται
2738 1672 2877 1730 ὅσιοι
2933 1674 2984 1730 ἐν
3047 1672 3195 1751 δόξῃ.
3230 1675 3679 1754 Ἀγαλλιάσονται
3711 1676 3784 1731 ἐπὶ

2156 1764 2264 1816 τῶν
2323 1767 2518 1818 κοιτῶν
2575 1764 2769 1821 αὐτῶν.
2822 1790 2846 1820 ι
2909 1798 2979 1809 -
3036 1767 3444 1843 Ἐκαυχήσαντο
3498 1769 3593 1841 μὲν
3647 1768 3696 1822 οἱ
3738 1765 3787 1821 ἐκ

2024 1851 2048 1935 ξ
2084 1930 2121 1935 _
2156 1856 2258 1920 τῆς
2288 1851 2674 1928 αἰχμαλωσίας
2707 1853 2760 1909 ἐν
2785 1858 2855 1928 τῇ
2888 1852 3014 1931 δόξῃ
3042 1857 3142 1925 τῆς
3185 1855 3292 1911 ἀπὸ
3337 1863 3442 1928 τῆς
3488 1856 3629 1919 θείας
3673 1878 3788 1930 συμ-

2163 1940 2369 2016 μαχίας
2479 1942 2549 1997 τὰ
2587 1943 2740 2019 πέριξ
2789 1943 2963 2000 αὐτῶν
3013 1947 3355 2017 νενικήκασιν
3406 1944 3559 2020 ἔθνη,
3586 1946 3650 2002 τά
3691 1968 3785 2003 κω-

2156 2027 2357 2085 λύοντα
2383 2031 2481 2100 τήν
2515 2030 2881 2106 ἀνοικοδομήν
2930 2038 3029 2089 τοῦ
3074 2038 3208 2090 ναοῦ
3263 2034 3354 2090 καὶ
3411 2042 3514 2105 τῆς
3569 2035 3785 2098 πόλεως.

2155 2118 2254 2173 Καὶ
2282 2117 2691 2195 ἠγαλλιάσαντο
2719 2123 3078 2195 κοιμηθέντες
3123 2118 3346 2202 ἀφόϐως
3394 2144 3458 2180 τε
3496 2125 3587 2180 καὶ
3631 2122 3788 2196 ἡδέως

2149 2210 2220 2282 τῇ
2253 2212 2360 2263 τῶν
2388 2208 2674 2282 πολεμίων
2707 2208 3023 2289 ἀπαλλαγῇ.
3059 2215 3443 2290 Καυχήσονται
3490 2211 3549 2270 δὲ
3596 2213 3786 2287 μᾶλλον

2153 2297 2207 2352 οἳ
2252 2296 2551 2355 ἀπόστολοι
2601 2298 2654 2355 ἐν
2702 2304 2772 2375 τῇ
2845 2300 3129 2375 μελλούσῃ
3186 2299 3335 2378 δόξῃ,
3385 2303 3481 2359 καὶ
3544 2302 3787 2380 ἀγαλλιά-

2151 2407 2334 2442 σονται
2367 2387 2453 2444 ἐπὶ
2484 2392 2590 2444 τῶν
2637 2388 3084 2467 ηὐτρεπισμένων
3127 2390 3317 2455 αὐτοῖς
3349 2391 3583 2449 αῗωνίων
3629 2396 3786 2467 μονῶν

2148 2496 2209 2531 τε
2236 2476 2326 2531 καὶ
2357 2477 2728 2535 ἀναπαύσεων.

2223 2606 2251 2636 ‹‹
2283 2585 2355 2639 Αἱ
2383 2584 2619 2659 ὑψώσεις
2662 2591 2760 2642 τοῦ
2811 2591 2945 2643 Θεοῦ
2990 2585 3042 2643 ἐν
3101 2592 3182 2661 τῷ
3244 2585 3489 2666 λάρυγγι
3548 2589 3732 2646 αὐτῶν.
3766 2612 3784 2639 ι

2148 2706 2219 2716 -
2249 2674 2313 2727 Οἱ
2373 2675 2469 2747 μὶν
2533 2672 2783 2731 Ἰουδαῖοι
2844 2674 3184 2754 ὑμνολογίας
3238 2682 3336 2733 τοῦ
3394 2683 3539 2735 Θεοῦ
3592 2676 3786 2751 ᾅδοντες

2149 2761 2240 2817 καὶ
2293 2763 2495 2827 σπάθας
2550 2763 2867 2842 συνέχοντες
2924 2767 3257 2822 κατέκοπτον
3339 2766 3478 2831 τοὺς
3561 2766 3783 2845 ἐχθρούς·

2151 2851 2205 2906 οἳ
2236 2848 2294 2906 δὲ
2321 2850 2620 2909 ἀπόστολοι
2648 2859 2768 2916 ταῖς
2799 2852 2870 2910 δι’
2900 2854 3084 2929 ὕμνων
3115 2856 3207 2911 καὶ
3249 2854 3545 2933 θεολογίας
3588 2858 3783 2933 θεοπρε-

2148 2939 2271 2995 πέσι
2320 2946 2526 3018 φωναῖς
2574 2942 2663 2997 καὶ
2712 2949 2832 3005 ταῖς
2897 2949 3304 3022 πραγματικαῖς
3371 2945 3593 3023 ἀρεταῖς
3658 2946 3782 3021 ἐτρο-

2149 3032 2356 3084 ποῦντο
2382 3029 2513 3092 τοὺς
2546 3027 2828 3105 δαίμονας.

2222 3159 2251 3188 (ι
2281 3140 2387 3191 Τοῦ
2415 3144 2642 3208 ποιῆσαι
2686 3136 2962 3210 ἐκδίκησιν
3008 3138 3059 3195 ἐν
3110 3145 3226 3204 τοῖς
3274 3136 3507 3214 ἔθνεσιν,
3539 3139 3781 3217 ἐλεγμοὺς

2151 3222 2205 3279 ἐν
2226 3230 2343 3287 τοῖς
2375 3225 2552 3290 λαοῖς.
2585 3250 2608 3279 ι
2641 3259 2711 3271 -η
2738 3229 2896 3302 Ὑπὲρ
2952 3233 3051 3284 τοῦ
3107 3236 3334 3300 ποιῆσαι
3395 3232 3490 3287 τὸν
3546 3232 3667 3288 Θεὸν
3718 3229 3788 3285 ἐκ·

388 3302 578 3366 Ἔθετο
618 3301 803 3366 αὐτοῖς
848 3305 1177 3382 πρόσταγμα
1220 3312 1327 3365 τῶν
1380 3309 1547 3387 ὅρων,
1576 3314 1666 3367 καὶ
1714 3313 1776 3368 οὐ
1821 3315 2038 3390 τολμή-
2071 3302 2115 3369 C
2155 3311 2366 3385 δίκησιν
2413 3315 2489 3378 εἷς
2527 3315 2596 3371 τὰ
2637 3313 2786 3388 ἔθνη,
2817 3301 2933 3382 ἀνθ’
2961 3319 3036 3374 ὧν
3074 3316 3298 3389 ἠδίκουν
3339 3319 3476 3384 τοὺς
3502 3318 3788 3379 Ἰουδαίους.

391 3410 544 3445 σουσι
575 3395 735 3447 τοῦτο
766 3394 1134 3467 παρεξελθεῖν.

461 3502 493 3531 ‹‹
527 3478 735 3535 Αἰνεῖτε
780 3479 872 3536 τὸν
919 3483 1115 3560 Κύριον
1169 3484 1229 3540 ἐκ
1283 3494 1383 3557 τῆς
1439 3495 1540 3565 γῆς
1599 3487 1879 3566 δράκοντες
1952 3494 2042 3550 καὶ

389 3572 555 3622 πᾶσαι
606 3562 848 3624 ἄϐυσσοι.
888 3594 910 3622 ι»
945 3604 1014 3614 --
1066 3572 1364 3649 Δράκοντας
1413 3562 1669 3650 ὀνομάζει
1717 3582 1787 3635 τὰ
1831 3579 2045 3658 μεγάλα

389 3658 555 3727 κήτηο
585 3651 851 3721 ἀϐύσσους
882 3657 941 3715 δὲ
966 3660 1034 3716 τὰ
1055 3657 1367 3734 πολυϐενθῆ
1400 3664 1639 3742 πελάγη.

489 3769 520 3798 ‹‹
553 3750 689 3823 Πῦρ,
723 3745 960 3823 χάλαζα,
1014 3752 1179 3827 χιὼν,
1209 3752 1574 3829 κρύσταλλος,
1607 3761 1821 3831 πνεῦμα
1858 3781 2041 3816 καται-

389 3831 543 3910 γίδος
574 3835 641 3890 τὰ
678 3841 942 3893 ποιοῦντα
984 3840 1077 3895 τὸν
1125 3838 1291 3916 λόγον
1341 3842 1526 3899 αὐτοῦ.
1570 3868 1600 3897 ››
1630 3880 1700 3889 —
1728 3848 1803 3903 Τὰ
1860 3847 2043 3906 διακο-

387 3926 586 3979 νοῦντα
632 3922 684 3978 ἐν
741 3929 821 3997 τῷ
874 3927 1253 4004 προστάγματι
1313 3931 1477 3988 αὐτοῦ
1515 3935 1604 3989 καὶ
1641 3938 1717 4010 μὴ
1769 3939 1843 4000 ὡς
1883 3936 2046 4015 ἔτυχε

389 4011 672 4087 γινόμενα.
703 4017 817 4088 Πῦρ
851 4012 910 4070 δὲ
937 4019 1025 4071 νῦν
1055 4016 1204 4094 λέγει
1232 4021 1335 4090 τὴν
1361 4020 1659 4098 ἀστραπήν.

460 4102 637 4155 «Ὅτι
686 4101 876 4176 ὑψώθη
934 4105 997 4159 τὸ
1056 4100 1228 4181 ὄνομα
1278 4108 1443 4166 αὐτοῦ
1504 4112 1760 4185 μόνου.»
1809 4149 1877 4158 -
1923 4118 2043 4172 Ὅτι

393 4188 675 4265 ὑπερέχων
711 4189 824 4246 ἐστὶ
858 4192 1024 4265 μόνος
1057 4196 1148 4250 καὶ
1176 4196 1277 4252 οὐκ
1305 4196 1480 4263 ἄλλος
1509 4202 1659 4265 Θεός.

462 4277 964 4369 ‹‹-Ἐξομολόγησις
1018 4282 1182 4339 αὐτοῦ
1230 4284 1318 4341 ἐπὶ
1373 4289 1476 4364 γῆς
1544 4290 1634 4346 καὶ
1710 4292 1959 4369 οὐρανοῦ.
2015 4320 2044 4349 »

389 4397 460 4457 -Ῐ-
498 4366 564 4457 ᾝ
594 4365 913 4457 εὐχαριστία
959 4370 1115 4442 καὶὴ
1148 4370 1442 4451 δοξολογία
1488 4378 1652 4436 αὐτοῦ
1705 4365 1791 4436 ἐπῖ
1838 4390 1945 4457 γῆς
1990 4383 2042 4440 ἐν

390 4454 705 4531 ἀνθρώποις
736 4458 825 4513 καὶ
858 4456 939 4514 ἐπ’
967 4460 1196 4535 οὐρανοῦ
1226 4462 1279 4518 ἐν
1318 4464 1595 4543 ἀγγέλοις.

465 4564 495 4594 ‹‹
525 4543 627 4598 Καὶ
679 4544 882 4618 ὑψώσει
927 4548 1086 4625 κέρας
1139 4549 1273 4607 λαοῦ
1318 4553 1504 4613 αὐτοῦ.
1536 4580 1565 4610 ››
1606 4590 1676 4600 -
1722 4559 1820 4615 Καὶ
1879 4581 2044 4636 μεγα-

391 4627 545 4686 λυνεῖ
568 4633 669 4701 τήν
703 4630 857 4705 δόξαν
888 4640 984 4691 τοῦ
1014 4638 1215 4695 οἰκείου
1246 4639 1402 4699 λαοῦ.
1879 4627 1890 4634 ⁷
1960 4627 1991 4645 ἠ

465 4742 495 4773 (ι
524 4722 725 4794 ’Ύμνος
754 4728 883 4778 πᾶσι
934 4731 1051 4788 τοῖς
1082 4727 1253 4793 ὁσίοις
1285 4730 1449 4786 αὐτοῦ
1480 4739 1597 4796 τοῖς
1626 4736 1767 4800 υἱοῖς
1798 4736 2040 4815 Ἰσραηλ,

386 4806 506 4880 λαῷ
554 4807 817 4904 ἐγγίζοντι
887 4812 1054 4887 αὐτῷ.
1110 4838 1137 4871 ι)
1190 4850 1260 4861 --
1307 4822 1376 4875 Τὸ
1422 4821 1607 4895 ὑμνεῖν
1657 4825 1803 4899 αὐτῷ
1848 4806 2041 4904 πρέπει

387 4902 504 4992 τοῖς
549 4897 961 4977 ἀφωσιωμένοις
1009 4903 1173 4961 αὐτοῦ
1222 4912 1340 4971 τοῖς
1398 4909 1618 4982 ἀληθῶς
1678 4897 2043 4992 Ἰσραηλίταις

384 4982 504 5077 λαῶ
551 4986 846 5065 ἐγγίζοντι,
903 4993 1173 5050 τουτέστιν
1230 4997 1564 5074 ᾠκειωμένῳ
1610 4982 1763 5076 αὐτῷ,
1803 4982 1894 5061 διὰ
1939 5013 2042 5077 τῆς

386 5072 554 5151 ὀρθῆς
602 5078 835 5143 πίστεως
896 5082 986 5137 καὶ
1028 5090 1130 5153 τῆς
1186 5083 1366 5158 ἄλλης
1406 5072 1690 5166 θεαρέστου
1728 5072 2038 5172 διαγωγῆς.

960 5209 1255 5265 ΨΑΛΜΟΣ
1297 5213 1470 5269 ΡΜΘ’.

461 5288 719 5346 ‹‹”Δσατε
764 5294 947 5368 Κυρίῳ
995 5294 1143 5371 ᾆσμα
1189 5299 1390 5355 καινόν’
1441 5304 1476 5373 ἡ
1527 5298 1727 5368 αἷῖιεσις
1776 5306 1939 5363 αὐτοῦ
1989 5309 2041 5366 ἐν

385 5375 653 5469 ἐκκλησίᾳ
709 5379 891 5469 ὁσίων.
952 5407 982 5436 ›ι
1034 5418 1103 5430 -
1159 5389 1223 5443 Οἱ
1280 5390 1482 5467 κυρίως
1533 5393 1864 5469 Ἰσραηλῖται
1938 5406 2037 5469 τῆς

386 5464 496 5519 ὄίνω
528 5466 672 5521 Σιὼν
721 5467 790 5523 τὰ
835 5472 992 5527 τέκνα
1036 5477 1386 5552 χαρήτωσαν,
1418 5478 1501 5534 ὅτι
1550 5487 1796 5539 τοιοῦτον
1848 5485 2037 5563 ἔχουσι

383 5553 621 5647 ποιητὴν
683 5555 773 5609 καὶ
836 5559 1081 5633 βασιλέα;
1135 5564 1268 5642 ὑπὲρ
1320 5565 1493 5623 αὐτῶν
1536 5571 1689 5634 θέντα
1731 5574 1819 5630 καὶ
1868 5553 2036 5647 αὐτὴν

383 5640 483 5708 τήν
516 5644 723 5717 ψυχήν.

463 5727 882 5791 ιΑἷνεσάτωσαν
948 5740 1010 5794 τὸ
1066 5735 1241 5817 ὄνομα
1316 5744 1480 5801 αὐτοῦ
1540 5749 1592 5804 ἐν
1653 5756 1828 5828 χορῷ.
1888 5778 1917 5807 ››
1967 5790 2036 5799 -

2158 3401 2457 3479 Ἐλεγμοῦς
2486 3402 2544 3460 δὲ
2574 3403 2740 3460 πάλιν
2788 3405 2863 3469 εἵς
2910 3406 3040 3471 τοὺς
3090 3405 3427 3473 Ἰουδαϊκοὺς
3473 3407 3637 3472 λαοὺς
3683 3405 3789 3477 ἤτοι

2150 3493 2246 3555 τὰς
2280 3494 2476 3571 φυλὰς,
2510 3492 2883 3571 ἐλεγχομένας
2914 3495 2997 3551 ὅτι
3049 3494 3138 3552 διὰ
3179 3499 3273 3559 τὰς
3324 3498 3596 3576 ἀμαρτίας
3641 3497 3788 3552 αὐτῶν

2154 3583 2284 3658 ἄχρι
2332 3583 2459 3638 τότε
2507 3590 2930 3644 κατεπονοῦντο.
2970 3585 3110 3649 Τοὺς
3159 3586 3507 3650 ἀποστόλους
3557 3585 3613 3644 δὲ
3656 3586 3791 3653 ποιῆ-

2151 3692 2240 3726 σαι
2297 3669 2571 3742 ἐκδίκησιν
2623 3672 2675 3727 ἐν
2722 3679 2842 3737 τοῖς
2887 3674 2938 3745 ἐξ
2985 3675 3152 3731 ἐθνῶν
3200 3675 3252 3731 ἐν
3302 3681 3385 3748 τῷ
3421 3676 3671 3754 ῥύσασθαι
3714 3673 3792 3728 αὐ-

2150 3758 2279 3823 τοὺς
2308 3767 2409 3831 τῆς
2453 3759 2770 3838 τυραννίδος
2816 3767 2913 3817 τοῦ
2962 3759 3248 3819 διαϐόλου.
3283 3765 3595 3841 Ἐλεγμοὺς
3644 3762 3695 3819 δὲ
3744 3760 3787 3817 ἐν

2151 3854 2269 3912 τοῖς
2303 3848 2459 3912 λαοῖς
2486 3854 2593 3905 τῶν
2630 3848 2906 3907 Ἰουδαίων
2937 3850 2989 3907 ἐν
3035 3858 3119 3925 τῷ
3171 3852 3427 3931 ἐλέγχειν
3480 3854 3665 3917 αὐτοὺς
3706 3873 3789 3907 πα-

2155 3936 2425 4015 ρανόμους
2453 3938 2544 3993 καὶ
2575 3939 2889 4016 θεομάχους
2918 3941 3008 3996 καὶ
3058 3942 3195 4018 πρὸς
3238 3942 3303 3998 τὸ
3355 3947 3474 4020 φῶς
3527 3950 3623 4014 τῆς
3673 3938 3789 4010 ἀλη-

2155 4026 2301 4091 θείας
2329 4027 2766 4106 τυφλώττοντας.

2225 4156 2254 4185 ‹‹
2286 4138 2392 4189 Τοῦ
2448 4130 2609 4205 δῆσαι
2672 4133 2916 4211 βασιλεῖς
2973 4134 3150 4192 αὐτῶν
3213 4136 3265 4192 ἐν
3326 4136 3517 4202 πέδαις
3553 4133 3786 4196 καὶτοὺς

2154 4218 2401 4293 ἐνδόξους
2452 4222 2625 4278 αὐτῶν
2660 4222 2712 4279 ἐν
2754 4221 3106 4300 χειροπέδαις
3155 4222 3431 4303 σιδηραῖς.
3468 4251 3497 4280 ››
3542 4259 3611 4271 -—-
3651 4224 3784 4297 Ὑπὲρ

2152 4315 2250 4365 τοῦ
2277 4311 2369 4366 τὸν
2403 4313 2532 4367 Θεὸν
2579 4314 2655 4386 μή
2708 4312 2869 4386 μόνον
2927 4312 3248 4370 ἀπώσασθαι
3303 4314 3436 4378 τοὺς
3489 4312 3785 4388 πολεμίους,

2153 4398 2300 4456 ἀλλὰ
2325 4400 2416 4455 καὶ
2463 4400 2591 4464 τοὺς
2635 4401 2877 4478 βασιλεῖς
2914 4401 3005 4457 καὶ
3056 4402 3329 4480 ἄρχοντας
3374 4404 3550 4461 αὐτῶν
3598 4401 3784 4476 δεσμώ-

2149 4508 2247 4551 τας
2279 4486 2463 4546 δοῦναι
2507 4496 2627 4554 τοῖς
2674 4488 2987 4554 Ἰουδαίοις⁹
3034 4491 3164 4555 τοὺς
3216 4493 3558 4558 ἀποστόλους
3586 4491 3661 4563 δὲ,
3687 4494 3786 4549 τοῖς

2153 4576 2406 4654 ἷσχυροῖς
2473 4576 2697 4653 δεσμοῖς
2757 4583 2856 4650 τῆς
2935 4580 3172 4644 πίστεως
3245 4579 3405 4652 δῆσαι
3472 4583 3560 4640 καὶ
3616 4577 3786 4638 αὐτοὺς

2076 4672 2125 4737 D
2155 4666 2281 4730 τοὺς
2319 4667 2564 4744 βασιλεῖς
2601 4669 2691 4723 καὶ
2724 4670 2998 4745 ἄρχοντας
3043 4674 3149 4725 τῶν
3202 4670 3388 4746 ἐθνῶν,
3419 4673 3456 4743 ἢ
3503 4672 3626 4734 τοὺς
3669 4666 3784 4745 πρό-

2152 4775 2306 4829 τερον
2355 4756 2762 4827 ἐξουσιάζοντας
2817 4763 2926 4813 τῶν
2988 4757 3153 4824 ἐθνῶν
3213 4757 3476 4835 δαίμονας
3531 4760 3618 4816 καὶ
3672 4755 3785 4813 ἐντί-

2155 4865 2290 4916 μους
2324 4840 2480 4909 ὄντας
2529 4847 2714 4909 αὐτοῖς
2774 4847 3165 4925 ἀνενεργήτους
3223 4853 3451 4921 ποιήσαι
3504 4852 3565 4906 τὸ
3613 4848 3780 4905 λοιπὸν

2152 4931 2204 4988 ἐν
2236 4939 2352 4996 τοῖς
2382 4930 2568 4993 ἔθνεσι.

2224 5064 2252 5091 ‹‹
2283 5044 2388 5096 Τοῦ
2435 5048 2663 5111 ποιῆσαι
2710 5042 2762 5098 ἐν
2810 5042 2995 5106 αὐτοῖς
3061 5049 3236 5122 κρῖμα
3290 5042 3604 5124 ἔγγραπτον.
3656 5067 3677 5095 ι
3723 5073 3780 5085 -

2148 5129 2308 5205 Ὑπὲρ
2363 5135 2460 5185 τοῦ
2519 5138 2746 5202 ποιῆσαι
2797 5134 2888 5189 τὸν
2950 5132 3078 5188 Θεὸν
3124 5132 3176 5189 ἐν
3219 5140 3336 5198 τοῖς
3377 5131 3545 5190 ἔθνεσι
3597 5131 3683 5189 καὶ
3734 5128 3778 5184 ἐν

2147 5222 2227 5291 τῷ
2278 5218 2395 5292 λαῷ
2443 5220 2617 5297 κρίσιν
2671 5221 3013 5299 ἀνάγραπτον
3056 5219 3322 5299 βιϐλίοις.
3356 5222 3504 5293 Αὕτη
3556 5219 3610 5276 δέ
3657 5219 3778 5275 ἐστιν

2147 5309 2183 5377 ἡ
2226 5305 2430 5371 ἔνδικος
2486 5309 2736 5366 ἀπώλεια
2780 5316 2886 5366 τῶν
2939 5311 3123 5369 ἐθνῶν.
3168 5311 3310 5375 Τοὺς
3363 5310 3689 5371 ἀποστόλους
3731 5304 3780 5362 δὲ

2146 5404 2374 5467 ποιῆσαι
2416 5397 2469 5452 ἐν
2516 5404 2635 5461 τοῖς
2696 5398 2748 5471 ἐξ
2797 5398 2959 5456 ἐθνῶν
3012 5401 3219 5474 νόμους
3283 5400 3579 5480 ἐγγράφους
3635 5394 3776 5453 πολι-

2143 5486 2287 5548 τείας
2322 5486 2636 5565 θεοφιλοῦς.

2220 5598 2250 5627 ‹‹
2279 5575 2417 5646 Δόξα
2476 5576 2609 5647 αὕτη
2670 5576 2783 5634 ἐστὶ
2836 5586 2967 5635 πᾶσι
3020 5585 3139 5643 τοῖς
3203 5580 3376 5642 ὁσίοις
3429 5578 3606 5635 αὐτοῦ.
3654 5598 3680 5626 ››
3708 5603 3764 5615 -

2146 5661 2431 5729 Ἰουδαίοις
2492 5667 2586 5741 μὲν
2642 5663 2770 5739 δόξα
2822 5670 2884 5724 τὸ
2942 5668 3117 5732 οὕτως
3198 5676 3414 5741 νικῆσαι
3469 5662 3760 5744 παραδόξως

2145 5751 2235 5809 διὰ
2279 5761 2378 5825 τῆς
2427 5756 2746 5833 συμμαχίας
2819 5762 2917 5814 τοῦ
2977 5763 3132 5833 Θεοῦ,
3181 5764 3300 5822 τοῖς
3354 5754 3669 5816 ἀποστόλοις
3714 5748 3761 5804 δὶ
