4066 6434
388 387 539 452 1631

389 525 617 576 Lunaris
637 525 952 578 incrementi
981 532 1033 580 et
1061 529 1387 582 decrementi
1416 533 1580 590 modi,
1612 537 1750 584 3150.
1785 535 1896 584 Non
1930 548 2037 582 una

388 602 602 656 semper
616 591 916 656 eademque
939 606 1064 654 pars
1083 595 1225 644 lunai
1243 595 1591 652 illuminatur,
1617 599 1722 656 314,
1748 601 1855 646 392.
1875 597 2036 646 Lunae

386 653 586 721 mepsis
616 653 980 711 brevissimus,
1007 658 1121 721 321.
1171 658 1547 721 Longissimus,
1583 653 1718 706 ibi'I.’
1742 663 1816 708 12.
1875 661 2034 708 Lunae

386 715 594 786 umbra,
626 722 846 786 quanta,
868 721 978 786 365.
1002 715 1414 786 Lunanon'sole
1444 726 1669 781 tantum,
1703 723 1793 771 sed
1817 726 1871 772 et
1896 729 2036 771 terra

389 781 581 836 minor,
616 782 670 827 et
698 783 829 842 quot
856 781 1079 842 vicibus,
1110 784 1220 833 365.

1174 940 1242 1003 Μ

447 1072 665 1123 Madens
696 1074 823 1138 quid
853 1074 1082 1134 dicatur,
1114 1080 1222 1126 131.

447 1138 600 1204 Mare
618 1151 721 1204 cui:
743 1151 852 1186 non
884 1139 1278 1204 sitiefﬂuidum,
1310 1144 1415 1191 160.
1448 1141 1561 1190 Non
1586 1146 1666 1192 est
1681 1142 1925 1204 principii
1948 1156 2035 1192 ex-

385 1202 658 1267 pers,__182.
687 1200 793 1267 C_ur
816 1214 923 1249 non
955 1201 1044 1250 ﬁat
1072 1200 1266 1267 majus;
1286 1218 1382 1266 per
1411 1205 1631 1253 ﬂumina
1661 1200 2031 1267 ingredientia,

387 1264 494 1326 164.
522 1264 629 1310 Nec
658 1263 836 1326 minus
863 1270 1075 1326 propter
1108 1263 1473 1316 exhala'tiones
1501 1263 1870 1326 ascendentes,
1905 1268 2032 1316 ibid.

386 1324 492 1395 cur
519 1337 692 1395 neque
723 1324 1149 1395 dulciusn'neque
1179 1329 1411 1395 amarius
1440 1329 1548 1388 ﬁat,
1584 1332 1688 1379 185.

441 1387 1298 1459 Marisiocus,simpliciter‘aquae
1319 1393 1463 1441 lacus
1489 1387 1584 1452 est,
1610 1395 1718 1442 183.
1741 1391 2034 1441 Salsedinis

381 1452 435 1497 et
467 1449 838 1498 amaritudinis
863 1449 1056 1509 causae,
1086 1453 1192 1501 183.

443 1512 662 1578 Materia
682 1513 826 1578 quid,
853 1518 897 1560 7.
924 1514 1141 1578 Materia
1163 1515 1442 1578 subjicitur
1459 1516 1659 1573 formai,
1679 1530 1788 1565 non
1811 1517 2033 1578 opponi-

377 1576 487 1640 tur,
502 1575 547 1621 8.
563 1574 780 1640 Materia
802 1577 1093 1640 secundum
1118 1577 1245 1626 auid
1259 1574 1433 1640 inagis
1454 1583 1533 1627 est
1554 1574 2032 1640 substantia—quam

383 1635 570 1700 forma,
597 1638 670 1685 12.
689 1638 908 1687 Materia
929 1653 1023 1700 per
1044 1641 1288 1689 accidens
1308 1635 1502 1690 dicitur
1520 1655 1624 1690 non
1649 1655 1762 1699 ens,
1785 1647 1859 1690 17.
1876 1635 2033 1691 Mete-

381 1698 589 1770 riaper
618 1713 819 1770 seﬁens,
851 1698 976 1748 ibid.
1010 1703 1226 1752 Materia
1254 1705 1525 1766 quomodo
1551 1709 1920 1770 cqgnoscatur,
1954 1707 2029 1753 18.

381 1761 656 1828 Materiam
681 1762 824 1812 Plato
849 1777 1103 1821 magnum
1129 1770 1183 1814 et
1205 1761 1428 1827 pa'rvum
1445 1766 1745 1828 appellavit,
1771 1770 1845 1816 19.
1871 1768 2031 1816 Mate—

379 1823 476 1879 ria,
510 1825 663 1888 quale
695 1839 905 1888 corpus,
939 1829 1017 1875 20.
1050 1823 1266 1876 Materia
1294 1828 1350 1876 in
1380 1823 1495 1878 hoc'
1513 1823 1668 1878 suum
1700 1828 1864 1878 habet
1895 1843 2029 1887 esse,

381 1885 526 1952 quod
544 1885 902 1952 potentia'est,
920 1890 998 1938 20.
1023 1889 1242 1938 Materia
1261 1891 1534 1952 quomodo
1554 1892 1886 1948 generationi
1910 1885 2032 1941 sub;

375 1946 620 2022 jecta,__et
649 1950 920 2022 quomodo
942 1946 1361 2022 nonusubjec'ta,
1392 1946 1734 2022 21._.Materia
1762 1954 2032 2022 quomodo

381 2009 711 2077 alterationis
732 2026 939 2074 expers,
956 2015 1034 2062 22.
1049 2009 1269 2064 Materia
1290 2009 1573 2077 separatim
1593 2029 1702 2065 non
1715 2009 1936 2076 exsistit,
1952 2019 2029 2065 81.

443 2074 707 2138 Mensura
730 2079 984 2138 quatuor,
1020 2078 1126 2125 115.

442 2136 593 2184 Mens
621 2136 811 2186 oculus
839 2139 1049 2195 animai,
1082 2142 1190 2188 375.

442 2199 644 2270 Mentes
656 2201 927 2270 quomodo
938 2204 1239 2270 corporatag
1254 2204 1308 2270 et
1318 2203 1628 2261 materiatae,
1643 2217 1704 2252 ac
1714 2216 1899 2252 rursus
1918 2215 2032 2252 cor-

382 2264 529 2323 poris
558 2264 611 2309 et
637 2264 872 2312 materiae
894 2267 1153 2322 expertes,
1186 2266 1294 2313 258.

442 2324 686 2372 Mercurii
716 2327 937 2374 nomina
964 2329 1016 2374 et
1043 2331 1239 2382 motus,
1269 2327 1377 2385 286,
1410 2329 1519 2376 390.

445 2386 724 2451 Meridiani
754 2388 936 2451 circuli
967 2388 1112 2451 quid,
1145 2390 1254 2439 339.

380 2448 706 2560 ἸϐΜεταϐολή
726 2450 853 2513 quid
877 2455 929 2500 et
948 2448 1090 2500 unde
1113 2451 1252 2500 dicta
1274 2454 1328 2500 et
1348 2452 1404 2500 in
1425 2451 1620 2516 quibus
1643 2451 2030 2511 consideretur,

442 2571 712 2638 Metallica
733 2587 854 2636 quas
884 2574 1307 2638 etiquotuplicia,
1340 2577 1451 2625 254.

441 2635 616 2686 Motus
647 2635 806 2685 etiam
839 2635 1108 2697 perfectus
1135 2635 1304 2698 actus,
1328 2641 1406 2689 36.

444 2699 620 2747 Motus
649 2698 904 2757 deﬁnitio,
937 2702 1013 2749 37.

443 2762 619 2810 Motus
649 2762 820 2822 qualis
844 2761 1158 2820 entelechia,
1192 2763 1270 2811 38.

445 2825 620 2888 Motus
645 2828 725 2872 est
753 2828 904 2888 actus
933 2826 1294 2888 imperfectus,
1323 2824 1455 2874 ibid.
1489 2827 1662 2874 Motus
1682 2827 1761 2874 est
1788 2825 2036 2888 passivus

385 2885 604 2950 quidam
630 2891 779 2936 actus
799 2886 918 2948 ejus
937 2885 1081 2950 quod
1103 2888 1341 2949 potentia
1355 2891 1450 2946 est,
1476 2890 1554 2938 39.
1577 2889 1750 2938 Motus
1768 2885 1877 2937 rion
1901 2888 1956 2936 in
1977 2901 2038 2938 eo

384 2949 528 3014 quod
557 2953 756 3014 movet,
786 2950 878 2998 sed
910 2949 1054 3014 quod
1085 2954 1350 3014 movetur,
1380 2953 1479 3009 est,
1513 2953 1589 3000 42.

449 3010 626 3076 Motus
653 3012 796 3076 idem
827 3016 880 3061 et
911 3010 971 3061 ut
1018 3013 1154 3062 actio
1204 3017 1258 3062 et
1287 3017 1346 3062 ut
1389 3013 1568 3076 passio
1609 3015 1704 3070 est,
1736 3015 1814 3062 44.
1864 3013 2038 3076 Motus

388 3073 673 3136 categoria,
695 3073 827 3138 ibid.
867 3076 1041 3124 Motus
1083 3075 1138 3124 in
1195 3073 1426 3138 quatuor
1473 3076 1752 3137 categoriis
1796 3074 2035 3138 conside-

384 3140 552 3201 ratur,
583 3139 660 3186 53.
693 3136 870 3201 Motus
898 3143 978 3186 est
1005 3136 1362 3201 (equivocum,
1394 3140 1471 3187 54.
1526 3136 1696 3186 Motus
1743 3137 2039 3186 secundum

385 3197 558 3248 locum
621 3200 861 3248 omnium
916 3197 1186 3249 mortuum
1245 3202 1450 3262 primus
1505 3206 1602 3260 est,
1635 3203 1714 3256 54,
1777 3203 1830 3248 et
1881 3213 2039 3258 gene-

384 3262 594 3326 ratione
625 3265 678 3310 et
707 3264 1068 3326 corruptione,
1102 3268 1278 3312 motus
1324 3263 1506 3326 locatis
1553 3263 1698 3326 prior
1730 3267 1829 3319 est,
1877 3265 2042 3326 57,7et

385 3323 529 3386 quali
559 3323 922 3388 generatione,
954 3325 1084 3373 ibid.
1114 3327 1288 3374 Motus
1325 3325 1511 3374 localis
1557 3323 1766 3388 triplex,
1814 3327 1892 3374 53.
1930 3325 2040 3373 Μο-

384 3388 472 3450 tus
499 3400 563 3450 ex
596 3387 856 3450 oppositis
885 3387 1023 3436 ﬁunt
1050 3388 1102 3435 in
1136 3387 1400 3450 opposita.
1436 3391 1510 3437 59.
1549 3387 1722 3437 Motus
1752 3387 2042 3436 continuus

386 3447 532 3510 quid,
558 3447 649 3511 60.:
661 3449 804 3497 Finis
833 3453 886 3498 et
913 3447 1231 3511 principium
1255 3451 1309 3498 in
1329 3455 1476 3499 motu
1501 3449 1778 3498 divisionis
1799 3454 1925 3497 sunt
1953 3463 2039 3497 ex—

388 3509 576 3573 pertia,
609 3509 738 3559 ibid.
763 3509 935 3560 Motus
955 3509 1118 3571 super
1137 3516 1284 3562 recta
1303 3513 1444 3560 linea
1464 3513 1648 3561 nullus
1671 3512 1930 3569 inﬁnitus,
1961 3513 2037 3560 62.

391 3573 469 3622 63.
502 3573 679 3636 Motus
723 3573 965 3622 continui
1013 3575 1233 3636 qui.62.
1282 3576 1454 3624 Motus
1501 3575 1754 3635 deinceps
1801 3574 1911 3636 qui,
1962 3575 2040 3636 62.

391 3636 566 3700 Motus
595 3634 1236 3700 animalis,_i_naequabilis.
1270 3639 1563 3700 6§.__Motus
1609 3634 1706 3700 qui
1732 3634 2042 3700 comparari

390 3697 616 3760 possint,
646 3700 724 3754 66,
756 3701 832 3748 67.
865 3697 1040 3747 Motus
1069 3712 1266 3760 genere
1286 3697 1606 3757 differentes,
1626 3697 1704 3748 66.
1730 3699 1906 3747 Motus
1928 3711 2044 3758 spe-

388 3759 469 3809 cie
502 3759 829 3819 diﬂ'erentes,
860 3763 942 3810 67.
973 3759 1148 3810 Motus
1166 3774 1392 3810 numero
1415 3760 1737 3816 differentes,
1770 3765 1846 3808 67.
1879 3760 2042 3817 Quili-

388 3823 687 3886 betﬂmotus
717 3827 770 3872 et
795 3823 1027 3886 quietem
1060 3828 1113 3873 et
1141 3829 1344 3873 motum
1384 3824 1546 3872 habet
1600 3824 1930 3886 oppositum,
1963 3823 2042 3871 68.

391 3885 619 3934 Cuilibet
635 3887 800 3934 motui
816 3885 996 3946 quoad
1017 3900 1301 3935 numerum
1325 3887 1417 3935 uni
1435 3891 1487 3936 et
1507 3885 1661 3948 quies
1680 3890 1884 3935 motum
1907 3898 2042 3948 prai-

392 3948 692 4012 cedens,_et
719 3949 875 4012 quies
904 3953 1109 4012 motum
1150 3963 1384 4012 sequens
1430 3953 1711 4012 repugnat,
1743 3951 1819 3998 68.
1871 3948 2044 4012 Motus

390 4010 643 4074 contrarii
658 4009 778 4074 qui,
801 4014 878 4061 69.
902 4010 1077 4074 Motus
1097 4009 1292 4060 locales
1319 4016 1429 4060 tres
1449 4009 1593 4060 sunt—
1604 4012 1813 4074 proprie
1843 4009 2044 4074 simpli-

391 4086 495 4131 ces,
518 4075 596 4122 69.
625 4071 801 4121 Motus
846 4073 1106 4122 naturalis
1134 4075 1372 4136 corporis
1402 4071 1668 4135 simplices
1697 4071 1776 4122 est
1805 4071 2041 4136 simplex,

391 4138 470 4183 70.
502 4136 677 4184 Motus
698 4149 761 4183 ex
782 4135 989 4184 ortibus
1009 4139 1060 4185 et
1079 4135 1360 4185 occasibus
1380 4150 1488 4185 non
1510 4140 1637 4185 sunt
1665 4135 1933 4194 contrarii,
1961 4138 2040 4183 70.

392 4196 567 4262 Motus
594 4197 1192 4262 rectilineusquatenus
1221 4198 1462 4262 circulari
1492 4199 1700 4262 non‘sit
1744 4197 2042 4262 contrarius

390 4261 469 4318 70,
501 4263 553 4309 et
585 4263 850 4318 quatenus
882 4259 956 4309 sit
997 4261 1166 4310 eidem
1217 4261 1536 4313 contrarius.
1575 4259 1705 4308 ibid.
1742 4263 1818 4310 71.
1869 4259 2040 4309 Motus

391 4326 444 4371 et
462 4321 695 4371 motibus
715 4326 770 4371 et
788 4323 1057 4385 quietibus
1076 4323 1448 4382 adversantur,
1474 4327 1525 4372 et
1544 4336 1727 4372 rursus
1747 4324 1874 4385 ipsis
1895 4322 2044 4384 quie-

392 4389 473 4433 tes
505 4385 714 4448 ratione
746 4385 1132 4434 contrariorum
1149 4385 1406 4444 locorum,
1426 4386 1740 4448 qualitatum
1761 4389 1815 4434 et
1833 4385 2045 4448 quanti-

394 4449 561 4495 tatum
580 4446 680 4495 sibi
697 4448 1110 4508 contrariantur,
1135 4450 1214 4496 72.
1237 4449 1410 4497 Motus
1430 4446 1532 4496 alio
1575 4448 1736 4496 modo
1773 4446 1958 4503 mctui,
1993 4449 2046 4494 et

390 4509 493 4573 alio
515 4508 671 4558 modo
696 4510 862 4572 quieti
885 4511 1190 4572 opponitur,
1212 4513 1293 4558 72.
1316 4513 1554 4559 Motuum
1576 4509 2041 4573 principia,7Deus,

393 4571 592 4629 anima,
616 4575 671 4634 et
692 4571 900 4634 natura,
917 4571 1026 4622 106.
1042 4574 1215 4621 Motus
1227 4573 1526 4621 secundum
1541 4571 1718 4622 locum
1735 4572 2043 4634 qualis,111.

392 4635 568 4682 Motus
601 4632 816 4696 duplex.
856 4637 960 4684 115.
1011 4635 1184 4684 Motus
1213 4635 1483 4684 circularis
1513 4632 1763 4684 omnibus
1793 4634 2044 4683 localibus

390 4700 557 4758 prior,
581 4698 660 4746 58.
681 4696 834 4745 Solus
854 4697 1140 4746 continuus
1170 4711 1284 4746 esse
1314 4702 1507 4759 potest,
1537 4701 1614 4747 59.
1653 4697 1898 4746 Inﬁnitus
1927 4709 2044 4744 esse

391 4761 584 4823 potest,
613 4759 689 4808 64.
723 4760 887 4823 Recto
908 4762 1202 4820 comparari
1224 4773 1332 4808 non
1356 4763 1552 4823 potest,
1575 4762 1649 4809 66.
1678 4762 1851 4808 Motus
1871 4759 2040 4806 circu-

391 4820 518 4870 laris
547 4825 626 4869 est
654 4821 946 4883 aequabilis,
991 4823 1069 4878 64,
1100 4826 1177 4872 65.
1220 4820 1665 4881 ρυω’ωονθηιυιι
1706 4835 1871 4883 super
1899 4823 2046 4869 recta

393 4883 553 4940 linea,
579 4884 917 4945 inaequaliter
945 4889 1244 4944 moventur,
1277 4888 1355 4935 64.

458 4947 659 5009 Motum
692 4960 805 4995 esse
837 4947 981 5009 quid,
1015 4950 1093 4996 61.

455 5008 685 5056 Mundus
714 5008 864 5070 quid,
895 5010 1002 5060 368.
1034 5010 1144 5058 370.

458 5071 680 5119 Mutatio
711 5071 1089 5133 quadantenus
1118 5075 1170 5120 et
1199 5070 1508 5133 simpliciter
1537 5070 1682 5132 quid,
1713 5073 1791 5120 78.
1827 5071 2046 5120 Mutatio

395 5131 558 5180 latius
592 5131 753 5197 patet,
774 5148 933 5197 quam
955 5139 1146 5190 motus,
1167 5131 1643 5197 ibidIMutationes
1664 5147 1760 5196 per
1780 5133 2044 5191 accidens,
2137 5161 2140 5164 ~

393 5196 766 5268 generationes
792 5195 849 5246 et
872 5197 1244 5268 corruptiones
1272 5195 1684 5268 qumdamsunt,
1717 5198 1795 5246 83.
1826 5197 2047 5268 Mutatio

393 5258 448 5322 i_n_
481 5257 719 5322 meliora,
749 5260 1020 5320 generatio
1034 5257 1057 5315 “;
1118 5257 1342 5322 mutatio
1369 5259 1424 5306 in
1455 5258 1735 5316 deteriora,
1778 5259 2046 5322 corruptio

395 5320 592 5384 dicitur
623 5321 675 5384 in
707 5322 956 5371 omnibus
987 5321 1432 5384 prmdicﬁamentis,
1465 5323 1542 5384 84.

457 5382 750 5432 Mutatione
782 5387 854 5447 (a)
885 5381 1139 5443 vacuitas,
1169 5381 1530 5446 ἀμεταϐλησία,
1561 5383 1704 5446 quid,
1745 5384 1828 5433 83.

1185 5509 1242 5574 N

457 5637 656 5705 Matura
684 5639 979 5690 secundum
1012 5640 1288 5690 Platonem
1336 5641 1504 5704 magis
1555 5641 1826 5703 organica,
1884 5655 2045 5705 quam

396 5701 633 5751 efﬁciens
661 5715 837 5757 causa,
871 5705 917 5763 4,
949 5706 1024 5758 58,
1061 5707 1167 5753 102.

456 5764 797 5812 Naturalibns
827 5765 923 5827 (in)
956 5768 1126 5814 forma
1154 5770 1206 5814 et
1235 5765 1356 5813 ﬁnis
1385 5765 1523 5813 idem
1556 5768 1701 5826 sunt,
1731 5769 1810 5816 28.

453 5827 655 5875 Natura
683 5827 870 5876 formae
901 5842 1062 5877 causa
1085 5829 1268 5877 omnia
1292 5828 1664 5877 antecedentia
1693 5828 1933 5888 molitur,
1962 5831 2042 5879 28.

453 5889 666 5938 Naturae
696 5890 952 5950 deﬁnitio,
984 5895 1060 5950 91,
1095 5895 1200 5942 102.
1233 5891 1446 5941 Naturae
1477 5905 1637 5942 causa
1667 5895 1749 5941 est
1777 5891 1941 5954 Deus,
1965 5896 2042 5944 92.

1425 399 1669 463 INDEX
1713 400 1792 462 IN
1833 399 2242 464 PHYSICAM
2287 395 2754 462 BLEMMIDJE.

3638 396 3782 460 1632

2208 531 2408 580 Natura
2442 531 2738 581 secundum
2767 530 3038 580 rationem
3059 530 3186 594 agit,
3217 526 3348 578 ibid.

2208 596 2407 643 Natura
2442 595 2736 643 secundum
2772 599 3020 643 naturam
3051 592 3324 651 differunt,
3353 594 3430 642 95.

2207 659 2403 706 Natura
2434 658 2636 719 (quare)
2664 670 2772 704 non
2797 669 3076 718 nunquam
3107 656 3332 719 aberret,
3372 657 3450 704 96.
3476 654 3671 704 Praeter
3697 669 3778 706 na-

2145 724 2318 769 turam
2352 725 2404 768 et
2434 717 2595 782 supra
2627 725 2875 767 naturam
2908 717 3180 782 diﬂerunt,
3212 717 3341 766 ibid.

2207 784 2406 830 Natura
2436 779 2617 830 utrum
2647 782 2874 830 materia
2903 794 2972 829 an
3001 781 3194 835 forma,
3225 794 3293 830 an
3323 779 3690 842 compositum,
3719 793 3777 830 an

2144 844 2259 906 ipsa
2293 844 2551 892 naturalis
2597 846 2671 893 rei
2698 844 3015 906 productio.
3052 845 3132 894 98.
3161 847 3370 891 Naturae
3401 856 3616 900 nomen,
3647 843 3778 905 quod

2142 905 2338 956 Graecis
2358 911 2446 970 est
2476 907 2628 970 φύσις.
2661 905 2714 956 et
2742 907 2890 955 notio
2921 905 3198 966 differunt,
3227 907 3304 955 99.
3333 905 3548 954 Natura
3579 909 3631 953 et
3666 907 3777 953 artis

2145 969 2418 1018 statuaries
2446 969 2708 1032 analogia,
2730 971 2808 1021 99.
2837 971 2944 1032 100.

2205 1032 2585 1095 Nebulaquid,
2609 1028 2865 1095 '160,_168.
2898 1029 3216 1095 serenitatis
3238 1029 3430 1092 potius,
3463 1041 3627 1092 quam
3672 1028 3773 1092 plu-

2141 1093 2243 1143 viae
2273 1091 2547 1152 indicium,
2581 1097 2686 1144 164.
2719 1093 2999 1151 Quomodo
3029 1091 3135 1150 ﬁat,
3163 1091 3274 1142 168.

2205 1157 2360 1205 Nervi
2391 1156 2669 1206 oculorum
2699 1156 2814 1205 cavi
2845 1160 2972 1204 sunt
2999 1159 3052 1203 et
3079 1153 3436 1214 canaliculati,
3463 1156 3576 1204 228.

2205 1219 2460 1280 Nipbetos
2485 1220 2740 1281 (ningor),
2772 1219 2920 1281 quid,
2952 1219 3058 1281 169.

2204 1278 2300 1329 Nix
2338 1282 2466 1344 quid
2499 1285 2553 1330 et
2581 1278 2990 1344 quomodoﬁat,
3014 1278 3152 1344 ibid.

2204 1340 2381 1392 Nubes
2411 1344 2560 1406 quid,
2593 1340 2698 1393 168.
2732 1342 2965 1406 Nubium
2998 1341 3234 1406 densitas
3263 1340 3564 1406 inaequalis,
3594 1343 3699 1391 212.

2177 1402 2468 1517 lNuniiiegus
2497 1407 2709 1470 duplex,
2741 1405 2870 1453 ibid.
2922 1405 3072 1462 Quod
3104 1402 3433 1462 numeratur,
3465 1403 3648 1452 itidem
3696 1402 3782 1452 du-

2199 1482 2283 1517 ex.
2384 1492 2386 1495 -
2412 1506 2422 1515 .

2199 1482 2283 1526 ex,
2317 1471 2422 1518 113.

2139 1483 2283 1532 piex,
2317 1483 2422 1518 iis.

2203 1532 2355 1598 biunc
2383 1530 2509 1598 quid
2538 1533 2591 1578 et
2620 1529 2937 1598 quotuplex,
2971 1531 3107 1598 116._
3205 1591 3216 1598 _
3321 1597 3326 1598 ν
3541 1589 3554 1598 _
3701 1593 3709 1598 _
3744 1589 3754 1598 _

2203 1589 2431 1642 Nutritib
2463 1597 2514 1641 et
2543 1589 2907 1654 augmentatio
2928 1591 3144 1654 quando
3175 1591 3352 1654 simul,
3375 1589 3595 1654 quando
3627 1589 3779 1654 nutri-

2143 1656 2216 1704 tio
2245 1658 2475 1713 tantum,
2527 1659 2580 1703 et
2609 1650 2828 1716 quando
2863 1650 3088 1703 nutritio
3124 1657 3178 1702 et
3209 1650 3493 1702 diminutio
3520 1651 3678 1700 simul
3705 1650 3785 1700 ﬁat

2141 1719 2197 1766 in
2227 1731 2448 1778 corpore
2477 1717 2780 1780 vegetabili,
2808 1720 2886 1766 90.

2203 1777 2592 1842 Nychtbemera
2603 1780 2784 1828 omnia
2804 1783 3048 1828 accurate
3061 1777 3333 1840 loquendo
3348 1789 3456 1826 non
3471 1779 3600 1826 sunt
3618 1788 3781 1838 siqua-

2140 1842 2228 1902 lia,
2259 1847 2310 1892 et
2340 1856 2521 1906 quare,
2554 1845 2663 1891 355.
2946 1903 2999 1970 Ο

2202 1994 2487 2042 Oculorum
2512 1993 2730 2055 spiritus
2761 1991 2969 2040 lucidus
3003 1995 3056 2040 et
3083 1989 3274 2055 clarus,
3306 1990 3415 2040 228.

2203 2057 2390 2120 Optica
2416 2054 2766 2114 theoremata,
2797 2056 3033 2114 240-244,
3063 2056 3171 2111 252,
3204 2054 3318 2102 304.

2943 2137 2994 2202 Ρ

2202 2223 2440 2274 Parallcli
2469 2222 2652 2272 circuli
2681 2224 2940 2286 quinque,
2973 2223 3083 2270 287.

2203 2287 2429 2336 Parbelii
2460 2283 2809 2349 quomodoei
2836 2283 2954 2344 ubi,
2979 2289 3038 2349 et
3065 2283 3294 2349 quando
3317 2283 3465 2334 ﬁant.
3507 2284 3615 2349 252.

2202 2351 2354 2399 Pater
2384 2344 2670 2398 ﬁlii'eausa
2699 2347 2938 2398 efﬁciens
2975 2347 3031 2396 in
3061 2344 3297 2396 naturali
3327 2347 3691 2408 generatione,
3717 2344 3784 2392 33.

2142 2412 2199 2461 in
2229 2413 2409 2461 divina
2438 2412 2783 2468 generatione
2812 2424 2924 2459 non
2953 2413 3034 2458 est
3063 2409 3219 2458 Pater
3238 2406 3519 2456 ﬁlii'causa
3544 2406 3785 2463 efﬁciam.

2142 2475 2237 2524 sed
2269 2473 2746 2537 pureiessentialis,
2777 2472 2905 2522 ibid.

2202 2535 2422 2586 Perimci
2450 2536 2562 2599 qui,
2591 2537 2700 2585 336.

2202 2594 2559 2648 Perimcorhm
2589 2599 2730 2646 inter
2757 2611 2813 2645 se
2843 2595 3151 2645 communia
3179 2598 3232 2644 et
3259 2594 3496 2655 diversa,
3521 2595 3632 2644 360.

2202 2661 2384 2710 Pluvia
2414 2660 2559 2724 quid,
2594 2663 2702 2718 165.
2735 2662 2842 2710 169.

2204 2724 2629 2796 ἓοέίίῐυίάρὲδίιο
2730 2788 2739 2796 ,
2932 2795 2939 2796 ί
3185 2785 3440 2796 haud“

2205 2778 2407 2853 Polaris
2440 2778 2599 2853 stella
2621 2781 3146 2853 quatenusmobilis,
3177 2785 3446 2853 quatenus
3492 2778 3781 2836 immobilis,

2142 2848 2271 2898 ibid.
2296 2848 2406 2898 Sub
2436 2848 2558 2912 polo
2586 2843 2751 2897 borea
2778 2845 3142 2896 habitantibus
3161 2843 3276 2894 dies
3302 2844 3475 2906 major
3508 2857 3665 2907 quam
3685 2854 3786 2905 sep-

2143 2912 2413 2960 timestris.
2443 2913 2555 2960 365.

2143 2912 2413 2971 timestris,
2443 2913 2555 2961 365.

2209 2969 2468 3022 Potestate
2497 2972 2595 3034 (τὸ)
2623 2969 2770 3034 quid,
2801 2971 2880 3029 26,
2910 2971 2988 3028 39,
3020 2971 3099 3026 45,
3129 2970 3238 3018 274.

2209 3039 2476 3102 Potestate
2491 3032 2598 3102 χτὸ)
2631 3032 2847 3102 duplex,
2864 3035 2955 3102 46.
2976 3093 3010 3102 __

2209 3099 2455 3148 Potentia
2484 3092 2592 3160 (ίτὸ)’
2613 3100 2676 3160 et
2694 3092 2933 3160 potentia
2961 3092 3237 3152 differunt,
3267 3094 3345 3142 45.

2209 3163 2418 3211 Prester
2445 3158 2725 3214 terrestris,
2758 3158 2868 3206 200.

2212 3223 2783 3285 Presterigneus,i2i7.
2883 3280 2917 3285 __
3000 3279 3100 3285 ___A
3220 3281 3240 3285 _
3309 3279 3390 3285 __
3474 3280 3486 3285 _
3533 3279 3564 3285 ,,
3640 3278 3670 3285 ,,
3758 3276 3766 3285 .

2209 3278 2532 3348 Principium
2566 3284 2748 3332 multis
2775 3280 2950 3330 modis
2984 3279 3194 3339 dicitur,
3218 3281 3265 3328 3.
3309 3279 3568 3342 Principii
3609 3278 3706 3329 alia
3732 3278 3790 3325 si-

2186 3349 2410 3403 niﬁcata,
2443 3352 2488 3404 5,
2524 3350 2568 3396 6.

2148 3364 2410 3412 gmncata,
2443 3364 2488 3404 5,
2524 3364 2568 3396 o.

2213 3411 2536 3472 Principium
2566 3406 2816 3472 animalis
2845 3408 2927 3472 est
2955 3417 3065 3463 cor,
3097 3406 3147 3452 5.

2210 3464 2535 3538 Principium
2568 3469 2934 3538 temporisest
2961 3480 3128 3538 nunc,
3152 3464 3283 3538 ibid.

2212 3528 2536 3599 Principium
2567 3528 2762 3599 motus,
2793 3531 3019 3599 cinema,
3235 3589 3248 3599 ‘
3381 3589 3391 3599 .

2215 3589 2536 3658 Principium
2567 3594 2824 3657 cujusque
2855 3591 3094 3642 continui
3121 3589 3504 3658 duplex,__ibid.

2212 3651 2539 3721 Principium
2569 3651 2811 3706 et'cau'sa
2834 3667 3120 3718 corporum
3149 3651 3503 3712 naturalium,
3533 3656 3581 3704 6.

2215 3721 2477 3794 Principia
2506 3721 2704 3794 tria,.7,
2736 3721 2817 3791 16.
2866 3793 2871 3794 ν
2930 3793 2953 3794 η
2977 3791 3026 3794 ω
3064 3791 3107 3794 __

2214 3775 2443 3833 Privatio
2470 3787 2551 3832 est
2580 3775 2901 3844 principium
2929 3791 3030 3841 per
3060 3776 3328 3836 accidens,
3359 3783 3404 3827 8.
3460 3775 3664 3840 Duplex
3704 3775 3788 3830 est,

2150 3846 2321 3913 logica
2352 3851 2406 3913 et
2432 3845 2672 3913 physica,
2703 3843 2831 3891 ibid.
2860 3907 2870 3913 _
2971 3903 2982 3913 .

2283 3899 2448 3958 ivatid
2471 3899 2529 3957 et
2552 3899 2725 3956 forma
2754 3903 3144 3954 contrariorum
3174 3902 3519 3964 oppositione
3550 3899 3786 3963 pugnant,

2152 3976 2198 4022 9.
2233 3972 2460 4020 Privatio
2490 3969 2801 4032 simpliciter
2829 3965 3142 4032 mutationis
3190 3965 3515 4032 principium
3561 3968 3613 4012 et
3644 3971 3790 4032 causa

2153 4048 2247 4096 per
2276 4048 2350 4090 se,
2384 4036 2459 4082 12.
2491 4027 2810 4099 Privationis
2838 4027 3144 4099 ignorantia
3173 4027 3582 4099 generationem
3611 4028 3660 4073 et
3689 4035 3789 4071 cor-

2150 4089 2456 4158 ruptionem
2487 4095 2624 4143 tollit
2644 4106 2821 4142 rerum
2853 4089 3198 4147 naturalium,
3233 4093 3310 4139 16.
3684 4146 3694 4156 .
3734 4146 3743 4153 _

2219 4159 2445 4207 Privatio
2476 4161 2559 4206 est
2573 4170 2666 4219 per
2696 4170 2752 4204 se
2777 4168 2888 4204 non
2910 4153 3126 4219 e_ns,17:
3148 4153 3257 4219 Ege
3275 4164 3374 4219 per
3391 4150 3658 4219 accidens,
3675 4143 3789 4219 ibid.

2217 4221 2409 4270 Pruina
2440 4207 2675 4283 quan'do,
2712 4216 2980 4283 quqmodo
3003 4207 3166 4283 Gtt-lilii
3191 4207 3298 4276 ﬁat',
3321 4216 3429 4264 166.
3446 4213 3646 4262 Pruina
3658 4207 3788 4274 quid,

2159 4285 2266 4332 168.
2300 4275 2494 4332 Pruin'a
2525 4287 2576 4331 et
2605 4282 2696 4330 nix
2727 4275 3000 4336 differunt,
3030 4275 3155 4325 ibid.

2220 4347 2409 4394 Psecas
2439 4344 2586 4407 quid,
2626 4346 2733 4393 165.

2214 4406 2500 4457 Puteorum
2532 4420 2680 4465 usus,
2711 4406 2818 4454 180.

2950 4466 3003 4542 Q

2214 4558 2533 4616 Quantitatis
2562 4559 2614 4605 et
2645 4554 2924 4604 divisionis
2953 4552 3197 4615 expertia
3225 4565 3368 4615 quin,
3404 4554 3515 4616 116.
3562 4613 3599 4616 ν,
3659 4609 3681 4616 Δ
3726 4607 3736 4616 1

2217 4609 2378 4678 Quies
2405 4621 2550 4682 quid,
2583 4621 2630 4676 9,
2661 4621 2742 4676 48,
2773 4621 2852 4667 60.
2883 4609 3044 4675 Quies
3081 4628 3190 4664 non
3222 4609 3304 4682 est
3331 4609 3511 4682 statio,
3548 4613 3624 4663 68.
3652 4609 3786 4667 Quie—

2151 4688 2234 4734 tes
2256 4685 2357 4732 sibi
2388 4679 2615 4731 invicem
2645 4685 2704 4730 ut
2734 4685 2971 4730 extrema
2998 4680 3370 4740 opponuntur,
3395 4679 3476 4726 72.

2216 4746 2464 4804 Quiscere
2496 4744 2707 4808 prppria
2736 4742 2863 4806 quid
2896 4741 3120 4799 dicatur,
3153 4744 3232 4790 48.

2219 4912 2526 4972 Remigatio,
2560 4913 2670 4960 213.
2690 4971 2697 4972 ί
2926 4822 3007 4972 ,Β

2216 4975 2323 5024 Bos
2352 4966 2638 5038 quid,'169_.
2673 4971 2788 5029 Quo
2819 4969 2979 5038 modo
2996 4967 3295 5038 etiquando
3326 4968 3432 5028 ﬁat,
3462 4969 3567 5019 166.
3602 4966 3701 5016 Bos
3719 4975 3786 5012 se-

2154 5034 2567 5100 micongelatus,
2595 5034 2984 5096 drosopacbne,
3018 5034 3125 5081 169.

2960 5115 3008 5180 S

2219 5205 2580 5269 Scaturigines
2609 5217 2674 5252 ex
2701 5203 2982 5269 montibus
3012 5200 3309 5269 proﬂuunt,
3340 5201 3451 5250 176.

2215 5264 2456 5318 Secretid
2478 5267 2824 5317 concretione
2857 5264 3061 5322 melior,
3093 5265 3172 5313 86.

2217 5331 2417 5381 Sensus
2452 5331 2509 5378 in
2539 5329 2899 5378 sentientibus
2927 5326 3224 5388 quomodo,
3248 5326 3326 5383 42,

2218 5392 2561 5444 Sensibilium
2589 5393 2838 5455 quaedam
2857 5381 3046 5450 videri,
3075 5381 3324 5452 quaedam
3348 5386 3498 5451 tangi
3511 5381 3783 5448 nequeunt,

2217 5503 2425 5568 Siccum
2457 5515 2605 5580 quid,
2636 5518 2746 5580 130.
2779 5515 2915 5566 Sicci
2941 5513 3310 5576 homonymia,
3347 5513 3458 5561 132.
3493 5503 3784 5572 Simpliciter

2154 5581 2354 5630 siccum
2385 5578 2534 5643 quid,
2562 5578 2692 5627 ibid.

2217 5644 2381 5704 Signa
2401 5630 2558 5706 quid,
2591 5643 2721 5706 288,_
2751 5641 2860 5690 393.
2890 5638 3188 5706 Signoruni
3214 5636 3438 5706 nomine
3465 5630 3782 5706 etcum-acte-

2155 5695 2402 5779 "39.5992-
2426 5695 2653 5779 ‘Sinéuls
2681 5695 2836 5779 iisne
2864 5695 3082 5779 ααξειέο
3112 5699 3208 5779 29L
3219 5695 3757 5779 9310592394.-..

2218 5761 2596 5832 Signorumi‘in
2638 5761 2854 5832 triginta
2880 5761 3059 5832 partes
3095 5762 3313 5832 divisio,
3346 5766 3401 5811 et
3419 5761 3777 5832 uniiisjricssi;

2157 5814 2590 5894 mé’c’partis—ii—i~
2609 5814 2900 5894 serx'aginta‘
2919 5826 3143 5894 minuta
3174 5814 3349 5894 prima
3393 5814 3779 5894 subdivisigLff

2158 5877 2331 5944 iniu;
2348 5877 2561 5943 minuti
2596 5877 2773 5956 primi?
2801 5891 2855 5940 in
2885 5890 2988 5942 alia
3029 5877 3306 5951 sexaginta
3333 5886 3564 5938 secunda
3593 5877 3776 5932 minuit
