4122 6184
297 361 428 446 '23
1290 385 1356 448 s.
1398 382 1665 448 ΒΜ]Νο
1708 380 2334 448 HERBIPOLENSIS
2377 383 2834 448 EPISCOPUS.
3697 381 3774 444 ει

349 537 378 566 ‹‹
411 513 690 586 ecclesiae,
723 516 876 575 sedit
904 515 1076 575 annis
1095 517 1164 584 Il,
1189 533 1389 574 mense
1411 533 1530 573 uno
1549 520 1606 573 et
1623 515 1830 572 diebus
1851 533 1996 589 qua-
2024 517 2082 583 Α
2110 515 2169 571 in
2201 515 2465 588 publicos
2495 513 2750 574 ecclesiis
2797 515 2980 572 fastos
3032 510 3252 572 relatus
3299 512 3514 570 fuisset
3553 514 3770 586 Bruno,

354 627 384 655 ‹‹
418 605 766 663 tuordecim.
801 628 830 656 »
864 607 1078 663 Eadem
1118 604 1421 662 occasione
1452 621 1619 661 sacra
1647 621 1784 661 ossa
1813 621 2006 678 panno
2116 605 2269 678 quod
2288 621 2428 660 sane
2445 602 3767 677 canonizationiaequivalerevidetur,religioni

355 693 540 750 serico
570 710 864 767 purpureo
893 693 1155 752 involuta
1183 698 1324 750 sunt
1345 699 1519 768 atque
1546 693 1606 749 in
1640 694 1827 767 ipsam
1851 699 2008 749 tum-

351 781 491 838 bam
521 783 984 839 instrumentum
1015 782 1196 856 hujus
1219 781 1603 856 modi.sigillo
1625 782 1865 856 capituli
1885 800 2011 838 mu-

351 870 544 928 nitum
575 875 924 946 posuerunt.
961 894 988 922 «
1011 873 1176 928 Anno
1197 871 1427 928 Domini
1451 871 1666 939 MXLV,
1693 889 1744 927 vn
1771 870 1890 927 Kal.
1915 871 2014 930 Ju-

357 981 385 1010 «
417 959 500 1015 nii
531 958 677 1016 obiit
705 959 914 1016 beatus
943 963 1138 1016 Bruno
1168 959 1346 1032 episc.
1374 959 1774 1033 Herhipolens.
1799 960 2012 1016 funda-

2115 698 2311 756 tamen
2335 693 2447 748 sibi
2469 693 2762 758 duxerint,
2787 709 2922 750 eum
2947 692 3271 748 honoribus
3301 691 3524 748 sanctis
3547 705 3776 766 compe-

2115 781 2378 841 tentibus
2400 781 3140 855 prosequi.LicetaJoanne
3152 779 3300 836 Phili
3308 797 3424 854 ppo
3441 781 3511 837 de
3529 773 3776 838 Sch'oem

2120 871 2266 926 born
2291 869 2439 926 ritus
2462 871 2763 930 Romanus
2787 871 2845 926 in
2868 869 3104 928 dioecesi
3131 868 3504 926 introductus
3536 869 3709 926 fuerit
3723 875 3781 926 et

2123 960 2428 1032 Proprium
2473 958 2892 1033 Herbipolense
2925 960 3066 1014 1665
3107 959 3482 1014 ad'normam
3514 958 3779 1014 breviarii

355 1072 381 1098 α
419 1052 510 1104 tor
536 1049 716 1122 hujus
743 1047 1020 1116 ecclesiae,
1046 1048 1146 1122 qu‘i
1179 1049 1330 1106 sedit
1354 1049 1524 1105 annis
1551 1049 1640 1120 ΧΙ,
1665 1065 1865 1106 mense
1897 1065 2014 1105 uno
2122 1047 2370 1105 Romani
2403 1048 2556 1123 typis
2605 1047 2873 1103 mandari
2921 1047 3232 1112 curaverit,
3261 1047 3556 1104 Brunonis
3587 1051 3777 1104 tamen

357 1159 385 1186 α
417 1141 476 1194 et
519 1135 727 1194 diebus
765 1136 919 1194 XIIII
970 1141 1026 1194 et
1079 1133 1398 1194 translatus
1451 1142 1542 1194 est
1600 1139 1670 1194 de
1718 1138 1864 1206 loco,
1900 1155 2016 1210 quo

353 1248 384 1275 α
424 1224 694 1299 sepultus
725 1225 836 1282 fuit
865 1227 936 1282 ad
962 1226 1142 1282 istum
1173 1227 1388 1294 locum,
1414 1243 1567 1283 anno
1601 1225 1912 1282 Dominieze
1931 1226 2021 1290 In:

356 1336 384 1363 ‹‹
420 1313 787 1372 aarnationis
835 1313 1128 1370 MCCLVII
1179 1315 1274 1370 Ids
1327 1315 1658 1388 Septembr.
1705 1315 1871 1370 Pont.
1906 1299 2020 1370 Dnl

359 1423 387 1452 κ
601 1401 916 1494 Alexandri
929 1419 1082 1494 anno
1105 1403 1183 1460 III
1202 1407 1257 1459 et
1282 1405 1658 1476 pontificatus
1683 1403 1791 1459 Dni
1816 1393 2020 1494 [ringi:

359 1513 386 1541 ‹‹
421 1491 600 1564 episc.
652 1491 1085 1564 Herbipolensis
1132 1508 1288 1548 anno
1339 1497 1570 1566 quarto.
1609 1515 1636 1542 »
1667 1491 1891 1548 Seeculo
1927 1491 2023 1548 xv;

357 1581 572 1636 iterum
591 1581 858 1652 apertum
883 1579 991 1635 fuit
1011 1579 1411 1652 sepulchrum,
1436 1585 1499 1636 ut
1521 1597 1589 1636 ex
1609 1581 1826 1638 scheda
1845 1598 2000 1654 papy

361 1685 552 1734 racea,
584 1685 714 1742 qua;
747 1668 888 1725 1699
917 1673 1006 1725 est
1039 1669 1289 1736 inventa,
1325 1669 1526 1742 liquet,
1559 1687 1688 1742 qua:
1731 1669 1815 1726 sic
1848 1687 2019 1726 sona-

362 1758 490 1815 bat:
520 1780 549 1808 «
569 1760 616 1814 A
635 1757 730 1814 die
753 1757 1134 1831 depositionis
1154 1757 1214 1814 in
1240 1759 1394 1815 hunc
1415 1759 1609 1816 locum
1635 1758 2019 1831 reliquiarum

364 1871 392 1898 u
425 1847 508 1902 bli
543 1846 829 1903 Brunonis
883 1846 1059 1903 homo
1121 1849 1480 1924 sarlofagum
1531 1865 1646 1904 non
1694 1847 1808 1903 fuit
1852 1865 2019 1920 aper-

369 1958 392 1986 a
426 1940 576 2008 tum,
601 1952 786 2008 usque
809 1935 880 1991 ad
903 1952 1124 1992 annum
1149 1935 1448 1992 MCCCC...
1473 1937 1587 2009 (73)
1610 1937 1669 1991 in
1694 1937 2018 1993 crastinum

368 2045 399 2076 «
427 2023 866 2096 Assumptionis
903 2023 1161 2097 Virginis
1198 2022 1464 2100 gloriosas
1495 2041 1597 2096 per
1627 2024 2018 2081 Reiebardum

363 2135 392 2164 «
427 2113 745 2179 decanum;
759 2112 1046 2169 Joannem
1077 2111 1327 2168 Giltmar
1357 2112 1660 2168 custodem
1689 2115 1746 2168 et
1775 2112 2021 2168 Hein.de

363 2223 392 2252 «
425 2201 754 2270 Wechmar,
789 2201 1103 2257 canonicos
1133 2205 1190 2256 et
1221 2200 1491 2273 praelatos
1536 2200 1716 2278 hujus
1759 2201 2018 2257 ecclesia:

361 2313 389 2342 «
419 2290 496 2347 ob
523 2290 808 2347 honorem
838 2289 1220 2363 reliquiarum
1255 2289 1684 2363 praedictarum.
1721 2313 1748 2340 »

430 2379 510 2436 Eo
541 2378 718 2435 etiam
741 2395 858 2452 prae
879 2377 1104 2434 caeteris
1133 2377 1434 2434 defunctis
1453 2377 1744 2451 episcopis
1775 2379 2025 2436 honora-

357 2467 539 2524 batur
561 2468 618 2525 S.
655 2468 870 2534 Bruno,
901 2465 1057 2540 quod
1089 2467 1218 2539 ejus
1266 2483 1634 2524 successores
1679 2467 2015 2524 anniversa—

359 2555 514 2614 rium
545 2557 736 2630 ipsius
765 2555 838 2613 ab
866 2555 1140 2612 universa
1166 2554 1399 2612 dioecesi
1433 2555 1708 2612 celebrari
1739 2572 2022 2629 praecepe-

359 2645 500 2702 rint.
523 2645 612 2702 Ita
631 2645 893 2702 Andreas
915 2644 1224 2717 episcopus
1246 2644 1304 2698 in
1329 2643 1550 2717 synodo
1568 2643 1772 2700 habita
1796 2646 1862 2699 17
1883 2643 2024 2702 Maii

365 2736 502 2792 1314
528 2734 777 2792 statuit:
813 2757 842 2784 «
870 2733 1015 2791 Item
1060 2732 1519 2790 anniversarium
1569 2734 1866 2790 reverendi
1913 2734 2022 2790 do-

365 2847 392 2876 ‹‹
429 2823 574 2882 mini
605 2821 920 2890 Brunonis,
949 2823 1249 2896 quondam
1271 2820 1528 2895 episcopi
1563 2821 2022 2895 Herbipolensis,

366 2937 395 2964 ‹‹
429 2931 533 2988 per
562 2917 795 2970 nostros
841 2912 1112 2969 subditos
1143 2909 1397 2968 civitatis
1428 2914 1484 2965 et
1514 2910 1782 2968 dioecesis
1811 2915 2022 2968 nostrae

373 3026 395 3053 ιι
432 3003 676 3060 sabbato
697 3006 831 3076 post
851 3001 1006 3058 diem
1029 2999 1338 3070 B.Urbani,
1358 3015 1472 3072 quo
1495 2997 1744 3055 feliciter
1760 3000 1915 3056 diem
1932 3017 2025 3056 ex-

332 3093 336 3096 ’
371 3115 399 3144 «ί
433 3095 686 3150 tremum
716 3089 948 3157 clausit,
972 3087 1132 3164 pergi
1155 3088 1324 3162 prisci
1333 3087 1528 3160 pimus
1547 3088 1717 3160 juxta
1745 3097 2024 3146 consuetu-

2127 1139 2342 1194 festum
2389 1137 2541 1192 inter
2584 1140 2921 1192 sanctorum
2953 1139 3292 1194 nostrorum
3323 1135 3516 1191 ofﬁcia
3548 1151 3660 1192 non
3693 1141 3784 1193 est

2129 1225 2504 1283 recensitum.
2539 1224 2800 1281 Primum
2831 1225 2988 1297 quod
3029 1222 3202 1280 nobis
3231 1223 3487 1281 occurrit
3517 1224 3690 1280 ofﬁcii
3721 1225 3781 1281 in

2129 1313 2422 1370 Brunonis
2446 1313 2727 1370 honorem
2759 1313 3013 1370 instituti
3048 1317 3500 1375 monumentum
3533 1317 3622 1369 est
3652 1314 3782 1370 Pro-

2130 1404 2324 1477 prium
2379 1401 2804 1458 Canonicorum
2855 1400 3212 1474 regularium
3262 1402 3320 1458 S.
3370 1400 3680 1475 Augustini
3723 1403 3780 1458 in
3820 1435 3824 1438 -

2130 1490 2472 1554 Heidenfeld
2525 1491 2664 1548 anni
2718 1491 2874 1558 I689,
2910 1489 3008 1546 ubi
3057 1490 3315 1550 officium
3367 1490 3678 1558 Brunonis,
3712 1492 3782 1546 ab

2129 1581 2414 1638 hodierno
2443 1583 2642 1636 tamen
2673 1579 2990 1648 diversum,
3022 1579 3291 1644 habetur.

2201 1674 2368 1726 Anno
2415 1669 2666 1742 denique
2717 1669 2854 1724 1699
2907 1667 3206 1734 Johannes
3255 1667 3562 1742 Philippus
3613 1667 3662 1725 II
3714 1669 3786 1724 de

2129 1759 2502 1816 Greifenklau
2535 1775 2768 1814 sacrum
2797 1757 3092 1814 Brunonis
3114 1774 3327 1831 corpus
3347 1756 3558 1818 elevari
3581 1757 3784 1834 jussit,

2131 1849 2463 1919 festumque
2485 1863 2616 1902 cum
2641 1846 2830 1902 officio
2847 1845 2906 1902 in
2925 1843 3159 1905 dioecesi
3190 1846 3465 1904 universa
3493 1843 3787 1902 celebran-

2131 1938 2274 1994 dum
2305 1935 2533 1991 indixit.
2569 1936 2747 1992 Sacra
2775 1952 2930 2000 ossa,
2965 1951 3093 2007 quae
3127 1939 3276 1992 teste
3307 1933 3454 1990 Phil.
3489 1933 3648 1990 Guil.
3671 1933 3798 1991 Vir-

2130 2029 2281 2098 tung
2300 2025 2372 2080 de
2393 2024 2677 2096 Hartung,
2703 2023 3004 2080 medicinae
3030 2027 3169 2082 tunc
3199 2023 3260 2079 in
3291 2022 3448 2078 alma
3477 2023 3640 2080 Julia
3665 2039 3795 2096 pro-

2133 2114 2350 2170 fessore
2373 2129 2609 2170 suavem
2623 2111 2899 2168 efﬂabant
2911 2112 3214 2182 honorem,
3231 2128 3404 2184 quem
3419 2128 3526 2186 pro
3542 2109 3792 2168 naturali

2131 2203 2469 2260 habendum
2503 2200 2744 2257 minime
2773 2218 2902 2256 esse
2924 2199 3175 2266 censuit,
3195 2201 3268 2256 ab
3291 2199 3425 2273 ipso.
3441 2208 3574 2272 aple
3596 2199 3791 2272 dispo-

2133 2292 2266 2362 sita,
2288 2292 2499 2364 juncta
2518 2295 2694 2364 atque
2721 2289 3156 2363 pontificalibus
3188 2288 3555 2350 indumentis
3585 2287 3794 2344 vestita

2133 2386 2294 2447 sunt,
2329 2383 2387 2435 et
2413 2380 2484 2434 29
2513 2383 2668 2452 Sept.
2705 2395 2850 2434 novo
2897 2377 3066 2436 altari
3114 2378 3174 2434 in
3224 2381 3431 2454 crypta
3472 2393 3506 2432 a
3547 2376 3791 2448 Georgio

2133 2469 2380 2525 Henrico
2411 2469 2482 2529 de
2513 2467 2776 2534 Stadion,
2821 2468 3040 2524 decano
3093 2465 3334 2541 capituli
3377 2467 3638 2526 extructo
3688 2465 3800 2520 im-

2134 2558 2348 2632 posita.

2203 2645 2598 2720 Septingentis
2618 2663 2650 2700 a
2673 2649 2858 2702 morte
2883 2645 2944 2700 L.
2969 2643 3266 2703 Brunonis
3295 2643 3514 2719 elapsis
3543 2644 3712 2700 annis
3735 2661 3791 2700 a.

2131 2735 2606 2815 1745,‘regnante
2656 2733 2946 2792 Friderico
2997 2734 3200 2791 Carolo
3248 2735 3318 2790 de
3358 2733 3730 2790 Schoenborn
3763 2749 3798 2789 a

2133 2824 2224 2880 die
2250 2825 2316 2880 17
2339 2823 2472 2880 Maii
2495 2825 2565 2880 ad
2591 2824 2660 2879 23
2684 2839 2871 2896 usque
2891 2821 3799 2894 solemnissimejubilsaumcele-

2132 2913 2366 2968 bratum
2399 2916 2506 2969 est.
2551 2913 2688 2970 Post
2732 2927 2868 2966 vero
2902 2929 2936 2967 a
2969 2913 3106 2966 1749
3139 2928 3272 2967 cum
3322 2916 3530 2984 crypta
3575 2909 3786 2967 iterum

2134 3007 2508 3060 renovaretur
2554 3005 2730 3072 atque
2775 2999 3142 3070 dilataretur,
3177 2999 3607 3074 sarcophagum
3643 2997 3793 3071 lapi-

2131 3091 2332 3157 deum,
2366 3090 2520 3162 quod
2555 3088 2813 3160 primum
2845 3088 2955 3144 fuit
2983 3089 3042 3144 S.
3073 3087 3362 3144 Brunonis
3391 3085 3790 3160 sepulchrum,

334 3193 398 3232 ’κ
430 3181 616 3240 dinem
643 3179 952 3238 humiliter
979 3181 1038 3236 et
1065 3179 1268 3234 devote
1287 3178 1420 3246 (74).
1447 3199 1477 3226 ››
1509 3178 1669 3242 Quod
1694 3176 1751 3232 in
1783 3179 2022 3236 statutis
2069 3247 2098 3252 _
2135 3180 2194 3235 in
2227 3179 2418 3252 ipsam
2449 3177 2754 3234 ecclesiam
2787 3175 3142 3235 translatum
3175 3180 3285 3248 est,
3310 3180 3376 3232 ut
3399 3175 3794 3248 altaris,quod

363 3269 673 3328 Wolframi
708 3287 763 3327 a.
798 3269 940 3326 1329
967 3271 1026 3324 et
1053 3266 1298 3324 Gotfridi
1332 3266 1405 3323 IV
1429 3283 1484 3323 a.
1519 3267 1657 3322 1446
1705 3267 1896 3323 denuo
1935 3267 2026 3324 in-
2057 3247 2100 3314 Ο
2138 3247 2340 3324 decani
2372 3267 2598 3335 dicunt,
2633 3281 2898 3325 mensam
2939 3247 3468 3338 exhiberet,ratque
3499 3263 3625 3337 ipse
3655 3247 3796 3318 san-

365 3359 658 3416 culcatum
690 3359 998 3433 reperitur.

438 3449 523 3504 11.
557 3445 820 3519 Denique
871 3446 1031 3501 card.
1080 3443 1388 3511 Baronius,
1419 3441 1631 3498 litteris
1677 3443 2028 3501 Pontificum

363 3534 556 3602 nisus,
587 3550 740 3607 quas
765 3547 945 3606 supra
973 3531 1396 3604 allegabamus,
1428 3531 1794 3592 S.Brunonis
1813 3549 2026 3588 nomen

365 3624 425 3680 in
447 3621 928 3698 Martyrologium
949 3621 1280 3677 Romanum
1299 3617 1644 3676 auctoritate
1655 3619 2029 3680 ClementisX

367 3712 732 3785 recognitum
763 3715 820 3768 et
850 3727 904 3766 a.
940 3709 1079 3765 1590
1123 3707 1454 3780 Autuerpize
1499 3723 1772 3764 recusum
1803 3707 2024 3766 intulit.

441 3804 566 3869 Quo
596 3801 818 3858 factum
867 3803 974 3864 est,
1008 3801 1074 3853 ut
1103 3797 1240 3854 inde
1273 3797 1346 3854 ab
1377 3813 1430 3852 a.
1466 3796 1604 3852 1616
1635 3796 1705 3852 de
1735 3797 2028 3856 Brunonis

371 3890 533 3948 cultu
565 3887 800 3962 publico
831 3888 892 3944 in
922 3885 1222 3960 dioecesim
1273 3885 1604 3941 inducendo
1635 3884 1784 3941 serio
1815 3884 2027 3942 iterum

372 3977 744 4052 cogitaretur.
764 3975 870 4034 Illo
891 3973 1044 4032 anno
1065 3971 1530 4032 anniversarium
1553 3972 1898 4047 abrogatum
1915 3977 2025 4044 est,

373 4068 528 4144 quod
547 4067 608 4123 in
623 4061 1276 4136 cathedrali'quotanuis
1298 4062 1356 4117 in
1379 4061 1670 4116 Brunonis
1685 4062 2028 4119 memoriam

373 4154 653 4214 celebrari
683 4155 1082 4210 consueverat.
1099 4149 1404 4206 Remansit
1435 4149 1706 4222 pridiana
1735 4151 2028 4223 processio

372 4245 678 4303 et'tumbai
705 4239 1082 4308 th'uril'lcatio,
1117 4239 1219 4295 sed
1253 4238 1366 4314 ritu
1397 4237 1771 4310 exequiarum
1805 4245 2028 4309 amoto;

371 4339 431 4392 et
451 4351 553 4408 pro
571 4335 757 4390 missa
785 4331 1200 4388 defunctorum
1217 4327 1536 4384 substituta
1555 4331 1644 4384 est
1663 4327 1944 4384 solemnis
1959 4329 2032 4384 de

371 4424 470 4480 SS.
505 4421 808 4488 Trinitate,
841 4437 970 4492 quae
1021 4435 1205 4489 usque
1237 4417 1324 4476 'ad
1357 4433 1410 4472 a.
1447 4415 1586 4472 1699
1614 4421 1836 4473 retenta
1868 4421 2023 4474 sunt.

367 4511 640 4588 Sequenti
674 4527 726 4566 a.
758 4509 895 4564 1617
927 4505 1405 4580 Martyrologium
1444 4506 1774 4562 Romanum
1807 4505 2027 4562 Wirce-

2139 3362 2269 3414 ctus
2299 3356 2362 3412 in
2391 3356 2596 3412 eodem
2628 3355 2756 3428 ipso
2786 3353 2957 3410 altari
3007 3351 3302 3428 repositus
3327 3371 3340 3422 ;
3377 3369 3512 3409 mox
3541 3367 3674 3408 vero
3704 3367 3796 3407 sa-

2138 3461 2303 3502 crum
2336 3461 2549 3517 corpus
2577 3443 2634 3498 in
2670 3442 2852 3504 altare
2883 3443 2944 3499 S.
2978 3441 3210 3498 Martini
3242 3441 3501 3497 delatum
3535 3439 3666 3506 fuit,
3698 3437 3798 3495 ubi

2137 3533 2211 3589 ad
2241 3533 2584 3588 hodiernam
2644 3549 2831 3606 usque
2889 3529 3046 3586 diem‘
3089 3531 3148 3587 in
3199 3547 3340 3600 pace
3379 3527 3676 3600 sepultum
3707 3531 3800 3583 est

2139 3630 2312 3693 atque
2346 3619 2608 3676 fidelium
2641 3618 2944 3675 devotione
2975 3618 3380 3688 frequentatus
3413 3615 3545 3686 (75).

2581 3706 2674 3762 III.
2706 3709 2782 3762 De
2811 3706 3082 3760 Brunonis
3111 3706 3352 3775 scriptis.

2211 3799 2298 3852 12.
2333 3795 2494 3866 Quod
2527 3793 2587 3849 in
2617 3793 2734 3849 vita
2775 3792 3068 3850 Brunonis
3113 3790 3498 3848 describenda
3539 3789 3796 3847 vidimus

2138 3885 2484 3958 saepissime,
2516 3899 2672 3950 eum,
2707 3899 2843 3941 cum
2889 3879 3129 3954 plurimi
3177 3897 3246 3936 ea
3293 3883 3461 3936 aetate
3491 3880 3795 3936 Brunones

2139 3973 2382 4031 scientia
2413 3972 2500 4028 vel
2533 3971 2850 4027 virtutibus
2883 3968 3170 4044 insignes,
3201 3968 3448 4025 vixerint
3496 3984 3628 4025 cum
3663 3965 3796 4024 aliis

2140 4060 2587 4137 cognominibus
2609 4060 2920 4116 confusum
2948 4057 3216 4125 fuisse,id
3238 4054 3709 4130 praeprimiscum
3725 4056 3797 4112 de

2140 4151 2373 4224 scriptis
2395 4148 2809 4222 inquirendum
2835 4152 2940 4212 est,
2967 4146 3137 4203 nobis
3159 4145 3432 4202 occurrit.
3455 4145 3797 4206 Statuamur

2141 4241 2322 4316 igitur
2351 4255 2454 4312 pro
2485 4240 2653 4293 firmo
2687 4237 3093 4308 fundamento,
3118 4233 3350 4291 nullum
3369 4237 3460 4290 est
3477 4232 3633 4289 aliud
3656 4233 3798 4288 Bru-

2142 4330 2312 4386 nonis
2342 4327 2648 4400 scriptum,
2682 4325 2837 4398 quod
2868 4325 2940 4381 ad
2983 4327 3243 4381 nostram
3289 4325 3518 4378 atatem
3550 4322 3797 4379 devene-

2136 4420 2237 4487 rit,
2251 4419 2338 4475 vel
2370 4417 2504 4473 ﬁdis
2535 4415 2938 4488 antiquiorum
2970 4412 3327 4469 testimoniis
3356 4409 3802 4467 commendetur

2139 4512 2348 4583 praeter
2377 4503 2865 4561 commentarium
2899 4501 2958 4556 in
2992 4500 3279 4566 Psalmos,
3313 4497 3560 4567 cantica,
3593 4497 3799 4554 oratio-

367 4584 540 4672 Μικέεί
568 4598 627 4654 in
659 4613 833 4657 usum
868 4595 1376 4668 Herbipolensium
1415 4593 1772 4667 impressum
1804 4600 1930 4663 est;
1963 4612 2015 4650 θ..
2049 4615 2098 4680 D
2135 4615 2268 4654 nem
2317 4592 2683 4650 Dominicam
2721 4594 2789 4648 'et
2837 4589 3136 4664 Symbola,
3169 4589 3327 4661 quod
3376 4586 3600 4643 iteratis
3639 4584 3799 4642 curis

367 4687 508 4745 1616
538 4681 1144 4744 miraculaBrunonis
1173 4700 1243 4740 ex
1271 4683 1620 4740 documento
1638 4701 1690 4738 τι.
1713 4683 1846 4738 1202
1867 4683 2020 4756 typis
2049 4674 2090 4680 —
2133 4687 2304 4744 edere
2333 4681 2725 4753 suscepimus.
2757 4677 2926 4736 illum
2979 4677 3156 4734 etiam
3203 4679 3406 4732 contra
3436 4674 3800 4732 Simoniacos

366 4773 758 4850 publici-juris
789 4775 940 4836 facta
966 4776 1127 4841 sunt,
1145 4771 1299 4847 quod
1323 4776 1380 4828 et
1400 4771 1613 4828 iterum
1640 4774 1778 4828 1657
1801 4773 2025 4844 praesti-

370 4871 499 4923 tum
531 4869 640 4922 est.
1476 4885 1480 4890 -

437 4954 858 5014 Verumtamen
869 4969 936 5008 ea
949 4950 1054 5008 fuit
1071 4951 1403 5007 antistitum
1417 4949 1930 5024 Herbipolensium
1947 4967 2032 5006 er-

367 5039 877 5118 gaecclesiasticas
889 5040 1044 5116 leges
1057 5039 1514 5106 observantia,ut
1526 5039 1700 5096 etiam
1715 5043 2028 5112 postquam

436 5167 550 5238 (73)
564 5167 758 5238 Gropp
771 5167 933 5238 (Nov.
947 5163 1088 5238 Coll.
1105 5169 1146 5220 t.
1166 5165 1232 5229 ll,
1249 5181 1306 5236 p.
1333 5165 1456 5238 114)
1471 5163 1581 5238 legi
1593 5168 2022 5238 tuccccxxxxs,

365 5237 497 5296 Joh.
523 5234 909 5306 Bernfmayer
927 5234 1331 5307 sulfraganc'us
1353 5234 1721 5307 Herbipolen.
1748 5234 1806 5289 in
1833 5235 2021 5290 diario

368 5325 708 5366 Mccccxuu.
743 5307 1080 5373 Legendum
1109 5306 1198 5362 est
1229 5309 1364 5361 1423
1391 5324 1404 5362 :
1431 5306 1566 5364 nam
1602 5306 1928 5362 Richardus
1952 5307 2022 5362 de

368 5379 644 5438 Masbach
679 5377 788 5434 fuit
820 5377 1076 5434 decanus
1111 5378 1410 5432 14221435
1431 5378 1832 5441 eti/1504154,
1869 5378 2020 5433 Hen-

367 5453 526 5508 ricus
557 5451 870 5507 Weekmar
896 5447 1159 5520 vicarius,
1179 5447 1467 5520 generalis
1485 5449 1632 5520 1416
1662 5453 1718 5503 et
1752 5450 1909 5503 1423.

437 5525 548 5589 (74)
581 5524 812 5578 Statuto
842 5522 895 5575 8.
929 5521 1102 5576 Cone.
1132 5519 1326 5591 Germ.
1356 5523 1396 5574 t.
1427 5519 1518 5584 1V,
1555 5537 1609 5591 p.
1643 5521 1768 5574 246.

438 5597 548 5664 (75)
581 5597 720 5672 Quae
765 5592 1071 5672 hucusque
1121 5590 1190 5646 de
1331 5590 1616 5672 Brunonis
1643 5591 2010 5672 cultu‘expo—

365 5661 480 5724 sita
511 5661 667 5735 sunt,
688 5661 1126 5735 desumpsimus
1147 5678 1215 5718 ex
1245 5661 1607 5718 Henscbenio
1640 5661 1697 5716 in
1727 5662 1887 5718 Actis
1910 5661 2010 5717 SS.

2139 4772 2446 4846 scripsisse
2477 4767 2778 4826 contendit
2808 4783 3138 4838 anonymus
3171 4763 3524 4821 Mellicensis
3548 4763 3628 4819 De
3661 4761 3799 4818 scri-

2138 4861 2406 4936 ptoribus
2436 4855 2850 4926 ecclesiasticis
2880 4856 3014 4923 (76).
3049 4854 3166 4910 Nos
3195 4869 3330 4909 vero
3380 4851 3706 4908 certissime
3739 4851 3794 4906 in

2137 4969 2204 5008 eo
2251 4953 2510 5008 erratum
2558 4945 2740 5002 fuisse
2785 4942 3176 5008 admittimus,
3208 4957 3343 4998 cum
3389 4939 3620 5001 nullum
3651 4957 3795 5013 prie-

2139 5044 2298 5097 terea
2341 5035 2652 5110 vestigium
2697 5035 2869 5101 extet,
2903 5047 3023 5103 quo.
3065 5031 3175 5088 hoc
3223 5047 3376 5104 opus
3401 5025 3660 5086 Brunoni
3690 5024 3795 5080 ad-

2137 5165 2208 5219 ad
2241 5163 2394 5218 diem
2431 5163 2492 5215 l7
2524 5157 2660 5214 Maii
2695 5173 2750 5229 ρ.
2772 5158 3039 5229 γ38ᾼείμιχ
3069 5156 3283 5229 Gropp,
3315 5153 3539 5229 Noviss.
3575 5147 3716 5229 geli.
3749 5152 3792 5203 t.

2133 5236 2180 5290 1'
2218 5234 2411 5314 9-498
2441 5245 2676 5314 eaq-PX
2695 5221 3087 5314 ‘diarinJ’oh-
3117 5221 3294 5314 βξέιῖή·
3329 5227 3558 5314 Mater...
3575 5221 3793 5314 8311ῗὲ-

2131 5294 2300 5378 ganei
2337 5294 2891 5378 llerbipolep..quod
2924 5297 2982 5353 in
3015 5298 3270 5378 archivio
3291 5294 3562 5378 “capituli
3605 5308 3796 5378 asser-

2129 5364 2318 5440 vatur,
2351 5379 2392 5429 t.
2429 5374 2475 5428 ll
2603 5364 2790 5444 13-16.
2823 5369 3254 5444 Himmelstein,
3287 5364 3794 5444 St_Kiliau_s-qu
3838 5379 3859 5397 ·

2131 5466 2186 5520 p.
2207 5451 2280 5520 22
2303 5434 2432 5520 sqq.
2453 5434 2894 5520 Giehnethorp
2905 5443 3082 5520 pend1
3093 5434 3252 5520 _Hist.
3268 5434 3792 5520 uni-versalis1‘76/s,

2128 5506 2170 5574 ἱ.
2205 5517 2279 5574 ΙΙΙ
2321 5506 2374 5583 p'.
2395 5506 2548 5572 ’1217
2579 5520 2638 5570 et
2674 5514 2806 5569 1396
2837 5506 3028 5568 Balth.
3062 5513 3368 5568 Neumann
3405 5506 3795 5578 Descript..lu-

2130 5589 2281 5644 hihei
2319 5585 2676 5642 Brunoniaui
2713 5585 2869 5639 1745.
3598 5620 3602 5623 ι

2203 5660 2316 5731 (76)
2350 5676 2399 5716 c.
2432 5660 2522 5714 84.
3198 5666 3206 5673 ·
