4086 6180
1728 274 2354 349 ῬΒΟΕΕΟΟΜΕΝΑ.

3656 282 3752 350 Ὡϐ

331 418 512 479 scribi
544 424 740 494 queat,
766 418 1015 493 jamque
1052 418 1434 488 Trithemius,
1467 419 1570 494 qui
1617 436 1747 476 saec.
1780 416 1895 485 XV,
1927 417 1991 473 in
2020 426 2073 492 Α
2102 416 2322 473 editors
2351 415 2699 489 Reyseriano
2731 415 2823 473 vix
2860 420 2949 474 ter
2995 416 3201 483 decies,
3235 420 3506 489 occurrit,
3539 424 3604 479 ut
3632 440 3748 480 non

332 509 442 571 hac
502 513 707 566 nostra
754 509 989 565 civitate
1032 508 1433 583 Herhipolensi
1482 509 1669 566 abbas.
1701 513 1757 563 S.
1788 506 1991 564 Jacobi
2099 506 2325 577 integra
2356 509 2662 561 auctorum
2693 506 2888 573 verba,
2922 508 3023 563 sed
3047 524 3250 565 eorum
3282 512 3510 567 tantum
3538 528 3750 570 sensus

333 598 649 655 Scotorum
682 598 811 665 fuit,
837 603 1118 655 testetur:
1145 621 1171 647 ‹‹
1198 599 1257 653 Si
1289 598 1429 670 quid
1460 597 1620 653 aliud
1652 596 1988 670 scripsit,ad

334 705 428 747 me
451 694 569 744 non
595 686 873 760 pervenit.
890 710 919 739 ‹‹
948 687 1153 743 Falsus
1174 692 1265 747 est
1287 686 1503 760 oppido
1524 686 1806 759 Georgius
1826 684 1991 741 Galo—

329 776 535 847 pinus,
567 792 701 831 cum
726 777 837 833 sub
868 775 1376 833 nostriBruaonis
1406 775 1642 833 nomine
1690 791 1990 831 commen-

330 864 554 919 tarium
586 863 649 925 in
689 862 1148 923 Pentateuchum
1195 863 1379 920 Duaci
1425 863 1565 919 4608
1612 863 1809 921 edidit.
1842 863 1991 918 Nam

332 951 630 1013 Brunouis
659 952 949 1019 Astensis,
983 952 1212 1011 abbatis
1258 952 1648 1018 Cassineusis,
1680 956 1813 1026 post
1858 968 1991 1007 vero

334 1041 596 1115 episcopi
626 1040 974 1113 Siguiensis,
1008 1041 1107 1113 qui
1139 1042 1341 1097 eodem
1374 1039 1586 1098 saaculo
1631 1045 1879 1097 exeunte
1907 1040 1992 1095 vi-

332 1130 440 1195 xit,
470 1145 617 1197 esse,
652 1129 854 1187 nullus
886 1130 1247 1203 negabit,qui
1273 1147 1341 1186 ea
1362 1130 1529 1203 leget,
1553 1147 1680 1202 qua:
1710 1129 1853 1187 inibi
1876 1130 1989 1202 (77’)

337 1219 410 1274 de
439 1218 837 1274 controversia
865 1218 1180 1285 habentur,
1208 1223 1502 1275 auctorem
1536 1219 1689 1275 inter
1717 1223 1775 1274 et
1804 1218 1992 1274 archi-

333 1308 652 1365 diaconum
687 1312 1160 1364 Beneventanum
1194 1308 1267 1364 de
1285 1307 1531 1364 ecclesia
1553 1308 1857 1381 Sipontina
1880 1307 1994 1380 agi-

332 1400 479 1453 tata.
513 1396 622 1460 Qui
649 1413 785 1453 vero
817 1395 867 1451 ei
900 1396 1352 1455 commentarios
1396 1397 1452 1453 in
1506 1395 1664 1453 Pauli
1714 1395 1994 1470 epistolas

334 1484 424 1541 vel
456 1484 763 1557 proverbia
791 1484 1123 1541 Salomonis
1154 1485 1514 1553 adscribunt,
1540 1489 1605 1540 ut
1634 1484 1993 1542 Gui1.Eisen-

334 1574 503 1651 greiu
555 1575 690 1644 (78),
720 1573 809 1631 vel
858 1591 993 1629 cum
1048 1574 1319 1633 Brunone
1368 1575 1571 1632 eodem
1619 1573 1871 1642 Astensi,
1905 1572 1994 1629 vel

336 1679 474 1722 eum
522 1663 831 1721 fundatore
874 1662 1399 1721 Carthasianorum
1429 1662 1814 1719 confundunt.
1849 1663 1993 1718 Huic

336 1751 515 1813 etiam
548 1769 752 1808 versus
780 1750 865 1808 illi
897 1753 1175 1809 adversus
1197 1752 1383 1808 malos
1406 1757 1463 1809 et
1482 1752 1784 1809 haereticos
1806 1768 1995 1807 sacer-

342 1840 513 1896 dotes
542 1839 838 1897 tribuendi
890 1838 1231 1913 sunt,'quos
1277 1841 1563 1914 Ludewig
1611 1839 1669 1895 in
1723 1840 1874 1895 notis
1924 1840 1996 1894 ad

344 1929 511 1986 Frisii
544 1929 858 1986 chronicon
886 1947 957 1987 ex
985 1928 1322 1985 Selneccero
1352 1936 1409 1986 et
1427 1930 1653 2003 Egidio
1684 1929 1998 1984 Periandro

340 2018 838 2090 tanquam‘nostri
865 2018 1155 2077 Brunonis
1186 2018 1405 2074 factum
1436 2017 1652 2077 attulit.

410 2107 499 2162 13.
536 2107 635 2163 llis
668 2106 847 2180 igitur
874 2105 1147 2180 eXplosis.
1180 2108 1350 2180 cujus
1396 2107 1627 2180 generis
1672 2106 1995 2179 genuinum

336 2195 467 2267 ejus
493 2212 646 2267 opus
679 2192 734 2249 in
770 2193 1034 2251 Psalmos
1064 2195 1160 2261 sit,
1195 2195 1389 2269 qualis
1419 2213 1632 2269 scopus
1662 2193 1997 2268 ejus,quale

331 2283 591 2355 pretium
624 2283 952 2341 videamus.

404 2372 676 2428 Fl'orebat
704 2376 843 2433 tuus
892 2372 1131 2444 quidem
1181 2373 1475 2446 Herbipoli
1504 2375 1561 2430 in
1594 2375 1767 2429 domo
1798 2373 1996 2430 Salva-

322 2460 467 2515 tori:
495 2459 1009 2535 schola,magistro
1026 2465 1167 2519 tunc
1186 2463 1672 2535 praestantissimo
1696 2463 1991 2531 Bernulfo,

328 2549 431 2606 cui
462 2555 841 2622 praecesserat
873 2549 1053 2607 Italus
1084 2551 1333 2623 quidam
1366 2552 1438 2609 ab
1487 2552 1759 2627 episcopo
1790 2552 1993 2609 Herbi-

330 2636 521 2711 polim
548 2644 827 2715 evocatus
853 2643 911 2697 et
940 2639 1166 2714 integra
1198 2641 1381 2696 series
1411 2641 1666 2697 virorum
1700 2659 1804 2714 pro
1836 2641 1994 2698 illius

328 2725 438 2781 avi
468 2727 805 2787 conditione
825 2728 1472 2797 eruditissimorum,ita
1489 2734 1554 2787 ut
1571 2730 1743 2804 longe
1764 2730 1995 2803 lateque

327 2815 551 2873 scholas
583 2816 1020 2888 Herbipolensis
1052 2818 1208 2875 fama
1237 2817 1584 2874 dilataretur
1614 2819 1906 2892 multique
1926 2836 1994 2876 ex

325 2920 402 2960 ea
426 2903 812 2969 ecclesiarum
846 2905 1126 2980 praesules
1158 2907 1477 2979 prodirent.
1499 2907 1692 2965 Nihilo
1715 2925 1884 2966 secus
1905 2913 1995 2965 est

323 2994 811 3067 prasumendum
843 2995 979 3055 cleri
1010 3012 1127 3052 non
1160 2995 1428 3070 exiguam
1463 3001 1691 3077 partem
1720 3015 1823 3070 pro
1844 3002 1989 3054 tem-

326 3099 543 3155 porum
574 3083 842 3139 barharie
871 3084 1162 3157 ejusmodi
1194 3085 1396 3153 fuisse,
1431 3086 1523 3141 cui
1565 3087 2004 3159 providendum.

2100 594 2401 649 referatur.

2171 683 2308 737 Post
2337 682 2601 756 singulos
2634 683 2892 755 psalmos
2922 701 2990 741 ex
3030 685 3443 760 antiquissimo
3492 707 3602 749 usu
3635 691 3748 766 (80)

2101 769 2298 826 addita
2327 773 2416 826 est
2445 770 2628 827 oratio
2650 773 3075 845 quaedam,qute
3095 774 3309 846 psalmi
3332 776 3587 834 fructum
3610 796 3751 852 quo-

2099 858 2415 914 dammodo
2473 858 2725 931 colliget,
2777 861 2933 932 quod
2965 878 2999 917 a
3027 862 3273 919 concilio
3330 866 3648 938 Agathensi
3692 886 3744 925 a.

2098 948 2225 1014 506,
2256 963 2386 1002 can.
2406 948 2509 1030 _30,
2538 948 2944 1021 praescriptum
2976 950 3256 1017 fuerat,ut
3286 959 3418 1024 post
3464 956 3749 1030 Antipho-

2102 1053 2207 1092 nas
2239 1024 2608 1091 collectiones
2635 1053 2736 1108 per
2765 1036 3029 1093 ordinem
3080 1040 3152 1095 ab
3182 1041 3471 1115 episcopis
3501 1044 3587 1099 vel
3604 1024 3748 1118 pre-

2058 1200 2065 1205 _
2101 1124 2353 1196 sbyteris
2382 1124 2672 1180 dicantur.
2708 1125 2768 1180 Id
2803 1126 2860 1180 in
2910 1126 3207 1199 Hispaniis
3256 1146 3366 1185 usu
3415 1132 3643 1190 venisse
3682 1151 3752 1190 ex

2027 1794 2075 1858 B

2100 1211 2340 1284 liturgia
2370 1212 2763 1269 Mozzarahica
2794 1221 3034 1287 apparet
3062 1232 3263 1273 verum
3282 1217 3438 1279 idem
3460 1225 3518 1276 et
3542 1221 3601 1278 in
3623 1222 3752 1279 Gal-

2101 1300 2197 1356 liis
2229 1300 2551 1373 praestitum
2585 1302 2765 1358 fuisse
2797 1303 3052 1359 dubitari
3079 1305 3300 1377 nequit.
3325 1308 3414 1363 Ea:
3437 1324 3566 1380 quas
3594 1313 3748 1383 apud

2103 1384 2435 1445 Brunonem
2483 1389 2795 1459 habentur,
2829 1392 3019 1464 prima
3066 1393 3188 1449 vice
3236 1403 3552 1453 occurrunt
3596 1401 3751 1471 apud

2102 1477 2415 1534 Alcuinum
2441 1479 2500 1535 in
2531 1479 2741 1535 ofﬁciis
2772 1497 2874 1551 per
2904 1481 3087 1538 serias
3118 1483 3247 1554 (81),
3279 1487 3403 1540 tum
3434 1487 3587 1557 apud
3617 1488 3752 1543 Bru-
3860 1488 3869 1497 ’

2105 1584 2316 1623 nonem
2347 1568 2855 1635 nostrum,deinde
2884 1571 3039 1643 apud
3064 1569 3375 1627 Ludolfum
3393 1574 3465 1630 de
3481 1575 3752 1645 Saxonis,

2104 1656 2300 1712 saaculi
2333 1674 2427 1711 xw
2455 1660 2773 1726 auctorem,
2803 1657 2863 1713 in
2887 1661 3309 1715 commentario
3332 1662 3390 1717 in
3415 1662 3678 1722 Psalmos
3700 1671 3756 1722 et

2103 1746 2256 1817 apud
2291 1744 2601 1818 Georgium
2634 1747 3027 1803 Cassandrum
3058 1747 3118 1803 in
3151 1749 3486 1808 collectione
3515 1769 3754 1826 precum

2109 1835 2656 1891 ecclesiasticarum.
2690 1836 2802 1891 Eas
2832 1834 3043 1892 saaculo
3073 1854 3173 1891 vm
3214 1839 3573 1911 antiquiores
3604 1859 3752 1912 esse,

2106 1924 2242 1980 inde
2300 1925 2535 1981 deducit
2580 1926 2641 1980 Β.
2688 1926 2843 1981 card.
2886 1925 3260 1995 Thomasius,
3295 1930 3448 2001 quod
3510 1931 3754 1987 Romani

2107 2013 2367 2085 psalterii
2389 2014 2695 2070 lectionem
2720 2017 3241 2087 sequantur,cujus
3264 2033 3409 2075 usus
3429 2018 3601 2093 longo
3621 2025 3755 2079 ante

2105 2102 2489 2158 Walafridum
2506 2103 2857 2158 Ttrabonem
2871 2108 3131 2175 tempore
3164 2103 3222 2159 in
3258 2105 3464 2164 Galliis
3481 2106 3753 2165 desierat.

2105 2192 2216 2246 Eas
2241 2208 2309 2246 ex
2339 2191 2637 2247 codicibus
2674 2191 2972 2247 Vaticanis
3020 2192 3275 2248 restituit
3306 2194 3367 2250 Β.
3399 2194 3568 2252 Card.
3603 2197 3755 2254 Tho-

2106 2280 2330 2337 masius
2361 2280 2418 2335 in
2450 2298 2556 2337 suo
2588 2280 2886 2349 Psalterio,
2922 2298 3027 2337 nos
3076 2298 3232 2346 vero,
3265 2284 3481 2355 quibus
3527 2284 3756 2341 incum—

2104 2370 2295 2437 bebat,
2329 2371 2663 2426 Brunonem
2695 2371 2883 2440 edere,
2913 2371 3040 2442 ejus
3072 2370 3379 2429 lectionem
3420 2372 3638 2446 ubique
3668 2392 3756 2431 ιιθα

2103 2456 2410 2516 tinuimus.

2172 2547 2376 2603 Simile
2405 2548 2544 2620 quid
2578 2548 2685 2603 hac
2731 2548 2788 2603 in
2834 2565 2895 2604 re
2943 2549 3215 2622 praestitit
3241 2550 3298 2605 S.
3330 2550 3752 2620 Volbodonius,

2102 2636 2413 2710 episcopus
2447 2637 2785 2693 Leodiensis
2810 2654 2862 2693 a.
2895 2639 3034 2693 1020
3053 2638 3368 2697 defunctus
3400 2640 3757 2717 proindeque

2103 2725 2361 2787 Brunoni
2412 2741 2660 2791 coaevus,
2694 2742 2869 2801 quem
2926 2726 3214 2784 Rainerus
3271 2729 3619 2796 monachus,
3654 2731 3753 2803 qui

2101 2814 2229 2885 ejus
2261 2815 2437 2870 vitam
2471 2814 2710 2887 scripsit
2734 2814 2815 2872 ait
2844 2816 3082 2887 propria
3122 2832 3299 2873 manu
3351 2818 3659 2890 scripsisse
3688 2819 3757 2875 li-

2100 2904 2273 2958 brum
2305 2903 2757 2976 psalmorum,in
2792 2922 2907 2977 quo
2940 2904 3255 2977 unicuique
3277 2906 3504 2978 psalmo
3526 2924 3759 2980 compo-

2101 2992 2273 3051 sitam
2298 3008 2366 3047 ex
2387 2992 2589 3047 eodem
2612 2998 2669 3047 et
2690 3010 2725 3048 a
2748 3008 2809 3048 se
2830 2992 3106 3047 dictatam
3132 2994 3378 3065 subjecit
3409 2996 3753 3051 orationem.

2100 3082 2234 3145 Quae
2265 3086 2463 3136 tamen
2492 3080 2805 3146 orationes,
2828 3081 2876 3135 si
2908 3097 3111 3137 eorum
3144 3098 3343 3138 revera
3358 3082 3757 3141 Volbodonius

324 3170 720 3227 diversimode
752 3176 896 3227 erat.
931 3171 1133 3228 Simile
1164 3173 1302 3245 quid
1336 3173 1547 3231 accidit
1577 3175 1637 3230 in
1666 3175 1985 3239 Veronensi
2018 3162 2060 3228 C
2102 3173 2306 3225 auctor
2335 3169 2467 3236 fuit,
2502 3186 2535 3223 a
2566 3168 2781 3225 nostris
2806 3168 3065 3226 diversas
3089 3169 3271 3229 fuisse
3301 3174 3549 3244 oportet.

320 3259 586 3327 dimeesi,
618 3260 720 3317 ubi
752 3260 923 3316 multi
950 3265 1139 3328 arant,
1173 3262 1391 3335 quibus
1416 3260 1742 3320 Ratherius
1773 3264 1995 3336 episco-

320 3364 455 3419 pus,
480 3348 749 3413 ecclesize
781 3366 900 3404 sua:
933 3350 1342 3409 severissimus
1370 3352 1717 3409 reformator
1736 3353 1793 3407 in
1820 3352 1990 3410 Itine-

324 3435 477 3495 rario
512 3436 628 3508 (79)
656 3437 971 3510 praecipiat,
990 3460 1019 3491 «
1052 3442 1116 3493 ut
1148 3441 1576 3513 unusquisque,
1610 3441 1660 3499 si
1693 3441 1817 3498 ﬁeri
1851 3459 1992 3514 pos-

321 3530 430 3593 set,
463 3525 888 3598 expositionem
943 3528 1195 3601 symboli
1243 3533 1300 3584 et
1348 3530 1628 3586 orationis
1674 3529 1988 3587 Dominicae

308 3614 490 3685 juxta
523 3615 893 3672 traditionem
927 3617 1382 3673 orthodoxorum
1415 3635 1591 3691 penes
1622 3636 1684 3674 se
1708 3619 1987 3692 scriptam

320 3703 592 3763 haberet.
629 3726 657 3752 »
688 3704 781 3762 Uti
828 3721 962 3769 vero
1013 3706 1297 3779 temporis
1347 3706 1496 3763 ratio
1545 3707 1788 3775 ferebat,
1837 3726 1985 3781 quas,

316 3808 460 3851 cum
491 3792 888 3864 antiquiorum
943 3794 1292 3867 populorum
1342 3794 1580 3871 ingenia
1630 3795 1984 3865 senuissent,

317 3881 717 3941 recentiorum
748 3898 883 3939 vero
914 3882 1223 3941 infantiam
1252 3884 1443 3943 adhuc
1475 3886 1989 3957 agerent,nonnisi

316 3968 519 4031 aliena
546 3987 857 4043 congerere
886 3972 1225 4039 valebat,ita
1254 3977 1311 4028 et
1342 3973 1633 4033 Brunonis
1656 3990 1804 4047 opus
1828 3991 1990 4031 mera

292 4059 661 4131 'compilatio
692 4064 803 4141 est,
837 4061 1227 4135 undequaque
1259 4078 1327 4117 ex
1350 4062 1589 4121 Patrum
1614 4063 1849 4135 scriptis
1871 4063 1989 4119 col-

314 4147 495 4213 lecta,
528 4148 610 4202 ita
639 4153 836 4204 tamen
866 4152 933 4204 ut
963 4166 1174 4224 negare
1205 4167 1321 4206 non
1370 4150 1691 4224 possimus,
1718 4152 1989 4223 judicum

316 4241 502 4308 atque
532 4236 711 4298 crisin
742 4254 819 4293 ex-
840 4236 1147 4312 colligendi
1179 4240 1350 4299 modo
1381 4239 1730 4297 elucescere.

386 4325 757 4381 Praefationis
789 4326 1401 4399 Brunonianaepartes
1436 4344 1543 4385 suo
1575 4327 1702 4384 loco
1734 4327 1988 4401 prOpriis

320 4414 670 4473 auctoribus
699 4414 1150 4471 vindicabimus.
1186 4416 1316 4488 Ipse
1346 4432 1479 4472 vero
1527 4416 1986 4475 commentarius

314 4503 373 4558 in
405 4501 676 4559 Psalmos
705 4520 773 4559 ex
823 4504 1209 4579 sequentibus
1261 4502 1539 4561 collectus
1592 4508 1699 4571 est,
1732 4521 1983 4576 quorum

316 4590 566 4647 nomina
598 4591 847 4663 prafixis
875 4591 1203 4653 initialibus
1241 4590 1451 4653 litteris
1500 4591 1853 4662 indicantur,
1888 4593 1982 4648 ni-

310 4681 588 4741 mirum:
632 4680 1000 4752 Augustinus
1029 4682 1156 4750 (A);
1193 4681 1573 4741 Pseudobeda
1603 4681 1711 4750 (Β).
1747 4682 1848 4753 qui
1879 4699 1986 4737 εω-

309 4768 455 4841 pius
492 4768 553 4822 in
586 4768 949 4841 argumentis
970 4768 1515 4834 occurrit,rariusin
1533 4770 1984 4838 commentario;

307 4855 703 4912 Cassiodorus
720 4856 827 4925 (Cl,
854 4873 969 4929 quo
986 4857 1242 4915 maxime
1260 4874 1404 4914 usus
1422 4861 1539 4925 est;
1555 4857 1983 4932 Gregorius(G),

309 4944 417 5017 qui
444 4943 681 5000 nonnisi
705 4945 893 5001 sexies
915 4945 1203 5014 occurrit;
1229 4946 1589 5003 Breviarium
1613 4945 1979 5014 inPSalmos,

312 5033 679 5104 Hieronymo
712 5033 804 5104 (H)
836 5033 1151 5089 tributum.
1187 5032 1250 5088 ln
1283 5033 1540 5091 Canticis
1584 5033 1863 5106 Origenes
1892 5033 1980 5106 (Ο)

309 5119 656 5193 aliquoties,
664 5121 983 5177 Rhabanus
995 5123 1238 5179 Maurus
1255 5122 1439 5178 semel
1449 5122 1501 5178 al
1510 5122 1743 5196 legantu
1751 5124 1979 5179 r.Teste

288 5304 311 5325 ι
385 5281 504 5351 (77')
531 5280 785 5337 InDeut.
819 5298 870 5338 e.
902 5284 993 5351 25,
1030 5284 1114 5338 11.

442 5354 501 5426 8)
538 5352 599 5426 ln
623 5353 1166 5426 catalogotestiumi
1190 5353 1487 5426 catholica
1519 5353 1797 5409 veritatis.

380 5425 500 5561 (79)
531 5425 638 5494 Ap.
678 5423 1113 5481 Dacheriumin
1147 5424 1479 5498 Spicilegio,
1511 5429 1553 5480 t.
1585 5430 1608 5479 Ι
1640 5442 1699 5496 p.
1729 5426 1853 5481 376.

383 5495 478 5561 (80
531 5497 612 5548 Cf.
649 5499 710 5549 Β.
746 5494 915 5551 Card.
947 5496 1248 5552 Thomasii
1282 5495 1630 5555 Psalterium
1671 5513 1805 5555 cum
1839 5515 1853 5553 ‹

383 5494 612 5576 (80)“Cf.
649 5499 710 5549 Β.
743 5494 915 5576 Gaqd.
947 5494 1248 5576 Th_omasii
1282 5494 1805 5555 Psalterium—cum
1839 5514 1976 5553 can-

310 5565 470 5633 ticis,
506 5565 702 5622 Romae
736 5568 871 5645 1697
906 5568 1063 5638 praef.
1098 5585 1155 5640 p.
1188 5585 1264 5622 xl.

2173 3258 2469 3330 Expositio
2499 3258 2780 3313 orationis
2812 3257 3128 3313 Dominicis
3150 3262 3216 3315 .et
3246 3258 3495 3332 symboli
3528 3263 3756 3333 aposto-

2102 3347 2294 3407 lorum
2329 3364 2431 3420 per
2462 3347 2947 3420 interrogationes
2977 3351 3036 3402 et
3065 3347 3419 3420 quaestiones
3460 3347 3756 3420 dispositae

2102 3435 2407 3491 simillima
2435 3440 2523 3493 est
2553 3435 2908 3493 catechismo
2940 3434 3152 3509 illi,qui
3188 3436 3244 3492 in
3280 3436 3582 3493 scrutiniis
3620 3441 3752 3497 ante

2102 3524 2461 3597 baptismum
2495 3528 2636 3583 tunc
2666 3524 2858 3580 adhuc
2888 3523 3535 3599 habebantur,quorum
3564 3541 3754 3582 exem-

2101 3612 2198 3685 pla
2228 3613 2382 3685 apud
2416 3611 2823 3685 liturgicorum
2862 3618 3385 3671 monumentorum
3424 3612 3756 3671 collectores

2100 3702 2353 3774 reperire
2385 3707 2493 3761 est.

2173 3793 2259 3846 14.
2294 3791 2528 3849 Maximi
2559 3808 2699 3849 sane
2743 3790 3024 3847 momenti
3076 3792 3245 3847 nobis
3297 3791 3406 3847 fuit
3454 3792 3751 3865 indagare,

2101 3879 2292 3951 qualis
2321 3880 2628 3939 habendus
2659 3878 2734 3934 sit
2762 3883 2952 3934 textus
2972 3879 3537 3951 psalmorum,quem
3560 3880 3753 3937 Bruno

2100 3986 2206 4024 suo
2237 3969 2655 4027 commentario
2686 3969 3016 4040 supposuit,
3052 3973 3251 4041 utpote
3282 3968 3387 4042 qui
3421 3969 3750 4024 vetustissi-

2099 4073 2262 4119 mum
2286 4061 2344 4113 et
2370 4056 2429 4111 in
2461 4056 2673 4115 multis.
2696 4055 2867 4128 plane
2898 4056 3197 4129 singulare
3248 4061 3460 4114 nostra;
3491 4056 3750 4130 Vulgata:

2097 4145 2392 4217 exemplar
2406 4145 2838 4201 sit.Notandum
2860 4145 3187 4218 przeprimis
3204 4144 3399 4216 ipsum
3419 4145 3749 4200 Brunonem

2097 4233 2255 4288 hunc
2288 4250 2460 4291 suum
2495 4236 2717 4291 textum
2750 4231 2810 4287 in
2848 4229 3457 4287 animadversionibus
3505 4230 3748 4297 criticis,

2097 4339 2226 4394 quae
2256 4321 2394 4377 hinc
2425 4321 2560 4377 inde
2592 4323 2905 4379 occurrunt
2926 4319 3100 4391 (82).a
3123 4319 3384 4375 Romano
3416 4319 3749 4393 Hieronymi

2096 4409 2371 4483 psalterio
2397 4415 2454 4465 et
2482 4426 2550 4465 ea
2579 4426 2765 4481 quam
2788 4426 2855 4465 ex
2878 4408 3110 4464 Hebraeo
3139 4408 3474 4465 immediate
3496 4413 3750 4467 transtu-

2097 4498 2181 4565 lit,
2216 4499 2477 4555 versione
2508 4497 2890 4570 distinguere,
2923 4497 3040 4553 imo
3087 4496 3265 4554 semel
3297 4501 3355 4553 et
3383 4514 3417 4551 a
3449 4496 3750 4553 Gallicana

2092 4588 2224 4659 (83),
2258 4603 2506 4658 eamque
2537 4610 2562 4636 ‹‹
2604 4590 2867 4642 nostram
2915 4585 3385 4653 translationem,
3418 4610 3445 4636 ››
3479 4586 3647 4657 quasi
3674 4586 3748 4639 ab

2098 4676 2230 4732 aliis
2257 4677 2535 4735 omnibus
2563 4675 2926 4733 diversarum
2960 4676 3249 4731 dictitare.
3283 4674 3444 4740 Quod
3477 4678 3534 4729 et
3561 4672 3748 4727 editor

2098 4763 2597 4839 Reyserianus,vir
2613 4763 2910 4820 oculatissi
2919 4782 3051 4820 mus
3066 4764 3243 4827 vidit;
3265 4779 3399 4817 nam
3424 4762 3483 4815 in
3507 4759 3744 4833 prologo

2095 4871 2200 4910 suo
2233 4854 2644 4911 animadvertit
2670 4871 2682 4908 :
2712 4875 2739 4904 «
2763 4857 3030 4907 nostrum
3062 4851 3220 4906 istud
3252 4848 3577 4904 beatissimi
3600 4848 3746 4904 anti-

2094 4966 2121 4994 ‹‹
2157 4943 2310 4999 stitia
2324 4942 2578 4999 Brunoni
2598 4940 2941 5014 psalterium
2963 4940 3021 4995 in
3035 4938 3225 4993 verbis
3235 4937 3591 5010 quandoque
3606 4953 3741 4992 cum

2095 5055 2122 5082 ‹‹
2156 5033 2392 5089 Hebrzea
2421 5030 2662 5085 veritate
2692 5033 2794 5083 aut
2826 5028 3087 5082 Romana
3116 5025 3590 5098 interpretatione
3613 5043 3744 5081 con-

2087 5145 2115 5171 ‹‹
2150 5121 2397 5176 cordans
2419 5120 2490 5175 ab
2515 5116 2745 5174 usitatis
2769 5120 2982 5171 nostra:
3004 5114 3314 5171 Gallicana:
3338 5114 3742 5173 translationis

2157 5279 2272 5349 (81)
2305 5275 2641 5349 Patrologia:
2674 5273 3120 5349 t.CI_cAol.750h.
3151 5292 3282 5347 sqq.

2157 5347 2270 5419 (82)
2302 5350 2394 5405 Ps.
2439 5347 2678 5415 44,19;
2709 5348 2802 5419 67,
2827 5347 2928 5419 33;
2960 5348 3049 5413 86,
3082 5348 3150 5413 3;
3182 5349 3272 5415 87,

2089 5418 2211 5489 404,
2245 5418 2347 5487 ‘22;
2384 5421 2504 5479 104.
2536 5421 2639 5485 27;
2678 5418 2797 5485 106,
2832 5418 2932 5486 40;
2971 5419 3090 5485 134,
3128 5420 3211 5474 13.

2159 5495 2269 5566 (93)
2304 5493 2394 5547 Ps.
2432 5492 2534 5549 146
2569 5493 2616 5545 1η.

3325 5346 3441 5415 tit.;
3491 5346 3581 5414 88,
3634 5345 3734 5415 19;
