4086 6180
310 272 395 345 ΞΘ

1720 275 2371 388 -ΡθθιΕθΟΜεΝΑγ

3642 281 3734 345 -30

391 412 721 472 Editionum
753 426 1087 480 numerum,
1118 409 1313 467 locum
1345 414 1402 468 et
1430 414 1665 484 tempus
1692 394 1812 468 non
1844 396 2056 478 sitim
2086 402 2204 470 {Cet
2234 406 2555 469 dictionum
2594 409 2964 472 ’séluirtinon
2996 413 3074 472 sit
3102 413 3172 472 ad
3207 414 3453 473 formam
3485 414 3733 473 aliorum

319 502 620 576 multiplici
654 519 849 558 errore
879 501 1215 557 indicarunt
1247 507 1512 556 auctores
1550 499 1961 582 biblipgraphi,

317 594 435 650 Nos
466 593 522 647 in
556 590 924 647 bibliothecis
954 595 1079 646 tum
1110 589 1568 661 hujatibus,tum
1600 589 1966 671 Monacensis
1986 640 1999 667 .

318 682 430 737 bus
461 679 959 736 accuratissimam
994 679 1223 734 institui
1256 662 1700 751 inquisitionem
1734 661 2004 734 Batava;

318 787 455 825 mus
483 774 538 824 et
564 769 708 824 alias
740 772 948 840 prater
977 771 1288 840 sequentes
1318 769 1582 841 detegere
1615 785 1728 823 non
1763 768 1893 823 fuit.

390 859 566 914 Editio
596 859 930 930 Reywrz'ana
953 857 1246 930 princeps,
1278 874 1431 913 anno
1463 858 1543 912 uti
1579 857 1805 913 videtur
1836 857 1969 913 1480

318 948 377 1003 in
410 946 546 1002 folio
577 945 788 1000 minori
822 944 1114 1017 Hcrbipoli
1168 946 1475 1019 impressa.
1519 946 1768 1002 Censent
1796 946 1968 1018 periti

318 1037 429 1092 hoc
461 1035 637 1092 luisse
667 1034 915 1090 alterum
972 1034 1146 1090 Jeorii
1202 1036 1417 1108 Reyser
1439 1052 1606 1106 opus,
1641 1035 1794 1107 quod
1836 1039 1970 1107 post

316 1124 668 1180 breviarium
704 1123 809 1179 hac
842 1124 899 1178 in
942 1124 1093 1205 .urbc
1139 1123 1457 1195 impressit.
1492 1125 1589 1179 Est
1619 1129 1815 1180 autem
1847 1124 1968 1179 haec

314 1214 488 1270 editio
518 1231 585 1268 ex
615 1211 979 1285 autographa
1010 1212 1320 1280 Brunonis,
1356 1216 1419 1266 ut
1468 1212 1593 1285 ipse
1624 1212 1812 1268 editor
1859 1229 1968 1267 no-

314 1306 416 1369 tat,
450 1317 744 1373 expressa.

382 1390 619 1463 Reyseri
652 1388 964 1444 editionem
991 1389 1081 1445 bis
1112 1389 1169 1444 in
1202 1395 1411 1461 quarto
1434 1389 1654 1445 recudit
1676 1390 1967 1445 Antonius

312 1479 628 1551 Koberger,
663 1478 835 1549 cujus
864 1477 1148 1534 editiones
1170 1496 1271 1551 pro
1305 1479 1509 1550 primis
1530 1478 1728 1533 haberi
1757 1478 1967 1534 solent.

382 1568 564 1622 Editio
610 1567 1009 1638 Kobcrgeriana
1058 1567 1080 1622 Ι
1121 1584 1173 1621 a.
1228 1568 1363 1621 1494
1410 1566 1801 1639 Norimbergm
1858 1569 1971 1636 (9t)

311 1657 394 1711 vel
428 1655 695 1725 Coleniae,
727 1658 793 1710 ut
823 1655 998 1710 habet
1024 1655 1263 1711 Caveus.

383 1746 559 1801 Editz’o
612 1746 1018 1846 Kobergerian‘e
1064 1749 1115 1846 It
1150 1762 1211 1843 .a.
1260 1746 1398 1800 1407
1441 1745 1831 1846 ἕονίῐηὺοιτεω
1882 1746 1968 1800 vel
2002 1783 2048 1846 Β

307 1835 607 1907 Augustaa,
637 1837 706 1888 ut
735 1832 1035 1889 contendit
1063 1834 1411 1888 Reimmaun
1445 1835 1580 1902 (92).
1779 1888 1797 1903 ,

376 1923 561 1979 εάἰιὶο
593 1923 810 1978 Cochlei
858 1923 1069 1995 Lipsia:
1103 1924 1241 1978 1533
1271 1923 1329 1977 in
1363 1924 1420 1977 4ο
1448 1924 1604 1978 edita
1633 1940 1667 1978 a
1695 1923 1825 1978 Joh.
1862 1926 1965 1979 Co-

309 2011 495 2079 chleo,
532 2010 841 2067 notissimo
873 2011 1109 2067 Lutberi
1131 2011 1481 2079 adversario,
1506 2018 1682 2083 atque
1702 2014 1965 2068 Conrado

308 2117 340 2156 a
367 2101 718 2170 Thuengen,
753 2100 1026 2173 episcopo
1076 2100 1477 2173 Herbipolensi
1525 2101 1736 2165 dicata,
1772 2106 1966 2172 patro-

307 2188 644 2244 cinantibus
673 2188 939 2261 Georgio,
966 2189 1223 2243 Saxonize
1272 2189 1438 2254 duce,
1476 2189 1609 2244 ﬁdei
1637 2189 1965 2244 orthodoxa:

308 2277 614 2333 defensore
645 2275 1124 2332 constantissimo
1158 2293 1170 2331 :
1205 2277 1430 2332 Joanne
1475 2294 1507 2331 a
1538 2276 1965 2350 Schleyer,epi-

308 2383 480 2438 scopo
519 2366 819 2431 Misncnsi,
848 2369 912 2444 _et
936 2365 1113 2420 Paulo
1135 2364 1672 2433 Dulciario,decano
1691 2366 1964 2421 Budisse-

310 2454 611 2525 nensi,qui
642 2453 904 2526 legatum
937 2470 1066 2509 esse
1095 2452 1298 2519 voluit,
1333 2470 1366 2507 a
1396 2470 1455 2508 se
1485 2454 1841 2525 pauperibus
1872 2472 1965 2508 sa-

308 2543 648 2599 cerdotibus
681 2542 947 2597 relictum
982 2544 1112 2612 (93).
1147 2542 1304 2597 Duas
1335 2542 1405 2596 de
1435 2541 1544 2596 hac
1576 2559 1683 2597 sua
1711 2542 1967 2597 editione

307 2631 540 2687 Cochlei
569 2630 847 2703 epistolas
896 2648 949 2686 a.
986 2632 1140 2699 1532,
1175 2630 1423 2687 servavit
1469 2629 1599 2687 Joh.
1636 2631 1801 2703 Bapt.
1837 2631 1964 2686 Rie-

308 2720 480 2776 derer
510 2720 642 2790 (94).

376 2808 516 2863 Haec
563 2807 790 2863 Cochlei
839 2806 1014 2863 editio
1054 2808 1114 2862 in
1146 2808 1493 2864 Bz’btz’othccis
1523 2811 1769 2875 Patrum,
1807 2809 1965 2863 Colo-

308 2899 501 2952 niensi
532 2898 666 2952 1618
700 2903 742 2952 t.
773 2896 845 2951 XI
877 2900 935 2951 et
967 2897 1313 2965 Lugdunensz’
1338 2898 1471 2951 1677
1499 2900 1539 2952 t.
1564 2896 1737 2951 XVIII
1764 2913 1968 2952 recusa

310 2990 415 3041 est.

375 3073 605 3130 Prodiit
636 3074 889 3146 denique
921 3073 1213 3146 Herbipoli
1249 3075 1379 3129 1721
1417 3073 1763 3129 Psalterium
1794 3074 1965 3129 Davi-

2064 525 2109 579 με
2143 503 2591 569 emendandam,
2621 520 2725 559 nec
2759 503 3007 559 aliorum
3040 504 3111 560 ad
3158 503 3300 560 illud
3340 528 3366 553 ››
3389 508 3446 561 et
3493 503 3731 560 similia.

2058 590 2316 675 -Diversa
2348 580 2517 675 plane
2548 582 3122 675 prgincipia‘secutus
3152 597 3242 648 est
3293 592 3596 659 Cochlcus,
3631 593 3731 665 qui

2078 670 2233 734 hunc
2265 667 2585 743 sibi‘flnem
2610 667 3101 753 pi‘epOauératmt
3121 680 3348 737 clericis
3370 685 3427 737 et
3446 681 3735 755 religiosis

2078 769 2149 823 ad
2174 767 2432 840 psalmos
2454 769 2783 825 recitandos
2805 768 3078 842 obligatis
3118 774 3319 841 aptum
3348 770 3643 842 quoddam
3670 787 3734 825 ac

2077 857 2559 929 compendiosum
2594 857 2959 914 Psalmorum
2983 858 3474 914 commentarium
3506 876 3737 932 compa-

2077 946 2405 1002 raret.Huic
2437 945 2534 1001 ille
2560 945 2816 1002 maxima
2845 963 2985 1001 cura
3014 951 3189 1018 atque
3220 946 3612 1003 sollicitudine
3642 952 3731 1002 te-

2079 1034 2521 1090 nuitlectionem
2548 1039 2605 1089 et
2617 1035 3050 1106 punctationem
3067 1035 3598 1107 autographi,quod
3615 1053 3733 1108 prae

2077 1122 2262 1179 oculis
2286 1123 2619 1189 habebat,et
2650 1123 2776 1195 ideo
2801 1124 2945 1178 dure
2967 1140 3029 1180 se
3058 1123 3117 1178 in
3149 1123 3258 1179 hoc
3280 1122 3557 1196 psalterio
3577 1123 3735 1180 labo-

2078 1229 2239 1267 rasse
2270 1210 2367 1267 ait.
2402 1211 2507 1266 Hic
2536 1227 2672 1266 vero
2702 1228 2829 1283 quae
2874 1212 2948 1266 ad
2993 1211 3259 1267 strictam
3313 1211 3730 1284 grammatices

2078 1317 2344 1356 normam
2376 1298 2533 1355 dicta
2566 1317 2679 1355 non
2710 1299 3452 1368 erant,correxit,duriores
3478 1305 3733 1357 structu-

2078 1406 2172 1443 ras
2204 1387 2738 1455 emollivit,addidit
2768 1393 2941 1460 atque
2966 1388 3212 1444 mutavit
3234 1388 3432 1445 obelos
3453 1394 3509 1444 et
3529 1390 3733 1445 asteri-

2077 1495 2195 1533 cos.
2230 1478 2389 1543 Quod
2423 1495 2490 1532 ex
2518 1477 2823 1549 utriusque
2846 1478 3152 1534 collatione
3171 1483 3569 1550 apparet,cum
3593 1480 3736 1551 Rey-
3802 1508 3815 1519 -

2078 1585 2173 1623 ser
2203 1567 2363 1622 illam
2397 1571 2733 1623 constanter
2777 1566 3084 1623 lectionem
3117 1567 3352 1633 habeat,
3377 1585 3504 1640 quae
3538 1568 3735 1622 minus

2078 1656 2334 1729 elegans,
2370 1655 2567 1712 minus
2615 1656 3026 1729 grammatices
3058 1655 3277 1729 regulis
3326 1656 3622 1727 adaptata,
3671 1654 3732 1710 in

2079 1751 2237 1801 textu
2268 1761 2402 1801 vero
2452 1744 2635 1810 illam,
2691 1764 2817 1817 quae
2872 1745 3069 1801 minus
3115 1749 3398 1801 consueta
3429 1748 3536 1800 est.
3570 1745 3733 1810 Quod

2076 1851 2209 1889 vero
2239 1835 2367 1905 ejus
2398 1833 2801 1889 auctoritatem
2836 1834 3113 1901 firmat,id
3149 1837 3239 1889 est
3268 1834 3423 1907 quod
3474 1832 3734 1888 codicem

2076 1923 2465 1978 Ebracensem
2488 1926 2822 1978 constanter
2852 1922 2963 1977 sibi
2997 1938 3321 1977 consonum
3365 1921 3598 1988 habeat,
3634 1919 3735 1976 ubi

2078 2011 2187 2067 iste
2219 2013 2546 2067 Brunonem
2575 2011 2633 2065 in
2666 2010 3077 2082 compendium
3111 2027 3224 2066 non
3260 2009 3501 2083 redegit,
3520 2009 3735 2082 quibus
3782 2032 3797 2051 ο

2076 2100 2147 2155 de
2175 2099 2368 2155 causis
2401 2116 2508 2155 nos
2539 2098 2700 2154 nullo
2725 2100 2897 2154 modo
2920 2097 3338 2154 dubitavimus.
3362 2096 3596 2170 Reyseri
3620 2102 3737 2153 tex-

2075 2193 2199 2244 tum
2228 2193 2290 2242 ut
2311 2186 2632 2259 plurimum
2656 2186 3124 2253 restituere,licet
3153 2204 3220 2242 eo
3254 2187 3381 2260 ipso
3419 2185 3670 2241 multum
3702 2205 3736 2242 a

2076 2277 2309 2350 vulgata
2328 2276 2556 2332 Cochlei
2590 2275 2834 2331 lectione
2865 2275 3147 2331 recessuri
3180 2275 3735 2346 eramus.Ejecimus

2076 2366 2250 2421 etiam
2284 2383 2411 2438 quae
2442 2364 2725 2421 Cochlcus
2756 2365 2826 2419 de
2858 2382 2964 2420 suo
3003 2364 3250 2430 addidit,
3282 2363 3736 2421 commentarios

2077 2456 2459 2520 canticorum,
2494 2453 2861 2509 collationem
2894 2470 3027 2509 cum
3077 2454 3314 2509 Hebraeo
3346 2457 3503 2509 textu
3535 2457 3593 2508 et
3621 2452 3735 2509 alia

2077 2544 2339 2614 ejusdem
2354 2543 2747 2615 generis,cum
2772 2542 2939 2597 nobis
2961 2560 3077 2598 non
3103 2541 3514 2609 Cochleus,sed
3541 2543 3734 2598 Bruno

2076 2633 2338 2687 edendus
2370 2632 2466 2687 sit.
2503 2631 2736 2687 Maximi
2778 2648 2911 2687 vero
2960 2631 3130 2687 nobis
3160 2630 3378 2689 laboris
3420 2648 3571 2702 opus
3604 2631 3731 2698 fuit,

2078 2720 2369 2776 Brunonis
2401 2720 2799 2792 praefationem
2830 2721 3157 2787 restituere,
3179 2738 3282 2793 pro
3305 2738 3422 2793 qua
3449 2719 3733 2777 Cochlcus

2077 2810 2373 2883 propriam
2408 2809 2810 2866 substituerat.
2845 2809 3035 2866 Codex
3065 2809 3251 2865 multa
3288 2808 3590 2875 omiserat,
3623 2808 3737 2864 alia

2079 2898 2402 2965 addiderat,
2432 2903 2606 2970 atque
2638 2897 2763 2970 ipse
2811 2900 3028 2971 Reyscr
3072 2898 3181 2953 hac
3214 2898 3273 2953 in
3306 2903 3469 2970 parte
3500 2898 3737 2970 prepria

2077 2989 2345 3060 quaedam
2380 2987 2802 3053 immiscuerat,
2824 2988 3113 3042 ilatamen
3136 2991 3201 3041 ut
3230 2985 3512 3058 distingui
3541 3003 3575 3040 a
3597 2986 3736 3040 Bru-

2076 3076 2350 3133 nonianis
2372 3076 2731 3148 queant.Nos
2754 3074 3366 3148 igitur.deﬁcientibus
3383 3074 3514 3129 aliis
3542 3074 3762 3147 praes},

309 3163 395 3219 dis
423 3179 567 3218 cum
603 3162 756 3218 notis
786 3168 843 3219 et
871 3162 1307 3218 commentariis
1337 3163 1394 3218 S.
1430 3162 1740 3230 Brunonis,
1773 3179 1964 3234 quon-
1996 3146 2039 3214 C
2078 3165 2191 3220 diis
2223 3146 2444 3220 textum
2500 3146 2853 3236 praefationis
2911 3179 3026 3235 quo
3084 3162 3311 3218 meliori
3368 3161 3493 3218 ﬁeri
3542 3146 3736 3235 potuit

311 3251 442 3307 dam
478 3251 743 3324 episcopi
788 3251 1245 3324 llerbipolensis,
1285 3250 1452 3307 almze
1499 3250 1966 3324 congregationis

314 3341 516 3412 majori
571 3340 916 3396 academica:
948 3345 1009 3395 Β.
1044 3341 1117 3395 Μ.
1161 3340 1229 3395 V.
1263 3339 1619 3395 annuntiataa
1671 3338 1966 3411 Hcrbipoli

318 3429 578 3484 oblatum
611 3428 671 3483 in
707 3431 816 3494 12°,
849 3429 1004 3500 quod
1038 3434 1230 3484 tamen
1253 3429 1346 3483 vix
1376 3427 1668 3484 Brunonis
1706 3428 1969 3483 editioni-

314 3517 415 3574 bus
444 3518 965 3574 annumerandum
994 3522 1101 3585 est,
1135 3534 1269 3572 cum
1311 3517 1766 3572 commentarius
1796 3517 1967 3590 plane

310 3606 660 3662 immutatus
691 3606 867 3661 fuerit
897 3623 965 3662 ex
996 3605 1243 3661 Leblanc
1272 3610 1330 3660 et
1361 3606 1510 3662 aliis.

376 3698 461 3751 17.
496 3695 665 3759 Quod
695 3695 769 3750 ad
802 3694 1206 3767 przesidiorum
1262 3694 1680 3751 recensitorum
1714 3693 1964 3750 valorem

307 3783 534 3851 attinet,
570 3801 685 3856 prae
716 3783 925 3857 primis
953 3783 1335 3840 excludamus
1365 3787 1631 3856 opportet
1683 3784 1964 3839 secunda-

307 3872 421 3928 rias
451 3872 744 3929 editiones
783 3889 1008 3939 omnes,
1057 3872 1557 3944 remanebuntque
1607 3873 1965 3927 conferenda:

306 3960 665 4033 Reyseriana
695 3965 752 4016 et
779 3958 1122 4026 Cochleana,
1148 3977 1319 4032 porro
1350 3960 1651 4032 codex,qui
1686 3959 1847 4015 solus
1868 3977 1966 4015 no-

305 4048 393 4104 bis
424 4054 643 4122 prasto
667 4049 1334 4116 fuit,Ebracensis.Inter
1352 4049 1475 4105 haec
1497 4049 1751 4121 primum
1772 4048 1964 4104 locum

307 4138 531 4210 absque
562 4137 739 4195 dubio
770 4137 958 4194 editor
988 4138 1375 4211 Reyserianus
1405 4136 1765 4210 occupat,vir
1794 4155 1965 4211 saga-

308 4224 587 4282 cissimus
616 4230 674 4281 et
704 4228 803 4299 qui
836 4244 992 4283 sana:
1023 4227 1255 4282 critices
1288 4225 1575 4299 principia
1611 4227 1966 4298 sequebatur

306 4330 406 4370 suo
438 4320 709 4386 tempore
738 4316 831 4370 vix
863 4332 976 4370 non
1001 4315 1285 4370 inaudita.
1320 4314 1549 4386 Optime
1577 4313 1733 4370 enim
1766 4313 1864 4370 ille
1886 4315 1965 4371 vi-

307 4401 663 4469 dit,editoris
683 4420 799 4459 non
831 4420 958 4459 esse
990 4408 1286 4459 auctorem
1320 4420 1495 4458 suum
1522 4404 1828 4475 corrigere,
1864 4421 1960 4460 ne-

305 4506 412 4561 que
443 4492 742 4557 exhibere,
775 4493 915 4564 quid
962 4491 1059 4547 ille
1108 4493 1299 4548 dicere
1341 4491 1626 4552 debuerit.
1676 4494 1777 4547 sed
1820 4494 1960 4565 quid

306 4577 684 4636 dixerit.Hinc
707 4581 764 4636 in
797 4581 1226 4655 prolegomenis
1257 4580 1372 4638 late
1390 4581 1657 4654 exposuit
1688 4597 1701 4635 :
1737 4604 1763 4631 ‹‹
1796 4582 1956 4646 Quod

305 4690 332 4715 α
364 4668 649 4739 psalteria
679 4674 916 4742 propter
956 4670 1351 4726 diversitatem
1400 4674 1732 4743 temporum
1774 4669 1959 4725 solam

310 4774 336 4806 ι
362 4756 420 4811 in
448 4757 647 4813 verbis
666 4763 952 4832 repertam
976 4776 1091 4815 non
1114 4764 1253 4814 sunt
1280 4760 1664 4815 emendanda.
1701 4781 1728 4808 ››
1746 4780 1773 4808 ‹‹
1795 4758 1961 4823 Quod

304 4866 331 4891 κ
366 4844 529 4899 istud
564 4845 909 4917 psalterium
936 4851 1171 4919 propter
1190 4847 1581 4903 diversitatem
1606 4851 1958 4920 punctorum

369 4988 487 5051 (91)
521 4987 604 5060 Cf.
638 4988 837 5044 Raeder
866 4989 1107 5060 catalog.
1145 4988 1425 5045 librorum
1457 5006 1588 5045 szec.
1621 5006 1689 5044 xv
1728 4988 1957 5044 Norim-

300 5057 493 5133 bergas
523 5059 941 5133 impressorum
976 5078 1032 5133 _n.
1060 5057 1199 5133 "210.
1222 5062 1348 5133 250,
1381 5061 1501 5127 403,
1554 5060 1653 5133 qui
1686 5060 1778 5115 his
1811 5062 1955 5133 dua-

303 5127 433 5182 bus'
464 5127 697 5204 tertiam
732 5131 1017 5203 praeponit
1067 5131 1201 5185 anni
1237 5132 1394 5197 1183,
1427 5127 1958 5204 qum—Reyseriana

300 5214 432 5254 esse
463 5200 713 5255 videtur.

520 5271 774 5354 qatalog.
812 5271 1243 5354 giblatheolo‘g.
1276 5290 1333 5344 p.
1365 5274 1488 5352 3.57.

370 5343 491 5409 (93)
522 5342 775 5400 Alteram
809 5343 1040 5400 Cochlei
1071 5342 1386 5400 editionem
1411 5343 1466 5398 in
1492 5343 1625 5400 folio
1657 5343 1950 5415 Hcrbipoli

2079 3253 2250 3309 modo
2280 3253 2686 3320 restituimus;
2720 3251 2780 3307 in
2828 3251 2971 3308 locis
3018 3268 3151 3307 vero
3203 3252 3462 3322 Patrum,
3504 3267 3573 3306 ex
3604 3250 3733 3322 qui-

2076 3342 2188 3397 bus
2218 3341 2378 3397 illam
2412 3341 2604 3396 Bruno
2637 3340 2949 3413 congessit,
2982 3341 3111 3413 ejus
3149 3338 3457 3395 lectionem
3490 3338 3733 3395 retinui-

2078 3448 2234 3487 mus.

2147 3519 2276 3575 Jam
2319 3536 2453 3574 vero
2485 3518 2683 3574 omnia
2710 3536 2817 3574 nos
2846 3516 3165 3591 explevisse
3195 3517 3570 3585 confidimus,
3604 3516 3735 3590 qui-

2076 3610 2189 3664 bus
2218 3606 2507 3663 Brunonis
2554 3607 2713 3679 operi
2760 3606 3202 3679 praeludendum
3235 3610 3378 3671 erat,
3411 3621 3599 3677 neque
3631 3623 3734 3661 su-

2076 3701 2270 3770 perest
2295 3694 2451 3751 aliud
2476 3695 3015 3767 praestandummisi
3036 3699 3101 3748 ut
3116 3694 3381 3766 publicas
3399 3693 3515 3749 illis
3537 3698 3733 3767 grates

2077 3803 2323 3859 agamus
2383 3784 2482 3857 qui
2540 3783 2803 3848 consilio,
2876 3800 3069 3856 opera,
3130 3782 3368 3855 scriptis
3439 3782 3733 3855 adjutores

2076 3874 2259 3929 nostri
2292 3874 2545 3937 fuerunt,
2601 3872 2894 3944 imprimis
2930 3889 3063 3928 vero
3121 3871 3434 3927 reverendo
3492 3871 3731 3926 domino

2074 3961 2322 4017 Antonio
2373 3960 2946 4034 Ruland,theologiae
2977 3961 3198 4017 doctori
3239 3964 3415 4031 atque
3468 3959 3529 4015 in
3587 3977 3723 4015 nos-

2076 4055 2165 4106 tra
2196 4051 2305 4106 hac
2354 4050 2732 4106 universitate
2773 4048 2932 4105 Julia
2974 4054 3223 4105 summo'
3255 4047 3721 4113 bibliothecario,

2073 4139 2196 4195 viro
2244 4140 2323 4195 rei
2357 4143 2569 4195 nostra!
2626 4138 2972 4211 antiquariae
3030 4155 3097 4194 ac
3153 4136 3445 4192 litterariae
3503 4134 3731 4208 peritis-

2075 4228 2245 4284 simo.

2146 4340 2172 4367 «
2207 4317 2456 4388 Tibique
2485 4318 2618 4383 (95),
2661 4334 2694 4371 ο
2743 4319 2909 4389 pater
2954 4318 3043 4369 ter
3087 4317 3408 4386 quaterque
3457 4313 3644 4379 beate,
3677 4318 3734 4369 et

2076 4428 2103 4456 ‹‹
2138 4406 2396 4483 pontifex
2426 4410 2548 4459 toto
2578 4422 2694 4460 aevo
2723 4404 3072 4469 venerande,
3107 4400 3241 4457 felix
3284 4403 3501 4470 Bruno,
3535 4407 3731 4476 grates

1991 4515 2040 4580 Β
2073 4516 2101 4544 ‹‹
2134 4493 2460 4550 referimus.
2498 4494 2749 4565 Impetra
2779 4497 2844 4547 ut
2882 4492 3059 4565 digne
3088 4508 3322 4565 quoque
3351 4490 3616 4548 moribus
3646 4508 3730 4546 re-

2070 4607 2097 4632 ‹‹
2133 4583 2548 4655 spondeamus.
2585 4582 2971 4655 Diguissimas
3020 4581 3177 4637 enim
3200 4582 3419 4653 gratias
3440 4596 3610 4653 agere
3642 4584 3730 4634 est

2072 4694 2099 4722 ‹‹
2134 4671 2249 4726 Deo
2283 4670 2531 4726 fideliter
2559 4670 2771 4725 servire
2801 4675 3255 4742 sanctorumque
3282 4669 3460 4725 vitam
3486 4667 3722 4722 imitari.

2075 4781 2102 4812 ι
2133 4759 2394 4832 Idipsum
2424 4777 2656 4831 quoque
2686 4777 2753 4815 ex
2786 4765 2898 4815 Deo
2923 4759 3095 4831 digne
3120 4756 3367 4829 psallere
3398 4760 3455 4811 et
3485 4755 3545 4809 in
3570 4753 3726 4826 psal-

2070 4871 2097 4899 «
2131 4848 2275 4904 terio
2306 4849 2605 4921 proficere.
2642 4872 2669 4897 ››
3328 4864 3329 4867 η

2072 4990 2226 5053 1521,
2260 4990 2553 5047 recensuit
2585 4988 2820 5060 Lelong,
2855 4986 3001 5042 Bibl.
3038 5002 3203 5060 sacra
3232 4985 3324 5041 ed.
3370 4984 3576 5060 Boerp.
3607 4990 3651 5041 t.
3679 4986 3721 5050 Ι,

2067 5079 2125 5144 ρ..
2156 5063 2282 5129 647,
2316 5078 2443 5133 quae
2476 5060 2683 5115 nullibi
2727 5057 3063 5131 comparet;
3096 5057 3323 5113 videtur
3351 5073 3480 5147 esse
3511 5058 3719 5129 Reyse-

2069 5149 2251 5269 “(232).
2280 5199 2672 5256 Nachrichten
2705 5199 3722 5256 ZurKirchen-Gelehrten-undBue-

2068 5272 2537 5347 chergcschichte
2572 5272 2591 5327 Ι
2624 5272 2768 5347 Bud.
2801 5273 3184 5347 2t_es_$tueck_,
3220 5289 3275 5347 n_.
3310 5288 3487 5326 xxxii.

2140 5342 2249 5415 (95)
2283 5343 2470 5399 Verba
2501 5349 2639 5399 sunt
2667 5343 2906 5399 editoris
2936 5342 3293 5417 Reyseriani.
