4122 6184
161 346 222 404 ιι
1150 331 1161 337 “
1620 340 1789 403 PROI

1990 336 2231 399 MENA.
3541 344 3618 401 42

162 478 414 533 minibus
432 474 715 530 additum
738 472 1171 542 novorit,aeque
1192 488 1386 544 usque
1404 474 1473 527 ad
1497 475 1847 542 duo(ruhra)
1879 475 1931 539 Α
1960 471 2189 543 Aquila,
2223 470 2320 542 qui
2355 470 2662 525 verborum
2706 472 3081 529 Hebraeorum
3125 472 3621 544 diligentissimus

161 571 371 639 puncta
398 566 580 637 juxta
612 560 1044 618 Theodotiouis
1067 561 1363 616 duntaxat
1392 562 1726 630 editionem,
1750 562 1849 634 qui
1958 560 2276 632 explicator
2306 565 2416 625 est,
2438 560 2572 626 sala,
2596 559 2708 616 hoc
2740 573 2848 630 est,
2868 563 3202 634 diapsalma
3222 563 3394 634 (10.3),
3417 580 3627 634 semper

163 654 543 728 simplicitate
566 651 872 707 sermonis
893 667 928 705 a
953 649 1092 707 LXX
1129 649 1556 721 interpretibus
1589 670 1702 707 non
1733 652 1849 708 dis-
1958 648 2354 716 transtulerit;
2383 654 2440 703 et
2472 648 2840 707 inveniamus
2878 652 2937 706 in
2983 650 3349 722 psalmorum
3394 668 3630 724 quoque

165 745 375 800 cordat.
413 743 556 799 Haec
601 757 743 815 ergo
773 739 942 795 vobis
972 745 1032 794 et
1069 739 1344 794 studioso
1371 740 1583 812 cuique
1630 758 1723 797 me
1773 743 1848 797 l'e-
1960 736 2421 809 ﬁnediapsalma
2442 737 2803 809 positum,ut
2819 746 2909 796 est
2931 740 3081 794 illud
3106 740 3166 794 in
3187 740 3393 795 tertio:
3415 740 3628 799 Dentes

166 834 307 890 cisse
337 831 567 898 sciens,
594 847 717 885 non
759 830 999 901 ambigo
1033 828 1261 883 multos
1307 830 1431 885 fore
1459 830 1560 901 qui
1592 830 1675 885 vel
1707 829 1851 885 invi~
1961 831 2330 899 peccatorum
2365 826 2688 882 contrivisti
2724 845 2736 882 :
2773 829 3011 885 Domini
3042 832 3135 884 est
3174 829 3337 885 salus
3366 835 3424 886 et
3454 847 3632 905 super

166 923 276 990 dia,
298 920 386 979 vel
453 918 785 992 supercilio
844 916 1060 973 malint
1116 921 1499 975 contemnere
1555 918 1848 991 praeclara,
1961 914 2245 989 populum
2279 921 2448 971 tuum
2478 916 2808 973 benedictio
2833 923 2954 983 tua,
2986 917 3131 984 sela,
3155 917 3213 973 id
3247 923 3338 974 est
3365 936 3628 994 semper;

108 988 119 1001 ν
166 988 337 1086 quam
364 988 576 1065 videre
595 1008 740 1077 (99),
762 1012 820 1062 et
850 1008 920 1062 de
944 1006 1290 1062 turbulento
1314 1008 1504 1080 magis
1537 988 1655 1063 rivo
1678 1025 1852 1081 quam
1961 988 2019 1063 et
2049 1006 2109 1061 in
2140 1005 2421 1079 vigesimo
2453 1004 2622 1061 tertio
2647 1022 2661 1060 :
2692 1006 2833 1070 Quis
2860 1010 2951 1061 est
2981 1005 3097 1062 iste
3125 1023 3221 1062 rex
3250 988 3632 1080 gloriae'ftm-

166 1103 231 1158 de
264 1098 604 1172 purissimo
637 1097 800 1152 fonte
830 1100 1055 1168 potare.
1963 1095 2163 1151 minus
2193 1095 2475 1151 virtutum
2507 1094 2634 1176 ipse
2657 1098 2745 1149 est
2771 1110 2870 1149 rex
2899 1094 3129 1166 gloriae,
3153 1096 3503 1170 diapsalma,
3522 1098 3634 1155 hoc

231 1188 635 1259 Hieronymus
664 1201 900 1257 quoque
944 1184 1005 1239 in
1041 1184 1304 1257 epistola
1352 1186 1425 1240 ad
1476 1187 1761 1243 Sunniam
1798 1191 1855 1242 et
1963 1188 2414 1257 est:semper,et
2435 1181 2719 1239 contrain
2742 1181 2995 1254 psalmis
3018 1183 3341 1242 multorum
3357 1201 3636 1247 versuum

170 1276 451 1335 Fretelam
471 1275 523 1343 (I
536 1276 632 1340 00)
652 1274 726 1328 de
749 1272 1078 1328 differentia
1100 1273 1247 1327 LXX
1269 1274 1655 1346 interpretum
1679 1281 1735 1332 et
1760 1278 1857 1350 lIe_
1965 1273 2199 1345 penitus
2226 1291 2339 1329 non
2373 1272 2737 1337 inveniatur;
2762 1272 2819 1325 in
2852 1271 3161 1331 tricesimo
3183 1274 3447 1333 videlicet
3475 1279 3636 1334 sexto

165 1367 365 1425 braicae
395 1363 699 1426 veritatis,
731 1363 802 1417 de
831 1360 995 1433 obelo
1027 1366 1090 1417 et
1123 1363 1379 1418 asterico
1412 1364 1496 1420 sic
1527 1365 1612 1420 ait
1646 1383 1658 1420 :
1685 1388 1713 1415 ‹‹
1748 1366 1857 1435 Ubi
1965 1367 2024 1417 et
2051 1362 2489 1434 septuagesimo
2538 1360 2816 1432 septimo,
2848 1364 2907 1414 et
2956 1360 3019 1415 in
3056 1365 3372 1421 centesimo
3411 1365 3639 1423 decimo

166 1457 297 1529 quid
332 1454 549 1509 minus
578 1451 830 1509 habetur
868 1450 926 1503 in
969 1452 1176 1506 Graeco
1202 1473 1230 1499 ››
1254 1454 1309 1504 et
1340 1452 1728 1509 translatione
1756 1456 1855 1508 Se-
1966 1455 2195 1515 octavo;
2232 1468 2403 1505 rursu
2429 1466 2658 1504 snonus
2688 1447 2962 1519 psalmus
2990 1450 3393 1527 distinguatur
3415 1454 3641 1510 cantico

165 1545 481 1620 ptnaginta
503 1540 656 1614 (101)
684 1562 712 1587 ›ι
733 1538 803 1595 ab
846 1538 1141 1594 Hebraica
1171 1538 1438 1604 veritate,
1468 1542 1754 1613 Origenes
1788 1543 1858 1597 de
1967 1538 2373 1610 diapsalmatis
2399 1556 2411 1594 :
2443 1555 2579 1594 cum
2607 1537 2833 1608 utique,
2858 1536 3023 1595 sicut
3046 1543 3402 1613 quibusdam
3428 1543 3642 1615 placet,

168 1632 558 1691 translatione
585 1627 995 1684 Theodotionis
1018 1627 1265 1682 addidit
1295 1633 1351 1683 et
1382 1629 1627 1702 signum
1662 1631 1861 1701 posuit
1968 1627 2294 1700 diapsalma
2322 1644 2453 1684 esse
2484 1626 2598 1682 nisi
2630 1624 2921 1681 indicium
2957 1628 3179 1686 silentii
3213 1649 3327 1688 non
3358 1632 3571 1705 possit.

170 1720 455 1786 asterisci,
481 1718 539 1773 id
576 1722 667 1772 est
697 1714 938 1779 stellam,
971 1733 1116 1786 quae
1152 1717 1306 1786 quod
1337 1718 1508 1788 prius
1540 1718 1859 1773 abscondi-
2039 1717 2118 1770 Ex
2150 1733 2266 1788 quo
2317 1714 2866 1780 animadvertimus,
2895 1715 3010 1773 hoc
3057 1721 3301 1776 verbum
3342 1720 3649 1793 superiora

171 1818 287 1867 tum
312 1807 633 1864 videbatur
654 1803 926 1861 illuminet
950 1808 1007 1858 et
1039 1802 1110 1857 in
1138 1804 1399 1860 medium
1435 1806 1719 1877 proferat.
1750 1804 1858 1860 Ubi
1894 1846 1938 1910 Β
1972 1805 2185 1876 pariter
2205 1812 2262 1859 et
2290 1804 2567 1861 inferiora
2589 1808 2939 1860 connectere
2961 1812 3064 1863 aut
3086 1815 3241 1865 certe
3265 1810 3473 1865 docere
3495 1825 3651 1866 sem-

174 1908 360 1958 autem
388 1896 554 1970 quod
588 1895 645 1950 in
681 1893 898 1949 Hebraeo
920 1909 1038 1947 non
1069 1897 1169 1946 est
1196 1892 1250 1947 in
1283 1894 1504 1950 Grazcis
1539 1894 1860 1950 codicibus
1895 1892 1938 1910 ”
1972 1894 2196 1965 piterna
2215 1893 2673 1965 esse,qua3dicta
2691 1895 2927 1958 sunt,ut
2947 1903 3039 1951 est
3063 1898 3205 1953 illud
3225 1900 3285 1952 in
3304 1898 3474 1953 tertio
3492 1898 3649 1970 psal-

176 1989 465 2047 invenitur
494 1983 750 2051 obelum,
774 1982 823 2037 id
849 1986 937 2038 est
959 1983 1269 2052 jacentem
1297 1983 1503 2055 posuit
1526 1982 1857 2055 virgulam,
1970 1998 2064 2037 mo
2092 1999 2103 2037 :
2130 1981 2297 2036 Multi
2328 1983 2536 2038 dicunt
2557 1979 2767 2036 animae
2791 1997 2936 2037 mete
2971 2003 3086 2041 non
3120 1990 3210 2042 est
3240 1986 3402 2041 salus
3434 1987 3552 2042 nisi
3584 1986 3644 2042 in

181 2097 350 2156 quam
399 2094 511 2133 nos
544 2073 746 2131 Latine
771 2090 897 2128 veru
946 2088 1275 2143 possumus
1324 2073 1557 2141 dicere;
1595 2090 1715 2144 quo
1753 2091 1861 2130 os—
1971 2072 2114 2128 Deo:
2137 2088 2241 2126 suo
2264 2086 2517 2142 semper.
2537 2069 2603 2124 Et
2622 2085 2891 2127 rursum:
2914 2072 3065 2130 Voce
3083 2090 3214 2130 mea
3232 2074 3303 2129 ad
3322 2073 3643 2130 Dominum

185 2170 433 2226 tenditur
455 2163 845 2239 jugulandum
882 2177 1012 2217 esse
1064 2163 1125 2215 et
1167 2162 1647 2231 confodiendum,
1682 2163 1859 2235 quod
1971 2159 2213 2219 clamavi
2239 2164 2295 2213 et
2324 2158 2621 2215 exaudivit
2647 2174 2739 2213 me
2770 2159 2843 2214 de
2877 2168 3078 2220 monte
3109 2167 3311 2220 sancto
3333 2179 3462 2232 suo,
3487 2179 3644 2220 sem-

192 2260 248 2315 in
277 2255 632 2315 authenticis
683 2252 838 2307 libris
878 2267 992 2307 non
1048 2249 1357 2308 invenitur.
1398 2253 1533 2316 Quae
1583 2251 1764 2323 signa
1800 2259 1867 2308 et
1974 2267 2093 2323 per.
2114 2250 2181 2303 Et
2202 2247 2258 2302 in
2282 2247 2611 2319 quartozUt
2632 2246 2771 2318 quid
2796 2248 3047 2324 diligitis
3070 2251 3385 2307 vanitatem
3407 2256 3466 2306 et
3492 2269 3649 2324 qua:-

189 2350 244 2405 in
273 2352 606 2404 Graecorum
638 2340 1090 2412 Latinorumque
1128 2341 1503 2411 poematibus
1534 2340 1864 2398 inveniun-
1973 2338 2101 2396 ritis
2132 2337 2547 2393 mendacium?
2572 2334 2721 2392 Sela.
2746 2337 2815 2393 Et
2848 2339 3003 2397 intra
3028 2359 3041 2397 :
3067 2343 3202 2407 Quze
3224 2339 3421 2395 dicitis
3442 2340 3501 2395 in
3524 2358 3648 2398 cor-

190 2446 299 2493 tur.
326 2459 354 2486 ιο
1144 2438 1147 2441 ’
1973 2429 2148 2484 dibus
2178 2425 2384 2481 vestris
2416 2432 2474 2481 et
2502 2426 2564 2480 in
2596 2424 2894 2485 cubilibus
2918 2430 3124 2485 vestris
3149 2430 3642 2502 compnngimini,

252 2526 471 2582 Verum
509 2540 583 2579 ne
612 2520 1042 2576 existimaretur
1061 2518 1145 2574 vel
1180 2518 1345 2575 nulla
1392 2517 1736 2574 necessitate
1772 2516 1866 2578 vel
1975 2533 2225 2589 semper.
2253 2515 2318 2569 Et
2356 2514 2417 2569 in
2469 2515 2731 2570 Abacuc:
2765 2516 2922 2575 Deus
2973 2522 3045 2574 ab
3090 2521 3292 2574 austro
3340 2518 3557 2588 veniet,
3589 2525 3647 2575 et

186 2616 443 2673 utilitate
472 2614 591 2668 ista
620 2611 787 2683 signa
810 2607 1102 2680 apposita,
1128 2609 1357 2665 addidit
1382 2609 1446 2662 B.
1473 2606 1867 2680 Hieronymus
1977 2610 2218 2662 sanctus
2250 2604 2319 2658 de
2350 2609 2552 2659 monte
2580 2603 2832 2661 Pharan.
2863 2624 3115 2680 semper.
3140 2607 3210 2662 Et
3241 2605 3393 2661 infra
3425 2623 3438 2662 :
3472 2606 3647 2664 Jura-

184 2709 243 2762 in
265 2704 477 2760 eadem
507 2698 757 2773 epistola
779 2699 927 2770 (102)
954 2696 1189 2754 dicens:
1217 2697 1617 2768 Quae,signau
1644 2697 1869 2754 scilicet
1979 2700 2178 2750 menta
2212 2692 2647 2765 tribubus,qute
2688 2693 2923 2752 locutus
2955 2714 3037 2764 es,
3062 2712 3314 2769 semper.
3349 2694 3508 2753 Scire
3541 2714 3644 2752 au-

185 2794 335 2851 obeli
359 2787 993 2860 astericisqne,sive,ut
1016 2786 1216 2859 Papias
1241 2785 1688 2853 dieit,asterisci
1716 2789 1867 2859 (103)
1978 2790 2096 2840 tem
2121 2782 2425 2849 debemus,
2452 2800 2565 2855 apu
2586 2788 2603 2837 l
2632 2783 2903 2842 Hebraeos
2927 2786 2984 2842 in
3011 2787 3124 2842 ﬁne
3144 2784 3429 2840 librorum
3457 2802 3642 2842 unum

184 2886 327 2939 dum
355 2897 466 2953 per
489 2878 845 2950 scriptorum
872 2874 1289 2947 negligentiam
1313 2894 1351 2931 a
1376 2874 1676 2947 plerisque
1699 2876 1871 2946 quasi
1979 2890 2009 2929 e
2040 2873 2229 2928 tribus
2261 2870 2445 2927 solere
2475 2873 2764 2942 subnecti,
2791 2879 2857 2929 ut
2885 2880 2986 2931 aut
3012 2892 3183 2931 amen
3207 2873 3522 2943 scribatur,
3543 2879 3645 2930 aut

189 2970 499 3045 superﬂua
544 2965 980 3038 relinquuntur,
1014 2981 1262 3039 magnus
1313 2966 1381 3020 in
1436 2964 1681 3035 legendo
1711 2981 1872 3020 error
1982 2962 2121 3028 sela,
2155 2966 2258 3016 aut
2315 2960 2524 3030 salem,
2550 2964 2704 3034 quod
2745 2964 3019 3037 exprimit
3074 2973 3312 3037 pacem;
3371 2964 3529 3019 unde
3585 2967 3644 3019 et

190 3060 481 3118 oboritur.
512 3079 541 3105 ι)
1980 3050 2255 3107 Salomon
2301 3049 2581 3121 paciﬁcus
2613 3052 2850 3109 dicitur.
2887 3054 3090 3126 Igitur,
3114 3056 3180 3107 ut
3225 3068 3332 3106 nos
3379 3050 3640 3107 solemus

260 3151 450 3206 Nemo
490 3145 673 3218 igitur
730 3142 1041 3215 despiciat,
1072 3146 1222 3215 quod
1280 3144 1630 3217 ignoratum
1691 3141 1869 3198 etiam
1982 3139 2290 3210 completis
2323 3139 2627 3212 opusculis
2672 3142 2743 3197 ad
2793 3141 3229 3197 distinctionem
3269 3138 3350 3195 rei
3398 3139 3638 3196 alterius

193 3241 489 3296 damnum
528 3234 718 3289 all'ert.
1904 3218 1945 3284 C
1985 3227 2400 3299 subsequentis
2423 3228 2684 3285 medium
2708 3231 3073 3302 interponere
3104 3229 3347 3302 explicit,
3381 3233 3483 3285 aut
3507 3230 3636 3301 feli-

258 3330 639 3396 Ilieronymu:
667 3321 734 3376 de
764 3320 1077 3393 diapsalma
1121 3324 1230 3378 sive
1274 3320 1644 3392 diapsalmate
1674 3318 1744 3374 ad
1773 3320 1881 3375 lia-
1988 3319 2142 3385 citer,
2176 3321 2278 3371 aut
2307 3314 2530 3388 aliquid
2562 3318 2898 3375 istiusmodi
2946 3319 3027 3375 ita
3055 3324 3112 3374 et
3159 3318 3382 3375 Hebraei
3412 3335 3481 3374 ea
3512 3335 3638 3391 qua:

193 3419 371 3489 tinum
402 3416 550 3470 alias
580 3412 653 3468 ad
681 3410 1004 3467 Marcellam
1032 3411 1315 3466 intitutata
1347 3410 1575 3481 epistola
1606 3410 1754 3477 (101)
1990 3405 2208 3477 scripta
2238 3413 2373 3461 sunt
2408 3406 2704 3477 roborant,
2728 3414 2793 3464 ut
2823 3408 3024 3465 dicunt
3053 3425 3245 3480 amen,
3273 3411 3376 3463 aut
3403 3406 3463 3463 in
3495 3423 3643 3463 sem-

267 3504 405 3568 Que
427 3500 731 3574 acceperis
755 3498 1059 3554 reddenda
1077 3504 1212 3555 sunt
1234 3515 1372 3555 cum
1401 3499 1617 3553 femore
1645 3514 1657 3552 :
1686 3497 1884 3554 sortis.
1993 3496 2317 3568 piternum;
2351 3498 2408 3550 et
2437 3496 2658 3570 scripta
2694 3504 2758 3555 et
2804 3498 3114 3554 scribenda
3159 3500 3641 3563 commemorant,

198 3610 310 3666 que
327 3594 345 3663 ζ
354 3592 483 3663 105)
504 3589 708 3644 dilatio
726 3604 976 3644 usuram
994 3588 1260 3659 parturit.
1279 3588 1361 3643 De
1383 3586 1768 3659 diapsalmate
1788 3604 1885 3643 no-
1992 3590 2057 3640 ut
2088 3587 2309 3656 ponant
2338 3583 2488 3653 sela;
2524 3591 2627 3643 aut
2648 3592 2942 3643 transacta
2963 3586 3205 3643 feliciter
3224 3589 3643 3659 protestantur,

192 3688 387 3738 stram
408 3676 767 3736 sententiam
787 3674 1375 3748 ﬂagitaras,epistolae
1395 3674 1733 3730 brevitatem
1750 3692 1883 3731 cau-
1993 3689 2196 3747 pacem
2231 3672 2291 3727 in
2323 3671 2530 3730 ultimo
2563 3677 2969 3733 subnotantes.

192 3771 311 3826 sati
347 3783 562 3824 sumus
594 3771 651 3821 et
683 3782 807 3820 rem
840 3762 978 3820 libri
1010 3781 1127 3819 non
1158 3779 1333 3836 posse
1361 3762 1654 3834 explicari,
1674 3761 1882 3820 litteris
2066 3763 2194 3817 Haec
2227 3778 2332 3818 nos
2363 3762 2433 3817 de
2465 3763 2673 3821 intimo
2728 3766 3094 3822 Hebraeorum
3126 3766 3282 3821 fonte
3311 3763 3647 3831 libavimus,

192 3855 883 3933 praetexuimusNerum
909 3853 1051 3925 quid
1080 3854 1318 3924 prodest
1342 3851 1707 3907 taciturnitas
1733 3868 1880 3920 mea,
1994 3868 2111 3907 non
2145 3850 2488 3924 cpinionum
2530 3854 2745 3909 rivulos
2795 3858 3231 3927 persequentes,
3255 3870 3445 3926 neque
3491 3868 3651 3909 erro-

191 3964 345 4004 cum
375 3948 438 4001 in
473 3961 539 4000 eo
572 3945 762 4014 major
790 3941 899 3997 tibi
933 3940 1229 4013 cupiditas
1261 3939 1492 3996 silentio
1522 3939 1886 3997 concitetur?
1995 3957 2150 4008 rum,
2180 3939 2395 4013 quibus
2444 3945 2604 3998 totus
2634 3943 2894 3999 mundus
2933 3942 3187 4016 repletus
3234 3947 3343 4014 est,
3375 3942 3653 3999 varietate

194 4036 363 4106 (106)
396 4033 624 4105 Itaque,
669 4048 741 4087 ne
790 4036 848 4087 te
890 4030 1118 4086 diutius
1168 4029 1421 4099 traham,
1447 4028 1655 4084 habeto
1698 4046 1887 4100 pauca
1997 4028 2332 4102 perterriti:
2368 4030 2471 4085 sed
2501 4032 2804 4104 cupientes
2848 4036 2903 4087 et
2949 4031 3097 4088 scire
3150 4037 3207 4089 et
3262 4033 3466 4088 docere
3524 4047 3652 4102 qua:

196 4141 320 4197 pro
353 4120 651 4195 pluribus.
676 4119 927 4186 Quidam
963 4118 1296 4191 diapsalma
1335 4119 1887 4175 commentationem
1997 4136 2133 4175 vera
2164 4118 2502 4182 sunt.Quod
2527 4121 2574 4176 si
2599 4121 2705 4176 tibi
2737 4138 2849 4177 non
2880 4121 3110 4177 videtur
3140 4135 3475 4187 onerosum,
3497 4119 3652 4191 quod

193 4212 384 4268 metri
410 4210 688 4265 dixerunt
704 4225 866 4275 esse;
891 4207 991 4264 alii
1014 4207 1424 4280 pensationem
1447 4206 1724 4279 spiritus:
1748 4225 1892 4264 non-
2000 4208 2280 4280 Origenes
2303 4208 2372 4263 de
2394 4208 2784 4282 diapsalmate
2820 4210 3090 4278 senserit,
3110 4211 3349 4266 verbum
3371 4209 3652 4280 interpre-

200 4299 362 4357 nulli
393 4297 644 4354 alterius
675 4314 887 4354 sensus
916 4296 1256 4363 exordium;
1292 4298 1431 4351 sunt
1461 4300 1517 4350 et
1546 4294 1646 4367 qui
1672 4296 1887 4368 rythmi
1999 4297 2168 4352 tabor
2197 4297 2268 4351 ad
2296 4297 2818 4353 verbum.Cuidam
2862 4299 3124 4355 scribens
3155 4315 3217 4354 se
3246 4296 3652 4370 interroganti,

199 4387 759 4454 distinctionem,et
780 4385 922 4458 quia
951 4383 1167 4459 psalmi
1209 4388 1349 4439 tunc
1379 4383 1661 4455 temporis
1682 4384 1894 4455 juncta
2003 4385 2143 4457 quid
2169 4384 2281 4441 sibi
2302 4385 2543 4441 verbum
2567 4385 2735 4442 vellet
2763 4386 3170 4460 diapsalmatis
3190 4387 3250 4442 in
3278 4385 3546 4461 psalmis,
3566 4385 3655 4441 vel

198 4492 353 4531 voce
402 4475 479 4530 ad
529 4490 821 4548 organum
870 4466 1256 4540 canebantur,
1292 4472 1602 4543 cujusdam
1653 4474 1891 4529 musicae
2004 4475 2077 4531 ad
2099 4490 2274 4546 quam
2302 4474 2589 4530 referatur
2609 4475 2921 4531 utilitatem
2948 4476 3120 4546 inter,
3141 4482 3348 4533 cietera
3369 4476 3449 4532 ait
3468 4475 3656 4548 (109):

196 4564 520 4621 varietatis
562 4563 731 4635 (101).
767 4563 949 4619 Nobis
1002 4561 1148 4617 nihil
1200 4561 1412 4617 horum
1462 4560 1722 4629 videtur;
1756 4578 1890 4617 cum
1930 4585 1975 4650 Ι)
2008 4563 2072 4617 Et
2097 4561 2238 4634 quia
2261 4564 2475 4619 novitia
2498 4568 2695 4621 musta
2715 4566 3064 4631 contemnis,
3089 4566 3296 4624 saltem
3316 4564 3522 4623 veteris
3542 4565 3661 4621 vini

289 4704 413 4783 (99)
449 4704 536 4760 Ita
566 4704 660 4772 IL;
692 4705 821 4783 cod.
852 4722 986 4762 vero
1012 4722 1123 4783 _ms
1160 4721 1171 4760 :
1212 4707 1587 4783 contemnere
1617 4707 1674 4783 et
1705 4704 1899 4761 videre
2011 4706 2170 4783 hip‘s.
2196 4706 2555 4783 Asteriscum
2578 4725 2711 4764 vero
2733 4708 2915 4766 herba
2934 4714 3022 4783 est
3048 4712 3201 4783 apud
3228 4709 3569 4783 Pliniumﬁ.
3593 4708 3662 4763 N.

208 4777 513 4852 praeclara
544 4793 720 4847 quam
746 4776 988 4852 discere.
1011 4776 1346 4852 Legendum
1375 4778 1465 4829 est
1494 4790 1505 4829 :
1532 4780 1901 4832 contemnere
2011 4776 2290 4852 XX11_,17,
2314 4795 2429 4834 non
2461 4796 2594 4852 vero
2618 4783 2852 4852 signum
2893 4776 3160 4837 criticu'm
3201 4779 3467 4852 stellulaa.
3494 4779 3665 4852 Plura

210 4847 277 4905 et
308 4848 582 4925 invidere
614 4847 1130 4925 praeclaranuam
1162 4848 1563 4925 discere.______
1685 4918 1697 4925 _
1782 4921 1801 4925 Α
1825 4920 1874 4925 _
2012 4851 2084 4905 de
2115 4849 2361 4925 allegato
2393 4868 2423 4906 a
2457 4847 2727 4908 Brunone
2756 4852 2933 4925 Papia
2962 4853 3090 4908 vide
3130 4854 3188 4907 in
3232 4850 3666 4924 prolegomenis

291 4919 454 4989 (100)
487 4919 592 4990 Ep.
615 4917 753 4982 ‘106.
803 4938 861 4976 n.
902 4917 1133 4988 7,—10m.
1169 4917 1385 4990 Patrol.
1420 4917 1565 4975 XXII
1614 4918 1721 4974 col.
1774 4920 1901 4974 840.
2013 4939 2071 4977 n.
2107 4922 2194 4975 15.

212 4989 798 5067 IjaacetAseqnentia
844 4995 901 5067 et
953 4992 1179 5067 numeri
1234 4989 1381 5067 I_I-\-’I
1437 5006 1624 5061 usque
1654 4991 1725 5046 ad
1759 4991 1899 5046 illa:
2015 5063 2043 5067 _
2085 4992 2232 5067 (10-1)
2263 4993 2367 5067 Est
2401 4996 2594 5067 ep._28
2638 4994 2709 5049 ad
2759 4992 3092 5050 Marcellam
3142 4994 3371 5067 integra
3400 4993 3463 5065 (t.
3494 4991 3666 5061 XXII,

209 5062 409 5118 David
438 5062 594 5134 ﬁlias
624 5067 797 5129 Jesse,
828 5063 1039 5119 desunt
1070 5064 1127 5119 in
1160 5063 1381 5118 codice.
2014 5062 2230 5119 Patrol.
2264 5063 2372 5118 col.
2392 5062 2550 5134 130).

291 5134 457 5201 (101)
510 5132 868 5209 Hac__verba
918 5140 975 5191 et
1031 5135 1390 5192 translatione
1446 5135 1815 5206 Septuaginta
1874 5150 1907 5189 a
2086 5136 2234 5209 (105)
2266 5136 2360 5209 S_ic
2386 5132 2694 5209 legendum
2731 5135 3012 5209 cum_Br.,
3042 5152 3158 5209 non
3189 5154 3322 5193 vero
3349 5138 3632 5209 fortisque.

214 5204 756 5281 Erqqugaddita
786 5210 949 5281 sunt:
1654 5204 1670 5206 ”

2089 5204 2616 5281 (106)_Leg_endu_m
2680 5222 2693 5259 :
2754 5206 2894 5281 quid
2952 5207 3191 5281 prodest
3242 5210 3311 5265 ad
3348 5204 3671 5281 ἔργοδιῶκοι-ην

294 5276 463 5348 (102)
490 5274 565 5348 ἕ.
600 5292 681 5331 ss.
703 5274 827 5348 col.
860 5279 983 5332 857.
1218 5347 1226 5348 ί
1638 5346 1647 5348 _
1829 5347 1832 5348 ν
2018 5274 2260 5333 meum?
2292 5274 2480 5347 major
2508 5277 2613 5332 tibi
2646 5274 2937 5348 cupiditas
2952 5274 3201 5335 _silentio
3234 5274 3582 5336 concitatur.

298 5347 463 5415 (103)
489 5345 621 5401 Haec
643 5345 845 5428 addita
865 5353 1005 5428 sunt
1024 5347 1289 5428 epistolae
1312 5346 1681 5428 Hieronymi:
1701 5347 1908 5428 Papias
2090 5350 2237 5428 (107)
2270 5345 2438 5428 Edita
2458 5349 2681 5428 addunt
2703 5345 2739 5428 Δε’
2763 5348 3099 5428 existiment
3126 5351 3447 5428 silentium:

212 5420 347 5474 iste
382 5418 947 5502 grammaticus‘est,
972 5421 1041 5502 de
1057 5416 1178 5502 quo
1204 5416 1449 5502 Alberic;
1482 5435 1510 5472 s
1536 5416 1602 5475 in
1635 5416 1909 5502 ch‘ronico
2032 5492 2068 5502 __
2093 5416 2447 5502 (108)__l'_3‘dita
2496 5421 2720 5476 addunt
2753 5436 2765 5474 :
2819 5421 2973 5494 quod
3024 5439 3093 5478 ex
3140 5422 3397 5494 samech,
3431 5420 3670 5486 lamed.,

214 5505 356 5546 ms.
390 5489 576 5543 tradit
606 5506 739 5545 eum
782 5489 1224 5548 elementarium
1263 5489 1542 5545 doctrinm
1574 5491 1910 5546 erudimen-
2027 5489 2107 5548 He‘
2133 5489 2429 5547 scribitur.

211 5566 372 5639 tum
403 5560 686 5639 edidisse,
708 5562 862 5639 quod
904 5563 1127 5639 species
1157 5562 1426 5639 quaedam
1449 5559 1731 5639 _glossarii
1757 5568 1908 5639 erat.
2094 5564 2240 5637 (109)
2273 5564 2407 5639 Haec
2430 5563 2606 5619 verba
2638 5563 2917 5639 :_c_aid_am_
2940 5565 3181 5622 scribens
3202 5581 3399 5639 usque
3429 5566 3502 5623 ad
3533 5566 3579 5630 in

211 5569 372 5615 tum
403 5569 686 5631 edidisse,
708 5569 862 5633 quod
904 5569 1127 5635 species
1157 5569 1426 5635 quaedam
1459 5569 1728 5633 glossarii
1763 5569 1908 5618 erat.
2094 5569 2240 5637 (109)
2273 5569 2401 5619 Haec
2430 5569 2606 5619 verba
2638 5579 2652 5620 :
2683 5569 2901 5619 cuidam
2940 5569 3181 5622 scribens
3210 5581 3399 5639 usque
3429 5569 3502 5623 ad
3533 5569 3579 5630 ἰ,

210 5632 391 5691 Vide
450 5631 750 5692 Oudinum
807 5635 879 5691 de
935 5634 1321 5710 scriptoribus
1367 5638 1410 5691 t.
1449 5634 1491 5703 ι,
1526 5633 1636 5691 col.
1670 5637 1770 5691 (321
1815 5635 1908 5692 ed.
2021 5644 2213 5699 caetera
2244 5637 2342 5712 ait,
2376 5636 2448 5692 de
2476 5651 2583 5693 suo
2617 5636 2865 5706 addidit,
2887 5636 3105 5711 Bruno,
3128 5638 3216 5697 vel
3236 5569 3725 5751 glossatoriﬂ'

568 5759 839 5829 PATBOL.
888 5762 1115 5869 CXIIJI.
1538 5814 1547 5819 .
3307 5765 3350 5853 2
