4086 6180
453 364 530 424 43

1360 362 1426 423 S.
1471 359 1872 424 BRUNONIS
1917 357 2542 422 HERBIPOLENSIS
2585 357 2964 422 EPISGOPI.

3788 358 3870 418 44

451 494 794 552 auctoritate
824 495 1079 550 ducaris.
1102 498 1259 565 Saepe
1303 494 1608 565 requirens
1655 510 1865 550 causas
1911 510 2016 549 cur
2048 491 2103 548 in
2134 504 2186 570 Α
2219 509 2348 548 cum
2372 494 2630 549 adunata
2659 492 2980 565 ccpulatio;
3017 489 3342 564 diapsalma
3358 506 3490 546 vero
3523 504 3867 546 sermonum

453 585 808 658 quibusdam
840 584 1087 656 psalmis
1118 583 1524 654 interponatur
1552 582 2109 656 diapsalma,cbser-

450 673 579 732 vavi
609 673 1062 748 diligentissime
1101 671 1160 726 in
1192 671 1428 728 Hebraeo
1473 675 1530 726 et
1576 687 1712 727 cum
1743 674 1936 728 Graeco
1969 687 2108 727 con-

454 763 565 820 tuli
595 761 1076 834 invenique,quia
1106 761 1206 817 ubi
1255 761 1460 834 lingua
1495 760 1731 816 Hebraea
1749 762 1882 826 seta,
1915 761 2110 816 Graeca

447 869 584 909 vero
603 853 780 908 habet
795 867 1022 924 semper,
1038 854 1140 906 aut
1156 849 1376 922 aliquid
1395 848 1752 918 istiusmodi,
1770 849 1850 905 ibi
1871 851 2110 922 Septua-

451 941 614 1016 ginta
644 945 703 997 et
744 939 1106 996 Theodoticn
1149 943 1206 994 et
1250 938 1636 1012 Symmachus
1682 939 2111 994 transtulerunt

450 1031 776 1104 diapsalma.
821 1029 1020 1102 Neque
1063 1045 1198 1085 vero
1258 1033 1426 1084 nocet
1483 1027 1765 1100 exemplis
1817 1028 2111 1084 afﬁrmare

452 1119 606 1192 quod
641 1118 914 1175 dicimus.
945 1119 1008 1174 In
1036 1117 1468 1191 septuagesimo
1495 1121 1704 1189 quarto
1735 1116 1982 1190 psalmo,
2009 1133 2108 1172 cu-

445 1210 550 1281 jus
571 1207 866 1282 princium
887 1211 978 1264 est
1006 1223 1018 1263 :
1044 1206 1468 1263 Ccntitebimur
1484 1206 1801 1278 tibi,Deus,
1816 1203 2111 1262 conﬁtebi.

451 1314 586 1353 mur
610 1296 737 1364 tibi,
764 1301 822 1354 et
859 1295 1264 1352 invocabimus
1295 1311 1507 1352 nomen
1540 1299 1744 1362 tuum;
1773 1299 1905 1367 post
1940 1295 2106 1369 illud,

449 1387 568 1460 Ego
600 1385 937 1442 confirmavi
962 1384 1268 1440 columnas
1294 1385 1442 1456 ejus,
1469 1385 1626 1457 apud
1647 1383 2033 1458 Septuaginta
2051 1390 2110 1442 et

451 1475 913 1532 Thecdcticnem
945 1479 1002 1530 et
1042 1473 1462 1546 Symmachum
1495 1478 1584 1530 est
1611 1473 1970 1546 diapsalma;
2002 1491 2106 1547 pro

455 1581 570 1637 quo
594 1565 747 1636 apud
775 1563 1046 1636 Aquilam
1073 1580 1086 1617 :
1113 1562 1429 1618 Ponderavi
1454 1562 1757 1619 columnas
1779 1563 1929 1635 ejus,
1951 1579 2107 1620 sem-

456 1671 578 1726 per.
607 1654 668 1709 In
702 1653 908 1726 quinta
929 1656 1121 1708 autem
1163 1651 1417 1708 editione
1445 1669 1456 1706 :
1484 1651 1596 1725 Ego
1629 1669 1758 1708 sum
1784 1653 1880 1724 qui
1909 1652 2106 1725 paravi

455 1741 762 1798 columnas
795 1743 946 1813 ejus,
979 1757 1230 1812 semper.
1264 1741 1326 1795 In
1372 1745 1535 1796 sexta
1562 1757 1696 1796 vero
1721 1757 1732 1796 :
1759 1741 2106 1797 Conﬁrmavi

457 1831 761 1888 columnas
787 1831 917 1902 ejus
934 1829 1174 1902 jugiter.
1200 1830 1376 1885 Porro
1397 1829 1455 1884 in
1481 1829 1756 1886 Hebraicc
1783 1829 1950 1886 habet
1975 1833 2108 1902 post

454 1920 686 1988 Amuda,
713 1919 868 1991 quod
895 1923 984 1974 est
1013 1917 1318 1974 columnas
1350 1919 1498 1989 ejus,
1521 1919 1656 1975 seta.
1683 1919 1754 1974 Et
1783 1935 2020 1975 rursum
2049 1919 2108 1974 in

457 2007 888 2082 septuagesimo
907 2007 1310 2080 quintc,cujus
1333 2005 1688 2080 principium
1711 2013 1830 2064 est:
1852 2009 2035 2064 Notus
2055 2009 2114 2064 in

453 2097 656 2154 Judrea
678 2097 930 2164 Deus,in
959 2096 1135 2152 Israel
1171 2113 1454 2168 magnum
1479 2113 1690 2153 nomen
1724 2097 1873 2170 ejus,
1894 2097 2116 2154 inveni-

455 2203 590 2242 mus
622 2187 776 2259 apud
799 2186 1183 2259 Septuaginta
1207 2190 1265 2241 et
1293 2185 1752 2242 Theodoticnem
1779 2190 1911 2259 post
1935 2203 1948 2242 :
1972 2187 2114 2242 Scu-

457 2281 581 2332 tum
611 2279 668 2331 et
699 2276 982 2331 frameam
1013 2279 1071 2329 et
1101 2272 1343 2342 bellum,
1368 2273 1726 2346 diapsalma;
1759 2275 1912 2348 apud
1947 2275 2114 2348 Sym-

457 2365 732 2422 machum
761 2369 924 2436 post:
945 2363 1224 2437 Clypeum
1254 2367 1312 2418 et
1333 2362 1593 2436 gladium
1620 2367 1676 2419 et
1696 2363 1940 2432 bellum,
1958 2364 2118 2419 simi-

455 2455 589 2510 liter
624 2452 986 2527 diapsalma;
1021 2469 1126 2526 pro
1157 2469 1271 2524 quo
1304 2453 1459 2524 apud
1491 2451 1762 2525 Aquilam
1796 2457 1964 2526 post:
1995 2453 2118 2527 Cly-

396 2611 408 2624 '
457 2560 631 2617 peum
657 2547 714 2599 et
733 2541 993 2616 gladium
1017 2547 1074 2597 ct
1109 2540 1350 2607 bellum,
1376 2557 1627 2613 semper.
1653 2542 1818 2614 Apud
1845 2543 2112 2614 quintam

456 2633 792 2700 editionem,
832 2635 999 2704 post:
1035 2631 1278 2686 Scutum
1309 2635 1367 2686 et
1398 2630 1753 2702 rcmphzeam
1784 2635 1842 2687 et
1869 2631 2110 2699 bellum,

459 2739 711 2794 semper.
735 2720 801 2776 In
834 2724 994 2777 sexta
1014 2735 1148 2775 vero
1188 2724 1358 2792 post:
1384 2721 1626 2774 Scutum
1671 2722 1728 2774 et
1765 2719 2024 2791 gladium
2057 2728 2114 2778 et

458 2809 700 2877 bellum,
726 2808 786 2864 in
808 2809 1007 2864 finem.
1031 2808 1282 2880 Eratque
1306 2824 1542 2863 rursum
1573 2807 1633 2862 in
1669 2807 1947 2864 Hebraico
1979 2814 2112 2882 post

460 2900 766 2967 Umalama,
795 2897 950 2970 quod
989 2902 1098 2968 est,
1132 2901 1189 2952 et
1237 2896 1478 2968 bellum,
1511 2895 1652 2953 sela.
1685 2897 1754 2952 Et
1798 2897 1856 2952 in
1904 2897 2110 2954 eodem

456 2989 690 3063 psalmo
718 2991 852 3060 post
891 2976 1058 3041 illum
1103 2985 1298 3041 locum
1333 3003 1346 3040 :
1381 2989 1447 3040 ut
1476 2985 1668 3042 salvos
1717 2985 1888 3042 faciat
1938 2985 2109 3043 mites

454 3085 644 3144 terrae,
659 3076 717 3132 in
734 3073 1498 3150 Septuaginta,diapsalma;
1522 3075 1675 3147 apud
1691 3075 2107 3132 Svmmachum

404 3157 422 3192 ³
455 3166 750 3231 similiter,
793 3165 1122 3240 diapsalma
1167 3169 1225 3220 et
1269 3164 1422 3237 apud
1469 3163 1740 3237 Aquilam
1785 3181 1796 3221 :
1837 3181 2104 3238 semper;

2216 585 2386 654 rupta
2443 582 3096 651 continuatio;,dccens
3152 580 3510 652 ubicumque
3569 584 3866 653 repertum

2217 671 2410 738 fuerit,
2434 675 2538 726 aut
2565 687 2948 744 personarum
2977 674 3078 725 aut
3107 686 3302 726 rerum
3333 667 3459 724 fieri
3489 667 3871 740 permutatio-

2217 775 2372 818 nem.
2408 759 2611 816 Merito
2658 776 2798 832 ergo
2835 759 2951 816 tale
3007 775 3220 816 nomen
3277 756 3398 814 illic
3449 755 3868 830 interponitur,

2217 848 2317 902 ubi
2345 847 2432 904 vel
2465 865 2695 914 sensus,
2727 848 2817 904 vel
2860 865 3120 922 persona:
3159 845 3340 903 dividi
3387 847 3866 918 comprobantur.

2217 935 2380 993 Unde
2417 941 2476 992 et
2503 953 2610 994 nos
2641 937 2958 994 divisiones
2997 953 3251 1011 congrue
3289 936 3594 1002 faciemus,
3617 935 3868 992 ubicun-

2216 1041 2329 1098 que
2368 1025 2427 1082 in
2474 1025 2720 1098 psalmis
2768 1026 3098 1098 diapsalma
3141 1025 3396 1099 potuerit
3443 1024 3720 1094 inveniri;
3771 1041 3871 1082 re-

2216 1113 2412 1187 liquas
2463 1119 2683 1184 autem,
2719 1119 2893 1188 prout
2937 1115 3142 1171 datum
3188 1113 3382 1185 fuerit,
3427 1114 3867 1188 indagabimus,

2216 1203 2314 1258 ubi
2364 1208 2561 1260 tamen
2611 1205 2928 1262 auctoritas
2957 1204 3138 1276 hujus
3170 1202 3428 1260 nominis
3473 1204 3730 1276 potuerit
3774 1203 3869 1260 in-

2213 1292 2420 1348 veniri.

2997 1382 3092 1440 IV.

2359 1471 2500 1540 Quid
2523 1473 2598 1526 sit
2622 1471 2945 1542 psalterium
2971 1479 3024 1545 et
3046 1472 3252 1545 psalmi
3279 1487 3447 1545 quare
3465 1471 3722 1528 dicantur

2761 1543 3121 1600 Cassiodorus
3147 1543 3193 1616 (1
3210 1543 3321 1614 11).

2287 1647 2632 1704 Psalterium
2681 1651 2790 1715 est,
2837 1654 2904 1704 ut
2949 1649 3338 1723 Hieronymus
3383 1651 3486 1718 ait,
3513 1649 3572 1705 in
3623 1651 3869 1709 modum

2214 1735 2382 1792 deltaa
2413 1735 2616 1793 litterae
2647 1737 2880 1793 formati
2929 1737 3074 1811 ligni
3123 1755 3334 1794 sonora
3363 1739 3710 1808 concavitas,
3735 1741 3872 1797 obe-

2215 1842 2348 1881 sum
2387 1831 2644 1882 ventrem
2679 1827 2737 1880 in
2769 1826 3465 1899 superioribusbabens,
3489 1828 3589 1883 ubi
3617 1828 3875 1886 chorda-

2226 1931 2356 1969 rum
2389 1913 2487 1969 ﬁla
2517 1913 2778 1988 religata,
2795 1913 3306 1988 disciplinabiliter
3329 1914 3548 1989 plectro
3570 1933 3874 1990 percussa,

2225 2002 2639 2059 suavissimam
2689 2003 2964 2060 dicuntur
3011 2004 3252 2060 reddere
3299 2003 3676 2062 cantilenam.
3729 2006 3881 2063 Huic

2224 2091 2462 2148 citharae
2493 2092 2704 2164 positio
2732 2092 2962 2148 videtur
3007 2109 3137 2149 esse
3187 2093 3500 2161 contraria,
3522 2095 3665 2152 dum
3715 2095 3879 2172 quod

2223 2181 2338 2236 ista
2367 2181 2426 2236 in
2459 2181 2576 2237 imo
2623 2182 2900 2250 continet,
2925 2181 3069 2238 illud
3121 2199 3399 2240 conversa
3425 2184 3549 2240 vice
3594 2189 3788 2258 gestat
3816 2184 3879 2242 in

2223 2269 2432 2342 capite.
2467 2271 2584 2326 Hoc
2631 2275 2830 2328 autem
2878 2287 3066 2345 genus
3114 2271 3316 2346 organi
3367 2289 3648 2330 canorum
3699 2279 3882 2348 atque

2224 2357 2521 2432 singulare
2551 2364 2786 2432 aptatur
2814 2360 3042 2432 corpori
3085 2361 3317 2417 Domini
3347 2360 3666 2420 Salvatcris
3691 2381 3704 2420 :
3730 2381 3890 2436 quos

2224 2447 2380 2503 niam
2403 2448 2557 2504 sicut
2576 2447 2734 2504 istud
2760 2449 2831 2504 de
2856 2448 3164 2504 altioribus
3190 2453 3380 2519 sonat,
3405 2451 3489 2507 sic
3509 2457 3568 2508 et
3587 2451 3734 2508 illud
3755 2453 3881 2526 glo-

2221 2537 2388 2594 riosae
2418 2535 2808 2594 institutionis
2837 2555 3090 2610 superna
3114 2539 3264 2610 (112)
3295 2539 3689 2612 concelebrat;
3723 2541 3881 2598 sicut

2221 2625 2397 2682 etiam
2430 2626 2555 2698 ipse
2583 2624 2642 2681 in
2675 2625 2986 2700 Evangelio
3011 2626 3154 2682 dicit
3185 2643 3198 2683 :
3228 2627 3336 2696 Qui
3367 2632 3456 2685 est
3495 2629 3566 2685 de
3601 2632 3774 2698 terra,
3803 2630 3878 2688 de

2222 2719 2376 2770 terra
2393 2719 2500 2783 est,
2521 2719 2579 2770 et
2597 2715 2668 2770 de
2688 2719 2845 2770 terra
2867 2714 3154 2788 loquitur;
3187 2715 3288 2789 qui
3309 2721 3506 2773 autem
3529 2718 3601 2774 de
3623 2718 3764 2774 coelo
3783 2737 3878 2777 ve-

2221 2802 2461 2874 nit,quaa
2481 2803 2628 2858 vidit
2647 2808 2704 2858 et
2724 2803 2946 2859 audivit
2967 2804 3406 2861 testatur.Unde
3423 2807 3660 2878 quidam
3683 2813 3742 2864 et
3762 2809 3874 2865 hoc

2219 2908 2366 2965 opus
2384 2891 2723 2948 Davidicum
2743 2891 3005 2964 psalmos
3022 2891 3208 2949 dictos
3223 2910 3352 2951 esse
3371 2895 3874 2969 praeﬁniunt,quia

2219 2981 2290 3036 de
2327 2996 2580 3053 superno
2607 2980 2864 3036 culmine
2902 2985 3166 3037 retcnare
3205 2989 3548 3039 noscuntur.
3573 2985 3874 3058 Cognosce

2219 3085 2350 3126 vero
2371 3069 2527 3142 quod
2554 3069 2650 3125 isti
2677 3073 2908 3125 tantum
2955 3087 3060 3142 pro
3107 3071 3448 3128 excellentia
3477 3073 3567 3129 sui
3601 3073 3874 3130 dicantur

2217 3157 2450 3232 psalmi,
2472 3157 2574 3232 qui
2603 3158 2713 3216 hoc
2741 3157 3039 3215 volumine
3067 3159 3462 3217 continentur.

452 3274 682 3313 necnon
711 3259 768 3312 et
797 3255 951 3328 apud
980 3255 1282 3326 quintam;
1305 3255 1364 3309 in
1389 3258 1550 3311 sexta
1569 3271 1702 3312 vero
1727 3255 1787 3310 in
1821 3255 2028 3325 ﬁnem;
2052 3263 2109 3314 et
2137 3251 2180 3318 C
2289 3246 2637 3304 Psalterium
2662 3263 2896 3320 quoque
2915 3263 3100 3322 genus
3123 3265 3252 3306 esse
3279 3249 3639 3308 musicorum
3665 3251 3870 3310 Daniel

451 3345 512 3400 in
547 3343 829 3401 Hebraico
885 3347 1010 3398 erat
1066 3348 1199 3413 post
1255 3344 1384 3399 anie
1411 3360 1554 3411 ares,
1585 3345 1740 3416 quod
1797 3350 1904 3413 est,
1940 3345 2110 3403 mites

453 3429 834 3498 terrm,‘sela.
867 3434 1056 3503 Atque
1107 3431 1189 3486 ita
1235 3447 1364 3486 cum
1417 3431 1591 3488 talem
1641 3431 2108 3506 uniuscujusque

455 3520 728 3578 editionis
772 3519 1107 3592 opinionem
1158 3519 1603 3591 reperissemus,
1637 3519 1758 3576 haec
1804 3522 2106 3579 annotavi«

455 3624 608 3666 mus.
643 3609 850 3665 Utrum
907 3612 1102 3664 autem
1149 3607 1459 3678 cujusdam
1519 3609 1754 3664 musicae
1803 3609 2104 3667 cantilenae

453 3705 629 3772 atque
659 3697 874 3772 rythmi
918 3696 1410 3761 immutationem,
1444 3697 1543 3770 qui
1573 3697 1934 3770 interpretati
1963 3705 2104 3756 sunt

393 3831 416 3839 -
453 3787 779 3862 diapsalma
807 3784 1097 3843 senserint
1136 3784 1365 3841 aliudve
1408 3785 1794 3843 intellexerint
1824 3792 1924 3843 tuo
1945 3789 2104 3860 judi-

449 3877 538 3934 cic
565 3876 928 3948 derelinquo.

520 3967 835 4038 Hucusque
865 3965 1162 4038 Origenes,
1191 3965 1360 4036 cujus
1405 3982 1512 4021 nos
1555 3963 1870 4022 maluimus
1901 3967 1958 4022 in
1989 3967 2099 4023 hac

443 4054 842 4128 disputatione
895 4053 1202 4110 dumtaxat
1257 4053 1614 4127 imperitiam
1671 4054 1858 4127 sequi,
1917 4073 2096 4128 quam

441 4143 681 4202 stultam
717 4143 932 4200 habere
964 4143 1269 4198 sctentiam
1303 4143 1689 4200 nescentium.

1217 4231 1312 4288 III.

670 4323 817 4394 Quid
843 4323 918 4379 sit
944 4321 1275 4396 diapsalma,
1311 4321 1660 4378 Cassiodorus
1693 4323 1859 4392 (110).

506 4413 666 4468 Inter
685 4412 1044 4484 cxpositcres
1066 4410 1431 4483 psalmorum
1452 4411 1522 4467 de
1549 4411 1658 4466 hoc
1683 4411 1920 4468 nomine
1941 4429 2093 4485 quas-

435 4501 570 4556 dam
619 4501 884 4555 ncscitur
939 4499 1272 4572 provenisse
1325 4501 1650 4557 diversitas.
1704 4501 2090 4574 Hieronymus

435 4587 728 4642 Hebraicis
771 4585 984 4658 linguae
1015 4585 1394 4674 doctissimus
1426 4587 1740 4659 inquisitor
1784 4591 2088 4644 continua-
2125 4610 2168 4674 D

435 4676 652 4732 tionem
689 4674 944 4748 Spiritus
975 4673 1158 4730 sancti
1192 4690 1319 4730 esse
1350 4675 1680 4742 confirmat,
1708 4675 1780 4731 ob
1813 4676 1920 4733 hoc
1951 4678 2091 4750 quia

433 4763 762 4838 diapsalma
805 4762 1096 4836 significet
1140 4778 1388 4834 semper.
1415 4763 1626 4820 Beatus
1657 4769 1855 4820 autem
1885 4768 2088 4840 Augu-

432 4854 852 4922 stinus,rerum
879 4852 1267 4908 obscurarum
1301 4851 1728 4908 subtilissimus
1757 4853 2083 4927 indagator.

429 4943 583 4998 inter
611 4943 796 4998 ardua
826 4942 952 4998 sine
983 4939 1300 4997 offensione
1330 4938 1687 5006 discurrens,
1714 4940 1864 4997 hanc
1891 4943 2086 5015 potius

429 5036 655 5102 partem
693 5031 938 5104 elegisse
970 5028 1360 5102 cognoscitur,
1385 5032 1450 5084 ut
1480 5028 1669 5100 magis
1719 5029 1925 5086 divisio
1955 5048 2084 5089 esse

426 5119 712 5190 videatur,
737 5119 994 5176 nominis
1027 5121 1213 5190 ipsius
1242 5117 1565 5173 discutiens
1597 5117 1960 5190 qualitatem.

498 5207 870 5280 Sympsalma
917 5209 1132 5280 quippe
1163 5209 1380 5264 dicitur
1410 5207 1604 5264 Graeco
1650 5207 1932 5266 vocabulo
1977 5227 2079 5267 vc-

423 5365 591 5443 dam;
624 5366 722 5443 sed
747 5365 843 5443 ita
873 5364 1182 5443 infeliciter
1217 5365 1410 5443 verbis
1445 5365 2078 5443 _Hieronymiinterpo~

423 5439 562 5516 suit,
622 5441 709 5516 ut
731 5436 846 5516 -illa_
875 5453 889 5492 :
922 5439 1151 5516 E_t_quia
1173 5467 1240 5478 -
1261 5437 1498 5504 ducaris,
1559 5436 1692 5510 quae
1742 5436 2074 5516 Hieronimi

422 5513 584 5573 sunt,
601 5507 884 5581 Orjgenis
916 5507 1240 5581 videantur.

491 5580 642 5652 (110)
672 5579 942 5653 Est_c._tt
993 5579 1290 5653 integrum
1315 5581 1696 5653 iprasfaticnis
1747 5583 1804 5640 in
1853 5584 2070 5643 Psalte-

417 5649 571 5714 rium
604 5649 648 5710 t.
681 5651 820 5709 LXX
855 5650 1093 5724 Patrol.,
1120 5649 1234 5710 col.
1268 5649 1356 5710 47ζ

2216 3337 2502 3410 propheta
2539 3341 2807 3407 testatur,
2857 3337 3132 3410 inquiens
3174 3354 3372 3396 vocem
3421 3339 3596 3412 tubis,
3630 3339 3868 3409 fistulis,

2215 3427 2529 3497 sambucas,
2546 3427 2800 3495 citharae,
2820 3426 3080 3499 psalterii
3100 3431 3158 3484 et
3177 3429 3537 3502 symphoniae
3557 3431 3870 3503 omnisque

2214 3515 2446 3588 generis
2473 3517 2856 3572 musicorum.
2880 3517 3027 3572 Nam
3071 3520 3128 3572 et
3164 3517 3646 3589 Paralipomenon
3690 3535 3870 3592 expo-

2215 3603 2320 3670 nit,
2343 3619 2477 3658 cum
2513 3603 2655 3659 dicit
2693 3604 2765 3659 de
2794 3603 2971 3674 lignis
3010 3603 3395 3676 thyinis(113)
3416 3605 3636 3676 gradus
3677 3605 3869 3664 factos

2212 3691 2270 3744 in
2297 3690 2480 3746 Domo
2509 3689 2741 3746 Domini
2771 3695 2829 3746 et
2858 3690 2918 3745 in
2949 3691 3122 3746 domo
3159 3691 3318 3764 regia
3341 3692 3600 3748 citharas
3627 3708 3867 3767 quoque

2211 3784 2268 3834 et
2296 3778 2572 3852 psalteria
2611 3779 2968 3834 cantoribus.
3004 3779 3122 3834 Hoc
3169 3779 3628 3838 instrumentum
3679 3784 3866 3839 musi-
3895 3844 3912 3853 η

2209 3884 2364 3937 cum,
2391 3867 2734 3940 psalterium
2767 3866 3006 3936 scilicet,
3033 3868 3188 3941 apud
3219 3869 3488 3926 Hebrascs
3516 3869 3734 3926 dicitur
3759 3888 3864 3928 na-

2207 3955 2392 4026 blum,
2417 3973 2568 4030 quoe
2598 3961 2791 4013 tamen
2837 3956 2896 4012 in
2942 3961 3343 4032 suprascrtptc
3385 3957 3534 4015 libro
3565 3959 3857 4034 frequenti

2206 4047 2547 4120 repetitione
2604 4045 2907 4120 vulgatum
2963 4051 3072 4103 est.
3117 4047 3318 4120 Ipsum
3369 4064 3505 4105 vero
3560 4049 3858 4122 psalmum

2203 4139 2466 4192 Graecum
2499 4139 2731 4191 constat
2759 4151 2889 4191 esse
2913 4135 3262 4192 vocabulum
3283 4152 3458 4208 quem
3481 4137 3704 4194 dictum
3733 4137 3864 4211 qui-

2204 4225 2340 4281 dam
2360 4223 2564 4280 volunt
2581 4231 2678 4281 ἀπὸ
2705 4235 2792 4282 τοῦ
2823 4232 3014 4297 ψαύειν,
3037 4223 3147 4281 hoc
3175 4229 3266 4282 est
3307 4244 3342 4282 a
3378 4227 3690 4300 tangendo.
3709 4227 3857 4285 Nam

2202 4319 2260 4370 et
2287 4312 2561 4386 psaltrias
2591 4313 2941 4370 citharccdas
2975 4329 3255 4370 vocamus
3285 4313 3454 4372 docto
3503 4313 3708 4388 pollice
3735 4331 3861 4372 mo-

2201 4401 2530 4460 dulationes
2561 4401 2820 4460 musicas
2849 4401 3262 4476 exprimentes.

2272 4491 2540 4548 Psalmus
2570 4508 2704 4547 vero
2735 4494 2823 4548 est
2851 4507 2985 4546 cum
3013 4507 3084 4548 ex
3120 4490 3248 4562 ipso
3290 4489 3414 4548 solo
3460 4492 3856 4551 instrumento

2201 4581 2450 4650 musico,
2477 4581 2534 4636 id
2565 4583 2655 4636 est
2683 4578 2979 4652 psalterio,
3013 4577 3332 4636 modulatio
3363 4581 3633 4652 quaedam
3663 4581 3856 4640 dulcis

2197 4676 2254 4726 et
2283 4687 2498 4726 canora
2527 4668 2926 4742 profunditur.

2268 4758 2569 4814 Canticum
2593 4773 2826 4830 quoque
2845 4761 2952 4812 est.
2977 4757 3127 4830 qacd
3150 4757 3222 4812 ad
3255 4755 3536 4814 honorem
3558 4759 3658 4816 De)
3691 4759 3853 4815 cani-

2197 4851 2313 4920 tur,
2337 4847 2570 4920 quando
2594 4845 2726 4919 quis
2747 4845 3012 4902 libertate
3052 4845 3297 4919 propriae
3315 4848 3476 4903 vocis
3516 4849 3719 4915 utitur,
3745 4865 3852 4906 nec

2193 4935 2424 5009 loquaci
2454 4934 2844 4992 instrumento
2867 4933 3144 5008 cuiquam
3177 4935 3402 4992 musico
3437 4953 3693 4994 consona
3722 4953 3850 4993 mc-

2191 5024 2488 5081 dulaticne
2519 5023 2796 5092 sociatur,
2826 5021 2936 5081 hoc
2963 5028 3052 5080 est
3080 5025 3236 5098 quod
3269 5024 3446 5082 etiam
3479 5039 3635 5080 nunc
3664 5022 3725 5080 in
3755 5024 3853 5081 Di-

2190 5113 2455 5169 vinitatis
2480 5110 2758 5168 laudibus
2787 5111 3000 5186 agitur.

2259 5201 2492 5258 Psalmo
2521 5200 2816 5258 canticum
2841 5205 2987 5273 erat,
3008 5217 3165 5272 cum,
3196 5201 3588 5258 instrumento
3619 5201 3847 5259 musico

2259 5364 2410 5445 (111)
2427 5361 2772 5445 gaesiodpr.
2810 5363 2984 5445 priet.
3035 5361 3324 5445 inhPsalt.
3358 5361 3616 5445 c._4:81.
3648 5379 3698 5420 ο.
3732 5363 3844 5420 col.

2187 5433 2275 5504 t5,
2310 5437 2398 5492 16.
2426 5435 2650 5507 Desunt
2681 5433 2776 5507 hic
2804 5433 2960 5491 tituli
2993 5433 3383 5507 capitulorum
3410 5436 3530 5491 5-8.

2182 5507 2404 5640 edgttits?)
2437 5505 2529 5562 Sic
2569 5505 2882 5580 legendum
2915 5505 3210 5577 cum—Bm,
3243 5523 3360 5563 non
3406 5521 3658 5580 superne,
3687 5509 3752 5562 ut
3781 5505 3843 5562 in

2253 5651 2399 5732 (113)
2431 5649 2600 5708 Edita
2627 5648 2854 5708 addunt
2885 5665 2898 5708 :
2933 5665 3061 5724 quae
3085 5646 3260 5723 vulgo
3290 5649 3476 5708 ebena
3502 5653 3804 5712 vocantur.
