4122 6184
264 263 336 329 ιθ
1148 258 1159 262 ‘
1507 261 1919 327 EXPOSITIO
1962 228 2487 333 PSALMORUM.
3649 272 3728 335 so

1185 604 1808 709 SANGTI
1901 605 2805 713 BRUNONIS

1490 803 2111 868 HERBIPOLENSIS
2154 804 2523 870 EPISCOPI

782 951 1861 1115 EXPOSITIO
1980 982 2342 1108 Psa
2374 989 3254 1123 LmonUM

1775 1218 2199 1230 ...φ-φ’.-

323 1354 387 1405 Ιη
418 1346 640 1405 Christi
674 1344 918 1402 nomine
949 1343 1160 1417 incipit
1203 1341 1547 1415 psalterium
1582 1318 1653 1401 de
1676 1346 1930 1403 transla-
1960 1346 2016 1414 Α
2047 1341 2313 1416 exempla
2350 1346 2540 1403 malae
2564 1350 2840 1407 doctrinae
2861 1352 3144 1414 Christus
3166 1364 3415 1432 posteris
3438 1383 3557 1423 non
3581 1359 3768 1425 relin-

256 1440 409 1494 tione
440 1434 822 1509 septuaginta
842 1434 1650 1505 Interpretum,emendatum
1674 1452 1708 1489 a
1724 1440 1929 1491 sancto

257 1524 609 1598 Hieronymo
641 1524 703 1578 in
738 1538 984 1578 novum.

320 1615 501 1687 Origo
529 1610 854 1685 prophetiae
885 1610 1066 1667 David
1099 1610 1247 1682 regis
1274 1610 1643 1682 psalmorum
1679 1629 1934 1670 numero

257 1707 491 1762 centum
523 1700 968 1775 quinquaginta
992 1699 1161 1773 (121).
1210 1706 1221 1715 ’

656 1841 998 1898 PSALMUS
1030 1842 1294 1901 PRIMUS
1332 1844 1507 1911 (1'22).

327 1973 385 2028 C.
418 1972 476 2027 Β.
506 1971 621 2027 Iste
655 1967 937 2041 psalmus
968 1967 1095 2021 ideo
1125 1967 1357 2023 titulum
1392 1984 1512 2024 non
1544 1968 1739 2037 habet,
1774 1986 1942 2041 quo-

263 2062 408 2118 niam
429 2058 603 2131 capiti
630 2056 895 2114 Domino
925 2060 1122 2111 nostro
1153 2055 1439 2114 Salvatori
1474 2057 1569 2129 (de
1598 2073 1712 2129 quo
1743 2058 1941 2117 abso—

261 2151 372 2208 lute
386 2149 790 2216 dicturusest)
804 2143 955 2201 nihil
967 2146 1216 2217 praeponi
1233 2146 1445 2204 debuit
1461 2161 1552 2217 ;,sa
1562 2151 1754 2203 nciam
1767 2150 1942 2207 enim

261 2242 378 2313 ejus
406 2235 849 2295 incarnationis
876 2234 1080 2301 vitam,
1098 2234 1544 2308 impiorumque
1573 2234 1828 2293 ultiones
1856 2238 1944 2296 in-

261 2330 470 2387 sinuat.
500 2328 675 2384 Unde
707 2330 769 2382 et
802 2324 1052 2380 materia
1107 2324 1284 2397 hujus
1338 2323 1564 2398 psalmi
1612 2323 1819 2380 eadem
1853 2335 1946 2384 est

269 2436 390 2491 qua:
416 2422 472 2474 et
502 2418 688 2473 totius
719 2414 885 2482 libri,
918 2413 1141 2470 scilicet
1166 2414 1441 2471 Christus
1478 2414 1724 2486 integer.
1756 2413 1818 2469 Id
1855 2422 1945 2472 est

271 2512 439 2581 caput
456 2508 825 2579 Redemptor
843 2508 1046 2559 noster
1067 2520 1198 2559 cum
1224 2503 1541 2569 membris,
1559 2502 1614 2556 id
1640 2507 1729 2557 est
1749 2506 1945 2559 omni-

270 2597 379 2653 bus
403 2596 580 2668 justis
608 2602 667 2651 et
693 2594 944 2649 sanctis.

2043 1435 2191 1507 quit.
2225 1434 2266 1490 C
2295 1435 2421 1489 Est
2451 1439 2606 1495 cnim
2640 1442 2921 1497 cathedra
2952 1444 3296 1519 doctorum,
3322 1454 3582 1511 tribunal
3602 1458 3771 1529 judi-

2048 1530 2275 1592 cum,et
2308 1541 2534 1600 regum
2563 1529 2777 1585 solium
2813 1536 3064 1603 proprie
3095 1538 3331 1597 dicitur.
3368 1544 3415 1599 II
3449 1544 3616 1602 Unde
3644 1564 3776 1603 sen-

2050 1632 2151 1670 sus
2181 1614 2464 1707 versiculi
2498 1619 2678 1691 hujus
2709 1623 2837 1675 est:
2878 1621 3105 1682 Beatus
3150 1630 3250 1702 qui
3299 1650 3415 1687 non
3459 1634 3770 1707 cogitavit,

2052 1722 2168 1761 non
2202 1703 2359 1772 fecit,
2399 1724 2515 1764 non
2550 1708 2751 1764 docuit
2784 1709 2970 1766 mala.

2087 1798 2122 1848 2
2195 1793 2296 1850 Sed
2327 1798 2389 1851 in
2417 1799 2533 1867 lege
2565 1797 2788 1853 Domini
2817 1799 3088 1860 voluntas
3117 1808 3289 1878 ejus:

2195 1885 2259 1939 Et
2284 1887 2343 1940 in
2379 1888 2491 1958 lege
2520 1888 2638 1960 ejus
2667 1886 3047 1947 meditabitur
3075 1873 3165 1950 die
3290 1906 3462 1953 nocte.

2125 1973 2165 2028 C
2197 1974 2308 2029 Lex
2342 1976 2440 2031 Dei
2475 1981 2563 2032 cst
2593 1976 2650 2031 in
2685 1974 3064 2036 declinandis
3096 1984 3355 2054 peccatis
3378 1992 3592 2043 sancta
3618 2006 3763 2061 prae.

2054 2063 2260 2135 ceptio,
2296 2064 2351 2119 in
2389 2082 2506 2137 qua
2533 2065 2804 2121 voluntas
2838 2065 3006 2125 illius
3053 2072 3181 2139 fuit,
3218 2073 3321 2144 qui
3354 2080 3600 2143 peccata
3636 2097 3757 2136 non

2054 2154 2207 2209 fecit.
2232 2153 2338 2208 AC
2370 2155 2609 2211 Intende
2650 2171 2783 2210 vero
2825 2160 2989 2227 quod
3024 2161 3287 2216 secundo
3321 2161 3465 2215 dicit
3494 2162 3556 2217 in
3594 2165 3751 2242 lege,

2054 2260 2169 2297 non
2204 2243 2312 2297 sub
2339 2242 2640 2317 lege,quia
2666 2243 2940 2302 Christus
2977 2248 3033 2303 in
3064 2249 3193 2321 lege
3220 2249 3330 2303 fuit
3364 2250 3463 2320 qui
3496 2262 3752 2322 peccata

2054 2350 2171 2387 non
2206 2331 2429 2401 habuit,
2464 2335 2651 2390 caeteri
2702 2336 2983 2393 mortales
3032 2340 3144 2393 sub
3196 2337 3325 2410 lege
3366 2338 3466 2409 qui
3500 2341 3748 2403 delictis

2054 2425 2318 2475 onerant.
2343 2423 2384 2477 C
2405 2423 2517 2478 Lex
2538 2424 2754 2479 dicitur
2776 2440 2843 2480 eo
2868 2428 3025 2497 quod
3051 2427 3287 2482 animos
3315 2431 3549 2483 nostros
3576 2430 3743 2507 liget,

2056 2510 2298 2581 suisque
2342 2514 2535 2567 teneat
2564 2513 2846 2568 obnoxios
2878 2515 3239 2571 constitutis.
3278 2513 3549 2572 Meditari
3584 2538 3743 2581 sem-

2055 2615 2159 2670 per
2190 2598 2391 2655 nullus
2421 2601 2571 2656 valet
2600 2601 2786 2674 legem
2820 2604 3051 2660 Domini
3082 2604 3197 2660 nisi
3230 2602 3527 2674 Christus,
3552 2613 3661 2668 sed
3685 2618 3742 2669 et

308 2686 328 2742 l
412 2690 604 2742 Beatus
632 2686 727 2739 vir
754 2685 858 2757 qui
883 2698 1001 2738 non
1021 2684 1160 2738 abiit
1182 2686 1235 2739 in
1258 2684 1503 2741 consilio
1536 2681 1833 2752 impiorum
1855 2701 1874 2736 :
1894 2691 1945 2739 et
1975 2717 2023 2781 B
2058 2686 2155 2757 ille
2185 2688 2285 2760 qui
2319 2691 2651 2746 membrum
2684 2692 2811 2763 ejus
2842 2692 3361 2761 cst,meditabitur
3391 2709 3637 2767 semper
3667 2702 3742 2758 le-

484 2778 545 2831 in
588 2776 681 2830 via
724 2780 1081 2846 peewtorum
1135 2790 1242 2830 non
1296 2775 1471 2841 stetit,
1507 2778 1558 2827 et
1592 2773 1651 2825 in
1693 2771 1947 2827 cathedra
1976 2771 2021 2781 “’
2057 2793 2189 2849 gem
2227 2778 2343 2845 Dei,
2369 2779 2466 2850 qui
2500 2796 2627 2835 eam
2656 2782 2816 2837 omni
2850 2783 3105 2855 puritate
3135 2782 3493 2854 inquantum
3518 2791 3741 2857 poterit

480 2865 815 2937 pestilentia:
837 2878 949 2919 non
976 2861 1135 2918 sedit.

337 2955 383 3009 C
416 2955 628 3011 Beatus
656 2952 765 3020 vir,
807 2952 1008 3007 dictus
1068 2951 1234 3023 quasi
1290 2952 1442 3007 bene
1497 2952 1671 3021 aptus
1700 2949 1823 3019 (qui
1856 2955 1944 3005 est

270 3044 563 3111 Christus)
595 3047 704 3114 est,
738 3041 834 3097 cui
865 3045 1072 3113 optata
1102 3040 1295 3097 omnia
1330 3038 1418 3096 vel
1447 3038 1782 3095 desiderata
1810 3055 1940 3092 suc-

267 3134 509 3198 cedunt,
531 3131 720 3188 virum
745 3129 984 3205 egregie
1016 3129 1338 3202 subjunxit.
1362 3129 1467 3185 Vir
1487 3127 1644 3185 enim
1667 3143 1699 3181 a
1721 3126 1940 3183 viribus

266 3222 467 3277 dictus
487 3225 600 3290 est,
624 3220 722 3293 qui
746 3219 939 3276 nescit
964 3218 1268 3277 tolerando
1288 3220 1529 3275 adversa
1552 3215 1814 3281 deﬁcere,
1840 3221 1942 3272 aut

271 3311 329 3366 in
357 3310 661 3383 prosperis
692 3309 893 3382 aliqua
915 3324 981 3366 se
1004 3307 1254 3364 elatione
1267 3304 1734 3380 jactare.’l‘ribus
1748 3306 1937 3361 modis

269 3400 367 3455 hic
396 3398 657 3456 ostendit
686 3399 918 3455 evenire
948 3396 1247 3452 humanos
1290 3413 1533 3463 errores,
1568 3395 1934 3467 cogitatione,

268 3489 451 3555 facto,
488 3494 545 3544 et
576 3488 751 3544 dicto.
784 3486 1157 3560 Cogitatione
1187 3485 1503 3557 peccatrice
1545 3483 1757 3551 abitur,
1790 3482 1939 3540 facto

270 3577 431 3634 malo
463 3581 655 3633 statur
682 3576 855 3651 longe
878 3594 914 3632 a
940 3581 1074 3632 Deo.
1101 3574 1262 3631 Dicto
1291 3590 1424 3630 vero
1446 3571 1610 3628 malm
1642 3572 1937 3639 doctrinae,

268 3668 394 3723 sive
437 3666 827 3739 gloriationis,
862 3664 989 3721 sive
1021 3663 1243 3735 peccati
1273 3661 1712 3725 consuetudine,
1745 3659 1801 3715 in
1838 3679 1937 3717 ca-

270 3756 490 3812 thedra
518 3755 814 3810 intlciente
847 3753 1197 3826 pestilentia:
1227 3752 1479 3808 sedetur.
1513 3752 1557 3805 A
1589 3750 1795 3805 Beatus
1824 3750 1937 3823 igi-

268 3850 373 3900 tur
390 3844 495 3917 qui
518 3860 632 3899 non
656 3843 803 3900 abiit
824 3841 1185 3916 cogitatione
1212 3858 1245 3897 a
1270 3845 1379 3896 Deo
1404 3840 1463 3895 in
1487 3837 1778 3911 regionem
1811 3838 1935 3895 lon-

268 3934 559 4006 ginquam
578 3931 1179 3997 dissimilitudinis,id
1195 3934 1285 3986 est
1300 3928 1647 4002 cogitatione
1670 3944 1781 3983 non
1807 3945 1935 4000 pec-

270 4022 450 4079 cavit.
483 4021 760 4088 Quamvis
790 4026 952 4099 esset
982 4020 1214 4093 positus
1240 4019 1297 4074 in
1326 4017 1564 4074 concilio
1596 4016 1932 4089 impiorum,

2055 2864 2343 2938 implebit.
2369 2868 2414 2923 H
2438 2869 2564 2924 Sive
2587 2871 2741 2925 enim
2767 2874 3105 2937 manducet,
3130 2871 3251 2926 sive
3273 2870 3441 2936 bibit,
3466 2873 3597 2932 sive
3610 2880 3719 2936 dor

2056 2954 2184 3008 mit.
2212 2958 2273 3008 ln
2305 2957 2539 3013 nomine
2571 2958 2799 3013 Domini
2835 2961 3033 3015 omnia
3067 2959 3305 3027 faciens,
3341 2959 3733 3022 meditabitur

2054 3041 2240 3115 legem
2264 3044 2361 3099 Dei
2386 3045 2478 3100 die
2501 3063 2566 3101 ac
2590 3053 2778 3102 nocte.
2794 3048 2835 3102 C
2851 3048 2985 3104 Dies
3007 3049 3163 3103 dicta
3184 3050 3271 3102 est
3293 3063 3326 3100 a
3346 3063 3721 3119 paganorum

2052 3131 2186 3187 diis.
2206 3132 2327 3187 Nox
2358 3149 2424 3188 eo
2451 3136 2603 3205 quod
2636 3141 2842 3193 noceat
2872 3135 3352 3209 aspectibus,sive
3381 3137 3719 3199 actionibus

2051 3221 2289 3287 nostris,
2324 3221 2480 3277 dicta
2509 3229 2616 3278 est.

2083 3310 2118 3363 3
2191 3310 2255 3364 Et
2283 3311 2387 3365 erit
2414 3319 2675 3383 tanquam
2708 3316 2923 3384 lignum
2953 3315 3094 3387 quod
3118 3314 3435 3386 plantatum
3460 3320 3520 3381 -ξ
3563 3325 3644 3372 est
3683 3317 3701 3384 ζ

2262 3414 2414 3453 secus
2444 3400 2706 3458 decursus
2736 3421 3008 3478 aquarum
3038 3422 3055 3458 :

2195 3488 2344 3555 Quod
2371 3490 2612 3559 fraetum
2642 3508 2807 3548 suum
2834 3494 2988 3549 dabit
3017 3496 3075 3549 in
3106 3501 3341 3564 tempore
3366 3507 3463 3547 suo

2122 3576 2161 3630 C
2193 3576 2341 3631 Bene
2381 3576 2540 3650 ligno
2577 3580 2878 3637 fructifcro
2909 3587 3282 3654 comparatus
3306 3584 3395 3633 est
3422 3580 3714 3650 Christus,

2049 3669 2283 3737 propter
2295 3682 2522 3721 crucem
2540 3685 2717 3740 quam
2735 3688 2838 3742 pro
2852 3671 3021 3725 nobis
3033 3669 3337 3725 sustinuit.
3356 3667 3687 3726 Plantatum
3702 3716 3715 3739 ,

2050 3752 2105 3807 id
2137 3758 2225 3808 est
2256 3755 2659 3825 prazdicatum,
2698 3776 2868 3814 secus
2899 3760 3182 3813 decursus
3208 3774 3518 3829 aquarum.
3552 3759 3713 3814 Sicut

2051 3842 2341 3896 terrestris
2391 3844 2546 3899 enim
2598 3865 2772 3919 aqua,
2807 3847 2923 3903 vita
2954 3852 3009 3902 et
3043 3847 3334 3919 lignorum
3366 3845 3705 3914 virentium,

2047 3928 2131 3985 sic
2161 3947 2315 4001 aqua
2346 3931 2629 4003 baptismi
2674 3935 2837 3991 salus
2868 3940 2957 3991 est
2988 3935 3043 3989 in
3077 3934 3428 3989 Crucifixum
3461 3936 3708 3990 creden-

2046 4017 2218 4072 tium.
2255 4019 2534 4076 Fructum
2568 4024 2749 4090 dahit,
2786 4023 2843 4078 id
2877 4028 2966 4077 est
3016 4022 3300 4077 Ecclesias
3348 4022 3705 4091 constituet;

270 4111 337 4166 id
358 4116 448 4167 est
470 4081 738 4184 q'uamvis
758 4081 926 4185 impii
953 4081 1063 4167 h.oc
1085 4108 1433 4164 molirentur
1450 4111 1514 4162 ut
1534 4081 1736 4174 abiret,
1757 4081 1933 4162 veluti
1965 4081 2007 4147 ί]
2046 4110 2305 4178 tempore
2335 4125 2462 4173 suo,
2482 4110 2539 4164 id
2564 4118 2653 4167 est
2683 4081 2918 4184 quando
2945 4113 3123 4167 beata:
3157 4110 3580 4165 lncarnationis
3613 4081 3703 4166 sa;

275 4199 550 4256 Christus
580 4199 849 4273 quamvis
882 4200 1037 4255 inter
1074 4201 1403 4271 peccatores
1435 4196 1508 4251 sit
1538 4201 1934 4262 conversatus,

276 4290 338 4344 in
371 4289 523 4345 viam
576 4306 779 4345 eorum
830 4294 1028 4345 tamen
1064 4303 1180 4343 non
1209 4286 1369 4343 abiit.
1402 4286 1582 4341 Adam
1608 4301 1738 4340 vero
1771 4286 1937 4354 abiit,

275 4377 421 4432 dum
456 4379 619 4433 uxori
653 4396 686 4433 a
714 4376 948 4434 diabolo
979 4378 1233 4448 decepta:
1263 4374 1576 4436 consensit,
1610 4372 1770 4445 impii
1803 4392 1939 4431 vero

276 4465 389 4523 hoc
419 4467 731 4523 molientes
762 4471 905 4523 sunt
935 4464 1177 4530 diaboli,
1205 4465 1414 4520 Scribce
1445 4467 1500 4518 ct
1528 4460 1819 4525 Pharisaei.
1853 4464 1939 4520 vel

281 4572 488 4613 omnes
520 4556 679 4622 mali,
711 4556 768 4611 in
801 4572 1055 4629 quorum
1111 4554 1265 4609 viam
1322 4551 1589 4609 Christus
1638 4551 1790 4607 sicut
1825 4572 1939 4609 non

281 4645 445 4711 abiit,
468 4646 550 4701 ita
578 4644 640 4700 in
671 4662 743 4702 ea
773 4663 889 4701 non
923 4644 1104 4701 stetit.
1140 4644 1424 4710 Quoniam
1481 4658 1614 4698 eum
1658 4644 1854 4699 sa:culi
1886 4647 1944 4701 et

282 4738 652 4805 peccatorum
687 4733 963 4791 illecebra
1012 4750 1129 4789 non
1162 4732 1370 4799 tenuit,
1407 4749 1510 4787 nec
1557 4731 1617 4786 in
1668 4733 1947 4791 cathedra

281 4822 626 4894 pestilentiae
659 4823 831 4889 sedit,
855 4822 913 4878 id
946 4828 1037 4879 est
1067 4838 1245 4894 prava
1274 4820 1697 4877 consuetudine
1729 4823 1817 4879 vel
1851 4839 1964 4896 po“

282 4910 403 4967 tius
431 4910 722 4980 doctrina,
756 4912 895 4985 quia
944 4911 1244 4968 salubrem
1283 4909 1606 4966 doctrinam
1638 4911 1855 4983 docuit,
1890 4927 1946 4978 et

354 5072 509 5143 (121)
540 5072 673 5128 Haec
719 5089 789 5128 ex
834 5072 1034 5129 codice
1084 5089 1196 5127 ms.
1231 5069 1768 5143 addidimusLQuin
1811 5090 1944 5129 vero

280 5141 717 5217 genuinasint,
752 5142 951 5203 nullus
984 5143 1376 5217 dubito,gcum
1400 5142 1468 5217 in
1492 5141 1769 5217 Gallicani
1796 5144 1945 5217 psal-

280 5214 417 5289 terii
448 5215 771 5289 codicibus,
796 5217 951 5289 quod
975 5233 1116 5272 sane
1138 5214 1943 5289 editioniBrunonianze'sub-

270 5287 456 5358 jacet,
490 5286 648 5344 idem
675 5286 885 5345 titulus
914 5289 1199 5344 habeatur
1232 5305 1244 5343 :
1279 5288 1475 5357 Incipit
1510 5288 1840 5358 psalterium
1872 5289 1944 5344 (Ie

278 5360 654 5433 translatione
706 5362 1053 5433 septuaginta
1103 5361 1484 5433 Interpretari},
1536 5360 1878 5415 emendatum
1909 5378 1943 5414 a

2045 4200 2347 4251 cramenta
2376 4200 2915 4271 suscepit.Fructus
2950 4216 2985 4253 a
3016 4200 3259 4254 fruendo
3291 4197 3521 4253 dicitur.
3551 4199 3591 4253 H
3617 4197 3706 4253 Li-

2047 4300 2229 4356 gnum
2254 4286 2654 4356 (cuiChristus
2682 4292 3054 4359 comparatur
3084 4287 3408 4343 secundum
3443 4288 3707 4342 membra

2049 4390 2177 4440 sua,
2210 4373 2269 4429 id
2320 4380 2407 4429 est
2451 4378 2689 4447 quosvis
2741 4394 2869 4432 vere
2920 4376 3303 4448 Christianos)
3354 4375 3703 4449 sapientiam

2051 4468 2209 4534 puto,
2245 4464 2315 4517 «lc
2349 4482 2464 4535 qua
2495 4471 2547 4520 cl
2578 4466 2847 4522 Salomon
2882 4465 3176 4538 loquitur;
3205 4465 3431 4539 lignum
3460 4470 3548 4521 est
3578 4465 3731 4521 vita!

2052 4552 2144 4607 his
2174 4553 2273 4624 qui
2307 4561 2636 4625 sequuntur
2675 4574 2824 4621 eam,
2859 4561 2912 4610 et
2948 4554 3261 4628 Apostolus
3294 4552 3589 4610 Christum
3624 4555 3707 4609 ait

2053 4642 2153 4698 Dei
2186 4642 2457 4699 virtutem
2492 4649 2547 4699 et
2569 4645 2661 4700 Dei
2696 4644 3204 4717 sapientiam.l§rit
3226 4642 3707 4716 itaqueChristia-

2055 4749 2167 4787 nus
2196 4749 2366 4788 vcrus
2388 4736 2666 4805 tanquam
2686 4733 2935 4805 lignum,
2958 4733 3064 4788 hoc
3083 4737 3171 4789 est
3190 4732 3419 4786 Christo
3441 4729 3581 4785 Filio
3606 4731 3702 4786 Dei

2053 4820 2370 4876 conformis
2441 4821 2628 4876 factus
2704 4820 2928 4891 corpori
3007 4818 3202 4891 gloriae
3275 4820 3423 4890 ejus,
3482 4817 3706 4874 scilicet

2053 4908 2287 4966 Christi.

2052 5070 2289 5136 Patrol.,
2324 5070 2434 5125 col.
2469 5068 2588 5123 119.
2636 5092 2642 5103 ι

2124 5144 2273 5212 (122)
2306 5141 2637 5197 Notandum
2681 5138 2836 5211 apud
2885 5139 3215 5195 Brunonem
3248 5140 3404 5197 hunc
3436 5140 3697 5198 ordinem

2052 5219 2387 5285 constanter
2416 5212 2597 5285 fuisse
2628 5212 2996 5285 observatum
3034 5228 3046 5265 :
3085 5212 3271 5284 primo
3316 5214 3441 5270 loco
3474 5214 3701 5285 positus

2050 5292 2174 5341 erat
2205 5284 2411 5339 titulus
2441 5284 2685 5355 ejusque
2715 5283 3019 5355 expositio,
3046 5283 3183 5339 tunc
3207 5283 3490 5340 numerus
3518 5289 3574 5339 et
3603 5302 3700 5339 ar-

2050 5362 2395 5430 gumentum
2424 5354 2655 5426 psalmi.
2680 5354 2796 5430 Nos
2818 5354 3043 5430 Cochlei
3068 5357 3425 5430 ordinem,eo
3452 5357 3606 5430 quod
3627 5357 3698 5430 ad

277 5428 707 5516 sitiemus/mo
751 5426 1185 5516 hrcsliyterohin.
1222 5426 1375 5485 aevo.
1430 5430 1750 5516 Romanam
1812 5448 1942 5486 vero
1977 5453 2017 5516 ί)
2050 5426 2523 5484 commoditatem
2574 5427 2760 5497 magis
2810 5426 3087 5493 conferat,
3122 5427 3229 5482 hac
3276 5428 3332 5481 in
3367 5443 3425 5481 rc
3458 5426 3699 5481 retinui-

277 5501 606 5576 editionem
637 5501 930 5576 vocabant
952 5501 1295 5576 psalterium
1325 5501 1699 5576 emendatum
1728 5521 1763 5557 (ι
1783 5520 1940 5576 noro,

279 5572 346 5628 id
378 5576 469 5630 est
500 5573 566 5630 de
606 5591 759 5632 novo.
792 5571 1177 5632 Vide-notam
1211 5571 1549 5640 Martianaai,
1582 5577 1723 5629 tum.
1761 5575 1943 5629 XXIX

2056 5520 2205 5555 l'IlllS.
