4122 6184
429 309 502 374 51
760 375 767 382 ,
1342 310 1409 374 S.
1452 310 1849 375 BRUNONIS
1893 309 2512 374 HERBIPOLENSIS
2553 309 2936 375 EPISCOPI.
3767 311 3845 375 52

463 446 496 505 4
569 448 636 504 Et
659 446 860 520 folium
885 445 1003 520 ejus
1027 463 1140 503 non
1163 445 1360 516 rte/luet
1389 465 1408 500 :

570 536 634 592 Et
659 537 848 592 omnia
875 550 1215 608 quaecunque
1235 535 1402 606 faciet
1420 533 1910 606 prosperabuntur.

498 643 540 699 C
581 641 809 700 Folium
861 643 1010 716 ejus,
1067 657 1366 698 sermones
1425 640 1614 714 ipsius
1671 627 2084 713 promissionis

427 731 709 806 intellige,
742 731 844 804 qui
891 729 1053 786 nullo
1097 747 1235 786 casu
1289 747 1325 784 a
1363 729 1603 786 veritate
1651 729 1948 798 decidunt,
1982 729 2082 785 sed

429 821 628 878 omnia
658 837 786 893 quae
816 820 937 892 agit
961 819 1021 874 in
1066 823 1200 874 actu
1245 819 1651 892 prosperitatis
1678 817 1922 892 perﬁcit,
1957 835 2083 892 quae

429 910 630 966 omnia
659 908 998 982 accipienda
1027 911 1170 964 sunt
1201 907 1423 964 fructus
1452 912 1510 964 et
1539 906 1698 976 folia,
1723 907 1782 964 id
1814 912 1903 964 est
1934 907 2086 964 facta

429 1003 488 1056 et
515 998 688 1056 dicta.

464 1108 502 1162 5
571 1108 691 1163 Non
717 1108 800 1163 sic
830 1107 988 1180 impij
1016 1111 1071 1172 ι-Ξ
1115 1123 1224 1164 non
1251 1109 1333 1162 sic
1373 1113 1388 1172 ζ
1443 1127 1461 1162 :
1489 1107 1582 1163 sed
1613 1115 1877 1178 tanquam
1903 1104 2085 1178 pulvis

575 1197 742 1264 Quem
764 1197 992 1268 projicit
1019 1203 1206 1253 ventus
1233 1203 1288 1261 -ξ
1330 1213 1364 1250 a
1391 1198 1535 1268 facie
1563 1203 1746 1252 terrae.

503 1303 544 1359 C
587 1305 704 1360 Non
751 1305 833 1359 sic
888 1305 1068 1376 impii,
1119 1321 1227 1358 vox
1284 1307 1376 1358 est
1433 1303 1723 1369 terrentis,
1787 1303 1938 1358 sicut
1993 1305 2085 1357 est

431 1393 758 1458 invitantis,
783 1393 990 1448 beatus
1012 1391 1117 1456 vir,
1141 1391 1422 1464 quoniam
1456 1409 1568 1448 non
1603 1391 1713 1447 erit
1737 1391 1819 1447 sic
1843 1390 2080 1464 impius,

435 1485 502 1537 ut
531 1479 802 1554 superlus
845 1480 989 1536 dixit
1034 1481 1234 1536 beatos
1282 1497 1430 1537 esse.
1465 1480 1659 1536 Pulvis
1691 1485 1779 1537 est
1808 1480 2084 1536 resolutio

432 1573 618 1636 terrae,
655 1569 748 1624 cui
778 1569 952 1624 homo
983 1573 1251 1625 terrenus
1282 1573 1658 1642 comparatur
1687 1585 1821 1624 cum
1849 1567 2087 1624 inﬂatur

432 1663 604 1714 vento
655 1657 962 1730 superbia,
997 1661 1054 1714 et
1083 1657 1358 1729 abjicitur
1404 1675 1513 1714 sua
1557 1657 1790 1714 levitate
1818 1675 1856 1712 ra
1884 1657 2084 1712 ﬁrma-

434 1750 633 1804 mento
699 1751 1118 1820 praeceptorum
1193 1746 1312 1803 Dei.
1373 1746 1568 1802 Pulvis
1643 1746 1760 1802 huc
1828 1744 2086 1818 illucque

432 1834 810 1910 dispergitur,
844 1835 928 1892 sic
977 1839 1033 1891 et
1078 1835 1298 1908 impius
1328 1835 1452 1908 (qui
1485 1833 1662 1891 semel
1700 1837 1879 1892 Deum
1912 1850 2087 1908 nega-

431 1924 602 1994 verit)
632 1941 983 1998 quocunque
1030 1941 1162 1980 eum
1215 1941 1360 1981 aura
1401 1923 1614 1981 diaboli
1656 1924 1916 1995 trascrit,
1948 1923 2088 1979 illuc

431 2027 627 2069 errore
656 2012 1016 2085 perducitur.

467 2120 504 2175 6
576 2119 694 2176 Ideo
723 2135 837 2176 non
867 2126 1165 2188 resurgunt
1193 2121 1356 2191 impii
1385 2120 1444 2174 in
1465 2117 1679 2190 judicio
1710 2137 1729 2174 :

573 2209 755 2280 Neque
781 2215 1085 2280 peceatores
1114 2210 1174 2263 in
1199 2208 1426 2264 consitio
1446 2207 1742 2280 justorum.

505 2319 544 2370 C
575 2314 742 2388 lmpii
773 2318 932 2383 sunt,
953 2315 1054 2388 qui
1085 2319 1350 2371 sanctam
1381 2313 1723 2372 Trinitatem
1751 2313 2088 2371 nullatenus

435 2405 804 2462 confitentur.
861 2404 902 2459 C
951 2404 997 2459 H
1055 2403 1392 2477 Resurgunt
1441 2401 1630 2476 impii,
1691 2404 1792 2459 sed
1854 2421 1970 2460 non
2027 2402 2089 2460 in

426 2492 672 2567 judicio,
707 2493 846 2566 quia
867 2493 994 2565 jam
1019 2491 1268 2564 judicati
1300 2496 1458 2550 sunt.
1492 2493 1534 2548 C
1561 2493 1770 2549 Justus
1800 2493 1990 2567 surgit
2025 2496 2091 2548 ut

428 2583 676 2656 judicet,
708 2587 976 2655 peccator
997 2585 1062 2636 ut
1073 2582 1394 2653 judicetur.
1418 2581 1662 2654 Impius,
1692 2585 1757 2637 ut
1784 2582 1910 2638 sine
1933 2582 2091 2654 judi-

435 2671 524 2728 cio
547 2671 848 2744 puniatur.
863 2670 1198 2726 Peccatores
1221 2673 1360 2726 sunt
1379 2669 1691 2726 Christiani
1715 2671 1815 2727 sed
1839 2670 2091 2744 peccatis

436 2759 692 2826 obnoxii,
708 2757 950 2832 quiideo
973 2776 1090 2815 non
1111 2763 1426 2832 resurgunt
1443 2758 1496 2814 in
1519 2759 1760 2816 consilio
1765 2760 2086 2831 justorum,

439 2849 498 2906 id
527 2853 616 2906 est
657 2847 716 2904 in
756 2847 982 2920 judicio
1026 2849 1347 2920 justorum,
1381 2849 1520 2921 quia
1541 2851 1668 2921 jam
1699 2848 1837 2913 illis,
1872 2847 2092 2905 scilicet

429 2937 632 3011 justis,
681 2954 784 3011 per
827 2937 1074 3012 gratiam
1125 2937 1511 2994 confessionis
1561 2943 1798 3010 peccata
1844 2937 2092 2994 dimissa

436 3031 596 3084 sunt.
627 3027 689 3083 In
713 3043 828 3098 quo
849 3041 1094 3082 numero
1115 3031 1171 3082 et
1192 3026 1381 3082 sancti
1403 3031 1562 3094 sunt,
1587 3026 1728 3099 quia
1755 3025 1955 3082 nullus
1975 3027 2088 3082 nisi

435 3121 587 3173 Deus
638 3114 764 3172 sine
810 3120 1044 3188 peccato
1093 3119 1200 3172 est.
1233 3115 1277 3171 B
1306 3116 1489 3189 Super
1515 3115 1624 3172 Job
1657 3133 1672 3170 :
1704 3115 1808 3172 Hic
1856 3115 2090 3172 ordines

2111 446 2166 512 Α

2799 445 3127 503 PSALMUS
3169 444 3238 502 ll.

2642 551 3046 592 ARGUMENTUM
3085 551 3293 592 PSALMI
3334 553 3394 593 II.

2263 625 2303 679 C
2361 623 2648 696 Propheta
2721 625 2792 680 de
2877 628 3164 680 conventu
3241 625 3566 682 infidelium
3643 631 3844 684 contra

2191 711 2488 770 Christum
2513 712 2572 769 in
2595 713 2868 786 passione
2888 713 3169 787 loquitur.
3190 714 3259 770 Et
3279 715 3564 772 Dominus
3577 715 3844 772 Christus

2191 801 2263 857 de
2285 801 2669 876 omnipotenti
2692 819 2869 876 regno
2891 807 2947 860 et
2966 803 3037 860 de
3068 803 3443 860 inenarrabili
3475 805 3847 878 generatione

2193 907 2323 947 8118..

2634 983 2750 1038 TT.
2780 988 2836 1049 -ξ
2882 985 3134 1040 Psaimus
3165 983 3336 1040 David
3376 988 3391 1049 ζ

2263 1071 2305 1126 C
2334 1071 2436 1127 Est
2484 1071 2593 1128 iste
2639 1070 2904 1144 psalmus
2945 1073 3272 1140 habendus,
3304 1073 3532 1148 primus
3560 1074 3618 1130 in
3651 1073 3843 1142 titulo,

2196 1161 2491 1216 secundus
2521 1161 2580 1217 in
2612 1162 2854 1229 ordine;
2889 1163 3043 1218 unde
3074 1163 3133 1218 in
3164 1163 3407 1220 Actibus
3444 1162 3844 1236 apostolorum

2195 1250 2408 1306 dicitur
2429 1251 2675 1323 primus.
2701 1252 2745 1308 H
2770 1251 2874 1307 Vel
2903 1252 3041 1324 quia
3072 1253 3228 1324 apud
3259 1252 3552 1319 Hebraeos,
3581 1253 3690 1308 iste
3712 1269 3844 1310 cum

2195 1340 2384 1412 primo
2403 1357 2555 1396 unus
2573 1339 2838 1412 psalmus
2854 1341 3144 1397 habentur
3157 1341 3282 1397 sine
3296 1341 3846 1398 titulo.Pertitulum

2194 1435 2388 1486 autem
2411 1428 2754 1502 intelligitur
2775 1431 3242 1502 uniuscujusque
3257 1429 3473 1486 Psalmi
3493 1429 3844 1487 intellectus.

2193 1518 2342 1583 Quid
2373 1523 2463 1574 est
2490 1519 2648 1574 enim
2679 1517 2887 1574 titulus
2918 1518 3030 1574 nisi
3063 1517 3262 1586 clavis,
3297 1521 3360 1574 ut
3388 1519 3471 1574 ita
3499 1518 3848 1576 dixerim.ln

2195 1609 2434 1663 domum
2491 1623 2608 1662 non
2664 1607 2992 1680 ingreditur
3047 1606 3158 1662 nisi
3217 1623 3322 1679 per
3373 1606 3616 1675 clavem,
3661 1608 3745 1664 ita
3792 1613 3850 1665 et

2195 1695 2666 1768 uniuscujusque
2714 1693 2924 1769 psalmi
2973 1694 3326 1762 intellectus,
3357 1712 3460 1768 per
3488 1694 3708 1753 clavem
3739 1697 3850 1754 hoc

2122 1819 2166 1885 Β
2195 1791 2303 1852 est,
2337 1802 2438 1858 per
2467 1785 2707 1840 titulum
2739 1783 3108 1858 intelligitur,
3140 1784 3200 1839 in
3232 1785 3423 1857 cujus,
3459 1784 3679 1842 scilicet
3717 1803 3848 1859 per-

2195 1891 2341 1930 sona
2369 1878 2656 1940 cantatur,
2681 1879 2785 1930 aut
2804 1874 2860 1928 in
2879 1873 3374 1946 personaChristi,
3397 1879 3499 1930 aut
3518 1875 3576 1929 in
3600 1891 3852 1948 persona

2195 1963 2483 2030 Ecclesiae,
2533 1967 2634 2019 aut
2688 1963 2747 2018 in
2805 1979 3057 2036 persona
3112 1963 3431 2036 Prophetas,
3492 1967 3550 2020 et
3606 1965 3678 2021 de
3732 1981 3851 2038 qua

2195 2069 2257 2109 re
2287 2051 2380 2110 sit.

2234 2143 2259 2196 1
2341 2142 2520 2211 Quare
2548 2145 2894 2216 fremuerunt
2917 2145 3103 2212 gentes
3137 2161 3154 2198 :

2337 2233 2403 2288 Et
2427 2233 2620 2305 populi
2647 2232 2896 2288 meditati
2919 2240 3050 2288 sunt
3079 2233 3294 2288 inania.

2267 2325 2306 2377 C
2352 2321 2602 2394 Corripit
2651 2321 2747 2377 hic
2804 2321 3094 2394 Propheta
3150 2319 3418 2394 populos,
3479 2338 3595 2378 non
3655 2321 3848 2378 solum

2194 2411 2449 2478 Judaeos,
2499 2411 2602 2466 sed
2650 2415 2708 2466 et
2753 2409 3020 2483 gentiles,
3073 2426 3178 2466 cur
3223 2410 3604 2468 fremuissent
3649 2414 3854 2467 contra

2196 2499 2516 2566 Christum,
2544 2499 2701 2570 quod
2749 2498 2980 2572 proprie
3027 2500 3283 2555 ferarum
3326 2503 3455 2568 est;
3490 2500 3854 2556 fremuerunt

2197 2587 2352 2644 enim
2383 2587 2642 2644 belluino
2673 2589 2888 2654 furore,
2929 2587 3070 2661 quia
3113 2591 3269 2645 recta
3299 2589 3524 2645 ratione
3553 2589 3848 2646 carebant.

2199 2675 2460 2734 Meditati
2493 2680 2634 2732 sunt
2665 2677 2880 2744 inania,
2915 2693 3033 2732 non
3063 2675 3454 2751 intelligentes
3485 2679 3612 2750 ejus
3643 2677 3852 2734 adven-

2196 2770 2324 2822 tum
2353 2781 2482 2822 esse
2513 2767 2877 2822 fructuosum
2909 2766 3188 2822 omnibus
3217 2766 3608 2824 credentibus.

2231 2859 2267 2912 2
2339 2857 2638 2912 Astiterunt
2684 2871 2833 2926 reges
2885 2864 3053 2913 terrae
3086 2863 3138 2912 et
3163 2857 3442 2928 principes
3489 2863 3856 2913 convenerunt

2412 2946 2472 3000 in
2499 2961 2692 3001 unum.

2339 3034 2603 3090 Adversus
2630 3037 2926 3090 Dominum
2955 3052 2974 3090 :
3003 3042 3054 3090 et
3080 3033 3338 3090 adversus
3388 3035 3670 3091 Christum
3711 3035 3848 3107 ejus.

2408 3128 2464 3188 -ξ
2510 3124 2828 3194 Diapsalma
2869 3128 2884 3188 ζ

435 3210 714 3263 notantur
733 3210 987 3278 quatuor
1008 3205 1078 3260 de
1099 3205 1192 3261 die
1209 3204 1441 3276 judicii,
1456 3205 1514 3260 id
1535 3209 1624 3260 est
1641 3205 1826 3261 sancti
1845 3205 1946 3277 qui
1957 3205 2084 3276 jam
2117 3189 2159 3256 C
2269 3215 2326 3267 α,
2353 3212 2540 3285 Reges
2559 3189 2753 3268 mitem
2777 3217 2962 3278 terra,
2985 3212 3269 3268 Herodem
3289 3210 3452 3281 dicit,
3472 3212 3571 3285 qui
3597 3212 3852 3269 infantes

427 3295 679 3368 judicati
711 3299 852 3351 sunt
881 3295 953 3350 ad
984 3311 1252 3368 regnum,
1286 3299 1343 3349 et
1391 3311 1526 3350 cum
1575 3293 1804 3350 Christo
1851 3295 2096 3350 veniunt
2201 3301 2431 3368 occidit,
2488 3299 2856 3373 alterumque
2917 3300 3201 3356 Herodem
3249 3303 3519 3373 nepotem
3567 3302 3696 3372 ejus
3751 3301 3854 3374 qu‘i

437 3385 510 3445 ad
531 3384 941 3456 judicandum.
979 3385 1046 3440 Et
1083 3383 1247 3456 impii
1293 3384 1420 3456 jam
1479 3383 1800 3456 adjudicati
1853 3387 1992 3440 sunt
2020 3385 2092 3439 ad

438 3471 814 3546 supplicium.
877 3471 1287 3528 Peccatoribus
1361 3471 1579 3527 dicitur
1641 3471 1742 3544 qui
1809 3473 2091 3545 peniten-

437 3561 581 3618 tiam
663 3565 952 3636 e'gcrunt:
1009 3561 1236 3628 Venite,
1315 3559 1641 3627 benedicti;
1702 3565 1760 3616 et
1807 3561 1908 3632 qui
1975 3577 2091 3616 non

440 3656 728 3725 egerunt:
765 3651 1051 3710 Discedite
1103 3669 1136 3708 a
1189 3667 1302 3706 me.
1337 3655 1400 3705 In
1461 3648 1724 3715 consilio,
1773 3649 1829 3704 id
1886 3653 1975 3705 est
2032 3651 2090 3704 in

441 3745 656 3797 aeterno
699 3741 872 3810 bono,
905 3740 1060 3812 quod
1109 3739 1276 3811 sequi
1326 3737 1638 3795 consilium
1691 3738 1802 3793 l'uit
1849 3737 2089 3795 sanctis.

439 3829 480 3884 C
538 3829 638 3885 Vel
701 3829 759 3885 in
833 3827 1094 3894 consilio,
1160 3829 1218 3884 id
1271 3831 1361 3884 est
1418 3827 1477 3882 in
1527 3825 1772 3898 judicio,
1837 3831 1902 3883 ut
1955 3843 2090 3883 cum

436 3917 519 3974 eis
541 3918 828 3990 judicent.
856 3917 1154 3974 Judicium
1206 3917 1363 3972 enim
1411 3915 1472 3971 in
1517 3916 1760 3973 consilio
1804 3921 1916 3984 est,
1947 3917 2090 3972 dum

435 4007 602 4076 quasi
633 4025 702 4062 ex
730 4005 973 4064 consilio
1021 4021 1412 4070 assessorum,
1446 4005 1678 4064 diversa
1725 4009 1959 4078 peccata
1999 4005 2089 4062 di-

434 4095 620 4153 versis
648 4095 836 4170 pcenis
865 4095 1198 4168 punientur.

463 4204 499 4256 7
573 4204 853 4276 Quoniam
881 4203 1034 4257 novit
1063 4201 1326 4258 Dominus
1353 4203 1503 4257 viam
1519 4202 1798 4275 justorum
1831 4221 1849 4258 :

569 4292 635 4347 Et
667 4293 770 4347 iter
799 4291 1098 4362 impiorum
1125 4290 1342 4362 peribit.

496 4396 538 4451 C
569 4397 861 4452 Bonorum
886 4393 1060 4464 viam,
1086 4395 1144 4451 id
1165 4401 1272 4461 est,
1299 4413 1474 4469 opera
1503 4396 1643 4451 dicit
1672 4413 1844 4452 nosse
1881 4399 2080 4466 Deum,

427 4484 536 4538 iter
583 4483 903 4556 impiorum
965 4485 1172 4556 perire,
1219 4485 1390 4556 quasi
1450 4483 1730 4540 Dominus
1787 4490 2084 4558 utcunque

426 4572 666 4628 nesciat.
699 4573 810 4628 Sed
840 4575 930 4628 est
958 4589 1188 4640 sensus,
1223 4572 1332 4628 hoc
1363 4573 1474 4629 scit
1523 4574 1802 4630 Dominus
1832 4575 1988 4647 quod
2023 4576 2079 4630 in

428 4660 787 4718 beatitudine
836 4661 1221 4734 permanebit,
1257 4661 1366 4718 hoc
1415 4662 1619 4728 nescit,
1652 4664 1807 4736 quod
1847 4665 2080 4736 peribit,

427 4747 486 4805 id
519 4753 610 4806 est
638 4749 908 4807 diabolus
939 4767 1072 4806 cum
1106 4751 1460 4824 sequacibus
1509 4751 1655 4818 suis,
1689 4753 1792 4823 qui
1845 4757 1934 4808 est
1979 4753 2085 4810 iter

427 4837 744 4910 impiorum
779 4839 838 4894 in
878 4855 1050 4910 poena
1097 4845 1398 4911 perpetua.
1431 4841 1477 4894 A
1506 4839 1724 4896 Peribit
1751 4840 1950 4914 igitur,
1980 4859 2084 4914 pro

429 4944 544 4982 non
577 4927 754 4993 novit,
787 4926 953 4994 dixit,
988 4928 1088 4983 sed
1142 4931 1199 4983 et
1247 4926 1483 4998 planius
1538 4927 1772 4998 dicitur,
1807 4929 1947 5002 quia
1975 4931 2084 4988 hoc

426 5019 516 5072 est
545 5015 753 5072 nesciri
787 5017 942 5088 quod
976 5017 1186 5089 perire,
1217 5020 1272 5072 et
1304 5016 1440 5072 sciri
1471 5035 1706 5074 manere
1737 5023 1796 5074 et
1824 5035 1972 5076 esse.

927 5192 1131 5232 ORATIO
1169 5195 1238 5232 εκ
1279 5193 1502 5234 PSALMO
1541 5195 1579 5233 Ῑ.

499 5333 676 5388 Efﬁce
735 5349 865 5401 nos,
905 5332 1168 5402 Domine,
1213 5339 1497 5408 tanquam
1545 5336 2081 5396 fructuosissimum

425 5421 654 5494 lignum
715 5426 848 5476 ante
891 5429 1264 5496 conspectum
1316 5431 1508 5496 tuum,
1543 5426 1748 5482 uttuis
1793 5427 2082 5484 imbribus

431 5509 675 5581 irrigati,
701 5527 1032 5568 mereamur
1059 5513 1166 5568 tibi
1197 5514 1466 5569 suavium
1500 5516 1795 5570 fructuum
1822 5517 2082 5574 ubertate

435 5599 658 5671 placere
691 5616 792 5672 per
820 5601 1135 5658 Dominum
1167 5607 1455 5671 nostrum,
1487 5607 1596 5658 etc.

2203 3389 2383 3446 Pilato
2406 3390 2463 3445 in
2486 3406 2625 3446 nece
2645 3389 2859 3446 Christi
2881 3389 3196 3444 consensit.
3217 3388 3517 3463 Principes
3534 3389 3857 3447 Pharisaeos

2202 3479 2388 3534 dicit:
2425 3478 2696 3550 princeps
2753 3477 2948 3533 dictus
3005 3477 3174 3550 quasi
3220 3477 3412 3549 prima
3457 3479 3715 3552 capiens.
3744 3479 3859 3536 Ve-

2201 3572 2414 3624 nerunt
2443 3569 2504 3622 in
2538 3585 2714 3622 unam
2745 3565 3123 3634 voluntatem,
3157 3583 3272 3622 non
3304 3567 3363 3622 in
3399 3584 3580 3624 unum
3611 3584 3862 3624 conven-

2200 3657 2348 3721 tum,
2380 3655 2662 3709 adversus
2692 3653 3030 3726 Dominum,
3063 3653 3122 3709 id
3150 3658 3239 3710 est
3268 3655 3518 3721 Patrem,
3551 3654 3859 3711 Christum

2199 3744 2352 3814 ejus,
2384 3742 2442 3798 id
2472 3749 2562 3800 est
2591 3743 2825 3799 Filium.

2233 3832 2268 3887 3
2341 3832 2756 3902 Disrumpamus
2784 3832 3009 3888 vincula
3037 3848 3227 3888 eorum
3259 3851 3275 3888 :
3555 3891 3564 3899 _

2339 3923 2404 3975 Et
2426 3919 2788 3992 projiciamus
2815 3926 2870 3984 -Ξ
2910 3939 2945 3976 a
2973 3921 3130 3978 nobis
3173 3927 3187 3988 ζ
3223 3921 3421 3994 jugum
3457 3923 3721 3995 ipsorum.

2268 4009 2309 4065 C
2338 4007 2529 4064 Verba
2557 4007 2672 4064 ista
2701 4013 2840 4064 sunt
2881 4009 3247 4065 dementium
3292 4009 3649 4066 Judzeorum.
3685 4009 3856 4066 Puta-

2195 4097 2338 4152 bant
2385 4096 2543 4152 enim
2593 4114 2654 4152 se
2702 4097 2936 4152 vincula
2981 4097 3340 4171 dirumpere,
3372 4097 3432 4153 id
3463 4101 3572 4168 est,
3603 4114 3854 4170 evangec

2196 4183 2306 4240 lica
2340 4189 2643 4258 pracepta,
2689 4185 2739 4241 si
2791 4185 2852 4240 in
2899 4191 3197 4242 auctorem
3247 4185 3396 4260 legis
3433 4190 3492 4242 et
3520 4185 3578 4242 in
3611 4191 3852 4260 aposto-

2193 4273 2280 4329 los
2309 4275 2439 4345 ejus
2470 4273 2743 4330 malivola
2769 4274 3067 4332 voluntate
3091 4280 3532 4349 consurgerent,
3559 4279 3614 4332 et
3635 4276 3853 4350 jugum

2194 4363 2452 4434 ipsorum
2489 4363 2788 4436 projicere,
2823 4380 2958 4420 cum
2999 4365 3214 4438 jugum
3266 4364 3496 4420 Domini
3545 4363 3622 4420 sit
3675 4381 3854 4420 suave

2190 4455 2246 4505 et
2265 4469 2417 4508 onus
2439 4451 2487 4523 ej
2501 4469 2567 4506 us
2589 4451 2712 4506 leve
2734 4451 3068 4524 (Muttinem).
3103 4453 3385 4526 Vanaque
3413 4452 3716 4509 voluntate
3747 4453 3854 4510 de-

2110 4558 2158 4624 Β
2189 4539 2360 4612 cepti,
2396 4541 2683 4613 putabant
2735 4542 2865 4612 ejus
2912 4541 3374 4598 dominationem
3417 4543 3852 4616 gravissimam,

2193 4645 2371 4700 quam
2421 4646 2482 4685 se
2521 4628 2774 4700 abjicere
2825 4628 3201 4698 festinabant,
3236 4632 3392 4688 unde
3441 4629 3650 4688 salvari
3680 4634 3856 4703 pote-

2197 4721 2350 4773 rant.

2232 4807 2264 4862 4
2339 4807 2444 4876 Qui
2471 4808 2684 4864 habitat
2709 4810 2770 4864 in
2799 4810 2948 4864 matis
2980 4807 3234 4866 irridebit
3259 4815 3317 4874 -ξ
3360 4824 3448 4865 eos
3491 4815 3505 4874 ζ

2339 4899 2412 4952 [ft
2439 4898 2696 4953 Dominus
2713 4897 3072 4952 subsannabit
3103 4913 3211 4954 eos.

2263 4985 2520 5042 CCoelos
2573 4985 2666 5040 hic
2715 4988 2948 5042 sanctos
2999 4985 3160 5049 dicit,
3216 4986 3276 5042 in
3319 4985 3536 5059 quibus
3587 4986 3858 5045 Christus

2192 5073 2439 5129 habitat.
2474 5073 2744 5130 Irridehit
2771 5077 2829 5129 et
2858 5074 3272 5142 subsannabit,
3305 5092 3374 5131 ex
3403 5075 3664 5132 humano
3691 5093 3857 5133 more

2190 5162 2566 5234 suscipienda
2622 5167 2780 5219 sunt.
2846 5163 3152 5232 Caeterum,
3215 5181 3321 5221 nec
3401 5162 3608 5220 irriiet
3661 5163 3852 5220 ullum

2189 5251 2365 5318 Deus,
2400 5269 2504 5308 nec
2533 5251 2699 5308 vultu
2731 5251 3078 5320 subsannat,
3105 5253 3205 5309 sed
3237 5253 3450 5310 virtute
3481 5271 3592 5309 sua
3625 5255 3856 5328 peragit

2191 5357 2555 5412 quaecunque
2583 5340 2866 5412 disponit.

2225 5431 2261 5483 5
2339 5431 2484 5486 Tunc
2513 5430 2765 5502 loquetur
2788 5429 2859 5484 ad
2888 5447 2975 5487 eos
3005 5433 3064 5488 in
3095 5433 3182 5488 ira
3211 5448 3313 5488 sua
3343 5451 3361 5486 :

2335 5521 2410 5573 Et
2435 5520 2494 5573 in
2517 5521 2707 5590 furore
2735 5535 2833 5575 suo
2861 5521 3210 5576 conturbabit
3237 5537 3346 5577 eos.

2268 5606 2308 5660 C
2337 5607 2498 5664 Tunc
2528 5607 2818 5680 loquetur.
2855 5607 3002 5664 Illud
3033 5615 3269 5682 tempus
3301 5609 3594 5682 significat
3623 5608 3853 5666 venturi
