4122 6184
234 266 309 331 53
1507 254 1923 318 EXPOSITIO
1968 252 2464 324 PSALMORUM
2475 303 2489 320 .
3630 256 3710 321 54

228 400 463 478 judicii.
519 403 615 456 Ira
662 412 807 472 ergo
855 390 956 452 Dei
1003 394 1060 449 et
1111 389 1280 447 furor
1328 394 1573 447 vocatur
1611 388 1914 447 retributio
1942 388 1997 456 Α
2029 388 2185 445 vitus
2233 397 2471 465 propter
2532 390 2804 478 timorem
2851 389 3144 464 videatur,
3206 392 3392 461 addit,
3442 396 3499 450 et
3552 394 3712 449 exul-

235 473 634 568 peccatorum,
670 504 815 543 nam
860 484 993 541 illos
1036 484 1239 538 motus
1293 479 1582 537 Divinitas
1622 497 1736 535 non
1766 478 1911 552 pati-
2026 482 2165 547 tate,
2200 481 2302 536 sed
2339 499 2410 538 ne
2443 480 2655 538 iterum
2706 473 2764 535 in
2815 484 3212 544 temeritatem
3254 488 3442 550 eatur,
3486 482 3711 553 subdit,

235 589 350 655 tur,
381 582 489 638 sed
522 580 795 636 humana
823 571 1257 632 consuetudine
1287 570 1388 625 hic
1418 569 1757 642 loquitur.H
1788 568 1911 624 Non
2023 584 2160 623 cum
2192 573 2470 627 tremore.
2513 574 2717 640 Itaque
2748 588 2821 627 ne
2850 572 3172 629 exsultatio
3205 575 3423 630 faceret
3456 573 3715 647 nos_ela-

238 677 431 729 autem
473 671 558 726 ait
605 666 817 741 puniet
864 663 966 720 sed
1014 657 1306 729 turbabit,
1359 662 1426 714 ut
1467 658 1687 731 absque
1726 656 1912 731 poenis
2022 661 2134 724 tos,
2170 656 2356 729 addit,
2400 675 2537 715 eum
2590 671 2863 728 tremore,
2919 666 2986 717 ut
3034 667 3372 720 reverenter
3425 667 3538 720 Deo
3590 681 3711 722 ser-

238 762 334 836 qui
390 760 679 816 turbatus
728 760 822 813 est
867 752 1222 825 corrigatur,
1277 764 1419 803 nam
1464 747 1554 805 ira
1600 747 1911 820 aliquando
2020 745 2238 802 viatur.

237 835 573 908 necessaria
603 843 891 902 correctio
922 846 1033 908 est,
1068 844 1135 895 ut
1184 835 1377 911 patris
1432 836 1490 891 in
1547 835 1753 904 ﬁlium,
1788 853 1911 892 me-
2096 835 2163 887 12
2192 835 2609 906 Apprehcndite
2636 837 3034 910 disciplinam:

237 939 349 996 dici
379 939 440 993 in
474 939 787 1010 agrotum.
2191 926 2492 995 nequando
2530 926 2859 993 irascatur—e
2914 930 3186 989 Dominus
3228 944 3246 994 ;
3287 940 3337 989 el
3363 937 3597 1005 pereatis
3626 935 3721 991 de-

302 1030 339 1083 6
366 1028 512 1097 Ergo
540 1031 734 1080 autem
760 1022 1086 1078 constitutus
1114 1034 1242 1075 sum
1267 1032 1372 1071 rex
1416 1021 1471 1081 μέ·
1500 1016 1567 1072 ab
1597 1032 1656 1073 eo
1700 1030 1711 1077 :
1754 1031 1913 1089 super
2262 1014 2425 1079 via—5
2468 1013 2626 1083 justa
2669 1028 2684 1075 :

449 1116 589 1172 Sion
618 1119 862 1169 montem
888 1117 1137 1167 sanctum
1171 1107 1312 1179 ejus.
2093 1102 2131 1153 C
2150 1097 2255 1189 llle
2272 1101 2685 1173 apprehendit
2708 1104 3091 1178 disciplinam
3116 1110 3219 1184 qui
3243 1129 3306 1168 se
3330 1116 3525 1171 munit
3543 1116 3726 1189 pcsni-

366 1204 698 1263 Przdzcans
721 1204 1069 1274 praeceptum
1096 1199 1237 1271 ejus.
2021 1187 2201 1281 tentia
2228 1204 2383 1281 vera
2400 1195 2615 1246 contra
2631 1193 2802 1248 noxia
2816 1194 2957 1251 vitia
2972 1239 2983 1251 .
2998 1198 3327 1272 Nequando
3350 1203 3411 1259 in
3432 1187 3612 1281 longa
3629 1207 3727 1262 Dei

306 1297 350 1352 ll
383 1297 507 1368 Ego
537 1295 741 1348 autem
779 1292 917 1360 (vox
963 1286 1202 1357 Christi)
1226 1284 1606 1375 constitutus
1639 1303 1771 1375 sum
1814 1301 1911 1340 rex
2022 1275 2309 1375 patientia
2348 1285 2567 1375 Pereat
2596 1282 2666 1338 de
2696 1281 2787 1375 vi},
2811 1284 3071 1375 justadd
3107 1294 3199 1346 est
3225 1292 3297 1348 de
3341 1275 3590 1365 Christa’
3628 1297 3731 1371 qui

236 1405 267 1443 α
314 1387 434 1442 Deo
488 1382 659 1439 Patre
708 1395 816 1451 pro
866 1380 1032 1449 parte
1077 1373 1295 1430 carnis.
1357 1373 1396 1427 C
1455 1372 1594 1429 Sion
1628 1374 1911 1429 Hebraica
2023 1372 2110 1423 est
2138 1383 2273 1421 vera
2300 1372 2423 1441 via
2456 1375 2611 1426 recte
2641 1372 3086 1433 ambulantium
3112 1381 3185 1435 ad
3207 1382 3406 1453 vitam,
3440 1387 3560 1442 dux
3586 1406 3736 1444 eun-

234 1475 463 1547 lingua,
522 1470 725 1526 Latine
774 1467 1000 1540 specula
1047 1462 1280 1527 dicitur,
1321 1466 1381 1517 et
1438 1461 1534 1517 hic
1587 1461 1910 1518 Ecclesium
2022 1455 2339 1523 tium,iter
2378 1458 2457 1512 ad
2495 1458 2917 1516 beatitudinem
2953 1464 3398 1531 festinantium.

235 1563 554 1637 signiﬁcat,
581 1574 765 1632 quam
812 1560 873 1611 et
921 1558 1178 1609 montem
1226 1550 1499 1623 appellat,
1540 1555 1780 1624 propter
1827 1552 1911 1607 al-
2097 1547 2160 1602 13
2194 1547 2339 1637 Cum
2368 1550 2645 1605 exarserit
2674 1552 2733 1604 in
2762 1549 2918 1604 brevi
2952 1555 3051 1610 ira
3078 1559 3199 1627 ejus

234 1636 551 1710 titudiuem
582 1645 829 1704 honoris
879 1648 937 1700 et
985 1642 1117 1698 ﬁdei
1166 1640 1528 1698 ﬁrmitatem.
1570 1640 1916 1697 Praedicans
2196 1636 2351 1691 beati
2381 1654 2567 1694 omnes
2595 1640 2695 1712 qui
2719 1639 3023 1709 conﬁdunt
3053 1647 3115 1702 in
3144 1666 3229 1706 eo,

234 1744 611 1817 praeceptum,
646 1737 695 1792 Η
728 1736 773 1791 C
804 1734 919 1829 hoc
944 1734 1033 1788 est
1061 1728 1452 1829 Exangelium.
1950 1763 1997 1829 Β
2031 1818 2041 1829 ¹
2097 1726 2139 1782 C
2171 1727 2412 1829 Exarsit
2459 1727 2615 1783 enim
2665 1728 2719 1782 in
2772 1727 2939 1829 b‘revi
2981 1733 3069 1790 ira
3097 1738 3246 1809 ejus,
3281 1740 3341 1794 in
3376 1741 3474 1797 illo
3497 1744 3740 1814 judicio

300 1834 336 1886 7
364 1830 628 1887 Dominus
656 1826 813 1882 dixit
841 1822 914 1879 ad
942 1836 1068 1877 me:
1093 1820 1258 1875 ῃίιίαδ
1285 1835 1441 1876 meus
1470 1836 1524 1874 es
1555 1824 1650 1883 tu;
1950 1815 1996 1829 ”
2030 1816 2318 1882 brevi,ubi
2354 1835 2470 1873 non
2509 1821 2599 1873 est
2621 1815 3008 1888 singulorum
3060 1825 3487 1885 discussio.sed
3543 1833 3736 1892 simul

363 1923 473 1990 Ego
499 1915 663 1973 hodie
688 1913 869 1983 genui
899 1915 974 1966 te.

2105 1905 2745 1977 miajudicatjudele
2765 1905 2934 1961 Beati
2950 1916 3290 1986 omnes,qui
3313 1934 3427 1971 non
3442 1917 3733 1981 homines

304 2009 346 2065 ε
379 2007 689 2073 Dominus,
747 1999 1047 2074 signiﬁcat
1094 1998 1345 2054 Patrem.
1387 1996 1572 2052 Filius
1615 2011 1789 2051 meus
1852 2015 1920 2055 es
2030 2012 2216 2068 neque
2246 1994 2304 2049 in
2333 1994 2704 2068 semetipsos,
2739 1994 2839 2049 sed
2886 1996 2953 2052 in
2999 2000 3185 2056 Deum
3219 2004 3560 2064 conﬁdunt.
3608 2011 3729 2070 Iste

236 2106 317 2167 tu,
346 2104 406 2155 ut
433 2098 491 2153 in
526 2090 854 2166 Evangelia
890 2107 903 2144 :
945 2087 1048 2144 Hic
1076 2090 1162 2151 est
1192 2088 1379 2144 Filius
1431 2102 1597 2141 meus
1646 2084 1921 2144 dilectus
2030 2083 2294 2157 psalmus
2320 2084 2634 2151 ﬁnit,unde
2669 2084 2944 2155 superior
2972 2089 3269 2162 incipit,id
3293 2097 3384 2145 est
3406 2110 3440 2147 a
3462 2093 3727 2156 beatitu-

234 2190 429 2254 (Matth.
459 2204 546 2255 ιιι,
578 2179 982 2255 17).Dicendo
1011 2181 1198 2234 autem
1230 2174 1919 2245 hodie,cocsternitatem
2029 2173 2182 2240 dine,
2216 2177 2272 2229 et
2300 2173 2428 2229 ideo
2458 2175 2613 2245 apud
2644 2173 2921 2232 Hebraeos
2950 2195 3056 2250 pro
3089 2197 3205 2234 uno
3242 2180 3563 2239 habentur.

233 2296 341 2337 sua
368 2274 709 2349 maiestatis
750 2267 1036 2327 ostendit.
1076 2267 1256 2324 Genui
1306 2271 1393 2333 te,
1426 2265 1593 2321 illam
1636 2264 1916 2320 nativita-
2525 2279 2728 2319 ORATIO
2769 2280 2839 2319 EX
2882 2283 3057 2323 PSALl
3104 2287 3189 2324 lll~

232 2374 345 2424 tem
374 2364 693 2440 signiﬁcat,
729 2361 805 2417 de
854 2375 974 2431 qua
1004 2355 1212 2413 dicitur
1243 2375 1256 2413 :
1291 2352 1749 2413 Generationem
1781 2355 1915 2426 ejus
2097 2353 2427 2424 Disrumpe,
2464 2352 2726 2423 Domine,
2761 2358 3101 2412 nostrorum
3144 2356 3384 2412 vincula
3432 2371 3713 2429 peccato-

238 2458 363 2531 quis
391 2453 694 2513 cnam-abit
725 2452 867 2524 (ιδα,
910 2446 1071 2520 Lm)?
2023 2442 2398 2515 rum,utjugo
2421 2448 2531 2497 tua:
2555 2442 2852 2499 servitutis
2874 2444 3406 2512 innexi,\'aleamus
3428 2446 3539 2505 tibi
3569 2470 3707 2513 cum

304 2548 337 2601 8
367 2545 590 2603 Postulo
601 2561 637 2598 a
650 2557 765 2607 me,
782 2547 838 2596 et
852 2539 992 2595 dabo
1008 2537 1109 2594 tibi
1116 2543 1295 2607 gentes
1310 2534 1709 2594 [nereditatem
1727 2535 1881 2588 luam
1892 2552 1913 2588 .·
2023 2532 2232 2587 timore
2244 2537 2298 2586 et
2312 2532 2632 2587 reverentia
2647 2531 3054 2590 famulari.Per
3065 2534 3233 2591 Domi
3245 2551 3384 2589 num
3401 2542 3614 2598 nostru
3626 2562 3678 2600 m
3690 2589 3702 2601 .

435 2634 502 2690 Et
526 2630 934 2705 possessionem
967 2631 1120 2683 luam
1147 2628 1408 2683 terminos
1443 2630 1632 2678 terrae.
2020 2620 2222 2676 Jesum
2253 2620 2573 2688 Christum,
2602 2625 2711 2677 etc.

308 2723 351 2780 C
381 2721 616 2780 Postula
647 2737 683 2775 a
710 2734 830 2784 me,
864 2716 924 2772 id
957 2719 1049 2772 est
1072 2714 1236 2771 obedi
1261 2719 1325 2770 ut
1355 2711 1563 2787 possis
1594 2707 1910 2781 postulare.
2618 2728 2946 2786 pSALMUS
2988 2730 3085 2786 ΠΙ,

239 2811 544 2870 Postulare
587 2809 751 2866 enim
803 2806 903 2862 hic
942 2805 1205 2877 jubetur,
1237 2808 1303 2860 ut
1359 2805 1533 2876 petat
1583 2798 1911 2854 secundum
2496 2817 2887 2856 ARGUMENTUM
2930 2819 3088 2857 PSAL.
3132 2816 3216 2856 III.

239 2900 760 2966 humanitatem,ct
791 2898 1034 2967 accepta
1058 2891 1613 2966 possideat.Gentes
1645 2885 1911 2942 nationes
2092 2888 2152 2943 C.
2178 2885 2444 2943 Christus
2475 2888 2545 2943 ad
2581 2888 2808 2944 Patrem
2840 2891 2910 2945 de
2938 2888 3416 2961 persecutoribus
3449 2895 3584 2952 suis
3619 2899 3698 2956 ιο-

236 2990 561 3065 signiﬁcat;
595 3004 740 3061 gens
772 2984 935 3041 enim
970 3000 1006 3039 a
1034 2998 1225 3052 genere
1254 2981 1574 3037 vocitatur.
1598 2975 1742 3031 Cum
1771 2973 1913 3065 dicit
2020 2975 2571 3065 quitur.lnstruitur
2601 2977 2790 3033 ﬁdelis
2820 2978 3074 3051 populus
3103 2994 3173 3032 ne
3203 2981 3454 3032 mortem
3488 2982 3696 3041 formi-

233 3061 641 3137 hzereditatem
670 3080 863 3139 tuam,
896 3075 1172 3127 naturam
1197 3088 1312 3126 suae
1340 3066 1590 3125 Deitatis
1620 3061 1898 3120 ostendit.
1950 3135 1979 3139 ᾧ
2018 3065 2135 3130 det,
2169 3064 2306 3135 quia
2335 3069 2540 3120 auctor
2568 3067 2696 3137 ejus
2729 3067 3085 3138 resurgendo
3113 3081 3279 3136 spem
3309 3081 3458 3122 verae
3491 3087 3691 3129 resur-

233 3135 561 3226 Dei-editas
591 3165 664 3220 ad
696 3164 828 3220 hero
850 3135 1020 3217 dicto
1048 3162 1155 3227 est,
1188 3158 1245 3214 id
1270 3162 1360 3215 est
1391 3174 1425 3211 a
1457 3154 1703 3210 Domino
1752 3153 1905 3224 quod
1939 3135 1980 3201 C
2021 3151 2296 3207 rcetionis
2327 3135 2607 3208 exhibuit.

236 3258 296 3314 in
327 3274 399 3313 ea
428 3257 717 3328 potestate
765 3251 959 3307 libera
1001 3248 1352 3304 dominetur.
1385 3246 1531 3303 Cum
1581 3242 1723 3298 dicit
1770 3258 1901 3314 pos-
2015 3241 2274 3297 Trwws
2315 3258 2523 3296 reamur
2555 3258 2568 3296 :
2601 3244 2860 3300 Psalmus
2888 3242 3062 3299 David
3093 3258 3217 3297 cum
3235 3243 3446 3314 fugeret
3474 3261 3510 3301 a
3539 3250 3690 3317 facie

233 3346 590 3407 sessionem,
622 3341 932 3399 universas
976 3341 1180 3411 gentes
1226 3336 1550 3392 crediturus
1578 3331 1892 3404 signiﬁcat.
2585 3331 2815 3388 Absalon
2846 3334 2958 3405 ﬁlii
2986 3334 3095 3387 sui.

233 3433 502 3491 Termini
534 3438 723 3498 terrae,
756 3425 1163 3486 substantiam
1194 3424 1253 3480 in
1298 3425 1404 3480 hoc
1454 3419 1717 3477 omnium
1749 3437 1902 3476 crea-
2085 3419 2144 3472 C.
2180 3419 2361 3473 Totus
2392 3417 2486 3474 hic
2517 3420 2784 3491 psalmus
2833 3422 2904 3477 ad
2955 3436 3269 3494 personam
3316 3419 3532 3479 Christi
3586 3424 3683 3483 re-

234 3530 513 3580 turarum
545 3520 668 3577 vult
699 3516 985 3592 intelligi.
2010 3507 2213 3562 fertur.
2246 3507 2483 3579 Oportet
2512 3514 2710 3566 autem
2759 3528 2895 3567 eum
2933 3511 3174 3567 tertium
3224 3509 3416 3566 locum
3448 3515 3674 3584 tenere,

303 3614 344 3667 9
369 3619 548 3682 Reges
577 3627 663 3667 eos
691 3612 754 3665 in
780 3610 950 3678 virga
976 3609 1160 3679 ferrea
1191 3624 1207 3659 :
2011 3597 2154 3668 quia
2181 3601 2393 3651 sanetae
2426 3598 3118 3668 Trinitatis,ettriduanie
3150 3599 3595 3657 resurrectionis
3619 3605 3678 3658 in
3787 3594 3791 3599 ’

372 3704 444 3758 Et
470 3709 734 3773 tanquam
756 3714 853 3754 vas
882 3694 1054 3767 ﬁguli
1069 3694 1380 3764 confringes
1405 3707 1509 3747 eos.
2010 3701 2073 3741 se
2106 3684 2381 3758 mysteria
2410 3687 2695 3746 continet.
2737 3691 2883 3745 Nam
2918 3707 3020 3762 per
3050 3688 3458 3745 liberationem
3495 3690 3675 3763 David

308 3793 351 3848 C
380 3791 573 3862 Reges
599 3805 719 3855 eos,
754 3787 814 3843 id
846 3789 940 3842 est
987 3786 1338 3856 potestatem
1387 3779 1747 3853 tyrannicam
1796 3795 1899 3834 au-
2010 3773 2357 3829 resurrectio
2389 3773 2599 3830 Christi
2627 3778 3010 3851 signiﬁcatur.

234 3880 391 3936 feres
439 3880 513 3935 ab
560 3878 668 3934 eis.
711 3876 801 3933 Illi
852 3876 1147 3946 reguntur
1193 3870 1294 3943 qui
1345 3868 1665 3925 salvantur.
1724 3867 1901 3943 Virga
2082 3863 2106 3916 1
2142 3863 2389 3929 Domine,
2422 3864 2554 3933 quid
2584 3868 2942 3937 multiplicati
2968 3871 3099 3921 sunt
3128 3868 3228 3941 qui
3256 3866 3529 3923 tribulant
3557 3871 3672 3926 me?

234 3968 431 4024 ferrea
469 3966 743 4027 fortitudo
793 3967 889 4020 est
936 3959 1257 4034 mquitatis.
1313 3956 1671 4030 Confringes,
1706 3956 1765 4012 id
1812 3962 1902 4014 est
2249 3952 2422 4007 Multi
2452 3953 2751 4026 insurgunt
2779 3956 3067 4010 adversum
3098 3973 3204 4011 me.

237 4074 345 4129 per
373 4054 769 4112 conversionis
816 4050 1086 4109 studium
1136 4052 1398 4105 conteres
1427 4047 1485 4102 in
1517 4046 1601 4102 eis
1640 4050 1900 4103 terrenas
2080 4040 2121 4094 C
2153 4044 2273 4096 Ista
2291 4041 2467 4096 verba
2487 4042 2629 4098 dicit
2648 4043 2939 4115 Propheta
2969 4045 3040 4099 ad
3054 4044 3455 4113 mirando,cur
3483 4047 3668 4103 Judaei

237 4144 622 4218 cupiditates.
660 4143 811 4200 Bene
861 4139 1022 4198 enim
1077 4140 1345 4210 peccator
1392 4135 1512 4191 vasi
1542 4134 1699 4190 luteo
1739 4151 1896 4191 com-
2013 4129 2323 4185 Dominum
2354 4130 2739 4188 tribulassent
2769 4136 2827 4187 et
2854 4137 3078 4203 gentes,
3111 4151 3145 4188 a
3176 4149 3290 4204 quo
3323 4131 3538 4189 salvari
3569 4135 3669 4189 de-

240 4238 508 4306 paratur,
536 4237 600 4288 ut
654 4229 976 4290 confractio
1034 4228 1166 4299 ejus
1222 4224 1407 4283 facilis
1466 4228 1523 4279 et
1576 4224 1692 4279 vita
1744 4223 1900 4282 lutea
2009 4219 2277 4286 debeant,
2320 4223 2439 4274 tam
2476 4221 2647 4277 multi
2674 4220 2830 4277 enim
2865 4220 3100 4276 fuerunt
3131 4224 3436 4292 surgentes
3467 4227 3671 4279 contra

241 4326 625 4388 monstretur,
657 4321 758 4377 sed
806 4320 867 4375 in
916 4316 1131 4374 melius
1175 4317 1493 4387 reparatur,
1528 4330 1660 4369 cum
1702 4313 1899 4371 divina,
2008 4306 2329 4375 Christum,
2365 4311 2429 4362 ut
2479 4309 2551 4364 de
2600 4325 2845 4365 numero
2877 4308 3299 4381 discipulorum
3330 4307 3514 4365 Judas
3548 4309 3666 4367 illis

241 4410 434 4482 gratia
461 4410 521 4465 in
553 4407 921 4484 spiritualem
951 4404 1254 4462 hominem
1288 4402 1647 4476 perducitur.
2008 4395 2183 4453 fuerit
2215 4413 2368 4451 unus
2401 4402 2777 4471 aggregatus.

318 4501 388 4555 10
414 4502 480 4556 Et
508 4516 676 4565 nunc,
704 4514 874 4569 reges,
906 4492 1210 4565 intelligite
1236 4511 1254 4549 :
1928 4523 1971 4587 υ
2075 4487 2097 4541 1
2135 4484 2295 4587 Mulli
2321 4484 2518 4587 dicunt
2537 4489 2745 4544 anima?
2774 4502 2910 4544 mea?
2930 4504 2950 4541 :

415 4589 732 4645 Erudimini
753 4593 809 4653 -Ξ
856 4588 953 4660 qui
993 4599 1010 4646 :
1044 4583 1312 4658 judicatis
1339 4586 1562 4639 terram.
1928 4576 1966 4587 ν
2177 4577 2299 4630 Νοη
2326 4578 2407 4630 est
2434 4576 2586 4631 salus
2618 4578 2725 4648 ipsi
2755 4578 2814 4631 in
2845 4577 2949 4633 Deo
2968 4582 3023 4642 -:-
3049 4577 3166 4649 ejus
3208 4588 3222 4637 ;

316 4679 360 4735 C
392 4678 577 4748 Nunc,
610 4693 800 4750 reges.
842 4677 1030 4749 Reges
1079 4672 1474 4730 dominatores
1503 4670 1778 4728 vitiorum
1811 4673 1896 4729 di-
2218 4664 2556 4736 Diapsalma.

250 4767 346 4836 cit,
403 4767 503 4840 qui
551 4766 673 4822 haec
728 4765 1055 4839 intelligere
1097 4766 1156 4820 et
1194 4762 1438 4835 implere
1483 4761 1897 4836 Domino'prae-
2079 4770 2120 4826 C
2154 4769 2576 4842 Repetit,multi
2606 4771 2828 4838 dicunt,
2848 4775 2913 4827 ut
2942 4773 3211 4829 ostendat
3241 4772 3659 4828 densissimam

249 4860 440 4913 stante
461 4854 739 4911 valent.H
762 4853 1011 4922 Erudiri,
1044 4853 1237 4912 doceri
1268 4855 1385 4920 est;
1420 4851 1531 4924 ipsi
1564 4852 1719 4909 enim
1755 4853 1899 4910 bene
2009 4857 2537 4931 stultissimamque
2564 4860 2878 4932 impiorum
2903 4860 3402 4916 versaniam.ldeo
3433 4861 3657 4916 dicunt:

238 4944 511 5017 judicent
539 4950 781 5012 terram,
808 4944 865 4999 id
913 4947 1007 5000 est
1054 4941 1379 5009 ecclesiam,
1421 4940 1524 5014 qui
1572 4942 1726 4999 bona
1773 4962 1898 5017 quae
2008 4950 2134 5005 Non
2154 4953 2243 5005 est
2263 4947 2562 5014 illisalus;
2598 4948 3405 5019 putabantenimnonhabere
3429 4949 3659 5006 Patrem

245 5034 583 5109 intelligunt
610 5033 757 5091 alios
787 5034 1021 5090 docent.
1060 5032 1103 5088 C
1132 5033 1310 5088 Terra
1339 5035 1534 5088 autem
1565 5031 1721 5089 dicta
1749 5038 1838 5091 est
1866 5052 1901 5090 a
2009 5038 2378 5094 dilectionem
2413 5036 2563 5102 Filii,
2597 5053 2769 5107 quem
2804 5036 3113 5092 carnaliter
3141 5039 3409 5109 permisit
3438 5039 3650 5097 occidi.

242 5124 490 5181 terendo.
1979 5123 1996 5136 ⁸
2076 5130 2110 5183 3
2147 5129 2218 5183 Τιι
2247 5135 2449 5192 autem,
2476 5127 2705 5180 Domine
2731 5133 3004 5198 susceptor
3032 5143 3183 5183 meus
3203 5133 3258 5192 νέ-
3285 5144 3339 5184 es
3381 5140 3395 5188 :

314 5216 377 5269 11
415 5213 628 5269 Servite
650 5214 880 5277 Domino
908 5215 971 5269 in
997 5215 1190 5269 timore
1211 5229 1232 5266 .’
2211 5215 2393 5272 Gloria
2423 5231 2546 5269 mea
2566 5218 2618 5269 et
2648 5214 2898 5271 exultans
2928 5221 3093 5287 caput
3123 5233 3323 5273 meum.

414 5304 480 5358 Et
512 5304 782 5359 exsultate
906 5304 960 5359 ei
998 5314 1014 5363 :
1058 5318 1183 5357 eum
1208 5308 1461 5357 tremore.
2079 5309 2116 5360 C
2151 5302 2460 5372 Hie,Filius
2482 5308 2880 5376 susceptorem
2897 5306 3125 5362 Patrem
3146 5312 3313 5363 vocat
3330 5309 3659 5364 secundum

315 5394 363 5448 A
387 5391 611 5450 Servite
640 5392 913 5450 Domino.
955 5392 1022 5447 Et
1064 5407 1137 5447 ne
1184 5389 1545 5461 superbiant,
1580 5392 1800 5456 subdit,
1836 5391 1895 5447 in
2006 5396 2255 5451 formam
2288 5392 2689 5460 servi,necnon
2720 5392 2965 5465 gloriam
2997 5399 3053 5450 et
3075 5394 3483 5453 exaltationem
3508 5399 3661 5470 capi-

239 5482 481 5538 timore.
517 5482 562 5538 C
590 5482 756 5540 Sicut
803 5480 961 5539 enim
1004 5479 1181 5537 timor
1227 5478 1326 5534 Dei
1379 5477 1591 5535 delicta
1620 5481 1894 5549 excludit,
2004 5485 2080 5541 tis
2113 5485 2226 5549 sui,
2262 5487 2325 5538 ut
2354 5482 2548 5537 divina
2578 5482 2952 5556 humanaque
2984 5485 3315 5542 substantia
3360 5504 3477 5542 una
3505 5492 3660 5543 esset

238 5571 331 5627 ita
378 5572 664 5631 securitas
714 5570 917 5645 culpas
968 5568 1247 5628 admittit.
1288 5569 1394 5626 Sed
1427 5585 1498 5625 ne
1529 5570 1741 5628 misera
1774 5589 1894 5628 scr-
2006 5575 2135 5631 sine
2166 5574 2361 5645 aliqua
2391 5572 2732 5629 confusione
2761 5591 3035 5647 persona.
