4122 6184
276 310 351 372 5'1

1526 304 1944 368 EXPOSITIO
1988 303 2503 371 PSALMORUM.

3654 291 3734 362 58

278 448 416 502 cunt
448 439 627 499 multi
650 436 1175 511 dubitando,quod
1198 453 1309 493 nec
1332 439 1501 510 pauci
1528 439 1870 505 debuerunt,
1892 439 1946 493 id
1982 442 2035 508 Α
2065 441 2177 495 ΤΤ.
2216 442 2470 497 Psatmus
2504 436 2681 497 David
2709 455 2809 511 pro
2856 456 2922 497 ea
2960 456 3090 515 quae
3136 439 3518 500 haereditatem
3546 455 3734 498 conse-

278 539 368 591 est
398 531 902 589 resurrectionem
926 545 1055 585 esse
1073 530 1392 583 venturam
1424 534 1480 584 et
1507 529 1791 585 bonorum
1813 545 1954 601 prae-

280 622 440 679 mia?
471 620 580 677 Cui
614 617 1060 693 interrogationi
1093 607 1326 673 statim.
1350 622 1553 674 sancta
1600 622 1783 674 mater
1831 633 1950 672 res-

282 713 505 786 pondet
535 710 744 766 dicens
778 726 792 764 :
828 709 1162 782 Signatum,
1198 711 1312 762 etc.

313 804 348 854 7
420 800 731 870 Sig-natum
756 807 839 855 est
862 814 1026 870 super
1042 812 1144 852 nos
1169 797 1362 852 Iumeu
1392 796 1573 852 vultus
1593 798 1694 864 tui,
1709 798 1947 862 Domine,

426 888 653 945 Dedisti
684 888 945 945 laetitiam
975 888 1035 942 in
1063 884 1229 942 corde
1258 901 1398 941 meo.

352 978 394 1032 C
422 978 741 1050 Signatum
776 980 867 1032 est
896 993 1075 1048 super
1105 991 1216 1031 nos
1248 972 1452 1031 lumen
1484 974 1680 1031 vultus
1702 974 1953 1048 tui,quia

280 1066 435 1123 sicut
457 1082 745 1121 nummus
772 1064 1144 1137 imperatoris
1166 1063 1350 1118 habet
1366 1063 1794 1135 imaginem,ita
1816 1064 1951 1120 fide-

278 1154 438 1211 libus
466 1155 639 1226 signa
670 1153 927 1211 ccelestis
958 1152 1110 1226 regis
1125 1151 1556 1224 imprimuntur
1576 1154 1637 1209 in
1660 1154 1950 1227 baptismo

278 1250 335 1300 et
379 1243 518 1299 aliis
569 1242 987 1312 sacramentis,
1018 1241 1128 1297 hoc
1175 1244 1286 1311 est,
1320 1239 1693 1313 signaculum
1739 1246 1950 1299 sanctae

280 1331 496 1395 crucis,
531 1348 648 1403 quo
681 1329 958 1385 diabolus
1000 1329 1311 1401 eli‘ugatur.
1351 1330 1573 1387 Lumen
1622 1336 1712 1387 est
1755 1331 1953 1387 vultus

280 1419 402 1483 Dei,
439 1418 757 1491 impressio
788 1418 1004 1484 crucis,
1039 1417 1180 1488 quia
1226 1433 1325 1472 eos
1371 1417 1670 1475 illuminat
1720 1436 1955 1493 semper

278 1507 380 1581 qui
433 1525 496 1564 sc
528 1524 642 1562 non
674 1505 958 1578 polluunt
989 1504 1109 1560 ulla
1138 1504 1435 1577 pravitate.
1472 1508 1762 1564 Laetitiam
1809 1509 1957 1564 dicit

281 1602 454 1652 rectis
485 1595 640 1664 fidei,
666 1600 814 1649 tunc
845 1594 1005 1650 enim
1063 1592 1328 1650 laetamur
1371 1599 1676 1664 veraciter,
1713 1598 1958 1669 quando

280 1690 438 1741 recte
466 1684 790 1739 credimus.
823 1685 871 1738 A
904 1681 1004 1737 Vel
1037 1682 1227 1739 lumen
1277 1684 1421 1740 illud
1471 1686 1665 1760 gratia
1696 1686 1801 1741 Dei
1847 1692 1959 1752 est,

2799 532 3010 602 quitur.

2134 616 2194 671 C.
2229 618 2340 673 Pro
2372 636 2440 675 ea
2490 635 2618 689 quze
2666 617 3072 676 hereditatem
3106 619 3513 692 consequitur,
3548 618 3738 676 Eccle-

2062 705 2211 761 siam
2244 707 2563 781 significat,
2580 708 2753 778 cujus
2783 724 3040 780 persona
3069 708 3131 763 in
3166 708 3278 764 hoc
3309 708 3539 781 psalmo
3560 710 3741 766 intro-

2063 794 2843 869 ducitur,quia,resurgente
2868 797 3212 866 Christo,ad
3248 814 3380 853 eam
3413 798 3748 871 spiritualia

2061 884 2215 939 bona
2240 888 2665 955 pervenerunt,
2696 886 2756 941 id
2788 890 2877 942 est
2906 887 3078 954 fides,
3115 904 3277 960 spes,
3309 886 3589 945 charitas.

2098 973 2123 1027 1
2206 975 2399 1029 Verba
2430 988 2558 1028 mea
2583 979 2639 1038 —~'_
2685 976 2915 1032 auribus
2949 995 2967 1031 :
2991 979 3237 1050 percipe,
3269 979 3501 1036 Domine
3544 986 3558 1046 ζ

2206 1061 2478 1130 Intettige
2509 1062 2806 1120 clamorem
2824 1081 3034 1120 meum.

2132 1149 2173 1204 C
2203 1149 2500 1205 Psalmus
2531 1150 2661 1219 iste,
2695 1157 2762 1208 ut
2786 1152 3172 1226 superior,ad
3206 1156 3422 1214 Christi
3438 1159 3759 1218 Ecclesiam

2062 1238 2342 1311 pertinet.
2385 1238 2648 1297 Dicendo
2680 1246 2874 1297 autem
2904 1245 3091 1301 verba
3120 1263 3271 1314 mea,
3306 1249 3424 1306 oris
3468 1250 3768 1325 significat

2062 1327 2508 1401 psalmodiam.
2529 1329 2791 1403 Intellige
2811 1330 3141 1391 clamorem
3170 1344 3462 1407 meum,ut
3491 1342 3769 1399 aifectum

2064 1414 2255 1473 cordis
2288 1417 2575 1487 aperiret
2602 1421 2767 1492 petit.
2801 1421 2991 1477 Trina
3021 1424 3140 1481 ista
3166 1428 3431 1501 repetitio
3470 1448 3665 1489 unum
3697 1433 3774 1490 si-

2066 1506 2339 1581 gniﬁcat,
2380 1524 2519 1565 cum
2564 1509 2705 1564 dicit
2747 1509 3015 1582 percipe,
3048 1513 3329 1591 intellige,
3363 1518 3625 1590 intende,
3679 1540 3782 1596 per

2068 1600 2327 1672 ﬁguram
2366 1601 2743 1668 metabolem,
2762 1618 2889 1673 qua
2914 1610 3023 1662 est
3052 1607 3229 1665 unius
3254 1610 3336 1666 rei
3365 1611 3477 1667 sub
3499 1613 3783 1671 varietate

2068 1689 2390 1746 verborum
2424 1691 2673 1758 iteratio,
2708 1690 2870 1745 auris
2904 1693 2993 1750 ab
3020 1698 3226 1753 auditu
3261 1699 3496 1756 dicitur.

281 1774 479 1829 infusa
503 1772 686 1829 menti
722 1772 1204 1844 reparandae,qua
1232 1774 1376 1830 ratio
1408 1774 1735 1848 insignitur
1762 1780 1833 1830 ut
1869 1775 1966 1831 de-
1998 1821 2044 1887 Β
2106 1780 2142 1833 2
2230 1782 2285 1843 ἐ·
2316 1779 2543 1837 Intende
2570 1783 2691 1836 voci
2719 1781 3005 1839 orationis
3031 1801 3174 1843 mem
3214 1795 3229 1853 ;

282 1862 481 1887 ___.'--_
511 1861 667 1887 ..-ι-Ζ-
702 1861 965 1887 ζ-ημηζκρς
1006 1865 1056 1887 ...ι
1088 1861 1191 1887 1......
1223 1861 1418 1887 l--........
1449 1869 1530 1887 --Α
1554 1869 1741 1887 1-1”“-
1784 1868 1841 1887 ΑΔ
1867 1881 1934 1887 --Α
2223 1868 2327 1887 nam
2582 1877 2595 1887 Α
2632 1871 2761 1887 nua
2796 1884 2821 1887 Α-
2868 1885 2897 1887 _,

282 1862 482 1919 uarius
511 1861 668 1934 regis
702 1861 1059 1934 imagine,et
1088 1861 1191 1918 hoc
1222 1861 1423 1919 lumen
1445 1869 1535 1920 est
1554 1869 1745 1919 totum
1778 1868 1849 1920 et.
1867 1881 1966 1920 ve-

285 1969 411 2008 rum
443 1952 708 2008 hominis
744 1950 993 2008 bonum.

320 2046 350 2097 8
416 2046 452 2099 Α
482 2045 682 2113 fructu
711 2043 993 2113 frumenti
1015 2049 1064 2097 et
1095 2043 1210 2098 vini
1239 2051 1292 2109 -ξ
1339 2051 1391 2099 et
1424 2044 1533 2100 olei
1561 2045 1649 2100 sui
1690 2047 1705 2111 ζ

416 2131 788 2203 Multiplicati
814 2138 965 2186 sunt.

345 2220 384 2277 C
412 2220 715 2276 Admonet
746 2237 849 2276 eos
881 2219 979 2292 qui
1011 2220 1345 2278 carnalibus
1376 2222 1557 2277 rebus
1586 2222 1798 2287 intenti
1835 2243 1968 2285 esse

286 2308 1020 2383 probantur,mu1tiplicati
1054 2314 1189 2365 sunt
1209 2313 1372 2370 enim
1401 2310 1681 2383 pessimis
1705 2315 1962 2385 actibus,

288 2401 339 2456 id
361 2404 447 2455 est
467 2401 785 2456 mundana
810 2397 1106 2471 voluptate
1121 2401 1418 2474 completi.
1434 2400 1570 2456 ideo
1593 2400 1963 2476 addidit,sui,

291 2488 421 2561 quia
449 2494 792 2561 peccatores
821 2488 952 2544 istis
973 2492 1217 2546 utuntur
1246 2490 1510 2547 terrenis
1531 2489 1963 2558 fructibus,non

292 2578 612 2634 secundum
667 2581 964 2651 praecepta
1005 2578 1119 2649 Dei,
1153 2582 1253 2637 sed
1304 2578 1649 2637 secundum
1681 2578 1991 2640 desideria'

294 2687 422 2724 sua.
456 2667 582 2736 Vel,
613 2668 729 2736 sui,
765 2669 825 2723 id
859 2672 949 2725 est
980 2669 1211 2741 Christi,
1245 2672 1424 2744 panis
1460 2670 1632 2741 cujus
1665 2669 1827 2726 vivus
1858 2677 1968 2742 est,

294 2763 351 2813 et
380 2756 581 2813 vinum
610 2757 941 2826 inebrians,
976 2762 1033 2814 et
1059 2759 1245 2816 oleum
1276 2762 1483 2834 caput,
1500 2759 1559 2814 id
1592 2762 1682 2814 est
1711 2765 1967 2818 mentem

294 2845 699 2919 impinguans.
717 2848 1107 2903 Frumentum
1126 2866 1255 2905 vero
1273 2850 1510 2906 dictum
1532 2851 1621 2903 est
1640 2864 1672 2903 a
1699 2849 1965 2919 frumine,

294 2935 353 2990 id
389 2940 478 2991 est
506 2953 539 2990 a
569 2952 811 2991 summa
840 2940 1007 3009 parte
1038 2937 1211 3008 gulis;
1236 2938 1467 3011 antiqui
1492 2937 1649 2993 enim
1671 2943 1847 3010 caput
1867 2955 1969 3012 gu-

292 3024 367 3079 lae
398 3025 630 3081 frumen
660 3026 972 3081 vocabant.

336 3114 375 3165 9
447 3115 512 3170 In
538 3130 673 3186 pace
702 3117 761 3170 in
796 3115 1044 3187 idipsum
1075 3134 1093 3169 :

441 3205 724 3258 Donni-run
753 3208 807 3259 et
836 3206 1200 3277 requiescam.

370 3291 411 3346 C
433 3292 516 3347 Ne
533 3297 772 3365 putares
790 3309 998 3367 pacem
1022 3293 1196 3350 istam
1218 3293 1598 3368 temporalem
1621 3294 1959 3367 significari,

296 3381 400 3435 sed
434 3379 991 3438 incommutabilem
1026 3382 1435 3456 caelestemque
1458 3385 1514 3439 in
1540 3384 1709 3440 corde
1741 3400 1963 3456 perma-

299 3474 563 3537 nentem,
596 3468 723 3527 ideo
753 3471 901 3527 dicit
932 3470 995 3526 in
1036 3471 1313 3544 idipsum,
1346 3477 1411 3528 ut
1459 3472 1769 3545 intelligas,
1801 3475 1963 3531 nulla

296 3558 581 3613 varietate
604 3557 662 3614 in
685 3559 764 3615 sei
772 3577 884 3632 psa
898 3576 1096 3615 veram
1113 3577 1310 3632 pacem
1328 3561 1957 3633 mutatam.Dormiam,

295 3647 355 3700 id
398 3651 492 3702 est
521 3646 580 3701 in
614 3647 740 3719 ipsa
772 3666 920 3720 pace
965 3649 1148 3704 vitam
1198 3649 1419 3705 ﬁniam.
1470 3649 1850 3723 Requiescam
1899 3654 1958 3708 in

293 3735 501 3791 futura
524 3736 908 3803 beatitudine,
925 3738 1167 3811 quando
1180 3739 1307 3810 jam
1326 3739 1554 3811 requies
1575 3739 1808 3795 dabitur
1829 3758 1961 3798 san-

297 3824 414 3880 ctis
446 3828 503 3879 et
534 3825 801 3901 pausatio
825 3826 1109 3899 gloriosa.

302 3914 371 3968 10
449 3913 716 3981 Quoniam
744 3923 823 3982 tu,
859 3917 1110 3984 Domine,

445 4002 824 4072 Singulariter
853 4006 917 4061 in
945 4020 1042 4076 spe
1071 4007 1403 4061 constituisti
1427 4022 1529 4061 me.

373 4088 435 4144 C.
469 4091 797 4165 Singularis
829 4111 966 4167 spes
996 4097 1086 4150 est
1107 4093 1370 4150 Ecclesiae
1399 4094 1457 4149 in
1492 4095 1769 4152 membris
1809 4098 1957 4166 suis,

304 4177 443 4249 quia
472 4178 597 4236 sola
626 4182 834 4254 recipit
865 4199 1115 4256 regnum
1144 4183 1264 4251 Dei,
1298 4183 1451 4257 quod
1482 4182 1646 4256 impii
1675 4201 1790 4240 non
1825 4203 1956 4259 pos-

305 4272 445 4321 sunt
472 4268 740 4340 adipisci.
774 4271 922 4327 Cum
955 4271 1120 4340 dicit,
1149 4272 1509 4328 Constituisti
1540 4272 1961 4347 me,signiﬁcat

307 4354 544 4427 dignam
579 4357 1083 4433 deliberatamque
1116 4360 1484 4427 sententiam,
1519 4378 1694 4433 quam
1728 4362 1823 4419 hic
1853 4365 1959 4421 ha-

310 4460 442 4499 mus
473 4443 532 4500 in
563 4463 686 4520 spe,
718 4448 797 4504 ibi
830 4450 1169 4522 possidetur
1200 4450 1255 4506 in
1281 4468 1359 4506 re.

807 4593 1016 4633 ORATnO
1056 4594 1125 4632 EX
1166 4593 1323 4632 PSAL.
1367 4593 1469 4632 IIII.

380 4692 599 4751 Exaudi
622 4699 1032 4767 nos,Domine,
1052 4704 1109 4756 et
1138 4698 1196 4755 in
1230 4700 1710 4785 tribulationibus
1740 4706 1959 4763 nostris

308 4780 583 4839 miserere
610 4786 864 4853 nobis,et
884 4789 983 4862 qui
1018 4788 1182 4845 solus
1203 4789 1599 4863 magnificaris
1625 4780 1680 4847 in
1704 4793 1956 4867 populis,

302 4868 627 4941 spiritalem
660 4874 919 4933 laetitiam
951 4877 1227 4945 tribuc,et
1254 4877 1313 4934 in
1339 4896 1441 4952 spe
1472 4896 1787 4940 munerum
1810 4884 1960 4940 futu-

304 4974 505 5015 rorum
537 4965 890 5024 constitutis.
920 4967 1028 5024 Per
1047 4967 1357 5023 Dominum
1391 4973 1682 5039 nostrum,
1711 4976 1820 5028 etc.

914 5126 1241 5184 PSALMUS
1282 5131 1349 5184 V.

789 5232 1189 5274 ARGUMENTUM
1228 5235 1385 5274 PSAL.
1428 5235 1482 5272 V.

374 5336 433 5390 C.
468 5332 742 5404 Ecclesia,
775 5358 943 5398 suam
976 5360 1220 5415 poscens
1248 5344 1573 5400 orationem
1602 5347 1959 5421 audiri.praa-

299 5423 465 5478 dicat
494 5424 793 5485 hareticos
825 5435 883 5486 et
931 5432 1335 5489 schismaticos
1367 5450 1400 5488 a
1430 5433 1663 5490 Domini
1716 5453 1957 5496 munere

300 5510 921 5597 excludendos,felicia
952 5520 1191 5594 insuper
1219 5538 1686 5581 commemorans
1718 5528 1956 5597 praemia

303 5599 631 5658 beatorum.
799 5596 808 5604 ”

2216 1868 2332 1924 Rea:
2359 1887 2512 1926 meus
2543 1877 2595 1925 et
2624 1871 2762 1925 Deus
2790 1884 2981 1928 meus.

2146 1956 2187 2012 C
2217 1957 2459 2014 Intende
2488 1956 2633 2027 voci,
2662 1956 2835 2012 modo
2862 1958 3126 2026 dicit,.ut
3151 1962 3412 2018 declaret
3432 1965 3775 2025 orationem

2074 2045 2225 2103 hanc
2243 2063 2371 2103 esse
2393 2047 2708 2119 perfectam
2735 2062 2866 2118 quae
2890 2048 3228 2106 inﬂammat
3248 2052 3496 2106 affectus
3516 2057 3771 2114 mentis.

2078 2137 2197 2193 Rex
2225 2153 2389 2193 meus
2438 2141 2496 2192 et
2544 2137 2697 2192 Deus
2740 2152 2914 2193 meus
2964 2144 3022 2195 et
3063 2141 3349 2212 quoniam
3384 2140 3456 2194 ad
3489 2145 3550 2197 te
3585 2146 3771 2203 orabo

2076 2226 2340 2293 Domine,
2357 2227 2469 2283 ista
2491 2225 2780 2283 sententia
2798 2226 3195 2302 distinguitur
3216 2228 3275 2283 in
3300 2230 3606 2299 personis,
3634 2234 3765 2290 uni-

2076 2321 2167 2371 tas
2198 2320 2390 2372 tamen
2425 2317 2696 2372 credatur
2726 2315 2784 2370 in
2820 2323 3055 2381 natura,
3090 2315 3365 2389 quamvis
3415 2317 3589 2377 enim
3646 2327 3765 2382 tres

2076 2404 2357 2473 nominet,
2394 2423 2509 2462 non
2554 2411 2747 2461 tamen
2797 2406 3107 2472 intendite,
3143 2405 3247 2462 sed
3308 2403 3580 2478 intende,
3633 2416 3760 2468 tan‘

2081 2511 2257 2566 quam
2291 2495 2363 2550 ad
2397 2512 2580 2551 unum
2611 2493 2775 2551 dixit.

2113 2585 2148 2638 3
2222 2584 2493 2651 Quoniam
2522 2584 2591 2640 ad
2620 2592 2669 2640 te
2698 2584 2884 2654 orabo,
2913 2587 3152 2641 Domine
3184 2601 3201 2636 :

2221 2672 2377 2728 Mane
2401 2675 2661 2730 exaudies
2696 2689 2874 2731 vocem
2900 2691 3098 2730 meam.

2149 2761 2191 2816 C
2220 2761 2303 2815 Ad
2336 2766 2392 2818 te
2422 2763 2618 2828 orabo,
2644 2763 2701 2819 id
2731 2767 2841 2833 est,
2866 2781 2983 2819 non
3015 2764 3087 2819 ad
3120 2761 3409 2828 alium,ut
3438 2769 3668 2840 pagani
3698 2776 3755 2827 et

2078 2848 2386 2919 increduli,
2407 2856 2547 2908 tunc
2576 2870 2638 2909 se
2658 2853 2866 2909 merito
2888 2853 3076 2910 credit
3097 2849 3351 2907 Ecclesia
3371 2867 3552 2912 mane
3573 2876 3751 2916 exau-

2076 2940 2186 2994 diri
2197 2957 2351 2996 .cum
2383 2940 2443 2996 in
2474 2942 2663 2998 lucem
2688 2944 2940 3000 ccelestis
2963 2938 3424 2999 conversationis
3455 2949 3744 3018 eruperit,

2074 3032 2131 3083 et
2161 3029 2219 3083 in
2248 3029 2482 3086 exordio
2512 3032 2822 3101 bonorum,
2851 3037 3089 3088 actuum
3145 3027 3446 3082 veritatem
3500 3035 3745 3106 coeperit

2075 3134 2243 3172 mens
2262 3117 2595 3173 illuminata
2609 3136 2979 3193 cognoscere.
2996 3120 3166 3174 Mane
3182 3114 3340 3171 enim
3362 3114 3737 3190 deprecatur,

1993 3194 2036 3259 C
2075 3204 2175 3276 qui
2222 3204 2278 3258 in
2333 3204 2531 3261 lucida
2584 3208 3022 3265 conversatione
3077 3205 3287 3277 degere
3341 3201 3735 3276 dignoscitur,

2072 3310 2245 3349 mane
2275 3295 2431 3350 enim
2464 3296 2742 3364 dicimus,
2776 3313 2933 3365 cum,
2965 3292 3254 3352 discussis
3287 3292 3568 3363 tenebris,
3594 3296 3733 3354 clari

2070 3381 2312 3437 luminis
2342 3384 2628 3441 adventus
2658 3385 2906 3443 infulsit.

2106 3473 2139 3526 4
2212 3475 2380 3528 Mane
2407 3475 2594 3531 astabo
2625 3477 2730 3533 tibi
2757 3484 2809 3533 et
2838 3476 3024 3532 videbo
3054 3494 3071 3531 :

2213 3562 2485 3630 Quoniam
2514 3581 2624 3621 non
2656 3568 2797 3623 Deus
2826 3567 3009 3622 volens
3040 3565 3391 3636 iniquitatem
3419 3569 3479 3616 tu
3508 3579 3583 3617 es.

2142 3650 2208 3705 Η.
2246 3650 2475 3723 Repetit
2497 3670 2689 3724 mane,
2714 3656 2772 3711 id
2804 3659 2913 3722 est,
2946 3650 3258 3725 incipiente
3288 3649 3417 3706 luce
3442 3651 3726 3707 virtutum

2070 3738 2126 3792 in
2162 3739 2359 3795 anima
2382 3745 2756 3815 mea,quando
2786 3745 2888 3800 tibi
2914 3748 3063 3799 stare
3088 3758 3195 3798 non
3226 3740 3333 3795 alii
3349 3739 3445 3795 sed
3464 3741 3569 3796 tibi
3584 3748 3727 3797 stare

2069 3843 2148 3885 cce
2176 3845 2297 3885 ero.
2313 3830 2438 3885 Non
2464 3833 2809 3902 sedere,non
2833 3834 3048 3904 jacere,
3065 3831 3166 3888 sed
3189 3831 3425 3894 stare,et
3447 3830 3727 3885 statueris

2066 3934 2247 3990 supra
2274 3923 2497 3991 petram
2534 3923 2709 3993 pedes
2762 3938 2943 3987 meos,
2976 3926 3116 3976 tunc
3164 3936 3267 3991 per
3318 3917 3463 3975 istos
3505 3918 3726 3991 gradus

2068 4009 2334 4064 merebor
2365 4012 2420 4064 te
2445 4010 2640 4068 videre
2692 4011 2793 4067 Vel
2825 4010 3028 4067 astabo
3060 4009 3165 4065 tibi
3188 4010 3341 4063 recte
3369 4006 3634 4076 vivendo,
3669 4013 3726 4064 et

2067 4096 2292 4166 videbo,
2327 4098 2686 4157 subauditur
2712 4104 2770 4156 te
2796 4098 2983 4154 oculis
3013 4096 3225 4153 cordis.
3258 4095 3300 4150 C
3328 4095 3427 4150 Est
3466 4096 3627 4166 ordo,
3657 4099 3721 4150 tu

2068 4201 2129 4241 es
2161 4186 2334 4253 Deus,
2370 4187 2472 4258 qui
2525 4188 2899 4260 iniquitatem
2949 4185 3103 4242 nolle
3149 4183 3536 4257 cognosceris,
3579 4185 3719 4255 quid

2067 4274 2225 4330 enim
2255 4274 2415 4330 aliud
2449 4282 2642 4348 potest
2674 4278 2828 4334 Deus
2849 4274 3012 4342 velle,
3043 4274 3153 4330 nisi
3178 4273 3331 4345 quod
3353 4271 3479 4344 ipse
3510 4273 3718 4344 proba-

2068 4367 2166 4418 tur
2192 4363 2539 4435 praacipere?
2569 4366 2722 4422 sicut
2772 4365 2854 4420 ait
2902 4365 3103 4432 Isaias,
3137 4380 3243 4435 ego
3292 4361 3576 4417 Dominus
3616 4363 3719 4435 qui

2067 4451 2271 4525 loquor
2292 4453 2589 4524 justitiam
2621 4460 2678 4510 et
2706 4452 2992 4509 annuntio
3025 4456 3180 4509 recta
3208 4453 3337 4525 (Isa.
3370 4452 3518 4525 xcv).

1993 4565 2038 4629 Ι)
2102 4544 2139 4598 5
2211 4544 2390 4614 Neque
2421 4543 2691 4600 habitabit
2705 4544 2871 4616 jumta
2903 4552 2953 4599 te
2980 4544 3291 4613 malignus;

2209 4637 2394 4704 Neque
2418 4635 2819 4705 permanebunt
2846 4633 3041 4705 injusti
3069 4640 3198 4688 ante
3225 4632 3407 4687 oculos
3435 4637 3573 4687 tuos.

2138 4724 2177 4778 C
2206 4722 2515 4795 Nequeunt
2569 4722 2831 4779 habitare
2871 4723 3041 4793 juxta
3101 4720 3399 4778 Christum
3450 4720 3508 4774 in
3550 4720 3717 4776 beato

2066 4828 2266 4884 regno,
2301 4813 2399 4884 qui
2459 4811 2739 4885 gehennae
2787 4811 3142 4867 cruciatione
3186 4807 3507 4864 damnandi
3556 4811 3714 4862 sunt.

2072 4902 2111 4956 il
2140 4901 2311 4957 Recte
2343 4901 2427 4956 illi
2458 4917 2654 4957 coram
2678 4900 2804 4971 ipso
2823 4916 2936 4954 non
2961 4913 3300 4970 permanere
3316 4896 3595 4952 dicuntur
3615 4895 3714 4968 qui

2036 4982 2140 5047 'ab
2171 4992 2301 5063 ejus
2330 5006 2507 5062 regno
2536 4988 2799 5061 privandi
2852 4991 3010 5043 sunt.
3043 4986 3103 5042 Si
3153 4985 3312 5041 enim
3363 4989 3512 5041 Deus
3562 4985 3717 5058 ignis

2065 5084 2172 5148 est,
2207 5084 2263 5135 et
2310 5078 2461 5152 ignis
2511 5092 2886 5142 consumens,
2935 5074 3273 5147 quicunque
3331 5073 3550 5145 stipula
3603 5079 3713 5142 est,

2069 5169 2408 5241 quicunque
2438 5166 2668 5239 lignum
2700 5168 2808 5232 est,
2836 5164 2986 5238 iugit
3014 5163 3087 5218 ab
3120 5162 3253 5237 igne
3284 5181 3356 5220 ne
3405 5180 3715 5220 consuma-

2069 5268 2182 5312 tur.
2199 5257 2257 5312 Si
2286 5273 2421 5311 vero
2452 5252 2894 5325 aurum,ignem
2928 5269 3043 5309 non
3063 5252 3214 5326 fugit
3234 5270 3350 5325 quo
3373 5251 3716 5326 puriﬁcatur

2067 5349 2246 5413 (Deut.
2281 5346 2380 5417 ιν).

2099 5438 2134 5491 6
2209 5434 2385 5491 Odisti
2415 5448 2598 5488 omnes
2629 5433 2724 5504 qui
2753 5440 3048 5504 operantur
3077 5433 3428 5504 iniquitatem
3455 5449 3474 5485 .-

2212 5524 2408 5581 I’erdes
2457 5528 2509 5586 μθ
2537 5538 2719 5577 omnes
2786 5530 2803 5588 τ
2847 5523 2943 5594 qui
2974 5523 3275 5593 loquuntur
3302 5519 3665 5574 mendacium.

2138 5616 2181 5672 il
2214 5616 2338 5672 Non
2390 5612 2554 5682 dixit,
2592 5612 2687 5684 qui
2737 5611 2956 5685 operati
3007 5614 3145 5666 sunt
3193 5608 3581 5680 iniquitatem,
3611 5606 3739 5662 sed-

3656 5726 3725 5777 εἴη
