4122 6184
365 227 444 303 59
1072 279 1078 284 ι
1273 235 1340 299 S.
1385 231 1785 298 BRUNONIS
1828 231 2445 300 HERBIPOLENSIS
2488 229 2869 299 EPISCOPI.
3705 226 3786 292 60

367 369 468 444 qui
499 372 814 444 operantur
859 365 1251 442 iniquitatem.
1284 367 1430 424 Nam
1480 366 1772 425 habentur
1819 366 1952 425 odio
1983 385 2018 424 a
2046 370 2099 438 Α
2131 369 2252 426 lum
2283 369 2498 427 veritas
2528 385 2644 425 non
2669 370 2760 426 est
2786 365 2846 424 in
2874 381 2974 423 ore
3001 381 3226 433 eorum,
3249 379 3452 422 verum
3485 363 3661 420 etiam
3692 381 3784 422 se-

367 459 635 528 Domino,
655 458 756 532 qui
788 460 1158 532 perseverant
1180 455 1241 512 in
1263 455 1518 530 peccatis
1540 473 1730 530 usque
1748 455 1809 512 in
1841 457 2017 513 ﬁnem

365 549 530 618 vitae;
563 551 837 604 amantur
865 546 963 620 qui
998 545 1152 618 quod
1185 545 1407 618 operati
1448 549 1587 601 sunt
1621 544 1792 611 male,
1820 562 2016 602 emen-

368 639 533 695 dant.
557 637 768 694 Perdes
797 634 1234 702 eos,haereticos
1265 633 1692 707 signiﬁcat,qui
1723 637 1808 688 tot
1836 631 2022 690 homi-

367 743 472 784 nes
503 744 638 783 cum
668 722 970 782 mendacio
999 722 1295 790 occidunt,
1317 726 1462 794 quot
1510 722 1569 778 in
1617 722 1886 779 haeresim
1930 722 2020 777 in-

368 816 710 872 troducunt.

401 906 438 958 7
515 907 701 962 Virum
728 902 1066 974 sanguinum
1092 905 1145 957 et.
1173 901 1420 958 dolosum
1468 902 1882 959 abominabitur
1921 902 2022 958 Do-

580 995 767 1048 minus
783 1012 803 1060 ;

509 1085 620 1152 Ego
638 1088 819 1137 autem
848 1083 906 1136 in
932 1081 1289 1137 multitudine
1313 1081 1706 1138 misericordiae
1734 1087 1866 1136 tua).

439 1171 480 1227 C
508 1171 611 1226 Vir
638 1169 993 1244 sanguinum
1024 1175 1134 1236 est,
1167 1170 1266 1242 qui
1288 1170 1546 1226 humano
1571 1185 1776 1224 cruore
1807 1166 2022 1240 pollui-

369 1265 484 1329 tur,
518 1259 614 1315 ille
645 1255 935 1327 similiter,
965 1260 1064 1331 qui
1098 1259 1316 1333 decipit
1363 1259 1422 1314 in
1473 1258 1664 1332 gratia
1710 1257 1938 1326 vivum;
1959 1260 2024 1312 ut

369 1347 642 1404 hzcretici.
681 1349 927 1404 Dolnsus
957 1355 1066 1412 est,
1101 1347 1200 1420 qui
1244 1347 1434 1404 sciens
1487 1346 1732 1414 malum,
1763 1346 2023 1403 alienum

371 1438 598 1512 operari
632 1437 839 1493 nititur
869 1437 1132 1504 exitium,
1169 1441 1233 1493 ut
1262 1453 1396 1493 eum
1431 1435 1631 1492 fraude
1661 1435 1930 1508 decipiat.
1957 1437 2026 1491 Et

370 1531 461 1584 est
489 1525 660 1582 dolus
693 1525 922 1600 proprie
953 1527 1011 1582 in
1047 1527 1218 1594 facto,
1255 1526 1414 1582 fraus
1445 1525 1501 1580 in
1533 1524 1730 1592 verbo,
1766 1523 1854 1581 Illi
1886 1524 2023 1580 abo-

371 1615 694 1682 minantur,
715 1615 814 1688 qui
843 1614 1058 1670 Christi
1082 1613 1320 1686 praemia
1349 1613 1626 1686 consequi
1649 1630 1765 1669 non
1795 1628 2023 1670 meren-

373 1708 489 1760 tur.
522 1705 568 1760 A
597 1703 796 1760 Solent
825 1704 982 1760 enim
1015 1703 1336 1760 abominati
1371 1702 1484 1758 dici
1515 1701 1884 1759 exhaaredati.
1917 1701 2022 1766 Qui

372 1797 568 1851 autem
602 1793 986 1866 consequitur
1013 1792 1410 1849 haereditatem
1457 1791 1774 1860 caelestem,
1807 1790 2028 1848 exultat

371 1883 433 1940 in
463 1899 566 1955 spe
598 1883 798 1938 dicens
833 1899 845 1938 :
879 1882 997 1956 Ego
1027 1885 1247 1948 autem,
1281 1885 1390 1938 etc.

407 1974 442 2028 8
513 1972 757 2030 Introibo
785 1973 845 2027 in
876 1972 1103 2028 domum
1131 1979 1313 2038 tuam,-

513 2060 757 2118 Adorabo
807 2061 877 2116 ad
918 2061 1179 2133 templum
1223 2064 1477 2116 sanctum
1522 2068 1679 2116 tuum
1731 2061 1790 2114 in
1835 2058 2030 2114 timore

499 2179 504 2182 ·
587 2158 696 2208 tuo.

445 2240 490 2296 H
521 2239 563 2296 C
594 2237 926 2296 Introibunt
967 2237 1116 2310 justi
1169 2238 1227 2292 in
1281 2237 1524 2294 domum
1578 2222 1814 2302 Christi,
1846 2233 1906 2290 id
1937 2238 2030 2290 est

374 2331 640 2386 sanctam
695 2326 1035 2398 Ecclesiam,
1068 2327 1188 2382 sive
1234 2325 1528 2382 ccelestem
1569 2323 1952 2382 Hierusalem.
1987 2322 2029 2378 C

333 2418 340 2422 ’
373 2415 686 2490 Templum
719 2420 1012 2486 sanctum,
1045 2431 1258 2488 corpus
1287 2418 1376 2471 est
1423 2414 1657 2471 Domini
1705 2413 1862 2486 quod
1893 2413 2030 2484 jure

375 2507 581 2563 adorat
599 2503 858 2562 Ecclesia
878 2504 937 2560 in
970 2504 1202 2561 timore.
1229 2504 1375 2568 Quia
1395 2507 1533 2560 tunc
1556 2504 1698 2560 fides
1720 2503 1893 2558 ﬁrma
1919 2505 2027 2568 est,

373 2595 612 2668 quando
645 2609 843 2650 amore
874 2596 1033 2649 casto
1063 2597 1122 2650 et
1157 2593 1388 2661 timore,
1422 2592 1698 2648 divinitas
1729 2591 2026 2648 adoratur.

373 2686 419 2740 A
449 2683 553 2740 Vel
581 2682 871 2756 templum
899 2681 1130 2739 caeleste
1178 2698 1192 2736 :
1243 2683 1316 2738 ad
1369 2683 1523 2756 quod
1573 2682 1771 2750 adoro,
1805 2681 1946 2737 dum
1977 2677 2030 2734 ei

375 2773 652 2846 operibus
683 2770 852 2828 bonis
881 2776 940 2828 et
967 2771 1332 2828 orationibus
1361 2769 1787 2845 appmpinquo,
1822 2786 1934 2826 non
1969 2767 2030 2822 in

375 2879 441 2920 eo
470 2878 603 2919 vero
633 2861 735 2918 sed
767 2877 945 2934 prope
975 2865 1032 2917 et
1060 2861 1130 2917 ad
1154 2861 1349 2934 ipsum
1381 2861 1583 2932 adoro,
1607 2861 1748 2917 dum
1781 2857 2027 2934 gloriam

375 2950 478 3008 Dei
500 2967 616 3008 non
647 2950 834 3006 video.

407 3041 444 3095 9
537 3041 781 3106 Domine,
805 3039 974 3096 deduc
986 3056 1072 3096 me
1100 3041 1160 3094 in
1176 3039 1404 3112 justilia
1422 3046 1518 3096 tua
1531 3043 1756 3113 propter
1775 3041 2030 3096 inimicos

589 3145 734 3186 meos
745 3149 767 3199 ,-

517 3221 704 3292 Dirige
735 3221 796 3276 in
826 3227 1109 3292 conspectu
1135 3235 1253 3276 meo
1286 3220 1432 3276 viam
1459 3228 1630 3276 tuam.

447 3307 490 3364 C
521 3307 786 3365 Postulat
831 3325 867 3364 a
913 3307 1162 3365 Domino
1206 3307 1416 3364 deduci
1461 3307 1533 3362 ad
1574 3311 1789 3364 aeterna
1818 3307 2034 3382 gaudia

381 3399 570 3452 mater
597 3396 1006 3469 Ecclesia,quae
1030 3395 1124 3450 hic
1153 3396 1432 3470 fatigatur
1451 3396 1696 3453 diversis
1721 3395 2030 3470 angustiis.

377 3485 618 3542 Justum
647 3487 756 3555 est,
788 3490 855 3540 ut
882 3483 944 3540 in
976 3501 1085 3542 sua
1105 3485 1341 3556 justitia
1369 3483 1508 3541 velit
1536 3484 1804 3542 Christns
1847 3485 2033 3541 susci-

382 3591 520 3648 pere
549 3573 1224 3647 supplicantes,propter
1251 3573 1666 3640 inimicos,hoc
1696 3578 1786 3630 est
1805 3573 2032 3630 haereti-

383 3680 483 3721 cos
513 3666 571 3720 et
601 3679 880 3737 paganos.
905 3663 1070 3720 Unus
1099 3679 1274 3736 pravo
1304 3663 1577 3737 dogmate
1607 3663 2032 3733 maledicendo,

382 3752 531 3810 alter
559 3769 675 3808 non
707 3753 1019 3820 credendo,
1048 3750 1272 3808 inimici
1303 3751 1464 3808 dicti.
1495 3752 1543 3808 H
1575 3752 2035 3826 Viam,Scriptu-

379 3859 507 3899 ram
557 3845 823 3898 sanctam
876 3841 1038 3911 dicit,
1079 3858 1152 3898 ne
1205 3839 1357 3898 male
1403 3839 1802 3916 intelligendo,
1852 3843 1912 3898 in
1968 3859 2037 3900 ea

381 3935 632 3988 corruat.
665 3929 844 3987 A'Vel
874 3929 1028 3987 viam
1081 3947 1198 4004 qua
1247 3930 1366 3986 itur
1395 3930 1467 3986 ad
1519 3934 1594 3998 te,
1623 3935 1912 4004 praecepta
1939 3947 2036 3989 ac-

381 4021 527 4094 cipe.
544 4021 724 4078 Istam
753 4023 920 4076 tuam
949 4019 1102 4076 viam
1134 4017 1416 4092 dirige,id
1446 4023 1536 4076 est
1559 4021 1800 4076 ostende
1823 4019 1880 4076 in
1903 4038 2037 4078 con-

382 4114 586 4184 spectu
615 4125 764 4176 meo,
800 4112 864 4164 ut
892 4125 1008 4182 prze
1035 4108 1223 4164 oculis
1251 4107 1500 4164 habeam
1533 4112 1838 4182 praecepta,
1859 4113 1917 4166 et
1934 4126 2038 4182 per

380 4217 449 4256 ea
470 4215 564 4255 me
596 4215 785 4272 regas.
813 4197 859 4254 Η
881 4196 1077 4269 Dirige
1101 4197 1159 4252 in
1176 4201 1491 4270 conspectu
1515 4201 1615 4254 tuo
1635 4196 1788 4254 viam
1821 4214 2035 4266 meam,

383 4305 487 4344 nec
517 4287 654 4344 LXX
683 4287 925 4356 habent,
958 4303 1061 4342 nec
1101 4285 1330 4358 Aquila,
1355 4303 1462 4342 nec
1507 4286 1900 4354 Simmachus,
1933 4305 2038 4345 nec

381 4377 774 4444 Theodocion,
809 4376 910 4431 sed
944 4374 1066 4432 solo
1100 4374 1264 4432 coine
1297 4374 1496 4444 editio,
1530 4375 1786 4449 denique
1814 4376 1873 4432 in
1923 4377 2036 4434 He-

2128 457 2424 529 pulcrum,
2455 462 2564 516 etc.

2131 549 2192 604 11
2268 549 2595 621 Sepulcrum
2617 552 2814 620 patens
2842 550 2920 604 est
2949 550 3146 616 guttur
3165 560 3374 601 eorum.
3407 543 3640 613 Linguis
3664 544 3782 599 suis

2343 637 2526 693 dolose
2553 637 2822 706 agebant;

2269 726 2472 782 Judica
2502 725 2648 792 illos,
2678 727 2840 782 Deus.

2203 815 2244 870 C
2274 813 2618 888 Sepulcrum
2653 813 2888 883 mortui,
2921 815 3010 872 est
3038 816 3243 887 guttur
3269 810 3628 879 mentientis,
3649 809 3788 885 quia

2131 903 2288 960 sicut
2317 904 2388 960 de
2420 902 2688 977 sepulcro
2719 904 2868 960 fetor
2896 901 3110 972 malus,
3140 901 3222 958 ita
3266 901 3338 977 de
3385 916 3492 964 ore,
3531 898 3784 956 haeretici

2131 1009 2310 1066 prava
2337 993 2603 1050 doctrina
2625 996 2925 1066 profertur.
2957 993 3191 1056 Patens,
3224 991 3273 1047 si
3304 989 3574 1046 clausum
3605 992 3785 1055 esset,

2132 1082 2331 1138 minus
2361 1083 2591 1150 feteret;
2627 1082 2673 1139 si
2711 1081 3009 1149 tacuisset,
3043 1081 3242 1137 minus
3285 1077 3604 1136 nocuisset.
3638 1078 3785 1150 Age-

2133 1171 2276 1228 bant
2303 1171 2502 1228 dolose
2532 1170 2918 1246 linguis,quia
2935 1168 3218 1226 malitiam
3242 1184 3357 1224 non
3375 1165 3572 1223 solum
3596 1165 3655 1222 in
3675 1165 3789 1222 lin-

2133 1278 2249 1335 gua
2279 1261 2378 1318 sed
2405 1261 2582 1317 etiam
2615 1261 2674 1316 in
2704 1264 2836 1316 actu
2867 1259 3272 1326 ostendebant,
3306 1274 3422 1313 non
3453 1259 3652 1312 autem
3683 1273 3788 1327 op-

2133 1351 2278 1406 tavit
2302 1349 2559 1406 Ecclesia
2586 1355 2716 1406 voto
2762 1347 3208 1412 maledictionis,
3242 1346 3344 1402 sed
3395 1345 3596 1401 futura
3644 1362 3787 1418 pra:-

2134 1439 2299 1496 dixit.
2333 1439 2382 1496 H
2409 1438 2618 1495 Judica
2647 1437 2800 1506 illos,
2836 1439 3006 1503 Deus,
3040 1439 3104 1492 ut
3131 1434 3388 1492 sentiant
3417 1438 3474 1490 te
3497 1433 3786 1506 judicem,

2137 1527 2237 1601 qui
2271 1533 2327 1584 te
2355 1533 2582 1600 patrem
2612 1527 2829 1583 sentire
2859 1525 3066 1582 nolunt
3090 1541 3103 1580 :
3126 1523 3226 1597 qui
3249 1521 3626 1596 judicaturus
3645 1537 3708 1578 es
3730 1521 3790 1578 in

2135 1618 2271 1686 ﬁne,
2293 1617 2498 1690 judice
2525 1615 2704 1672 etiam
2733 1633 2909 1682 nunc,
2931 1617 2997 1671 ut
3027 1617 3087 1670 ut
3113 1614 3292 1669 sciant
3321 1616 3372 1668 te
3400 1627 3486 1668 res
3517 1610 3793 1666 humanas

2136 1709 2421 1780 respicere.

2133 1796 2205 1854 l2
2277 1795 2538 1855 Occidunt
2565 1814 2600 1853 a
2627 1796 3048 1866 cogitationibus
3075 1795 3192 1850 suis
3223 1811 3242 1849 :
3272 1791 3573 1849 secundum
3601 1791 3790 1845 multi-

2345 1887 2591 1943 tudinem
2620 1887 2967 1958 impietatum
2993 1899 3183 1940 eorum
3201 1882 3414 1955 expelle
3441 1897 3565 1948 eos,-

2281 1976 2552 2044 Quoniam
2581 1977 2949 2032 irritaverunt
2978 1981 3048 2040 te,
3082 1972 3334 2039 Domine,

2209 2063 2250 2120 C
2278 2064 2552 2122 Deeidere
2583 2063 2814 2137 proprie
2843 2061 3079 2129 dicitur,
3101 2059 3203 2134 qui
3234 2058 3359 2134 spei
3389 2075 3508 2116 suae
3531 2056 3793 2114 amissio-

2139 2171 2212 2210 ne
2233 2153 2558 2222 fraudatur,
2591 2152 2867 2209 decidant
2883 2149 3067 2224 igitur
3085 2148 3330 2215 inimici,
3365 2163 3440 2204 ne
3460 2147 3793 2220 impietates

2139 2243 2540 2317 impietatibus
2570 2244 2842 2316 augeant.
2876 2240 2924 2298 Η
2945 2237 3179 2314 Expelle
3208 2253 3330 2306 eos,
3363 2237 3436 2293 ab
3470 2235 3790 2308 impietati-

2139 2333 2252 2389 bus
2280 2331 2424 2402 suis,
2455 2330 2543 2389 vel
2575 2331 2647 2388 ab
2675 2327 2951 2387 Ecclesia.
2985 2329 3026 2385 C
3056 2328 3204 2393 Quia
3235 2331 3468 2383 tantum
3524 2327 3794 2398 peccator

2139 2423 2211 2479 ab
2243 2421 2346 2478 illa
2390 2420 2624 2496 longius
2670 2421 2953 2485 redditur,
2987 2416 3275 2492 quantum
3314 2430 3629 2472 numeroso
3671 2413 3792 2470 cri-

2139 2511 2296 2568 mine
2325 2510 2622 2568 dilatatur.
2647 2509 3026 2568 lrritaverunt
3053 2505 3252 2581 aegroti
3301 2503 3464 2576 mali,
3497 2501 3790 2560 medicum

2139 2602 2381 2670 bonum,
2405 2601 2465 2658 id
2494 2605 2586 2657 est
2610 2599 2930 2667 Christum,
2962 2597 3101 2670 quia
3131 2593 3390 2652 remedia
3419 2609 3538 2650 suae
3581 2589 3791 2648 salutis

2139 2694 2508 2764 respuerunt.

2143 2781 2210 2836 13
2282 2785 2350 2836 At
2379 2781 2638 2836 laetentur
2663 2792 2847 2834 omnes
2867 2775 2964 2850 qui
2989 2779 3212 2848 sperant
3242 2773 3304 2829 in
3334 2779 3418 2841 te;

2281 2869 2344 2924 In
2369 2876 2639 2926 aeternum
2659 2866 2984 2923 exultabant
3012 2871 3063 2922 et
3089 2863 3363 2919 habitabis
3399 2862 3457 2916 in
3486 2861 3586 2916 eis.

2209 2958 2252 3014 C
2279 2959 2573 3016 Lmtentur
2601 2959 2658 3014 et
2686 2953 3064 3012 exsultabunt
3090 2951 3150 3008 in
3180 2951 3794 3021 mternum,sperantes

2139 3048 2198 3104 in
2229 3046 2782 3118 Domino,quoniam
2801 3044 3076 3100 videntur
3093 3045 3150 3098 et
3168 3039 3335 3112 impii
3366 3038 3427 3094 in
3449 3037 3560 3094 hoc
3581 3034 3793 3094 saeculo

2139 3131 2414 3210 gaudere,
2445 3133 2554 3192 soli
2586 3137 2779 3190 autem
2805 3130 2954 3206 justi
2985 3129 3045 3187 in
3085 3129 3280 3185 futuro
3313 3125 3526 3184 saeculo
3574 3123 3794 3199 gaude-

2139 3225 2367 3280 bunt.A
2391 3222 2608 3280 Felices
2638 3225 2798 3291 sunt,
2813 3219 2914 3294 qui
2945 3220 3246 3276 merentur
3264 3212 3646 3273 tabernacula
3665 3228 3797 3269 esse

2139 3313 2376 3371 Christi.
2411 3315 2451 3368 A
2483 3313 2773 3368 Laetentur
2795 3309 2976 3384 igitur
3005 3325 3182 3374 nunc,
3216 3305 3316 3378 qui
3351 3305 3409 3360 in
3439 3303 3554 3360 isto
3585 3299 3796 3358 saeculo

2141 3405 2380 3475 sperant
2403 3401 2462 3456 in
2487 3399 2752 3466 Domino,
2786 3397 3065 3471 quoniam
3101 3397 3232 3468 post
3261 3396 3512 3449 mortem
3543 3391 3601 3446 in
3629 3393 3794 3445 aeter-

2143 3507 2286 3548 num
2317 3489 2686 3548 exultabunt.

2143 3580 2211 3638 14
2283 3580 2348 3636 At
2373 3579 2764 3652 gloriabuntur
2790 3577 2854 3632 in
2883 3579 2934 3632 te
2975 3579 3031 3640 ἑ·
3057 3587 3242 3630 omnes
3269 3572 3367 3643 qui
3397 3569 3641 3638 diligunt
3688 3582 3792 3623 no-

2354 3685 2484 3724 men
2513 3676 2689 3735 tuum,
3029 3708 3035 3713 .

2287 3757 2557 3826 Quoniam
2585 3763 2645 3811 tu
2676 3749 2948 3810 benedices
2968 3749 3142 3824 justo.

2215 3845 2256 3902 C
2286 3844 2710 3902 Gloriabuntur
2745 3856 2972 3907 omnes,
3005 3837 3300 3912 signiﬁcat
3341 3835 3400 3892 in
3451 3833 3554 3890 illa
3607 3831 3797 3906 patria

2143 3951 2273 3992 esse
2302 3933 2519 4000 felices,
2541 3932 2642 4004 qui
2673 3928 2905 4004 Domini
2921 3928 3145 3985 visione
3174 3927 3468 3982 fruuntur.
3485 3921 3797 3979 Benedices

2136 4025 2321 4097 justo,
2355 4040 2428 4079 ne
2447 4023 2582 4094 quis
2612 4024 2777 4095 putet
2807 4015 3112 4092 premissa
3139 4013 3381 4089 praemia
3422 4011 3796 4086 gaudiorum,

2145 4113 2256 4170 sibi
2291 4111 2416 4169 suis
2445 4111 2674 4168 meritts
2704 4121 2834 4165 esse
2861 4107 3166 4174 attributa,
3198 4104 3297 4160 sed
3330 4118 3366 4159 a
3393 4099 3800 4159 benedictione

2144 4200 2378 4259 Domini
2413 4199 2536 4258 ﬁeri
2567 4197 2986 4271 accipienda.A
3011 4193 3433 4252 Gloriabuntur
3453 4190 3638 4264 igitur
3659 4191 3800 4243 tunc

2145 4289 2247 4364 qui
2277 4289 2374 4346 hic
2403 4287 2678 4362 diligunt,
2712 4283 2995 4358 quoniam
3035 4283 3107 4339 ad
3155 4280 3468 4336 fruendum
3499 4276 3802 4334 habebunt

2147 4380 2303 4453 quod
2336 4377 2611 4452 diligunt,
2643 4392 2772 4448 qua:
2802 4377 2895 4430 est
2941 4371 3252 4430 hereditas
3300 4373 3534 4435 aeterna,
3566 4367 3638 4422 de
3683 4381 3801 4438 qua

384 4465 536 4520 bran
566 4463 853 4520 habetur:
879 4462 1076 4536 Dirige
1103 4461 1162 4518 in
1186 4467 1501 4536 conspectu
1525 4481 1653 4521 meo
1673 4465 1826 4521 viam
1849 4469 2038 4537 tuam,
2069 4485 2114 4550 ι)
2146 4468 2413 4542 psalmus
2445 4463 2798 4523 intitulatur.

383 4553 538 4608 sicut
565 4551 625 4607 in
671 4551 934 4608 oratione
975 4551 1132 4608 enim
1181 4551 1488 4608 Dominica
1535 4570 1746 4610 nomen
1809 4555 2038 4611 Domini
2151 4558 2219 4614 15
2290 4557 2518 4614 Domine

383 4639 734 4697 sanctiﬁcari
767 4639 1003 4714 petitur,
1018 4657 1133 4696 non
1155 4657 1271 4714 quo
1294 4641 1463 4697 nobis
1483 4642 1788 4699 orantibus
1819 4644 2036 4700 sancti-

383 4729 590 4786 ﬁcetur
617 4729 771 4802 quod
803 4745 908 4803 per
936 4745 998 4785 se
1028 4734 1300 4786 sanctum
1331 4733 1440 4799 est,
1463 4731 1564 4787 sed
1596 4748 1712 4804 quo
1744 4737 2032 4804 petamus,

383 4824 449 4875 ut
479 4819 633 4892 quod
665 4833 770 4892 per
795 4821 1066 4875 naturam
1099 4818 1191 4874 sui
1241 4822 1514 4876 sanetum
1563 4825 1673 4886 est,
1705 4821 2036 4879 sanctiﬁca-

383 4912 482 4964 tur
511 4908 569 4964 in
620 4909 810 4964 nobis.
843 4907 989 4982 Ergo
1035 4911 1093 4964 et
1141 4925 1298 4964 nunc
1340 4908 1624 4982 prOpheta
1664 4911 1940 4984 postulat,
1973 4916 2038 4968 ut

384 4996 476 5052 via
505 4997 759 5068 Domini,
793 5014 922 5070 quae
953 5013 1056 5070 per
1081 5014 1143 5055 se
1183 5000 1341 5054 recta
1369 5002 1479 5067 est,
1493 4997 1668 5056 etiam
1718 4999 1831 5057 sibi
1881 5004 2038 5058 recta

388 5085 514 5140 ﬁat.

385 5173 458 5230 10
531 5173 803 5242 Quoniam
830 5189 942 5228 non
978 5178 1059 5230 est
1091 5177 1147 5230 in
1169 5191 1262 5232 ore
1289 5192 1477 5232 eorum
1508 5179 1711 5236 veritas
1723 5177 1755 5247 ;’

532 5261 638 5318 Cor
659 5278 850 5318 eorum
873 5277 1081 5318 vanum
1105 5271 1203 5320 est.

461 5349 506 5407 H
539 5350 580 5406 C
611 5350 784 5407 Recte
809 5350 968 5407 enim
1002 5351 1235 5423 dicitur,
1269 5370 1384 5410 non
1415 5371 1544 5413 esse
1574 5356 1633 5412 in
1664 5373 1761 5414 ore
1801 5357 2040 5432 ,heraati-

388 5457 591 5497 eorum
622 5439 926 5497 veritatem
957 5457 1085 5514 quae
1116 5441 1380 5500 Christus
1410 5440 1785 5518 est,quorum
1815 5464 1915 5504 cor
1945 5464 2041 5503 va-

393 5529 545 5586 nitas
577 5528 931 5606 possidebat,
965 5529 1104 5602 quia
1134 5548 1238 5589 nec
1268 5533 1327 5589 in
1359 5533 1532 5590 corde
1561 5537 1668 5602 est,
1701 5539 1758 5591 et
1806 5551 1918 5592 non
1947 5551 2040 5591 so-

2291 4647 2355 4704 Ut
2379 4651 2530 4702 scuto
2561 4643 2716 4702 bona;
2741 4639 3044 4699 voluntatis
3075 4646 3188 4695 tuae
3215 4635 3490 4694 coronasti
3515 4650 3624 4690 eos.

2215 4735 2257 4790 C
2282 4735 2547 4807 Protegat
2574 4748 2680 4789 nos
2721 4728 3006 4788 Dominus
3045 4731 3210 4784 scuto
3251 4727 3416 4782 bona:
3459 4719 3798 4789 voluntatis,

2144 4841 2278 4880 cum
2301 4840 2408 4881 nos
2429 4821 2641 4878 ditabit
2659 4817 3056 4877 ineﬁ‘abilibus
3079 4815 3512 4882 muneribus,et
3530 4811 3604 4868 ad
3621 4827 3802 4884 regna

2145 4916 2425 4988 perpetua
2453 4912 2524 4968 ad
2558 4908 2958 4968 coronandum
2991 4905 3290 4980 perducet.
3322 4905 3370 4960 A
3399 4903 3560 4959 Bona
3601 4900 3801 4972 itaque

2145 5003 2248 5061 Dei
2277 5001 2548 5059 voluntas
2575 5003 2634 5056 et
2657 4995 3062 5055 misericordia
3091 4995 3150 5050 in
3177 4991 3452 5068 praesenti
3493 4989 3664 5047 nobis
3710 4991 3802 5044 est

2149 5096 2216 5149 ut
2243 5095 2477 5149 scutum
2508 5089 2851 5164 protegens;
2883 5083 2943 5140 in
2983 5084 3201 5152 futuro,
3227 5085 3292 5138 ut
3313 5097 3549 5147 corona,
3581 5077 3624 5134 C
3651 5075 3804 5134 Dicit

2145 5197 2280 5238 vero
2326 5181 2518 5248 bonae,
2548 5194 2666 5233 non
2708 5176 2906 5249 justa,
2938 5170 3279 5244 voluntatis,
3307 5169 3628 5227 ostendens
3677 5165 3805 5222 sola

2149 5269 2248 5326 Dei
2279 5267 2563 5335 bonitate,
2595 5281 2712 5321 non
2745 5267 2950 5320 nostra
2971 5261 3225 5336 justitia,
3259 5276 3368 5316 nos
3398 5257 3630 5315 salvari.

2675 5367 2882 5410 ORATIO
2919 5369 2992 5408 EX
3029 5368 3186 5408 PSAL.
3217 5367 3274 5406 ν.

2221 5445 2319 5502 Pie
2372 5443 2639 5510 Domine,
2667 5442 2767 5516 qui
2817 5440 3000 5498 attriti
3051 5439 3245 5498 cordis
3275 5437 3586 5514 gemitum,
3615 5433 3807 5510 prius-

2150 5551 2331 5609 quam
2363 5533 2710 5609 proferatur,
2742 5529 3026 5604 intelligis
3057 5546 3069 5584 :
3103 5528 3266 5586 efﬁce
3295 5545 3424 5594 nos,
3461 5538 3804 5599 quaesumus
