  <div class='ocr_page' id='page_1' title='image "/cluster/home/n/w/nwhite01/storage/ocr_20150623/142/hvd.32044054760020/036.png"; bbox 0 0 4122 6184; ppageno 0'>
   <div class='ocr_carea' id='block_1_1' title="bbox 251 197 3825 276">
    <p class='ocr_par' dir='ltr' id='par_1_1' title="bbox 251 197 3825 276">
     <span class='ocr_line' id='line_1_1' title="bbox 251 197 3825 276; baseline -0.001 -2"><span class='ocrx_word' id='word_1_1' title='bbox 251 208 322 274; x_wconf 73' lang='grc'><em>61</em></span> <span class='ocrx_word' id='word_1_2' title='bbox 818 246 835 252; x_wconf 88' lang='lat'><strong><em>-</em></strong></span> <span class='ocrx_word' id='word_1_3' title='bbox 1501 206 1917 272; x_wconf 85' lang='lat' dir='ltr'><em>EXPOSITIO</em></span> <span class='ocrx_word' id='word_1_4' title='bbox 1961 207 2481 276; x_wconf 79' lang='lat' dir='ltr'><em>PSALMORUM.</em></span> <span class='ocrx_word' id='word_1_5' title='bbox 3635 207 3716 271; x_wconf 77' lang='lat'><em>62</em></span> <span class='ocrx_word' id='word_1_6' title='bbox 3819 197 3825 207; x_wconf 79' lang='grc'><em>’</em></span> 
     </span>
    </p>
   </div>
   <div class='ocr_carea' id='block_1_2' title="bbox 253 308 3647 419">
    <p class='ocr_par' dir='ltr' id='par_1_2' title="bbox 253 308 3647 419">
     <span class='ocr_line' id='line_1_2' title="bbox 253 308 3647 419; baseline 0.001 -19"><span class='ocrx_word' id='word_1_7' title='bbox 253 341 541 418; x_wconf 79' lang='lat' dir='ltr'><em>templum</em></span> <span class='ocrx_word' id='word_1_8' title='bbox 574 338 887 414; x_wconf 81' lang='lat' dir='ltr'><em>paraclyti,</em></span> <span class='ocrx_word' id='word_1_9' title='bbox 912 342 977 396; x_wconf 93' lang='lat' dir='ltr'><em>ut</em></span> <span class='ocrx_word' id='word_1_10' title='bbox 1006 308 1347 397; x_wconf 80' lang='lat' dir='ltr'><em>mereamur</em></span> <span class='ocrx_word' id='word_1_11' title='bbox 1368 343 1536 398; x_wconf 90' lang='lat' dir='ltr'><em>scuto</em></span> <span class='ocrx_word' id='word_1_12' title='bbox 1566 339 1816 398; x_wconf 80' lang='lat' dir='ltr'><em>caelestis</em></span> <span class='ocrx_word' id='word_1_13' title='bbox 1833 340 1930 397; x_wconf 85' lang='lat' dir='ltr'><em>be-</em></span> <span class='ocrx_word' id='word_1_14' title='bbox 1958 342 2012 411; x_wconf 86' lang='grc' dir='ltr'><strong>Α</strong></span> <span class='ocrx_word' id='word_1_15' title='bbox 2079 342 2111 396; x_wconf 79' lang='grc'>4</span> <span class='ocrx_word' id='word_1_16' title='bbox 2189 342 2535 412; x_wconf 83' lang='lat' dir='ltr'><em>Convertere,</em></span> <span class='ocrx_word' id='word_1_17' title='bbox 2562 342 2811 410; x_wconf 80' lang='lat' dir='ltr'><em>Domine,</em></span> <span class='ocrx_word' id='word_1_18' title='bbox 2843 350 2895 401; x_wconf 88' lang='lat' dir='ltr'><em>et</em></span> <span class='ocrx_word' id='word_1_19' title='bbox 2922 345 3077 419; x_wconf 88' lang='lat' dir='ltr'><em>eripe</em></span> <span class='ocrx_word' id='word_1_20' title='bbox 3106 344 3358 402; x_wconf 87' lang='lat' dir='ltr'><em>animam</em></span> <span class='ocrx_word' id='word_1_21' title='bbox 3385 359 3594 413; x_wconf 84' lang='lat' dir='ltr'><em>meam;</em></span> <span class='ocrx_word' id='word_1_22' title='bbox 3632 376 3647 383; x_wconf 65' lang='grc' dir='ltr'>ι</span> 
     </span>
    </p>
   </div>
   <div class='ocr_carea' id='block_1_3' title="bbox 256 428 1925 498">
    <p class='ocr_par' dir='ltr' id='par_1_3' title="bbox 256 428 1925 498">
     <span class='ocr_line' id='line_1_3' title="bbox 256 428 1925 498; baseline -0.004 -7"><span class='ocrx_word' id='word_1_23' title='bbox 256 432 597 491; x_wconf 67' lang='grc' dir='ltr'><em>ηενοιειιιὶω</em></span> <span class='ocrx_word' id='word_1_24' title='bbox 638 430 935 488; x_wconf 92' lang='lat' dir='ltr'><em>coronari.</em></span> <span class='ocrx_word' id='word_1_25' title='bbox 971 430 1077 487; x_wconf 87' lang='lat' dir='ltr'><em>Per</em></span> <span class='ocrx_word' id='word_1_26' title='bbox 1124 428 1454 487; x_wconf 90' lang='lat' dir='ltr'><em>Dominum</em></span> <span class='ocrx_word' id='word_1_27' title='bbox 1504 435 1789 498; x_wconf 91' lang='lat' dir='ltr'><em>nostrum,</em></span> <span class='ocrx_word' id='word_1_28' title='bbox 1818 433 1925 485; x_wconf 97' lang='lat' dir='ltr'><em>etc.</em></span> 
     </span>
    </p>
   </div>
   <div class='ocr_carea' id='block_1_4' title="bbox 867 572 1341 630">
    <p class='ocr_par' dir='ltr' id='par_1_4' title="bbox 867 572 1341 630">
     <span class='ocr_line' id='line_1_4' title="bbox 867 572 1341 630; baseline -0.006 0"><span class='ocrx_word' id='word_1_29' title='bbox 867 572 1197 630; x_wconf 78' lang='lat' dir='ltr'><em>PSALMUS</em></span> <span class='ocrx_word' id='word_1_30' title='bbox 1239 573 1341 627; x_wconf 84' lang='lat' dir='ltr'><em>Vl.</em></span> 
     </span>
    </p>
   </div>
   <div class='ocr_carea' id='block_1_5' title="bbox 728 679 1472 721">
    <p class='ocr_par' dir='ltr' id='par_1_5' title="bbox 728 679 1472 721">
     <span class='ocr_line' id='line_1_5' title="bbox 728 679 1472 721; baseline -0.004 0"><span class='ocrx_word' id='word_1_31' title='bbox 728 679 1140 721; x_wconf 72' lang='lat' dir='ltr'><em>ABGUMENTUM</em></span> <span class='ocrx_word' id='word_1_32' title='bbox 1182 679 1350 718; x_wconf 81' lang='lat' dir='ltr'><em>PSAL.</em></span> <span class='ocrx_word' id='word_1_33' title='bbox 1394 681 1450 719; x_wconf 84' lang='lat' dir='ltr'><em>VI</em></span> <span class='ocrx_word' id='word_1_34' title='bbox 1460 706 1472 718; x_wconf 90' lang='lat'><em>.</em></span> 
     </span>
    </p>
   </div>
   <div class='ocr_carea' id='block_1_6' title="bbox 326 787 1926 860">
    <p class='ocr_par' dir='ltr' id='par_1_6' title="bbox 326 787 1926 860">
     <span class='ocr_line' id='line_1_6' title="bbox 326 787 1926 860; baseline -0.003 -12"><span class='ocrx_word' id='word_1_35' title='bbox 326 792 388 848; x_wconf 91' lang='grc' dir='ltr'><em>Β.</em></span> <span class='ocrx_word' id='word_1_36' title='bbox 424 789 658 848; x_wconf 78' lang='lat' dir='ltr'><em>Fideles</em></span> <span class='ocrx_word' id='word_1_37' title='bbox 700 795 895 858; x_wconf 89' lang='lat' dir='ltr'><em>orant,</em></span> <span class='ocrx_word' id='word_1_38' title='bbox 928 787 1282 846; x_wconf 70' lang='lat' dir='ltr'><em>benevolum</em></span> <span class='ocrx_word' id='word_1_39' title='bbox 1331 789 1445 845; x_wconf 88' lang='lat' dir='ltr'><em>sibi</em></span> <span class='ocrx_word' id='word_1_40' title='bbox 1477 789 1738 860; x_wconf 86' lang='lat' dir='ltr'><em>judicem</em></span> <span class='ocrx_word' id='word_1_41' title='bbox 1783 787 1926 856; x_wconf 80' lang='lat' dir='ltr'><em>ﬁeri,</em></span> 
     </span>
    </p>
   </div>
   <div class='ocr_carea' id='block_1_7' title="bbox 258 877 1928 953">
    <p class='ocr_par' dir='ltr' id='par_1_7' title="bbox 258 877 1928 953">
     <span class='ocr_line' id='line_1_7' title="bbox 258 877 1928 953; baseline -0.002 -16"><span class='ocrx_word' id='word_1_42' title='bbox 258 897 554 937; x_wconf 70' lang='lat' dir='ltr'><em>aerumnas</em></span> <span class='ocrx_word' id='word_1_43' title='bbox 584 880 861 953; x_wconf 89' lang='lat' dir='ltr'><em>proprias</em></span> <span class='ocrx_word' id='word_1_44' title='bbox 889 878 1108 952; x_wconf 86' lang='lat' dir='ltr'><em>quibus</em></span> <span class='ocrx_word' id='word_1_45' title='bbox 1138 877 1348 934; x_wconf 74' lang='lat' dir='ltr'><em>afflicti</em></span> <span class='ocrx_word' id='word_1_46' title='bbox 1384 878 1776 953; x_wconf 90' lang='lat' dir='ltr'><em>ingemiscunt</em></span> <span class='ocrx_word' id='word_1_47' title='bbox 1797 894 1928 934; x_wconf 88' lang='lat' dir='ltr'><em>nar-</em></span> 
     </span>
    </p>
   </div>
   <div class='ocr_carea' id='block_1_8' title="bbox 259 968 1927 1043">
    <p class='ocr_par' dir='ltr' id='par_1_8' title="bbox 259 968 1927 1043">
     <span class='ocr_line' id='line_1_8' title="bbox 259 968 1927 1043; baseline -0.002 -17"><span class='ocrx_word' id='word_1_48' title='bbox 259 975 475 1038; x_wconf 79' lang='lat' dir='ltr'><em>rantes,</em></span> <span class='ocrx_word' id='word_1_49' title='bbox 511 986 698 1041; x_wconf 84' lang='lat' dir='ltr'><em>seque</em></span> <span class='ocrx_word' id='word_1_50' title='bbox 729 987 763 1024; x_wconf 89' lang='lat' dir='ltr'><em>a</em></span> <span class='ocrx_word' id='word_1_51' title='bbox 793 974 1169 1041; x_wconf 86' lang='lat' dir='ltr'><em>peccatorum</em></span> <span class='ocrx_word' id='word_1_52' title='bbox 1203 968 1503 1023; x_wconf 90' lang='lat' dir='ltr'><em>consortio</em></span> <span class='ocrx_word' id='word_1_53' title='bbox 1542 973 1927 1043; x_wconf 86' lang='lat' dir='ltr'><em>segregantes,</em></span> 
     </span>
    </p>
   </div>
   <div class='ocr_carea' id='block_1_9' title="bbox 258 1056 1752 1131">
    <p class='ocr_par' dir='ltr' id='par_1_9' title="bbox 258 1056 1752 1131">
     <span class='ocr_line' id='line_1_9' title="bbox 258 1056 1752 1131; baseline -0.001 -17"><span class='ocrx_word' id='word_1_54' title='bbox 258 1058 482 1114; x_wconf 88' lang='lat' dir='ltr'><em>nullam</em></span> <span class='ocrx_word' id='word_1_55' title='bbox 517 1075 655 1114; x_wconf 90' lang='lat' dir='ltr'><em>cum</em></span> <span class='ocrx_word' id='word_1_56' title='bbox 688 1058 839 1131; x_wconf 84' lang='lat' dir='ltr'><em>ipsis</em></span> <span class='ocrx_word' id='word_1_57' title='bbox 873 1056 1088 1115; x_wconf 88' lang='lat' dir='ltr'><em>habere</em></span> <span class='ocrx_word' id='word_1_58' title='bbox 1115 1056 1371 1128; x_wconf 89' lang='lat' dir='ltr'><em>cupiunt</em></span> <span class='ocrx_word' id='word_1_59' title='bbox 1403 1058 1752 1128; x_wconf 90' lang='lat' dir='ltr'><em>portionem.</em></span> 
     </span>
    </p>
   </div>
   <div class='ocr_carea' id='block_1_10' title="bbox 291 1146 1625 1218">
    <p class='ocr_par' dir='ltr' id='par_1_10' title="bbox 291 1146 1625 1218">
     <span class='ocr_line' id='line_1_10' title="bbox 291 1146 1625 1218; baseline -0.001 -15"><span class='ocrx_word' id='word_1_60' title='bbox 291 1149 406 1203; x_wconf 88' lang='lat' dir='ltr'><em>TT.</em></span> <span class='ocrx_word' id='word_1_61' title='bbox 440 1148 505 1202; x_wconf 85' lang='grc' dir='ltr'><em>1η</em></span> <span class='ocrx_word' id='word_1_62' title='bbox 535 1149 704 1217; x_wconf 78' lang='lat' dir='ltr'><em>linem</em></span> <span class='ocrx_word' id='word_1_63' title='bbox 735 1148 797 1200; x_wconf 86' lang='lat' dir='ltr'><em>in</em></span> <span class='ocrx_word' id='word_1_64' title='bbox 829 1146 1056 1218; x_wconf 79' lang='lat' dir='ltr'><em>hymnis</em></span> <span class='ocrx_word' id='word_1_65' title='bbox 1080 1162 1182 1218; x_wconf 86' lang='lat' dir='ltr'><em>pro</em></span> <span class='ocrx_word' id='word_1_66' title='bbox 1213 1152 1403 1203; x_wconf 85' lang='lat' dir='ltr'><em>octava</em></span> <span class='ocrx_word' id='word_1_67' title='bbox 1435 1147 1625 1202; x_wconf 85' lang='lat' dir='ltr'><em>David.</em></span> 
     </span>
    </p>
   </div>
   <div class='ocr_carea' id='block_1_11' title="bbox 326 1234 1933 1306">
    <p class='ocr_par' dir='ltr' id='par_1_11' title="bbox 326 1234 1933 1306">
     <span class='ocr_line' id='line_1_11' title="bbox 326 1234 1933 1306; baseline -0.001 -15"><span class='ocrx_word' id='word_1_68' title='bbox 326 1241 367 1291; x_wconf 90' lang='lat' dir='ltr'><strong><em>C</em></strong></span> <span class='ocrx_word' id='word_1_69' title='bbox 398 1242 467 1291; x_wconf 88' lang='lat' dir='ltr'><em>In</em></span> <span class='ocrx_word' id='word_1_70' title='bbox 499 1237 824 1306; x_wconf 84' lang='lat' dir='ltr'><em>ﬁnemjam</em></span> <span class='ocrx_word' id='word_1_71' title='bbox 860 1240 1065 1291; x_wconf 90' lang='lat' dir='ltr'><em>notum</em></span> <span class='ocrx_word' id='word_1_72' title='bbox 1095 1238 1205 1291; x_wconf 90' lang='lat' dir='ltr'><em>est.</em></span> <span class='ocrx_word' id='word_1_73' title='bbox 1228 1234 1496 1305; x_wconf 87' lang='lat' dir='ltr'><em>Hymnus</em></span> <span class='ocrx_word' id='word_1_74' title='bbox 1527 1241 1616 1291; x_wconf 91' lang='lat' dir='ltr'><em>est</em></span> <span class='ocrx_word' id='word_1_75' title='bbox 1637 1235 1765 1291; x_wconf 88' lang='lat' dir='ltr'><em>laus</em></span> <span class='ocrx_word' id='word_1_76' title='bbox 1782 1235 1933 1292; x_wconf 91' lang='lat' dir='ltr'><em>Divi-</em></span> 
     </span>
    </p>
   </div>
   <div class='ocr_carea' id='block_1_12' title="bbox 260 1322 1929 1396">
    <p class='ocr_par' dir='ltr' id='par_1_12' title="bbox 260 1322 1929 1396">
     <span class='ocr_line' id='line_1_12' title="bbox 260 1322 1929 1396; baseline 0 -16"><span class='ocrx_word' id='word_1_77' title='bbox 260 1325 484 1389; x_wconf 84' lang='lat' dir='ltr'><em>nitatis,</em></span> <span class='ocrx_word' id='word_1_78' title='bbox 526 1324 697 1380; x_wconf 88' lang='lat' dir='ltr'><em>metri</em></span> <span class='ocrx_word' id='word_1_79' title='bbox 746 1322 1005 1393; x_wconf 84' lang='lat' dir='ltr'><em>alicujus</em></span> <span class='ocrx_word' id='word_1_80' title='bbox 1048 1322 1174 1393; x_wconf 81' lang='lat' dir='ltr'><em>lege</em></span> <span class='ocrx_word' id='word_1_81' title='bbox 1222 1323 1566 1393; x_wconf 88' lang='lat' dir='ltr'><em>composita.</em></span> <span class='ocrx_word' id='word_1_82' title='bbox 1626 1324 1929 1396; x_wconf 84' lang='lat' dir='ltr'><em>Siquidem</em></span> 
     </span>
    </p>
   </div>
   <div class='ocr_carea' id='block_1_13' title="bbox 258 1410 1929 1487">
    <p class='ocr_par' dir='ltr' id='par_1_13' title="bbox 258 1410 1929 1487">
     <span class='ocr_line' id='line_1_13' title="bbox 258 1410 1929 1487; baseline -0.001 -18"><span class='ocrx_word' id='word_1_83' title='bbox 258 1414 518 1487; x_wconf 80' lang='lat' dir='ltr'><em>hymnus</em></span> <span class='ocrx_word' id='word_1_84' title='bbox 540 1412 774 1484; x_wconf 77' lang='lat' dir='ltr'><em>proprie</em></span> <span class='ocrx_word' id='word_1_85' title='bbox 797 1411 1098 1467; x_wconf 79' lang='lat' dir='ltr'><em>canticum</em></span> <span class='ocrx_word' id='word_1_86' title='bbox 1120 1410 1312 1466; x_wconf 85' lang='lat' dir='ltr'><em>laudis</em></span> <span class='ocrx_word' id='word_1_87' title='bbox 1332 1415 1566 1478; x_wconf 89' lang='lat' dir='ltr'><em>est,non</em></span> <span class='ocrx_word' id='word_1_88' title='bbox 1589 1414 1929 1485; x_wconf 84' lang='lat' dir='ltr'><em>cujuslibet,</em></span> 
     </span>
    </p>
   </div>
   <div class='ocr_carea' id='block_1_14' title="bbox 259 1498 1936 1573">
    <p class='ocr_par' dir='ltr' id='par_1_14' title="bbox 259 1498 1936 1573">
     <span class='ocr_line' id='line_1_14' title="bbox 259 1498 1936 1573; baseline -0.002 -14"><span class='ocrx_word' id='word_1_89' title='bbox 259 1502 360 1559; x_wconf 82' lang='lat' dir='ltr'><em>sed</em></span> <span class='ocrx_word' id='word_1_90' title='bbox 394 1502 499 1558; x_wconf 88' lang='lat' dir='ltr'><em>Dei</em></span> <span class='ocrx_word' id='word_1_91' title='bbox 535 1517 548 1555; x_wconf 90' lang='lat'><strong>:</strong></span> <span class='ocrx_word' id='word_1_92' title='bbox 582 1517 840 1573; x_wconf 90' lang='lat' dir='ltr'><em>quorum</em></span> <span class='ocrx_word' id='word_1_93' title='bbox 875 1498 1180 1571; x_wconf 84' lang='lat' dir='ltr'><em>quodlibet</em></span> <span class='ocrx_word' id='word_1_94' title='bbox 1199 1499 1504 1567; x_wconf 89' lang='lat' dir='ltr'><em>deest,non</em></span> <span class='ocrx_word' id='word_1_95' title='bbox 1526 1500 1749 1556; x_wconf 90' lang='lat' dir='ltr'><em>dicitur</em></span> <span class='ocrx_word' id='word_1_96' title='bbox 1768 1501 1936 1573; x_wconf 82' lang='lat' dir='ltr'><em>hym-</em></span> 
     </span>
    </p>
   </div>
   <div class='ocr_carea' id='block_1_15' title="bbox 260 1587 1935 1655">
    <p class='ocr_par' dir='ltr' id='par_1_15' title="bbox 260 1587 1935 1655">
     <span class='ocr_line' id='line_1_15' title="bbox 260 1587 1935 1655; baseline -0.002 -8"><span class='ocrx_word' id='word_1_97' title='bbox 260 1608 392 1648; x_wconf 88' lang='lat' dir='ltr'><em>nus.</em></span> <span class='ocrx_word' id='word_1_98' title='bbox 426 1590 557 1645; x_wconf 85' lang='lat' dir='ltr'><em>Sive</em></span> <span class='ocrx_word' id='word_1_99' title='bbox 587 1589 746 1644; x_wconf 90' lang='lat' dir='ltr'><em>enim</em></span> <span class='ocrx_word' id='word_1_100' title='bbox 781 1605 899 1643; x_wconf 89' lang='lat' dir='ltr'><em>non</em></span> <span class='ocrx_word' id='word_1_101' title='bbox 924 1592 1188 1655; x_wconf 89' lang='lat' dir='ltr'><em>canatur,</em></span> <span class='ocrx_word' id='word_1_102' title='bbox 1220 1587 1337 1643; x_wconf 85' lang='lat' dir='ltr'><em>sive</em></span> <span class='ocrx_word' id='word_1_103' title='bbox 1362 1594 1613 1645; x_wconf 89' lang='lat' dir='ltr'><em>canatur</em></span> <span class='ocrx_word' id='word_1_104' title='bbox 1641 1593 1701 1645; x_wconf 92' lang='lat' dir='ltr'><em>et</em></span> <span class='ocrx_word' id='word_1_105' title='bbox 1730 1607 1848 1646; x_wconf 90' lang='lat' dir='ltr'><em>non</em></span> <span class='ocrx_word' id='word_1_106' title='bbox 1874 1590 1935 1644; x_wconf 89' lang='lat' dir='ltr'><em>in</em></span> 
     </span>
    </p>
   </div>
   <div class='ocr_carea' id='block_1_16' title="bbox 260 1674 1937 1745">
    <p class='ocr_par' dir='ltr' id='par_1_16' title="bbox 260 1674 1937 1745">
     <span class='ocr_line' id='line_1_16' title="bbox 260 1674 1937 1745; baseline -0.002 -9"><span class='ocrx_word' id='word_1_107' title='bbox 260 1678 654 1745; x_wconf 88' lang='lat' dir='ltr'><em>laudem,sive</em></span> <span class='ocrx_word' id='word_1_108' title='bbox 684 1677 871 1733; x_wconf 91' lang='lat' dir='ltr'><em>etiam</em></span> <span class='ocrx_word' id='word_1_109' title='bbox 901 1676 962 1732; x_wconf 91' lang='lat' dir='ltr'><em>in</em></span> <span class='ocrx_word' id='word_1_110' title='bbox 996 1677 1228 1732; x_wconf 87' lang='lat' dir='ltr'><em>laudem</em></span> <span class='ocrx_word' id='word_1_111' title='bbox 1257 1677 1356 1732; x_wconf 89' lang='lat' dir='ltr'><em>sed</em></span> <span class='ocrx_word' id='word_1_112' title='bbox 1390 1689 1506 1733; x_wconf 84' lang='lat' dir='ltr'><em>non</em></span> <span class='ocrx_word' id='word_1_113' title='bbox 1536 1678 1633 1734; x_wconf 90' lang='lat' dir='ltr'><em>Dei</em></span> <span class='ocrx_word' id='word_1_114' title='bbox 1659 1674 1937 1745; x_wconf 82' lang='lat' dir='ltr'><em>canatur,</em></span> 
     </span>
    </p>
   </div>
   <div class='ocr_carea' id='block_1_17' title="bbox 260 1766 1943 1843">
    <p class='ocr_par' dir='ltr' id='par_1_17' title="bbox 260 1766 1943 1843">
     <span class='ocr_line' id='line_1_17' title="bbox 260 1766 1943 1843; baseline -0.003 -17"><span class='ocrx_word' id='word_1_115' title='bbox 260 1769 515 1843; x_wconf 77' lang='lat' dir='ltr'><em>hymnus</em></span> <span class='ocrx_word' id='word_1_116' title='bbox 534 1766 650 1823; x_wconf 90' lang='lat' dir='ltr'><em>dici</em></span> <span class='ocrx_word' id='word_1_117' title='bbox 675 1784 797 1823; x_wconf 93' lang='lat' dir='ltr'><em>non</em></span> <span class='ocrx_word' id='word_1_118' title='bbox 832 1770 1109 1822; x_wconf 88' lang='lat' dir='ltr'><em>meretur.</em></span> <span class='ocrx_word' id='word_1_119' title='bbox 1126 1766 1228 1822; x_wconf 91' lang='lat' dir='ltr'><em>Pro</em></span> <span class='ocrx_word' id='word_1_120' title='bbox 1248 1772 1451 1823; x_wconf 88' lang='lat' dir='ltr'><em>octava</em></span> <span class='ocrx_word' id='word_1_121' title='bbox 1469 1784 1605 1824; x_wconf 90' lang='lat' dir='ltr'><em>vero</em></span> <span class='ocrx_word' id='word_1_122' title='bbox 1629 1767 1943 1840; x_wconf 88' lang='lat' dir='ltr'><em>signiﬁcat</em></span> 
     </span>
    </p>
   </div>
   <div class='ocr_carea' id='block_1_18' title="bbox 262 1854 1939 1928">
    <p class='ocr_par' dir='ltr' id='par_1_18' title="bbox 262 1854 1939 1928">
     <span class='ocr_line' id='line_1_18' title="bbox 262 1854 1939 1928; baseline -0.004 -12"><span class='ocrx_word' id='word_1_123' title='bbox 262 1859 569 1916; x_wconf 79' lang='lat' dir='ltr'><em>adventum</em></span> <span class='ocrx_word' id='word_1_124' title='bbox 587 1854 831 1912; x_wconf 87' lang='lat' dir='ltr'><em>Domini</em></span> <span class='ocrx_word' id='word_1_125' title='bbox 842 1854 1102 1928; x_wconf 89' lang='lat' dir='ltr'><em>,quando</em></span> <span class='ocrx_word' id='word_1_126' title='bbox 1122 1854 1281 1911; x_wconf 87' lang='lat' dir='ltr'><em>ﬁnita</em></span> <span class='ocrx_word' id='word_1_127' title='bbox 1294 1854 1668 1912; x_wconf 84' lang='lat' dir='ltr'><em>hebdomade</em></span> <span class='ocrx_word' id='word_1_128' title='bbox 1691 1856 1939 1911; x_wconf 67' lang='lat' dir='ltr'><em>saeculi:</em></span> 
     </span>
    </p>
   </div>
   <div class='ocr_carea' id='block_1_19' title="bbox 265 1943 1948 2019">
    <p class='ocr_par' dir='ltr' id='par_1_19' title="bbox 265 1943 1948 2019">
     <span class='ocr_line' id='line_1_19' title="bbox 265 1943 1948 2019; baseline -0.001 -16"><span class='ocrx_word' id='word_1_129' title='bbox 265 1948 335 2003; x_wconf 83' lang='lat' dir='ltr'><em>ad</em></span> <span class='ocrx_word' id='word_1_130' title='bbox 355 1946 755 2019; x_wconf 85' lang='lat' dir='ltr'><em>judicandum</em></span> <span class='ocrx_word' id='word_1_131' title='bbox 789 1944 1011 2000; x_wconf 83' lang='lat' dir='ltr'><em>venerit</em></span> <span class='ocrx_word' id='word_1_132' title='bbox 1041 1945 1344 2013; x_wconf 89' lang='lat' dir='ltr'><em>mundum,</em></span> <span class='ocrx_word' id='word_1_133' title='bbox 1380 1946 1538 2001; x_wconf 91' lang='lat' dir='ltr'><em>unde</em></span> <span class='ocrx_word' id='word_1_134' title='bbox 1561 1950 1620 2001; x_wconf 92' lang='lat' dir='ltr'><em>et</em></span> <span class='ocrx_word' id='word_1_135' title='bbox 1656 1943 1948 2017; x_wconf 87' lang='lat' dir='ltr'><em>psalmus</em></span> 
     </span>
    </p>
   </div>
   <div class='ocr_carea' id='block_1_20' title="bbox 267 2022 1948 2094">
    <p class='ocr_par' dir='ltr' id='par_1_20' title="bbox 267 2022 1948 2094">
     <span class='ocr_line' id='line_1_20' title="bbox 267 2022 1948 2094; baseline -0.001 -2"><span class='ocrx_word' id='word_1_136' title='bbox 267 2038 370 2094; x_wconf 86' lang='lat' dir='ltr'><em>iste</em></span> <span class='ocrx_word' id='word_1_137' title='bbox 395 2052 523 2092; x_wconf 91' lang='lat' dir='ltr'><em>cum</em></span> <span class='ocrx_word' id='word_1_138' title='bbox 556 2039 823 2090; x_wconf 81' lang='lat' dir='ltr'><em>tremore</em></span> <span class='ocrx_word' id='word_1_139' title='bbox 852 2032 1107 2089; x_wconf 88' lang='lat' dir='ltr'><em>maximo</em></span> <span class='ocrx_word' id='word_1_140' title='bbox 1136 2032 1265 2091; x_wconf 89' lang='lat' dir='ltr'><em>fecit</em></span> <span class='ocrx_word' id='word_1_141' title='bbox 1285 2022 1525 2091; x_wconf 82' lang='lat' dir='ltr'><em>initium</em></span> <span class='ocrx_word' id='word_1_142' title='bbox 1544 2034 1744 2089; x_wconf 81' lang='lat' dir='ltr'><em>dicens</em></span> <span class='ocrx_word' id='word_1_143' title='bbox 1769 2050 1784 2089; x_wconf 90' lang='lat'>:</span> <span class='ocrx_word' id='word_1_144' title='bbox 1824 2038 1948 2091; x_wconf 83' lang='lat' dir='ltr'><em>Do-</em></span> 
     </span>
    </p>
   </div>
   <div class='ocr_carea' id='block_1_21' title="bbox 265 2122 1946 2196">
    <p class='ocr_par' dir='ltr' id='par_1_21' title="bbox 265 2122 1946 2196">
     <span class='ocr_line' id='line_1_21' title="bbox 265 2122 1946 2196; baseline -0.001 -13"><span class='ocrx_word' id='word_1_145' title='bbox 265 2127 429 2195; x_wconf 86' lang='lat' dir='ltr'><em>mine,</em></span> <span class='ocrx_word' id='word_1_146' title='bbox 452 2143 524 2182; x_wconf 91' lang='lat' dir='ltr'><em>ne</em></span> <span class='ocrx_word' id='word_1_147' title='bbox 554 2123 618 2180; x_wconf 90' lang='lat' dir='ltr'><em>in</em></span> <span class='ocrx_word' id='word_1_148' title='bbox 650 2124 749 2180; x_wconf 89' lang='lat' dir='ltr'><em>ira</em></span> <span class='ocrx_word' id='word_1_149' title='bbox 776 2128 883 2179; x_wconf 88' lang='lat' dir='ltr'><em>tua</em></span> <span class='ocrx_word' id='word_1_150' title='bbox 910 2138 1122 2196; x_wconf 84' lang='lat' dir='ltr'><em>arguas</em></span> <span class='ocrx_word' id='word_1_151' title='bbox 1151 2140 1261 2194; x_wconf 88' lang='lat' dir='ltr'><em>me,</em></span> <span class='ocrx_word' id='word_1_152' title='bbox 1297 2140 1497 2196; x_wconf 89' lang='lat' dir='ltr'><em>neque</em></span> <span class='ocrx_word' id='word_1_153' title='bbox 1526 2122 1585 2177; x_wconf 91' lang='lat' dir='ltr'><em>in</em></span> <span class='ocrx_word' id='word_1_154' title='bbox 1614 2122 1816 2179; x_wconf 85' lang='lat' dir='ltr'><em>furore</em></span> <span class='ocrx_word' id='word_1_155' title='bbox 1837 2129 1946 2182; x_wconf 91' lang='lat' dir='ltr'><em>tuo</em></span> 
     </span>
    </p>
   </div>
   <div class='ocr_carea' id='block_1_22' title="bbox 265 2215 684 2288">
    <p class='ocr_par' dir='ltr' id='par_1_22' title="bbox 265 2215 684 2288">
     <span class='ocr_line' id='line_1_22' title="bbox 265 2215 684 2288; baseline -0.007 -16"><span class='ocrx_word' id='word_1_156' title='bbox 265 2215 529 2288; x_wconf 86' lang='lat' dir='ltr'><em>corripias</em></span> <span class='ocrx_word' id='word_1_157' title='bbox 563 2230 684 2269; x_wconf 90' lang='lat' dir='ltr'><em>me.</em></span> 
     </span>
    </p>
   </div>
   <div class='ocr_carea' id='block_1_23' title="bbox 295 2303 1577 2373">
    <p class='ocr_par' dir='ltr' id='par_1_23' title="bbox 295 2303 1577 2373">
     <span class='ocr_line' id='line_1_23' title="bbox 295 2303 1577 2373; baseline -0.003 -12"><span class='ocrx_word' id='word_1_158' title='bbox 295 2305 319 2361; x_wconf 75' lang='lat' dir='ltr'><em>l</em></span> <span class='ocrx_word' id='word_1_159' title='bbox 392 2305 645 2369; x_wconf 82' lang='lat' dir='ltr'><em>Domine,</em></span> <span class='ocrx_word' id='word_1_160' title='bbox 679 2319 756 2359; x_wconf 86' lang='lat' dir='ltr'><em>ne</em></span> <span class='ocrx_word' id='word_1_161' title='bbox 788 2304 847 2358; x_wconf 90' lang='lat' dir='ltr'><em>in</em></span> <span class='ocrx_word' id='word_1_162' title='bbox 878 2303 1067 2373; x_wconf 80' lang='lat' dir='ltr'><em>furore</em></span> <span class='ocrx_word' id='word_1_163' title='bbox 1097 2307 1182 2357; x_wconf 83' lang='lat' dir='ltr'><em>tuo</em></span> <span class='ocrx_word' id='word_1_164' title='bbox 1212 2319 1427 2373; x_wconf 78' lang='lat' dir='ltr'><em>arguas</em></span> <span class='ocrx_word' id='word_1_165' title='bbox 1458 2318 1577 2371; x_wconf 88' lang='lat' dir='ltr'><em>me;</em></span> 
     </span>
    </p>
   </div>
   <div class='ocr_carea' id='block_1_24' title="bbox 400 2392 1361 2466">
    <p class='ocr_par' dir='ltr' id='par_1_24' title="bbox 400 2392 1361 2466">
     <span class='ocr_line' id='line_1_24' title="bbox 400 2392 1361 2466; baseline -0.001 -17"><span class='ocrx_word' id='word_1_166' title='bbox 400 2398 583 2466; x_wconf 79' lang='lat' dir='ltr'><em>Neque</em></span> <span class='ocrx_word' id='word_1_167' title='bbox 615 2394 677 2448; x_wconf 88' lang='lat' dir='ltr'><em>in</em></span> <span class='ocrx_word' id='word_1_168' title='bbox 712 2394 807 2447; x_wconf 82' lang='lat' dir='ltr'><em>ira</em></span> <span class='ocrx_word' id='word_1_169' title='bbox 840 2396 935 2447; x_wconf 88' lang='lat' dir='ltr'><em>tua</em></span> <span class='ocrx_word' id='word_1_170' title='bbox 963 2392 1226 2463; x_wconf 81' lang='lat' dir='ltr'><em>corripias</em></span> <span class='ocrx_word' id='word_1_171' title='bbox 1253 2407 1361 2448; x_wconf 88' lang='lat' dir='ltr'><em>me.</em></span> 
     </span>
    </p>
   </div>
   <div class='ocr_carea' id='block_1_25' title="bbox 335 2480 1943 2554">
    <p class='ocr_par' dir='ltr' id='par_1_25' title="bbox 335 2480 1943 2554">
     <span class='ocr_line' id='line_1_25' title="bbox 335 2480 1943 2554; baseline -0.001 -14"><span class='ocrx_word' id='word_1_172' title='bbox 335 2482 375 2540; x_wconf 88' lang='lat' dir='ltr'><strong>C</strong></span> <span class='ocrx_word' id='word_1_173' title='bbox 403 2483 518 2539; x_wconf 87' lang='lat' dir='ltr'><em>Iste</em></span> <span class='ocrx_word' id='word_1_174' title='bbox 538 2481 825 2538; x_wconf 89' lang='lat' dir='ltr'><em>Psalmus</em></span> <span class='ocrx_word' id='word_1_175' title='bbox 860 2480 1089 2553; x_wconf 90' lang='lat' dir='ltr'><em>primus</em></span> <span class='ocrx_word' id='word_1_176' title='bbox 1111 2485 1199 2537; x_wconf 89' lang='lat' dir='ltr'><em>est</em></span> <span class='ocrx_word' id='word_1_177' title='bbox 1243 2480 1625 2554; x_wconf 87' lang='lat' dir='ltr'><em>psalmorum</em></span> <span class='ocrx_word' id='word_1_178' title='bbox 1658 2480 1943 2552; x_wconf 55' lang='lat' dir='ltr'><em>paeniten-</em></span> 
     </span>
    </p>
   </div>
   <div class='ocr_carea' id='block_1_26' title="bbox 271 2571 1943 2645">
    <p class='ocr_par' dir='ltr' id='par_1_26' title="bbox 271 2571 1943 2645">
     <span class='ocr_line' id='line_1_26' title="bbox 271 2571 1943 2645; baseline -0.001 -18"><span class='ocrx_word' id='word_1_179' title='bbox 271 2573 381 2629; x_wconf 69' lang='lat' dir='ltr'><em>tiae.</em></span> <span class='ocrx_word' id='word_1_180' title='bbox 414 2573 696 2645; x_wconf 83' lang='lat' dir='ltr'><em>Sequitur</em></span> <span class='ocrx_word' id='word_1_181' title='bbox 725 2587 884 2635; x_wconf 65' lang='grc' dir='ltr'>χχχι,</span> <span class='ocrx_word' id='word_1_182' title='bbox 920 2584 1128 2626; x_wconf 80' lang='lat' dir='ltr'><em>xxxvii.</em></span> <span class='ocrx_word' id='word_1_183' title='bbox 1163 2587 1213 2637; x_wconf 77' lang='grc' dir='ltr'><em>ι..</em></span> <span class='ocrx_word' id='word_1_184' title='bbox 1246 2588 1321 2642; x_wconf 78' lang='grc' dir='ltr'><em>σε,</em></span> <span class='ocrx_word' id='word_1_185' title='bbox 1354 2587 1558 2635; x_wconf 81' lang='lat' dir='ltr'><em>cxx1x,</em></span> <span class='ocrx_word' id='word_1_186' title='bbox 1591 2585 1756 2623; x_wconf 73' lang='lat' dir='ltr'><em>cxcn.</em></span> <span class='ocrx_word' id='word_1_187' title='bbox 1807 2571 1943 2626; x_wconf 81' lang='lat' dir='ltr'><em>Ideo</em></span> 
     </span>
    </p>
   </div>
   <div class='ocr_carea' id='block_1_27' title="bbox 272 2657 1945 2734">
    <p class='ocr_par' dir='ltr' id='par_1_27' title="bbox 272 2657 1945 2734">
     <span class='ocr_line' id='line_1_27' title="bbox 272 2657 1945 2734; baseline -0.001 -17"><span class='ocrx_word' id='word_1_188' title='bbox 272 2666 518 2734; x_wconf 84' lang='lat' dir='ltr'><em>septem,</em></span> <span class='ocrx_word' id='word_1_189' title='bbox 551 2660 697 2733; x_wconf 88' lang='lat' dir='ltr'><em>quia</em></span> <span class='ocrx_word' id='word_1_190' title='bbox 723 2676 804 2715; x_wconf 85' lang='lat' dir='ltr'><em>vn</em></span> <span class='ocrx_word' id='word_1_191' title='bbox 833 2659 1028 2715; x_wconf 91' lang='lat' dir='ltr'><em>modis</em></span> <span class='ocrx_word' id='word_1_192' title='bbox 1061 2665 1291 2731; x_wconf 86' lang='lat' dir='ltr'><em>peccata</em></span> <span class='ocrx_word' id='word_1_193' title='bbox 1321 2657 1740 2723; x_wconf 89' lang='lat' dir='ltr'><em>dimittuniur,</em></span> <span class='ocrx_word' id='word_1_194' title='bbox 1766 2658 1822 2714; x_wconf 93' lang='lat' dir='ltr'><em>id</em></span> <span class='ocrx_word' id='word_1_195' title='bbox 1855 2663 1945 2715; x_wconf 89' lang='lat' dir='ltr'><em>est</em></span> 
     </span>
    </p>
   </div>
   <div class='ocr_carea' id='block_1_28' title="bbox 272 2746 1939 2823">
    <p class='ocr_par' dir='ltr' id='par_1_28' title="bbox 272 2746 1939 2823">
     <span class='ocr_line' id='line_1_28' title="bbox 272 2746 1939 2823; baseline -0.002 -17"><span class='ocrx_word' id='word_1_196' title='bbox 272 2750 583 2822; x_wconf 87' lang='lat' dir='ltr'><em>baptismo,</em></span> <span class='ocrx_word' id='word_1_197' title='bbox 617 2746 925 2821; x_wconf 79' lang='lat' dir='ltr'><em>martyrio,</em></span> <span class='ocrx_word' id='word_1_198' title='bbox 959 2747 1359 2823; x_wconf 78' lang='lat' dir='ltr'><em>eleemosynis,</em></span> <span class='ocrx_word' id='word_1_199' title='bbox 1398 2746 1757 2803; x_wconf 88' lang='lat' dir='ltr'><em>remittendo</em></span> <span class='ocrx_word' id='word_1_200' title='bbox 1778 2746 1939 2803; x_wconf 81' lang='lat' dir='ltr'><em>fratri</em></span> 
     </span>
    </p>
   </div>
   <div class='ocr_carea' id='block_1_29' title="bbox 271 2835 1943 2912">
    <p class='ocr_par' dir='ltr' id='par_1_29' title="bbox 271 2835 1943 2912">
     <span class='ocr_line' id='line_1_29' title="bbox 271 2835 1943 2912; baseline -0.002 -16"><span class='ocrx_word' id='word_1_201' title='bbox 271 2845 531 2912; x_wconf 85' lang='lat' dir='ltr'><em>peccata,</em></span> <span class='ocrx_word' id='word_1_202' title='bbox 564 2838 959 2895; x_wconf 85' lang='lat' dir='ltr'><em>convertenda</em></span> <span class='ocrx_word' id='word_1_203' title='bbox 992 2843 1369 2910; x_wconf 89' lang='lat' dir='ltr'><em>peccatorem,</em></span> <span class='ocrx_word' id='word_1_204' title='bbox 1406 2835 1777 2894; x_wconf 89' lang='lat' dir='ltr'><em>abundantia</em></span> <span class='ocrx_word' id='word_1_205' title='bbox 1802 2835 1943 2892; x_wconf 88' lang='lat' dir='ltr'><em>cha-</em></span> 
     </span>
    </p>
   </div>
   <div class='ocr_carea' id='block_1_30' title="bbox 273 2928 1945 3002">
    <p class='ocr_par' dir='ltr' id='par_1_30' title="bbox 273 2928 1945 3002">
     <span class='ocr_line' id='line_1_30' title="bbox 273 2928 1945 3002; baseline -0.001 -19"><span class='ocrx_word' id='word_1_206' title='bbox 273 2928 490 2995; x_wconf 87' lang='lat' dir='ltr'><em>ritatis,</em></span> <span class='ocrx_word' id='word_1_207' title='bbox 523 2928 873 3002; x_wconf 78' lang='lat' dir='ltr'><em>pcnnitentia</em></span> <span class='ocrx_word' id='word_1_208' title='bbox 918 2936 1100 3000; x_wconf 86' lang='lat' dir='ltr'><em>pura;</em></span> <span class='ocrx_word' id='word_1_209' title='bbox 1133 2928 1405 2984; x_wconf 82' lang='lat' dir='ltr'><em>addenda</em></span> <span class='ocrx_word' id='word_1_210' title='bbox 1465 2941 1700 3000; x_wconf 91' lang='lat' dir='ltr'><em>quoque</em></span> <span class='ocrx_word' id='word_1_211' title='bbox 1742 2928 1832 2981; x_wconf 91' lang='lat' dir='ltr'><em>est</em></span> <span class='ocrx_word' id='word_1_212' title='bbox 1886 2929 1945 2981; x_wconf 91' lang='lat' dir='ltr'><em>et</em></span> 
     </span>
    </p>
   </div>
   <div class='ocr_carea' id='block_1_31' title="bbox 273 3013 1941 3090">
    <p class='ocr_par' dir='ltr' id='par_1_31' title="bbox 273 3013 1941 3090">
     <span class='ocr_line' id='line_1_31' title="bbox 273 3013 1941 3090; baseline -0.003 -15"><span class='ocrx_word' id='word_1_213' title='bbox 273 3018 614 3075; x_wconf 87' lang='lat' dir='ltr'><em>communio</em></span> <span class='ocrx_word' id='word_1_214' title='bbox 644 3017 910 3090; x_wconf 86' lang='lat' dir='ltr'><em>corporis</em></span> <span class='ocrx_word' id='word_1_215' title='bbox 939 3016 1178 3073; x_wconf 86' lang='lat' dir='ltr'><em>Christi.</em></span> <span class='ocrx_word' id='word_1_216' title='bbox 1210 3016 1599 3073; x_wconf 89' lang='lat' dir='ltr'><em>Inveniuntur</em></span> <span class='ocrx_word' id='word_1_217' title='bbox 1627 3030 1760 3070; x_wconf 90' lang='lat' dir='ltr'><em>vero</em></span> <span class='ocrx_word' id='word_1_218' title='bbox 1810 3013 1941 3070; x_wconf 88' lang='lat' dir='ltr'><em>dili-</em></span> 
     </span>
    </p>
   </div>
   <div class='ocr_carea' id='block_1_32' title="bbox 2181 430 3558 506">
    <p class='ocr_par' dir='ltr' id='par_1_32' title="bbox 2181 430 3558 506">
     <span class='ocr_line' id='line_1_32' title="bbox 2181 430 3558 506; baseline 0.003 -20"><span class='ocrx_word' id='word_1_219' title='bbox 2181 430 2410 488; x_wconf 81' lang='lat' dir='ltr'><em>Suivum</em></span> <span class='ocrx_word' id='word_1_220' title='bbox 2433 451 2520 489; x_wconf 91' lang='lat' dir='ltr'><em>me</em></span> <span class='ocrx_word' id='word_1_221' title='bbox 2547 436 2639 504; x_wconf 81' lang='lat' dir='ltr'><em>[ac</em></span> <span class='ocrx_word' id='word_1_222' title='bbox 2660 441 2881 506; x_wconf 81' lang='lat' dir='ltr'><em>propter</em></span> <span class='ocrx_word' id='word_1_223' title='bbox 2907 436 3355 492; x_wconf 84' lang='lat' dir='ltr'><em>misericordiam</em></span> <span class='ocrx_word' id='word_1_224' title='bbox 3385 443 3558 491; x_wconf 91' lang='lat' dir='ltr'><em>tuam.</em></span> 
     </span>
    </p>
   </div>
   <div class='ocr_carea' id='block_1_33' title="bbox 2110 518 3721 598">
    <p class='ocr_par' dir='ltr' id='par_1_33' title="bbox 2110 518 3721 598">
     <span class='ocr_line' id='line_1_33' title="bbox 2110 518 3721 598; baseline 0.005 -25"><span class='ocrx_word' id='word_1_225' title='bbox 2110 520 2171 574; x_wconf 86' lang='lat' dir='ltr'><em>C.</em></span> <span class='ocrx_word' id='word_1_226' title='bbox 2206 518 2351 577; x_wconf 90' lang='lat' dir='ltr'><em>Cum</em></span> <span class='ocrx_word' id='word_1_227' title='bbox 2384 522 2527 578; x_wconf 90' lang='lat' dir='ltr'><em>dicit</em></span> <span class='ocrx_word' id='word_1_228' title='bbox 2561 538 2574 575; x_wconf 74' lang='grc' dir='ltr'><strong>ε</strong></span> <span class='ocrx_word' id='word_1_229' title='bbox 2607 522 2976 592; x_wconf 85' lang='lat' dir='ltr'><em>Convertere,</em></span> <span class='ocrx_word' id='word_1_230' title='bbox 3001 524 3277 581; x_wconf 69' lang='lat' dir='ltr'><em>vindicta:</em></span> <span class='ocrx_word' id='word_1_231' title='bbox 3309 522 3591 580; x_wconf 83' lang='lat' dir='ltr'><em>relaxatio</em></span> <span class='ocrx_word' id='word_1_232' title='bbox 3621 540 3721 598; x_wconf 85' lang='lat' dir='ltr'><em>po-</em></span> 
     </span>
    </p>
   </div>
   <div class='ocr_carea' id='block_1_34' title="bbox 2040 606 3721 683">
    <p class='ocr_par' dir='ltr' id='par_1_34' title="bbox 2040 606 3721 683">
     <span class='ocr_line' id='line_1_34' title="bbox 2040 606 3721 683; baseline 0.005 -22"><span class='ocrx_word' id='word_1_233' title='bbox 2040 606 2315 676; x_wconf 86' lang='lat' dir='ltr'><em>stulatur,</em></span> <span class='ocrx_word' id='word_1_234' title='bbox 2353 615 2418 666; x_wconf 90' lang='lat' dir='ltr'><em>ut</em></span> <span class='ocrx_word' id='word_1_235' title='bbox 2477 628 2594 666; x_wconf 89' lang='lat' dir='ltr'><em>non</em></span> <span class='ocrx_word' id='word_1_236' title='bbox 2627 610 2822 683; x_wconf 83' lang='lat' dir='ltr'><em>exigat</em></span> <span class='ocrx_word' id='word_1_237' title='bbox 2868 629 2903 667; x_wconf 89' lang='lat' dir='ltr'><em>a</em></span> <span class='ocrx_word' id='word_1_238' title='bbox 2938 614 3116 668; x_wconf 90' lang='lat' dir='ltr'><em>nobis</em></span> <span class='ocrx_word' id='word_1_239' title='bbox 3166 613 3400 671; x_wconf 86' lang='lat' dir='ltr'><em>debitas</em></span> <span class='ocrx_word' id='word_1_240' title='bbox 3441 613 3721 671; x_wconf 84' lang='lat' dir='ltr'><em>ultiones.</em></span> 
     </span>
    </p>
   </div>
   <div class='ocr_carea' id='block_1_35' title="bbox 2037 695 3722 777">
    <p class='ocr_par' dir='ltr' id='par_1_35' title="bbox 2037 695 3722 777">
     <span class='ocr_line' id='line_1_35' title="bbox 2037 695 3722 777; baseline 0.004 -25"><span class='ocrx_word' id='word_1_241' title='bbox 2037 695 2242 768; x_wconf 88' lang='lat' dir='ltr'><em>Eripe:</em></span> <span class='ocrx_word' id='word_1_242' title='bbox 2270 699 2343 754; x_wconf 89' lang='lat' dir='ltr'><em>ab</em></span> <span class='ocrx_word' id='word_1_243' title='bbox 2368 699 2707 755; x_wconf 86' lang='lat' dir='ltr'><em>imminenti</em></span> <span class='ocrx_word' id='word_1_244' title='bbox 2735 699 3302 773; x_wconf 88' lang='lat' dir='ltr'><em>supplicio.Salvum</em></span> <span class='ocrx_word' id='word_1_245' title='bbox 3325 720 3386 759; x_wconf 89' lang='lat' dir='ltr'><em>se</em></span> <span class='ocrx_word' id='word_1_246' title='bbox 3411 703 3558 777; x_wconf 86' lang='lat' dir='ltr'><em>petit</em></span> <span class='ocrx_word' id='word_1_247' title='bbox 3574 701 3722 770; x_wconf 85' lang='lat' dir='ltr'><em>ﬁeri,</em></span> 
     </span>
    </p>
   </div>
   <div class='ocr_carea' id='block_1_36' title="bbox 2040 788 3728 864">
    <p class='ocr_par' dir='ltr' id='par_1_36' title="bbox 2040 788 3728 864">
     <span class='ocr_line' id='line_1_36' title="bbox 2040 788 3728 864; baseline 0.008 -26"><span class='ocrx_word' id='word_1_248' title='bbox 2040 800 2159 839; x_wconf 90' lang='lat' dir='ltr'><em>non</em></span> <span class='ocrx_word' id='word_1_249' title='bbox 2189 788 2526 843; x_wconf 88' lang='lat' dir='ltr'><em>secundum</em></span> <span class='ocrx_word' id='word_1_250' title='bbox 2555 803 2665 842; x_wconf 89' lang='lat' dir='ltr'><em>sua</em></span> <span class='ocrx_word' id='word_1_251' title='bbox 2690 788 2919 857; x_wconf 87' lang='lat' dir='ltr'><em>merita,</em></span> <span class='ocrx_word' id='word_1_252' title='bbox 2953 791 3059 846; x_wconf 89' lang='lat' dir='ltr'><em>sed</em></span> <span class='ocrx_word' id='word_1_253' title='bbox 3101 796 3344 864; x_wconf 88' lang='lat' dir='ltr'><em>propter</em></span> <span class='ocrx_word' id='word_1_254' title='bbox 3392 791 3728 852; x_wconf 89' lang='lat' dir='ltr'><em>misericor-</em></span> 
     </span>
    </p>
   </div>
   <div class='ocr_carea' id='block_1_37' title="bbox 2040 870 3732 954">
    <p class='ocr_par' dir='ltr' id='par_1_37' title="bbox 2040 870 3732 954">
     <span class='ocr_line' id='line_1_37' title="bbox 2040 870 3732 954; baseline 0.009 -27"><span class='ocrx_word' id='word_1_255' title='bbox 2040 872 2198 928; x_wconf 88' lang='lat' dir='ltr'><em>diam</em></span> <span class='ocrx_word' id='word_1_256' title='bbox 2229 873 2524 941; x_wconf 84' lang='lat' dir='ltr'><em>divinam,</em></span> <span class='ocrx_word' id='word_1_257' title='bbox 2548 874 2609 930; x_wconf 91' lang='lat' dir='ltr'><em>in</em></span> <span class='ocrx_word' id='word_1_258' title='bbox 2632 870 2765 948; x_wconf 36' lang='lat' dir='ltr'><em>’qua</em></span> <span class='ocrx_word' id='word_1_259' title='bbox 2791 878 2935 934; x_wconf 90' lang='lat' dir='ltr'><em>dum</em></span> <span class='ocrx_word' id='word_1_260' title='bbox 2967 879 3090 935; x_wconf 86' lang='lat' dir='ltr'><em>ﬁxa</em></span> <span class='ocrx_word' id='word_1_261' title='bbox 3119 897 3258 954; x_wconf 89' lang='lat' dir='ltr'><em>spes</em></span> <span class='ocrx_word' id='word_1_262' title='bbox 3290 880 3531 953; x_wconf 86' lang='lat' dir='ltr'><em>ponitur</em></span> <span class='ocrx_word' id='word_1_263' title='bbox 3559 885 3732 942; x_wconf 88' lang='lat' dir='ltr'><em>venia</em></span> 
     </span>
    </p>
   </div>
   <div class='ocr_carea' id='block_1_38' title="bbox 2040 961 2692 1037">
    <p class='ocr_par' dir='ltr' id='par_1_38' title="bbox 2040 961 2692 1037">
     <span class='ocr_line' id='line_1_38' title="bbox 2040 961 2692 1037; baseline 0.005 -20"><span class='ocrx_word' id='word_1_264' title='bbox 2040 961 2271 1017; x_wconf 82' lang='lat' dir='ltr'><em>facilius</em></span> <span class='ocrx_word' id='word_1_265' title='bbox 2308 962 2692 1037; x_wconf 87' lang='lat' dir='ltr'><em>impetratur.</em></span> 
     </span>
    </p>
   </div>
   <div class='ocr_carea' id='block_1_39' title="bbox 2074 1051 3627 1135">
    <p class='ocr_par' dir='ltr' id='par_1_39' title="bbox 2074 1051 3627 1135">
     <span class='ocr_line' id='line_1_39' title="bbox 2074 1051 3627 1135; baseline 0.01 -29"><span class='ocrx_word' id='word_1_266' title='bbox 2074 1052 2111 1106; x_wconf 87' lang='grc'>5</span> <span class='ocrx_word' id='word_1_267' title='bbox 2182 1051 2474 1118; x_wconf 84' lang='lat' dir='ltr'><em>Quoniam</em></span> <span class='ocrx_word' id='word_1_268' title='bbox 2502 1070 2615 1109; x_wconf 87' lang='lat' dir='ltr'><em>non</em></span> <span class='ocrx_word' id='word_1_269' title='bbox 2643 1062 2722 1111; x_wconf 87' lang='lat' dir='ltr'><em>est</em></span> <span class='ocrx_word' id='word_1_270' title='bbox 2754 1058 2816 1112; x_wconf 90' lang='lat' dir='ltr'><em>in</em></span> <span class='ocrx_word' id='word_1_271' title='bbox 2843 1065 3016 1113; x_wconf 88' lang='lat' dir='ltr'><em>morte</em></span> <span class='ocrx_word' id='word_1_272' title='bbox 3045 1060 3148 1132; x_wconf 87' lang='lat' dir='ltr'><em>qui</em></span> <span class='ocrx_word' id='word_1_273' title='bbox 3176 1075 3385 1118; x_wconf 86' lang='lat' dir='ltr'><em>memor</em></span> <span class='ocrx_word' id='word_1_274' title='bbox 3411 1064 3485 1120; x_wconf 87' lang='lat' dir='ltr'><em>sit</em></span> <span class='ocrx_word' id='word_1_275' title='bbox 3511 1068 3627 1135; x_wconf 88' lang='lat' dir='ltr'><em>tui;</em></span> 
     </span>
    </p>
   </div>
   <div class='ocr_carea' id='block_1_40' title="bbox 2181 1141 3607 1221">
    <p class='ocr_par' dir='ltr' id='par_1_40' title="bbox 2181 1141 3607 1221">
     <span class='ocr_line' id='line_1_40' title="bbox 2181 1141 3607 1221; baseline 0.013 -28"><span class='ocrx_word' id='word_1_276' title='bbox 2181 1141 2240 1194; x_wconf 90' lang='lat' dir='ltr'><em>In</em></span> <span class='ocrx_word' id='word_1_277' title='bbox 2279 1141 2523 1210; x_wconf 87' lang='lat' dir='ltr'><em>inferno</em></span> <span class='ocrx_word' id='word_1_278' title='bbox 2568 1148 2623 1208; x_wconf 59' lang='grc' dir='ltr'><em>δὲ·</em></span> <span class='ocrx_word' id='word_1_279' title='bbox 2650 1149 2835 1201; x_wconf 85' lang='lat' dir='ltr'><em>autem</em></span> <span class='ocrx_word' id='word_1_280' title='bbox 2875 1150 2890 1210; x_wconf 76' lang='grc' dir='ltr'>ζ</span> <span class='ocrx_word' id='word_1_281' title='bbox 2930 1149 3059 1218; x_wconf 88' lang='lat' dir='ltr'><em>quis</em></span> <span class='ocrx_word' id='word_1_282' title='bbox 3089 1150 3438 1221; x_wconf 81' lang='lat' dir='ltr'><em>conﬁtebitur</em></span> <span class='ocrx_word' id='word_1_283' title='bbox 3469 1154 3607 1211; x_wconf 82' lang='lat' dir='ltr'><em>tibi?</em></span> 
     </span>
    </p>
   </div>
   <div class='ocr_carea' id='block_1_41' title="bbox 2112 1228 3742 1320">
    <p class='ocr_par' dir='ltr' id='par_1_41' title="bbox 2112 1228 3742 1320">
     <span class='ocr_line' id='line_1_41' title="bbox 2112 1228 3742 1320; baseline 0.013 -39"><span class='ocrx_word' id='word_1_284' title='bbox 2112 1232 2159 1320; x_wconf 11' lang='lat' dir='ltr'><em>DA</em></span> <span class='ocrx_word' id='word_1_285' title='bbox 2177 1228 2334 1320; x_wconf 70' lang='lat' dir='ltr'><em>Bene</em></span> <span class='ocrx_word' id='word_1_286' title='bbox 2368 1231 2641 1320; x_wconf 82' lang='lat' dir='ltr'><em>perﬁdos</em></span> <span class='ocrx_word' id='word_1_287' title='bbox 2671 1233 2924 1290; x_wconf 87' lang='lat' dir='ltr'><em>dicimus</em></span> <span class='ocrx_word' id='word_1_288' title='bbox 2945 1252 3081 1293; x_wconf 88' lang='lat' dir='ltr'><em>esse</em></span> <span class='ocrx_word' id='word_1_289' title='bbox 3100 1237 3480 1300; x_wconf 87' lang='lat' dir='ltr'><em>immemores</em></span> <span class='ocrx_word' id='word_1_290' title='bbox 3495 1244 3742 1320; x_wconf 86' lang='lat' dir='ltr'><em>Dei,qui</em></span> 
     </span>
    </p>
   </div>
   <div class='ocr_carea' id='block_1_42' title="bbox 2042 1316 3750 1409">
    <p class='ocr_par' dir='ltr' id='par_1_42' title="bbox 2042 1316 3750 1409">
     <span class='ocr_line' id='line_1_42' title="bbox 2042 1316 3750 1409; baseline 0.011 -35"><span class='ocrx_word' id='word_1_291' title='bbox 2042 1317 2261 1374; x_wconf 87' lang='lat' dir='ltr'><em>nullam</em></span> <span class='ocrx_word' id='word_1_292' title='bbox 2297 1316 2604 1376; x_wconf 81' lang='lat' dir='ltr'><em>ﬁduciam</em></span> <span class='ocrx_word' id='word_1_293' title='bbox 2637 1323 3032 1381; x_wconf 78' lang='lat' dir='ltr'><em>confessionis</em></span> <span class='ocrx_word' id='word_1_294' title='bbox 3060 1327 3303 1387; x_wconf 89' lang='lat' dir='ltr'><em>habent.</em></span> <span class='ocrx_word' id='word_1_295' title='bbox 3340 1333 3380 1388; x_wconf 82' lang='lat' dir='ltr'><em>ll</em></span> <span class='ocrx_word' id='word_1_296' title='bbox 3419 1334 3517 1391; x_wconf 86' lang='lat' dir='ltr'><em>Est</em></span> <span class='ocrx_word' id='word_1_297' title='bbox 3562 1316 3750 1409; x_wconf 76' lang='lat' dir='ltr'><em>igitur</em></span> 
     </span>
    </p>
   </div>
   <div class='ocr_carea' id='block_1_43' title="bbox 2046 1411 3755 1502">
    <p class='ocr_par' dir='ltr' id='par_1_43' title="bbox 2046 1411 3755 1502">
     <span class='ocr_line' id='line_1_43' title="bbox 2046 1411 3755 1502; baseline 0.013 -39"><span class='ocrx_word' id='word_1_298' title='bbox 2046 1424 2202 1463; x_wconf 88' lang='lat' dir='ltr'><em>mors</em></span> <span class='ocrx_word' id='word_1_299' title='bbox 2235 1423 2250 1502; x_wconf 58' lang='grc' dir='ltr'>ξ</span> <span class='ocrx_word' id='word_1_300' title='bbox 2282 1414 2618 1502; x_wconf 58' lang='lat' dir='ltr'><em>pefcatum</em></span> <span class='ocrx_word' id='word_1_301' title='bbox 2652 1411 2917 1479; x_wconf 80' lang='lat' dir='ltr'><em>mortale,</em></span> <span class='ocrx_word' id='word_1_302' title='bbox 2943 1414 3252 1491; x_wconf 85' lang='lat' dir='ltr'><em>infernus;</em></span> <span class='ocrx_word' id='word_1_303' title='bbox 3283 1423 3511 1481; x_wconf 66' lang='lat' dir='ltr'><em>caecitas</em></span> <span class='ocrx_word' id='word_1_304' title='bbox 3538 1426 3755 1502; x_wconf 88' lang='lat' dir='ltr'><em>despe-</em></span> 
     </span>
    </p>
   </div>
   <div class='ocr_carea' id='block_1_44' title="bbox 2045 1495 3759 1583">
    <p class='ocr_par' dir='ltr' id='par_1_44' title="bbox 2045 1495 3759 1583">
     <span class='ocr_line' id='line_1_44' title="bbox 2045 1495 3759 1583; baseline 0.011 -30"><span class='ocrx_word' id='word_1_305' title='bbox 2045 1496 2312 1554; x_wconf 85' lang='lat' dir='ltr'><em>rationis.</em></span> <span class='ocrx_word' id='word_1_306' title='bbox 2353 1495 2401 1551; x_wconf 89' lang='lat' dir='ltr'>C</span> <span class='ocrx_word' id='word_1_307' title='bbox 2437 1499 2539 1556; x_wconf 82' lang='lat' dir='ltr'><em>Vel</em></span> <span class='ocrx_word' id='word_1_308' title='bbox 2572 1506 2708 1573; x_wconf 91' lang='lat' dir='ltr'><em>post</em></span> <span class='ocrx_word' id='word_1_309' title='bbox 2738 1506 3002 1561; x_wconf 87' lang='lat' dir='ltr'><em>mortem</em></span> <span class='ocrx_word' id='word_1_310' title='bbox 3062 1510 3452 1583; x_wconf 86' lang='lat' dir='ltr'><em>temporalem</em></span> <span class='ocrx_word' id='word_1_311' title='bbox 3488 1532 3609 1571; x_wconf 93' lang='lat' dir='ltr'><em>non</em></span> <span class='ocrx_word' id='word_1_312' title='bbox 3655 1495 3759 1574; x_wconf 45' lang='lat' dir='ltr'><em>&#39;est</em></span> 
     </span>
    </p>
   </div>
   <div class='ocr_carea' id='block_1_45' title="bbox 2047 1586 3758 1662">
    <p class='ocr_par' dir='ltr' id='par_1_45' title="bbox 2047 1586 3758 1662">
     <span class='ocr_line' id='line_1_45' title="bbox 2047 1586 3758 1662; baseline 0.012 -20"><span class='ocrx_word' id='word_1_313' title='bbox 2047 1586 2342 1644; x_wconf 86' lang='lat' dir='ltr'><em>confessio</em></span> <span class='ocrx_word' id='word_1_314' title='bbox 2382 1589 2457 1643; x_wconf 90' lang='lat' dir='ltr'><em>ad</em></span> <span class='ocrx_word' id='word_1_315' title='bbox 2492 1590 3204 1661; x_wconf 86' lang='lat' dir='ltr'><em>veniam,quantominus</em></span> <span class='ocrx_word' id='word_1_316' title='bbox 3234 1600 3293 1655; x_wconf 91' lang='lat' dir='ltr'><em>in</em></span> <span class='ocrx_word' id='word_1_317' title='bbox 3330 1601 3557 1659; x_wconf 84' lang='lat' dir='ltr'><em>inferno</em></span> <span class='ocrx_word' id='word_1_318' title='bbox 3585 1604 3758 1662; x_wconf 89' lang='lat' dir='ltr'><em>:ideo</em></span> 
     </span>
    </p>
   </div>
   <div class='ocr_carea' id='block_1_46' title="bbox 2050 1676 3762 1750">
    <p class='ocr_par' dir='ltr' id='par_1_46' title="bbox 2050 1676 3762 1750">
     <span class='ocr_line' id='line_1_46' title="bbox 2050 1676 3762 1750; baseline 0.01 -17"><span class='ocrx_word' id='word_1_319' title='bbox 2050 1676 2273 1733; x_wconf 89' lang='lat' dir='ltr'><em>addidit</em></span> <span class='ocrx_word' id='word_1_320' title='bbox 2305 1692 2321 1732; x_wconf 88' lang='lat'>:</span> <span class='ocrx_word' id='word_1_321' title='bbox 2361 1677 2505 1741; x_wconf 88' lang='lat' dir='ltr'><em>Quis</em></span> <span class='ocrx_word' id='word_1_322' title='bbox 2537 1677 2917 1735; x_wconf 84' lang='lat' dir='ltr'><em>conﬁtebitur</em></span> <span class='ocrx_word' id='word_1_323' title='bbox 2950 1684 3493 1745; x_wconf 84' lang='lat' dir='ltr'><em>tibi?subauditur</em></span> <span class='ocrx_word' id='word_1_324' title='bbox 3526 1694 3644 1748; x_wconf 90' lang='lat' dir='ltr'><em>:ad</em></span> <span class='ocrx_word' id='word_1_325' title='bbox 3670 1710 3762 1750; x_wconf 87' lang='lat' dir='ltr'><em>ve-</em></span> 
     </span>
    </p>
   </div>
   <div class='ocr_carea' id='block_1_47' title="bbox 2051 1764 3599 1835">
    <p class='ocr_par' dir='ltr' id='par_1_47' title="bbox 2051 1764 3599 1835">
     <span class='ocr_line' id='line_1_47' title="bbox 2051 1764 3599 1835; baseline 0.009 -14"><span class='ocrx_word' id='word_1_326' title='bbox 2051 1766 2206 1821; x_wconf 87' lang='lat' dir='ltr'><em>niam</em></span> <span class='ocrx_word' id='word_1_327' title='bbox 2239 1765 2297 1820; x_wconf 90' lang='lat' dir='ltr'><em>in</em></span> <span class='ocrx_word' id='word_1_328' title='bbox 2334 1764 2586 1835; x_wconf 87' lang='lat' dir='ltr'><em>inferno,</em></span> <span class='ocrx_word' id='word_1_329' title='bbox 2622 1767 2723 1823; x_wconf 91' lang='lat' dir='ltr'><em>ubi</em></span> <span class='ocrx_word' id='word_1_330' title='bbox 2756 1765 2925 1823; x_wconf 88' lang='lat' dir='ltr'><em>nulla</em></span> <span class='ocrx_word' id='word_1_331' title='bbox 2963 1773 3238 1831; x_wconf 88' lang='lat' dir='ltr'><em>remissio</em></span> <span class='ocrx_word' id='word_1_332' title='bbox 3271 1777 3599 1835; x_wconf 90' lang='lat' dir='ltr'><em>invenitur.</em></span> 
     </span>
    </p>
   </div>
   <div class='ocr_carea' id='block_1_48' title="bbox 2085 1855 3489 1928">
    <p class='ocr_par' dir='ltr' id='par_1_48' title="bbox 2085 1855 3489 1928">
     <span class='ocr_line' id='line_1_48' title="bbox 2085 1855 3489 1928; baseline 0.002 -17"><span class='ocrx_word' id='word_1_333' title='bbox 2085 1857 2121 1911; x_wconf 89' lang='lat'><strong>6</strong></span> <span class='ocrx_word' id='word_1_334' title='bbox 2193 1855 2467 1913; x_wconf 87' lang='lat' dir='ltr'><em>Laboravi</em></span> <span class='ocrx_word' id='word_1_335' title='bbox 2495 1858 2557 1913; x_wconf 90' lang='lat' dir='ltr'><em>in</em></span> <span class='ocrx_word' id='word_1_336' title='bbox 2584 1858 2794 1926; x_wconf 85' lang='lat' dir='ltr'><em>gemitu</em></span> <span class='ocrx_word' id='word_1_337' title='bbox 2824 1873 2991 1928; x_wconf 85' lang='lat' dir='ltr'><em>meo;</em></span> <span class='ocrx_word' id='word_1_338' title='bbox 3484 1858 3489 1861; x_wconf 61' lang='grc'><strong>⁷</strong></span> 
     </span>
    </p>
   </div>
   <div class='ocr_carea' id='block_1_49' title="bbox 2195 1946 3749 2031">
    <p class='ocr_par' dir='ltr' id='par_1_49' title="bbox 2195 1946 3749 2031">
     <span class='ocr_line' id='line_1_49' title="bbox 2195 1946 3749 2031; baseline 0.007 -31"><span class='ocrx_word' id='word_1_339' title='bbox 2195 1946 2410 2002; x_wconf 83' lang='lat' dir='ltr'><em>Lavabo</em></span> <span class='ocrx_word' id='word_1_340' title='bbox 2434 1963 2536 2018; x_wconf 88' lang='lat' dir='ltr'><em>per</em></span> <span class='ocrx_word' id='word_1_341' title='bbox 2560 1946 2815 2015; x_wconf 85' lang='lat' dir='ltr'><em>singulas</em></span> <span class='ocrx_word' id='word_1_342' title='bbox 2842 1957 3034 2005; x_wconf 86' lang='lat' dir='ltr'><em>noctes</em></span> <span class='ocrx_word' id='word_1_343' title='bbox 3066 1952 3270 2007; x_wconf 84' lang='lat' dir='ltr'><em>lectum</em></span> <span class='ocrx_word' id='word_1_344' title='bbox 3297 1969 3484 2009; x_wconf 84' lang='lat' dir='ltr'><em>meum</em></span> <span class='ocrx_word' id='word_1_345' title='bbox 3506 1973 3530 2008; x_wconf 93' lang='grc'><em>.·</em></span> <span class='ocrx_word' id='word_1_346' title='bbox 3556 1956 3749 2031; x_wconf 80' lang='lat' dir='ltr'><em>lacry-</em></span> 
     </span>
    </p>
   </div>
   <div class='ocr_carea' id='block_1_50' title="bbox 2266 2038 3256 2110">
    <p class='ocr_par' dir='ltr' id='par_1_50' title="bbox 2266 2038 3256 2110">
     <span class='ocr_line' id='line_1_50' title="bbox 2266 2038 3256 2110; baseline 0.006 -20"><span class='ocrx_word' id='word_1_347' title='bbox 2266 2038 2372 2091; x_wconf 86' lang='lat' dir='ltr'><em>mis</em></span> <span class='ocrx_word' id='word_1_348' title='bbox 2402 2038 2535 2092; x_wconf 85' lang='lat' dir='ltr'><em>meis</em></span> <span class='ocrx_word' id='word_1_349' title='bbox 2556 2043 2793 2092; x_wconf 86' lang='lat' dir='ltr'><em>stratum</em></span> <span class='ocrx_word' id='word_1_350' title='bbox 2820 2052 3015 2094; x_wconf 86' lang='lat' dir='ltr'><em>meum</em></span> <span class='ocrx_word' id='word_1_351' title='bbox 3040 2042 3256 2110; x_wconf 87' lang='lat' dir='ltr'><em>rigabo.</em></span> 
     </span>
    </p>
   </div>
   <div class='ocr_carea' id='block_1_51' title="bbox 2126 2122 3744 2200">
    <p class='ocr_par' dir='ltr' id='par_1_51' title="bbox 2126 2122 3744 2200">
     <span class='ocr_line' id='line_1_51' title="bbox 2126 2122 3744 2200; baseline 0.007 -19"><span class='ocrx_word' id='word_1_352' title='bbox 2126 2128 2166 2181; x_wconf 75' lang='grc' dir='ltr'>Ο</span> <span class='ocrx_word' id='word_1_353' title='bbox 2194 2125 2458 2182; x_wconf 89' lang='lat' dir='ltr'><em>Gemitus</em></span> <span class='ocrx_word' id='word_1_354' title='bbox 2487 2128 2577 2181; x_wconf 88' lang='lat' dir='ltr'><em>est</em></span> <span class='ocrx_word' id='word_1_355' title='bbox 2598 2124 2755 2181; x_wconf 90' lang='lat' dir='ltr'><em>enim</em></span> <span class='ocrx_word' id='word_1_356' title='bbox 2773 2122 2975 2183; x_wconf 87' lang='lat' dir='ltr'><em>dictus</em></span> <span class='ocrx_word' id='word_1_357' title='bbox 2990 2128 3332 2200; x_wconf 84' lang='lat' dir='ltr'><em>geminatus</em></span> <span class='ocrx_word' id='word_1_358' title='bbox 3364 2127 3744 2199; x_wconf 91' lang='lat' dir='ltr'><em>luctus,cum</em></span> 
     </span>
    </p>
   </div>
   <div class='ocr_carea' id='block_1_52' title="bbox 2056 2213 3743 2293">
    <p class='ocr_par' dir='ltr' id='par_1_52' title="bbox 2056 2213 3743 2293">
     <span class='ocr_line' id='line_1_52' title="bbox 2056 2213 3743 2293; baseline 0 -20"><span class='ocrx_word' id='word_1_359' title='bbox 2056 2214 2347 2273; x_wconf 88' lang='lat' dir='ltr'><em>malorum</em></span> <span class='ocrx_word' id='word_1_360' title='bbox 2378 2219 2712 2271; x_wconf 89' lang='lat' dir='ltr'><em>nostrorum</em></span> <span class='ocrx_word' id='word_1_361' title='bbox 2736 2213 3200 2285; x_wconf 86' lang='lat' dir='ltr'><em>reminiscimur,</em></span> <span class='ocrx_word' id='word_1_362' title='bbox 3220 2219 3282 2272; x_wconf 89' lang='lat' dir='ltr'><em>et</em></span> <span class='ocrx_word' id='word_1_363' title='bbox 3311 2216 3526 2272; x_wconf 78' lang='lat' dir='ltr'><em>futurze</em></span> <span class='ocrx_word' id='word_1_364' title='bbox 3546 2237 3743 2293; x_wconf 61' lang='lat' dir='ltr'><em>pugna;</em></span> 
     </span>
    </p>
   </div>
   <div class='ocr_carea' id='block_1_53' title="bbox 2056 2305 3743 2383">
    <p class='ocr_par' dir='ltr' id='par_1_53' title="bbox 2056 2305 3743 2383">
     <span class='ocr_line' id='line_1_53' title="bbox 2056 2305 3743 2383; baseline 0.001 -21"><span class='ocrx_word' id='word_1_365' title='bbox 2056 2308 2265 2363; x_wconf 88' lang='lat' dir='ltr'><em>timore</em></span> <span class='ocrx_word' id='word_1_366' title='bbox 2316 2310 2621 2362; x_wconf 89' lang='lat' dir='ltr'><em>terremur.</em></span> <span class='ocrx_word' id='word_1_367' title='bbox 2658 2305 2899 2361; x_wconf 85' lang='lat' dir='ltr'><em>Lectum</em></span> <span class='ocrx_word' id='word_1_368' title='bbox 2925 2323 2938 2361; x_wconf 87' lang='lat'><strong>:</strong></span> <span class='ocrx_word' id='word_1_369' title='bbox 2964 2306 3418 2363; x_wconf 87' lang='lat' dir='ltr'><em>delectationem</em></span> <span class='ocrx_word' id='word_1_370' title='bbox 3461 2314 3743 2383; x_wconf 80' lang='lat' dir='ltr'><em>corporis</em></span> 
     </span>
    </p>
   </div>
   <div class='ocr_carea' id='block_1_54' title="bbox 2054 2394 3738 2469">
    <p class='ocr_par' dir='ltr' id='par_1_54' title="bbox 2054 2394 3738 2469">
     <span class='ocr_line' id='line_1_54' title="bbox 2054 2394 3738 2469; baseline 0.004 -18"><span class='ocrx_word' id='word_1_371' title='bbox 2054 2396 2215 2463; x_wconf 89' lang='lat' dir='ltr'><em>dicit,</em></span> <span class='ocrx_word' id='word_1_372' title='bbox 2250 2412 2427 2468; x_wconf 89' lang='lat' dir='ltr'><em>quam</em></span> <span class='ocrx_word' id='word_1_373' title='bbox 2457 2398 2647 2468; x_wconf 91' lang='lat' dir='ltr'><em>potest</em></span> <span class='ocrx_word' id='word_1_374' title='bbox 2676 2394 2853 2449; x_wconf 90' lang='lat' dir='ltr'><em>homo</em></span> <span class='ocrx_word' id='word_1_375' title='bbox 2898 2394 3177 2469; x_wconf 80' lang='lat' dir='ltr'><em>lacrymis</em></span> <span class='ocrx_word' id='word_1_376' title='bbox 3226 2394 3422 2449; x_wconf 91' lang='lat' dir='ltr'><em>lavare</em></span> <span class='ocrx_word' id='word_1_377' title='bbox 3455 2411 3467 2449; x_wconf 94' lang='lat'><strong>:</strong></span> <span class='ocrx_word' id='word_1_378' title='bbox 3509 2398 3563 2453; x_wconf 82' lang='lat' dir='ltr'><em>si</em></span> <span class='ocrx_word' id='word_1_379' title='bbox 3598 2417 3738 2459; x_wconf 90' lang='lat' dir='ltr'><em>eum</em></span> 
     </span>
    </p>
   </div>
   <div class='ocr_carea' id='block_1_55' title="bbox 2054 2483 3739 2558">
    <p class='ocr_par' dir='ltr' id='par_1_55' title="bbox 2054 2483 3739 2558">
     <span class='ocr_line' id='line_1_55' title="bbox 2054 2483 3739 2558; baseline -0.004 -17"><span class='ocrx_word' id='word_1_380' title='bbox 2054 2484 2356 2558; x_wconf 86' lang='lat' dir='ltr'><em>contingat</em></span> <span class='ocrx_word' id='word_1_381' title='bbox 2386 2483 2601 2541; x_wconf 65' lang='lat' dir='ltr'><em>caelesti</em></span> <span class='ocrx_word' id='word_1_382' title='bbox 2634 2483 3020 2555; x_wconf 88' lang='lat' dir='ltr'><em>inspiratione</em></span> <span class='ocrx_word' id='word_1_383' title='bbox 3049 2484 3288 2541; x_wconf 85' lang='lat' dir='ltr'><em>deflere.</em></span> <span class='ocrx_word' id='word_1_384' title='bbox 3322 2484 3597 2544; x_wconf 88' lang='lat' dir='ltr'><em>Stratum</em></span> <span class='ocrx_word' id='word_1_385' title='bbox 3624 2507 3638 2547; x_wconf 88' lang='lat'><strong>:</strong></span> <span class='ocrx_word' id='word_1_386' title='bbox 3662 2493 3739 2549; x_wconf 82' lang='lat' dir='ltr'><em>si-</em></span> 
     </span>
    </p>
   </div>
   <div class='ocr_carea' id='block_1_56' title="bbox 2053 2571 3737 2647">
    <p class='ocr_par' dir='ltr' id='par_1_56' title="bbox 2053 2571 3737 2647">
     <span class='ocr_line' id='line_1_56' title="bbox 2053 2571 3737 2647; baseline 0.007 -19"><span class='ocrx_word' id='word_1_387' title='bbox 2053 2573 2297 2647; x_wconf 84' lang='lat' dir='ltr'><em>gniﬁcat</em></span> <span class='ocrx_word' id='word_1_388' title='bbox 2325 2572 2631 2629; x_wconf 90' lang='lat' dir='ltr'><em>cumulum</em></span> <span class='ocrx_word' id='word_1_389' title='bbox 2662 2578 3061 2645; x_wconf 85' lang='lat' dir='ltr'><em>peccatorum,</em></span> <span class='ocrx_word' id='word_1_390' title='bbox 3095 2573 3255 2646; x_wconf 91' lang='lat' dir='ltr'><em>quod</em></span> <span class='ocrx_word' id='word_1_391' title='bbox 3285 2571 3414 2628; x_wconf 90' lang='lat' dir='ltr'><em>ideo</em></span> <span class='ocrx_word' id='word_1_392' title='bbox 3446 2571 3637 2635; x_wconf 90' lang='lat' dir='ltr'><em>homo</em></span> <span class='ocrx_word' id='word_1_393' title='bbox 3658 2580 3737 2638; x_wconf 89' lang='lat' dir='ltr'><em>la-</em></span> 
     </span>
    </p>
   </div>
   <div class='ocr_carea' id='block_1_57' title="bbox 2052 2658 3733 2735">
    <p class='ocr_par' dir='ltr' id='par_1_57' title="bbox 2052 2658 3733 2735">
     <span class='ocr_line' id='line_1_57' title="bbox 2052 2658 3733 2735; baseline 0.005 -19"><span class='ocrx_word' id='word_1_394' title='bbox 2052 2661 2270 2733; x_wconf 77' lang='lat' dir='ltr'><em>crymis</em></span> <span class='ocrx_word' id='word_1_395' title='bbox 2303 2661 2472 2734; x_wconf 87' lang='lat' dir='ltr'><em>rigat,</em></span> <span class='ocrx_word' id='word_1_396' title='bbox 2505 2667 2571 2718; x_wconf 89' lang='lat' dir='ltr'><em>ut</em></span> <span class='ocrx_word' id='word_1_397' title='bbox 2600 2662 2803 2718; x_wconf 88' lang='lat' dir='ltr'><em>eodem</em></span> <span class='ocrx_word' id='word_1_398' title='bbox 2837 2662 3230 2720; x_wconf 89' lang='lat' dir='ltr'><em>saluberrimo</em></span> <span class='ocrx_word' id='word_1_399' title='bbox 3261 2658 3450 2716; x_wconf 91' lang='lat' dir='ltr'><em>imbre</em></span> <span class='ocrx_word' id='word_1_400' title='bbox 3481 2674 3733 2735; x_wconf 86' lang='lat' dir='ltr'><em>peccata</em></span> 
     </span>
    </p>
   </div>
   <div class='ocr_carea' id='block_1_58' title="bbox 2053 2748 3733 2814">
    <p class='ocr_par' dir='ltr' id='par_1_58' title="bbox 2053 2748 3733 2814">
     <span class='ocr_line' id='line_1_58' title="bbox 2053 2748 3733 2814; baseline 0.006 -9"><span class='ocrx_word' id='word_1_401' title='bbox 2053 2750 2380 2807; x_wconf 87' lang='lat' dir='ltr'><em>deleantur.</em></span> <span class='ocrx_word' id='word_1_402' title='bbox 2398 2752 2606 2807; x_wconf 89' lang='lat' dir='ltr'><em>Lectus</em></span> <span class='ocrx_word' id='word_1_403' title='bbox 2636 2756 2834 2809; x_wconf 87' lang='lat' dir='ltr'><em>autem</em></span> <span class='ocrx_word' id='word_1_404' title='bbox 2867 2754 2940 2810; x_wconf 89' lang='lat' dir='ltr'><em>ab</em></span> <span class='ocrx_word' id='word_1_405' title='bbox 2972 2752 3175 2810; x_wconf 88' lang='lat' dir='ltr'><em>electis</em></span> <span class='ocrx_word' id='word_1_406' title='bbox 3196 2765 3265 2806; x_wconf 89' lang='lat' dir='ltr'><em>ac</em></span> <span class='ocrx_word' id='word_1_407' title='bbox 3290 2748 3581 2810; x_wconf 90' lang='lat' dir='ltr'><em>mollibus</em></span> <span class='ocrx_word' id='word_1_408' title='bbox 3605 2756 3733 2814; x_wconf 91' lang='lat' dir='ltr'><em>her-</em></span> 
     </span>
    </p>
   </div>
   <div class='ocr_carea' id='block_1_59' title="bbox 2052 2837 3724 2915">
    <p class='ocr_par' dir='ltr' id='par_1_59' title="bbox 2052 2837 3724 2915">
     <span class='ocr_line' id='line_1_59' title="bbox 2052 2837 3724 2915; baseline 0.005 -20"><span class='ocrx_word' id='word_1_409' title='bbox 2052 2842 2145 2896; x_wconf 91' lang='lat' dir='ltr'><em>bis</em></span> <span class='ocrx_word' id='word_1_410' title='bbox 2174 2839 2367 2897; x_wconf 90' lang='lat' dir='ltr'><em>dictus</em></span> <span class='ocrx_word' id='word_1_411' title='bbox 2396 2844 2505 2907; x_wconf 90' lang='lat' dir='ltr'><em>est,</em></span> <span class='ocrx_word' id='word_1_412' title='bbox 2533 2858 2714 2913; x_wconf 88' lang='lat' dir='ltr'><em>supra</em></span> <span class='ocrx_word' id='word_1_413' title='bbox 2742 2859 2893 2914; x_wconf 84' lang='lat' dir='ltr'><em>quas</em></span> <span class='ocrx_word' id='word_1_414' title='bbox 2924 2840 3254 2915; x_wconf 88' lang='lat' dir='ltr'><em>antiquitus</em></span> <span class='ocrx_word' id='word_1_415' title='bbox 3284 2837 3724 2910; x_wconf 87' lang='lat' dir='ltr'><em>quiescentium</em></span> 
     </span>
    </p>
   </div>
   <div class='ocr_carea' id='block_1_60' title="bbox 2050 2927 3723 3002">
    <p class='ocr_par' dir='ltr' id='par_1_60' title="bbox 2050 2927 3723 3002">
     <span class='ocr_line' id='line_1_60' title="bbox 2050 2927 3723 3002; baseline 0.004 -16"><span class='ocrx_word' id='word_1_416' title='bbox 2050 2945 2296 3002; x_wconf 84' lang='lat' dir='ltr'><em>corpora</em></span> <span class='ocrx_word' id='word_1_417' title='bbox 2322 2930 2773 2986; x_wconf 85' lang='lat' dir='ltr'><em>remittebantur</em></span> <span class='ocrx_word' id='word_1_418' title='bbox 2802 2932 2861 2987; x_wconf 91' lang='lat' dir='ltr'><em>in</em></span> <span class='ocrx_word' id='word_1_419' title='bbox 2902 2948 3175 2988; x_wconf 90' lang='lat' dir='ltr'><em>somnum.</em></span> <span class='ocrx_word' id='word_1_420' title='bbox 3211 2927 3419 3000; x_wconf 76' lang='lat' dir='ltr'><em>Rigore</em></span> <span class='ocrx_word' id='word_1_421' title='bbox 3475 2932 3723 2992; x_wconf 88' lang='lat' dir='ltr'><em>uberius</em></span> 
     </span>
    </p>
   </div>
   <div class='ocr_carea' id='block_1_61' title="bbox 2053 3014 3721 3093">
    <p class='ocr_par' dir='ltr' id='par_1_61' title="bbox 2053 3014 3721 3093">
     <span class='ocr_line' id='line_1_61' title="bbox 2053 3014 3721 3093; baseline 0.001 -19"><span class='ocrx_word' id='word_1_422' title='bbox 2053 3018 2275 3091; x_wconf 90' lang='lat' dir='ltr'><em>aliquid</em></span> <span class='ocrx_word' id='word_1_423' title='bbox 2294 3018 2586 3091; x_wconf 85' lang='lat' dir='ltr'><em>signiﬁcat</em></span> <span class='ocrx_word' id='word_1_424' title='bbox 2601 3036 2779 3092; x_wconf 89' lang='lat' dir='ltr'><em>quam</em></span> <span class='ocrx_word' id='word_1_425' title='bbox 2800 3020 2993 3076; x_wconf 81' lang='lat' dir='ltr'><em>lavare</em></span> <span class='ocrx_word' id='word_1_426' title='bbox 3010 3037 3021 3075; x_wconf 92' lang='lat'>:</span> <span class='ocrx_word' id='word_1_427' title='bbox 3040 3019 3138 3092; x_wconf 89' lang='lat' dir='ltr'><em>qui</em></span> <span class='ocrx_word' id='word_1_428' title='bbox 3160 3014 3418 3090; x_wconf 89' lang='lat' dir='ltr'><em>quotidie</em></span> <span class='ocrx_word' id='word_1_429' title='bbox 3434 3015 3721 3093; x_wconf 81' lang='lat' dir='ltr'><em>lacrymis</em></span> 
     </span>
    </p>
   </div>
   <div class='ocr_carea' id='block_1_62' title="bbox 275 3091 3719 3181">
    <p class='ocr_par' dir='ltr' id='par_1_62' title="bbox 275 3091 3719 3181">
     <span class='ocr_line' id='line_1_62' title="bbox 275 3091 3719 3181; baseline 0 -18"><span class='ocrx_word' id='word_1_430' title='bbox 275 3111 486 3180; x_wconf 87' lang='lat' dir='ltr'><em>genter</em></span> <span class='ocrx_word' id='word_1_431' title='bbox 516 3106 834 3178; x_wconf 88' lang='lat' dir='ltr'><em>inquirenti</em></span> <span class='ocrx_word' id='word_1_432' title='bbox 860 3106 1115 3161; x_wconf 79' lang='lat' dir='ltr'><em>fortasse</em></span> <span class='ocrx_word' id='word_1_433' title='bbox 1144 3111 1199 3161; x_wconf 90' lang='lat' dir='ltr'><em>et</em></span> <span class='ocrx_word' id='word_1_434' title='bbox 1223 3105 1318 3161; x_wconf 88' lang='lat' dir='ltr'><em>alii</em></span> <span class='ocrx_word' id='word_1_435' title='bbox 1354 3102 1722 3161; x_wconf 90' lang='lat' dir='ltr'><em>remissionis</em></span> <span class='ocrx_word' id='word_1_436' title='bbox 1742 3104 1937 3161; x_wconf 89' lang='lat' dir='ltr'><em>modi:</em></span> <span class='ocrx_word' id='word_1_437' title='bbox 1974 3091 2018 3157; x_wconf 85' lang='lat' dir='ltr'>C</span> <span class='ocrx_word' id='word_1_438' title='bbox 2055 3111 2306 3163; x_wconf 87' lang='lat' dir='ltr'><em>stratum</em></span> <span class='ocrx_word' id='word_1_439' title='bbox 2340 3106 2510 3180; x_wconf 84' lang='lat' dir='ltr'><em>rigat,</em></span> <span class='ocrx_word' id='word_1_440' title='bbox 2543 3091 2660 3163; x_wconf 83' lang='lat' dir='ltr'><em>non</em></span> <span class='ocrx_word' id='word_1_441' title='bbox 2693 3113 2884 3181; x_wconf 87' lang='lat' dir='ltr'><em>potest</em></span> <span class='ocrx_word' id='word_1_442' title='bbox 2911 3108 2971 3164; x_wconf 91' lang='lat' dir='ltr'><em>in</em></span> <span class='ocrx_word' id='word_1_443' title='bbox 3002 3091 3351 3178; x_wconf 87' lang='lat' dir='ltr'><em>cogitatione</em></span> <span class='ocrx_word' id='word_1_444' title='bbox 3387 3103 3543 3174; x_wconf 86' lang='lat' dir='ltr'><em>ejus,</em></span> <span class='ocrx_word' id='word_1_445' title='bbox 3569 3091 3719 3166; x_wconf 80' lang='lat' dir='ltr'><em>libi-</em></span> 
     </span>
    </p>
   </div>
   <div class='ocr_carea' id='block_1_63' title="bbox 274 3192 1943 3268">
    <p class='ocr_par' dir='ltr' id='par_1_63' title="bbox 274 3192 1943 3268">
     <span class='ocr_line' id='line_1_63' title="bbox 274 3192 1943 3268; baseline -0.001 -16"><span class='ocrx_word' id='word_1_446' title='bbox 274 3194 542 3268; x_wconf 86' lang='lat' dir='ltr'><em>psalmos</em></span> <span class='ocrx_word' id='word_1_447' title='bbox 562 3212 697 3250; x_wconf 89' lang='lat' dir='ltr'><em>vero</em></span> <span class='ocrx_word' id='word_1_448' title='bbox 726 3192 1162 3267; x_wconf 75' lang='lat' dir='ltr'><em>pmnitentiales</em></span> <span class='ocrx_word' id='word_1_449' title='bbox 1185 3211 1297 3250; x_wconf 90' lang='lat' dir='ltr'><em>non</em></span> <span class='ocrx_word' id='word_1_450' title='bbox 1320 3193 1527 3251; x_wconf 89' lang='lat' dir='ltr'><em>credas</em></span> <span class='ocrx_word' id='word_1_451' title='bbox 1548 3192 1845 3248; x_wconf 88' lang='lat' dir='ltr'><em>incassum</em></span> <span class='ocrx_word' id='word_1_452' title='bbox 1870 3195 1943 3250; x_wconf 92' lang='lat' dir='ltr'><em>ad</em></span> 
     </span>
    </p>
   </div>
   <div class='ocr_carea' id='block_1_64' title="bbox 276 3281 1941 3356">
    <p class='ocr_par' dir='ltr' id='par_1_64' title="bbox 276 3281 1941 3356">
     <span class='ocr_line' id='line_1_64' title="bbox 276 3281 1941 3356; baseline -0.001 -16"><span class='ocrx_word' id='word_1_453' title='bbox 276 3283 678 3356; x_wconf 87' lang='lat' dir='ltr'><em>septenarium</em></span> <span class='ocrx_word' id='word_1_454' title='bbox 693 3299 1015 3339; x_wconf 90' lang='lat' dir='ltr'><em>numerum</em></span> <span class='ocrx_word' id='word_1_455' title='bbox 1035 3283 1402 3354; x_wconf 70' lang='lat' dir='ltr'><em>amajoribus</em></span> <span class='ocrx_word' id='word_1_456' title='bbox 1423 3281 1803 3355; x_wconf 89' lang='lat' dir='ltr'><em>perductos.C</em></span> <span class='ocrx_word' id='word_1_457' title='bbox 1816 3282 1941 3356; x_wconf 84' lang='lat' dir='ltr'><em>Non</em></span> 
     </span>
    </p>
   </div>
   <div class='ocr_carea' id='block_1_65' title="bbox 274 3354 1941 3446">
    <p class='ocr_par' dir='ltr' id='par_1_65' title="bbox 274 3354 1941 3446">
     <span class='ocr_line' id='line_1_65' title="bbox 274 3354 1941 3446; baseline -0.001 -16"><span class='ocrx_word' id='word_1_458' title='bbox 274 3354 436 3430; x_wconf 86' lang='lat' dir='ltr'><em>enim</em></span> <span class='ocrx_word' id='word_1_459' title='bbox 461 3372 753 3446; x_wconf 88' lang='lat' dir='ltr'><em>supplicat</em></span> <span class='ocrx_word' id='word_1_460' title='bbox 775 3371 1102 3428; x_wconf 88' lang='lat' dir='ltr'><em>Dominum</em></span> <span class='ocrx_word' id='word_1_461' title='bbox 1127 3372 1405 3444; x_wconf 85' lang='lat' dir='ltr'><em>propheta</em></span> <span class='ocrx_word' id='word_1_462' title='bbox 1423 3375 1487 3427; x_wconf 92' lang='lat' dir='ltr'><em>ut</em></span> <span class='ocrx_word' id='word_1_463' title='bbox 1505 3388 1617 3426; x_wconf 90' lang='lat' dir='ltr'><em>non</em></span> <span class='ocrx_word' id='word_1_464' title='bbox 1640 3354 1941 3443; x_wconf 74' lang='lat' dir='ltr'><em>arguatur,</em></span> 
     </span>
    </p>
   </div>
   <div class='ocr_carea' id='block_1_66' title="bbox 273 3459 1941 3536">
    <p class='ocr_par' dir='ltr' id='par_1_66' title="bbox 273 3459 1941 3536">
     <span class='ocr_line' id='line_1_66' title="bbox 273 3459 1941 3536; baseline 0 -18"><span class='ocrx_word' id='word_1_465' title='bbox 273 3480 411 3519; x_wconf 87' lang='lat' dir='ltr'><em>cum</em></span> <span class='ocrx_word' id='word_1_466' title='bbox 436 3462 687 3536; x_wconf 85' lang='lat' dir='ltr'><em>legitur:</em></span> <span class='ocrx_word' id='word_1_467' title='bbox 711 3464 871 3529; x_wconf 87' lang='lat' dir='ltr'><em>Quos</em></span> <span class='ocrx_word' id='word_1_468' title='bbox 902 3477 1063 3527; x_wconf 87' lang='lat' dir='ltr'><em>amo,</em></span> <span class='ocrx_word' id='word_1_469' title='bbox 1092 3477 1301 3533; x_wconf 88' lang='lat' dir='ltr'><em>arguo;</em></span> <span class='ocrx_word' id='word_1_470' title='bbox 1332 3461 1431 3517; x_wconf 91' lang='lat' dir='ltr'><em>sed</em></span> <span class='ocrx_word' id='word_1_471' title='bbox 1458 3476 1530 3515; x_wconf 87' lang='lat' dir='ltr'><em>ne</em></span> <span class='ocrx_word' id='word_1_472' title='bbox 1560 3459 1617 3514; x_wconf 92' lang='lat' dir='ltr'><em>in</em></span> <span class='ocrx_word' id='word_1_473' title='bbox 1640 3460 1941 3518; x_wconf 86' lang='lat' dir='ltr'><em>severitate</em></span> 
     </span>
    </p>
   </div>
   <div class='ocr_carea' id='block_1_67' title="bbox 262 3546 1943 3624">
    <p class='ocr_par' dir='ltr' id='par_1_67' title="bbox 262 3546 1943 3624">
     <span class='ocr_line' id='line_1_67' title="bbox 262 3546 1943 3624; baseline -0.001 -17"><span class='ocrx_word' id='word_1_474' title='bbox 262 3551 481 3624; x_wconf 89' lang='lat' dir='ltr'><em>judicii</em></span> <span class='ocrx_word' id='word_1_475' title='bbox 522 3551 856 3606; x_wconf 84' lang='lat' dir='ltr'><em>damnetur.</em></span> <span class='ocrx_word' id='word_1_476' title='bbox 894 3550 987 3606; x_wconf 90' lang='lat' dir='ltr'><em>Ira</em></span> <span class='ocrx_word' id='word_1_477' title='bbox 1016 3553 1107 3606; x_wconf 87' lang='lat' dir='ltr'><em>est</em></span> <span class='ocrx_word' id='word_1_478' title='bbox 1164 3548 1338 3623; x_wconf 89' lang='lat' dir='ltr'><em>longa</em></span> <span class='ocrx_word' id='word_1_479' title='bbox 1386 3546 1747 3622; x_wconf 86' lang='lat' dir='ltr'><em>indignatio;</em></span> <span class='ocrx_word' id='word_1_480' title='bbox 1782 3547 1943 3606; x_wconf 89' lang='lat' dir='ltr'><em>furor</em></span> 
     </span>
    </p>
   </div>
   <div class='ocr_carea' id='block_1_68' title="bbox 269 3637 1941 3708">
    <p class='ocr_par' dir='ltr' id='par_1_68' title="bbox 269 3637 1941 3708">
     <span class='ocr_line' id='line_1_68' title="bbox 269 3637 1941 3708; baseline 0 -12"><span class='ocrx_word' id='word_1_481' title='bbox 269 3641 441 3697; x_wconf 82' lang='lat' dir='ltr'><em>velox</em></span> <span class='ocrx_word' id='word_1_482' title='bbox 474 3641 740 3697; x_wconf 89' lang='lat' dir='ltr'><em>accensio</em></span> <span class='ocrx_word' id='word_1_483' title='bbox 772 3640 1017 3704; x_wconf 88' lang='lat' dir='ltr'><em>mentis,</em></span> <span class='ocrx_word' id='word_1_484' title='bbox 1046 3639 1148 3695; x_wconf 92' lang='lat' dir='ltr'><em>sed</em></span> <span class='ocrx_word' id='word_1_485' title='bbox 1180 3638 1266 3694; x_wconf 91' lang='lat' dir='ltr'><em>ira</em></span> <span class='ocrx_word' id='word_1_486' title='bbox 1293 3637 1941 3708; x_wconf 87' lang='lat' dir='ltr'><em>vehementior,quibus</em></span> 
     </span>
    </p>
   </div>
   <div class='ocr_carea' id='block_1_69' title="bbox 270 3726 1936 3803">
    <p class='ocr_par' dir='ltr' id='par_1_69' title="bbox 270 3726 1936 3803">
     <span class='ocr_line' id='line_1_69' title="bbox 270 3726 1936 3803; baseline -0.002 -17"><span class='ocrx_word' id='word_1_487' title='bbox 270 3732 559 3801; x_wconf 87' lang='lat' dir='ltr'><em>Dominus</em></span> <span class='ocrx_word' id='word_1_488' title='bbox 589 3745 897 3803; x_wconf 89' lang='lat' dir='ltr'><em>nunquam</em></span> <span class='ocrx_word' id='word_1_489' title='bbox 931 3727 1387 3795; x_wconf 87' lang='lat' dir='ltr'><em>movebitur,sed</em></span> <span class='ocrx_word' id='word_1_490' title='bbox 1414 3727 1580 3798; x_wconf 82' lang='lat' dir='ltr'><em>justa</em></span> <span class='ocrx_word' id='word_1_491' title='bbox 1606 3726 1936 3798; x_wconf 84' lang='lat' dir='ltr'><em>tranquilli-</em></span> 
     </span>
    </p>
   </div>
   <div class='ocr_carea' id='block_1_70' title="bbox 268 3813 1938 3889">
    <p class='ocr_par' dir='ltr' id='par_1_70' title="bbox 268 3813 1938 3889">
     <span class='ocr_line' id='line_1_70' title="bbox 268 3813 1938 3889; baseline -0.001 -15"><span class='ocrx_word' id='word_1_492' title='bbox 268 3824 392 3874; x_wconf 85' lang='lat' dir='ltr'><em>tate</em></span> <span class='ocrx_word' id='word_1_493' title='bbox 420 3817 689 3875; x_wconf 85' lang='lat' dir='ltr'><em>consistit</em></span> <span class='ocrx_word' id='word_1_494' title='bbox 734 3818 919 3875; x_wconf 90' lang='lat' dir='ltr'><em>etiam</em></span> <span class='ocrx_word' id='word_1_495' title='bbox 972 3817 1291 3889; x_wconf 89' lang='lat' dir='ltr'><em>puniendo.</em></span> <span class='ocrx_word' id='word_1_496' title='bbox 1331 3813 1710 3871; x_wconf 87' lang='lat' dir='ltr'><em>Translativis</em></span> <span class='ocrx_word' id='word_1_497' title='bbox 1759 3814 1938 3888; x_wconf 89' lang='lat' dir='ltr'><em>igitur</em></span> 
     </span>
    </p>
   </div>
   <div class='ocr_carea' id='block_1_71' title="bbox 264 3906 1250 3964">
    <p class='ocr_par' dir='ltr' id='par_1_71' title="bbox 264 3906 1250 3964">
     <span class='ocr_line' id='line_1_71' title="bbox 264 3906 1250 3964; baseline -0.001 -2"><span class='ocrx_word' id='word_1_498' title='bbox 264 3908 466 3964; x_wconf 83' lang='lat' dir='ltr'><em>verbis</em></span> <span class='ocrx_word' id='word_1_499' title='bbox 495 3908 616 3963; x_wconf 62' lang='lat' dir='ltr'><em>hac</em></span> <span class='ocrx_word' id='word_1_500' title='bbox 645 3907 716 3963; x_wconf 90' lang='lat' dir='ltr'><em>de</em></span> <span class='ocrx_word' id='word_1_501' title='bbox 747 3908 866 3963; x_wconf 89' lang='lat' dir='ltr'><em>Deo</em></span> <span class='ocrx_word' id='word_1_502' title='bbox 901 3906 1062 3962; x_wconf 90' lang='lat' dir='ltr'><em>dicta</em></span> <span class='ocrx_word' id='word_1_503' title='bbox 1092 3909 1250 3961; x_wconf 88' lang='lat' dir='ltr'><em>sunt.</em></span> 
     </span>
    </p>
   </div>
   <div class='ocr_carea' id='block_1_72' title="bbox 306 3992 1936 4066">
    <p class='ocr_par' dir='ltr' id='par_1_72' title="bbox 306 3992 1936 4066">
     <span class='ocr_line' id='line_1_72' title="bbox 306 3992 1936 4066; baseline -0.001 -15"><span class='ocrx_word' id='word_1_504' title='bbox 306 4001 342 4051; x_wconf 87' lang='lat'><strong>2</strong></span> <span class='ocrx_word' id='word_1_505' title='bbox 416 3998 674 4054; x_wconf 59' lang='lat' dir='ltr'><em>miserere</em></span> <span class='ocrx_word' id='word_1_506' title='bbox 702 3998 832 4061; x_wconf 88' lang='lat' dir='ltr'><em>mei,</em></span> <span class='ocrx_word' id='word_1_507' title='bbox 881 3997 1132 4063; x_wconf 85' lang='lat' dir='ltr'><em>Domine,</em></span> <span class='ocrx_word' id='word_1_508' title='bbox 1174 3996 1434 4066; x_wconf 85' lang='lat' dir='ltr'><em>quoniam</em></span> <span class='ocrx_word' id='word_1_509' title='bbox 1481 3992 1734 4064; x_wconf 80' lang='lat' dir='ltr'><em>inﬁrmus</em></span> <span class='ocrx_word' id='word_1_510' title='bbox 1778 4010 1936 4061; x_wconf 80' lang='lat' dir='ltr'><em>sum;</em></span> 
     </span>
    </p>
   </div>
   <div class='ocr_carea' id='block_1_73' title="bbox 419 4083 1935 4158">
    <p class='ocr_par' dir='ltr' id='par_1_73' title="bbox 419 4083 1935 4158">
     <span class='ocr_line' id='line_1_73' title="bbox 419 4083 1935 4158; baseline -0.001 -16"><span class='ocrx_word' id='word_1_511' title='bbox 419 4086 572 4142; x_wconf 86' lang='lat' dir='ltr'><em>Sana</em></span> <span class='ocrx_word' id='word_1_512' title='bbox 597 4102 705 4151; x_wconf 89' lang='lat' dir='ltr'><em>me,</em></span> <span class='ocrx_word' id='word_1_513' title='bbox 738 4087 992 4150; x_wconf 86' lang='lat' dir='ltr'><em>Domine,</em></span> <span class='ocrx_word' id='word_1_514' title='bbox 1026 4085 1288 4158; x_wconf 82' lang='lat' dir='ltr'><em>quoniam</em></span> <span class='ocrx_word' id='word_1_515' title='bbox 1321 4083 1641 4140; x_wconf 87' lang='lat' dir='ltr'><em>conturbata</em></span> <span class='ocrx_word' id='word_1_516' title='bbox 1670 4090 1798 4139; x_wconf 85' lang='lat' dir='ltr'><em>sunt</em></span> <span class='ocrx_word' id='word_1_517' title='bbox 1816 4100 1935 4141; x_wconf 87' lang='lat' dir='ltr'><em>ossa</em></span> 
     </span>
    </p>
   </div>
   <div class='ocr_carea' id='block_1_74' title="bbox 487 4191 629 4230">
    <p class='ocr_par' dir='ltr' id='par_1_74' title="bbox 487 4191 629 4230">
     <span class='ocr_line' id='line_1_74' title="bbox 487 4191 629 4230; baseline -0.007 0"><span class='ocrx_word' id='word_1_518' title='bbox 487 4191 629 4230; x_wconf 78' lang='lat' dir='ltr'><em>mea.</em></span> 
     </span>
    </p>
   </div>
   <div class='ocr_carea' id='block_1_75' title="bbox 349 4259 1931 4319">
    <p class='ocr_par' dir='ltr' id='par_1_75' title="bbox 349 4259 1931 4319">
     <span class='ocr_line' id='line_1_75' title="bbox 349 4259 1931 4319; baseline -0.001 0"><span class='ocrx_word' id='word_1_519' title='bbox 349 4268 390 4318; x_wconf 90' lang='lat' dir='ltr'>C</span> <span class='ocrx_word' id='word_1_520' title='bbox 422 4264 782 4319; x_wconf 85' lang='lat' dir='ltr'><em>lnﬁrmitatis</em></span> <span class='ocrx_word' id='word_1_521' title='bbox 812 4261 1105 4319; x_wconf 90' lang='lat' dir='ltr'><em>confessio</em></span> <span class='ocrx_word' id='word_1_522' title='bbox 1134 4278 1147 4317; x_wconf 94' lang='lat'>:</span> <span class='ocrx_word' id='word_1_523' title='bbox 1183 4262 1280 4317; x_wconf 89' lang='lat' dir='ltr'><em>Dei</em></span> <span class='ocrx_word' id='word_1_524' title='bbox 1313 4259 1773 4317; x_wconf 75' lang='lat' dir='ltr'><em>misericordiam</em></span> <span class='ocrx_word' id='word_1_525' title='bbox 1807 4278 1931 4317; x_wconf 85' lang='lat' dir='ltr'><em>mo-</em></span> 
     </span>
    </p>
   </div>
   <div class='ocr_carea' id='block_1_76' title="bbox 278 4349 1930 4425">
    <p class='ocr_par' dir='ltr' id='par_1_76' title="bbox 278 4349 1930 4425">
     <span class='ocr_line' id='line_1_76' title="bbox 278 4349 1930 4425; baseline -0.001 -18"><span class='ocrx_word' id='word_1_526' title='bbox 278 4358 390 4418; x_wconf 85' lang='lat' dir='ltr'><em>vet,</em></span> <span class='ocrx_word' id='word_1_527' title='bbox 425 4370 456 4407; x_wconf 88' lang='lat' dir='ltr'><em>a</em></span> <span class='ocrx_word' id='word_1_528' title='bbox 486 4369 603 4425; x_wconf 92' lang='lat' dir='ltr'><em>quo</em></span> <span class='ocrx_word' id='word_1_529' title='bbox 634 4352 799 4409; x_wconf 87' lang='lat' dir='ltr'><em>facile</em></span> <span class='ocrx_word' id='word_1_530' title='bbox 831 4350 1663 4425; x_wconf 90' lang='lat' dir='ltr'><em>impetranturremedia,cum</em></span> <span class='ocrx_word' id='word_1_531' title='bbox 1687 4349 1930 4406; x_wconf 89' lang='lat' dir='ltr'><em>vulnera</em></span> 
     </span>
    </p>
   </div>
   <div class='ocr_carea' id='block_1_77' title="bbox 2054 3195 2835 3269">
    <p class='ocr_par' dir='ltr' id='par_1_77' title="bbox 2054 3195 2835 3269">
     <span class='ocr_line' id='line_1_77' title="bbox 2054 3195 2835 3269; baseline 0 -18"><span class='ocrx_word' id='word_1_532' title='bbox 2054 3195 2261 3251; x_wconf 88' lang='lat' dir='ltr'><em>diuum</em></span> <span class='ocrx_word' id='word_1_533' title='bbox 2295 3211 2510 3268; x_wconf 89' lang='lat' dir='ltr'><em>pompa</em></span> <span class='ocrx_word' id='word_1_534' title='bbox 2532 3197 2835 3269; x_wconf 82' lang='lat' dir='ltr'><em>subripere.</em></span> 
     </span>
    </p>
   </div>
   <div class='ocr_carea' id='block_1_78' title="bbox 2084 3284 3271 3359">
    <p class='ocr_par' dir='ltr' id='par_1_78' title="bbox 2084 3284 3271 3359">
     <span class='ocr_line' id='line_1_78' title="bbox 2084 3284 3271 3359; baseline 0.008 -21"><span class='ocrx_word' id='word_1_535' title='bbox 2084 3286 2120 3338; x_wconf 92' lang='lat'><strong>7</strong></span> <span class='ocrx_word' id='word_1_536' title='bbox 2197 3285 2461 3340; x_wconf 84' lang='lat' dir='ltr'><em>Turbatus</em></span> <span class='ocrx_word' id='word_1_537' title='bbox 2488 3292 2568 3340; x_wconf 85' lang='lat' dir='ltr'><em>est</em></span> <span class='ocrx_word' id='word_1_538' title='bbox 2589 3304 2625 3340; x_wconf 93' lang='lat' dir='ltr'><em>a</em></span> <span class='ocrx_word' id='word_1_539' title='bbox 2650 3288 2841 3359; x_wconf 83' lang='lat' dir='ltr'><em>furore</em></span> <span class='ocrx_word' id='word_1_540' title='bbox 2869 3284 3057 3342; x_wconf 84' lang='lat' dir='ltr'><em>oculus</em></span> <span class='ocrx_word' id='word_1_541' title='bbox 3082 3298 3271 3347; x_wconf 71' lang='lat' dir='ltr'><em>mm;</em></span> 
     </span>
    </p>
   </div>
   <div class='ocr_carea' id='block_1_79' title="bbox 2193 3374 3363 3432">
    <p class='ocr_par' dir='ltr' id='par_1_79' title="bbox 2193 3374 3363 3432">
     <span class='ocr_line' id='line_1_79' title="bbox 2193 3374 3363 3432; baseline -0.003 -4"><span class='ocrx_word' id='word_1_542' title='bbox 2193 3374 2496 3429; x_wconf 83' lang='lat' dir='ltr'><em>Inveteravi</em></span> <span class='ocrx_word' id='word_1_543' title='bbox 2526 3376 2671 3430; x_wconf 86' lang='lat' dir='ltr'><em>inter</em></span> <span class='ocrx_word' id='word_1_544' title='bbox 2696 3392 2886 3432; x_wconf 86' lang='lat' dir='ltr'><em>omnes</em></span> <span class='ocrx_word' id='word_1_545' title='bbox 2914 3375 3169 3430; x_wconf 86' lang='lat' dir='ltr'><em>inimicos</em></span> <span class='ocrx_word' id='word_1_546' title='bbox 3197 3386 3363 3428; x_wconf 87' lang='lat' dir='ltr'><em>meos.</em></span> 
     </span>
    </p>
   </div>
   <div class='ocr_carea' id='block_1_80' title="bbox 2120 3458 3712 3538">
    <p class='ocr_par' dir='ltr' id='par_1_80' title="bbox 2120 3458 3712 3538">
     <span class='ocr_line' id='line_1_80' title="bbox 2120 3458 3712 3538; baseline 0.003 -22"><span class='ocrx_word' id='word_1_547' title='bbox 2120 3465 2161 3515; x_wconf 92' lang='lat' dir='ltr'>C</span> <span class='ocrx_word' id='word_1_548' title='bbox 2189 3461 2407 3517; x_wconf 88' lang='lat' dir='ltr'><em>Oculus</em></span> <span class='ocrx_word' id='word_1_549' title='bbox 2439 3462 2631 3520; x_wconf 90' lang='lat' dir='ltr'><em>dictus</em></span> <span class='ocrx_word' id='word_1_550' title='bbox 2654 3463 2822 3538; x_wconf 86' lang='lat' dir='ltr'><em>quasi</em></span> <span class='ocrx_word' id='word_1_551' title='bbox 2849 3462 3005 3520; x_wconf 88' lang='lat' dir='ltr'><em>ocior</em></span> <span class='ocrx_word' id='word_1_552' title='bbox 3033 3460 3315 3534; x_wconf 87' lang='lat' dir='ltr'><em>lux,quod</em></span> <span class='ocrx_word' id='word_1_553' title='bbox 3338 3458 3452 3515; x_wconf 92' lang='lat' dir='ltr'><em>cito</em></span> <span class='ocrx_word' id='word_1_554' title='bbox 3484 3460 3712 3520; x_wconf 81' lang='lat' dir='ltr'><em>intenta</em></span> 
     </span>
    </p>
   </div>
   <div class='ocr_carea' id='block_1_81' title="bbox 2049 3549 3710 3627">
    <p class='ocr_par' dir='ltr' id='par_1_81' title="bbox 2049 3549 3710 3627">
     <span class='ocr_line' id='line_1_81' title="bbox 2049 3549 3710 3627; baseline 0.002 -22"><span class='ocrx_word' id='word_1_555' title='bbox 2049 3550 2476 3623; x_wconf 88' lang='lat' dir='ltr'><em>respiciat,sive</em></span> <span class='ocrx_word' id='word_1_556' title='bbox 2507 3568 2638 3624; x_wconf 65' lang='lat' dir='ltr'><em>qua:</em></span> <span class='ocrx_word' id='word_1_557' title='bbox 2670 3552 2967 3627; x_wconf 90' lang='lat' dir='ltr'><em>palpebris</em></span> <span class='ocrx_word' id='word_1_558' title='bbox 2997 3549 3401 3608; x_wconf 90' lang='lat' dir='ltr'><em>occulentibus</em></span> <span class='ocrx_word' id='word_1_559' title='bbox 3423 3550 3710 3621; x_wconf 88' lang='lat' dir='ltr'><em>probatur</em></span> 
     </span>
    </p>
   </div>
   <div class='ocr_carea' id='block_1_82' title="bbox 2047 3638 3705 3706">
    <p class='ocr_par' dir='ltr' id='par_1_82' title="bbox 2047 3638 3705 3706">
     <span class='ocr_line' id='line_1_82' title="bbox 2047 3638 3705 3706; baseline 0.001 -10"><span class='ocrx_word' id='word_1_560' title='bbox 2047 3638 2330 3696; x_wconf 91' lang='lat' dir='ltr'><em>occultus.</em></span> <span class='ocrx_word' id='word_1_561' title='bbox 2350 3640 2507 3696; x_wconf 90' lang='lat' dir='ltr'><em>Unde</em></span> <span class='ocrx_word' id='word_1_562' title='bbox 2532 3641 2630 3699; x_wconf 91' lang='lat' dir='ltr'><em>hic</em></span> <span class='ocrx_word' id='word_1_563' title='bbox 2664 3660 2677 3698; x_wconf 92' lang='lat'>:</span> <span class='ocrx_word' id='word_1_564' title='bbox 2714 3643 2960 3699; x_wconf 90' lang='lat' dir='ltr'><em>Oculum</em></span> <span class='ocrx_word' id='word_1_565' title='bbox 2981 3639 3173 3697; x_wconf 91' lang='lat' dir='ltr'><em>cordis</em></span> <span class='ocrx_word' id='word_1_566' title='bbox 3204 3638 3348 3693; x_wconf 89' lang='lat' dir='ltr'><em>dicit</em></span> <span class='ocrx_word' id='word_1_567' title='bbox 3375 3639 3705 3706; x_wconf 89' lang='lat' dir='ltr'><em>turbatum,</em></span> 
     </span>
    </p>
   </div>
   <div class='ocr_carea' id='block_1_83' title="bbox 2046 3728 3704 3805">
    <p class='ocr_par' dir='ltr' id='par_1_83' title="bbox 2046 3728 3704 3805">
     <span class='ocr_line' id='line_1_83' title="bbox 2046 3728 3704 3805; baseline 0.001 -21"><span class='ocrx_word' id='word_1_568' title='bbox 2046 3728 2105 3784; x_wconf 90' lang='lat' dir='ltr'><em>id</em></span> <span class='ocrx_word' id='word_1_569' title='bbox 2138 3733 2245 3793; x_wconf 90' lang='lat' dir='ltr'><em>est,</em></span> <span class='ocrx_word' id='word_1_570' title='bbox 2261 3728 2307 3784; x_wconf 90' lang='lat' dir='ltr'><strong>H</strong></span> <span class='ocrx_word' id='word_1_571' title='bbox 2335 3732 2521 3785; x_wconf 89' lang='lat' dir='ltr'><em>totum</em></span> <span class='ocrx_word' id='word_1_572' title='bbox 2544 3731 2866 3805; x_wconf 89' lang='lat' dir='ltr'><em>principale</em></span> <span class='ocrx_word' id='word_1_573' title='bbox 2883 3731 3077 3787; x_wconf 88' lang='lat' dir='ltr'><em>cordis</em></span> <span class='ocrx_word' id='word_1_574' title='bbox 3095 3729 3207 3786; x_wconf 89' lang='lat' dir='ltr'><em>mei</em></span> <span class='ocrx_word' id='word_1_575' title='bbox 3230 3729 3704 3786; x_wconf 85' lang='lat' dir='ltr'><em>contremuit.1n-</em></span> 
     </span>
    </p>
   </div>
   <div class='ocr_carea' id='block_1_84' title="bbox 2044 3817 3704 3891">
    <p class='ocr_par' dir='ltr' id='par_1_84' title="bbox 2044 3817 3704 3891">
     <span class='ocr_line' id='line_1_84' title="bbox 2044 3817 3704 3891; baseline 0.001 -20"><span class='ocrx_word' id='word_1_576' title='bbox 2044 3817 2313 3888; x_wconf 87' lang='lat' dir='ltr'><em>veteravi,</em></span> <span class='ocrx_word' id='word_1_577' title='bbox 2347 3817 2404 3872; x_wconf 91' lang='lat' dir='ltr'><em>id</em></span> <span class='ocrx_word' id='word_1_578' title='bbox 2437 3822 2550 3885; x_wconf 89' lang='lat' dir='ltr'><em>est,</em></span> <span class='ocrx_word' id='word_1_579' title='bbox 2581 3820 2624 3876; x_wconf 89' lang='lat' dir='ltr'>C</span> <span class='ocrx_word' id='word_1_580' title='bbox 2656 3822 2714 3877; x_wconf 93' lang='lat' dir='ltr'><em>in</em></span> <span class='ocrx_word' id='word_1_581' title='bbox 2743 3820 2954 3877; x_wconf 88' lang='lat' dir='ltr'><em>veteris</em></span> <span class='ocrx_word' id='word_1_582' title='bbox 2985 3818 3245 3875; x_wconf 89' lang='lat' dir='ltr'><em>hominis</em></span> <span class='ocrx_word' id='word_1_583' title='bbox 3273 3817 3408 3873; x_wconf 66' lang='lat' dir='ltr'><em>Adae</em></span> <span class='ocrx_word' id='word_1_584' title='bbox 3447 3817 3704 3891; x_wconf 88' lang='lat' dir='ltr'><em>antiqui-</em></span> 
     </span>
    </p>
   </div>
   <div class='ocr_carea' id='block_1_85' title="bbox 2042 3906 3703 3980">
    <p class='ocr_par' dir='ltr' id='par_1_85' title="bbox 2042 3906 3703 3980">
     <span class='ocr_line' id='line_1_85' title="bbox 2042 3906 3703 3980; baseline 0.001 -18"><span class='ocrx_word' id='word_1_585' title='bbox 2042 3909 2162 3963; x_wconf 86' lang='lat' dir='ltr'><em>tate</em></span> <span class='ocrx_word' id='word_1_586' title='bbox 2191 3907 2509 3980; x_wconf 90' lang='lat' dir='ltr'><em>permansi.</em></span> <span class='ocrx_word' id='word_1_587' title='bbox 2547 3909 2705 3966; x_wconf 87' lang='lat' dir='ltr'><em>Inter</em></span> <span class='ocrx_word' id='word_1_588' title='bbox 2734 3908 3023 3965; x_wconf 89' lang='lat' dir='ltr'><em>inimicos.</em></span> <span class='ocrx_word' id='word_1_589' title='bbox 3057 3907 3115 3963; x_wconf 91' lang='lat' dir='ltr'><em>id</em></span> <span class='ocrx_word' id='word_1_590' title='bbox 3148 3910 3256 3973; x_wconf 89' lang='lat' dir='ltr'><em>est,</em></span> <span class='ocrx_word' id='word_1_591' title='bbox 3278 3906 3430 3962; x_wconf 90' lang='lat' dir='ltr'><em>inter</em></span> <span class='ocrx_word' id='word_1_592' title='bbox 3459 3906 3703 3979; x_wconf 90' lang='lat' dir='ltr'><em>spiritus</em></span> 
     </span>
    </p>
   </div>
   <div class='ocr_carea' id='block_1_86' title="bbox 2043 3994 3701 4069">
    <p class='ocr_par' dir='ltr' id='par_1_86' title="bbox 2043 3994 3701 4069">
     <span class='ocr_line' id='line_1_86' title="bbox 2043 3994 3701 4069; baseline -0.001 -18"><span class='ocrx_word' id='word_1_593' title='bbox 2043 3994 2383 4064; x_wconf 90' lang='lat' dir='ltr'><em>diabolicos,</em></span> <span class='ocrx_word' id='word_1_594' title='bbox 2417 3996 2538 4053; x_wconf 90' lang='lat' dir='ltr'><em>sive</em></span> <span class='ocrx_word' id='word_1_595' title='bbox 2568 3997 2721 4055; x_wconf 89' lang='lat' dir='ltr'><em>inter</em></span> <span class='ocrx_word' id='word_1_596' title='bbox 2754 4002 2952 4054; x_wconf 90' lang='lat' dir='ltr'><em>nostra</em></span> <span class='ocrx_word' id='word_1_597' title='bbox 2980 4000 3238 4069; x_wconf 85' lang='lat' dir='ltr'><em>peccata,</em></span> <span class='ocrx_word' id='word_1_598' title='bbox 3272 4010 3399 4066; x_wconf 70' lang='grc' dir='ltr'><em>ῳιω</em></span> <span class='ocrx_word' id='word_1_599' title='bbox 3429 3994 3559 4052; x_wconf 90' lang='lat' dir='ltr'><em>ideo</em></span> <span class='ocrx_word' id='word_1_600' title='bbox 3591 3994 3701 4050; x_wconf 91' lang='lat' dir='ltr'><em>ini-</em></span> 
     </span>
    </p>
   </div>
   <div class='ocr_carea' id='block_1_87' title="bbox 2043 4083 3701 4158">
    <p class='ocr_par' dir='ltr' id='par_1_87' title="bbox 2043 4083 3701 4158">
     <span class='ocr_line' id='line_1_87' title="bbox 2043 4083 3701 4158; baseline -0.001 -18"><span class='ocrx_word' id='word_1_601' title='bbox 2043 4085 2215 4152; x_wconf 89' lang='lat' dir='ltr'><em>mica,</em></span> <span class='ocrx_word' id='word_1_602' title='bbox 2244 4085 2384 4158; x_wconf 91' lang='lat' dir='ltr'><em>quia</em></span> <span class='ocrx_word' id='word_1_603' title='bbox 2416 4091 2651 4144; x_wconf 87' lang='lat' dir='ltr'><em>nostras</em></span> <span class='ocrx_word' id='word_1_604' title='bbox 2684 4087 2914 4143; x_wconf 88' lang='lat' dir='ltr'><em>animas</em></span> <span class='ocrx_word' id='word_1_605' title='bbox 2946 4086 3017 4142; x_wconf 92' lang='lat' dir='ltr'><em>ad</em></span> <span class='ocrx_word' id='word_1_606' title='bbox 3050 4089 3272 4141; x_wconf 88' lang='lat' dir='ltr'><em>tartara</em></span> <span class='ocrx_word' id='word_1_607' title='bbox 3301 4083 3619 4152; x_wconf 89' lang='lat' dir='ltr'><em>deducunt,</em></span> <span class='ocrx_word' id='word_1_608' title='bbox 3644 4087 3701 4139; x_wconf 89' lang='lat' dir='ltr'><em>et</em></span> 
     </span>
    </p>
   </div>
   <div class='ocr_carea' id='block_1_88' title="bbox 2041 4174 2984 4232">
    <p class='ocr_par' dir='ltr' id='par_1_88' title="bbox 2041 4174 2984 4232">
     <span class='ocr_line' id='line_1_88' title="bbox 2041 4174 2984 4232; baseline -0.002 -2"><span class='ocrx_word' id='word_1_609' title='bbox 2041 4174 2111 4230; x_wconf 89' lang='lat' dir='ltr'><em>ad</em></span> <span class='ocrx_word' id='word_1_610' title='bbox 2145 4174 2255 4229; x_wconf 91' lang='lat' dir='ltr'><em>hoc</em></span> <span class='ocrx_word' id='word_1_611' title='bbox 2287 4174 2545 4232; x_wconf 87' lang='lat' dir='ltr'><em>feraliter</em></span> <span class='ocrx_word' id='word_1_612' title='bbox 2575 4176 2984 4232; x_wconf 86' lang='lat' dir='ltr'><em>blandiuntur.</em></span> 
     </span>
    </p>
   </div>
   <div class='ocr_carea' id='block_1_89' title="bbox 2075 4260 3699 4335">
    <p class='ocr_par' dir='ltr' id='par_1_89' title="bbox 2075 4260 3699 4335">
     <span class='ocr_line' id='line_1_89' title="bbox 2075 4260 3699 4335; baseline -0.002 -15"><span class='ocrx_word' id='word_1_613' title='bbox 2075 4266 2109 4319; x_wconf 92' lang='lat'>8</span> <span class='ocrx_word' id='word_1_614' title='bbox 2185 4264 2450 4320; x_wconf 79' lang='lat' dir='ltr'><em>Discedite</em></span> <span class='ocrx_word' id='word_1_615' title='bbox 2479 4283 2513 4319; x_wconf 89' lang='lat' dir='ltr'><em>a</em></span> <span class='ocrx_word' id='word_1_616' title='bbox 2540 4280 2838 4334; x_wconf 86' lang='lat' dir='ltr'><em>me,omnes</em></span> <span class='ocrx_word' id='word_1_617' title='bbox 2865 4265 2963 4335; x_wconf 91' lang='lat' dir='ltr'><em>qui</em></span> <span class='ocrx_word' id='word_1_618' title='bbox 2981 4262 3291 4334; x_wconf 82' lang='lat' dir='ltr'><em>operamini</em></span> <span class='ocrx_word' id='word_1_619' title='bbox 3320 4260 3699 4333; x_wconf 84' lang='lat' dir='ltr'><em>iniquitatem;</em></span> 
     </span>
    </p>
   </div>
   <div class='ocr_carea' id='block_1_90' title="bbox 2185 4350 3587 4421">
    <p class='ocr_par' dir='ltr' id='par_1_90' title="bbox 2185 4350 3587 4421">
     <span class='ocr_line' id='line_1_90' title="bbox 2185 4350 3587 4421; baseline -0.004 -12"><span class='ocrx_word' id='word_1_620' title='bbox 2185 4353 2454 4421; x_wconf 85' lang='lat' dir='ltr'><em>Quoniam</em></span> <span class='ocrx_word' id='word_1_621' title='bbox 2482 4354 2771 4410; x_wconf 67' lang='lat' dir='ltr'><em>exaudivit</em></span> <span class='ocrx_word' id='word_1_622' title='bbox 2796 4353 3058 4408; x_wconf 83' lang='lat' dir='ltr'><em>Dominus</em></span> <span class='ocrx_word' id='word_1_623' title='bbox 3080 4366 3258 4407; x_wconf 89' lang='lat' dir='ltr'><em>vocem</em></span> <span class='ocrx_word' id='word_1_624' title='bbox 3278 4350 3436 4419; x_wconf 84' lang='lat' dir='ltr'><em>ﬂetus</em></span> <span class='ocrx_word' id='word_1_625' title='bbox 3458 4351 3587 4405; x_wconf 91' lang='lat' dir='ltr'><em>mei.</em></span> 
     </span>
    </p>
   </div>
   <div class='ocr_carea' id='block_1_91' title="bbox 282 4438 3697 4530">
    <p class='ocr_par' dir='ltr' id='par_1_91' title="bbox 282 4438 3697 4530">
     <span class='ocr_line' id='line_1_91' title="bbox 282 4438 3697 4530; baseline -0.001 -33"><span class='ocrx_word' id='word_1_626' title='bbox 282 4443 495 4530; x_wconf 86' lang='lat' dir='ltr'><em>peccati</em></span> <span class='ocrx_word' id='word_1_627' title='bbox 520 4441 995 4498; x_wconf 87' lang='lat' dir='ltr'><em>manifestantur.</em></span> <span class='ocrx_word' id='word_1_628' title='bbox 1015 4438 1279 4530; x_wconf 87' lang='lat' dir='ltr'><em>Ossahic</em></span> <span class='ocrx_word' id='word_1_629' title='bbox 1297 4438 1692 4530; x_wconf 86' lang='lat' dir='ltr'><em>fortitudinem</em></span> <span class='ocrx_word' id='word_1_630' title='bbox 1718 4440 1929 4496; x_wconf 89' lang='lat' dir='ltr'><em>mentis</em></span> <span class='ocrx_word' id='word_1_631' title='bbox 1959 4463 2008 4530; x_wconf 82' lang='lat' dir='ltr'><strong>D</strong></span> <span class='ocrx_word' id='word_1_632' title='bbox 2110 4444 2151 4497; x_wconf 85' lang='lat' dir='ltr'><strong>C</strong></span> <span class='ocrx_word' id='word_1_633' title='bbox 2183 4440 2328 4496; x_wconf 88' lang='lat' dir='ltr'><em>Petit</em></span> <span class='ocrx_word' id='word_1_634' title='bbox 2358 4441 2641 4514; x_wconf 88' lang='lat' dir='ltr'><em>propheta</em></span> <span class='ocrx_word' id='word_1_635' title='bbox 2671 4459 2705 4498; x_wconf 92' lang='lat' dir='ltr'><em>a</em></span> <span class='ocrx_word' id='word_1_636' title='bbox 2731 4454 2792 4497; x_wconf 89' lang='lat' dir='ltr'><em>se</em></span> <span class='ocrx_word' id='word_1_637' title='bbox 2822 4440 3091 4496; x_wconf 87' lang='lat' dir='ltr'><em>recedere</em></span> <span class='ocrx_word' id='word_1_638' title='bbox 3141 4438 3471 4495; x_wconf 88' lang='lat' dir='ltr'><em>societatem</em></span> <span class='ocrx_word' id='word_1_639' title='bbox 3515 4438 3697 4494; x_wconf 87' lang='lat' dir='ltr'><em>malo-</em></span> 
     </span>
    </p>
   </div>
   <div class='ocr_carea' id='block_1_92' title="bbox 280 4528 1929 4604">
    <p class='ocr_par' dir='ltr' id='par_1_92' title="bbox 280 4528 1929 4604">
     <span class='ocr_line' id='line_1_92' title="bbox 280 4528 1929 4604; baseline -0.001 -17"><span class='ocrx_word' id='word_1_640' title='bbox 280 4529 635 4604; x_wconf 83' lang='lat' dir='ltr'><em>signiﬁcant,</em></span> <span class='ocrx_word' id='word_1_641' title='bbox 665 4548 792 4603; x_wconf 65' lang='lat' dir='ltr'><em>qua:</em></span> <span class='ocrx_word' id='word_1_642' title='bbox 824 4547 959 4587; x_wconf 89' lang='lat' dir='ltr'><em>cum</em></span> <span class='ocrx_word' id='word_1_643' title='bbox 1016 4529 1234 4596; x_wconf 88' lang='lat' dir='ltr'><em>deﬁcit,</em></span> <span class='ocrx_word' id='word_1_644' title='bbox 1267 4529 1430 4602; x_wconf 91' lang='lat' dir='ltr'><em>vigor</em></span> <span class='ocrx_word' id='word_1_645' title='bbox 1482 4528 1696 4584; x_wconf 90' lang='lat' dir='ltr'><em>mentis</em></span> <span class='ocrx_word' id='word_1_646' title='bbox 1735 4531 1929 4586; x_wconf 90' lang='lat' dir='ltr'><em>omnis</em></span> 
     </span>
    </p>
   </div>
   <div class='ocr_carea' id='block_1_93' title="bbox 279 4616 1930 4690">
    <p class='ocr_par' dir='ltr' id='par_1_93' title="bbox 279 4616 1930 4690">
     <span class='ocr_line' id='line_1_93' title="bbox 279 4616 1930 4690; baseline 0.001 -16"><span class='ocrx_word' id='word_1_647' title='bbox 279 4618 544 4687; x_wconf 80' lang='lat' dir='ltr'><em>elabitur,</em></span> <span class='ocrx_word' id='word_1_648' title='bbox 572 4619 726 4674; x_wconf 90' lang='lat' dir='ltr'><em>sicut</em></span> <span class='ocrx_word' id='word_1_649' title='bbox 755 4623 812 4675; x_wconf 89' lang='lat' dir='ltr'><em>et</em></span> <span class='ocrx_word' id='word_1_650' title='bbox 838 4619 1078 4676; x_wconf 90' lang='lat' dir='ltr'><em>ossibus</em></span> <span class='ocrx_word' id='word_1_651' title='bbox 1118 4617 1377 4690; x_wconf 88' lang='lat' dir='ltr'><em>corporis</em></span> <span class='ocrx_word' id='word_1_652' title='bbox 1408 4616 1722 4690; x_wconf 87' lang='lat' dir='ltr'><em>quassatis,</em></span> <span class='ocrx_word' id='word_1_653' title='bbox 1757 4635 1930 4675; x_wconf 91' lang='lat' dir='ltr'><em>omne</em></span> 
     </span>
    </p>
   </div>
   <div class='ocr_carea' id='block_1_94' title="bbox 277 4708 876 4781">
    <p class='ocr_par' dir='ltr' id='par_1_94' title="bbox 277 4708 876 4781">
     <span class='ocr_line' id='line_1_94' title="bbox 277 4708 876 4781; baseline -0.002 -18"><span class='ocrx_word' id='word_1_654' title='bbox 277 4724 490 4781; x_wconf 85' lang='lat' dir='ltr'><em>corpus</em></span> <span class='ocrx_word' id='word_1_655' title='bbox 520 4708 876 4764; x_wconf 85' lang='lat' dir='ltr'><em>inﬁrmatur.</em></span> 
     </span>
    </p>
   </div>
   <div class='ocr_carea' id='block_1_95' title="bbox 310 4796 1425 4864">
    <p class='ocr_par' dir='ltr' id='par_1_95' title="bbox 310 4796 1425 4864">
     <span class='ocr_line' id='line_1_95' title="bbox 310 4796 1425 4864; baseline -0.002 -11"><span class='ocrx_word' id='word_1_656' title='bbox 310 4798 346 4853; x_wconf 91' lang='lat'><strong>3</strong></span> <span class='ocrx_word' id='word_1_657' title='bbox 418 4799 483 4853; x_wconf 85' lang='lat' dir='ltr'><em>Et</em></span> <span class='ocrx_word' id='word_1_658' title='bbox 509 4798 703 4852; x_wconf 86' lang='lat' dir='ltr'><em>anima</em></span> <span class='ocrx_word' id='word_1_659' title='bbox 730 4813 847 4853; x_wconf 85' lang='lat' dir='ltr'><em>mea</em></span> <span class='ocrx_word' id='word_1_660' title='bbox 880 4798 1102 4854; x_wconf 86' lang='lat' dir='ltr'><em>turbata</em></span> <span class='ocrx_word' id='word_1_661' title='bbox 1128 4801 1209 4853; x_wconf 90' lang='lat' dir='ltr'><em>est</em></span> <span class='ocrx_word' id='word_1_662' title='bbox 1239 4796 1425 4864; x_wconf 81' lang='lat' dir='ltr'><em>valde;</em></span> 
     </span>
    </p>
   </div>
   <div class='ocr_carea' id='block_1_96' title="bbox 418 4885 1224 4958">
    <p class='ocr_par' dir='ltr' id='par_1_96' title="bbox 418 4885 1224 4958">
     <span class='ocr_line' id='line_1_96' title="bbox 418 4885 1224 4958; baseline -0.001 -18"><span class='ocrx_word' id='word_1_663' title='bbox 418 4885 483 4940; x_wconf 78' lang='lat' dir='ltr'><em>Et</em></span> <span class='ocrx_word' id='word_1_664' title='bbox 512 4893 592 4951; x_wconf 88' lang='lat' dir='ltr'><em>tu,</em></span> <span class='ocrx_word' id='word_1_665' title='bbox 625 4885 871 4952; x_wconf 83' lang='lat' dir='ltr'><em>Domine,</em></span> <span class='ocrx_word' id='word_1_666' title='bbox 904 4885 1224 4958; x_wconf 84' lang='lat' dir='ltr'><em>usquequo?</em></span> 
     </span>
    </p>
   </div>
   <div class='ocr_carea' id='block_1_97' title="bbox 349 4972 1931 5048">
    <p class='ocr_par' dir='ltr' id='par_1_97' title="bbox 349 4972 1931 5048">
     <span class='ocr_line' id='line_1_97' title="bbox 349 4972 1931 5048; baseline 0.002 -19"><span class='ocrx_word' id='word_1_667' title='bbox 349 4973 394 5029; x_wconf 81' lang='lat' dir='ltr'><em>li</em></span> <span class='ocrx_word' id='word_1_668' title='bbox 430 4974 584 5030; x_wconf 86' lang='lat' dir='ltr'><em>Dixit</em></span> <span class='ocrx_word' id='word_1_669' title='bbox 614 4974 873 5033; x_wconf 70' lang='lat' dir='ltr'><em>animim</em></span> <span class='ocrx_word' id='word_1_670' title='bbox 898 4991 1068 5032; x_wconf 87' lang='lat' dir='ltr'><em>suam</em></span> <span class='ocrx_word' id='word_1_671' title='bbox 1092 4974 1386 5030; x_wconf 88' lang='lat' dir='ltr'><em>turbatam</em></span> <span class='ocrx_word' id='word_1_672' title='bbox 1409 4989 1559 5039; x_wconf 89' lang='lat' dir='ltr'><em>esse,</em></span> <span class='ocrx_word' id='word_1_673' title='bbox 1583 4972 1802 5031; x_wconf 87' lang='lat' dir='ltr'><em>scilicet</em></span> <span class='ocrx_word' id='word_1_674' title='bbox 1828 4992 1931 5048; x_wconf 91' lang='lat' dir='ltr'><em>per</em></span> 
     </span>
    </p>
   </div>
   <div class='ocr_carea' id='block_1_98' title="bbox 274 5060 1929 5136">
    <p class='ocr_par' dir='ltr' id='par_1_98' title="bbox 274 5060 1929 5136">
     <span class='ocr_line' id='line_1_98' title="bbox 274 5060 1929 5136; baseline 0.002 -17"><span class='ocrx_word' id='word_1_675' title='bbox 274 5063 683 5136; x_wconf 70' lang='lat' dir='ltr'><em>paenitentiam</em></span> <span class='ocrx_word' id='word_1_676' title='bbox 706 5064 778 5119; x_wconf 83' lang='lat' dir='ltr'><em>ad</em></span> <span class='ocrx_word' id='word_1_677' title='bbox 799 5063 1255 5119; x_wconf 90' lang='lat' dir='ltr'><em>emendandum.</em></span> <span class='ocrx_word' id='word_1_678' title='bbox 1289 5066 1328 5117; x_wconf 93' lang='lat' dir='ltr'>C</span> <span class='ocrx_word' id='word_1_679' title='bbox 1358 5060 1539 5118; x_wconf 88' lang='lat' dir='ltr'><em>Valde</em></span> <span class='ocrx_word' id='word_1_680' title='bbox 1564 5080 1577 5118; x_wconf 89' lang='lat'><strong>:</strong></span> <span class='ocrx_word' id='word_1_681' title='bbox 1603 5061 1733 5120; x_wconf 90' lang='lat' dir='ltr'><em>ideo</em></span> <span class='ocrx_word' id='word_1_682' title='bbox 1760 5064 1929 5122; x_wconf 84' lang='lat' dir='ltr'><em>dixit:</em></span> 
     </span>
    </p>
   </div>
   <div class='ocr_carea' id='block_1_99' title="bbox 276 5151 1931 5226">
    <p class='ocr_par' dir='ltr' id='par_1_99' title="bbox 276 5151 1931 5226">
     <span class='ocr_line' id='line_1_99' title="bbox 276 5151 1931 5226; baseline 0.001 -19"><span class='ocrx_word' id='word_1_683' title='bbox 276 5169 352 5207; x_wconf 88' lang='lat' dir='ltr'><em>ne</em></span> <span class='ocrx_word' id='word_1_684' title='bbox 377 5152 635 5208; x_wconf 89' lang='lat' dir='ltr'><em>clemens</em></span> <span class='ocrx_word' id='word_1_685' title='bbox 665 5152 931 5209; x_wconf 87' lang='lat' dir='ltr'><em>Christus</em></span> <span class='ocrx_word' id='word_1_686' title='bbox 954 5155 1249 5226; x_wconf 87' lang='lat' dir='ltr'><em>pateretur</em></span> <span class='ocrx_word' id='word_1_687' title='bbox 1268 5151 1490 5207; x_wconf 90' lang='lat' dir='ltr'><em>diutius</em></span> <span class='ocrx_word' id='word_1_688' title='bbox 1513 5153 1745 5210; x_wconf 88' lang='lat' dir='ltr'><em>tardare</em></span> <span class='ocrx_word' id='word_1_689' title='bbox 1765 5154 1931 5225; x_wconf 87' lang='lat' dir='ltr'><em>adju-</em></span> 
     </span>
    </p>
   </div>
   <div class='ocr_carea' id='block_1_100' title="bbox 276 5240 1931 5315">
    <p class='ocr_par' dir='ltr' id='par_1_100' title="bbox 276 5240 1931 5315">
     <span class='ocr_line' id='line_1_100' title="bbox 276 5240 1931 5315; baseline 0.002 -19"><span class='ocrx_word' id='word_1_690' title='bbox 276 5242 519 5296; x_wconf 89' lang='lat' dir='ltr'><em>torium.</em></span> <span class='ocrx_word' id='word_1_691' title='bbox 558 5240 890 5314; x_wconf 89' lang='lat' dir='ltr'><em>Usquequo,</em></span> <span class='ocrx_word' id='word_1_692' title='bbox 924 5241 1275 5298; x_wconf 89' lang='lat' dir='ltr'><em>subauditur</em></span> <span class='ocrx_word' id='word_1_693' title='bbox 1303 5240 1503 5297; x_wconf 71' lang='lat' dir='ltr'><em>differs</em></span> <span class='ocrx_word' id='word_1_694' title='bbox 1529 5242 1931 5315; x_wconf 87' lang='lat' dir='ltr'><em>misereri,qui</em></span> 
     </span>
    </p>
   </div>
   <div class='ocr_carea' id='block_1_101' title="bbox 275 5329 1930 5404">
    <p class='ocr_par' dir='ltr' id='par_1_101' title="bbox 275 5329 1930 5404">
     <span class='ocr_line' id='line_1_101' title="bbox 275 5329 1930 5404; baseline 0.002 -19"><span class='ocrx_word' id='word_1_695' title='bbox 275 5346 469 5402; x_wconf 88' lang='lat' dir='ltr'><em>usque</em></span> <span class='ocrx_word' id='word_1_696' title='bbox 485 5330 557 5385; x_wconf 92' lang='lat' dir='ltr'><em>ad</em></span> <span class='ocrx_word' id='word_1_697' title='bbox 582 5330 758 5386; x_wconf 83' lang='lat' dir='ltr'><em>finem</em></span> <span class='ocrx_word' id='word_1_698' title='bbox 781 5347 981 5404; x_wconf 89' lang='lat' dir='ltr'><em>preces</em></span> <span class='ocrx_word' id='word_1_699' title='bbox 1003 5329 1359 5404; x_wconf 90' lang='lat' dir='ltr'><em>supplicium</em></span> <span class='ocrx_word' id='word_1_700' title='bbox 1385 5347 1499 5385; x_wconf 89' lang='lat' dir='ltr'><em>non</em></span> <span class='ocrx_word' id='word_1_701' title='bbox 1521 5330 1674 5387; x_wconf 90' lang='lat' dir='ltr'><em>soles</em></span> <span class='ocrx_word' id='word_1_702' title='bbox 1695 5331 1930 5389; x_wconf 88' lang='lat' dir='ltr'><em>oblivis-</em></span> 
     </span>
    </p>
   </div>
   <div class='ocr_carea' id='block_1_102' title="bbox 274 5419 1931 5493">
    <p class='ocr_par' dir='ltr' id='par_1_102' title="bbox 274 5419 1931 5493">
     <span class='ocr_line' id='line_1_102' title="bbox 274 5419 1931 5493; baseline 0.001 -18"><span class='ocrx_word' id='word_1_703' title='bbox 274 5419 352 5475; x_wconf 89' lang='lat' dir='ltr'><em>ci.</em></span> <span class='ocrx_word' id='word_1_704' title='bbox 378 5421 419 5475; x_wconf 88' lang='lat' dir='ltr'><strong>H</strong></span> <span class='ocrx_word' id='word_1_705' title='bbox 442 5419 547 5475; x_wconf 85' lang='lat' dir='ltr'><em>Vel</em></span> <span class='ocrx_word' id='word_1_706' title='bbox 577 5437 883 5493; x_wconf 89' lang='lat' dir='ltr'><em>usquequo</em></span> <span class='ocrx_word' id='word_1_707' title='bbox 907 5420 1166 5476; x_wconf 88' lang='lat' dir='ltr'><em>animam</em></span> <span class='ocrx_word' id='word_1_708' title='bbox 1189 5437 1380 5476; x_wconf 88' lang='lat' dir='ltr'><em>meam</em></span> <span class='ocrx_word' id='word_1_709' title='bbox 1402 5419 1775 5477; x_wconf 89' lang='lat' dir='ltr'><em>vehementer</em></span> <span class='ocrx_word' id='word_1_710' title='bbox 1794 5438 1931 5477; x_wconf 86' lang='lat' dir='ltr'><em>con-</em></span> 
     </span>
    </p>
   </div>
   <div class='ocr_carea' id='block_1_103' title="bbox 278 5509 1926 5581">
    <p class='ocr_par' dir='ltr' id='par_1_103' title="bbox 278 5509 1926 5581">
     <span class='ocr_line' id='line_1_103' title="bbox 278 5509 1926 5581; baseline 0.003 -19"><span class='ocrx_word' id='word_1_711' title='bbox 278 5509 577 5564; x_wconf 84' lang='lat' dir='ltr'><em>turbatam</em></span> <span class='ocrx_word' id='word_1_712' title='bbox 611 5526 722 5565; x_wconf 90' lang='lat' dir='ltr'><em>non</em></span> <span class='ocrx_word' id='word_1_713' title='bbox 772 5509 968 5581; x_wconf 89' lang='lat' dir='ltr'><em>eripis,</em></span> <span class='ocrx_word' id='word_1_714' title='bbox 1002 5527 1113 5566; x_wconf 88' lang='lat' dir='ltr'><em>non</em></span> <span class='ocrx_word' id='word_1_715' title='bbox 1156 5509 1418 5579; x_wconf 83' lang='lat' dir='ltr'><em>corrigis,</em></span> <span class='ocrx_word' id='word_1_716' title='bbox 1454 5525 1567 5567; x_wconf 90' lang='lat' dir='ltr'><em>non</em></span> <span class='ocrx_word' id='word_1_717' title='bbox 1627 5512 1926 5567; x_wconf 87' lang='lat' dir='ltr'><em>emendas.</em></span> 
     </span>
    </p>
   </div>
   <div class='ocr_carea' id='block_1_104' title="bbox 2037 4528 3695 4605">
    <p class='ocr_par' dir='ltr' id='par_1_104' title="bbox 2037 4528 3695 4605">
     <span class='ocr_line' id='line_1_104' title="bbox 2037 4528 3695 4605; baseline -0.002 -18"><span class='ocrx_word' id='word_1_718' title='bbox 2037 4549 2192 4595; x_wconf 88' lang='lat' dir='ltr'><em>rum,</em></span> <span class='ocrx_word' id='word_1_719' title='bbox 2217 4537 2282 4587; x_wconf 93' lang='lat' dir='ltr'><em>ut</em></span> <span class='ocrx_word' id='word_1_720' title='bbox 2307 4530 2574 4587; x_wconf 90' lang='lat' dir='ltr'><em>securius</em></span> <span class='ocrx_word' id='word_1_721' title='bbox 2605 4530 2789 4605; x_wconf 88' lang='lat' dir='ltr'><em>possit</em></span> <span class='ocrx_word' id='word_1_722' title='bbox 2815 4546 2921 4586; x_wconf 92' lang='lat' dir='ltr'><em>suo</em></span> <span class='ocrx_word' id='word_1_723' title='bbox 2954 4528 3201 4586; x_wconf 88' lang='lat' dir='ltr'><em>Domino</em></span> <span class='ocrx_word' id='word_1_724' title='bbox 3229 4528 3536 4596; x_wconf 86' lang='lat' dir='ltr'><em>servire,ut</em></span> <span class='ocrx_word' id='word_1_725' title='bbox 3566 4545 3695 4601; x_wconf 68' lang='lat' dir='ltr'><em>qua:</em></span> 
     </span>
    </p>
   </div>
   <div class='ocr_carea' id='block_1_105' title="bbox 2038 4617 3691 4695">
    <p class='ocr_par' dir='ltr' id='par_1_105' title="bbox 2038 4617 3691 4695">
     <span class='ocr_line' id='line_1_105' title="bbox 2038 4617 3691 4695; baseline -0.002 -18"><span class='ocrx_word' id='word_1_726' title='bbox 2038 4620 2326 4677; x_wconf 88' lang='lat' dir='ltr'><em>malorum</em></span> <span class='ocrx_word' id='word_1_727' title='bbox 2360 4620 2601 4695; x_wconf 88' lang='lat' dir='ltr'><em>collegio</em></span> <span class='ocrx_word' id='word_1_728' title='bbox 2636 4624 2990 4694; x_wconf 88' lang='lat' dir='ltr'><em>peccaverat,</em></span> <span class='ocrx_word' id='word_1_729' title='bbox 3026 4618 3245 4693; x_wconf 85' lang='lat' dir='ltr'><em>fugatis</em></span> <span class='ocrx_word' id='word_1_730' title='bbox 3297 4633 3331 4673; x_wconf 89' lang='lat' dir='ltr'><em>a</em></span> <span class='ocrx_word' id='word_1_731' title='bbox 3360 4635 3422 4675; x_wconf 90' lang='lat' dir='ltr'><em>se</em></span> <span class='ocrx_word' id='word_1_732' title='bbox 3452 4617 3691 4681; x_wconf 85' lang='lat' dir='ltr'><em>talibus.</em></span> 
     </span>
    </p>
   </div>
   <div class='ocr_carea' id='block_1_106' title="bbox 2040 4708 3693 4781">
    <p class='ocr_par' dir='ltr' id='par_1_106' title="bbox 2040 4708 3693 4781">
     <span class='ocr_line' id='line_1_106' title="bbox 2040 4708 3693 4781; baseline -0.003 -14"><span class='ocrx_word' id='word_1_733' title='bbox 2040 4709 2334 4767; x_wconf 89' lang='lat' dir='ltr'><em>mandatis</em></span> <span class='ocrx_word' id='word_1_734' title='bbox 2354 4708 2584 4767; x_wconf 89' lang='lat' dir='ltr'><em>Domini</em></span> <span class='ocrx_word' id='word_1_735' title='bbox 2599 4708 3015 4765; x_wconf 90' lang='lat' dir='ltr'><em>devotissimus</em></span> <span class='ocrx_word' id='word_1_736' title='bbox 3031 4708 3438 4781; x_wconf 87' lang='lat' dir='ltr'><em>appareret.Eo</em></span> <span class='ocrx_word' id='word_1_737' title='bbox 3459 4722 3693 4779; x_wconf 89' lang='lat' dir='ltr'><em>quoque</em></span> 
     </span>
    </p>
   </div>
   <div class='ocr_carea' id='block_1_107' title="bbox 2041 4794 3692 4871">
    <p class='ocr_par' dir='ltr' id='par_1_107' title="bbox 2041 4794 3692 4871">
     <span class='ocr_line' id='line_1_107' title="bbox 2041 4794 3692 4871; baseline -0.002 -16"><span class='ocrx_word' id='word_1_738' title='bbox 2041 4798 2213 4856; x_wconf 89' lang='lat' dir='ltr'><em>modo</em></span> <span class='ocrx_word' id='word_1_739' title='bbox 2244 4815 2305 4854; x_wconf 91' lang='lat' dir='ltr'><em>se</em></span> <span class='ocrx_word' id='word_1_740' title='bbox 2333 4799 2540 4871; x_wconf 87' lang='lat' dir='ltr'><em>probat</em></span> <span class='ocrx_word' id='word_1_741' title='bbox 2568 4799 2638 4854; x_wconf 89' lang='lat' dir='ltr'><em>ad</em></span> <span class='ocrx_word' id='word_1_742' title='bbox 2694 4797 2927 4871; x_wconf 87' lang='lat' dir='ltr'><em>plenam</em></span> <span class='ocrx_word' id='word_1_743' title='bbox 2979 4796 3393 4852; x_wconf 86' lang='lat' dir='ltr'><em>correctionem</em></span> <span class='ocrx_word' id='word_1_744' title='bbox 3441 4794 3692 4861; x_wconf 88' lang='lat' dir='ltr'><em>venisse,</em></span> 
     </span>
    </p>
   </div>
   <div class='ocr_carea' id='block_1_108' title="bbox 2039 4883 3707 4961">
    <p class='ocr_par' dir='ltr' id='par_1_108' title="bbox 2039 4883 3707 4961">
     <span class='ocr_line' id='line_1_108' title="bbox 2039 4883 3707 4961; baseline -0.002 -18"><span class='ocrx_word' id='word_1_745' title='bbox 2039 4888 2180 4961; x_wconf 89' lang='lat' dir='ltr'><em>quia</em></span> <span class='ocrx_word' id='word_1_746' title='bbox 2210 4904 2272 4943; x_wconf 89' lang='lat' dir='ltr'><em>se</em></span> <span class='ocrx_word' id='word_1_747' title='bbox 2300 4887 2483 4944; x_wconf 89' lang='lat' dir='ltr'><em>voluit</em></span> <span class='ocrx_word' id='word_1_748' title='bbox 2511 4905 2546 4943; x_wconf 91' lang='lat' dir='ltr'><em>a</em></span> <span class='ocrx_word' id='word_1_749' title='bbox 2576 4886 2867 4943; x_wconf 88' lang='lat' dir='ltr'><em>malorum</em></span> <span class='ocrx_word' id='word_1_750' title='bbox 2901 4884 3174 4941; x_wconf 89' lang='lat' dir='ltr'><em>societate</em></span> <span class='ocrx_word' id='word_1_751' title='bbox 3201 4883 3455 4939; x_wconf 89' lang='lat' dir='ltr'><em>dividere</em></span> <span class='ocrx_word' id='word_1_752' title='bbox 3489 4899 3501 4937; x_wconf 94' lang='lat'><strong>:</strong></span> <span class='ocrx_word' id='word_1_753' title='bbox 3538 4883 3707 4955; x_wconf 83' lang='lat' dir='ltr'><em>unde</em></span> 
     </span>
    </p>
   </div>
   <div class='ocr_carea' id='block_1_109' title="bbox 2041 4973 3021 5051">
    <p class='ocr_par' dir='ltr' id='par_1_109' title="bbox 2041 4973 3021 5051">
     <span class='ocr_line' id='line_1_109' title="bbox 2041 4973 3021 5051; baseline -0.006 -17"><span class='ocrx_word' id='word_1_754' title='bbox 2041 4976 2307 5051; x_wconf 88' lang='lat' dir='ltr'><em>sequitur</em></span> <span class='ocrx_word' id='word_1_755' title='bbox 2340 4995 2352 5033; x_wconf 92' lang='lat'><strong>:</strong></span> <span class='ocrx_word' id='word_1_756' title='bbox 2388 4977 2692 5033; x_wconf 86' lang='lat' dir='ltr'><em>Exaudivit</em></span> <span class='ocrx_word' id='word_1_757' title='bbox 2718 4973 3021 5030; x_wconf 91' lang='lat' dir='ltr'><em>Dominus.</em></span> 
     </span>
    </p>
   </div>
   <div class='ocr_carea' id='block_1_110' title="bbox 2077 5062 3471 5135">
    <p class='ocr_par' dir='ltr' id='par_1_110' title="bbox 2077 5062 3471 5135">
     <span class='ocr_line' id='line_1_110' title="bbox 2077 5062 3471 5135; baseline -0.004 -14"><span class='ocrx_word' id='word_1_758' title='bbox 2077 5068 2112 5121; x_wconf 87' lang='lat'>9</span> <span class='ocrx_word' id='word_1_759' title='bbox 2181 5067 2479 5123; x_wconf 62' lang='lat' dir='ltr'><em>Exaudivit</em></span> <span class='ocrx_word' id='word_1_760' title='bbox 2508 5066 2769 5120; x_wconf 84' lang='lat' dir='ltr'><em>Dominus</em></span> <span class='ocrx_word' id='word_1_761' title='bbox 2798 5062 3231 5135; x_wconf 86' lang='lat' dir='ltr'><em>deprecationem</em></span> <span class='ocrx_word' id='word_1_762' title='bbox 3260 5078 3471 5129; x_wconf 88' lang='lat' dir='ltr'><em>meam;</em></span> 
     </span>
    </p>
   </div>
   <div class='ocr_carea' id='block_1_111' title="bbox 2184 5152 3251 5224">
    <p class='ocr_par' dir='ltr' id='par_1_111' title="bbox 2184 5152 3251 5224">
     <span class='ocr_line' id='line_1_111' title="bbox 2184 5152 3251 5224; baseline -0.006 -11"><span class='ocrx_word' id='word_1_763' title='bbox 2184 5157 2449 5213; x_wconf 88' lang='lat' dir='ltr'><em>Dominus</em></span> <span class='ocrx_word' id='word_1_764' title='bbox 2478 5152 2777 5210; x_wconf 85' lang='lat' dir='ltr'><em>orationem</em></span> <span class='ocrx_word' id='word_1_765' title='bbox 2804 5168 2985 5208; x_wconf 90' lang='lat' dir='ltr'><em>meam</em></span> <span class='ocrx_word' id='word_1_766' title='bbox 3014 5154 3251 5224; x_wconf 86' lang='lat' dir='ltr'><em>suscepit</em></span> 
     </span>
    </p>
   </div>
   <div class='ocr_carea' id='block_1_112' title="bbox 2110 5240 3695 5316">
    <p class='ocr_par' dir='ltr' id='par_1_112' title="bbox 2110 5240 3695 5316">
     <span class='ocr_line' id='line_1_112' title="bbox 2110 5240 3695 5316; baseline -0.003 -16"><span class='ocrx_word' id='word_1_767' title='bbox 2110 5249 2150 5300; x_wconf 89' lang='lat' dir='ltr'>C</span> <span class='ocrx_word' id='word_1_768' title='bbox 2180 5242 2516 5316; x_wconf 90' lang='lat' dir='ltr'><em>Deprecatio</em></span> <span class='ocrx_word' id='word_1_769' title='bbox 2550 5245 2637 5297; x_wconf 90' lang='lat' dir='ltr'><em>est</em></span> <span class='ocrx_word' id='word_1_770' title='bbox 2669 5257 2683 5296; x_wconf 88' lang='lat'><strong>:</strong></span> <span class='ocrx_word' id='word_1_771' title='bbox 2718 5257 2850 5297; x_wconf 91' lang='lat' dir='ltr'><em>cum</em></span> <span class='ocrx_word' id='word_1_772' title='bbox 2883 5240 3095 5313; x_wconf 88' lang='lat' dir='ltr'><em>pietate</em></span> <span class='ocrx_word' id='word_1_773' title='bbox 3127 5240 3400 5313; x_wconf 83' lang='lat' dir='ltr'><em>frequens</em></span> <span class='ocrx_word' id='word_1_774' title='bbox 3425 5240 3695 5308; x_wconf 84' lang='lat' dir='ltr'><em>oratio,et</em></span> 
     </span>
    </p>
   </div>
   <div class='ocr_carea' id='block_1_113' title="bbox 2041 5329 3694 5409">
    <p class='ocr_par' dir='ltr' id='par_1_113' title="bbox 2041 5329 3694 5409">
     <span class='ocr_line' id='line_1_113' title="bbox 2041 5329 3694 5409; baseline -0.004 -18"><span class='ocrx_word' id='word_1_775' title='bbox 2041 5334 2369 5409; x_wconf 89' lang='lat' dir='ltr'><em>deprecatio</em></span> <span class='ocrx_word' id='word_1_776' title='bbox 2401 5330 2526 5389; x_wconf 89' lang='lat' dir='ltr'><em>sola</em></span> <span class='ocrx_word' id='word_1_777' title='bbox 2556 5334 2680 5387; x_wconf 89' lang='lat' dir='ltr'><em>est:</em></span> <span class='ocrx_word' id='word_1_778' title='bbox 2707 5347 2833 5403; x_wconf 65' lang='lat' dir='ltr'><em>quae</em></span> <span class='ocrx_word' id='word_1_779' title='bbox 2866 5329 3051 5385; x_wconf 89' lang='lat' dir='ltr'><em>nimia</em></span> <span class='ocrx_word' id='word_1_780' title='bbox 3080 5330 3329 5397; x_wconf 88' lang='lat' dir='ltr'><em>decet,et</em></span> <span class='ocrx_word' id='word_1_781' title='bbox 3356 5330 3694 5403; x_wconf 87' lang='lat' dir='ltr'><em>importuna</em></span> 
     </span>
    </p>
   </div>
   <div class='ocr_carea' id='block_1_114' title="bbox 2040 5418 3693 5492">
    <p class='ocr_par' dir='ltr' id='par_1_114' title="bbox 2040 5418 3693 5492">
     <span class='ocr_line' id='line_1_114' title="bbox 2040 5418 3693 5492; baseline -0.004 -11"><span class='ocrx_word' id='word_1_782' title='bbox 2040 5423 2332 5481; x_wconf 88' lang='lat' dir='ltr'><em>conciliat.</em></span> <span class='ocrx_word' id='word_1_783' title='bbox 2356 5422 2470 5479; x_wconf 85' lang='lat' dir='ltr'><em>Nec</em></span> <span class='ocrx_word' id='word_1_784' title='bbox 2491 5423 2654 5476; x_wconf 88' lang='lat' dir='ltr'><em>vacat</em></span> <span class='ocrx_word' id='word_1_785' title='bbox 2674 5437 2801 5492; x_wconf 66' lang='lat' dir='ltr'><em>quae</em></span> <span class='ocrx_word' id='word_1_786' title='bbox 2834 5420 2889 5475; x_wconf 90' lang='lat' dir='ltr'><em>in</em></span> <span class='ocrx_word' id='word_1_787' title='bbox 2924 5436 3043 5475; x_wconf 90' lang='lat' dir='ltr'><em>una</em></span> <span class='ocrx_word' id='word_1_788' title='bbox 3065 5418 3571 5491; x_wconf 84' lang='lat' dir='ltr'><em>postulatione,ter</em></span> <span class='ocrx_word' id='word_1_789' title='bbox 3587 5418 3693 5474; x_wconf 82' lang='lat' dir='ltr'><em>Do-</em></span> 
     </span>
    </p>
   </div>
   <div class='ocr_carea' id='block_1_115' title="bbox 2043 5506 3693 5582">
    <p class='ocr_par' dir='ltr' id='par_1_115' title="bbox 2043 5506 3693 5582">
     <span class='ocr_line' id='line_1_115' title="bbox 2043 5506 3693 5582; baseline -0.004 -14"><span class='ocrx_word' id='word_1_790' title='bbox 2043 5513 2271 5569; x_wconf 88' lang='lat' dir='ltr'><em>minum</em></span> <span class='ocrx_word' id='word_1_791' title='bbox 2334 5512 2474 5569; x_wconf 87' lang='lat' dir='ltr'><em>dicit</em></span> <span class='ocrx_word' id='word_1_792' title='bbox 2531 5508 2874 5582; x_wconf 68' lang='lat' dir='ltr'><em>praestitisse</em></span> <span class='ocrx_word' id='word_1_793' title='bbox 2932 5509 3086 5580; x_wconf 91' lang='lat' dir='ltr'><em>quod</em></span> <span class='ocrx_word' id='word_1_794' title='bbox 3138 5506 3599 5579; x_wconf 78' lang='lat' dir='ltr'><em>petiitzscilicet</em></span> <span class='ocrx_word' id='word_1_795' title='bbox 3629 5510 3693 5562; x_wconf 91' lang='lat' dir='ltr'><em>ut</em></span> 
     </span>
    </p>
   </div>
  </div>
