4122 6184
427 288 508 355 63
1341 293 1408 356 S.
1452 291 1848 358 BRUNONIS
1892 292 2515 358 HERBlPOLENSlS
2558 291 2938 358 EPISCOPI.
3770 294 3854 358 64

427 431 781 486 monstraret
812 430 1076 486 sanctam
1107 426 1454 484 Trinitatem
1488 427 1749 484 adfuisse
1784 445 1902 486 suae
1931 428 2077 502 peti—
2109 432 2164 500 Α
2194 429 2422 503 net,qui
2443 427 2666 486 nullam
2687 428 3058 502 iniquitatem
3081 429 3524 503 perpetravit,et
3546 428 3618 488 ad
3641 430 3848 504 David,

427 517 596 575 tioni.

426 607 496 664 10
565 609 899 667 Erubescant
925 617 976 666 et
1021 608 1416 665 conturbantur
1436 607 1508 682 Χ
1527 608 1866 665 vehementer
1905 613 1920 677 ζ
1965 625 2078 666 om-

607 745 619 752 .
637 714 735 754 nes
768 700 990 754 inimici
1016 700 1144 754 mei.

571 787 976 844 Convertuntur
997 796 1051 844 et
1079 789 1396 845 erubescant
1424 788 1580 846 valde
1609 789 1879 846 velociter.

497 877 716 933 C.Cum
749 876 891 932 dicit
934 877 1286 933 erubescant
1317 896 1330 934 :
1362 877 1488 934 vult
1532 882 1865 950 peccatores
1916 881 2080 934 tanta

424 965 874 1038 compunctionc
902 965 1243 1035 illuminari;
1277 971 1342 1023 ut
1371 983 1474 1040 pro
1504 966 1597 1022 his
1628 984 1757 1039 quas
1787 967 1951 1040 prius
1993 967 2076 1023 fa-

423 1054 656 1110 ciebant
689 1071 700 1110 :
734 1071 791 1111 se
837 1055 1157 1112 erubescant
1209 1064 1259 1112 et
1305 1056 1607 1112 emendant.
1644 1056 2078 1112 Conturbentur

423 1143 642 1199 scilicet
673 1144 883 1200 timore
916 1144 1094 1200 futuri
1131 1145 1351 1217 iudicii.
1385 1149 1534 1201 Dum
1556 1146 1718 1212 dicit,
1751 1145 1865 1202 mei
1896 1144 2075 1200 :rela-

423 1233 578 1288 xavit
607 1233 832 1302 odium,
864 1233 958 1290 cui
987 1232 1300 1290 multitudo
1333 1240 1459 1290 erat
1488 1235 1704 1291 donata
1742 1233 2072 1306 culparum.

426 1321 786 1387 Avertanmr,
804 1322 856 1376 id
883 1326 990 1385 est,
1017 1326 1080 1377 ut
1105 1339 1220 1378 non
1250 1323 1664 1396 permittantur
1684 1323 1767 1380 ire
1788 1339 1904 1394 quo
1937 1329 2077 1380 tem-

425 1408 592 1474 dunt,
622 1409 730 1468 hoc
761 1415 849 1465 est
883 1427 1137 1481 peccare.
1173 1411 1216 1466 Η
1267 1411 1628 1468 Erubescant
1671 1429 1683 1468 :
1720 1429 1834 1467 non
1877 1411 2076 1468 leviter

425 1497 526 1553 sed
557 1497 948 1566 vehementer,
979 1516 1093 1554 non
1124 1498 1381 1557 crastino
1421 1503 1681 1572 tempore
1729 1501 1829 1556 sed
1866 1501 2000 1556 cito.
2034 1501 2074 1557 C

424 1586 494 1640 Et
543 1585 673 1641 vide
707 1603 834 1660 quas
880 1586 990 1643 iste
1043 1587 1331 1660 pcenitens
1378 1590 1577 1645 statim
1616 1589 1926 1646 exauditus
1955 1594 2012 1646 et
2039 1607 2074 1646 a

423 1673 677 1745 peccatis
708 1673 1008 1743 liberatus,
1031 1677 1375 1750 evangelicae
1407 1677 1617 1752 regulis
1640 1679 2070 1748 obsecundans,

422 1779 526 1834 pro
561 1762 818 1820 inimicis
846 1765 970 1820 suis
1001 1768 1065 1820 ut
1097 1770 1510 1822 convertantur
1538 1772 1738 1824 exorat
1777 1785 1790 1823 :
1823 1773 1891 1824 ut
1921 1767 2072 1824 sicut

421 1849 546 1922 ipse
576 1847 796 1925 acc‘epit
825 1853 1077 1918 veniam,
1103 1854 1186 1910 ita
1215 1855 1480 1912 carnales
1529 1855 1798 1913 inimicos
1842 1857 1970 1929 ejus
1996 1857 2069 1912 ad

421 1939 653 1996 Domini
685 1941 933 2014 gratiam
964 1943 1153 2000 redire
1177 1943 1498 2018 contingat.

931 2065 1135 2106 ORATIO
1171 2068 1243 2106 ΒΧ
1280 2067 1434 2108 PSAL.
1475 2064 1554 2111 Vl.

491 2152 806 2212 Exauditor
834 2156 1100 2212 omnium
1131 2158 1306 2224 Deus,
1337 2159 1546 2214 exaudi
1592 2163 1927 2215 nostrorum
1966 2159 2068 2214 tle-

418 2245 590 2298 tuum
633 2243 961 2317 supplicem
1005 2262 1202 2302 vocem
1235 2262 1248 2300 :
1281 2251 1340 2302 et
1384 2246 1579 2304 tribue
1624 2247 2068 2304 inﬁrmitatibus

419 2331 637 2386 nostris
666 2336 1007 2405 perpetuam
1057 2335 1419 2408 sospitatem,
1453 2341 1520 2392 ut
1571 2337 1712 2392 dum
1761 2335 2072 2410 dignanter

421 2421 705 2492 gemitum
737 2422 920 2478 nostri
949 2423 1168 2482 laboris
1211 2425 1464 2498 suspicis
1499 2442 1511 2480 :
1545 2429 1650 2481 tua
1697 2441 1802 2481 nos
1839 2441 2070 2498 semper

419 2509 820 2568 misericordia
847 2512 1186 2569 consoleris.
1218 2514 1345 2571 Per.

1004 2639 1336 2698 PSALMUS
1374 2640 1496 2696 VII.

870 2745 1268 2786 ABGUMENTUM
1305 2747 1463 2787 PSAL.
1504 2749 1602 2787 νιι.

487 2837 527 2887 C
557 2837 674 2890 Iste
702 2834 973 2892 Psalmus
999 2837 1070 2892 ad
1097 2835 1312 2894 Christi
1341 2837 1770 2894 humanitatem
1790 2838 2064 2910 pertinet,

417 2921 518 2994 qui
566 2939 669 2996 per
719 2923 777 2980 id
837 2925 992 2998 quod
1051 2925 1239 2984 factus
1289 2931 1378 2982 est
1416 2927 1706 2984 humilis:
1741 2927 2066 2984 secundum

415 3017 584 3067 suam
608 3013 908 3084 justitiam
938 3015 1360 3088 veritatemque
1389 3033 1453 3072 se
1481 3016 1698 3090 expetit
1714 3016 1992 3088 judicari.

556 3101 670 3156 TT.
701 3103 954 3159 Psalmus
1001 3104 1173 3160 David
1201 3121 1360 3177 quem
1403 3107 1649 3162 cantavit
1691 3107 1922 3163 Domino
1966 3123 2066 3178 pro

633 3192 808 3248 verbis
836 3193 1005 3250 Chusi
1028 3191 1148 3266 ﬁlii
1171 3195 1394 3250 Jemini.

487 3279 533 3334 Η
567 3279 882 3337 Sciendum
913 3281 1319 3354 itaqueChusi
1345 3283 1714 3356 interpretari
1755 3286 2064 3358 Ethiopem,

414 3370 472 3424 et
501 3372 690 3425 totum
723 3369 904 3426 istum
937 3371 1233 3442 psalmum
1261 3377 1465 3430 contra
1494 3373 1634 3431 Saut
1658 3390 1788 3431 esse
1808 3373 2065 3430 conscri-

415 3459 584 3529 ptum
617 3473 631 3512 :
666 3474 841 3530 quem
871 3459 1200 3532 [Ethiopem
1232 3465 1414 3528 vocat,
1448 3466 1684 3533 propter
1727 3467 1907 3520 tetros
1936 3463 2064 3532 ejus

416 3547 855 3604 moresJemini
877 3565 1010 3605 vero
1039 3550 1254 3606 dicitur
1282 3550 1504 3606 familia
1527 3551 1929 3622 Benjamin,de
1949 3569 2068 3623 qua

413 3634 551 3692 Saul
581 3641 745 3694 ortus
793 3641 898 3694 est.
935 3641 974 3694 C
1001 3639 1104 3696 Vel
1135 3639 1332 3708 Chusi,
1367 3641 1538 3696 Patre
1579 3640 1908 3712 Augustino
1955 3641 2062 3696 do-

413 3729 600 3794 cente,
629 3725 1047 3799 interpretatur
1089 3729 1420 3796 silentium;
1457 3727 1557 3784 lilii
1602 3731 1798 3785 autem
1825 3729 2060 3799 Jemini,

414 3813 520 3870 ﬁlii
549 3814 760 3872 dextras
792 3816 1227 3890 interpretatur.

452 3903 478 3958 1
553 3905 780 3964 Domine
812 3908 950 3964 Deus
977 3922 1146 3976 meus,
1180 3909 1241 3963 in
1271 3916 1321 3964 te
1343 3910 1560 3980 speravi
1569 3929 1588 3975 ,-

553 3993 778 4050 Salvum
805 4012 894 4050 me
919 3998 1011 4066 fac
1038 4011 1109 4052 ex
1137 3995 1388 4052 omnibus
1431 3997 1875 4070 persequentibus
1903 4015 1988 4054 me
2015 4006 2068 4055 et

627 4083 800 4140 libera
829 4099 934 4139 me.

483 4176 524 4226 C
546 4171 810 4228 Postulat
831 4171 1115 4244 propheta
1137 4173 1368 4229 liberari
1391 4173 1462 4230 de
1476 4172 1763 4230 universis
1783 4174 2060 4245 inimicis,

414 4259 666 4317 maxime
691 4261 761 4316 de
791 4259 1155 4334 spiritalibus
1181 4262 1482 4335 nequitiis,
1505 4263 1644 4337 quia
1673 4263 1933 4321 carnales
1963 4264 2062 4320 ho-

415 4353 536 4405 stes
559 4367 770 4422 corpus
792 4349 1103 4422 impetunt,
1119 4351 1412 4424 spiritales
1436 4369 1570 4408 vero
1591 4355 1822 4410 animas
1853 4371 2061 4411 necare

413 4439 791 4494 contendunt.
808 4437 1045 4496 Salvum
1077 4440 1165 4496 fac
1198 4458 1233 4496 a
1259 4440 1712 4512 peccato,libera
1738 4459 1774 4498 a
1803 4442 2058 4511 diabolo,

2191 519 2291 592 qui
2323 518 2487 577 Sauli
2516 519 2605 576 bis
2637 517 2697 575 in
2727 535 2907 575 manu
2939 519 3067 592 ejus
3087 517 3341 588 cadenti,
3363 517 3527 576 nulla
3547 519 3705 578 mala
3725 522 3852 579 red-

2190 607 2359 665 didit.

2224 698 2258 753 4
2329 699 2391 755 Si
2419 697 2635 754 reddidi
2663 697 3090 755 retribuenlibus
3116 699 3261 755 mihi
3287 699 3477 768 mala;

2326 787 2584 844 Decidam
2609 787 2803 843 merito
2824 787 2894 843 ab
2917 787 3165 844 inimicis
3194 788 3330 843 meis
3361 789 3567 844 inanis.

2257 879 2298 931 C
2325 875 2507 932 Nemo
2537 875 2695 932 enim
2728 875 3018 943 retribuit,
3034 875 3148 932 nisi
3181 875 3280 949 qui
3302 875 3526 948 aliquid
3557 881 3694 934 ante
3719 895 3850 952 per-

2186 965 2358 1039 cepit.
2386 965 2496 1020 Sed
2529 964 2639 1021 iste
2667 963 2756 1019 vir
2785 965 2902 1021 Deo
2932 963 3146 1037 plenus
3199 968 3264 1034 et
3299 964 3597 1040 patientia
3635 966 3852 1024 virtute

2186 1053 2564 1110 ﬁrmissimus
2581 1058 2638 1109 et
2657 1053 2972 1110 benevolus
2995 1055 3232 1127 petit,ut
3249 1054 3298 1110 si
3322 1053 3546 1112 malum
3566 1071 3672 1128 pro
3694 1055 3850 1114 malo

2186 1143 2524 1210 reddiderit,
2541 1141 2772 1199 decidat
2800 1142 2873 1198 ab
2900 1141 3155 1199 inimicis
3186 1142 3476 1210 inanis,id
3511 1147 3848 1214 est,vacua-

2185 1236 2281 1288 tus
2310 1230 2388 1288 sit
2411 1232 2603 1290 fructu
2637 1247 2860 1304 magnae
2890 1231 3470 1288 mansuetudinis.Et
3499 1249 3614 1288 non
3649 1232 3846 1292 solum

2184 1321 2524 1389 hoc,verum
2555 1321 2732 1378 etiam
2758 1320 2935 1394 (quod
2964 1319 3202 1394 gavisus
3233 1323 3345 1390 est)
3366 1319 3415 1376 si
3445 1321 3841 1392 reddidi,etc.,
3940 1342 3951 1351 ·

2183 1414 2590 1485 persequatur.

2215 1501 2253 1556 5
2327 1505 2692 1572 Persequatur
2720 1501 2980 1556 inimicus
3009 1501 3259 1556 animam
3286 1515 3468 1556 meam
3495 1507 3547 1556 et
3596 1517 3844 1573 compre-

2395 1588 2596 1645 hendat
2625 1607 2644 1644 :
2669 1597 2722 1645 et
2749 1589 3024 1646 conculcet
3053 1591 3112 1644 in
3145 1597 3291 1644 terra
3320 1589 3492 1644 vitam
3519 1605 3741 1657 meum,

2324 1679 2389 1734 Et
2415 1679 2654 1751 gloriam
2682 1693 2860 1734 meam
2890 1679 2949 1734 in
2999 1678 3284 1750 pulverem
3311 1677 3561 1734 deducat.
3590 1680 3843 1752 Diapsal-

2397 1785 2534 1824 ma..

2247 1856 2650 1925 CInimicum,
2683 1856 2984 1914 diabolum
3037 1856 3200 1923 dicit,
3247 1855 3349 1929 qui
3405 1857 3640 1913 animas
3691 1873 3842 1930 quas

2178 1946 2623 2019 comprehendit
2651 1945 3072 2019 conterit,quia
3103 1945 3374 2002 homines
3405 1961 3618 2018 corpus
3643 1945 3838 2003 solum

2178 2035 2453 2108 prosequi
2487 2041 2754 2108 possunt,
2770 2035 2872 2092 sed
2895 2034 3164 2092 diabolus
3185 2034 3361 2091 etiam
3389 2034 3838 2108 animam,quod

2177 2123 2311 2197 plus
2339 2129 2448 2181 est.
2480 2127 2560 2181 Ac
2591 2125 2640 2180 si
2671 2125 2934 2192 dixisset,
2967 2125 3028 2182 Si
3074 2123 3331 2181 inimicis
3379 2122 3537 2181 mala
3584 2125 3835 2195 reddidi,

2177 2213 2334 2286 quod
2366 2217 2430 2269 tu
2462 2213 3104 2286 prohibuisti,deducat
3132 2213 3412 2270 honorem
3445 2213 3703 2286 suscepti
3729 2213 3832 2269 ho-

2179 2301 2356 2358 minis
2378 2302 2499 2376 (qui
2526 2303 2598 2359 ad
2627 2303 2945 2376 imaginem
2966 2303 3066 2360 Dei
3090 2307 3320 2360 constat
3347 2303 3557 2374 tactus)
3579 2302 3638 2358 in
3662 2302 3830 2360 illum

2179 2391 2496 2466 pulverem,
2529 2409 2704 2465 quem
2738 2392 2972 2466 projicit
3014 2396 3223 2448 ventus
3271 2410 3308 2448 a
3354 2391 3501 2448 facie
3551 2396 3735 2460 terre,
3767 2392 3830 2448 id

2177 2485 2285 2552 est,
2319 2481 2489 2554 quasi
2520 2481 2578 2537 in
2613 2481 2862 2540 nihilum
2895 2481 3140 2556 redigat.

2210 2571 2246 2625 6
2335 2576 2390 2635 με·
2419 2569 2501 2627 Ex
2569 2577 2582 2637 ζ
2625 2587 2806 2644 surge,
2833 2569 3082 2637 Domine,
3111 2571 3174 2627 in
3203 2571 3290 2626 ira
3317 2577 3432 2626 tua.

2321 2663 2388 2716 Et
2409 2661 2662 2717 exaltare
2691 2661 2754 2716 in
2770 2659 2976 2732 ﬁnibus
3005 2661 3359 2718 inimicorum
3385 2675 3650 2716 meorum.

2245 2752 2287 2804 C
2315 2752 2644 2822 Consurgat
2671 2749 2958 2808 Dominus
2979 2749 3040 2804 in
3065 2749 3282 2822 ira,qui
3312 2765 3430 2806 non
3463 2748 3641 2806 habet
3656 2748 3830 2817 iram,

2176 2837 2234 2894 id
2265 2842 2358 2894 est
2386 2839 2446 2894 in
2495 2836 2830 2895 vindictam.
2866 2837 2913 2894 Η
2963 2842 3180 2895 Verum
3225 2838 3348 2894 hac
3394 2836 3652 2893 vindicta
3699 2854 3831 2910 quas

2175 2926 2393 2983 dicitur
2448 2927 2535 2983 ira
2583 2927 2644 2982 in
2691 2925 2992 2984 diabolum
3037 2925 3232 2998 potius
3281 2925 3459 2983 debet
3496 2924 3696 2990 averti,
3727 2923 3830 2998 qui

2173 3015 2342 3072 toties
2371 3015 2634 3090 punitur,
2663 3016 2894 3090 quoties
2923 3015 3035 3072 sibi
3067 3019 3337 3088 peccator
3365 3014 3632 3088 eripitur,
3660 3019 3725 3070 ut
3743 3013 3831 3070 sic

2174 3103 2402 3162 inimici
2432 3103 2599 3160 illum
2633 3103 2888 3162 sentiant
2916 3121 3021 3178 per
3048 3103 3386 3173 vindictam,
3410 3119 3586 3177 quem
3617 3101 3828 3158 nolue-

2175 3199 2313 3251 runt
2341 3211 2443 3268 per
2471 3193 2774 3251 beneficia.
2803 3193 2846 3249 C
2873 3193 3178 3250 Exaltatur
3213 3192 3388 3261 Deus,
3418 3192 3654 3266 quando
3696 3207 3830 3247 con-

2174 3283 2357 3340 versis
2386 3283 2790 3356 peccatoribus
2819 3283 3108 3340 confessio
3137 3280 3331 3338 laudis
3380 3281 3622 3338 oﬂ‘ertur
3662 3279 3827 3338 Chri-

2175 3376 2294 3442 sto;
2327 3378 2386 3430 et
2414 3373 2522 3429 hoc
2556 3389 2570 3427 :
2600 3377 2666 3428 tn
2697 3372 2938 3438 ﬁnibus,
2972 3371 3029 3427 id
3061 3377 3154 3428 est
3180 3369 3552 3444 possessione
3579 3369 3824 3435 diaboli,

2175 3461 2233 3517 in
2265 3479 2384 3534 qua
2413 3462 2618 3535 utique
2645 3461 2939 3518 exaltatur
2965 3460 3254 3531 Christus,
3286 3459 3428 3516 dum
3459 3476 3494 3516 a
3531 3457 3826 3516 conversis

2175 3550 2469 3607 laudatur.

2206 3642 2242 3694 7
2314 3641 2336 3661 θ
2363 3641 2428 3696 Ει
2458 3659 2477 3696 .·
2505 3656 2712 3708 exurge
2756 3645 2831 3706 ἐν,
2863 3640 3100 3696 Domine
3145 3640 3461 3696 Deus‘meus
3504 3643 3518 3706 ζ
3564 3640 3621 3694 in
3669 3652 3825 3710 pree-

2384 3737 2532 3802 cepto
2559 3728 2700 3801 quod
2727 3729 3026 3796 mandasti,

2313 3819 2378 3874 Et
2404 3835 2684 3892 synagoga
2707 3818 3037 3890 populorum
3060 3817 3426 3874 circumdabit
3453 3827 3524 3875 te.

2243 3906 2611 3964 CMandavit
2663 3905 2946 3964 Dominus
2998 3905 3056 3961 in
3116 3911 3423 3980 praecepto,
3457 3906 3566 3963 hoc
3617 3908 3726 3971 est,
3759 3903 3823 3960 in

2172 3995 2480 4069 Evangelio
2509 3995 2816 4070 discipulis
2848 4011 2862 4050 :
2894 3995 3066 4053 tertia
3108 3995 3203 4053 die
3246 4013 3570 4070 resurgam,
3605 4009 3824 4068 pmice-

2171 4085 2306 4141 dam
2337 4103 2439 4142 vos
2467 4085 2528 4142 in
2559 4084 2862 4153 Galileam,
2895 4085 3043 4141 dixit
3069 4102 3204 4142 vero
3237 4089 3471 4158 propter
3518 4081 3823 4140 certitudi-

2171 4191 2305 4231 nem
2337 4175 2653 4248 prophetia;
2683 4173 3042 4247 preteritum
3073 4190 3178 4246 pro
3228 4173 3446 4230 futuro.
3490 4174 3820 4246 Syuagoga,

2170 4263 2266 4320 hic
2293 4263 2688 4320 collectionem
2721 4262 2917 4336 signat
2946 4262 3488 4336 reproborum,quaa
3519 4261 3818 4318 Christum

2169 4353 2592 4420 circumdabat,
2623 4369 2740 4408 non
2802 4351 3110 4418 credendo,
3146 4358 3382 4424 propter
3432 4349 3672 4408 rebelles
3717 4349 3820 4406 Ju-

2171 4443 2329 4498 daaos
2348 4441 2759 4515 quiChristum
2781 4440 3356 4514 persequebantur.H
3379 4439 3480 4495 Vel
3493 4441 3826 4512 Synagoga,

414 4530 480 4582 ut
509 4527 581 4582 ab
610 4527 798 4600 ipsius
829 4531 1112 4601 potestate
1139 4528 1444 4598 tollamur;
1473 4532 1708 4604 quando
1739 4532 2062 4590 misericor-
2091 4543 2136 4609 ι)
2170 4531 2454 4604 populum
2485 4529 2747 4588 fidelium
2769 4529 3185 4604 signiﬁcat,qui
3209 4526 3824 4596 credendo,Christum

412 4615 509 4672 dia
541 4615 767 4672 Domini
799 4634 832 4672 a
863 4615 1210 4674 delictorum
1241 4618 1516 4676 sordibus
1545 4621 1866 4694 expiamur.

444 4707 482 4759 2
553 4706 845 4778 Neguando
875 4708 1061 4778 rapiat
1088 4711 1150 4762 ut
1178 4708 1261 4764 leo
1290 4709 1540 4764 animam
1566 4726 1778 4778 meam;

555 4799 701 4852 Dum
753 4812 864 4852 non
917 4805 998 4852 est
1046 4797 1146 4869 qui
1196 4797 1433 4854 redimat
1476 4815 1648 4872 neque
1705 4801 1804 4872 qui
1846 4801 2064 4858 salvum

623 4887 814 4958 faciat.
1263 4878 1274 4888 ’

483 4979 524 5032 C
555 4975 729 5032 Leoni
759 4975 1056 5033 confertur
1085 4975 1375 5048 diabolus,
1407 4975 1559 5034 leoni
1590 4983 1648 5036 et
1689 4983 2064 5052 comparatur

411 5064 702 5121 Christus.
729 5064 830 5122 Ille
849 5065 1005 5132 quod
1023 5065 1096 5122 ad
1115 5065 1416 5124 interitum
1434 5067 1881 5140 rapit,Christus
1905 5069 2059 5143 quod

412 5152 586 5226 eripit
615 5155 687 5210 ad
720 5153 991 5210 salutem.
1023 5156 1149 5210 Non
1176 5161 1266 5213 est
1293 5155 1395 5230 qui
1427 5157 1696 5224 redimat,
1715 5157 1773 5213 id
1806 5162 1896 5214 est
1925 5175 2060 5215 cum

413 5242 680 5299 Christus
708 5241 1018 5298 subvenire
1069 5245 1398 5312 cessaverit,
1427 5245 1799 5304 obstantibus
1843 5247 2062 5304 nostris

415 5331 688 5404 peccatis,
725 5329 822 5386 illo
854 5336 1114 5404 tempore
1141 5333 1412 5405 praevalet
1439 5319 1709 5391 diabolus
1737 5352 1960 5408 rapere.

449 5421 485 5476 3
557 5421 784 5476 Domine
809 5423 946 5476 Deus
977 5437 1150 5491 meus,
1181 5423 1232 5477 si
1257 5424 1371 5494 feci
1397 5423 1544 5479 istud
1571 5443 1590 5478 :

557 5509 620 5564 Si
639 5513 717 5565 est
746 5512 1014 5582 iniquitas
1044 5511 1105 5565 in
1125 5512 1382 5567 manibus
1407 5513 1561 5568 meis.

487 5597 534 5660 Η
567 5598 679 5658 [ste
699 5599 1022 5657 versiculus
1051 5605 1108 5657 et
1149 5615 1401 5673 sequens
1450 5602 1522 5657 ad
1561 5601 1856 5658 Christum
1888 5600 2062 5675 perti-

2173 4624 2307 4693 post
2334 4618 2816 4678 resurrectionem
2849 4617 3378 4675 circumdederunt.

2204 4711 2238 4766 8
2311 4712 2377 4766 Et
2400 4717 2620 4782 propter
2647 4707 2795 4765 hanc
2820 4709 2884 4764 in
2910 4709 3087 4763 altum
3113 4706 3430 4778 regredere;

2311 4801 2575 4856 Dominus
2593 4797 2810 4872 judicat
2833 4796 3081 4868 populos.

2240 4891 2281 4943 C
2311 4888 2550 4960 Pr0pter
2577 4886 2748 4952 hanc,
2780 4884 2840 4940 id
2867 4887 2958 4940 est
2993 4887 3384 4958 Synagogam,
3415 4883 3478 4941 in
3509 4901 3625 4957 qua
3655 4882 3823 4938 habi-

2169 4982 2294 5035 tare
2323 4977 2588 5033 Christus
2617 4991 2733 5030 non
2755 4972 2947 5046 potuit
2973 4978 3210 5047 propter
3260 4973 3686 5031 inﬁdelitatem.
3719 4973 3827 5028 Re-

2169 5067 2332 5142 gredi
2354 5066 2511 5123 enim
2537 5063 2810 5130 est,undo
2827 5062 3054 5120 veneris
3080 5063 3288 5121 iterata
3309 5063 3403 5119 via
3431 5061 3662 5120 reverti.
3675 5063 3825 5119 Cum

2169 5155 2334 5224 dicit,
2358 5153 2588 5227 judicat
2611 5149 2878 5226 populos,
2913 5151 3334 5226 omnipotentis
3381 5151 3570 5209 Patris
3613 5151 3828 5223 majes-

2169 5252 2260 5304 tas
2291 5244 2636 5302 ostenditur.
3729 5260 3732 5263 -

2203 5337 2239 5391 9
2309 5333 2504 5390 Judica
2534 5349 2636 5399 me,
2664 5333 2908 5399 Domine,
2939 5331 3238 5388 secundum
3261 5332 3542 5404 justitiam
3563 5347 3768 5394 meam,

2314 5424 2380 5479 Et
2406 5421 2702 5480 secundum
2730 5422 3100 5478 innocentiam
3126 5436 3304 5478 meam
3329 5436 3492 5494 super
3519 5436 3624 5476 nte.

2241 5511 2284 5569 C
2313 5513 2460 5569 Cum
2491 5511 2748 5585 ponitur,
2771 5509 2976 5584 judice
3005 5509 3438 5578 me,humilitas
3467 5507 3684 5566 Christi
3714 5507 3828 5564 hu-

2173 5601 2475 5660 manitatis
2494 5599 2857 5678 exprimitur,
2873 5616 2999 5672 qua
3026 5599 3096 5656 de
3117 5599 3312 5656 Maria
3333 5603 3498 5655 utero
3519 5599 3830 5670 assumpta
