4086 6180
357 317 433 382 6⁸1
1269 309 1332 375 s.
1381 301 1785 384 sumis
1827 295 2446 415 HERDIPOLENSIS
2489 273 2866 402 EPISCOPI.
3692 311 3774 372 es

395 458 422 512 rl
501 455 728 510 Dcmiuc
756 449 1018 507 Dominus
1049 455 1250 514 noster,

502 547 686 616 Quam
729 540 1056 597 admirabile
1095 545 1171 594 est
1216 553 1414 593 nomen
1461 544 1617 591 tuum
1665 537 1726 590 in
1756 535 2028 590 universae

571 639 720 688 terra
731 635 750 686 !

428 721 470 778 C
500 721 723 777 Nomen
753 715 984 774 Domini
1015 715 1364 772 vocabulum
1400 713 1789 770 inenarrabile
1819 716 2008 780 sonat,

358 811 520 866 unde.
544 825 680 866 cum
711 806 872 876 dicit,
917 821 1092 878 quam
1127 802 1474 859 admirabile
1505 806 1594 859 est
1625 819 1639 857 :
1673 817 1790 858 non
1819 803 2012 874 potest

358 897 647 974 explicare
663 895 818 968 quod
851 892 1338 951 sentit.Universa
1357 891 1679 964 terra,quia
1699 907 1802 964 per
1821 893 2007 946 totum

357 986 644 1044 mundum
677 985 804 1056 ejus
836 981 1038 1055 religio
1069 985 1275 1037 sancta
1301 979 1599 1036 dilatatur.
1633 979 1681 1035 H
1711 979 1874 1044 Quod
1902 993 2008 1050 pro

356 1074 526 1132 nobis
552 1073 728 1129 homo
769 1071 958 1126 factus
989 1087 1072 1137 es,
1107 1069 1262 1142 quod
1293 1073 1584 1136 mortuus,
1618 1068 1774 1140 quod
1815 1084 2008 1124 resur-

355 1161 574 1231 rexisti,
608 1161 668 1216 in
717 1158 946 1217 cunctis
993 1157 1270 1232 gentibus
1312 1161 1402 1213 est
1445 1157 1768 1231 vulgatum,
1801 1157 1902 1212 sed
1951 1159 2010 1211 et

357 1251 503 1307 illud
534 1250 690 1322 quod
719 1247 942 1306 elevata
966 1251 1076 1318 est,
1105 1251 1216 1302 etc.

391 1353 426 1404 2
499 1349 675 1418 Quam
703 1347 910 1403 elevata
937 1352 1015 1400 est
1044 1345 1454 1417 magniﬁcentia
1481 1351 1594 1400 tua.

498 1438 674 1510 Super
701 1435 877 1491 caelos.

429 1536 470 1591 Ο
501 1531 933 1606 Magniﬁcentia
974 1530 1074 1586 Dei
1121 1536 1211 1586 est
1255 1545 1534 1586 arcanum
1585 1527 2008 1586 lnearnationis

357 1623 582 1680 Christi
606 1638 620 1678 :
653 1637 778 1694 quae
797 1621 1014 1675 elevata
1034 1618 1385 1690 est,quando
1411 1616 1676 1673 Christus
1695 1633 2007 1690 resurgens

358 1711 623 1769 ascendit
651 1711 711 1765 in
742 1708 1010 1774 ccelos,ut
1037 1708 1100 1765 in
1127 1706 1240 1763 alio
1271 1706 1498 1778 psalmo
1527 1722 1540 1761 :
1565 1703 2006 1774 Exaltare,dici-

2042 442 2096 510 Α
2163 441 2196 496 6
2272 444 2529 500 Jlinnisli
2555 463 2680 501 eum
2703 446 2872 518 paulo
2901 447 3089 501 minus
3132 445 3200 500 ab
3228 445 3441 515 angelis
3462 463 3484 499 :
3513 444 3695 514 gloria
3721 455 3774 502 et

2335 533 2536 592 honore
2563 536 2836 592 coronasti
2863 552 3006 600 eum,
3517 597 3523 603 l

2265 627 2333 682 8t
2357 624 2686 680 constituisti
2711 639 2838 681 eum
2856 639 3023 696 super
3039 639 3202 696 opera
3220 639 3492 678 manuum
3524 627 3771 689 tuarum,

2189 710 2232 766 C
2263 711 2592 774 Milionius
2617 715 2706 770 est
2735 713 3036 781 enim,non
3064 712 3410 770 necessitate
3437 713 3538 768 sed
3559 712 3776 786 pietate

2119 804 2177 857 et
2207 801 2874 874 spontanee-voluntate,
2905 803 3154 858 formam
3178 801 3328 858 servi
3351 801 3642 874 accipiens
3667 819 3680 858 :
3704 819 3778 858 ex

2117 906 2187 946 ea
2217 891 2510 964 siquidem
2542 897 2705 964 parte
2725 891 3126 951 mimfactus
3141 895 3232 948 est
3250 889 3476 964 angelis
3505 907 3620 963 qua
3640 907 3774 948 cru-

2117 996 2243 1036 cem
2275 997 2379 1053 pro
2410 980 2674 1038 omnium
2708 981 2896 1040 salute
2925 981 3364 1055 suscepitBene
3391 983 3591 1036 autem
3629 979 3778 1036 dixit

2115 1069 2291 1141 paulo
2322 1067 2540 1138 minus,
2573 1069 2714 1143 quia
2741 1075 2798 1126 et
2828 1069 2877 1126 si
2909 1068 3215 1126 mortalem
3245 1085 3490 1130 mem
3513 1068 3772 1143 accepit;

2115 1161 2312 1214 tamen
2345 1157 2508 1215 nulla
2539 1163 2776 1231 peccata
2805 1159 3030 1219 habuit.
3063 1163 3113 1213 H
3142 1157 3358 1228 Gloria,
3383 1174 3524 1216 cum
3551 1158 3619 1220 iu-
3641 1159 3776 1230 ejus

2116 1247 2400 1304 descensu
2435 1247 2606 1304 inferi
2638 1247 2996 1322 claruerunt.
3029 1247 3418 1316 Honore,cum
3447 1247 3588 1303 vicit
3615 1264 3786 1312 mals

2117 1340 2259 1412 tem.
2291 1337 2636 1406 Coronatus,
2669 1337 3070 1394 circumdatus
3105 1336 3281 1394 choro
3311 1340 3648 1394 sanctorum
3682 1353 3774 1392 re-

2116 1425 2226 1481 diit
2254 1443 2323 1481 ex
2355 1425 2617 1482 infernis.
2650 1426 2692 1482 C
2722 1426 2872 1505 Dum
2900 1425 3041 1481 dicit
3069 1441 3244 1498 opera
3266 1427 3775 1494 manuum,omnis

2116 1513 2201 1570 illi
2234 1520 2501 1571 creatura
2529 1515 2792 1587 subjecta
2823 1519 3204 1572 monstratur.

2151 1606 2184 1659 7
2261 1605 2460 1660 Omnia
2488 1605 2772 1677 subjeoisti
2796 1605 2895 1661 sub
2919 1603 3148 1676 pedibus
3174 1605 3291 1676 ejus
3321 1621 3340 1660 :

2261 1692 2391 1748 Oves
2419 1702 2473 1750 et
2500 1695 2652 1750 boves
2679 1694 2970 1750 universas
2997 1711 3018 1748 :
3041 1695 3266 1765 insuper
3281 1701 3333 1750 et
3355 1709 3549 1764 pecora
3571 1696 3774 1766 mmpi.

357 1807 658 1873 tur,super
685 1797 860 1855 caelos
889 1797 1127 1863 Deus,et
1142 1811 1322 1868 super
1337 1811 1571 1850 omnem
1589 1799 1804 1850 terram
1823 1793 2008 1866 gloria

2187 1781 2229 1837 C
2258 1782 2402 1838 Cum
2434 1782 2578 1838 dicit
2601 1782 2818 1848 omnia,
2853 1782 3112 1838 ostendit
3141 1786 3198 1837 et
3244 1785 3476 1838 terrena
3513 1787 3573 1837 et
3601 1798 3778 1855 supe-

356 1895 462 1946 tua
491 1889 720 1961 (Psalm.
754 1891 910 1956 va):

391 1999 427 2054 3
499 1998 584 2052 Ex
609 2010 704 2050 ore
731 1994 1033 2066 infantium
1062 1997 1114 2049 et
1145 1992 1463 2048 iacientium
1489 1992 1774 2064 perfeeisti
1793 1991 2011 2048 Iaudem

569 2092 786 2157 propter
817 2083 1070 2138 inimicos
1101 2085 1242 2147 tuos,

507 2175 569 2232 Ut
596 2173 842 2230 destruas
872 2171 1164 2226 inimicum
1189 2173 1240 2224 et
1269 2169 1518 2224 ultorem.

437 2282 476 2336 ΙΙ
535 2279 666 2334 Haec
723 2276 1028 2351 prophetia
1075 2275 1134 2331 in
1192 2275 1501 2348 Evangelia
1560 2274 1848 2349 completa
1899 2282 2007 2346 est,

363 2370 598 2443 quando
629 2367 688 2422 in
720 2365 936 2438 templo
989 2365 1150 2437 pueri
1205 2363 1575 2422 clamabant:
1610 2364 1846 2422 Osanna
1891 2366 2010 2422 filio

365 2458 566 2526 David,
622 2455 963 2512 benedictus
1019 2452 1121 2527 qui
1171 2453 1328 2510 venit
1379 2453 1435 2508 in
1487 2455 1722 2511 nomine
1777 2456 2020 2512 Domini-

365 2547 579 2622 (Matth.
611 2548 750 2615 χχι).
781 2546 822 2601 C
851 2544 926 2600 Ut
955 2543 1033 2599 sit
1062 2559 1415 2610 sensus,non
1460 2542 1652 2600 solum
1685 2562 1720 2600 a
1741 2545 2012 2616 perfectis

363 2643 422 2694 et
451 2635 638 2692 doctis
661 2651 722 2691 es
751 2631 1190 2698 laudabilis,sed
1221 2631 1396 2688 etiam
1423 2631 1495 2688 ab
1528 2633 1932 2706 incipientium
1955 2641 2014 2692 et

364 2743 462 2782 ore
489 2723 863 2799 parvulorum
885 2720 1174 2777 mirabilis
1199 2719 1623 2794 praedicaris,ut
1637 2738 1741 2795 per
1757 2722 2012 2780 infantes

364 2819 420 2871 et
449 2814 869 2878 lactentes,non
894 2827 1106 2884 pueros
1137 2809 1425 2866 materiali
1455 2809 1602 2866 lacte
1623 2811 1884 2880 alendos,
1910 2814 2012 2870 sed

363 2903 423 2959 in
455 2903 568 2958 ﬁde
600 2899 871 2977 parvulos
901 2899 1002 2972 qui
1033 2899 1384 2955 rudimentis
1415 2898 1550 2955 ﬁdei
1580 2897 2014 2968 imbuti,fortio-

365 3011 485 3050 rem
519 2991 716 3048 cibum
765 3006 880 3045 non
913 2987 1202 3060 recipiunt
1229 2985 1630 3060 intelligamus
1671 2989 1716 3061 (ι
1753 2990 1874 3048 Cor.
1908 3007 2008 3060 111;

362 3083 522 3140 Hebr.
554 3081 629 3154 v).
675 3077 987 3135 Inimicos:
1022 3093 1281 3150 paganos
1319 3079 1378 3132 et
1419 3075 1813 3149 blasphaemos
1853 3081 2012 3140 desi-

363 3169 900 3246 gnat.Defensorem
935 3183 950 3223 :
982 3165 1252 3223 Judaeum
1283 3165 1595 3238 perﬁdum,
1625 3167 1665 3223 C
1695 3167 1740 3222 H
1771 3168 1859 3226 vel
1889 3170 2006 3228 haz-
2037 3185 2081 3254 α

365 3261 610 3318 reticum
632 3255 792 3322 dicit,
825 3257 870 3311 Α
890 3255 975 3312 vel
993 3253 1292 3310 diabolum
1320 3271 1438 3310 suae
1459 3259 1628 3310 secta:
1645 3256 2010 3318 defensorem

365 3354 421 3406 et
449 3347 670 3421 peccati
701 3361 715 3399 :
748 3345 954 3400 dicunt
983 3359 1217 3415 quoque
1239 3343 1492 3398 haeretici
1527 3343 1700 3400 ﬁdem
1735 3363 1795 3403 se
1823 3349 2016 3406 defen-

365 3439 501 3494 dere
531 3433 942 3501 Cbristianam,
993 3435 1051 3487 et
1108 3435 1440 3504 peccatores
1493 3431 1815 3504 veritatem,
1869 3438 2012 3495 dum

364 3530 600 3600 peccata
629 3525 926 3578 excusant.
959 3522 998 3576 C
1030 3518 1340 3576 Inimicum
1389 3537 1522 3576 vero
1552 3525 1610 3577 et
1646 3523 2012 3584 defensorem

361 3615 449 3671 vel
482 3613 728 3670 ultorem
753 3628 766 3668 :
791 3610 1060 3668 Judaeum
1089 3608 1374 3681 perﬁdum
1398 3609 1727 3680 specialiter
1747 3613 2014 3688 dicit,qui

364 3705 506 3760 dum
537 3702 764 3758 Patrem
797 3715 858 3756 se
911 3702 1080 3771 putat
1107 3697 1436 3766 defendere,
1472 3697 1609 3754 Filio
1657 3701 1854 3758 existit
1899 3703 2012 3758 ini-

363 3791 664 3860 micus,ita
695 3789 911 3846 factum
943 3790 1124 3851 est,ut
1170 3785 1270 3842 Dei
1303 3785 1471 3858 quasi
1513 3787 1804 3860 defensor,
1845 3808 2010 3864 aper-

360 3881 632 3938 tissimus
663 3883 776 3934 Deo
805 3875 1152 3950 probaretur
1181 3875 1569 3932 adversarius.

395 3988 430 4043 4
506 3987 774 4056 Quoniam
802 3981 990 4040 videbo
1015 3981 1172 4038 ca'los
1211 3987 1226 4048 ζ
1270 3989 1388 4038 tuos
1511 3999 1676 4056 opera
1711 3985 2011 4057 digitorum

573 4085 792 4133 tuorum
823 4091 844 4130 .'
1592 4093 1594 4097 '

500 4167 712 4222 Lunam
738 4167 792 4220 et
819 4163 1008 4220 stellas
1036 4178 1172 4236 quas
1197 4166 1253 4230 ἐς
1271 4168 1330 4218 tu
1398 4166 1413 4226 ξ
1454 4161 1710 4234 fundasti

427 4272 471 4329 C
493 4271 716 4328 Videbo
746 4269 944 4339 caelos,
979 4269 1036 4326 id
1064 4273 1154 4324 est
1182 4267 1364 4326 libros
1384 4269 1768 4343 evangelicae.
1785 4270 2010 4344 Digitus

357 4359 460 4416 Dei
503 4361 756 4416 dicitur:
791 4359 996 4416 divina:
1047 4357 1405 4430 operationis
1446 4359 1703 4416 effectus.
1758 4359 2006 4430 Lunam,

355 4448 676 4505 Ecclesium
706 4448 874 4517 dicit;
907 4445 1130 4515 stellas,
1155 4447 1354 4518 justas
1381 4445 1670 4504 homines.
1703 4447 2008 4523 Fundasti,

356 4541 422 4593 ut
449 4535 850 4611 intelligamus
879 4535 1078 4592 omnia
1107 4535 1167 4590 in
1202 4534 1710 4607 praedestinatione
1743 4539 1840 4593 Dei
1872 4538 2004 4596 fun-
2034 4558 2081 4624 Ι)

353 4627 510 4684 data.

385 4718 423 4772 5
495 4716 639 4786 Quid
667 4724 748 4774 est
778 4715 934 4772 homo
964 4713 1104 4787 quod
1131 4728 1339 4769 memor
1363 4728 1420 4768 es
1451 4713 1586 4784 ejus,

493 4810 601 4863 Aut
628 4807 781 4880 ﬁlius
811 4805 1049 4862 hominis
1075 4803 1340 4876 quoniam
1367 4803 1560 4859 visitas
1587 4809 1750 4860 eum?

423 4894 464 4949 C
491 4895 637 4960 Quid
671 4900 760 4951 est
787 4894 986 4960 homo,
1017 4909 1154 4949 cum
1201 4888 1573 4962 despectione
1621 4895 2004 4965 pronuntian-

351 4983 492 5038 dum
523 4987 631 5051 est,
649 4983 706 5040 id
738 4989 828 5040 est
855 4982 1080 5057 fragilis
1107 4985 1165 5038 et
1184 4979 1388 5038 caduci
1419 4979 1552 5036 Adae
1575 4985 1919 5058 sequax,qui
1944 4985 2004 5042 in

348 5071 526 5127 veteri
557 5077 794 5143 peccato
817 5072 975 5128 socia
1005 5069 1284 5144 pravitate
1313 5068 1632 5143 permistus
1662 5075 1772 5128 est.
1815 5072 2004 5146 Hujus

350 5175 578 5215 memor
611 5159 893 5216 Dominus
938 5163 1048 5226 est,
1078 5159 1314 5230 quando
1343 5157 1393 5216 ei
1425 5175 1530 5232 per
1566 5176 1737 5216 suam
1770 5161 2004 5219 miseri-

349 5247 608 5304 cordiam
658 5254 896 5322 peccata
939 5247 1201 5304 dimittit.
1234 5247 1446 5304 Filium
1497 5247 2002 5310 hominiszﬁlium

347 5335 590 5410 virginis
639 5335 833 5393 Mariae
865 5335 1040 5403 dicit;
1071 5339 1120 5391 A
1149 5339 1188 5392 C
1219 5337 1359 5408 quia
1403 5336 1661 5394 visitavit
1703 5356 1830 5408 nos,
1883 5358 2004 5399 cor-

347 5442 460 5500 pus
490 5425 844 5482 humilitatis
875 5430 1083 5482 nostrae
1115 5426 1554 5492 assumendo,et
1582 5427 1661 5483 ita
1708 5445 1741 5484 a
1766 5435 2001 5501 peccato

347 5513 525 5573 veteri
553 5513 1136 5586 liberando,visitavit
1165 5514 1264 5571 Dei
1298 5513 1498 5583 Filius,
1521 5517 1760 5574 hominis
1776 5518 1997 5592 tilium;

347 5605 585 5684 quando
615 5604 714 5664 Dei
749 5603 931 5664 Filius
961 5605 1151 5662 factus
1179 5607 1268 5662 est
1297 5603 1554 5662 hominis
1587 5605 1765 5665 ﬁlius.

2119 1869 2272 1926 riora
2301 1871 2350 1926 ei
2375 1887 2504 1928 esse
2525 1869 2962 1944 subjecta.0ves
2977 1869 3230 1926 electum
3253 1868 3535 1944 populum
3559 1871 3776 1944 signat.

2118 1959 2298 2038 Boves
2329 1958 2736 2032 praedicatores
2767 1958 3200 2031 dicit.lnsuper,
3233 1957 3291 2013 id
3322 1962 3413 2014 est
3442 1975 3557 2014 non
3579 1957 3772 2014 solum

2118 2049 2327 2118 sancti,
2360 2049 2461 2104 sed
2489 2049 2665 2104 etiam
2715 2051 3048 2121 peccatores
3092 2050 3265 2120 (quos
3307 2063 3517 2119 pecora
3555 2046 3777 2120 signiﬁ-

2119 2142 2273 2206 cant)
2304 2137 2352 2193 ei
2386 2137 2632 2209 subjecti
2662 2142 2820 2205 sunt,
2854 2136 2956 2210 qui
2988 2137 3133 2193 bene
3175 2140 3314 2192 sunt
3343 2153 3552 2209 pecora
3581 2153 3594 2192 :
3630 2137 3776 2190 dum

2118 2226 2177 2282 in
2234 2227 2440 2285 mundi
2491 2226 2663 2283 istius
2709 2227 3008 2300 voluptate
3054 2231 3396 2298 pascuntur.
3440 2225 3586 2282 Oves
3634 2229 3778 2282 sunt

2119 2320 2338 2385 autem,
2366 2331 2500 2374 cum
2532 2315 2686 2372 intra
2715 2315 2816 2372 Dei
2849 2319 3014 2388 septa
3039 2315 3414 2372 clauduntur.

2154 2406 2188 2459 8
2265 2405 2512 2462 Volucres
2539 2405 2663 2460 caeli
2687 2413 2739 2460 et
2765 2406 2938 2477 pisces
2965 2407 3157 2470 maris,

2263 2494 2368 2562 Qui
2393 2493 2782 2568 perambulant
2809 2493 3032 2550 semitas
3061 2495 3258 2550 maris.

2191 2585 2230 2637 C
2259 2581 2536 2640 Volueres
2587 2581 2711 2638 caeli
2745 2600 2780 2639 a
2817 2580 3012 2638 volatu
3060 2583 3264 2639 crebro
3313 2582 3501 2652 dictae,
3537 2584 3777 2656 superbi

2120 2672 2390 2730 homines
2421 2677 2580 2738 sunt,
2613 2672 2714 2744 qni
2744 2672 2928 2728 inﬂati
2957 2675 3128 2728 vento
3150 2672 3448 2744 jactantiae
3469 2671 3638 2744 quasi
3671 2689 3778 2744 per

2121 2763 2296 2819 inane
2325 2762 2476 2820 aeris
2506 2761 2772 2830 volitant,
2803 2765 2860 2818 et
2905 2759 3155 2817 humilia
3193 2759 3544 2834 despiciunt.
3579 2761 3778 2818 Pisces

2121 2851 2502 2924 philosophos
2531 2850 2694 2919 dicit,
2725 2851 2826 2924 qui
2857 2849 3036 2921 hujus
3069 2850 3274 2906 mundi
3305 2855 3576 2906 naturam
3615 2866 3776 2906 erra-

2118 2939 2235 2994 tica
2264 2938 2600 2996 curiositate
2630 2943 3055 3011 pertractantes
3089 2955 3102 2993 :
3137 2939 3290 2995 sicut
3319 2937 3508 3011 pisces
3531 2938 3590 2995 in
3625 2937 3776 2994 mari

2122 3026 2452 3100 natant,qui
2482 3043 2584 3098 per
2615 3027 2861 3082 nimiam
2905 3027 3304 3084 curiositatem
3357 3043 3472 3090 non
3511 3032 3774 3084 contem-

2121 3113 2349 3188 plantes
2377 3115 2652 3184 cmlestia,
2686 3115 2837 3172 inter
2864 3115 3045 3188 hujus
3069 3114 3263 3172 saeculi
3296 3115 3550 3183 fluctus,
3572 3133 3772 3172 rerum

2121 3205 2428 3262 fluentium
2451 3205 2708 3261 occultas
2737 3205 3040 3279 angustias
3063 3207 3623 3277 scrutantes,putant
3641 3221 3772 3262 esse

2119 3293 2297 3350 vitam
2329 3295 2702 3351 aaternamEt
2730 3295 2788 3349 hi
2819 3293 3066 3368 pedibus
3094 3293 3309 3350 Christi
3337 3293 3587 3366 subjecti
3608 3298 3770 3363 sunt,

2122 3382 2264 3440 dum
2294 3388 2732 3440 convertuntur.
2780 3383 2929 3439 Nam
2978 3381 3117 3439 licet
3145 3383 3375 3439 Christo
3415 3382 3615 3438 omnia
3632 3383 3773 3454 jure

2121 3472 2386 3546 subjecta
2414 3471 2692 3540 sint,illos
2721 3476 2916 3528 tamen
2951 3471 3185 3546 proprie
3205 3471 3460 3528 dicimus
3489 3487 3616 3528 esse
3629 3471 3771 3526 sub-

2113 3561 2323 3632 jectos,
2381 3561 2482 3634 qui
2549 3562 2622 3618 ad
2679 3561 2808 3634 ejus
2871 3577 3022 3618 onus
3088 3561 3224 3618 laeve
3291 3561 3590 3636 pervenire
3656 3575 3776 3618 me-

2121 3654 2384 3707 ruerunt.

2153 3741 2190 3798 9
2261 3741 2488 3796 Domine
2514 3742 2778 3796 Dominus
2806 3745 3008 3808 noster,

2263 3829 2439 3900 Quam
2467 3829 2798 3888 admirabile
2848 3839 2929 3888 est
2973 3846 3168 3887 nomen
3222 3839 3378 3887 tuum
3408 3832 3471 3886 in
3515 3844 3774 3886 universa

2331 3928 2480 3977 terra
2499 3926 2518 3976 !

2191 4009 2232 4067 C
2264 4008 2489 4083 Repetit
2520 4013 2725 4066 sancta
2753 4007 3010 4066 Ecclesia
3038 4025 3292 4084 congrue
3323 4007 3614 4080 siquidem
3642 4023 3771 4064 ver-

2120 4115 2254 4156 sum
2279 4099 2350 4155 de
2379 4097 2553 4154 laude
2578 4097 2830 4168 Domini,
2863 4114 3038 4171 quem
3067 4097 3127 4153 in
3177 4098 3368 4171 capite
3415 4097 3578 4166 dixit,
3631 4095 3773 4168 quia

2118 4187 2243 4260 ipse
2264 4187 2428 4254 dixit,
2459 4188 2577 4262 Ego
2607 4204 2740 4245 sum
2770 4187 2938 4260 alpha
2966 4196 3017 4244 et
3045 4204 3256 4259 omega,
3302 4187 3360 4254 id
3403 4192 3496 4245 est
3531 4186 3768 4243 initium

2117 4281 2176 4332 et
2195 4274 2331 4332 finis
2357 4275 2540 4348 (Apoc.
2575 4277 2637 4339 ι).

2613 4411 2817 4451 ORATIO
2847 4411 2916 4451 EX
2956 4409 3113 4451 PSAL.
3147 4411 3268 4450 νιιι.

2187 4507 2548 4566 Admirabile
2577 4513 2798 4567 nomen
2849 4516 3039 4580 tuum,
3091 4511 3462 4583 omnipotens
3499 4507 3767 4577 Domine,

2113 4597 2410 4672 supplices
2467 4615 2798 4668 exoramus,
2858 4605 2924 4656 ut
2978 4600 3078 4674 qui
3144 4616 3380 4656 omnem
3437 4601 3768 4654 creaturam

2114 4689 2421 4762 mundi,ad
2454 4705 2599 4746 usus
2630 4688 2890 4746 hominis
2923 4688 3241 4762 subjecisti,
3265 4705 3372 4744 nos
3401 4688 3474 4746 ad
3500 4691 3612 4743 tuae
3645 4701 3768 4741 ser-

2113 4777 2316 4834 vitutis
2345 4777 2608 4834 officium
2641 4777 2848 4852 dignos
2873 4777 3134 4851 digneris
3163 4777 3412 4834 efﬁcere.
3439 4777 3545 4832 Per
3572 4773 3774 4830 Domi-

2119 4883 2260 4923 num
2291 4872 2578 4936 nostrum,
2615 4871 2724 4923 etc.

2711 5027 3044 5086 PSALMUS
3075 5027 3166 5085 IX.

2586 5133 2989 5175 ARGUMENTUM
3021 5135 3180 5175 PSAL.
3215 5135 3291 5175 IX.

2183 5258 2224 5314 C
2253 5258 2544 5331 Propheta
2569 5257 2769 5316 laetum
2819 5277 2880 5318 se
2911 5260 3052 5318 dicit
3082 5259 3330 5319 Domino
3362 5257 3764 5332 psalliturum,

2111 5347 2390 5420 quoniam
2419 5348 2687 5404 confudit
2715 5348 3012 5418 diabolum
3046 5363 3492 5424 pauperumque
3524 5345 3766 5420 sangui-

2110 5452 2244 5492 nem
2274 5435 2616 5505 vindicat,et
2637 5443 2966 5510 peccatores
3005 5455 3138 5495 cum
3179 5437 3527 5496 antichristo
3566 5433 3768 5492 dicens

2111 5524 2630 5598 periturosjudicii
2661 5531 2898 5600 tempus
2926 5527 3200 5586 velociter
3243 5525 3518 5584 advenire
3565 5525 3767 5600 depre-

2108 5620 2293 5687 catur,
2329 5633 2399 5674 ne
2429 5615 2744 5690 cujuslibet
2775 5616 3057 5694 iniquitas
3087 5615 3241 5676 ultra
3269 5614 3602 5692 praevaleat.
