4122 6184
242 364 328 424 69

395 492 515 549 TT.
549 494 608 548 In
634 489 799 562 finem
823 503 925 562 pro
950 485 1183 543 occultis
1212 484 1351 556 filii.

396 583 652 638 Psalmurs
678 578 866 635 David.

1514 345 1932 414 EXPOSITIO
1974 342 2492 415 PSALMORUM.
3614 356 3694 419 '10

1955 488 2008 553 Α
2074 484 2109 537 6
2184 483 2406 539 Inimici
2433 484 2744 557 defecerunt
2767 488 2998 558 framea!
3029 491 3086 546 in
3116 490 3282 561 ﬁnem
3311 508 3329 545 .·

2184 574 2249 628 Et
2276 574 2521 629 civitates
2549 582 2604 640 ἐς
2647 591 2833 632 eorum
2877 583 2891 643 ζ
2935 578 3275 635 destruxisti.

328 673 372 728 C
400 672 467 728 In
490 664 689 737 linem,
713 683 816 742 pro
835 663 1081 723 occultis
1106 664 1226 736 ﬁlii
1258 660 1440 718 David
1463 660 1750 733 psalmus.
1770 658 1930 716 Finis
2111 660 2153 714 C
2183 659 2411 716 Inimici
2443 661 2737 734 genitivus
2759 680 2933 720 casus
2952 671 3059 735 est,
3086 667 3141 721 id
3173 672 3262 723 est
3282 667 3700 739 diaboli,cnjus

258 764 372 819 iste
400 760 598 834 signat
628 756 793 813 illum
819 773 832 812 :
858 771 972 811 non
1012 754 1074 809 in
1112 770 1238 827 quo
1271 751 1566 819 deﬁcitur,
1592 750 1690 807 sed
1723 748 1780 804 in
1814 765 1930 822 quo
2040 748 2326 804 frameam
2359 749 2641 807 defecisse
2689 757 2952 822 testatur,
2983 756 3219 827 quando
3249 755 3434 812 virtus
3480 757 3700 813 diaboli

261 849 569 916 crescitur,
585 847 683 920 qui
707 844 872 902 nobis
901 842 1143 899 initium
1175 845 1272 898 est
1301 839 1468 910 boni,
1488 839 1621 894 finis
1652 842 1740 894 est
1769 836 1927 893 mali.
2040 838 2102 892 in
2126 837 2242 892 ﬁne
2263 837 2693 911 Omnipotentis
2706 841 2930 912 judicio
2951 844 3305 901 destruetur.
3338 847 3580 902 Framea
3603 848 3705 902 lle-

261 941 373 998 Pro
402 919 647 995 occultis
695 933 797 990 lilii
828 950 843 989 :
877 947 1201 1006 personam
1257 919 1559 1001 signiﬁcat
1595 924 1933 994 Salvatoris,
2043 925 2280 982 braicus
2326 943 2538 995 sermo,
2590 929 2792 986 Latine
2838 931 3075 1001 gladius.
3110 933 3405 1001 Civitates,
3456 934 3706 1008 populos

262 1030 440 1102 cujus
470 1024 745 1101 mysteria
771 1028 827 1080 et
845 1020 1078 1095 judicia
1108 1018 1289 1076 nobis
1319 1021 1463 1074 sunt
1482 1016 1726 1073 occulta.
1751 1017 1937 1071 Totus
2046 1014 2336 1084 inﬁdeles,
2371 1032 2621 1089 quorum
2672 1024 2907 1092 pectora
2956 1020 3227 1077 diabolus
3258 1022 3318 1078 in
3354 1024 3463 1079 hoc
3494 1022 3705 1079 saeculo

268 1119 360 1175 hic
412 1115 697 1190 psalmus,
728 1111 788 1168 in
814 1127 1063 1186 persona
1116 1105 1396 1164 Ecclesiae
1444 1121 1547 1177 per
1591 1104 1936 1178 prophetam
2047 1104 2416 1177 possidebat;
2454 1105 2512 1161 in
2563 1107 2774 1164 ultima
2804 1109 3016 1166 Christi
3050 1110 3521 1169 manifestatione
3566 1112 3709 1168 dicit

268 1207 522 1265 canitur.

306 1298 332 1351 1
414 1293 713 1366 Conﬁtebor
743 1298 798 1358 3-—
818 1289 922 1347 tibi
964 1295 980 1356 ζ
1019 1288 1288 1353 Domine,
1314 1287 1376 1341 in
1407 1291 1515 1342 toto
1542 1284 1698 1341 corde
1724 1300 1873 1353 meo;

340 1384 591 1441 Narrabo
620 1383 802 1438 omnia
828 1378 1132 1436 mirabilia
1166 1383 1279 1433 tua.

343 1475 409 1530 C.
448 1474 513 1528 lu
543 1477 659 1528 toto
684 1470 851 1527 corde
869 1469 1196 1526 conﬁtetur
1219 1466 1428 1535 Deum,
1448 1463 1548 1537 qui
1578 1463 1758 1520 nullis
1789 1461 1944 1534 cogi-

273 1561 600 1619 tationibus
620 1558 932 1617 mundanis
954 1554 1394 1627 ﬂuctuat,quod
1416 1556 1507 1609 est
1523 1554 1942 1625 perfectorum.

275 1651 562 1716 Narrabo,
588 1653 692 1706 etc.
717 1648 760 1705 Η
781 1650 859 1704 Ac
890 1647 938 1704 si
962 1645 1217 1701 dixisset
1232 1646 1522 1716 quantum
1549 1658 1642 1698 me
1664 1640 1945 1707 docuisti,

281 1742 517 1797 tabtum
564 1737 827 1795 narrabo.
850 1737 958 1804 Qui
1013 1739 1218 1790 narrat
1266 1736 1556 1805 quantum
1613 1729 1943 1803 intelligit:

284 1830 487 1886 omnia
518 1825 801 1884 mirabilia
849 1824 949 1882 Dei
979 1827 1203 1890 narrat,
1232 1818 1505 1894 quamvis
1551 1818 1609 1875 in
1660 1837 1721 1877 se
1771 1818 1948 1893 plura

284 1919 426 1976 sint.
1714 1914 1718 1919 ’

319 2012 356 2064 2
428 2009 675 2066 ιείειαὸον
700 2015 749 2064 et
774 2004 1032 2062 exuttabo
1065 2006 1129 2060 in
1155 2012 1236 2071 te;

428 2096 671 2152 Psallam
696 2096 909 2152 nomini
936 2102 1048 2160 tuo,
1086 2093 1391 2150 Altissime.

356 2186 402 2242 C
431 2185 566 2241 Plus
593 2190 681 2242 est
708 2184 861 2240 enim
890 2181 1151 2239 exultare
1183 2197 1361 2254 quam
1406 2177 1611 2234 letari.
1641 2178 1948 2235 Exsultare

285 2281 376 2332 est
420 2274 598 2330 animi
630 2280 687 2330 et
714 2272 974 2346 corporis
1032 2275 1194 2327 motu
1247 2268 1460 2342 majori
1509 2268 1951 2339 jocundissima

287 2364 556 2419 libertate
603 2362 875 2435 gaudere,
903 2360 1087 2415 laetari
1137 2375 1267 2415 vero
1302 2376 1315 2414 :
1366 2355 1847 2429 animoidilatari
1888 2357 1950 2410 in

286 2452 531 2526 gaudio,
561 2450 757 2506 latitia
785 2450 942 2505 enim
976 2447 1143 2520 quasi
1176 2446 1388 2514 latitia,
1418 2446 1478 2500 id
1512 2449 1603 2500 est
1627 2446 1843 2501 mentis
1873 2444 1954 2499 1a-

286 2541 504 2608 titudo,
534 2540 594 2594 in
636 2539 847 2612 gaudio
896 2538 1128 2593 dicitur.
1174 2535 1453 2601 Psallam,
1485 2534 1531 2589 H
1564 2550 1736 2605 Opere
1782 2549 1953 2590 com-

289 2629 509 2701 pleam.
535 2628 752 2684 Nomen
775 2626 963 2682 Patris
993 2625 1172 2682 Filius
1201 2630 1308 2680 est.
1336 2622 1679 2679 Altissimus
1710 2628 1838 2696 tpse
1864 2626 1956 2678 est

289 2719 475 2774 Deus.

326 2808 365 2862 3
439 2810 505 2861 In
535 2804 885 2873 convertenda
916 2805 1202 2860 inimicum
1228 2819 1413 2859 meum
1443 2808 1739 2857 retrorsum
1768 2821 1787 2857 :

367 2894 805 2966 lnﬁrmabuntur
829 2898 882 2948 et
908 2893 1162 2964 peribunt
1192 2909 1226 2947 a
1252 2893 1394 2965 facie
1426 2898 1544 2946 tua.

369 2984 441 3039 Η.
477 2983 784 3038 Inimicum
814 2981 956 3037 dicit
982 2980 1299 3050 diabolum,
1323 2980 1418 3036 cui
1451 2979 1735 3036 Dominus
1762 2978 1915 3035 dixit
1940 2996 1953 3043 ;

293 3072 460 3128 Vade
507 3078 681 3136 retro,
707 3072 923 3127 Satana
960 3072 1176 3141 (Matth.
1199 3072 1338 3139 xw).
1372 3070 1588 3126 Putant
1633 3071 1787 3125 enim
1822 3067 1956 3141 qui-

291 3163 459 3228 dam,
484 3177 600 3216 non
630 3160 796 3216 Petro
846 3159 945 3216 sed
988 3157 1238 3226 diabolo,
1264 3157 1431 3215 Petro
1476 3157 1809 3230 suggerenti
1844 3162 1959 3213 Do-

2050 1192 2365 1249 convictos.

2086 1284 2120 1337 7
2192 1283 2367 1339 Periit
2394 1288 2661 1342 memoria
2690 1304 2881 1345 eorum
2907 1305 3030 1343 cum
3056 1292 3241 1346 sonitu
3271 1310 3289 1346 :

2196 1372 2261 1427 Et
2292 1376 2563 1429 Dominus
2592 1377 2655 1431 in
2678 1386 2952 1435 aeternum
2977 1390 3280 1449 permanet.

2126 1460 2167 1514 C
2197 1461 2341 1516 Cum
2369 1462 2561 1518 sonitu
2596 1465 2758 1537 dicit,
2782 1466 2839 1521 id
2874 1471 2963 1521 est
2988 1484 3124 1524 cum
3150 1468 3404 1529 clamore
3433 1472 3713 1540 maximo,

2057 1549 2211 1621 quod
2243 1551 2367 1606 tleri
2416 1551 2582 1620 solet,
2618 1555 2856 1627 quando
2888 1572 2981 1611 res
3032 1574 3323 1631 prosperae
3371 1561 3719 1635 gravissimo

2058 1640 2172 1694 fine
2203 1637 2578 1709 clauduntur,
2602 1649 2669 1700 ut
2692 1660 2798 1699 nec
2830 1648 3094 1715 potestas
3121 1665 3321 1705 eorum
3348 1651 3608 1708 videatur
3638 1667 3726 1708 re-

2058 1744 2315 1795 manere,
2345 1745 2449 1785 nec
2483 1746 2723 1788 nomen.
2748 1732 2821 1787 Et
2850 1749 2986 1789 ecce
3028 1736 3238 1792 decora
3269 1739 3730 1815 nimisquelapta

2058 1817 2388 1880 diversitas,
2413 1817 2554 1890 quia
2587 1821 2758 1893 prius
2784 1820 2929 1875 dixit
2962 1823 3181 1897 impios
3223 1828 3429 1899 perire,
3463 1848 3617 1888 nunc
3662 1833 3726 1890 in

2057 1910 2339 1962 aeternum
2369 1906 2692 1964 Dominum
2726 1925 3079 1981 permanere
3112 1914 3272 1972 dicit.

2091 1997 2125 2049 8
2197 1996 2426 2051 Paravit
2455 1997 2515 2050 in
2536 1997 2758 2069 judicio
2790 1998 3055 2057 thronum
3082 2019 3268 2073 suum,
3299 2015 3350 2064 et
3379 2010 3489 2082 ipse
3514 2012 3731 2082 iudica—

2272 2085 2351 2141 bit
2379 2084 2566 2141 orbem
2596 2093 2767 2143 terra?
2797 2087 2854 2141 in
2884 2092 3148 2161 aequitate
3177 2111 3196 2149 :

2195 2173 2471 2231 Judicabit
2494 2175 2728 2247 populos
2760 2176 2821 2231 in
2839 2177 3085 2248 justitz'a.

2129 2263 2171 2318 C
2201 2262 2449 2331 Paravit,
2474 2263 2698 2319 scilicet
2721 2264 2878 2319 Deus
2899 2264 3183 2334 homo,ut
3200 2272 3301 2344 qui
3326 2274 3418 2331 hic
3448 2276 3506 2332 in
3534 2279 3733 2338 humi-

2058 2352 2219 2408 litate
2234 2352 2541 2423 judicatus
2563 2358 2672 2421 est,
2698 2353 2783 2408 ibi
2809 2354 2868 2409 in
2893 2356 3203 2426 majestate
3228 2362 3607 2433 judicaturus
3629 2372 3734 2428 ad-

2061 2441 2270 2498 veniat.
2306 2442 2375 2497 Et
2403 2438 2531 2513 ipse
2559 2442 2764 2515 utique
2806 2443 3094 2503 Dominus
3124 2447 3394 2509 Christus
3415 2455 3729 2525 judicabit.

2062 2532 2273 2588 Orbem
2306 2536 2472 2586 terra:
2525 2537 2762 2590 sanctos
2788 2532 2945 2589 viros
2995 2535 3280 2595 debemus
3310 2543 3592 2616 accipere.
3627 2548 3735 2607 Isti

2054 2620 2359 2690 judicandi
2384 2625 2526 2675 sunt
2550 2622 2607 2675 in
2631 2622 2909 2694 aequitate
2935 2624 3034 2696 qui
3057 2626 3317 2683 audituri
3352 2636 3531 2688 sunt:
3555 2635 3735 2693 Veni-

2064 2717 2142 2778 te,
2166 2709 2454 2766 benedicti
2486 2709 2674 2767 Patris
2707 2710 2820 2766 mei
2846 2713 3069 2773 (Matth.
3096 2719 3260 2785 xxv);
3295 2722 3540 2790 aequitas
3571 2727 3731 2785 enim

2064 2816 2168 2872 pro
2199 2798 2531 2870 placiditate
2575 2805 2633 2855 et
2685 2798 2802 2854 leni
2842 2800 3069 2870 judicio
3100 2805 3237 2875 poni
3261 2806 3427 2863 solet.
3454 2810 3729 2887 Populos,

2067 2893 2399 2961 peccatores
2437 2888 2598 2943 dicit.
2623 2887 2726 2943 Isti
2756 2904 2890 2943 cum
2931 2890 3168 2960 justitia
3206 2894 3513 2966 judicandi
3566 2910 3728 2975 sunt,

2066 2978 2284 3050 quibus
2314 2976 2542 3031 dicetur
2575 2992 2587 3030 :
2624 2977 2706 3031 lte
2738 2977 2797 3031 iu
2829 2977 3025 3049 ignem
3059 2985 3341 3039 aeternum
3374 2988 3567 3058 (Ibid.)

2099 3067 2135 3121 9
2208 3067 2273 3122 Et
2297 3067 2477 3138 factus
2501 3074 2582 3121 est
2602 3066 2863 3121 Dominus
2895 3069 3175 3138 refugium
3196 3077 3434 3144 pauperi
3455 3094 3476 3130 :

2213 3155 2451 3226 Adjutor
2478 3157 2538 3210 in
2565 3154 3111 3226 opportunitatibus,,
3146 3159 3206 3213 in
3238 3162 3615 3222 tribulatione.

291 3250 531 3305 minum
565 3247 972 3322 respondisse:
996 3248 1175 3316 Vade,
1198 3252 1369 3315 retro,
1395 3228 1633 3314 Satana,
1656 3245 1713 3301 id
1740 3250 1831 3302 est
1859 3246 1956 3301 ad-
1987 3228 2029 3294 C
2138 3243 2179 3299 C
2200 3244 2414 3317 Magna
2436 3241 2710 3315 cogitatio
2731 3241 3105 3314 gaudiorum,
3125 3246 3320 3318 ipsum
3339 3248 3554 3308 habere
3578 3255 3729 3312 refu-

288 3338 576 3407 versarie,
594 3354 696 3394 seu
741 3336 997 3393 inimice.
1022 3336 1502 3392 Infirmabuntur.
1527 3334 1630 3391 Hic
1651 3334 1959 3407 pluraliter

291 3444 506 3485 omnes
557 3425 836 3484 satellites
881 3425 1095 3481 diaboli
1148 3424 1611 3498 comprehendit,
1642 3424 1744 3496 qui
1791 3424 1958 3497 prius

294 3519 482 3573 fortes
514 3520 683 3572 erant
712 3519 948 3589 propter
977 3518 1213 3587 peccata
1250 3518 1471 3581 nostra,
1496 3513 1669 3570 modo
1700 3512 1955 3581 infirmi;

296 3624 409 3662 nos
438 3610 637 3661 autem
668 3604 726 3660 in
751 3605 867 3660 Deo
890 3604 1087 3660 fortes.
1116 3603 1393 3659 Peribunt
1416 3606 1549 3659 aute
1571 3602 1798 3659 faciem.
1824 3600 1865 3656 C
1895 3602 1958 3658 1d

298 3700 391 3750 est
423 3698 563 3750 ante
591 3694 840 3766 gratiam
873 3693 971 3765 [αι.
1004 3691 1229 3765 faciem]
1257 3691 1492 3748 Christi.

333 3787 369 3839 4
446 3784 723 3855 Quoniam
745 3783 927 3853 fecisti
944 3781 1219 3853 judicium
1239 3797 1418 3837 meum
1441 3788 1492 3836 et
1510 3797 1735 3836 causam
1760 3796 1958 3836 meum.

448 3872 657 3928 Sedisti
700 3886 866 3942 super
914 3871 1171 3926 thronum
1212 3875 1266 3936 ἐς
1311 3870 1410 3941 qui
1469 3875 1482 3936 ξ
1528 3869 1750 3942 judicas
1790 3870 1960 3942 justi-

525 3963 681 4016 tiam.

380 4052 447 4107 Il.
482 4048 693 4106 Fecisti
737 4047 1032 4120 judicium
1084 4064 1301 4117 meum,
1333 4063 1443 4103 vox
1484 4046 1772 4103 Ecclesia.
1804 4048 1881 4102 Ac
1911 4046 1959 4103 si

298 4141 467 4198 dicat
496 4156 509 4194 :
546 4143 748 4212 gentes
780 4136 1028 4211 elegisti,
1059 4135 1291 4195 Judaeos
1336 4135 1680 4208 reprobasti.
1713 4134 1963 4191 Causam

300 4245 529 4294 meam,
556 4226 616 4281 id
654 4231 761 4294 est,
785 4225 1042 4281 causasti
1071 4242 1176 4297 pro
1207 4241 1299 4280 me
1331 4228 1531 4281 contra
1577 4224 1962 4292 adversarios,

299 4324 363 4375 et
391 4306 705 4372 vindicasti
735 4331 848 4383 me,
884 4319 941 4371 et
979 4313 1165 4370 fecisti
1200 4330 1438 4370 causam
1486 4328 1675 4369 meam
1726 4313 1963 4369 bonam.

300 4406 615 4463 Thronum
637 4403 900 4459 Graecum
926 4406 1039 4469 est,
1062 4401 1265 4459 Latine
1282 4401 1452 4469 sedes,
1478 4401 1616 4474 quia
1648 4401 1968 4474 unusquis-

300 4512 423 4569 que
454 4494 627 4550 sedes
655 4492 756 4549 Dei
781 4497 889 4548 est.
914 4492 958 4549 C
978 4491 1083 4548 Hic
1107 4508 1360 4565 praesens
1391 4495 1625 4565 tempus
1645 4507 1750 4564 pro
1771 4490 1967 4549 futuro

301 4582 479 4651 dixit,
500 4582 760 4655 judicas,
783 4581 923 4654 quia
942 4579 1321 4653 judicaturus
1353 4579 1430 4636 sit
1454 4579 1809 4651 aequitatem.

341 4675 382 4729 5
456 4672 751 4744 lncrepasti
776 4677 1055 4741 gentes,-§~
1095 4677 1147 4725 et
1187 4674 1200 4733 ζ
1242 4670 1414 4742 periit
1442 4670 1665 4741 impius.

457 4766 664 4820 Nomen
688 4777 873 4818 eorum
901 4759 1090 4816 delesti
1119 4760 1175 4815 in
1214 4765 1504 4826 aeternum,
1537 4764 1589 4814 et
1618 4759 1678 4813 in
1705 4758 1970 4815 saeculum

545 4855 601 4915 -j-
628 4846 825 4904 saeculi
867 4853 881 4914 ζ

381 4940 453 4996 Η.
486 4937 803 5012 Increpasti
830 4941 1032 5011 gentes
1062 4952 1167 5010 per
1191 4932 1507 5010 apostolos,
1531 4932 1670 5007 quia
1699 4933 1856 4991 idola
1877 4934 1972 4990 ad-

308 5029 584 5085 orabant.
609 5027 677 5083 Et
704 5026 875 5100 periit
901 5025 1143 5100 impius,
1167 5024 1305 5098 quia
1325 5024 1397 5080 ab
1422 5023 1603 5095 impio
1634 5039 1738 5097 per
1768 5023 1971 5096 praedi-

306 5117 606 5175 cationem
636 5116 824 5174 factus
853 5121 944 5175 est
970 5116 1126 5189 pius.
1156 5114 1376 5170 Nomen
1408 5127 1611 5167 eorum
1643 5111 1878 5180 delevit,
1910 5112 1970 5168 id

305 5212 399 5264 est
431 5222 649 5263 nomen
690 5204 1028 5278 impietatis.
1053 5203 1095 5258 C
1137 5203 1203 5257 In
1248 5198 1530 5257 saeculum
1561 5199 1779 5270 saeculi,
1813 5200 1971 5258 iutu-

309 5312 447 5351 rum
478 5310 726 5372 regnum
757 5282 972 5366 signat,
1004 5290 1160 5362 quod
1202 5287 1364 5344 nulla
1392 5292 1558 5344 aetate
1607 5289 1769 5346 nullo
1817 5293 1970 5346 tem-

310 5399 453 5457 pore
474 5382 733 5449 ﬁnietur,
755 5385 845 5438 est
863 5380 1020 5435 enim
1042 5376 1323 5433 saeculum
1346 5378 1628 5433 aeternum
1650 5382 1784 5451 post
1812 5378 1969 5435 istud

311 5468 602 5528 mutabile
633 5467 943 5537 saeculum;
977 5467 1133 5541 quod
1182 5471 1273 5522 est
1311 5464 1615 5537 saeculum,
1644 5467 1703 5523 id
1747 5473 1836 5524 est
1881 5485 1971 5525 se-

309 5577 503 5635 quens
530 5560 820 5618 aeternitas
842 5558 1013 5616 istius
1032 5555 1251 5630 saeculi,
1272 5555 1331 5613 id
1360 5559 1468 5627 est,
1491 5554 1603 5613 isto
1626 5555 1790 5614 finito
1811 5557 1971 5615 aliud

310 5650 549 5727 incipit.

2064 3332 2229 3405 gium
2262 3349 2435 3405 quem
2467 3336 2524 3388 et
2544 3331 2828 3403 judicem.
2851 3330 3078 3405 Pauper
3109 3336 3204 3392 Dei
3228 3342 3318 3392 est
3349 3338 3465 3408 ille,
3490 3343 3591 3413 qui
3620 3348 3730 3400 ter-

2070 3437 2209 3477 rena
2228 3421 2577 3493 despiciens,
2592 3420 2847 3479 caelestia
2864 3420 3175 3481 desiderat.
3198 3424 3341 3482 Illud
3366 3429 3727 3501 adjutorium

2069 3510 2484 3566 dulcissimum
2504 3509 2777 3582 est,quod
2802 3509 2860 3564 in
2877 3514 3334 3584 opportunitate,
3348 3516 3407 3572 id
3429 3523 3518 3574 est
3534 3537 3729 3579 neces-

2069 3600 2242 3655 sitate
2272 3603 2601 3671 praestatur.
2630 3598 2692 3655 In
2726 3598 3123 3671 tribulatione,
3153 3620 3285 3659 cum
3314 3606 3550 3665 animus
3579 3612 3729 3667 afﬂi-

2071 3693 2295 3744 ctorum
2328 3688 2399 3742 ad
2434 3688 2942 3759 compunctionem
2976 3692 3205 3748 avidius
3237 3692 3534 3753 incitatur.

2073 3777 2141 3831 10
2212 3778 2277 3832 Et
2304 3783 2521 3848 sperent
2550 3779 2606 3831 in
2640 3785 2689 3832 te
2716 3778 2815 3848 qui
2841 3789 3110 3838 noverunt
3136 3798 3331 3839 nomen
3362 3792 3515 3842 tuum
3546 3807 3565 3843 :

2217 3865 2488 3934 Quoniam
2543 3882 2653 3922 non
2721 3866 3069 3941 dereliquisti
3132 3883 3437 3944 qumrentes
3492 3884 3560 3947 te,
3620 3880 3731 3935 Do-

2281 3970 2452 4012 mine.

2143 4042 2184 4098 C
2215 4042 2462 4116 Sperent
2489 4042 2549 4098 in
2569 4047 2646 4112 te,
2673 4060 2787 4099 non
2816 4044 2880 4100 in
2899 4048 3094 4104 saeculi
3126 4047 3531 4110 blandimenta
3552 4056 3733 4129 respi-

2073 4131 2249 4199 ciant,
2271 4133 2371 4188 sed
2397 4133 2457 4187 in
2488 4137 2651 4188 tuarn
2682 4134 3132 4206 promissionem
3165 4140 3480 4210 confidant,
3506 4144 3605 4214 qui
3633 4161 3732 4201 no-

2070 4225 2282 4278 verunt
2306 4237 2542 4288 nomen,
2566 4222 2623 4276 id
2648 4227 2739 4278 est
2764 4224 2864 4295 qui
2895 4226 3262 4297 majestatem
3294 4235 3457 4285 tuam
3489 4232 3732 4289 sanctis-

2075 4309 2227 4367 sima
2255 4309 2558 4366 devotione
2576 4316 2947 4368 venerantur.
2968 4314 3014 4369 A
3033 4313 3255 4370 Nomen
3286 4318 3443 4373 enim
3467 4324 3557 4376 est
3576 4319 3675 4375 Dei
3713 4337 3726 4377 :

2076 4399 2381 4467 Dominus,
2399 4398 2486 4454 vel
2518 4399 2639 4455 Est.
2673 4399 2834 4463 Quod
2863 4402 3038 4471 novit,
3064 4402 3164 4476 qui
3196 4402 3444 4463 libenter
3473 4407 3526 4463 ei
3555 4408 3733 4466 servit

2077 4489 2177 4562 qui
2200 4503 2329 4544 vere
2354 4491 2462 4544 est.
2488 4487 2621 4544 Ideo
2642 4504 2814 4544 nemo
2836 4496 3030 4562 speret
3044 4492 3104 4547 in
3126 4493 3503 4562 transitoriis,
3524 4502 3733 4568 praeter

1998 4598 2044 4662 Β
2077 4579 2187 4634 fuit
2216 4584 2273 4634 et
2302 4577 2411 4635 erit
2440 4575 2585 4632 nihil
2628 4576 3001 4638 habentibus.
3031 4581 3178 4637 Nam
3211 4585 3367 4655 quod
3401 4584 3459 4643 in
3493 4583 3610 4642 illis
3642 4586 3730 4642 fu-

2077 4674 2275 4724 turum
2306 4671 2414 4735 est,
2452 4682 2586 4722 cum
2615 4667 2840 4724 venerit
2870 4670 2936 4724 fit
2972 4672 3170 4726 statim
3219 4674 3600 4744 praeteritum,
3634 4692 3730 4731 ex-

2077 4761 2373 4830 spectatur
2391 4772 2524 4812 cum
2550 4756 2890 4825 cupiditate,
2914 4759 3203 4815 amittitur
3222 4777 3357 4816 cum
3379 4761 3594 4829 dolore,
3614 4780 3732 4819 non

2076 4850 2307 4903 tenetur
2330 4862 2465 4902 cum
2495 4845 2861 4902 certitudine.
2890 4848 2931 4903 C
2962 4848 3240 4920 Sequitur
3269 4867 3447 4906 causa
3473 4867 3578 4905 cur
3606 4865 3734 4924 spe—

2078 4941 2207 4992 rent
2233 4936 2292 4991 in
2339 4935 2545 5007 Deum,
2578 4935 2717 5007 quia
2746 4952 2861 4992 non
2895 4936 3116 5009 patitur
3140 4952 3240 4993 eus
3267 4939 3535 4995 deserere
3582 4956 3732 5013 quos

2076 5026 2235 5081 videt
2272 5025 2345 5080 ad
2377 5024 2779 5097 seconi'ugere.

2080 5115 2140 5170 11
2219 5114 2446 5170 Psallite
2491 5114 2797 5179 Domino-ea
2841 5116 2941 5186 qui
2979 5120 2994 5179 ζ
3039 5114 3334 5183 habitat—3
3385 5134 3444 5173 tn
3490 5125 3502 5184 ζ
3546 5118 3677 5175 Sion
3712 5138 3731 5175 :

2219 5203 2556 5259 Annuntiate
2587 5209 2732 5258 inter
2759 5211 2940 5272 gentes
2968 5203 3152 5263 studia
3180 5204 3318 5277 ejus.

2150 5291 2196 5346 H
2225 5290 2457 5348 Psallite
2495 5290 2763 5357 Domino,
2797 5291 2853 5345 id
2898 5295 2987 5347 est
3034 5294 3345 5364 praedicata
3394 5294 3732 5362 Dominum,

2079 5385 2136 5436 et
2165 5396 2336 5452 opere
2378 5379 2614 5451 implete
2662 5380 2815 5452 quod
2864 5380 3214 5453 praedicatis.
3247 5382 3387 5439 Sion
3434 5383 3734 5455 speculatio

2080 5468 2314 5535 dicitur,
2348 5466 2407 5522 id
2447 5471 2537 5523 est
2580 5468 2854 5534 Ecclesia,
2889 5468 2950 5525 in
3000 5486 3117 5543 qua
3165 5471 3392 5528 habitat
3441 5470 3729 5529 Christus.

2080 5555 2455 5615 Annuntiate.
2487 5555 2611 5611 Vox
2663 5557 2959 5631 Prophetee
3007 5546 3284 5616 admonet
3325 5562 3733 5633 praedicatores

2080 5647 2394 5729 praedicare
2423 5644 2623 5704 studia
2651 5647 2803 5721 ejus,
2834 5646 2894 5705 id
2925 5653 3014 5708 est
3044 5651 3323 5711 mandata
3350 5650 3587 5710 Christi.
