4122 6184
399 299 473 359 τι
1303 295 1369 358 S.
1413 291 1812 358 BRUNONIS
1856 289 2482 355 HERBIPOLENSIS
2526 291 2898 357 EPISCSPI.
3607 309 3610 324 '
3735 301 3813 360 72

389 408 468 489 ’12
544 433 808 500 Quoniam
845 432 1124 502 requirens
1158 431 1481 500 sanguinem
1521 445 1707 484 eorum
1739 425 2044 482 recordatus
2076 426 2126 492 Α
2159 425 2277 481 sive
2307 443 2338 481 a
2372 426 2630 481 sinistris
2673 443 2774 482 seu
2807 444 2841 482 a
2866 427 3116 482 dexteris
3157 427 3383 497 judicio
3413 429 3508 484 Dei
3559 431 3667 485 erit
3715 449 3808 487 se-

611 530 687 577 est
716 540 735 577 .'

538 612 657 667 Non
681 617 762 667 est
783 611 983 666 oblitus
1011 609 1304 665 clamorem
1327 623 1652 681 pauperum

465 701 508 756 C
538 699 684 765 Quia
727 698 999 772 superius
1051 696 1214 765 dixit,
1262 694 1571 770 prédicate
1619 695 1928 771 gentibus;
1975 709 2048 748 ne

395 789 529 862 quis
562 793 794 862 putaret
836 787 1092 844 inultum
1132 803 1260 844 esse
1305 786 1653 859 sanguinem
1699 789 2043 857 martyrum,

393 879 540 935 dixit
589 877 894 951 requirens
950 877 1321 950 sanguinem,
1375 879 1440 931 ut
1490 875 1747 932 vindicta
1803 875 2047 930 terreret

392 971 815 1042 persecutores,
838 969 896 1022 et
925 969 1212 1038 martyres
1241 963 1550 1038 promissio
1581 963 1882 1020 mulceret.
1917 961 2044 1017 Non

391 1061 482 1113 est
501 1055 718 1113 oblitus
749 1053 909 1120 dicit,
933 1071 1004 1110 ne
1035 1059 1242 1127 putent
1279 1052 1535 1110 oblivisci
1569 1053 1752 1109 Deum
1785 1052 2046 1124 (propter

391 1144 877 1218 longinquitatem
903 1143 1080 1199 futuri
1107 1142 1339 1214 judicii)
1362 1143 1680 1198 retribuere
1711 1141 1863 1197 bona
1894 1158 2040 1214 pau-

391 1234 632 1307 peribus
663 1233 902 1289 Christi.
1983 1229 2008 1256 ’

391 1323 460 1378 13
532 1322 780 1378 Miserere
803 1322 938 1386 ‘rnei,
968 1321 1197 1376 Domine
1227 1338 1246 1374 :

535 1411 662 1467 Vide
689 1411 1054 1465 humilitatem
1084 1425 1263 1464 meam
1291 1407 1358 1464 de
1385 1409 1630 1464 inimicis
1658 1409 1814 1463 meis.

460 1501 501 1556 C
521 1498 781 1556 Postulat
802 1497 910 1554 sibi
938 1497 1224 1569 Propheta
1243 1497 1328 1552 sic
1359 1496 1676 1563 subveniri,
1697 1501 1762 1551 ut
1776 1495 2043 1552 videatur

389 1608 424 1646 a
457 1605 589 1661 rege
614 1587 864 1649 Christo,
894 1587 1030 1658 quia
1061 1589 1188 1656 eius
1238 1591 1584 1658 conspectus
1614 1583 1896 1640 auxilium
1928 1587 2035 1640 est.

388 1677 685 1752 Supplicat
713 1677 924 1732 iterum
947 1674 1188 1748 intelligi
1221 1693 1256 1730 a
1281 1674 1528 1730 Domino
1551 1691 1718 1730 suam
1741 1673 2039 1730 humilita-

385 1774 504 1824 tem
521 1768 592 1823 de
609 1764 882 1838 superbia
897 1763 1503 1837 persecutorum,quia
1521 1767 1750 1818 tantum
1767 1761 2039 1818 videntur
2069 1798 2116 1863 Β

383 1855 576 1914 extolli
596 1856 1308 1929 persecutores,quantum
1325 1851 1713 1907 humiliantur
1729 1855 2032 1922 martyres.

383 1946 452 2002 44
527 1947 644 2018 Qui
670 1943 882 2000 exultas
913 1958 998 1997 me
1026 1941 1091 1996 de
1116 1942 1287 2012 portis
1313 1942 1508 1996 mortis
1539 1959 1560 1994 .-

529 2037 592 2092 Ut
619 2033 944 2089 annuntiem
982 2046 1166 2087 omnes
1196 2029 1536 2086 laudationes
1585 2037 1709 2086 tuas
1757 2031 1817 2084 in
1859 2029 2034 2100 portis

591 2124 732 2195 ﬁlia:
759 2121 912 2177 Sion.

451 2215 492 2270 C
521 2214 694 2269 Porta
720 2227 854 2266 vero
886 2207 1091 2264 mortis
1119 2211 1208 2264 est
1249 2207 1519 2264 diabolus
1547 2207 1635 2262 vel
1665 2208 1804 2263 vitia
1837 2206 2032 2264 illece-

378 2305 574 2368 brosa,
594 2318 696 2374 per
721 2316 852 2372 quae
873 2297 1148 2354 introitur
1168 2297 1239 2352 ad
1266 2303 1544 2352 internum
1569 2301 1836 2353 mortem.
1861 2296 2034 2353 Exul-

377 2397 470 2448 tas
501 2407 614 2458 me,
647 2389 705 2444 id
737 2392 826 2445 est
869 2386 1039 2459 longe
1091 2383 1232 2442 facis
1281 2402 1314 2442 a
1354 2385 1594 2441 talibus.
1630 2386 1935 2442 Liberatus
1965 2404 2034 2443 ex

377 2479 496 2536 illis
545 2477 730 2553 portis
788 2476 1016 2542 mortis,
1048 2473 1356 2548 pollicetur
1402 2491 1464 2530 se
1512 2475 2032 2558 pronuntiaturum

377 2569 582 2626 laudes
631 2563 861 2623 Domini
892 2564 952 2619 in
981 2563 1165 2636 portis
1211 2563 1372 2630 Sion,
1403 2563 1462 2618 id
1496 2568 1585 2618 est
1628 2563 1686 2618 in
1731 2568 1850 2618 toto
1895 2565 2034 2620 orbe

379 2661 591 2715 sancta:
623 2654 725 2712 Dei
774 2652 1062 2710 Ecclesiae.
1089 2655 1132 2706 A
1166 2651 1346 2708 Portis
1377 2651 1534 2706 enim
1585 2650 1849 2708 Ecclesia:
1882 2652 2035 2708 sicut

377 2751 517 2804 sunt
563 2741 831 2817 apostoli,
865 2740 947 2797 ita
992 2740 1190 2796 omnia
1245 2739 1464 2812 optima
1513 2739 1728 2810 studia,
1757 2757 1862 2812 per
1907 2758 2032 2814 quae

373 2835 608 2893 venitur
647 2833 720 2888 ad
759 2830 1043 2886 visionem
1103 2828 1263 2900 pacis
1322 2828 1380 2884 in
1439 2829 1716 2886 Ecclesia.
1749 2829 1815 2885 Η.
1849 2833 2033 2885 Porta:

374 2925 552 2983 etiam
612 2919 818 2977 mortis
888 2917 1164 2984 heretici,
1206 2921 1261 2973 et
1291 2917 1483 2974 omnis
1539 2917 1691 2973 mala
1747 2918 2034 2974 doctrina.

372 3017 560 3070 Portis
599 3010 759 3076 Sion,
792 3007 850 3062 id
899 3010 990 3062 est
1043 3005 1308 3062 Ecclesia:
1361 3005 1496 3062 boni
1545 3006 1947 3079 praedicatores
1979 3011 2037 3063 et

375 3105 577 3160 sancta
607 3097 893 3155 doctrina.

374 3193 447 3248 15
519 3186 792 3246 Exultabo
822 3187 883 3241 in
911 3185 1152 3241 salutari
1180 3191 1270 3240 tuo
1298 3203 1317 3240 :

513 3279 708 3348 Inﬁxae
731 3282 860 3330 sunt
883 3280 1064 3345 gentes
1095 3275 1156 3328 in
1187 3267 1416 3328 interitu
1448 3289 1608 3345 quem
1633 3276 1899 3346 fecerunt.

443 3368 485 3423 C
515 3367 718 3422 Merito
747 3378 882 3434 ergo
915 3378 976 3418 se
1007 3361 1150 3416 dicit
1193 3360 1479 3433 Propheta
1508 3361 1569 3417 in
1602 3363 1728 3434 ipso
1759 3363 2032 3438 gaudere,

371 3456 433 3513 id
465 3455 644 3512 estin
671 3451 924 3518 Christo,
948 3449 1046 3505 ubi
1071 3449 1270 3521 gaudii
1307 3448 1504 3506 nullus
1524 3454 1613 3505 est
1642 3450 1796 3508 linis.
1822 3451 2034 3508 Inlian

368 3545 529 3602 enim
561 3547 766 3617 gentes
797 3538 958 3606 dicit,
982 3555 1110 3610 quze
1161 3537 1370 3594 timore
1419 3537 1651 3594 Domini
1685 3557 1799 3596 non
1831 3545 2032 3597 tenen-

333 3624 342 3628 ⁶
377 3639 494 3706 tur,
517 3633 574 3688 id
609 3635 698 3687 est
719 3629 890 3702 quasi
911 3627 1268 3700 quibusdam
1293 3627 1470 3682 clavis
1491 3632 1864 3700 peccatorum
1895 3629 2035 3703 liga-

381 3729 493 3790 tas,
519 3727 586 3778 ut
614 3737 731 3776 non
761 3716 990 3775 valeant
1021 3733 1082 3772 se
1124 3722 1410 3783 excutere,
1436 3718 1588 3789 quod
1624 3734 1736 3773 non
1771 3717 2034 3792 improbe

373 3813 447 3869 ad
478 3811 714 3868 Judzcos
745 3805 1037 3881 pertinere
1059 3805 1340 3874 dicimus;
1376 3810 1441 3861 ut
1464 3806 1543 3862 ita
1560 3805 1678 3861 sint
1707 3805 1880 3862 malis
1909 3809 2034 3864 suis

378 3901 534 3958 afﬁxi
567 3897 751 3956 Judaei
785 3893 1011 3970 perfidi,
1035 3893 1188 3950 sicut
1216 3893 1276 3948 in
1309 3910 1480 3950 cruce
1511 3893 1688 3950 clavis
1719 3896 2030 3953 Dominum

367 3989 640 4063 infligere
671 3987 1086 4044 decreverunt:
1124 4000 1295 4056 poena
1342 3984 1518 4040 etiam
1563 3984 1774 4057 cuique
1805 4002 1912 4040 sua
1943 3990 2032 4042 est

378 4077 684 4151 iniquitas.

369 4169 438 4225 16
509 4169 572 4225 In
605 4167 800 4240 laqueo
832 4166 934 4221 isto
964 4179 1122 4236 quem
1140 4162 1543 4218 'absconderunt
1572 4180 1592 4218 :

509 4255 940 4330 Comprehensus
971 4261 1050 4308 est
1070 4269 1166 4326 pes
1195 4268 1402 4308 eorum.

436 4346 478 4401 C
509 4347 812 4418 Laqueum
843 4361 879 4399 v
900 4359 979 4397 ~ro
1009 4340 1445 4398 occultaverunt
1489 4344 1778 4414 quantum
1820 4345 2024 4414 potue-

365 4440 522 4501 runt,
547 4439 604 4490 et
632 4439 830 4490 tamen
855 4431 1150 4488 Christum
1181 4429 1261 4485 nil
1292 4429 1479 4485 celare
1508 4429 1836 4486 valuerunt.
1862 4430 2028 4486 Com-

2157 516 2628 588 gregatum.Com
2636 515 2961 588 prehensus
2976 519 3066 572 est
3086 521 3356 588 peccator
3368 518 3642 590 operibus
3660 521 3806 590 suis,

2157 619 2292 658 cum
2325 605 2648 660 secundum
2693 603 3032 678 qualitatem
3079 603 3237 676 opris
3267 603 3359 661 sui
3388 605 3629 680 dignam
3661 609 3807 664 reci-

2154 691 2242 764 pit
2272 691 2577 748 ultionem.

2156 781 2224 836 18
2296 784 2697 838 Convertuntur
2719 791 3023 855 peccatores
3053 785 3114 839 in
3141 785 3426 856 infernum
3453 803 3472 840 :

2297 869 2494 928 Omnes
2523 879 2706 940 gentes
2736 887 2864 944 quae
2889 873 3292 930 obliviscuntur
3316 875 3506 930 Deum.

2223 959 2264 1016 C
2285 961 2706 1018 Convertantur
2735 967 3090 1034 peccatores,
3120 961 3282 1029 dicit,
3304 962 3362 1018 id
3407 967 3496 1020 est
3523 965 3596 1021 ab
3627 965 3805 1039 hujus

2152 1049 2357 1105 mundi
2389 1049 2770 1107 delectatione
2802 1049 3100 1117 tollantur,
3125 1068 3196 1107 ne
3223 1051 3452 1108 diutius
3487 1055 3714 1125 possint
3744 1057 3802 1112 in

2149 1155 2259 1195 sua
2281 1137 2578 1212 voluptate
2607 1139 2881 1211 gaudere.
2907 1139 3174 1196 Infernus
3194 1146 3390 1198 autem
3410 1142 3603 1198 dictus
3623 1149 3711 1199 est
3731 1147 3804 1202 ab

2151 1243 2217 1284 eo
2239 1243 2364 1300 quae
2398 1227 2516 1283 illic
2549 1228 2994 1302 animaajugiter
3011 1227 3359 1298 inferantur,
3384 1231 3454 1286 ad
3479 1247 3655 1304 quem
3679 1233 3806 1290 sine

2150 1315 2331 1372 dubio
2363 1317 2694 1390 perventuri
2727 1320 2887 1384 sunt,
2913 1316 3014 1390 qui
3059 1317 3290 1374 Domini
3337 1323 3624 1393 praecepta
3666 1337 3802 1378 con-

2150 1409 2439 1462 temnunt.
2456 1405 2730 1462 Oblivisci
2779 1405 3091 1462 Dominum
3122 1411 3210 1462 est
3247 1407 3458 1464 involvi
3505 1411 3804 1468 erroribus

2149 1494 2636 1566 superstitionum
2668 1497 2724 1550 et
2746 1511 2908 1550 emno
2927 1493 3264 1566 voluptatis,
3287 1513 3421 1552 nam
3450 1513 3481 1552 e
3510 1498 3801 1556 contrario

2147 1581 2306 1638 illius
2337 1598 2625 1638 memores
2657 1587 2797 1638 sunt
2828 1583 2928 1655 qui
2959 1582 3099 1638 talia
3129 1601 3244 1640 non
3275 1584 3602 1658 requirunt.

2149 1671 2218 1725 19
2295 1671 2562 1740 Quoniam
2591 1688 2703 1728 non
2735 1673 2794 1726 in
2823 1673 2988 1744 ﬁnem
3017 1673 3218 1728 oblivio
3247 1675 3353 1729 erit
3381 1677 3645 1746 pauperis
3677 1695 3689 1732 :

2289 1762 2569 1816 Patientia
2593 1777 2902 1833 pauperum
2929 1777 3040 1817 non
3063 1761 3267 1832 peribit
3297 1763 3356 1818 in
3385 1763 3571 1834 ﬁnem.

2216 1849 2257 1903 C
2281 1849 2402 1905 Non
2433 1849 2590 1905 enim
2621 1847 2834 1905 oblivio
2869 1849 2978 1905 erit
3007 1850 3552 1922 pauperis,quando
3579 1855 3801 1910 venerit

2144 1937 2426 1994 Dominus
2447 1938 2506 1993 in
2525 1939 2638 1994 ﬁne
2654 1937 2847 1994 saeculi
2863 1939 3130 2010 judicare
3147 1939 3606 2006 mundum,dicit
3620 1943 3797 1998 etiam

2143 2043 2260 2082 non
2293 2026 2482 2100 perire
2509 2027 2852 2100 patientiam
2885 2043 3011 2099 quae
3055 2026 3256 2084 ﬁdeles
3286 2033 3547 2085 coronat.
3570 2029 3715 2086 Nam
3746 2031 3798 2089 si

2145 2116 2305 2172 deest
2325 2104 2550 2172 homini
2575 2115 2875 2188 patientia,
2901 2115 3101 2172 anima
3119 2117 3251 2188 ejus
3271 2134 3386 2173 non
3410 2121 3500 2174 est
3520 2119 3794 2191 perfecta.

2144 2205 2206 2260 In
2238 2205 2435 2260 finem.
2470 2205 2516 2260 H
2549 2205 2694 2271 Quia
2731 2205 2780 2260 si
2824 2205 3093 2261 diﬂ‘ertur
3139 2205 3420 2262 auxilium
3470 2225 3504 2263 a
3551 2209 3792 2276 sanctis,

2141 2297 2338 2349 tamen
2370 2310 2485 2348 non
2521 2294 2784 2348 aufertur
2814 2293 2928 2349 nisi
2957 2293 3134 2350 venit.

2139 2383 2212 2438 20
2281 2385 2549 2452 Exsurge,
2584 2384 2830 2450 Domine,
2861 2399 2972 2438 non
3001 2386 3334 2457 con/artetur
3361 2386 3520 2442 homo
3551 2405 3570 2443 :

2281 2472 2603 2528 Judicentur
2629 2480 2812 2544 gentes
2840 2474 2901 2527 in
2930 2481 3214 2545 conspectu
3245 2482 3356 2530 tuo.

2212 2560 2582 2634 CProspexit
2634 2561 2920 2636 Pr0phcta
2971 2562 3286 2618 adventum
3342 2564 3681 2622 Antichristi
3737 2574 3796 2622 et

2143 2649 2542 2722 proclamavit.
2592 2651 2868 2723 Exsurge,
2923 2651 3185 2718 Domine,
3239 2669 3356 2708 non
3415 2655 3790 2725 confortetur,

2143 2739 2200 2795 id
2231 2743 2322 2795 est
2351 2755 2468 2794 non
2501 2739 2808 2812 praevaleat
2838 2740 3012 2796 homo
3055 2739 3346 2812 pessimus
3379 2742 3602 2800 scilicet
3628 2746 3790 2800 Anti-

2141 2828 2420 2895 christus,
2451 2829 2624 2900 cujus
2673 2829 2992 2900 nequitiam
3025 2845 3141 2885 non
3173 2829 3322 2887 valet
3364 2833 3653 2890 sustinere
3682 2833 3791 2890 hu-

2143 2934 2319 2973 mana
2341 2917 2834 2973 conditio.Gentes
2853 2915 3027 2974 etiam
3052 2919 3195 2991 petit
3211 2919 3464 2990 judicari
3489 2921 3791 2979 celerrimo

2143 3007 2414 3074 adventu,
2449 3023 2574 3078 quae
2605 3022 2740 3061 cum
2781 3006 2908 3079 ipso
2945 3007 3300 3064 Antichristo
3332 3009 3554 3068 scelera
3583 3028 3797 3086 magna

2145 3097 2380 3152 facturae
2413 3099 2572 3151 sunt.

2061 3168 2104 3236 C
2142 3185 2209 3240 21
2287 3185 2581 3240 Constitue.
2615 3185 2862 3252 Domine,
2887 3186 3253 3254 legislatorem
3271 3204 3437 3260 super
3463 3206 3550 3246 eos
3579 3209 3598 3245 :

2291 3275 2353 3330 Ut
2369 3275 2547 3330 sciant
2563 3283 2746 3346 gentes
2766 3291 2929 3346 quam
2952 3275 3196 3332 homines
3215 3285 3362 3333 sunt.
3381 3279 3720 3350 Diapsalma.

2216 3362 2258 3418 C
2286 3361 2721 3438 L'egislatorem,
2755 3361 2848 3418 hic
2889 3362 3314 3420 Antichristum
3355 3365 3519 3434 dicit,
3553 3371 3616 3422 ut
3661 3366 3797 3424 talis

2145 3451 2415 3525 princeps
2444 3451 2618 3507 detur
2643 3452 3070 3524 peccatoribus,
3095 3469 3208 3508 non
3241 3453 3342 3526 qui
3372 3471 3472 3511 eos
3503 3460 3664 3528 regat
3692 3457 3793 3513 sed

2145 3557 2278 3596 cum
2307 3541 2454 3612 ipsis
2485 3540 2664 3596 simul
2696 3540 2986 3613 depereat.
3021 3539 3068 3596 Η
3099 3541 3315 3611 Sciant,
3339 3561 3475 3599 cum
3507 3543 3795 3600 damnatae

2144 3631 2359 3686 fuerint
2387 3635 2612 3704 gentes,
2637 3633 2772 3698 etc.,
2796 3629 3074 3702 quoniam
3105 3648 3270 3704 spem
3316 3649 3486 3688 suam
3517 3633 3574 3689 in
3607 3633 3794 3689 homi-

2144 3735 2274 3776 nem
2307 3722 2630 3791 posuerunt
2649 3723 2706 3774 et
2727 3736 2843 3774 non
2877 3719 2935 3774 in
2969 3723 3170 3776 Deum.
3195 3720 3235 3776 C
3257 3721 3477 3777 Tamen
3500 3717 3798 3795 legislator

2142 3808 2484 3864 verissimus
2515 3807 2674 3863 solus
2720 3807 3314 3876 Deus,Antichristus
3362 3827 3495 3867 vero
3543 3810 3692 3868 male
3739 3816 3798 3867 et

2143 3897 2287 3954 false
2314 3897 2614 3970 legislator
2643 3897 2772 3954 erit.

2139 3989 2211 4040 22
2289 3989 2350 4044 Ut
2379 3986 2532 4058 quid,
2564 3987 2812 4056 Domine,
2842 3990 3112 4045 recessisti
3139 3990 3334 4062 longe!

2281 4076 2522 4148 Despicis
2552 4077 2610 4130 in
2636 4079 3152 4150 opportunitatibus,
3187 4080 3247 4134 in
3277 4080 3676 4136 tribulatione?

2210 4165 2252 4220 C
2281 4165 2408 4221 Non
2439 4164 2615 4220 cessit
2660 4163 2832 4238 longe
2860 4165 3148 4236 Christus,
3184 4169 3324 4240 quia
3369 4169 3589 4242 ubique
3634 4174 3795 4226 totus

2137 4257 2247 4321 est,
2272 4254 2374 4310 sed
2397 4253 2567 4326 quasi
2587 4253 2900 4311 recessisse
2921 4256 3176 4312 creditur
3195 4274 3330 4313 cum
3351 4257 3660 4314 subvenire
3680 4263 3796 4312 tar-

2137 4342 2379 4399 daverit.
2413 4342 2640 4415 Despici
2671 4343 2828 4400 enim
2869 4361 2974 4400 nos
3021 4345 3317 4402 credimus
3347 4347 3396 4401 si
3428 4345 3514 4402 vel
3546 4347 3796 4402 minimo

2136 4437 2397 4504 tempore
2427 4431 2500 4486 ab
2533 4430 2749 4488 auxilio
2789 4431 2888 4488 Dei
2929 4432 3292 4503 diti‘eramur,
3315 4434 3423 4490 hoc
3467 4435 3615 4490 dixit
3657 4433 3793 4490 Pro-

365 4523 688 4598 prehensos
736 4521 870 4576 illos
915 4519 1168 4574 dicimus
1198 4535 1347 4590 quos
1405 4519 1594 4592 captio
1637 4519 1860 4575 nodosa
1889 4536 2027 4576 con-
2058 4538 2104 4602 D
2135 4519 2312 4592 pheta
2341 4537 2444 4592 pro
2464 4520 2752 4576 anxietate
2783 4521 3164 4594 gementium.
3189 4524 3300 4580 Sed
3324 4523 3420 4580 ille
3441 4529 3581 4579 tunc
3603 4523 3796 4594 magis

365 4611 621 4686 stringit,
647 4611 728 4666 sic
752 4609 861 4666 fuit
892 4625 994 4682 pes
1015 4625 1238 4674 eorum,
1268 4607 1324 4662 id
1349 4612 1440 4663 est
1469 4623 1710 4680 gressus
1741 4607 1943 4677 animi,
1971 4616 2028 4665 et
2137 4613 2392 4682 prastat,
2427 4626 2562 4666 cum
2595 4625 2822 4683 magnas
2851 4611 3144 4682 patientiae
3175 4613 3345 4669 nobis
3373 4612 3582 4670 solatia
3613 4612 3796 4668 mini-

364 4701 725 4759 desiderium
763 4715 1030 4772 pravum,
1064 4697 1218 4770 quod
1269 4711 1368 4752 eos
1419 4695 1722 4752 ambulare
1771 4696 1906 4752 fecit
1953 4697 2026 4752 ad
2138 4701 2305 4754 strat.

364 4792 522 4849 vitia.
547 4793 592 4846 Α
626 4795 892 4862 Laqueus
922 4787 1138 4860 quippe
1168 4783 1433 4841 occultus
1472 4784 1676 4842 dolosa
1719 4785 2024 4858 cogitatio;
2134 4789 2206 4841 22
2277 4789 2419 4844 Dum
2445 4787 2692 4860 superbit
2721 4789 2946 4860 impius.
2981 4789 3298 4846 lncenditur
3319 4807 3533 4864 pauper
3561 4810 3579 4846 :

363 4897 468 4954 pes
500 4878 712 4936 animas
745 4895 930 4941 amor,
958 4875 1080 4948 qui,
1105 4877 1154 4932 si
1186 4891 1400 4947 pravus
1429 4877 1538 4940 est,
1561 4873 1780 4930 dicitur
1809 4874 2029 4948 cupidi-
2281 4876 2822 4948 Comprehenduntur
2853 4877 2913 4931 in
2941 4878 3190 4934 consiliis
3217 4881 3415 4952 quibus
3441 4881 3702 4952 cogitant.

362 4974 484 5036 tas;
515 4969 564 5025 si
601 4971 817 5035 rectus,
857 4965 1133 5022 charitas.
1173 4965 1252 5020 Eo
1303 4965 1568 5018 movetur
1614 4963 1812 5018 anima
1857 4980 2027 5036 quasi
2208 4965 2249 5021 C
2280 4964 2966 5038 Superbitimpius.Cum
2987 4964 3140 5023 facta
3160 4985 3278 5024 suae
3302 4967 3572 5042 malignas
3591 4967 3799 5024 volun-

365 5058 438 5114 ad
473 5056 666 5112 locum
699 5073 815 5128 quo
845 5053 1052 5121 tendit,
1087 5053 1143 5108 id
1186 5056 1276 5109 est
1318 5050 1762 5108 delectationem
1810 5052 2026 5110 bonam
2135 5055 2276 5110 tatis
2319 5055 2610 5127 superbus
2657 5053 2987 5126 expleverit,
3029 5060 3170 5112 tunc
3218 5056 3408 5130 magis
3462 5055 3800 5113 incenditur

359 5144 449 5202 vel
493 5144 732 5200 malam.
887 5173 892 5178 ι
1451 5189 1454 5191 λ
1563 5173 1566 5176 ~
2132 5158 2356 5214 pauper
2375 5140 2700 5198 catholicus
2723 5142 2795 5198 ad
2818 5141 3080 5200 studium
3105 5145 3356 5215 virtutis,
3372 5145 3534 5218 quia,
3553 5145 3692 5200 dum
3716 5144 3799 5200 vi-

359 5236 428 5292 17
503 5232 788 5304 Cognoscet
815 5233 1077 5289 Dominus
1096 5230 1314 5304 judicia
1343 5231 1553 5302 faciens
1584 5249 1603 5286 :
2131 5230 2281 5288 derit
2302 5234 2662 5303 peccatorem
2689 5230 2868 5287 nimis
2889 5231 3230 5304 exaltatum,
3251 5233 3418 5291 facile
3437 5234 3598 5291 novit
3617 5250 3796 5290 casu-

498 5324 560 5379 1η
591 5323 846 5395 operibus
889 5337 1157 5377 manuum
1198 5336 1429 5375 suarum
1484 5320 1900 5392 cornprehensus
1937 5326 2018 5376 est
2127 5335 2282 5388 rum,
2307 5320 2408 5375 sed
2437 5318 2534 5376 isti
2568 5319 2734 5392 impii
2757 5321 3338 5394 comprehenduntur
3354 5323 3570 5380 debitis
3600 5323 3796 5396 pinnis

569 5417 842 5485 peccator.
2128 5407 2434 5482 puniendi.
2452 5411 2498 5463 A
2516 5407 2638 5476 Vel,
2653 5409 2714 5464 in
2735 5409 3003 5466 consiliis
3020 5411 3448 5485 cogitationum
3471 5411 3764 5468 malarum
3777 5453 3792 5479 ,

499 5500 787 5558 Canticum
809 5498 1213 5573 diapsalmatis.
2124 5497 2341 5571 quibus
2365 5498 2624 5571 cogitant
2645 5497 3142 5572 comprehendere
3162 5505 3398 5558 sanctos
3427 5501 3502 5558 ad
3529 5499 3797 5575 afﬂigen-

426 5590 468 5652 Ο
489 5590 887 5668 CognoSoetur
902 5585 1205 5657 Dominus,
1222 5585 1458 5664 quando
1478 5585 1807 5644 humanum
1825 5601 2012 5662 genus
2121 5587 2284 5645 dum.
2309 5585 2376 5642 Et
2391 5603 2497 5644 cur
2511 5587 2812 5662 superbiat
2837 5587 3026 5663 ipsius
3043 5590 3264 5661 subdit,
3283 5591 3567 5670 quoniam
3583 5589 3792 5651 lauda-
