4122 6184
157 406 225 463 73
1408 394 1820 457 ISXPOSITIO
1871 394 2405 462 I’SAL‘NFORUM.
3554 414 3632 473 τι

155 543 261 603 tur,
286 537 481 594 etc.Et
508 534 637 590 haec
665 536 757 589 est
787 546 1004 604 magna
1035 531 1127 588 ira
1159 532 1263 588 Dei
1296 531 1353 588 in
1376 529 1645 603 impium,
1671 532 1736 584 ut
1757 527 1858 584 de-
1888 529 1946 594 Α
1973 527 2044 582 30
2130 532 2288 590 Sedet
2318 537 2377 590 in
2408 537 2632 594 ίηείάίίε
2659 554 2783 594 cum
2811 539 3072 597 divin-bus
3101 544 3162 598 ίη
3189 544 3410 600 aecum-5
3441 564 3460 600 ε

153 628 227 683 sit
254 625 550 682 correctio
581 627 641 679 et
670 622 816 677 assit
835 620 1515 687 adulatio,adulantium
1547 617 1705 675 enim
1738 617 1855 673 lin-

154 734 278 790 guae
321 714 582 787 alligant
605 712 835 769 animas
864 711 926 766 in
958 711 1255 782 peccatis.

2128 624 2195 679 Ut
2226 625 2518 697 interﬁciat
2546 629 2902 684 innocentem.
3252 704 3253 709 κ

2038 712 2254 769 CCum
2285 714 2446 783 dicit,
2480 717 2642 773 sedet
2687 717 2747 772 in
2798 718 3052 786 insidiis,
3076 726 3247 799 actus
3287 723 3631 795 Antichristi

219 807 291 861 24
321 805 615 876 Quoniam
645 800 907 857 laudatur
928 808 1194 871 peccator
1223 801 1283 855 in
1312 798 1596 855 desideriis
1642 797 1862 853 animm
1970 802 2337 881 comparavit
2387 805 2797 862 consuetudini
2844 797 3161 879 latronum,
3195 810 3297 882 qui
3327 827 3390 868 se
3437 812 3633 868 occul-

398 908 582 950 SUc’B.’

322 993 379 1042 et
413 985 650 1054 iniquus
683 979 1030 1036 benedicitur

226 1078 292 1130 25
327 1072 710 1129 Exacerbabit
744 1070 1052 1125 Dominum
1078 1076 1331 1140 peccator
1359 1086 1377 1122 :

326 1160 658 1218 Secundum
682 1156 1116 1214 multitudinem
1138 1158 1247 1214 ira?
1264 1172 1379 1214 suae
1408 1173 1521 1212 non
1549 1163 1779 1228 quteret.

225 1254 268 1311 C
300 1251 503 1309 Malus
533 1249 717 1316 enim,
745 1247 888 1302 dum
924 1246 1003 1301 ab
1038 1246 1158 1302 alio
1202 1250 1502 1318 peccatore
1550 1245 1852 1313 laudatur,

156 1342 461 1401 extollitur
489 1339 553 1395 in
586 1336 882 1394 desiderio
912 1335 1255 1403 laudis,nec
1285 1336 1353 1391 de
1382 1334 1740 1392 correctione
1763 1351 1855 1391 co-

156 1435 319 1508 ἔξω,
353 1428 458 1485 cui
511 1427 788 1484 laudator
835 1423 1162 1480 blandiens
1212 1423 1530 1480 invenitur.
1571 1423 1853 1497 Sequitur

159 1523 584 1595 argumentum
608 1517 738 1587 ejus
756 1512 1207 1586 iniquitatis,ut
1225 1512 1322 1569 ille
1343 1513 1726 1569 benedicatur
1747 1513 1848 1586 qui

162 1610 307 1668 male
327 1607 539 1682 potius
558 1602 1446 1678 agerecognoscitur,deceptus
1477 1601 1849 1659 adulantium

163 1680 412 1757 falsitate
427 1739 440 1753 .
454 1696 526 1752 Ο.
540 1690 931 1750 Exacerbabit
951 1690 1274 1746 Dominum
1297 1680 1650 1763 peceator,id
1673 1696 1762 1747 est
1775 1692 1846 1746 ad

163 1786 535 1845 iracundiam
564 1772 891 1839 concitabit
923 1796 1037 1835 sua
1064 1774 1350 1833 indicibili
1383 1779 1846 1853 superbia,quod

163 1877 392 1951 proprie
424 1875 499 1930 de
528 1870 896 1928 Antichristo
949 1867 1128 1923 datur
1181 1866 1447 1940 intelligi,
1501 1868 1601 1940 qui
1653 1868 1847 1923 irritat

165 1967 504 2027 Dominum,
564 1960 808 2035 quando
868 1974 934 2014 se
1010 1973 1122 2012 sua
1183 1954 1409 2012 fallacia
1464 1974 1580 2012 non
1643 1957 1841 2013 solum

168 2064 460 2113 terrenum
493 2067 709 2124 regem
726 2048 833 2104 sed
856 2046 1038 2103 etiam
1062 2062 1259 2101 rerum
1281 2045 1545 2102 omnium
1566 2046 1842 2119 praedica-

166 2148 243 2203 bit
272 2139 595 2210 Deum,sed
629 2137 739 2194 hoc
769 2137 824 2193 ei
856 2137 971 2192 erit
997 2135 1069 2190 ad
1102 2132 1357 2204 ruinam,
1390 2135 1619 2202 ideo,ut
1649 2135 1838 2193 falsus

170 2230 606 2302 Deus,tlammis
629 2226 833 2301 dignis
860 2224 1166 2298 punietur.
1209 2222 1331 2278 Non
1363 2223 1618 2296 requiret
1647 2225 1836 2281 Deum

163 2323 581 2387 Antichristus,
615 2324 681 2373 ut
710 2334 826 2372 sua
858 2318 1101 2388 peccata
1137 2310 1395 2368 crudelia
1439 2313 1835 2382 dimittantur,

160 2416 298 2488 quia
325 2414 387 2469 in
419 2412 743 2482 conspectu
774 2421 891 2462 suo
922 2420 1039 2459 non
1079 2402 1263 2458 habet
1293 2406 1504 2472 Deum;
1540 2403 1666 2459 ideo
1701 2404 1836 2459 sub-

159 2506 336 2571 ditur,
372 2518 494 2558 non
526 2503 638 2566 est,
674 2501 793 2554 etc.

230 2596 298 2651 26
325 2597 450 2651 Non
483 2593 565 2645 est
595 2589 735 2644 Deus
766 2586 828 2640 in
853 2585 1146 2655 conspectu
1170 2581 1288 2652 ejus
1318 2600 1338 2635 .-

326 2682 653 2753 lnquinatae
675 2683 806 2733 sunt
834 2676 947 2730 vim
977 2673 1137 2727 illius
1168 2672 1231 2727 in
1258 2672 1409 2726 omni
1440 2674 1694 2743 tempore.

230 2776 273 2831 C
304 2774 351 2830 Ο
385 2786 569 2844 quam
596 2764 895 2840 profunda
941 2761 1195 2826 Caecitas,
1243 2759 1424 2814 Deum
1475 2764 1607 2816 ante
1637 2757 1837 2816 oculos

162 2882 280 2920 non
301 2861 552 2918 habere.
569 2862 647 2913 De
667 2852 1027 2911 Antichristo
1055 2849 1428 2921 dicit,omnes
1446 2848 1683 2904 semitas
1708 2850 1837 2919 ejus

164 2970 293 3010 esse
325 2948 612 3025 pollutas,
644 2945 715 3001 id'
736 2947 827 3000 est
856 2939 1250 3015 cogitationes
1282 2942 1338 2991 et
1368 2937 1516 2992 facta
1564 2937 1836 3025 sordida;

164 3020 408 3099 necesse
438 3036 602 3095 enim
631 3037 723 3092 est
751 3036 817 3088 ut
846 3026 966 3087 sint
989 3025 1392 3085 contaminata
1420 3042 1547 3098 quae
1581 3020 1838 3098 pestiferi

164 3134 389 3188 ducatu
422 3123 646 3183 diaboli
669 3120 1079 3179 sordidantur.

168 3224 239 3275 27
270 3220 627 3289 Auferuntur
646 3211 865 3285 judicia
894 3216 991 3264 tua
1018 3226 1052 3263 a
1074 3207 1231 3280 facie
1255 3204 1415 3277 ejus:

272 3309 545 3365 Omnium
574 3298 929 3359 inimicorum
956 3313 1190 3354 suorum
1218 3293 1614 3350 dominabitur.

244 3400 288 3455 Ο
318 3396 689 3454 Auferuntur
711 3388 936 3461 judicia
966 3387 1067 3444 Dei
1100 3403 1139 3442 a
1163 3383 1343 3440 corde
1390 3381 1578 3453 impii,
1611 3382 1846 3454 quando

178 3488 334 3545 videt
360 3484 598 3542 tardius
627 3479 822 3536 venire
852 3477 1002 3551 quod
1039 3472 1310 3532 celeriter
1350 3469 1627 3526 meruerit
1676 3471 1850 3526 susti-

183 3596 337 3634 nere.
368 3576 492 3631 Hoc
524 3570 611 3628 illi
644 3582 873 3643 quoque
904 3569 1081 3639 anget
1111 3560 1605 3631 interitum,quod
1635 3559 1850 3615 dicitur

182 3672 373 3723 tenere
405 3658 803 3737 principatum
826 3653 1207 3712 inimicorum
1231 3664 1621 3720 suorum,qua
1640 3646 1850 3721 gloria-

184 3757 338 3812 tione
369 3735 443 3809 ad
469 3749 693 3808 scelera
716 3745 953 3821 pronior
981 3743 1092 3800 erit
1125 3758 1139 3797 :
1176 3756 1314 3795 cum
1348 3736 1576 3791 nullum
1603 3735 1713 3793 sibi
1745 3738 1846 3794 ob-

183 3844 412 3901 obviam
443 3842 532 3897 ire
563 3835 913 3911 cognoverit.

245 3937 319 3990 28
353 3933 514 3989 om:
542 3931 695 3985 enim
722 3928 783 3983 in
812 3924 966 3982 corde
995 3938 1093 3979 suo
1126 3939 1147 3977 :

346 4022 472 4079 Non
500 4017 754 4093 movebar
780 4033 813 4071 α
843 4013 1199 4085 generatione
1219 4010 1280 4063 in
1303 4006 1711 4078 generationem
1730 4007 1852 4062 sine

423 4108 600 4167 malo.

248 4209 292 4259 ο
322 4200 481 4257 Dicit
512 4194 923 4262 Antichristus,
946 4190 1073 4248 Non
1106 4183 1472 4253 movebor,id
1504 4185 1594 4238 est
1626 4180 1849 4238 nullam

178 4298 421 4366 gentem
453 4290 737 4344 intactam
768 4282 1056 4355 relinquo,
1082 4278 1185 4336 sed
1218 4286 1458 4348 pergam
1489 4273 1563 4328 de
1591 4276 1761 4366 gente
1793 4272 1851 4327 in

183 4358 426 4456 gentem
446 4373 857 4433 vindicandas.
892 4374 1071 4427 Actus
1102 4382 1237 4423 vero
1268 4381 1408 4420 suos
1432 4358 1707 4456 ostendit
1736 4378 1852 4416 uno

182 4451 382 4538 ierbo,
418 4465 662 4540 quando
693 4480 754 4520 se
782 4460 926 4518 dicit
954 4459 1081 4516 sine
1114 4454 1271 4512 malo
1303 4451 1450 4509 nihil
1499 4468 1627 4508 esse
1666 4451 1855 4507 factu-
1886 4470 1893 4477 ~

186 4577 348 4617 rum.

254 4650 327 4704 29
359 4647 540 4720 Cujus
567 4642 948 4701 maledictione
968 4655 1024 4696 os
1041 4637 1270 4711 plenum
1293 4637 1372 4690 est
1400 4640 1452 4689 et
1478 4630 1852 4689 amaritudni-
1891 4656 1939 4722 Β

360 4754 435 4793 ne
463 4743 518 4792 et
548 4734 673 4791 dolo
701 4751 724 4787 .-

356 4827 481 4887 Sub
518 4825 714 4892 lingua
739 4822 857 4894 ejus
887 4819 1043 4875 labor
1072 4824 1121 4873 et
1152 4815 1325 4871 dolor.

256 4920 297 4972 C
329 4908 618 4988 Nequitia
646 4911 777 4983 ejus
803 4906 1023 4981 duplici
1052 4902 1431 4980 perversitate
1480 4896 1854 4988 describitur.

191 5004 251 5063 ln
284 5024 392 5062 ore
426 4986 655 5077 quippe
676 4997 916 5055 habebit
936 4992 1346 5067 blasphemam
1372 4986 1862 5077 maledictionem,

191 5114 325 5152 cum
361 5110 429 5150 se
449 5075 658 5147 lilium
688 5082 789 5144 Dei
819 5075 1865 5149 mentitur.Amaritudinem,quando

191 5176 749 5242 contradicentibus
793 5175 904 5233 sibi
951 5187 1185 5246 pennam
1236 5169 1444 5225 mortis
1470 5165 1679 5222 indicit
1708 5169 1763 5221 et
1793 5165 1865 5221 ad

192 5270 498 5348 supplicia
512 5269 692 5341 jubet
717 5263 1036 5340 pervenire.
1070 5261 1283 5348 Labor,
1300 5275 1434 5313 cum
1461 5255 1720 5348 diversis
1745 5254 1861 5348 cla-

196 5344 371 5420 dibus
401 5358 625 5433 ai'iligit
652 5352 945 5411 innoxios.
986 5346 1178 5416 Dolor,
1209 5364 1343 5404 cum
1372 5350 1658 5418 marlyres
1695 5344 1854 5400 facit.

201 5446 323 5509 Haec
352 5450 541 5508 habet
566 5448 627 5503 in
652 5462 751 5502 ore
767 5461 893 5517 qum
917 5441 1226 5498 locuturus
1246 5441 1335 5493 est
1356 5435 1613 5509 publice;
1640 5433 1759 5488 haec
1778 5450 1866 5489 ve-

201 5559 261 5599 ro
287 5541 479 5599 habet
508 5536 625 5595 su‘b
657 5534 858 5608 lingua
886 5548 1016 5605 quae
1048 5525 1511 5601 cogitat.Cogitat
1538 5539 1672 5579 vero
1702 5521 1863 5577 labo-

201 5648 314 5689 rem
345 5636 403 5687 et
439 5626 732 5695 dolorem,
758 5622 899 5698 quia
927 5620 1055 5677 sine
1083 5616 1178 5673 his
1207 5612 1607 5672 consummari
1633 5627 1746 5668 non
1771 5629 1867 5685 po-

210 5727 307 5780 test
337 5735 561 5780 corona
592 5712 882 5789 martyrii.

520 5846 790 5910 PATROL.
836 5837 1067 5905 CXLII.

1970 892 2103 947 tant
2136 897 2198 947 ut
2230 893 2581 949 interficiant
2608 895 2966 953 innocentes.
3000 898 3217 955 Divites
3249 899 3343 956 hic
3374 900 3432 954 in
3475 901 3631 956 malo

1968 982 2359 1054 accipiuntur,
2394 984 2549 1039 sicut
2578 1001 2867 1057 pauperes
2886 985 2944 1041 in
2967 987 3191 1044 bono.A
3221 987 3437 1044 Divites
3467 970 3626 1047 enim

1967 1072 2165 1126 saeculi
2199 1072 2357 1140 dicit,
2392 1089 2540 1144 quos
2571 1073 2780 1129 ditabit
2813 1080 2874 1131 ut
2903 1092 3103 1132 eorum
3130 1076 3317 1146 gloria
3342 1077 3489 1135 alios
3519 1078 3624 1134 de-

1966 1160 2166 1233 cipiat.
2201 1167 2239 1217 C
2268 1161 2601 1217 Interﬁccre
2632 1161 2999 1219 innocentem
3025 1149 3114 1221 est
3142 1166 3211 1221 de
3242 1164 3510 1238 religioso
3545 1168 3629 1221 t'a-

1965 1265 2093 1305 cere
2125 1250 2495 1324 saerilegum,
2522 1251 2767 1324 ejusque
2806 1254 3065 1310 animam
3109 1260 3389 1326 perpetua
3433 1260 3623 1311 morte

1964 1340 2246 1396 damnare
2259 1381 2271 1398 .

1965 1430 2029 1484 31
2108 1431 2275 1489 Oculi
2299 1430 2419 1503 ejus
2448 1432 2509 1485 in
2532 1448 2830 1503 pauperem
2866 1434 3165 1504 respiciunt
3193 1452 3214 1488 .-

2104 1518 2411 1575 Insidiatur
2464 1521 2525 1574 in
2591 1521 2901 1577 abscondito
2950 1523 3110 1593 quasi
3139 1522 3219 1577 leo
3251 1523 3311 1577 in
3338 1523 3622 1597 speclunca

2172 1625 2294 1663 sua.
3556 1652 3562 1657 .

2033 1696 2074 1750 C
2103 1701 2246 1752 Cum
2298 1696 2443 1751 dicit
2485 1697 2686 1754 oculos
2737 1699 2865 1769 ejus
2916 1699 2973 1754 in
3018 1714 3361 1772 pauperem,
3402 1697 3624 1755 scilicet

1956 1785 2173 1857 spiritu
2217 1785 2524 1857 respicere,
2558 1787 2863 1843 sciendum
2919 1789 3076 1860 quod
3128 1806 3243 1843 non
3291 1787 3530 1860 respicit
3556 1792 3621 1842 ut

1958 1873 2227 1944 proﬁciat
2258 1873 2339 1928 illi
2369 1875 2633 1947 pauperi,
2665 1878 2765 1932 sed
2818 1877 2947 1932 ideo
2991 1876 3245 1932 intendit
3277 1882 3339 1931 ut
3371 1875 3615 1932 occidat.

1958 1963 1995 2017 H
2032 1964 2285 2018 Leonem
2320 1965 2739 2021 Antichristum
2776 1964 3058 2031 nominat,
3093 1965 3362 2021 diabolus
3383 1980 3614 2038 quoque

1951 2057 2009 2106 et
2032 2051 2123 2106 leo
2147 2056 2204 2106 et
2231 2052 2404 2108 draco
2436 2053 2791 2109 dicitur.Leo
2824 2055 3061 2126 quando
3092 2057 3289 2126 aperte
3319 2051 3617 2126 persequi-

1951 2145 2068 2208 tur,
2122 2139 2296 2196 draco
2343 2141 2577 2214 quando
2623 2138 2845 2198 occulte
2894 2148 3086 2199 nocet.
3126 2143 3168 2198 C
3219 2142 3381 2207 Quod
3415 2142 3517 2210 ait,
3552 2146 3617 2196 ut

1948 2228 2147 2297 leo,ad
2179 2229 2296 2286 vim
2328 2232 2609 2303 pertinet;
2646 2230 2748 2286 sed
2780 2232 2938 2307 quod
2972 2231 3157 2299 addit,
3191 2231 3249 2287 in
3284 2229 3462 2286 cubili
3485 2246 3614 2295 suo,

1947 2320 2018 2373 ad
2054 2317 2226 2375 dolos
2257 2322 2508 2392 pertinet
2537 2321 2921 2393 suos,quibus
2951 2319 3313 2377 laceraturus
3346 2323 3434 2377 est
3455 2314 3616 2373 Chri-

1946 2406 2203 2465 stianos.

1943 2496 2017 2550 32
2099 2497 2400 2555 Insidiat-ur
2426 2506 2486 2554 ut
2516 2499 2701 2570 rapiat
2728 2516 3027 2571 pauperem
3062 2518 3080 2555 :

2100 2588 2304 2661 Rapere
2332 2578 2629 2660 pauperem
2657 2587 2789 2643 dum
2820 2591 3047 2645 attrahit
3077 2600 3221 2644 cum.

2019 2679 2063 2730 C
2098 2677 2328 2734 lteratio
2362 2676 2714 2733 insidiarum
2740 2678 2987 2734 nimiam
3019 2675 3394 2734 calliditatem
3426 2673 3612 2730 hostis

1947 2767 2457 2838 ostendit.Rapere
2490 2780 2806 2838 pauperem
2840 2766 3102 2822 subitum
3138 2763 3460 2839 periculum
3484 2761 3611 2818 ani-

1948 2868 2061 2907 mae
2094 2854 2408 2927 signiﬁcat.
2440 2855 2589 2910 Dum
2622 2854 2871 2911 attrahit
2900 2854 3120 2926 cum,id
3151 2853 3408 2922 est,dum
3441 2850 3608 2907 illum

1949 2942 2196 2999 molitur
2225 2960 2257 3000 a
2286 2945 2526 3000 veritate
2546 2942 2929 3018 'reducere,et
2956 2944 3027 2999 ad
3057 2942 3486 2999 venerationem
3513 2939 3605 2995 sui

1950 3031 2211 3089 nominis
2241 3032 2481 3089 molitur
2509 3031 2822 3090 adducere.

1949 3120 2021 3175 33
2093 3122 2155 3176 In
2189 3123 2383 3194 laqueo
2408 3137 2507 3177 suo
2537 3121 2860 3177 humilz’abit
2887 3138 3013 3179 eum
3045 3136 3057 3176 :

2094 3210 2393 3266 lnclinabit
2421 3226 2479 3266 se
2505 3218 2557 3266 et
2585 3208 2739 3266 cadet
2761 3226 2889 3267 cum
2933 3209 3246 3267 dominatus
3273 3208 3444 3282 fuerit
3468 3222 3610 3282 pau-

2166 3311 2382 3371 parum.

2029 3387 2070 3442 C
2100 3387 2367 3460 Laqueus
2394 3388 2688 3461 significat
2717 3389 2940 3458 dolum,
2974 3389 3130 3463 quod
3163 3389 3339 3445 corda
3385 3386 3617 3460 simpli-

1958 3474 2117 3531 cium
2146 3476 2845 3549 capiuntur.Humiliabit
2873 3483 3091 3546 autem,
3125 3479 3359 3551 quando
3392 3478 3465 3534 de
3486 3492 3619 3533 vera

1958 3564 2238 3638 religione
2258 3567 2479 3623 cadunt
2498 3583 2567 3623 ex
2588 3566 2865 3624 suasione
2881 3566 3228 3639 diaboli,qui
3252 3567 3324 3623 ad
3347 3566 3621 3622 insanam

1958 3653 2289 3710 doctrinam
2320 3656 3063 3727 perducunturJnclinabit
3088 3660 3618 3728 se‘tyrannus,cum

1959 3742 2224 3799 animum
2256 3761 2431 3800 suum
2461 3744 2755 3800 remiserit
2776 3744 2837 3800 in
2857 3745 3098 3817 aliquod
3121 3746 3307 3801 otium
3334 3744 3621 3802 cessando

1961 3836 2182 3888 atanta
2226 3834 2652 3905 persecutione,
2705 3832 2891 3889 nimia
2937 3833 3323 3905 acquisitione
3368 3832 3620 3905 perdito-

1960 3938 2090 3977 rum
2125 3922 2545 3979 satiatus.Post
2575 3938 2776 3996 poenas
2807 3918 3275 3995 afﬂictionesque
3294 3924 3617 3995 justorum,

1961 4010 2128 4066 cadet
2148 4010 2552 4082 nequissimus
2578 4027 2712 4066 cum
2740 4009 2867 4066 suis
2889 4010 3242 4082 sequacibus
3260 4011 3330 4067 de
3352 4027 3462 4067 sua
3482 4008 3625 4081 praei

1962 4099 2318 4172 sumptione,
2343 4101 2579 4172 quando
2611 4098 2694 4154 illi
2726 4099 3130 4171 supervenerit
3156 4100 3500 4171 repentinus
3528 4096 3619 4152 in-

1960 4190 2199 4256 teritus;
2237 4188 2411 4244 finem
2442 4188 2600 4245 enim
2632 4186 2829 4244 saeculi
2861 4186 3062 4242 infelix
3101 4188 3308 4255 nescit,
3341 4185 3621 4259 quoniam

1962 4294 2097 4334 eum
2146 4277 2205 4332 in
2252 4294 2362 4333 sua
2410 4280 2696 4349 potestate
2727 4276 3012 4332 Dominus
3042 4275 3371 4331 constituit.
3405 4274 3450 4329 H
3486 4272 3621 4329 Ideo

1960 4383 2095 4422 cum
2128 4383 2190 4422 se
2219 4366 2478 4437 sperabit
2507 4365 2699 4421 adhuc
2726 4364 2898 4436 longe
2926 4363 3244 4431 victurum,
3281 4361 3623 4436 repentinus

1963 4455 2015 4512 ei
2040 4453 2419 4528 superveniet
2439 4454 2731 4510 interitus.

1971 4547 2041 4600 34
2116 4545 2272 4600 Dixit
2300 4545 2447 4599 enim
2478 4546 2538 4599 in
2566 4542 2724 4600 corde
2751 4558 2850 4599 suo
2881 4560 2899 4598 :
2931 4542 3141 4599 Oblitus
3172 4552 3252 4600 est
3278 4545 3421 4601 Deus
3448 4560 3470 4597 .·
3581 4548 3587 4555 ’

2113 4633 2331 4689 Avertit
2357 4633 2559 4705 faciem
2586 4648 2748 4688 suam
2774 4647 2845 4688 ne
2872 4630 3056 4688 videat
3084 4632 3142 4687 in
3169 4632 3359 4703 ﬁnem.

2043 4723 2084 4778 Ο
2112 4722 2299 4778 Nimis
2331 4720 2511 4777 stulta
2540 4721 2834 4795 cogitatio,
2868 4725 3087 4794 putans
3118 4720 3437 4777 Dominum
3486 4717 3626 4773 ﬁde-

1975 4812 2060 4869 les
2091 4828 2231 4869 suos
2261 4810 2415 4867 nolle
2447 4810 2756 4883 respicere,
2774 4827 2879 4883 pro
2900 4810 3115 4882 quibus
3147 4810 3482 4881 passionem
3505 4820 3632 4862 sns-

1974 4901 2171 4969 tinuit,
2190 4917 2325 4956 cum
2356 4904 2591 4973 prepter
2616 4898 2813 4972 ipsum
2845 4899 3122 4954 doceatur
3149 4896 3350 4952 omnia
3377 4891 3632 4967 pmnalia

1975 4995 2034 5047 et
2060 4991 2308 5046 adversa
2336 4989 2646 5045 sustinere.

1974 5082 2046 5136 35
2135 5086 2189 5144 ι-Ξ-
2217 5081 2303 5134 Ea:
2344 5083 2357 5143 ζ
2402 5093 2565 5149 surge
2594 5077 2827 5133 Domine
2857 5080 3021 5131 Deus.

2118 5167 2404 5223 Exultetur
2446 5181 2645 5221 manus
2703 5169 2799 5220 tua
2847 5182 2866 5220 :
2917 5180 2988 5220 ne
3041 5163 3383 5220 obliviscaris
3425 5170 3636 5233 paupe-

2188 5274 2338 5311 rum.

2046 5347 2086 5403 C
2122 5347 2403 5417 Exsurge,
2433 5348 2607 5409 Deus,
2642 5343 2751 5399 hoc
2799 5346 2908 5411 est,
2945 5339 3213 5397 celeriter
3243 5338 3399 5408 veni;
3432 5336 3643 5394 exalte-

1974 5442 2073 5492 tur
2103 5451 2313 5490 manus
2342 5432 2873 5505 tua,operationem
2896 5429 3108 5503 judicii
3141 5427 3458 5502 signiticet.
3491 5424 3642 5481 Illud

1976 5526 2133 5582 enim
2168 5522 2456 5594 Propheta
2487 5521 2860 5577 desiderabat
2886 5518 3105 5587 venire,
3141 5517 3298 5589 unde
3344 5511 3642 5572 Antichri-

1977 5619 2106 5673 stus
2154 5616 2354 5688 posset
2400 5610 2763 5668 occumbere.
2815 5609 2897 5666 Ne
2945 5604 3331 5677 obliviscaris,
3366 5619 3519 5659 nunc
3548 5616 3646 5655 ro-

1977 5708 2076 5781 gat
2104 5721 2177 5762 ne
2208 5701 2533 5762 secundum
2562 5704 2765 5759 votum
2799 5699 3029 5775 tyranni
3071 5696 3454 5756 obliviscatur
3499 5696 3640 5765 pau-

3251 5823 3287 5891 3
