  <div class='ocr_page' id='page_1' title='image "/cluster/home/n/w/nwhite01/storage/ocr_20150623/142/hvd.32044054760020/043.png"; bbox 0 0 4122 6184; ppageno 0'>
   <div class='ocr_carea' id='block_1_1' title="bbox 517 432 3028 510">
    <p class='ocr_par' dir='ltr' id='par_1_1' title="bbox 517 432 3028 510">
     <span class='ocr_line' id='line_1_1' title="bbox 517 432 3028 510; baseline -0.008 0"><span class='ocrx_word' id='word_1_1' title='bbox 517 453 598 510; x_wconf 78' lang='grc'><strong>’75</strong></span> <span class='ocrx_word' id='word_1_2' title='bbox 1429 445 1494 505; x_wconf 90' lang='lat' dir='ltr'><strong>S.</strong></span> <span class='ocrx_word' id='word_1_3' title='bbox 1541 438 1935 504; x_wconf 82' lang='lat' dir='ltr'><strong>BRUNONIS</strong></span> <span class='ocrx_word' id='word_1_4' title='bbox 1981 433 2608 498; x_wconf 81' lang='lat' dir='ltr'><strong>HERBIPOLENSIS</strong></span> <span class='ocrx_word' id='word_1_5' title='bbox 2653 432 3028 496; x_wconf 84' lang='lat' dir='ltr'><strong>EPISCOPI.</strong></span> 
     </span>
    </p>
   </div>
   <div class='ocr_carea' id='block_1_2' title="bbox 3851 429 3950 519">
    <p class='ocr_par' dir='ltr' id='par_1_2' title="bbox 3851 429 3950 519">
     <span class='ocr_line' id='line_1_2' title="bbox 3851 429 3950 519; baseline 0.01 -34"><span class='ocrx_word' id='word_1_6' title='bbox 3851 429 3950 519; x_wconf 41' lang='lat'><strong>‘76</strong></span> 
     </span>
    </p>
   </div>
   <div class='ocr_carea' id='block_1_3' title="bbox 514 560 3953 658">
    <p class='ocr_par' dir='ltr' id='par_1_3' title="bbox 514 560 3953 658">
     <span class='ocr_line' id='line_1_3' title="bbox 514 560 3953 658; baseline -0.007 -17"><span class='ocrx_word' id='word_1_7' title='bbox 514 599 724 658; x_wconf 89' lang='lat' dir='ltr'><strong>perum</strong></span> <span class='ocrx_word' id='word_1_8' title='bbox 768 582 829 638; x_wconf 90' lang='lat' dir='ltr'><strong>in</strong></span> <span class='ocrx_word' id='word_1_9' title='bbox 880 583 1057 638; x_wconf 80' lang='lat' dir='ltr'><strong>finem</strong></span> <span class='ocrx_word' id='word_1_10' title='bbox 1107 576 1330 648; x_wconf 81' lang='lat' dir='ltr'><strong>saeculi,</strong></span> <span class='ocrx_word' id='word_1_11' title='bbox 1364 577 1461 632; x_wconf 89' lang='lat' dir='ltr'><strong>ubi</strong></span> <span class='ocrx_word' id='word_1_12' title='bbox 1513 573 1818 631; x_wconf 73' lang='lat' dir='ltr'><strong>retributio</strong></span> <span class='ocrx_word' id='word_1_13' title='bbox 1859 576 1949 628; x_wconf 89' lang='lat' dir='ltr'><strong>est</strong></span> <span class='ocrx_word' id='word_1_14' title='bbox 1977 571 2176 627; x_wconf 89' lang='lat' dir='ltr'><strong>futura</strong></span> <span class='ocrx_word' id='word_1_15' title='bbox 2201 577 2256 644; x_wconf 76' lang='grc' dir='ltr'><strong>Α</strong></span> <span class='ocrx_word' id='word_1_16' title='bbox 2282 569 2556 626; x_wconf 82' lang='lat' dir='ltr'><strong>virtutem</strong></span> <span class='ocrx_word' id='word_1_17' title='bbox 2607 567 2789 624; x_wconf 88' lang='lat' dir='ltr'><strong>animi</strong></span> <span class='ocrx_word' id='word_1_18' title='bbox 2837 567 3014 624; x_wconf 88' lang='lat' dir='ltr'><strong>ardor</strong></span> <span class='ocrx_word' id='word_1_19' title='bbox 3060 562 3298 620; x_wconf 91' lang='lat' dir='ltr'><strong>mentis.</strong></span> <span class='ocrx_word' id='word_1_20' title='bbox 3331 562 3378 619; x_wconf 84' lang='grc' dir='ltr'>Η</span> <span class='ocrx_word' id='word_1_21' title='bbox 3408 562 3624 619; x_wconf 83' lang='lat' dir='ltr'><strong>Aurem</strong></span> <span class='ocrx_word' id='word_1_22' title='bbox 3667 560 3790 631; x_wconf 86' lang='lat' dir='ltr'><strong>Dei,</strong></span> <span class='ocrx_word' id='word_1_23' title='bbox 3823 560 3953 617; x_wconf 84' lang='lat' dir='ltr'><strong>cle-</strong></span> 
     </span>
    </p>
   </div>
   <div class='ocr_carea' id='block_1_4' title="bbox 514 674 1783 738">
    <p class='ocr_par' dir='ltr' id='par_1_4' title="bbox 514 674 1783 738">
     <span class='ocr_line' id='line_1_4' title="bbox 514 674 1783 738; baseline -0.006 -8"><span class='ocrx_word' id='word_1_24' title='bbox 514 674 890 730; x_wconf 86' lang='lat' dir='ltr'><strong>meritorum.</strong></span> <span class='ocrx_word' id='word_1_25' title='bbox 1773 729 1783 738; x_wconf 55' lang='grc'><em>,</em></span> 
     </span>
    </p>
   </div>
   <div class='ocr_carea' id='block_1_5' title="bbox 516 755 1804 835">
    <p class='ocr_par' dir='ltr' id='par_1_5' title="bbox 516 755 1804 835">
     <span class='ocr_line' id='line_1_5' title="bbox 516 755 1804 835; baseline -0.009 -16"><span class='ocrx_word' id='word_1_26' title='bbox 516 762 588 819; x_wconf 85' lang='grc'>36</span> <span class='ocrx_word' id='word_1_27' title='bbox 657 763 888 835; x_wconf 77' lang='lat' dir='ltr'><strong>Propter</strong></span> <span class='ocrx_word' id='word_1_28' title='bbox 914 757 1045 832; x_wconf 87' lang='lat' dir='ltr'><strong>quid</strong></span> <span class='ocrx_word' id='word_1_29' title='bbox 1079 756 1325 814; x_wconf 78' lang='lat' dir='ltr'><strong>irritavit</strong></span> <span class='ocrx_word' id='word_1_30' title='bbox 1353 755 1556 828; x_wconf 86' lang='lat' dir='ltr'><strong>impius</strong></span> <span class='ocrx_word' id='word_1_31' title='bbox 1579 759 1753 810; x_wconf 87' lang='lat' dir='ltr'><strong>Deum</strong></span> <span class='ocrx_word' id='word_1_32' title='bbox 1775 756 1804 808; x_wconf 72' lang='grc' dir='ltr'><strong>Σ)</strong></span> 
     </span>
    </p>
   </div>
   <div class='ocr_carea' id='block_1_6' title="bbox 598 843 1870 916">
    <p class='ocr_par' dir='ltr' id='par_1_6' title="bbox 598 843 1870 916">
     <span class='ocr_line' id='line_1_6' title="bbox 598 843 1870 916; baseline -0.009 -8"><span class='ocrx_word' id='word_1_33' title='bbox 598 904 602 908; x_wconf 91' lang='grc'><strong><em>,</em></strong></span> <span class='ocrx_word' id='word_1_34' title='bbox 660 851 817 907; x_wconf 66' lang='lat' dir='ltr'><strong>Dixit</strong></span> <span class='ocrx_word' id='word_1_35' title='bbox 843 850 992 905; x_wconf 85' lang='lat' dir='ltr'><strong>enim</strong></span> <span class='ocrx_word' id='word_1_36' title='bbox 1021 849 1080 904; x_wconf 89' lang='lat' dir='ltr'><strong>in</strong></span> <span class='ocrx_word' id='word_1_37' title='bbox 1111 845 1268 903; x_wconf 88' lang='lat' dir='ltr'><strong>corde</strong></span> <span class='ocrx_word' id='word_1_38' title='bbox 1290 861 1389 902; x_wconf 88' lang='lat' dir='ltr'><strong>suo</strong></span> <span class='ocrx_word' id='word_1_39' title='bbox 1414 863 1432 899; x_wconf 89' lang='lat'><strong><em>:</em></strong></span> <span class='ocrx_word' id='word_1_40' title='bbox 1463 843 1578 900; x_wconf 86' lang='lat' dir='ltr'><strong>Non</strong></span> <span class='ocrx_word' id='word_1_41' title='bbox 1611 844 1870 916; x_wconf 80' lang='lat' dir='ltr'><strong>requiret.</strong></span> 
     </span>
    </p>
   </div>
   <div class='ocr_carea' id='block_1_7' title="bbox 591 929 2176 1011">
    <p class='ocr_par' dir='ltr' id='par_1_7' title="bbox 591 929 2176 1011">
     <span class='ocr_line' id='line_1_7' title="bbox 591 929 2176 1011; baseline -0.008 -14"><span class='ocrx_word' id='word_1_42' title='bbox 591 940 633 997; x_wconf 88' lang='lat' dir='ltr'>C</span> <span class='ocrx_word' id='word_1_43' title='bbox 663 937 1083 1011; x_wconf 89' lang='lat' dir='ltr'><strong>Interrogando</strong></span> <span class='ocrx_word' id='word_1_44' title='bbox 1114 933 1271 992; x_wconf 90' lang='lat' dir='ltr'><strong>enim</strong></span> <span class='ocrx_word' id='word_1_45' title='bbox 1296 933 1610 991; x_wconf 89' lang='lat' dir='ltr'><strong>dicendum</strong></span> <span class='ocrx_word' id='word_1_46' title='bbox 1637 935 1748 999; x_wconf 88' lang='lat' dir='ltr'><strong>est,</strong></span> <span class='ocrx_word' id='word_1_47' title='bbox 1781 933 2016 1005; x_wconf 78' lang='lat' dir='ltr'><strong>propter</strong></span> <span class='ocrx_word' id='word_1_48' title='bbox 2033 929 2176 1004; x_wconf 92' lang='lat' dir='ltr'><strong>quid</strong></span> 
     </span>
    </p>
   </div>
   <div class='ocr_carea' id='block_1_8' title="bbox 521 1020 2179 1100">
    <p class='ocr_par' dir='ltr' id='par_1_8' title="bbox 521 1020 2179 1100">
     <span class='ocr_line' id='line_1_8' title="bbox 521 1020 2179 1100; baseline -0.005 -16"><span class='ocrx_word' id='word_1_49' title='bbox 521 1027 768 1086; x_wconf 79' lang='lat' dir='ltr'><strong>irritavit</strong></span> <span class='ocrx_word' id='word_1_50' title='bbox 796 1026 1015 1100; x_wconf 91' lang='lat' dir='ltr'><strong>impius</strong></span> <span class='ocrx_word' id='word_1_51' title='bbox 1045 1021 1776 1096; x_wconf 82' lang='lat' dir='ltr'><strong>Deum.Respondendum,</strong></span> <span class='ocrx_word' id='word_1_52' title='bbox 1802 1022 1931 1078; x_wconf 90' lang='lat' dir='ltr'><strong>ideo</strong></span> <span class='ocrx_word' id='word_1_53' title='bbox 1960 1020 2179 1093; x_wconf 86' lang='lat' dir='ltr'><strong>quippe</strong></span> 
     </span>
    </p>
   </div>
   <div class='ocr_carea' id='block_1_9' title="bbox 521 1110 2179 1192">
    <p class='ocr_par' dir='ltr' id='par_1_9' title="bbox 521 1110 2179 1192">
     <span class='ocr_line' id='line_1_9' title="bbox 521 1110 2179 1192; baseline -0.006 -18"><span class='ocrx_word' id='word_1_54' title='bbox 521 1117 800 1192; x_wconf 90' lang='lat' dir='ltr'><strong>quoniam</strong></span> <span class='ocrx_word' id='word_1_55' title='bbox 834 1121 1016 1172; x_wconf 87' lang='lat' dir='ltr'><strong>Deum</strong></span> <span class='ocrx_word' id='word_1_56' title='bbox 1047 1114 1272 1188; x_wconf 86' lang='lat' dir='ltr'><strong>impius</strong></span> <span class='ocrx_word' id='word_1_57' title='bbox 1293 1113 1539 1187; x_wconf 79' lang='lat' dir='ltr'>putabat</span> <span class='ocrx_word' id='word_1_58' title='bbox 1560 1127 1676 1168; x_wconf 91' lang='lat' dir='ltr'><strong>non</strong></span> <span class='ocrx_word' id='word_1_59' title='bbox 1698 1127 1872 1186; x_wconf 86' lang='lat' dir='ltr'><strong>posse</strong></span> <span class='ocrx_word' id='word_1_60' title='bbox 1897 1127 2004 1166; x_wconf 91' lang='lat' dir='ltr'><strong>sua</strong></span> <span class='ocrx_word' id='word_1_61' title='bbox 2025 1110 2179 1166; x_wconf 89' lang='lat' dir='ltr'><strong>facta</strong></span> 
     </span>
    </p>
   </div>
   <div class='ocr_carea' id='block_1_10' title="bbox 522 1197 2179 1281">
    <p class='ocr_par' dir='ltr' id='par_1_10' title="bbox 522 1197 2179 1281">
     <span class='ocr_line' id='line_1_10' title="bbox 522 1197 2179 1281; baseline -0.007 -17"><span class='ocrx_word' id='word_1_62' title='bbox 522 1205 816 1280; x_wconf 83' lang='lat' dir='ltr'><strong>requirere</strong></span> <span class='ocrx_word' id='word_1_63' title='bbox 846 1211 904 1262; x_wconf 91' lang='lat' dir='ltr'><strong>et</strong></span> <span class='ocrx_word' id='word_1_64' title='bbox 930 1221 1259 1280; x_wconf 81' lang='lat' dir='ltr'><strong>pauperum</strong></span> <span class='ocrx_word' id='word_1_65' title='bbox 1285 1201 1556 1276; x_wconf 85' lang='lat' dir='ltr'><strong>injurias,</strong></span> <span class='ocrx_word' id='word_1_66' title='bbox 1589 1199 1758 1275; x_wconf 88' lang='lat' dir='ltr'><strong>quasi</strong></span> <span class='ocrx_word' id='word_1_67' title='bbox 1791 1201 1944 1281; x_wconf 81' lang='lat' dir='ltr'><strong>circa</strong></span> <span class='ocrx_word' id='word_1_68' title='bbox 1990 1197 2179 1256; x_wconf 84' lang='lat' dir='ltr'><strong>cardi-</strong></span> 
     </span>
    </p>
   </div>
   <div class='ocr_carea' id='block_1_11' title="bbox 523 1289 2179 1361">
    <p class='ocr_par' dir='ltr' id='par_1_11' title="bbox 523 1289 2179 1361">
     <span class='ocr_line' id='line_1_11' title="bbox 523 1289 2179 1361; baseline -0.005 -9"><span class='ocrx_word' id='word_1_69' title='bbox 523 1313 627 1353; x_wconf 88' lang='lat' dir='ltr'><strong>nes</strong></span> <span class='ocrx_word' id='word_1_70' title='bbox 656 1295 784 1352; x_wconf 79' lang='grc' dir='ltr'><strong>οωιί</strong></span> <span class='ocrx_word' id='word_1_71' title='bbox 815 1295 970 1352; x_wconf 89' lang='lat' dir='ltr'><strong>Deus</strong></span> <span class='ocrx_word' id='word_1_72' title='bbox 1003 1293 1339 1361; x_wconf 77' lang='lat' dir='ltr'><strong>ambulans,</strong></span> <span class='ocrx_word' id='word_1_73' title='bbox 1373 1296 1574 1350; x_wconf 89' lang='lat' dir='ltr'><strong>nostra</strong></span> <span class='ocrx_word' id='word_1_74' title='bbox 1604 1307 1720 1348; x_wconf 91' lang='lat' dir='ltr'><strong>non</strong></span> <span class='ocrx_word' id='word_1_75' title='bbox 1761 1289 2179 1358; x_wconf 88' lang='lat' dir='ltr'><strong>consideraret,</strong></span> 
     </span>
    </p>
   </div>
   <div class='ocr_carea' id='block_1_12' title="bbox 523 1379 2184 1453">
    <p class='ocr_par' dir='ltr' id='par_1_12' title="bbox 523 1379 2184 1453">
     <span class='ocr_line' id='line_1_12' title="bbox 523 1379 2184 1453; baseline -0.005 -11"><span class='ocrx_word' id='word_1_76' title='bbox 523 1386 625 1442; x_wconf 89' lang='lat' dir='ltr'><strong>sed</strong></span> <span class='ocrx_word' id='word_1_77' title='bbox 658 1384 913 1441; x_wconf 90' lang='lat' dir='ltr'><strong>inveniet</strong></span> <span class='ocrx_word' id='word_1_78' title='bbox 963 1400 1284 1441; x_wconf 88' lang='lat' dir='ltr'><strong>memorem</strong></span> <span class='ocrx_word' id='word_1_79' title='bbox 1332 1381 1392 1438; x_wconf 90' lang='lat' dir='ltr'><strong>in</strong></span> <span class='ocrx_word' id='word_1_80' title='bbox 1441 1382 1660 1450; x_wconf 88' lang='lat' dir='ltr'><strong>futuro,</strong></span> <span class='ocrx_word' id='word_1_81' title='bbox 1687 1396 1861 1453; x_wconf 87' lang='lat' dir='ltr'><strong>quem</strong></span> <span class='ocrx_word' id='word_1_82' title='bbox 1908 1379 2184 1453; x_wconf 81' lang='lat' dir='ltr'><strong>sperabat</strong></span> 
     </span>
    </p>
   </div>
   <div class='ocr_carea' id='block_1_13' title="bbox 521 1474 792 1531">
    <p class='ocr_par' dir='ltr' id='par_1_13' title="bbox 521 1474 792 1531">
     <span class='ocr_line' id='line_1_13' title="bbox 521 1474 792 1531; baseline -0.004 0"><span class='ocrx_word' id='word_1_83' title='bbox 521 1474 792 1531; x_wconf 86' lang='lat' dir='ltr'><strong>oblitum.</strong></span> 
     </span>
    </p>
   </div>
   <div class='ocr_carea' id='block_1_14' title="bbox 519 1557 2179 1638">
    <p class='ocr_par' dir='ltr' id='par_1_14' title="bbox 519 1557 2179 1638">
     <span class='ocr_line' id='line_1_14' title="bbox 519 1557 2179 1638; baseline -0.002 -20"><span class='ocrx_word' id='word_1_84' title='bbox 519 1563 591 1618; x_wconf 88' lang='lat'><strong>37</strong></span> <span class='ocrx_word' id='word_1_85' title='bbox 665 1563 819 1620; x_wconf 81' lang='lat' dir='ltr'><strong>Vides</strong></span> <span class='ocrx_word' id='word_1_86' title='bbox 871 1565 1128 1638; x_wconf 87' lang='lat' dir='ltr'><strong>quoniam</strong></span> <span class='ocrx_word' id='word_1_87' title='bbox 1187 1571 1245 1618; x_wconf 88' lang='lat' dir='ltr'><strong>tu</strong></span> <span class='ocrx_word' id='word_1_88' title='bbox 1304 1562 1544 1618; x_wconf 83' lang='lat' dir='ltr'><strong>laborem</strong></span> <span class='ocrx_word' id='word_1_89' title='bbox 1599 1565 1650 1616; x_wconf 82' lang='lat' dir='ltr'><strong>et</strong></span> <span class='ocrx_word' id='word_1_90' title='bbox 1705 1560 1946 1617; x_wconf 83' lang='lat' dir='ltr'><strong>dolorem</strong></span> <span class='ocrx_word' id='word_1_91' title='bbox 2000 1557 2179 1615; x_wconf 84' lang='lat' dir='ltr'><strong>consi-</strong></span> 
     </span>
    </p>
   </div>
   <div class='ocr_carea' id='block_1_15' title="bbox 734 1649 894 1710">
    <p class='ocr_par' dir='ltr' id='par_1_15' title="bbox 734 1649 894 1710">
     <span class='ocr_line' id='line_1_15' title="bbox 734 1649 894 1710; baseline -0.013 0"><span class='ocrx_word' id='word_1_92' title='bbox 734 1649 894 1710; x_wconf 82' lang='lat' dir='ltr'><strong>deras</strong></span> 
     </span>
    </p>
   </div>
   <div class='ocr_carea' id='block_1_16' title="bbox 669 1741 1556 1800">
    <p class='ocr_par' dir='ltr' id='par_1_16' title="bbox 669 1741 1556 1800">
     <span class='ocr_line' id='line_1_16' title="bbox 669 1741 1556 1800; baseline 0.002 -5"><span class='ocrx_word' id='word_1_93' title='bbox 669 1745 732 1798; x_wconf 88' lang='lat' dir='ltr'><strong>Ut</strong></span> <span class='ocrx_word' id='word_1_94' title='bbox 766 1741 954 1798; x_wconf 83' lang='lat' dir='ltr'><strong>tradas</strong></span> <span class='ocrx_word' id='word_1_95' title='bbox 980 1758 1068 1800; x_wconf 89' lang='lat' dir='ltr'><strong>eos</strong></span> <span class='ocrx_word' id='word_1_96' title='bbox 1100 1743 1157 1798; x_wconf 87' lang='lat' dir='ltr'><strong>in</strong></span> <span class='ocrx_word' id='word_1_97' title='bbox 1187 1759 1386 1799; x_wconf 87' lang='lat' dir='ltr'><strong>manus</strong></span> <span class='ocrx_word' id='word_1_98' title='bbox 1415 1751 1556 1798; x_wconf 85' lang='lat' dir='ltr'><strong>tuas.</strong></span> 
     </span>
    </p>
   </div>
   <div class='ocr_carea' id='block_1_17' title="bbox 594 1829 2181 1906">
    <p class='ocr_par' dir='ltr' id='par_1_17' title="bbox 594 1829 2181 1906">
     <span class='ocr_line' id='line_1_17' title="bbox 594 1829 2181 1906; baseline -0.001 -20"><span class='ocrx_word' id='word_1_99' title='bbox 594 1835 634 1886; x_wconf 88' lang='lat' dir='ltr'>C</span> <span class='ocrx_word' id='word_1_100' title='bbox 661 1831 951 1905; x_wconf 83' lang='lat' dir='ltr'><strong>Propheta</strong></span> <span class='ocrx_word' id='word_1_101' title='bbox 981 1831 1240 1906; x_wconf 88' lang='lat' dir='ltr'><strong>loquitur</strong></span> <span class='ocrx_word' id='word_1_102' title='bbox 1288 1833 1360 1888; x_wconf 89' lang='lat' dir='ltr'><strong>ad</strong></span> <span class='ocrx_word' id='word_1_103' title='bbox 1409 1832 1594 1889; x_wconf 89' lang='lat' dir='ltr'><strong>Deum</strong></span> <span class='ocrx_word' id='word_1_104' title='bbox 1627 1847 1640 1886; x_wconf 92' lang='lat'>:</span> <span class='ocrx_word' id='word_1_105' title='bbox 1675 1831 1852 1886; x_wconf 89' lang='lat' dir='ltr'><strong>Vides</strong></span> <span class='ocrx_word' id='word_1_106' title='bbox 1901 1829 2181 1904; x_wconf 81' lang='lat' dir='ltr'><strong>quoniam</strong></span> 
     </span>
    </p>
   </div>
   <div class='ocr_carea' id='block_1_18' title="bbox 2285 655 3046 716">
    <p class='ocr_par' dir='ltr' id='par_1_18' title="bbox 2285 655 3046 716">
     <span class='ocr_line' id='line_1_18' title="bbox 2285 655 3046 716; baseline -0.004 -2"><span class='ocrx_word' id='word_1_107' title='bbox 2285 658 2568 716; x_wconf 78' lang='lat' dir='ltr'><strong>mentiain</strong></span> <span class='ocrx_word' id='word_1_108' title='bbox 2600 655 2856 713; x_wconf 88' lang='lat' dir='ltr'><strong>divinam</strong></span> <span class='ocrx_word' id='word_1_109' title='bbox 2886 655 3046 712; x_wconf 89' lang='lat' dir='ltr'><strong>dicit.</strong></span> 
     </span>
    </p>
   </div>
   <div class='ocr_carea' id='block_1_19' title="bbox 2286 743 3287 819">
    <p class='ocr_par' dir='ltr' id='par_1_19' title="bbox 2286 743 3287 819">
     <span class='ocr_line' id='line_1_19' title="bbox 2286 743 3287 819; baseline -0.005 -16"><span class='ocrx_word' id='word_1_110' title='bbox 2286 749 2354 803; x_wconf 77' lang='grc'><strong>42</strong></span> <span class='ocrx_word' id='word_1_111' title='bbox 2423 745 2692 804; x_wconf 83' lang='lat' dir='ltr'><strong>Judicare</strong></span> <span class='ocrx_word' id='word_1_112' title='bbox 2711 745 2930 819; x_wconf 89' lang='lat' dir='ltr'><strong>pupillo</strong></span> <span class='ocrx_word' id='word_1_113' title='bbox 2953 753 3005 802; x_wconf 89' lang='lat' dir='ltr'><strong>et</strong></span> <span class='ocrx_word' id='word_1_114' title='bbox 3035 743 3240 800; x_wconf 83' lang='lat' dir='ltr'><strong>humili</strong></span> <span class='ocrx_word' id='word_1_115' title='bbox 3267 761 3287 798; x_wconf 91' lang='lat'><strong><em>:</em></strong></span> 
     </span>
    </p>
   </div>
   <div class='ocr_carea' id='block_1_20' title="bbox 2431 833 3954 909">
    <p class='ocr_par' dir='ltr' id='par_1_20' title="bbox 2431 833 3954 909">
     <span class='ocr_line' id='line_1_20' title="bbox 2431 833 3954 909; baseline -0.006 -13"><span class='ocrx_word' id='word_1_116' title='bbox 2431 839 2494 896; x_wconf 88' lang='lat' dir='ltr'><strong>Ut</strong></span> <span class='ocrx_word' id='word_1_117' title='bbox 2525 853 2635 894; x_wconf 86' lang='lat' dir='ltr'><strong>non</strong></span> <span class='ocrx_word' id='word_1_118' title='bbox 2661 843 2896 909; x_wconf 85' lang='lat' dir='ltr'><strong>apponat</strong></span> <span class='ocrx_word' id='word_1_119' title='bbox 2921 835 3067 892; x_wconf 86' lang='lat' dir='ltr'><strong>ultrr</strong></span> <span class='ocrx_word' id='word_1_120' title='bbox 3095 835 3454 906; x_wconf 80' lang='lat' dir='ltr'><strong>magnificare</strong></span> <span class='ocrx_word' id='word_1_121' title='bbox 3499 848 3556 892; x_wconf 82' lang='lat' dir='ltr'><strong>se</strong></span> <span class='ocrx_word' id='word_1_122' title='bbox 3598 833 3756 891; x_wconf 90' lang='lat' dir='ltr'><strong>homo</strong></span> <span class='ocrx_word' id='word_1_123' title='bbox 3783 848 3954 907; x_wconf 86' lang='lat' dir='ltr'><strong>super</strong></span> 
     </span>
    </p>
   </div>
   <div class='ocr_carea' id='block_1_21' title="bbox 2503 933 2728 982">
    <p class='ocr_par' dir='ltr' id='par_1_21' title="bbox 2503 933 2728 982">
     <span class='ocr_line' id='line_1_21' title="bbox 2503 933 2728 982; baseline 0 0"><span class='ocrx_word' id='word_1_124' title='bbox 2503 933 2728 982; x_wconf 86' lang='lat' dir='ltr'><strong>terram.</strong></span> 
     </span>
    </p>
   </div>
   <div class='ocr_carea' id='block_1_22' title="bbox 2357 1010 3954 1088">
    <p class='ocr_par' dir='ltr' id='par_1_22' title="bbox 2357 1010 3954 1088">
     <span class='ocr_line' id='line_1_22' title="bbox 2357 1010 3954 1088; baseline -0.003 -16"><span class='ocrx_word' id='word_1_125' title='bbox 2357 1015 2397 1072; x_wconf 90' lang='lat' dir='ltr'><strong>C</strong></span> <span class='ocrx_word' id='word_1_126' title='bbox 2424 1014 2570 1070; x_wconf 93' lang='lat' dir='ltr'><strong>Ecce</strong></span> <span class='ocrx_word' id='word_1_127' title='bbox 2600 1013 2944 1071; x_wconf 89' lang='lat' dir='ltr'><strong>auctoritate</strong></span> <span class='ocrx_word' id='word_1_128' title='bbox 2973 1012 3312 1088; x_wconf 87' lang='lat' dir='ltr'><strong>prophetica</strong></span> <span class='ocrx_word' id='word_1_129' title='bbox 3333 1010 3954 1086; x_wconf 82' lang='lat' dir='ltr'><strong>admonemur,pupil-</strong></span> 
     </span>
    </p>
   </div>
   <div class='ocr_carea' id='block_1_23' title="bbox 2286 1099 3956 1177">
    <p class='ocr_par' dir='ltr' id='par_1_23' title="bbox 2286 1099 3956 1177">
     <span class='ocr_line' id='line_1_23' title="bbox 2286 1099 3956 1177; baseline -0.001 -17"><span class='ocrx_word' id='word_1_130' title='bbox 2286 1102 2411 1160; x_wconf 92' lang='lat' dir='ltr'><strong>lum</strong></span> <span class='ocrx_word' id='word_1_131' title='bbox 2441 1102 2728 1160; x_wconf 87' lang='lat' dir='ltr'><strong>humilem</strong></span> <span class='ocrx_word' id='word_1_132' title='bbox 2761 1104 2876 1160; x_wconf 89' lang='lat' dir='ltr'><strong>Deo</strong></span> <span class='ocrx_word' id='word_1_133' title='bbox 2905 1120 3034 1160; x_wconf 90' lang='lat' dir='ltr'><strong>esse</strong></span> <span class='ocrx_word' id='word_1_134' title='bbox 3062 1101 3491 1177; x_wconf 82' lang='lat' dir='ltr'><strong>gratissimum.</strong></span> <span class='ocrx_word' id='word_1_135' title='bbox 3516 1102 3662 1158; x_wconf 87' lang='lat' dir='ltr'><strong>Cum</strong></span> <span class='ocrx_word' id='word_1_136' title='bbox 3684 1099 3956 1176; x_wconf 88' lang='lat' dir='ltr'><strong>pupillus</strong></span> 
     </span>
    </p>
   </div>
   <div class='ocr_carea' id='block_1_24' title="bbox 2286 1191 3960 1266">
    <p class='ocr_par' dir='ltr' id='par_1_24' title="bbox 2286 1191 3960 1266">
     <span class='ocr_line' id='line_1_24' title="bbox 2286 1191 3960 1266; baseline -0.001 -18"><span class='ocrx_word' id='word_1_137' title='bbox 2286 1191 2533 1249; x_wconf 89' lang='lat' dir='ltr'><strong>humilis</strong></span> <span class='ocrx_word' id='word_1_138' title='bbox 2564 1192 2803 1263; x_wconf 90' lang='lat' dir='ltr'><strong>dicitur,</strong></span> <span class='ocrx_word' id='word_1_139' title='bbox 2828 1191 3206 1266; x_wconf 88' lang='lat' dir='ltr'><strong>justissimus</strong></span> <span class='ocrx_word' id='word_1_140' title='bbox 3234 1191 3689 1266; x_wconf 85' lang='lat' dir='ltr'><strong>approbatur,ut</strong></span> <span class='ocrx_word' id='word_1_141' title='bbox 3708 1208 3824 1248; x_wconf 89' lang='lat' dir='ltr'><strong>non</strong></span> <span class='ocrx_word' id='word_1_142' title='bbox 3849 1207 3960 1266; x_wconf 52' lang='lat' dir='ltr'><strong>ap:</strong></span> 
     </span>
    </p>
   </div>
   <div class='ocr_carea' id='block_1_25' title="bbox 2288 1279 3954 1357">
    <p class='ocr_par' dir='ltr' id='par_1_25' title="bbox 2288 1279 3954 1357">
     <span class='ocr_line' id='line_1_25' title="bbox 2288 1279 3954 1357; baseline -0.002 -18"><span class='ocrx_word' id='word_1_143' title='bbox 2288 1286 2469 1357; x_wconf 87' lang='lat' dir='ltr'><strong>ponat</strong></span> <span class='ocrx_word' id='word_1_144' title='bbox 2498 1282 2670 1352; x_wconf 88' lang='lat' dir='ltr'><strong>ultra,</strong></span> <span class='ocrx_word' id='word_1_145' title='bbox 2704 1282 2816 1340; x_wconf 93' lang='lat' dir='ltr'><strong>hoc</strong></span> <span class='ocrx_word' id='word_1_146' title='bbox 2847 1287 2954 1352; x_wconf 91' lang='lat' dir='ltr'><strong>est,</strong></span> <span class='ocrx_word' id='word_1_147' title='bbox 2987 1281 3036 1338; x_wconf 84' lang='grc' dir='ltr'>Η</span> <span class='ocrx_word' id='word_1_148' title='bbox 3061 1285 3129 1338; x_wconf 91' lang='lat' dir='ltr'><strong>ut</strong></span> <span class='ocrx_word' id='word_1_149' title='bbox 3158 1299 3272 1338; x_wconf 91' lang='lat' dir='ltr'><strong>non</strong></span> <span class='ocrx_word' id='word_1_150' title='bbox 3314 1283 3499 1339; x_wconf 84' lang='lat' dir='ltr'><strong>elevet</strong></span> <span class='ocrx_word' id='word_1_151' title='bbox 3543 1279 3954 1338; x_wconf 81' lang='lat' dir='ltr'><strong>Antichristus</strong></span> 
     </span>
    </p>
   </div>
   <div class='ocr_carea' id='block_1_26' title="bbox 2288 1368 3956 1445">
    <p class='ocr_par' dir='ltr' id='par_1_26' title="bbox 2288 1368 3956 1445">
     <span class='ocr_line' id='line_1_26' title="bbox 2288 1368 3956 1445; baseline -0.002 -16"><span class='ocrx_word' id='word_1_152' title='bbox 2288 1389 2352 1429; x_wconf 88' lang='lat' dir='ltr'><strong>se</strong></span> <span class='ocrx_word' id='word_1_153' title='bbox 2384 1370 2538 1429; x_wconf 89' lang='lat' dir='ltr'><strong>ultra</strong></span> <span class='ocrx_word' id='word_1_154' title='bbox 2566 1389 2745 1445; x_wconf 88' lang='lat' dir='ltr'><strong>super</strong></span> <span class='ocrx_word' id='word_1_155' title='bbox 2771 1371 2986 1429; x_wconf 87' lang='lat' dir='ltr'><strong>electos</strong></span> <span class='ocrx_word' id='word_1_156' title='bbox 3013 1371 3283 1444; x_wconf 89' lang='lat' dir='ltr'><strong>Dei,quia</strong></span> <span class='ocrx_word' id='word_1_157' title='bbox 3307 1375 3349 1428; x_wconf 75' lang='grc' dir='ltr'>ο</span> <span class='ocrx_word' id='word_1_158' title='bbox 3391 1375 3531 1428; x_wconf 89' lang='lat' dir='ltr'><strong>tunc</strong></span> <span class='ocrx_word' id='word_1_159' title='bbox 3563 1368 3762 1428; x_wconf 85' lang='lat' dir='ltr'><strong>omnia</strong></span> <span class='ocrx_word' id='word_1_160' title='bbox 3791 1369 3956 1427; x_wconf 87' lang='lat' dir='ltr'><strong>mala</strong></span> 
     </span>
    </p>
   </div>
   <div class='ocr_carea' id='block_1_27' title="bbox 2289 1459 3954 1534">
    <p class='ocr_par' dir='ltr' id='par_1_27' title="bbox 2289 1459 3954 1534">
     <span class='ocr_line' id='line_1_27' title="bbox 2289 1459 3954 1534; baseline -0.001 -16"><span class='ocrx_word' id='word_1_161' title='bbox 2289 1461 2550 1518; x_wconf 75' lang='lat' dir='ltr'><strong>finienda</strong></span> <span class='ocrx_word' id='word_1_162' title='bbox 2570 1467 2872 1530; x_wconf 89' lang='lat' dir='ltr'><strong>sunt,cum</strong></span> <span class='ocrx_word' id='word_1_163' title='bbox 2891 1465 3094 1518; x_wconf 88' lang='lat' dir='ltr'><strong>auctor</strong></span> <span class='ocrx_word' id='word_1_164' title='bbox 3109 1461 3315 1518; x_wconf 90' lang='lat' dir='ltr'><strong>mortis</strong></span> <span class='ocrx_word' id='word_1_165' title='bbox 3331 1477 3466 1518; x_wconf 91' lang='lat' dir='ltr'><strong>cum</strong></span> <span class='ocrx_word' id='word_1_166' title='bbox 3479 1477 3587 1517; x_wconf 85' lang='lat' dir='ltr'><strong>sua</strong></span> <span class='ocrx_word' id='word_1_167' title='bbox 3600 1459 3768 1534; x_wconf 85' lang='lat' dir='ltr'><strong>plebe</strong></span> <span class='ocrx_word' id='word_1_168' title='bbox 3785 1459 3954 1518; x_wconf 88' lang='lat' dir='ltr'><strong>dam-</strong></span> 
     </span>
    </p>
   </div>
   <div class='ocr_carea' id='block_1_28' title="bbox 2290 1549 3955 1625">
    <p class='ocr_par' dir='ltr' id='par_1_28' title="bbox 2290 1549 3955 1625">
     <span class='ocr_line' id='line_1_28' title="bbox 2290 1549 3955 1625; baseline -0.001 -17"><span class='ocrx_word' id='word_1_169' title='bbox 2290 1551 2547 1608; x_wconf 89' lang='lat' dir='ltr'><strong>nabitur.</strong></span> <span class='ocrx_word' id='word_1_170' title='bbox 2579 1553 2711 1608; x_wconf 65' lang='lat' dir='ltr'><strong>Haec</strong></span> <span class='ocrx_word' id='word_1_171' title='bbox 2743 1555 2881 1608; x_wconf 90' lang='lat' dir='ltr'><strong>sunt</strong></span> <span class='ocrx_word' id='word_1_172' title='bbox 2908 1551 3137 1608; x_wconf 89' lang='lat' dir='ltr'><strong>occulta</strong></span> <span class='ocrx_word' id='word_1_173' title='bbox 3166 1549 3315 1624; x_wconf 82' lang='lat' dir='ltr'><strong>Filii,</strong></span> <span class='ocrx_word' id='word_1_174' title='bbox 3347 1567 3475 1625; x_wconf 73' lang='lat' dir='ltr'><strong>qua:</strong></span> <span class='ocrx_word' id='word_1_175' title='bbox 3507 1549 3722 1625; x_wconf 85' lang='lat' dir='ltr'><strong>psalmi</strong></span> <span class='ocrx_word' id='word_1_176' title='bbox 3764 1550 3955 1622; x_wconf 86' lang='lat' dir='ltr'><strong>hujus</strong></span> 
     </span>
    </p>
   </div>
   <div class='ocr_carea' id='block_1_29' title="bbox 2289 1641 2705 1700">
    <p class='ocr_par' dir='ltr' id='par_1_29' title="bbox 2289 1641 2705 1700">
     <span class='ocr_line' id='line_1_29' title="bbox 2289 1641 2705 1700; baseline 0.007 -4"><span class='ocrx_word' id='word_1_177' title='bbox 2289 1641 2498 1700; x_wconf 87' lang='lat' dir='ltr'><strong>titulus</strong></span> <span class='ocrx_word' id='word_1_178' title='bbox 2527 1641 2705 1699; x_wconf 89' lang='lat' dir='ltr'><strong>canit.</strong></span> 
     </span>
    </p>
   </div>
   <div class='ocr_carea' id='block_1_30' title="bbox 2803 1745 3436 1788">
    <p class='ocr_par' dir='ltr' id='par_1_30' title="bbox 2803 1745 3436 1788">
     <span class='ocr_line' id='line_1_30' title="bbox 2803 1745 3436 1788; baseline -0.003 0"><span class='ocrx_word' id='word_1_179' title='bbox 2803 1748 3008 1788; x_wconf 76' lang='lat' dir='ltr'><strong>ORATIO</strong></span> <span class='ocrx_word' id='word_1_180' title='bbox 3047 1748 3118 1786; x_wconf 74' lang='lat' dir='ltr'><strong>EX</strong></span> <span class='ocrx_word' id='word_1_181' title='bbox 3155 1745 3316 1788; x_wconf 74' lang='lat' dir='ltr'><strong>PSAL.</strong></span> <span class='ocrx_word' id='word_1_182' title='bbox 3358 1747 3436 1787; x_wconf 79' lang='lat' dir='ltr'><strong>IX.</strong></span> 
     </span>
    </p>
   </div>
   <div class='ocr_carea' id='block_1_31' title="bbox 2361 1815 3948 1893">
    <p class='ocr_par' dir='ltr' id='par_1_31' title="bbox 2361 1815 3948 1893">
     <span class='ocr_line' id='line_1_31' title="bbox 2361 1815 3948 1893; baseline -0.002 -17"><span class='ocrx_word' id='word_1_183' title='bbox 2361 1819 2724 1877; x_wconf 87' lang='lat' dir='ltr'><strong>Confessioni</strong></span> <span class='ocrx_word' id='word_1_184' title='bbox 2756 1823 2969 1878; x_wconf 69' lang='lat' dir='ltr'><strong>nostrae</strong></span> <span class='ocrx_word' id='word_1_185' title='bbox 3013 1818 3172 1893; x_wconf 87' lang='lat' dir='ltr'><strong>piam</strong></span> <span class='ocrx_word' id='word_1_186' title='bbox 3225 1834 3450 1888; x_wconf 88' lang='lat' dir='ltr'><strong>aurem,</strong></span> <span class='ocrx_word' id='word_1_187' title='bbox 3481 1817 3636 1874; x_wconf 89' lang='lat' dir='ltr'><strong>Deus</strong></span> <span class='ocrx_word' id='word_1_188' title='bbox 3666 1815 3948 1885; x_wconf 90' lang='lat' dir='ltr'><strong>clemens,</strong></span> 
     </span>
    </p>
   </div>
   <div class='ocr_carea' id='block_1_32' title="bbox 524 1906 3956 2026">
    <p class='ocr_par' dir='ltr' id='par_1_32' title="bbox 524 1906 3956 2026">
     <span class='ocr_line' id='line_1_32' title="bbox 524 1906 3956 2026; baseline 0.001 -49"><span class='ocrx_word' id='word_1_189' title='bbox 524 1920 632 1978; x_wconf 83' lang='lat' dir='ltr'><strong>tibi</strong></span> <span class='ocrx_word' id='word_1_190' title='bbox 666 1919 867 1978; x_wconf 90' lang='lat' dir='ltr'><strong>nullus</strong></span> <span class='ocrx_word' id='word_1_191' title='bbox 895 1920 1136 1990; x_wconf 86' lang='lat' dir='ltr'><strong>illudat;</strong></span> <span class='ocrx_word' id='word_1_192' title='bbox 1169 1921 1508 1978; x_wconf 88' lang='lat' dir='ltr'><strong>consideras</strong></span> <span class='ocrx_word' id='word_1_193' title='bbox 1539 1920 1692 1977; x_wconf 91' lang='lat' dir='ltr'><strong>enim</strong></span> <span class='ocrx_word' id='word_1_194' title='bbox 1723 1919 1983 1976; x_wconf 88' lang='lat' dir='ltr'><strong>laborem</strong></span> <span class='ocrx_word' id='word_1_195' title='bbox 2007 1924 2063 1976; x_wconf 89' lang='lat' dir='ltr'><strong>et</strong></span> <span class='ocrx_word' id='word_1_196' title='bbox 2084 1919 2184 1974; x_wconf 84' lang='lat' dir='ltr'><strong>do-</strong></span> <span class='ocrx_word' id='word_1_197' title='bbox 2211 1961 2258 2026; x_wconf 78' lang='grc' dir='ltr'><strong>Β</strong></span> <span class='ocrx_word' id='word_1_198' title='bbox 2289 1909 2470 2026; x_wconf 56' lang='lat' dir='ltr'><strong>ap‘ffl&#39;i,</strong></span> <span class='ocrx_word' id='word_1_199' title='bbox 2503 1908 2604 1982; x_wconf 85' lang='lat' dir='ltr'><strong>qui</strong></span> <span class='ocrx_word' id='word_1_200' title='bbox 2637 1912 2941 2026; x_wconf 55' lang='lat' dir='ltr'><strong>3P?mntﬁ3</strong></span> <span class='ocrx_word' id='word_1_201' title='bbox 2961 1909 3114 2026; x_wconf 35' lang='grc' dir='ltr'><strong>ἔξω</strong></span> <span class='ocrx_word' id='word_1_202' title='bbox 3144 1923 3450 2026; x_wconf 49' lang='grc' dir='ltr'><strong>Πυιῖᾳυωη</strong></span> <span class='ocrx_word' id='word_1_203' title='bbox 3479 1906 3830 2026; x_wconf 41' lang='lat' dir='ltr'><strong>offusum“?</strong></span> <span class='ocrx_word' id='word_1_204' title='bbox 3852 1906 3956 1963; x_wconf 70' lang='lat' dir='ltr'><strong>de‘</strong></span> 
     </span>
    </p>
   </div>
   <div class='ocr_carea' id='block_1_33' title="bbox 525 1997 3950 2083">
    <p class='ocr_par' dir='ltr' id='par_1_33' title="bbox 525 1997 3950 2083">
     <span class='ocr_line' id='line_1_33' title="bbox 525 1997 3950 2083; baseline -0.004 -17"><span class='ocrx_word' id='word_1_205' title='bbox 525 2009 730 2083; x_wconf 88' lang='lat' dir='ltr'><strong>lorem,</strong></span> <span class='ocrx_word' id='word_1_206' title='bbox 763 2026 938 2083; x_wconf 87' lang='lat' dir='ltr'><strong>quem</strong></span> <span class='ocrx_word' id='word_1_207' title='bbox 967 2009 1062 2066; x_wconf 90' lang='lat' dir='ltr'><strong>ille</strong></span> <span class='ocrx_word' id='word_1_208' title='bbox 1092 2009 1351 2083; x_wconf 84' lang='lat' dir='ltr'><strong>perﬁdus</strong></span> <span class='ocrx_word' id='word_1_209' title='bbox 1383 2010 1493 2068; x_wconf 90' lang='lat' dir='ltr'><strong>sub</strong></span> <span class='ocrx_word' id='word_1_210' title='bbox 1519 2010 1722 2083; x_wconf 88' lang='lat' dir='ltr'><strong>lingua</strong></span> <span class='ocrx_word' id='word_1_211' title='bbox 1748 2009 1975 2078; x_wconf 89' lang='lat' dir='ltr'><strong>habuit,</strong></span> <span class='ocrx_word' id='word_1_212' title='bbox 2002 2007 2058 2062; x_wconf 91' lang='lat' dir='ltr'><strong>id</strong></span> <span class='ocrx_word' id='word_1_213' title='bbox 2091 2011 2180 2064; x_wconf 88' lang='lat' dir='ltr'><strong>est</strong></span> <span class='ocrx_word' id='word_1_214' title='bbox 2211 1997 2258 2026; x_wconf 78' lang='lat'>”</span> <span class='ocrx_word' id='word_1_215' title='bbox 2291 1999 2640 2072; x_wconf 84' lang='lat' dir='ltr'><strong>relinquere,</strong></span> <span class='ocrx_word' id='word_1_216' title='bbox 2673 2004 2740 2054; x_wconf 82' lang='lat' dir='ltr'><strong>ut</strong></span> <span class='ocrx_word' id='word_1_217' title='bbox 2769 1997 3004 2055; x_wconf 77' lang='lat' dir='ltr'><strong>exaltati</strong></span> <span class='ocrx_word' id='word_1_218' title='bbox 3033 1997 3106 2055; x_wconf 88' lang='lat' dir='ltr'><strong>de</strong></span> <span class='ocrx_word' id='word_1_219' title='bbox 3143 1997 3327 2072; x_wconf 90' lang='lat' dir='ltr'><strong>portis</strong></span> <span class='ocrx_word' id='word_1_220' title='bbox 3374 1997 3582 2054; x_wconf 86' lang='lat' dir='ltr'><strong>mortis</strong></span> <span class='ocrx_word' id='word_1_221' title='bbox 3630 1999 3950 2071; x_wconf 67' lang='lat' dir='ltr'><strong>perpetuae,</strong></span> 
     </span>
    </p>
   </div>
   <div class='ocr_carea' id='block_1_34' title="bbox 523 2098 2182 2172">
    <p class='ocr_par' dir='ltr' id='par_1_34' title="bbox 523 2098 2182 2172">
     <span class='ocr_line' id='line_1_34' title="bbox 523 2098 2182 2172; baseline 0 -18"><span class='ocrx_word' id='word_1_222' title='bbox 523 2099 584 2155; x_wconf 92' lang='lat' dir='ltr'><strong>in</strong></span> <span class='ocrx_word' id='word_1_223' title='bbox 615 2099 968 2172; x_wconf 85' lang='lat' dir='ltr'><strong>cogitatione</strong></span> <span class='ocrx_word' id='word_1_224' title='bbox 996 2117 1103 2156; x_wconf 89' lang='lat' dir='ltr'><strong>sua</strong></span> <span class='ocrx_word' id='word_1_225' title='bbox 1131 2099 1392 2157; x_wconf 87' lang='lat' dir='ltr'><strong>revolvit.</strong></span> <span class='ocrx_word' id='word_1_226' title='bbox 1432 2099 1506 2156; x_wconf 89' lang='lat' dir='ltr'><strong>Ut</strong></span> <span class='ocrx_word' id='word_1_227' title='bbox 1540 2099 1739 2157; x_wconf 89' lang='lat' dir='ltr'><strong>tradas</strong></span> <span class='ocrx_word' id='word_1_228' title='bbox 1781 2114 1940 2168; x_wconf 88' lang='lat' dir='ltr'><strong>eum,</strong></span> <span class='ocrx_word' id='word_1_229' title='bbox 1989 2098 2048 2155; x_wconf 93' lang='lat' dir='ltr'><strong>id</strong></span> <span class='ocrx_word' id='word_1_230' title='bbox 2092 2102 2182 2154; x_wconf 89' lang='lat' dir='ltr'><strong>est</strong></span> 
     </span>
    </p>
   </div>
   <div class='ocr_carea' id='block_1_35' title="bbox 516 2187 2179 2264">
    <p class='ocr_par' dir='ltr' id='par_1_35' title="bbox 516 2187 2179 2264">
     <span class='ocr_line' id='line_1_35' title="bbox 516 2187 2179 2264; baseline 0 -21"><span class='ocrx_word' id='word_1_231' title='bbox 516 2188 742 2261; x_wconf 86' lang='lat' dir='ltr'><strong>judicio</strong></span> <span class='ocrx_word' id='word_1_232' title='bbox 775 2189 1026 2246; x_wconf 91' lang='lat' dir='ltr'><strong>traditus</strong></span> <span class='ocrx_word' id='word_1_233' title='bbox 1057 2206 1173 2246; x_wconf 89' lang='lat' dir='ltr'><strong>non</strong></span> <span class='ocrx_word' id='word_1_234' title='bbox 1204 2189 1427 2258; x_wconf 87' lang='lat' dir='ltr'><strong>evadet,</strong></span> <span class='ocrx_word' id='word_1_235' title='bbox 1459 2189 1561 2246; x_wconf 89' lang='lat' dir='ltr'><strong>sed</strong></span> <span class='ocrx_word' id='word_1_236' title='bbox 1607 2189 1788 2264; x_wconf 90' lang='lat' dir='ltr'><strong>digna</strong></span> <span class='ocrx_word' id='word_1_237' title='bbox 1835 2187 2004 2245; x_wconf 85' lang='lat' dir='ltr'><strong>factis</strong></span> <span class='ocrx_word' id='word_1_238' title='bbox 2037 2188 2179 2246; x_wconf 91' lang='lat' dir='ltr'><strong>reci-</strong></span> 
     </span>
    </p>
   </div>
   <div class='ocr_carea' id='block_1_36' title="bbox 525 2277 1904 2352">
    <p class='ocr_par' dir='ltr' id='par_1_36' title="bbox 525 2277 1904 2352">
     <span class='ocr_line' id='line_1_36' title="bbox 525 2277 1904 2352; baseline 0.004 -20"><span class='ocrx_word' id='word_1_239' title='bbox 525 2277 665 2348; x_wconf 91' lang='lat' dir='ltr'><strong>piet,</strong></span> <span class='ocrx_word' id='word_1_240' title='bbox 699 2294 833 2334; x_wconf 90' lang='lat' dir='ltr'><strong>cum</strong></span> <span class='ocrx_word' id='word_1_241' title='bbox 860 2282 1076 2336; x_wconf 60' lang='lat' dir='ltr'><strong>(eterna</strong></span> <span class='ocrx_word' id='word_1_242' title='bbox 1106 2279 1483 2336; x_wconf 89' lang='lat' dir='ltr'><strong>damnatione</strong></span> <span class='ocrx_word' id='word_1_243' title='bbox 1515 2279 1904 2352; x_wconf 83' lang='lat' dir='ltr'><strong>torquebitur.</strong></span> 
     </span>
    </p>
   </div>
   <div class='ocr_carea' id='block_1_37' title="bbox 523 2375 1501 2451">
    <p class='ocr_par' dir='ltr' id='par_1_37' title="bbox 523 2375 1501 2451">
     <span class='ocr_line' id='line_1_37' title="bbox 523 2375 1501 2451; baseline 0.004 -19"><span class='ocrx_word' id='word_1_244' title='bbox 523 2376 594 2432; x_wconf 87' lang='lat'><strong>38</strong></span> <span class='ocrx_word' id='word_1_245' title='bbox 669 2377 790 2432; x_wconf 84' lang='lat' dir='ltr'><em>Tibi</em></span> <span class='ocrx_word' id='word_1_246' title='bbox 817 2375 1104 2434; x_wconf 87' lang='lat' dir='ltr'><strong>derelictus</strong></span> <span class='ocrx_word' id='word_1_247' title='bbox 1131 2385 1211 2435; x_wconf 82' lang='lat' dir='ltr'><strong>est</strong></span> <span class='ocrx_word' id='word_1_248' title='bbox 1235 2393 1452 2451; x_wconf 82' lang='lat' dir='ltr'><strong>pauper</strong></span> <span class='ocrx_word' id='word_1_249' title='bbox 1481 2396 1501 2436; x_wconf 90' lang='lat'><strong><em>:</em></strong></span> 
     </span>
    </p>
   </div>
   <div class='ocr_carea' id='block_1_38' title="bbox 666 2464 1410 2540">
    <p class='ocr_par' dir='ltr' id='par_1_38' title="bbox 666 2464 1410 2540">
     <span class='ocr_line' id='line_1_38' title="bbox 666 2464 1410 2540; baseline 0.001 -18"><span class='ocrx_word' id='word_1_250' title='bbox 666 2464 918 2539; x_wconf 83' lang='lat' dir='ltr'><strong>Orphano</strong></span> <span class='ocrx_word' id='word_1_251' title='bbox 947 2473 1006 2522; x_wconf 85' lang='lat' dir='ltr'><strong>tu</strong></span> <span class='ocrx_word' id='word_1_252' title='bbox 1034 2468 1143 2523; x_wconf 84' lang='lat' dir='ltr'><strong>eris</strong></span> <span class='ocrx_word' id='word_1_253' title='bbox 1173 2466 1410 2540; x_wconf 85' lang='lat' dir='ltr'><strong>adjutor.</strong></span> 
     </span>
    </p>
   </div>
   <div class='ocr_carea' id='block_1_39' title="bbox 591 2563 2182 2638">
    <p class='ocr_par' dir='ltr' id='par_1_39' title="bbox 591 2563 2182 2638">
     <span class='ocr_line' id='line_1_39' title="bbox 591 2563 2182 2638; baseline -0.001 -18"><span class='ocrx_word' id='word_1_254' title='bbox 591 2563 633 2619; x_wconf 90' lang='lat' dir='ltr'>C</span> <span class='ocrx_word' id='word_1_255' title='bbox 661 2563 806 2620; x_wconf 90' lang='lat' dir='ltr'><strong>Cum</strong></span> <span class='ocrx_word' id='word_1_256' title='bbox 837 2563 998 2632; x_wconf 90' lang='lat' dir='ltr'><strong>dicit,</strong></span> <span class='ocrx_word' id='word_1_257' title='bbox 1030 2564 1138 2621; x_wconf 92' lang='lat' dir='ltr'><strong>tibi</strong></span> <span class='ocrx_word' id='word_1_258' title='bbox 1172 2564 1486 2624; x_wconf 87' lang='lat' dir='ltr'><strong>derelictus</strong></span> <span class='ocrx_word' id='word_1_259' title='bbox 1532 2569 1622 2621; x_wconf 91' lang='lat' dir='ltr'><strong>est</strong></span> <span class='ocrx_word' id='word_1_260' title='bbox 1651 2581 1893 2638; x_wconf 88' lang='lat' dir='ltr'><strong>pauper,</strong></span> <span class='ocrx_word' id='word_1_261' title='bbox 1926 2564 2182 2622; x_wconf 89' lang='lat' dir='ltr'><strong>ostendit</strong></span> 
     </span>
    </p>
   </div>
   <div class='ocr_carea' id='block_1_40' title="bbox 521 2652 2180 2727">
    <p class='ocr_par' dir='ltr' id='par_1_40' title="bbox 521 2652 2180 2727">
     <span class='ocr_line' id='line_1_40' title="bbox 521 2652 2180 2727; baseline -0.001 -17"><span class='ocrx_word' id='word_1_262' title='bbox 521 2653 804 2726; x_wconf 89' lang='lat' dir='ltr'><strong>quoniam</strong></span> <span class='ocrx_word' id='word_1_263' title='bbox 834 2653 934 2727; x_wconf 90' lang='lat' dir='ltr'><strong>qui</strong></span> <span class='ocrx_word' id='word_1_264' title='bbox 964 2653 1211 2710; x_wconf 89' lang='lat' dir='ltr'><strong>Domino</strong></span> <span class='ocrx_word' id='word_1_265' title='bbox 1243 2652 1691 2726; x_wconf 88' lang='lat' dir='ltr'><strong>derelinquitur,</strong></span> <span class='ocrx_word' id='word_1_266' title='bbox 1725 2653 1887 2710; x_wconf 90' lang='lat' dir='ltr'><strong>nulla</strong></span> <span class='ocrx_word' id='word_1_267' title='bbox 1925 2652 2180 2709; x_wconf 85' lang='lat' dir='ltr'><strong>utilitate</strong></span> 
     </span>
    </p>
   </div>
   <div class='ocr_carea' id='block_1_41' title="bbox 525 2742 2178 2816">
    <p class='ocr_par' dir='ltr' id='par_1_41' title="bbox 525 2742 2178 2816">
     <span class='ocr_line' id='line_1_41' title="bbox 525 2742 2178 2816; baseline 0.001 -19"><span class='ocrx_word' id='word_1_268' title='bbox 525 2742 854 2810; x_wconf 76' lang='lat' dir='ltr'><strong>fraudetur,</strong></span> <span class='ocrx_word' id='word_1_269' title='bbox 887 2742 996 2799; x_wconf 88' lang='lat' dir='ltr'><strong>hoc</strong></span> <span class='ocrx_word' id='word_1_270' title='bbox 1024 2747 1115 2800; x_wconf 91' lang='lat' dir='ltr'><strong>est</strong></span> <span class='ocrx_word' id='word_1_271' title='bbox 1143 2743 1301 2799; x_wconf 90' lang='lat' dir='ltr'><strong>enim</strong></span> <span class='ocrx_word' id='word_1_272' title='bbox 1333 2743 1428 2816; x_wconf 89' lang='lat' dir='ltr'><strong>pio</strong></span> <span class='ocrx_word' id='word_1_273' title='bbox 1459 2742 1709 2816; x_wconf 90' lang='lat' dir='ltr'><strong>principi</strong></span> <span class='ocrx_word' id='word_1_274' title='bbox 1749 2743 1990 2810; x_wconf 90' lang='lat' dir='ltr'><strong>dimitti,</strong></span> <span class='ocrx_word' id='word_1_275' title='bbox 2023 2743 2178 2816; x_wconf 90' lang='lat' dir='ltr'><strong>quod</strong></span> 
     </span>
    </p>
   </div>
   <div class='ocr_carea' id='block_1_42' title="bbox 524 2830 2180 2905">
    <p class='ocr_par' dir='ltr' id='par_1_42' title="bbox 524 2830 2180 2905">
     <span class='ocr_line' id='line_1_42' title="bbox 524 2830 2180 2905; baseline -0.001 -17"><span class='ocrx_word' id='word_1_276' title='bbox 524 2830 696 2888; x_wconf 91' lang='lat' dir='ltr'><strong>bonis</strong></span> <span class='ocrx_word' id='word_1_277' title='bbox 724 2831 1000 2888; x_wconf 90' lang='lat' dir='ltr'><strong>omnibus</strong></span> <span class='ocrx_word' id='word_1_278' title='bbox 1029 2832 1205 2888; x_wconf 87' lang='lat' dir='ltr'><strong>tradi.</strong></span> <span class='ocrx_word' id='word_1_279' title='bbox 1240 2831 1467 2905; x_wconf 89' lang='lat' dir='ltr'><strong>Pauper</strong></span> <span class='ocrx_word' id='word_1_280' title='bbox 1491 2831 1648 2887; x_wconf 90' lang='lat' dir='ltr'><strong>enim</strong></span> <span class='ocrx_word' id='word_1_281' title='bbox 1695 2831 1887 2888; x_wconf 85' lang='lat' dir='ltr'><strong>dictus</strong></span> <span class='ocrx_word' id='word_1_282' title='bbox 1935 2849 1970 2888; x_wconf 92' lang='lat' dir='ltr'><strong>a</strong></span> <span class='ocrx_word' id='word_1_283' title='bbox 2009 2833 2180 2904; x_wconf 85' lang='lat' dir='ltr'><strong>paulo</strong></span> 
     </span>
    </p>
   </div>
   <div class='ocr_carea' id='block_1_43' title="bbox 528 2919 2182 2996">
    <p class='ocr_par' dir='ltr' id='par_1_43' title="bbox 528 2919 2182 2996">
     <span class='ocr_line' id='line_1_43' title="bbox 528 2919 2182 2996; baseline 0.002 -21"><span class='ocrx_word' id='word_1_284' title='bbox 528 2919 977 2994; x_wconf 88' lang='lat' dir='ltr'><strong>lare.Pupillum</strong></span> <span class='ocrx_word' id='word_1_285' title='bbox 1005 2937 1140 2978; x_wconf 92' lang='lat' dir='ltr'><strong>vero</strong></span> <span class='ocrx_word' id='word_1_286' title='bbox 1169 2920 1313 2977; x_wconf 91' lang='lat' dir='ltr'><strong>dicit</strong></span> <span class='ocrx_word' id='word_1_287' title='bbox 1341 2937 1457 2977; x_wconf 93' lang='lat' dir='ltr'><strong>non</strong></span> <span class='ocrx_word' id='word_1_288' title='bbox 1490 2921 1661 2993; x_wconf 85' lang='lat' dir='ltr'><strong>cujus</strong></span> <span class='ocrx_word' id='word_1_289' title='bbox 1679 2922 1910 2996; x_wconf 81' lang='lat' dir='ltr'><strong>genitor</strong></span> <span class='ocrx_word' id='word_1_290' title='bbox 1929 2921 2182 2979; x_wconf 84' lang='lat' dir='ltr'><strong>carnalis</strong></span> 
     </span>
    </p>
   </div>
   <div class='ocr_carea' id='block_1_44' title="bbox 529 3008 2182 3083">
    <p class='ocr_par' dir='ltr' id='par_1_44' title="bbox 529 3008 2182 3083">
     <span class='ocr_line' id='line_1_44' title="bbox 529 3008 2182 3083; baseline 0.001 -17"><span class='ocrx_word' id='word_1_291' title='bbox 529 3008 932 3077; x_wconf 89' lang='lat' dir='ltr'><strong>occubuit,sed</strong></span> <span class='ocrx_word' id='word_1_292' title='bbox 964 3010 1058 3066; x_wconf 93' lang='lat' dir='ltr'><strong>cui</strong></span> <span class='ocrx_word' id='word_1_293' title='bbox 1089 3014 1256 3082; x_wconf 88' lang='lat' dir='ltr'><strong>pater</strong></span> <span class='ocrx_word' id='word_1_294' title='bbox 1279 3009 1545 3083; x_wconf 89' lang='lat' dir='ltr'><strong>sepultus</strong></span> <span class='ocrx_word' id='word_1_295' title='bbox 1575 3014 1683 3078; x_wconf 88' lang='lat' dir='ltr'><strong>est,</strong></span> <span class='ocrx_word' id='word_1_296' title='bbox 1715 3010 1774 3066; x_wconf 91' lang='lat' dir='ltr'><strong>id</strong></span> <span class='ocrx_word' id='word_1_297' title='bbox 1805 3016 1894 3067; x_wconf 91' lang='lat' dir='ltr'><strong>est</strong></span> <span class='ocrx_word' id='word_1_298' title='bbox 1923 3011 2182 3069; x_wconf 89' lang='lat' dir='ltr'><strong>mundus</strong></span> 
     </span>
    </p>
   </div>
   <div class='ocr_carea' id='block_1_45' title="bbox 531 3099 2184 3172">
    <p class='ocr_par' dir='ltr' id='par_1_45' title="bbox 531 3099 2184 3172">
     <span class='ocr_line' id='line_1_45' title="bbox 531 3099 2184 3172; baseline 0.002 -18"><span class='ocrx_word' id='word_1_299' title='bbox 531 3115 708 3172; x_wconf 89' lang='lat' dir='ltr'><strong>quem</strong></span> <span class='ocrx_word' id='word_1_300' title='bbox 740 3116 858 3156; x_wconf 91' lang='lat' dir='ltr'><strong>non</strong></span> <span class='ocrx_word' id='word_1_301' title='bbox 889 3099 1220 3156; x_wconf 91' lang='lat' dir='ltr'><strong>amavit.Tu</strong></span> <span class='ocrx_word' id='word_1_302' title='bbox 1243 3100 1360 3156; x_wconf 90' lang='lat' dir='ltr'><strong>eris</strong></span> <span class='ocrx_word' id='word_1_303' title='bbox 1389 3099 1624 3170; x_wconf 77' lang='lat' dir='ltr'><strong>adiutor</strong></span> <span class='ocrx_word' id='word_1_304' title='bbox 1653 3099 1884 3168; x_wconf 90' lang='lat' dir='ltr'><strong>dicit,ut</strong></span> <span class='ocrx_word' id='word_1_305' title='bbox 1904 3117 2039 3157; x_wconf 90' lang='lat' dir='ltr'><strong>cum</strong></span> <span class='ocrx_word' id='word_1_306' title='bbox 2062 3117 2184 3158; x_wconf 90' lang='lat' dir='ltr'><strong>car-</strong></span> 
     </span>
    </p>
   </div>
   <div class='ocr_carea' id='block_1_46' title="bbox 531 3188 2180 3263">
    <p class='ocr_par' dir='ltr' id='par_1_46' title="bbox 531 3188 2180 3263">
     <span class='ocr_line' id='line_1_46' title="bbox 531 3188 2180 3263; baseline 0.002 -19"><span class='ocrx_word' id='word_1_307' title='bbox 531 3188 742 3245; x_wconf 88' lang='lat' dir='ltr'><strong>naliter</strong></span> <span class='ocrx_word' id='word_1_308' title='bbox 756 3189 939 3263; x_wconf 82' lang='lat' dir='ltr'><strong>attligi</strong></span> <span class='ocrx_word' id='word_1_309' title='bbox 955 3189 1276 3256; x_wconf 88' lang='lat' dir='ltr'><strong>videas,eos</strong></span> <span class='ocrx_word' id='word_1_310' title='bbox 1295 3205 1410 3245; x_wconf 91' lang='lat' dir='ltr'><strong>non</strong></span> <span class='ocrx_word' id='word_1_311' title='bbox 1427 3189 1662 3246; x_wconf 91' lang='lat' dir='ltr'><strong>dubites</strong></span> <span class='ocrx_word' id='word_1_312' title='bbox 1674 3205 1804 3246; x_wconf 91' lang='lat' dir='ltr'><strong>esse</strong></span> <span class='ocrx_word' id='word_1_313' title='bbox 1823 3189 2180 3259; x_wconf 90' lang='lat' dir='ltr'><strong>liberandos,</strong></span> 
     </span>
    </p>
   </div>
   <div class='ocr_carea' id='block_1_47' title="bbox 527 3295 1922 3368">
    <p class='ocr_par' dir='ltr' id='par_1_47' title="bbox 527 3295 1922 3368">
     <span class='ocr_line' id='line_1_47' title="bbox 527 3295 1922 3368; baseline 0.004 -20"><span class='ocrx_word' id='word_1_314' title='bbox 527 3295 600 3348; x_wconf 89' lang='lat'>39</span> <span class='ocrx_word' id='word_1_315' title='bbox 674 3295 897 3352; x_wconf 83' lang='lat' dir='ltr'><strong>Contere</strong></span> <span class='ocrx_word' id='word_1_316' title='bbox 927 3295 1212 3351; x_wconf 83' lang='lat' dir='ltr'><strong>brachium</strong></span> <span class='ocrx_word' id='word_1_317' title='bbox 1232 3298 1532 3368; x_wconf 76' lang='lat' dir='ltr'><strong>peccatoris</strong></span> <span class='ocrx_word' id='word_1_318' title='bbox 1559 3305 1610 3352; x_wconf 86' lang='lat' dir='ltr'><strong>et</strong></span> <span class='ocrx_word' id='word_1_319' title='bbox 1638 3298 1874 3368; x_wconf 83' lang='lat' dir='ltr'><strong>maligni</strong></span> <span class='ocrx_word' id='word_1_320' title='bbox 1902 3317 1922 3353; x_wconf 91' lang='lat'><strong><em>:</em></strong></span> 
     </span>
    </p>
   </div>
   <div class='ocr_carea' id='block_1_48' title="bbox 669 3386 2031 3456">
    <p class='ocr_par' dir='ltr' id='par_1_48' title="bbox 669 3386 2031 3456">
     <span class='ocr_line' id='line_1_48' title="bbox 669 3386 2031 3456; baseline 0.001 -16"><span class='ocrx_word' id='word_1_321' title='bbox 669 3387 966 3456; x_wconf 72' lang='lat' dir='ltr'><strong>Quaeremr</strong></span> <span class='ocrx_word' id='word_1_322' title='bbox 988 3393 1270 3456; x_wconf 86' lang='lat' dir='ltr'><strong>peccatum</strong></span> <span class='ocrx_word' id='word_1_323' title='bbox 1292 3386 1450 3440; x_wconf 86' lang='lat' dir='ltr'><strong>illius</strong></span> <span class='ocrx_word' id='word_1_324' title='bbox 1479 3389 1532 3441; x_wconf 89' lang='lat' dir='ltr'><strong>et</strong></span> <span class='ocrx_word' id='word_1_325' title='bbox 1561 3402 1670 3441; x_wconf 84' lang='lat' dir='ltr'><strong>non</strong></span> <span class='ocrx_word' id='word_1_326' title='bbox 1703 3388 2031 3444; x_wconf 82' lang='lat' dir='ltr'><strong>invenietur.</strong></span> 
     </span>
    </p>
   </div>
   <div class='ocr_carea' id='block_1_49' title="bbox 595 3489 2177 3568">
    <p class='ocr_par' dir='ltr' id='par_1_49' title="bbox 595 3489 2177 3568">
     <span class='ocr_line' id='line_1_49' title="bbox 595 3489 2177 3568; baseline 0.004 -24"><span class='ocrx_word' id='word_1_327' title='bbox 595 3489 636 3544; x_wconf 87' lang='lat' dir='ltr'>C</span> <span class='ocrx_word' id='word_1_328' title='bbox 667 3489 838 3547; x_wconf 87' lang='lat' dir='ltr'><strong>Redit</strong></span> <span class='ocrx_word' id='word_1_329' title='bbox 857 3489 1120 3562; x_wconf 89' lang='lat' dir='ltr'><strong>nequitia</strong></span> <span class='ocrx_word' id='word_1_330' title='bbox 1137 3489 1482 3546; x_wconf 81' lang='lat' dir='ltr'><strong>Antichristi</strong></span> <span class='ocrx_word' id='word_1_331' title='bbox 1499 3495 1633 3546; x_wconf 88' lang='lat' dir='ltr'><strong>ante</strong></span> <span class='ocrx_word' id='word_1_332' title='bbox 1649 3491 1848 3549; x_wconf 90' lang='lat' dir='ltr'><strong>oculos</strong></span> <span class='ocrx_word' id='word_1_333' title='bbox 1880 3493 2177 3568; x_wconf 69' lang='lat' dir='ltr'><strong>Prophetas</strong></span> 
     </span>
    </p>
   </div>
   <div class='ocr_carea' id='block_1_50' title="bbox 519 3577 2175 3651">
    <p class='ocr_par' dir='ltr' id='par_1_50' title="bbox 519 3577 2175 3651">
     <span class='ocr_line' id='line_1_50' title="bbox 519 3577 2175 3651; baseline 0.005 -19"><span class='ocrx_word' id='word_1_334' title='bbox 519 3580 576 3632; x_wconf 90' lang='lat' dir='ltr'><strong>et</strong></span> <span class='ocrx_word' id='word_1_335' title='bbox 605 3581 773 3647; x_wconf 73' lang='lat' dir='ltr'><strong>rogat</strong></span> <span class='ocrx_word' id='word_1_336' title='bbox 805 3595 820 3634; x_wconf 88' lang='lat'><strong>:</strong></span> <span class='ocrx_word' id='word_1_337' title='bbox 847 3577 1090 3635; x_wconf 86' lang='lat' dir='ltr'><strong>Contere</strong></span> <span class='ocrx_word' id='word_1_338' title='bbox 1119 3579 1426 3635; x_wconf 88' lang='lat' dir='ltr'><strong>brachium</strong></span> <span class='ocrx_word' id='word_1_339' title='bbox 1457 3581 1668 3651; x_wconf 87' lang='lat' dir='ltr'><strong>ejus,id</strong></span> <span class='ocrx_word' id='word_1_340' title='bbox 1701 3587 1790 3637; x_wconf 89' lang='lat' dir='ltr'><strong>est</strong></span> <span class='ocrx_word' id='word_1_341' title='bbox 1817 3583 1888 3638; x_wconf 90' lang='lat' dir='ltr'><strong>ad</strong></span> <span class='ocrx_word' id='word_1_342' title='bbox 1922 3583 2175 3641; x_wconf 90' lang='lat' dir='ltr'><strong>nihilum</strong></span> 
     </span>
    </p>
   </div>
   <div class='ocr_carea' id='block_1_51' title="bbox 518 3666 2172 3744">
    <p class='ocr_par' dir='ltr' id='par_1_51' title="bbox 518 3666 2172 3744">
     <span class='ocr_line' id='line_1_51' title="bbox 518 3666 2172 3744; baseline 0.006 -24"><span class='ocrx_word' id='word_1_343' title='bbox 518 3666 717 3738; x_wconf 85' lang='lat' dir='ltr'><strong>redige</strong></span> <span class='ocrx_word' id='word_1_344' title='bbox 764 3666 1108 3740; x_wconf 89' lang='lat' dir='ltr'><strong>potentiam,</strong></span> <span class='ocrx_word' id='word_1_345' title='bbox 1140 3684 1258 3740; x_wconf 88' lang='lat' dir='ltr'><strong>qua</strong></span> <span class='ocrx_word' id='word_1_346' title='bbox 1289 3667 1440 3724; x_wconf 89' lang='lat' dir='ltr'><strong>male</strong></span> <span class='ocrx_word' id='word_1_347' title='bbox 1470 3669 1790 3726; x_wconf 89' lang='lat' dir='ltr'><strong>utebantur</strong></span> <span class='ocrx_word' id='word_1_348' title='bbox 1820 3676 2172 3744; x_wconf 87' lang='lat' dir='ltr'><strong>peccatores,</strong></span> 
     </span>
    </p>
   </div>
   <div class='ocr_carea' id='block_1_52' title="bbox 518 3755 2175 3834">
    <p class='ocr_par' dir='ltr' id='par_1_52' title="bbox 518 3755 2175 3834">
     <span class='ocr_line' id='line_1_52' title="bbox 518 3755 2175 3834; baseline 0.006 -25"><span class='ocrx_word' id='word_1_349' title='bbox 518 3755 658 3827; x_wconf 86' lang='lat' dir='ltr'><strong>quia</strong></span> <span class='ocrx_word' id='word_1_350' title='bbox 685 3755 996 3829; x_wconf 88' lang='lat' dir='ltr'><strong>insigniter</strong></span> <span class='ocrx_word' id='word_1_351' title='bbox 1026 3756 1208 3829; x_wconf 90' lang='lat' dir='ltr'><strong>impia</strong></span> <span class='ocrx_word' id='word_1_352' title='bbox 1239 3757 1547 3814; x_wconf 81' lang='lat' dir='ltr'><strong>faciebant.</strong></span> <span class='ocrx_word' id='word_1_353' title='bbox 1575 3759 1868 3832; x_wconf 88' lang='lat' dir='ltr'><strong>Malignus</strong></span> <span class='ocrx_word' id='word_1_354' title='bbox 1897 3761 2034 3834; x_wconf 88' lang='lat' dir='ltr'><strong>quia</strong></span> <span class='ocrx_word' id='word_1_355' title='bbox 2064 3763 2175 3820; x_wconf 88' lang='lat' dir='ltr'><strong>ini-</strong></span> 
     </span>
    </p>
   </div>
   <div class='ocr_carea' id='block_1_53' title="bbox 518 3846 2177 3926">
    <p class='ocr_par' dir='ltr' id='par_1_53' title="bbox 518 3846 2177 3926">
     <span class='ocr_line' id='line_1_53' title="bbox 518 3846 2177 3926; baseline 0.006 -26"><span class='ocrx_word' id='word_1_356' title='bbox 518 3860 674 3916; x_wconf 86' lang='lat' dir='ltr'><strong>quus</strong></span> <span class='ocrx_word' id='word_1_357' title='bbox 707 3862 918 3903; x_wconf 86' lang='lat' dir='ltr'><strong>suasor</strong></span> <span class='ocrx_word' id='word_1_358' title='bbox 941 3846 1146 3913; x_wconf 88' lang='lat' dir='ltr'><strong>erit,ut</strong></span> <span class='ocrx_word' id='word_1_359' title='bbox 1173 3863 1323 3920; x_wconf 88' lang='lat' dir='ltr'><strong>quos</strong></span> <span class='ocrx_word' id='word_1_360' title='bbox 1352 3853 1570 3905; x_wconf 88' lang='lat' dir='ltr'><strong>terrore</strong></span> <span class='ocrx_word' id='word_1_361' title='bbox 1602 3865 1718 3905; x_wconf 91' lang='lat' dir='ltr'><strong>non</strong></span> <span class='ocrx_word' id='word_1_362' title='bbox 1741 3853 1933 3923; x_wconf 85' lang='lat' dir='ltr'><strong>potest</strong></span> <span class='ocrx_word' id='word_1_363' title='bbox 1954 3867 2177 3926; x_wconf 89' lang='lat' dir='ltr'><strong>perver-</strong></span> 
     </span>
    </p>
   </div>
   <div class='ocr_carea' id='block_1_54' title="bbox 514 3933 2164 4009">
    <p class='ocr_par' dir='ltr' id='par_1_54' title="bbox 514 3933 2164 4009">
     <span class='ocr_line' id='line_1_54' title="bbox 514 3933 2164 4009; baseline 0.007 -21"><span class='ocrx_word' id='word_1_364' title='bbox 514 3937 657 4000; x_wconf 89' lang='lat' dir='ltr'><strong>tere,</strong></span> <span class='ocrx_word' id='word_1_365' title='bbox 686 3933 897 3991; x_wconf 88' lang='lat' dir='ltr'><strong>saltem</strong></span> <span class='ocrx_word' id='word_1_366' title='bbox 927 3952 1032 4008; x_wconf 89' lang='lat' dir='ltr'><strong>per</strong></span> <span class='ocrx_word' id='word_1_367' title='bbox 1061 3936 1235 3993; x_wconf 85' lang='lat' dir='ltr'><strong>noxia</strong></span> <span class='ocrx_word' id='word_1_368' title='bbox 1287 3937 1525 4009; x_wconf 78' lang='lat' dir='ltr'><strong>praemia</strong></span> <span class='ocrx_word' id='word_1_369' title='bbox 1573 3944 1816 3996; x_wconf 88' lang='lat' dir='ltr'><strong>conetur</strong></span> <span class='ocrx_word' id='word_1_370' title='bbox 1847 3940 2164 4000; x_wconf 88' lang='lat' dir='ltr'><strong>declinare.</strong></span> 
     </span>
    </p>
   </div>
   <div class='ocr_carea' id='block_1_55' title="bbox 517 4020 2178 4097">
    <p class='ocr_par' dir='ltr' id='par_1_55' title="bbox 517 4020 2178 4097">
     <span class='ocr_line' id='line_1_55' title="bbox 517 4020 2178 4097; baseline 0.007 -20"><span class='ocrx_word' id='word_1_371' title='bbox 517 4020 565 4077; x_wconf 93' lang='lat' dir='ltr'><strong>H</strong></span> <span class='ocrx_word' id='word_1_372' title='bbox 595 4023 890 4089; x_wconf 66' lang='lat' dir='ltr'><strong>Quaeritur</strong></span> <span class='ocrx_word' id='word_1_373' title='bbox 917 4029 1220 4096; x_wconf 90' lang='lat' dir='ltr'><strong>peccatum</strong></span> <span class='ocrx_word' id='word_1_374' title='bbox 1251 4024 1412 4083; x_wconf 90' lang='lat' dir='ltr'><strong>illius</strong></span> <span class='ocrx_word' id='word_1_375' title='bbox 1441 4042 1546 4084; x_wconf 89' lang='lat' dir='ltr'><strong>nec</strong></span> <span class='ocrx_word' id='word_1_376' title='bbox 1575 4027 1924 4097; x_wconf 91' lang='lat' dir='ltr'><strong>invenietur,</strong></span> <span class='ocrx_word' id='word_1_377' title='bbox 1950 4030 2059 4086; x_wconf 91' lang='lat' dir='ltr'><strong>hoc</strong></span> <span class='ocrx_word' id='word_1_378' title='bbox 2089 4035 2178 4088; x_wconf 90' lang='lat' dir='ltr'><strong>est</strong></span> 
     </span>
    </p>
   </div>
   <div class='ocr_carea' id='block_1_56' title="bbox 517 4112 2175 4192">
    <p class='ocr_par' dir='ltr' id='par_1_56' title="bbox 517 4112 2175 4192">
     <span class='ocr_line' id='line_1_56' title="bbox 517 4112 2175 4192; baseline 0.006 -25"><span class='ocrx_word' id='word_1_379' title='bbox 517 4112 588 4168; x_wconf 79' lang='lat' dir='ltr'><strong>ad</strong></span> <span class='ocrx_word' id='word_1_380' title='bbox 623 4112 1093 4170; x_wconf 86' lang='lat' dir='ltr'><strong>emendationem</strong></span> <span class='ocrx_word' id='word_1_381' title='bbox 1125 4132 1238 4171; x_wconf 89' lang='lat' dir='ltr'><strong>non</strong></span> <span class='ocrx_word' id='word_1_382' title='bbox 1271 4119 1362 4171; x_wconf 89' lang='lat' dir='ltr'><strong>est</strong></span> <span class='ocrx_word' id='word_1_383' title='bbox 1391 4115 1606 4189; x_wconf 89' lang='lat' dir='ltr'><strong>dignus</strong></span> <span class='ocrx_word' id='word_1_384' title='bbox 1626 4117 1892 4174; x_wconf 88' lang='lat' dir='ltr'><strong>venire.C</strong></span> <span class='ocrx_word' id='word_1_385' title='bbox 1913 4120 2175 4192; x_wconf 75' lang='lat' dir='ltr'><strong>Addidit,</strong></span> 
     </span>
    </p>
   </div>
   <div class='ocr_carea' id='block_1_57' title="bbox 519 4200 2175 4278">
    <p class='ocr_par' dir='ltr' id='par_1_57' title="bbox 519 4200 2175 4278">
     <span class='ocr_line' id='line_1_57' title="bbox 519 4200 2175 4278; baseline 0.007 -22"><span class='ocrx_word' id='word_1_386' title='bbox 519 4216 626 4257; x_wconf 91' lang='lat' dir='ltr'><strong>nec</strong></span> <span class='ocrx_word' id='word_1_387' title='bbox 655 4200 1002 4268; x_wconf 87' lang='lat' dir='ltr'><strong>invenietur,</strong></span> <span class='ocrx_word' id='word_1_388' title='bbox 1036 4202 1175 4275; x_wconf 86' lang='lat' dir='ltr'><strong>quia</strong></span> <span class='ocrx_word' id='word_1_389' title='bbox 1203 4203 1452 4260; x_wconf 91' lang='lat' dir='ltr'><strong>dubium</strong></span> <span class='ocrx_word' id='word_1_390' title='bbox 1484 4221 1598 4260; x_wconf 91' lang='lat' dir='ltr'><strong>non</strong></span> <span class='ocrx_word' id='word_1_391' title='bbox 1628 4210 1718 4262; x_wconf 90' lang='lat' dir='ltr'><strong>est</strong></span> <span class='ocrx_word' id='word_1_392' title='bbox 1760 4206 1948 4278; x_wconf 88' lang='lat' dir='ltr'><strong>perire</strong></span> <span class='ocrx_word' id='word_1_393' title='bbox 1995 4209 2175 4267; x_wconf 82' lang='lat' dir='ltr'><strong>scele-</strong></span> 
     </span>
    </p>
   </div>
   <div class='ocr_carea' id='block_1_58' title="bbox 521 4292 2178 4364">
    <p class='ocr_par' dir='ltr' id='par_1_58' title="bbox 521 4292 2178 4364">
     <span class='ocr_line' id='line_1_58' title="bbox 521 4292 2178 4364; baseline 0.005 -18"><span class='ocrx_word' id='word_1_394' title='bbox 521 4292 673 4346; x_wconf 86' lang='lat' dir='ltr'><strong>stam</strong></span> <span class='ocrx_word' id='word_1_395' title='bbox 706 4295 1020 4363; x_wconf 89' lang='lat' dir='ltr'><strong>potestam,</strong></span> <span class='ocrx_word' id='word_1_396' title='bbox 1052 4292 1224 4364; x_wconf 87' lang='lat' dir='ltr'><strong>cujus</strong></span> <span class='ocrx_word' id='word_1_397' title='bbox 1262 4298 1466 4349; x_wconf 90' lang='lat' dir='ltr'><strong>auctor</strong></span> <span class='ocrx_word' id='word_1_398' title='bbox 1493 4298 1582 4350; x_wconf 91' lang='lat' dir='ltr'><strong>est</strong></span> <span class='ocrx_word' id='word_1_399' title='bbox 1610 4294 2004 4352; x_wconf 86' lang='lat' dir='ltr'><strong>damnandus.</strong></span> <span class='ocrx_word' id='word_1_400' title='bbox 2036 4299 2083 4354; x_wconf 83' lang='lat' dir='ltr'><strong>A</strong></span> <span class='ocrx_word' id='word_1_401' title='bbox 2109 4299 2178 4356; x_wconf 92' lang='lat' dir='ltr'><strong>Ut</strong></span> 
     </span>
    </p>
   </div>
   <div class='ocr_carea' id='block_1_59' title="bbox 519 4377 2176 4456">
    <p class='ocr_par' dir='ltr' id='par_1_59' title="bbox 519 4377 2176 4456">
     <span class='ocr_line' id='line_1_59' title="bbox 519 4377 2176 4456; baseline 0.006 -23"><span class='ocrx_word' id='word_1_402' title='bbox 519 4377 605 4434; x_wconf 92' lang='lat' dir='ltr'><strong>sic</strong></span> <span class='ocrx_word' id='word_1_403' title='bbox 637 4380 970 4436; x_wconf 87' lang='lat' dir='ltr'><strong>inveniatur</strong></span> <span class='ocrx_word' id='word_1_404' title='bbox 997 4386 1302 4453; x_wconf 90' lang='lat' dir='ltr'><strong>peccatum</strong></span> <span class='ocrx_word' id='word_1_405' title='bbox 1333 4387 1391 4439; x_wconf 88' lang='lat' dir='ltr'><strong>et</strong></span> <span class='ocrx_word' id='word_1_406' title='bbox 1422 4387 1688 4456; x_wconf 88' lang='lat' dir='ltr'><strong>peccator</strong></span> <span class='ocrx_word' id='word_1_407' title='bbox 1735 4385 1805 4440; x_wconf 89' lang='lat' dir='ltr'><strong>ad</strong></span> <span class='ocrx_word' id='word_1_408' title='bbox 1847 4385 2176 4444; x_wconf 87' lang='lat' dir='ltr'><strong>damnatio-</strong></span> 
     </span>
    </p>
   </div>
   <div class='ocr_carea' id='block_1_60' title="bbox 519 4469 2022 4539">
    <p class='ocr_par' dir='ltr' id='par_1_60' title="bbox 519 4469 2022 4539">
     <span class='ocr_line' id='line_1_60' title="bbox 519 4469 2022 4539; baseline 0.007 -18"><span class='ocrx_word' id='word_1_409' title='bbox 519 4483 675 4534; x_wconf 89' lang='lat' dir='ltr'><strong>nem,</strong></span> <span class='ocrx_word' id='word_1_410' title='bbox 709 4484 837 4539; x_wconf 70' lang='lat' dir='ltr'><strong>quaa</strong></span> <span class='ocrx_word' id='word_1_411' title='bbox 869 4483 986 4524; x_wconf 89' lang='lat' dir='ltr'><strong>non</strong></span> <span class='ocrx_word' id='word_1_412' title='bbox 1019 4469 1398 4527; x_wconf 90' lang='lat' dir='ltr'><strong>inveniuntur</strong></span> <span class='ocrx_word' id='word_1_413' title='bbox 1425 4473 1499 4528; x_wconf 90' lang='lat' dir='ltr'><strong>ad</strong></span> <span class='ocrx_word' id='word_1_414' title='bbox 1530 4473 2022 4532; x_wconf 84' lang='lat' dir='ltr'><strong>emendationem.</strong></span> 
     </span>
    </p>
   </div>
   <div class='ocr_carea' id='block_1_61' title="bbox 517 4555 2179 4632">
    <p class='ocr_par' dir='ltr' id='par_1_61' title="bbox 517 4555 2179 4632">
     <span class='ocr_line' id='line_1_61' title="bbox 517 4555 2179 4632; baseline 0.008 -23"><span class='ocrx_word' id='word_1_415' title='bbox 517 4555 590 4609; x_wconf 80' lang='grc'><strong>40</strong></span> <span class='ocrx_word' id='word_1_416' title='bbox 661 4556 924 4612; x_wconf 76' lang='lat' dir='ltr'><strong>Dominus</strong></span> <span class='ocrx_word' id='word_1_417' title='bbox 954 4558 1205 4629; x_wconf 79' lang='lat' dir='ltr'><strong>regnabit</strong></span> <span class='ocrx_word' id='word_1_418' title='bbox 1244 4561 1304 4614; x_wconf 86' lang='lat' dir='ltr'><strong>in</strong></span> <span class='ocrx_word' id='word_1_419' title='bbox 1346 4568 1620 4617; x_wconf 68' lang='lat' dir='ltr'><strong>aeternum</strong></span> <span class='ocrx_word' id='word_1_420' title='bbox 1645 4566 1696 4617; x_wconf 89' lang='lat' dir='ltr'><strong>et</strong></span> <span class='ocrx_word' id='word_1_421' title='bbox 1728 4564 1786 4618; x_wconf 86' lang='lat' dir='ltr'><strong>in</strong></span> <span class='ocrx_word' id='word_1_422' title='bbox 1813 4565 2076 4621; x_wconf 67' lang='lat' dir='ltr'><strong>saeculum</strong></span> <span class='ocrx_word' id='word_1_423' title='bbox 2123 4572 2179 4632; x_wconf 60' lang='grc' dir='ltr'><strong>αξ·</strong></span> 
     </span>
    </p>
   </div>
   <div class='ocr_carea' id='block_1_62' title="bbox 729 4646 980 4711">
    <p class='ocr_par' dir='ltr' id='par_1_62' title="bbox 729 4646 980 4711">
     <span class='ocr_line' id='line_1_62' title="bbox 729 4646 980 4711; baseline 0.012 -12"><span class='ocrx_word' id='word_1_424' title='bbox 729 4646 926 4702; x_wconf 65' lang='lat' dir='ltr'><strong>saeculi</strong></span> <span class='ocrx_word' id='word_1_425' title='bbox 965 4651 980 4711; x_wconf 76' lang='grc' dir='ltr'>ζ</span> 
     </span>
    </p>
   </div>
   <div class='ocr_carea' id='block_1_63' title="bbox 656 4736 1610 4807">
    <p class='ocr_par' dir='ltr' id='par_1_63' title="bbox 656 4736 1610 4807">
     <span class='ocr_line' id='line_1_63' title="bbox 656 4736 1610 4807; baseline 0.004 -17"><span class='ocrx_word' id='word_1_426' title='bbox 656 4736 925 4791; x_wconf 83' lang='lat' dir='ltr'><strong>Peribitis</strong></span> <span class='ocrx_word' id='word_1_427' title='bbox 954 4743 1134 4807; x_wconf 83' lang='lat' dir='ltr'><strong>gentes</strong></span> <span class='ocrx_word' id='word_1_428' title='bbox 1163 4737 1230 4794; x_wconf 87' lang='lat' dir='ltr'><strong>de</strong></span> <span class='ocrx_word' id='word_1_429' title='bbox 1259 4745 1405 4794; x_wconf 87' lang='lat' dir='ltr'><strong>terra</strong></span> <span class='ocrx_word' id='word_1_430' title='bbox 1435 4738 1610 4796; x_wconf 85' lang='lat' dir='ltr'><strong>illius.</strong></span> 
     </span>
    </p>
   </div>
   <div class='ocr_carea' id='block_1_64' title="bbox 583 4823 2174 4902">
    <p class='ocr_par' dir='ltr' id='par_1_64' title="bbox 583 4823 2174 4902">
     <span class='ocr_line' id='line_1_64' title="bbox 583 4823 2174 4902; baseline 0.006 -22"><span class='ocrx_word' id='word_1_431' title='bbox 583 4823 624 4880; x_wconf 84' lang='grc' dir='ltr'>Ο</span> <span class='ocrx_word' id='word_1_432' title='bbox 647 4823 958 4881; x_wconf 81' lang='lat' dir='ltr'><strong>Interfecto</strong></span> <span class='ocrx_word' id='word_1_433' title='bbox 989 4826 1371 4894; x_wconf 87' lang='lat' dir='ltr'><strong>Antichristo,</strong></span> <span class='ocrx_word' id='word_1_434' title='bbox 1405 4827 1558 4884; x_wconf 86' lang='lat' dir='ltr'><strong>redit</strong></span> <span class='ocrx_word' id='word_1_435' title='bbox 1586 4829 1875 4902; x_wconf 89' lang='lat' dir='ltr'><strong>Propheta</strong></span> <span class='ocrx_word' id='word_1_436' title='bbox 1907 4833 1980 4888; x_wconf 86' lang='lat' dir='ltr'><strong>ad</strong></span> <span class='ocrx_word' id='word_1_437' title='bbox 2013 4835 2174 4890; x_wconf 90' lang='lat' dir='ltr'><strong>ordi-</strong></span> 
     </span>
    </p>
   </div>
   <div class='ocr_carea' id='block_1_65' title="bbox 512 4913 2170 4984">
    <p class='ocr_par' dir='ltr' id='par_1_65' title="bbox 512 4913 2170 4984">
     <span class='ocr_line' id='line_1_65' title="bbox 512 4913 2170 4984; baseline 0.006 -16"><span class='ocrx_word' id='word_1_438' title='bbox 512 4928 647 4969; x_wconf 90' lang='lat' dir='ltr'><strong>nem</strong></span> <span class='ocrx_word' id='word_1_439' title='bbox 672 4913 1006 4970; x_wconf 82' lang='lat' dir='ltr'><strong>futurarum</strong></span> <span class='ocrx_word' id='word_1_440' title='bbox 1031 4915 1358 4984; x_wconf 89' lang='lat' dir='ltr'><strong>rerum,ubi</strong></span> <span class='ocrx_word' id='word_1_441' title='bbox 1384 4917 1500 4979; x_wconf 85' lang='lat' dir='ltr'><strong>iam</strong></span> <span class='ocrx_word' id='word_1_442' title='bbox 1523 4918 1808 4975; x_wconf 86' lang='lat' dir='ltr'><strong>securitas</strong></span> <span class='ocrx_word' id='word_1_443' title='bbox 1827 4926 2170 4978; x_wconf 88' lang='lat' dir='ltr'><strong>sanctorum</strong></span> 
     </span>
    </p>
   </div>
   <div class='ocr_carea' id='block_1_66' title="bbox 511 5003 2173 5084">
    <p class='ocr_par' dir='ltr' id='par_1_66' title="bbox 511 5003 2173 5084">
     <span class='ocr_line' id='line_1_66' title="bbox 511 5003 2173 5084; baseline 0.007 -27"><span class='ocrx_word' id='word_1_444' title='bbox 511 5005 568 5057; x_wconf 84' lang='lat' dir='ltr'><strong>et</strong></span> <span class='ocrx_word' id='word_1_445' title='bbox 599 5019 844 5076; x_wconf 87' lang='lat' dir='ltr'><strong>regnum</strong></span> <span class='ocrx_word' id='word_1_446' title='bbox 875 5008 1156 5060; x_wconf 65' lang='lat' dir='ltr'><strong>aeternum</strong></span> <span class='ocrx_word' id='word_1_447' title='bbox 1188 5003 1420 5061; x_wconf 83' lang='lat' dir='ltr'><strong>Christo</strong></span> <span class='ocrx_word' id='word_1_448' title='bbox 1469 5006 1584 5064; x_wconf 90' lang='lat' dir='ltr'><strong>Deo</strong></span> <span class='ocrx_word' id='word_1_449' title='bbox 1633 5012 1741 5064; x_wconf 91' lang='lat' dir='ltr'><strong>est.</strong></span> <span class='ocrx_word' id='word_1_450' title='bbox 1775 5009 2009 5076; x_wconf 86' lang='lat' dir='ltr'><strong>Gentes,</strong></span> <span class='ocrx_word' id='word_1_451' title='bbox 2045 5028 2173 5084; x_wconf 88' lang='lat' dir='ltr'><strong>pec-</strong></span> 
     </span>
    </p>
   </div>
   <div class='ocr_carea' id='block_1_67' title="bbox 514 5093 2173 5167">
    <p class='ocr_par' dir='ltr' id='par_1_67' title="bbox 514 5093 2173 5167">
     <span class='ocr_line' id='line_1_67' title="bbox 514 5093 2173 5167; baseline 0.005 -21"><span class='ocrx_word' id='word_1_452' title='bbox 514 5096 740 5148; x_wconf 88' lang='lat' dir='ltr'><strong>catores</strong></span> <span class='ocrx_word' id='word_1_453' title='bbox 765 5096 823 5148; x_wconf 91' lang='lat' dir='ltr'><strong>et</strong></span> <span class='ocrx_word' id='word_1_454' title='bbox 853 5093 1066 5165; x_wconf 87' lang='lat' dir='ltr'><strong>impios</strong></span> <span class='ocrx_word' id='word_1_455' title='bbox 1096 5093 1364 5167; x_wconf 88' lang='lat' dir='ltr'><strong>dieit,qui</strong></span> <span class='ocrx_word' id='word_1_456' title='bbox 1398 5094 1653 5152; x_wconf 86' lang='lat' dir='ltr'><strong>feraliter</strong></span> <span class='ocrx_word' id='word_1_457' title='bbox 1681 5096 1990 5154; x_wconf 88' lang='lat' dir='ltr'><strong>vivunt.De</strong></span> <span class='ocrx_word' id='word_1_458' title='bbox 2019 5103 2173 5156; x_wconf 86' lang='lat' dir='ltr'><strong>terra</strong></span> 
     </span>
    </p>
   </div>
   <div class='ocr_carea' id='block_1_68' title="bbox 511 5178 2168 5260">
    <p class='ocr_par' dir='ltr' id='par_1_68' title="bbox 511 5178 2168 5260">
     <span class='ocr_line' id='line_1_68' title="bbox 511 5178 2168 5260; baseline 0.005 -26"><span class='ocrx_word' id='word_1_459' title='bbox 511 5178 694 5246; x_wconf 88' lang='lat' dir='ltr'><strong>illius,</strong></span> <span class='ocrx_word' id='word_1_460' title='bbox 728 5198 975 5253; x_wconf 86' lang='lat' dir='ltr'><strong>regnum</strong></span> <span class='ocrx_word' id='word_1_461' title='bbox 1007 5183 1201 5255; x_wconf 88' lang='lat' dir='ltr'><strong>signat</strong></span> <span class='ocrx_word' id='word_1_462' title='bbox 1233 5183 1691 5258; x_wconf 88' lang='lat' dir='ltr'><strong>Salvatoris,quo</strong></span> <span class='ocrx_word' id='word_1_463' title='bbox 1724 5185 1830 5240; x_wconf 88' lang='lat' dir='ltr'><strong>soli</strong></span> <span class='ocrx_word' id='word_1_464' title='bbox 1863 5186 2014 5242; x_wconf 84' lang='lat' dir='ltr'><strong>beati</strong></span> <span class='ocrx_word' id='word_1_465' title='bbox 2040 5205 2168 5260; x_wconf 90' lang='lat' dir='ltr'><strong>per-</strong></span> 
     </span>
    </p>
   </div>
   <div class='ocr_carea' id='block_1_69' title="bbox 512 5269 818 5324">
    <p class='ocr_par' dir='ltr' id='par_1_69' title="bbox 512 5269 818 5324">
     <span class='ocr_line' id='line_1_69' title="bbox 512 5269 818 5324; baseline 0.007 -2"><span class='ocrx_word' id='word_1_466' title='bbox 512 5269 818 5324; x_wconf 86' lang='lat' dir='ltr'><strong>fruuntur.</strong></span> 
     </span>
    </p>
   </div>
   <div class='ocr_carea' id='block_1_70' title="bbox 510 5373 1928 5448">
    <p class='ocr_par' dir='ltr' id='par_1_70' title="bbox 510 5373 1928 5448">
     <span class='ocr_line' id='line_1_70' title="bbox 510 5373 1928 5448; baseline 0.006 -20"><span class='ocrx_word' id='word_1_467' title='bbox 510 5375 572 5429; x_wconf 75' lang='grc'>41</span> <span class='ocrx_word' id='word_1_468' title='bbox 654 5373 994 5431; x_wconf 86' lang='lat' dir='ltr'><strong>Desiderium</strong></span> <span class='ocrx_word' id='word_1_469' title='bbox 1019 5393 1326 5448; x_wconf 84' lang='lat' dir='ltr'><strong>pauperum</strong></span> <span class='ocrx_word' id='word_1_470' title='bbox 1354 5379 1582 5436; x_wconf 74' lang='lat' dir='ltr'><strong>exaudit</strong></span> <span class='ocrx_word' id='word_1_471' title='bbox 1614 5382 1880 5437; x_wconf 86' lang='lat' dir='ltr'><strong>Dominus</strong></span> <span class='ocrx_word' id='word_1_472' title='bbox 1908 5400 1928 5438; x_wconf 86' lang='lat'><strong><em>:</em></strong></span> 
     </span>
    </p>
   </div>
   <div class='ocr_carea' id='block_1_71' title="bbox 653 5463 2110 5535">
    <p class='ocr_par' dir='ltr' id='par_1_71' title="bbox 653 5463 2110 5535">
     <span class='ocr_line' id='line_1_71' title="bbox 653 5463 2110 5535; baseline 0.008 -18"><span class='ocrx_word' id='word_1_473' title='bbox 653 5463 1127 5535; x_wconf 69' lang='lat' dir='ltr'><strong>Praeparationem</strong></span> <span class='ocrx_word' id='word_1_474' title='bbox 1155 5467 1331 5523; x_wconf 79' lang='lat' dir='ltr'><strong>cordis</strong></span> <span class='ocrx_word' id='word_1_475' title='bbox 1359 5485 1546 5524; x_wconf 82' lang='lat' dir='ltr'><strong>eorum</strong></span> <span class='ocrx_word' id='word_1_476' title='bbox 1576 5468 1790 5525; x_wconf 84' lang='lat' dir='ltr'><strong>audivit</strong></span> <span class='ocrx_word' id='word_1_477' title='bbox 1817 5472 1970 5527; x_wconf 84' lang='lat' dir='ltr'><strong>auris</strong></span> <span class='ocrx_word' id='word_1_478' title='bbox 1997 5478 2110 5529; x_wconf 86' lang='lat' dir='ltr'><strong>tua.</strong></span> 
     </span>
    </p>
   </div>
   <div class='ocr_carea' id='block_1_72' title="bbox 581 5569 2162 5647">
    <p class='ocr_par' dir='ltr' id='par_1_72' title="bbox 581 5569 2162 5647">
     <span class='ocr_line' id='line_1_72' title="bbox 581 5569 2162 5647; baseline 0.006 -22"><span class='ocrx_word' id='word_1_479' title='bbox 581 5569 628 5626; x_wconf 85' lang='grc' dir='ltr'>Η</span> <span class='ocrx_word' id='word_1_480' title='bbox 659 5569 1025 5628; x_wconf 88' lang='lat' dir='ltr'><strong>Desiderium</strong></span> <span class='ocrx_word' id='word_1_481' title='bbox 1056 5574 1556 5647; x_wconf 87' lang='lat' dir='ltr'><strong>pauperum,dicit</strong></span> <span class='ocrx_word' id='word_1_482' title='bbox 1578 5569 1943 5633; x_wconf 80' lang='lat' dir='ltr'><strong>voluntatem</strong></span> <span class='ocrx_word' id='word_1_483' title='bbox 1967 5577 2162 5634; x_wconf 88' lang='lat' dir='ltr'><strong>Eccle-</strong></span> 
     </span>
    </p>
   </div>
   <div class='ocr_carea' id='block_1_73' title="bbox 504 5657 2157 5741">
    <p class='ocr_par' dir='ltr' id='par_1_73' title="bbox 504 5657 2157 5741">
     <span class='ocr_line' id='line_1_73' title="bbox 504 5657 2157 5741; baseline 0.005 -24"><span class='ocrx_word' id='word_1_484' title='bbox 504 5657 700 5730; x_wconf 74' lang='lat' dir='ltr'><strong>sisa,ut</strong></span> <span class='ocrx_word' id='word_1_485' title='bbox 729 5658 781 5718; x_wconf 92' lang='lat' dir='ltr'><strong>ei</strong></span> <span class='ocrx_word' id='word_1_486' title='bbox 810 5659 1090 5718; x_wconf 85' lang='lat' dir='ltr'><strong>tribueret</strong></span> <span class='ocrx_word' id='word_1_487' title='bbox 1137 5678 1316 5737; x_wconf 89' lang='lat' dir='ltr'><strong>regna</strong></span> <span class='ocrx_word' id='word_1_488' title='bbox 1364 5663 1666 5720; x_wconf 75' lang='lat' dir='ltr'><strong>caelorum.</strong></span> <span class='ocrx_word' id='word_1_489' title='bbox 1691 5668 1730 5720; x_wconf 81' lang='grc' dir='ltr'><strong>Ο</strong></span> <span class='ocrx_word' id='word_1_490' title='bbox 1759 5665 1826 5721; x_wconf 89' lang='lat' dir='ltr'><strong>Et</strong></span> <span class='ocrx_word' id='word_1_491' title='bbox 1868 5683 2157 5741; x_wconf 80' lang='lat' dir='ltr'><strong>praepara-</strong></span> 
     </span>
    </p>
   </div>
   <div class='ocr_carea' id='block_1_74' title="bbox 502 5749 2156 5832">
    <p class='ocr_par' dir='ltr' id='par_1_74' title="bbox 502 5749 2156 5832">
     <span class='ocr_line' id='line_1_74' title="bbox 502 5749 2156 5832; baseline 0.006 -25"><span class='ocrx_word' id='word_1_492' title='bbox 502 5749 722 5814; x_wconf 88' lang='lat' dir='ltr'><strong>tionem</strong></span> <span class='ocrx_word' id='word_1_493' title='bbox 754 5751 1030 5826; x_wconf 90' lang='lat' dir='ltr'><strong>cordis,id</strong></span> <span class='ocrx_word' id='word_1_494' title='bbox 1063 5755 1154 5811; x_wconf 90' lang='lat' dir='ltr'><strong>est</strong></span> <span class='ocrx_word' id='word_1_495' title='bbox 1180 5752 1870 5832; x_wconf 76' lang='lat' dir='ltr'><strong>concupiscentiam,quae</strong></span> <span class='ocrx_word' id='word_1_496' title='bbox 1903 5758 2156 5818; x_wconf 88' lang='lat' dir='ltr'><strong>ostendit</strong></span> 
     </span>
    </p>
   </div>
   <div class='ocr_carea' id='block_1_75' title="bbox 2204 4708 2252 4774">
    <p class='ocr_par' dir='ltr' id='par_1_75' title="bbox 2204 4708 2252 4774">
     <span class='ocr_line' id='line_1_75' title="bbox 2204 4708 2252 4774; baseline 0 0"><span class='ocrx_word' id='word_1_497' title='bbox 2204 4708 2252 4774; x_wconf 94' lang='lat' dir='ltr'><strong>D</strong></span> 
     </span>
    </p>
   </div>
   <div class='ocr_carea' id='block_1_76' title="bbox 2289 2085 3948 2163">
    <p class='ocr_par' dir='ltr' id='par_1_76' title="bbox 2289 2085 3948 2163">
     <span class='ocr_line' id='line_1_76' title="bbox 2289 2085 3948 2163; baseline -0.002 -17"><span class='ocrx_word' id='word_1_498' title='bbox 2289 2089 2588 2163; x_wconf 88' lang='lat' dir='ltr'><strong>possimus</strong></span> <span class='ocrx_word' id='word_1_499' title='bbox 2619 2086 2760 2144; x_wconf 88' lang='lat' dir='ltr'><strong>salvi</strong></span> <span class='ocrx_word' id='word_1_500' title='bbox 2787 2086 3094 2145; x_wconf 87' lang='lat' dir='ltr'><strong>tentatoris</strong></span> <span class='ocrx_word' id='word_1_501' title='bbox 3115 2087 3376 2146; x_wconf 90' lang='lat' dir='ltr'><strong>occultas</strong></span> <span class='ocrx_word' id='word_1_502' title='bbox 3395 2086 3643 2145; x_wconf 89' lang='lat' dir='ltr'><strong>insidias</strong></span> <span class='ocrx_word' id='word_1_503' title='bbox 3667 2085 3948 2161; x_wconf 77' lang='lat' dir='ltr'><strong>effugere.</strong></span> 
     </span>
    </p>
   </div>
   <div class='ocr_carea' id='block_1_77' title="bbox 2290 2177 3066 2238">
    <p class='ocr_par' dir='ltr' id='par_1_77' title="bbox 2290 2177 3066 2238">
     <span class='ocr_line' id='line_1_77' title="bbox 2290 2177 3066 2238; baseline -0.003 -2"><span class='ocrx_word' id='word_1_504' title='bbox 2290 2177 2398 2238; x_wconf 91' lang='lat' dir='ltr'><strong>Per</strong></span> <span class='ocrx_word' id='word_1_505' title='bbox 2425 2177 2742 2235; x_wconf 89' lang='lat' dir='ltr'><strong>Dominum</strong></span> <span class='ocrx_word' id='word_1_506' title='bbox 2774 2181 3066 2234; x_wconf 88' lang='lat' dir='ltr'><strong>nostrum.</strong></span> 
     </span>
    </p>
   </div>
   <div class='ocr_carea' id='block_1_78' title="bbox 2860 2278 3308 2377">
    <p class='ocr_par' dir='ltr' id='par_1_78' title="bbox 2860 2278 3308 2377">
     <span class='ocr_line' id='line_1_78' title="bbox 2860 2278 3308 2377; baseline -0.002 0"><span class='ocrx_word' id='word_1_507' title='bbox 2860 2319 3183 2377; x_wconf 79' lang='lat' dir='ltr'><strong>PSALMUS</strong></span> <span class='ocrx_word' id='word_1_508' title='bbox 3219 2278 3308 2376; x_wconf 66' lang='grc' dir='ltr'><strong>χ’</strong></span> 
     </span>
    </p>
   </div>
   <div class='ocr_carea' id='block_1_79' title="bbox 2765 2425 3464 2466">
    <p class='ocr_par' dir='ltr' id='par_1_79' title="bbox 2765 2425 3464 2466">
     <span class='ocr_line' id='line_1_79' title="bbox 2765 2425 3464 2466; baseline -0.003 0"><span class='ocrx_word' id='word_1_509' title='bbox 2765 2425 3166 2466; x_wconf 69' lang='grc' dir='ltr'><strong>ΑΒϐυΜΙΝἸὍΜ</strong></span> <span class='ocrx_word' id='word_1_510' title='bbox 3205 2425 3365 2466; x_wconf 74' lang='lat' dir='ltr'><strong>PSAL.</strong></span> <span class='ocrx_word' id='word_1_511' title='bbox 3405 2425 3464 2464; x_wconf 70' lang='grc' dir='ltr'><strong>Χ.</strong></span> 
     </span>
    </p>
   </div>
   <div class='ocr_carea' id='block_1_80' title="bbox 2361 2531 3956 2608">
    <p class='ocr_par' dir='ltr' id='par_1_80' title="bbox 2361 2531 3956 2608">
     <span class='ocr_line' id='line_1_80' title="bbox 2361 2531 3956 2608; baseline 0.001 -20"><span class='ocrx_word' id='word_1_512' title='bbox 2361 2533 2401 2588; x_wconf 89' lang='lat' dir='ltr'>C</span> <span class='ocrx_word' id='word_1_513' title='bbox 2432 2533 2511 2590; x_wconf 89' lang='lat' dir='ltr'><strong>De</strong></span> <span class='ocrx_word' id='word_1_514' title='bbox 2539 2533 2826 2590; x_wconf 82' lang='lat' dir='ltr'><strong>haereticis</strong></span> <span class='ocrx_word' id='word_1_515' title='bbox 2846 2533 3138 2607; x_wconf 84' lang='lat' dir='ltr'><strong>Propheta</strong></span> <span class='ocrx_word' id='word_1_516' title='bbox 3163 2533 3435 2608; x_wconf 90' lang='lat' dir='ltr'><strong>dieit,qui</strong></span> <span class='ocrx_word' id='word_1_517' title='bbox 3457 2532 3723 2590; x_wconf 90' lang='lat' dir='ltr'><strong>nituntur</strong></span> <span class='ocrx_word' id='word_1_518' title='bbox 3749 2531 3956 2590; x_wconf 84' lang='lat' dir='ltr'><strong>catho-</strong></span> 
     </span>
    </p>
   </div>
   <div class='ocr_carea' id='block_1_81' title="bbox 2288 2619 3954 2698">
    <p class='ocr_par' dir='ltr' id='par_1_81' title="bbox 2288 2619 3954 2698">
     <span class='ocr_line' id='line_1_81' title="bbox 2288 2619 3954 2698; baseline 0.001 -20"><span class='ocrx_word' id='word_1_519' title='bbox 2288 2619 2432 2679; x_wconf 91' lang='lat' dir='ltr'><strong>licos</strong></span> <span class='ocrx_word' id='word_1_520' title='bbox 2481 2623 2542 2678; x_wconf 92' lang='lat' dir='ltr'><strong>in</strong></span> <span class='ocrx_word' id='word_1_521' title='bbox 2592 2640 2762 2680; x_wconf 86' lang='lat' dir='ltr'><strong>suam</strong></span> <span class='ocrx_word' id='word_1_522' title='bbox 2811 2628 3143 2681; x_wconf 88' lang='lat' dir='ltr'><strong>convertere</strong></span> <span class='ocrx_word' id='word_1_523' title='bbox 3171 2625 3542 2698; x_wconf 89' lang='lat' dir='ltr'><strong>pravitatem,</strong></span> <span class='ocrx_word' id='word_1_524' title='bbox 3574 2623 3802 2680; x_wconf 90' lang='lat' dir='ltr'><strong>Domini</strong></span> <span class='ocrx_word' id='word_1_525' title='bbox 3825 2622 3954 2680; x_wconf 90' lang='lat' dir='ltr'><strong>illis</strong></span> 
     </span>
    </p>
   </div>
   <div class='ocr_carea' id='block_1_82' title="bbox 2282 2711 3952 2787">
    <p class='ocr_par' dir='ltr' id='par_1_82' title="bbox 2282 2711 3952 2787">
     <span class='ocr_line' id='line_1_82' title="bbox 2282 2711 3952 2787; baseline 0.001 -20"><span class='ocrx_word' id='word_1_526' title='bbox 2282 2711 2569 2784; x_wconf 89' lang='lat' dir='ltr'><strong>jueicium</strong></span> <span class='ocrx_word' id='word_1_527' title='bbox 2599 2713 2990 2782; x_wconf 81' lang='lat' dir='ltr'><strong>comminans,</strong></span> <span class='ocrx_word' id='word_1_528' title='bbox 3021 2717 3079 2771; x_wconf 90' lang='lat' dir='ltr'><strong>et</strong></span> <span class='ocrx_word' id='word_1_529' title='bbox 3131 2713 3272 2787; x_wconf 90' lang='lat' dir='ltr'><strong>quid</strong></span> <span class='ocrx_word' id='word_1_530' title='bbox 3323 2713 3384 2770; x_wconf 90' lang='lat' dir='ltr'><strong>in</strong></span> <span class='ocrx_word' id='word_1_531' title='bbox 3430 2712 3530 2770; x_wconf 87' lang='lat' dir='ltr'><strong>illa</strong></span> <span class='ocrx_word' id='word_1_532' title='bbox 3560 2711 3952 2770; x_wconf 88' lang='lat' dir='ltr'><strong>retributione</strong></span> 
     </span>
    </p>
   </div>
   <div class='ocr_carea' id='block_1_83' title="bbox 2289 2802 2875 2860">
    <p class='ocr_par' dir='ltr' id='par_1_83' title="bbox 2289 2802 2875 2860">
     <span class='ocr_line' id='line_1_83' title="bbox 2289 2802 2875 2860; baseline 0.003 -2"><span class='ocrx_word' id='word_1_533' title='bbox 2289 2802 2540 2859; x_wconf 90' lang='lat' dir='ltr'><strong>debeant</strong></span> <span class='ocrx_word' id='word_1_534' title='bbox 2560 2803 2875 2860; x_wconf 89' lang='lat' dir='ltr'><strong>sustinere.</strong></span> 
     </span>
    </p>
   </div>
   <div class='ocr_carea' id='block_1_84' title="bbox 2575 2893 3654 2966">
    <p class='ocr_par' dir='ltr' id='par_1_84' title="bbox 2575 2893 3654 2966">
     <span class='ocr_line' id='line_1_84' title="bbox 2575 2893 3654 2966; baseline 0 -18"><span class='ocrx_word' id='word_1_535' title='bbox 2575 2893 2690 2948; x_wconf 85' lang='lat' dir='ltr'><strong>TT.</strong></span> <span class='ocrx_word' id='word_1_536' title='bbox 2722 2893 2787 2948; x_wconf 85' lang='lat' dir='ltr'><strong>In</strong></span> <span class='ocrx_word' id='word_1_537' title='bbox 2813 2893 2979 2966; x_wconf 80' lang='lat' dir='ltr'><strong>ﬁnem</strong></span> <span class='ocrx_word' id='word_1_538' title='bbox 3024 2898 3081 2965; x_wconf 68' lang='grc' dir='ltr'><strong>οξ-</strong></span> <span class='ocrx_word' id='word_1_539' title='bbox 3107 2893 3363 2950; x_wconf 79' lang='lat' dir='ltr'><strong>Psalmus</strong></span> <span class='ocrx_word' id='word_1_540' title='bbox 3403 2897 3419 2960; x_wconf 77' lang='grc' dir='ltr'>ζ</span> <span class='ocrx_word' id='word_1_541' title='bbox 3461 2893 3654 2950; x_wconf 81' lang='lat' dir='ltr'><strong>David.</strong></span> 
     </span>
    </p>
   </div>
   <div class='ocr_carea' id='block_1_85' title="bbox 2361 2979 3952 3056">
    <p class='ocr_par' dir='ltr' id='par_1_85' title="bbox 2361 2979 3952 3056">
     <span class='ocr_line' id='line_1_85' title="bbox 2361 2979 3952 3056; baseline 0.001 -18"><span class='ocrx_word' id='word_1_542' title='bbox 2361 2981 2427 3039; x_wconf 90' lang='lat' dir='ltr'><strong>C.</strong></span> <span class='ocrx_word' id='word_1_543' title='bbox 2466 2979 2780 3038; x_wconf 90' lang='lat' dir='ltr'><strong>Sciendum</strong></span> <span class='ocrx_word' id='word_1_544' title='bbox 2811 2987 2900 3040; x_wconf 89' lang='lat' dir='ltr'><strong>est</strong></span> <span class='ocrx_word' id='word_1_545' title='bbox 2930 2983 3088 3038; x_wconf 89' lang='lat' dir='ltr'><strong>hunc</strong></span> <span class='ocrx_word' id='word_1_546' title='bbox 3119 2980 3418 3056; x_wconf 91' lang='lat' dir='ltr'><strong>psalmum</strong></span> <span class='ocrx_word' id='word_1_547' title='bbox 3464 2982 3773 3056; x_wconf 89' lang='lat' dir='ltr'><strong>probatum</strong></span> <span class='ocrx_word' id='word_1_548' title='bbox 3811 2998 3952 3040; x_wconf 87' lang='lat' dir='ltr'><strong>esse</strong></span> 
     </span>
    </p>
   </div>
   <div class='ocr_carea' id='block_1_86' title="bbox 2290 3069 3132 3129">
    <p class='ocr_par' dir='ltr' id='par_1_86' title="bbox 2290 3069 3132 3129">
     <span class='ocr_line' id='line_1_86' title="bbox 2290 3069 3132 3129; baseline 0.004 -4"><span class='ocrx_word' id='word_1_549' title='bbox 2290 3069 2363 3126; x_wconf 90' lang='lat' dir='ltr'><strong>ad</strong></span> <span class='ocrx_word' id='word_1_550' title='bbox 2393 3069 2698 3128; x_wconf 69' lang='lat' dir='ltr'><strong>haereticos</strong></span> <span class='ocrx_word' id='word_1_551' title='bbox 2723 3071 3132 3129; x_wconf 90' lang='lat' dir='ltr'><strong>destruendos.</strong></span> 
     </span>
    </p>
   </div>
   <div class='ocr_carea' id='block_1_87' title="bbox 2291 3159 3058 3233">
    <p class='ocr_par' dir='ltr' id='par_1_87' title="bbox 2291 3159 3058 3233">
     <span class='ocr_line' id='line_1_87' title="bbox 2291 3159 3058 3233; baseline 0.003 -19"><span class='ocrx_word' id='word_1_552' title='bbox 2291 3161 2318 3214; x_wconf 89' lang='grc'><strong>1</strong></span> <span class='ocrx_word' id='word_1_553' title='bbox 2394 3159 2456 3214; x_wconf 88' lang='lat' dir='ltr'><strong>In</strong></span> <span class='ocrx_word' id='word_1_554' title='bbox 2484 3160 2714 3217; x_wconf 87' lang='lat' dir='ltr'><strong>Domino</strong></span> <span class='ocrx_word' id='word_1_555' title='bbox 2741 3160 2951 3233; x_wconf 78' lang='lat' dir='ltr'><strong>conﬁdo</strong></span> <span class='ocrx_word' id='word_1_556' title='bbox 2977 3181 2997 3216; x_wconf 87' lang='lat'><strong><em>:</em></strong></span> <span class='ocrx_word' id='word_1_557' title='bbox 3052 3170 3058 3176; x_wconf 90' lang='lat'>&#39;</span> 
     </span>
    </p>
   </div>
   <div class='ocr_carea' id='block_1_88' title="bbox 2398 3248 3948 3322">
    <p class='ocr_par' dir='ltr' id='par_1_88' title="bbox 2398 3248 3948 3322">
     <span class='ocr_line' id='line_1_88' title="bbox 2398 3248 3948 3322; baseline 0.003 -18"><span class='ocrx_word' id='word_1_558' title='bbox 2398 3248 2680 3322; x_wconf 83' lang='lat' dir='ltr'><strong>Quomodo</strong></span> <span class='ocrx_word' id='word_1_559' title='bbox 2724 3250 2910 3306; x_wconf 84' lang='lat' dir='ltr'><strong>dicitis</strong></span> <span class='ocrx_word' id='word_1_560' title='bbox 2957 3252 3167 3310; x_wconf 74' lang='lat' dir='ltr'><strong>animae</strong></span> <span class='ocrx_word' id='word_1_561' title='bbox 3210 3263 3352 3310; x_wconf 52' lang='lat' dir='ltr'><strong>mea</strong></span> <span class='ocrx_word' id='word_1_562' title='bbox 3396 3269 3416 3308; x_wconf 89' lang='lat'><em>:</em></span> <span class='ocrx_word' id='word_1_563' title='bbox 3469 3252 3838 3321; x_wconf 77' lang='lat' dir='ltr'><strong>Transmigra,</strong></span> <span class='ocrx_word' id='word_1_564' title='bbox 3887 3253 3948 3308; x_wconf 84' lang='lat' dir='ltr'><strong>in</strong></span> 
     </span>
    </p>
   </div>
   <div class='ocr_carea' id='block_1_89' title="bbox 2461 3340 3116 3412">
    <p class='ocr_par' dir='ltr' id='par_1_89' title="bbox 2461 3340 3116 3412">
     <span class='ocr_line' id='line_1_89' title="bbox 2461 3340 3116 3412; baseline 0.006 -19"><span class='ocrx_word' id='word_1_565' title='bbox 2461 3346 2699 3394; x_wconf 88' lang='lat' dir='ltr'><strong>montem</strong></span> <span class='ocrx_word' id='word_1_566' title='bbox 2724 3340 2867 3395; x_wconf 87' lang='lat' dir='ltr'><strong>sicut</strong></span> <span class='ocrx_word' id='word_1_567' title='bbox 2889 3343 3116 3412; x_wconf 85' lang='lat' dir='ltr'><strong>passer?</strong></span> 
     </span>
    </p>
   </div>
   <div class='ocr_carea' id='block_1_90' title="bbox 2359 3417 3948 3490">
    <p class='ocr_par' dir='ltr' id='par_1_90' title="bbox 2359 3417 3948 3490">
     <span class='ocr_line' id='line_1_90' title="bbox 2359 3417 3948 3490; baseline 0.005 -8"><span class='ocrx_word' id='word_1_568' title='bbox 2359 3427 2404 3482; x_wconf 90' lang='lat' dir='ltr'>H</span> <span class='ocrx_word' id='word_1_569' title='bbox 2437 3431 2503 3484; x_wconf 86' lang='lat' dir='ltr'><strong>In</strong></span> <span class='ocrx_word' id='word_1_570' title='bbox 2534 3426 2782 3485; x_wconf 91' lang='lat' dir='ltr'><strong>Domino</strong></span> <span class='ocrx_word' id='word_1_571' title='bbox 2811 3428 3201 3486; x_wconf 82' lang='lat' dir='ltr'><strong>conﬁdo.Vox</strong></span> <span class='ocrx_word' id='word_1_572' title='bbox 3227 3417 3499 3487; x_wconf 67' lang='lat' dir='ltr'><strong>Ecclesiae</strong></span> <span class='ocrx_word' id='word_1_573' title='bbox 3529 3435 3732 3488; x_wconf 89' lang='lat' dir='ltr'><strong>contra</strong></span> <span class='ocrx_word' id='word_1_574' title='bbox 3757 3429 3948 3490; x_wconf 81' lang='lat' dir='ltr'><strong>haere-</strong></span> 
     </span>
    </p>
   </div>
   <div class='ocr_carea' id='block_1_91' title="bbox 2285 3515 3948 3594">
    <p class='ocr_par' dir='ltr' id='par_1_91' title="bbox 2285 3515 3948 3594">
     <span class='ocr_line' id='line_1_91' title="bbox 2285 3515 3948 3594; baseline 0.004 -23"><span class='ocrx_word' id='word_1_575' title='bbox 2285 3515 2452 3572; x_wconf 90' lang='lat' dir='ltr'><strong>ticos.</strong></span> <span class='ocrx_word' id='word_1_576' title='bbox 2485 3515 2528 3572; x_wconf 89' lang='lat' dir='ltr'>C</span> <span class='ocrx_word' id='word_1_577' title='bbox 2555 3519 2636 3573; x_wconf 88' lang='lat' dir='ltr'><strong>Ac</strong></span> <span class='ocrx_word' id='word_1_578' title='bbox 2665 3517 2718 3574; x_wconf 90' lang='lat' dir='ltr'><strong>si</strong></span> <span class='ocrx_word' id='word_1_579' title='bbox 2746 3518 3008 3586; x_wconf 81' lang='lat' dir='ltr'><strong>dixisset,</strong></span> <span class='ocrx_word' id='word_1_580' title='bbox 3041 3517 3194 3576; x_wconf 91' lang='lat' dir='ltr'><strong>Dum</strong></span> <span class='ocrx_word' id='word_1_581' title='bbox 3225 3535 3330 3594; x_wconf 85' lang='lat' dir='ltr'><strong>ego</strong></span> <span class='ocrx_word' id='word_1_582' title='bbox 3360 3535 3495 3576; x_wconf 91' lang='lat' dir='ltr'><strong>sum</strong></span> <span class='ocrx_word' id='word_1_583' title='bbox 3525 3517 3584 3576; x_wconf 92' lang='lat' dir='ltr'><strong>in</strong></span> <span class='ocrx_word' id='word_1_584' title='bbox 3640 3517 3948 3594; x_wconf 86' lang='lat' dir='ltr'><strong>religionis</strong></span> 
     </span>
    </p>
   </div>
   <div class='ocr_carea' id='block_1_92' title="bbox 2285 3604 3942 3680">
    <p class='ocr_par' dir='ltr' id='par_1_92' title="bbox 2285 3604 3942 3680">
     <span class='ocr_line' id='line_1_92' title="bbox 2285 3604 3942 3680; baseline 0.002 -20"><span class='ocrx_word' id='word_1_585' title='bbox 2285 3604 2400 3661; x_wconf 78' lang='lat' dir='ltr'><strong>fixo</strong></span> <span class='ocrx_word' id='word_1_586' title='bbox 2433 3605 2737 3662; x_wconf 88' lang='lat' dir='ltr'><strong>cacumine</strong></span> <span class='ocrx_word' id='word_1_587' title='bbox 2767 3605 3143 3675; x_wconf 89' lang='lat' dir='ltr'><strong>constitutus,</strong></span> <span class='ocrx_word' id='word_1_588' title='bbox 3171 3607 3467 3680; x_wconf 87' lang='lat' dir='ltr'><strong>quomodo</strong></span> <span class='ocrx_word' id='word_1_589' title='bbox 3495 3607 3756 3664; x_wconf 85' lang='lat' dir='ltr'><strong>suadetis</strong></span> <span class='ocrx_word' id='word_1_590' title='bbox 3793 3622 3894 3663; x_wconf 88' lang='lat' dir='ltr'><strong>me</strong></span> <span class='ocrx_word' id='word_1_591' title='bbox 3925 3623 3942 3664; x_wconf 89' lang='lat'><strong>:</strong></span> 
     </span>
    </p>
   </div>
   <div class='ocr_carea' id='block_1_93' title="bbox 2285 3693 3942 3770">
    <p class='ocr_par' dir='ltr' id='par_1_93' title="bbox 2285 3693 3942 3770">
     <span class='ocr_line' id='line_1_93' title="bbox 2285 3693 3942 3770; baseline 0.001 -20"><span class='ocrx_word' id='word_1_592' title='bbox 2285 3693 2666 3768; x_wconf 85' lang='lat' dir='ltr'><strong>Transmigra</strong></span> <span class='ocrx_word' id='word_1_593' title='bbox 2697 3695 2757 3752; x_wconf 91' lang='lat' dir='ltr'><strong>in</strong></span> <span class='ocrx_word' id='word_1_594' title='bbox 2788 3695 3137 3766; x_wconf 89' lang='lat' dir='ltr'><strong>montem,id</strong></span> <span class='ocrx_word' id='word_1_595' title='bbox 3168 3699 3257 3753; x_wconf 90' lang='lat' dir='ltr'><strong>est</strong></span> <span class='ocrx_word' id='word_1_596' title='bbox 3286 3697 3360 3752; x_wconf 86' lang='lat' dir='ltr'><strong>ad</strong></span> <span class='ocrx_word' id='word_1_597' title='bbox 3390 3695 3722 3752; x_wconf 69' lang='lat' dir='ltr'><strong>hmticam</strong></span> <span class='ocrx_word' id='word_1_598' title='bbox 3745 3695 3942 3770; x_wconf 85' lang='lat' dir='ltr'><strong>pravi—</strong></span> 
     </span>
    </p>
   </div>
   <div class='ocr_carea' id='block_1_94' title="bbox 2284 3783 3944 3854">
    <p class='ocr_par' dir='ltr' id='par_1_94' title="bbox 2284 3783 3944 3854">
     <span class='ocr_line' id='line_1_94' title="bbox 2284 3783 3944 3854; baseline 0.002 -15"><span class='ocrx_word' id='word_1_599' title='bbox 2284 3786 2843 3854; x_wconf 86' lang='lat' dir='ltr'><strong>tatem,mentientes</strong></span> <span class='ocrx_word' id='word_1_600' title='bbox 2872 3803 3001 3843; x_wconf 88' lang='lat' dir='ltr'><strong>esse</strong></span> <span class='ocrx_word' id='word_1_601' title='bbox 3031 3785 3328 3843; x_wconf 88' lang='lat' dir='ltr'><strong>Christum</strong></span> <span class='ocrx_word' id='word_1_602' title='bbox 3349 3783 3563 3853; x_wconf 90' lang='lat' dir='ltr'><strong>ibi,ubi</strong></span> <span class='ocrx_word' id='word_1_603' title='bbox 3576 3784 3785 3842; x_wconf 84' lang='lat' dir='ltr'><strong>veritas</strong></span> <span class='ocrx_word' id='word_1_604' title='bbox 3807 3801 3944 3842; x_wconf 85' lang='lat' dir='ltr'><strong>esse</strong></span> 
     </span>
    </p>
   </div>
   <div class='ocr_carea' id='block_1_95' title="bbox 2285 3871 3942 3947">
    <p class='ocr_par' dir='ltr' id='par_1_95' title="bbox 2285 3871 3942 3947">
     <span class='ocr_line' id='line_1_95' title="bbox 2285 3871 3942 3947; baseline 0.001 -19"><span class='ocrx_word' id='word_1_605' title='bbox 2285 3871 2448 3928; x_wconf 91' lang='lat' dir='ltr'><strong>nulla</strong></span> <span class='ocrx_word' id='word_1_606' title='bbox 2460 3873 2778 3946; x_wconf 82' lang='lat' dir='ltr'><strong>probatur?</strong></span> <span class='ocrx_word' id='word_1_607' title='bbox 2797 3874 2964 3930; x_wconf 89' lang='lat' dir='ltr'><strong>Mons</strong></span> <span class='ocrx_word' id='word_1_608' title='bbox 2981 3871 3274 3947; x_wconf 85' lang='lat' dir='ltr'><strong>significat</strong></span> <span class='ocrx_word' id='word_1_609' title='bbox 3289 3871 3574 3930; x_wconf 89' lang='lat' dir='ltr'><strong>elevatam</strong></span> <span class='ocrx_word' id='word_1_610' title='bbox 3595 3871 3942 3946; x_wconf 88' lang='lat' dir='ltr'><strong>superbiam</strong></span> 
     </span>
    </p>
   </div>
   <div class='ocr_carea' id='block_1_96' title="bbox 2285 3960 3945 4036">
    <p class='ocr_par' dir='ltr' id='par_1_96' title="bbox 2285 3960 3945 4036">
     <span class='ocr_line' id='line_1_96' title="bbox 2285 3960 3945 4036; baseline -0.001 -19"><span class='ocrx_word' id='word_1_611' title='bbox 2285 3962 2522 4032; x_wconf 89' lang='lat' dir='ltr'><strong>mentis,</strong></span> <span class='ocrx_word' id='word_1_612' title='bbox 2558 3979 2686 4036; x_wconf 71' lang='lat' dir='ltr'><strong>quae</strong></span> <span class='ocrx_word' id='word_1_613' title='bbox 2716 3961 2839 4020; x_wconf 91' lang='lat' dir='ltr'><strong>sola</strong></span> <span class='ocrx_word' id='word_1_614' title='bbox 2867 3963 3108 4021; x_wconf 69' lang='lat' dir='ltr'><strong>haeresis</strong></span> <span class='ocrx_word' id='word_1_615' title='bbox 3136 3961 3478 4033; x_wconf 89' lang='lat' dir='ltr'><strong>incurritur,</strong></span> <span class='ocrx_word' id='word_1_616' title='bbox 3511 3962 3655 4019; x_wconf 90' lang='lat' dir='ltr'><strong>dum</strong></span> <span class='ocrx_word' id='word_1_617' title='bbox 3683 3960 3945 4018; x_wconf 65' lang='lat' dir='ltr'><strong>haeretici</strong></span> 
     </span>
    </p>
   </div>
   <div class='ocr_carea' id='block_1_97' title="bbox 2284 4049 3945 4125">
    <p class='ocr_par' dir='ltr' id='par_1_97' title="bbox 2284 4049 3945 4125">
     <span class='ocr_line' id='line_1_97' title="bbox 2284 4049 3945 4125; baseline 0.001 -19"><span class='ocrx_word' id='word_1_618' title='bbox 2284 4050 2612 4109; x_wconf 89' lang='lat' dir='ltr'><strong>humilibus</strong></span> <span class='ocrx_word' id='word_1_619' title='bbox 2640 4053 2970 4110; x_wconf 90' lang='lat' dir='ltr'><strong>consentire</strong></span> <span class='ocrx_word' id='word_1_620' title='bbox 3001 4051 3475 4125; x_wconf 87' lang='lat' dir='ltr'><strong>nolentes,super</strong></span> <span class='ocrx_word' id='word_1_621' title='bbox 3501 4049 3856 4108; x_wconf 86' lang='lat' dir='ltr'><strong>Ecclessiam</strong></span> <span class='ocrx_word' id='word_1_622' title='bbox 3879 4065 3945 4107; x_wconf 90' lang='lat' dir='ltr'><strong>se</strong></span> 
     </span>
    </p>
   </div>
   <div class='ocr_carea' id='block_1_98' title="bbox 2281 4138 3946 4215">
    <p class='ocr_par' dir='ltr' id='par_1_98' title="bbox 2281 4138 3946 4215">
     <span class='ocr_line' id='line_1_98' title="bbox 2281 4138 3946 4215; baseline 0 -19"><span class='ocrx_word' id='word_1_623' title='bbox 2281 4141 2506 4215; x_wconf 88' lang='lat' dir='ltr'><strong>erigere</strong></span> <span class='ocrx_word' id='word_1_624' title='bbox 2536 4146 2843 4199; x_wconf 90' lang='lat' dir='ltr'><strong>conantur.</strong></span> <span class='ocrx_word' id='word_1_625' title='bbox 2875 4143 3086 4199; x_wconf 89' lang='lat' dir='ltr'><strong>Passer</strong></span> <span class='ocrx_word' id='word_1_626' title='bbox 3114 4141 3452 4199; x_wconf 65' lang='lat' dir='ltr'><strong>bereticum</strong></span> <span class='ocrx_word' id='word_1_627' title='bbox 3484 4140 3700 4215; x_wconf 88' lang='lat' dir='ltr'><strong>signat,</strong></span> <span class='ocrx_word' id='word_1_628' title='bbox 3729 4138 3834 4213; x_wconf 90' lang='lat' dir='ltr'><strong>qui</strong></span> <span class='ocrx_word' id='word_1_629' title='bbox 3867 4139 3946 4197; x_wconf 90' lang='lat' dir='ltr'><strong>ad</strong></span> 
     </span>
    </p>
   </div>
   <div class='ocr_carea' id='block_1_99' title="bbox 2285 4227 3950 4306">
    <p class='ocr_par' dir='ltr' id='par_1_99' title="bbox 2285 4227 3950 4306">
     <span class='ocr_line' id='line_1_99' title="bbox 2285 4227 3950 4306; baseline 0 -20"><span class='ocrx_word' id='word_1_630' title='bbox 2285 4231 2682 4304; x_wconf 87' lang='lat' dir='ltr'><strong>nequissimas</strong></span> <span class='ocrx_word' id='word_1_631' title='bbox 2713 4231 3163 4306; x_wconf 76' lang='lat' dir='ltr'><strong>praedicationes</strong></span> <span class='ocrx_word' id='word_1_632' title='bbox 3193 4228 3585 4288; x_wconf 87' lang='lat' dir='ltr'><strong>inconstantis</strong></span> <span class='ocrx_word' id='word_1_633' title='bbox 3604 4228 3785 4286; x_wconf 88' lang='lat' dir='ltr'><strong>animi</strong></span> <span class='ocrx_word' id='word_1_634' title='bbox 3808 4227 3950 4286; x_wconf 86' lang='lat' dir='ltr'><strong>levi-</strong></span> 
     </span>
    </p>
   </div>
   <div class='ocr_carea' id='block_1_100' title="bbox 2283 4316 3950 4391">
    <p class='ocr_par' dir='ltr' id='par_1_100' title="bbox 2283 4316 3950 4391">
     <span class='ocr_line' id='line_1_100' title="bbox 2283 4316 3950 4391; baseline -0.001 -15"><span class='ocrx_word' id='word_1_635' title='bbox 2283 4323 2402 4376; x_wconf 86' lang='lat' dir='ltr'><strong>tate</strong></span> <span class='ocrx_word' id='word_1_636' title='bbox 2433 4319 2802 4376; x_wconf 87' lang='lat' dir='ltr'><strong>transfertur.</strong></span> <span class='ocrx_word' id='word_1_637' title='bbox 2836 4318 3136 4377; x_wconf 87' lang='lat' dir='ltr'><strong>Instabilis</strong></span> <span class='ocrx_word' id='word_1_638' title='bbox 3165 4317 3322 4376; x_wconf 90' lang='lat' dir='ltr'><strong>enim</strong></span> <span class='ocrx_word' id='word_1_639' title='bbox 3353 4319 3476 4376; x_wconf 89' lang='lat' dir='ltr'><strong>avis</strong></span> <span class='ocrx_word' id='word_1_640' title='bbox 3508 4333 3730 4391; x_wconf 90' lang='lat' dir='ltr'><strong>passer,</strong></span> <span class='ocrx_word' id='word_1_641' title='bbox 3753 4322 3814 4374; x_wconf 87' lang='lat' dir='ltr'><strong>et</strong></span> <span class='ocrx_word' id='word_1_642' title='bbox 3844 4316 3950 4375; x_wconf 85' lang='lat' dir='ltr'><strong>alii</strong></span> 
     </span>
    </p>
   </div>
   <div class='ocr_carea' id='block_1_101' title="bbox 2282 4405 3948 4483">
    <p class='ocr_par' dir='ltr' id='par_1_101' title="bbox 2282 4405 3948 4483">
     <span class='ocr_line' id='line_1_101' title="bbox 2282 4405 3948 4483; baseline 0 -19"><span class='ocrx_word' id='word_1_643' title='bbox 2282 4409 2344 4464; x_wconf 90' lang='lat' dir='ltr'><strong>in</strong></span> <span class='ocrx_word' id='word_1_644' title='bbox 2376 4409 2764 4466; x_wconf 86' lang='lat' dir='ltr'><strong>foraminibus</strong></span> <span class='ocrx_word' id='word_1_645' title='bbox 2793 4409 3108 4483; x_wconf 89' lang='lat' dir='ltr'><strong>parietum,</strong></span> <span class='ocrx_word' id='word_1_646' title='bbox 3143 4408 3240 4464; x_wconf 92' lang='lat' dir='ltr'><strong>alii</strong></span> <span class='ocrx_word' id='word_1_647' title='bbox 3271 4408 3331 4464; x_wconf 92' lang='lat' dir='ltr'><strong>in</strong></span> <span class='ocrx_word' id='word_1_648' title='bbox 3372 4407 3618 4465; x_wconf 87' lang='lat' dir='ltr'><strong>roscidis</strong></span> <span class='ocrx_word' id='word_1_649' title='bbox 3666 4405 3948 4479; x_wconf 85' lang='lat' dir='ltr'><strong>vallibus,</strong></span> 
     </span>
    </p>
   </div>
   <div class='ocr_carea' id='block_1_102' title="bbox 2285 4495 3618 4571">
    <p class='ocr_par' dir='ltr' id='par_1_102' title="bbox 2285 4495 3618 4571">
     <span class='ocr_line' id='line_1_102' title="bbox 2285 4495 3618 4571; baseline 0 -17"><span class='ocrx_word' id='word_1_650' title='bbox 2285 4497 2553 4554; x_wconf 90' lang='lat' dir='ltr'><strong>nonnulli</strong></span> <span class='ocrx_word' id='word_1_651' title='bbox 2585 4496 2644 4552; x_wconf 91' lang='lat' dir='ltr'><strong>in</strong></span> <span class='ocrx_word' id='word_1_652' title='bbox 2676 4495 2966 4571; x_wconf 88' lang='lat' dir='ltr'><strong>squalidis</strong></span> <span class='ocrx_word' id='word_1_653' title='bbox 2997 4497 3298 4555; x_wconf 88' lang='lat' dir='ltr'><strong>montibus</strong></span> <span class='ocrx_word' id='word_1_654' title='bbox 3327 4497 3618 4554; x_wconf 84' lang='lat' dir='ltr'><strong>habitant.</strong></span> 
     </span>
    </p>
   </div>
   <div class='ocr_carea' id='block_1_103' title="bbox 2283 4587 3954 4660">
    <p class='ocr_par' dir='ltr' id='par_1_103' title="bbox 2283 4587 3954 4660">
     <span class='ocr_line' id='line_1_103' title="bbox 2283 4587 3954 4660; baseline -0.002 -14"><span class='ocrx_word' id='word_1_655' title='bbox 2283 4589 2324 4646; x_wconf 83' lang='lat'><strong>2</strong></span> <span class='ocrx_word' id='word_1_656' title='bbox 2397 4588 2666 4656; x_wconf 83' lang='lat' dir='ltr'><strong>Quoniam</strong></span> <span class='ocrx_word' id='word_1_657' title='bbox 2693 4604 2812 4644; x_wconf 88' lang='lat' dir='ltr'><strong>ecce</strong></span> <span class='ocrx_word' id='word_1_658' title='bbox 2833 4593 3140 4660; x_wconf 87' lang='lat' dir='ltr'><strong>peccatores</strong></span> <span class='ocrx_word' id='word_1_659' title='bbox 3167 4587 3522 4646; x_wconf 82' lang='lat' dir='ltr'><strong>intenderunt</strong></span> <span class='ocrx_word' id='word_1_660' title='bbox 3545 4602 3737 4644; x_wconf 85' lang='lat' dir='ltr'><strong>arcum</strong></span> <span class='ocrx_word' id='word_1_661' title='bbox 3769 4603 3790 4640; x_wconf 90' lang='lat'><strong><em>:</em></strong></span> <span class='ocrx_word' id='word_1_662' title='bbox 3835 4602 3954 4659; x_wconf 79' lang='lat' dir='ltr'><strong>pa-</strong></span> 
     </span>
    </p>
   </div>
   <div class='ocr_carea' id='block_1_104' title="bbox 2461 4679 3968 4751">
    <p class='ocr_par' dir='ltr' id='par_1_104' title="bbox 2461 4679 3968 4751">
     <span class='ocr_line' id='line_1_104' title="bbox 2461 4679 3968 4751; baseline 0.001 -18"><span class='ocrx_word' id='word_1_663' title='bbox 2461 4685 2726 4734; x_wconf 86' lang='lat' dir='ltr'><strong>raverunt</strong></span> <span class='ocrx_word' id='word_1_664' title='bbox 2750 4679 2984 4750; x_wconf 82' lang='lat' dir='ltr'><strong>sagittas</strong></span> <span class='ocrx_word' id='word_1_665' title='bbox 3005 4694 3133 4734; x_wconf 87' lang='lat' dir='ltr'><strong>suas</strong></span> <span class='ocrx_word' id='word_1_666' title='bbox 3161 4679 3223 4734; x_wconf 84' lang='lat' dir='ltr'><strong>in</strong></span> <span class='ocrx_word' id='word_1_667' title='bbox 3247 4679 3518 4751; x_wconf 84' lang='lat' dir='ltr'><strong>pharetra</strong></span> <span class='ocrx_word' id='word_1_668' title='bbox 3548 4695 3569 4734; x_wconf 89' lang='lat'><strong><em>:</em></strong></span> <span class='ocrx_word' id='word_1_669' title='bbox 3957 4697 3968 4704; x_wconf 88' lang='grc'>·</span> 
     </span>
    </p>
   </div>
   <div class='ocr_carea' id='block_1_105' title="bbox 2393 4767 3503 4840">
    <p class='ocr_par' dir='ltr' id='par_1_105' title="bbox 2393 4767 3503 4840">
     <span class='ocr_line' id='line_1_105' title="bbox 2393 4767 3503 4840; baseline -0.001 -16"><span class='ocrx_word' id='word_1_670' title='bbox 2393 4768 2457 4824; x_wconf 85' lang='lat' dir='ltr'><strong>Ut</strong></span> <span class='ocrx_word' id='word_1_671' title='bbox 2484 4769 2751 4840; x_wconf 85' lang='lat' dir='ltr'><strong>sagittcnt</strong></span> <span class='ocrx_word' id='word_1_672' title='bbox 2777 4769 2840 4823; x_wconf 88' lang='lat' dir='ltr'><strong>in</strong></span> <span class='ocrx_word' id='word_1_673' title='bbox 2869 4769 3094 4825; x_wconf 83' lang='lat' dir='ltr'><strong>obscuro</strong></span> <span class='ocrx_word' id='word_1_674' title='bbox 3125 4771 3296 4825; x_wconf 86' lang='lat' dir='ltr'><strong>rectos</strong></span> <span class='ocrx_word' id='word_1_675' title='bbox 3324 4767 3503 4826; x_wconf 88' lang='lat' dir='ltr'><strong>corde.</strong></span> 
     </span>
    </p>
   </div>
   <div class='ocr_carea' id='block_1_106' title="bbox 2354 4861 3950 4940">
    <p class='ocr_par' dir='ltr' id='par_1_106' title="bbox 2354 4861 3950 4940">
     <span class='ocr_line' id='line_1_106' title="bbox 2354 4861 3950 4940; baseline -0.001 -20"><span class='ocrx_word' id='word_1_676' title='bbox 2354 4866 2396 4920; x_wconf 86' lang='grc'><strong>[1</strong></span> <span class='ocrx_word' id='word_1_677' title='bbox 2427 4864 2714 4930; x_wconf 89' lang='lat' dir='ltr'><strong>Quoniam</strong></span> <span class='ocrx_word' id='word_1_678' title='bbox 2746 4881 2879 4924; x_wconf 90' lang='lat' dir='ltr'><strong>ecce</strong></span> <span class='ocrx_word' id='word_1_679' title='bbox 2907 4870 3262 4940; x_wconf 85' lang='lat' dir='ltr'><strong>peccatores,</strong></span> <span class='ocrx_word' id='word_1_680' title='bbox 3296 4865 3356 4922; x_wconf 91' lang='lat' dir='ltr'><strong>id</strong></span> <span class='ocrx_word' id='word_1_681' title='bbox 3405 4869 3496 4923; x_wconf 87' lang='lat' dir='ltr'><strong>est</strong></span> <span class='ocrx_word' id='word_1_682' title='bbox 3540 4862 3820 4932; x_wconf 70' lang='lat' dir='ltr'><strong>haeretici,</strong></span> <span class='ocrx_word' id='word_1_683' title='bbox 3853 4861 3950 4919; x_wconf 89' lang='lat' dir='ltr'><strong>in-</strong></span> 
     </span>
    </p>
   </div>
   <div class='ocr_carea' id='block_1_107' title="bbox 2281 4949 3950 5022">
    <p class='ocr_par' dir='ltr' id='par_1_107' title="bbox 2281 4949 3950 5022">
     <span class='ocr_line' id='line_1_107' title="bbox 2281 4949 3950 5022; baseline -0.002 -10"><span class='ocrx_word' id='word_1_684' title='bbox 2281 4955 2596 5013; x_wconf 88' lang='lat' dir='ltr'><strong>tenderunt</strong></span> <span class='ocrx_word' id='word_1_685' title='bbox 2607 4954 2896 5022; x_wconf 88' lang='lat' dir='ltr'><strong>arcum,id</strong></span> <span class='ocrx_word' id='word_1_686' title='bbox 2911 4959 3002 5013; x_wconf 89' lang='lat' dir='ltr'><strong>est</strong></span> <span class='ocrx_word' id='word_1_687' title='bbox 3015 4973 3118 5012; x_wconf 91' lang='lat' dir='ltr'><strong>ora</strong></span> <span class='ocrx_word' id='word_1_688' title='bbox 3133 4954 3367 5012; x_wconf 90' lang='lat' dir='ltr'><strong>illorum</strong></span> <span class='ocrx_word' id='word_1_689' title='bbox 3379 4958 3586 5011; x_wconf 90' lang='lat' dir='ltr'><strong>contra</strong></span> <span class='ocrx_word' id='word_1_690' title='bbox 3597 4949 3950 5010; x_wconf 87' lang='lat' dir='ltr'><strong>Ecclesiam.</strong></span> 
     </span>
    </p>
   </div>
   <div class='ocr_carea' id='block_1_108' title="bbox 2219 5039 3952 5118">
    <p class='ocr_par' dir='ltr' id='par_1_108' title="bbox 2219 5039 3952 5118">
     <span class='ocr_line' id='line_1_108' title="bbox 2219 5039 3952 5118; baseline -0.002 -18"><span class='ocrx_word' id='word_1_691' title='bbox 2219 5081 2230 5092; x_wconf 90' lang='grc'><strong><em>-</em></strong></span> <span class='ocrx_word' id='word_1_692' title='bbox 2280 5044 2664 5100; x_wconf 87' lang='lat' dir='ltr'><strong>Intenderunt</strong></span> <span class='ocrx_word' id='word_1_693' title='bbox 2701 5059 2926 5110; x_wconf 88' lang='lat' dir='ltr'><strong>arcum,</strong></span> <span class='ocrx_word' id='word_1_694' title='bbox 2956 5043 3015 5101; x_wconf 91' lang='lat' dir='ltr'><strong>id</strong></span> <span class='ocrx_word' id='word_1_695' title='bbox 3065 5048 3154 5102; x_wconf 90' lang='lat' dir='ltr'><strong>est</strong></span> <span class='ocrx_word' id='word_1_696' title='bbox 3200 5042 3524 5118; x_wconf 89' lang='lat' dir='ltr'><strong>potentiam</strong></span> <span class='ocrx_word' id='word_1_697' title='bbox 3570 5039 3952 5098; x_wconf 85' lang='lat' dir='ltr'><strong>verbositatis</strong></span> 
     </span>
    </p>
   </div>
   <div class='ocr_carea' id='block_1_109' title="bbox 2281 5129 3952 5208">
    <p class='ocr_par' dir='ltr' id='par_1_109' title="bbox 2281 5129 3952 5208">
     <span class='ocr_line' id='line_1_109' title="bbox 2281 5129 3952 5208; baseline -0.002 -19"><span class='ocrx_word' id='word_1_698' title='bbox 2281 5133 2469 5190; x_wconf 65' lang='lat' dir='ltr'><strong>sua.C</strong></span> <span class='ocrx_word' id='word_1_699' title='bbox 2491 5132 2847 5190; x_wconf 88' lang='lat' dir='ltr'><strong>Paraverunt</strong></span> <span class='ocrx_word' id='word_1_700' title='bbox 2868 5133 3204 5208; x_wconf 88' lang='lat' dir='ltr'><strong>sagittas,id</strong></span> <span class='ocrx_word' id='word_1_701' title='bbox 3227 5138 3316 5191; x_wconf 91' lang='lat' dir='ltr'><strong>est</strong></span> <span class='ocrx_word' id='word_1_702' title='bbox 3333 5132 3511 5190; x_wconf 89' lang='lat' dir='ltr'><strong>verba</strong></span> <span class='ocrx_word' id='word_1_703' title='bbox 3529 5145 3844 5188; x_wconf 88' lang='lat' dir='ltr'><strong>venenosa.</strong></span> <span class='ocrx_word' id='word_1_704' title='bbox 3881 5129 3952 5186; x_wconf 89' lang='lat' dir='ltr'><strong>In</strong></span> 
     </span>
    </p>
   </div>
   <div class='ocr_carea' id='block_1_110' title="bbox 2279 5218 3955 5297">
    <p class='ocr_par' dir='ltr' id='par_1_110' title="bbox 2279 5218 3955 5297">
     <span class='ocr_line' id='line_1_110' title="bbox 2279 5218 3955 5297; baseline -0.002 -19"><span class='ocrx_word' id='word_1_705' title='bbox 2279 5222 2575 5297; x_wconf 89' lang='lat' dir='ltr'><strong>pharetra,</strong></span> <span class='ocrx_word' id='word_1_706' title='bbox 2607 5221 2667 5278; x_wconf 92' lang='lat' dir='ltr'><strong>id</strong></span> <span class='ocrx_word' id='word_1_707' title='bbox 2695 5225 2784 5280; x_wconf 90' lang='lat' dir='ltr'><strong>est</strong></span> <span class='ocrx_word' id='word_1_708' title='bbox 2813 5219 2874 5278; x_wconf 88' lang='lat' dir='ltr'><strong>in</strong></span> <span class='ocrx_word' id='word_1_709' title='bbox 2901 5223 3160 5280; x_wconf 87' lang='lat' dir='ltr'><strong>corde.H</strong></span> <span class='ocrx_word' id='word_1_710' title='bbox 3191 5226 3258 5280; x_wconf 90' lang='lat' dir='ltr'><strong>ut</strong></span> <span class='ocrx_word' id='word_1_711' title='bbox 3285 5221 3739 5296; x_wconf 82' lang='lat' dir='ltr'><strong>sagittent,etc.,</strong></span> <span class='ocrx_word' id='word_1_712' title='bbox 3763 5218 3825 5274; x_wconf 88' lang='lat' dir='ltr'><strong>id</strong></span> <span class='ocrx_word' id='word_1_713' title='bbox 3857 5223 3955 5276; x_wconf 86' lang='lat' dir='ltr'><strong>est</strong></span> 
     </span>
    </p>
   </div>
   <div class='ocr_carea' id='block_1_111' title="bbox 2283 5305 3953 5382">
    <p class='ocr_par' dir='ltr' id='par_1_111' title="bbox 2283 5305 3953 5382">
     <span class='ocr_line' id='line_1_111' title="bbox 2283 5305 3953 5382; baseline -0.003 -15"><span class='ocrx_word' id='word_1_714' title='bbox 2283 5328 2417 5368; x_wconf 91' lang='lat' dir='ltr'><strong>cum</strong></span> <span class='ocrx_word' id='word_1_715' title='bbox 2447 5311 2700 5370; x_wconf 86' lang='lat' dir='ltr'><strong>viderint</strong></span> <span class='ocrx_word' id='word_1_716' title='bbox 2742 5311 2802 5366; x_wconf 92' lang='lat' dir='ltr'><strong>in</strong></span> <span class='ocrx_word' id='word_1_717' title='bbox 2851 5311 3110 5370; x_wconf 87' lang='lat' dir='ltr'><strong>Ecclesia</strong></span> <span class='ocrx_word' id='word_1_718' title='bbox 3157 5313 3502 5370; x_wconf 88' lang='lat' dir='ltr'><strong>obscuratos</strong></span> <span class='ocrx_word' id='word_1_719' title='bbox 3529 5307 3830 5382; x_wconf 87' lang='lat' dir='ltr'><strong>imperitia</strong></span> <span class='ocrx_word' id='word_1_720' title='bbox 3857 5305 3953 5364; x_wconf 86' lang='lat' dir='ltr'><strong>vel</strong></span> 
     </span>
    </p>
   </div>
   <div class='ocr_carea' id='block_1_112' title="bbox 2279 5395 3943 5476">
    <p class='ocr_par' dir='ltr' id='par_1_112' title="bbox 2279 5395 3943 5476">
     <span class='ocr_line' id='line_1_112' title="bbox 2279 5395 3943 5476; baseline -0.002 -18"><span class='ocrx_word' id='word_1_721' title='bbox 2279 5401 2599 5475; x_wconf 88' lang='lat' dir='ltr'><strong>simplices,</strong></span> <span class='ocrx_word' id='word_1_722' title='bbox 2659 5401 2887 5476; x_wconf 88' lang='lat' dir='ltr'><strong>laqueis</strong></span> <span class='ocrx_word' id='word_1_723' title='bbox 2940 5401 3161 5460; x_wconf 90' lang='lat' dir='ltr'><strong>dolosis</strong></span> <span class='ocrx_word' id='word_1_724' title='bbox 3217 5400 3308 5458; x_wconf 90' lang='lat' dir='ltr'><strong>vel</strong></span> <span class='ocrx_word' id='word_1_725' title='bbox 3360 5399 3607 5458; x_wconf 85' lang='lat' dir='ltr'><strong>occultis</strong></span> <span class='ocrx_word' id='word_1_726' title='bbox 3659 5395 3943 5454; x_wconf 87' lang='lat' dir='ltr'><strong>illiciant.</strong></span> 
     </span>
    </p>
   </div>
   <div class='ocr_carea' id='block_1_113' title="bbox 2277 5489 3952 5564">
    <p class='ocr_par' dir='ltr' id='par_1_113' title="bbox 2277 5489 3952 5564">
     <span class='ocr_line' id='line_1_113' title="bbox 2277 5489 3952 5564; baseline -0.004 -16"><span class='ocrx_word' id='word_1_727' title='bbox 2277 5491 2319 5548; x_wconf 89' lang='lat' dir='ltr'>C</span> <span class='ocrx_word' id='word_1_728' title='bbox 2345 5491 2505 5548; x_wconf 83' lang='lat' dir='ltr'><strong>Recti</strong></span> <span class='ocrx_word' id='word_1_729' title='bbox 2539 5492 2710 5549; x_wconf 91' lang='lat' dir='ltr'><strong>corde</strong></span> <span class='ocrx_word' id='word_1_730' title='bbox 2739 5495 2882 5548; x_wconf 91' lang='lat' dir='ltr'><strong>sunt</strong></span> <span class='ocrx_word' id='word_1_731' title='bbox 2910 5492 3074 5560; x_wconf 88' lang='lat' dir='ltr'><strong>dicti,</strong></span> <span class='ocrx_word' id='word_1_732' title='bbox 3106 5491 3208 5564; x_wconf 89' lang='lat' dir='ltr'><strong>qui</strong></span> <span class='ocrx_word' id='word_1_733' title='bbox 3240 5489 3406 5548; x_wconf 89' lang='lat' dir='ltr'><strong>nulla</strong></span> <span class='ocrx_word' id='word_1_734' title='bbox 3447 5489 3655 5564; x_wconf 90' lang='lat' dir='ltr'><strong>iniqua</strong></span> <span class='ocrx_word' id='word_1_735' title='bbox 3700 5501 3952 5562; x_wconf 87' lang='lat' dir='ltr'><strong>persua-</strong></span> 
     </span>
    </p>
   </div>
   <div class='ocr_carea' id='block_1_114' title="bbox 2273 5575 3951 5655">
    <p class='ocr_par' dir='ltr' id='par_1_114' title="bbox 2273 5575 3951 5655">
     <span class='ocr_line' id='line_1_114' title="bbox 2273 5575 3951 5655; baseline -0.003 -18"><span class='ocrx_word' id='word_1_736' title='bbox 2273 5581 2437 5638; x_wconf 91' lang='lat' dir='ltr'><strong>sione</strong></span> <span class='ocrx_word' id='word_1_737' title='bbox 2463 5581 2655 5655; x_wconf 91' lang='lat' dir='ltr'><strong>decipi</strong></span> <span class='ocrx_word' id='word_1_738' title='bbox 2687 5581 3081 5654; x_wconf 87' lang='lat' dir='ltr'><strong>poterunt,vel</strong></span> <span class='ocrx_word' id='word_1_739' title='bbox 3109 5581 3170 5637; x_wconf 92' lang='lat' dir='ltr'><strong>in</strong></span> <span class='ocrx_word' id='word_1_740' title='bbox 3191 5579 3530 5648; x_wconf 88' lang='lat' dir='ltr'><strong>obscuro,id</strong></span> <span class='ocrx_word' id='word_1_741' title='bbox 3559 5581 3648 5637; x_wconf 89' lang='lat' dir='ltr'><strong>est</strong></span> <span class='ocrx_word' id='word_1_742' title='bbox 3671 5575 3951 5633; x_wconf 87' lang='lat' dir='ltr'><strong>obscuris</strong></span> 
     </span>
    </p>
   </div>
   <div class='ocr_carea' id='block_1_115' title="bbox 2267 5661 3950 5745">
    <p class='ocr_par' dir='ltr' id='par_1_115' title="bbox 2267 5661 3950 5745">
     <span class='ocr_line' id='line_1_115' title="bbox 2267 5661 3950 5745; baseline -0.004 -18"><span class='ocrx_word' id='word_1_743' title='bbox 2267 5674 2326 5728; x_wconf 91' lang='lat' dir='ltr'><strong>et</strong></span> <span class='ocrx_word' id='word_1_744' title='bbox 2355 5670 2654 5745; x_wconf 90' lang='lat' dir='ltr'><strong>ambiguis</strong></span> <span class='ocrx_word' id='word_1_745' title='bbox 2683 5669 2993 5728; x_wconf 87' lang='lat' dir='ltr'><strong>sententiis</strong></span> <span class='ocrx_word' id='word_1_746' title='bbox 3021 5686 3248 5737; x_wconf 90' lang='lat' dir='ltr'><strong>eorum,</strong></span> <span class='ocrx_word' id='word_1_747' title='bbox 3278 5667 3368 5725; x_wconf 87' lang='lat' dir='ltr'><strong>vel</strong></span> <span class='ocrx_word' id='word_1_748' title='bbox 3401 5685 3538 5725; x_wconf 90' lang='lat' dir='ltr'><strong>cum</strong></span> <span class='ocrx_word' id='word_1_749' title='bbox 3577 5661 3950 5740; x_wconf 59' lang='lat' dir='ltr'><strong>persecutio-</strong></span> 
     </span>
    </p>
   </div>
   <div class='ocr_carea' id='block_1_116' title="bbox 2266 5753 3947 5834">
    <p class='ocr_par' dir='ltr' id='par_1_116' title="bbox 2266 5753 3947 5834">
     <span class='ocr_line' id='line_1_116' title="bbox 2266 5753 3947 5834; baseline -0.005 -14"><span class='ocrx_word' id='word_1_750' title='bbox 2266 5761 2444 5820; x_wconf 90' lang='lat' dir='ltr'><strong>nibus</strong></span> <span class='ocrx_word' id='word_1_751' title='bbox 2477 5759 2641 5820; x_wconf 85' lang='lat' dir='ltr'><strong>tetris</strong></span> <span class='ocrx_word' id='word_1_752' title='bbox 2673 5759 3051 5834; x_wconf 84' lang='lat' dir='ltr'><strong>perturbatur</strong></span> <span class='ocrx_word' id='word_1_753' title='bbox 3096 5757 3384 5819; x_wconf 86' lang='lat' dir='ltr'><strong>Ecclesia.</strong></span> <span class='ocrx_word' id='word_1_754' title='bbox 3425 5755 3670 5828; x_wconf 86' lang='lat' dir='ltr'><strong>Quando</strong></span> <span class='ocrx_word' id='word_1_755' title='bbox 3726 5753 3947 5812; x_wconf 82' lang='lat' dir='ltr'><strong>timore</strong></span> 
     </span>
    </p>
   </div>
  </div>
