4122 6184
189 421 257 475 π
1432 409 1859 472 EXPOSITIU
1908 406 2443 474 PSALMORUM.
3577 423 3656 481 τε

191 547 437 622 periculi
472 544 732 602 carnalis
763 543 1035 601 homines
1057 544 1386 600 creduntur
1405 541 1633 599 facilius
1655 540 1875 596 immu-
1906 540 1964 607 Α
2076 538 2101 553 ⁶

188 642 247 783 Et:
250 656 583 796 1“Duoniam
612 740 740 798 qua?
761 725 1044 797 perfecisti
1069 724 1461 781 destruxerunt
1487 741 1505 779 :

294 820 494 875 Justus
541 822 599 882 -Ξ-
626 823 809 871 autem
851 821 866 880 ζ
932 814 1078 885 quid
1105 816 1285 885 fecit?

2248 606 2257 614 η
2507 562 2708 601 ORATIO
2746 562 2813 602 ex
2857 564 3055 603 psam.
3097 565 3151 604 κ.
3409 613 3417 625 ,

2064 628 2269 705 Dirige
2300 633 2498 690 oculos
2522 633 2753 705 pietatis
2775 639 2885 691 litae
2907 653 3085 708 super
3102 637 3387 694 humilem
3409 657 3651 710 pauper-

1992 719 2144 777 tatis
2178 727 2385 778 nostrze
2417 740 2749 795 personam,
2783 724 3155 797 omnipotens
3187 726 3509 795 Domine,et
3538 727 3649 783 cir~

1992 810 2216 866 cumda
2245 830 2349 869 nos
2381 812 2511 868 ﬁdei
2542 812 2743 880 armis,
2778 818 2842 868 ut
2871 814 2941 869 ab
2987 813 3365 886 iniquitatum
3415 815 3646 888 sagittis

258 906 651 963 CDicitidem
674 903 1352 975 Prophetadestruxisse
1368 899 1668 958 haereticos
1683 898 1882 972 legem
1991 900 2172 969 eruti,
2203 900 2500 957 valeamus
2528 900 2860 973 aequitatem
2893 905 2949 958 et
2987 902 3282 973 justitiam
3330 903 3642 961 custodire.

191 996 289 1052 Dei
323 1012 469 1052 cum
518 991 1109 1066 interpretationibus
1161 991 1349 1058 falsis,
1378 993 1784 1048 convertentes
1817 987 1881 1041 in
1993 986 2104 1044 Per
2134 990 2467 1047 Dominum.

194 1101 395 1142 necem
432 1100 554 1156 qua
585 1101 619 1137 a
651 1080 893 1138 Domino
926 1079 1284 1153 prophetata
1328 1084 1468 1136 sunt
1496 1079 1567 1135 ad
1595 1077 1878 1134 salutem.

192 1172 597 1246 Subjungitur
621 1169 879 1227 defensio
910 1168 1154 1225 Domini
1186 1169 1400 1224 Christi
1432 1186 1446 1225 :
1481 1168 1691 1224 Justus
1730 1166 1877 1239 quid

192 1262 373 1319 fecit?
406 1262 455 1317 ll
486 1260 601 1316 hoc
628 1265 737 1325 est,
769 1258 1048 1314 Christus
1078 1260 1373 1314 mundum
1404 1258 1674 1314 redemit.
1699 1256 1741 1311 C
1762 1254 1875 1325 vel,

191 1352 238 1407 si
270 1351 614 1422 Scripturas
645 1349 986 1405 subvertere
1016 1347 1248 1415 volunt,
1284 1348 1423 1421 quid
1466 1346 1599 1403 fecit
1627 1345 1713 1402 eis
1735 1347 1875 1416 jus-

190 1445 305 1507 tus,
338 1440 505 1512 quod
536 1439 715 1494 etiam
746 1435 922 1492 illum
957 1437 1444 1508 persequuntur?

193 1531 225 1584 4
292 1531 573 1586 Dominus
601 1528 662 1582 in
689 1526 893 1597 templo
919 1533 1116 1580 sancto
1144 1542 1245 1581 suo
1275 1543 1294 1580 .-

295 1618 663 1673 Dominus‘in
691 1616 823 1670 caelo
853 1614 1012 1670 sedes
1041 1615 1182 1685 ejus.

257 1708 297 1761 C
326 1704 650 1778 Templum
673 1704 837 1760 enim
868 1703 975 1759 Dei
1009 1706 1284 1758 sanctum
1314 1704 1580 1775 est,quod
1606 1705 1751 1760 estis
1771 1721 1872 1760 vos

193 1797 236 1862 (ι
262 1796 396 1852 Cor.
430 1795 544 1864 tu),
576 1798 644 1849 ut
685 1794 837 1849 sciat
882 1791 1202 1847 haereticus
1233 1809 1294 1847 se
1323 1808 1493 1863 posse
1523 1810 1559 1847 a
1584 1793 1700 1849 Deo
1750 1793 1871 1849 dis-

194 1885 376 1956 perdi,
411 1901 447 1938 a
476 1900 595 1951 quo
618 1886 964 1949 noscuntur
986 1881 1165 1955 corda
1185 1885 1335 1936 recte
1355 1882 1718 1937 credentium
1740 1900 1870 1955 pos-

194 1973 387 2029 sideri.
422 1971 650 2029 leum
682 1970 845 2026 enim
881 1975 1123 2026 sanctos
1167 1970 1320 2025 viros
1367 1971 1680 2043 significat,
1717 1988 1869 2044 quos

196 2062 466 2118 divinitas
498 2061 757 2117 insidere
787 2059 1340 2133 dignatur.Terrere
1362 2059 1542 2131 igitur
1561 2060 1867 2116 haereticos

196 2169 229 2207 ει
256 2151 601 2208 seductione
625 2151 925 2206 bonorum
954 2164 1059 2220 per
1086 2146 1319 2205 Domini
1340 2148 1631 2219 judicium
1655 2149 1869 2205 nititur

196 2241 501 2316 Propheta,
534 2244 604 2295 ut
634 2240 683 2296 si
707 2239 915 2310 justos
945 2237 1228 2293 seducere
1259 2253 1374 2292 non
1404 2237 1632 2307 timent,
1649 2238 1863 2295 saltem

194 2347 324 2389 eum
354 2329 461 2404 qui
491 2330 553 2385 in
578 2328 767 2401 justis
799 2329 892 2383 est
920 2330 977 2383 et
1005 2326 1234 2381 habitat
1261 2324 1526 2382 timeant.

189 2423 231 2477 5
294 2420 457 2481 Oculi
482 2421 603 2491 ejus
648 2424 705 2484 ~2-
732 2420 793 2474 in
822 2431 1124 2489 pauperem
1191 2421 1205 2480 ζ
1251 2417 1561 2487 respiciunt.

296 2509 593 2581 Palpebrae
618 2510 737 2581 q'us
766 2508 1117 2573 interrogant
1141 2502 1293 2576 ﬁlios
1322 2505 1620 2560 hominum.

266 2599 311 2655 ll
343 2598 515 2655 Oculi
548 2596 807 2663 Domini,
836 2596 897 2651 id
928 2599 1019 2651 est
1047 2597 1324 2667 aspectus
1351 2598 1407 2649 et
1438 2594 1746 2651 clementia
1766 2594 1859 2650 Di-

190 2686 457 2743 vinitatis
488 2702 809 2760 pauperem
849 2682 1138 2758 populum
1184 2681 1574 2738 Christianum
1624 2684 1862 2756 respicit

196 2777 266 2831 ad
299 2775 731 2847 adjuvandum.
762 2775 811 2831 C
835 2772 1152 2844 Palpebrae,
1187 2770 1353 2827 dicta:
1384 2788 1417 2825 a
1442 2772 1860 2843 paqpitando,si-

197 2872 385 2938 gnant
410 2863 803 2921 subtilitatem
830 2860 1010 2919 divini
1034 2859 1248 2933 judicii
1281 2876 1345 2915 ac
1368 2860 1591 2931 judicia
1634 2861 1736 2916 Dei
1766 2878 1861 2916 oc-

201 2956 382 3021 culta,
416 2954 479 3008 in
525 2953 744 3025 quibus
795 2968 903 3007 nos
950 2950 1296 3021 interrogat,
1326 2948 1381 3003 id
1430 2953 1519 3005 est
1566 2948 1866 3023 cognoscit

200 3043 345 3116 quid
377 3041 594 3115 habeat
622 3039 1059 3112 unusquisque.

193 3136 231 3187 6
305 3133 587 3188 Dominus
617 3132 922 3201 interrogat
938 3129 1155 3200 justum
1184 3134 1241 3185 et
1268 3128 1499 3200 impium
1526 3146 1546 3182 .-

303 3223 420 3290 Qui
451 3224 642 3276 autem
670 3219 860 3290 diligit
886 3219 1244 3291 iniquitatem
1272 3214 1384 3271 odit
1412 3218 1659 3293 annnam
1685 3233 1863 3272 suam.

2592 1080 2907 1136 PSALMUS
2946 1081 3040 1136 XI.

2452 1169 2854 1226 liRGUMENTUM
2902 1187 3058 1226 PSAL.
3099 1189 3178 1226 x1.

2062 1259 2103 1315 C
2134 1259 2369 1316 Salvum
2403 1276 2464 1315 se
2499 1259 2785 1331 Propheta
2802 1278 2834 1314 a
2852 1260 3057 1315 mundi
3075 1260 3245 1317 istius
3262 1262 3640 1335 perversitate

1988 1347 2114 1404 fleri
2147 1347 2596 1422 petit,quoniam
2633 1347 2819 1404 dolosi
2850 1353 3025 1421 atque
3055 1350 3638 1422 superbi,potentiam

1985 1437 2088 1493 Dei
2119 1436 2419 1494 sceleratis
2450 1436 2921 1493 oblocutionibus
2959 1438 3358 1510 abnegabant;
3391 1440 3638 1512 promis-

1984 1527 2330 1599 sionemque
2362 1526 2549 1582 Patris
2581 1544 2682 1598 per
2712 1527 2926 1582 Filium
2949 1526 3147 1582 dicens
3175 1526 3642 1595 faciendam,clo-

1983 1615 2125 1687 quia
2152 1614 2387 1671 Domini
2414 1616 2524 1670 sub
2552 1615 2830 1672 brevitate
2853 1615 3167 1672 collaudat.

2190 1708 2257 1759 In
2286 1704 2451 1775 ﬁnem
2481 1720 2578 1777 pro
2604 1714 2793 1760 octava
2822 1705 2929 1760 die.
2963 1705 3222 1761 Psalmus
3251 1705 3442 1760 David.

2053 1793 2094 1848 C
2127 1794 2191 1849 In
2223 1793 2400 1848 finem
2433 1810 2534 1865 pro
2566 1799 2767 1850 octava
2798 1794 2983 1862 die,ut
3006 1794 3065 1849 in
3089 1798 3251 1851 sexto
3271 1793 3498 1866 psalmo
3513 1795 3639 1865 jam

1982 1883 2205 1938 dictum
2238 1882 2425 1948 est,ad
2456 1887 2730 1938 :etcrnam
2762 1883 3015 1955 pertinet
3044 1881 3327 1955 requiem,
3361 1883 3504 1955 petit
3528 1883 3639 1938 ita-

1981 1989 2095 2044 que
2113 1971 2787 2043 Prophetainiquitatem
2814 1972 3018 2026 mundi
3045 1972 3360 2039 destrui,ut
3382 1970 3453 2025 ad
3477 1971 3636 2027 illam

1978 2060 2283 2116 veritatem
2315 2061 2520 2116 futurae
2552 2060 2963 2133 promissionis
2995 2061 3202 2116 debeat
3241 2059 3562 2132 pervenire.

1977 2150 2000 2206 l
2088 2149 2315 2204 Salvum
2360 2155 2413 2215 ἦ
2449 2166 2534 2205 me
2595 2158 2610 2215 ζ
2677 2152 2786 2221 fac,
2836 2149 3083 2219 Domine,
3134 2150 3397 2221 quoniam
3441 2149 3637 2219 defecit

2161 2246 2384 2294 sanctus
2415 2258 2431 2294 :

2090 2328 2360 2396 Quoniam
2412 2328 2707 2384 diminuta:
2760 2333 2891 2384 sunt
2948 2331 3199 2384 veritates
3228 2344 3261 2382 a
3289 2327 3423 2397 ﬁliis
3460 2328 3634 2383 homi-

2160 2419 2275 2472 min
2284 2434 2394 2473 um.

2047 2504 2093 2560 C
2122 2506 2359 2563 Salvum
2399 2523 2491 2562 me
2541 2506 2648 2577 fac,
2682 2505 2991 2573 exclamat,
3017 2508 3087 2563 ad
3140 2506 3451 2565 Dominum
3498 2506 3635 2560 Pro-

1970 2593 2179 2667 pheta,
2215 2597 2358 2669 petit
2388 2613 2450 2652 sc
2502 2594 2728 2651 salvum
2782 2597 2907 2652 ﬁeri
2957 2598 3030 2652 ab
3080 2596 3178 2653 illo
3209 2614 3244 2652 a
3273 2612 3388 2667 quo
3441 2611 3634 2651 veram

1972 2685 2333 2743 medicinam
2354 2689 2592 2741 noverat
2610 2684 3097 2752 invenire,dicens
3116 2690 3386 2742 sanctum
3404 2686 3633 2751 deesse;

1972 2770 2153 2829 aliter
2182 2774 2337 2830 enim
2369 2778 2608 2830 sanctus
2633 2773 2881 2830 deﬁcere
2903 2793 3017 2831 non
3042 2778 3269 2848 poterat
3291 2773 3404 2830 nisi
3427 2772 3638 2829 fuisset

1973 2860 2133 2918 inter
2164 2864 2433 2920 homines
2464 2861 2677 2919 veritas
2707 2861 3043 2920 imminuta.
3076 2864 3291 2920 Verum
3326 2880 3462 2919 cum
3494 2860 3636 2917 dicit

1974 2948 2326 3020 diminutas,
2342 2953 2641 3008 evidenter
2660 2954 2924 3009 ostendit
2944 2954 3257 3024 depravata
3275 2951 3372 3008 Dei
3391 2966 3635 3007 munera

1975 3056 2047 3095 ex
2106 3041 2296 3114 culpis
2345 3040 2676 3108 hominum,
2710 3045 2768 3096 et
2815 3042 3026 3098 collata
3071 3041 3353 3097 beneﬁcia
3399 3038 3634 3111 propria

1975 3131 2357 3199 perversitate
2389 3129 2702 3185 maculata.
2737 3130 2889 3187 Dicit
2917 3146 3049 3187 vero
3079 3128 3455 3197 veritates,de
3484 3126 3630 3182 veri-

1976 3218 2197 3275 tatibus
2229 3218 2537 3274 hominum
2568 3217 2838 3290 loquens,
2874 3236 2990 3275 una
3018 3222 3106 3275 est
3135 3217 3233 3275 Dei
3264 3218 3493 3287 veritas,
3515 3233 3633 3289 qua

272 3309 323 3365 Il
354 3308 647 3365 Dominus
672 3307 1009 3380 interrogat,
1037 3305 1095 3361 id
1128 3307 1221 3360 est
1250 3290 1550 3375 cognoscit
1577 3307 1632 3360 et
1661 3305 1869 3377 probat
1898 3290 1940 3358 C
1977 3306 2353 3364 illustrantur
2381 3308 2589 3363 anima:
2621 3314 2859 3365 sanctae.

198 3400 434 3469 justum
464 3402 525 3453 et
553 3397 822 3470 impium.
854 3395 897 3451 C
926 3396 1047 3451 Hoc
1097 3394 1231 3449 ideo
1291 3392 1524 3457 dicitur,
1574 3397 1638 3448 ut
1685 3411 1867 3450 unus-

205 3486 461 3559 quisque
490 3484 930 3558 circumspiciat
959 3480 1389 3540 conscientiam
1435 3497 1624 3550 suam,
1651 3483 1722 3538 de
1752 3500 1871 3556 qua

210 3576 365 3632 novit
391 3574 594 3633 solum
624 3574 813 3635 Deum
837 3574 986 3629 ferre
1006 3569 1462 3645 judicium.Nou
1489 3570 1645 3627 enim
1668 3572 1871 3642 justus

210 3670 301 3722 est
329 3681 509 3737 quem
542 3662 811 3722 homines
839 3662 1065 3730 dicunt,
1098 3660 1205 3717 sed
1237 3675 1413 3731 quem
1461 3658 1616 3715 Deus
1664 3662 1875 3733 probat

205 3752 616 3827 justum.0uid
641 3757 730 3808 est
748 3752 989 3825 diligere
1008 3749 1408 3822 iniquitatem,
1433 3747 1545 3804 nisi
1574 3749 1872 3806 diabolum

214 3842 423 3916 sequi?
440 3841 828 3914 semetipsum
852 3838 1234 3914 persequitur
1247 3836 1349 3909 qui
1367 3836 1663 3892 diabolum
1686 3840 1879 3911 sequi-

212 3937 328 3997 tur,
360 3931 511 3986 dum
542 3927 674 3985 illas
713 3928 957 3986 semitas
1003 3927 1129 3985 vult
1179 3926 1286 3992 ire,
1320 3941 1446 3997 quae
1496 3926 1568 3981 ad
1612 3928 1879 3998 fugienda

208 4019 336 4075 loca
367 4035 678 4093 penetrum
705 4018 1054 4091 perducunt.

207 4113 245 4164 7
318 4110 485 4165 Piuit
509 4124 674 4180 super
697 4115 999 4180 peccatores
1029 4108 1252 4179 laqueos
1280 4123 1302 4159 :

318 4200 475 4270 Ignis
506 4197 582 4270 Χ
607 4205 658 4252 et
724 4203 738 4262 ζ
780 4197 1015 4270 sulphur
1175 4198 1230 4250 et
1297 4199 1311 4259 ξ
1356 4195 1586 4266 spiritus
1610 4196 1877 4266 procella-

398 4303 550 4353 rum,
574 4303 706 4358 pars
732 4287 923 4342 colicis
953 4302 1163 4343 eorum.

284 4376 328 4433 C
358 4375 545 4441 Pluit,
574 4374 799 4432 scilicet
825 4376 1001 4433 verba
1031 4373 1620 4448 przedicationis,qu:e
1644 4373 1757 4447 piis
1777 4375 1882 4430 im—

216 4466 354 4523 bres
384 4468 552 4535 sunt,
586 4464 822 4538 perﬁdis
851 4468 1051 4522 autem
1076 4463 1275 4536 laquei
1307 4462 1494 4536 igniti.
1526 4463 1685 4535 Ignis
1706 4463 1887 4519 etiam

215 4561 326 4623 est,
360 4571 507 4611 cum
537 4570 637 4610 eos
668 4554 940 4610 ﬂammea
968 4570 1110 4609 cura
1134 4551 1430 4609 consumit
1459 4550 1881 4624 cupiditatis.H

1976 3399 2013 3452 2
2089 3397 2241 3454 Vana
2272 3398 2440 3453 locuti
2466 3401 2597 3452 sunt
2620 3401 2995 3471 unusquisque
3014 3398 3084 3453 ad
3100 3400 3417 3470 proximum
3432 3413 3597 3454 suum
3614 3414 3632 3450 :

2086 3486 2259 3541 Labiu
2285 3485 2467 3543 dolosa
2498 3488 2559 3543 in
2588 3486 2749 3543 corde
2777 3496 2828 3543 et
2856 3487 3013 3544 corde
3039 3494 3093 3553 £-
3140 3488 3308 3544 Iocuti
3334 3496 3464 3543 sunt
3504 3492 3518 3552 ζ
3549 3528 3562 3541 .

2053 3576 2093 3628 C
2122 3574 2288 3631 Vana
2317 3574 2465 3633 falsa
2496 3573 3060 3648 signiﬁcat,quando
3091 3579 3293 3632 contra
3323 3574 3637 3632 Dominum

1981 3664 2324 3719 testimonia
2353 3663 2503 3719 falsa
2545 3665 2909 3736 quaerebant,
2936 3668 3077 3719 tunc
3125 3663 3451 3721 imminutte
3500 3666 3640 3719 sunt

1982 3752 2278 3808 veritates.
2308 3751 2608 3827 Proximos
2640 3753 2928 3819 dicit,non
2949 3757 3069 3808 tam
3097 3754 3444 3825 cognatione
3474 3767 3642 3825 gene-

1985 3841 2067 3901 ris
2099 3858 2277 3913 quam
2310 3841 2753 3915 participatione
2792 3840 3028 3898 sceleris
3077 3842 3348 3899 sociatos.
3380 3843 3443 3898 In
3469 3841 3641 3898 corde

1987 3932 2044 3984 et
2072 3930 2266 3997 corde,
2299 3931 2530 4002 quoties
2571 3928 2844 3986 volumus
2887 3929 3122 3986 dolosos
3173 3932 3500 3999 ostendere,
3531 3931 3640 3985 du-

1987 4016 2162 4090 plicia
2186 4034 2390 4075 eorum
2422 4019 2597 4075 corda
2624 4018 3012 4087 declaramus,
3045 4023 3282 4091 quando
3321 4017 3640 4090 simplices,

1988 4123 2174 4162 unum
2206 4123 2305 4165 cor
2334 4106 2394 4161 in
2420 4106 2504 4163 eis
2532 4121 2662 4163 esse
2692 4109 2999 4163 testamur.
3027 4107 3228 4164 Locuti
3249 4111 3480 4176 sunt,ut
3508 4106 3644 4161 sub-

1990 4195 2197 4253 audias
2225 4194 2400 4253 mala.

1989 4285 2023 4339 3
2096 4282 2386 4355 Disperdat
2414 4284 2675 4340 Dominus
2706 4285 2963 4340 universa
2993 4285 3145 4340 labia
3173 4285 3357 4341 dolosa
3388 4302 3407 4339 :

2098 4375 2370 4441 Linguam
2397 4372 2830 4444 magniloquam.

2061 4462 2102 4517 C
2133 4461 2443 4534 Disperdat
2500 4460 2716 4519 dicitur
2768 4465 2971 4517 contra
3025 4462 3282 4533 Judazos,
3315 4467 3381 4520 ut
3422 4461 3645 4535 passim

1990 4549 2355 4623 pereant,qui
2391 4566 2452 4605 se
2486 4550 2543 4606 in
2578 4566 2695 4606 una
2725 4551 3009 4623 pravitate
3039 4550 3649 4627 collegerant.Lingua

215 4644 512 4717 Sulphur,
545 4643 791 4715 putredo
816 4647 1207 4716 peccatorum.
1242 4642 1282 4699 C
1313 4640 1557 4713 spiritus
1600 4638 1883 4712 procella-
1917 4662 1966 4727 Β
1996 4638 2377 4712 magniloqua
2406 4644 2494 4695 est
2524 4655 2650 4711 quae
2684 4639 2796 4695 sibi
2830 4639 3052 4712 aliquid
3084 4658 3313 4716 magna:
3343 4639 3649 4715 potestatis

218 4749 382 4797 rum,
414 4732 561 4786 dum
595 4748 657 4787 se
686 4732 1053 4787 confundunt
1093 4735 1288 4788 mente
1336 4726 1722 4793 tumultuosa,
1755 4743 1890 4799 pars
1924 4726 1931 4727 ί
1999 4728 2270 4795 assumit,
2305 4732 2382 4793 et,
2408 4745 2480 4785 ne
2511 4727 2610 4784 hic
2642 4730 2700 4785 in
2723 4729 2876 4785 bono
2907 4728 3170 4802 linguam
3211 4730 3649 4803 magniloquam

219 4819 431 4877 salicis
460 4835 688 4887 eorum,
722 4819 780 4874 id
810 4823 894 4876 est
924 4835 1359 4890 mensura,quaa
1392 4816 1629 4890 pollutis
1660 4806 1889 4873 actibus

218 4907 558 4964 ebriantur.
588 4906 635 4962 H
665 4906 790 4972 Vel,
814 4906 988 4980 ignis,
1005 4907 1317 4979 cupiditas,
1351 4905 1888 4978 sulphur,peccato-

218 5002 362 5053 rum
397 4996 675 5069 putredo,
708 4996 951 5068 spiritus
980 4994 1393 5069 procellarum,
1425 5011 1596 5067 pmna
1640 4998 1887 5062 aeterna;

221 5090 279 5143 et
308 5101 471 5157 quos
500 5082 657 5157 ignis
689 5084 894 5151 exurit,
927 5088 1250 5157 tempestas
1278 5084 1593 5155 exanimat.

219 5178 257 5230 8
335 5175 627 5247 Quoniam
645 5174 825 5245 justus
852 5174 1113 5229 Dominus
1141 5181 1192 5230 et
1210 5175 1461 5245 justitias
1500 5172 1699 5229 dilexit
1726 5190 1747 5226 :

336 5262 686 5334 Equitatem
712 5261 850 5318 vidit
876 5262 1058 5323 vultus
1086 5264 1222 5336 ejus.

295 5352 340 5406 C
367 5350 617 5408 Justum
648 5348 786 5406 dicit
815 5349 1130 5407 Dominum
1171 5367 1367 5406 amare
1408 5349 1730 5423 justitiam,
1758 5349 1898 5422 quia

228 5440 421 5497 nescit
476 5437 624 5494 alios
676 5440 982 5512 respicere,
1031 5438 1144 5496 nisi
1193 5438 1292 5513 qui
1340 5443 1558 5495 norunt
1605 5437 1897 5495 custodire

223 5527 553 5603 justitiam,
614 5528 948 5601 aequitatem
1007 5527 1190 5597 illam,
1253 5527 1475 5586 scilicet
1532 5544 1710 5601 quam
1772 5527 1896 5600 ipse

231 5617 533 5695 propitius
565 5618 849 5677 concedit.
881 5617 1096 5679 Vultus
1139 5618 1237 5677 Dei
1292 5617 1771 5693 propinationem,
1815 5617 1894 5676 si-

234 5708 502 5784 gniﬁcat.

1999 4817 2346 4889 accepisses,
2381 4817 2648 4889 przedixit
2695 4816 2850 4874 labia
2898 4818 3118 4874 dolosa.
3154 4818 3472 4873 Considera
3517 4832 3651 4871 vero

1998 4907 2274 4979 pietatem
2305 4905 2739 4977 dicentis,quod
2773 4922 2889 4960 non
2921 4904 3262 4961 hominibus
3283 4904 3444 4977 (quia
3469 4902 3653 4975 aliqui

2001 4995 2374 5051 convertendi
2407 4999 2592 5062 erant)
2625 4996 2725 5050 scd
2759 4994 2904 5065 ipsis
2932 4993 3090 5048 vitiis
3120 4993 3436 5050 maledicit.

1999 5084 2032 5140 4
2108 5084 2211 5151 Qui
2282 5082 2543 5138 diluerunt
2575 5100 2591 5135 :
2623 5083 2896 5150 Linguam
2960 5088 3203 5138 nostram
3272 5082 3653 5154 magniﬁcabi-

2181 5172 2359 5228 bimus
2392 5191 2410 5226 :

2111 5261 2284 5317 Labia
2308 5267 2494 5317 nostra
2521 5276 2554 5315 a
2584 5260 2738 5314 nobis
2778 5266 2909 5315 sunt
2935 5278 2955 5314 :
2986 5261 3128 5332 Quis
3172 5269 3356 5319 noster
3398 5262 3659 5317 Dominus

2180 5358 2259 5406 est
2280 5353 2303 5405 Ρ

2075 5442 2116 5495 C
2149 5438 2283 5495 Illos
2315 5435 2679 5510 exponit,qui
2711 5436 2769 5492 in
2802 5438 3100 5513 prosperis
3134 5440 3310 5497 rebus
3340 5456 3401 5495 se
3423 5439 3658 5510 jactan-

2005 5528 2365 5602 tes,gloriam
2399 5542 2567 5582 suam
2600 5524 2852 5583 exaltare
2882 5532 3269 5600 praesumunt,
3283 5533 3341 5584 et
3368 5526 3483 5583 sibi
3515 5524 3660 5599 ipsis

2005 5619 2288 5693 deputant
2344 5632 2457 5673 non
2489 5633 2525 5673 a
2554 5615 2670 5673 Deo
2717 5617 3031 5691 accepisse.
3064 5616 3227 5675 Istud
3276 5617 3410 5690 quis
3460 5618 3664 5671 noster

2005 5708 2288 5771 Dominus
2318 5710 2427 5784 est,
2450 5704 2867 5784 sacrilegorum
2898 5707 3073 5767 verba
3102 5712 3241 5768 sunt
3269 5704 3663 5769 contradicen-
