4086 6180
452 367 529 425 79
1291 352 1298 361 ’
1347 366 1409 424 S.
1456 363 1851 424 BRUNONIS
1896 361 2515 424 HERBIPOLENSIS
2561 361 2939 423 EPISCOPI.
3782 363 3867 425 86

455 500 606 556 tium
635 514 766 555 vero
797 497 933 564 Deo,
965 500 1022 552 et
1053 496 1460 568 superborum.
1491 498 1538 551 A
1566 495 2019 568 Hypocritarum’
2041 500 2099 552 et
2125 499 2181 565 Α

454 587 959 664 philosophorum,
994 587 1094 659 qui
1124 584 1358 659 ingenio
1389 589 1445 642 et
1491 585 1689 642 studio
1738 585 2015 643 scientias
2047 588 2105 641 et

456 677 855 759 eloquentiam
885 674 1204 749 acquisitas
1236 692 1304 732 ex
1351 675 1563 748 seipsis
1610 675 1825 732 habere
1869 677 2100 747 putant,

457 771 899 826 contemnentes
929 782 1043 821 non
1074 764 1356 822 habentes
1386 781 1505 834 eas,
1538 764 1667 822 ideo
1697 765 1900 822 subdit
1929 780 1944 820 :

455 859 492 914 5
562 859 789 930 Propter
838 856 1122 912 miseriam
1177 856 1402 927 inopum
1460 862 1512 910 et
1570 857 1837 927 gemitum
1896 870 2103 927 paupe-

631 963 810 1003 rum:

560 1038 715 1093 Nunc
740 1051 1051 1107 amurgam,
1080 1033 1193 1091 dici
1218 1035 1501 1090 Dominus.

526 1127 566 1183 C
595 1127 938 1199 Exsurgam,
973 1122 1113 1180 dicit
1151 1122 1438 1197 Pr0pheta
1469 1123 1528 1179 in
1559 1140 1869 1196 personam
1918 1122 2107 1179 Patris

457 1216 527 1272 de
559 1214 737 1285 Filio;
765 1229 1100 1287 exsurgam,
1130 1212 1189 1268 id
1221 1216 1330 1280 est,
1362 1213 1653 1286 apparebo
1683 1217 1740 1270 et
1768 1212 2106 1269 manifesta-

457 1306 564 1362 bor
594 1304 655 1360 in
688 1303 855 1376 Filio,
876 1307 926 1358 Η
951 1307 1014 1359 ut
1033 1320 1130 1360 eos
1162 1301 1262 1375 qui
1293 1302 1351 1359 in
1383 1302 1623 1360 miseria
1642 1306 1783 1360 sunt
1804 1303 1864 1359 in
1886 1303 2107 1360 mundo

458 1396 729 1451 redimat.

459 1485 495 1538 6
566 1486 780 1539 Ponam
807 1483 867 1537 in
893 1483 1135 1538 salutari
1163 1500 1181 1537 :

567 1572 928 1628 Fiducialiter
950 1579 1005 1638 ἐι
1053 1588 1218 1641 agam
1285 1576 1299 1637 ζ
1344 1573 1403 1626 in
1432 1588 1492 1628 eo
1521 1589 1539 1626 :

531 1660 578 1715 Η
611 1660 831 1715 Ponam
864 1660 923 1714 in
948 1658 1191 1716 salutari
1221 1659 1352 1732 (vox
1382 1658 1610 1732 Patris),
1645 1658 1701 1715 id
1733 1662 1822 1716 est
1858 1658 2109 1716 salutem

460 1753 517 1805 et
545 1749 1000 1805 consolationem
1030 1749 1528 1821 pauperum,forte
1555 1749 1820 1821 gentium
1851 1749 1911 1804 in
1934 1748 2108 1817 Filio;

462 1839 566 1910 qui
595 1842 685 1894 est
714 1838 920 1894 laetitia
946 1843 1150 1895 contra
1179 1838 1486 1911 gemitum.
1522 1837 1894 1896 Fiducialiter
1941 1854 2109 1911 agam

462 1928 521 1982 in
555 1944 642 1996 eo,
668 1927 784 1984 Cid
808 1932 897 1984 est
925 1927 984 1983 in
1018 1927 1329 2000 Filio,quia
1353 1931 1613 2000 potestas
1645 1928 1866 1997 Patris;
1897 1928 2113 1985 ﬁducia

461 2019 550 2072 est
581 2016 731 2084 Filii,
764 2018 935 2088 cujus
963 2016 1248 2073 voluntati
1280 2016 1479 2074 nullus
1510 2016 1664 2073 valet
1693 2018 1943 2087 obviare,
1975 2016 2114 2091 quia

460 2105 712 2178 eloquia,
739 2109 848 2162 etc.

459 2197 494 2250 7
566 2196 798 2268 Eloquia
851 2197 1089 2267 Domini,
1143 2196 1358 2267 eloquia
1404 2204 1554 2253 casta
1580 2215 1602 2251 .·
1639 2204 1929 2267 argentum
1984 2199 2113 2266 igne

674 2285 1051 2341 examinatum
1079 2303 1100 2339 .-

569 2373 867 2430 l'robatum
897 2382 1060 2430 terra?
1090 2393 1111 2428 .·
1134 2378 1435 2445 pnrgatum
1471 2375 1798 2447 septuplum.

534 2463 637 2519 Hic
665 2462 897 2535 eloquia
921 2462 1151 2520 Domini
1188 2462 1508 2519 laudantur
1539 2465 1688 2537 (quas
1737 2463 1898 2522 nullo
1948 2482 2111 2522 men-

463 2553 649 2621 dacio,
682 2552 846 2608 nulla
873 2551 1203 2609 adulterina
1230 2552 1483 2610 falsitate
1508 2554 1835 2623 fuscantur)
1858 2554 1992 2609 cuin
2024 2554 2111 2610 di-

465 2642 562 2711 cit,
596 2641 830 2715 eloquia
858 2646 1038 2698 casta.
1069 2642 1353 2714 Superius
1390 2659 1524 2699 vero
1573 2659 1765 2698 sermo
1813 2643 2112 2699 humanus

464 2731 749 2805 arguitur,
773 2748 908 2787 cum
941 2731 1266 2798 dicit,vana
1295 2731 1472 2788 locuti
1503 2735 1660 2789 sunt.
1686 2733 2112 2805 Argumentum

464 2823 649 2887 terrae,
682 2819 818 2893 igne
876 2820 1275 2877 examinatum
1330 2820 1478 2876 solet
1523 2836 1652 2877 esse
1701 2821 2110 2892 purissimum,

464 2909 699 2982 quando
724 2908 1019 2981 frequenti
1055 2909 1227 2965 fuerit
1253 2908 1589 2965 decoctione
1610 2909 1998 2979 mundatum;
2027 2910 2113 2967 sic

460 2996 693 3070 eloquia
724 2997 949 3054 Domini
979 2996 1400 3070 pura,pulchra
1424 3000 1482 3053 et
1511 2999 1993 3072 rara.Purgatum
2022 2997 2111 3056 vel

460 3087 1091 3155 examinatum,contra
1118 3086 1262 3142 illud
1294 3086 1712 3159 ponitur,quod
1745 3088 1816 3144 de
1845 3094 2111 3161 peccato-

459 3175 625 3232 ribus
656 3175 919 3245 ait,1abia
946 3174 1148 3232 dolosa
1175 3175 1235 3231 in
1266 3176 1460 3244 corde,
1489 3176 2111 3252 etc.Septuplum,sep-

2793 495 3121 553 PSALMUS
3159 494 3279 552 XII.

2662 601 3066 642 ARGUMENTUM
3107 600 3264 641 PSAL.
3306 601 3406 640 ΧΠ.

2280 673 2322 729 C
2342 673 2680 748 ReSpiciens
2702 674 2989 748 Propheta
3012 675 3302 732 mundum
3332 672 3672 735 idololatria:
3703 688 3870 733 mam

2212 763 2494 837 cipatum,
2526 763 2932 822 credulitatem
2964 778 3134 823 suam
3165 764 3420 822 adventu
3442 767 3657 822 sancta
3679 764 3872 823 lucar-

2213 853 2467 911 nationis
2496 853 2685 927 poscit
2711 853 2947 926 expleri,
2972 858 3037 911 ut
3064 853 3153 911 vel
3184 854 3268 911 sic
3298 854 3544 913 confusa
3566 854 3868 928 gentﬂitas

2214 960 2388 1000 suum
2415 946 2615 1017 posset
2645 954 2959 1015 agnoscere
2984 942 3339 1000 Creatorem.

2588 1033 2704 1089 TT.
2738 1032 2801 1088 In
2828 1034 2993 1105 ﬁnem
3015 1032 3265 1105 psalmus
3293 1032 3486 1090 David.

2285 1122 2327 1179 C
2356 1123 2423 1178 In
2457 1122 2632 1178 ﬁnem
2664 1139 2678 1176 :
2711 1120 2807 1178 hic
2834 1126 3069 1194 tempus
3104 1121 3399 1196 signiﬁcat
3446 1121 3871 1183 incarnatiouil

2215 1211 2449 1268 Christi.
2482 1212 2524 1268 C
2553 1212 2737 1268 Totus
2762 1211 2857 1267 hic
2886 1210 3149 1284 psalmus
3179 1212 3250 1268 de
3280 1211 3563 1270 charitate
3606 1212 3872 1285 loquitur

2216 1300 2464 1371 Christi;
2496 1300 2706 1373 plenus
2736 1300 3024 1374 Propheta
3064 1300 3298 1359 Domini
3346 1300 3649 1372 cbarilate,
3681 1302 3871 1359 conti-

2218 1391 2421 1448 denter
2449 1389 2592 1447 dicit
2619 1390 2840 1447 diti'erri
2869 1408 2931 1448 se
2958 1390 3182 1448 diutius
3212 1392 3284 1448 ab
3305 1391 3738 1465 exspectatione
3759 1405 3873 1448 sua

2218 1484 2274 1536 et
2303 1480 2555 1537 adventu
2585 1478 2948 1553 illius,quem
2967 1479 3105 1537 licet
3124 1479 3294 1537 ﬁrma
3313 1481 3429 1537 fide
3456 1480 3723 1538 crederet
3739 1488 3871 1539 esse

2217 1574 2553 1636 venturum,
2582 1573 2781 1626 tamen
2841 1570 2912 1626 de
2957 1570 3087 1642 ejus
3138 1568 3411 1627 tarditate
3466 1569 3867 1643 conqueritur.

2219 1658 2397 1731 Cujus
2429 1658 2620 1716 adhuc
2651 1662 2950 1732 speratum
2980 1659 3295 1716 adventum
3326 1657 3498 1717 citius
3527 1674 3659 1716 non-
3681 1670 3869 1716 mere-

2186 1752 2191 1756 ’
2219 1748 2394 1805 batur
2422 1747 2964 1821 cernere,quoniam
2994 1747 3151 1805 omni
3182 1748 3539 1805 desideranti
3559 1746 3726 1807 valde
3746 1756 3875 1805 mos

2218 1837 2367 1895 lesta
2394 1837 2595 1894 dilatio
2623 1842 2731 1894 est.

2222 1930 2246 1983 1
2328 1930 2623 2000 Usquequo,
2656 1928 2908 1997 Domine,
2941 1927 3278 1985 Oblivisceris
3313 1943 3399 1984 me
3427 1928 3492 1984 in
3515 1926 3731 2000 ﬁnem?

2330 2018 2607 2090 Usquequo
2636 2018 2837 2074 avertis
2862 2019 3064 2089 faciem
3090 2026 3245 2074 tuam
3271 2034 3304 2073 a
3334 2021 3462 2074 me?

2290 2106 2332 2162 C
2363 2106 2676 2179 Usqueqno
2727 2124 2862 2163 eum
2919 2107 3079 2176 dicit,
3129 2106 3557 2180 apparitiouem
3612 2106 3877 2179 postulat

2220 2195 2650 2269 Christi,quam
2681 2196 2742 2253 in
2774 2195 2985 2270 spiritu
3013 2196 3280 2265 videbat;
3314 2212 3642 2270 usquequo,
3675 2196 3735 2253 id
3760 2199 3875 2264 est.

2221 2285 2816 2359 quousque,quandiu
2847 2302 2964 2343 non
2992 2283 3227 2342 liberas.
3260 2284 3330 2342 H.
3362 2288 3713 2343 Potestvam
3735 2301 3877 2342 cun

2220 2374 2509 2447 Propheta
2546 2373 2795 2446 quilibet
2838 2374 3126 2447 pmnitens
3172 2374 3287 2432 sub
3330 2373 3585 2447 peccatis
3629 2382 3879 2448 gemam

2221 2464 2413 2520 dicere
2437 2481 2450 2519 :
2475 2463 2811 2536 Usquequo,
2845 2468 2981 2532 etc.,
3013 2467 3447 2536 persequuntur
3475 2463 3635 2521 enim
3663 2464 3878 2520 demo-

2221 2569 2326 2609 nes
2354 2555 2411 2608 et
2439 2551 2579 2608 mali
2605 2551 2875 2609 homines
2903 2552 3250 2626 gravissime
3278 2568 3410 2609 vere
3436 2553 3787 2625 pmnitentes
3816 2557 3878 2609 et

2220 2641 2437 2699 Christi
2467 2641 2747 2698 mandata
2775 2657 3005 2698 servare
3051 2641 3374 2715 cupientes.
3405 2644 3445 2697 C
3477 2642 3540 2698 In
3580 2641 3778 2712 ﬁnem,
3813 2640 3875 2697 id

2220 2735 2310 2788 est
2338 2748 2525 2805 usque
2556 2732 2629 2788 ad
2660 2730 2874 2788 Christi
2907 2731 3247 2787 adventum.

2220 2822 2256 2875 2
2330 2820 2585 2889 Quandiu
2604 2837 2809 2893 ponam
2836 2821 3067 2877 consilia
3094 2822 3154 2876 in
3185 2821 3377 2877 unum
3404 2836 3546 2889 mea,

2361 2910 2601 2967 dolorem
2626 2912 2686 2966 in
2714 2909 2872 2966 corde
2901 2926 3016 2967 meo
3042 2927 3143 2983 per
3169 2910 3357 2966 diem?

2292 2998 2332 3055 C
2364 2998 2510 3055 Cum
2543 2998 2684 3055 dicit
2731 3000 3014 3072 quandiu,
3047 2998 3399 3072 exprimitur
3438 2997 3536 3055 hic
3578 2998 3876 3056 maximus

2220 3089 2393 3145 ardor
2416 3089 2808 3162 exspectantis
2839 3089 3152 3146 adventum
3183 3087 3366 3144 Dei.ll
3383 3089 3462 3143 Ae
3484 3087 3536 3144 si
3555 3086 3711 3145 dicat
3734 3103 3748 3145 :
3772 3087 3880 3143 Pais

2219 3176 2334 3233 tior
2352 3178 2526 3235 istam
2549 3176 2883 3251 angustiam
2905 3194 3211 3251 quousque
3233 3181 3293 3234 te
3308 3176 3721 3248 videam,sicut
3738 3192 3877 3251 pro-

461 3265 755 3320 tiformem
768 3265 1053 3337 Spiritum
1070 3264 1443 3339 signiﬁcat,id
1460 3264 1842 3333 est,timorem
1855 3267 2110 3336 Domini,
2141 3252 2185 3321 C
2223 3266 2439 3324 misisti
2468 3268 2685 3325 venire.
2713 3270 2761 3325 A
2789 3267 2931 3324 dicit
2958 3283 3092 3324 vero
3122 3265 3384 3337 consilia,
3417 3266 3478 3323 id
3514 3268 3605 3323 est
3653 3265 3880 3340 cogita-

461 3351 759 3425 pietatem,
783 3353 1109 3421 scientiam,
1133 3352 1552 3418 fortitudinem,
1576 3352 1906 3426 consilium,
1939 3354 2111 3411 intel-

465 3439 1168 3514 ligentiam,sapientiam.
1190 3443 1238 3496 A
1256 3457 1360 3513 per
1380 3458 1507 3512 quae
1530 3441 1643 3498 divi
1653 3441 2111 3516 numeloquium

464 3529 753 3603 splendet,
784 3531 926 3586 dum
954 3529 1115 3587 verbi
1137 3528 1237 3587 Dei
1268 3529 1674 3602 praedicatores
1697 3536 1756 3588 et
1784 3532 2109 3590 secundum

464 3618 697 3692 eloquia
723 3621 851 3693 ejus
881 3620 1139 3676 viventes
1170 3618 1263 3675 his
1295 3616 1751 3679 charismatibus
1798 3621 2105 3695 refulgent.

461 3710 496 3763 8
574 3711 668 3779 Tu,
701 3710 948 3781 Domine,
979 3709 1219 3765 servabis
1246 3725 1343 3765 nos
1371 3726 1390 3766 :

564 3801 631 3856 Et
659 3799 928 3856 custodies
956 3814 1053 3854 nos
1079 3815 1115 3855 a
1142 3799 1490 3868 generatione
1526 3800 1627 3855 hac
1656 3801 1713 3855 in
1742 3808 2032 3858 aeternum.

527 3889 576 3946 H
606 3890 715 3957 Tu,
743 3888 1007 3958 Domine,
1041 3887 1298 3945 servabis
1345 3905 1453 3944 nos
1492 3888 1551 3944 in
1584 3892 1862 3945 aeternum
1891 3891 2108 3961 (Eccle-

454 3978 543 4035 sia
574 3978 781 4052 rogat),
813 3976 872 4034 id
903 3981 993 4033 est
1022 3977 1082 4032 in
1121 3976 1235 4033 fide
1279 3976 1560 4034 servabis.
1593 3978 1664 4033 Et
1711 3980 2005 4037 custodies
2031 3982 2104 4039 ab

452 4068 742 4125 haereticis
769 4067 858 4124 vel
887 4065 1253 4135 Judaeis,sive
1284 4084 1318 4122 a
1344 4066 1895 4140 peccatoribus,sive
1916 4087 1950 4126 a
1979 4070 2103 4128 dia-

450 4157 669 4215 lecticis
700 4162 757 4214 et
786 4155 1150 4231 philosophis
1182 4156 1354 4212 istius
1400 4156 1605 4212 mundi
1637 4156 1697 4212 in
1723 4162 2027 4216 aeternum.
2061 4160 2103 4216 C

448 4246 553 4304 Hic
583 4252 888 4305 conservat
916 4264 989 4303 ne
1019 4245 1435 4320 pereamus,ibi
1460 4245 1715 4303 laetiﬁcat
1738 4246 1796 4304 in
1818 4252 2102 4306 aeternum

447 4342 507 4392 et
535 4340 792 4393 coronat.

448 4424 485 4478 9
554 4427 617 4481 In
637 4427 877 4482 circuitu
910 4426 1071 4498 impii
1099 4425 1387 4481 ambulant
1418 4445 1436 4480 :

552 4513 863 4570 Secundum
918 4515 1267 4570 altitudinem
1321 4523 1469 4571 tuam
1526 4517 1911 4588 multiplicasti
1952 4516 2099 4589 ﬁlios

626 4602 930 4659 hominum.

516 4694 557 4751 C
588 4693 651 4751 lu
681 4692 927 4749 circuitu
958 4692 1172 4765 impios
1202 4692 1618 4762 ambulare,est
1647 4696 1928 4753 tortuosis
1974 4714 2098 4755 mo-

445 4785 609 4842 ribus
637 4784 846 4853 vivere,
875 4783 975 4856 qui
998 4799 1302 4856 nunquam
1334 4786 1549 4838 rectam
1581 4783 1735 4839 viam
1767 4786 2090 4858 ambulant,

442 4874 672 4931 Christo
703 4872 1000 4943 derelicto,
1034 4872 1135 4945 qui
1165 4875 1256 4928 est
1278 4888 1413 4929 vera
1455 4871 1565 4928 via.
1599 4872 1933 4934 Secundum
1964 4877 2092 4934 alti-

440 4962 705 5019 tudinem
752 4967 935 5032 tuam,
970 4979 1085 5018 non
1132 4962 1457 5019 secundum
1507 4961 1783 5018 meritum
1832 4963 2089 5023 hominis

439 5052 540 5106 sed
559 5052 885 5107 secundum
904 5052 1225 5124 potentiam
1243 5051 1452 5108 divine
1473 5050 1789 5107 voluntatis
1810 5052 2091 5127 multipli-

438 5144 606 5195 catur
634 5139 909 5208 Ecclesia,
942 5141 1051 5197 hoc
1080 5147 1169 5198 est
1209 5142 1279 5196 dc
1323 5141 1534 5213 pietate
1580 5146 1639 5197 et
1686 5141 2088 5202 misericordia

436 5230 585 5300 ejus,
613 5228 940 5301 percipiens
970 5230 1029 5283 in
1062 5231 1444 5286 retributione
1473 5229 1688 5286 Christi
1733 5233 2046 5304 promissa.

952 5334 1155 5372 ORATIO
1192 5336 1265 5373 EX
1303 5336 1459 5374 PSAL.
1493 5337 1567 5374 XI.

504 5407 778 5463 Miserere
826 5404 1161 5479 fragilitatis
1211 5413 1443 5480 nostrae,
1475 5407 1844 5466 sanctissime
1894 5411 2080 5483 Pater,

432 5501 489 5553 et
519 5496 770 5553 concede
800 5495 968 5552 nobis
1000 5494 1229 5569 eloquia
1268 5501 1387 5562 tua,
1419 5498 1631 5569 pudico
1679 5500 1851 5555 corde
1894 5503 2083 5558 conti-

430 5603 587 5657 nere,
623 5590 689 5644 ut
710 5586 1010 5660 possimus
1050 5583 1465 5657 multiloquam
1514 5585 1881 5647 dolositatem
1927 5590 2082 5650 insa-

429 5676 720 5737 nientium
742 5674 1053 5737 destinam.
1089 5675 1195 5735 Per
1217 5674 1534 5734 Dominum
1565 5680 1854 5737 nostrum.

2223 3357 2410 3414 tiones
2440 3361 2498 3414 et
2524 3361 2827 3425 tractatus,
2860 3356 3153 3430 quomodo
3180 3360 3240 3414 et
3267 3356 3501 3429 quando
3531 3373 3568 3412 a
3595 3356 3879 3414 servitute

2220 3446 2443 3519 peccati
2472 3451 2528 3503 et
2556 3446 2772 3504 diaboli
2801 3445 3036 3503 liberari
3065 3444 3251 3519 possit
3280 3461 3385 3518 per
3403 3444 3717 3501 adventum
3746 3443 3877 3501 Bal-

2217 3535 2454 3607 vatoris,
2487 3540 2544 3593 et
2573 3535 2712 3608 quia
2742 3550 2876 3608 spes
2906 3533 3117 3592 salutis
3145 3533 3525 3606 protrahitur,
3538 3531 3750 3590 crescit
3767 3533 3878 3590 da-

2218 3625 2505 3681 siderium
2534 3624 2596 3681 in
2626 3623 2908 3682 dolorem.
2939 3628 2980 3680 C
3003 3625 3113 3682 Per
3139 3621 3386 3691 diem,id
3416 3626 3507 3680 est
3528 3637 3636 3694 per
3662 3620 3876 3695 singu-

2216 3713 2305 3771 los
2333 3714 2461 3771 dies
2491 3713 2588 3771 ille
2619 3730 2785 3771 amor
2811 3714 2897 3770 tui
2928 3714 3233 3780 adventus,
3263 3728 3470 3770 versus
3505 3715 3595 3768 est
3622 3711 3682 3767 in
3706 3709 3875 3768 dolos

2216 3819 2339 3861 rem
2370 3804 2586 3860 mentis
2616 3820 2732 3876 quo
2762 3802 3100 3861 tardaveris.

2213 3893 2248 3947 3
2326 3890 2600 3966 Usquequo
2629 3894 2969 3950 exattabitur
2996 3892 3256 3949 inimicus
3284 3905 3436 3946 meus
3462 3902 3629 3962 super
3655 3904 3741 3946 me
3758 3892 3784 3945 Ρ

2319 3984 2541 4054 Respice
2569 3990 2619 4039 et
2646 3981 2852 4039 exaudi
2877 3997 2982 4049 me,
3016 3981 3242 4038 Domine
3272 3984 3417 4037 Deus
3439 3994 3612 4036 nacus.

2283 4072 2324 4126 C
2353 4070 2687 4139 Inimicum,
2716 4070 3015 4128 diabolum
3044 4067 3309 4141 dicit,qui
3334 4067 3547 4123 dicitur
3575 4064 3870 4125 oxalthtu’e

2211 4163 2345 4217 ante
2375 4160 2688 4217 adventum
2722 4158 2974 4227 Domini,
3007 4174 3143 4215 cum
3180 4155 3476 4231 gaudebat
3503 4156 3576 4213 de
3604 4154 3872 4212 humana

2211 4249 2561 4323 captivitate.
2606 4253 2792 4321 Super
2847 4264 2960 4319 me,
2987 4246 3045 4303 id
3094 4249 3185 4304 est
3233 4250 3414 4319 super
3457 4242 3869 4300 credulitatem

2209 4337 2657 4396 meam.Exaudi
2689 4355 2802 4407 me,
2826 4354 2942 4393 non
2974 4336 3088 4393 sibi
3119 4339 3353 4393 tantum
3380 4332 3690 4391 subvenire
3720 4330 3873 4406 petit

2209 4429 2311 4486 sed
2342 4427 2628 4485 universis
2660 4427 2953 4483 ﬁdelibus.
2988 4426 3252 4499 Respice,
3285 4425 3359 4481 ad
3408 4422 3567 4480 illud
3605 4420 3871 4479 referen-

2207 4519 2383 4587 dum;
2417 4534 2723 4591 usquequo
2754 4515 2969 4573 avertis
2999 4514 3208 4572 faciem
3239 4518 3401 4571 tuam
3435 4530 3471 4568 a
3499 4527 3613 4569 me.
3641 4511 3866 4568 Exaudi

2126 4621 2174 4686 Β
2204 4624 2357 4676 vero,
2391 4609 2461 4663 ad
2494 4606 2636 4663 illud
2670 4606 2827 4679 quod
2858 4605 3000 4663 dicit
3028 4604 3088 4661 in
3113 4602 3303 4677 capite
3342 4600 3557 4676 psalmi
3593 4617 3609 4659 :
3641 4614 3865 4673 aequas

2208 4712 2324 4769 quo
2353 4694 2712 4753 obliviscaris
2739 4711 2834 4751 me
2860 4694 2923 4751 in
2953 4694 3151 4751 tinem.

2201 4786 2235 4840 4
2306 4786 2571 4842 litamina
2599 4785 2779 4842 oculos
2824 4799 2971 4840 meos
3018 4797 3087 4841 ne
3129 4796 3378 4856 unquam
3426 4779 3770 4838 obdormiens
3797 4780 3862 4836 in

2374 4879 2548 4932 morte
2579 4892 2599 4931 .·

2304 4963 2597 5037 Nequando
2625 4962 2772 5020 dicat
2798 4963 3057 5019 inimicus
3093 4976 3248 5019 meus
3276 4982 3296 5019 :
3328 4960 3615 5020 Prmalui
3658 4956 3858 5015 advers

2376 5069 2466 5110 sus
2492 5069 2636 5109 eum.
3076 5104 3079 5107 λ

2266 5141 2307 5198 C
2336 5141 2488 5198 Dum
2516 5140 2662 5215 petit
2691 5139 3015 5198 illuminari
3045 5139 3266 5209 oculos,
3290 5137 3487 5197 cordis
3524 5137 3728 5195 contos
3755 5135 3858 5192 di:-

2197 5232 2295 5301 cit,
2329 5232 2430 5304 qui
2461 5229 2840 5287 obdormiunt
2870 5231 2931 5287 in
2961 5234 3169 5301 morte,
3192 5227 3594 5303 quandoﬁdci
3625 5225 3857 5282 lumine

2194 5320 2446 5395 sepulto,
2480 5319 2700 5378 carnali
2742 5318 3122 5377 delectatione
3169 5316 3562 5387 clauduntur;
3592 5317 3719 5389 ipse
3760 5318 3861 5372 est

2192 5411 2351 5468 enim
2383 5427 2650 5478 somnus,
2681 5409 2753 5466 de
2783 5426 2896 5483 quo
2922 5409 3156 5467 laetatur
3181 5408 3481 5465 inimicus.
3512 5403 3854 5472 Inimicum;

2190 5499 2491 5558 diabolum
2523 5499 2663 5556 dicit
2691 5504 2748 5557 et
2776 5497 3015 5573 angelos
3044 5500 3455 5572 ejus,qnorum
3483 5492 3857 5555 consuetudo.

2190 5595 2280 5649 est
2308 5590 2593 5649 insultare
2623 5589 2765 5647 dum
2796 5588 3058 5662 capiunt,
3077 5592 3135 5645 et
3162 5588 3418 5661 gaudere
3461 5587 3605 5645 dum
3635 5584 3852 5660 decepé

2189 5686 2280 5740 tos
2310 5698 2344 5740 a
2374 5697 2434 5739 se
2467 5678 2843 5754 cognoverint
2873 5676 3179 5755 possideri.
3658 5684 3661 5687 '
