4122 6184
214 388 287 452 ει
1463 382 1893 451 exposmo
1939 380 2485 451 PSALMORUM.
3082 360 3089 365 ’
3620 389 3699 454 82

215 522 254 582 5
363 520 481 594 Qui
508 519 789 580 bibulam
810 535 896 579 me
924 517 1291 580 exsultabant
1318 519 1371 579 si
1393 527 1571 578 motus
1598 519 1756 592 fuero
1785 535 1803 573 :

362 629 465 686 ego
497 621 690 671 autem
717 613 780 669 in
806 611 1192 690 misericordia
1225 620 1327 671 tua
1351 612 1582 685 speravi.

291 703 338 761 C
369 703 772 762 Exsultabunt
803 702 852 758 si
885 705 1086 758 motus
1111 701 1312 771 fuero,
1337 702 1390 758 id
1418 698 1575 757 estsi
1601 716 1636 756 a
1655 702 1713 755 te
1746 697 1920 754 fuero

221 794 458 851 divisus
507 808 618 866 per
671 789 1149 848 incredulitatem
1198 790 1292 847 vel
1342 794 1650 864 pacatum;
1685 786 1922 844 inimici

222 882 578 940 eﬁiciuntur
606 879 743 937 lasti.
767 884 832 936 In
866 884 973 936 tua
1002 879 1416 937 misericordia
1443 878 1605 948 dicit,
1639 877 1784 951 quia
1813 875 1924 951 qui

221 971 473 1028 aliunde
502 985 678 1027 suam
708 984 871 1043 spem
912 969 1087 1043 ponit
1133 968 1258 1027 nisi
1302 969 1359 1024 in
1389 969 1596 1037 Deum,
1629 984 1740 1024 sua
1770 967 1924 1024 ﬁdes

220 1077 412 1118 vacua
430 1064 548 1119 est.
574 1060 620 1117 Ο
640 1059 824 1117 virtus
842 1058 982 1119 ﬁdei
1005 1062 1067 1115 et
1089 1058 1347 1115 ﬁrmitas
1376 1074 1592 1132 magna
1620 1056 1923 1115 credentis

222 1152 284 1209 in
324 1167 471 1209 eum
502 1150 741 1208 credere
771 1166 805 1206 a
828 1166 948 1222 quo
979 1165 1089 1222 pro
1122 1152 1285 1206 certo
1317 1150 1425 1206 scit
1454 1164 1627 1221 posse
1658 1147 1877 1206 salvari
1904 1148 1916 1204 ε

221 1242 259 1297 6
368 1240 695 1299 Basiliam
719 1254 812 1296 cor
831 1255 1021 1296 meum
1050 1241 1113 1295 in
1143 1240 1385 1296 salutari
1415 1247 1507 1296 tuo
1537 1257 1556 1295 :

368 1330 627 1389 ϐακταὺο
652 1329 883 1386 Domine
911 1329 1080 1401 qui—3
1111 1328 1257 1385 bona
1296 1335 1310 1394 ζ
1356 1330 1553 1386 tribuit
1579 1330 1721 1387 mihi
1743 1335 1829 1396 :-3
1867 1337 1920 1386 et

447 1420 699 1477 Psallam
724 1420 955 1476 nomini
983 1420 1221 1475 Domini
1249 1420 1506 1475 altissimi
1546 1425 1560 1485 ζ

294 1510 340 1567 C
372 1510 635 1567 Interior
664 1508 846 1565 homo
878 1507 1148 1564 salutare
1177 1507 1279 1563 Dei
1310 1512 1707 1581 conspexerat,
1737 1526 1916 1582 quem

227 1615 473 1658 eernere
491 1597 769 1672 cupiebat
788 1596 1140 1656 carnalibus
1161 1596 1367 1653 oculis.
1390 1597 1672 1665 Cantabo,
1692 1596 1919 1656 scilicet

230 1690 403 1747 corde
424 1689 529 1745 ubi
554 1688 737 1745 nimis
756 1684 965 1746 latitia
980 1685 1414 1760 complebatur.
1444 1688 1701 1744 Psallam
1723 1689 1916 1762 operi-

229 1779 342 1837 bus
369 1777 571 1847 bonis,
600 1777 759 1850 quod
786 1776 1050 1833 maxime
1080 1775 1364 1833 Divinitas
1387 1778 1614 1850 querit.

734 1882 950 1924 ORATIO
989 1883 1062 1921 EX
1112 1883 1271 1922 PSAL.
1312 1884 1408 1923 XII.

298 1956 384 2015 Ne
402 1958 636 2013 avertas
658 1954 873 2012 faciem
896 1958 1063 2011 tuam
1082 1971 1117 2011 a
1131 1955 1322 2025 nobis,
1337 1957 1709 2032 omnipotens
1730 1957 1911 2026 Deus,

232 2064 307 2104 ne
336 2045 567 2104 inimici
599 2045 788 2104 nostri
821 2044 1164 2101 exaltentur
1206 2046 1481 2104 adversus
1512 2065 1658 2117 nos;
1692 2048 1795 2104 sed
1829 2048 1912 2105 ita

232 2152 330 2195 sor
355 2139 634 2193 nostrum
684 2134 977 2192 salutaris
1023 2134 1113 2191 tui
1163 2134 1548 2193 exsultatione
1595 2138 1905 2211 perfunde,

233 2230 297 2283 ut
323 2225 510 2284 facias
540 2240 821 2282 somnum
855 2222 1131 2281 secundae
1156 2224 1360 2281 mortis
1382 2227 1638 2284 evadere.
1664 2227 1772 2284 Per
1792 2228 1905 2284 Do-

234 2316 463 2373 minum
496 2319 791 2372 nostrum.

809 2402 1145 2461 PSALMUS
1184 2402 1329 2460 XIII.

687 2510 1100 2552 ARGUMENTUM
1138 2509 1293 2550 PSAL.
1331 2510 1451 2549 XIII.

237 2674 485 2733 minime
514 2674 917 2741 crediderunt,
949 2672 1112 2729 inani
1171 2688 1272 2727 eos
1320 2672 1703 2745 trepidatione
1762 2673 1905 2729 dicit

236 2763 522 2821 confundi
554 2763 656 2837 qui
690 2762 1065 2820 fructudsum
1112 2759 1386 2817 timorem
1433 2762 1663 2818 Domini
1695 2778 1905 2836 cogno-

236 2869 399 2910 scere
420 2852 763 2923 noluerunt,
791 2867 996 2909 eorum
1019 2850 1080 2906 in
1100 2850 1221 2921 ﬁne
1242 2849 1435 2907 saeculi
1465 2851 1904 2908 conversionem

238 2942 594 3016 praedicens.

382 3033 500 3089 TT.
535 3031 599 3087 In
626 3032 795 3105 ﬁnem
818 3034 875 3098 -ῖ
922 3031 1178 3088 Psalmus
1220 3034 1235 3096 ζ
1278 3028 1466 3085 David.

309 3121 356 3178 ϐ
384 3120 550 3179 Finis
594 3121 893 3177 Christum
944 3120 1268 3195 signiﬁcat,
1300 3118 1428 3174 ideo
1460 3119 1789 3192 frequenter
1820 3138 1909 3177 re-

240 3211 484 3285 petitur,
507 3215 577 3267 ut
597 3226 829 3283 semper
851 3210 923 3267 ad
944 3209 1423 3282 Omnipotentem
1460 3208 1753 3266 audientis
1781 3210 1907 3265 ani-

243 3279 379 3356 mus
408 3300 695 3374 erigatur.
725 3279 767 3356 ἶ]
796 3299 1066 3356 Psalmus
1095 3279 1229 3364 iste,
1257 3296 1588 3353 Judaaorum
1609 3300 1907 3356 vesaniam
1939 3279 1981 3346 (ἶ

242 3389 579 3446 vehementi
600 3388 992 3463 increpatione
1002 3386 1453 3460 castigat,asper
1464 3384 1908 3456 invectionibus,

245 3477 529 3535 terribilis
576 3477 856 3551 profanis,
902 3493 1146 3534 amarus
1194 3473 1533 3542 incredulis,
1566 3478 1631 3531 ut
1670 3475 1792 3533 haec
1819 3477 1909 3533 in-

246 3566 506 3640 crepatio
537 3564 746 3622 merito
782 3566 956 3623 detur
983 3562 1283 3622 Ecclesiae.

250 3656 277 3712 1
386 3655 551 3713 Dixit
872 3657 933 3713 in
960 3656 1121 3713 corde
1148 3668 1251 3710 suo
1280 3671 1298 3708 :

390 3743 513 3800 Non
536 3751 619 3800 est
644 3745 802 3801 Deus.

315 3834 361 3888 C
386 3831 613 3890 Videns
643 3832 871 3907 populis
898 3833 1244 3890 Judeeorum
1282 3829 1579 3887 Christum
1612 3830 1915 3891 humiliter

246 3921 483 3978 venisse
513 3920 662 3977 dixit
692 3937 705 3975 ε
737 3921 861 3978 Non
909 3926 1000 3979 est
1046 3922 1230 3987 Deus,
1265 3935 1370 3975 nec
1397 3918 1679 3975 intellexit
1718 3920 1912 3994 ipsum

247 4024 382 4067 esse
420 4010 525 4083 qui
556 4027 591 4066 a
610 4009 906 4084 prophetis
937 4010 1254 4085 praedictus
1280 4011 1388 4064 est.
1412 4009 1483 4063 Et
1513 4007 1643 4065 ideo
1674 4008 1916 4084 insuper

248 4099 495 4173 gravius
524 4102 633 4167 est,
656 4098 793 4172 quia
820 4099 1099 4156 dixerunt
1128 4098 1241 4154 hoc
1273 4114 1389 4153 non
1411 4098 1471 4152 in
1492 4096 1686 4171 labiis,
1720 4101 1822 4157 sed
1854 4102 1915 4157 in

247 4189 449 4258 corde,
484 4192 553 4244 ut
583 4187 736 4245 malo
764 4194 894 4247 voto
928 4191 1094 4263 pejor
1122 4187 1505 4245 incredulitas
1544 4190 1913 4264 jungeretur.

248 4281 297 4335 Α
322 4277 433 4335 Vel
472 4276 758 4352 insipiens
803 4279 983 4336 etiam
1030 4276 1268 4354 gentilis
1319 4277 1552 4347 dicitur,
1585 4279 1768 4336 Deum
1801 4299 1918 4339 non

250 4384 386 4425 esse
416 4370 659 4442 putans,
688 4367 789 4440 qui
819 4372 1134 4441 corruptus
1169 4370 1258 4424 est
1287 4372 1505 4437 mente,
1547 4366 1771 4442 lignum
1804 4372 1918 4427 sibi

251 4456 448 4513 Deum
482 4452 720 4512 faciens.

244 4549 282 4601 2
398 4545 662 4616 Corrupti
701 4553 828 4602 sunt
854 4554 905 4603 et
935 4547 1339 4603 abominabiles
1386 4547 1529 4619 facti
1561 4555 1690 4604 sunt
1722 4549 1780 4604 in
1811 4557 1921 4606 stu-

480 4632 670 4699 diis-5
710 4636 880 4700 suis:

403 4723 527 4779 Non
572 4731 651 4778 est
694 4725 788 4797 qui
833 4724 1003 4795 faciat
1049 4725 1330 4791 bonum—5
1378 4743 1488 4783 non
1532 4735 1609 4783 est
1658 4744 1827 4801 usque
1854 4727 1925 4785 ad

482 4827 657 4868 unum
699 4818 748 4877 ζ.

334 4899 383 4956 II
414 4898 481 4955 Si
513 4899 674 4955 enim
704 4900 970 4957 notitiam
997 4900 1348 4960 habuissent
1378 4904 1503 4979 Dei,
1528 4905 1785 4978 corrupti
1823 4922 1928 4979 per

258 4985 681 5046 inﬁdelitatem
711 4996 765 5045 et
796 4988 1240 5061 abominabiles,
1274 4992 1331 5049 id
1381 4997 1470 5050 est
1516 4993 1762 5051 odibiles
1811 5012 1924 5052 non

257 5078 551 5135 fuissent.
581 5074 706 5131 Non
735 5081 826 5133 est
870 5094 1058 5152 usque
1104 5080 1175 5135 ad
1207 5096 1414 5138 unum.
1445 5083 1487 5139 C
1517 5084 1734 5139 Revera
1764 5084 1927 5141 solus

258 5167 542 5225 Christus
572 5167 683 5232 est,
715 5165 839 5222 sine
868 5183 987 5239 quo
1017 5166 1252 5241 aliquod
1298 5171 1521 5227 bonum
1550 5171 1638 5228 vel
1669 5170 1927 5246 incipere

258 5254 353 5313 vel
398 5252 650 5327 implere
695 5253 894 5311 nullus
942 5254 1112 5312 valet.
1145 5257 1272 5314 Alia
1299 5257 1493 5316 littera
1531 5258 1708 5317 habet
1740 5279 1753 5316 :
1787 5261 1921 5317 ϐοτ-

264 5342 432 5418 rupti
483 5345 627 5398 sunt
673 5341 731 5397 in
775 5342 1176 5402 voluntatibus
1227 5347 1371 5403 suis.
1405 5348 1687 5405 Voluntas
1730 5354 1926 5408 autem

264 5434 432 5490 dicta
458 5434 552 5489 est
580 5448 614 5487 a
642 5432 843 5501 volatu,
879 5432 1155 5505 quoniam
1188 5435 1423 5493 animus
1453 5454 1566 5509 quo
1591 5437 1717 5494 vult
1748 5439 1931 5495 nimia

265 5521 583 5579 velocitate
607 5520 973 5577 transfertur.
1007 5522 1273 5596 Corrupti
1320 5524 1499 5598 igitur
1544 5531 1683 5583 sunt
1718 5527 1931 5597 Judmi,

267 5611 421 5668 dum
444 5622 479 5665 a
498 5608 935 5682 Scripturarum
957 5610 1207 5668 sanitate
1239 5614 1589 5682 recedentes,
1615 5616 1667 5669 in
1690 5616 1933 5671 vitiosos

271 5714 493 5758 sensus
525 5696 879 5771 inciderunt,
909 5703 969 5757 et
999 5699 1079 5758 ita
1107 5700 1529 5759 nefandissima
1558 5704 1937 5761 incredulitate

1941 1904 1991 1969 B

1949 513 2007 585 Α
2035 520 2355 596 ma‘culati,
2378 523 2436 580 in
2454 504 2684 597 painam
2707 521 2923 597 peccati
2945 522 3122 583 etiam
3139 523 3255 582 Deo
3273 523 3698 583 abominabiles

2029 609 2182 670 facti
2215 617 2372 671 sunt.

2030 701 2063 757 3
2186 708 2453 763 Dominus
2480 706 2545 762 de
2564 706 2698 762 calo
2720 706 2999 778 prospexit
3022 720 3185 776 super
3211 705 3355 777 ﬁlios
3384 704 3697 767 hminum:

2188 798 2253 854 Ut
2278 795 2458 852 videat
2486 797 2540 851 si
2566 802 2644 851 est
2672 796 2999 865 intelligens,
3035 802 3129 850 aut
3170 796 3458 867 requirens
3498 797 3689 851 Deum.

2108 883 2152 940 C
2174 885 2470 958 Prospexit
2490 883 3020 951 Dominus,scilicet
3035 886 3099 938 ut
3115 883 3283 940 nobis
3297 884 3553 940 mitteret
3567 884 3693 941 uni-

2030 973 2300 1045 genitum
2324 973 2536 1031 Filium
2569 974 2963 1046 suum.Super
2983 972 3155 1042 ﬁlios,
3171 972 3229 1028 id
3250 976 3337 1029 est
3360 972 3686 1030 humanum

2030 1077 2240 1137 genus.
2274 1064 2320 1120 H
2351 1063 2424 1119 Ut
2462 1062 2654 1119 videre
2710 1066 2943 1118 sanctos
2992 1078 3131 1117 suos
3180 1060 3371 1129 faciat,
3406 1077 3509 1134 per
3539 1079 3688 1135 quos

2030 1153 2291 1227 respicit,
2322 1157 2379 1210 et
2409 1152 2466 1207 in
2499 1150 2715 1224 quibus
2757 1150 3004 1218 habitat,
3033 1151 3081 1207 si
3112 1150 3188 1207 sit
3216 1149 3471 1223 sapiens.
3505 1152 3547 1206 C
3577 1151 3683 1218 Qui

2030 1243 2216 1300 Deum
2248 1246 2442 1299 mente
2476 1240 2764 1314 intelligat
2788 1256 2918 1297 esse
2945 1257 3148 1296 verum
3179 1240 3363 1296 Deum
3408 1243 3466 1295 et
3495 1238 3687 1296 homi-

2029 1350 2186 1406 nem,
2219 1336 2277 1389 et
2305 1332 2565 1404 requirat
2596 1331 2931 1404 operatione
2962 1329 3168 1397 Deum,
3203 1329 3498 1400 sequendo
3524 1344 3687 1385 man-

2028 1425 2165 1480 data
2195 1425 2344 1497 ejus,
2382 1426 2444 1477 ut
2474 1421 2545 1477 ab
2576 1421 2703 1493 ejus
2732 1418 3027 1476 voluntate
3070 1435 3185 1474 non
3231 1417 3537 1490 discrepet.
3569 1418 3681 1473 Sed

2026 1513 2168 1586 quid
2190 1512 2444 1570 viderint
2465 1510 2651 1567 sancti
2676 1510 2799 1581 Dei,
2823 1526 2927 1583 per
2956 1524 3103 1581 quos
3135 1508 3288 1564 Deus
3318 1505 3509 1562 videre
3540 1506 3681 1561 dici-

2023 1606 2142 1672 tur,
2176 1601 2399 1667 subdit,
2429 1617 2635 1656 omnes
2666 1599 3124 1663 declinaverunt,
3156 1601 3265 1654 etc.

2025 1693 2056 1747 4
2172 1691 2365 1747 Omnes
2393 1689 2823 1755 declinaverunt,
2855 1689 3024 1743 simul
3070 1686 3295 1742 inutiles
3339 1685 3475 1756 facti
3505 1689 3634 1739 sunt
3663 1701 3682 1737 :

2167 1783 2291 1836 Non
2339 1788 2419 1835 est
2465 1782 2563 1853 qui
2605 1781 2779 1852 faciat
2828 1780 3045 1835 bonum.
3082 1777 3199 1833 Non
3254 1781 3333 1831 est
3389 1788 3558 1845 usque
3612 1770 3683 1827 ad

2240 1886 2434 1925 unum.

2094 1959 2137 2015 C
2166 1959 2273 2016 Hic
2331 1958 2471 2015 dicit
2528 1975 2753 2024 omnes,
2784 1957 2843 2013 id
2891 1961 2981 2013 est
3026 1960 3237 2021 totum,
3285 1956 3342 2008 et
3389 1951 3685 2024 signiﬁcat

2021 2052 2276 2122 partem.
2309 2048 2773 2116 Declinaverunt,
2798 2044 3023 2101 scilicet
3043 2061 3076 2100 a
3095 2041 3282 2116 gratia
3303 2040 3425 2108 Dei,
3459 2044 3517 2096 et
3548 2040 3681 2095 facti

2021 2142 2167 2195 sunt
2183 2137 2421 2193 inutiles
2442 2138 2553 2193 sibi
2581 2140 2637 2193 et
2662 2133 2992 2193 aliis.Tanti
3015 2132 3171 2189 enim
3196 2133 3251 2187 et
3270 2133 3354 2186 tot
3375 2130 3445 2185 de
3465 2127 3683 2184 Judaeis

2019 2226 2194 2301 impii
2227 2228 2484 2294 fuerunt,
2508 2229 2573 2282 ut
2594 2241 2740 2299 pene
2762 2240 2967 2281 omnes
2989 2221 3194 2296 perﬁdi
3225 2236 3353 2276 esse
3376 2235 3442 2275 ac
3464 2217 3683 2291 perisse

2017 2319 2392 2390 putarentur.
2425 2317 2471 2372 A
2500 2314 2779 2371 Similiter
2821 2314 2893 2369 de
2940 2311 3234 2386 gentibus,
3269 2323 3474 2363 omnes
3504 2306 3683 2380 igitur

2014 2423 2143 2463 non
2190 2406 2526 2481 intelligunt
2581 2420 2687 2461 nec
2729 2401 3058 2476 requirunt,
3092 2400 3192 2457 sed
3242 2396 3679 2454 declinaverunt

2012 2498 2146 2554 tam
2176 2497 2363 2555 Judzei
2394 2512 2570 2569 quam
2601 2492 2868 2569 gentiles.

301 2584 345 2642 C
371 2583 636 2642 Ecclesia
677 2584 918 2642 Judeos
973 2582 1287 2656 increpans
1334 2582 1432 2655 qui
1482 2582 1603 2639 viso
1655 2583 1901 2640 Domino
2009 2586 2052 2641 5
2127 2594 2183 2654 -ξ
2226 2587 2549 2661 Sepulcrum
2569 2590 2761 2657 patens
2789 2590 2867 2640 est
2896 2590 3087 2653 guttur
3114 2597 3303 2638 eorum
3345 2586 3392 2644 ζ.

3436 2582 3491 2642 ο-Ξ
3536 2577 3673 2632 Lin-

2233 2680 2358 2749 guis
2385 2678 2505 2733 suis
2531 2674 2711 2731 dolose
2740 2675 2978 2743 agebant
3019 2679 3067 2739 ζ.

2126 2775 2181 2833 -ξ
2231 2771 2500 2824 Venenum
2528 2763 2782 2838 aspidum
2809 2764 2910 2818 sub
2940 2762 3103 2819 labiis
3132 2776 3336 2817 eorum.

2091 2858 2133 2914 C
2153 2858 2355 2914 Merito
2366 2872 2503 2929 ergo
2520 2851 2861 2926 sepulcrum
2878 2853 3100 2908 dictum
3117 2852 3206 2906 est
3220 2852 3424 2923 guttur
3438 2861 3638 2904 eorum
3661 2860 3674 2899 :

2018 2948 2122 3019 qui
2154 2946 2463 3021 pestiferos
2515 2958 2820 3000 sermones
2870 2941 3262 3015 proferebant,
3297 2939 3450 2993 sicut
3479 2932 3679 3008 sepul-

2020 3052 2188 3093 crum
2235 3036 2445 3092 fetidos
2492 3034 2700 3089 odores
2753 3030 3006 3087 exhalat.
3042 3028 3284 3101 Linguis
3328 3025 3452 3082 suis
3483 3022 3681 3079 dolose

2021 3125 2293 3197 agebant,
2321 3123 2537 3196 quibus
2570 3118 2871 3176 mortifera
2899 3119 3075 3175 verba
3104 3116 3515 3188 loquebantur.
3530 3111 3680 3183 Aspi-

2019 3214 2153 3269 dum
2184 3212 2442 3268 immane
2473 3226 2659 3285 genus
2704 3211 2795 3265 est
2832 3206 3213 3280 serpentium,
3239 3203 3394 3276 quod
3427 3198 3678 3257 naturali

2021 3302 2415 3359 obstinatione
2437 3301 2613 3357 verba
2628 3297 3062 3355 incantantium
3082 3293 3424 3368 perhibetur
3445 3308 3559 3348 non
3584 3290 3679 3346 ad-

2020 3391 2272 3459 mittere,
2304 3408 2408 3447 nec
2440 3408 2474 3445 a
2509 3392 2641 3444 voto
2691 3405 2801 3445 suo
2846 3388 3036 3460 potest
3080 3382 3385 3449 removeri,
3418 3384 3476 3437 et
3521 3378 3677 3452 quod

2020 3496 2136 3537 non
2166 3480 2319 3537 valet
2348 3479 2464 3535 ullo
2496 3477 2756 3535 carmine
2788 3474 3066 3549 mitigari,
3118 3472 3271 3528 sicut
3322 3469 3438 3527 alia
3466 3484 3679 3544 genere

2021 3571 2361 3642 serpentina
2383 3587 2397 3637 ;
2422 3568 2577 3641 quod
2613 3565 2909 3644 signiﬁcat
2938 3562 3287 3619 surditatem
3318 3558 3676 3617 mortiferam

2019 3657 2379 3714 Judzeorum.
2396 3656 2703 3712 Venenum
2721 3654 2944 3711 dictum
2962 3654 3051 3707 est
3068 3651 3219 3723 quod
3242 3665 3532 3723 pervenas
3553 3664 3680 3703 cur-

2022 3751 2150 3816 rat;
2184 3747 2271 3803 sic
2317 3750 2376 3802 et
2421 3750 2554 3801 vota
2601 3742 2997 3817 malignorum
3056 3739 3285 3796 occulta
3328 3736 3678 3812 cogitatione

2022 3841 2389 3909 grassantur.

2020 3926 2057 3979 6
2126 3930 2183 3991 -Ξ
2229 3928 2471 3994 Quorum
2494 3940 2551 3980 os
2571 3920 2954 3977 maledictione
2979 3926 3031 3975 et
3057 3918 3430 3975 amaritudine
3454 3916 3681 3989 plenum

2235 4023 2314 4069 est
2356 4019 2368 4078 ζ
2389 4032 2408 4068 .-

2128 4108 2183 4168 -ξ
2233 4103 2436 4159 Veloees
2504 4099 2664 4174 pedes
2740 4114 2929 4155 eorum
2978 4097 3050 4152 ad
3104 4095 3491 4169 effundendum
3551 4109 3681 4148 san-

2236 4194 2458 4265 guinem
2500 4196 2547 4256 ζ.

2097 4282 2156 4338 C.
2181 4283 2441 4347 Quorum
2463 4295 2550 4347 os,
2576 4276 2633 4331 id
2657 4280 2746 4333 est
2764 4271 3365 4345 Judaeorum,quando
3387 4285 3491 4342 pro
3514 4266 3682 4323 bonis

2028 4368 2529 4427 admonitionibus
2578 4363 3068 4436 blasphemabant
3105 4359 3424 4416 Christum.
3456 4354 3680 4411 Amari-

2029 4458 2251 4525 tudine,
2284 4473 2421 4511 cum
2454 4455 2524 4510 de
2556 4468 2695 4509 nece
2750 4452 2878 4523 ejus
2927 4449 3278 4527 tractabant.
3316 4447 3512 4513 Pedes,
3546 4462 3682 4501 con-

2030 4546 2144 4603 silii
2178 4560 2523 4619 progressus
2556 4540 2831 4615 appellat,
2865 4539 3084 4611 quibus
3126 4539 3199 4594 de
3227 4538 3457 4610 incepto
3488 4550 3683 4592 move-

1952 4654 2000 4712 ι)
2031 4654 2165 4691 mur
2194 4634 2266 4689 ad
2296 4634 2487 4688 exitus
2517 4648 2735 4686 rerum.
2770 4629 2914 4684 Cum
2953 4625 3115 4693 dicit,
3148 4626 3395 4693 veloces,
3430 4623 3699 4680 defuisse.

2033 4724 2149 4780 illis
2171 4722 2429 4779 ostendit
2448 4718 2695 4777 consilia
2716 4714 3245 4773 moderationis.Ad
3267 4712 3683 4769 effundendum

2032 4813 2401 4887 sanguinem,
2431 4809 2489 4865 id
2521 4812 2610 4865 est
2637 4805 2870 4864 Domini
2900 4802 3214 4860 Salvatoris
3243 4806 3301 4857 et
3328 4814 3590 4867 suorum,
3622 4801 3689 4852 ut

2034 4884 2321 4958 sceleratae
2346 4900 2427 4957 rei
2450 4902 2674 4955 crescat
2705 4894 3046 4951 immanitas
3075 4888 3344 4954 actionis,
3367 4888 3509 4941 dum
3541 4888 3598 4941 et
3628 4884 3687 4939 in

2034 4991 2349 5048 Dominum
2380 4989 2733 5043 Salvatorem
2767 4998 2978 5039 manus
3008 4978 3210 5035 noxias
3241 4975 3530 5049 injiciunt.

2033 5082 2068 5135 7
2139 5084 2195 5144 με
2241 5078 2506 5134 Contrztio
2552 5083 2602 5130 et
2650 5073 2948 5145 infelicitas
2995 5070 3054 5123 in
3099 5068 3206 5123 viis
3252 5082 3441 5124 eorum
3478 5071 3496 5135 ζ
3536 5069 3592 5131 -Ξ
3636 5059 3693 5123 ei

2248 5167 2394 5221 viam
2413 5165 2568 5236 pacis
2595 5178 2705 5218 non
2732 5165 3098 5230 cognoverunt
3139 5161 3191 5223 ξε

2139 5262 2195 5323 ρ-ξ
2238 5260 2357 5313 Νοη
2388 5260 2467 5308 est
2497 5254 2660 5307 timor
2685 5251 2784 5305 Dei
2810 5257 2934 5304 ante
2962 5247 3143 5304 oculos
3175 5262 3363 5304 eorum
3404 5252 3451 5310 I-

2108 5346 2154 5401 Η
2186 5342 2485 5407 Contritio,
2515 5338 2735 5397 scilicet
2793 5336 3053 5411 corporis
3111 5336 3469 5402 Judarorum,
3500 5333 3689 5389 infeli-

2038 5436 2187 5491 citas
2219 5432 2446 5490 animze.
2470 5434 2535 5483 In
2564 5428 2695 5495 viis,
2732 5428 2790 5481 in
2820 5427 3093 5500 operibus
3124 5442 3349 5481 eorum.
3376 5422 3535 5478 Cur?
3557 5422 3694 5493 quia

2038 5524 2191 5580 viam
2223 5521 2403 5596 pacis,
2432 5519 2489 5575 id
2520 5522 2610 5574 est
2655 5516 2952 5573 Christum
2986 5533 3102 5571 non
3136 5514 3553 5587 cognoverunt,
3587 5525 3691 5564 nec

2044 5631 2146 5687 per
2171 5612 2343 5667 ﬁdem
2378 5627 2483 5665 nec
2516 5625 2617 5681 per
2648 5624 2839 5680 opera.
2869 5603 3243 5677 Quare?quia
3271 5618 3383 5657 non
3408 5603 3498 5656 est
3518 5597 3693 5652 timor

2045 5702 2143 5758 Dei
2170 5702 2229 5757 in
2262 5716 2438 5756 sensu
2497 5713 2719 5765 ecrum,
2756 5713 2868 5753 non
2911 5694 3067 5752 enim
3120 5694 3385 5748 metuunt
3429 5689 3690 5745 futurum
