4122 6184
437 373 516 436 83

1352 372 1416 434 ς.
1463 371 1857 435 BRUNONIS
1903 354 2521 438 IlEltBIPt)LENSIS
2565 369 2939 436 EPISCOPI.

3774 370 3856 434 84

426 507 744 582 judicium.
787 506 968 566 C.Via
1001 507 1314 580 impiorum
1347 491 1616 562 contritii)
1643 511 1753 572 est,
1787 506 1927 578 quia
1955 507 2090 562 terit
2116 512 2171 578 Α
2202 509 2552 582 prepheticze
2600 505 3038 580 interrogationi
3088 505 3410 578 respondet'
3454 504 3758 574 Dominus,
3793 507 3852 564 in‘

434 601 494 653 et
518 597 766 665 teritur;
796 595 1223 668 infelicitasque
1252 594 1308 650 in
1341 611 1410 650 ea
1452 599 1560 662 est,
1594 594 1732 668 quia
1780 608 2086 668 nunquam

431 703 540 758 per
567 685 755 758 ipsam
791 685 904 741 nisi
939 685 1010 740 ad
1043 683 1300 738 infausta
1331 683 1620 756 supplicia
1648 684 2000 756 pervenitur.

431 776 468 830 8
575 781 768 834 Nonne
795 781 1110 847 cognoscent
1162 789 1348 830 omnes
1373 775 1467 846 qui
1493 781 1792 846 operantur
1821 775 2086 846 iniquita-

648 873 795 922 tem:

578 955 684 1022 Qui
709 953 968 1009 devorant
993 953 1206 1024 plebem
1231 970 1409 1010 meam
1436 955 1580 1009 sicut
1604 969 1778 1009 escam
1804 953 1968 1024 panis
1989 951 2017 1007 ?

503 1045 549 1099 Η
584 1047 785 1098 Nonne
833 1045 1208 1114 cognoscent,
1239 1059 1306 1098 ac
1358 1043 1406 1098 si
1439 1041 1595 1098 dicat
1627 1059 1640 1098 :
1673 1029 1732 1098 Si
1765 1041 1937 1098 modo
1969 1057 2084 1096 non

431 1133 783 1204 cognoscent
825 1134 1135 1186 venturam
1185 1129 1490 1200 ultionem,
1524 1133 1878 1204 cognoscent
1907 1129 1964 1184 in
1989 1129 2087 1200 ju-

429 1218 582 1275 dicio
611 1218 712 1291 qui
744 1219 918 1276 modo
949 1218 1104 1274 mala
1132 1223 1465 1292 operantur.
1501 1219 1732 1276 Plebem
1765 1235 1956 1275 meam
1987 1219 2086 1274 de-

428 1310 654 1374 vorant,
678 1307 732 1362 id
765 1310 856 1374 est
887 1307 1141 1362 haeretici
1173 1307 1454 1380 pepulum
1487 1301 1886 1370 Christianum
1917 1308 2088 1364 sedu-

430 1401 592 1463 cunt,
623 1395 710 1452 vel
742 1395 880 1451 mali
926 1395 1201 1452 occidunt
1248 1397 1451 1464 bonos,
1479 1396 1565 1452 vel
1595 1396 1914 1452 idololatria
1956 1413 2085 1452 cre-

431 1485 654 1541 dentes.
673 1485 835 1541 Sicut
855 1483 1057 1540 uullus
1085 1485 1352 1542 esuriens
1383 1487 1510 1542 sine
1541 1503 1690 1560 pane
1720 1487 1867 1544 bene
1897 1490 2089 1559 potest

432 1573 806 1639 saturari,sic
834 1573 1091 1631 haeretici
1123 1591 1422 1649 nunquam
1453 1575 2087 1648 satiauturiniquitati-

429 1662 544 1719 bus
572 1662 722 1729 suis,
753 1661 864 1719 nisi
897 1667 1328 1736 persequantur
1367 1664 1750 1722 Christianos.
1781 1666 1828 1720 A
1855 1665 1958 1721 Vel
1991 1682 2085 1721 sa-

432 1749 654 1807 tiantur
669 1751 1070 1824 persecutione
1086 1751 1574 1821 Christianorum,
1590 1751 1745 1810 sicut
1763 1768 1896 1809 esca
1917 1751 2087 1825 panis

431 1839 681 1896 satiatur
708 1841 996 1898 esuriens.

429 1928 465 1983 9
574 1932 874 1986 Dominum
904 1947 1012 1986 non
1043 1932 1432 1989 invocaverunt
1461 1949 1480 1988 :

573 2020 695 2076 Illic
713 2021 1120 2094 trepidaverunt
1140 2024 1403 2088 timore—3
1440 2023 1538 2078 ubi
1553 2039 1666 2078 non
1693 2030 1810 2078 erat
1829 2023 1992 2078 timor
2033 2028 2082 2088 ζ.

410 2110 416 2115 ’
503 2108 548 2163 H
575 2108 890 2166 Dominum
924 2128 1039 2167 non
1079 2111 1512 2176 invocaverunt,
1549 2111 1596 2168 si
1630 2111 1787 2167 enim
1819 2111 2087 2167 invocas-

431 2199 582 2262 sent,
615 2195 758 2251 salvi
789 2202 1006 2254 essent.
1041 2198 1165 2255 Illic
1215 2199 1655 2272 trepidaverunt
1696 2199 1752 2254 in
1804 2197 1978 2254 idolis
2029 2203 2088 2256 et

429 2285 631 2340 ritibus
679 2285 848 2342 vanis
897 2286 1370 2356 simulacrorum,
1403 2287 1505 2360 qui
1537 2292 1718 2343 Deum
1749 2288 1956 2344 timere
1986 2288 2084 2344 de-

431 2371 666 2429 bebant.
700 2373 742 2430 C
772 2375 838 2430 Et
880 2377 1114 2448 quando
1156 2377 1428 2434 dicebant
1477 2379 1547 2434 de
1595 2377 1828 2434 Christo
1861 2395 1875 2433 :
1905 2376 1962 2432 Si
1997 2377 2085 2433 di-

429 2460 723 2518 mittimus
753 2480 887 2519 eum
915 2465 1019 2533 sic,
1049 2469 1157 2522 etc.

431 2551 501 2606 10
575 2551 846 2620 Quoniam
875 2555 1017 2611 Deus
1059 2557 1118 2611 in
1162 2559 1515 2628 generatione
1550 2557 1702 2630 justa
1749 2565 1828 2613 est
1859 2575 1877 2612 :
1907 2557 2085 2612 consi-

647 2641 788 2698 lium
817 2644 996 2716 inopis
1025 2645 1348 2718 confudistis
1376 2663 1396 2700 :

575 2729 846 2798 Quoniam
873 2735 1138 2791 Doniinus
1165 2752 1285 2807 spes
1313 2737 1429 2808 ejus
1459 2745 1555 2792 est.

504 2821 556 2874 H
585 2819 872 2886 Quoniam
914 2827 1066 2879 Deus
1096 2828 1185 2880 est
1215 2824 1274 2880 in
1298 2825 1670 2898 generatione
1689 2826 1874 2898 justa,
1908 2826 1964 2880 id
1995 2830 2086 2882 est

431 2906 490 2962 in
518 2907 734 2980 populo
776 2909 1124 2968 Christiano.
1156 2914 1197 2970 C
1244 2913 1457 2971 Christi
1508 2914 1819 2972 consilium
1880 2915 2081 2970 confu-

433 2994 623 3065 distis,
659 2997 716 3054 id
757 3005 847 3056 est
865 2999 1164 3074 suscipere
1188 3002 1460 3059 noluistis
1491 3004 1537 3060 H
1568 3003 1814 3060 dicentis
1847 3020 1860 3060 :
1895 3003 2082 3059 Pceni-

429 3082 672 3139 tentiam
703 3085 1066 3160 agite.Inops
1095 3089 1312 3146 dicitur
1339 3091 1629 3157 Christus,
1648 3092 1745 3164 qui
1777 3109 1882 3165 pro
1913 3092 2082 3150 nobis

429 3186 653 3244 pauper
683 3173 873 3232 factus
915 3181 1021 3233 est.
1058 3178 1344 3236 Dominus
1395 3195 1530 3254 spes
1588 3183 1717 3254 ejus
1772 3187 1879 3238 est.
1914 3181 2084 3238 Pater

2197 597 2463 672 Decalogi
2497 596 2830 672 exemplum
2857 611 2872 664 ;
2905 597 3108 652 decem
3154 593 3469 652 virtutibus
3498 593 3571 652 ad
3601 593 3852 652 beatitu-

2196 686 2352 743 dinis
2383 703 2501 744 suae
2535 685 2683 742 atria
2713 683 3020 759 perveniri.

2197 777 2222 831 1
2336 777 2583 844 Domine,
2615 777 2740 848 quis
2767 775 3034 832 habitabit
3061 776 3125 830 in
3155 773 3504 829 tabernaculo
3531 781 3624 830 tuo
3654 792 3672 828 :

2337 865 2443 922 Aut
2469 867 2593 937 quis
2623 867 2920 938 requiescet
2946 866 3004 920 in
3034 870 3214 920 monte
3239 870 3426 919 sancto
3455 862 3591 920 tuo?

2267 953 2308 1008 C
2337 952 2803 1010 Tabernaculum
2828 952 3052 1008 dictum
3073 956 3142 1008 ei
3162 949 3394 1008 duobus
3425 949 3854 1019 nominibus,id

2195 1044 2284 1098 est
2313 1059 2347 1097 a
2373 1042 2618 1098 taberna
2646 1046 2796 1114 (quae
2825 1046 2915 1098 est
2943 1042 3154 1097 domus
3186 1057 3532 1114 pauperum,
3565 1041 3706 1114 quia
3733 1058 3852 1098 non

2196 1130 2388 1188 adhuc
2421 1129 2634 1204 tegulis
2655 1131 2754 1188 sed
2773 1134 3000 1186 tantum
3035 1129 3303 1186 trabibus
3332 1129 3656 1203 tegebatur)
3675 1133 3731 1186 et
3745 1147 3858 1186 cce-

2197 1220 2404 1276 naculo
2435 1219 2596 1294 (quia
2623 1219 2701 1276 ibi
2732 1220 3060 1287 cmnabant,
3099 1220 3250 1275 sicut
3277 1219 3546 1292 antiquis
3571 1235 3700 1275 mos
3729 1225 3857 1276 erat

2196 1309 2372 1365 semel
2407 1310 2464 1365 in
2497 1309 2592 1366 die
2616 1309 2812 1366 cibum
2856 1311 3113 1378 sumere)
3159 1307 3454 1381 signiﬁcat
3501 1307 3854 1366 catholicam

2196 1397 2368 1454 ﬁdem
2403 1397 2462 1453 in
2495 1415 2611 1472 qua
2639 1398 2868 1454 habitat
2899 1402 3104 1455 sancta
3134 1397 3235 1454 Dei
3266 1396 3544 1454 Ecclesia.
3579 1397 3746 1453 Mons
3777 1397 3858 1452 si-

2195 1492 2336 1560 gnat
2366 1489 2624 1544 futuram
2650 1487 2998 1544 Jerusalem.
3022 1489 3068 1542 A
3088 1486 3214 1542 Non
3253 1491 3448 1543 autem
3480 1485 3688 1558 quaerit
3715 1486 3856 1558 quis

2195 1575 2256 1632 in
2287 1576 2545 1634 Ecclesia
2573 1575 2839 1634 absolute
2869 1575 3114 1641 habitet,
3143 1575 3202 1630 in
3233 1592 3349 1648 qua
3377 1577 3436 1632 et
3463 1575 3601 1630 boni
3629 1579 3691 1631 et
3713 1573 3852 1632 mali

2196 1669 2354 1734 sunt,
2389 1667 2488 1722 sed
2516 1666 2992 1722 subaudiendum
3024 1663 3494 1738 reliquit,digne.
3513 1663 3658 1731 Quis
3683 1663 3850 1732 inea,

2196 1754 2415 1812 scilicet
2443 1755 2638 1828 digne,
2671 1755 2911 1812 habitet.
2944 1755 3108 1820 Quod
3162 1768 3232 1810 ex
3277 1769 3346 1810 eo
3377 1753 3661 1826 probatur
3693 1753 3853 1826 quod

2196 1844 2415 1913 subdit,
2447 1849 2550 1901 aut
2579 1843 2732 1917 quis,
2760 1848 2870 1900 etc.
3681 1881 3688 1886 -

2193 1935 2230 1989 2
2337 1935 2450 2004 Qui
2477 1933 2788 2006 ingreditur
2813 1935 2934 1989 sine
2956 1933 3198 2000 macula,

2339 2025 2404 2078 Et
2432 2031 2690 2096 Operatur
2707 2024 3012 2096 justitiam.

2265 2112 2307 2168 C
2338 2112 2568 2186 [ngredi
2600 2111 3042 2168 tabernaculum
3067 2111 3194 2166 sine
3225 2110 3386 2166 omni
3418 2109 3648 2166 macula
3668 2109 3855 2166 solius

2196 2199 2421 2256 Domini
2453 2201 2580 2256 fuit.
2607 2201 2973 2274 Operabatur
3012 2199 3310 2272 justitiam
3348 2216 3362 2254 :
3397 2216 3533 2255 cum
3580 2199 3750 2272 ejecit
3779 2200 3858 2257 de

2193 2289 2414 2362 templo
2443 2291 2761 2346 vendentes
2791 2293 2848 2346 et
2877 2293 3160 2346 ementes.
3196 2289 3242 2346 H
3289 2289 3686 2344 Membrorum
3715 2305 3855 2346 vero

2194 2396 2436 2436 suorum
2457 2384 2568 2446 est,
2591 2379 2718 2435 sine
2739 2378 2974 2435 macula
3003 2375 3225 2450 peccati
3261 2377 3530 2434 mortalis
3560 2378 3854 2449 incedere,

2193 2471 2251 2523 et
2279 2485 2380 2540 per
2407 2467 2770 2541 baptismum
2803 2467 2931 2524 sine
2959 2467 3120 2523 omni
3153 2465 3386 2522 macula
3427 2465 3676 2540 ingredi,
3710 2467 3858 2540 quia

2195 2556 2321 2612 sine
2352 2556 2616 2614 minimis
2645 2573 2774 2613 esse
2805 2571 2920 2612 non
2952 2573 3294 2630 possumus.

2192 2648 2227 2703 3
2334 2649 2448 2717 Qui
2476 2647 2716 2720 loquitur
2743 2647 3025 2702 veritatem
3049 2647 3106 2701 in
3138 2644 3296 2701 corde
3322 2661 3460 2716 suo;

2337 2738 2446 2806 Qui
2470 2753 2579 2792 non
2602 2739 2714 2807 egit
2741 2737 2927 2792 dolum
2951 2736 3009 2790 in
3041 2735 3233 2808 lingua
3262 2751 3386 2792 sua.

2262 2825 2308 2880 H
2344 2824 2509 2882 Multi
2554 2824 2880 2898 loquuntur
2931 2823 3238 2880 veritatem
3285 2822 3476 2891 labiis,
3511 2823 3610 2878 sed
3643 2823 3855 2879 nonin

2191 2915 2384 2981 corde,
2417 2915 2517 2987 qui
2543 2913 2816 2970 videntur
2843 2930 2979 2970 vera
3008 2913 3220 2978 dicere,
3251 2911 3353 2968 sed
3385 2927 3486 2968 cor
3511 2929 3644 2968 cum
3675 2911 3854 2968 labiis

2191 3020 2305 3058 non
2339 3007 2642 3074 consonat,
2675 3003 2831 3076 quod
2862 3001 3162 3058 Christum
3194 3017 3309 3057 non
3341 2999 3493 3056 fecit.
3518 3000 3641 3056 Non
3673 3000 3856 3074 elegit

2191 3091 2391 3148 dolum
2413 3091 2699 3157 Christus,
2724 3091 2863 3164 quia
2883 3107 3011 3163 quae
3033 3090 3267 3146 locutus
3288 3094 3376 3146 est
3395 3107 3514 3161 ore,
3537 3087 3856 3162 complevit

2191 3198 2383 3253 opere.
2418 3181 2520 3238 Ille
2567 3181 2764 3238 dolose
2813 3180 2954 3254 agit,
2985 3180 3085 3254 qui
3138 3178 3294 3237 aliud
3340 3179 3461 3253 agit
3485 3181 3543 3234 et
3571 3177 3728 3234 aliud
3757 3177 3854 3234 di-

427 3259 629 3332 utique
652 3259 803 3329 Filii,
827 3265 967 3336 quia
997 3265 1338 3324 humanitas
1368 3252 1693 3326 confortata
1723 3277 1811 3326 est
1832 3272 1903 3326 de
1933 3271 2082 3326 Divi-
2111 3252 2154 3318 (ἶ
2192 3252 2290 3328 cit.

425 3345 783 3406 nitate.AVel
797 3353 1099 3424 quodlibet
1111 3357 1443 3413 membrum
1457 3357 1666 3414 Christi
1683 3359 2080 3432 existens,qua

423 3435 708 3492 Dominus
739 3453 876 3510 spes
907 3442 1170 3512 ejusdem
1207 3461 1220 3500 :
1255 3445 1392 3500 inde
1447 3448 1841 3502 contemnitur
1889 3448 2080 3520 magis

423 3523 578 3579 unde
610 3525 801 3599 magis
831 3531 1182 3587 reverendus
1209 3537 1382 3590 esset.

421 3612 482 3669 11
561 3615 700 3684 Quis
757 3615 909 3672 dabit
955 3635 1025 3674 ea:
1069 3621 1204 3676 Sion
1248 3624 1498 3680 salutare
1533 3625 1897 3680 IsraelZv'cum
1920 3642 2076 3682 aver-

635 3705 765 3760 terit
793 3705 1056 3764 Dominus
1086 3712 1456 3782 captivitatcm
1478 3713 1658 3784 plebis
1687 3729 1825 3783 suae,

563 3791 876 3850 Exsultabit
901 3798 1062 3853 Iacob
1092 3807 1142 3854 et
1174 3800 1457 3857 Laetabitur
1483 3803 1672 3858 Israel.

493 3877 534 3934 C
564 3879 710 3936 Cum
743 3881 904 3956 dicit,
937 3887 1072 3958 quis
1111 3888 1294 3956 dabit,
1327 3889 1454 3946 vult
1483 3890 1726 3965 intelligi
1760 3893 2075 3949 Dominum

421 3965 672 4035 Patrem,
706 3971 807 4043 qui
850 3975 1161 4032 Dominum
1193 3976 1491 4034 Christum
1525 3979 1582 4034 in
1614 3979 1772 4048 Sion,
1808 3980 1868 4050 id
1895 3986 1984 4037 est
2013 3981 2076 4037 in

418 4055 746 4116 Jerusalem
781 4059 1011 4120 mittere
1042 4064 1316 4139 dignatus
1346 4071 1456 4125 est.
1483 4068 1609 4141 Ipse
1629 4072 1720 4126 est
1737 4073 1950 4127 aeterna
1979 4088 2072 4128 sa-

420 4143 516 4202 lus
546 4147 746 4217 Israel,
780 4149 838 4206 id
883 4155 973 4207 est
1019 4154 1405 4212 credentium.
1447 4157 1598 4213 Dum
1649 4161 1862 4227 avertit,
1896 4159 1953 4215 id
1986 4165 2076 4217 est

417 4232 720 4292 diabolum
769 4239 1154 4310 damnaverit,
1187 4244 1287 4316 qui
1321 4245 1419 4300 Dei
1453 4245 1679 4318 plebem
1712 4247 1982 4320 persequi
2015 4253 2073 4305 et

416 4323 706 4396 captivare
730 4326 984 4384 festinat.
1005 4330 1332 4388 Exsultabit
1350 4333 1550 4402 Jacob,
1565 4335 1622 4390 id
1637 4335 2069 4393 estJudzeorum

415 4415 473 4467 et
499 4411 762 4484 gentium
795 4417 1047 4489 populus
1079 4421 1356 4479 collectus
1387 4439 1488 4496 per
1515 4424 1764 4496 gratiam
1799 4425 1918 4480 Dei.
1950 4426 2069 4482 Lae-

414 4497 637 4555 tabitur
661 4503 865 4570 Israel,
901 4505 1008 4562 hoc
1039 4514 1128 4564 est
1158 4511 1508 4568 universalis
1538 4512 1815 4569 Ecclesia.

907 4611 1113 4652 ORATIO
1153 4615 1222 4654 EX
1260 4615 1417 4655 PSAL.
1459 4617 1580 4656 XIII.

2188 3360 2220 3414 4
2330 3359 2436 3414 Nec
2461 3361 2590 3432 fecit
2612 3359 2870 3432 proximo
2898 3374 2997 3414 suo
3024 3357 3254 3425 nwlum,

2330 3451 2394 3504 Et
2437 3449 2790 3520 opprobrium
2839 3463 2953 3504 non
3005 3448 3214 3519 accepit
3260 3445 3519 3502 adversus
3561 3445 3851 3516 proximos

2397 3555 2524 3594 suos
2532 3579 2544 3592 .

2259 3628 2304 3683 Il
2339 3626 2586 3683 Proximi
2636 3631 2776 3683 sunt
2833 3624 3002 3682 nobis
3051 3641 3256 3680 omnes
3285 3623 3582 3690 homines,
3606 3625 3663 3681 et
3693 3621 3848 3678 nulli

2186 3716 2468 3772 debemus
2498 3715 2720 3771 malum
2756 3717 2963 3771 facere.
2998 3713 3100 3770 Ille
3128 3713 3528 3786 opprobrium,
3554 3711 3610 3767 id
3641 3715 3732 3768 est
3747 3711 3850 3768 de-

2184 3804 2528 3860 tractionem
2578 3821 2696 3860 non
2753 3804 2968 3877 accipit
3007 3805 3080 3859 de
3129 3803 3325 3868 fratre,
3354 3799 3456 3874 qui
3505 3799 3670 3874 prius
3722 3817 3847 3856 non

2185 3895 2366 3949 credit
2399 3892 2553 3950 mala
2581 3894 2653 3950 de
2681 3891 2780 3950 illo
2811 3897 3126 3966 antequam
3155 3889 3502 3964 prohat.Qui
3527 3890 3640 3944 ista
3665 3905 3852 3961 supe-

2185 3982 2308 4037 rius
2368 3983 2792 4056 comprehcnsa
2845 3981 3116 4055 complet,
3176 3979 3273 4035 ille
3325 3977 3550 4034 habitat
3609 3977 3666 4034 in
3723 3977 3851 4034 vita

2182 4073 2417 4128 aeterna.

2178 4159 2216 4214 5
2325 4160 2416 4214 Ad
2445 4158 2688 4215 nihilum
2738 4159 2995 4215 deductus
3035 4165 3115 4214 est
3158 4158 3219 4212 in
3254 4159 3537 4228 conspectu
3564 4153 3682 4226 ejus
3709 4169 3844 4208 ma—

2396 4249 2600 4320 lignus,
3201 4301 3218 4312 ,
3529 4268 3531 4270 ·
3831 4269 3837 4273 ·

2325 4338 2585 4394 Timentes
2615 4343 2797 4392 autem
2824 4337 3119 4392 Dominum
3144 4333 3434 4406 gloriﬁcat.

2252 4426 2297 4482 H
2327 4426 2412 4481 Ad
2443 4425 2693 4481 nihilum
2726 4426 3016 4481 deductus
3046 4427 3135 4480 est
3165 4421 3481 4496 malignus,
3509 4420 3567 4476 id
3595 4423 3688 4476 est
3716 4417 3850 4476 dia-

2177 4513 2363 4583 bolus,
2397 4515 2538 4588 quia
2569 4515 2720 4588 apud
2753 4517 2987 4570 sanctos
3029 4529 3132 4586 pro
3182 4509 3364 4568 nihilo
3411 4509 3681 4566 habetur.
3721 4509 3839 4574 Qui

2102 4622 2146 4688 ι)
2178 4603 2388 4660 timent
2419 4605 2730 4660 Dominum
2759 4603 2967 4659 timore
3008 4607 3229 4670 sancto,
3263 4597 3548 4656 Dominus
3578 4614 3677 4655 eos
3709 4615 3842 4654 ma-
3868 4635 3880 4640 -

485 4675 758 4750 Dignare,
791 4681 1058 4752 Domine,
1090 4687 1160 4742 de
1191 4686 1335 4744 ctelo
1383 4694 1585 4746 sancto
1633 4693 1735 4746 tuo
1784 4692 2068 4764 respicere
2102 4675 2142 4688 υ
2178 4692 2435 4767 gnificat.
2469 4697 2508 4748 C
2537 4693 2638 4748 Vel
2672 4694 2742 4749 ad
2777 4691 3026 4748 nihilum
3060 4691 3350 4748 deductus
3379 4693 3486 4754 est,
3521 4687 3752 4762 quando
3782 4689 3843 4744 ei

413 4781 594 4838 super
623 4767 776 4826 filios
807 4769 1136 4842 hominum,
1165 4781 1221 4832 et
1251 4777 1326 4833 da
1355 4778 1523 4835 nobis
1572 4795 1884 4854 agnoscere
1913 4781 2067 4840 viam

411 4854 595 4927 pacis,
619 4861 702 4926 ut,
725 4876 928 4917 aversa
948 4863 1222 4922 vitiorum
1249 4865 1598 4940 captivitate,
1632 4868 1880 4926 caelestis
1899 4871 2068 4927 Jeru-

411 4941 590 5000 salem
643 4944 980 5006 habitaculo
1039 4953 1429 5024 perfruamur.
1459 4955 1567 5012 Per
1608 4957 1922 5014 Dominum
1970 4975 2068 5015 no-

409 5034 626 5088 strum.

983 5129 1311 5190 PSALMUS
1349 5133 1492 5189 XIV.

860 5232 1011 5274 ARGU
1019 5235 1259 5277 MENTUM
1300 5239 1458 5278 PSAL.
1498 5241 1612 5292 XIV.

477 5297 519 5387 C
550 5298 910 5372 Propheticas
939 5305 1378 5382 interrogationi
1415 5313 1722 5386 respondet
1755 5317 2057 5387 Dominus,

405 5385 466 5440 in
499 5386 767 5462 Decalogi
816 5395 1148 5467 exemplum
1207 5399 1405 5454 decem
1455 5385 1774 5460 virtutibus
1827 5406 1897 5462 ad
1939 5385 2060 5462 suae

404 5474 787 5538 beatitudinis
819 5483 966 5539 atria
1001 5488 1311 5558 perveniri.

923 5575 1039 5631 TT.
1070 5577 1325 5634 Psalmus
1355 5579 1546 5634 David.

473 5655 514 5706 Ο
545 5652 813 5713 Psalmus
849 5661 951 5717 iste
985 5680 1096 5720 non
1133 5665 1525 5738 profunditate
1555 5667 1784 5726 velatus
1815 5678 1921 5740 est,
1957 5674 2058 5730 sed

2177 4781 2357 4838 dixit:
2393 4782 2536 4838 Redi
2569 4786 2740 4849 retro,
2772 4782 3041 4850 Satanas,
3077 4797 3193 4836 non
3230 4777 3488 4835 tentabis
3521 4775 3842 4832 Dominum

2176 4871 2362 4928 Deum
2391 4875 2582 4928 tuum.
2968 4913 2977 4921 -
3344 4931 3351 4938 .

2173 4963 2209 5018 6
2317 4963 2429 5032 Qui
2449 4961 2684 5034 jurat—ﬁ
2723 4961 2980 5033 proximo
3007 4974 3108 5016 suo
3149 4965 3164 5025 ζ
3209 4965 3262 5015 et
3305 4972 3415 5014 non
3460 4955 3709 5027 decipit:
3735 4955 3846 5027 qui

2383 5051 2678 5123 pecuniam
2705 5066 2862 5106 suam
2891 5066 3004 5107 non
3031 5049 3178 5106 dedit
3205 5047 3276 5104 ad
3298 5061 3564 5112 usuram,-

2314 5140 2381 5195 Et
2408 5154 2640 5195 munera
2667 5155 2831 5212 super
2859 5141 3167 5196 innocentes
3196 5153 3308 5193 non
3333 5135 3559 5206 accepit.

2239 5231 2280 5285 C
2325 5228 2531 5286 Jurare
2582 5229 2738 5285 enim
2791 5228 3013 5285 dictum
3061 5231 3170 5296 est,
3223 5223 3396 5300 quasi
3433 5223 3597 5296 juste
3643 5237 3836 5278 orare,

2168 5318 2277 5374 hoc
2306 5321 2395 5373 est
2415 5318 2578 5390 juste
2607 5315 2788 5390 loqui.
2821 5319 2867 5373 A
2905 5319 3028 5374 Non
3063 5315 3278 5386 decipit
3308 5313 3640 5389 proximum
3676 5326 3690 5365 :
3727 5310 3837 5382 qui

2159 5397 2324 5480 jurat
2379 5408 2520 5464 dare
2567 5411 2623 5464 ct
2683 5407 2992 5464 subvenire
3045 5406 3314 5480 proximo
3359 5408 3418 5459 et
3466 5399 3834 5474 promissum

2170 5495 2378 5551 reddit.
2413 5495 2458 5550 Η
2490 5495 2590 5552 Vel
2625 5514 2738 5553 non
2784 5496 3000 5569 decipit
3029 5488 3227 5552 anima
3259 5491 3617 5568 proximum,
3651 5487 3707 5542 id
3739 5493 3837 5545 est

2170 5601 2400 5656 corpus.
2435 5584 2480 5639 si
2516 5590 2804 5658 praecepta
2858 5585 2955 5643 Dei
3017 5585 3284 5640 observat
3341 5597 3472 5654 qua:
3521 5579 3836 5635 observare

2168 5673 2476 5746 promittit.
2495 5675 2653 5731 Sicut
2673 5674 2825 5731 enim
2852 5673 3098 5748 pecunia
3119 5671 3365 5729 visibilis
3387 5667 3734 5744 prohibetur
3754 5667 3832 5724 ad
