4122 6184
291 395 368 455 89
1528 398 1965 461 EXPOSl'l‘IO
2010 397 2528 464 PSALMOIIUM.
2788 412 2791 415 ‘
3669 399 3752 460 90

290 532 327 587 8
434 529 671 603 Hiriﬁca
696 528 1101 589 misericordias
1130 530 1251 587 tuas
1275 545 1295 584 .-

439 622 544 691 Qui
567 621 745 677 salvos
772 622 913 693 facis
939 627 1210 694 sperantes
1240 620 1299 675 in
1333 626 1408 675 te.

370 713 414 769 Η
475 713 639 768 Tunc
686 709 1016 767 miriﬁcavit
1066 708 1524 767 misericordias
1588 717 1756 788 pater
1813 731 1973 782 suas,

295 802 530 881 quando
559 818 661 876 per
688 800 979 875 apostolos
1008 804 1061 857 et
1093 803 1330 859 caeteros
1362 806 1632 858 sanctos
1664 803 1974 861 infirmita-

292 897 385 948 tes
417 884 805 966 indigentium
826 887 1109 949 curavit.C
1136 886 1337 945 Salvos
1367 887 1625 958 facis,id
1649 894 1734 947 est
1759 895 1978 949 aeterna

292 982 414 1041 vita
445 979 760 1037 constitues
792 980 1088 1052 sperantes
1118 977 1175 1032 in
1194 981 1267 1032 te.

292 1072 335 1127 9
438 1074 478 1135 Α
510 1070 877 1128 resistentibus
908 1067 1146 1126 dexteri?
1173 1074 1287 1126 tua:
1316 1067 1564 1125 custodi
1594 1086 1680 1126 me
1710 1089 1729 1125 :

444 1162 506 1220 Ut
527 1158 794 1232 pupillam
821 1158 983 1214 oculi.

370 1248 411 1307 C
442 1250 678 1306 Dextera
702 1246 857 1304 enim
887 1246 1071 1304 Patris
1113 1244 1298 1303 Filius
1353 1249 1479 1313 est,
1520 1246 1619 1303 cui
1661 1248 1853 1306 Judaei
1885 1268 1974 1307 re-

295 1339 524 1407 sistere,
555 1337 611 1395 id
656 1341 745 1395 est
791 1354 1109 1411 repugnare
1155 1334 1284 1392 ausi
1317 1340 1505 1392 sunt.
1540 1336 1777 1411 Pupilla
1812 1339 1972 1398 enim

298 1446 436 1502 pars
465 1433 555 1485 est
580 1426 749 1494 oculi,
782 1443 897 1499 qua
925 1420 1321 1482 discernimus
1350 1424 1691 1498 qualitates
1747 1445 1970 1495 rerum,

298 1518 456 1581 dicta
484 1535 521 1575 a
546 1516 819 1592 parvitate
848 1516 1013 1591 quasi
1039 1516 1268 1589 pusilla.
1306 1513 1426 1571 Cui
1464 1520 1852 1589 comparatus
1882 1522 1973 1575 est

302 1605 586 1675 Christus,
618 1604 715 1682 qui
744 1605 805 1662 in
837 1621 940 1660 suo
963 1602 1182 1677 judicio
1204 1604 1417 1676 justos
1474 1618 1511 1657 a
1560 1603 1971 1674 peccatoribus

304 1696 688 1771 segregandos
717 1693 1016 1767 conspicit.
1047 1692 1372 1769 Aptissime
1408 1709 1480 1748 se
1511 1692 1654 1767 petit
1683 1691 1969 1749 custodiri

307 1790 369 1842 ut
396 1785 697 1860 pupillam,
730 1802 860 1841 cum
892 1802 995 1858 per
1021 1782 1210 1857 ipsam
1244 1800 1343 1840 res
1379 1780 1647 1841 visuales
1677 1779 1966 1839 discerni-

2005 531 2059 599 Α
2092 534 2159 595 15
2232 536 2480 601 Domine,
2515 552 2550 592 α
2573 533 2769 611 paucis
2798 531 2865 595 de
2908 540 3058 590 terra
3084 530 3265 591 divide
3292 548 3378 591 eos
3406 531 3466 590 in
3514 533 3629 599 vita
3658 549 3749 605 eo-

2310 643 2434 683 rum
2464 644 2483 682 .'

2232 718 2308 773 De
2337 716 2661 774 absconditis
2690 713 2799 771 tuis
2828 712 3151 787 adimpletus
3181 720 3258 771 est
3286 722 3470 771 venter
3497 729 3707 771 eorum.

2164 806 2205 861 il
2237 806 2361 867 Vox
2391 805 2603 865 Christi
2631 803 2703 860 ad
2734 803 2961 859 Patrem
2996 806 3061 859 ut
3076 803 3389 876 praeveniat
3402 802 3611 868 animae
3626 819 3745 869 sum

2086 912 2160 957 ne
2193 893 2501 951 laederetur
2530 910 2563 949 a
2593 890 2853 965 principe
2883 890 3133 958 diabolo,
3172 893 3565 969 praevenitque
3607 909 3745 949 eum

2085 988 2347 1056 potestas
2378 980 2786 1061 divinitatis,et
2815 979 3074 1055 alligavit
3098 985 3153 1036 et
3184 982 3256 1038 ad
3288 981 3582 1045 infernum
3607 998 3743 1055 per-

2084 1074 2274 1130 duxit.
2327 1073 2369 1129 C
2419 1074 2681 1135 Framea,
2733 1071 2903 1127 modo
2956 1074 3214 1139 contum,
3258 1071 3432 1127 modo
3474 1070 3742 1137 loricam,

2086 1164 2264 1220 modo
2291 1161 2553 1236 gladium
2599 1159 2895 1232 significat
2942 1159 3034 1216 bis
3082 1163 3343 1226 acutum,
3375 1177 3501 1233 qua:
3543 1162 3743 1217 tamen

2085 1251 2287 1308 omnia
2318 1252 2391 1307 ad
2422 1251 2815 1306 instrumenta
2844 1266 3140 1306 armorum
3173 1253 3396 1305 eertum
3439 1240 3532 1306 est
3561 1250 3748 1323 portio

2087 1357 2246 1397 nere.
2279 1341 2327 1397 Η
2353 1341 2596 1397 Framea
2625 1340 2717 1394 est
2743 1337 2900 1394 enim
2925 1338 3133 1403 Patris,
3166 1338 3365 1395 anima
3401 1338 3742 1405 Salvatoris,

2086 1431 2325 1502 quando
2357 1446 2460 1501 per
2489 1427 2683 1500 ipsum
2719 1426 3020 1484 diabolum
3049 1426 3253 1482 vicit.C
3276 1428 3596 1483 Suntenim
3618 1428 3746 1484 dia-

2084 1518 2205 1574 boli
2237 1516 2463 1576 inimici
2496 1532 2708 1573 manus
2738 1515 2995 1583 Domini,
3026 1515 3125 1589 qui
3174 1512 3504 1575 humanum
3553 1533 3746 1590 genus

2085 1612 2293 1664 contra
2319 1605 2681 1663 voluntatem
2713 1605 2945 1664 Domini
2975 1621 3205 1679 semper
3240 1621 3513 1681 perversa
3533 1604 3744 1663 volun-

2083 1700 2205 1753 tate
2234 1696 2580 1753 dilacerant.

2150 1786 2199 1842 Ε
2228 1787 2509 1843 Precatur
2552 1785 2728 1842 etiam
2776 1785 3005 1843 Patrem
3048 1783 3252 1856 Filius,
3292 1788 3359 1843 ut
3405 1784 3747 1844 dividantur

305 1879 523 1946 mus,et
549 1875 606 1932 in
637 1880 831 1939 nostro
861 1891 1097 1948 corpore
1126 1872 1209 1937 nil
1228 1870 1963 1949 prmstantiusinvenitur.
1999 1907 2051 1973 Β
2086 1875 2316 1933 creduli
2348 1890 2385 1929 a
2411 1873 2634 1973 paucis,
2666 1874 2723 1931 id
2756 1878 2847 1932 est
2875 1875 2949 1933 ab
2975 1873 3277 1973 apostolis,
3304 1878 3371 1932 ut
3397 1877 3742 1973 convert-an...

306 1984 374 2038 10
445 1983 554 2039 Sub
584 1984 782 2041 umbra
808 1984 1029 2039 alarum
1056 1990 1279 2039 tuarum
1308 1986 1551 2053 protege
1579 1995 1665 2035 me
1694 1998 1713 2035 :

444 2074 480 2128 Α
513 2074 653 2143 facie
680 2073 972 2144 impiorum
999 2073 1097 2144 qui
1122 2087 1208 2127 me
1237 2071 1608 2143 afﬂixerunt.

371 2182 415 2232 ϐ
440 2177 558 2235 Alc:
581 2181 717 2236 sunt
746 2178 929 2237 Patris
962 2196 975 2234 :
1012 2176 1435 2239 misericordia
1466 2179 1526 2233 et
1554 2173 1968 2248 charitas,qui-

302 2266 416 2327 bus
444 2284 510 2327 se
537 2266 754 2340 protegi
785 2272 988 2329 meta
1017 2267 1116 2325 Dei
1166 2264 1442 2327 Ecclesia
1472 2263 1821 2336 expostulat.
1853 2264 1895 2321 Ο
1923 2265 1969 2325 Α

301 2355 451 2415 facie
496 2355 834 2429 impiorum,
879 2356 1173 2415 damones
1224 2354 1543 2427 signiﬁcat.
1592 2357 1649 2410 et
1689 2370 1970 2425 sequaces

297 2460 531 2511 suum,
562 2445 661 2517 qui
693 2445 961 2507 ardorem
990 2443 1349 2505 insidiarum
1384 2444 1454 2499 in
1487 2457 1688 2498 necem
1736 2442 1969 2503 Domini

296 2532 391 2589 vel
421 2534 484 2594 in
516 2538 748 2593 unctos
766 2532 1387 2595 cumulabant.Facies
1407 2530 1751 2591 instantiam
1766 2530 1971 2604 impio-

303 2638 443 2683 rum
476 2626 658 2687 notat,
687 2622 775 2680 vel
804 2622 1066 2695 ipsorum
1096 2621 1511 2683 truculentam
1544 2620 1933 2693 prasentiam.

309 2712 375 2773 11
456 2712 680 2771 Mssici
704 2714 814 2771 mei
836 2713 1084 2771 causam
1099 2728 1288 2769 meum
1307 2707 1790 2768 circumdederunt
1808 2727 1826 2764 :
1849 2710 1975 2766 adi,

520 2803 1285 2871 mmmam”:

454 2889 524 2944 0s
551 2905 737 2944 eorum
766 2890 1000 2946 locutum
1027 2898 1104 2946 est
1121 2890 1475 2962 superbiam.

375 2980 420 3032 C
450 2976 746 3041 Inimicos.
767 2977 999 3041 Judeos
1026 2979 1193 3037 dicit.
1225 2977 1515 3035 Animam
1542 2975 1726 3037 vitam
1757 2980 1968 3050 tempo-

303 3068 515 3131 ralem,
549 3083 725 3138 quam
759 3065 1010 3139 arripere
1037 3066 1381 3131 voluerunt,
1411 3081 1547 3129 cum
1574 3081 1713 3125 eum
1761 3064 1975 3138 gladiis

300 3160 360 3209 et
391 3154 654 3210 fustibus
679 3152 1595 3213 circumdoderunt.Conciudunt
1621 3153 1853 3227 adipem
1872 3157 1972 3229 qui

299 3242 495 3305 multa
523 3243 835 3301 voracitate
864 3244 1303 3318 pinguescunt;
1339 3242 1427 3300 sic
1454 3242 1639 3307 Judai
1684 3242 1968 3303 scelerum

302 3331 617 3391 nimietate
646 3332 970 3401 inomasati,
1005 3332 1186 3397 locuti
1221 3335 1370 3387 sunt
1398 3330 1738 3403 superbiam
1766 3337 1972 3397 contra

294 3420 604 3483 Christum
651 3420 852 3493 impii;
903 3422 947 3477 Η
992 3421 1083 3486 vol
1130 3424 1349 3483 contra
1400 3418 1738 3491 Ecclesium,
1772 3422 1814 3485 Ω
1861 3439 1970 3483 sua

296 3508 459 3575 mata
480 3511 640 3569 facta
666 3509 1048 3568 defendendo.

300 3617 368 3672 12
443 3617 802 3689 ijideutcs
827 3633 914 3674 me
938 3634 1090 3675 nunc
1106 3615 1592 3674 circumdederunt
1617 3634 1705 3675 me
1733 3636 1752 3674 .-

442 3706 641 3762 οσιιιυε
663 3721 788 3762 suos
814 3712 1131 3764 stetuch
1159 3705 1447 3762 decimare
1474 3707 1535 3762 in
1562 3711 1784 3769 tet-mm.

364 3813 412 3870 C
440 3808 837 3885 Projicientes,
870 3811 1095 3870 solicet
1124 3812 1430 3870 Christum
1461 3816 1619 3870 extra
1647 3815 1960 3874 civitatem.

294 3901 841 3970 Circumdederunt,
857 3920 973 3959 non
1003 3900 1301 3975 obsequio
1332 3902 1431 3958 sed
1466 3903 1658 3961 furore
1686 3904 1746 3961 in
1769 3922 1959 3964 cruce.

292 3990 515 4048 Oculos
544 3988 685 4047 mali
715 3991 1013 4050 declinant
1043 3993 1107 4048 in
1138 3995 1384 4058 terram,
1407 3994 1642 4064 quando
1672 3994 1829 4051 maia
1872 4013 1964 4054 co-

292 4081 580 4156 gitatione
612 4079 807 4154 aliqua
835 4082 895 4138 in
928 4082 1133 4138 mente
1161 4078 1421 4136 volvunt.
1455 4079 1502 4137 H
1528 4081 1632 4139 Vol
1673 4082 1871 4141 oculos
1901 4085 1960 4142 in

292 4174 520 4227 terram
549 4173 878 4227 statuerunt
905 4170 1472 4245 declinare,quando
1500 4171 1573 4227 de
1600 4174 1847 4231 terrenis
1868 4191 1959 4232 co-

292 4260 590 4334 gitabant,
623 4262 679 4316 et
708 4261 777 4316 de
805 4257 1153 4316 cmlestibus
1186 4275 1302 4314 non
1331 4259 1782 4318 meditabantur.

292 4360 364 4415 l3
440 4359 803 4430 Susceperunt
826 4376 912 4415 me
940 4361 1091 4415 sicut
1122 4358 1206 4413 leo
1226 4364 1452 4428 paratus
1477 4359 1547 4414 ad
1564 4360 1852 4433 prwdam:

438 4448 505 4502 Et
532 4448 673 4504 sicut
700 4449 914 4504 catulus
946 4447 1126 4505 leonis
1158 4445 1413 4502 habitans
1443 4449 1502 4503 in
1531 4448 1750 4506 abditis.

366 4546 408 4602 Ε
437 4546 835 4621 Susceperunt
862 4544 1065 4612 me,’id
1098 4546 1210 4609 est,
1233 4541 1414 4599 Judaei
1439 4562 1472 4601 a
1494 4545 1697 4618 Pilato,
1717 4550 1956 4623 quando

2078 1968 2182 2020 tur
2211 1965 2285 2022 ad
2318 1962 2634 2020 Dominum
2667 1964 2739 2020 de
2766 1968 2939 2032 terra,
2972 1962 3194 2022 scilicet
3222 1962 3402 2036 hujus
3433 1962 3638 2021 mundi
3657 1962 3745 2020 vi-

2075 2052 2256 2112 tiosa.
2289 2058 2357 2108 In
2388 2050 2507 2108 vita
2533 2068 2757 2121 eorum,
2792 2053 2852 2110 id
2879 2056 2967 2113 est
2994 2053 3054 2110 in
3085 2054 3307 2113 mundo
3336 2052 3470 2119 isto,
3483 2050 3585 2109 ubi
3616 2069 3740 2126 pm»

2077 2142 2348 2200 nitentis:
2396 2141 2560 2199 locus
2600 2146 2711 2213 est,
2745 2146 2808 2200 ut
2854 2143 2913 2201 in
2961 2142 3256 2203 Christum
3302 2142 3623 2201 crederent.
3656 2141 3742 2199 De

2078 2231 2451 2290 absconditis
2481 2231 2620 2287 tuis.
2654 2233 2837 2291 Omne
2867 2236 3171 2304 peccatum
3212 2230 3298 2289 illi
3344 2229 3742 2294 abcminabile

2076 2325 2173 2378 est
2202 2327 2380 2396 atque
2411 2339 2445 2377 a
2475 2327 2788 2394 conspectu
2820 2322 2947 2394 ejus
2977 2320 3145 2394 quasi
3160 2319 3743 2393 absconditumguia

2077 2416 2428 2469 extraneum
2461 2414 2550 2467 est
2580 2410 2683 2467 illi.
2718 2411 2857 2467 Inde
2889 2411 3032 2469 dicit
3061 2409 3444 2483 adimpletum
3465 2425 3743 2469 esseven-

2077 2503 2254 2570 trem,
2280 2502 2337 2557 id
2372 2504 2482 2570 est,
2508 2517 2751 2557 sensum
2783 2499 2979 2557 incred
2992 2499 3241 2559 ulorum.
3271 2500 3318 2562 Α
3346 2499 3390 2557 C
3414 2498 3519 2563 Vel
3545 2497 3743 2557 divide

2077 2590 2317 2648 Judmos
2350 2607 2386 2647 a
2414 2594 2569 2647 terra
2598 2607 2802 2649 eorum
2834 2589 2893 2648 in
2926 2589 3265 2649 univeer
3297 2589 3520 2655 orbem,
3542 2591 3602 2645 et
3623 2587 3741 2649 hoc

2081 2677 2143 2735 in
2175 2679 2292 2737 vita
2323 2679 2424 2736 illa
2472 2695 2697 2752 eorum,
2728 2696 2908 2753 quam
2953 2677 3140 2737 solam
3183 2695 3354 2741 suam
3401 2681 3635 2751 putant,
3664 2679 3744 2739 de

2082 2772 2301 2825 mlerna
2346 2770 2748 2842 desperantes.
2803 2773 2868 2826 In
2912 2768 3110 2829 futuro
3158 2771 3355 2831 autem
3403 2767 3545 2841 quid
3595 2772 3743 2830 tunc

2084 2859 2194 2914 erit
2221 2876 2234 2914 :
2873 2905 2881 2911 .

2085 2948 2155 3003 16
2226 2948 2477 3004 Saturati
2503 2956 2633 3007 sunt
2651 2948 2787 3018 ﬁliis
2808 2966 2827 3002 :
2900 2975 2904 2979 ε

2225 3038 2291 3094 Et
2319 3034 2650 3095 dimiserunt
2678 3038 2943 3108 reliquias
2969 3052 3100 3095 suos
3125 3038 3378 3110 paruulis
3405 3038 3543 3097 suis.

2154 3124 2200 3181 Η
2231 3123 2488 3181 Saturati
2520 3128 2661 3181 sunt
2690 3122 2850 3190 ﬁliis,
2882 3124 3104 3181 scilicet
3133 3126 3316 3184 Judaei
3360 3124 3461 3198 qui
3493 3125 3551 3183 in
3602 3142 3737 3198 pro-

2083 3212 2374 3269 creatione
2400 3210 2655 3271 ﬁliorum
2686 3210 3060 3285 multiplicati
3078 3214 3493 3282 sunt,etrebus
3504 3212 3733 3275 seculi.

2080 3301 2440 3358 Dimisorunt
2487 3300 2766 3373 reliquias
2794 3300 3245 3370 maledictionis,
3279 3302 3389 3361 hoc
3425 3306 3513 3361 est
3540 3304 3735 3363 vindiv

2077 3395 2230 3446 ctam
2262 3389 2423 3445 illam
2459 3407 2636 3462 quam
2682 3389 3083 3462 merebantur,
3127 3392 3432 3454 dicentes;
3481 3393 3736 3467 Sanguis

2075 3482 2205 3552 ejus
2238 3496 2418 3553 super
2448 3497 2555 3537 nos
2586 3484 2643 3535 et
2668 3495 2846 3553 super
2876 3478 3033 3539 ﬁlios
3060 3486 3317 3543 nostros.
3348 3480 3738 3555 Reliquorum

2075 3565 2213 3622 ﬁliis
2246 3565 2392 3635 suis,
2426 3567 2567 3639 quia
2599 3565 2680 3625 illi
2712 3565 2868 3625 sicut
2914 3572 3111 3641 patch
3156 3568 3423 3632 caementi
3453 3569 3733 3643 dispersi-

2074 3672 2189 3729 que
2218 3659 2376 3717 sunt.
3105 3653 3113 3659 ’

2075 3746 2142 3803 17
2214 3748 2325 3817 Ego
2348 3751 2405 3812 ἐν
2450 3753 2633 3804 autem
2677 3752 2691 3814 ξ
2750 3747 2813 3804 in
2834 3747 3061 3817 justitia
3084 3749 3357 3822 apparebo
3404 3749 3467 3809 ia
3509 3765 3733 3823 comps-

2280 3845 2371 3894 ctu
2393 3853 2492 3894 suo
2522 3855 2542 3893 :

2215 3926 2471 3983 Satiabor
2495 3942 2622 3983 cum
2648 3931 2973 3999 apparuerit
2998 3928 3178 4001 gloria
3203 3935 3317 3985 tua.

2143 4015 2185 4072 C
2211 4018 2505 4090 Apparere
2530 4033 2590 4074 se
2614 4014 2758 4073 dicit
2788 4015 2847 4073 in
2878 4022 3194 4092 compecto
3227 4016 3418 4077 Patris
3466 4034 3601 4075 cum
3634 4019 3732 4091 ju~

2072 4104 2251 4171 stitia,
2287 4105 2568 4179 quoniam
2598 4106 2727 4179 ejus
2755 4106 3119 4165 voluntatem
3150 4105 3514 4179 impleverat.
3550 4107 3736 4168 Satias

2068 4194 2177 4249 bor
2208 4195 2279 4251 de
2308 4194 2554 4251 humani
2586 4195 2819 4268 generis
2850 4195 3213 4259 credulitate,
3246 4195 3488 4267 quando
3515 4212 3726 4257 nume-

2070 4300 2172 4339 rus
2202 4289 2541 4345 sanctorum
2571 4287 2661 4341 est
2688 4284 3077 4357 supplendas.
3106 4280 3301 4345 Glaria
3323 4282 3512 4343 Patris
3543 4286 3728 4345 mani.

2068 4371 2315 4429 testatur
2347 4372 2404 4431 in
2446 4371 2674 4443 judicio
2706 4372 2936 4433 Domini
2980 4371 3319 4441 Saluatoris,
3352 4388 3488 4431 eum
3538 4390 3721 4431 unus-

2069 4461 2320 4535 quisque
2352 4461 2591 4535 recipiet
2618 4477 2723 4535 pro
2754 4462 2988 4521 actibus
3016 4460 3161 4519 suis.

2556 4585 2760 4627 ORATIO
2800 4586 2871 4627 ΒΧ
2917 4586 3074 4628 PSA!»
3114 4585 3231 4628 XVI.

291 4634 447 4745 ﬁnit
470 4651 483 4689 :
509 4633 882 4745 Τοηξιθιῗυηξ
903 4640 963 4745 ϐξ
984 4631 1349 4745 immite;
1382 4632 1471 4693 leo
1494 4636 1763 4745 “mihi
1785 4637 1955 4699 inte]-
1987 4656 2033 4721 Ῑ)
2136 4680 2436 4745 Converte,
2468 4676 2732 4745 Domine,
2765 4677 2968 4735 oculos
2996 4677 3189 4735 cordis
3241 4678 3427 4735 nostri
3475 4679 3549 4734 ad
3597 4694 3720 4734 cer-

290 4722 519 4807 ligitnr,
564 4724 655 4779 cui
705 4723 799 4779 hic
845 4722 1035 4781 Judaei
1087 4721 1296 4787 merito
1340 4730 1769 4799 comparantur,
1821 4743 1955 4790 cum

291 4812 477 4875 etiam
509 4829 578 4871 eo
609 4813 837 4886 pejores
866 4812 977 4875 visi
1010 4811 1155 4883 sint,
1193 4811 1466 4884 quoniam
1498 4812 1594 4872 ille
1639 4816 1749 4878 fuit
1776 4833 1958 4873 ausus

294 4900 617 4958 Dominum
647 4904 892 4971 tentare,
926 4901 1116 4959 Judzei
1147 4904 1340 4961 autem
1372 4902 1686 4968 Dominum
1725 4905 1957 4963 cruciﬁ-

291 5007 454 5065 gere.
482 4988 725 5053 Catulus
757 4989 942 5048 leonis
972 4989 1269 5062 reliquum
1300 4990 1583 5073 populum
1619 4993 1957 5053 Judazorum

291 5080 514 5153 signat,
540 5078 647 5152 qui
679 5097 741 5136 se
772 5078 992 5136 diaboli
1024 5077 1180 5134 ﬁlios
1210 5078 1539 5140 eii'ocerunl.
1575 5081 1857 5145 Habitans
1897 5085 1956 5141 in

289 5167 538 5234 abditis,
570 5167 631 5223 id
662 5172 771 5235 est,
803 5167 863 5223 in
895 5166 1135 5227 insidiis
1166 5167 1408 5225 occultis
1434 5212 1448 5238 ,
1481 5171 1770 5235 malorum
1800 5175 1957 5233 enim

290 5256 607 5324 hominum
639 5257 1005 5313 consuetudo
1046 5260 1137 5319 est
1168 5256 1324 5313 mala
1361 5262 1492 5315 vota
1533 5263 1744 5334 tegere,
1778 5268 1843 5320 ut
1872 5264 1956 5322 sic

289 5346 544 5405 consilia
571 5361 775 5407 eorum
806 5346 1037 5423 possint
1064 5346 1138 5403 ad
1163 5346 1429 5411 effectum
1456 5348 1670 5406 venire.

294 5438 359 5492 14
430 5443 487 5502 -j-
535 5437 620 5491 Ea:
660 5443 674 5502 ξ
716 5452 900 5506 surge,
914 5437 1164 5505 Domine,
1188 5440 1437 5509 praeveni
1465 5455 1589 5494 eum
1617 5447 1671 5495 et
1694 5442 1954 5515 supplan-

510 5532 771 5580 lacum:

438 5616 606 5686 Eripe
633 5616 882 5670 animam
909 5631 1088 5670 meam
1131 5614 1198 5671 ab
1228 5617 1399 5689 impio
1431 5636 1450 5673 :
1489 5619 1759 5688 frameam
1802 5629 1954 5678 tuam

513 5703 582 5757 ab
615 5704 856 5760 inimicis
880 5720 1078 5761 manus
1101 5712 1231 5763 tuae.

2068 4769 2321 4825 nendam
2354 4767 2438 4823 tui
2463 4765 2674 4839 judicii
2718 4768 3116 4836 veritatem,ut
3144 4767 3286 4823 dum
3317 4766 3412 4822 hic
3444 4767 3577 4838 igne
3597 4766 3718 4838 spi-

2066 4857 2261 4915 rituali
2292 4858 2631 4931 probamur,
2662 4856 2735 4913 de
2761 4858 2881 4912 tuis
2913 4856 2972 4911 in
3004 4861 3284 4912 aeternum
3308 4854 3717 4927 conspectibus

2066 4964 2199 5004 cum
2233 4948 2424 5003 fructu
2464 4945 2707 5018 justitiaa
2754 4945 3058 5001 satiemur.
3092 4943 3199 4999 Per
3243 4942 3558 4999 Dominum
3588 4959 3720 5000 nos-

2064 5042 2245 5105 trum,
2278 5041 2387 5093 etc.

2625 5156 2955 5215 PSALMUS
2992 5155 3162 5213 XVII.

2493 5263 2894 5305 ARGUMENTUM
2941 5263 3106 5303 PSAL.
3145 5263 3283 5303 χνῐι.

2036 5394 2045 5402 ~
2136 5360 2177 5417 C
2209 5358 2495 5431 Propheta
2526 5356 2769 5419 Domino
2790 5355 3326 5431 gratiasagit,quod
3355 5355 3573 5412 eumde
3590 5371 3717 5433 gra-

2064 5450 2234 5509 vibus
2266 5446 2543 5523 periculis
2574 5445 2861 5515 liberavit,
2881 5444 3256 5518 loquiturque
3286 5443 3542 5500 Ecclesia
3558 5444 3712 5517 quod

2064 5542 2198 5597 ante
2226 5526 2539 5595 adventum
2570 5532 2802 5591 Domini
2834 5535 3173 5597 innumeras
3217 5532 3519 5613 pertulerit
3557 5531 3712 5587 cala-

2064 5627 2323 5683 mitates:
2343 5643 2450 5681 vox
2478 5624 2654 5685 ctiam
2675 5624 2887 5683 Christi
2922 5624 3222 5680 inducitur
3251 5621 3349 5679 ubi
3379 5622 3561 5677 virtus
3584 5620 3710 5688 ejus

2068 5720 2442 5790 potestasque
2473 5713 2841 5772 describitur.
3036 5706 3043 5711 ⁷
