4122 6184
391 337 463 401 91
1325 342 1388 407 S.
1437 343 1835 410 BHUNONIS
1879 346 2494 417 HERBIPOLENSIS
2538 350 2916 418 EPISCOPI.
3726 358 3815 441 92.

387 470 504 530 TT.
532 462 792 548 In'ﬁnem
816 491 989 550 puero
1008 476 1230 538 domini
1255 478 1449 550 David,
1481 480 1581 555 qui
1608 482 1818 539 locutus
1864 482 2039 541 estad
2068 487 2122 556 Α
2157 486 2473 545 nascantur
2500 487 2558 547 in
2595 488 2906 547 mundum.
2940 491 2986 546 A
3015 487 3115 546 Vel
3147 488 3418 546 Christus
3465 490 3525 549 in
3554 507 3806 566 persona

459 565 758 622 Dominum
788 567 951 624 verba
980 571 1185 626 cantici
1212 569 1396 644 hujus,
1438 570 1499 626 in
1543 570 1633 628 die
1678 590 1786 645 qua
1832 574 2039 647 eripuit

456 669 585 712 eum
612 656 881 714 Dominus
909 657 975 715 de
1002 676 1174 716 manu
1202 662 1455 716 omnium
1497 662 1853 719 inimicorum
1879 664 2038 736 ejus:

457 751 510 801 et
535 744 600 802 de
629 761 798 803 manu
826 746 965 804 Saul
991 756 1044 804 et
1070 748 1241 806 dixit.

457 833 639 891 Totus
668 834 763 892 hic
794 836 1059 908 psalmus
1090 838 1199 895 sub
1233 855 1480 913 persona
1517 841 1700 898 David
1747 843 1821 899 ad
1871 842 2034 900 Chri-

383 925 544 979 stum
576 923 844 995 pertinet,
881 926 979 998 qui
1018 931 1107 982 est
1155 927 1313 999 ﬁnis,
1344 933 1401 985 et
1445 947 1598 1004 puer.
1637 931 1947 1001 vocitatus,
1980 935 2038 990 et

384 1026 565 1067 manu
597 1011 781 1078 fortis,
816 1015 970 1085 quod
1006 1014 1187 1074 David
1217 1022 1407 1076 sonat.
1439 1020 1742 1077 Canticum
1778 1022 1866 1078 .ad
1896 1039 2031 1079 con-

382 1098 825 1172 templationem
859 1102 1181 1163 caelestium
1213 1125 1409 1165 rerum
1439 1109 1709 1183 pertinet.

385 1204 408 1260 1
522 1207 767 1278 Ditigum
796 1217 864 1278 te,
897 1213 1146 1284 Domine,
1176 1215 1442 1287 fortitudo
1469 1233 1592 1274 mea
1621 1236 1641 1274 :

520 1295 784 1355 Dominus
809 1301 1221 1371 ﬁrmamentum
1243 1322 1427 1365 meum
1454 1315 1507 1364 et
1546 1308 1825 1380 refugium
1852 1326 2035 1366 meum

594 1397 644 1445 et
674 1390 937 1447 liberator
961 1409 1138 1451 meus.

451 1491 495 1549 C
522 1494 722 1569 Diligit
744 1486 1056 1556 Dom'inum
1071 1503 1173 1574 qui
1190 1505 1627 1578 mandatisejus
1647 1507 2030 1579 obtemperat.

381 1581 570 1654 Diligo
602 1585 820 1643 dicitur
847 1588 1016 1662 quasi
1046 1592 1121 1648 de
1147 1594 1784 1669 omnibuseligo.Recte
1799 1597 2033 1652 conﬁte-

381 1675 480 1726 tur
508 1673 825 1733 Dominum
856 1695 985 1735 esse
1016 1698 1187 1738 suam
1214 1683 1903 1757 virtutem,quodonante
1924 1686 2035 1741 for-

380 1758 494 1816 tior
524 1762 713 1821 factus
742 1771 834 1823 est
861 1767 1038 1825 David
1070 1771 1196 1828 suis
1228 1771 1502 1831 inimicis.
1514 1774 1760 1831 Pulchre
1779 1773 2035 1831 ostendit

2147 578 2546 637 membrorum
2576 595 2822 637 suorum
2853 578 3117 654 loquitur
3144 576 3287 636 haec.

2142 669 2179 721 7
2287 669 2349 724 In
2379 669 2734 727 tribulatione
2761 687 2881 728 mea
2911 671 3164 727 invocavi
3192 670 3485 727 Dominum
3517 691 3536 727 :

2287 759 2353 814 Et
2382 759 2452 815 ad
2486 763 2661 815 Deum
2691 775 2875 815 meum
2899 760 3154 817 clamavi.

2217 847 2263 904 Η
2294 847 2641 905 Humanitas
2673 848 2958 905 invocavit
2987 848 3804 924 divinitateminpassione,et

2143 936 2402 994 Ecclesia
2429 936 2799 996 Christum.C
2829 936 3092 997 Clamare
3123 941 3320 995 autem
3351 937 3487 1013 plus
3505 944 3594 996 est
3619 956 3799 1019 quam

2143 1025 2430 1084 invocare.
2463 1026 2652 1083 Crevit
2694 1044 2907 1096 sermo,
2940 1027 3351 1103 progrediente
3400 1027 3714 1101 desiderio,
3744 1033 3804 1085 et

2143 1132 2427 1173 ascensus
2456 1115 2691 1173 animus
2720 1114 3010 1189 prosilivit
3038 1115 3264 1173 avidius
3296 1116 3354 1172 in
3385 1115 3721 1175 clamorem.

2141 1204 2176 1259 8
2281 1211 2336 1272 σξη
2364 1206 2468 1260 Et:
2492 1204 2770 1262 evaudivit
2792 1204 2855 1260 de
2886 1206 3082 1279 tempto
3110 1212 3164 1273 ἐκ
3207 1209 3394 1262 sancto
3439 1212 3455 1273 ζ
3511 1222 3802 1265 suovocem

2283 1384 2350 1440 Et
2385 1384 2596 1441 clamor
2636 1400 2789 1441 meus
2842 1384 2903 1440 in
2945 1391 3231 1458 conspectu
3280 1385 3397 1457 ejus
3447 1386 3701 1442 introivit
3738 1386 3801 1441 in

2353 1490 2513 1529 aures
2541 1474 2680 1547 ejus.

2213 1562 2261 1619 H
2291 1560 2844 1637 Tcmplum,corpus
2863 1550 3270 1632 .Dominicum,
3289 1562 3393 1620 ubi
3420 1560 3693 1620 exaudita
3707 1566 3798 1621 est

2141 1652 2482 1710 humanitas
2510 1670 2545 1708 a
2575 1651 2943 1710 divinitate.C
2971 1652 3202 1709 Clamor
3218 1652 3550 1710 istezcausaa
3561 1652 3799 1725 justitia

2140 1745 2391 1815 est,que
2423 1743 2496 1799 ad
2524 1743 2706 1800 Deum
2738 1742 2956 1801 intrare
2987 1746 3232 1827 poterat,
3262 1741 3403 1816 quia
3449 1758 3555 1816 pro
3584 1740 3793 1798 mundi

380 1852 665 1925 propheta
693 1857 968 1929 quisejus
997 1860 1076 1915 sit
1094 1829 1657 1937 Dominus,singulis
1677 1829 1838 1921 enim
1852 1829 2039 1921 diver-
2066 1864 2117 1931 B
2142 1829 2414 1937 gladii)“
2441 1830 2830 1937 ευέρ¹ίίῖ⁸ῖῖ³ί·

379 1940 580 2013 sisque
608 1945 799 2002 verbis
830 1948 1199 2019 praedicando
1226 1967 1239 2007 :
1274 1952 1531 2009 declarat
1559 1955 1702 2027 quid
1732 1956 1810 2013 sit
1839 1957 2030 2013 Domi-

379 2046 513 2097 nus,
536 2033 636 2104 qui
668 2039 758 2090 est
788 2036 962 2093 modo
975 2037 1181 2107 virtus,
1201 2041 1374 2097 modo
1389 2043 2029 2113 firmamentum,modo

377 2119 690 2193 refugium,
723 2125 898 2181 modo
927 2126 1180 2199 adjutor,
1216 2130 1389 2187 modo
1420 2137 1731 2204 protector,
1758 2135 1932 2191 modo
1964 2134 2033 2190 li-

376 2207 626 2277 berator,
659 2213 833 2269 modo
862 2231 1043 2272 cornu
1082 2217 1311 2285 salutis,
1343 2235 1471 2293 quae
1517 2222 1718 2278 omnia
1761 2223 2031 2281 Christus

378 2301 470 2353 est
487 2300 778 2358 Ecclesiae.

373 2388 411 2441 2
517 2390 661 2446 Deus
689 2408 843 2450 meus
869 2395 1092 2468 adjutor
1116 2414 1271 2456 meus
1301 2418 1322 2455 :

516 2477 585 2535 Et
611 2483 839 2553 sperabo
870 2486 932 2540 in
960 2501 1106 2542 eum.

445 2565 488 2622 C
515 2568 663 2625 Nam
693 2586 928 2644 sperare
957 2576 1029 2632 de
1058 2577 1255 2635 futuro
1283 2579 1618 2652 specialiter
1646 2598 1709 2638 se
1737 2582 1895 2651 dicit,
1920 2585 2024 2657 qui

374 2671 510 2713 eum
545 2658 606 2714 in
640 2663 945 2733 printeritis
975 2671 1240 2723 senserat
1267 2668 1621 2739 adiutorem.

371 2744 408 2800 3
513 2749 795 2808 Protector
817 2768 970 2811 meus
997 2764 1049 2812 et
1077 2772 1252 2813 cornu
1276 2759 1471 2816 salutis
1496 2775 1637 2818 mea
1665 2778 1686 2816 :

511 2838 580 2894 Et
601 2851 873 2914 sitsceptor
896 2861 1068 2902 meus.
1338 2895 1349 2906 .

442 2924 489 2982 H
520 2928 813 2988 Protector
843 2949 1029 3002 meus,
1061 2936 1201 3009 quia
1230 2953 1325 2993 me
1353 2938 1611 3013 protegis
1639 2943 1696 2996 et
1732 2941 2019 2999 defendis.

368 3015 559 3073 Cornu
590 3018 820 3086 salutis,
853 3023 994 3095 quia
1021 3022 1422 3083 inﬁrmitatem
1467 3028 1844 3099 confortabis,
1872 3031 1916 3087 C
1944 3032 2019 3087 ad

368 3102 639 3164 inimicos
656 3107 1287 3183 dissipandos.Cornua
1297 3115 1452 3172 enim
1469 3133 1636 3173 arma
1649 3118 2019 3176 suntbellua-

369 3210 523 3265 rum,
556 3198 774 3270 quibus
816 3200 1067 3259 salutem
1116 3219 1286 3260 suam
1336 3205 1536 3262 solerti
1585 3208 2016 3266 concertatione

2142 1920 2177 1973 9
2288 1920 2562 1978 Commota
2590 1929 2667 1978 est
2695 1926 2749 1979 et
2777 1922 3104 1979 contremuit
3132 1926 3304 1979 terra.
3336 1923 3402 1977 Et
3428 1919 3792 1992 fundamenta

2349 2012 2618 2067 montium
2643 2012 2966 2068 conturbata
2982 2019 3115 2068 sunt
3138 2019 3192 2069 et
3216 2016 3478 2068 commota
3504 2016 3637 2067 sunt
3663 2028 3682 2066 :

2281 2101 2552 2168 Quoniam
2580 2103 2757 2158 iratus
2784 2109 2863 2157 est
2888 2110 2943 2168 -ξ‹
2988 2102 3067 2157 eis
3110 2108 3125 2167 ξ
3189 2142 3203 2155 .
3274 2116 3279 2121 ί

2207 2193 2248 2245 C
2272 2190 2437 2247 Nunc
2467 2191 2752 2264 propheta
2781 2191 2851 2247 ad
2884 2190 3312 2248 Incarnationis
3337 2196 3561 2248 secreta
3589 2207 3789 2265 perve-

2137 2279 2637 2352 nit,ordinemque
2661 2279 2855 2353 ipsum
2869 2279 3122 2337 mirabili
3138 2280 3474 2337 narratione
3490 2280 3786 2338 describit.

2136 2367 2183 2425 Η
2213 2369 2519 2426 Commota
2544 2371 2633 2426 est
2660 2369 3077 2442 terra,quando
3097 2369 3314 2426 terreni
3344 2370 3418 2427 de
3445 2364 3790 2428 inﬁdelitate

2134 2458 2194 2515 in
2227 2459 2478 2516 adventu
2517 2458 2735 2515 Christi
2781 2459 2855 2516 ad
2901 2459 3076 2515 ﬁdem
3123 2462 3408 2516 venerunt
3454 2462 3512 2517 et
3557 2464 3787 2518 contre-

2133 2548 2394 2606 miscunt
2422 2551 2664 2623 peccata
2679 2548 2855 2606 sua.C
2868 2548 3277 2606 Fundamenta
3286 2547 3792 2624 montium,signi-

2133 2639 2271 2695 ficat
2298 2638 2783 2712 praesumptiones
2812 2638 3224 2713 superborum,
3243 2638 3301 2695 id
3331 2642 3421 2696 est
3447 2637 3677 2696 divitias
3691 2640 3787 2697 vel

2132 2728 2734 2802 honores,caeteraque
2764 2726 3028 2785 humana
3057 2728 3276 2802 quibus
3304 2727 3390 2784 illi
3424 2728 3783 2785 innituntur.

2132 2818 2323 2876 Iratus
2351 2821 2440 2874 est
2467 2817 2552 2875 eis
2579 2817 2758 2884 Deus,
2788 2817 2930 2889 quia
2966 2815 3110 2874 vitia
3152 2817 3416 2874 humana
3460 2805 3788 2891 probantur

2130 2905 2378 2963 Domino
2408 2922 2538 2964 esse
2566 2923 2760 2963 exosa.

2131 2996 2200 3051 10
2271 2996 2522 3054 Ascendit
2542 2998 2729 3069 fumus
2759 2997 2820 3052 in
2849 2996 2938 3053 ira
2960 2997 3079 3070 ejus
3108 3014 3131 3052 .·
3158 3003 3213 3053 et
3232 2995 3380 3066 ignis
3411 3011 3448 3053 a
3492 2997 3634 3068 facie
3661 2997 3784 3070 ejus

2336 3087 2548 3143 exarsit
2577 3103 2597 3142 :

2271 3176 2540 3233 Carbone:
2566 3177 2813 3232 succensi
2833 3179 2963 3232 sunt
2989 3177 3059 3232 ab
3089 3191 3169 3233 eo.

369 3241 523 3265 -.η-η
557 3241 774 3270 Ίυιυιιυ
817 3241 1067 3259 υωηινυιιι
1116 3241 1286 3260 συαιιι
1336 3241 1536 3262 cunam
1585 3241 2016 3266 uuuuormuuuo

367 3282 707 3343 defendunt.
741 3289 1055 3363 Susceptor
1088 3294 1565 3360 meus.0uoniam
1599 3301 1909 3371 susceptus
1928 3303 2018 3357 est

2195 3266 2237 3322 C
2266 3265 2488 3323 Fumus
2516 3264 2612 3321 hic
2642 3263 2704 3322 in
2733 3265 2887 3322 bono
2916 3263 3142 3339 positus
3172 3268 3280 3332 est,
3312 3263 3417 3337 qui
3454 3265 3779 3322 succensus

367 3372 635 3430 Christus
665 3393 700 3431 a
727 3377 916 3433 Patre.

366 3461 401 3517 4
506 3463 764 3520 Laudans
792 3467 1052 3524 invocabo
1074 3471 1367 3528 Dominum
1392 3489 1413 3529 ε

509 3553 574 3607 Et
603 3553 676 3609 ab
708 3554 952 3613 inimicis
980 3558 1118 3614 meis
1143 3560 1328 3616 salvus
1357 3577 1468 3619 ero.

435 3639 477 3729 C
504 3640 862 3729 Laudantem
893 3662 957 3701 se
984 3644 1124 3702 dicit
1152 3634 1427 3706 invocare,
1449 3650 1785 3719 Dominum,
1817 3659 1875 3711 et
1900 3655 2013 3729 ipsi

364 3726 699 3817 universam
731 3744 898 3789 suam
938 3734 1236 3793 victoriam
1290 3738 1546 3797 tribuere
1575 3741 1713 3810 (non
1746 3743 1880 3813 sibi)
1911 3726 2011 3817 qui

362 3816 641 3889 dignatus
670 3824 759 3875 est
788 3825 999 3878 cuncta
1026 3829 1320 3896 praestare.
1354 3828 1424 3884 Et
1451 3827 1581 3885 ideo
1633 3831 1707 3885 ab
1754 3816 2013 3891 inimicis

362 3903 591 3962 salvum
623 3923 687 3963 se
719 3908 1050 3967 faciendum
1082 3913 1698 3987 dicit,quiavictoriam
1713 3936 1880 3976 suam
1896 3939 2011 3979 non

361 3991 474 4049 sibi
502 3994 769 4053 videatur
794 3998 1123 4071 applicasse
1152 4003 1255 4059 sed
1285 4003 1553 4061 Domino.
1586 4005 1734 4065 Nam
1765 4010 1863 4083 qui
1906 4010 2010 4067 ali-

359 4086 452 4138 ter
479 4084 799 4153 facit,vitiis
829 4088 955 4146 suis
983 4090 1246 4163 captivus
1276 4093 1839 4169 redditur,quamvis
1868 4098 2010 4156 hos-

357 4176 447 4228 tes
478 4188 790 4248 superasse
814 4177 1100 4235 videatur.

354 4272 392 4327 5
501 4272 989 4366 gircumdederunt
1011 4294 1097 4335 me
1122 4279 1334 4338 dolores
1362 4285 1557 4340 mortis
1582 4300 1602 4339 :

499 4362 565 4417 Et
594 4371 858 4420 torrentes
888 4362 1201 4439 iniquitatis
1227 4372 1692 4430 conturbauerunt
1713 4392 1818 4433 me.

430 4456 475 4512 H
505 4458 1028 4520 Circumdederunt
1055 4465 1377 4540 Christum,
1410 4471 1509 4542 qui
1549 4472 1607 4527 in
1655 4471 1880 4531 inferno
1910 4491 2008 4547 ge-

358 4547 616 4601 mebant.
647 4548 903 4607 Torrens
932 4553 1150 4609 dicitur
1179 4555 1392 4614 fluvius
1422 4560 1707 4618 excitatus
1745 4563 2008 4622 hibernis

356 4633 667 4726 imbribus,
701 4641 758 4693 et
787 4638 1079 4712 signiﬁcat
1110 4644 1341 4701 turbam
1372 4645 1712 4721 iniquorum
1743 4652 2007 4726 rapidam

355 4723 426 4778 ad
459 4721 852 4796 iniquitatem,
879 4728 980 4800 qui
1012 4732 1369 4790 conturbant
1396 4735 1737 4805 Ecclesium,
1760 4721 1829 4797 et
1845 4758 2007 4800 more

353 4812 629 4869 torrentis
660 4813 855 4872 hieme
883 4817 1281 4878 tribulationis
1312 4823 1732 4895 intumescunt,
1756 4830 1878 4900 sed,
1903 4833 2004 4888 ad-

343 4900 587 4971 juvante
613 4902 883 4971 Domino,
916 4907 1028 4964 cito
1058 4909 1339 4969 deﬁciunt
1365 4916 1424 4969 et
1452 4914 1740 4974 defluunt.

351 5007 388 5061 6
444 5091 453 5095 ν
494 5008 715 5068 Dolores
748 5014 964 5086 inferni
987 5017 1461 5077 circumdederunt
1486 5038 1573 5080 me
1598 5042 1621 5079 :

492 5100 1024 5175 Praeoccupaverunt
1051 5124 1137 5165 me
1165 5109 1353 5191 laquei
1377 5113 1588 5170 mortis.

425 5203 466 5259 C
497 5204 643 5274 Fiat,
676 5206 848 5264 istius
878 5213 1147 5269 versiculi
1179 5216 1315 5275 talis
1355 5222 1447 5275 est
1486 5221 1627 5279 ordo
1669 5224 2001 5283 verborum.

351 5292 879 5388 Circumdederunt
909 5316 1002 5356 me
1031 5302 1259 5361 dolores
1289 5307 1526 5377 inferni,
1558 5314 1617 5368 et
1656 5311 1729 5368 de
1758 5315 2003 5388 paganis

352 5379 511 5473 dicit,
539 5383 848 5473 quierunt
870 5388 1099 5446 dolores
1131 5392 1656 5473 inferni,idest,qui
1688 5379 2001 5462 in-iniemo

352 5468 545 5563 debito
572 5471 773 5541 dolore
803 5478 1113 5550 torquendi
1145 5486 1302 5538 sunt.
1319 5468 1917 5563 PrzeoccupareDavid
1940 5510 2005 5551 se

351 5557 493 5655 dicit
521 5558 763 5655 laqueos
784 5568 1011 5641 mortis,
1026 5568 1083 5624 id
1102 5574 1191 5626 est
1218 5576 1414 5629 reatus
1444 5557 1746 5650 originalis
1758 5583 2000 5655 peccati,

351 5647 449 5724 qui
481 5666 587 5707 nos
617 5653 689 5708 ab
722 5653 848 5729 ipso
879 5664 1193 5733 conspectu
1213 5647 1640 5724 facitobnoxios
1650 5647 2000 5743 priusquam

2124 3355 2386 3428 profudit
2410 3353 2701 3428 lacrymas
2730 3352 3103 3429 poenitentia.
3136 3357 3231 3411 Ira
3258 3354 3389 3427 ejus
3417 3371 3431 3410 :
3464 3354 3780 3411 conturba-

2124 3444 2345 3502 tionem
2358 3443 2553 3519 signat
2574 3444 2806 3502 timoris
2818 3444 2941 3501 futu
2950 3444 2997 3500 ri
3003 3443 3029 3516 j
3037 3442 3212 3500 udicii
3226 3459 3342 3517 quo
3354 3443 3781 3501 conturbantur

2124 3535 2268 3592 adeo
2300 3536 2725 3608 peccatores,ut
2753 3533 2827 3589 ad
2857 3533 3184 3590 remedium
3199 3531 3547 3606 pauitantia
3568 3531 3781 3606 perdu-

2123 3626 2350 3679 cantur.
2385 3622 2544 3696 lgnis
2572 3625 2662 3679 est
2691 3620 2946 3678 charitas
2975 3619 3098 3690 Dei,
3125 3620 3229 3695 qui
3257 3621 3555 3695 egreditur
3573 3636 3608 3677 a
3626 3620 3779 3679 facie

2121 3710 2862 3785 Domini,quoniamipsius
2877 3709 3308 3768 illuminationc
3330 3709 3419 3768 eis
3435 3710 3776 3769 conceditur

2121 3800 2374 3858 charitas
2403 3800 2505 3874 qui
2535 3816 2776 3874 peccare
2804 3799 3439 3858 dimittunt.Carbones
3458 3815 3775 3859 succensas

2121 3894 2455 3964 peccatores
2485 3889 2647 3959 dicit,
2680 3889 2782 3963 qui
2813 3889 2971 3947 velut
3009 3889 3290 3947 carbones
3342 3889 3561 3951 mortui
3608 3893 3781 3946 erant

2121 3979 2287 4052 priUS
2310 3979 2625 4052 peccando,
2658 3978 2876 4037 Iterum
2925 3977 3296 4052 reviviscunt,
3328 3978 3597 4037 succensi
3639 3976 3779 4054 igne

2119 4066 2797 4142 pmnitentizeﬂuomodo
2828 4071 3025 4125 autem
3051 4066 3319 4126 succensi
3349 4067 3773 4126 sintcarbones
3824 4113 3831 4116 .

2119 4158 2359 4226 mortui,
2390 4161 2704 4231 sequenter
2734 4157 2925 4226 docet,
2957 4156 3181 4214 scilicet
3208 4155 3473 4214 veniente
3527 4156 3781 4214 Domino

2119 4246 2505 4320 redemptore,
2537 4245 2679 4319 quia
2700 4243 3027 4315 inclinavit,
3058 4250 3172 4303 etc.

2122 4337 2184 4392 11
2259 4336 2566 4393 Inclinavit
2592 4336 2754 4392 caelos
2781 4343 2833 4392 et
2861 4335 3135 4393 descendit
3156 4355 3176 4391 :

2332 4426 2396 4481 Et
2422 4426 2601 4496 caligo
2626 4423 2729 4482 sub
2745 4424 2986 4499 pedibus
3015 4425 3153 4497 ejus.

2190 4498 2239 4571 ll
2270 4512 2502 4583 Coeli,id
2529 4519 2639 4581 est,
2663 4498 2878 4591 angeli,
2908 4517 3048 4572 sunt
3075 4513 3360 4584 inclinati,
3393 4515 3627 4589 quando
3657 4514 3783 4572 Ga-

2037 4608 2085 4673 D
2115 4602 2260 4661 briel
2290 4602 2363 4660 ad
2393 4600 2636 4659 Mariam
2665 4602 2842 4659 venit.
2876 4603 2944 4660 Et
2980 4603 3302 4673 descendit,
3336 4603 3561 4663 scilicet
3606 4603 3783 4667 Chri-

2118 4697 2267 4759 stus,
2299 4691 2358 4750 id
2388 4696 2480 4749 est
2505 4691 2665 4750 venit
2693 4691 2754 4748 in
2791 4708 2987 4749 carne.
3021 4691 3219 4767 Caligo
3265 4697 3356 4751 est
3404 4691 3783 4767 profunditas

2115 4782 2556 4855 Scripturarum
2606 4798 2787 4856 quam
2834 4781 2996 4839 dedit
3041 4782 3197 4839 Deus
3240 4782 3509 4856 pedibus,
3542 4781 3653 4838 hoc
3684 4788 3785 4841 est

2112 4869 2415 4945 apostolis,
2445 4870 2535 4929 vel
2555 4870 2777 4929 caeteris
2808 4869 3049 4928 sanctis.
3081 4874 3123 4927 C
3150 4871 3255 4929 Vel
3275 4870 3463 4946 caligo
3493 4869 3775 4929 diabolus

2112 4965 2223 5034 est,
2254 4977 2373 5035 qua
2403 4963 2626 5018 mentes
2663 4959 2993 5017 cbnubilat.

2114 5050 2184 5105 12
2254 5051 2321 5107 Et
2347 5047 2593 5107 ascendit
2617 5063 2788 5121 super
2812 5048 3099 5107 cherubim
3126 5058 3178 5107 et
3203 5051 3406 5108 volavit
3435 5068 3456 5109 :

2250 5146 2306 5206 ἐι
2358 5138 2566 5196 Votavit
2607 5145 2623 5206 ;
2680 5153 2848 5211 super
2871 5155 3083 5212 pennas
3111 5148 3416 5199 ventorum.

2184 5230 2224 5286 C
2276 5226 2591 5284 Cherubim
2648 5226 3065 5302 interpretatur
3118 5229 3421 5304 plenitudo
3490 5230 3778 5290 scientia.

2111 5316 2389 5374 Ascendit
2417 5334 2594 5391 super
2622 5315 2929 5374 cherubim
2957 5317 3248 5393 Christus,
3266 5319 3500 5392 quando
3520 5319 3781 5376 videnti-

2110 5407 2225 5463 bus
2253 5394 2536 5481 apostolis
2566 5405 2743 5464 cmlos
2774 5407 3131 5465 conscendit.
3164 5407 3410 5478 Volavit,
3443 5407 3503 5465 id
3530 5411 3640 5478 est,
3664 5426 3784 5481 per

2112 5495 2319 5553 mundi
2351 5496 2544 5569 spatia
2591 5496 2719 5569 ejus
2766 5497 2924 5554 fama
2970 5496 3220 5555 velocior
3261 5502 3432 5555 vento
3485 5497 3776 5569 cucurrit,

2111 5586 2348 5659 quando
2378 5586 2506 5660 ipso
2527 5585 2588 5642 in
2611 5586 3180 5660 cunabulisjacente,
3206 5587 3396 5664 magis
3411 5604 3548 5646 eum
3584 5586 3778 5645 stella:

2111 5673 2347 5736 claritas
2379 5673 2686 5736 nuntiavit.
2720 5676 2868 5746 Quid
2908 5677 3065 5737 enim
3113 5676 3228 5735 dici
3274 5680 3466 5751 potest
3511 5676 3779 5737 velocius
