4122 6184
255 370 335 432 93
1456 440 1463 445 ,
1530 359 1942 428 EXPOSITIO
1988 358 2512 424 PSALMORUM.

3642 342 3733 415 94}

260 522 348 578 eo,
374 501 480 579 qui
507 518 649 561 mox
681 505 746 559 ut
766 505 943 559 natus
964 500 1022 559 in
1040 500 1158 560 alia
1171 504 1385 560 mundi
1410 506 1572 577 parte
1590 502 1944 572 conspectua
1973 497 2028 565 A
2056 498 2522 571 praedicamenta
2551 504 2777 558 aeternis
2819 498 2947 556 vitae
2979 513 3076 555 ore
3112 495 3456 555 fundebant.
3489 490 3536 549 Η
3562 488 3728 547 Fun-.

259 594 388 652 est?
418 595 594 653 Tune
641 609 783 667 ergo
822 598 1100 666 superata
1148 597 1244 651 est
1291 590 1559 649 celeritas
1606 591 1939 655 ventorum,

258 682 612 759 quamvisin
642 684 867 740 mundo
884 682 1030 739 nihil
1045 681 1312 739 velocius
1325 682 1409 739 eis
1419 697 1546 738 esse
1556 679 1941 736 monstretur.

264 777 331 831 13
401 781 462 842 σξ-
481 774 549 829 Et
593 780 608 839 ζ
646 774 834 845 posuit
879 774 1132 829 tenebras
1183 773 1481 828 latibulum
1505 786 1668 825 suum
1698 785 1719 822 :
1748 767 1809 822 in
1837 766 1943 821 cir-

479 863 635 918 cvitu
661 863 782 934 ejus
812 862 1238 918 tabernacuium
1266 862 1383 934 ejus
1411 879 1430 914 :

410 952 723 1007 Tenebrosa
746 965 898 1023 aqua
925 951 990 1005 in
1016 951 1263 1007 nubibus
1294 951 1460 1007 aeris.
1492 964 1495 967 ‘

334 1041 376 1096 C
406 1041 735 1109 Tenebras,
767 1039 1119 1114 mysterium
1165 1039 1310 1097 dicit
1339 1040 1467 1112 ejus
1495 1035 1938 1103 lucarnationis,

262 1134 331 1185 ut
357 1128 464 1202 qui
492 1130 555 1186 in
587 1128 808 1185 deitate
828 1146 938 1185 sua
958 1129 1143 1186 videri
1166 1145 1284 1185 non
1314 1131 1539 1201 poterat
1560 1126 1749 1183 velata
1768 1141 1942 1183 carne

263 1219 950 1292 humana,-Redemptor
979 1223 1184 1276 noster
1232 1221 1556 1291 appareret.
1602 1215 1942 1272 Latibulum

264 1312 560 1365 secretum
577 1308 909 1380 majestatis
924 1309 1063 1379 ejus
1084 1306 1560 1381 signiﬁcat,quod
1580 1310 1723 1362 tunc
1744 1304 1947 1362 revelat

258 1398 447 1469 justis
474 1398 723 1471 quando
752 1412 889 1453 eum
923 1398 1074 1453 facie
1105 1395 1410 1454 ad‘tac'em
1440 1395 1724 1451 videbunt
1745 1393 1803 1448 in
1823 1392 1944 1467 glo-

269 1486 445 1543 ria.ln
481 1486 731 1543 circuitu
766 1486 1212 1559 proximitatem
1245 1485 1443 1559 signat
1467 1483 1852 1551 tabernaculi,
1882 1482 1940 1539 id

270 1582 357 1633 est
384 1577 740 1649 dignitatem
765 1576 1075 1633 beatorum
1096 1573 1603 1645 sanetorum,utin
1619 1573 1759 1630 coelo
1772 1574 1946 1646 juxta

266 1665 468 1739 ipsum
493 1665 895 1738 habitent,qui
927 1665 990 1721 in
1024 1666 1159 1737 ejus
1180 1662 1440 1723 Ecclesia
1463 1662 1710 1720 ﬁdeliter
1747 1678 1943 1736 perse-

268 1758 492 1810 verant.
505 1756 740 1826 Aquam
766 1772 779 1809 :
814 1755 1051 1828 Scriptu
1063 1771 1192 1813 ram
1210 1754 1504 1827 dicit,quae
1515 1757 1604 1809 est
1615 1753 1940 1819 tenebrosa,

2053 589 2360 656 damenta,
2391 590 2708 663 prophetas
2738 594 2915 666 atque
2945 587 3240 662 apostolos
3270 581 3413 643 dicit
3432 597 3560 639 esse
3594 597 3720 638 ma-

2053 677 2390 735 nifestatos.
2425 681 2466 735 C
2503 685 2692 753 Supra
2739 697 2910 753 quos,
2945 679 3105 735 orbis
3160 682 3476 740 terrarum,
3527 671 3585 726 id
3630 673 3722 728 est

2051 766 2329 823 Ecclesiae
2354 768 2662 825 aedificatio
2690 773 3025 825 constructa
3055 771 3162 824 est.
3195 761 3426 821 Christo
3454 760 3611 820 enim
3630 776 3721 817 ve-

2052 853 2261 911 niente
2289 857 2481 929 patuit
2505 860 2658 930 quod
2683 853 3203 916 obscuritasdivini
3228 850 3459 923 tegebat
3479 848 3715 923 eloquii.

2055 944 2126 1000 18
2202 947 2283 1003 Ab
2316 948 2688 1018 increpatione
2731 955 2786 1014 -ξ-
2813 952 2912 1003 tua.
2954 952 2967 1011 ζ
3013 943 3261 1013 ,Damine
3289 959 3308 995 :

2202 1035 2280 1090 Ab
2311 1037 2678 1108 inspiratimze
2703 1039 2935 1109 spiritus
2963 1038 3068 1092 ira:
3097 1037 3229 1088 tuae.

2128 1126 2177 1181 H
2210 1126 2294 1182 Ab
2328 1122 2726 1199 increpatione
2761 1145 2772 1181 :
2801 1142 2936 1182 cum
2970 1122 3207 1187 diceret,
3241 1116 3350 1174 nisi
3400 1134 3501 1173 vos
3534 1117 3717 1175 Filius

2052 1214 2752 1287 liberaverit,moriemini
2784 1215 2844 1271 in
2878 1209 3134 1287 peccatis
3162 1208 3370 1267 vestris
3388 1208 3714 1280 (Joan.v1n).

2053 1305 2096 1360 C
2131 1302 2388 1376 Spiritus
2420 1303 2515 1358 ira:
2547 1303 3103 1376 tuae,praedicatores
3135 1295 3399 1370 dicit,qui
3431 1314 3466 1353 a
3494 1294 3715 1369 Spiritu

2054 1397 2262 1449 sancto
2284 1392 2553 1465 inspirati
2574 1411 2586 1448 :
2607 1392 3023 1466 delinquentes
3048 1384 3294 1459 populos
3315 1384 3714 1458 increpabant,
3789 1431 3792 1437 ,

2054 1483 2147 1538 vel
2202 1481 2520 1555 increpatio
2574 1482 2999 1555 prophetarum
3047 1474 3508 1549 objurgationem
3557 1475 3721 1529 notat
3802 1484 3837 1517 ’-

2045 1573 2276 1644 justam
2308 1573 2363 1627 in
2396 1574 2731 1643 peccatores
2760 1565 3038 1645 populos.

2057 1665 2126 1719 19
2201 1663 2348 1719 Misit
2375 1661 2440 1717 de
2467 1676 2678 1716 summa
2708 1669 2761 1716 ct
2794 1656 3009 1728 accepit
3034 1672 3118 1713 me
3145 1675 3167 1712 .-

2204 1755 2270 1810 Et
2297 1751 2591 1823 assumpsit
2615 1765 2704 1805 me
2723 1750 2797 1805 dc
2833 1748 2989 1819 aquis
3004 1748 3211 1805 multis.

270 1844 325 1899 id
358 1848 449 1899 est
479 1814 738 1901 obscura
761 1844 816 1899 in
840 1814 1245 1917 prophetis,in
1268 1814 1745 1916 pradicatoribus
1760 1814 1938 1906 verbi,
1975 1874 2024 1940 Β
2126 1846 2167 1900 C
2195 1843 2320 1900 Vox
2338 1814 2639 1940 Ecclesiae,
2660 1835 2848 1893 misit
2879 1814 3072 1911 itaque
3098 1838 3268 1896 Pater
3297 1838 3367 1939 de
3396 1814 3741 1940 summoiid'

272 1933 413 2005 quia
439 1935 498 1989 et
526 1932 581 1989 si
610 1933 771 1989 dicta
800 1950 1009 1989 eorum
1042 1949 1108 1989 se
1140 1932 1278 2005 quis
1306 1934 1470 2004 putet
1496 1929 1835 2002 intelligere,
1858 1932 1945 1985 ta-

272 2038 405 2077 men
440 2023 513 2078 ad
546 2022 742 2096 ipsam
775 2023 1077 2080 dictorum
1127 2023 1431 2089 virtutem,
1462 2019 1635 2076 sicuti
1681 2024 1769 2075 est
1799 2022 1944 2077 tota-

272 2110 423 2179 liter,
455 2111 554 2168 vix
584 2116 777 2185 potest
801 2114 1132 2185 pervenire.

274 2203 339 2257 14
412 2203 792 2274 Ρνᾱξΐιιιθανεε
822 2205 883 2258 in
912 2210 1208 2275 conspectu
1235 2203 1353 2274 ejus
1381 2202 1550 2259 nubes
1568 2203 1909 2259 transierunt
1925 2219 1948 2257 .-

429 2292 527 2369 ox-
581 2293 797 2350 Grando
824 2301 878 2350 et
907 2294 1185 2350 carbones
1216 2294 1364 2363 ignis
1407 2300 1421 2361 ζ
1503 2336 1516 2350 .

341 2373 386 2429 C
415 2373 793 2446 Prsafulgurzn
825 2372 1243 2430 nominativus
1264 2372 1513 2445 pluralis
1541 2374 1853 2447 respondet
1876 2375 1948 2430 ad

273 2463 689 2520 nubes.Nuhes
720 2468 861 2519 sunt
891 2463 1318 2535 praedicatores
1347 2463 1526 2518 divini
1557 2463 1829 2520 Verbi.Et
1857 2468 1950 2522 est

273 2568 491 2607 sensus
523 2569 537 2606 :
574 2551 688 2607 Illae
718 2553 909 2609 nubes
930 2569 1067 2625 quae
1090 2568 1311 2624 aquam
1329 2552 1630 2609 continent
1661 2552 1844 2620 Dei,id
1859 2558 1950 2610 est

272 2639 514 2714 eloquia
540 2640 915 2708 divina,sicut
943 2642 1007 2697 in
1042 2641 1163 2697 hoc
1188 2646 1321 2696 aere
1369 2642 1711 2709 tenebrosae,
1745 2641 1802 2697 id
1833 2646 1943 2711 est,

273 2730 541 2787 obscura
567 2730 856 2799 videntur,
886 2731 970 2786 ita
1000 2730 1064 2786 in
1096 2734 1418 2802 conspectu
1451 2730 1553 2787 Dei
1580 2730 1946 2804 praefulgurat

272 2820 503 2889 sunt,id
530 2823 619 2874 est
646 2819 998 2894 pralucidaa,
1030 2818 1176 2892 quia
1206 2818 1283 2873 ibi
1308 2814 1510 2875 Omnia
1537 2818 1812 2893 praeiere
1841 2837 1944 2892 pa-

273 2915 403 2964 tent
430 2925 565 2981 quae
592 2908 685 2965 hic
718 2914 858 2965 sunt
888 2908 1169 2987 obscura.
1203 2907 1587 2964 Transierunt
1624 2908 1833 2976 nubes,
1883 2909 1940 2965 id

272 2998 797 3071 est,pra:dicatores
827 2998 903 3054 ad
935 2995 1376 3071 gentes,relieto
1408 2995 1723 3054 Israelitico
1752 3014 1940 3071 popu-

272 3087 353 3143 lo.
385 3087 641 3157 Grando,
674 3087 781 3144 hoc
824 3092 917 3144 est
962 3085 1289 3160 increpatio
1317 3086 1780 3159 praedicantium,
1815 3088 1943 3160 qui-

2056 1937 2148 1990 est
2174 1932 2389 1989 Filium
2422 1930 2491 1985 de
2539 1925 2730 1983 caelo:
2774 1928 2847 1980 et
2877 1928 3094 2003 accepit
3135 1927 3450 1986 Ecclesiam
3504 1942 3571 1982 ac
3618 1918 3748 1982 sibi

2057 2022 2385 2096 conjunxit.
2417 2014 2776 2088 Assumpsit
2836 2017 3146 2078 Ecclesium
3177 2021 3248 2077 de
3276 2019 3467 2093 aquis,
3497 2016 3747 2090 quando.

2056 2111 2434 2187 baptismatis
2464 2103 2929 2181 regeneratione
2960 2128 3086 2167 eam
3133 2108 3437 2185 conquirit.
3486 2107 3619 2166 Sive
3665 2109 3748 2181 de,

2058 2198 2235 2276 aquis
2266 2199 2490 2268 multis,
2518 2198 2576 2253 id
2608 2197 2706 2251 est
2736 2199 2992 2272 populis
3025 2200 3225 2257 multis
3255 2198 3495 2257 collecta
3524 2203 3614 2257 est
3642 2199 3752 2278 Ecg

2057 2291 2258 2351 clesia.

2055 2384 2130 2438 20
2206 2383 2424 2455 Eripuit
2448 2396 2536 2436 me
2566 2378 2632 2434 de
2665 2375 2928 2436 inimicis
2952 2382 3091 2437 meis
3118 2381 3439 2454 fortissimis
3475 2388 3527 2438 et
3553 2382 3622 2440 ab
3653 2382 3738 2441 his

2276 2472 2374 2545 qui
2392 2469 2625 2528 oderunt
2656 2480 2748 2520 me
2778 2485 2800 2522 :

2209 2563 2480 2632 Quoniam
2507 2557 2807 2629 confortati
2832 2565 2967 2613 sunt
2980 2575 3151 2631 super
3177 2576 3284 2617 me.

2131 2653 2173 2708 C
2204 2651 2250 2707 H
2284 2648 2662 2707 Fortissimos
2706 2642 3003 2715 inimicos,
3036 2654 3441 2720 persecutores
3471 2657 3528 2709 et
3558 2654 3734 2712 hisre-

2055 2738 2207 2797 ticos
2237 2738 2398 2805 dicit,
2434 2736 2535 2811 qui
2586 2737 2854 2795 sanctam
2885 2736 3209 2794 Ecclesiam
3249 2755 3483 2813 semper
3510 2744 3730 2818 afﬂige-

2056 2829 2221 2886 bant.
2247 2831 2288 2886 Ο
2317 2828 2388 2884 Et
2418 2827 2553 2882 ideo
2581 2840 2644 2880 se
2701 2823 2893 2898 magis
2922 2825 3067 2882 dicit
3094 2830 3377 2901 ereptam,
3428 2831 3569 2903 quia
3615 2833 3727 2889 ini-

2056 2918 2197 2973 mici
2223 2914 2535 2974 confortati
2567 2915 2709 2968 sunt
2739 2929 2920 2985 supra
2949 2914 3139 2987 ipsam
3162 2914 3225 2970 in
3256 2910 3570 2977 afﬂictione
3584 2924 3728 2977 tem-

2051 3006 2259 3079 porali.
2294 3006 2467 3063 Tunc
2497 3000 2651 3059 enim
2684 3019 2943 3058 crescere
2973 3001 3208 3070 meruit,
3242 3021 3374 3061 cum
3425 3023 3554 3063 eam
3587 3009 3723 3064 data

2050 3096 2305 3168 desuper
2334 3094 2629 3166 potestate
2662 3089 2938 3147 inimicus
2988 3090 3215 3145 afflixit.
3248 3092 3293 3146 Ο
3346 3110 3477 3171 νοτ-,θ
3522 3094 3721 3151 divina

274 3176 390 3233 bus
449 3177 624 3233 corda
680 3176 1124 3233 incredulorum
1183 3175 1583 3232 stimulantur.
1645 3176 1940 3234 Carbones
1974 3246 2011 3258 Α
2048 3182 2518 3258 providentia,ut
2545 3180 2669 3237 suis
2699 3179 2930 3236 nisibus
2958 3179 3296 3239 destruatur
3327 3179 3627 3249 inimicus,
3661 3186 3719 3238 et

274 3266 457 3340 ignis,
488 3266 789 3323 charitatis
820 3263 1343 3337 incendia,quibus
1374 3282 1541 3322 mens
1568 3264 1829 3322 fidelium
1853 3282 1938 3323 re-
1960 3246 2012 3353 ιο
2049 3246 2271 3347 quanto
2303 3287 2368 3347 se
2402 3246 2576 3344 putat
2604 3268 2860 3344 amplius
2907 3267 3136 3336 laedere,
3177 3270 3338 3324 tanto
3370 3246 3619 3341 necesse.
3640 3269 3718 3325 sit

270 3353 527 3423 vivisoit,

278 3446 350 3500 15
419 3447 491 3501 Et
517 3447 752 3507 intonuit
779 3446 847 3503 de
874 3445 1008 3502 emta
1038 3447 1310 3504 Dominus
1339 3464 1358 3502 :

420 3535 735 3591 Altissimus
763 3536 914 3592 dedit
939 3532 1121 3593 vocem
1151 3553 1310 3592 suam
1338 3554 1359 3592 :
1380 3538 1465 3616 ᾧ
1485 3536 1695 3609 grando
1737 3545 1789 3594 et
1814 3555 1939 3595 car-

384 3656 387 3659 γ
495 3619 658 3673 bones
683 3618 890 3687 ignis:
974 3659 987 3671 .
1431 3615 1438 3616 7
1774 3615 1782 3625 '

348 3707 391 3763 C
422 3706 701 3775 Intonuit,
747 3724 857 3763 vox
894 3703 1317 3779 omnipotentis
1346 3708 1534 3763 Patris
1555 3712 1674 3764 est:
1708 3708 1938 3766 Clariﬁ-

275 3795 399 3850 cavi
434 3799 493 3850 et
540 3795 750 3851 iterum
795 3794 1331 3857 clariﬁcaboann.
1381 3797 1503 3868 xu).
1555 3796 1719 3853 Unde
1769 3798 1941 3855 multi

220 3884 231 3891 ’
276 3884 658 3940 crediderunt
685 3888 1014 3940 tonitruum
1044 3884 1543 3943 esse.Altissimus
1561 3878 1722 3944 dedit
1739 3906 1940 3946 vocem

278 3990 455 4029 suam
486 3974 723 4046 quando
751 3972 897 4030 dixit
926 3990 939 4029 :
977 3973 1077 4029 Hic
1123 3979 1213 4031 est
1244 3975 1426 4032 Filius
1467 3993 1635 4034 meus
1666 3976 1937 4036 dilectus.

275 4067 388 4119 etc.

345 4153 396 4207 A
426 4150 532 4207 Vel
561 4149 820 4209 intonuit
844 4152 1131 4210 Dominus
1159 4170 1266 4227 per
1294 4154 1592 4227 apostolos
1635 4161 1692 4213 et
1729 4159 1941 4230 pradi-

275 4244 511 4297 catores
543 4240 873 4314 minis,que
908 4247 1049 4299 sunt
1089 4244 1159 4300 de
1208 4244 1393 4317 pinnis
1441 4245 1673 4303 aeternis
1705 4265 1718 4304 :
1753 4251 1811 4304 et
1838 4265 1950 4323 per

272 4329 521 4386 eosdem
550 4329 709 4386 dedit
738 4348 978 4388 suavem
1017 4349 1240 4403 vocem,
1272 4350 1403 4407 qua:
1441 4338 1532 4391 est
1582 4336 1653 4392 de
1682 4337 1941 4410 praemiis

274 4418 538 4487 sternis,
565 4420 708 4491 quia
736 4420 925 4478 nubes
951 4422 1316 4480 transierunt
1353 4424 1769 4483 comminando
1799 4445 1935 4502 sup-

272 4508 457 4582 plicia
514 4512 729 4565 aeterna
775 4527 889 4566 non
950 4512 1361 4569 credentibus:
1413 4515 1653 4587 praemia
1707 4535 1940 4594 quoque

272 4603 503 4655 eterna
531 4599 901 4656 credentibus
924 4599 1339 4673 promittendo.

274 4688 347 4744 16
419 4689 494 4744 Et
515 4688 671 4743 misit
696 4690 924 4758 sagittas
951 4705 1078 4746 suas
1106 4699 1159 4746 et
1184 4691 1475 4765 dissipavit
1500 4711 1588 4752 eos
1615 4715 1638 4751 .-

424 4776 674 4846 Fulgura
701 4778 1092 4850 multiplicauit
1118 4784 1171 4836 et
1197 4783 1543 4840 conturbavit
1567 4801 1670 4841 eos.

348 4865 392 4922 C
420 4864 706 4938 Sagittae,
739 4866 1127 4940 evangelistas
1173 4869 1334 4939 dicit,
1374 4871 1656 4931 virtutum
1703 4878 1934 4950 pennis,

271 4970 391 5010 non
425 4952 556 5009 suis
590 4953 690 5009 sed
720 4954 851 5026 ejus
879 4973 914 5013 a
943 4973 1058 5029 quo
1107 4957 1275 5015 missi
1322 4964 1483 5029 sunt,
1525 4968 1681 5021 recta
1728 4966 1938 5025 itinera

268 5040 731 5099 transvolantes.
764 5044 874 5100 Eos
922 5044 1247 5119 dissipavit,
1294 5049 1368 5104 ad
1406 5066 1555 5122 quos
1582 5052 1748 5110 missi
1774 5062 1931 5127 sunt,

270 5131 333 5188 id
365 5135 488 5199 est,
517 5130 805 5203 separavit
834 5133 1035 5191 fideles
1062 5135 1633 5213 recipiendoﬁmpios
1662 5144 1935 5217 abjicien-

270 5220 363 5277 do.
404 5219 668 5293 Fulgura
695 5220 1123 5296 multiplicavit,
1172 5224 1280 5281 hoc
1310 5231 1400 5283 est
1438 5228 1720 5289 miracula
1749 5234 1947 5293 multa

270 5310 434 5367 fecit.
472 5311 520 5366 Η
552 5311 951 5378 Conturbavit,
982 5313 1123 5386 quia
1167 5330 1270 5388 per
1316 5317 1601 5377 miracula
1643 5324 1933 5396 apostolo-

272 5418 407 5455 rum
443 5399 783 5472 compuncti
815 5405 953 5457 sunt
983 5404 1054 5458 ad
1085 5404 1504 5476 pcnnitentiam.

274 5491 345 5545 17
422 5491 489 5545 Et
512 5499 896 5563 apparuerunt
920 5493 1098 5563 fontes
1118 5510 1389 5566 aquarum
1419 5517 1439 5552 :

422 5581 491 5634 Et
506 5579 745 5635 revelata
765 5590 893 5636 sunt
911 5581 1273 5656 fundamrnta
1295 5587 1443 5644 orbis
1476 5594 1532 5654 ~j-
1550 5596 1821 5647 terrarum
1857 5596 1872 5659 ζ
1919 5635 1932 5647 .

347 5669 397 5723 Η
435 5669 647 5725 Fontes
695 5670 989 5741 apostolos
1041 5671 1199 5730 dicit.
1241 5675 1280 5730 C
1336 5676 1441 5742 Qui
1501 5694 1706 5749 aquas,
1757 5680 1814 5738 id
1846 5686 1935 5739 est

2046 3380 2185 3420 eum
2215 3362 2397 3420 etiam
2431 3359 2754 3418 saevissima
2781 3357 3143 3415 insecutione
3172 3359 3470 3430 praestare.

2047 3454 2111 3511 2t
2195 3458 2597 3510 Praevenerunt
2623 3444 2711 3507 me
2738 3451 2801 3505 in
2827 3448 2916 3505 die
2942 3448 3264 3521 afﬂictionis
3290 3461 3431 3504 meae
3459 3465 3477 3501 :

2189 3543 2257 3599 Et
2282 3544 2465 3614 factus
2492 3549 2571 3598 est
2599 3541 2861 3598 Dominus
2876 3545 3142 3612 protector
3167 3552 3338 3594 meus.

2121 3631 2164 3687 C
2222 3632 2633 3688 Prtevenerunt
2692 3625 3164 3704 pseudoapostoli
3218 3644 3231 3694 ;
3300 3624 3727 3700 praedicatores:

2049 3720 2574 3787 Christi,conantes
2595 3721 2930 3777 subvertere
2953 3717 3127 3774 corda
3144 3713 3598 3788 simplicium.ln
3615 3713 3711 3770 die

2050 3807 2407 3875 afﬂictionis,
2439 3810 2676 3881 quando
2717 3808 2997 3882 martyris
3045 3804 3360 3862 Christiani
3406 3803 3705 3860 sustinue-

2050 3899 2348 3956 runt.ldeo
2378 3895 3022 3973 Deus.protector,quia
3048 3894 3225 3950 homo
3255 3891 3475 3949 exstitit
3511 3892 3703 3965 impu-

2048 3993 2277 4061 gnator,
2309 3987 2464 4044 Deus
2512 3988 2670 4044 enim
2709 3984 3024 4043 Ecclesiam
3081 3982 3139 4039 in
3199 3980 3705 4056 persecutionibus
3759 4023 3780 4040 ς

2049 4075 2318 4150 protexit.

2046 4166 2119 4222 22
2188 4166 2255 4221 Et
2281 4165 2473 4223 admit
2500 4181 2588 4221 me
2618 4168 2677 4222 in
2706 4163 3055 4221 latitudinem
3085 4180 3103 4216 :

2190 4255 2417 4311 Salvum
2444 4270 2531 4310 me
2557 4256 2695 4326 facit
2722 4254 2983 4326 quoniam
3010 4251 3183 4307 voluit
3206 4266 3311 4305 me.

2119 4345 2161 4401 C
2192 4343 2478 4400 Producta
2506 4347 2596 4399 est
2636 4343 2899 4401 Ecclesia
2941 4341 3001 4396 in
3035 4338 3430 4406 latitudinem,
3463 4335 3723 4409 quando,

2049 4452 2151 4509 per
2181 4432 2455 4491 saevitiam
2487 4435 2927 4505 persecutorum
2955 4444 3267 4487 numerum
3290 4426 3540 4484 crevisse
3570 4441 3702 4481 con-

2049 4527 2165 4581 stat
2194 4520 2475 4578 fidelium.
2501 4520 2787 4588 Quoniam
2818 4517 3013 4589 volvit,
3048 4517 3103 4574 id
3138 4520 3248 4588 est,
3283 4533 3375 4572 me
3406 4512 3697 4589 eligitqui

1968 4622 2017 4688 Ι)
2046 4611 2231 4687 gratis
2251 4609 2752 4679 vocatuniversos,
2766 4615 2824 4668 et
2839 4609 3031 4666 salvos
3056 4608 3237 4666 efﬁcit
3252 4606 3362 4663 sibi
3380 4605 3711 4678 subjectos,

2049 4703 2113 4758 In
2143 4688 2402 4758 Ecclesia
2430 4699 2611 4774 igitur
2637 4699 2924 4757 catholica
2951 4699 3107 4755 hunc
3135 4714 3263 4754 esse
3302 4713 3526 4751 morem
3558 4697 3697 4752 ﬁde-

2046 4789 2192 4847 lium
2225 4788 2424 4846 nullus
2456 4789 2775 4863 ignorat,ut
2797 4793 3017 4862 quanto
3039 4788 3172 4863 plus
3192 4785 3697 4860 persecutionibus

2046 4879 2378 4953 stringitur,
2410 4883 2572 4935 tanto
2605 4877 2862 4952 amplius
2884 4876 3017 4933 ﬁdei
3041 4879 3354 4948 augmento
3378 4873 3656 4929 dilatetur
3679 4892 3692 4942 ;

2046 4974 2186 5026 tunc
2217 4967 2373 5025 enim
2407 4984 2511 5041 per
2529 4967 2778 5041 gratiam
2802 4965 2903 5021 Dei
2924 4966 3247 5037 exsurgunt
3265 4961 3462 5019 invicti
3490 4961 3693 5031 animi,

2044 5064 2184 5115 tunc
2207 5056 2540 5114 incendium
2572 5053 2874 5111 charitatis
2893 5052 3229 5119 ardescit,et
3256 5050 3406 5107 facto
3436 5050 3693 5125 agmine,

2043 5148 2102 5205 in
2129 5146 2355 5222 gladios
2394 5144 2651 5203 suaviter
2679 5146 2878 5200 ruunt.
2910 5142 3009 5216 qui
3043 5145 3270 5199 aeternae
3297 5139 3427 5198 vita:
3457 5141 3698 5215 praemia

2043 5235 2484 5309 concupiscunt.

2040 5329 2111 5383 23
2181 5332 2236 5393 σία
2283 5326 2347 5380 Et
2389 5331 2402 5390 ζ
2445 5326 2707 5381 retribuat
2731 5324 2874 5379 mihi
2920 5324 3183 5382 Dominus
3219 5321 3514 5380 secundum
3532 5324 3695 5396 justi-

2290 5416 2429 5471 tiam
2454 5430 2633 5470 meam
2661 5433 2679 5469 :

2184 5507 2248 5561 Et
2276 5503 2571 5561 secundum
2613 5505 2912 5577 puritatem
2957 5519 3224 5560 manuum
3251 5518 3501 5558 mearum
3528 5500 3689 5558 retri—

2258 5596 2381 5650 buet
2405 5594 2565 5650 mihi.

2115 5682 2155 5737 Ο
2186 5685 2517 5739 Secundum
2544 5683 2841 5755 justitiam
2874 5701 3083 5754 meam,
3118 5683 3174 5740 id
3221 5686 3328 5751 est,
3363 5679 3685 5736 secundum
