4086 6180
383 361 460 444 as
1307 383 1372 444 s.
1419 380 1819 444 BRUNONIS
1868 378 2491 443 HEHBIPOLENSIS
2536 379 2919 444 EPISCOPI.
3726 381 3806 444 es

382 512 743 573 voluntatem
769 530 958 574 meam
991 531 1023 573 a
1053 517 1108 572 te
1140 513 1283 572 mihi
1317 514 1514 572 datam
1545 514 1759 573 bonam
1778 531 1882 589 per
1909 531 2039 589 gra-
2067 513 2122 582 Α
2149 514 2214 573 31
2294 513 2566 585 Quoniam
2595 524 2657 572 tu
2685 514 2974 572 illuminas
3004 515 3287 573 lucernam
3311 531 3489 574 meam
3518 533 3537 572 :

385 605 552 662 tiam.
588 605 984 663 Innocentiam
1034 622 1338 673 manuum,
1391 623 1566 679 opera
1597 605 1740 663 dicit
1779 604 2035 678 pietatis,

385 713 564 769 quam
620 700 955 753 sanctorum
1016 696 1202 753 virtus
1253 695 1448 752 divino
1508 713 1750 753 munere
1807 713 2040 770 semper

385 789 631 842 exercet.

381 877 453 930 24
529 877 669 944 Quia
697 875 962 932 custodivi
988 879 1102 931 vias
1130 878 1356 933 Domini
1385 895 1403 931 :

526 967 630 1023 Nec
661 966 824 1037 impie
851 967 996 1034 gessi
1024 983 1057 1020 a
1086 968 1194 1022 Deo
1221 981 1359 1022 meo.

455 1055 495 1109 C
522 1054 636 1109 Viae
668 1054 923 1124 Domini,
952 1061 1095 1110 sunt
1125 1055 1359 1111 dilectio
1393 1055 1493 1112 Dei
1525 1059 1581 1110 et
1611 1054 1859 1128 proximi
1890 1071 2036 1128 quas

385 1147 610 1200 constat
633 1159 732 1199 eos
762 1145 1076 1210 custodire,
1103 1145 1201 1217 qui
1226 1143 1433 1200 nolunt
1461 1162 1495 1200 a
1526 1146 1800 1202 mandato
1822 1145 1923 1200 Dei
1945 1144 2038 1200 de-

381 1232 618 1289 clinare.
666 1232 847 1305 Impie
893 1233 1032 1308 agit,
1085 1233 1185 1306 qui
1226 1234 1399 1304 jussa
1454 1234 1686 1290 Domini
1745 1233 2037 1291 declinare

381 1321 702 1394 praesumit.

379 1411 451 1466 25
525 1413 793 1479 Quoniam
823 1413 1008 1467 omnia
1049 1413 1266 1482 judicia
1311 1414 1429 1484 ejus
1462 1415 1516 1468 in
1547 1422 1830 1486 conspectu
1870 1431 1985 1471 meo
2017 1433 2036 1469 :

526 1502 850 1572 Etjustitias
873 1503 989 1572 ejus
1020 1518 1129 1557 non
1161 1504 1341 1574 repuli
1371 1521 1404 1557 α
1433 1521 1536 1559 me.

455 1591 495 1644 C
523 1589 708 1645 Habet
738 1590 796 1645 in
829 1596 1146 1662 conspectu
1177 1609 1284 1648 suo
1312 1592 1537 1664 j'udicia
1567 1593 1794 1666 Dei,qui
1816 1593 2038 1666 jugiter

383 1679 512 1750 ejus
544 1677 829 1734 terribilia
851 1680 1077 1750 judicia
1107 1681 1667 1755 cogitat.Nunquam
1702 1683 1916 1755 repulit
1937 1685 2034 1754 ju-

384 1765 606 1824 stitiam
638 1767 738 1824 Dei
769 1785 803 1824 a
833 1785 914 1838 se,
947 1770 1040 1825 cui
1075 1787 1306 1843 semper
1333 1771 1394 1826 in
1426 1773 1598 1828 corde
1627 1771 1895 1829 Christus
1918 1773 2037 1830 sive

377 1856 616 1961 justitia
640 1861 966 1961 permanet.
989 1859 1300 1961 Repellupt
1336 1861 1600 1932 justitias
1632 1861 1756 1929 Dei,
1779 1863 1880 1934 qui
1910 1879 2032 1919 car-
2067 1894 2116 1961 Β

383 1945 476 2001 nis
508 1945 818 2019 fragilitate
849 1948 1130 2026 superati,
1165 1949 1339 2022 longa
1387 1955 1806 2023 praeceptorum
1837 1952 2036 2008 obser-

379 2034 608 2090 vatione
664 2035 1020 2105 deiicientes,
1093 2038 1426 2110 aequitatem
1483 2043 1686 2112 (quam
1743 2040 2039 2098 custodire

384 2125 703 2200 cmperunt)
727 2125 1025 2181 deserunt.

381 2214 454 2268 26
524 2214 588 2268 Et
615 2230 706 2270 ero
732 2215 1116 2274 immaculatus
1144 2233 1266 2273 cum
1296 2234 1356 2274 eo
1377 2236 1395 2273 :

524 2304 590 2358 Et
612 2305 903 2360 observabo
931 2321 1018 2360 me
1047 2307 1114 2360 ab
1147 2308 1438 2378 iniquitate
1467 2322 1606 2362 mea.

455 2391 502 2448 H
531 2391 640 2446 Ero
674 2390 1108 2465 immaculatus,
1142 2393 1199 2448 id
1243 2398 1350 2459 est,
1407 2395 1784 2467 perseverabo
1826 2396 1885 2452 in
1937 2396 2038 2454 illa

382 2479 717 2536 innocentia
745 2480 1200 2538 Christianitatis
1229 2483 1289 2538 in
1321 2500 1438 2556 qua
1464 2487 1700 2540 vocatus
1732 2501 1884 2542 sum.
1919 2485 2038 2541 Ob-

384 2569 626 2624 servabo
654 2585 768 2635 me,
802 2573 866 2625 ut
896 2587 1010 2626 non
1061 2575 1364 2628 convertar
1411 2573 1483 2628 ad
1533 2571 1938 2630 infidelitatem
1977 2574 2036 2630 in

383 2670 503 2730 qua
531 2657 694 2734 prius
724 2657 828 2725 fui,
863 2659 964 2714 sed
997 2659 1244 2716 firmiter
1281 2677 1648 2734 perseverare
1695 2661 1822 2718 volo
1856 2662 1914 2718 in
1937 2661 2039 2720 illa

385 2746 728 2804 credulitate
756 2747 1214 2806 Christianitatis
1245 2767 1422 2823 quam
1445 2755 1631 2808 teneo.

382 2838 454 2893 27
543 2842 598 2905 σί-
624 2839 690 2896 Et
729 2841 747 2912 ξ
789 2840 1050 2896 retribuet
1079 2839 1221 2896 mihi
1246 2841 1510 2897 Dominus
1551 2840 1846 2898 secundum
1866 2842 2037 2913 justi-

325 2921 332 2926 “
599 2933 735 2984 tiam
767 2945 942 2985 meam
973 2947 992 2985 .·

527 3020 590 3074 Et
618 3020 914 3076 secundum
939 3019 1240 3092 puritatem
1269 3035 1533 3075 manuum
1553 3035 1803 3076 mearum
1832 3022 1893 3076 in
1912 3035 2038 3077 con-

594 3117 776 3182 spectu
805 3109 1087 3165 oculorum
1113 3109 1250 3180 ejus.

456 3197 496 3253 C
519 3196 820 3254 Justitiam
855 3214 1066 3264 meam,
1099 3215 1277 3271 quam
1304 3196 1570 3267 tu,Deus,
1603 3198 1908 3255 donasti.H
1933 3199 2038 3255 Per

383 3286 603 3355 oculos,
635 3292 907 3360 aspectus
928 3287 1276 3360 intelligitur
1303 3287 1692 3346 divinitatis.C
1710 3289 1855 3355 Quia
1883 3289 2037 3348 sicut
2065 3271 2108 3337 Ο

375 3376 526 3446 justi
559 3393 790 3449 semper
818 3378 990 3433 corde
1030 3377 1215 3433 Deum
1247 3377 1642 3444 considerant,
1684 3378 1765 3435 ita
1791 3395 1892 3435 eos
1921 3379 2035 3434 vir-

383 3468 480 3520 tus
509 3464 704 3521 divina
723 3466 948 3539 jugiter
989 3466 1244 3538 respicit,
1277 3470 1336 3522 et
1365 3466 1680 3539 unicuique
1723 3468 1914 3524 reddit
1942 3486 2036 3525 so--

385 3554 646 3610 cundum
679 3554 991 3626 puritatem
1025 3555 1316 3611 bonorum
1347 3561 1607 3612 actuum.

383 3643 455 3698 28
529 3644 664 3699 Cum
689 3651 872 3701 sancto
901 3652 1121 3702 sanctus
1146 3647 1260 3701 eris
1292 3664 1310 3699 :

527 3733 592 3788 Et
619 3749 744 3789 cum
771 3735 892 3791 viro
920 3735 1203 3791 innocente
1232 3737 1490 3792 innocens
1515 3737 1645 3792 eris.

455 3822 496 3877 C
525 3821 671 3878 Cum
703 3827 904 3878 sancto
933 3823 1074 3890 viro,
1109 3822 1167 3879 id
1195 3827 1284 3879 est
1317 3823 1559 3880 Domino
1590 3823 2038 3898 Salvatore,ipso

385 3915 694 3983 praestante
721 3913 908 3968 sancti
953 3929 1082 3968 esse
1127 3929 1466 3984 possumus,
1501 3913 1832 3987 praicipitur
1861 3915 2039 3972 etiam

385 4003 451 4055 ut
479 4017 614 4056 cum
665 3999 997 4057 innocentia
1052 4003 1181 4073 ejus
1243 4001 1583 4058 innocentes
1641 4020 1768 4060 esse
1817 4020 2040 4062 merea-

385 4108 538 4147 mur.
574 4089 773 4148 Solent
802 4091 960 4146 enim
992 4107 1185 4147 mores
1235 4089 1541 4147 hominum
1594 4092 1926 4165 frequenter
1955 4095 2042 4151 eis

384 4179 609 4236 similes
639 4179 763 4236 fieri
789 4196 939 4250 quos
970 4179 1303 4237 habuerunt
1331 4180 1600 4237 doctores
1637 4186 1697 4237 et
1731 4187 2043 4256 praecepto-

386 4286 500 4325 [‘68.

381 4359 454 4414 29
543 4364 597 4423 »ἐ-
627 4360 691 4414 Ει
735 4365 748 4422 ζ
791 4375 916 4414 cum
943 4360 1109 4415 electo
1139 4361 1337 4415 electus
1369 4361 1478 4415 eris
1512 4377 1528 4413 :

528 4449 728 4502 Etcum
752 4456 997 4522 perverto
1023 4449 1368 4520 perverteris.

456 4538 495 4588 C
527 4533 845 4591 Petendum
876 4540 966 4591 est
995 4542 1060 4592 ut
1081 4553 1214 4592 eum
1230 4535 1510 4594 electione
1538 4537 1751 4595 Christi
1781 4539 1902 4611 (qui
1925 4538 2040 4596 ele-

385 4627 515 4680 ctus
545 4623 619 4679 ab
653 4623 802 4712 Isaia
831 4622 1062 4696 dicitur)
1093 4627 1227 4692 (Isai
1253 4625 1386 4696 xui)
1409 4625 1878 4699 eligamur,quod
1901 4632 2042 4685 tunc
2072 4647 2120 4712 Ι)

384 4711 601 4768 accidit
630 4711 798 4768 nobis
829 4713 1064 4784 quando
1085 4714 1389 4786 praeceptis
1411 4716 1540 4785 ejus
1561 4715 2040 4774 obodimus.Cum

385 4817 676 4874 perverso,
708 4800 766 4857 id
799 4805 906 4868 est,
937 4817 1072 4857 cum
1103 4800 1336 4857 diabolo
1366 4802 1741 4875 subverteris,
1773 4805 1872 4876 qui
1907 4823 2043 4878 pro-

383 4891 512 4962 pria
541 4891 849 4964 iniquitate
882 4907 1191 4964 pervorsus
1221 4890 1468 4959 est,illos
1500 4892 1716 4948 etenim
1746 4892 2046 4965 iniquissi-

385 4995 513 5035 mos
544 4979 768 5038 similes
799 4981 911 5039 sibi
943 4981 1099 5051 facit,
1134 4998 1284 5054 quos
1306 4982 1377 5038 ad
1403 4998 1523 5038 sua:
1544 4981 1889 5041 obedientiae
1904 4985 2044 5058 jura

385 5069 684 5125 convertit.

383 5156 454 5211 30
529 5158 796 5225 Quoniam
826 5167 885 5216 tu
910 5163 1176 5233 populum
1205 5161 1470 5218 humilem
1495 5161 1712 5218 salvum
1747 5165 1917 5235 facies
1947 5183 1966 5220 :

523 5247 590 5302 Et
618 5247 798 5302 oculos
825 5252 1182 5320 superborum
1211 5251 1554 5308 humiliubis.

455 5335 496 5391 Ο
524 5333 760 5391 Salvum
793 5337 964 5392 faciet
1009 5338 1314 5410 populum,
1338 5355 1474 5395 cum
1508 5342 1564 5396 in
1609 5343 1932 5414 diejudicii
1966 5348 2037 5402 ad

385 5423 678 5480 dexteram
704 5441 872 5480 suam
905 5424 1156 5481 humiles
1188 5427 1516 5484 collocabit.
1549 5429 1713 5486 Oculi
1759 5435 2039 5506 superbo-

384 5518 882 5586 rum,arrogantes
903 5513 1061 5581 dicit,
1098 5515 1142 5570 Η
1176 5517 1276 5587 qui
1307 5518 1714 5589 pmnitentiam
1741 5539 1912 5595 agere
1941 5524 2040 5580 de-

383 5603 704 5676 dignantur
737 5621 749 5669 ;
783 5605 824 5662 C
854 5621 1003 5678 quos
1036 5603 1374 5662 humiliabit
1422 5623 1554 5664 cum
1595 5609 1951 5668 descendent
1984 5613 2040 5670 in

390 5692 845 5768 profunditatem
875 5693 1177 5768 gehenna.

2290 607 2526 662 Domine"
2545 607 2679 663 Deos
2708 623 2881 673 meus,
2915 606 3180 664 illumina
3205 606 3451 664 tenebras
3470 621 3639 662 meas.

2221 699 2270 750 Η
2301 696 2564 752 Lucerna
2591 698 2681 752 est
2701 694 3031 751 intellectus
3054 695 3264 752 animas
3284 711 3413 768 qua
3435 694 3808 752 illuminatur

2154 803 2188 841 a
2217 786 2774 843 Christo.Tenebras
2806 785 2946 842 dicit
2973 785 3374 859 ignorantiam
3402 785 3811 860 cordis,quam

2148 876 2292 949 petit
2319 894 2354 932 a
2382 875 2608 933 Christo
2639 875 2982 934 illuminari.

2145 965 2217 1020 32
2291 967 2559 1034 Quoniam
2584 968 2644 1021 in
2672 974 2720 1023 te
2747 967 2959 1038 eripior
2985 983 3021 1021 a
3051 967 3353 1023 tentatione
3374 983 3392 1020 :

2289 1057 2355 1110 Ei
2385 1059 2442 1112 in
2472 1058 2578 1112 Deo
2607 1071 2722 1112 meo
2753 1055 3131 1125 transgredior
3158 1070 3400 1113 murum.

2215 1144 2352 1202 CIn
2401 1149 2458 1200 te
2514 1143 2748 1217 eripiar,
2792 1162 2908 1202 non
2957 1162 2992 1201 a
3041 1161 3153 1211 me,
3201 1143 3444 1200 tentatio
3501 1143 3806 1201 diabolum

2147 1234 2363 1308 signat,
2397 1233 2496 1306 qui
2546 1233 2827 1291 omnibus
2877 1231 3192 1288 momentis
3236 1239 3424 1292 tentet.
3478 1231 3630 1288 Bene
3661 1231 3810 1288 dixit

2147 1322 2547 1396 transgredior
2573 1321 2894 1390 murum,id
2915 1326 3003 1380 est
3014 1321 3384 1378 obstaculum
3406 1324 3808 1394 peccatorum,

2147 1413 2301 1485 quod
2359 1417 2447 1469 est
2491 1429 2699 1469 murus
2750 1411 2956 1468 mortis
2996 1427 3111 1467 non
3157 1409 3387 1479 salutis,
3433 1426 3610 1483 quem
3653 1410 3812 1468 inter

2146 1506 2327 1558 Deum
2360 1506 2416 1557 et
2446 1501 2714 1556 homines
2757 1498 3092 1556 mortalium
3142 1498 3414 1571 nequitiae
3463 1504 3806 1556 construxe-

2147 1597 2302 1647 runt.

2144 1682 2215 1738 33
2289 1685 2428 1740 Deus
2453 1687 2510 1748 ᾧ·
2551 1697 2702 1737 meus
2746 1688 2759 1746 ζ
2804 1681 3092 1753 impolluta
3105 1681 3196 1736 via
3213 1679 3332 1751 ejus
3349 1681 3567 1752 eloquia
3582 1680 3809 1737 Domini

2360 1775 2484 1843 igne
2511 1773 2828 1832 examinata
2857 1787 2876 1826 :

2287 1868 2568 1919 Protector
2593 1867 2673 1917 est
2695 1861 2943 1916 omnium
2970 1861 3318 1930 sperantium
3347 1859 3405 1913 in
3431 1872 3505 1915 se.

2218 1952 2260 2008 C
2290 1950 2602 2024 lmpollnta
2646 1950 2740 2006 via
2780 1950 2934 2022 ejus,
2966 1949 3075 2004 hoc
3123 1952 3214 2004 est
3244 1947 3574 2006 Incarnatio
3602 1947 3804 2016 Verbi,

2148 2058 2325 2114 quam
2347 2044 2575 2097 constat
2605 2039 2986 2113 pollutionem
3024 2054 3140 2094 non
3175 2036 3456 2095 habuisse
3487 2036 3730 2110 peccati.
3753 2037 3804 2094 Η

2146 2130 2390 2203 Eloquia
2420 2131 2542 2196 Dei,
2575 2133 2714 2186 sunt
2756 2129 2884 2201 ejus
2918 2128 3052 2200 igne
3081 2127 3220 2187 fidei
3251 2127 3372 2185 sive
3403 2125 3805 2184 tribulationis

2146 2220 2476 2276 examinata
2504 2217 2939 2286 mandata,ideo
2969 2217 3087 2274 Deo
3116 2222 3256 2273 sunt
3282 2215 3497 2289 placita
3516 2216 3670 2272 sicut
3699 2233 3804 2272 au-

2147 2328 2278 2366 rum
2309 2310 2442 2382 igne
2473 2309 2805 2382 probatum.
2837 2306 2944 2371 Qui
2976 2304 3037 2361 in
3067 2305 3367 2362 Christum
3402 2305 3650 2368 credunt
3673 2322 3806 2378 pro-

2147 2403 2444 2472 teguntur.
2477 2399 2518 2454 C
2565 2396 2771 2453 Nullus
2819 2394 3102 2452 dimissus
3149 2398 3239 2450 est
3285 2393 3397 2449 nisi
3428 2393 3529 2466 qui
3572 2394 3633 2450 in
3665 2411 3803 2452 eum

2147 2505 2382 2560 sperare
2411 2485 2684 2560 neglexit.

2145 2575 2215 2634 34
2286 2577 2564 2648 Quoniam
2584 2575 2705 2647 quis
2728 2574 2869 2630 Deus
2892 2577 3101 2644 praeter
3127 2572 3455 2630 Dominum?

2288 2669 2353 2723 Et
2380 2667 2503 2739 quis
2534 2666 2674 2720 Deus
2701 2669 2907 2736 praeter
2925 2662 3098 2718 Deum
3125 2665 3372 2716 nostrum
3392 2663 3418 2714 .9

2217 2756 2258 2812 C
2289 2756 2406 2813 Hoc
2463 2757 2667 2812 contra
2709 2765 3074 2826 paganorum
3127 2748 3487 2806 dementiam
3537 2747 3799 2806 dicitur:

2146 2845 2248 2924 qui
2275 2845 2415 2902 deos
2444 2842 2556 2900 sibi
2588 2839 2911 2898 multifaria
2937 2838 3194 2896 vanitate
3221 2839 3460 2896 ﬁnxere.
3480 2838 3801 2896 Dominum

2145 2933 2362 3008 posuit,
2395 2932 2536 3006 quia
2563 2930 2751 3004 ipsius
2773 2928 2926 2986 servi
2957 2944 3166 2984 sumus
3197 2931 3254 2984 et
3281 2943 3419 2984 eum
3460 2928 3800 2984 adoramus.

2147 3024 2262 3082 Iste
2291 3023 2450 3079 enim
2503 3021 2658 3078 Deus
2681 3017 2937 3076 Trinitas
2965 3021 3054 3074 est
3102 3009 3530 3090 inseparabilis,
3569 3019 3801 3074 tantum

2145 3113 2424 3170 distincta
2453 3109 2718 3184 personis
2748 3124 2866 3164 non
2895 3105 3228 3164 substantia
3255 3105 3511 3163 deitatis.

2146 3204 2217 3260 35
2289 3203 2430 3259 Deus
2458 3202 2556 3274 qui
2580 3198 2885 3271 praecinxit
2910 3212 2998 3252 me
3026 3197 3229 3250 virtute
3260 3211 3272 3247 :

2293 3293 2358 3347 Et
2380 3292 2562 3363 posuit
2591 3287 3003 3344 immacule
3030 3285 3178 3341 viam
3202 3299 3400 3339 meam.

2217 3379 2264 3436 Η
2295 3379 2457 3444 Quod
2489 3378 2588 3446 ait,
2624 3373 2925 3450 praecinxit
2976 3388 3088 3440 me,
3123 3369 3347 3428 scilicet
3392 3368 3643 3442 Spiritus
3675 3383 3808 3424 san-

2145 3473 2296 3536 ctus,
2330 3468 2430 3541 qui
2475 3483 2582 3523 nos
2620 3467 2809 3522 armat
2857 3466 3059 3519 contra
3102 3461 3420 3533 potestates
3467 3458 3724 3531 iniquas.
3762 3458 3805 3513 C

2145 3555 2593 3614 lmmaeulatam
2621 3555 2800 3621 viam,
2829 3552 2940 3608 hoc
2968 3553 3058 3607 est
3077 3548 3231 3605 viam
3253 3547 3635 3621 purissimam
3667 3545 3799 3602 sine

2147 3647 2318 3703 sorde
2345 3644 2748 3716 delicti,quam
2779 3640 2941 3698 solus
2964 3638 3062 3695 ille
3093 3636 3413 3696 ambulavit
3433 3635 3533 3709 qui
3566 3638 3807 3708 peccata

2148 3753 2264 3793 non
2295 3734 2514 3803 fecit,et
2541 3732 2688 3790 alios
2720 3729 3024 3788 ambulem
3055 3727 3190 3785 fecit
3215 3727 3272 3784 in
3303 3744 3390 3784 ea.

2145 3828 2217 3883 36
2291 3827 2396 3895 Qui
2420 3825 2646 3898 perfecit
2668 3821 2830 3894 pedes
2858 3836 3001 3877 meos
3031 3827 3293 3892 tanquam
3321 3832 3609 3874 cervorum
3637 3832 3656 3870 :

2290 3917 2354 3971 Et
2374 3931 2537 3986 super
2563 3913 2778 3970 excelsa
2805 3917 3047 3968 statuens
3075 3924 3178 3975 me,

2219 4005 2260 4061 C
2289 4002 2694 4061 Transmeavit
2723 3999 3013 4068 Christus,
3045 3997 3254 4054 delicta
3275 3993 3594 4070 pungentis
3621 3993 3805 4066 hujus

2149 4093 2344 4152 seaculi
2376 4099 2432 4149 et
2459 4091 2635 4148 facies
2681 4093 3054 4163 peccatorum
3103 4084 3618 4160 profundissimas,
3653 4082 3808 4140 sicut

2148 4200 2353 4241 cervus
2383 4182 2623 4256 spinosa
2651 4179 3115 4251 fructeta.Super
3135 4175 3364 4233 excelsa
3405 4174 3612 4232 statuit
3643 4191 3803 4242 eum,

2147 4273 2207 4330 id
2238 4276 2329 4330 est
2356 4277 2509 4329 Deus
2538 4271 2709 4328 Pater
2736 4285 2915 4342 super
2952 4283 3188 4324 omnem
3228 4263 3600 4322 altitudinem
3649 4279 3808 4320 crea-

2149 4367 2437 4428 turarum,
2471 4365 2536 4418 ut
2565 4357 2878 4432 Apostolus
2909 4357 2991 4414 ait
3021 4375 3034 4413 :
3068 4356 3140 4412 Et
3188 4354 3423 4412 donavit
3453 4353 3536 4410 illi
3567 4369 3804 4423 nomen,

2149 4453 2307 4526 quod
2330 4456 2420 4509 est
2449 4466 2628 4524 super
2655 4463 2827 4505 omne
2860 4463 3090 4503 nomen.

2150 4543 2218 4597 37
2293 4543 2400 4611 Qui
2429 4540 2576 4597 docet
2602 4554 2803 4595 manus
2826 4553 2973 4593 meas
2997 4536 3067 4591 ad
3087 4534 3353 4608 przlium
3378 4552 3397 4588 :

2292 4633 2358 4687 Et
2383 4630 2618 4703 posuisti
2641 4637 2703 4685 ut
2723 4643 2913 4684 arcum
2942 4642 3141 4681 aereum
3167 4623 3394 4679 brachia
3419 4637 3560 4679 mea.

2223 4721 2262 4776 C
2293 4719 2517 4788 Doceri,
2549 4722 2639 4775 est
2685 4716 2757 4773 ab
2806 4712 3255 4772 imminentibus
3286 4707 3516 4768 insidiis
3565 4714 3807 4767 cantum

2154 4810 2516 4878 ﬁeri,Manus
2545 4805 2911 4880 operationes
2940 4803 3294 4878 significant,
3326 4799 3592 4874 praelium
3622 4803 3806 4856 certa-

2153 4915 2287 4956 men
2331 4893 2546 4954 diaboli
2583 4893 2870 4952 :brachia
2896 4909 3031 4949 vero
3083 4890 3302 4948 Christi
3339 4888 3636 4963 propheta:
3669 4893 3809 4945 sunt

2149 4993 2208 5045 et
2227 4985 2474 5061 apostoli
2503 5001 2606 5058 per
2634 4999 2784 5056 quos
2814 4980 3170 5039 desiderium
3201 4995 3322 5036 suae
3345 4977 3808 5050 voluntatisope-

2149 5081 2312 5134 ratus
2341 5079 2449 5131 est.
2501 5073 2602 5129 His
2643 5075 2945 5144 comparat
2984 5086 3185 5126 arcum
3235 5083 3473 5136 aereum,
3522 5066 3661 5139 quia
3707 5081 3809 5123 ne-

2150 5165 2345 5223 sciunt
2373 5162 2522 5222 servi
2553 5161 2654 5219 Dei
2687 5159 3056 5235 praedicando
3092 5157 3449 5225 mollescere,
3475 5156 3580 5213 sed
3610 5156 3669 5212 in
3701 5173 3811 5213 cce-

2147 5255 2279 5312 lesti
2328 5251 2668 5310 fortitudine
2717 5255 3150 5324 permanentes,
3201 5247 3394 5306 verbis
3445 5245 3808 5313 salutaribus

2148 5342 2402 5411 emissis,
2433 5341 2592 5398 velut
2621 5340 2851 5415 sagittis
2881 5340 3114 5398 eminus
3135 5337 3437 5411 jaculatis,
3463 5337 3806 5394 devotorum

2149 5432 2459 5490 hominum
2492 5431 2670 5488 corda
2699 5434 3126 5504 compungunt.

2151 5523 2220 5578 3a
2291 5523 2430 5588 +Et
2473 5529 2485 5587 ζ
2527 5519 2726 5576 dedisti
2751 5519 2894 5575 mihi
2917 5519 3309 5592 protectionem
3336 5517 3537 5574 salutis
3575 5523 3688 5572 tua!
3719 5533 3738 5570 .·

2292 5612 2357 5666 Et
2385 5611 2611 5667 dextera
2637 5626 2732 5666 tua
2759 5612 2994 5684 suscepit
3023 5625 3129 5666 me.

2222 5700 2263 5757 C
2296 5699 2582 5758 Protectio
2632 5698 2860 5767 salutis,
2911 5698 3158 5771 gloriam
3208 5695 3502 5771 significat
3548 5710 3808 5753 resurre-
