4086 6180
257 383 330 442 91
1464 374 1884 437 exposmo
1932 373 2441 437 PSALMORUM.
3580 372 3663 455 se

259 514 483 579 ctionis,
531 510 789 584 quando,
820 507 1053 567 morttdi
1101 524 1276 565 carne
1322 509 1607 582 deposita,
1635 509 1900 564 eamdem
1934 514 1984 583 Α
2017 524 2125 563 nos
2146 507 2367 579 (Matth.
2399 507 2598 578 xxvn),
2631 506 2753 563 hac
2785 506 2942 563 enim
2968 510 3056 564 est
3082 522 3261 565 causa
3279 505 3661 581 dispersionis

258 599 753 675 incorruptibilsm
801 598 1141 673 resumpsit.
1176 598 1447 668 Dextera,
1471 597 1902 672 petentia'divi-

262 691 459 749 uitatis
485 693 727 763 est,quaa
757 691 1063 762 assumpta
1082 687 1578 746 inhumanitatem
1600 687 1660 744 in
1690 691 1907 744 (eterna

263 780 560 854 majestate
588 777 914 836 constituit.

262 871 329 928 39
412 867 1001 940 ivitdha'plinatua
1027 869 1468 926 correaﬁtmin
1495 869 1716 942 ﬂuctu:
1763 885 1785 923 :

398 960 468 1015 Et
493 958 793 1030 disciplina
824 962 921 1014 tua
947 959 1066 1030 ipsa
1092 972 1181 1015 me
1206 958 1438 1016 docebit.

330 1049 376 1105 Η
405 1047 529 1103 Vox
560 1045 1035 1120 Ecclesia,qu
1059 1047 1219 1105 enim
1247 1047 1445 1122 diligit
1473 1048 1628 1106 Deus
1647 1045 1906 1121 corripit.

265 1143 320 1196 et
344 1136 612 1195 doctrina
639 1140 743 1191 tua
771 1139 863 1207 (ut
891 1137 1069 1195 habet
1097 1137 1215 1194 alia
1241 1137 1596 1212 litteraﬁpss
1613 1151 1710 1194 me
1739 1137 1909 1193 doce-

265 1227 367 1297 bit,
397 1225 540 1300 quis
564 1240 805 1283 noceas
831 1230 941 1295 est,
972 1226 1113 1285 dum
1144 1226 1240 1285 hic
1282 1238 1754 1301 sumus,semper
1799 1225 1910 1282 sub

266 1316 525 1374 doctrina
552 1330 704 1373 esse.
734 1315 907 1372 Unde
938 1316 1182 1387 Paulus,
1208 1317 1421 1387 omnis,
1453 1317 1669 1390 inquit,
1696 1315 1911 1375 doctri-

267 1424 357 1476 na,
388 1405 449 1462 in
478 1402 755 1479 presenti
786 1421 902 1462 non
932 1404 1161 1465 videtur
1187 1421 1316 1462 esse
1343 1405 1545 1480 gaudii
1575 1407 1675 1463 sed
1711 1418 1915 1462 mare

268 1497 363 1565 ris,
394 1494 457 1553 in
484 1496 681 1553 futuro
707 1509 845 1552 vero
874 1493 1130 1552 multum
1161 1495 1418 1552 fructum
1450 1496 1637 1553 aﬂ‘ert.

268 1586 332 1640 40
401 1584 665 1641 υίιωωα
689 1598 906 1655 gressis
934 1598 1081 1640 suos
1105 1583 1296 1641 subtus
1327 1599 1452 1640 me:

403 1676 483 1730 Et
508 1689 621 1730 non
650 1680 779 1730 sunt
808 1672 1092 1743 inﬁrmata
1117 1674 1346 1743 vestigia
1372 1688 1516 1730 mea.

336 1762 381 1819 Η
413 1761 686 1819 Dilatasti
715 1778 954 1835 gressus
984 1762 1235 1831 meos,id
1254 1766 1343 1818 est
1366 1774 1606 1819 sensum
1638 1776 1834 1818 meum
1854 1760 1918 1817 in

2012 613 2236 664 eorum,
2268 595 2511 670 sanguis
2543 594 2756 651 Christi
2791 595 3030 651 scilicet.

2013 687 2084 741 45
2158 687 2548 742 Clamawrunt
2576 701 2675 742 nec
2701 693 2820 742 erat
2849 686 2946 759 qui
2973 686 3150 742 salvos
3184 689 3390 760 faceret
3438 687 3507 744 ad
3558 689 3661 744 Do-

2226 776 2441 831 minum
2452 819 2463 831 .

2156 865 2266 921 Nec
2294 864 2580 921 exaudivit
2606 879 2711 921 eos.
3640 902 3647 907 ς

2088 953 2135 1010 Η
2166 953 2518 1010 Clamabunt
2541 953 2602 1009 in
2628 953 2793 1028 impii
2825 958 2882 1010 et
2917 953 3101 1011 Judaei
3131 954 3188 1010 in
3223 954 3420 1013 futuro
3440 957 3667 1029 judicio

2018 1043 2090 1100 ad
2123 1043 2443 1101 Christum.
2476 1058 2611 1100 cum
2637 1042 2890 1099 viderint
2918 1060 3083 1116 spem
3115 1061 3284 1101 suam
3330 1044 3388 1100 in
3436 1046 3666 1104 diabolo

2018 1133 2384 1191 corruisse.C
2408 1133 2536 1190 Non
2563 1134 2832 1190 exaudiet
2854 1150 2974 1202 eos,
2993 1134 3271 1207 quoniam
3301 1135 3670 1195 infructuosa

2017 1222 2137 1280 illis
2167 1227 2258 1280 est
2289 1222 2648 1296 panitentia,
2682 1222 2781 1278 ubi
2802 1224 2929 1296 jam
2960 1223 3329 1298 cognoscitur
3352 1241 3480 1282 esse
3502 1226 3672 1298 justa

2019 1312 2339 1368 damnatio.

2021 1403 2091 1457 46
2165 1405 2233 1459 Et
2257 1403 2629 1459 comminuam
2657 1405 2822 1459 θωπί
2842 1402 3472 1475 pulveremantefaciem
3489 1405 3665 1462 venit:

2136 1522 2137 1525 η
2170 1493 2234 1549 Ut
2262 1492 2439 1548 lutum
2464 1493 2779 1563 platearum
2804 1491 2990 1548 delebo
3018 1509 3124 1548 eos.

2095 1579 2804 1655 Clntellignntsesuperbi
2819 1580 3674 1655 etgrandiloquicomminucn-

2025 1669 2133 1726 dos
2163 1673 2228 1725 ut
2258 1669 2685 1744 pulveremzqui
2709 1669 3034 1727 moliuntur
3055 1670 3675 1745 Dominopravismen-

2028 1759 2188 1815 tibus
2219 1758 2634 1814 contradicere.
2661 1761 2807 1815 Ante
2838 1759 3045 1816 faciem
3077 1758 3259 1825 venti,
3283 1765 3353 1815 ut
3375 1759 3676 1833 quiescere

272 1852 657 1926 amplitudine
674 1856 790 1907 tua:
811 1850 1199 1908 charitatis.A
1217 1851 1365 1918 Quia
1381 1851 1559 1908 latam
1581 1851 1765 1907 fecisti
1789 1851 1920 1908 cha-
1946 1891 1995 1959 ⁸
2029 1866 2145 1905 non
2174 1848 2402 1922 possint
2431 1864 2564 1904 cum
2597 1848 2812 1905 fuerint
2842 1849 3161 1905 imminuti.
3195 1850 3347 1906 Bene
3373 1848 3495 1907 luto
3517 1867 3673 1907 com-

271 1942 518 2013 ritstsm,
551 1939 823 1997 hilariter
844 1943 1187 2013 operantem
1215 1940 1392 1997 etiam
1445 1940 1503 1996 ln
1551 1940 1645 1996 his
1693 1940 1918 1997 scilicet
1946 1937 1995 1959 ¹¹’
2024 1942 2192 2011 parat
2220 1942 2554 2011 peccatores
2584 1937 2686 2009 qui
2718 1937 2915 1997 fstidis
2965 1937 3218 2010 peccatis
3265 1938 3671 2011 inquinamur.

271 2030 617 2089 mortalibus
644 2030 822 2087 rebus
849 2034 909 2086 et
938 2029 1225 2086 membris
1253 2044 1383 2103 qua
1408 2034 1549 2087 sunt
1576 2029 1689 2086 sub
1720 2040 1837 2087 me.
1869 2030 1915 2087 Η

270 2120 384 2176 Non
414 2121 563 2176 sunt
591 2118 890 2176 inﬁrmata
916 2118 1186 2193 vestigia,
1214 2119 1272 2175 id
1304 2122 1397 2175 est
1440 2119 1707 2193 exempla
1729 2120 1919 2192 ejus,a

272 2208 709 2267 successoribus
737 2209 1122 2281 sequesda,et
1150 2207 1417 2267 doctrina
1443 2209 1596 2281 ejus.

272 2300 325 2355 41
397 2299 711 2370 Persequar
738 2299 992 2356 meo:
1017 2305 1073 2355 et
1096 2298 1549 2370 comprehendam
1578 2298 1705 2354 illos
1733 2314 1746 2355 :

401 2389 465 2445 ει
493 2404 612 2445 non
639 2394 925 2444 convertar
949 2386 1117 2445 donec
1143 2387 1418 2459 deﬁciant.

339 2478 378 2533 ll
410 2477 764 2549 Persequar,
793 2493 901 2533 vos
931 2475 1167 2545 Christi,
1192 2477 1249 2532 id
1281 2480 1373 2534 est
1401 2476 1670 2534 Christus
1690 2476 1923 2533 Judaeos

272 2566 350 2623 vel
379 2564 767 2641 gentiles,qui
779 2566 832 2622 ei
847 2564 1307 2639 injusteinisniei
1318 2564 1715 2635 factisuut,vel
1739 2565 1925 2622 Eccle-

274 2656 355 2713 sia
382 2655 769 2730 persequitur
793 2654 1403 2727 carnalesaﬂ'ectus,et
1429 2655 1922 2730 comprehendam

274 2745 399 2803 illos
423 2752 749 2819 antequam
780 2744 1244 2818 comprehendar
1283 2746 1359 2802 ab
1388 2743 1528 2817 illis,
1560 2750 1620 2803 et
1645 2762 1760 2802 non
1791 2761 1925 2801 cont-

276 2838 481 2904 vertar,
508 2833 744 2892 scilicet
790 2835 864 2890 ab
912 2833 1025 2891 hac
1055 2833 1399 2892 intentione.
1432 2834 1624 2891 Donec
1652 2832 1928 2892 deﬁciant

276 2922 617 2997 huiusmodi
658 2921 925 2981 carnales
979 2923 1225 2980 etractus
1277 2924 1337 2980 in
1385 2932 1480 2981 me
1524 2923 1645 2981 sive
1701 2922 1926 2979 inimici

272 3012 445 3070 Judaei
474 3015 543 3071 et
572 3011 713 3070 mali
741 3022 947 3071 attines
976 3029 1013 3069 ι
1040 3012 1266 3071 malitia
1293 3012 1380 3071 vel
1410 3026 1447 3070 a.
1472 3012 1926 3087 cogitationibus

274 3119 477 3175 prims.

274 3193 335 3247 42
404 3191 1545 3265 Confriosgmillosneepcteruntstare:

403 3280 1212 3354 assummum.

335 3370 381 3426 Η
400 3371 688 3444 Aﬂligam
716 3369 942 3443 illos(ut
961 3369 1139 3427 habet
1158 3369 1276 3427 alia-
1293 3369 1848 3444 translatio)scilicet
1868 3370 1926 3428 in

276 3459 469 3519 multis
501 3458 868 3530 maligsicut
880 3460 1003 3533 iam
1020 3460 1245 3517 factm
1262 3460 1523 3535 legimus
1533 3459 1929 3533 Judati's,tem-

277 3548 513 3620 poribus
544 3547 679 3604 Titi.
711 3546 827 3605 Nec
874 3551 1030 3604 stare
1077 3552 1367 3621 poterant,
1395 3549 1535 3622 quis
1564 3548 1624 3605 in
1654 3548 1932 3622 superbis

279 3637 439 3694 erecti
467 3638 731 3694 fuerant.
759 3636 999 3705 Cadent,
1051 3637 1171 3694 siue
1218 3642 1284 3694 ut
1332 3638 1575 3697 adorent
1622 3654 1687 3695 se
1732 3636 1930 3695 humi-

279 3725 486 3794 liando,
525 3743 634 3783 seu
664 3730 732 3783 ut
759 3725 1179 3784 conculcentur
1206 3727 1469 3785 damnati

280 3817 342 3873 43
423 3822 482 3890 -ξ
502 3817 582 3873 Et
618 3821 633 3883 ζ
668 3818 1025 3889 ρι’.κείΜὺΙί
1051 3819 1367 3874 ηισλυὶνικδθ
1390 3816 1461 3874 ad
1490 3817 1694 3875 bellum
1724 3836 1744 3875 :

406 3906 799 3980 Supplantasti
826 3907 1169 3976 insurgentes
1199 3908 1256 3962 in
1280 3923 1369 3963 me
1393 3907 1584 3963 subtus
1610 3923 1717 3965 me.

340 3998 387 4052 «ἓν
408 3996 771 4053 Prmeinctus
798 4000 890 4052 est
916 3994 1079 4052 enim
1119 3994 1330 4052 virtute
1374 3995 1669 4065 Christus,
1697 3996 1931 4070 quando

279 4084 556 4155 patiebtia
573 4089 636 4140 et
662 4083 1276 4152 foditudinmadversa
1295 4083 1670 4142 inimicorum
1691 4093 1931 4159 supera-

278 4173 801 4248 vit.8’npplantavit
827 4173 1175 4246 coemtme
1203 4173 1303 4248 qui
1326 4178 1530 4231 contra
1555 4182 1692 4231 eum
1724 4174 1935 4232 insana

280 4262 708 4337 occepit-sticus
752 4267 1126 4331 tumuerunt,
1174 4271 1284 4320 suo
1325 4263 1551 4336 judicio
1594 4263 1723 4321 sine
1751 4263 1932 4321 dubio

280 4352 567 4411 subdendi
594 4355 763 4421 sunt,
792 4356 859 4409 ut
883 4360 1020 4409 cum
1052 4359 1159 4409 suo
1190 4352 1537 4427 instigatore
1562 4353 1933 4427 pereant,qui

281 4441 494 4499 auctori
524 4457 641 4500 suo
662 4441 903 4499 credere
930 4440 1403 4499 nodubruntﬂoc
1432 4441 1591 4499 enim
1620 4443 1690 4500 de
1711 4441 1931 4515 sitit-itis

280 4529 385 4589 bus
411 4531 745 4589 immundis
773 4531 996 4587 dictum
1026 4534 1135 4600 est,
1169 4531 1271 4604 qui
1302 4548 1406 4605 per
1434 4532 1667 4590 Judaaos
1699 4531 1933 4590 Christo

281 4617 476 4693 iniqua
506 4620 839 4678 certamina
856 4622 1182 4677 moves-unt.

285 4708 345 4764 44
429 4716 485 4776 -ξ-
509 4711 591 4766 Et
631 4714 649 4775 ζ
693 4710 949 4767 inimicos
972 4725 1119 4767 meae
1146 4709 1346 4768 dedisti
1372 4710 1516 4768 Mihi
1539 4711 1808 4768 dorsum:

380 4799 445 4856 tu
466 4799 717 4856 oetam
743 4815 835 4856 me
856 4797 1255 4873 ἀεφσπιωίειί.

347 4887 391 4944 C
426 4887 475 4945 li
515 4888 772 4946 Bassum
819 4888 1016 4963 signat
1062 4888 1502 4947 conversionem
1549 4905 1776 4958 eorum,
1833 4888 1933 4961 qui

285 4975 619 5035 adstantes
646 4977 874 5035 nomini
903 4977 1145 5051 casui,
1177 4978 1345 5052 prius
1372 4979 1612 5036 dorsum
1641 4983 1938 5036 verterunt

285 5064 355 5120 ad
380 5064 685 5124 Christum
711 5084 831 5124 non
859 5066 1305 5141 faciem,postea
1331 5068 1594 5125 conversi
1625 5068 1760 5125 ὣσῆ
1795 5070 1937 5124 sunt

284 5153 689 5224 Christiani,ut
714 5155 932 5213 Paulus
959 5154 1344 5231 apcstolus.C
1374 5155 1476 5213 Vel
1503 5156 1746 5214 dorsum
1767 5156 1938 5213 deds-

282 5246 414 5300 runt
443 5245 685 5318 quando
725 5245 867 5303 victi
911 5250 1073 5316 sunt,
1103 5248 1163 5303 et
1189 5245 1477 5313 conversi,
1507 5258 1759 5319 quorum
1790 5245 1932 5320 fuga

282 5334 425 5404 (qua:
453 5351 562 5408 per
587 5334 839 5392 dorsum
861 5333 1309 5409 signatur)t‘acta
1324 5339 1417 5392 est
1440 5335 1655 5393 Christi
1676 5335 1935 5411 gloriosa

280 5419 534 5479 victoria;
585 5424 751 5481 Sicut
802 5423 1019 5481 Saulus
1065 5422 1255 5480 victus
1283 5423 1420 5496 (Aet.
1466 5424 1565 5496 Ix),
1598 5424 1791 5481 factus
1843 5426 1934 5481 est

286 5508 458 5567 victor
486 5511 1013 5587 Paulss,quoniam
1025 5512 1174 5571 alius
1191 5512 1330 5569 vicit
1349 5511 1931 5587 conVertsndo,prius

287 5593 407 5673 ipss
428 5600 642 5661 victus.
674 5601 962 5678 Disponit
986 5602 1274 5672 odiehtes,
1321 5603 1559 5676 quando
1604 5602 1840 5663 Judatos
1870 5603 1931 5662 in

290 5700 485 5749 eorum
516 5691 758 5766 perﬁdia
770 5692 999 5753 dimisit
1011 5692 1272 5753 dicentes
1292 5690 1577 5769 :Sanguis
1598 5692 1727 5767 ejus
1754 5709 1936 5770 super

2025 2026 2257 2096 Delebc,
2291 2026 2351 2082 id
2380 2030 2488 2094 est,
2522 2027 2593 2082 de
2637 2026 2827 2082 medio
2874 2032 3211 2084 sanctorum
3262 2027 3485 2098 tollam,
3518 2030 3674 2103 quod

2026 2114 2276 2190 pertinet
2304 2115 2377 2175 ad
2426 2113 2618 2171 lutum
2649 2114 2973 2189 platearum
3002 2134 3017 2186 ;
3050 2116 3243 2174 lutum
3273 2117 3499 2192 quippe
3537 2117 3677 2191 quia

2026 2202 2444 2260 mollissimum
2474 2204 2644 2262 facile
2670 2203 2914 2263 tollitur.
3652 2224 3662 2231 '

2030 2296 2098 2351 47
2171 2295 2383 2365 Eripies
2410 2309 2497 2350 me
2524 2293 2591 2349 de
2617 2294 3141 2351 contradictionibus
3165 2297 3362 2369 populi
3389 2315 3408 2353 .·

2172 2383 2478 2439 Constitues
2504 2398 2591 2439 me
2620 2384 2680 2439 in
2708 2389 2876 2458 caput
2900 2387 3166 2457 gentium.

2101 2474 2142 2529 C
2172 2474 2417 2546 Ereptus
2446 2476 2537 2529 est
2564 2472 2835 2531 Christus
2866 2474 2939 2529 de
2967 2462 3532 2533 contradictionibus
3573 2494 3678 2549 po-

2030 2562 2153 2637 puli
2186 2580 2200 2618 :
2234 2562 2468 2635 quando
2497 2560 2753 2635 explosis
2783 2562 3023 2635 perﬁdis
3043 2562 3285 2633 Judaeis,
3308 2566 3381 2621 ad
3413 2565 3679 2639 gentium

2033 2651 2209 2707 fidem
2239 2650 2722 2723 devotionemque
2750 2651 3075 2708 translatus
3094 2653 3577 2710 cst.Constitutus
3592 2658 3683 2711 est

2034 2741 2093 2796 in
2123 2744 2300 2813 caput
2327 2738 2612 2812 gentium,
2648 2741 2883 2813 quando
2925 2758 3028 2814 per
3070 2741 3245 2798 fidem
3278 2741 3513 2799 illorum
3543 2759 3682 2801 sus-

2033 2834 2235 2902 ceptus
2263 2832 2386 2897 est;
2420 2828 2560 2902 quia
2588 2830 2647 2885 in
2679 2829 2975 2887 frontibus
3019 2831 3310 2904 gentium,
3342 2834 3536 2890 erucis
3576 2833 3680 2890 ha-

2032 2920 2291 2975 buerant
2317 2917 2527 2975 vexilla
2555 2918 2803 2977 radiare.

2035 3008 2103 3065 48
2175 3008 2415 3080 Papulas
2445 3024 2606 3080 quem
2632 3025 2737 3065 non
2769 3010 2995 3081 cognovi
3022 3013 3247 3067 servivit
3274 3011 3438 3068 mihi.

2175 3104 2230 3164 ἐς
2270 3099 2332 3154 In
2376 3088 2395 3165 ξ
2448 3097 2644 3153 auditu
2672 3098 2829 3153 auris
2857 3096 3094 3154 obedivit
3120 3099 3283 3156 mihi.

2107 3186 2150 3241 C
2177 3187 2365 3244 Servit
2383 3185 3063 3260 populusChristoﬁdem
3088 3188 3684 3261 gentescrediderunt

1956 3265 2000 3333 C
2037 3276 2288 3345 Christo,
2324 3292 2499 3349 quem
2530 3275 2697 3348 prius
2737 3292 2853 3331 non
2904 3275 3189 3351 cognovit,
3217 3277 3357 3349 quia
3405 3277 3466 3332 in
3483 3274 3682 3332 Jillum

2035 3365 2236 3423 credit.
2267 3364 2315 3421 H
2345 3364 2611 3422 Obedivit
2641 3363 2845 3421 auditu
2877 3365 3037 3422 auris
3064 3385 3078 3435 ;
3106 3366 3250 3439 quia
3275 3365 3569 3423 mirabilia
3586 3364 3685 3422 Dei

2036 3472 2154 3513 non
2198 3454 2460 3511 videntes
2510 3468 2701 3527 neque
2746 3454 3117 3527 prwsenﬁam
3164 3454 3548 3529 corporalem,
3581 3455 3687 3512 sed
3749 3442 3758 3449 ’

2036 3548 2238 3618 postea
2301 3543 2635 3612 audierunt,
2683 3547 2745 3599 et
2788 3544 2916 3600 suis
2965 3544 3302 3601 doctoribus
3349 3544 3691 3611 obedientss

2036 3633 2430 3700 crediderunt,
2463 3636 2522 3689 et
2551 3645 2723 3707 opere
2753 3633 2928 3689 fidem
2963 3632 3372 3708 impleverunt.

2039 3723 2108 3779 49
2183 3724 2317 3780 Filii
2342 3724 2517 3781 aiient
2543 3725 2745 3780 meniti
2768 3731 2899 3780 sunt
2923 3723 3065 3780 mihi
3088 3741 3108 3780 :
3138 3724 3251 3796 ﬁlii
3278 3724 3456 3780 alieni
3485 3725 3687 3780 invete-

2252 3814 2367 3870 rati
2389 3820 2519 3870 sunt
2544 3831 2569 3879 ;

2178 3905 2247 3959 Et
2271 3902 2719 3959 claudicaverunt
2745 3919 2781 3958 a
2806 3902 3018 3958 semitis
3047 3903 3182 3959 suis.

2111 3992 2158 4049 H
2188 3991 2318 4048 Filii
2368 3991 2563 4057 alieni,
2614 3990 2722 4047 filii
2769 3991 3009 4059 diaboli,
3055 3989 3275 4063 quibus
3317 3990 3444 4065 ipse
3492 3991 3686 4051 dixit:

2040 4081 2157 4138 Vos
2214 4097 2283 4137 ex
2334 4082 2497 4154 patre
2545 4079 2780 4137 diabolo
2826 4081 3001 4153 (Joan.
3052 4079 3175 4151 vni)
3227 4079 3388 4138 estis.
3439 4080 3479 4135 C
3529 4079 3686 4135 Men-

2039 4170 2129 4227 titi
2157 4174 2297 4227 sunt
2326 4169 2492 4237 mihi,
2526 4169 2765 4242 quando
2791 4166 3103 4229 dicebant:
3135 4167 3432 4241 Magister,
3464 4166 3687 4224 scimus

2041 4260 2180 4333 quia
2228 4277 2263 4316 a
2304 4259 2423 4316 Deo
2469 4257 2702 4324 venisti,
2734 4260 2793 4313 et
2833 4256 2895 4312 in
2936 4255 3174 4313 veritate
3200 4255 3355 4315 viam
3384 4254 3485 4311 Dei
3514 4255 3688 4312 doces

2040 4351 2250 4425 (Matth.
2281 4346 2444 4418 xxu).
2478 4344 2709 4405 Mentiri
2739 4349 2828 4402 est
2859 4345 3017 4401 enim
3068 4348 3270 4400 contra
3314 4348 3572 4401 mentem
3603 4342 3689 4398 los

2040 4440 2164 4513 qui,
2192 4442 2251 4495 et
2301 4435 2445 4492 illud
2492 4434 2554 4490 in
2605 4433 2807 4508 lingua
2859 4447 3127 4508 promere
3176 4432 3333 4506 quod
3365 4437 3595 4491 constat
3628 4432 3688 4488 in

2040 4527 2245 4585 anim
2266 4541 2383 4581 non
2413 4523 2650 4580 habere.
2681 4524 2730 4579 A
2757 4522 2805 4578 Η
2836 4519 3143 4578 Inveterati
3193 4524 3353 4588 sunt,
3386 4519 3449 4576 id
3493 4523 3585 4577 est
3630 4519 3691 4575 in

2038 4615 2213 4675 veteri
2255 4613 2493 4671 homine
2541 4614 2972 4681 remanserunt,
3018 4627 3167 4684 quos
3213 4609 3492 4668 innovare
3536 4608 3691 4678 veni,

2041 4709 2109 4764 Et
2148 4704 2576 4764 claudicarunt.
2604 4703 2646 4771 C
2694 4702 2843 4759 Nam
2890 4700 3221 4757 claudicare
3268 4700 3525 4756 dicimus
3567 4714 3689 4768 eos,

2042 4797 2144 4871 qui
2175 4812 2291 4853 uno
2321 4794 2467 4868 pede
2493 4791 2715 4849 debiles
2747 4795 2905 4847 sunt.
2940 4789 2986 4845 H
3017 4788 3119 4846 Ille
3150 4788 3440 4845 claudicat
3465 4786 3567 4858 qui
3585 4786 3689 4840 Pa-

2042 4891 2190 4943 trem
2221 4883 2425 4953 credit,
2457 4886 2514 4939 et
2540 4878 2755 4938 Filium
2798 4895 2912 4935 non
2940 4877 3143 4934 credit.
3177 4877 3219 4932 C
3246 4874 3433 4933 Judaei
3464 4872 3691 4930 claudi-

2043 4978 2197 5044 cant,
2233 4972 2333 5046 qui
2377 4982 2558 5028 unam
2604 4972 2829 5042 partem
2877 4963 3211 5037 Scriptum,
3242 4963 3426 5019 Vetus
3472 4961 3695 5019 scilicet

2043 5066 2488 5122 Testamentum
2532 5055 2844 5114 carnaliter
2899 5051 3316 5126 intelligentes,
3371 5052 3571 5122 aliam,
3602 5051 3715 5123 ,id.

2041 5157 2132 5212 est
2160 5153 2385 5210 Novum
2414 5147 2854 5205 Testatuentum
2881 5147 3226 5216 respuentes
3258 5159 3374 5198 non
3400 5141 3637 5199 habent.

2036 5245 2109 5300 50
2186 5242 2327 5298 Vivit
2355 5237 2623 5295 Dominus
2652 5241 2704 5290 et
2733 5232 3042 5289 benedictus
3070 5234 3219 5289 Deus
3232 5249 3404 5289 meus.

2181 5332 2249 5387 Et
2277 5327 2552 5386 multetur
2578 5328 2727 5380 Deus
2755 5322 2952 5380 salutis
2982 5336 3143 5380 meae.

2111 5421 2159 5478 Η
2211 5419 2382 5475 Recte
2431 5413 2575 5471 dicit
2621 5411 2926 5469 Ecclesia:
2959 5412 3119 5467 Vivit
3165 5411 3471 5478 Dominus,
3517 5426 3693 5484 quem

2037 5509 2225 5569 Judtei
2252 5508 2313 5564 in
2343 5502 2609 5578 sepulcro
2639 5501 2993 5560 clauserant.
3024 5502 3068 5558 C
3097 5501 3448 5558 Benedictus
3477 5499 3695 5556 dicitur

2043 5602 2216 5670 Deus,
2266 5608 2401 5655 cum
2457 5593 2509 5652 ei
2561 5592 2742 5667 digna
2789 5591 3097 5650 devotione
3139 5589 3272 5647 laus
3319 5588 3689 5665 persolvitur.

2043 5689 2357 5758 Exaltetnr,
2390 5685 2448 5744 id
2480 5687 2570 5745 est
2597 5683 2659 5742 in
2690 5686 2810 5742 toto
2840 5682 2978 5742 orbe
3009 5680 3300 5740 credatur.
3333 5678 3447 5769 Nec
3467 5678 3694 5755 poterat
