4086 6180
405 383 489 443 99

1337 377 1398 436 S.
1449 373 1848 436 BBUNONIS
1894 368 2514 434 HEBBIPOLENSIS
2559 324 2950 434 EPISCOPI‘

3709 374 3826 437 100

414 513 579 570 τὶῙίῗοΓ
633 510 895 586 (multari,
945 512 1048 586 qui
1094 509 1256 568 solus
1300 514 1536 566 vocatur
1582 512 1639 583 et
1685 511 1776 565 est
1821 503 2050 563 Altissi-
2081 506 2136 573 Α
2168 498 2228 561 ’1
2306 505 2446 562 ϐαεῑί
2471 515 2735 563 enarrant
2759 507 2996 578 gloriam
3023 505 3167 562 Dei:

331 599 343 612 “
410 621 466 659 ω
483 621 566 660 us.

405 692 512 752 δι’
555 695 718 758 Deus,
749 693 846 765 qui
871 691 968 748 das
998 671 1268 747 vindictas
1293 688 1457 744 mihi.
1490 690 1558 744 Et
1601 687 1792 748 subdi:
1831 685 2058 760 populos

621 783 723 839 sub
752 798 840 837 me
869 798 889 837 :

553 873 834 928 Liberator
860 885 1014 926 meus
1042 867 1111 924 de
1135 868 1526 944 inimicismeis
1554 872 1610 933 +
1651 865 1936 922 iracundis
1977 890 1990 904 -
2035 905 2053 920 .

478 962 525 1017 H
550 961 726 1031 Deus,
777 959 877 1032 qui
925 958 1031 1015 das
1075 957 1398 1014 vindictam
1444 955 1612 1026 mihi,
1662 953 2052 1012 subvertenda

404 1049 638 1107 Judaeor.
663 1067 676 1117 ;
705 1047 816 1117 vel,
850 1053 1022 1116 Deus,
1057 1047 1159 1120 qui
1189 1048 1295 1104 das
1331 1045 1621 1102 vindictas
1651 1043 1870 1101 sanctis
1919 1059 2052 1116 apo-

405 1137 572 1194 stolis
600 1153 922 1208 eorumque
952 1135 1397 1192 successoribus
1411 1133 1681 1190 Ecclesiae
1703 1131 1963 1189 solVendi
1993 1135 2052 1187 et

403 1225 751 1300 corrigendi.
785 1227 856 1282 Et
883 1225 1046 1282 dedit
1075 1228 1423 1298 potestatem
1467 1221 1945 1296 praedicatoribus
1975 1219 2047 1276 ad

401 1317 722 1389 regendum
771 1319 973 1388 gentes
1023 1311 1376 1370 incredulas.
1417 1311 1806 1368 Liberatorem
1861 1309 2047 1366 Deum

401 1406 562 1462 dicit.
594 1404 744 1460 Petit
771 1403 1029 1460 Ecclesia
1059 1419 1121 1460 se
1149 1401 1384 1458 liberari
1417 1402 1489 1456 ab
1537 1399 1844 1466 haereticis,
1866 1415 1973 1458 seu
2014 1415 2050 1454 a

400 1493 828 1568 peccatoribus,
861 1496 918 1548 et
947 1492 1058 1548 hoc
1090 1491 1162 1547 ab
1196 1490 1512 1558 iracundis,
1543 1489 1585 1545 C
1610 1489 1668 1546 id
1719 1492 1808 1546 est
1853 1505 1889 1544 a
1933 1487 2044 1544 fer-

401 1584 533 1640 vida
563 1580 930 1654 malignitate
961 1579 1281 1636 succensis.
1306 1578 1604 1658 Vindicari
1632 1576 1847 1634 dicitur
1859 1575 2048 1632 Eccle-

400 1673 508 1740 sia,
543 1670 779 1745 quando
809 1671 936 1744 ejus
965 1669 1188 1726 inimici
1221 1668 1293 1725 ad
1323 1683 1468 1724 verm
1522 1664 1822 1740 religionis
1869 1681 2042 1739 pene-

401 1761 574 1818 tralia
599 1759 983 1816 reducuntur.

395 1861 470 1918 52
559 1851 648 1929 ox-
701 1852 770 1906 Εἰ
807 1855 822 1918 ζ
880 1851 950 1905 ab
977 1847 1390 1920 insurgentibus
1407 1847 1469 1902 in
1493 1863 1582 1903 me
1607 1845 1883 1904 «saltabis
1909 1860 1996 1900 me
2025 1861 2045 1900 :

536 1933 576 1988 Α
605 1933 728 1988 viro
758 1933 950 2003 iniquo
977 1929 1176 2002 eripies
1199 1943 1304 1984 me.

466 2021 515 2078 H
545 2021 630 2078 Ab
661 2019 1128 2092 insurgentibus,
1163 2018 1220 2074 id
1257 2023 1347 2080 est
1393 2033 1428 2072 a
1474 2015 1968 2090 persecutoribus.
1999 2014 2046 2069 A

395 2110 518 2168 viro
559 2110 782 2182 iniquo,
814 2109 873 2164 id
923 2112 1015 2166 est
1064 2123 1102 2164 a
1147 2105 1401 2174 diabolo,
1451 2111 1520 2160 ut
1567 2105 1626 2160 in
1683 2099 2039 2176 Evangelia:

2307 595 2376 650 Et
2420 611 2584 668 opera
2611 613 2881 653 manuum
2935 596 3052 669 ejus
3105 597 3446 654 annuntiant
3497 599 3816 670 ﬁrmamen-

2379 690 2516 740 tum.

2233 777 2274 828 C
2303 773 2440 830 Coeli
2496 774 2745 847 apostoli
2789 780 2932 832 sunt
2985 781 3042 833 et
3083 776 3400 850 prophetae,
3445 777 3542 849 qui
3591 777 3668 836 de
3710 779 3816 834 ad-

2159 867 2336 920 ventu
2361 862 2574 923 Christi
2607 865 2960 921 annuntiant
2987 864 3234 938 gloriam
3265 863 3666 938 ipsius.0pera
3693 884 3818 922 ma-

2160 966 2348 1010 nuum
2378 952 2592 1024 ejus,id
2623 957 2712 1010 est
2740 955 2866 1026 ipse
2885 953 3059 1010 homo
3079 954 3182 1026 qui
3201 970 3270 1011 ex
3299 953 3572 1012 manibus
3596 953 3815 1013 Christi

2157 1039 2491 1112 plasmatus
2547 1045 2655 1100 est.
2704 1043 3068 1100 Aununtiant
3121 1043 3582 1112 ﬁrmamentum,
3615 1045 3674 1100 id
3723 1051 3817 1102 est

2159 1129 2629 1202 praedicationes,
2673 1131 2895 1191 scilicet
2934 1132 3370 1189 incarnationis.
3415 1132 3651 1202 Christi,
3709 1150 3818 1207 per

2159 1234 2339 1290 quam
2369 1219 2717 1278 ﬁrmabatur
2759 1220 3026 1280 soliditas
3059 1225 3270 1278 nostrae
3317 1221 3473 1291 ﬁdei,
3523 1227 3582 1278 et
3623 1222 3704 1280 ita
3749 1223 3811 1280 in

2157 1305 2367 1380 plurali
2385 1309 2504 1365 dici
2525 1310 3266 1382 oportet,annnnti~ant_.Sed
3288 1311 3611 1367 secundum
3633 1313 3814 1370 istam

2156 1395 2410 1454 litteram
2441 1415 2568 1472 quae
2597 1399 3171 1470 habet,annuntiant,
3201 1404 3430 1478 oportet
3457 1399 3574 1458 dici
3605 1401 3812 1459 firma-

2155 1491 2420 1543 mentum
2451 1487 2746 1562 apostolos
2775 1493 2834 1544 et
2879 1489 3213 1561 prophetas,
3246 1489 3350 1562 qui
3381 1491 3815 1549 annuntiarunt

2155 1590 2331 1648 opera
2359 1577 2480 1643 Dei,
2513 1577 2572 1633 id
2601 1583 2692 1634 est
2737 1577 2890 1634 facta
2916 1579 3200 1634 virtutum
3231 1579 3563 1646 secundum,
3617 1579 3808 1639 homi-

2154 1681 2310 1733 nem,
2343 1669 2407 1720 ut
2434 1665 2916 1736 incarnationem,
2948 1671 3220 1736 mortem,
3253 1671 3361 1724 etc.

2186 1755 2224 1810 2
2293 1755 2420 1810 Dies
2446 1755 2560 1812 diei
2585 1760 2796 1812 eructat
2815 1757 3040 1813 verbum
3069 1772 3087 1811 :

2297 1845 2363 1900 Et
2388 1860 2502 1900 nox
2527 1847 2678 1901 nocti
2703 1844 2914 1902 indicat
2940 1845 3252 1902 seiensiam.

2229 1931 2274 1987 H
2304 1931 2452 2000 Dies,
2485 1931 2754 1991 Christus
2784 1934 2904 1991 sive
2934 1933 3268 2008 apostoli.C.
3295 1935 3532 1993 Eructat
3559 1936 3800 1994 verbum

2153 2037 2289 2076 cum
2315 2021 2649 2080 irradiando
2677 2023 2862 2079 cordae
2895 2023 3292 2096 apostolorum
3341 2025 3664 2098 purissima
3690 2044 3803 2084 cos-

2152 2109 2323 2168 lestia
2345 2111 2520 2167 verba
2547 2110 2839 2168 intimavit
2863 2129 2877 2180 ;
2900 2111 3154 2181 vel,eum
3185 2112 3434 2186 apostoli
3463 2101 3641 2172 corda
3656 2116 3802 2171 Iide-

335 2195 342 2201 ’
395 2201 676 2257 Inimtcus
724 2199 900 2254 homo
951 2197 1061 2253 hoc
1112 2196 1248 2252 fecit
1299 2195 1517 2268 (Matth.
1565 2197 1693 2263 xm)
1725 2211 1739 2261 ;
1769 2189 1810 2248 Ο
1860 2191 1966 2249 Vel
2009 2208 2044 2247 α
2153 2197 2298 2256 lium
2331 2193 2628 2256 luminosa
2657 2200 3068 2274 praedicatione
3091 2200 3448 2258 illuminant.
3481 2203 3620 2260 Nox»
3642 2205 3802 2261 nocti

330 2331 348 2344 .
393 2289 643 2364 quilibet
671 2285 1066 2344 schismatico.

391 2379 462 2434 53
533 2380 826 2450 Propterea
852 2375 1147 2446 conﬁtebor
1177 2375 1282 2430 tibi
1308 2375 1368 2429 in
1395 2373 1733 2441 nationibus,
1760 2375 1994 2428 Domine
2021 2390 2039 2426 :

535 2469 598 2523 Et
625 2467 844 2523 nomini
869 2473 962 2522 tuo
987 2465 1261 2536 psalmum
1289 2462 1490 2518 dicam.

461 2558 504 2614 C
533 2558 774 2629 Propter
798 2553 900 2610 illa
929 2571 1058 2627 quae
1088 2552 1360 2626 superius
1389 2551 1544 2607 dicta
1567 2554 1708 2609 sunt
1740 2569 1753 2607 :
1789 2551 2035 2608 Conﬁte-

385 2648 497 2706 hor
518 2645 645 2714 tibi,
677 2646 736 2701 id
765 2649 854 2701 est
878 2643 1130 2699 laudabo
1160 2647 1216 2698 te
1245 2657 1348 2714 per
1379 2639 1624 2714 populos
1647 2639 2033 2696 Christianos.

384 2735 662 2802 Psalmus
689 2751 838 2807 opus
864 2733 1156 2806 signiﬁcat
1187 2731 1435 2800 actuale,
1452 2747 1554 2803 per
1581 2730 1740 2802 quod
1769 2729 2036 2785 diuinitas

378 2825 587 2882 melius
615 2839 788 2897 opere
817 2839 993 2895 quam
1041 2819 1282 2878 vocibus
1324 2819 1618 2886 laudatur,
1651 2817 1808 2890 quod
1855 2817 2032 2882 etiam

380 2915 542 2972 Deus
571 2913 747 2970 citius
776 2927 956 2985 quam
982 2926 1153 2967 voces
1181 2907 1608 2966 exaudit.Unde
1630 2906 1772 2963 dicit
1798 2923 1811 2960 :
1847 2905 2033 2962 Conﬂ-

381 3005 550 3060 tebor
573 2995 703 3068 tibi,
735 3001 794 3057 id
823 3005 914 3058 est
941 2997 1196 3056 laudabo
1225 3001 1284 3054 ct
1313 2994 1616 3070 operab’or.

381 3083 450 3152 (54
490 3136 493 3137 γ
523 3093 881 3164 Magniﬁcam
907 3089 1114 3145 salutes
1133 3088 1277 3159 regis
1299 3068 1416 3160 ejus
1437 3105 1455 3142 :
1483 3091 1538 3142 et
1562 3068 1773 3160 faciens
1801 3085 2028 3142 miseri-

591 3181 834 3238 cordiam
861 3179 1064 3234 christo
1087 3193 1186 3234 suo
1214 3175 1384 3233 David
1403 3195 1423 3232 :

524 3273 590 3327 Et
609 3270 812 3326 semini
841 3267 958 3340 ejus
985 3281 1158 3340 usque
1185 3267 1247 3321 in
1274 3266 1560 3322 saeculum.

451 3361 494 3418 Ο
523 3357 862 3430 Magnificat
889 3355 1059 3410 Pater
1084 3369 1282 3427 regem
1323 3355 1532 3426 ipsius,
1564 3353 1623 3409 id
1673 3356 1764 3408 est
1813 3350 2025 3408 Filium

381 3437 442 3504 ‘n
473 3453 592 3504 toto
615 3446 755 3503 crde
783 3449 1073 3500 terrarum
1106 3447 1508 3516 regnaturum.
1535 3441 1804 3498 Christus
1831 3448 2026 3496 unctus

381 3531 818 3610 interpretatur.
850 3532 895 3588 Η
926 3531 1128 3600 David,
1158 3547 1330 3588 manu
1357 3533 1536 3602 fortis.
1565 3531 1607 3586 C
1637 3531 1794 3586 Fecit
1822 3529 1881 3585 in
1913 3529 2024 3584 Da-

380 3626 474 3684 vid
533 3620 1017 3689 misericordiam,
1055 3620 1196 3692 quia
1237 3636 1372 3676 eum
1423 3620 1496 3677 de
1545 3617 2022 3692 persequentium

269 3699 280 3757 λ
380 3714 676 3780 ferocitate
704 3708 992 3767 liberavit.
1023 3710 1233 3766 Semen
1266 3709 1415 3780 ejus,
1443 3707 1758 3763 Dominum
1797 3707 2021 3782 signiﬁ-

379 3809 473 3861 cat
501 3801 878 3860 Salvatorem.
910 3798 1106 3872 Usque
1135 3797 1195 3853 in
1227 3797 1526 3862 saeculum,
1559 3796 1669 3853 hoc
1699 3801 1790 3854 est
1835 3813 2023 3871 usque

379 3891 441 3951 in
471 3897 774 3949 asternum.
801 3887 1021 3946 Sem‘ini
1051 3887 1280 3944 Christo
1301 3885 1702 3944 misericordia
1730 3885 1881 3943 facta
1908 3892 2020 3954 est,

375 3981 613 4057 lluando
642 3975 960 4036 resurrexit
985 3976 1276 4050 cmlosque
1305 3973 1662 4044 accendit,et
1685 3989 1841 4032 nunc
1861 3975 2024 4034 sedet

378 4073 452 4130 ad
484 4072 776 4128 dexteram
810 4067 1020 4136 Patris,
1053 4083 1152 4124 rex
1174 4065 1235 4121 in
1261 4069 1564 4122 aaternum.

858 4173 1062 4214 ORATIO
1100 4172 1172 4212 EX
1210 4171 1367 4211 PSAL.
1405 4170 1546 4210 XVII.

325 4314 332 4317 ,
377 4255 384 4261 ’
445 4252 906 4310 Firmamentum
919 4246 1040 4320 spei
1059 4250 1116 4302 et
1139 4242 1429 4318 refugium
1442 4243 2023 4317 pressurae,piissime

371 4341 552 4416 Deus,
578 4341 738 4398 salva
770 4356 880 4396 nos
909 4338 984 4394 ab
1036 4335 1293 4392 inimicis
1343 4338 1401 4390 et
1441 4351 1476 4390 a
1523 4331 1754 4406 laqueis
1790 4334 2018 4404 mortis,

375 4417 442 4494 iit
467 4429 758 4502 assumpti
787 4428 860 4483 de
885 4425 1266 4482 multitudine
1295 4422 1802 4481 circumstantium
1833 4423 2019 4480 tribu-

375 4519 689 4586 lationum,
721 4515 1097 4572 devotissime
1125 4517 1324 4570 sancto
1350 4512 1573 4569 nomini
1608 4517 1710 4568 tuo
1757 4528 1891 4568 cum
1939 4513 2025 4568 in-

367 4708 536 4760 trum
565 4698 770 4756 Jesum
797 4693 1094 4750 Christum
1126 4690 1340 4747 Filium
1357 4695 1562 4760 tuum,
1593 4696 1703 4748 etc.

906 4834 1240 4908 PSALMUS
1287 4834 1482 4892 xvm.

788 4942 1195 4987 ABGUMEN'I‘UM
1233 4942 1391 4983 PSAL.
1435 4941 1594 4982 XVIII.

373 5041 376 5048 ’
442 5057 484 5113 C
512 5054 746 5132 Domini
776 5051 1184 5126 praedicatores
1211 5049 1499 5122 Propheta
1519 5047 2014 5122 collaudans,ejus

374 5144 834 5202 incarnationem
867 5140 1302 5214 speciosissime
1323 5137 1854 5208 describit;necnon
1875 5155 2013 5212 pra:-

367 5237 538 5308 cepta
564 5232 705 5288 Novi
735 5247 802 5287 ac
829 5227 1050 5286 Veteris
1089 5227 1448 5285 Testamenti
1497 5227 1905 5304 magniﬁcans,
1937 5229 2010 5286 ab

369 5321 612 5380 occultis
637 5319 794 5377 vitiis
823 5318 1058 5392 purgari
1091 5335 1152 5374 se
1181 5335 1216 5374 a
1245 5317 1490 5374 Domino
1522 5323 1810 5391 precatur.

359 5405 365 5412 ’
736 5409 854 5465 TT.
887 5409 950 5462 In
976 5407 1146 5478 ﬁnem
1168 5407 1415 5478 psalmus
1443 5405 1637 5464 Dauid.

436 5500 478 5557 C
496 5498 814 5576 inscriptio
841 5495 994 5552 tituli
1023 5495 1203 5568 hujus
1233 5495 1569 5568 frequenter
1607 5497 1869 5570 exposita
1897 5501 2025 5554 est.-

366 5592 474 5650 Per
498 5593 691 5647 totum
723 5588 904 5663 igitur
933 5584 1198 5662 psalmus
1228 5581 1528 5660 Propheta:
1566 5587 1741 5645 verba
1771 5589 1909 5644 sunt
1935 5587 2010 5647 de

361 5681 596 5742 Christo
622 5675 936 5760 loquentis.

2152 2286 2373 2342 indicat
2401 2287 2728 2356 scientiam,
2751 2305 2884 2345 cum
2906 2289 2938 2345 J
2946 2289 3091 2346 udas
3111 2289 3331 2346 Judais
3350 2291 3648 2350 Christum
3669 2309 3801 2366 pro—

2149 2375 2301 2432 didit
2329 2393 2396 2432 ac
2424 2378 2670 2433 tradidit
2699 2379 2772 2434 ad
2801 2378 3208 2436 occidendum.

2183 2467 2218 2520 3
2289 2468 2408 2524 Non
2435 2471 2566 2523 sunt
2596 2467 2830 2539 loquela:
2854 2484 3030 2540 neque
3055 2484 3330 2524 sermones
3356 2489 3376 2524 .-

2287 2556 2529 2624 Quoram
2557 2573 2668 2612 non
2691 2552 2995 2613 audiantur
3019 2572 3172 2614 voces
3199 2573 3400 2614 eo.um.

2213 2645 2264 2701 II
2295 2645 2338 2701 C
2366 2645 2492 2704 Non
2522 2650 2664 2702 sunt
2691 2643 3236 2720 loquelas.Negando
3262 2647 3411 2704 dicit
3440 2647 3636 2706 nullos
3663 2666 3800 2707 esse

2141 2749 2444 2792 sermones
2473 2751 2663 2808 neque
2692 2735 3136 2808 loquelas,quos
3160 2735 3408 2809 apostoli
3431 2754 3546 2793 non
3564 2741 3797 2810 potuis-

2142 2828 2275 2884 sent
2299 2822 2480 2896 loqui.
2527 2824 2570 2880 C
2617 2829 2948 2893 Sermones,
3008 2825 3260 2898 pertinet
3317 2826 3390 2882 ad
3447 2843 3797 2886 communes

2139 2911 2503 2969 narrationes
2531 2930 2546 2981 ;
2578 2911 2922 2985 loquelae,“
2955 2913 3220 2986 publicas
3262 2913 3592 2971 suasiones.
3623 2917 3789 2981 Quod

2138 3005 2455 3075 utrumque
2483 3000 2778 3076 apostolos
2806 3001 3013 3058 fecisse
3041 3003 3437 3062 certissimum
3470 3009 3580 3060 est.

2171 3091 2204 3148 4
2277 3092 2341 3147 In
2367 3106 2584 3147 omnem
2607 3095 2812 3148 terram
2841 3092 3017 3147 exivit
3041 3108 3208 3149 sonus
3236 3108 3424 3149 eorum
3451 3111 3470 3148 :

2277 3171 2344 3236 Et
2372 3181 2433 3236 in
2459 3181 2596 3251 ﬁnes
2622 3181 2770 3236 orbis
2795 3187 2850 3248 ᾧ·
2870 3184 3034 3238 terrae
3073 3186 3089 3247 ζ
3129 3183 3296 3238 verba
3320 3197 3531 3238 eorum.

2054 3249 2099 3316 Ο
2205 3271 2246 3324 C
2273 3249 2514 3326 Terram
2549 3285 2562 3326 :
2595 3269 2691 3326 hic
2721 3269 3020 3326 hominem
3050 3269 3334 3326 debemus
3368 3270 3648 3342 accipere.
3679 3275 3780 3327 So-

2135 3375 2248 3414 nus
2275 3374 2430 3426 vero,
2463 3358 2622 3414 fama
2649 3357 3068 3414 miraculorum
3093 3359 3392 3414 est.Fines
3422 3363 3608 3427 terrae,
3643 3365 3784 3416 sunt

2134 3447 2384 3521 reges,id
2415 3451 2506 3504 est
2535 3464 2650 3504 non
2700 3445 2894 3502 solum
2937 3446 3013 3502 ad
3043 3445 3322 3514 humiles,
3351 3447 3454 3504 sed
3497 3448 3676 3506 etiam
3705 3449 3782 3504 ad

2131 3537 2426 3611 principes
2466 3535 2730 3611 gentium
2759 3535 3056 3610 Evangelii
3082 3536 3261 3594 verba
3283 3541 3690 3610 pervenerunt,
3725 3542 3784 3595 et

2132 3642 2337 3682 omnes
2365 3625 2638 3682 homines
2668 3623 2892 3682 salubri
2921 3623 3190 3682 doctrina
3218 3625 3562 3682 docuerunt.

2163 3716 2200 3770 5
2272 3715 2332 3770 In
2353 3715 2465 3770 sole
2489 3715 2672 3786 posuit
2701 3714 3116 3771 tabernaculum
3143 3731 3307 3770 suum
3331 3733 3350 3769 :

2272 3805 2339 3860 Et
2367 3803 2482 3876 ipse
2509 3811 2772 3877 tanquam
2807 3819 3035 3876 sponsus
3078 3803 3373 3876 procedens
3425 3803 3494 3861 de
3529 3801 3779 3861 thalamo

2341 3909 2458 3950 suo.

2200 3981 2242 4038 C
2272 3982 2336 4039 In
2375 3981 2498 4038 sole
2526 3980 2742 4054 posuit,
2777 3981 2834 4038 id
2884 3985 2994 4050 est,
3027 3982 3087 4038 in
3119 3981 3611 4048 manifestatione,
3643 3981 3781 4054 quia

2130 4072 2438 4128 manifeste
2465 4071 2640 4128 venit.
2661 4070 3275 4128 Dicittabernaculum
3297 4069 3516 4128 scilicet
3538 4071 3631 4128 sui
3653 4087 3781 4128 cor-

2129 4159 2307 4234 poris.
2339 4161 2411 4216 Et
2439 4160 2584 4234 ipse,
2615 4159 2913 4216 Christum
2965 4161 3281 4218 Dominum
3310 4159 3470 4227 dicit,
3515 4161 3620 4233 qui
3649 4164 3780 4216 tan-

2129 4265 2307 4322 quam
2339 4263 2595 4321 sponsus
2625 4247 2890 4304 Ecclesia
2921 4265 3061 4320 suae,
3093 4249 3378 4322 processit
3415 4249 3489 4306 de
3517 4247 3782 4306 thalamo

2129 4355 2259 4406 suo,
2293 4337 2350 4394 id
2381 4341 2471 4394 est
2500 4337 2571 4394 de
2599 4341 2762 4395 utero
2793 4337 3244 4412 virginali.Bene
3274 4355 3530 4412 sponsus
3559 4355 3594 4394 a
3616 4353 3782 4412 spon-

2128 4427 2300 4485 dendo
2330 4427 2545 4484 dicitur
2573 4426 2863 4496 Christus,
2895 4427 2996 4498 qui
3045 4427 3217 4484 toties
3267 4429 3356 4484 est
3385 4425 3718 4500 promissus
3747 4445 3784 4484 a

2129 4515 2452 4591 prophetis.
2559 4547 2568 4554 -

252 4631 263 4658 ρ
369 4607 656 4668 nocentiae
694 4605 952 4680 puritate
997 4602 1342 4676 psallamus.
1373 4603 1483 4658 Per
1521 4603 1836 4659 Dominum
1883 4617 2020 4658 nos-
2048 4621 2097 4687 D
2163 4607 2200 4662 6
2269 4604 2580 4662 Exsultavit
2603 4609 2667 4660 ut
2687 4604 2933 4678 gigasad
2959 4605 3288 4663 currendum
3315 4607 3711 4673 viam-+st
3752 4611 3766 4670 ζ

2266 4699 2308 4751 Δ
2335 4711 2548 4752 summa
2574 4694 2708 4752 cato
2737 4696 2972 4766 egressio
2994 4695 3160 4767 ejus:

2193 4785 2235 4840 C
2255 4789 2409 4842 Bene
2423 4785 2478 4858 gi
2485 4783 2647 4858 ganti
2659 4800 2785 4840 com
2791 4787 3034 4857 paratur
3043 4783 3178 4853 Chri
3185 4783 3442 4857 stus,qui
3454 4783 3778 4841 humanam

2123 4877 2394 4932 naturam
2425 4887 2714 4947 superans
2727 4873 3134 4946 magnitudine
3149 4891 3270 4932 sua;
3283 4872 3780 4947 potentiammnia

2123 4962 2328 5019 mundi
2357 4961 2500 5019 vitia
2531 4978 2664 5019 cum
2695 4979 2801 5019 suo
2832 4961 3334 5032 truculentissime
3371 4965 3609 5020 auctore
3637 4963 3776 5036 p'ro-

2122 5051 2347 5108 stravit.
2378 5049 2483 5108 Hic
2529 5050 2623 5107 via
2651 5067 2893 5109 cursum
2945 5051 3244 5126 signiﬁcat
3287 5052 3418 5123 ejus
3449 5050 3603 5119 vitae,
3639 5049 3781 5124 quia

2121 5141 2346 5200 scilicet
2375 5141 2552 5197 homo
2596 5144 2790 5209 natus,
2843 5139 3041 5212 crevit,
3083 5139 3299 5210 docuit,
3341 5155 3556 5213 passus
3592 5142 3700 5196 est.
3731 5141 3781 5194 Α

2119 5247 2356 5288 summo
2384 5231 2614 5288 Patrem
2661 5229 2974 5304 signiﬁcat.
3007 5231 3278 5304 Egressio
3327 5227 3602 5286 nativitas
3647 5227 3783 5300 Filii

2120 5337 2236 5377 non
2267 5318 2628 5393 temporalis,
2661 5320 2762 5377 sed
2793 5323 3078 5377 eoaeterna
3105 5319 3284 5376 Patri.

2152 5411 2188 5466 7
2261 5409 2330 5465 Et
2357 5425 2608 5466 occursus
2637 5410 2754 5482 ejus
2782 5425 2951 5483 usque
2977 5409 3048 5466 ad
3075 5426 3352 5466 summum
3377 5409 3498 5485 ejus
3529 5427 3549 5465 :

2257 5499 2365 5556 Nec
2392 5502 2474 5556 est
2501 5500 2599 5571 qui
2621 5514 2678 5556 se
2705 5497 3000 5556 abscondat
3025 5516 3061 5556 a
3085 5499 3269 5556 calore
3290 5499 3439 5571 ejus.

2189 5587 2230 5646 C
2261 5587 2554 5646 Occursus
2569 5588 3048 5662 ejus,secundum
3071 5585 3371 5646 hominem
3392 5585 3778 5662 dicitur,quia

2117 5681 2250 5759 post
2305 5676 2774 5755 assumptioncm
2845 5679 3058 5750 carnis,
3128 5679 3186 5737 in
3257 5682 3507 5752 utraque
3564 5680 3776 5737 natura
