4122 6184
323 401 439 460 101

1573 389 1988 452 EXPOSI'I‘IO
2035 390 2179 453 PSA
2195 391 2550 456 LMOBUM.

3655 406 3772 467 102

318 531 597 589 Christus
629 541 996 602 permanens
1027 523 1278 582 occurrit
1309 540 1500 617 usqus
1523 525 2007 617 ad_summuﬁm,id
2038 526 2090 592 Α
2123 527 2298 617 idest
2327 545 2360 582 a
2387 529 2693 601 praeteritis
2724 531 2993 604 peccatis.
3041 534 3082 590 C
3130 536 3436 603 Occultum
3484 547 3573 599 est
3615 547 3772 617 quod

319 626 433 691 est,
469 636 658 692 usque
691 618 766 674 ad
801 617 1004 672 sedem
1037 619 1289 689 paternae
1322 615 1685 687 majestatis,
1710 633 1826 689 qua
1850 615 2008 672 Patri

323 711 513 769 Filius
543 725 786 782 semper
817 704 1063 781 aequalis
1094 703 1378 762 est.Calor
1397 704 1533 778 ejus
1559 703 1817 777 Spiritus
1847 723 2010 762 sanc-

325 806 423 858 tus
447 803 599 867 est,a
630 814 748 871 quo
781 812 959 852 nemo
1000 797 1191 869 potest
1219 793 1532 863 abscondi,
1569 794 1710 867 quia
1750 795 2010 868 potentia

325 909 447 948 suae
478 885 812 945 divinitatis
845 885 1307 957 uniuscujusque
1339 884 1526 940 corda
1558 883 1880 958 cognoscit.

360 981 395 1034 8
471 982 584 1036 Lex.
611 977 844 1033 Domini
876 975 1238 1039 immaculata,
1270 981 1604 1030 convertens
1644 974 1861 1032 animas
1881 991 1900 1029 :
1930 981 2008 1030 te-

545 1067 932 1124 testimonium
961 1064 1182 1121 Domini
1205 1063 1365 1135 ﬁdele
1385 1081 1404 1118 :

471 1157 828 1230 Sapientiam
853 1161 1119 1227 praestans
1143 1153 1418 1226 parvulis.

398 1247 446 1304 Η
477 1248 594 1303 Lex
623 1244 865 1302 Domini
898 1242 1151 1299 Christus
1171 1246 1259 1299 est
1287 1239 2011 1316 irreprehensibilis,quia

325 1356 444 1395 non
474 1335 690 1393 habuit
719 1338 1044 1409 peccatum.
1073 1331 1359 1389 Convertit
1387 1331 1638 1390 animas
1671 1348 1682 1387 :
1718 1332 1788 1387 de
1827 1331 2008 1404 capti-

323 1429 504 1483 vitate
529 1427 597 1482 in
628 1424 987 1481 libertatem.
1018 1422 1075 1478 C.
1100 1421 1464 1479 Testimonia
1488 1439 1626 1494 qum
1649 1421 1809 1476 dedit
1829 1423 2009 1478 Israe-

323 1517 485 1574 litico
519 1513 744 1590 populo
777 1511 972 1569 fidelia
1012 1513 1256 1581 fuerunt,
1291 1511 1436 1584 quia
1470 1509 1830 1584 plenissima
1857 1511 2006 1566 veri-

325 1612 445 1664 tate
476 1605 722 1680 cognita
753 1607 913 1660 sunt.
946 1601 989 1658 H
1039 1600 1389 1676 Sapientiam
1443 1603 1698 1675 praestat
1725 1600 2008 1672 parvulis,

329 1715 449 1754 non
481 1713 665 1753 sensu
701 1693 806 1751 sed
824 1690 1138 1749 humilibus
1159 1697 1216 1749 et
1237 1689 1690 1749 innocentibus.
1725 1689 1766 1744 C
1793 1689 1895 1746 Vcl
1916 1689 2008 1748 lex

328 1786 569 1845 Domini
601 1788 772 1840 vetus
804 1787 891 1838 est
921 1780 1301 1851 immaculata,
1353 1780 1502 1854 quia
1551 1796 1659 1853 per
1691 1779 1879 1852 legem
1913 1798 2010 1837 no-

325 1895 464 1934 vam
497 1875 847 1950 approbata.

366 1969 404 2022 9
477 1966 739 2026 Iustitiae
763 1963 982 2020 Domini
1010 1969 1182 2028 rectae,
1214 1962 1564 2034 laetiﬁcantes
1595 1958 1760 2015 corda
1790 1977 1810 2017 :

480 2058 832 2127 Praeceptum
858 2051 1069 2108 Domini
1110 2051 1372 2120 lucidum,
1427 2049 1770 2107 illuminans
1801 2051 2003 2108 oculos.

407 2144 666 2202 Justitiaa
698 2140 929 2199 Domini
958 2158 1147 2198 revera
1175 2139 1498 2215 recte,quia
1531 2155 1654 2194 non
1686 2137 1852 2201 aliter
1871 2140 2008 2197 fecit

336 2235 632 2294 Dominus
663 2250 792 2305 quae
837 2230 1045 2288 docuit.
1091 2231 1294 2301 Rectze,
1345 2230 1430 2286 ibi
1484 2246 1609 2285 non
1659 2231 1819 2300 sunt,
1869 2231 2008 2302 quia

340 2326 508 2382 aliud
537 2328 629 2380 est
659 2322 718 2377 in
751 2338 869 2387 ore,
902 2319 1052 2376 aliud
1075 2321 1132 2376 in
1159 2319 1767 2394 opere.Lzetiﬁcantur
1795 2321 2001 2377 corda:

340 2411 728 2482 subauditurj
739 2410 1303 2468 ustorum.Lucidum
1319 2413 1686 2482 praeceptum
1700 2407 2009 2479 dicit,quia

342 2505 648 2560 sincerum
680 2506 737 2557 et
767 2499 1297 2574 purum.llluminat
1313 2498 1541 2568 oculos,
1578 2514 1697 2552 non
1730 2496 1872 2553 istos
1890 2516 2008 2554 car-

341 2593 532 2660 nales,
565 2591 669 2648 sed
701 2587 832 2646 illos
861 2587 1175 2646 interiores.

345 2684 415 2738 10
497 2681 680 2738 Timor
704 2679 923 2735 Domini
948 2687 1162 2734 sanctus
1189 2694 1525 2752 permanens
1556 2678 1618 2733 in
1645 2677 1908 2733 arculum
1936 2685 1991 2744 ο-ξη

525 2770 720 2826 saeculi
757 2774 772 2834 ζ
838 2787 859 2825 :

492 2858 716 2915 Judicia
743 2858 958 2914 Domini
985 2874 1109 2915 vera
1127 2858 1436 2932 jastiﬁcata
1462 2858 1524 2913 in
1553 2857 1870 2928 semetipsa.

423 2950 466 3005 B
496 2947 701 3004 Timor
732 2946 954 3004 Domini
991 2949 1169 3004 mista
1198 2965 1333 3004 cum
1364 2961 1581 3021 pavore
1613 2943 1868 3001 charitas
1898 2950 2006 3014 est,

346 3038 453 3111 qui
486 3036 910 3110 imperturbata
949 3037 1295 3107 constantia,
1347 3053 1466 3092 non
1525 3033 1754 3106 trepida
1806 3035 2005 3090 confu-

346 3128 542 3194 sione,
575 3129 874 3198 permanet
898 3129 1131 3182 sanctus
1162 3141 1176 3183 :
1212 3125 1312 3198 qui
1341 3125 1522 3182 timor
1569 3141 1680 3179 usu
1722 3125 2007 3192 saeculari,

2037 1904 2086 1969 B

2118 616 2399 689 originale
2431 618 2730 686 dicitur,in
2763 637 2878 693 quo
2908 624 3276 701 concipimur
3303 633 3358 684 et
3389 616 3690 688 nascimur
3719 639 3777 690 et

2119 711 2340 763 secreta
2368 707 2662 766 voluntate
2684 713 3286 783 peccamus.Alienum
3311 725 3401 778 est
3422 722 3576 794 quod
3603 723 3774 782 malis

2119 795 2460 854 hominibus
2482 799 2886 868 suadentibus,
2921 802 3040 859 sive
3069 804 3298 863 diabolo
3328 811 3597 867 suadenti
3620 830 3776 870 com-

2120 884 2399 954 mittitur,
2422 887 2523 942 sed
2572 888 2637 942 ﬁt
2662 889 2988 962 proprium,
3012 894 3151 963 quia
3200 911 3522 955 consensus
3574 906 3777 958 noster

2119 974 2433 1047 plectibilis
2464 993 2532 1031 ex
2561 977 2799 1035 arbitrio
2850 985 3044 1038 nostro
3093 983 3423 1055 adhibetur,
3456 995 3512 1043 et
3558 1008 3626 1046 ex
3674 991 3778 1047 illa

2119 1065 2359 1120 traduce
2389 1081 2588 1122 massa
2607 1067 2946 1125 mortalium
2959 1071 3029 1126 ab
3047 1071 3212 1129 hoste
3231 1074 3479 1147 spiritali
3501 1086 3778 1152 corrupta

2121 1152 2248 1208 sine
2276 1154 2464 1227 gratia
2492 1154 2593 1210 Dei
2622 1155 2894 1213 velociter
2923 1161 3298 1231 subvertttur,
3332 1164 3472 1237 quia
3491 1167 3549 1221 in
3581 1169 3776 1240 primo

2120 1241 2358 1298 homine
2387 1260 2491 1315 per
2517 1243 2968 1302 inobedientiam
3000 1247 3197 1306 vitiata
3227 1259 3609 1312 monstratur.
3626 1257 3777 1312 Nam

2121 1347 2298 1401 quam
2334 1330 2501 1388 facile
2529 1338 2621 1389 est
2667 1334 2909 1408 antiquo
2951 1336 3275 1396 insidiatori
3330 1342 3558 1400 infectis
3598 1347 3781 1403 vetita

2121 1421 2389 1488 suadere,
2422 1423 2521 1494 qui
2551 1424 2744 1496 potuit
2785 1424 2999 1483 liberos
3049 1432 3222 1498 atque
3262 1431 3634 1508 incorruptos
3666 1453 3779 1491 sua

2121 1507 2437 1566 calliditate
2467 1511 2768 1584 decipere?
2789 1513 2937 1571 Sunt
2968 1532 3104 1590 ergo
3135 1517 3344 1589 aliena,
3381 1507 3517 1594 quos
3539 1524 3610 1578 ab
3643 1523 3778 1580 aliis

2122 1603 2323 1654 nostra
2352 1601 2626 1657 suasione
2677 1602 2761 1658 vel
2809 1603 2978 1676 culpa
3021 1611 3149 1662 acta
3195 1614 3356 1678 sunt,
3389 1610 3475 1669 vel
3525 1612 3780 1669 aliorum

2120 1706 2302 1745 suasu
2335 1692 2434 1744 aut
2467 1689 2686 1746 auxilio
2717 1709 2823 1748 nos
2857 1693 3125 1752 facimus.

2121 1778 2189 1834 14
2262 1777 2326 1834 Si
2350 1782 2462 1834 mei
2488 1796 2595 1836 non
2627 1782 2836 1851 fuerin!
2865 1783 3136 1842 dominati
3163 1805 3181 1841 :
3214 1794 3345 1844 tunc
3385 1792 3781 1848 im-muculatus

2331 1884 2442 1923 ero.

2261 1959 2322 2012 Et
2350 1957 2688 2014 emundabor
2716 1977 2750 2015 a
2780 1960 2970 2018 delicto
3000 1966 3262 2022 maxime.

2191 2046 2232 2100 ll
2266 2046 2430 2100 Tunc
2461 2045 2676 2103 delicta
2704 2037 3137 2117 dicuntur,cum
3168 2053 3277 2110 hoc
3304 2073 3512 2116 servus
3543 2059 3609 2116 fit
3639 2078 3778 2133 pec-

2116 2133 2251 2190 cati.
2285 2133 2344 2189 Si
2375 2134 2489 2190 ista
2518 2141 2750 2208 peccata
2784 2155 2899 2195 non
2929 2146 3456 2214 perpetravero,ero
3488 2148 3781 2207 immacu-

2115 2223 2294 2279 latus.
2336 2223 2406 2278 Et
2443 2227 2808 2283 emundabor
2858 2247 2892 2284 a
2936 2229 3145 2286 delicto
3199 2236 3474 2306 maximo,
3524 2237 3584 2294 id
3627 2245 3716 2296 est
3747 2261 3784 2298 a

2117 2313 2416 2386 superbia.
2451 2315 2492 2369 Ο
2540 2317 2663 2383 Qua
2711 2322 2766 2373 et
2810 2318 3076 2375 diabolus
3119 2311 3434 2382 ceciditiet
3475 2327 3780 2388 hominem

2115 2403 2311 2470 traxit,
2345 2407 2401 2458 et
2422 2421 2698 2463 concessa
2727 2407 3088 2466 beatitudine
3117 2416 3462 2473 vacuaviLA
3492 2436 3607 2474 non
3639 2437 3781 2494 ergo

2117 2491 2263 2565 petit
2293 2491 2410 2546 tolli
2440 2511 2474 2549 a
2503 2511 2564 2550 se
2594 2495 2687 2551 hic
2718 2496 2916 2553 omnia
2945 2499 3183 2556 omnino
3215 2511 3470 2576 peccata,
3505 2509 3659 2578 quod
3691 2491 3783 2566 est

2116 2581 2505 2653 impossibile,
2539 2587 2639 2640 sed
2673 2602 2744 2641 ne
2773 2587 3167 2644 dominentur.

2120 2671 2188 2725 15
2260 2671 2326 2726 Et
2351 2681 2513 2729 erant
2541 2683 2600 2729 ut
2626 2677 2994 2747 complaceant
3023 2678 3238 2751 eloquia
3274 2685 3385 2739 oris
3413 2687 3561 2740 mei:

2260 2763 2336 2816 Et
2363 2762 2644 2820 meditatio
2672 2765 2850 2822 cordis
2881 2768 2994 2822 mei
3025 2769 3083 2822 in
3112 2781 3393 2844 conspectu
3425 2787 3517 2831 tuo
3543 2781 3598 2840 ᾧ·
3633 2793 3781 2835 sem-

2242 2859 2511 2934 ,perz.

2190 2938 2231 2993 C
2265 2939 2517 2997 Possunt
2547 2941 2772 3014 placere
2803 2944 3047 3000 Domino
3070 2945 3301 3021 eloquia
3321 2952 3517 3022 oris,si
3541 2971 3574 3008 a
3595 2955 3776 3026 vitiis,

2120 3045 2247 3100 quae
2279 3030 2550 3100 superius
2581 3031 3030 3097 dixit,reddatur
3057 3035 3234 3093 homo
3266 3039 3510 3096 alienus.
3530 3042 3775 3102 Medita-

2119 3118 2198 3174 tio
2226 3119 2574 3191 cordis,quzs
2605 3125 2796 3191 potest
2826 3121 2898 3176 ad
2931 3125 3112 3180 Deum
3146 3128 3464 3198 pervenire,
3495 3135 3586 3186 est
3617 3147 3777 3205 spes,

343 3215 675 3273 reverentia
703 3219 1088 3288 nuncupatur.
1120 3215 1349 3272 Judicia
1397 3213 1525 3284 Dei,
1563 3213 1704 3270 dicit
1734 3214 2010 3270 mandata
2045 3279 2079 3288 Α
2121 3206 2397 3276 charitaS,
2430 3212 2486 3263 et
2515 3208 2682 3263 ﬁdes.

344 3307 611 3378 Dei,qua3
643 3304 702 3360 in
730 3279 920 3360 Veteri
943 3310 1001 3361 et
1047 3305 1202 3362 Novo
1251 3279 1632 3362 Testamento
1680 3279 2080 3376 conscriptae:
2123 3297 2189 3352 16
2261 3297 2768 3369 Domi-ne.adjutor
2795 3315 2997 3384 meus..-

343 3402 649 3468 sunt,quze
679 3394 738 3450 in
769 3395 1094 3467 semetipsis
1122 3398 1490 3469 permanent,
1525 3393 1665 3466 quia
1694 3398 1884 3450 status
1914 3410 2003 3450 eo-

343 3501 485 3539 rum
521 3482 685 3538 nulla
710 3483 978 3539 varietate
1008 3489 1287 3540 mutatur.

423 3573 470 3629 H
500 3575 550 3627 A
579 3572 694 3628 Nec
716 3571 950 3629 alterius
972 3573 1314 3630 auctoritate
1344 3577 1435 3644 (ut
1455 3574 1628 3628 ﬁrma
1655 3572 2004 3647 habeantur)

345 3663 467 3719 nisi
502 3662 737 3718 Domini
765 3668 952 3734 egent,
984 3663 1082 3735 qui
1113 3664 1410 3721 neminem
1442 3661 1641 3718 fallere
1673 3667 1878 3735 potest.

346 3757 414 3811 11
499 3752 897 3810 Desiderabilia
922 3770 1082 3826 super
1111 3771 1313 3810 aurum
1340 3762 1392 3810 et
1446 3752 1682 3825 lapidem
1704 3754 2004 3824 pretiosum

569 3843 823 3900 mﬂMm.

502 3934 567 3988 Et
593 3931 838 3988 dulciora
862 3948 1021 4006 super
1049 3933 1160 4008 mel
1183 3942 1234 3990 et
1260 3934 1469 4004 favum.

425 4023 469 4078 Ο
500 4020 915 4077 Desiderabilia
950 4022 1177 4093 judicia
1223 4021 1477 4090 Domini,
1529 4022 1585 4077 id
1615 4027 1704 4078 ast
1731 4022 2009 4077 mandata

345 4111 497 4167 Novi
539 4114 597 4166 et
641 4110 862 4166 Veteris
909 4111 1306 4180 Testamenti;
1338 4127 1516 4183 super
1563 4126 1796 4177 aurum,
1853 4112 2006 4182 quod

347 4200 615 4256 humana
647 4199 934 4272 cupiditas
966 4199 1222 4256 maxime
1251 4200 1546 4256 desiderat
1573 4198 2008 4271 possidere.Ad-

347 4289 505 4345 didit
532 4287 786 4361 lapidem
815 4287 1272 4362 pretiosum,qui
1304 4287 1560 4344 multum
1591 4287 1744 4346 valet
1781 4287 1839 4344 in
1870 4306 2006 4362 par-

345 4379 596 4435 vissimo
627 4376 964 4450 margarito.
989 4377 1102 4434 Sed
1132 4378 1272 4449 quia
1313 4377 1559 4434 inveniri
1606 4381 1875 4451 poterant
1903 4379 2005 4450 qui

345 4466 587 4524 divitias
615 4470 1072 4537 contemnerent,
1105 4465 1330 4522 addidit
1371 4483 1609 4539 sapores
1643 4483 1655 4522 :
1689 4465 1805 4521 mel
1835 4471 1892 4523 et
1921 4468 2002 4522 fa-

342 4575 512 4617 vum.
564 4557 746 4614 Vetus
801 4557 1246 4614 Testamentum
1295 4561 1534 4629 superat
1592 4556 1747 4625 mel;
1781 4556 2006 4614 Novum
2071 4591 2083 4600 -

342 4647 532 4704 vincit
561 4647 776 4705 favum.

346 4741 420 4794 12
491 4737 705 4793 Etenim
731 4752 916 4792 servus
947 4744 1068 4792 tuus
1097 4736 1328 4792 custodit
1352 4752 1417 4792 ea
1446 4753 1465 4793 :

492 4832 559 4883 In
587 4825 947 4884 custodiendis
978 4825 1096 4881 illi:
1126 4824 1416 4881 retributio
1443 4823 1638 4880 multa.

421 4916 461 4974 C
493 4916 640 4973 Cum
670 4914 811 4972 dicit
838 4931 1043 4973 servus
1073 4917 1230 4982 tuus,
1254 4913 1486 4986 justum
1516 4913 1711 4987 signat
1739 4917 1796 4969 et
1833 4914 2001 4970 devo-

342 5011 499 5074 tum,
533 5005 634 5078 qni
663 5005 791 5061 ideo
823 5003 1080 5061 custodit
1109 5002 1388 5058 mandata
1418 5001 1538 5072 Dei,
1559 5002 1697 5074 quia
1726 5003 2003 5060 obedien-

340 5095 508 5152 tibus
522 5092 824 5150 retributio
835 5091 1442 5165 subsequitur.Merito
1463 5092 1619 5148 dicta
1634 5096 1773 5149 sunt
1793 5092 1998 5162 multa,

339 5185 488 5258 quia
517 5183 932 5256 comprehendi
965 5199 1079 5238 non
1110 5185 1358 5254 possunt
1387 5181 1826 5255 universa,quas
1857 5199 2000 5256 prte-

343 5272 577 5348 paravit
607 5277 758 5329 Deus
788 5271 1172 5345 diligentibus
1204 5287 1284 5326 se.

341 5364 414 5420 13
489 5363 693 5420 Delicta
705 5363 830 5437 quis
844 5361 1140 5432 intelligit?
1159 5361 1226 5416 ab
1246 5361 1470 5417 occultis
1490 5367 1544 5425 μὲ
1565 5363 1701 5418 meis
1731 5368 1746 5430 ξ
1797 5361 2003 5419 munda

561 5468 647 5508 me
679 5493 692 5507 .

489 5549 544 5610 {-
587 5543 652 5599 Et
694 5547 709 5608 ξ
753 5543 820 5598 ab
851 5541 1050 5598 alienis
1074 5556 1240 5615 parce
1266 5556 1419 5596 servo
1450 5547 1561 5597 tuo.

419 5631 470 5688 Η
499 5629 718 5688 Delicta
747 5629 881 5703 quis
911 5629 1220 5704 intelligit?
1251 5629 1365 5686 nisi
1395 5633 1686 5686 scrutator
1715 5629 2001 5698 cordium,

347 5722 634 5796 Deus,qui
665 5721 841 5779 etiam
873 5726 1078 5797 potens
1101 5724 1190 5779 est
1210 5718 1502 5778 dimittere
1526 5721 1703 5778 ea.Ab
1734 5719 2000 5792 occultis,

2257 3387 2323 3442 Et
2351 3386 2656 3464 redemptrr
2681 3404 2856 3444 meus.

2187 3475 2227 3584 ς]
2257 3476 2596 3584 Adj‘utorem
2623 3493 2800 3584 suum
2830 3465 2971 3534 dicit
2992 3479 3178 3538 Deum
3209 3483 3268 3540 in
3296 3485 3468 3544 bonis
3501 3490 3730 3550 actibus
3757 3526 3780 3584 δ

2114 3566 2568 3638 redemptorem,
2599 3586 2633 3622 a
2665 3565 2858 3636 malis,
2893 3574 2958 3624 ut
2989 3588 3161 3628 nemo
3184 3576 3410 3632 meritis
3431 3579 3557 3636 suis
3589 3565 3777 3654 appli:

2115 3660 2206 3714 cet
2237 3656 2393 3729 quod
2423 3656 2747 3729 susceperit
2777 3657 2994 3716 caelesti
3024 3661 3310 3736 largitate.

2595 3764 2800 3803 ORATIO
2841 3765 2911 3804 EX
2949 3768 3107 3808 PSAL.
3139 3771 3295 3810 XVIII.

2189 3835 2456 3894 Piissime
2505 3837 2682 3906 Deus,
2729 3837 2829 3909 qui
2884 3841 3189 3915 virginalis
3243 3845 3490 3904 thalami
3535 3866 3776 3924 egressu

2117 3927 2437 3999 procedens
2468 3925 2730 3983 liberatis
2761 3927 2930 3986 nobis
2961 3931 3034 3986 ad
3084 3933 3271 3990 Patris
3313 3936 3606 3994 dexteram
3639 3957 3775 3996 con-

2117 4016 2420 4085 scendisti,
2456 4016 2810 4072 immensam
2837 4019 3303 4079 misericordiam
3334 4029 3498 4081 tuam
3520 4031 3777 4101 exposci-

2117 4117 2271 4173 mus,
2305 4109 2370 4160 ut
2419 4105 2546 4178 lege
2593 4110 2696 4161 tua
2748 4110 3032 4179 conversi,
3082 4113 3385 4183 praeceptis
3432 4114 3772 4185 illuminati,

2114 4193 2471 4250 testimoniis
2502 4193 2737 4262 eruditi,
2781 4212 3115 4255 mereamur
3157 4204 3214 4256 et
3243 4201 3314 4257 ab
3368 4201 3574 4261 alienis
3614 4211 3671 4261 et
3703 4209 3773 4262 ab

2115 4282 2359 4339 occultis
2390 4283 2545 4340 vitiis
2575 4286 3017 4352 emundari.Qui
3049 4306 3182 4344 cum
3214 4290 3399 4360 Patre,
3431 4297 3538 4348 etc.

2132 4389 2138 4392 -
2688 4372 3019 4433 PSALMUS
3058 4378 3198 4434 XIX.

2569 4477 2972 4521 ARGUMENTUM
3006 4483 3164 4524 PSAL.
3198 4486 3313 4526 XIX.

2187 4555 2226 4607 C
2267 4553 2454 4625 Rogat
2506 4551 2794 4624 Propheta
2851 4554 3172 4614 Ecclesiam
3225 4561 3508 4631 exaudiri,
3570 4569 3773 4635 petens

2029 4640 2267 4719 Dillius
2315 4640 2630 4716 consilium
2677 4659 2711 4698 a
2752 4642 3003 4701 Domino
3046 4649 3402 4716 confirmari,
3455 4651 3773 4724 dicensque

2110 4729 2332 4800 ﬁdeles,
2368 4749 2484 4787 non
2515 4736 2802 4804 potestate
2833 4737 3156 4807 mundana,
3189 4739 3291 4794 sed
3343 4739 3537 4796 divina
3570 4747 3773 4812 poten-

2114 4819 2194 4877 tia
2227 4820 2709 4894 magnificandos.

2496 4912 2612 4967 TT.
2635 4912 2697 4966 In
2727 4913 2896 4983 ﬁnem
2919 4916 3166 4985 psalmus
3188 4917 3383 4973 David.

2185 5000 2226 5056 C
2255 5001 2386 5057 Jam
2419 5006 2554 5055 nota
2585 5003 2724 5056 sunt
2770 5001 2946 5057 verba
2985 5003 3158 5060 tituli.
3210 5005 3377 5062 Nunc
3425 5011 3590 5080 rogat
3632 5008 3768 5063 Pro-

2112 5089 2289 5163 pheta
2319 5090 2376 5145 in
2409 5089 2518 5144 hoc
2549 5088 2776 5160 psalmo
2822 5107 3102 5164 prospera
3139 5094 3370 5152 evenire
3424 5101 3637 5153 sancta:
3668 5097 3770 5153 Dei

2111 5179 2403 5247 Ecclesize,
2436 5194 2562 5250 quae
2593 5176 2766 5250 longo
2796 5183 3057 5252 tempore
3080 5181 3203 5237 ﬁeri
3226 5199 3399 5254 posse
3429 5201 3532 5257 per
3561 5186 3770 5243 adven-

2113 5275 2238 5324 tum
2270 5266 2503 5324 Domini
2533 5266 2884 5338 przevidebat
2913 5268 3159 5326 dicendo
3189 5287 3201 5327 :
3236 5272 3538 5342 Exaudiat,
3572 5280 3680 5330 etc.

2158 5375 2172 5412 ι
2254 5355 2533 5411 Exaudiat
2561 5363 2613 5410 te
2639 5357 2903 5412 Dominus
2933 5359 2994 5414 in
3023 5359 3112 5415 die
3143 5361 3521 5419 tribulationis
3552 5381 3571 5417 :

2254 5448 2508 5515 Protegat
2537 5451 2587 5500 te
2615 5461 2811 5501 nomen
2841 5447 2940 5503 Dei
2966 5449 3148 5506 Iacob.

2185 5535 2226 5592 Ο
2257 5534 2320 5590 In
2343 5533 2435 5589 die
2459 5533 3142 5606 tribulationis,ostendit
3160 5543 3393 5613 tempus
3406 5541 3766 5614 gravissimae

2113 5623 2472 5682 afﬂictionis.
2508 5622 2652 5679 Cum
2687 5624 2829 5681 dicit
2861 5644 2873 5681 :
2908 5631 3180 5701 Protegat
3210 5635 3262 5685 te
3293 5647 3506 5687 nomen
3540 5629 3637 5686 Dei
3667 5630 3762 5685 Ja-

2114 5717 2240 5788 cob,
2276 5713 2617 5789 hujusmodi
2664 5714 3126 5776 benedictionem
3159 5719 3590 5777 concedendam
3623 5715 3763 5794 peti‘
