4086 6180
389 331 406 387 l
423 326 499 385 03

1283 318 1347 377 S.
1394 317 1796 379 BRUNONIS
1839 316 2460 381 HERBIPOLENSIS
2507 322 2887 385 EPISCOPI.

3672 330 3786 389 104

365 462 488 529 l'ru;
516 457 650 512 lucta
679 472 712 510 a
740 450 987 509 Domino
1004 450 1332 508 Christiano
1353 449 1744 521 populo,sicut
1774 454 2013 508 sanctus
2041 454 2094 520 Α
2164 452 2197 505 8
2271 454 2341 509 1Ιί
2372 456 2431 509 in
2460 456 2717 512 curribus
2747 464 2800 513 et
2830 456 2891 512 hi
2917 456 2973 512 in
2992 458 3147 529 equis
3167 475 3187 511 :

362 540 694 619 patriarcha
707 536 887 599 Iacob
910 536 1119 615 priscis
1136 537 1502 611 temporibus
1524 537 1596 595 ab
1619 537 1745 611 ipso
1767 539 2008 612 accepit,

360 634 595 708 quando
625 630 780 690 Esau
809 629 979 688 fratri
1015 624 1288 703 praelatus
1333 631 1445 684 est.
1477 622 1679 684 Audiri
1711 628 2009 702 cognosci-

358 740 512 793 mur,
547 723 781 797 quando
812 719 1169 778 omnimodis
1199 712 1418 791 aliquid
1451 716 1819 809 obtinemus.

391 853 426 905 2
498 849 671 906 Mittat
698 848 804 903 tibi
833 846 1115 902 auxilium
1142 843 1209 901 de
1234 851 1419 900 sancto
1448 861 1469 901 :

498 940 564 993 Et
591 937 657 993 de
684 936 818 992 Sion
847 941 1066 992 tueatur
1093 940 1164 990 te.

427 1044 694 1117 Optanda
724 1043 926 1098 dicens
955 1042 1153 1096 mittat
1183 1058 1209 1097 ε·
1230 1039 1487 1098 ostendit
1515 1056 1553 1095 a
1586 1039 1753 1095 Patre
1797 1038 2009 1094 Filium

355 1134 606 1192 missum
638 1142 836 1200 stium,
870 1132 931 1187 in
980 1129 1265 1187 auxilium
1316 1132 1531 1185 sanctae
1573 1127 1673 1184 Dei
1719 1126 2005 1184 Ecclesia.

353 1224 491 1281 Sion
522 1222 680 1280 enim
711 1238 888 1278 mons
914 1221 1111 1293 signat
1136 1219 1713 1290 speculatum,tu
1742 1216 2010 1273 convenit

352 1311 666 1383 divinitati,
695 1310 977 1384 Quoniam
1007 1308 1093 1364 illi
1120 1312 1331 1365 sancta
1361 1312 1499 1363 sunt
1528 1312 1684 1363 nota.

388 1438 422 1493 3
496 1438 707 1496 Memor
730 1436 803 1491 sit
830 1435 1008 1491 omnis
1035 1432 1299 1503 sacriﬁcii
1326 1432 1409 1487 tui
1437 1449 1459 1485 .-

494 1525 561 1582 Et
589 1525 961 1583 holocaustum
991 1530 1146 1577 trium
1174 1523 1379 1594 pingue
1396 1520 1512 1591 ﬁat.
1543 1518 1882 1593 Diapsalma.

422 1634 463 1691 C
492 1631 853 1691 Sacrificium
887 1632 1097 1685 sancta:
1129 1626 1514 1694 Ecclesiae,est
1542 1626 1686 1682 ritus
1717 1624 2004 1699 accipien-

351 1722 617 1793 dus,.qui
648 1736 801 1776 nunc
833 1719 1025 1792 agitur
1053 1714 1312 1789 corporis
1342 1719 1399 1771 et
1429 1708 1733 1787 sanguinis
1773 1714 2003 1771 Domini

351 1810 749 1867 immolatione
781 1807 1048 1864 solemni.
1097 1804 1534 1869 Holocaustum,
1576 1808 1767 1859 totum
1800 1803 2002 1860 incen-
2036 1830 2082 1897 Β

351 1917 484 1958 sum
516 1899 813 1965 dicitur,et
841 1901 1220 1971 repraesentat
1239 1895 1393 1949 idem
1418 1894 1542 1965 jam
1577 1894 1801 1949 dictum
1832 1893 2004 1950 sacri-

352 1991 570 2048 ﬁcium.
604 1989 766 2054 Quod
817 1985 1032 2060 pingue
1062 1984 1128 2039 ﬁt
1158 1984 1354 2056 itaque
1386 1981 1735 2053 jocundum,
1769 1982 2002 2055 quando

350 2084 553 2138 nostra
580 2078 799 2135 oblatio
829 2075 1046 2132 mentis
1077 2080 1133 2130 ct
1163 2072 1422 2148 corporis
1453 2090 1487 2128 a
1515 2071 1704 2145 gratia
1732 2070 2001 2127 divinita-

348 2172 425 2227 tis
456 2168 797 2226 assumitur.

376 2279 419 2357 ,4
496 2277 718 2331 Tribuat
748 2274 850 2330 tibi
872 2270 1169 2327 secundum
1197 2286 1290 2326 cor
1313 2277 1468 2325 tuum
1498 2287 1514 2323 :

494 2366 560 2421 Et
588 2379 745 2420 omne
771 2363 1064 2419 consilium
1094 2367 1248 2415 tuum
1270 2354 1580 2429 conﬁrmet.’

424 2474 465 2529 C
496 2473 664 2539 Dicit,
696 2469 919 2525 tribuat
963 2466 1068 2523 tibi
1099 2465 1423 2522 secundum
1468 2476 1567 2520 cer
1598 2467 1787 2529 tuum,
1831 2462 1887 2517 id
1913 2466 2004 2519 est

352 2561 675 2620 secundum
710 2557 1069 2614 intellectum
1100 2570 1276 2628 quem
1308 2554 1491 2610 babes
1522 2554 1592 2609 de
1623 2551 1891 2619 Domino,
1937 2554 2002 2607 ut

349 2669 483 2708 eum
514 2650 719 2706 credas
749 2660 936 2702 unum
958 2663 1026 2701 ex
1048 2643 1578 2715 trinitate.me
1599 2654 2001 2708 carne,resur-

350 2741 591 2805 rexisse,
618 2736 954 2795 ascendisse
979 2733 1038 2790 in
1086 2732 1321 2799 cmlum,
1354 2736 1463 2787 etc.
1497 2730 1559 2786 Et
1603 2744 1775 2786 omne
1805 2730 1999 2786 consi-

348 2830 495 2886 lium
539 2832 708 2885 tuum
755 2825 1079 2890 conﬁrmet,
1134 2822 1241 2877 hoc
1288 2825 1379 2876 est
1423 2818 1736 2876 consilium
1785 2823 1998 2875 sanctae

346 2918 615 2978 Ecclesia
647 2934 661 2973 :
695 2916 923 2971 Patrem
965 2916 1025 2969 et
1072 2910 1282 2967 Filium
1313 2913 1370 2965 et
1410 2908 1696 2981 Spiritum
1726 2908 1996 2964 sanctum

346 3024 531 3066 unum
561 3007 746 3064 Deum
778 3003 1082 3072 eredere,a
1108 3016 1228 3074 quo
1258 3004 1396 3056 sunt
1417 2996 1651 3067 omnia;
1683 3000 1741 3052 et
1770 3012 1839 3053 ex
1858 3012 1995 3053 con-

346 3097 477 3155 sitio
504 3091 1046 3153 deliberate-omnia
1076 3106 1181 3163 pro
1205 3088 1316 3147 ista
1344 3087 1458 3145 ﬁde
1488 3100 1763 3161 spernere
1789 3086 1996 3142 mundi

343 3185 786 3246 delectamenta.

378 3296 414 3350 5
488 3294 827 3351 Lmtabimur
854 3292 915 3346 in
943 3289 1184 3345 salutari
1212 3295 1303 3343 tuo
1333 3305 1354 3341 ,ο

484 3384 550 3437 Et
581 3384 639 3436 in
666 3381 888 3436 nomine
908 3380 1009 3434 Dei
1035 3378 1212 3432 nostri
1239 3374 1740 3446 magniﬁcabimur.

345 3501 361 3555 ς
413 3487 456 3544 C
483 3486 628 3544 Nam
657 3487 717 3542 in
761 3480 1003 3541 salutari
1042 3481 1306 3538 Ecclesiae
1355 3481 1533 3553 (quod
1588 3486 1677 3536 est
1723 3479 1992 3537 Christus

340 3577 536 3650 Jews)
566 3574 901 3632 laetaturum
949 3586 1011 3628 se
1040 3584 1168 3628 esse
1218 3569 1551 3639 declaravit,
1598 3573 1664 3625 ut
1711 3584 1774 3626 se
1803 3586 1993 3625 unum

339 3685 468 3725 esse
498 3684 567 3724 ex
596 3666 727 3738 ejus
754 3674 994 3736 corpore
1024 3656 1471 3718 monstraret.Et
1501 3658 1766 3732 inipsius
1797 3657 1991 3715 nomi—

341 3774 413 3813 ne
444 3773 506 3813 se
534 3771 663 3812 esse
693 3750 1217 3826 magniﬁcandum,
1249 3748 1389 3822 quia
1414 3764 1485 3805 ex
1512 3749 1640 3822 ipso
1670 3748 1987 3819 Christiani

338 3846 571 3903 fuerant
635 3836 1039 3915 nuncupandi.
1110 3838 1471 3913 Maguiﬁoari
1545 3842 1635 3895 est
1701 3852 1986 3911 magnum

338 3934 484 3991 ﬁeri.

368 4042 404 4096 6
477 4038 714 4114 Impleat
732 4036 994 4097 Dominus
1021 4053 1205 4095 omnes
1230 4038 1520 4110 petitiones
1544 4043 1665 4093 tuas
1689 4053 1709 4093 :
1912 4094 1933 4115 ο

473 4131 630 4187 Nunc
679 4130 907 4201 cognovi
959 4129 1222 4201 quoniam
1273 4126 1489 4183 salvum
1542 4126 1672 4198 fecit
1722 4124 1986 4182 Dominus

543 4217 809 4276 Christum
838 4235 1020 4275 suum.

403 4326 444 4381 C
474 4325 721 4399 Impleat
747 4324 1359 4391 Dominusﬁtiternm
1375 4322 1447 4379 ad
1480 4321 1795 4379 Ecclesiam
1818 4327 1986 4395 grata

329 4414 649 4471 conversio.
685 4414 853 4470 Nunc
899 4413 1140 4487 cognovi
1187 4412 1454 4480 dicendo,
1497 4428 1772 4485 magnam
1802 4411 1981 4468 virtu-

327 4507 515 4559 tutem
559 4520 677 4559 sua:
728 4501 1189 4575 prophetationis
1238 4502 1653 4571 ostendit,cum
1714 4517 1777 4558 se
1826 4500 1984 4558 dicat

324 4590 385 4647 in
417 4590 690 4665 praesenti
725 4590 1065 4663 cognovisse
1097 4607 1223 4663 quae
1254 4594 1388 4663 post
1418 4589 1630 4646 saecula
1659 4589 1847 4647 multa
1867 4590 1982 4647 im-

323 4679 542 4754 plenda
559 4678 991 4736 erant.Salvum
1023 4678 1159 4735 fecit
1188 4678 1356 4734 Pater
1384 4666 1595 4734 Filium
1630 4678 1690 4735 in
1722 4694 1982 4737 resurre-

324 4771 514 4828 ctione
544 4768 802 4845 gloriosa
829 4772 888 4824 et
914 4767 974 4823 in
1005 4765 1181 4824 oculos
1210 4766 1571 4823 ascensione.

356 4898 389 4949 7
466 4893 737 4950 Exaudiet
765 4893 929 4949 illum
954 4891 1021 4947 de
1047 4891 1182 4948 calo
1208 4896 1395 4947 sancto
1422 4904 1521 4947 suo
1554 4907 1567 4947 :

465 4982 541 5057 1η⁸
552 4984 919 5054 potentatibtts
947 4981 1099 5038 salus
1116 4981 1361 5039 domum?
1387 4982 1524 5053 ejus.

390 5079 435 5143 C
465 5089 685 5145 Sensus
716 5089 824 5145 iste
866 5087 1001 5146 talis
1058 5093 1149 5146 est
1181 5107 1194 5146 :
1230 5087 1512 5146 Exaudiet
1560 5084 1774 5146 Filium
1805 5089 1977 5146 Pater

317 5176 390 5233 de
421 5176 732 5250 calo,quia
763 5177 822 5232 in
861 5176 1099 5235 dextera
1150 5180 1279 5250 ejus
1308 5183 1398 5235 est
1441 5175 1625 5247 salus,
1656 5192 1833 5251 quam
1867 5178 1977 5234 hac

315 5266 466 5323 bens
494 5280 563 5323 ex
593 5264 831 5340 propria
859 5265 1095 5339 deitate,
1123 5273 1321 5324 tamen
1353 5271 1619 5340 expetere
1646 5267 1878 5324 videtur
1905 5283 1975 5323 ex

316 5354 920 5412 carne.Potentatibus
951 5355 1112 5427 dicit,
1161 5356 1301 5430 quia
1330 5373 1438 5412 nos
1481 5360 1746 5430 potentes
1776 5352 1971 5427 efficit,

314 5462 451 5503 cum
482 5446 670 5519 gratia
718 5445 914 5503 suain
956 5446 1254 5519 presenti,
1306 5449 1366 5503 et
1405 5444 1464 5502 in
1517 5445 1714 5503 futura
1758 5444 1875 5501 vita
1912 5446 1971 5501 in

315 5536 486 5592 beata
514 5535 878 5609 perenuitate
925 5533 1352 5605 custodiendo;
1379 5550 1505 5611 qua:
1544 5552 1646 5612 per
1675 5534 1972 5593 dexteram

316 5623 688 5701 intelligitur.

2263 541 2369 599 Nos
2398 552 2581 600 autem
2611 545 2668 600 in
2717 544 2941 603 nomine
2984 545 3211 602 Domini
3235 545 3336 602 Dei
3358 548 3533 604 nostri
3564 548 3781 606 invoca-

2336 632 2536 689 tenus.

2192 723 2241 776 Η
2271 720 2378 777 Per
2408 734 2638 792 currus,
2669 722 2938 797 voluptas
2971 723 3176 781 mundi
3208 724 3328 781 sive
3360 722 3651 800 cupiditas
3681 724 3782 785 de-

2121 809 2408 884 signatur,
2443 813 2719 885 quoniam
2753 814 2988 887 superbi
3020 819 3078 870 et
3102 810 3303 888 cupidi
3334 814 3493 871 velut
3521 821 3657 874 rota:
3690 818 3782 875 in-

2121 900 2383 970 stabiles,
2416 906 2611 958 mente
2640 902 2757 959 huc
2788 900 3043 976 illucque
3060 904 3423 961 discurrunt.
3448 902 3553 963 Per
3573 914 3779 980 e'quos,

2120 989 2357 1062 superbi
2405 986 2851 1065 intelliguntur;
2882 990 2996 1067 ipsi
3037 998 3179 1049 sunt
3228 994 3447 1069 cupidi.
3491 994 3543 1069 H_
3568 995 3629 1052 (Ι.
3660 996 3780 1054 Nos

2119 1084 2313 1135 autem
2345 1078 2405 1135 in
2436 1079 2556 1136 illis
2603 1098 2717 1137 non
2761 1081 3103 1156 gloriemur,
3137 1084 3239 1139 sed
3273 1084 3333 1139 in
3382 1083 3619 1143 nomine
3650 1086 3776 1155 Dei,

2119 1169 2274 1241 quod
2298 1168 2370 1225 ad
2401 1170 2644 1242 praemia
2673 1175 2888 1227 aeterna
2918 1171 3203 1245 perducit.

2153 1260 2187 1313 9
2260 1258 2370 1330 Ipsi
2399 1256 2639 1315 oblihati
2664 1267 2792 1316 sunt
2815 1268 2867 1318 et
2884 1261 3195 1318 ceciderunt
3221 1281 3243 1317 .-

2260 1348 2365 1403 Nos
2393 1356 2576 1404 autem
2604 1351 2952 1406 surreximus
2980 1357 3032 1407 et
3052 1353 3219 1408 erecti
3238 1364 3446 1408 sumus.

2188 1435 2229 1492 C
2261 1435 2407 1491 Dicit
2438 1434 2729 1510 Propheta
2773 1434 3052 1497 humanis
3100 1440 3423 1499 honoribus
3462 1441 3548 1497 vel
3581 1444 3781 1516 pravis

2116 1522 2423 1582 desideriis
2453 1524 2744 1599 obligatos
2774 1527 3052 1586 cecidisse
3096 1534 3458 1602 arrogantes,
3488 1530 3647 1603 quod
3674 1549 3775 1587 ne-

2116 1628 2279 1671 cesse
2307 1617 2396 1671 est
2424 1613 2542 1670 illis
2572 1616 2908 1690 contingere
2937 1618 3036 1690 qui
3090 1630 3152 1675 se
3183 1617 3456 1675 videntur
3499 1621 3777 1677 nexuosis

2114 1700 2411 1760 erroribus
2442 1701 2686 1777 illigare.
2722 1700 3047 1778 Resurgcre
3096 1707 3329 1763 duobus
3360 1706 3551 1765 modis
3583 1706 3779 1766 Chris-

2115 1793 2314 1849 tianus
2341 1792 2574 1862 dicitur,
2609 1792 2830 1850 scilicet
2859 1788 2893 1850 εἰ
2923 1800 3107 1851 morte
3153 1796 3450 1864 vitiorum,
3491 1801 3547 1853 et
3577 1795 3635 1854 in
3670 1798 3779 1854 illa

2114 1881 2554 1948 resurrectione,
2580 1882 2636 1937 in
2670 1899 2787 1955 qua
2798 1883 2947 1954 justi
2969 1884 3438 1958 aelernapr'mmia
3452 1887 3771 1960 accipiunt,

2114 1969 2185 2025 de
2217 1974 2462 2042 utraque
2483 1969 2579 2026 hic
2604 1969 2846 2044 intelligi
2882 1969 3258 2028 manifestum
3291 1978 3397 2029 est.

2114 2059 2184 2113 10
2258 2062 2511 2128 Domine,
2541 2060 2748 2116 srlvum
2767 2061 2861 2131 fac
2886 2076 3067 2130 regem
3090 2067 3145 2127 σξη
3180 2070 3233 2118 et
3274 2068 3288 2129 ζ
3329 2062 3535 2119 exaudi
3556 2079 3654 2120 nos
3682 2081 3696 2120 :

2254 2150 2313 2205 In
2345 2148 2435 2205 die
2457 2164 2565 2221 qua
2595 2151 3083 2216 invocaverimus—j
3128 2158 3178 2207 te
3220 2157 3269 2217 ζ.

2182 2241 2223 2292 C
2252 2238 2478 2294 Dicitur
2518 2232 2695 2307 Patri,
2739 2238 2977 2295 Salvum
3028 2239 3118 2295 fac
3163 2254 3380 2313 regem,
3432 2240 3490 2296 id
3542 2246 3651 2309 est,
3708 2244 3776 2299 ut

2112 2321 2382 2383 Christus
2410 2332 2681 2401 resurgat
2711 2338 2744 2384 a
2773 2322 3043 2384 mertuis.
3077 2329 3294 2385 Exaudi
3345 2344 3473 2399 nos,
3508 2332 3774 2403 provenit

2110 2413 2257 2471 illud
2288 2420 2427 2472 tunc
2457 2416 2655 2491 generi
2696 2415 2980 2489 humano,
3013 2418 3249 2492 quando
3280 2417 3765 2477 resurrectionem

2110 2504 2325 2561 Christi
2355 2504 2522 2562 llrme
2553 2506 2735 2563 credit
2764 2512 2820 2562 et
2849 2503 3113 2564 laetanter
3140 2505 3368 2580 aspicit,
3385 2507 3467 2564 vel
3497 2522 3602 2580 per
3629 2520 3766 2565 eum

2110 2611 2303 2668 regem
2336 2595 2543 2651 exaudi
2578 2613 2685 2651 nos
2716 2595 2774 2650 in
2806 2595 2899 2651 die
2929 2595 3295 2653 necessitatis
3327 2600 3558 2653 nostrae.

2607 2700 2811 2741 ORATIO
2850 2700 2921 2741 sx
2961 2700 3115 2741 PSAL.
3149 2698 3265 2741 XIX.

2178 2771 2382 2845 Imple,
2420 2772 2661 2829 Domine
2710 2774 3022 2846 petitiones
3072 2778 3325 2842 nostras,
3373 2778 3429 2830 et
3476 2778 3760 2849 tanquam

2106 2861 2567 2936 pinguissimum
2590 2876 2697 2919 nos
2714 2858 3123 2920 holocaustum
3150 2864 3764 2934 assume,ut,im'mico-

2105 2968 2238 3008 rum
2269 2949 2539 3008 curribus
2577 2950 2869 3025 obligatis,
2912 2950 3191 3009 salutaris
3238 2952 3323 3009 tui
3374 2952 3760 3027 opitulatione

2104 3039 2387 3097 laetemur.
2422 3039 2529 3097 Per
2555 3039 2865 3097 Dominum
2898 3046 3167 3099 nostrum
3191 3040 3415 3114 Jesum,
3449 3045 3557 3099 etc.

2700 3146 3028 3206 PSALMUS
3056 3144 3169 3206 XX.

2566 3232 2963 3276 KRGUMENTUM
3005 3234 3163 3278 PSAL.
3195 3237 3287 3276 KX.

2173 3313 2213 3365 G
2242 3308 2345 3366 Hic
2376 3307 2663 3382 psalmus,
2700 3309 2930 3365 Domini
2984 3306 3303 3366 Salvatoris
3351 3309 3541 3383 primo
3573 3310 3759 3366 incar-

2102 3399 2418 3469 nationem,
2450 3403 2505 3454 et
2536 3401 2737 3472 postea
2766 3398 2998 3455 deitatis
3018 3397 3486 3471 facta,Propheta
3517 3414 3763 3455 narrant

2102 3493 2177 3557 te,
2209 3489 2496 3545 decantat.
3300 3502 3305 3505 '
3828 3484 3835 3489 ’

2239 3574 2355 3633 'I'l‘.
2389 3578 2451 3633 in
2469 3577 2634 3648 ﬁnem
2653 3578 2902 3651 psalmus
2933 3577 3128 3635 David.

2170 3666 2211 3722 C
2240 3666 2377 3722 ideo
2406 3663 2613 3723 titulus
2644 3656 2737 3721 hic
2780 3680 2934 3722 nono
2982 3666 3211 3723 decimo
3250 3665 3476 3739 psalmo
3508 3678 3614 3739 par
3642 3670 3753 3734 est,

2098 3755 2376 3828 quoniam
2411 3759 2469 3811 et
2495 3754 2607 3811 istc’
2636 3749 2870 3827 quidem
2896 3753 2966 3810 de
2987 3754 3235 3812 Domino
3248 3753 3545 3811 Salvatore
3572 3750 3759 3828 loqui-

2096 3850 2194 3901 tur
2221 3843 2374 3901 sicut
2405 3842 2798 3916 superior,sed
2831 3844 2941 3899 sub
2971 3843 3171 3916 aliqua
3190 3842 3543 3900 diversitate.

2134 3934 2159 3990 1
2235 3933 2480 4001 Domine,
2515 3934 2575 3988 in
2600 3934 2800 3988 virtute
2830 3936 2927 3989 tua
2951 3930 3237 3990 laetabitur
3262 3948 3366 3990 rex
3390 3953 3408 3989 :
3570 3942 3573 3947 ‘

2236 4022 2303 4078 Et
2328 4038 2494 4095 super
2528 4021 2775 4077 salutare
2797 4029 2953 4077 tuum
2974 4019 3276 4078 exsultabit
3299 4023 3658 4078 velwmenter.

2165 4110 2501 4180 C'Domine,
2536 4110 2681 4166 dicit
2727 4109 3014 4184 Propheta
3044 4109 3115 4166 ad
3152 4110 3379 4167 Patrem
3406 4130 3419 4180 ;
3446 4109 3507 4167 in
3538 4110 3757 4166 virtute

2092 4204 2216 4270 tua,
2251 4199 2309 4256 id
2339 4204 2428 4257 est
2456 4200 2516 4255 in
2547 4198 2970 4272 omnipotentia
3018 4199 3345 4271 maiestatis
3374 4203 3508 4267 tum,
3542 4198 3603 4254 in
3633 4208 3757 4271 qua

2093 4294 2150 4346 et
2181 4288 2361 4346 Pilius
2414 4292 2637 4363 regnat.
2686 4287 3001 4345 Laetabitur
3047 4294 3170 4357 rex,
3218 4288 3434 4362 gaudet
3479 4287 3751 4345 Christus

2090 4379 2284 4436 Jesus.
2316 4376 2666 4446 Exsuttabit,
2714 4375 2772 4433 id
2827 4380 2917 4434 est
2952 4375 3023 4432 in-
3045 4393 3119 4434 eo
3144 4378 3301 4451 quod
3330 4392 3437 4450 per
3458 4390 3595 4435 eum
3626 4376 3750 4433 sata

2090 4466 2237 4524 vasti
2268 4466 2558 4537 homines,
2591 4463 2772 4523 Filius
2798 4469 2937 4522 tuus
2966 4464 3404 4540 exsultabit,qui
3427 4470 3520 4523 est
3546 4464 3748 4523 Salva-

2010 4578 2059 4643 Β
2089 4555 2877 4627 tor.Vebementer,osteudit
2905 4554 3375 4629 magnitudinem
3407 4554 3629 4630 gaudii,
3661 4559 3747 4623 ut,

2091 4649 2311 4719 quanta
2341 4651 2431 4703 est
2457 4645 2625 4719 capia
2653 4645 2712 4701 in
2752 4645 3055 4712 beneﬂcio,
3106 4648 3270 4701 tanta
3316 4644 3392 4702 sit
3435 4647 3497 4702 et
3542 4644 3753 4719 gaudii

2089 4736 2453 4809 magnitudo.

2121 4827 2158 4879 2
2232 4824 2581 4881 Desiderinm
2609 4823 2791 4881 cordis
2816 4823 2936 4899 ejus
2965 4821 3205 4880 tribuitti
3228 4824 3283 4881 ei
3310 4841 3328 4878 :

2229 4914 2293 4969 Et
2320 4913 2600 4969 voluimus
2641 4910 2916 4985 labiorum
2942 4912 3059 4985 ejus
3103 4924 3218 4969 non
3263 4910 3548 4984 fraudasti
3591 4926 3738 4968 eum.

2300 5001 2643 5075 Diapsalma.
2655 4982 2679 4999 ’

2154 5095 2196 5147 C
2226 5090 2590 5147 Desiderium
2622 5089 2976 5163 auimeejus
2997 5089 3106 5147 fuit
3127 5106 3236 5164 pro
3260 5090 3527 5147 omnium
3560 5089 3753 5147 astuto

2082 5180 2360 5248 occidi,ut
2378 5179 2670 5253 pretiosus
2689 5180 2935 5254 sanguis
2946 5180 3076 5251 ejus
3098 5178 3387 5236 mundum
3407 5179 3741 5236 redimeret.

2080 5268 2367 5325 Voluntas
2387 5267 2676 5325 labiorum
2699 5268 3070 5342 fuit,quando
3087 5267 3419 5326 immundis
3435 5267 3745 5343 spiritibus

2080 5355 2749 5430 imperabat,languores
2772 5357 3034 5414 dtversos
3064 5357 3356 5415 sermonis
3377 5356 3470 5414 sui
3492 5357 3751 5414 sanabat

2081 5446 2414 5521 imperio,et
2435 5445 2875 5519 praedicationes
2895 5445 3129 5520 populis
3158 5447 3473 5504 inserebat.
3498 5448 3745 5504 Constat

2082 5536 2142 5593 in
2166 5535 2326 5594 nullo
2353 5535 2715 5594 voluntatem
2741 5536 2873 5609 ejus
2900 5534 3084 5593 fuisse
3117 5535 3473 5604 fraudatam,
3505 5533 3743 5612 quando

2085 5625 2285 5685 omnia
2315 5641 2444 5700 qua:
2476 5624 2605 5685 fieri
2628 5625 2811 5701 jussit
2843 5624 3081 5703 impleta
3108 5629 3265 5684 sunt.
