4122 6184
250 311 370 371 ίὸὸ

1515 306 1936 368 EXPOSITIO
1982 306 2471 371 PSALMORUM
2483 353 2496 367 .

3601 310 3719 382 106

278 448 317 501 3
396 444 681 514 Quoniam
704 443 1045 516 praevenisti
1070 448 1201 498 eum
1230 441 1292 497 in
1325 439 1794 498 benedictionibus
1822 438 1949 496 dut-
1977 435 2032 509 Α
2097 441 2133 495 9
2206 447 2381 498 Panes
2411 457 2502 499 eos
2548 450 2606 499 ut
2645 444 2926 502 clibanum
2976 449 3123 520 ignis
3169 450 3229 506 in
3255 456 3492 524 tempore
3537 446 3723 512 vultus

632 550 682 588 28
713 550 735 589 .’

465 532 682 589 cedim's
713 550 735 589 :

389 623 642 679 Posuisti
680 622 753 677 in
774 622 959 693 capite
1005 619 1122 692 ejus
1168 622 1435 675 coronam
1481 618 1551 675 de
1596 612 1777 690 lapide
1818 632 1944 689 pre-

316 803 358 858 C
397 720 698 866 mixtim
752 796 1111 873 preveuisti,
1159 795 1461 869 signiﬁcat
1512 795 1943 852 humanitatem

239 895 613 966 praeventam
645 889 845 962 gratia
873 886 1215 944 divinitatis.
1238 889 1285 941 A
1313 884 1661 942 Benedictio
1688 885 1946 942 dulcedi-

239 982 345 1038 nis
356 981 469 1037 fuit
490 977 855 1036 immunitas
872 976 1229 1050 peccati,qua
1245 970 1518 1031 donatus
1537 979 1632 1031 est
1645 974 1911 1032 Christus
1926 993 1961 1043 ;,

241 1088 352 1128 nos
382 1068 545 1127 enim
597 1068 661 1125 in
715 1064 1111 1124 amaritudine
1146 1065 1281 1120 Adae
1332 1062 1738 1136 concipimur.
1772 1063 1813 1118 C
1843 1063 1941 1120 Vel

244 1159 579 1217 benedictio
609 1152 955 1215 dulcedinis
985 1155 1113 1225 l‘uit,
1146 1154 1385 1226 quando
1419 1152 1661 1208 dictUm
1691 1156 1814 1208 est:
1842 1152 1945 1209 Hic

241 1256 337 1307 est
363 1248 554 1307 Filius
585 1258 763 1303 meus
794 1240 1062 1301 diiectus.
1089 1243 1312 1299 Cornua
1342 1245 1721 1299 conventum
1753 1241 1948 1314 signat

243 1337 718 1410 discipulorum;
754 1334 880 1390 haec
910 1338 1030 1389 erat
1064 1349 1273 1389 corona
1319 1330 1572 1405 capitis,
1608 1330 1718 1386 hoc
1750 1331 1945 1403 regale

244 1428 547 1495 diadema,
568 1424 862 1498 quoniam
907 1422 1098 1495 ipsum
1125 1422 1445 1478 docentem
1479 1417 1775 1475 circuitus
1805 1436 1945 1493 apo-

244 1517 543 1574 stolorum
577 1510 905 1575 ambiebat.
930 1509 1195 1567 Diadema
1238 1508 1383 1566 illud
1433 1525 1563 1565 non
1594 1508 1727 1564 ideo
1762 1512 1823 1562 ut
1853 1525 1944 1565 or-

262 1611 435 1663 naret
460 1609 557 1661 est
605 1595 979 1674 impositum,
1002 1600 1097 1656 sed
1128 1604 1192 1656 ut
1219 1600 1289 1655 de
1320 1598 1567 1655 Christo
1616 1597 1815 1669 potius
1853 1612 1945 1654 or-

264 1692 535 1752 naretur.
571 1684 841 1765 Lapides
862 1688 1111 1762 pretiosi,
1142 1687 1390 1761 apostoli
1426 1688 1598 1743 sunt.

289 1786 323 1841 t
402 1785 584 1840 Vitam
611 1774 845 1855 petiit‘a
879 1786 929 1835 te
952 1785 1004 1836 et
1028 1772 1263 1835 tribuisti
1289 1780 1345 1834 ei
1374 1795 1394 1834 :

390 1870 830 1944 Longitudinem
871 1868 1079 1925 dierum
1118 1870 1176 1924 in
1218 1867 1514 1935 saeculum,
1551 1872 1605 1921 et
1654 1865 1717 1920 in
1764 1879 1943 1923 saecu-

469 1962 591 2017 lum
616 1965 678 2026 eo
723 1957 924 2016 arcuit
961 1962 975 2023 ζ

320 2052 369 2109 C
395 2050 535 2106 Vita
565 2046 1059 2107 resurrectionem
1086 2046 1279 2120 signat
1307 2054 1493 2118 quam
1526 2040 1630 2098 ille
1657 2041 1826 2113 petiit
1848 2038 1940 2098 di-

254 2143 441 2199 cendo
485 2157 501 2196 :
542 2139 734 2205 Pater,
768 2135 1029 2193 clariﬁca'
1069 2135 1275 2192 Filium
1334 2140 1535 2191 tuum.
1604 2130 1937 2203 Longitudo

256 2232 492 2289 dierum
524 2225 1167 2302 signatiperennitatem
1194 2224 1432 2291 Christi,
1459 2237 1595 2294 qua:
1628 2218 1791 2275 nullo
1821 2221 1937 2279 fine

257 2318 658 2377 concluditur.
683 2316 747 2372 In
780 2313 1054 2371 saeculum
1081 2313 1297 2381 saeculi,
1323 2311 1693 2371 inde‘l’cctam
1716 2309 1937 2366 stabili-

259 2414 446 2466 tatem
482 2405 666 2463 futuri
693 2402 890 2467 saeculi
913 2403 1147 2460 indicat.
1170 2404 1281 2459 Sed
1304 2402 1611 2458 memento
1635 2396 1792 2469 quod
1815 2397 1936 2456 haec

259 2505 320 2556 et
348 2497 447 2553 his
480 2493 704 2552 similia
733 2494 808 2549 ab
837 2491 935 2548 illa
962 2488 1233 2548 dicuntur
1263 2494 1432 2564 parte
1464 2502 1686 2562 passus
1717 2490 1823 2543 est.

290 2589 331 2643 5
406 2584 611 2656 legati
636 2581 820 2653 gloria
841 2582 957 2654 ejus
983 2583 1043 2637 in
1070 2582 1305 2637 satutari
1335 2587 1428 2637 tuo
1458 2597 1475 2633 :

410 2675 659 2732 Gloriam
685 2680 737 2729 et
781 2676 835 2738 μὲ
860 2682 1120 2741 magnum
1159 2676 1174 2737 ζ
1217 2670 1464 2727 decorem
1496 2669 1742 2740 imponas
1770 2683 1934 2740 super

482 2772 628 2820 eam.

336 2856 379 2911 C
407 2853 563 2910 Nam
612 2848 800 2924 gieria
826 2853 885 2906 et
910 2858 1187 2921 magnum
1219 2849 1397 2906 decus
1447 2851 1690 2918 tempus
1738 2844 1935 2918 signat

246 2940 499 3016 judicii,
524 2938 627 2996 ubi
657 2939 719 2994 in
750 2937 958 2995 deitate
978 2955 1086 2994 sua
1108 2938 1459 2994 Altissimus
1475 2933 1806 3008 apparebit,
1827 2934 1929 2991 ha-

254 3034 415 3088 bens
447 3028 704 3103 gloriam
750 3036 818 3083 ex
865 3026 1105 3100 judicio,
1146 3029 1414 3084 decorem
1474 3027 1549 3082 de
1603 3024 1928 3095 majestate.

259 3122 501 3177 Sancta:
533 3116 711 3174 etiam
742 3116 1125 3174 incarnationi
1158 3132 1374 3190 magna
1404 3118 1494 3172 est
1523 3112 1713 3187 gloria
1742 3113 1802 3168 in
1832 3130 1931 3169 sa-

261 3208 476 3277 lutari,
509 3207 571 3262 id
604 3208 696 3262 est
720 3204 783 3261 in
811 3206 980 3262 verbo
1013 3205 1216 3263 Patris.

300 3299 340 3353 ὃ
417 3295 697 3365 Quoniam
736 3294 892 3351 dabis
937 3311 1059 3352 eum
1106 3297 1168 3352 in
1217 3295 1647 3352 benedictionem
1677 3293 1737 3347 in
1766 3306 1939 3349 stem-

493 3386 615 3440 tum
640 3389 696 3450 ᾧ
734 3384 930 3441 saeculi
967 3390 981 3449 ξ

416 3470 751 3546 [ωιίβεαὺις
778 3488 902 3529 eum
929 3474 989 3529 in
1040 3474 1240 3547 gaudio
1266 3490 1391 3530 cum
1416 3472 1576 3529 vultu
1606 3478 1717 3527 tuo.

335 3564 389 3622 II
415 3560 716 3629 Quoniam
755 3561 922 3618 dabis
963 3577 1096 3619 eum
1146 3563 1206 3619 in
1252 3560 1744 3629 benedictionem,
1796 3556 1947 3630 quia"

260 3653 466 3711 omnis
498 3654 771 3707 creatura
816 3650 1102 3707 benedicit
1129 3664 1286 3707 eum.
1331 3648 1681 3706 Ltetiﬁcabis
1707 3658 1843 3703 eum
1870 3645 1933 3702 in

256 3742 511 3817 gaudio,
526 3756 664 3796 cum
686 3739 1008 3796 coadunata
1030 3740 1206 3796 fuerit
1227 3738 1548 3795 multitudo
1570 3740 1931 3804 sanctorum,

258 3833 813 3905 eique'sanctorum
846 3845 1124 3885 numerus
1168 3828 1497 3885 restitutus.
1522 3829 1561 3883 C
1591 3827 1736 3883 Cum
1769 3823 1931 3881 vultu

254 3927 363 3980 tuo
396 3920 570 3989 dicit,
603 3923 670 3975 ut
710 3935 829 3975 una
875 3919 1236 3993 intelligatur
1290 3934 1541 3992 persona
1596 3918 1723 3974 sine
1754 3916 1932 3972 dubio

253 4028 393 4070 esse
425 4007 668 4078 Christi,
702 4007 841 4080 quia
879 4008 1221 4066 humanitas
1252 4008 1323 4065 de
1355 4006 1660 4064 divinitate
1689 4005 1928 4079 gaudet.

256 4097 555 4169 Quamvis
613 4097 789 4154 etiam
835 4098 908 4155 de
965 4097 1247 4155 membris
1294 4096 1441 4153 illud
1491 4094 1675 4168 accipi
1716 4092 1931 4150 Christi

256 4195 429 4248 recte
458 4185 671 4244 nossit.

292 4283 335 4334 7
415 4278 699 4349 quoniam
727 4292 827 4334 rea:
850 4283 1037 4349 sperat
1059 4277 1118 4332 in
1150 4276 1386 4333 Domino
1413 4293 1432 4330 :

414 4366 487 4423 Et
515 4382 579 4422 in
600 4365 981 4423 misericordia
1009 4365 1285 4423 Altissimi
1311 4380 1421 4420 non
1451 4363 1893 4420 commovebitur.

336 4458 387 4514 C
417 4457 541 4513 Rex
567 4460 658 4512 est
685 4454 932 4528 iste,qui
963 4455 1025 4512 in
1057 4454 1330 4528 passione
1361 4470 1471 4509 sua
1500 4452 1933 4525 ascriptus,tri-

262 4549 387 4604 bus
415 4544 637 4619 linguis
687 4543 1003 4618 legebatur.
1032 4543 1298 4616 Speravit
1341 4541 1400 4597 in
1431 4540 1699 4608 Domino,
1723 4556 1932 4597 secun-

262 4638 415 4693 dum
447 4632 768 4690 hominem.
800 4634 923 4690 Non
966 4631 1431 4689 commovebitur
1455 4632 1502 4685 A
1532 4628 1933 4686 misericordia

262 4725 485 4792 Patris,
509 4722 650 4796 quia
678 4726 967 4796 βίοιθοῖοτ
995 4727 1085 4779 est
1114 4720 1253 4778 olim
1287 4718 1654 4794 sperantium
1685 4718 1745 4774 in
1776 4734 1860 4775 se.

299 4818 338 4870 8
412 4813 739 4870 Inveniatur
763 4829 963 4868 manus
991 4816 1089 4867 tua
1120 4812 1374 4867 omnibus
1404 4809 1653 4866 inimicis
1683 4809 1791 4865 tuis
1821 4826 1840 4862 :

412 4904 654 4960 Dextera
680 4907 778 4958 tua
806 4902 1056 4958 inveniat
1084 4906 1140 4967 με·
1163 4914 1349 4957 omnes
1389 4904 1404 4966 ζ
1449 4901 1548 4972 qui
1571 4907 1622 4955 te
1650 4897 1898 4955 oderant.

341 4994 385 5050 C
418 4991 759 5049 Inveniatur
787 5004 1001 5047 manus
1031 4993 1152 5061 tua,
1188 4990 1244 5044 id
1290 4992 1381 5045 est
1425 4986 1683 5061 operatio
1714 4991 1816 5044 tua
1847 5005 1935 5044 re-

267 5084 558 5159 periatur.
595 5080 642 5137 H
684 5078 758 5138 Ut
807 5083 1175 5138 revertantur
1217 5076 1463 5145 inimici,
1497 5077 1697 5134 afﬂicti
1748 5081 1939 5150 potes-

268 5178 389 5231 tate
422 5176 531 5228 tua
582 5170 641 5226 in
690 5169 934 5227 bonum.
968 5172 1214 5226 Dextera
1266 5167 1456 5224 Patris
1512 5166 1797 5223 Dominus
1850 5166 1940 5223 est

269 5262 562 5320 Salvator.
594 5259 702 5325 Qui
741 5275 879 5316 eum
927 5258 1177 5316 oderunt
1221 5273 1393 5330 pmna
1440 5259 1723 5328 perpetua
1766 5256 1938 5311 dam-

272 5351 457 5410 nandi
486 5353 650 5419 sunt,
681 5353 738 5406 et
765 5348 894 5405 sine
935 5344 1051 5404 ﬁne
1098 5346 1231 5402 cum
1281 5344 1515 5402 diabolo
1563 5350 1621 5401 et
1667 5344 1939 5402 satelliti-

271 5442 387 5516 bus
430 5438 561 5497 suis
616 5439 679 5495 in
734 5436 968 5494 aeternis
1025 5428 1283 5493 tenebris
1338 5434 1675 5508 torquendi.
1711 5434 1938 5493 Inveni-

270 5537 369 5588 tur
417 5530 604 5606 igitur
642 5527 745 5585 Dei
792 5543 1008 5585 manus
1056 5526 1116 5582 in
1158 5524 1384 5599 judicio
1433 5525 1630 5582 futuro
1679 5524 1936 5585 inimicis

272 5636 431 5699 eJus.

601 5746 873 5810 Parant.
920 5742 1151 5808 CXLII.

2274 534 2360 587 tui
2390 551 2408 587 :

2197 622 2477 677 Dominus
2510 623 2571 678 in
2602 624 2687 679 ira
2717 640 2815 680 sua
2846 628 3191 684 conturbabit
3217 644 3303 685 eos
3324 648 3341 686 :
3361 634 3418 687 et
3444 630 3728 689 devorabit

2269 726 2356 766 eos
2388 712 2554 781 ignis.

2124 800 2164 850 C
2196 796 2478 855 Clibanus
2510 804 2601 855 est
2653 803 2987 874 coquendis
3031 805 3284 877 panibus
3313 809 3469 864 mnei'
3503 809 3727 867 v‘asculi

2052 884 2304 942 deducta
2326 888 2675 956 rotunditas,
2693 908 2819 962 quae
2836 892 3261 950 suburentib'us
3282 896 3539 955 ﬂammis
3558 899 3727 957 ardet

2054 974 2440 1045 intrinsecus;
2479 979 2633 1050 quod
2666 979 2863 1051 signat
2904 986 3256 1055 peccatores,
3281 986 3383 1057 qui
3412 986 3472 1042 in
3493 987 3725 1058 judicio

2054 1065 2369 1136 torquendi
2403 1071 2542 1122 sunt
2589 1072 2648 1123 et
2691 1086 2936 1126 mmrore
2965 1071 3147 1128 animi
3177 1076 3234 1130 et
3262 1074 3478 1146 pmnali
3515 1092 3723 1133 excru-

2054 1152 2326 1210 ciatione.
2347 1154 2607 1229 Tempus
2633 1156 2829 1214 vultus
2854 1159 2977 1229 Dei,
3000 1159 3124 1217 dies
3153 1166 3242 1218 est
3276 1163 3509 1234 judicii.
3535 1165 3581 1221 H
3617 1165 3725 1222 Hic

2054 1242 2143 1296 ira
2176 1242 2279 1297 Dei
2303 1260 2419 1299 non
2444 1246 2636 1317 punit,
2655 1247 2757 1302 sed
2778 1250 3088 1306 conturbat
3116 1252 3187 1306 ad
3212 1252 3640 1324 paenitentiam,
3663 1258 3725 1323 et

2055 1331 2153 1387 hic
2185 1331 2338 1404 ignis
2397 1334 2659 1406 Spiritus
2701 1337 2888 1393 sancti
2936 1339 3191 1408 devorat,
3224 1340 3297 1395 id.
3336 1345 3426 1398 est
3481 1343 3727 1416 peccata

2055 1420 2373 1476 consumit.
2405 1424 2446 1478 C
2496 1423 2627 1479 Sive
2673 1427 2909 1496 quando
2964 1426 3206 1505 audient
3239 1445 3252 1483 :
3282 1429 3365 1485 Ite
3412 1430 3471 1486 in
3518 1431 3721 1505 ignem

2055 1514 2511 1577 azternum,tunc
2523 1512 2745 1585 judicis
2768 1504 3059 1573 sententia
3081 1504 3723 1593 conturbabit,etignis

2056 1598 2357 1654 devorabit
2385 1605 2686 1673 perpetuo.

2057 1686 2126 1741 10
2198 1692 2464 1744 Fructum
2493 1705 2682 1746 eorum
2712 1691 2776 1748 de
2801 1700 2947 1749 terra
2970 1693 3165 1766 perdes
3195 1712 3216 1751 .·

2196 1778 2263 1833 Et
2287 1793 2469 1833 semen
2497 1795 2685 1836 eorum
2714 1798 2748 1837 a
2773 1782 2910 1852 ﬁliis
2938 1783 3246 1840 hominum.

2123 1868 2162 1922 (3
2195 1865 2242 1921 Η
2273 1866 2549 1923 Fructum
2582 1868 2723 1925 dicit
2768 1886 2944 1942 opera
2974 1870 3339 1943 iniquorum.
3368 1867 3617 1931 Perdere
3645 1866 3721 1932 de

2048 1957 2223 2024 terra,
2248 1954 2305 2010 id
2335 1960 2426 2011 est
2456 1956 2525 2012 de
2552 1961 2756 2014 sancta
2784 1958 3044 2015 Ecclesia
3062 1958 3152 2015 vel
3190 1965 3349 2018 terra
3375 1962 3719 2020 viventium.

2049 2043 2102 2140 .C.
2121 2044 2353 2140 Semen,
2380 2043 2439 2100 id
2468 2048 2557 2140 est
2586 2051 2718 2103 vota
2746 2047 2845 2140 vel
2874 2048 3025 2140 facta
3055 2050 3454 2122 peccantium.
3477 2054 3523 2109 A
3553 2051 3715 2140 ﬁliis,

2047 2133 2105 2189 id
2138 2136 2228 2190 est
2257 2132 2327 2190 de
2357 2133 2577 2191 sanctis
2609 2153 2707 2193 eos
2736 2136 2883 2193 facis
2912 2136 3154 2208 alienos,
3185 2156 3343 2212 quos
3372 2141 3432 2197 in‘
3466 2132 3719 2199 heredi-'-

2048 2226 2229 2278 tatem
2261 2226 2537 2280 aeternam
2567 2229 2672 2282 tua
2701 2225 2971 2300 largitate
3002 2227 3293 2287 missarus
3323 2248 3406 2288 es.

2048 2313 2107 2368 11
2152 2313 2432 2383 Quoniam
2459 2314 2873 2373 declinaverunt
2902 2317 2964 2372 in
2990 2324 3040 2372 te
3068 2317 3220 2374 mata
3249 2337 3271 2374 :

2190 2400 2575 2470 Cogitaverunt
2603 2406 2856 2472 consilia,
2890 2420 3017 2478 quae
3056 2422 3169 2463 non
3193 2416 3492 2480 potuerunt
3517 2415 3573 2476 ἐι
3606 2418 3721 2468 διαρ-

2262 2489 2426 2547 bilt're
2464 2501 2478 2559 ζ

2117 2579 2164 2635 Η
2196 2576 2320 2634 Visi
2352 2584 2491 2672 sunt
2519 2581 2704 2639 Judagi
2756 2582 3052 2640 declinare
3102 2584 3262 2642 mala
3300 2585 3359 2643 in
3393 2585 3727 2672 Christum,_

2043 2668 2281 2742 quando
2314 2667 2589 2727 dixerunt
2621 2688 2635 2726 :
2671 2670 2902 2744 Dignus
2932 2675 3020 2729 est
3059 2678 3271 2731 morte.
3304 2667 3725 2750 Cogitaverunt

2042 2756 2358 2814 concilium
2391 2757 2636 2817 dicendo
2664 2777 2677 2817 :
2702 2760 2850 2817 Jube
2890 2774 3026 2834 ergo
3058 2763 3344 2820 custodiri
3376 2762 3725 2837 sepulcrum

2042 2846 2250 2919 (Matth.
2283 2847 2486 2920 uva),
2520 2848 2782 2906 nolentes
2832 2866 2937 2907 nec
2978 2849 3157 2907 etiam
3205 2854 3510 2911 credentes
3540 2851 3715 2917 Chri-

2042 2940 2202 2993 stum
2228 2951 2550 3010 resurgere.
2570 2938 2733 3002 Quod
2760 2955 2875 2994 non
2897 2940 3216 3010 potuerunt
3236 2936 3522 3013 stabilire,
3544 2941 3710 3014 quia,

2040 3023 2278 3097 quando
2309 3023 2492 3081 voluit
2524 3024 2815 3093 Christus,
2857 3027 3194 3084 resurrexit.
3218 3024 3591 3087 C‘Declinare
3621 3030 3711 3087 di-

1998 3176 1999 3183 ,
2042 3113 2231 3169 cimus
2264 3111 2419 3168 mala
2448 3129 2627 3186 supra
2663 3113 2831 3180 alios,
2849 3113 3193 3186 paenitentia
3214 3116 3274 3172 in
3298 3116 3444 3173 alios
3465 3116 3706 3175 causam

1963 3187 2005 3256 C
2043 3201 2377 3275 iniquitatis
2432 3201 2695 3271 relidere,
2721 3201 2879 3275 quod
2928 3201 3115 3258 Judaei
3147 3204 3378 3262 Christo
3425 3192 3709 3275 iecerunt,

2045 3291 2187 3347 dum
2219 3289 2675 3347 destructionem
2722 3290 2973 3348 civitatis
3020 3295 3078 3348 et
3118 3293 3311 3366 gentis
3336 3294 3465 3351 vitae
3494 3281 3712 3353 Christi

2045 3379 2466 3453 ascripserunt,
2530 3380 2795 3437 dicentes
2841 3396 2856 3436 :
2910 3378 2972 3437 Si
3029 3381 3388 3441 dimittimus
3442 3401 3578 3442 eum
3627 3385 3723 3442 sic

2010 3471 2021 3481 ”
2042 3473 2229 3541 (Joan.
2263 3468 2362 3542 XI),
2397 3471 2506 3525 etc.

2046 3560 2114 3613 t2
2188 3559 2464 3626 Quoniam
2484 3574 2654 3633 pones
2680 3573 2769 3615 eos
2797 3556 3020 3617 dorsum
3045 3580 3066 3619 :

2184 3648 2249 3703 In
2281 3647 2538 3719 reliquiis
2568 3649 2677 3704 tuis
2703 3650 3053 3720 prwparabis
3082 3653 3291 3709 vultum
3318 3668 3526 3710 eorum.

2112 3738 2159 3792 A
2208 3734 2386 3793 Positi
2439 3740 2582 3793 sunt
2610 3736 2797 3793 Judaei
2831 3737 3096 3809 dorsum,
3128 3742 3364 3816 quando
3416 3742 3551 3800 vitio
3599 3750 3709 3800 suo

2041 3829 2273 3882 terrena
2293 3824 2611 3899 sapientes,
2639 3841 2757 3881 non
2780 3835 3125 3888 meruerunt
3144 3830 3404 3889 coelestia
3423 3832 3705 3890 contueri.

2039 3919 2091 3970 II
2119 3914 2615 3987 Praeparabuntur
2644 3912 2905 3988 reliquiae
2951 3918 3311 3990 Judazorum,
3345 3922 3712 3996 quandoper

2038 4003 2239 4061 Enoch
2271 4010 2329 4060 et
2357 4001 2549 4061 Eliam
2578 4004 2640 4060 in
2672 4004 2789 4060 ﬁne
2819 4008 3098 4066 credituri
3130 4014 3292 4084 sunt,
3312 4016 3371 4068 et
3394 4016 3533 4069 tunc
3562 4028 3708 4086 prae-

2039 4092 2278 4168 parabis
2309 4093 2543 4150 vultum
2573 4110 2803 4164 eorum,
2830 4096 3056 4155 scilicet
3085 4099 3144 4156 in
3167 4103 3222 4156 te
3241 4100 3622 4170 credentium,
3644 4100 3717 4156 ut

2041 4181 2264 4239 scilicet
2293 4185 2715 4240 convertantur
2744 4185 2924 4242 corda
2952 4190 3187 4259 patrum
3227 4187 3287 4245 in
3318 4188 3491 4245 ﬁlios.

2042 4274 2108 4329 1:5
2181 4274 2463 4341 Exaltare,
2494 4273 2743 4341 Domine,
2775 4274 2835 4328 in
2867 4277 3069 4333 virtute
3093 4280 3192 4333 tua
3214 4295 3237 4333 .-

2183 4360 2539 4418 Cantabimus
2567 4368 2621 4417 et
2643 4361 2947 4433 psallemus
2978 4365 3209 4422 virtutes
3239 4373 3380 4423 tuas.

2112 4451 2159 4507 Η
2190 4450 2455 4507 Exaltare
2484 4450 2546 4506 in
2576 4450 2812 4519 virtute,
2837 4452 2896 4508 id
2919 4458 3011 4510 est
3033 4454 3372 4513 demonstra
3398 4456 3706 4530 in‘judici‘o

1962 4560 2015 4626 Ι)
2044 4540 2413 4611 majestatem
2456 4544 2621 4596 tuam
2651 4543 2709 4595 et
2747 4545 3120 4613 potestatem,
3155 4545 3258 4619 qui
3302 4545 3468 4618 prius
3498 4546 3705 4604 venisti

2038 4629 2100 4684 in
2131 4628 2482 4686 humilitate.
2508 4630 2550 4686 C
2580 4630 2828 4688 Cantare
2858 4635 2948 4688 est
2976 4635 3154 4691 verba
3183 4636 3411 4692 Domini
3444 4653 3541 4693 ore
3571 4650 3703 4709 pro-

2044 4718 2222 4787 ferre;
2256 4717 2523 4791 psallere,
2549 4719 2828 4776 mandata
2860 4720 3056 4779 divina
3084 4723 3256 4781 bonis
3275 4724 3551 4798 operibus
3572 4738 3705 4781 con-

2045 4812 2269 4864 stanter
2297 4807 2561 4880 implere.

2567 4913 2774 4954 onum
2802 4915 2874 4955 ex
2904 4888 3063 4955 psit.
3095 4916 3189 4955 xx.
3246 4902 3247 4905 “

2116 4986 2390 5054 Benedic,
2448 4985 2718 5055 Domine,
2778 4988 3183 5044 benedictione
3232 4987 3602 5058 dulcedimis,
3647 4984 3705 5045 et

2047 5075 2272 5148 comple
2300 5074 2407 5130 tibi
2444 5073 2724 5147 placitum
2757 5074 3116 5133 desiderium
3162 5081 3531 5146 nostrum,ut
3560 5078 3703 5135 dum'

2040 5165 2265 5239 jugiter
2310 5163 2554 5220 virtutes
2601 5168 2735 5220 tuas
2782 5164 2947 5221 suavi
3000 5165 3398 5224 modulatione
3446 5165 3704 5224 concini-

2048 5271 2202 5322 mus,
2253 5251 2680 5326 longitudinem
2709 5252 2839 5310 vitae
2897 5259 3187 5328 perpetuis
3245 5272 3701 5329 consequamur.

2049 5343 2155 5400 Per
2186 5342 2502 5399 Dominum
2534 5345 2800 5398 nostrum
2831 5342 3057 5417 Jesum,
3088 5348 3198 5404 etc.

2616 5448 2948 5507 PSALMUS
2990 5450 3132 5508 XXI.

2520 5536 2921 5577 ARGUHENTUM
2960 5539 3063 5579 PSA
3070 5540 3118 5578 L.
3159 5539 3273 5580 XXI.

2118 5612 2161 5672 C
2190 5611 2255 5672 In
2285 5610 2394 5669 hoc
2433 5607 2661 5688 psalmo
2716 5607 2985 5669 Christus
3032 5611 3109 5669 de
3151 5610 3424 5688 passione
3471 5626 3586 5672 sua
3629 5609 3703 5670 ad

3339 5738 3379 5803 4
