4122 6184
413 309 524 381 1οἸ

1309 309 1374 369 S.
1419 303 1824 367 BRUNONIS
1870 302 2499 366 llERBlPOLENSIS
2544 302 2926 367 EPISCOPI.

3709 300 3839 363 108

410 439 636 496 Patrem
684 438 965 513 loquitur,
999 440 1392 510 admonetque
1424 434 1627 492 ﬁdeles
1675 432 1914 492 laudare
1954 436 2064 492 Do-
2093 435 2148 504 Α
2179 437 2402 509 quanto
2429 433 2688 508 amplius
2717 435 2906 494 filium
2950 439 3115 510 pater
3158 435 3367 492 liberat
3412 433 3554 490 dum
3603 432 3745 506 petit
3775 434 3846 489 et

407 544 598 599 mum,
632 529 771 600 quia
824 528 885 584 in
944 527 1369 584 resurrectione
1413 542 1522 580 sua
1547 523 1894 580 catholicam
1945 540 2064 581 res-

406 618 633 690 pexerit
662 616 1006 674 Ecclesiam.

478 724 593 782 TT.
634 727 695 782 In
736 725 901 796 ﬁnem
953 740 1054 797 pro
1109 726 1443 796 susceptione
1497 724 1772 778 matutina
1822 722 2067 794 psalmus

571 820 626 881 ea
649 812 824 870 David
863 822 877 879 ζ

477 903 520 959 C
550 902 613 959 In
634 903 854 970 ﬁnem;
888 903 1008 958 sive
1038 901 1331 976 psalmus,
1353 902 1472 958 sive
1497 899 1851 973 David,quid
1878 899 2070 974 signet

407 992 737 1065 expositum
771 997 883 1049 est.
906 992 1214 1065 Susceptio
1246 992 1539 1048 matutina
1582 994 1671 1046 est
1714 994 1948 1062 tempus
1982 1006 2067 1046 re-

406 1082 811 1150 surrectionis,
833 1081 1069 1154 quando
1095 1081 1342 1137 mortale
1372 1097 1586 1153 corpus
1618 1080 1675 1135 in
1709 1095 1924 1151 magna
1953 1077 2072 1151 glo-

408 1169 495 1225 ria
523 1169 907 1226 clarificatum
939 1172 1286 1243 assumpsit.
1318 1170 1672 1226 Matutinum
1705 1168 1925 1224 dictum
1956 1172 2064 1237 est,

410 1258 577 1331 quasi
622 1275 795 1315 manu
845 1260 1221 1332 primitivum,
1244 1259 1399 1332 quod
1454 1262 1690 1330 tempus
1738 1256 2071 1313 innumeria

408 1347 552 1404 locis
582 1349 656 1404 ad
687 1347 1172 1404 resurrectionem
1207 1346 1438 1404 Domini
1471 1351 1704 1403 constat
1732 1350 2021 1419 aptatum.

444 1454 471 1509 1
549 1456 712 1524 Deus,
760 1456 902 1511 Deus
956 1471 1110 1511 meus
1139 1461 1193 1520 ἐ·
1231 1456 1437 1527 respice
1486 1455 1543 1509 in
1591 1470 1678 1510 me
1718 1459 1731 1520 ζ
1770 1468 1939 1526 quare
1984 1469 2070 1509 me

622 1542 970 1618 dereliquisti
998 1564 1017 1599 :

551 1633 733 1704 Longe
763 1651 795 1689 a
824 1634 1003 1689 salute
1030 1649 1151 1689 mea
1187 1634 1347 1689 verba
1380 1631 1701 1688 delictorum
1730 1647 1994 1687 meorum.

480 1740 520 1794 C
553 1738 705 1795 Deus
736 1756 929 1797 sermo
957 1740 1189 1798 Graecus
1219 1744 1328 1807 est,
1351 1743 1409 1796 et
1437 1739 1853 1811 interpretatur
1882 1739 2065 1794 timor.

410 1827 575 1886 Unde
605 1828 847 1901 quidam
878 1828 959 1885 ait
1001 1828 1311 1904 gentilium
1364 1808 1666 1901 poetarum
1699 1847 1717 1883 :
1749 1826 1979 1900 primus
2009 1826 2069 1882 in
2098 1808 2150 1876 Β

408 1916 546 1973 orbe
576 1918 714 1975 deos
762 1918 895 1974 fecit
944 1918 1151 1987 timor;
1185 1918 1340 1974 unde
1370 1917 1661 1985 Christus,
1681 1916 1851 1989 quasi
1881 1915 2071 1972 vicina

408 2005 681 2079 passione
704 2011 1024 2079 permotus.
1049 2025 1118 2063 ex
1147 2005 1513 2062 humanitate
1544 2005 1760 2062 clamat
1786 2023 1798 2061 :
1827 2004 2069 2078 Respice

408 2094 468 2150 in
496 2094 945 2168 mc,deprecans
967 2094 1077 2151 sibi
1102 2096 1473 2153 celerrimum
1497 2094 1782 2150 auxilium
1807 2109 2069 2150 resurre-

407 2183 640 2240 ctionis.
664 2183 710 2240 Η
733 2183 894 2248 Quod
929 2201 989 2241 se
1013 2183 1154 2241 dicit
1173 2184 1537 2251 derelictum,
1564 2201 1680 2239 non
1710 2199 1779 2238 ex
1810 2182 2065 2255 propria,

410 2271 514 2327 sed
547 2289 615 2327 ex
643 2272 844 2345 populi
875 2272 967 2328 sui
1018 2290 1267 2345 persona
1308 2272 1589 2346 loquitur,
1613 2274 1784 2344 cujus
1833 2276 2069 2345 peccata

410 2361 535 2433 ipse
565 2361 843 2434 suscepit.
868 2362 910 2417 C
932 2361 1079 2417 Dicit
1110 2380 1143 2417 a
1177 2378 1236 2418 se
1268 2361 1437 2436 longe
1469 2362 1591 2417 ﬁeri
1614 2361 1789 2417 verba
1811 2378 1937 2434 quas
1968 2361 2067 2416 de-

409 2448 550 2505 licta
570 2450 923 2522 parturiunt,
939 2455 996 2505 et
1025 2450 1236 2506 iterum
1261 2468 1368 2507 sua
1388 2451 1527 2506 dicit
1548 2467 1676 2506 esse
1703 2454 1937 2523 peccata
1960 2466 2066 2504 no-

408 2542 530 2593 stra
560 2536 789 2607 delicta,
816 2538 913 2612 qui
948 2556 1062 2594 non
1095 2539 1303 2595 habuit
1348 2544 1603 2612 peccata.
1639 2542 1683 2594 Α
1714 2538 1852 2593 dicit
1888 2538 2068 2610 igitur

407 2642 470 2683 se
499 2624 841 2683 derelictum
882 2627 941 2682 in
986 2645 1238 2702 persona
1284 2628 1708 2697 membrorum,
1736 2645 1862 2700 qua:
1906 2628 2064 2699 quod

404 2719 614 2788 petunt
632 2730 747 2772 non
767 2717 1084 2790 accipiunt,
1099 2733 1165 2773 eo
1187 2718 1341 2790 quod
1364 2717 1539 2773 verba
1554 2716 1903 2773 delictorum
1926 2719 2069 2771 sunt

405 2803 716 2878 petitiones
748 2821 972 2873 eorum,
997 2807 1138 2862 dum
1168 2806 1257 2861 vel
1302 2810 1511 2879 petunt
1565 2809 1766 2861 contra
1814 2804 2065 2861 salutem

402 2892 493 2950 vel
526 2910 639 2949 non
672 2911 803 2952 mox
834 2894 1087 2952 exauditi
1133 2899 1528 2963 murmurant,
1564 2898 1621 2951 et
1666 2895 1974 2951 derelictos
2004 2911 2066 2950 se

405 2988 868 3056 conquerantur.

426 3069 474 3145 '2
545 3091 685 3147 Deus
710 3107 884 3149 meus.
916 3092 1163 3149 clamabo
1189 3108 1289 3165 per
1328 3092 1473 3148 diem
1500 3101 1552 3148 et
1579 3059 1689 3149 non
1717 3090 1978 3149 exaudies
2009 3110 2029 3148 :

542 3179 607 3235 Et
635 3188 784 3237 nocte
811 3187 865 3236 et
890 3198 999 3237 non
1028 3181 1099 3237 ad
1131 3182 1516 3253 insipientiam
1544 3182 1705 3237 mihi.

475 3286 517 3341 C
545 3285 847 3344 Clamabat
868 3286 1212 3344 humanitas
1231 3288 1404 3343 Verbi
1429 3304 1531 3359 per
1550 3287 1728 3343 diem.
1744 3303 1923 3359 quam
1949 3304 2065 3343 non

407 3373 854 3431 circumdabant
883 3376 1131 3431 tenebras
1172 3381 1567 3447 peccatorum.
1592 3376 1639 3431 H
1671 3393 1787 3432 non
1826 3376 2066 3432 exaudi-

407 3465 507 3517 tur
539 3478 551 3517 :
586 3467 823 3533 propter
851 3463 1175 3518 destinatos
1208 3468 1279 3519 ad
1313 3468 1584 3528 mortem,
1614 3465 1715 3535 qui
1746 3463 1934 3520 noctis
1962 3482 2065 3520 no-

408 3549 565 3605 mine
586 3550 933 3607 vocitantur.
952 3552 993 3607 C
1015 3552 1139 3607 Non
1173 3553 1243 3607 ad
1267 3550 1690 3623 insipientiam.
1714 3553 2068 3615 subaudien-

403 3638 543 3693 dum
574 3638 873 3710 reputabis
902 3638 1069 3705 mihi,
1094 3639 1151 3694 id
1176 3645 1264 3695 est
1286 3639 1456 3695 Pater
1476 3639 1638 3705 Filio,
1663 3639 1896 3711 petebat
1925 3658 2064 3714 ergo

402 3725 691 3793 mediator
719 3726 822 3782 Dei
847 3731 905 3783 et
935 3725 1244 3783 hominum
1275 3745 1390 3783 non
1422 3727 1767 3800 insipienter
1797 3729 1897 3785 sed
1931 3746 2063 3801 pruo

400 3815 624 3885 denter,
657 3819 714 3872 et
743 3820 941 3872 tamen
987 3834 1103 3873 non
1134 3820 1378 3873 .constat
1408 3817 1698 3887 auditum,
1733 3817 1871 3889 quia
1914 3819 2058 3889 peti-

397 3902 555 3960 tione
578 3908 636 3960 et
657 3904 933 3978 passione
955 3906 1245 3962 mundum
1267 3910 1392 3962 erat
1421 3906 1855 3979 redempturus.
1874 3906 1921 3963 H
1947 3908 1988 3963 C
2011 3910 2057 3965 A

394 3990 497 4049 Vel
519 3992 645 4049 dies
674 4011 974 4068 prOSpera,
998 4012 1111 4051 nox
1140 3995 1386 4052 adversa
1413 3995 1725 4067 signiﬁcat.
1754 3996 1817 4052 In
1840 3996 2057 4069 quibus

390 4083 743 4155 quandoque
771 4087 1042 4156 petentes
1073 4084 1229 4139 Deus
1274 4101 1389 4140 non
1420 4084 1680 4156 exaudit,
1710 4090 1768 4141 et
1795 4085 1907 4143 hoc
1939 4103 2055 4145 non

390 4171 463 4227 ad
486 4171 890 4245 insipientiam
912 4189 1138 4240 eorum,
1161 4173 1264 4229 sed
1290 4177 1356 4229 ut
1384 4173 1468 4229 sic
1500 4171 1797 4246 sapientes
1822 4173 1968 4230 fiant
1997 4180 2056 4233 et

389 4258 622 4318 discant
652 4261 947 4333 sapienter
980 4265 1195 4335 petere,
1232 4279 1348 4318 non
1380 4267 1611 4319 terrena
1640 4263 1741 4319 sed
1770 4262 2050 4334 coelestia,

390 4347 480 4406 vel
512 4353 744 4407 terrena
772 4349 845 4407 ad
878 4349 1130 4407 salutem
1161 4351 1394 4408 animae.

424 4437 460 4494 3
534 4438 668 4495 Cum
696 4446 878 4495 autem
910 4440 970 4494 in
997 4446 1187 4497 sancto
1218 4440 1438 4498 habitas
1473 4459 1489 4494 :

532 4526 675 4582 Laus
704 4528 893 4583 Israel.

2177 524 2301 581 vult
2324 523 2581 581 liberari.
3378 556 3389 585 ~_

2211 614 2248 669 5
2318 613 2398 669 Ad
2425 621 2476 670 te
2502 613 2877 671 clamauerunt
2907 623 2959 672 et
2986 615 3132 671 salvi
3158 615 3294 686 facti
3318 618 3450 673 sunt
3472 630 3494 670 .·

2322 702 2383 757 1η
2415 710 2464 757 te
2491 712 2881 776 separaverunt
2909 713 2962 762 et
2989 720 3099 760 non
3130 711 3259 760 sunt
3287 703 3528 775 confusi.

2250 792 2288 847 C
2318 785 2729 847 Clamaverunt
2756 797 3044 866 martyres
3073 792 3143 850 ad
3175 790 3475 851 Christum
3512 806 3525 847 :
3560 788 3703 847 dum
3735 805 3852 846 eos

2177 878 2495 953 corporalis
2526 897 2697 953 pcena
2719 882 3108 956 consumpsit,
3132 886 3189 938 et
3214 878 3580 955 putabantur
3602 878 3674 935 ab
3704 878 3855 935 inﬁ-

2177 968 2408 1025 delibus
2438 986 2554 1025 non
2586 969 2869 1038 exaudiri,
2894 972 2996 1028 sed
3043 970 3126 1027 illi
3177 970 3374 1044 potius
3423 966 3590 1025 valde
3644 967 3848 1025 auditi

2178 1064 2337 1125 sunt,
2363 1058 2502 1133 quia
2531 1077 2804 1116 coronam
2840 1061 3134 1133 percipere
3168 1064 3529 1121 meruerunt.
3552 1057 3669 1116 Nec
3694 1061 3854 1113 sunt

2177 1148 2404 1205 confusi
2439 1165 2452 1204 :
2486 1166 2636 1221 quos
2678 1152 2908 1206 constat
2953 1149 3181 1209 venisse
3232 1149 3305 1207 ad
3358 1146 3683 1221 praemium,
3718 1162 3851 1202 non

2178 1238 2336 1295 enim
2366 1238 2766 1306 confunditur,
2802 1237 2902 1311 qui
2938 1242 3217 1297 aeternum
3248 1252 3498 1311 regnum
3529 1234 3852 1308 consequi-

2176 1330 2294 1382 tur.

2210 1416 2247 1470 ϐ
2319 1416 2440 1485 Ego
2469 1417 3476 1475 acuansumvermisetnonhmno:

2320 1504 2685 1576 Opprobrium
2721 1505 3007 1563 hominum
3033 1512 3084 1562 et
3109 1505 3342 1578 objectio
3365 1503 3561 1577 plebis.

2248 1592 2289 1648 C
2318 1593 2514 1649 Vermi
2535 1594 2693 1650 enim
2725 1597 3102 1668 comparatur
3129 1592 3422 1665 Christus,
3446 1592 3587 1665 quia
3615 1596 3853 1648 morta-

2177 1680 2251 1736 lis
2273 1682 2420 1737 etde
2442 1698 2614 1739 carne
2637 1683 2763 1739 sine
2784 1682 3060 1739 mistione
3078 1681 3327 1740 seminis
3344 1684 3520 1739 natus
3540 1685 3647 1738 est.
3667 1680 3857 1738 Simi-

2179 1770 2309 1826 liter
2328 1770 2542 1826 vermis
2563 1771 2689 1827 sine
2723 1771 3039 1828 concubitu
3070 1769 3355 1829 naseitur.
3387 1768 3516 1828 Non
3540 1768 3743 1827 homo‘
3781 1769 3851 1825 id

2180 1864 2268 1919 est
2296 1877 2410 1921 non
2445 1865 2729 1933 peccator,
2752 1862 2908 1933 quod
2941 1860 3002 1921 in
3033 1859 3133 1917 illo
3172 1875 3305 1918 esse
3332 1876 3450 1916 non
3481 1858 3691 1933 potuit.
3722 1857 3850 1932 Op-

2179 1949 2481 2022 probrium
2515 1949 2823 2005 hominum
2860 1966 2873 2005 :
2908 1949 3155 2023 quando.
3176 1949 3238 2005 in
3267 1964 3402 2006 eum
3434 1948 3749 2021 spuebant,
3786 1952 3855 2005 et

2179 2038 2367 2111 alapis
2415 2038 2822 2096 verberabant.
2870 2038 3155 2110 Abjectio,
3201 2054 3338 2096 cum
3382 2036 3686 2111 elegerunt
3732 2037 3851 2095 Ba-

2178 2127 2445 2194 rabbam,
2477 2126 2775 2184 Christum
2809 2127 3167 2201 abjecerunt.
3682 2131 3690 2138 '

2210 2218 2246 2269 7
2319 2216 2517 2272 Omnes
2546 2216 2785 2273 videntes
2812 2233 2900 2275 me
2928 2216 3238 2277 deriserunt
3260 2232 3349 2272 me
3379 2234 3394 2271 :

2321 2306 2508 2361 Loculi
2533 2314 2661 2361 sunt
2691 2306 2873 2362 labiis.
2909 2307 2973 2361 Et
3000 2312 3287 2363 moverunt
3312 2312 3496 2377 caput.

2247 2393 2289 2450 C
2308 2392 2546 2464 Omnes,
2562 2394 2633 2449 de
2656 2393 2829 2450 malis
2860 2393 3302 2467 suscipiendum
3325 2398 3416 2449 est
3438 2408 3450 2447 :
3477 2393 3842 2452 deriserunt.

2178 2499 2293 2537 non
2326 2482 2614 2538 credendo
2653 2481 2714 2536 in
2745 2466 3065 2541 Christum.
3095 2481 3143 2538 ll
3170 2466 3377 2539 Locuti
3427 2487 3568 2539 sunt
3612 2480 3790 2537 labiis
3827 2499 3841 2536 :

2176 2570 2233 2625 Si
2269 2570 2447 2626 Filius
2477 2570 2578 2625 Dei
2608 2577 2700 2627 est
2740 2571 3060 2628 descendat
3096 2570 3168 2625 de
3205 2585 3379 2633 cruce
3401 2570 3841 2642 (Hatth.xxvn).

2178 2659 2482 2716 Moverunt
2500 2665 2700 2731 caput.
2720 2659 2762 2714 C
2785 2658 2890 2714 Per
2921 2657 3287 2716 iracundiam
3312 2674 3327 2714 :
3354 2659 3509 2731 quod
3541 2658 3845 2716 minantes

2178 2747 2404 2803 faciunt
2424 2764 2537 2802 non
2554 2747 2893 2819 judicantes
2914 2763 2983 2802 ex
3003 2747 3197 2815 corde,
3221 2763 3321 2803 ore
3341 2746 3499 2803 enim
3524 2763 3640 2803 non
3663 2747 3846 2803 corde

2175 2836 2584 2909 loquebantur,
2601 2836 2820 2909 quibus
2842 2853 2957 2892 non
2984 2836 3251 2909 provenit
3269 2852 3342 2892 ex
3364 2836 3534 2902 ﬁrma
3555 2834 3845 2892 delibera-

2175 2926 2333 2983 tione
2363 2925 2673 2982 sententia.

2214 3016 2249 3069 8
2321 3014 2570 3087 Speravit
2601 3016 2661 3070 in
2686 3015 2916 3071 Domino
2944 3015 3147 3086 eripiat
3169 3029 3293 3071 eum
3326 3031 3346 3072 :

2316 3103 2542 3161 Salvum
2567 3105 2740 3177 faciat
2767 3119 2895 3160 eum
2916 3105 3176 3175 quoniam
3203 3102 3323 3159 vult
3352 3117 3499 3159 eum.

1999 3240 2019 3257 ,
2095 3172 2151 3267 Ο,
2248 3192 2295 3248 Η
2325 3192 2446 3249 Vox
2475 3172 2789 3266 prophetae.
2824 3172 3109 3264 Speravit,
3145 3191 3256 3251 hoc
3286 3197 3378 3249 est
3404 3190 3745 3248 humanitas
3777 3190 3839 3248 in

2176 3281 2560 3338 divinitatem.
2592 3276 2830 3354 Eripiat,
2865 3280 2922 3337 id
2971 3285 3062 3338 est
3106 3281 3178 3337 de
3226 3280 3469 3348 Judaais,
3499 3278 3624 3337 vult
3669 3296 3836 3347 eum,

2176 3372 2455 3445 quoniam
2477 3370 2631 3428 Deus
2652 3371 2821 3427 Pater
2841 3369 3014 3426 talem
3036 3368 3242 3446 Filium
3263 3369 3480 3445 habere
3501 3367 3681 3427 voluit
3705 3368 3838 3425 sine

2174 3466 2430 3533 peccato,
2473 3477 2575 3533 per
2619 3475 2794 3533 quem
2843 3464 3082 3532 peccata
3124 3458 3357 3517 tolleret
3402 3458 3627 3514 mundi.
3654 3456 3702 3512 C
3730 3455 3837 3513 Vel

2175 3549 2388 3607 melius
2417 3548 2527 3605 hoc
2558 3566 2661 3622 per
2695 3546 2949 3605 ironiam
2995 3548 3220 3605 dictum
3248 3551 3338 3605 est
3367 3565 3401 3603 a
3426 3545 3683 3621 Judaais,‘
3702 3561 3837 3617 qua

2174 3638 2363 3711 ﬁgura
2401 3636 2579 3693 latine
2626 3639 2818 3693 irrisio
2873 3636 3108 3707 dicitur,
3133 3635 3290 3694 aliud
3350 3652 3529 3709 quam
3586 3635 3841 3691 conatur

2175 3727 2308 3799 quis
2337 3726 2672 3783 ostendens.

2205 3816 2241 3870 9
2316 3815 2586 3884 Quoniam
2614 3823 2673 3870 tu
2703 3830 2756 3871 es
2784 3816 2884 3888 qui
2908 3816 3207 3872 πινακίδῑί
3232 3831 3318 3871 me
3345 3813 3413 3871 de
3441 3821 3625 3871 ventre
3650 3831 3675 3869 .-

2312 3905 2442 3978 Spcs
2470 3921 2591 3960 mea
2620 3905 2692 3960 ub
2721 3904 2988 3962 uberibus
3026 3905 3222 3962 matris
3265 3918 3403 3962 mese
3429 3921 3447 3959 :
3482 3904 3539 3959 in
3570 3910 3621 3958 te
3642 3902 3802 3977 proje
3821 3934 3836 3944 -

2381 4002 2498 4051 ctus
2527 4010 2650 4051 sum
2678 4010 2749 4049 θα)
2775 4001 2951 4051 utero.
3338 4038 3343 4043 ι

2239 4083 2283 4139 Η
2316 4081 2437 4139 \‘ox
2483 4082 2894 4152 humanitatis,
2934 4082 3187 4141 eduxisti
3244 4098 3341 4139 me
3398 4086 3615 4147 ventre,
3649 4078 3705 4136 id
3739 4083 3837 4137 est

2166 4173 2234 4228 de
2284 4177 2447 4229 utero
2497 4177 2708 4229 sanctas
2760 4172 3040 4229 Maria:.C
3069 4171 3216 4238 Quia
3240 4175 3380 4229 tunc
3431 4170 3505 4233 ab
3551 4168 3843 4242 originali.

2162 4261 2383 4333 peccati
2401 4260 2539 4317 vitio
2558 4264 2963 4334 scqucstratus
2990 4265 3304 4334 :tanquam
3324 4276 3580 4334 sponsus
3600 4274 3834 4330 proces-

2161 4350 2239 4407 sit
2269 4352 2341 4407 de
2373 4350 2651 4407 thalamo.
2674 4350 2820 4423 Spes
2849 4366 2982 4408 mea
3013 4350 3088 4407 ab
3119 4349 3421 4418 uberibus,
3446 4348 3491 4405 ll
3520 4347 3579 4404 id
3609 4351 3704 4403 est
3731 4364 3825 4404 se-

2159 4441 2420 4497 cundum
2452 4439 2901 4508 humanitatem,
2934 4439 3258 4496 secundum
3289 4454 3468 4512 quam
3503 4453 3621 4503 non
3652 4434 3821 4493 dedi-

2081 4543 2125 4608 ι)
2154 4533 2370 4602 gnatus
2386 4533 2475 4585 est
2498 4545 2707 4601 sugere
2731 4527 2912 4585 ubera
2932 4528 3160 4586 matris.
3178 4527 3242 4584 In
3262 4532 3319 4584 te
3339 4526 3640 4601 projectus
3659 4541 3824 4581 sum.

459 4613 501 4672 C
531 4614 593 4671 In
624 4620 828 4671 sancto
859 4614 1090 4673 habitas
1128 4616 1278 4685 laus,
1314 4617 1776 4685 incarnationem
1807 4636 1910 4692 per
1938 4620 2049 4680 hoc
2160 4619 2201 4676 C
2222 4618 2487 4676 Ostendit
2509 4635 2572 4676 se
2597 4618 2779 4676 fuisse
2800 4618 2873 4674 ab
2895 4616 3486 4690 humanainiquitate
3507 4606 3785 4683 divisum.

388 4701 605 4761 Christi
643 4703 956 4760 declaravit
991 4705 1297 4778 propheta,
1333 4706 1472 4778 quia
1517 4705 1576 4763 in
1626 4707 1770 4764 Filio
1818 4704 2046 4771 habitat

384 4790 533 4861 laus,
560 4792 615 4848 id
650 4797 737 4850 est
767 4794 936 4849 Pater
957 4793 1056 4867 qui
1085 4798 1174 4851 est
1202 4793 1333 4850 laus
1365 4794 1562 4864 Israel,
1582 4796 1640 4852 id
1661 4801 1751 4852 est
1774 4796 2040 4857 Ecclesiae

380 4881 628 4938 videntis
660 4900 761 4955 per
792 4883 965 4939 ﬁdem
1002 4886 1072 4941 te.
1101 4883 1235 4940 Ideo
1264 4883 1441 4940 etiam
1469 4901 1581 4943 non
1607 4886 1943 4944 exauditum
1972 4903 2039 4948 se

381 4972 658 5041 ostendit,
687 4990 799 5028 non
830 4978 1070 5047 propter
1101 4973 1520 5046 insipientiam,
1553 4975 1654 5031 sed
1685 4980 1923 5049 propter
1951 4994 2042 5034 sa-

378 5056 560 5117 lutem
592 5062 823 5132 generis
852 5061 1097 5119 humani
1136 5081 1241 5136 per
1289 5062 1621 5136 passionem
1671 5082 1840 5120 suam
1894 5066 2039 5124 alias

379 5145 594 5203 factam
643 5152 1220 5222 sanctam,quoniam
1253 5153 1424 5209 Pater
1473 5169 1704 5226 semper
1752 5154 1917 5212 audit
1945 5155 2037 5212 Fi-

379 5234 526 5292 lium
555 5236 610 5292 in
643 5254 759 5310 quo
790 5254 1023 5310 semper
1051 5239 1295 5297 habitat.

413 5326 448 5381 4
520 5325 584 5381 In
614 5334 662 5383 te
686 5336 1041 5400 speraverant
1064 5337 1249 5400 patres
1277 5333 1454 5387 nostri
1480 5350 1500 5388 :

521 5415 890 5489 Speraverunt
914 5424 966 5472 et
996 5415 1244 5475 liberasti
1270 5437 1377 5476 eos.

447 5503 493 5559 H
524 5505 914 5580 Speraverunt
968 5504 1345 5580 patriarcha),
1399 5514 1453 5564 et
1502 5509 1769 5568 liberavit
1819 5528 1916 5567 eos
1965 5512 2034 5568 de

372 5591 637 5673 ιᾘεγριο.
664 5592 705 5650 Η
750 5591 1137 5668 Speraverunt
1164 5592 1226 5661 in
1258 5595 1489 5657 deserto
1518 5603 1575 5657 et
1613 5598 1841 5659 liberati
1874 5604 2030 5673 sunt,

2156 4709 2226 4766 lO
2297 4711 2369 4765 De
2396 4716 2581 4767 ventre
2607 4708 2802 4765 matris
2829 4723 2970 4767 mea:
3002 4712 3145 4766 Deus
3176 4723 3328 4765 meus
3355 4722 3412 4763 es
3440 4713 3499 4764 tu
3529 4723 3547 4759 .-

2296 4798 2374 4856 -Ne
2400 4798 2712 4854 discesseris
2742 4813 2776 4853 a
2803 4812 2910 4853 me.

2224 4887 2266 4944 C
2294 4886 2437 4943 Cum
2468 4886 2614 4944 dicit
2643 4886 2716 4942 de
2736 4889 2933 4942 ventre
2964 4886 3172 4943 matris
3203 4902 3343 4943 meae
3370 4901 3383 4941 :
3410 4881 3668 4940 ostendit
3698 4898 3820 4939 non

2149 4976 2334 5035 fuisse
2361 4977 2488 5035 sine
2519 4976 2634 5033 Deo
2659 4991 2764 5030 nec
2787 4974 2977 5047 ipsam
3008 4975 3449 5048 conceptionem
3481 4970 3699 5029 carnis.
3733 4970 3824 5028 Ne

2148 5064 2418 5123 discedas
2450 5084 2484 5122 a
2514 5083 2626 5122 me.
2660 5064 2707 5121 Η
2742 5066 2805 5120 In
2834 5063 2928 5120 die
2958 5064 3273 5138 passionis.

2149 5157 2211 5212 11
2294 5155 2566 5223 Quoniam
2595 5152 2881 5210 tribulatio
2905 5155 3165 5225 proxima
3195 5162 3274 5211 est
3301 5171 3321 5210 :

2293 5245 2564 5311 Quoniam
2591 5260 2701 5300 non
2731 5250 2812 5299 est
2838 5243 2936 5314 qui
2962 5243 3199 5316 adjuvet.
3438 5258 3441 5261 '
3578 5302 3583 5305 .

2218 5334 2264 5390 ΙΙ
2295 5332 2582 5398 Quoniam
2612 5332 2877 5406 proxima
2899 5336 2992 5389 est
3023 5330 3350 5398 tribulatio,
3371 5334 3438 5385 ut
3468 5330 3593 5403 ipse
3623 5326 3772 5384 dixit
3794 5339 3812 5406 ξ

2144 5396 2400 5495 Surgite,
2424 5396 2649 5489 eamus,
2670 5438 2799 5478 ecce
2831 5396 3340 5494 appropinquabit
3363 5418 3466 5492 qui
3490 5396 3590 5476 ine
3618 5396 3815 5472 tradet

2145 5511 2354 5586 (Matth.
2376 5512 2552 5583 xm).
2579 5510 2703 5567 Non
2753 5514 2841 5565 est
2875 5511 2976 5585 qui
3007 5511 3263 5585 adjuvet,
3298 5525 3492 5584 neque
3539 5504 3811 5582 angelus,

2146 5616 2335 5676 neque
2363 5599 2562 5673 homo,
2598 5599 2710 5657 nisi
2742 5603 2825 5670 tu,
2862 5599 3045 5659 Pater.
