4122 6184
378 273 486 334 Hi

1285 271 1350 330 S.
1396 264 1795 328 BRUNONIS
1841 257 2464 323 HERBIPOLENSIS
2508 254 2886 320 El'ISCOPl.

3674 251 3799 314 H2

368 403 651 462 Ecclesiae.
681 409 731 460 Η
763 405 825 460 ln
858 403 1050 460 medio
1079 401 1442 458 credentium
1495 396 1845 470 populorum
1874 411 2020 466 pro.»
2051 395 2104 461 Α
2134 390 2408 463 religiosa
2455 387 2723 446 doctrina
2777 389 2849 446 ad
2899 404 3102 445 verum
3150 385 3452 443 Christum
3481 382 3627 442 alios
3655 399 3801 441 con-

297 477 301 486 .
367 493 574 552 dicabo
603 499 660 550 te
689 498 747 551 et
775 493 1026 550 laudabo
1052 497 1127 549 te.

367 601 437 657 24
515 603 620 671 Qui
649 602 853 658 timetis
873 601 1164 656 Dominum
1191 596 1414 653 laudate
1441 611 1567 651 eum
1598 612 1617 650 :

516 692 838 748 Universum
854 705 1032 746 semen
1060 687 1222 746 Iacob
1251 687 1556 756 gloriﬁcate
1581 699 1725 739 eum.

442 784 482 834 Ο
507 767 707 836 Timor
740 778 836 835 Dei
870 779 1112 850 :justus
1160 781 1250 832 cst
1295 778 1354 830 et
1401 778 1616 840 rectus,
1671 771 2024 841 laudemque

371 873 628 942 generat,
661 883 924 924 amorem
955 863 1248 933 tribuit,et
1278 863 1548 918 ardorem
1588 859 1890 917 charitatis
1940 859 2025 912 in-

371 957 654 1012 ﬂammat.
688 957 898 1013 Semen
929 954 1136 1022 Jacob,
1166 953 1267 1025 qui
1319 951 1453 1007 ﬁdei
1481 949 1682 1017 Jacob,
1720 947 2024 1004 devotione

373 1045 770 1112 consentiunt,
799 1049 859 1100 et
889 1041 1366 1116 supplantatores
1397 1039 1670 1095 vitiorum
1701 1041 1858 1093 sunt.
1880 1037 2026 1092 Lau-

371 1135 503 1190 date
534 1134 735 1208 igitur,
767 1134 869 1206 qui
901 1132 1142 1201 timetis,
1175 1131 1234 1186 id
1265 1135 1352 1186 est
1383 1128 1765 1184 reverentiam
1798 1125 2025 1181 habetis

373 1223 629 1279 nominis
657 1225 807 1296 ejus,
859 1223 999 1296 quia
1037 1238 1173 1278 eum
1227 1237 1344 1276 non
1391 1221 1647 1274 meretur
1687 1215 2022 1290 prtedicare,

372 1313 487 1369 nisi
517 1313 618 1385 qui
650 1312 1022 1385 cognoscitur
1045 1314 1102 1366 et
1130 1309 1357 1364 timere.

371 1422 445 1474 25
519 1422 734 1480 Timent
764 1436 889 1475 cum
919 1434 1077 1474 omne
1102 1433 1284 1474 semen
1317 1416 1484 1472 Israel
1526 1421 1540 1480 ζ

521 1510 788 1577 Quoniam
817 1524 924 1564 non
954 1509 1158 1580 sprevit
1200 1522 1374 1578 neque
1403 1504 1648 1576 despexit
1693 1502 2022 1574 deprecatio-

586 1613 714 1654 nem
737 1599 1016 1670 pauperis.

449 1686 495 1743 Η
525 1686 754 1744 Timeat
778 1703 914 1743 eum
939 1702 1112 1742 omne
1143 1701 1344 1742 semen
1375 1681 1571 1750 Israel,
1603 1681 1660 1737 id
1693 1684 1802 1750 est,
1835 1696 2025 1736 unus-

2132 485 2354 536 vertcre
2383 483 2656 552 satagunt
2686 477 2900 535 Christi
2931 477 3050 534 veri
3079 475 3508 550 praedicatores.

2131 587 2203 641 30
2272 589 2340 644 Et
2364 585 2674 642 adorabunt
2705 587 2762 642 in
2789 592 3078 658 conspectu
3103 584 3224 656 ejus
3257 601 3270 640 :

2279 677 2557 732 Universw
2585 676 2827 746 familia
2855 675 3124 744 gentium.

2204 763 2248 819 C
2278 763 2366 820 Illi
2397 763 2643 820 adorant
2692 765 2752 818 in
2785 767 3104 836 conspectu
3145 757 3399 831 Domini,
3432 761 3534 835 qui
3563 761 3808 819 sincera

2135 852 2250 908 ﬁde
2278 856 2335 908 et
2363 851 2640 924 operibus
2669 851 2968 908 Christum
3004 855 3234 924 rogant.
3261 849 3618 924 Conspectus
3633 850 3804 906 enim

2135 939 2296 997 illius
2344 957 2463 997 non
2511 945 2603 996 est
2648 941 2760 997 nisi
2816 957 2998 1014 supra
3049 939 3428 997 ﬁdelissimos
3469 945 3527 996 et
3566 939 3800 996 beatos.

2135 1029 2428 1086 Universae
2451 1028 2707 1099 familiae,
2745 1033 2987 1087 cunctos
3017 1028 3318 1086 credentes
3347 1027 3655 1096 conclusit,
3690 1027 3804 1102 qui

2135 1118 2282 1174 nihil
2311 1117 2554 1192 excepit.

2134 1228 2198 1283 31
2279 1229 2550 1296 Quoniam
2581 1228 2810 1284 Domini
2835 1230 2916 1282 est
2941 1241 3169 1298 regnem
3199 1243 3218 1280 :

2276 1319 2342 1372 Et
2365 1323 2422 1382 ρξ-
2468 1319 2584 1390 ipse
2629 1323 2643 1384 ζ
2685 1315 3062 1373 dominabitur
3089 1316 3360 1384 gentium.

2205 1406 2246 1462 C
2275 1405 2564 1473 Quoniam
2595 1405 2829 1462 Domini
2877 1408 2966 1461 est
2997 1419 3266 1477 regnum,
3299 1404 3439 1476 quia
3487 1415 3604 1461 non
3653 1407 3805 1461 sunt

2133 1495 2400 1569 gentium
2431 1511 2630 1568 regna,
2665 1494 2767 1550 sed
2816 1493 3067 1561 Domini,
3120 1493 3221 1566 qui
3270 1496 3559 1566 potestate
3598 1509 3710 1550 sua
3739 1498 3803 1549 et

2134 1587 2326 1640 mutat
2357 1600 2524 1657 reges
2553 1587 2609 1640 et
2636 1581 2912 1640 continet.
2938 1582 3009 1638 Et
3049 1597 3288 1639 necesse
3329 1585 3418 1638 est
3465 1581 3674 1655 ipsum
3698 1582 3806 1639 de-

2134 1674 2268 1729 bere
2297 1673 2515 1745 ubique
2546 1671 2656 1728 coli
2691 1689 2704 1730 :
2739 1687 2915 1744 quem
2946 1674 3177 1729 constat
3204 1669 3456 1745 intelligi
3481 1670 3803 1729 Dominum

376 1775 628 1849 quisque
656 1779 896 1832 renatus
923 1792 1028 1848 per
1073 1773 1458 1847 baptismum,
1505 1776 1563 1827 et
1606 1775 1800 1826 mente
1849 1768 2032 1824 Deum
2060 1768 2110 1834 B
2140 1761 2405 1818 omnium
2437 1777 2656 1818 rerum.

377 1863 896 1932 videns.0uoniam
928 1881 1044 1922 non
1095 1863 1317 1936 sprevit
1354 1877 1557 1935 preces
1587 1875 1934 1934 pauperum.
1968 1857 2032 1913 ld

378 1957 469 2010 est
497 1953 706 2011 tilium.
739 1953 781 2011 C
809 1954 972 2012 Sicut
1000 1955 1188 2010 facere
1218 1951 1410 2008 solent
1429 1949 1747 2023 gloriantes
1768 1947 1829 2003 in
1859 1946 2033 2002 istius

380 2043 587 2100 mundi
619 2043 859 2111 honore,
889 2059 1164 2117 spernere
1194 2057 1480 2114 pauperes
1502 2044 1558 2094 ct
1574 2037 1873 2111 despicere
1896 2051 2033 2108 sup-

381 2131 690 2205 plicantes,
723 2147 1080 2204 causamque
1110 2131 1180 2187 de
1207 2130 1447 2186 habitus
1497 2126 1778 2200 qualitate
1817 2123 2031 2190 metiri,

383 2225 448 2276 ut
477 2221 526 2276 si
557 2221 635 2277 sit
653 2220 916 2278 vestibus
947 2219 1168 2276 nitidus
1203 2237 1217 2274 :
1257 2235 1432 2274 verax
1460 2221 1717 2290 putetur,
1732 2216 1782 2271 si
1814 2213 2034 2270 amictu

385 2309 660 2366 sordidus
695 2328 708 2366 :
741 2309 1237 2366 mendacissimus
1267 2307 1571 2364 habeatur.

381 2419 454 2473 26
526 2419 632 2474 Nec
656 2419 854 2473 avertit
880 2418 1083 2489 faciem
1111 2432 1270 2472 suam
1297 2433 1332 2470 a
1361 2431 1447 2471 me
1467 2433 1485 2469 :

526 2508 592 2562 Et
614 2523 738 2561 eum
764 2505 1062 2561 clamarem
1089 2504 1160 2560 ad
1189 2521 1314 2560 eum
1339 2501 1625 2560 exaudivit
1652 2507 1708 2568 -j-
1725 2517 1812 2556 me
1857 2507 1870 2565 ζ

457 2594 502 2650 II
535 2595 653 2650 Nec
681 2593 885 2650 avertit
913 2593 1140 2661 faciem,
1171 2593 1272 2648 sed
1303 2589 1671 2647 resuscitavit
1700 2606 1792 2644 me
1822 2605 1856 2643 a
1887 2605 2038 2643 mor-

384 2680 673 2737 tuis.Cum
704 2680 1044 2746 clamarem,
1095 2679 1398 2752 respondit
1431 2696 1446 2734 :
1478 2676 1801 2733 Clariﬁcavi
1843 2680 1908 2732 et
1937 2675 2036 2730 ite-

383 2785 516 2826 rum
544 2768 878 2826 clariﬁcabo
912 2770 1098 2841 (Joan.
1147 2768 1272 2839 xu).
1307 2769 1346 2824 C
1391 2765 1494 2822 Vel
1543 2765 1730 2832 aliter,
1763 2763 2038 2821 clamavit

384 2857 580 2928 itaque
614 2874 628 2912 :
661 2860 727 2912 ut
756 2872 916 2912 mors
948 2859 1150 2912 nostra
1177 2855 1305 2926 ejus
1324 2859 1510 2910 morte
1541 2854 1889 2918 ﬁniretur,et
1910 2869 2038 2924 pec-

383 2948 581 3001 catum
612 2942 824 3000 veteris
853 2942 1144 3011 hominis;
1177 2941 1567 2998 redimeretur
1586 2941 1774 3014 pretio
1795 2939 2039 2997 sanctis-

386 3032 554 3090 simae
583 3031 899 3106 passionis.

383 3124 456 3178 27
527 3122 681 3194 Apud
710 3129 761 3178 te
789 3129 910 3178 tuus
935 3137 1058 3178 mea
1085 3123 1143 3178 in
1173 3121 1414 3177 Ecclesia
1441 3137 1648 3189 magna

536 3213 664 3268 Vota
691 3228 816 3266 mea
846 3210 1067 3267 reddam
1096 3213 1158 3268 in
1185 3219 1463 3284 conspectu
1485 3211 1797 3266 timentium
1819 3224 1964 3265 eum.

462 3299 504 3354 C
533 3299 700 3370 Apud
729 3303 786 3354 te
815 3299 1109 3371 signiﬁcat
1137 3300 1208 3355 de
1238 3303 1313 3366 te,
1347 3298 1476 3354 laus
1515 3315 1646 3355 mea
1673 3297 1731 3352 in
1762 3294 2038 3364 Ecclesia,

393 3385 616 3443 scilicet
664 3385 970 3466 catholica,
1009 3403 1226 3459 magna
1253 3387 1411 3443 cnim
1441 3390 1500 3442 et
1537 3385 1924 3459 amplitudine
1953 3383 2040 3440 di~

392 3475 547 3531 citur
564 3479 622 3531 et
640 3474 1424 3542 honore.Vota,sacramenta
1446 3475 1705 3548 corporis
1725 3479 1784 3531 et
1811 3471 2043 3546 sangui-

391 3563 642 3636 nis,quze
672 3563 790 3620 illis
820 3563 1206 3637 praesentibus
1237 3564 1566 3620 redduntur
1596 3581 1608 3619 :
1633 3563 1733 3636 qui
1755 3561 1807 3619 ei
1839 3566 2041 3618 sancto

389 3652 598 3710 timore
628 3652 875 3724 subjecti
905 3657 1062 3720 sunt,
1105 3653 1357 3726 denique
1405 3669 1533 3725 qua)
1578 3651 1697 3709 sint
1746 3655 1880 3708 vota
1928 3651 2042 3707 ista

388 3741 716 3814 subjungit.
747 3741 934 3798 Edent
962 3759 1268 3816 pauperes,
1297 3747 1406 3798 etc.

387 3848 462 3904 28
533 3847 714 3905 Edent
730 3865 996 3921 pauperes
1022 3858 1074 3906 et
1101 3851 1500 3906 saturabuntur
1527 3869 1544 3905 :
1573 3855 1629 3918 σξ-
1671 3853 1725 3906 et
1769 3855 1782 3916 ζ
1838 3847 2040 3904 lauda-

603 3938 732 3994 bant
762 3939 1060 3995 Dominum
1089 3940 1187 4011 qui
1215 3941 1505 4012 requirunt
1533 3955 1658 3997 eum
1691 3957 1708 3994 :

533 4027 724 4085 Vivent
749 4027 923 4085 corda
951 4044 1140 4084 eorum
1169 4030 1231 4086 in
1257 4029 1524 4087 saeculum
1549 4035 1606 4094 ἐκ
1648 4028 1841 4086 saeculi
1881 4033 1895 4092 ζ

455 4116 498 4172 C
526 4116 838 4190 Pauperes,
873 4117 931 4173 id
961 4121 1071 4190 est,
1103 4135 1350 4192 regnum
1382 4117 1481 4176 Dei
1509 4118 1853 4176 esurientes.
1873 4118 2038 4174 Satu-

385 4205 500 4261 rari
530 4205 690 4262 enim
740 4222 858 4262 non
915 4211 1164 4279 possunt
1220 4207 1334 4264 nisi
1390 4223 1539 4280 quos
1584 4207 1721 4263 talis
1777 4205 2039 4280 possidet

385 4295 631 4351 esuries.
663 4295 954 4368 Pauperes
1002 4297 1247 4352 saturati
1292 4297 1476 4354 Deum
1525 4296 1787 4366 laudant,
1829 4294 2040 4352 divites

387 4382 738 4455 semetipsos
767 4383 1040 4440 exaltant.
1077 4385 1118 4440 ll
1149 4385 1256 4450 Qui
1287 4386 1594 4459 requirunt
1622 4385 1737 4442 ﬁde
1766 4389 1824 4440 et
1843 4400 2035 4458 opere,

387 4469 803 4542 intelligentes,
855 4488 984 4544 qua
1039 4473 1166 4546 ipse
1217 4479 1307 4530 est
1371 4473 1540 4546 panis
1609 4473 1711 4547 qui
1770 4473 1841 4529 de
1893 4471 2038 4530 caelo

387 4557 711 4616 descendit.
743 4558 900 4615 Vivit
927 4577 1044 4628 cor,
1071 4547 1132 4618 id
1163 4567 1270 4629 est,
1303 4579 1439 4636 spes
1471 4580 1672 4620 eorum
1716 4560 2040 4618 immobilis

387 4653 708 4722 vegetatur.
740 4647 894 4706 illud
923 4649 1114 4707 vivere
1143 4649 1397 4707 dicimus
1425 4651 1708 4708 veraciter
1739 4669 1753 4708 :
1787 4651 1942 4722 quod
1976 4651 2038 4706 in

385 4736 710 4796 divinitatis
740 4737 928 4811 graiia
955 4744 1306 4810 perseverat.

381 4847 455 4901 29
527 4845 968 4903 Reminiscentur
994 4853 1050 4903 et
1071 4852 1456 4906 convertentur
1482 4847 1552 4904 ad
1579 4849 1875 4906 Dominum
1902 4866 1922 4905 :

531 4935 608 4991 Un
616 4935 784 4992 iversi
810 4937 948 5006 ﬁnes
979 4943 1162 4995 terrae.

455 5022 498 5078 C
529 5023 848 5080 Reminisci
903 5023 1036 5082 illos
1089 5025 1343 5083 dicimus
1376 5043 1389 5082 :
1421 5042 1570 5099 quos
1623 5030 1852 5085 constat
1910 5029 2044 5100 post

386 5109 739 5168 oblivionem
769 5111 982 5169 Christi
1012 5114 1231 5172 redisse
1261 5117 1333 5172 ad
1356 5133 1552 5172 veram
1581 5115 2042 5174 medicinam.Et

387 5198 624 5270 quando
649 5203 802 5256 Deus
833 5201 906 5256 ab
937 5201 1057 5257 illis
1087 5203 1338 5261 ﬁdeliter
1364 5207 1757 5278 cognoscitur,
1782 5209 1935 5262 recte
1966 5203 2038 5260 ab

386 5287 474 5342 cis
503 5286 718 5342 dicitur
747 5289 1135 5357 reminisci,ut
1155 5293 1228 5348 ad
1254 5292 1420 5348 illum
1451 5295 1694 5350 redeant
1717 5293 2036 5350 veraciter:

388 5390 567 5446 quem
658 5374 825 5447 prius
908 5394 1182 5450 perversa
1259 5381 1555 5439 voluntate
1637 5381 2036 5456 neglexerunt.

390 5461 660 5520 Universi
685 5464 852 5530 ﬁnes,
885 5464 944 5522 id
997 5472 1086 5524 est
1136 5470 1484 5527 universalis
1537 5471 1818 5540 Ecclesia,
1859 5487 2038 5545 quam

391 5569 546 5614 nunc
576 5556 807 5616 constat
835 5558 954 5618 toto
983 5557 1121 5618 orbe
1149 5575 1279 5620 esse
1299 5559 1651 5620 diﬁ‘usamJi
1682 5563 1749 5622 Et
1779 5559 2040 5640 quotidie

2143 1871 2212 1925 32
2284 1867 2748 1926 Manducaverunt
2798 1868 2852 1925 et
2905 1867 3274 1926 adoraverunt
3326 1883 3514 1927 omnes
3559 1872 3805 1944 pingues

2357 1962 2524 2015 terra?
2555 1975 2572 2012 :

2285 2049 2345 2104 In
2375 2055 2663 2120 conspectu
2704 2047 2823 2119 ejus
2868 2045 3065 2104 cadent
3109 2063 3292 2104 omnes
3339 2049 3439 2120 qui
3472 2046 3808 2106 descendunt
3906 2070 3918 2077 -

2357 2138 2418 2192 in
2448 2144 2676 2192 terram.

2216 2225 2285 2282 Η.
2319 2225 2816 2281 Manducaverunt
2840 2241 3046 2282 omnes
3073 2223 3304 2294 divites,
3337 2224 3396 2282 id
3431 2229 3522 2282 est
3549 2225 3804 2298 apestoli

2143 2314 2234 2370 vel
2265 2315 2453 2370 caeteri
2483 2314 2670 2372 sancti
2720 2330 2934 2388 corpus
2977 2313 3214 2371 Christi.
3255 2314 3656 2372 Aderaverunt
3688 2333 3702 2373 :
3737 2316 3805 2372 in

2145 2403 2260 2458 ﬁde
2286 2407 2346 2458 et
2375 2403 2730 2476 operatione.
2767 2403 3136 2460 Descendunt
3167 2421 3181 2460 :
3215 2421 3250 2460 a
3270 2403 3549 2476 superbia
3577 2405 3803 2474 saeculi,

2146 2497 2210 2548 ut
2241 2491 2484 2548 adorent
2513 2492 2572 2548 in
2602 2491 2938 2548 humilitate
2955 2491 3174 2566 pura.H
3203 2493 3252 2549 A
3270 2491 3376 2549 Vel
3398 2491 3493 2549 hic
3517 2493 3802 2570 pingues:

2144 2579 2354 2636 divites
2412 2585 2600 2649 terrae,
2661 2579 2762 2653 qui
2817 2580 2995 2637 etiam
3043 2587 3479 2638 sacramentum
3537 2582 3806 2656 corporis

2145 2668 2360 2725 Christi
2390 2670 2771 2740 manducant,
2801 2669 2903 2725 sed
2935 2685 3054 2727 non
3100 2671 3525 2728 saturabuntur
3560 2675 3625 2728 ut
3655 2679 3805 2745 pau-

2145 2775 2314 2832 peres
2345 2757 2582 2825 Christi,
2615 2759 2998 2830 aderantque,
3027 2760 3129 2816 sed
3160 2759 3587 2817 fraternitatem
3616 2753 3810 2817 chariL

2146 2847 2285 2903 tatis
2327 2863 2446 2904 non
2495 2847 2713 2904 habent
2746 2866 2759 2904 :
2793 2851 2850 2903 et
2877 2847 3008 2904 ideo
3051 2849 3192 2922 quia
3219 2854 3415 2906 mente
3460 2849 3521 2905 in
3569 2853 3807 2908 terrena

2145 2936 2532 3006 descendunt,
2567 2937 2778 2993 cadent
2804 2936 2865 2992 in
2897 2937 3216 2994 infernum.

2146 3043 2218 3100 33
2287 3045 2356 3100 At
2385 3045 2577 3101 anima
2602 3061 2725 3101 mea
2753 3045 2846 3101 illi
2875 3046 3049 3102 vivet:

2291 3135 2359 3190 Et
2381 3149 2566 3190 semen
2593 3151 2776 3190 meum
2803 3135 3004 3191 serviet
3029 3135 3160 3207 ipsi.

2221 3221 2262 3278 C
2288 3222 2561 3280 Animam
2599 3239 2737 3280 vero
2781 3239 2953 3280 suam
3007 3221 3151 3280 dicit
3196 3221 3315 3280 Deo
3373 3224 3531 3280 Patri
3585 3224 3803 3294 vivere;

2152 3311 2432 3385 quoniam
2453 3311 2610 3368 hunc
2640 3311 2932 3368 mundum
2954 3311 3332 3368 immaculata
3363 3313 3806 3372 conversatione

2150 3399 2440 3457 transivit.
2475 3401 2523 3458 H
2569 3402 2780 3458 Semen
2823 3416 3044 3468 meum,
3077 3399 3183 3456 ﬁlii
3221 3397 3494 3459 Ecclesia
3539 3391 3806 3460 serviunt

2150 3488 2401 3558 Christo,
2461 3488 2504 3545 C
2558 3487 2648 3546 vel
2699 3505 2874 3563 opera
2929 3485 3143 3546 Christi
3191 3489 3445 3546 servient
3509 3481 3805 3548 laudando

2149 3581 2356 3634 Deum.

2147 3685 2220 3740 34
2291 3686 2729 3742 Annuntiabitur
2753 3687 2985 3743 Domino
3013 3687 3293 3756 generatio
3322 3691 3556 3744 ventura
3589 3705 3604 3744 :

2291 3776 2357 3830 Et
2383 3775 2797 3831 annuntiabunt
2823 3776 2947 3831 σεειὶ
2984 3775 3264 3847 justitiam
3313 3776 3434 3848 ejus
3477 3777 3678 3849 popqu
3705 3779 3810 3849 qui

2359 3871 2636 3930 nascetur,
2657 3879 2817 3936 quem
2843 3865 2974 3936 fecit
2999 3869 3055 3930 σξ-
3073 3866 3344 3922 Dominus
3386 3871 3400 3930 ζ

2219 3951 2266 4007 H
2307 3951 2350 4008 C
2401 3952 2692 4026 Propheta
2745 3951 2890 4010 dicit
2945 3953 3383 4026 generationem
3439 3958 3803 4011 venturam:

2147 4039 2433 4114 populum
2487 4041 2776 4114 gentium,
2821 4057 2952 4114 quae
2999 4058 3070 4098 ex
3113 4058 3268 4116 aqua
3311 4047 3370 4100 et
3410 4041 3632 4115 Spiritu
3678 4049 3810 4099 erat

2148 4130 2527 4202 procreanda,
2585 4129 2710 4186 hmo
2769 4129 3216 4187 annuntiabitur
3269 4130 3536 4200 Domino,
3597 4130 3656 4188 id
3711 4137 3810 4189 est

2147 4218 2551 4276 annuntiando
2573 4223 2944 4276 convertatur
2971 4220 3240 4287 Domine,
3264 4219 3376 4277 hoc
3404 4224 3496 4277 est
3523 4220 3594 4276 in'
3613 4219 3807 4278 hono-

2146 4325 2271 4365 rem
2302 4307 2550 4364 Domini.
2601 4307 2646 4364 H
2685 4307 3051 4365 Annuntiant
3095 4307 3246 4379 cmli,
3292 4309 3349 4365 id
3394 4313 3504 4380 est,
3551 4308 3808 4382 apostoli

2145 4395 2464 4470 praedicant
2493 4393 2704 4451 Filium
2734 4395 2856 4464 Dei,
2881 4395 3008 4470 ipse
3029 4401 3118 4452 est
3133 4397 3292 4453 enim
3315 4397 3549 4470 justitia
3578 4397 3803 4455 Putris.

2066 4484 2187 4577 DC
2241 4487 2386 4577 Apte
2441 4501 2597 4577 vero-
2631 4484 2852 4541 dictum
2891 4489 3000 4577 est
3049 4484 3467 4577 Christianum
3511 4485 3809 4577 populum

2148 4573 2462 4637 Dominum
2493 4573 3007 4646 fecissc,quoniam
3037 4591 3175 4632 eum
3204 4575 3639 4649 praedestinavit
3665 4581 3814 4634 antu

2147 4663 2360 4720 saecula
2388 4668 2446 4719 et
2475 4661 2691 4719 emovit
2709 4662 2878 4719 illum
2909 4669 2967 4719 et
2988 4663 3238 4720 redemit
3251 4670 3309 4722 et
3336 4681 3444 4723 suo
3460 4669 3664 4724 sancte
3677 4681 3812 4722 cor-

2150 4769 2288 4825 pore
2317 4769 2353 4808 a
2379 4751 2632 4826 peccatis
2662 4750 2914 4810 liberum
2943 4752 3100 4809 fecit.

2647 4901 2851 4942 ORATIO
2887 4902 2959 4943 EX
2989 4904 3147 4944 PSAL.
3183 4905 3298 4945 XXI.

2221 5017 2407 5092 Caput
2433 5018 2846 5077 misericordia:
2861 5019 3018 5078 Deus
3046 5022 3150 5095 qui
3170 5025 3410 5096 propter
3429 5038 3536 5080 nos
3567 5023 3810 5080 descen-

2148 5109 2294 5165 dens
2324 5109 2386 5165 in
2416 5114 2648 5166 uterum
2679 5109 2924 5184 virginis
2969 5109 3240 5168 addictus
3277 5111 3458 5186 ligno,
3499 5112 3808 5186 peribimus

2147 5196 2331 5266 clavo,
2363 5198 2732 5256 vestimentis
2761 5199 3006 5273 insuper
3033 5205 3189 5258 sorte
3218 5199 3444 5270 divisis,
3494 5200 3810 5258 surrexisti

2146 5283 2296 5342 liber
2319 5286 2392 5342 ab
2423 5285 2625 5344 inferis
2657 5306 2672 5344 :
2695 5305 3024 5362 precamur
3043 5295 3110 5346 ut
3129 5283 3309 5363 hujus
3329 5289 3666 5346 commercii
3682 5306 3806 5347 non

2147 5374 2480 5444 immemor,
2521 5375 2605 5432 sis
2647 5376 2882 5450 populis
2924 5379 2998 5436 ab
3040 5395 3140 5436 ore
3187 5378 3375 5436 leonis
3417 5384 3667 5452 ereptor,
3698 5379 3806 5454 qui

2147 5463 2313 5520 fuisti
2343 5466 2642 5538 quondam
2673 5467 2940 5540 patribus
2971 5468 3032 5526 in
3073 5473 3128 5526 te
3175 5468 3554 5543 sperantibus
3583 5467 3807 5526 libera-

2147 5559 2254 5612 tor.
2292 5554 2400 5624 Qui
2430 5555 2576 5614 vivis
2606 5561 2682 5628 et,
2713 5561 2823 5618 etc.
