4122 6184
298 300 418 365 113

874 432 1205 493 PSALMUS
1245 432 1413 491 XXII.

734 541 1147 583 ARGUMBN'I'UM
1184 540 1344 582 PSAL.
1386 540 1529 580 XXII.

1549 295 1967 363 EXPOSITIO
2010 296 2525 366 PSALMORUM.

2006 435 2054 502 Α
2087 431 2310 493 fideles.
2345 435 2392 493 H
2421 438 2468 494 A
2498 436 2676 513 Virga
2704 443 2861 498 certe
2893 441 3070 501 etiam
3104 444 3478 505 consolatur:
3512 451 3747 523 quando

3632 312 3692 375 Η
3712 315 3747 374 ιι

2086 525 2432 600 corrigendo
2463 533 2822 600 peccatorem
2854 531 2916 588 in
2946 533 3101 590 viam
3136 535 3345 593 salutis
3375 538 3553 597 ducit.

358 617 408 674 C
461 617 574 673 Per
636 617 836 673 totum
894 613 1190 688 psalmum
1247 616 1496 672 renatus
1556 612 1620 668 in
1678 609 1971 685 baptismo
2078 615 2114 668 6
2221 618 2444 673 Parasti
2474 618 2531 673 in
2561 628 2846 692 conspectu
2874 637 2990 678 meo
3018 640 3307 681 mensam:

286 705 666 769 Christianus
694 704 922 778 gratias
948 703 1070 776 agit
1100 720 1113 758 :
1145 719 1263 776 qua
1301 704 1375 758 de
1426 701 1707 757 ariditate
1753 702 1972 774 peccati

285 798 361 855 ad
392 796 523 853 loca
552 810 789 868 pascuae
818 797 879 850 et
916 793 989 849 ad
1018 808 1200 867 aquas
1240 791 1588 848 refectiouis
1640 790 1718 847 sit
1766 790 1969 847 induc-

284 892 407 943 tus.

435 975 553 1031 TT.
583 973 852 1029 Psalmus
881 970 1075 1028 David.

360 1065 405 1123 C
444 1062 722 1122 Psalmus
770 1060 977 1129 David,
1024 1075 1127 1133 per
1170 1062 1359 1116 totum
1420 1059 1618 1115 istum
1676 1058 1972 1130 psalmum

287 1152 697 1212 Christianum
729 1150 928 1206 ﬁdelis
958 1148 1167 1224 gratias
1195 1147 1317 1222 agit
1346 1147 1634 1216 Domino,
1659 1146 1799 1219 quia
1828 1147 1972 1204 libe-

292 1250 457 1303 ratus
519 1243 825 1298 vetustate
891 1238 1147 1311 deposita
1192 1253 1205 1293 :
1261 1238 1334 1293 ad
1413 1235 1556 1293 loca
1624 1252 1852 1308 pascuae
1916 1240 1975 1292 et

289 1348 509 1407 aquam
536 1327 887 1389 reiectionis
913 1326 1148 1384 Domino
1176 1325 1467 1400 largiente
1512 1326 1599 1382 sit
1629 1325 1969 1398 perductus.

293 1426 318 1481 1
434 1421 717 1479 Dominus
748 1419 892 1490 regit
917 1433 1004 1473 me
1024 1423 1078 1484 σξη
1118 1424 1168 1473 et
1211 1422 1226 1459 ε
1273 1417 1425 1472 nihil
1455 1415 1616 1472 mihi
1645 1413 1864 1472 deerit:

431 1514 501 1569 In
528 1512 906 1581 locopascw
934 1507 1013 1562 ibi
1037 1513 1089 1572 σξη
1129 1521 1213 1562 nte
1255 1514 1270 1573 ;
1327 1505 1654 1561 collocavit.

362 1603 408 1658 L
442 1597 738 1672 Loquitur
764 1595 863 1653 hic
904 1594 1153 1651 Ecclesia
1199 1593 1569 1651 fiducialiter
1618 1607 1725 1665 per
1773 1592 1967 1648 ﬁdem.

292 1690 588 1759 Dominus
632 1685 793 1760 regit
834 1701 948 1750 me,
985 1685 1119 1757 quia
1161 1687 1296 1741 ante
1345 1683 1681 1740 adventum
1732 1680 1968 1752 Christi,

293 1780 594 1837 mundum
625 1773 903 1871 diabolus
933 1774 1178 1847 regebat.
1210 1772 1368 1871 lli-hil
1399 1771 1601 1871 deerit
1629 1770 1770 1871 boni
1789 1770 1845 1871 ei
1870 1771 1967 1871 qui
2006 1805 2054 1871 Β

293 1869 560 1926 adhmt
587 1864 800 1923 Deo.In
831 1862 953 1919 loco
980 1862 1295 1935 pascuae,id
1325 1865 1420 1918 est
1453 1860 1518 1916 in
1556 1860 1760 1915 futura
1788 1858 1972 1915 beati-

296 1957 514 2015 tudine
541 1971 683 2011 eum
713 1951 1134 2020 oollocabit,sed
1157 1952 1281 2023 jam
1303 1952 1365 2006 in
1398 1967 1508 2022 spe
1540 1948 1814 2019 ejusdem
1845 1949 1977 2005 bea-

301 2045 583 2104 titudinis
608 2039 929 2109 collocavit,
957 2039 1041 2096 vel
1069 2040 1129 2096 in
1158 2039 1428 2098 Ecclesia
1464 2042 1527 2095 et
1577 2035 1718 2093 ﬁdei
1750 2037 1975 2095 unitate

305 2152 479 2210 spem
508 2149 706 2191 meam
737 2129 1078 2203 composuit.

306 2230 346 2282 2
454 2225 636 2296 Super
662 2237 867 2294 aquam
892 2219 1192 2292 refectioni:
1218 2218 1473 2276 educavit
1502 2233 1592 2274 me
1621 2233 1643 2269 :

458 2313 726 2370 Animam
752 2325 932 2367 meam
958 2310 1227 2365 rmvertit.

384 2403 435 2460 II
465 2403 512 2459 C
552 2403 725 2475 Aqua
770 2398 1136 2455 refectionis:
1178 2402 1269 2455 est
1314 2394 1605 2470 baptismi
1654 2393 1972 2465 lavacrum,

314 2509 434 2566 quo
464 2489 668 2559 anima
689 2486 913 2546 sterilis
940 2485 1600 2561 irrigatur.Educavit,C
1631 2483 1687 2539 id
1720 2487 1809 2541 est
1835 2502 1975 2557 pau-

312 2581 488 2638 latim
516 2578 783 2645 nutrivit,
816 2576 980 2651 quasi
1007 2577 1277 2650 parvulos
1305 2581 1364 2632 et
1394 2578 1637 2632 renatos
1686 2575 1971 2633 doctrina.

312 2671 366 2728 Η
390 2669 867 2731 Patriarcharum
897 2670 952 2723 et
980 2666 1392 2740 prophetarum
1414 2665 1538 2723 sive
1550 2663 1971 2737 apostolorum,

314 2759 361 2815 Ο
409 2758 710 2815 Convertit
765 2755 951 2812 fidelis
998 2756 1254 2813 animam
1305 2756 1379 2811 ad
1436 2753 1788 2809 Christum:
1846 2772 1974 2828 quis

316 2849 550 2905 dudum
582 2846 697 2902 sub
727 2844 950 2902 diabolo
981 2846 1259 2918 probatur
1287 2861 1419 2901 esse
1449 2842 1701 2916 captiva.

312 2938 351 2993 3
466 2936 707 2992 Deduxit
730 2950 817 2990 me
841 2950 1000 3007 super
1019 2922 1238 2991 semitas
1257 2935 1505 3007 justitia:
1535 2952 1554 2987 :

464 3027 696 3098 Propter
716 3038 911 3080 nam
935 3040 1115 3083 suum.

390 3116 436 3172 C
462 3114 697 3171 Semita
720 3111 981 3184 justitim,
1013 3115 1151 3169 sunt
1178 3113 1296 3169 duo
1328 3115 1621 3185 praecepta
1669 3109 1969 3177 salutaria,

319 3206 378 3263 id
413 3208 527 3269 est,
565 3173 797 3258 dilectio
825 3201 922 3257 Dei
952 3173 1008 3257 et
1036 3200 1303 3274 proximi.
1328 3173 1471 3266 Duae
1511 3173 1733 3256 semitae
1765 3173 1970 3256 dicuu;
2001 3173 2045 3239 (ί

316 3300 444 3363 tur,
473 3291 617 3365 quia
646 3293 803 3345 arcta
829 3294 917 3345 est
943 3289 1033 3346 via
1060 3291 1131 3346 ad
1162 3306 1411 3364 regnum
1451 3288 1734 3345 caelorum
1767 3289 1970 3360 (Matth.

316 3381 698 3454 vu).Propter
724 3393 932 3434 nomen
960 3395 1133 3435 suum
1160 3379 1382 3452 gaudet
1412 3395 1475 3434 se
1489 3376 1971 3433 famulusChristi

316 3472 649 3528 deuinctum
679 3483 806 3525 esse
833 3467 905 3523 ad
933 3465 1093 3525 illam
1120 3466 1450 3536 scientiam,
1485 3469 1551 3521 ut
1596 3466 1784 3538 possit
1802 3466 1977 3537 jussa

314 3560 423 3617 Dei
450 3556 777 3630 vulgare,et
801 3554 909 3613 hoc
938 3572 1050 3615 non
1082 3555 1207 3613 suis
1235 3556 1596 3623 meritis,sed
1627 3555 1823 3615 divina
1851 3571 1978 3628 gra-

312 3650 405 3705 tia
432 3645 554 3704 sibi
582 3660 917 3701 concessam
945 3660 1163 3714 esse;ac
1193 3644 1244 3701 si
1273 3645 1510 3702 diceret:
1526 3643 1814 3700 deductus
1843 3659 1977 3698 sum

310 3738 379 3794 in
441 3735 688 3793 semitas
742 3734 1174 3802 mandatorum,
1224 3751 1344 3790 non
1402 3737 1643 3807 propter
1697 3732 1975 3788 meritum

312 3841 551 3892 meum,
584 3822 683 3879 sed
716 3826 947 3895 propter
974 3839 1187 3879 nomen
1217 3839 1414 3879 suum.

313 3917 353 3972 4
467 3914 612 3971 Nam
656 3912 758 3968 etsi
804 3912 1151 3969 ambularem
1193 3912 1255 3968 in
1300 3911 1479 3971 medio
1526 3911 1743 3968 umbrae
1787 3911 1979 3967 mortis

543 4016 656 4057 non
677 4001 878 4057 timebo
904 4000 1074 4057 mola.

474 4090 746 4159 Quoniam
773 4096 833 4145 tu
859 4105 1071 4145 mecum
1088 4105 1164 4145 es.
1273 4124 1289 4142 .

396 4182 441 4234 C
470 4177 623 4234 Dicit
650 4175 990 4244 catholicus,
1017 4176 1067 4233 si
1101 4175 1473 4232 ambulavero
1497 4175 1650 4232 inter
1678 4175 1980 4232 haereticos

318 4268 458 4342 (qui
516 4269 666 4323 recte
725 4267 943 4323 umbras
993 4265 1203 4322 mortis
1251 4265 1547 4337 dicuntur)
1595 4281 1712 4321 non
1762 4263 1981 4321 timebo

320 4373 536 4415 eorum
568 4372 772 4428 pravas
800 4354 1130 4421 suasiones,
1164 4354 1443 4428 quoniam
1474 4358 1536 4410 tu
1568 4369 1682 4422 me,
1715 4353 1979 4410 Domine.

322 4444 615 4504 defendis.
650 4445 695 4500 Η
721 4443 823 4502 Vel
854 4445 1010 4501 inter
1037 4441 1232 4499 saeculi
1262 4442 1672 4510 obscuritates,
1708 4441 1980 4514 ignoran-

2224 705 2493 763 Adversus
2519 724 2608 764 eos
2636 710 2735 781 qui
2762 711 3037 769 tribulant
3061 730 3165 770 me.

2153 793 2194 849 C
2226 794 2475 861 Parasti,
2502 797 2560 852 id
2605 802 2712 866 est,
2763 801 3161 871 praedestinati
3211 803 3396 861 altare
3445 812 3741 877 sanctum,

2084 900 2353 940 mensam
2384 885 2543 941 dicta
2573 903 2608 942 a
2649 905 2869 957 mense,
2904 890 3182 961 quoniam
3232 895 3492 966 quolibet
3539 914 3747 956 mense

2083 972 2276 1045 primo
2304 974 2418 1041 die,
2448 975 2711 1033 convivia
2742 978 2855 1033 ritu
2888 979 3154 1052 gentium
3185 985 3739 1057 exercebantur,etc.

2083 1062 2129 1118 H
2164 1062 2861 1138 Significat'Scripturam
2892 1072 3179 1126 sanctam.
3199 1071 3494 1129 Adversus
3524 1090 3647 1143 eos,
3682 1076 3741 1132 id

2082 1154 2192 1217 est,
2208 1150 2510 1209 heareticos
2542 1153 2642 1226 qui
2671 1154 2957 1212 tribulant
2984 1157 3325 1229 Ecclesium,
3345 1161 3435 1218 vel
3469 1179 3742 1235 persecu-

2081 1244 2241 1297 tores
2274 1239 2539 1297 Ecclesia:
2571 1246 2628 1299 et
2656 1244 2968 1301 daemones.

2081 1331 2118 1383 7
2229 1331 2583 1402 lmpugnasti
2606 1338 2662 1398 ἐς
2706 1335 2767 1388 in
2805 1341 2819 1400 ζ
2879 1336 2992 1391 oleo
3017 1344 3181 1408 caput
3204 1353 3387 1395 meum
3415 1356 3435 1395 :

2226 1425 2281 1484 ἐς
2324 1427 2376 1475 et
2416 1426 2430 1481 ζ
2491 1421 2644 1477 calix
2671 1438 2825 1479 meus
2850 1423 3128 1482 inebrians
3153 1434 3207 1492 -ξη
3255 1443 3422 1499 quam
3434 1430 3743 1501 praeturas

2298 1515 2380 1564 est
2420 1559 2442 1581 ,

2158 1596 2205 1652 Η
2238 1596 2359 1653 Vox
2389 1598 2679 1655 Ecclesiae.
2714 1600 3044 1657 Laetificasti
3074 1602 3335 1676 caput,id
3367 1608 3457 1662 cst
3483 1610 3742 1663 mentem

2082 1685 2431 1743 meam.oleo
2461 1686 2571 1743 hoc
2602 1691 2693 1743 est
2712 1689 2958 1762 spiritali
2988 1690 3745 1769 lzctitia.Ca1ixintelligitur

2084 1775 2327 1830 verbum
2359 1775 2460 1831 Dei
2494 1777 2649 1848 quod
2676 1776 2924 1833 inebriat
2955 1784 3210 1836 mentem
3243 1781 3571 1840 hominis.C
3589 1789 3743 1840 Prae-

2088 1863 2311 1919 clarum
2345 1863 2544 1936 itaque
2575 1864 2712 1937 quia
2741 1866 2811 1921 ad
2845 1882 3091 1939 regnum
3135 1869 3418 1927 caelorum
3448 1873 3740 1945 perducit.

2084 1952 2191 2011 Vel
2232 1951 2379 2010 calix
2427 1953 2667 2026 sanguis
2713 1953 2948 2024 Christi,
3002 1956 3099 2027 qui
3150 1957 3327 2030 digne
3366 1960 3743 2020 sumentibus

2085 2042 2412 2115 praeclarus
2429 2045 2537 2098 est.

2084 2136 2119 2188 8
2228 2132 2297 2188 Et
2321 2132 2701 2189 misericordia
2731 2140 2826 2189 tua
2854 2134 3211 2206 subsequatur
3238 2152 3324 2193 me
3349 2156 3366 2193 :

2230 2220 2493 2277 Omnibus
2521 2221 2712 2278 diebus
2740 2224 2870 2280 vitae
2901 2239 3050 2278 meae.

2155 2310 2198 2366 C
2228 2310 2620 2383 Subsequitur
2649 2310 3074 2378 misericordia,
3109 2311 3224 2368 fide
3258 2314 3461 2388 utique
3509 2317 3580 2374 ad
3635 2335 3739 2376 cu-

2085 2399 2469 2466 stodiam,sed
2502 2399 2774 2473 praecedit
2805 2400 2877 2455 ad
2908 2399 3158 2472 gratiam
3173 2403 3739 2465 conferendam.Nisi

2084 2487 2320 2545 Domini
2351 2488 2750 2545 misericordia
2780 2490 3265 2560 subsequeretur:
3294 2492 3457 2549 facile
3478 2494 3741 2553 humana

2085 2576 2373 2650 fragilitas
2402 2577 2933 2649 dcciperetur,quia
2962 2596 2995 2631 a
3024 2582 3186 2652 tergo
3200 2580 3469 2638 diabolus
3490 2583 3740 2644 insidias

2084 2669 2297 2741 parat:
2334 2666 2598 2738 quandiu
2629 2665 2689 2721 in
2730 2666 2837 2722 hoc
2884 2683 3123 2739 corpore
3170 2671 3399 2726 mortali
3451 2679 3737 2745 versatur,

2084 2756 2243 2812 unde
2267 2754 2445 2811 nimis
2477 2756 2872 2812 necessarium
2902 2759 3010 2822 est,
3044 2759 3107 2812 ut
3137 2774 3370 2833 semper
3398 2778 3507 2818 nos
3549 2764 3742 2835 gratia

2086 2845 2187 2901 Dei
2221 2846 2522 2917 przecedat.
2555 2849 2612 2901 et
2642 2844 3042 2901 misericordia
3069 2848 3483 2922 subsequatur.

2084 2937 2121 2989 6
2328 2935 2393 2990 Et
2435 2948 2448 3002 ζ
2503 2940 2558 3000 ᾧ·
2603 2943 2663 2990 ut
2704 2941 2718 3000 ζ
2771 2935 3070 2990 inhabilem
3094 2937 3156 2990 in
3185 2937 3341 2994 domo
3362 2940 3625 2995 Domini.-

2230 3023 2293 3076 In
2321 3023 2663 3093 longitudine
2688 3022 2922 3077 dierum.

2159 3113 2199 3165 Α
2234 3111 2366 3166 Ideo
2399 3109 2501 3166 illa
2531 3126 2809 3166 concessa
2837 3110 3113 3182 sibi,quat
3144 3113 3300 3167 dicta
3328 3118 3466 3169 sunt
3495 3115 3730 3189 fatetur,

2084 3205 2149 3255 ut
2179 3198 2485 3266 inhabitet,
2508 3203 2616 3256 etc.
2642 3199 2927 3255 Dominus
2958 3200 3175 3273 quippe
3206 3201 3731 3264 Dominizfuturam

2082 3290 2278 3362 signat
2310 3288 2672 3345 Hierusalem
2703 3304 2830 3360 quae
2864 3286 3135 3345 consistit
3166 3289 3733 3363 inlongitudinedie-

2083 3394 2235 3447 rum,
2269 3378 2408 3450 quia
2436 3378 2493 3432 in
2527 3377 2655 3451 ipsa
2684 3379 2774 3433 est
2804 3382 3084 3450 perpetua
3114 3377 3313 3435 laetitia
3341 3383 3399 3436 et
3429 3380 3729 3442 beatitudo

2083 3468 2210 3523 sine
2240 3467 2374 3522 line.

2560 3571 2765 3610 ORATIO
2805 3571 2876 3609 EX
2918 3572 3075 3613 PSAL.
3116 3575 3253 3613 XXII.

2156 3645 2310 3718 Rege
2339 3643 2738 3713 nos,Domine,
2758 3644 3038 3701 suavibus
3071 3649 3180 3702 tua:
3205 3648 3611 3723 praeceptionis
3635 3651 3741 3706 ha-

2085 3733 2274 3801 benis,
2310 3737 2376 3789 ut
2403 3733 2601 3788 mterni
2629 3732 2991 3790 tabernaculi
3021 3734 3380 3794 habitatione
3417 3744 3689 3813 percepta
3722 3758 3734 3797 :

2087 3821 2450 3896 plenitudine
2500 3820 2773 3893 perennis
2814 3823 3006 3894 poculi
3039 3824 3388 3898 repleamur.
3414 3826 3521 3884 Per
3549 3828 3743 3885 Domi-

2088 3928 2232 3967 num
2283 3914 2551 3967 nostrum
2592 3910 2796 3966 Jesum
2846 3910 3145 3970 Christum
3194 3914 3382 3972 lilium
3415 3919 3583 3975 tuum
3618 3918 3740 3992 qui,

2088 4004 2196 4057 etc.

2639 4087 2969 4146 PSALMUS
3007 4090 3196 4147 XXIII.

2515 4192 2923 4233 ARGUMENTUM
2954 4196 3113 4235 PSAL.
3151 4197 3310 4237 XXIII.

2160 4267 2202 4322 C
2234 4266 2521 4339 PrOpheta
2551 4268 2798 4320 testatur
2819 4266 3034 4324 Christi
3061 4268 3265 4324 ditioni
3300 4269 3636 4326 universum
3656 4287 3744 4326 or-

2090 4356 2222 4412 bem
2266 4372 2395 4411 esse
2442 4355 2774 4425 subjectum
2827 4356 3116 4413 deﬁniens
3166 4357 3382 4431 quibus
3427 4358 3743 4415 virtutibus

2092 4445 2315 4518 praediti
2349 4447 2489 4499 sunt
2518 4444 2575 4497 in
2608 4443 2737 4512 ejus
2768 4444 3027 4501 Ecclesia
3066 4448 3743 4522 constituti,alloquitur-

324 4535 445 4593 tias
474 4539 533 4590 et
560 4537 793 4606 peccata
821 4548 835 4590 :
867 4535 1106 4606 peccata
1134 4532 1291 4589 enim
1326 4532 1536 4587 umbra
1582 4530 1791 4587 mortis
1821 4535 1978 4597 sunt,
2016 4539 2060 4604 Ι)
2091 4551 2204 4607 que
2232 4533 2670 4605 superstitiosos
2705 4537 2770 4588 ut
2794 4551 2926 4590 vero
2958 4535 3207 4592 Domino
3241 4536 3616 4594 famulentur.

326 4624 471 4698 quia
496 4621 831 4695 exprimunt
858 4620 1309 4679 similitudinem
1339 4621 1565 4677 mortis.
1603 4620 1715 4677 Sed
1764 4624 1821 4676 et
1854 4620 1982 4677 ideo

327 4730 448 4771 non
478 4711 719 4779 timebo,
751 4709 892 4783 quia
917 4709 1081 4782 virga
1108 4712 1231 4775 tua,
1263 4712 1373 4765 etc.

320 4804 360 4859 5
473 4802 635 4872 Virga
662 4805 762 4856 tua
790 4806 842 4857 et
873 4798 1099 4855 baculus
1129 4805 1294 4853 tuus:

470 4891 592 4962 Ipsa
617 4906 705 4946 me
730 4889 1009 4946 consolata
1035 4893 1183 4942 sunt.

399 4980 443 5035 Ο
471 4979 650 5052 Virga
676 4978 834 5034 enim
862 4977 933 5033 ad
948 4975 1246 5049 justitiam
1260 4977 1320 5030 et
1332 4973 1732 5031 fortitudinem
1751 4975 1983 5032 Domini

322 5068 649 5127 Salvatoris
675 5063 1209 5140 pertinet.Baculus
1242 5080 1255 5117 :
1289 5064 1360 5120 ad
1391 5063 1749 5135 adiutorium
1783 5063 1985 5120 buma-

322 5174 475 5214 num
504 5172 624 5229 quo
652 5155 1016 5228 gubernatur
1041 5158 1099 5210 et
1128 5171 1161 5209 a
1206 5152 1321 5209 Deo
1370 5155 1739 5210 sustentatur
1784 5153 1979 5222 homo,

324 5247 487 5304 sicut
517 5246 790 5302 inﬁrmus
818 5241 1029 5301 baculo
1060 5241 1405 5311 sustinetur,
1441 5259 1555 5314 quo
1598 5245 1656 5299 et
1685 5259 1786 5315 pes
1816 5249 1985 5301 caute

321 5335 688 5409 deﬁgitur,et
715 5337 908 5392 totum
939 5348 1152 5404 corpus
1180 5329 1711 5403 desuperinnixum
1734 5333 1982 5390 sustine-

321 5430 447 5481 tur.
479 5422 614 5480 Istis
642 5438 781 5496 ergo
810 5421 1042 5479 duabus
1072 5420 1245 5477 rebus
1275 5419 1464 5479 ﬁdelis
1494 5419 1983 5487 consolatur,una

322 5519 420 5570 est
447 5512 740 5569 districtio
771 5529 900 5585 quas
929 5508 1177 5567 conterit
1202 5508 1360 5577 vitia,
1384 5512 1442 5565 ct
1472 5507 1658 5566 malos
1689 5511 1788 5581 qui
1814 5512 1984 5568 bonis

325 5617 543 5659 nocere
584 5601 876 5675 cupiunt:
930 5599 1111 5657 altera
1156 5598 1521 5672 gubernatio,
1556 5616 1681 5671 qua:
1734 5601 1987 5668 sustinet

2282 4623 2396 4678 TT.
2433 4624 2683 4678 Psalmus
2716 4623 2886 4679 David
2913 4631 2967 4691 ἐς
3015 4627 3207 4682 Prima
3235 4628 3466 4684 Sabbati
3508 4634 3521 4695 ζ

2161 4712 2203 4767 C
2233 4711 2428 4767 Prima
2459 4711 2697 4767 Sabbati
2730 4712 3025 4784 significat
3045 4714 3200 4769 diem
3233 4715 3746 4786 Dominicum,quo

2095 4800 2376 4856 Dominus
2408 4799 2754 4865 surrexit,et
2787 4802 3143 4874 rcsurgcndo
3174 4802 3270 4857 isti
3303 4802 3514 4860 smculo
3544 4802 3747 4859 subve-

2093 4890 2201 4956 nit,
2234 4890 2645 4959 mundumque
2679 4889 2805 4959 ipso
2831 4888 2924 4943 die
2954 4889 3189 4957 creavit,
3222 4891 3322 4962 qui
3372 4893 3606 4964 propter
3649 4907 3746 4947 ex-

2093 4977 2424 5035 cellentiam
2456 4977 2600 5033 tanti
2636 4975 2901 5031 miraculi
2938 4995 2951 5033 :
2989 4979 3220 5051 proprie
3267 4979 3392 5035 dies
3440 4978 3749 5036 Dominica

2093 5070 2489 5139 nuncupatur,
2532 5065 2591 5120 id
2642 5070 2729 5120 est
2784 5064 3032 5135 Domini,
3066 5068 3332 5140 quamvis
3374 5085 3579 5126 omnes
3627 5068 3749 5125 sint

2093 5155 2347 5212 Domini.

2096 5246 2120 5301 1
2242 5246 2469 5300 Domini
2492 5251 2573 5299 est
2597 5251 2745 5298 terra
2773 5252 2823 5299 et
2848 5245 3130 5316 plenitudo
3147 5249 3263 5320 ejus
3291 5267 3311 5303 .-

2239 5336 2687 5391 Orbisterrarum
2711 5340 2829 5396 et—‘.—«
2860 5337 3106 5391 universi
3150 5345 3162 5403 ζ
3222 5338 3577 5409 quihabitant
3591 5339 3650 5393 in
3664 5353 3743 5393 eo.

2165 5424 2207 5480 C
2243 5422 2470 5479 Domini
2502 5425 2591 5477 est
2620 5426 2789 5490 terra,
2826 5422 2881 5478 id
2914 5428 3020 5491 est,
3050 5425 3306 5482 Ecclesia
3334 5444 3461 5499 quas
3501 5426 3747 5482 Domino

2104 5513 2435 5586 specialiter
2465 5527 2611 5583 pura
2643 5516 2805 5566 ment
2851 5513 3182 5571 famulatur.
3212 5516 3356 5571 Nam
3386 5515 3519 5571 licet
3554 5513 3750 5570 omnia

2096 5604 2167 5659 ab
2198 5603 2325 5676 ipso
2357 5602 2475 5659 sint
2503 5601 2737 5657 condita
2771 5618 2783 5656 :
2822 5606 3014 5659 tamen
3048 5604 3237 5676 ipsius
3267 5622 3395 5661 esse
3444 5602 3747 5677 proprium
