4122 6184
299 367 418 429 H1

1522 344 1975 426 'EXPOSITIO
2019 359 2532 451 rsumoaum.
2624 356 2631 361 ’
2676 362 2681 367 ‘

3634 374 3750 477 ll8

295 503 651 577 Exspectare
676 502 770 557 est
795 498 912 556 sub
938 495 1227 556 malorum
1258 496 1545 569 patientia
1590 499 1773 554 Deum
1798 498 1979 554 virili-
2008 500 2064 564 ,Α
2092 501 2346 558 caelestis
2376 504 2523 560 vitae.
2559 504 2795 574 Rectus,
2826 505 2872 561 H
2906 503 3045 578 quia
3074 504 3263 563 reddit
3308 504 3623 581 unicuique
3655 527 3750 567 sec

293 598 387 651 ter
409 593 713 655 sustinere,
736 592 805 646 ut
831 589 931 647 ille
956 588 1194 646 veniens
1222 587 1279 643 in
1305 586 1541 659 judicio
1568 588 1773 644 reddat
1824 589 1979 663 quod

298 684 494 741 devoti
522 682 767 737 animus
793 680 1189 753 exspectabat.

296 777 335 831 3
446 770 962 845 Confundantur—ju
1007 784 1188 826 omnes
1232 774 1248 835 ζ

444 863 820 936 Supervacue.

368 954 419 1010 Η
450 951 749 1025 Propheta
774 948 920 1005 dicit
944 965 1057 1005 non
1083 947 1355 1021 optando,
1393 947 1502 1003 sed
1534 946 1934 1020 prophetando
1960 966 1973 1004 :

299 1038 1209 1101 confundantur.Confundentur
1223 1037 1384 1093 enim
1399 1036 1508 1109 qui
1524 1052 1714 1107 usque
1727 1036 1785 1091 in
1800 1038 1974 1093 ﬁnem

298 1134 357 1189 in
384 1131 617 1189 malitia
644 1130 1088 1203 perseverant.C
1111 1125 1342 1182 Vanum
1368 1125 1640 1203 dicimus
1662 1124 1978 1181 infructuo-

300 1240 435 1279 sum
463 1226 646 1294 atque
673 1234 953 1285 vacuum,
980 1216 1126 1289 quod
1153 1232 1186 1269 a
1207 1214 1469 1293 Domino
1511 1213 1799 1285 probatur
1842 1214 1975 1270 alie-

272 1334 279 1339 ·
301 1329 469 1369 num.
496 1313 546 1367 Α
570 1308 678 1366 Vel
712 1296 1437 1383 optative,confundantur
1462 1302 1567 1358 hic
1596 1319 1700 1375 pro
1724 1304 1974 1374 peccatis

296 1398 821 1463 salubriter.Ouod
851 1396 900 1453 si
924 1396 1014 1452 hic
1030 1392 1712 1462 nolunt,confundantur
1736 1393 1970 1449 tandem

292 1489 674 1565 aeternaliter.

295 1583 329 1638 ι
445 1579 591 1636 Via:
620 1586 768 1643 tuas,
805 1576 1045 1644 Domine,
1079 1573 1383 1631 demonstra
1416 1571 1571 1626 mihi
1600 1588 1619 1624 :

439 1677 498 1737 {-
545 1671 615 1725 Et
659 1675 673 1736 ζ
734 1666 955 1723 semitas
983 1672 1097 1721 tuas
1121 1664 1274 1720 edoce
1301 1679 1411 1718 me.

366 1758 559 1814 CV'iae
606 1756 778 1811 dictae
830 1758 964 1810 sunt
1002 1770 1033 1807 a
1064 1750 1325 1819 vehendo,
1367 1753 1429 1805 et
1478 1748 1826 1821 significant
1873 1748 1967 1805 hic

1309 768 1514 843 iniqua
1545 776 1760 840 agentes
1791 787 1809 824 :

2089 592 2348 649 cundum
2393 611 2570 666 opera
2614 612 2739 652 sua.
2796 596 3005 668 Legem
3061 596 3368 654 charitatis
3410 598 3595 668 dabit,
3646 614 3750 671 per

2089 697 2266 753 quam
2298 682 2661 741 dimittentes
2692 686 2971 741 offensam
3010 686 3606 743 reeonciliamurDeo.
3628 687 3747 745 Cln

2085 769 2196 836 via,
2212 772 2270 827 id
2292 776 2381 828 est
2409 774 2679 845 praesenti
2703 773 2838 841 vita,
2860 773 2954 829 ubi
2982 773 3072 829 lex
3094 775 3350 846 ponitur,
3377 772 3434 831 in
3457 790 3577 849 qua
3589 779 3746 836 recte

2082 876 2274 915 VlVBl‘O
2304 877 2767 918 commonemur.

2086 948 2154 1004 10
2229 951 2440 1022 Diriget
2468 960 2782 1008 mansuetos
2815 952 2874 1008 in
2893 952 3107 1023 judicio
3139 971 3156 1008 :

2225 1039 2442 1096 Docebit
2468 1042 2624 1097 mites
2654 1042 2769 1095 vias
2798 1057 2939 1096 suas.

2156 1127 2474 1183 CDirectus
2504 1128 2720 1200 quippe
2748 1128 2964 1184 dicitur
2992 1129 3090 1201 qui
3117 1130 3189 1186 de
3204 1147 3378 1187 curvo
3401 1134 3593 1189 rectus
3610 1133 3736 1189 effi-

2082 1216 2256 1273 citur.
2291 1216 2579 1273 Mansueti
2611 1218 2907 1285 dicuntur,
2941 1218 3109 1290 quasi
3138 1236 3309 1275 manu
3335 1223 3597 1290 consueti,
3623 1221 3737 1278 hoc

2080 1308 2191 1376 est,
2225 1305 2535 1361 tolerantes
2562 1305 2831 1376 injurias,
2864 1323 2978 1361 non
3012 1300 3317 1365 reddentes
3366 1310 3601 1366 malum
3627 1327 3735 1384 pro

2082 1392 2260 1450 malo.
2292 1395 2462 1451 Mites
2493 1400 2652 1463 sunt,
2688 1394 2788 1467 qui
2821 1395 2981 1451 nullo
3028 1389 3221 1453 furore
3264 1400 3596 1467 turbantur,
3628 1400 3735 1456 sed

2080 1482 2319 1539 lenitate
2352 1484 2533 1539 animi
2566 1485 2791 1555 jngiter
2821 1491 3219 1556 perseverant;
3248 1486 3382 1544 illos
3426 1488 3628 1563 dirigit
3667 1490 3731 1545 in

2068 1571 2316 1645 judicio,
2341 1572 2480 1644 quia
2509 1573 2580 1628 ad
2614 1573 2965 1645 promissam
2998 1574 3418 1633 beatitudinem
3448 1595 3546 1634 eos
3591 1578 3737 1635 facit

2073 1662 2393 1734 pervenire.
2409 1662 2543 1726 Quae
2563 1678 2696 1718 vero
2728 1663 2849 1719 sint
2875 1663 2979 1719 vite
2997 1664 3250 1733 Domini,
3271 1667 3541 1739 sequenti
3558 1683 3735 1724 versu

2076 1751 2334 1823 exponit.

293 1849 602 1906 mandata.
623 1838 851 1903 semita
873 1842 1020 1899 dicta
1042 1843 1204 1916 quasi
1230 1842 1367 1897 semi
1396 1841 1522 1902 via,
1546 1837 1693 1935 quia
1717 1844 1960 1910 angusto

2085 1861 2135 1916 ll
2222 1861 2496 1916 Universae
2524 1861 2635 1916 vim
2666 1861 2889 1915 Domini
2915 1862 3297 1917 misericordia
3325 1870 3377 1918 et
3402 1864 3604 1919 veritas
3635 1882 3656 1920 .-

294 1936 448 1995 calle
472 1930 891 2009 dirigitur-meo
914 1931 1081 2004 vulgo
1102 1935 1240 1987 nota
1262 1928 1489 1997 est,sed
1506 1925 1743 1982 occulto
1762 1926 1964 1984 itinere

296 2026 664 2085 ambulatur.
695 2024 743 2080 Η
767 2023 875 2079 Per
905 2021 1163 2077 semitam
1190 2016 1549 2090 intelligitur
1574 2019 1829 2088 angusta
1872 2019 1965 2074 via

296 2132 429 2192 quae
454 2115 625 2172 ducit
647 2113 720 2168 ad
746 2112 944 2167 vitam.
959 2111 1135 2167 Edoce
1165 2125 1277 2165 me.
1305 2108 1347 2163 C.
1371 2107 1486 2173 Qui
1515 2121 1716 2162 sermo
1743 2122 1856 2161 non
1888 2109 1961 2163 ad

295 2206 513 2265 callem
538 2204 642 2260 sed
668 2202 743 2259 ad
770 2200 954 2274 legem
977 2196 1163 2273 magis
1187 2198 1454 2254 noscitur
1478 2194 1796 2268 pertinere.

298 2298 339 2353 5
449 2296 643 2363 Dirige
672 2307 762 2348 me
793 2292 853 2346 in
878 2291 1095 2346 veritate
1124 2296 1216 2346 tua
1244 2294 1295 2343 et
1318 2286 1451 2343 doce
1483 2300 1573 2340 me
1604 2301 1623 2339 :

451 2386 607 2458 Quia
636 2386 698 2438 tu
725 2397 783 2438 es
811 2379 946 2436 Deus
970 2379 1204 2436 salvator
1228 2392 1381 2434 meus
1414 2395 1434 2432 :
1464 2381 1522 2443 ἐκ
1570 2377 1625 2430 et
1670 2380 1684 2439 ζ
1745 2381 1794 2430 te
1837 2391 1958 2432 sus-

527 2473 679 2529 tinui
708 2474 820 2528 tota
842 2462 951 2525 die.

376 2564 421 2620 Ο
448 2562 644 2634 Dirige
673 2576 764 2616 me
789 2558 859 2614 ad
899 2559 1073 2614 vitam
1116 2558 1387 2632 pertinet,
1416 2557 1564 2611 doce
1593 2571 1606 2609 :
1654 2553 1726 2608 ad
1769 2556 1956 2613 scien-

296 2650 471 2709 tiam.
499 2650 548 2707 H
580 2650 641 2706 ld
672 2650 763 2704 est
804 2651 867 2703 ut
889 2645 1030 2702 nihil
1070 2663 1343 2720 perverse
1388 2661 1586 2719 agam.
1617 2641 1659 2697 Ο
1692 2641 1956 2701 Salutare

295 2746 393 2799 est
417 2738 844 2797 Christianomt
864 2735 1044 2793 Deum
1070 2736 1183 2792 sibi
1213 2734 1536 2793 salutarem
1563 2731 1781 2788 credat.
1815 2735 1958 2790 Tota

298 2832 420 2901 die,
447 2847 513 2885 ac
539 2826 591 2886 si
616 2828 860 2883 diceret:
880 2825 1034 2881 omni
1060 2824 1173 2892 die,
1203 2824 1425 2880 scilicet
1464 2840 1585 2878 non
1614 2821 1955 2893 interposito

298 2920 418 2985 die,
434 2919 537 2975 sed
560 2915 960 2973 continuavita
970 2916 1291 2987 exspectavi
1307 2909 1775 2969 misericordiam
1793 2916 1953 2967 tuam

298 3014 359 3066 et
384 3006 852 3065 retributionem.
878 3005 924 3059 Α
945 3003 1205 3059 Sustinui
1231 3004 1431 3076 itaque
1452 3005 1532 3067 te,
1560 2998 1738 3072 quem
1764 2999 1953 3057 homi-

301 3113 412 3155 nes
439 3099 651 3169 putant
675 3093 916 3149 oblitum
939 3106 1139 3148 eorum
1184 3093 1328 3148 dum
1357 3091 1585 3155 tardas,
1612 3093 1953 3161 exspectans

299 3187 598 3260 patienter
636 3176 1020 3238 miserationis
1062 3185 1176 3237 tuae
1238 3181 1585 3237 dilationem
1629 3179 1687 3234 in
1737 3180 1949 3235 subve-

298 3275 543 3333 niendo.
710 3265 714 3268 ’
848 3268 853 3273 ”
1006 3282 1007 3285 ‘
1081 3266 1085 3271 ’

296 3366 335 3421 6
448 3363 815 3419 Reminiscere
842 3361 1251 3417 miserationum
1282 3369 1526 3425 tuarum,
1561 3358 1787 3414 Domine
1815 3377 1835 3413 :

450 3453 519 3508 Et
542 3448 1047 3507 misericordiam
1097 3456 1323 3506 marum
1353 3463 1482 3520 qua:
1510 3465 1545 3503 a
1570 3448 1777 3504 saeculo
1807 3454 1952 3505 sunt.

373 3543 419 3598 Ο
448 3541 720 3597 Humano
746 3554 854 3593 usu
879 3535 971 3592 hic
993 3536 1227 3605 dicitur,
1256 3536 1654 3603 reminiscere,
1683 3536 1785 3608 qui
1811 3554 1956 3592 nun-

297 3647 489 3706 quam
518 3631 710 3701 potest
730 3626 949 3699 aliquid
974 3625 1254 3683 oblivisci.
1273 3625 1678 3682 Miserationes
1701 3626 1955 3697 pertinet

292 3720 375 3777 ad
403 3716 771 3791 operationes
797 3713 1343 3787 pias.Misericordia
1362 3729 1499 3769 vero
1524 3714 1596 3768 ad
1607 3711 1951 3770 clementem

296 3812 609 3870 naturam,
627 3803 901 3876 quoniam
927 3803 1224 3859 miseratio
1252 3802 1447 3875 operis
1469 3806 1594 3871 est;
1625 3802 1950 3859 misericor-

293 3897 427 3961 dia,
437 3890 888 3950 cordis.Seeula
909 3892 1081 3960 dicta,
1095 3907 1213 3965 quo
1240 3892 1298 3949 in
1326 3908 1389 3948 se
1416 3890 1714 3948 revolvant
1730 3893 1954 3964 jugiter

292 3989 594 4056 tempora,
619 3998 655 4036 a
679 3980 944 4052 sequendo
973 3996 1104 4037 esse
1128 3980 1300 4037 dicta.

293 4076 334 4128 7
448 4070 662 4128 Delicta
679 4069 983 4141 juventutis
1005 4083 1164 4128 mea.
1481 4126 1485 4129 .

450 4161 518 4216 Et
540 4159 882 4229 ignorantias
910 4174 1060 4215 meas
1088 4175 1102 4213 :
1136 4174 1208 4215 ne
1233 4160 1573 4216 memineris.

375 4253 420 4305 ϐ
443 4246 730 4305 Delictum
758 4247 1000 4325 quidam
1026 4246 1229 4303 volunt
1252 4247 1440 4303 levius
1464 4263 1592 4303 esse
1627 4250 1949 4319 peccatum,

298 4338 486 4413 quasi
509 4336 870 4404 derelictum,
897 4336 1120 4392 dictum
1151 4336 1223 4415 ab
1247 4353 1314 4393 eo
1345 4337 1500 4408 quod
1526 4336 1679 4391 viam
1706 4335 1955 4392 derelin-

302 4430 457 4503 quat
480 4426 789 4500 aquitatis.
817 4426 864 4482 H
888 4425 1247 4491 Juveututis,
1275 4426 1330 4480 id
1357 4430 1465 4490 est,
1493 4443 1619 4497 quae
1664 4426 1723 4479 in
1760 4423 1952 4481 adole-

303 4516 534 4588 scentia
554 4515 777 4588 δεξεμ)
811 4514 1175 4588 Ignorantias
1187 4514 1495 4587 dixit,quia
1509 4512 1695 4571 multa
1709 4513 1955 4570 facimus

2222 1949 2640 2019 Requirentibus
2656 1954 3031 2003 testamentum
3048 1950 3162 2020 ejus
3180 1958 3235 2005 et
3264 1953 3574 2008 testimonia
3584 1954 3726 2025 ejus.

2147 2038 2189 2093 C
2220 2037 2513 2093 Universae
2538 2037 2640 2091 vite
2671 2036 2901 2092 Domini
2921 2035 3729 2112 misericordia,quiapreve-

2073 2128 2162 2183 nit
2191 2128 2406 2181 cuncta
2436 2125 2692 2182 bonitate
2723 2142 2849 2181 sua.
2883 2124 3131 2192 Veritas,
3160 2128 3303 2198 quia
3332 2129 3530 2185 omnia
3561 2130 3727 2201 juste

2069 2215 2383 2288 dijudicat.
2431 2214 2654 2278 Quibus
2699 2230 2832 2269 vero
2871 2218 3119 2287 possunt
3188 2216 3331 2273 talia
3390 2219 3725 2286 convenire,

2069 2303 2377 2378 sequitur:
2412 2302 2844 2375 requirentibus
2876 2305 3382 2361 testamentum.“
3412 2306 3473 2362 Id
3503 2311 3610 2375 est,
3627 2326 3728 2369 no-

2065 2411 2208 2452 vum
2233 2411 2249 2462 ;
2272 2396 2330 2449 et
2350 2392 2706 2459 testimonia,
2723 2392 2780 2448 id
2805 2397 2903 2453 est
2925 2392 3080 2448 dicta
3108 2395 3560 2464 praecedentium
3593 2414 3726 2469 pro-

2065 2485 2402 2558 phetarum.

2068 2591 2143 2647 12
2216 2592 2442 2661 Propter
2464 2605 2661 2646 nomen
2691 2596 2847 2646 tuum
2873 2596 2928 2653 ἐτι
2975 2588 3206 2647 Domine
3249 2598 3264 2656 ζ

2279 2688 2494 2752 peccato
2517 2696 2637 2737 meo
2669 2699 2686 2734 :

2210 2767 2438 2823 Multum
2468 2772 2549 2823 est
2572 2768 2740 2823 enim.

2134 2857 2198 2913 C.
2234 2857 2348 2912 Hoc
2377 2858 2524 2912 bene
2553 2856 2801 2911 refertur
2830 2855 2900 2911 ad
2926 2871 3237 2928 personam
3267 2857 3719 2933 Ecclesim,quaa

2064 2965 2126 3004 se
2149 2944 2431 3002 salvatam
2454 2945 2594 3001 dicit
2610 2950 2846 3017 propter
2884 2961 3096 3000 nomen
3141 2946 3472 3019 Jesu,quod
3502 2948 3721 3023 lingua

2063 3040 2265 3093 nostra
2292 3036 2545 3091 Salvator
2571 3035 3007 3105 interpretatur.
3026 3033 3265 3093 Peccato
3296 3052 3425 3092 meo
3453 3037 3713 3097 multum

2061 3131 2152 3183 est
2183 3124 2361 3190 enim,
2392 3124 2533 3196 quia
2562 3124 2672 3181 nisi
2708 3122 2882 3178 fuerit
2911 3120 3107 3177 divina
3144 3123 3521 3187 miseratione
3568 3128 3710 3184 sub-

3328 2592 3723 2664 propitiaberis

1979 3220 2024 3309 C
2060 3219 2322 3309 ventum,
2341 3217 2628 3309 quantum
2653 3211 3190 3309 .vita‘protenditur,
3206 3216 3434 3269 tantum
3449 3214 3712 3272 humana

2063 3300 2351 3377 fragilitas
2372 3302 2624 3375 peccatis
2650 3298 2982 3366 involvitur,
2996 3301 3275 3373 quoniam
3289 3319 3465 3360 cursu
3482 3307 3709 3378 tempo-

2064 3394 2147 3450 ris
2178 3408 2411 3466 semper
2442 3395 2709 3464 augetur.
2894 3416 2903 3425 τ
3348 3398 3349 3403 ‘
3550 3389 3562 3397 ’

2064 3501 2131 3558 13
2205 3501 2315 3569 Qui
2341 3507 2418 3555 est
2446 3500 2602 3554 home
2624 3499 2721 3570 qui
2748 3498 2903 3552 timet
2931 3498 3271 3555 Dominum?

2210 3590 2398 3659 Legem
2426 3588 2620 3644 statuit
2645 3587 2699 3643 ei
2726 3587 2786 3640 in
2804 3587 2903 3642 (via
2933 3604 3096 3660 quam
3122 3590 3300 3660 elegit.

2132 3679 2174 3736 Ο
2196 3678 2354 3734 More
2383 3694 2490 3733 suo
2522 3676 3109 3747 interrogandodicit
3137 3678 3606 3752 Prophetazouis
3626 3688 3716 3740 est

2062 3767 2237 3824 homo
2271 3766 2372 3840 qui
2398 3766 2603 3821 timeat
2636 3764 2994 3822 Dominum?
3024 3768 3344 3824 constituta
3371 3774 3461 3827 est
3490 3771 3573 3827 illi
3600 3772 3712 3842 lex,

2063 3874 2133 3913 ne
2159 3857 2269 3913 sub
2302 3855 2616 3913 securitate
2648 3856 2989 3927 ignorantiae
3021 3862 3240 3929 peccet,
3275 3859 3333 3914 in
3382 3859 3492 3929 via,
3527 3860 3586 3918 id
3626 3868 3716 3920 cst

2060 3946 2119 4001 in
2151 3945 2458 4003 sanctitate
2491 3942 2793 4018 propositi.
2828 3944 2873 3999 Η
2904 3944 3030 4012 Vel,
3065 3945 3121 4001 in
3156 3945 3247 4002 via
3278 3949 3431 4019 ﬁdei,
3467 3950 3515 4006 si
3533 3952 3711 4021 enim,

2060 4035 2250 4102 timet,
2284 4032 2595 4091 securitate
2626 4049 2738 4086 non
2762 4031 3069 4104 decipitur.

2061 4140 2130 4198 44
2203 4141 2402 4197 Anima
2430 4141 2548 4212 ejus
2578 4141 2641 4196 in
2672 4138 2825 4195 bonis
2851 4139 3228 4198 demorabitur
3259 4161 3275 4198 :

2202 4230 2269 4286 Et
2296 4245 2479 4285 semen
2502 4230 2620 4300 ejus
2652 4227 2997 4285 hwreditabit
3020 4234 3245 4286 terram.
3611 4278 3615 4283 .

2136 4318 2184 4374 II
2212 4319 2425 4373 Anima
2445 4315 2592 4389 justi
2623 4314 2684 4369 in
2714 4315 2887 4372 bonis
2909 4318 3326 4391 demorabitur,
3342 4320 3450 4378 hoc
3480 4326 3569 4379 est
3590 4340 3714 4397 per-

2064 4407 2351 4464 severabit
2382 4405 2670 4480 sperando
2699 4404 2757 4461 in
2790 4406 3045 4477 praemiis
3061 4408 3274 4466 futuris
3290 4428 3487 4469 semen
3507 4414 3653 4485 ejus.
3673 4418 3713 4470 Ο

2066 4496 2128 4553 Id
2159 4502 2249 4569 est
2268 4513 2439 4568 opera
2473 4495 2627 4550 bona
2654 4493 3085 4553 haereditabunt
3122 4502 3332 4556 terrsm
3371 4501 3710 4572 viventium,

305 4623 443 4681 qua
651 4585 778 4660 esse
805 4585 1123 4675 nvesc'unug'
1153 4603 1281 4659 ideo
1312 4585 1592 4675 ’ppeCdlnr
1633 4620 1707 4658 ne
1749 4603 1960 4674 delicta
2155 4592 2243 4642 BSt
2272 4585 2925 4682 securitate.
2947 4586 3320 4660 Γθοίρὶθηιιιτ,
3335 4595 3392 4646 et
3418 4592 3713 4663 pOSSCSSiO

303 4674 440 4768 ejus
466 4674 923 4760 meiuinerit,sed
953 4693 1149 4765 potius
1175 4674 1538 4764 memorejus
1565 4692 1643 4749 sit
1668 4709 1771 4766 per
1785 4710 1955 4750 suam
1993 4674 2028 4682 ’⁷
2065 4677 2194 4768 ei?”
2226 4674 2390 4768 99”“
2423 4674 2668 4768 “teritis
2700 4674 3041 4768 CXPUISlOQC
3073 4678 3713 4768 Wrbpﬂbituriqmenim

305 4781 793 4843 misericordiam.
919 4852 924 4857 μ
1004 4838 1007 4841 _
1516 4854 1519 4857 _
1624 4838 1625 4841 η

295 4876 340 4929 8
451 4870 764 4927 Serundum
786 4870 1225 4927 misericordiam
1244 4877 1395 4926 tuam
1430 4875 1700 4928 memento
1728 4875 1839 4928 mei
1865 4878 1955 4929 tu:

452 4963 691 5033 Propter
711 4960 1004 5016 bonitatem
1035 4967 1206 5026 tuam,
1237 4959 1484 5016 Domine.

352 5048 431 5107 'H
465 5048 801 5105 Secundum
849 5053 1012 5104 tuam
1057 5048 1538 5116 misericordiam,
1587 5049 1642 5103 id
1687 5051 1798 5115 est,
1842 5064 1957 5103 non

304 5144 552 5215 propter
575 5155 772 5218 meum
801 5138 1098 5207 meritum,
1125 5137 1225 5193 sed
1252 5143 1496 5210 propter
1533 5142 1693 5192 tuam
1738 5137 1960 5192 miseri-

305 5229 571 5286 cordiam
602 5244 825 5284 memor
848 5232 974 5291 esto
1001 5227 1135 5283 mei.
1163 5228 1203 5281 C
1228 5226 1431 5282 Merito
1456 5227 1630 5282 etiam
1678 5224 1838 5281 illius
1866 5226 1961 5281 bo-

309 5318 470 5375 nitas
498 5314 867 5389 praedicatur,
895 5316 967 5372 de
993 5333 1109 5390 quo
1134 5315 1367 5382 dicitur,
1402 5332 1570 5371 nemo
1611 5316 1800 5372 bonus
1846 5314 1960 5369 nisi

298 5398 478 5464 rsolus
505 5410 659 5462 Deus
684 5405 894 5478 (Matth.
922 5405 1064 5477 χιχ).

303 5497 345 5552 9
454 5496 725 5567 Dulciset
754 5504 931 5552 rectus
965 5496 1233 5551 Dominus
1266 5514 1283 5549 :
1394 5560 1424 5569 _

457 5588 687 5659 Propter
715 5585 813 5642 hoc
841 5585 1010 5656 legem
1041 5583 1194 5639 dabit
1221 5583 1665 5657 delinquentibus
1688 5585 1748 5637 in
1777 5584 1886 5637 via.

384 5677 427 5730 C
451 5673 653 5731 Dulcis
678 5675 912 5742 dicitur,
941 5690 975 5728 a
1018 5690 1132 5745 quo
1175 5672 1377 5729 suavia
1417 5668 1570 5728 dona
1615 5675 1965 5743 przrstantur

2067 4764 2291 4838 aliquid
2322 4781 2391 4820 ex
2420 4765 2755 4819 haereditate
2785 4766 3319 4831 tenet,ﬁrmissima
3348 4770 3715 4842 possessione

2065 4854 2372 4928 gloriatur.

2067 4963 2136 5019 l5
2207 4964 2644 5017 Firmamentum
2673 4970 2751 5017 est
2780 4962 3040 5017 Dominus
3069 4964 3388 5020 timentibus
3409 4981 3535 5020 eum
3566 4984 3583 5031 ;

2207 5054 2274 5109 Et
2301 5059 2683 5108 testamentum
2711 5051 2882 5121 ipsius
2912 5058 2971 5105 ut
3001 5053 3383 5123 manifestetur
3402 5055 3536 5110 illis.

2139 5143 2190 5196 ll
2222 5141 2339 5196 Nos
2380 5138 2598 5194 infirmi
2644 5141 2701 5193 et
2743 5137 3148 5206 imbecilles,si
3188 5140 3469 5199 timemus
3514 5144 3717 5215 Domi~

2070 5246 2234 5293 num,
2268 5228 2378 5283 erit
2408 5232 2675 5283 nostrum
2708 5227 3167 5298 firmamentum,
3195 5220 3267 5287 ne
3293 5231 3365 5288 ab
3397 5232 3577 5304 hujus
3610 5251 3716 5291 sae-

2070 5316 2182 5371 culi
2217 5316 2491 5372 ﬂuctibus
2540 5314 2894 5386 qualiamur.
2930 5318 2997 5372 Et
3036 5319 3453 5380 manifestatur
3495 5319 3585 5379 lex
3616 5340 3718 5379 no-

2070 5405 2161 5461 bis
2191 5404 2251 5459 in
2278 5403 2524 5469 Christo,
2560 5421 2685 5475 qua:
2718 5404 2877 5477 prius
2908 5407 3096 5463 velata
3124 5414 3248 5465 crat
3291 5417 3393 5480 per
3440 5410 3714 5470 litteram.

2141 5494 2256 5548 Clit
2279 5492 2443 5549 valde
2460 5492 2529 5548 de
2551 5493 2721 5547 nobis
2754 5495 3171 5564 necessarium,
3188 5503 3251 5552 ut
3277 5498 3368 5554 lex
3390 5502 3518 5571 ejus
3534 5502 3719 5574 ipsius

2073 5600 2313 5639 munere
2343 5580 2669 5639 declaretur
2694 5582 2888 5651 'Cobis,
2922 5584 3048 5640 sine
3097 5603 3213 5657 quo
3252 5604 3356 5642 nec
3391 5586 3712 5659 intelligere
3792 5650 3803 5661 .

2086 5672 2409 5745 quidquam
2441 5671 2597 5739 boni,
2635 5688 2736 5727 nec
2770 5674 3044 5744 perficere
3066 5691 3403 5746 possumus.
3441 5684 3446 5689 '
