4122 6184
416 275 532 336 119

416 407 486 465 16
561 408 719 466 Oculi
743 409 856 466 mei
882 425 1093 482 semper
1119 407 1189 463 ad
1217 408 1512 464 Dominum
1543 427 1562 466 :

558 500 839 572 Quoniam
866 499 977 572 ipse
1005 497 1195 554 evellet
1221 497 1287 553 de
1316 498 1506 569 laqueo
1530 498 1690 571 pedes
1717 515 1879 556 meos.

486 592 538 646 ll
562 587 723 646 Oculi
755 587 870 644 mei
899 587 972 644 ad
1005 586 1340 655 Dominum,
1368 586 1423 642 id
1449 591 1538 642 est
1567 587 1720 643 oculi
1747 589 2062 656 cordis,vel

417 695 586 743 mens
632 695 764 734 mea
810 693 1040 749 semper
1077 674 1290 748 cogitet
1329 675 1632 743 Dominus,
1666 678 1944 750 quoniam
1991 679 2064 734 de

415 768 624 842 laqueo
654 765 868 823 diaboli
893 781 1104 821 sensus
1127 767 1358 834 meos(a
1369 781 1485 838 quo
1501 765 1666 839 prius
1680 783 1783 840 per
1798 766 2063 842 volupta-

414 861 506 915 tes
535 855 730 914 saeculi
763 854 1055 930 capiebar)
1075 852 1299 910 evellet.

417 966 487 1023 17
560 965 778 1037 Respice
809 964 870 1019 in
896 977 983 1018 me
1011 969 1063 1019 et
1089 963 1350 1019 miserere
1378 963 1490 1020 mei
1520 979 1534 1017 :

560 1054 707 1124 Quia
735 1053 930 1113 unicus
957 1058 1009 1110 et
1032 1067 1246 1126 pauper
1272 1067 1395 1106 sum
1423 1067 1540 1122 ego.

486 1160 826 1234 CSuperius
855 1157 1187 1226 dixit,oculi
1219 1157 1332 1214 mei
1362 1174 1596 1232 semper
1623 1159 1695 1216 ad
1724 1160 2064 1230 Dominum;

416 1267 574 1310 nunc
603 1249 765 1321 dic’t,
797 1247 1021 1322 respice
1049 1247 1109 1304 in
1142 1263 1235 1304 me
1264 1248 1764 1319 quemadmodum
1785 1249 1965 1323 egcin
1988 1254 2065 1326 te.

417 1340 693 1398 Miserere
724 1338 860 1406 mei,
895 1337 940 1394 Η
972 1336 1112 1410 quia
1149 1335 1328 1392 miser
1375 1353 1530 1404 sum,
1565 1337 1776 1394 unicus
1824 1343 1914 1395 est
1962 1355 2065 1412 po-

417 1429 595 1502 pulus
623 1427 1015 1486 Christianus.
1050 1429 1089 1480 Ο
1119 1425 1226 1490 Qui
1257 1423 1468 1482 unicus
1497 1430 1586 1482 est
1615 1426 1689 1496 ei,
1717 1427 1857 1500 quia
1904 1427 2067 1486 solus

418 1521 790 1576 sacramenta
802 1515 934 1574 fidei
948 1514 1224 1583 custodit,
1240 1531 1463 1588 pauper
1481 1533 1496 1572 :
1513 1515 1792 1588 quoniam
1809 1533 1843 1572 a
1859 1517 2066 1574 mundi

417 1606 708 1665 illecebris
737 1608 1100 1680 segregatus,
1133 1602 1297 1664 nulla
1326 1602 1523 1664 saeculi
1551 1603 1869 1664 ambitione
1897 1606 2070 1663 refer-

415 1701 516 1754 tus
545 1701 654 1755 est.

421 1806 489 1862 18
565 1804 966 1862 Tribulationes
993 1800 1171 1859 cordis
1191 1801 1305 1857 mei
1328 1799 1717 1873 multiplicatae
1742 1806 1871 1858 sunt
1901 1821 1920 1858 :

559 1895 634 1952 De
661 1892 1064 1950 necessitatibus
1089 1892 1228 1948 meis
1255 1907 1385 1948 erue
1411 1906 1518 1947 me.

488 2003 530 2058 C
558 2000 954 2076 Multiplicataa
984 2003 1124 2055 sunt
1145 1997 1552 2055 tribulationes
1597 1997 1885 2068 Ecclesiae,
1919 1999 2061 2056 dum

417 2093 798 2167 cogitationes
825 2106 965 2147 suas
995 2105 1098 2162 per
1137 2087 1501 2144 calamitates
1559 2089 1766 2144 mundi
1798 2088 1919 2152 (ubi
1977 2093 2066 2145 est

417 2181 727 2253 seminata)
758 2177 1072 2246 distendit;
1106 2192 1342 2234 necesse
1372 2181 1462 2233 est
1509 2177 1667 2233 enim
1718 2183 1784 2233 ut
1829 2177 2063 2250 copioso

416 2273 574 2329 fasce
602 2269 985 2342 deprimatur,
1017 2267 1118 2340 qui
1151 2283 1256 2340 pro
1283 2265 1488 2322 multis
1515 2265 1816 2340 afﬂigitur.
1851 2271 1929 2323 Dc
1961 2283 2063 2324 ne-

417 2357 792 2420 cessitatibus
822 2357 984 2426 dicit,
1015 2373 1165 2430 quas
1195 2359 1636 2429 persecuturum
1663 2359 1840 2428 atque
1883 2355 2062 2414 haere-

413 2451 663 2508 ticorum
695 2446 1028 2522 patiebatur
1055 2443 1310 2514 insidiis,
1333 2444 1393 2500 hi
1425 2449 1567 2500 sunt
1612 2445 1769 2501 enim
1813 2445 1916 2518 qui
1961 2463 2060 2503 nc-

414 2555 541 2598 cem
599 2537 846 2610 cupiunt
906 2533 1122 2592 inferre
1171 2533 1540 2590 Christianis.
1568 2533 1637 2590 Et
1683 2535 2062 2594 necessitates

413 2632 566 2686 recte
589 2625 968 2684 adversitates
1000 2623 1296 2690 dicuntur,
1329 2621 1471 2694 quia
1526 2623 1865 2680 necessaria:
1922 2629 2062 2682 sunt

411 2719 482 2775 ad
517 2733 762 2792 regnum
794 2713 1072 2770 cmlorum
1119 2711 1517 2768 tendentibus.
1552 2711 1599 2769 G
1647 2711 1750 2768 Vel
1805 2713 2058 2770 necessi-

407 2810 580 2877 tates,
607 2803 861 2861 venialia
888 2801 1029 2860 dicit
1057 2803 1316 2875 peccata,
1337 2799 1461 2856 sine
1492 2799 1712 2874 quibus
1734 2802 1922 2860 vivere
1940 2820 2056 2860 non

405 2911 746 2971 possumus.

405 3003 475 3061 19
549 3003 684 3061 Vide
711 3001 1078 3058 humilitatem
1103 3013 1282 3055 meam
1311 3004 1361 3054 et
1389 2997 1627 3054 laborem
1654 3014 1836 3054 meum
1867 3015 1886 3056 :

546 3095 611 3150 Et
640 3093 856 3150 dimitte
880 3092 1138 3146 universa
1165 3089 1366 3144 delicta
1393 3103 1533 3143 mea.

473 3201 517 3257 A
549 3201 592 3258 C
619 3199 784 3268 Vide,
817 3198 878 3254 id
907 3201 997 3254 est
1024 3195 1315 3269 propitius
1346 3193 1590 3268 respice.
1614 3194 1928 3252 Humilltas
1959 3200 2052 3253 est

405 3289 690 3360 Ecclesiae,
723 3287 960 3361 quando
993 3283 1464 3357 indisciplinatos
1495 3283 1753 3340 docendo
1776 3284 2048 3342 sustinet.

405 3379 448 3436 C
497 3377 688 3434 Later
731 3375 920 3448 ipsius
967 3378 1075 3442 est,
1109 3373 1247 3444 quia
1295 3369 1499 3428 multis
1543 3373 2051 3445 persecutionibus

404 3466 705 3541 fatigatur.
737 3464 941 3521 Merito
971 3463 1080 3518 sibi
1113 3460 1313 3518 omnia
1343 3466 1580 3534 peccata
1608 3461 2050 3534 dcprecaturdl-

404 3556 581 3629 mitti,
613 3553 754 3628 quia
783 3553 966 3609 durus
997 3549 1163 3606 labor
1184 3548 1502 3605 tolerantiae
1533 3565 1766 3623 semper
1792 3551 2046 3609 clemen-

398 3647 543 3705 tiam
569 3642 791 3718 judicis
835 3642 1152 3714 exspectat,
1184 3637 1243 3694 id
1292 3641 1401 3706 est,
1434 3643 1671 3712 prepter
1715 3639 1888 3696 istam
1937 3641 2046 3698 hu-

401 3733 710 3791 militatem
749 3734 806 3788 et
846 3729 1130 3797 laborem,
1163 3731 1422 3784 meretur
1466 3726 1898 3802 indulgentiam
1946 3732 2045 3788 dc-

397 3823 692 3880 lictorum.

393 3934 466 3990 20
540 3929 758 4003 Respice
827 3927 1080 3983 inimicos
1138 3941 1304 3992 meos,
1361 3926 1622 3998 quoniam
1684 3927 2047 4000 multiplicati

637 4020 783 4075 unt:

606 4033 783 4076 sunt:

534 4111 601 4166 Et
626 4107 749 4165 odio
776 4108 967 4180 iniquo
994 4105 1226 4161 oderunt
1253 4120 1355 4160 me.

467 4217 513 4273 Η
535 4213 800 4290 Respice,
830 4230 939 4270 vox
970 4211 1236 4268 Ecclesiae
1266 4227 1370 4284 pro
1402 4210 1895 4282 persecutoribus.

391 4309 452 4362 Ο.
486 4306 625 4362 Orat
655 4308 721 4360 ut
763 4302 1022 4369 redeant,
1058 4299 1199 4374 quia
1245 4315 1420 4372 quem
1472 4297 1570 4354 ille
1619 4299 1878 4372 respicit,
1912 4301 2039 4358 sine

391 4379 671 4450 dilatione
701 4389 1000 4447 convertit.
1036 4387 1406 4460 Multiplicati
1459 4391 1618 4454 sunt,
1653 4388 1713 4443 in
1759 4390 2034 4460 peccatis.

389 4482 534 4540 Odio
585 4480 812 4552 iniquo,
843 4476 1086 4546 addidit,
1127 4478 1269 4550 quia
1313 4481 1372 4532 et
1409 4477 1636 4547 justum
1685 4477 1884 4534 odium
1926 4484 2034 4548 est,

387 4574 455 4627 ut
512 4569 654 4625 illud
703 4573 791 4624 est
842 4584 856 4624 :
908 4567 1164 4624 Perfecto
1216 4565 1350 4622 odio
1391 4565 1628 4621 oderam
1675 4565 1808 4623 illos
1857 4570 2028 4637 (Psal.

383 4657 678 4730 cxxxvm).
711 4655 812 4714 Isti
841 4658 1038 4712 autem
1069 4671 1185 4710 non
1217 4652 1316 4709 illo
1337 4652 1502 4724 justo
1531 4652 1663 4709 odio
1695 4655 1796 4711 sed
1829 4653 2031 4730 iniquo

381 4746 632 4804 oderunt
662 4763 772 4803 me.

381 4855 446 4910 21
527 4853 750 4912 Custodi
777 4853 1026 4910 animam
1055 4868 1236 4908 meam
1262 4853 1315 4906 et
1342 4866 1473 4906 erue
1489 4865 1578 4906 mc
1607 4867 1627 4906 :

523 4937 640 5001 Non
659 4945 991 5009 erubescam,
1027 4943 1288 5014 quoniam
1314 4940 1532 5012 sperari
1557 4941 1615 4994 in
1645 4947 1713 4996 te.

452 5051 502 5109 ΙΙ
531 5050 915 5117 Custodi,v0x
944 5048 1211 5106 Ecclesiae
1247 5045 1538 5121 supplicat
1555 5052 1620 5103 ut
1639 5048 2021 5105 custodiatur.

377 5141 424 5197 A
453 5140 534 5197 Ne
561 5139 812 5196 declinet
843 5139 915 5195 ad
958 5137 1348 5194 imitationem
1398 5155 1622 5205 eorum,
1655 5142 1710 5193 et
1752 5140 1905 5210 eripe
1951 5139 2024 5194 ab

377 5228 538 5285 omni
572 5225 746 5284 malo.
772 5226 820 5287 ll
848 5227 926 5282 Ne
953 5226 1264 5300 confundor
1295 5243 1466 5298 neque
1495 5225 1810 5299 hic,ncque
1843 5227 1899 5281 in
1932 5227 2024 5282 fu-

375 5320 530 5383 turo,
564 5315 703 5390 quia
752 5315 810 5370 in
861 5319 918 5370 te
967 5316 1192 5388 speravi
1239 5320 1296 5371 et
1350 5321 1404 5371 te
1442 5315 1718 5371 invocavi.
1751 5319 1790 5371 Ο
1822 5318 2021 5389 Ipsum

373 5404 532 5460 enim
581 5403 755 5479 elegit
801 5404 1087 5472 invocare,
1121 5404 1214 5461 cui
1260 5404 1447 5462 nescit
1503 5403 1596 5476 pie
1625 5405 2022 5478 supplicantes

369 5493 701 5566 objicere.A
730 5493 876 5558 Quia
906 5493 1085 5566 igitur
1114 5511 1229 5550 non
1261 5493 1318 5550 in
1353 5494 1581 5562 mc,sed
1613 5493 1672 5549 in
1694 5499 1748 5551 te
1768 5495 2014 5568 speravi,

366 5599 482 5643 non
513 5582 860 5651 confundar.

1320 275 1386 337 S.
1435 275 1832 339 BRUNONIS
1878 277 2496 344 HERBIPOLENSIS
2537 281 2908 345 EPISCOPI.

2087 415 2140 481 Α
2169 417 2242 470 22
2312 417 2627 474 lnnocentes
2655 423 2704 474 et
2733 419 2872 474 recti
2897 417 3254 476 adhwserunt
3278 418 3425 476 mihi
3449 434 3464 474 :

3708 285 3837 354 120

2315 505 2453 574 Quia
2483 507 2730 562 sustinui
2758 514 2826 564 te.

2243 606 2284 658 C
2331 605 2692 670 Innocentes,
2747 605 3025 679 parvulos
3070 605 3214 662 dicit
3260 621 3426 662 sacro
3476 606 3840 681 baptismate

2174 697 2564 765 regeneratos.
2596 693 2805 750 Rectos
2831 691 2931 768 qui
2949 697 3077 768 jam
3113 697 3347 774 matura
3379 699 3542 754 tetatc
3563 697 3839 758 conversi

2173 783 2318 837 sunt
2341 799 2375 836 a
2400 783 2670 855 peccatis.
2701 783 2834 840 Ideo
2877 801 3012 840 vero
3037 782 3173 839 illos
3216 783 3533 852 adhaesisse
3558 785 3702 844 dicit
3727 787 3840 842 Ec.-

2173 868 2352 925 clesia
2375 871 2507 938 sibi,
2538 873 2817 944 quoniam
2843 873 3131 932 sustinuit
3157 877 3364 943 Deum,
3396 875 3681 949 patienter
3714 875 3839 932 ad-

2174 957 2482 1016 versitates
2507 961 2875 1018 sustinendo.

2171 1065 2245 1122 23
2320 1067 2534 1134 Libera,
2569 1072 2712 1124 Deus
2741 1068 2910 1126 Israel
2941 1086 2960 1123 :

2319 1155 2401 1212 Ea:
2427 1158 2680 1214 omnibus
2707 1157 3161 1216 tribulationibus
3185 1159 3321 1216 suis.

2247 1247 2286 1299 C
2312 1245 2519 1302 Libera
2543 1249 2694 1302 Deus
2721 1244 2918 1312 Israel,
2943 1247 3000 1302 id
3029 1251 3121 1306 est
3161 1247 3320 1314 Deus
3370 1251 3427 1309 te
3472 1247 3836 1306 videntium.

2173 1334 2221 1390 A
2243 1331 2369 1402 Vel,
2395 1350 2428 1389 o
2455 1334 2630 1404 Deus,
2659 1334 2677 1390 l
2705 1335 2843 1392 hera
2867 1334 3064 1406 Israel,
3093 1336 3152 1392 id
3197 1341 3287 1396 est
3314 1336 3620 1410 populum,
3646 1355 3835 1412 quem

2175 1422 2246 1477 ad
2274 1422 2554 1480 visionem
2585 1429 2743 1480 tuam
2773 1425 3133 1498 praeparasti.
3161 1429 3200 1480 C
3223 1426 3370 1491 Quia
3417 1426 3580 1504 ipsos
3625 1431 3838 1502 gratos

2175 1510 2370 1579 habet,
2398 1512 2614 1585 quibus
2637 1517 3015 1587 conspectum
3043 1531 3165 1571 suae
3189 1515 3700 1590 contemplationis
3743 1517 3839 1574 in-

2176 1599 2393 1673 dulget.

2649 1707 2854 1748 ORATIO
2892 1708 2962 1748 EX
3001 1707 3160 1750 PSAL.
3201 1709 3352 1750 XXIV.

2244 1796 2450 1853 Libera
2473 1813 2581 1853 nos
2607 1797 2882 1854 omnibus
2908 1799 3200 1872 angustiis
3233 1799 3472 1869 nostris,
3505 1800 3834 1862 mitissime

2175 1888 2344 1955 Deus,
2365 1886 2505 1958 quia
2529 1887 2598 1941 ad
2632 1890 2688 1942 te
2713 1887 2941 1944 animas
2965 1891 3199 1946 nostras
3221 1889 3506 1963 erigimus
3531 1906 3544 1944 :
3578 1889 3834 1948 Oblivis-

2172 1989 2321 2045 cere,
2366 1991 2727 2046 quaesumus,
2755 1976 2967 2033 delicta
3001 1977 3330 2050 juventutis
3370 1983 3432 2038 et
3476 1979 3830 2052 ignorantia:

2172 2063 2404 2137 prioris,
2449 2070 2508 2121 et
2549 2064 2601 2121 si
2649 2065 2788 2138 quid
2841 2065 3204 2141 negligenter
3247 2067 3671 2142 delinquimus,
3707 2068 3829 2126 cle-

2174 2157 2399 2210 menter
2465 2153 2720 2227 ignosce.
2766 2154 2872 2211 Per
2919 2155 3234 2214 Dominum
3299 2161 3566 2217 nostrum
3615 2157 3828 2220 Jesum

2173 2241 2494 2311 Christum,
2527 2247 2636 2300 etc.

2730 2377 3061 2434 PSALMUS
3097 2377 3267 2434 XXV.

2607 2481 3011 2536 ARGUMENTUM
3051 2483 3209 2525 PSAL.
3247 2484 3380 2532 XXV.

2240 2585 2282 2638 C
2302 2583 2482 2639 Totus
2507 2580 2720 2657 psalmi
2746 2581 2928 2656 hujus
2954 2585 3146 2654 textus
3171 2583 3242 2640 ad
3269 2584 3594 2662 perfectum
3620 2590 3830 2664 aptan-

2169 2671 2282 2731 dus
2305 2675 2396 2729 est
2415 2671 2839 2743 Christianum,
2869 2671 2970 2744 qui
2996 2671 3362 2734 diversorum
3389 2672 3563 2741 laude
3585 2676 3826 2734 merito-

2167 2775 2299 2816 rum
2324 2759 2384 2816 in
2427 2759 2681 2816 Ecclesia
2721 2775 3101 2832 perseverans
3133 2761 3393 2822 :divinis
3420 2779 3484 2828 se
3517 2763 3821 2830 beneﬁciis

2165 2847 2520 2906 consolatur.

2308 2956 2424 3014 TT.
2456 2957 2570 3028 Ipsi
2592 2962 2648 3022 ᾧ·
2691 2955 2947 3012 Psalmus
2993 2961 3008 3023 ζ
3067 2957 3266 3014 David.

2235 3049 2276 3100 C
2297 3045 2480 3102 Totus
2506 3045 2599 3101 hic
2639 3043 2904 3117 psalmus
2951 3045 3022 3106 ad
3066 3046 3388 3118 perfectum
3423 3047 3696 3121 aptandus
3723 3055 3818 3107 est

2079 3157 2126 3252 ς
2165 3133 2560 3190 Christianum
2588 3151 2602 3202 ;
2627 3135 2731 3190 sed
2759 3138 2978 3200 tamen,
3005 3152 3140 3192 cum
3168 3153 3203 3192 a
3229 3135 3332 3192 tali
3377 3136 3631 3210 hymnus
3663 3139 3814 3196 dici-

2161 3227 2260 3252 4....
2307 3239 2541 3252 -ιΑηΛοιιΛ
2568 3227 2651 3252 ηηι
2679 3227 2738 3252 ..ι
2775 3224 2840 3252 ...1
2887 3223 3180 3252 Πι...;..ι.....
3233 3226 3543 3252 “Anz-..”
3592 3226 3777 3252 ;-ι-11;

2161 3227 2278 3289 tur,
2307 3239 2541 3278 necesse
2566 3227 2655 3278 est
2679 3227 2744 3278 ut
2773 3224 2844 3278 ad
2887 3223 3182 3280 Christum
3233 3226 3547 3282 Dominum
3591 3226 3808 3289 intelli-

2159 3312 2369 3385 gentiae
2399 3311 2615 3370 virtute
2639 3311 2943 3371 referatur.

2159 3419 2184 3473 1
2297 3418 2489 3475 Judica
2514 3434 2620 3485 me,
2654 3419 2898 3484 Domine,
2929 3419 3195 3490 quoniam
3243 3435 3338 3492 ego
3386 3422 3449 3476 in
3495 3421 3809 3480 innocentia

2370 3523 2492 3563 mea
2521 3509 2802 3577 ingressus
2830 3523 2956 3563 sum
2985 3525 3005 3564 :

2297 3598 2364 3653 Et
2386 3598 2448 3652 in
2480 3597 2710 3652 Domino
2739 3612 2964 3668 sperans
2991 3613 3102 3653 non
3129 3597 3472 3668 inﬁrmabor.

2226 3689 2266 3741 C
2290 3685 2500 3741 Judica
2525 3701 2636 3754 me,
2663 3684 2908 3741 Domine
2932 3703 2946 3754 ;
2972 3685 3232 3758 postulat
3253 3687 3412 3742 enim
3443 3687 3533 3743 vir
3566 3693 3808 3748 sanctus

2147 3774 2392 3846 judicia,
2426 3774 2564 3847 quia
2589 3777 2784 3831 certus
2821 3779 2949 3830 erat
2994 3775 3068 3831 de
3113 3777 3244 3848 ejus
3291 3776 3709 3838 misericordia.
3742 3780 3804 3836 In

2154 3863 2486 3921 innocentia
2515 3863 2858 3937 ingreditur,
2887 3864 2945 3919 id
2973 3869 3063 3920 est
3093 3865 3245 3920 inter
3279 3869 3608 3938 peccatores
3635 3865 3806 3924 habi-

2152 3955 2286 4010 tans
2309 3970 2424 4009 non
2450 3955 2665 4025 peccat.
2694 3953 2818 4008 Non
2849 3953 3090 4008 conﬁdit
3131 3953 3308 4010 etiam
3350 3953 3413 4012 in
3459 3969 3602 4012 suas
3647 3955 3802 4014 vires

2151 4043 2253 4099 sed
2281 4043 2340 4098 in
2368 4045 2570 4108 Deum,
2600 4041 2730 4098 ideo
2762 4057 2878 4097 non
2909 4041 3324 4098 inﬂrmabitur.

2147 4151 2183 4203 2
2288 4147 2471 4205 Proba
2497 4163 2603 4217 me,
2635 4148 2881 4215 Domine,
2913 4157 2964 4204 et
2995 4141 3142 4204 tenta
3171 4163 3260 4206 me
3285 4165 3300 4204 :

2293 4239 2410 4294 Una
2438 4251 2592 4292 renes
2618 4251 2762 4293 meos
2787 4240 2841 4292 et
2862 4253 2957 4292 cor
2982 4253 3182 4292 meum.

2220 4325 2287 4381 Η.
2314 4325 2552 4380 Probari
2581 4342 2642 4381 se
2675 4329 2839 4398 rogat
2863 4323 3136 4394 Ecclesia,
3163 4329 3233 4381 ut
3269 4341 3334 4382 se
3375 4330 3689 4399 cognoscat
3737 4332 3798 4384 et

2146 4415 2219 4471 ab
2246 4413 2376 4470 aliis
2402 4418 2806 4488 cognoscatur.
2833 4419 2874 4468 C
2919 4414 3057 4470 Dure
3103 4417 3244 4471 sunt
3288 4415 3644 4471 tentationes
3677 4433 3802 4472 una

2067 4533 2111 4600 υ
2145 4504 2397 4570 Domini,
2449 4520 2565 4576 qua
2619 4504 2801 4558 bonos
2851 4506 3037 4600 tentet
3083 4505 3144 4558 ut
3176 4519 3283 4559 nos
3313 4503 3578 4600 erudiat;
3615 4501 3801 4560 altera

2141 4591 2379 4658 diaboli,
2408 4609 2534 4664 qua:
2561 4605 2794 4664 semper
2821 4590 2983 4646 ducit
3027 4591 3099 4646 ad
3151 4594 3418 4664 mortem.
3449 4591 3560 4648 Ure
3601 4608 3793 4650 renes.

2139 4681 2186 4736 H
2215 4681 2273 4737 Id
2303 4684 2412 4748 est,
2440 4681 2725 4754 Spiritum
2750 4683 3018 4736 sanctum
3045 4677 3258 4737 adhibe
3281 4679 3792 4739 delectationibus.

2138 4769 2210 4826 Et
2232 4787 2332 4826 cor
2357 4785 2575 4837 meum,
2607 4767 2664 4822 id
2690 4772 2779 4824 est
2813 4767 3268 4841 cogitationibus
3311 4769 3459 4825 meis
3502 4769 3794 4842 Spiritum

2137 4861 2405 4914 sanetum
2433 4857 2666 4912 adhibe.

2133 4965 2168 5020 3
2278 4965 2556 5036 Quoniam
2586 4963 2967 5020 misericordia
2997 4971 3092 5036 tua
3124 4969 3254 5022 ante
3280 4966 3460 5022 oculos
3489 4981 3634 5023 meos
3661 4973 3742 5029 est
3769 4984 3790 5020 :

2274 5053 2340 5108 Et
2365 5053 2675 5125 complacui
2705 5054 2765 5108 in
2795 5055 3028 5110 veritate
3061 5061 3176 5110 tua.

2204 5146 2244 5197 C
2267 5141 2412 5208 Quia
2437 5141 2667 5197 Domini
2697 5141 3160 5199 misericordiam
3192 5146 3326 5218 ante
3359 5142 3558 5200 oculos
3583 5143 3781 5201 cordis

2133 5229 2423 5303 Propheta
2447 5229 2715 5294 habebat,
2744 5231 2872 5286 ideo
2922 5218 3183 5305 pericula
3225 5234 3615 5290 tentationum
3666 5251 3785 5290 non

2130 5319 2392 5375 timebat.
2417 5317 2810 5390 Complacere,
2833 5324 2924 5376 est
2948 5337 3083 5376 cum
3109 5321 3327 5377 sanctis
3352 5327 3628 5380 aeternam
3651 5339 3786 5396 gra-

2128 5409 2273 5465 tiam
2299 5408 2640 5482 promereri.
2670 5408 2715 5464 Η
2743 5412 2782 5463 C
2809 5409 2870 5464 In
2903 5409 3170 5480 veritate,
3199 5410 3256 5465 id
3287 5414 3376 5468 est
3422 5407 3480 5467 in
3530 5411 3784 5482 Christo,

2127 5497 2228 5570 qui
2254 5502 2344 5553 est
2366 5497 2601 5552 veritas.
2622 5497 2818 5553 Gratia
2847 5498 3026 5572 igitur
3051 5495 3524 5569 illustratus,Deo
3551 5499 3785 5572 sibique

2128 5584 2482 5659 complacuit
2513 5586 2572 5642 in
2603 5589 2815 5642 mente.
