4122 6184
466 343 589 408 123

1375 345 1440 410 S.
1483 345 1887 410 BRUNONIS
1931 340 2551 415 HEllBlPOLENSlS
2593 349 2975 416 EPISCOPI.

3770 350 3898 416 124

465 491 645 557 tores,
670 465 1535 563 tuncinﬂrmatisunt,quando
1562 481 1829 539 Christus
1860 484 2119 557 suscepit
2145 474 2200 551 Α
2232 484 2290 540 11
2371 485 2614 543 Circuivi
2646 491 2715 543 et
2741 488 2969 544 imolavi
2994 488 3051 543 in
3083 488 3436 546 tabernaculo
3475 456 3603 563 ejus
3650 490 3898 551 hostiam

464 582 728 635 nostram
759 560 1207 633 humanitatem.
1231 575 1271 629 C
1309 571 1397 628 Illi
1433 572 1647 628 etenim
1678 575 1978 641 corruunt,
2012 574 2113 645 qui

464 666 835 724 innocentem
866 662 1211 738 sanguinem
1244 662 1521 718 devorare
1548 660 1847 718 festinant.

494 757 534 813 5
566 756 571 761 ’
605 756 669 813 Si
692 756 992 812 consistant
1021 751 1309 808 adversum
1336 768 1424 808 me
1450 755 1631 807 castra
1667 769 1685 805 :

603 850 725 905 Non
754 843 966 900 timebit
991 858 1087 917 cor
1104 857 1305 897 meum.
1926 914 1931 917 τ

529 938 572 993 C
586 918 785 991 Castra
800 930 955 989 enim
971 930 1165 987 valida
1186 929 1436 986 munitio
1451 932 1559 998 est,
1576 946 1752 1003 quam
1775 946 2112 1005 expugnare

458 1006 626 1081 facile
655 1039 771 1079 non
803 1023 993 1094 potest
1024 1020 1278 1092 impetus
1310 1019 1606 1085 irruentis,
1633 1020 1734 1076 sed
1766 1019 1886 1075 haec
1912 1021 2111 1076 omnia

455 1112 597 1171 dicit
627 1112 738 1169 sibi
759 1128 889 1168 esse
910 1108 1396 1182 contemptibilis,
1416 1125 1551 1165 cum
1572 1107 1839 1177 valletur,
1865 1108 2108 1181 auxilia-

454 1201 613 1259 tione
643 1199 858 1257 divina.

486 1293 523 1348 6
596 1291 659 1347 Si
685 1298 943 1361 exsurgat
973 1288 1259 1344 adversum
1284 1304 1374 1343 me
1394 1289 1651 1361 praelium
1684 1307 1702 1343 :

596 1382 658 1436 In
688 1380 786 1435 hoc
810 1396 909 1450 ego
932 1379 1175 1451 sperabo.

524 1470 568 1525 ll
608 1470 665 1525 Si
697 1471 967 1542 exsurgat
1005 1462 1317 1523 adversum
1370 1483 1461 1521 me
1511 1467 1797 1540 prielium.
1833 1469 2103 1543 Prazlilum

450 1558 591 1614 dicit
621 1558 876 1614 Ecclesia
907 1574 1132 1629 pugnas
1171 1556 1526 1621 daemonum,
1558 1560 1616 1612 et
1664 1573 1729 1612 se
1778 1575 2012 1631 sperare
2041 1561 2102 1617 in

451 1646 732 1704 auxilium
782 1649 838 1704 et
885 1644 1562 1720 defensionemChristi.
1595 1645 1637 1717 C
1680 1646 1742 1719 In
1792 1650 2102 1707 concitatis

449 1735 606 1793 enim
636 1735 849 1809 praeliis
879 1733 1068 1809 gloria
1090 1733 1376 1790 vincentis
1421 1751 1653 1808 semper
1682 1741 1940 1809 apparet.
1975 1738 2100 1796 Non

446 1825 633 1882 virtus
680 1827 961 1899 probatur
1006 1823 1205 1895 latere,
1246 1840 1374 1896 quin
1420 1841 1534 1880 non
1583 1824 1758 1881 fuerit
1803 1824 2101 1899 explorata
2129 1856 2180 1924 Β

447 1915 783 1972 certamine.
1830 1978 1835 1983 ,

478 2006 517 2060 7
592 2005 765 2079 Unam
787 2005 928 2077 petii
953 2020 987 2059 a
1020 2003 1275 2069 Domino,
1308 2002 1451 2057 hanc
1484 2005 1765 2076 requiram
1795 2023 1814 2059 :

590 2096 655 2153 Ut
684 2082 991 2150 inhabilem
1037 2095 1097 2149 in
1143 2087 1300 2148 denuo
1346 2092 1571 2149 Domini
1614 2092 1865 2151 omnibus
1911 2094 2101 2153 diebus

654 2186 791 2243 vitae
816 2197 977 2249 mem,

516 2274 562 2331 Η
590 2272 782 2330 Unam
812 2272 972 2346 petii,
998 2270 1236 2346 quidam
1266 2274 1477 2343 putant
1522 2286 1704 2328 unam
1752 2273 2096 2332 cbaritatem

444 2364 565 2421 sive
594 2362 981 2438 gratiam,aut
999 2365 1153 2420 certe
1179 2360 1372 2435 ipsam
1403 2361 1743 2434 petitionem
1773 2364 1936 2432 dicit,
1960 2382 2096 2422 cum

443 2452 501 2509 in
534 2453 772 2510 Hebraeo
811 2449 1153 2511 neutraliter
1197 2467 1383 2507 unum
1415 2449 1667 2517 dicatur,
1690 2452 1748 2507 id
1779 2442 1870 2509 est
1898 2453 2096 2510 Domi-

444 2558 609 2599 num.
638 2540 819 2609 Hanc,
844 2539 903 2595 id
934 2543 1041 2604 est,
1071 2537 1386 2595 Dominum
1416 2540 1733 2611 requiram,
1756 2544 1865 2597 etc.
1899 2541 1973 2599 Ut
2001 2542 2097 2598 in-

443 2629 702 2705 habilem
733 2629 793 2684 in
824 2629 997 2707 domo
1044 2626 1296 2693 Domini,
1330 2627 1389 2683 id
1420 2631 1510 2684 est
1538 2628 1597 2684 in
1625 2628 1746 2686 vita
1792 2635 2092 2704 perpetua.

430 2719 483 2795 .C
510 2720 582 2777 Et
604 2718 719 2776 hoc
748 2733 863 2775 non
911 2718 996 2795 ita
1038 2732 1213 2790 parvo
1242 2718 1525 2793 tempore,
1558 2716 1658 2774 sed
1709 2718 1770 2774 in
1819 2716 2097 2778 omnibus

441 2808 651 2865 diebus
679 2808 807 2864 vita:
838 2822 1000 2863 meai.
2056 2806 2061 2807 '

475 2900 510 2954 8
588 2899 653 2956 Ut
682 2896 895 2973 videam
922 2896 1262 2951 roluntatem
1289 2895 1514 2951 Domini
1542 2916 1559 2951 :

581 2974 661 3061 Et
685 2986 903 3043 oisitem
932 2984 1197 3058 ternplum
1226 2986 1361 3057 ejus.

509 3074 557 3132 Η
576 3074 901 3151 Πιννὶᾶεαω
935 3073 1294 3149 voluntatem
1337 3073 1586 3142 Domini,
1616 3074 1675 3131 id
1706 3079 1795 3133 est
1825 3076 2093 3134 dilectio-

437 3182 573 3223 nem
622 3164 744 3224 Dei.
776 3166 817 3223 Ο
842 3162 1014 3220 Videt
1059 3162 1237 3220 etiam
1280 3162 1641 3222 voluntatem
1700 3158 1954 3237 Domini,
1990 3167 2089 3240 qui

438 3257 724 3329 precepts
750 3254 883 3327 ejus
910 3252 1185 3328 intelligit
1212 3258 1267 3309 et
1298 3252 1569 3310 custodit.
1589 3254 1694 3311 Ille
1711 3254 1911 3311 visitet
1939 3226 2087 3313 tem-
2117 3226 2163 3294 ο

437 3342 603 3417 plum
629 3344 783 3415 ejus,
801 3340 900 3415 qui
932 3340 1251 3413 Ecclesiam
1274 3341 1487 3398 Christi
1518 3344 1703 3411 sacris
1733 3344 2088 3402 admonitio—

436 3430 614 3487 nibus
643 3430 997 3488 corroborat.
1018 3432 1065 3485 A
1081 3429 1186 3485 Vel
1214 3428 1502 3503 templum
1534 3433 2088 3508 contemplationem

440 3518 581 3576 dicit
607 3518 803 3595 gloriae
838 3518 1095 3588 Domini;
1118 3518 1294 3575 habet
1312 3518 1469 3576 enim
1491 3519 1607 3576 alia
1628 3518 1844 3593 littera,
1868 3529 1932 3580 ut
1951 3541 2089 3581 con-

439 3607 689 3681 templer
717 3606 1158 3663 delectationem
1194 3607 1446 3664 Domini.

473 3698 509 3751 9
584 3698 855 3766 Quoniam
881 3697 1157 3752 abscondit
1184 3712 1269 3752 me
1299 3698 1358 3752 in
1387 3697 1736 3757 tabernaculo
1759 3717 1856 3758 suo
1880 3722 1905 3769 ;

583 3788 644 3844 In
672 3786 763 3843 die
787 3787 1071 3861 malorum'
1085 3782 1329 3859 protexit
1372 3804 1459 3845 me
1506 3790 1567 3844 in
1609 3790 1890 3849 absondito
1917 3793 2091 3850 taber-

654 3875 846 3932 naculi
872 3878 978 3931 sui.

515 3965 556 4022 Η
587 3964 909 4022 Abscondit
938 3980 1075 4038 ergo
1122 3962 1437 4022 Ecclesium
1486 3967 1641 4040 apud
1690 3984 1752 4025 se
1800 3968 2088 4040 Christus,

439 4072 512 4112 ne
540 4054 653 4111 sibi
685 4053 1075 4109 teutationum
1124 4053 1397 4109 obessent
1443 4055 1740 4128 procellae;
1773 4058 1883 4128 vel,
1918 4064 1982 4116 ut
2010 4061 2093 4118 ait

437 4143 750 4218 Apostolus
784 4160 797 4198 :
832 4143 1042 4199 Mortui
1091 4142 1249 4199 enim
1298 4144 1459 4210 estis,
1502 4150 1561 4201 et
1603 4147 1721 4204 vita
1765 4154 1959 4206 vestra
1989 4151 2090 4206 ab-

438 4233 707 4291 scondita
733 4236 823 4289 est
863 4249 999 4288 cum
1030 4232 1259 4289 Christo
1300 4232 1360 4288 in
1391 4232 1509 4290 Deo
1538 4237 1678 4305 (Col.
1711 4237 1816 4310 in).
1850 4239 1975 4296 Non
2003 4240 2091 4296 di-

439 4323 517 4379 cit
544 4321 733 4403 malos
762 4323 889 4378 dies
918 4338 1067 4397 esse,
1098 4321 1201 4379 sed
1246 4322 1305 4378 in
1347 4323 1563 4381 nostris
1594 4326 1869 4399 operibus
1919 4328 2093 4386 malis

441 4411 579 4467 mali
600 4428 727 4468 esse
750 4412 1048 4469 dicuntur.
1069 4411 1112 4467 C
1148 4412 1211 4467 ln
1245 4410 1585 4471 abscondito
1616 4415 1999 4487 tabernaculi,
2034 4420 2091 4476 id

439 4504 529 4556 est
567 4499 890 4555 divinitatis
938 4504 1158 4556 secreto
1205 4501 1475 4573 potentis:
1524 4510 1909 4578 semper'nos
1960 4526 2092 4581 pro-

2438 577 2843 649 voeiferationis
2873 596 2891 633 :

2366 666 2607 723 Cantabo
2635 675 2687 723 et
2708 669 2985 740 psalmum
3013 669 3198 725 dicam
3226 669 3476 725 Domino.

2292 753 2334 812 C
2359 754 2607 811 Circuivi
2638 756 2747 812 hoc
2784 762 2874 814 est
2901 756 3097 815 animo
3147 760 3549 831 perscrutatus
3579 774 3735 828 sum,
3764 754 3896 833 qu'a

2221 843 2482 917 potentia
2504 843 2715 901 ccelum
2748 845 2882 902 fecit
2906 844 3061 903 Deus
3089 846 3149 903 et
3176 846 3376 904 omnia
3404 863 3475 904 ex
3503 846 3686 905 nihilo
3716 865 3893 907 crea-

2216 931 2318 989 vit.
2351 935 2398 989 Α
2426 930 2735 990 Hominem
2762 935 3013 992 redemit
3041 938 3099 991 et
3129 937 3417 1011 mundum
3447 924 3507 992 in
3538 953 3605 993 eo
3636 937 3892 995 creden-

2219 1024 2369 1091 tem;
2403 1027 2462 1079 et
2503 1020 2696 1079 inveni
2744 1023 2845 1097 qui
2895 1020 3218 1092 immolem,
3271 1023 3497 1082 scilicet
3542 1024 3805 1084 laudem.
3844 1027 3891 1082 C

2219 1110 2285 1168 Et
2315 1111 2612 1168 immolavi
2661 1112 2720 1169 in
2768 1108 3147 1170 tabernaculo
3187 1114 3336 1188 ejus,
3372 1113 3430 1171 id
3459 1119 3549 1171 est
3580 1115 3785 1179 ,obtuli
3821 1116 3889 1173 in
4006 1182 4017 1187 θ

2214 1199 2345 1272 ejus
2368 1194 2614 1258 ecclesia
2634 1202 2986 1259 sacrificium
3005 1200 3220 1259 laudis.
3237 1202 3686 1265 Vociferatiduis
3707 1206 3884 1274 dicit,

2216 1288 2438 1346 scilicet
2467 1306 2570 1363 pro
2602 1292 3007 1365 magnitudine
3036 1290 3248 1350 laudis.

2284 1378 2328 1434 C
2356 1377 2399 1435 C
2427 1378 2702 1447 Cantabo,
2728 1378 2787 1436 id
2817 1384 2905 1436 est
2947 1380 3295 1453 praedicabo.
3321 1380 3621 1441 Psalmum
3653 1383 3880 1453 dicam,

2212 1467 2272 1524 ld
2303 1472 2393 1525 est
2420 1486 2590 1543 opere
2614 1468 2941 1543 complebo.
2962 1468 3005 1528 C
3033 1469 3279 1527 Cantare
3298 1474 3388 1528 est
3406 1470 3563 1528 enim
3586 1472 3713 1531 sola
3733 1490 3884 1531 voce

2211 1556 2416 1615 laudes
2445 1558 2657 1626 dicere,
2690 1558 2792 1615 sed
2824 1556 3073 1631 psallere
3104 1574 3275 1632 opere
3303 1560 3638 1634 predicare.
3686 1552 3689 1557 ’

2212 1646 2282 1702 12
2353 1646 2602 1717 Exaudi,
2660 1648 2907 1714 Domine,
2977 1663 3159 1705 vocem
3214 1665 3395 1706 meam
3456 1666 3568 1724 qua
3630 1650 3884 1710 clamavi

2425 1735 2627 1793 adte:

2352 1826 2617 1881 Miserere
2643 1820 2755 1881 mei
2780 1831 2836 1881 et
2862 1825 3075 1882 exaudi
3096 1842 3204 1882 me.

2279 1915 2320 1969 C
2348 1914 2516 1969 Nunc
2542 1914 2758 1970 iterum
2790 1916 2957 1987 rogat
2976 1912 3234 1971 Ecclesia
3263 1919 3329 1971 ut
3355 1914 3729 1987 exaudiatur;
3755 1917 3877 1975 cla-

2209 2002 2390 2059 mavit
2409 2002 2567 2060 enim
2587 2007 2645 2060 et
2662 2002 2990 2076 prius,cum
3013 2003 3179 2060 dixit:
3189 2009 3252 2059 ut
3270 2003 3593 2062 inhabitem
3611 2007 3670 2063 in
3689 2008 3871 2066 domo

2208 2091 2461 2160 Domini,
2486 2092 2708 2149 scilicet
2737 2091 2877 2165 quia
2904 2091 3235 2150 divinarum
3267 2103 3464 2151 rerum
3497 2096 3657 2153 nulla
3688 2098 3871 2155 satie-

2208 2185 2299 2237 tas
2320 2185 2429 2249 est,
2445 2180 2545 2238 sed
2567 2185 2785 2255 quanto
2807 2184 3079 2255 gustatur
3106 2181 3262 2239 Deus
3283 2184 3543 2255 suavius,
3568 2189 3734 2243 tanto
3759 2205 3867 2261 ap-

2206 2269 2428 2343 petitur
2454 2269 2608 2343 plus,
2631 2269 2721 2326 vel
2771 2266 2901 2326 ideo
2948 2270 3139 2338 iterat,
3164 2272 3305 2345 quia
3358 2289 3463 2347 spe
3518 2273 3744 2332 habitat
3803 2278 3867 2334 in

2207 2361 2422 2416 aeterna
2450 2358 2655 2433 gloria,
2680 2356 2945 2416 nondum
2976 2360 3085 2416 re.‘
3694 2428 3697 2429 ν

2209 2448 2276 2504 13
2354 2449 2472 2505 Tibi
2498 2448 2647 2505 dixit
2669 2464 2763 2505 eor
2788 2464 2991 2516 meum,
3026 2451 3329 2523 exquisivit
3357 2458 3407 2508 te
3433 2453 3604 2524 facies
3630 2471 3753 2512 mea
3780 2474 3805 2510 .·

2346 2538 2565 2595 Faeiem
2593 2545 2765 2605 tuam,
2798 2538 3045 2611 Domine,
3078 2541 3379 2613 requiram.

2277 2629 2317 2684 C
2341 2625 2539 2701 Itaque
2559 2626 2647 2682 vir
2668 2625 2857 2683 fidelis
2878 2644 2997 2697 cor,
3014 2626 3125 2685 hoc
3144 2628 3249 2688 est
3277 2626 3635 2690 desiderium
3658 2630 3864 2703 suum,

2202 2716 2350 2774 dixit
2374 2716 2447 2772 ad
2479 2714 2793 2773 Dominum
2818 2714 3002 2790 loqui,
3018 2716 3296 2790 quoniam
3319 2713 3431 2775 hoc
3450 2719 3760 2795 videbatur
3781 2725 3870 2781 of-

2203 2804 2352 2861 ferre
2373 2805 2527 2879 quod
2552 2804 2862 2879 cogitabat.
2887 2806 2935 2861 Α
2957 2804 3156 2863 Facies
3179 2823 3330 2875 mea,
3352 2805 3411 2864 id
3434 2808 3527 2865 est
3549 2810 3871 2883 praesentia

2204 2911 2333 2951 mea
2371 2898 2556 2960 tuam,
2587 2891 2674 2950 vel
2722 2891 3097 2967 pulchritudo
3126 2896 3335 2953 animae
3367 2912 3508 2954 mea
3556 2916 3590 2955 a
3635 2903 3691 2957 te
3720 2901 3870 2959 data

2201 2987 2366 3040 tuam
2410 2980 3006 3059 pulchritudinemQC
3036 2983 3251 3051 Quaerit
3297 3001 3432 3042 vero
3460 2986 3685 3057 faciem
3730 2989 3863 3060 Dei,

2201 3073 2397 3145 quise
2445 3077 2650 3130 sancta
2696 3070 3136 3130 conversatione
3191 3075 3468 3132 custodit.
3500 3074 3581 3149 De
3638 3078 3865 3151 quibus

2199 3161 2424 3219 dictum
2446 3166 2536 3218 est
2554 3178 2569 3241 ς
2595 3161 2754 3219 Beati
2777 3162 2998 3219 mundo
3018 3163 3213 3231 corde,
3228 3162 3508 3237 quaniam
3534 3164 3646 3240 ipsi
3666 3170 3861 3225 Deum

2197 3250 2499 3309 videbunt.
2522 3250 2791 3308 Geminat
2819 3267 3074 3325 quoque,
3104 3251 3311 3309 faciem
3335 3256 3499 3310 tuam
3530 3252 3857 3329 requiram,

2198 3357 2318 3398 una
2360 3339 2597 3416 quidem
2649 3358 2761 3409 res,
2795 3340 2898 3397 sed
2960 3341 3327 3417 frequentata
3382 3345 3659 3416 ostendit,
3692 3347 3856 3420 quod

2197 3430 2425 3488 ardenti
2455 3430 2649 3487 studio
2680 3428 2979 3501 Christum
2998 3430 3325 3507 'quzerebat.
3398 3432 3401 3435 ’
3506 3500 3511 3507 ⁵

2196 3522 2267 3578 tt
2338 3523 2422 3577 Ne
2448 3527 2661 3589 avertas
2688 3521 2890 3593 faciem
2917 3528 3068 3577 tuam
3093 3537 3129 3577 a
3156 3537 3243 3579 me
3272 3537 3287 3577 :

2339 3610 2415 3668 Ne
2439 3609 2675 3667 declines
2705 3610 2763 3666 in
2795 3611 2882 3666 ira
2909 3627 2944 3666 a
2971 3626 3122 3667 servo
3150 3618 3261 3667 tuo.

2270 3698 2313 3755 C
2334 3699 2585 3756 Sanctus
2606 3697 2765 3754 enim
2785 3695 2873 3754 vir
2896 3702 3081 3772 rogat,
3107 3716 3180 3756 ne
3208 3717 3243 3757 a
3271 3699 3415 3756 facie
3445 3700 3546 3758 Dei
3577 3701 3866 3761 reddatur

2199 3787 2447 3845 alienus.
2477 3787 2812 3860 Iterumque
2842 3791 3008 3861 rogat
3038 3804 3108 3843 ne
3139 3788 3211 3844 ab
3241 3788 3369 3862 ipso
3400 3787 3651 3847 declinet
3677 3790 3862 3864 Deus,

2199 3882 2339 3934 tunc
2355 3876 2588 3950 quando
2609 3876 2831 3933 sanctis
2846 3874 3074 3947 vultum
3091 3894 3209 3934 sua:
3228 3877 3554 3951 maiestatis
3568 3874 3861 3956 indulget.

2200 3967 2353 4026 Iram
2384 3967 2547 4040 ponit
2565 3964 2775 4039 judicii
2819 3968 3076 4039 tempus,
3098 3984 3234 4023 cum
3280 3967 3561 4024 discernit
3607 3970 3796 4028 malos
3826 3978 3867 4029 a

2196 4056 2391 4114 bonis.
2423 4058 2470 4112 A
2498 4053 2601 4111 Vel
2644 4072 2759 4111 non
2813 4055 2873 4111 in
2922 4054 3009 4111 ira
3054 4055 3331 4123 declinat,
3357 4056 3593 4131 quando
3650 4060 3866 4118 cadere

2188 4144 2489 4219 permittit
2517 4150 2583 4200 ut
2610 4144 2837 4200 cautior
2862 4147 2921 4200 et
2952 4143 3157 4201 fortior
3185 4151 3408 4219 surgat.
3438 4168 3439 4171 η

2204 4235 2273 4291 15
2342 4233 2576 4305 Adjutor
2600 4249 2753 4305 meus
2782 4249 2837 4288 es
2865 4240 2943 4301 tu,
2975 4249 3044 4290 ne
3069 4233 3422 4309 derelinquas
3446 4252 3532 4292 me
3562 4252 3577 4291 :

2344 4322 2527 4397 Neque
2552 4322 2822 4396 despicias
2848 4337 2955 4392 me,
2985 4323 3145 4390 Deus,
3176 4324 3440 4380 salutaris
3460 4330 3637 4381 meus.

2273 4411 2315 4470 Ο
2343 4412 2494 4470 Petit
2534 4402 2825 4486 Propheta
2869 4429 2943 4469 ne
3001 4411 3305 4470 deseratur
3354 4430 3390 4468 a
3445 4412 3714 4483 Domino,
3749 4415 3866 4473 scit

2202 4502 2360 4560 enim
2382 4502 2431 4559 si
2455 4498 2549 4558 ille
2570 4501 2889 4575 reliquerit,
2905 4503 3060 4576 quod
3091 4501 3254 4559 nulla
3279 4507 3536 4576 potestas
3566 4520 3628 4562 se
3659 4523 3865 4581 regere

439 4588 580 4644 texit
599 4592 656 4644 et
674 4588 944 4662 protegit.
970 4589 1016 4645 Η
1038 4588 1139 4645 Vel
1171 4587 1232 4643 in
1253 4588 1347 4645 die
1385 4589 1672 4648 malorum
1696 4610 1812 4666 quo
1843 4595 1980 4652 mali
2010 4599 2096 4654 vi-
2131 4603 2174 4669 [)
2205 4586 2557 4666 praevalebit.
2594 4591 2639 4647 Β
2667 4589 2955 4650 Salutaris
2984 4594 3186 4648 noster
3211 4591 3483 4649 Christus
3512 4597 3628 4663 est;
3662 4598 3721 4650 et
3750 4594 3867 4651 hoc

439 4682 597 4753 gent.
620 4677 662 4735 C
679 4677 995 4748 Abscondi,
1018 4682 1107 4735 est
1125 4679 1512 4751 quaerentium
1535 4681 1718 4739 oculis
1742 4700 1857 4741 non
1880 4688 2095 4758 praebe-

440 4766 521 4835 ri;
555 4766 777 4840 protegi
811 4770 1003 4822 autem
1047 4768 1120 4823 ab
1150 4765 1312 4842 omni
1356 4772 1512 4825 metu
1551 4769 1925 4848 periculoque
1955 4774 2096 4833 libe-

439 4873 576 4913 rari.

440 4947 513 5003 10
582 4948 643 5003 In
669 4954 828 5020 petra
856 4947 1127 5004 exultavit
1152 4964 1244 5004 me
1270 4967 1290 5004 :

581 5035 646 5090 EI
672 5053 820 5091 nunc
862 5032 1131 5094 exultavit
1180 5044 1342 5110 caput
1384 5054 1567 5095 meum
1622 5056 1789 5113 super
1843 5042 2095 5111 inimicos

653 5142 818 5183 meos.

512 5213 578 5270 ln
610 5217 773 5287 petra
825 5212 1114 5283 exaltavit,
1146 5215 1204 5272 id
1253 5220 1343 5274 est
1373 5217 1431 5273 in
1463 5214 1695 5277 Christo
1741 5237 1846 5294 per
1892 5221 2089 5278 fidem.

440 5304 606 5359 llunc
635 5302 909 5361 exaltavit
936 5306 1129 5378 caput.
1153 5307 1192 5363 C
1224 5307 1263 5362 Λ
1294 5307 1483 5383 Caput
1510 5308 1607 5365 hic
1636 5327 1739 5382 pro
1770 5314 1967 5368 mente
1994 5328 2094 5386 po-

440 5392 762 5467 nitur,qno
811 5396 1114 5469 vegetante
1166 5412 1487 5470 possumus
1544 5400 1852 5456 contineri.
1905 5401 2095 5474 Super

437 5481 734 5553 inimicos,
753 5484 800 5540 Il
826 5484 882 5541 id
918 5491 1006 5541 est
1038 5492 1233 5543 motus
1263 5486 1544 5544 carnales.
1564 5486 1606 5545 C
1634 5488 1765 5546 Sive
1794 5491 2092 5563 appetitus

438 5572 699 5641 vitiosos,
724 5591 904 5647 supra
935 5592 1103 5651 quos.
1135 5593 1300 5655 mens
1336 5580 1538 5633 nostra
1567 5577 1830 5650 erigitur,
1855 5582 2091 5652 quando

440 5660 635 5726 divino
665 5663 958 5737 adjutorio
986 5682 1134 5739 pura
1163 5670 1448 5722 servatur.

2204 4686 2371 4756 rogat
2398 4678 2687 4754 Propheta
2742 4695 2817 4736 ne
2868 4678 3225 4753 despiciatur
3268 4681 3341 4738 ab
3398 4679 3520 4750 illo,
3549 4681 3608 4738 id
3639 4686 3730 4739 est
3784 4701 3868 4741 ne

2204 4769 2533 4828 committat
2562 4766 2682 4825 ulla
2709 4774 2949 4844 peccata
2977 4785 3081 4842 per
3109 4787 3235 4851 qua:
3266 4788 3301 4827 a
3329 4770 3446 4828 Deo
3481 4771 3866 4844 despiciatur.

2202 4862 2249 4917 A
2269 4859 2446 4928 Quasi
2476 4858 2713 4927 diceret,
2746 4857 2966 4916 frustra
2994 4860 3227 4927 creasti,
3250 4856 3428 4929 Deus,
3449 4856 3509 4917 et
3539 4856 3866 4931 redemisti,

2184 4948 2487 5019 Salvator,
2510 4948 2559 5005 si
2590 4947 2845 5021 despicis
2875 4965 2969 5006 me
3000 4944 3343 5006 conservare
3393 4949 3454 5005 in
3502 4951 3654 5006 bono
3702 4952 3867 5023 quod

2203 5038 2440 5104 dedisti,
2472 5035 2612 5110 quia
2638 5034 2768 5093 sine
2795 5040 2852 5093 te
2884 5036 3033 5093 nihil
3063 5043 3153 5097 est
3180 5042 3423 5095 conatus
3453 5053 3641 5095 meus.

2206 5129 2273 5186 16
2347 5127 2617 5196 Quoniam
2641 5133 2800 5198 pater
2824 5142 2979 5184 meus
3005 5135 3058 5185 et
3089 5135 3266 5186 mater
3302 5120 3422 5185 mea
3449 5127 3870 5203 dereliquerunt

2414 5230 2548 5271 me:

2344 5305 2613 5362 Dominus
2641 5308 2826 5361 autem
2850 5307 3143 5379 assumpsit
3171 5323 3275 5364 me.

2274 5394 2315 5452 Ο
2343 5393 2575 5451 Patrem
2606 5408 2803 5462 suum,
2825 5394 3012 5451 Adam
3050 5394 3309 5470 primum
3358 5394 3660 5452 hominem
3691 5395 3859 5462 dicit,

2201 5486 2450 5542 matrem
2471 5483 2600 5555 ejus
2624 5498 2862 5540 uxorem
2884 5483 3084 5553 Evam,
3105 5485 3258 5540 unde
3279 5483 3575 5558 generatio
3594 5484 3865 5542 humana

2200 5572 2520 5632 descendit.
2550 5571 2616 5629 Hi
2648 5568 3087 5646 dereliquerunt
3118 5590 3213 5630 me
3258 5573 3320 5629 in
3368 5574 3485 5630 ista
3513 5574 3755 5631 miseria
3784 5576 3861 5632 ad

2201 5679 2381 5739 quam
2412 5678 2506 5719 me
2532 5666 2948 5735 exposuerunt.
2972 5661 3260 5722 Dominus
3279 5666 3474 5720 autem
3497 5676 3669 5720 carne
3698 5678 3865 5721 acce—
