4086 6180
457 332 574 397 m1

1364 329 1431 390 s.
1476 326 1871 390 BRUNONiS
1908 300 2537 393 monentium
2572 324 2954 393 EPISCOPI.

3646 384 3659 387 _
3749 320 3881 391 Ιιΰ

453 467 654 529 docuit
683 464 962 543 populum
991 462 1144 522 viam
1171 458 1602 520 veritatis.Etin
1619 475 1796 533 opera
1816 473 2101 516 manuum
2131 460 2188 528 Α
2216 476 2393 533 quam
2423 458 2705 532 proximis
2726 476 2825 518 ore
2844 457 3217 533 proferimus,
3240 456 3513 521 cordibus
3532 460 3877 521 teneamus.

456 560 587 633 ejus
616 560 820 632 utique
836 572 954 615 non
967 553 1511 627 consideraverunt;
1543 550 1591 606 si
1614 550 2103 619 considerassent,

455 650 825 724 expavissent
852 646 1229 720 potiusquam
1261 640 1637 713 sprevissent.
1660 639 1758 709 Sic
1805 655 1941 711 ergo
1974 637 2106 703 illos

455 740 599 811 dicit
626 735 869 808 destrui,
892 738 958 795 ut
986 750 1102 790 non
1133 730 1345 787 iterum
1375 729 1627 803 debeant
1649 725 2106 802 aediﬁcariguod

456 835 651 887 tamen
682 827 913 883 videtur
942 823 1163 878 dictum
1204 835 1332 877 esse
1363 817 1699 892 praphetice
1728 816 2106 889 potiusquam

457 921 528 979 ad
558 914 871 982 iracundias
900 912 1243 986 qualitatem
1274 908 1670 973 referendum.

490 1012 524 1066 8
595 1006 916 1065 Benedictus
942 1003 1204 1059 Dominus
1236 1017 1250 1055 :

594 1097 868 1166 Quoniam
890 1091 1174 1155 exaudivit
1202 1105 1381 1145 vocem
1408 1085 1802 1158 deprecationis
1836 1099 1996 1145 mox.

524 1188 565 1244 C
597 1184 943 1248 Benedictus
972 1179 1280 1238 Dominus.
1313 1176 1437 1231 Vox
1482 1174 1697 1231 Christi
1745 1175 1816 1231 ad
1848 1178 2102 1241 Patrem,

451 1276 726 1351 quoniam
758 1270 1053 1333 exaudivit
1081 1267 1203 1341 (qui
1231 1271 1321 1324 est
1349 1265 1550 1337 utique
1598 1263 1964 1332 benedictus,
1992 1261 2105 1323 etsi

453 1385 569 1425 non
616 1364 891 1424 exaudiat
918 1375 1115 1419 vocem
1149 1353 1595 1430 deprecationis)
1625 1353 1823 1413 dicens
1847 1369 1860 1407 :
1883 1351 2105 1416 Clariﬁ.

452 1457 574 1514 cavi
604 1459 663 1513 et
692 1455 904 1511 iterum
936 1447 1267 1507 clarificabo
1296 1444 1413 1509 (Job
1442 1446 1567 1512 xii),
1598 1443 1699 1498 sed
1737 1440 1971 1515 proprie
2000 1442 2104 1501 be-

451 1547 721 1606 nedictus
752 1542 1124 1607 dicitur,cum
1156 1534 1376 1609 gratias
1408 1532 1641 1606 agimus
1664 1530 2100 1600 benedicendo;

451 1640 585 1712 apte
636 1634 818 1709 igitur
863 1629 1056 1687 dictus
1084 1630 1173 1683 est
1201 1622 1544 1683 benedictus
1574 1619 1671 1693 qui
1701 1617 1977 1681 exaudire
2014 1618 2100 1676 di-

451 1729 666 1802 gnatus
692 1724 802 1780 est.

473 1818 518 1872 .9
589 1814 851 1881 Dominus
879 1809 1095 1882 adiutor
1121 1818 1274 1860 meus
1295 1806 1350 1860 et
1369 1803 1642 1874 protector
1668 1814 1820 1859 metu
1852 1816 1866 1854 :

607 1911 663 1970 »ξι
690 1905 755 1959 Et
794 1905 809 1967 ζ
835 1902 896 1956 in
926 1900 1040 1970 ipso
1058 1893 1297 1968 speravit
1313 1907 1407 1948 cor
1427 1888 1702 1949 mewn.Et
1721 1887 1941 1960 adjutus
1955 1902 2098 1945 sum.

519 1994 562 2051 C
589 1994 855 2065 Adjutor,
888 1989 958 2044 ad
991 1982 1252 2059 pericula
1295 1979 1425 2037 vitae
1468 1978 1740 2053 pertinet,
1768 1990 1896 2049 quae
1936 1976 2102 2039 Patre

448 2084 760 2157 adjuvante
781 2079 843 2136 in
865 2075 1138 2151 passione
1159 2065 1944 2144 superavit.Protector,quia
1963 2080 2100 2125 eum

448 2153 537 2230 ab.
570 2170 806 2227 insidiis
853 2163 1160 2223 diabolicis
1206 2176 1316 2217 sua
1362 2155 1700 2214 defensione
1744 2153 2001 2211 vallavit.
2036 2153 2098 2209 In

447 2265 635 2321 morte
664 2255 917 2333 speravit
945 2250 1284 2310 humanitas
1320 2247 1381 2304 in
1430 2245 1812 2302 divinitatem.
1844 2243 2100 2316 Adjutus

447 2369 601 2422 sum,
633 2350 695 2407 in
724 2343 1101 2404 tribulatione
1134 2343 1201 2396 ut
1229 2351 1614 2410 resurgerem.

451 2443 522 2499 10
594 2440 662 2500 At
686 2436 937 2509 reﬂoruit
964 2445 1091 2488 caro
1118 2445 1242 2486 mea
1271 2444 1286 2485 :

586 2530 655 2586 Et
679 2543 749 2584 ex
775 2525 1056 2587 voluntate
1080 2535 1203 2576 mea
1230 2515 1522 2589 conﬁtebor

515 2621 559 2677 C
590 2615 809 2675 Floruit
839 2628 976 2687 ergo
1005 2625 1140 2667 caro
1172 2606 1406 2680 quando
1435 2621 1503 2661 ex
1531 2600 1769 2675 Virgine
1797 2601 1925 2669 sine
1964 2615 2095 2672 pec-

447 2713 573 2768 cato
604 2703 867 2773 emicuit,
894 2706 1175 2773 tanquam
1223 2694 1538 2769 pulchrum
1583 2691 1745 2751 ﬂoris
1797 2691 1998 2760 decus,
2032 2692 2099 2744 ut

444 2794 626 2858 Isaias
660 2816 672 2854 :
704 2796 777 2852 Et
820 2794 929 2849 ﬂos
977 2790 1048 2846 de
1097 2787 1291 2843 radice
1338 2785 1465 2856 ejus
1512 2781 1786 2839 ascendet
1833 2781 1957 2852 (Isa.
2008 2780 2093 2848 ii),

445 2889 554 2946 Sed
588 2884 1009 2952 reﬂeruit,cum
1058 2873 1394 2934 resurrexit.
1418 2871 1701 2944 Conﬁteor,
1734 2869 1784 2925 II
1813 2873 1876 2934 ut
1904 2868 2046 2924 illud
2079 2884 2093 2923 :

446 2977 737 3035 Conﬁteor
759 2969 890 3041 tibi,
920 2966 1165 3027 Domine
1213 2965 1381 3022 Pater
1424 2960 1556 3017 cadi
1586 2963 1646 3016 et
1673 2961 1838 3015 terrae
1871 2957 2092 3028 (Matth.

445 3068 532 3142 ιι),
559 3068 670 3125 etc.

447 3159 506 3215 11
586 3154 847 3213 Dominus
874 3146 1137 3225 fortitudo
1162 3144 1338 3218 plebis
1364 3156 1485 3200 suae
1516 3156 1530 3196 :

587 3247 652 3302 Et
678 3245 948 3318 protector
973 3238 1340 3294 salvationum
1370 3231 1575 3289 Christi
1597 3230 1688 3284 sui
1713 3234 1807 3284 est.

515 3339 555 3392 Ο
581 3314 784 3392 Merito
812 3328 1027 3387 dicitur
1072 3322 1357 3385 Dominus
1400 3318 1680 3386 fortitudo
1725 3314 1912 3389 plebis
1952 3331 2094 3381 suis,

447 3424 682 3499 quando
714 3421 958 3478 adversa
980 3419 1193 3473 cuncta
1220 3412 1349 3484 ipso
1377 3407 1691 3480 auxiliantp
1721 3406 2093 3477 superantur.

446 3491 1048 3583 Drotector,quoniam
1070 3520 1169 3561 eos
1189 3499 1335 3574 tegit
1359 3500 1416 3553 et
1443 3496 1655 3552 liberat
1682 3495 1756 3550 ab
1786 3491 2097 3550 imminen-

447 3604 608 3661 tibus
639 3600 831 3658 malis.
852 3593 1275 3659 Salvationum,
1308 3587 1366 3643 id
1399 3590 1491 3642 est
1511 3586 1837 3658 justorum.

518 3693 567 3752 Η
594 3683 1072 3757 Addidit,Christi
1102 3677 1581 3753 sui,quicumque
1607 3671 1765 3729 enim
1787 3671 1848 3727 in
1869 3669 2096 3727 Christo

444 3783 791 3857 baptizatus
806 3781 896 3834 est
926 3791 941 3830 :
977 3777 1034 3832 et
1062 3773 1188 3845 ipse
1217 3763 1571 3834 Christus,id
1592 3765 1682 3820 est
1702 3769 1916 3818 unctus
1935 3776 2103 3818 voca-.

443 3877 542 3930 tus
573 3874 681 3928 est.

446 3964 516 4019 12
586 3960 815 4017 Salvum
842 3957 932 4028 [ac
957 3946 1224 4026 populum
1272 3952 1448 4017 tuum,
1479 3943 1725 4011 Domine,
1779 3948 1830 3996 et
1878 3939 2100 3997 bencdic

659 4045 976 4107 hareditati
1006 4050 1120 4100 tua?
1157 4057 1170 4096 :

588 4141 655 4197 Et
677 4153 804 4209 rege
829 4152 940 4203 eos,
972 4137 1025 4190 et
1051 4129 1251 4189 attolle
1280 4126 1406 4182 tuos
1430 4137 1599 4195 usque
1626 4122 1688 4209 in

515 4226 558 4284 C
586 4206 1098 4283 Orat'hufnanitas
1143 4213 1320 4271 Verbi
1360 4228 1465 4285 pro
1513 4207 1729 4284 populo
1767 4206 2098 4264 Christiano

443 4320 708 4391 (prepter
735 4326 910 4387 quem
942 4313 999 4366 et
1028 4305 1309 4381 probatur
1337 4317 1466 4391 esse
1494 4300 1825 4391 assumpta)
1844 4299 1913 4353 ut
1927 4295 2097 4353 satis-

445 4385 696 4477 factione
714 4385 867 4478 ﬁdeli
886 4399 945 4455 in
963 4398 1073 4455 hoc
1094 4393 1315 4451 mundo
1340 4389 1539 4448 salvus
1559 4385 2099 4445 ﬁatﬁaareditatem

444 4475 663 4550 Christi
691 4475 1015 4548 Ecclesium
1047 4483 1208 4554 dicit,
1228 4498 1408 4556 quam
1439 4496 1545 4536 suo
1576 4480 1777 4535 sancto
1808 4475 2099 4549 sanguine

2216 550 2325 606 Per
2351 549 2665 606 Dominum
2688 553 2978 618 nostrum,
3007 553 3116 606 etc.

2734 637 3069 699 PSALMUS
3098 636 3348 698 XXVIII.

2619 743 3023 791 ARGUMENTDM
3060 743 3222 789 PSAL.
3259 730 3454 789 milia.

2287 817 2327 873 C
2374 816 2685 873 Credentes
2732 814 3019 889 Propheta
3063 814 3411 890 generaliter
3458 815 3757 887 admonet,
3808 818 3883 871 ut

2215 906 2464 967 Domino
2494 904 2785 965 sacriﬁcia
2814 906 3022 969 devota
3049 908 3244 967 mente
3264 903 3888 978 ρευεοινιῃικμδίωει-

2217 996 2305 1057 ria
2332 995 2667 1057 narratione
2696 995 2883 1058 sancti
2914 994 3168 1069 Spiritus
3200 994 3446 1053 virtutes
3495 1010 3881 1058 enumerans.

2215 1086 2327 1145 TT.
2357 1086 2610 1145 Pcatmus
2641 1085 2873 1152 David-3-
2893 1086 2954 1147 in
2981 1085 3444 1145 coruummatioue
3459 1083 3803 1147 mbmmli
3846 1089 3864 1149 Σ

2285 1174 2327 1230 C
2354 1174 2799 1234 Consummatio
2830 1173 3191 1235 tabernaculi
3213 1171 3626 1246 perfectionem
3649 1172 3879 1247 signiﬁ-

2212 1267 2317 1320 cat
2338 1262 2605 1322 Ecclesire
2624 1262 2939 1332 catholicas,
2973 1279 3100 1335 quae
3131 1278 3236 1335 per
3262 1263 3452 1323 totum
3499 1260 3701 1329 orbem
3731 1278 3871 1334 pro-

2212 1354 2387 1413 batur
2416 1370 2545 1413 esse
2574 1355 2929 1411 constructa.
2946 1352 3049 1413 Est
3070 1351 3228 1411 enim
3258 1353 3418 1415 totus
3442 1348 3559 1415 iste
3575 1336 3871 1423 psalmus,

2213 1442 2467 1518 Spiritus
2494 1442 2687 1500 sancti
2716 1441 2890 1501 laude
2918 1440 3300 1515 plenissimus
3332 1456 3346 1496 :

2244 1534 2278 1591 1
2371 1539 2427 1601 ι-ξο
2452 1534 2657 1606 ΑῙῙενιε
2676 1533 2931 1597 Domino,
2957 1531 3070 1603 ﬁlii
3097 1530 3195 1587 Dei
3236 1533 3250 1591 ἶ

2354 1622 2557 1695 Aﬂ'erte.
2582 1622 2814 1680 Domino
2840 1620 2984 1691 ﬁlios
3011 1619 3271 1679 arietum.

2282 1712 2330 1768 Η
2363 1716 2486 1768 Vox
2515 1710 2726 1769 Christi
2759 1709 3167 1783 prmdicatores
3191 1705 3597 1778 admonemqui
3617 1720 3878 1780 perm

2192 1802 2356 1859 tiam
2382 1800 2441 1858 in
2460 1799 2836 1873 adeptionem
2856 1797 3114 1862 filiorum
3126 1795 3314 1854 vocati
3339 1794 3654 1862 sunt-Quid
3675 1795 3881 1863 admo-

2190 1890 2352 1947 ‘net?
2382 1891 2586 1949 afferre
2608 1886 3178 1962 pmdicaticncmct
3203 1883 3615 1957 exemplumrH
3643 1882 3687 1949 G
3715 1883 3880 1940 Arie-

2210 1986 2298 2038 tes
2346 1978 2594 2053 apostoli
2637 1980 2778 2047 sunt
2824 1974 3172 2049 accipiendi.
3203 1974 3247 2032 Β
3273 1974 3438 2036 Arios
3482 1973 3639 2035 enim
3678 1973 3875 2035 dictus

2211 2071 2381 2144 quasi
2412 2087 2447 2126 a
2472 2069 2657 2144 fronte
2684 2064 2942 2135 ruens,id
2973 2068 3063 2123 est
3089 2064 3353 2129 diuisus.
3385 2062 3431 2123 Η
3462 2062 3573 2129 Qui
3598 2062 3721 2119 duo
3738 2079 3870 2129 cor-

2209 2177 2329 2217 nua
2353 2159 2532 2216 habet
2560 2157 2623 2215 in
2648 2153 3017 2231 capitc,sicut
3046 2153 3236 2215 sancti
3256 2151 3514 2225 apostoli
3533 2151 3871 2213 habuerunt

2207 2250 2326 2306 duo
2355 2249 2730 2305 Testamenta
2758 2262 2885 2318 quas
2916 2242 3396 2318 praedicaverunt.
3431 2240 3560 2303 Filii
3580 2240 3863 2327 pristiam,

2206 2353 2577 2396 successores
2606 2334 3008 2409 apostolorum
3038 2335 3200 2391 sunt.

2235 2429 2277 2483 2
2346 2427 2546 2501 Alferte
2574 2426 2802 2482 Domino
2826 2423 3066 2496 ctoriam
3089 2429 3143 2480 et
3163 2420 3427 2481 honorem
3455 2434 3469 2476 :

2346 2518 2545 2590 Aﬁerte
2573 2514 2802 2572 Domino
2822 2513 3059 2585 gloriam
3086 2511 3304 2569 nomini
3331 2510 3448 2583 ejus
3481 2525 3494 2565 :

2349 2606 2577 2664 Arietate
2605 2605 2908 2663 Dominum
2936 2604 2999 2658 in
3021 2603 3164 2659 atrio
3190 2606 3374 2659 sancto
3416 2604 3474 2664 -ἓ
3499 2598 3616 2671 ejus
3658 2602 3671 2664 ζ

2276 2697 2322 2753 Η
2352 2696 2564 2763 Aﬂ'erte
2611 2691 2858 2750 Domino
2905 2690 3175 2765 gloriam,
3204 2692 3271 2744 ut
3326 2704 3429 2761 per
3457 2703 3635 2760 opera
3659 2689 3859 2760 vestra

2205 2785 2565 2861 gloriﬁcetur
2592 2786 2844 2839 internus
2877 2781 3049 2837 Deus.
3081 2779 3294 2835 Aﬂ'erte
3324 2775 3549 2837 nomini
3581 2777 3855 2855 ejumnon

2206 2850 2339 2932 men
2358 2872 2546 2930 Patris
2562 2871 2745 2929 Filius
2762 2873 2882 2938 est;
2906 2867 3104 2943 gloria
3125 2865 3634 2934 Christiﬁeclesia
3655 2868 3746 2923 est

2204 2967 2385 3033 est,ut
2399 2979 2503 3035 per
2516 2976 2619 3018 vos
2652 2976 2867 3016 nomen
2898 2958 3028 3030 ejus
3056 2956 3116 3013 in
3145 2954 3376 3015 uinctis
3400 2953 3678 3029 gentibus
3691 2953 3862 3013 inno-

2203 3053 2662 3112 tescat.'Adorate
2691 3050 2752 3106 in
2784 3048 2931 3106 atrio
2962 3048 3186 3105 sancto.
3220 3045 3262 3102 C
3285 3045 3351 3111 id
3378 3046 3490 3112 est,
3526 3041 3697 3103 colite
3718 3057 3857 3105 eum

2206 3144 2268 3200 in
2285 3140 2644 3201 conscientia
2657 3142 2850 3196 vestra
2864 3134 3416 3208 mundissima,ipsa
3435 3135 3527 3193 eet
3544 3131 3703 3193 enim
3722 3130 3860 3193 aula

2126 3204 2170 3272 Ο
2209 3231 2424 3307 regalis
2453 3233 2510 3288 et
2539 3227 2821 3286 habitatio
2848 3224 3102 3299 Spiritus
3132 3204 3341 3283 sancti.

2237 3323 2272 3379 3
2349 3323 2461 3378 Vox
2506 3319 2729 3376 Domini
2768 3331 2932 3389 super
2975 3328 3145 3386 aquas
3195 3328 3210 3369 :
3261 3315 3409 3370 Deus
3436 3309 3741 3384 mjeuatis
3768 3310 3858 3365 in-

2416 3409 2593 3466 tonuit
2621 3423 2636 3463 :

2310 3499 2576 3557 Dominus
2606 3511 2770 3569 super
2797 3509 2968 3567 aquas
2992 3492 3217 3549 multas.

2278 3590 2320 3645 Η
2350 3588 2475 3645 Vox
2503 3585 2819 3654 Domini,id
2851 3586 2941 3641 est
2968 3578 3301 3656 praedicatio
3320 3575 3675 3647 Dei,seilicat
3687 3573 3861 3637 ωλισὶ-

2205 3677 2281 3737 sti
2311 3694 2415 3751 per
2444 3693 2506 3732 se
2536 3679 2595 3731 et
2619 3672 2915 3747 apostolos
2947 3684 3300 3741 suos,super
3327 3682 3535 3739 aquas,
3566 3664 3626 3723 id
3646 3667 3859 3725 estsu-

2205 3785 2308 3841 per
2341 3763 2680 3841 populos,ut
2705 3766 2797 3819 est
2823 3761 2969 3817 illud
2991 3779 3008 3816 :
3031 3755 3439 3832 Aquie'multn
3467 3752 3667 3831 populi
3684 3752 3861 3817 multi

2207 3859 2385 3931 (Apoc.
2420 3858 2547 3923 xu).
2586 3857 2740 3909 Deus
2772 3848 3120 3923 maiestatis,
3153 3852 3306 3905 Deus
3354 3842 3682 3918 potestatis,

2207 3930 2338 4003 nuit
2365 3945 2649 4002 Dominus
2677 3956 2855 4013 super
2883 3936 3153 4012 aquas,id
3181 3938 3272 3993 est
3298 3931 3637 3999 terribilim
3658 3930 3866 4004 ρηκιί.

2206 4033 2377 4103 cavit,
2411 4033 2482 4089 de
2510 4027 2887 4088 tabernaculo
2914 4025 3206 4098 assumpti
3236 4021 3496 4097 corporis
3526 4018 3759 4095 populi:
3780 4018 3868 4082 di-

2207 4140 2347 4182 cens
2380 4140 2394 4179 :
2427 4119 2833 4179 Paenitentiam
2859 4114 3241 4190 agite(Matth.
3265 4108 3863 4184 w).GiEcoepriann.m

2208 4213 2428 4270 donum
2458 4209 2713 4284 Spiritus
2745 4204 2954 4274 sancti,
2978 4202 3428 4261 scilicet.’l‘imor
3457 4215 3635 4274 quem
3657 4197 3869 4272 prsidi,-

2207 4302 2394 4360 cando
2425 4297 2695 4357 Christus
2724 4295 3021 4353 cordibus
3067 4291 3375 4350 hominum
3406 4288 3588 4346 dedit.
3621 4286 3863 4348 Initium

2208 4392 2366 4449 enim
2396 4386 2698 4462 sapientiai
2741 4389 2799 4443 et
2845 4381 3201 4458 paenitentia:
3244 4380 3427 4438 tueor
3474 4375 3702 4437 Domini
3747 4379 3860 4440 est.

2207 4481 2379 4552 (Psal.
2411 4477 2523 4552 cx).

445 4579 775 4655 acquisivit.
807 4582 857 4633 Η
882 4577 1015 4642 Quae
1046 4572 1233 4632 Patris
1257 4576 1346 4629 est
1375 4574 1432 4627 et
1462 4567 1733 4640 sua,quia
1762 4564 1943 4621 dixit:
1968 4564 2095 4620 Om-
2130 4576 2174 4643 ι)
2241 4572 2272 4627 4
2349 4570 2459 4633 Vox
2486 4566 2709 4625 Domini
2737 4565 2801 4622 in
2828 4564 3029 4621 υενωω
3060 4577 3075 4617 :

443 4653 550 4730 nia
574 4674 677 4741 tua
701 4683 837 4726 mea
865 4670 1004 4723 sunt
1031 4668 1089 4723 et
1117 4680 1248 4720 mea
1276 4666 1383 4718 tua
1413 4661 1587 4734 (Joan.
1624 4673 1686 4729 II,
1722 4653 1860 4711 huic
1908 4653 2089 4710 hisre-

443 4759 611 4835 ditati
640 4759 786 4833 petit
812 4755 1170 4823 benedici,ut
1193 4749 1511 4807 virtutbus
1541 4751 1598 4804 et
1624 4761 1869 4803 numero
1889 4758 2099 4817 augea-

444 4832 606 4911 ιω·ζο
637 4832 858 4923 Degere
883 4843 1131 4920 populos
1160 4841 1399 4898 devotos
1428 4835 1571 4913 petii
1598 4851 1671 4892 ne
1697 4832 1952 4891 carnalia
1967 4847 2101 4888 con-

444 4941 769 5019 cupiscant;
803 4933 1086 5007 Extollere
1113 4934 1180 4988 ut
1221 4930 1282 4986 in
1327 4925 1629 4985 intellectu
1658 4923 2098 4996 Scripturarum

443 5034 501 5088 et
520 5010 698 5102 opere
726 5010 928 5085 sancto
961 5021 1291 5099 proﬁciant,
1322 5021 1387 5075 ut
1418 5034 1452 5073 a
1481 5012 1728 5072 terrenis
1757 5010 1911 5069 vitiis
1957 5027 2098 5084 pur-

444 5100 587 5194 gati,
620 5118 693 5175 ad
726 5120 944 5173 aeterna
969 5114 1204 5187 prmia
1230 5108 1647 5183 perducantur,
1680 5106 1736 5160 et
1772 5100 1883 5158 hoc
1902 5104 2098 5175 petunt

445 5188 656 5264 debere
688 5204 813 5262 ﬁeri
845 5220 1033 5276 usque
1064 5202 1135 5258 ad
1166 5199 1313 5257 illud
1343 5196 1621 5255 saeculum
1671 5196 1976 5257 internum,
2003 5188 2099 5246 cui

446 5294 674 5364 nullum
708 5293 864 5351 aliud
890 5290 1169 5348 succedit.

913 5396 1116 5437 ORATIO
1156 5395 1224 5433 EX
1263 5393 1421 5433 PSAL.
1461 5390 1640 5431 XXVII.

519 5472 822 5531 Fortitudo
853 5465 1467 5536 omnium,fortissime
1501 5465 1670 5531 Deus,
1704 5458 1864 5516 salva
1909 5474 2095 5531 popu-

446 5565 570 5622 lum
593 5567 762 5620 tuum
794 5579 827 5618 a
858 5556 1350 5631 descendentibus
1378 5553 1439 5610 in
1468 5552 1684 5620 lacum,
1714 5553 1765 5606 et
1792 5549 1875 5605 ita
1903 5563 2004 5604 eos
2036 5546 2095 5602 in

448 5653 667 5730 templo
715 5655 917 5711 sancto
960 5666 1072 5709 suo
1121 5643 1483 5706 unanimiter
1512 5643 1760 5709 innecte,
1795 5642 1860 5696 ut
1891 5652 2094 5711 pacem

2320 4660 2454 4717 «νοω
2485 4656 2711 4715 Domini
2737 4655 2801 4711 in
2818 4650 3255 4725 magniﬁcentia.

2277 4749 2323 4806 H
2354 4746 2558 4804 Merito
2588 4760 2725 4819 ergo
2750 4760 2860 4811 vox
2888 4740 3119 4811 Domini
3149 4738 3213 4799 in
3239 4735 3454 4807 virtute
3483 4729 3869 4819 dicitur,quia

2204 4838 2265 4896 in
2277 4851 2631 4909 unoquoque
2648 4818 2850 4891 sancto
2866 4827 3195 4904 loquiturﬂ
3205 4825 3337 4884 Etsi
3352 4821 3532 4882 nullis
3545 4818 3866 4909 obstaculis

2204 4908 2564 4982 obviatur.ln
2588 4916 3193 4996 magniﬁcentia,quid
3221 4912 3389 4972 enim
3412 4908 3636 4982 Spiritu
3657 4910 3866 4996 sancto

2206 4994 2716 5087 magniﬁcentius?
2744 5008 2846 5083 qui
2884 5005 3220 5065 illuminato
3250 5000 3423 5059 corde
3453 4996 3674 5087 sentire
3702 4994 3868 5073 facit,

2205 5106 2273 5160 ut
2303 5084 2657 5176 appetuntur
2687 5099 2861 5165 bona,
2883 5100 2942 5155 et
2972 5094 3231 5170 pessima
3260 5104 3508 5166 qumque
3536 5084 3865 5176 fugientum

2206 5197 2248 5249 C
2277 5172 2833 5259 Invitirtuteﬁonum
2864 5185 3134 5260 pietatis;
3166 5182 3228 5240 in
3260 5175 3717 5255 magniﬁcentia,
3750 5172 3869 5237 d0-

2207 5299 2353 5338 num
2384 5280 2642 5338 scientia:
2674 5280 2937 5335 notatur.

2239 5372 2276 5426 5
2352 5376 2472 5429 Vox
2497 5371 2731 5427 Domini
2760 5364 3160 5440 confringantis
3184 5362 3365 5426 cedro;
3399 5374 3412 5415 :

2348 5463 2426 5517 Et
2452 5461 2760 5532 confringet
2782 5458 3045 5517 Dominus
3067 5454 3250 5511 cedrus
3277 5448 3496 5507 Libani.

2276 5550 2323 5607 Η
2354 5550 2522 5608 Codri
2549 5529 2829 5606 dicuntur
2866 5544 3105 5621 superbi
3151 5541 3241 5600 vel
3288 5536 3601 5597 sublimes.
3637 5529 3869 5621 C'Bene

2202 5639 2360 5703 enim
2391 5642 2765 5714 comparatur
2778 5617 2988 5695 cedrus
3004 5632 3299 5708 superbis,
3320 5644 3453 5703 qua
3471 5621 3665 5682 nullos
3685 5617 3871 5697 util“
