4122 6184
211 271 335 333 133

1472 260 1897 324 EXPOSl’l‘IO
1936 260 2463 328 PSALMORUM.

3567 266 3688 327 134

208 398 622 463 descenderet.
647 394 947 463 Accelera,
976 392 1036 451 id
1061 395 1156 451 est
1173 392 1402 463 festina
1425 394 1917 452 resurrectionem
1947 396 2004 464 Α
2033 395 2408 466 innodamur,
2444 414 2548 453 nec
2580 402 2782 456 nostra
2820 400 3035 457 virtute
3070 407 3401 473 possumus
3448 398 3689 467 absolvu,

211 494 355 550 dare
376 488 780 547 celerrimam.
860 504 861 507 η
1438 512 1441 517 ›
1655 528 1663 534 .

244 584 282 637 3
356 581 486 637 Esto
512 578 659 634 mihi
679 577 745 633 iu
768 577 943 631 Deum
967 577 1345 647 protectorem
1380 574 1441 631 et:
1466 576 1524 629 in
1572 572 1799 630 domum
1828 590 1915 629 re.

429 669 630 741 facii:
1070 694 1071 697 ~
1232 694 1269 715 --

359 760 429 817 ω
454 757 676 814 salvum
702 770 795 812 me
823 754 1019 825 facias.
1200 796 1205 801 .
1544 797 1549 800 .

288 848 337 906 Η
361 847 489 907 Vox
522 843 797 915 Ecclesia;
832 861 849 898 :
884 844 944 898 in
985 841 1179 899 Deum
1232 844 1645 919 protectorem,
1668 841 1785 911 hoc
1826 845 1925 907 est,

219 940 279 995 in
306 919 497 994 Deum
529 928 932 999 defensorem,
961 931 1102 1004 quia
1127 927 1310 997 multi
1336 935 1476 987 sunt
1496 929 1583 991 dii
1609 947 1916 1003 nuncupa-

221 1028 324 1084 tivi
351 1024 526 1082 nobis
552 1026 759 1079 autem
807 1036 966 1079 unus
1007 1019 1320 1086 Deus,una
1341 1018 1701 1097 fides,unum
1733 1018 1919 1093 bapti-

222 1119 603 1173 sma.Domus
632 1108 852 1184 refugii
875 1110 999 1182 ipse
1019 1102 1202 1177 est,in
1236 1125 1356 1181 qua
1380 1110 1544 1180 pater
1568 1108 1817 1171 habitat.

257 1207 289 1262 4
366 1202 645 1272 Quoniam
674 1197 951 1272 fortitudo
977 1215 1099 1255 mea
1130 1202 1187 1254 et
1215 1199 1495 1268 refugium
1532 1192 1718 1256 meum
1736 1190 1791 1255 es
1813 1201 1875 1253 tu
1895 1216 1914 1253 :

360 1294 430 1349 Et
454 1286 683 1366 propter
702 1280 918 1346 nomen
962 1297 1121 1345 tuum
1152 1277 1402 1344 deduce:
1442 1303 1529 1343 me
1573 1295 1626 1343 et
1668 1288 1917 1343 enutries

288 1465 687 1535 CFortitudo,
737 1462 999 1540 pertinet
1026 1462 1111 1521 ad
1167 1462 1474 1521 toleranda
1517 1479 1648 1537 quae
1694 1479 1912 1537 passus

217 1568 329 1629 est,
375 1558 685 1631 refugium
732 1554 807 1610 ad
855 1552 1034 1609 ﬁnem
1083 1548 1376 1611 malorum
1408 1570 1422 1608 :
1451 1551 1688 1624 Quando
1737 1551 1912 1613 istius

220 1647 419 1708 saeculi
461 1645 822 1720 iniquitates
869 1641 1171 1715 superavit
1211 1640 1328 1696 fine
1367 1637 1633 1713 gloriosas
1679 1640 1909 1697 mortis.

222 1741 349 1798 Dux
375 1739 504 1794 erat
524 1732 915 1791 humanitate
958 1728 1269 1797 Dominus,
1317 1728 1548 1801 quando
1576 1734 1766 1785 suum
1811 1744 1913 1783 no-
1943 1767 1992 1835 Β

220 1846 357 1889 men
385 1842 493 1901 per
516 1822 1069 1893 universasgentes
1095 1818 1235 1874 fecit
1257 1818 1548 1889 cognosci.
1570 1816 1651 1872 En
1661 1816 1912 1873 utritum

226 1935 287 1975 se
332 1915 500 1985 dicit,
547 1923 872 1986 quousque
905 1908 981 1963 ad
1026 1905 1445 1980 perfectionem
1489 1904 1777 1962 catholica
1802 1906 1913 1961 Ec-

227 2005 407 2063 clesia
428 1996 629 2077 ipsius
656 2012 911 2055 munere
928 1993 1335 2069 perveniret,ll
1360 1995 1406 2048 A
1430 1993 1486 2048 id
1511 2000 1602 2050 est
1628 1992 1913 2067 paulatim

229 2099 462 2152 sanctos
488 2085 1124 2164 aggregando,corpus
1150 2082 1429 2156 ipsius,id
1453 2086 1561 2151 est,
1588 2081 1914 2139 Ecelesiam

229 2187 424 2241 auget.
1016 2206 1017 2209 η
1276 2204 1279 2207 ·

256 2199 579 2329 Egimus:
623 2283 730 2324 me
786 2265 855 2322 de
908 2265 1108 2339 laqueo
1158 2263 1261 2317 hoc
1512 2262 1917 2341 absconderant

370 2359 568 2416 mihi:
753 2384 803 2392 -α
910 2380 985 2387 λ’
1429 2380 1433 2384 ’

374 2449 651 2517 Quoniam
676 2452 738 2502 tu
760 2460 817 2501 es
844 2445 1127 2517 protector
1152 2455 1327 2496 meus.

309 2542 351 2595 C
405 2538 559 2610 Ergo
604 2534 907 2607 laqueum,
941 2529 1383 2586 absconderunt
1422 2528 1609 2585 Judaei
1661 2528 1911 2596 Christo,

234 2628 378 2701 quia
401 2622 654 2682 occultis
693 2639 831 2680 eum
858 2618 1359 2677 machinabantur
1389 2617 1629 2689 perdere
1659 2617 1913 2684 insidiis,

241 2718 399 2775 unde
425 2732 492 2772 se
521 2713 666 2769 dicit
691 2708 1095 2775 educendum,
1142 2705 1202 2761 id
1232 2708 1323 2762 est
1350 2706 1792 2762 resurrectionis
1816 2705 1915 2760 be-

234 2805 447 2863 neﬁcio
485 2803 560 2859 ad
586 2814 847 2873 superna
862 2792 1916 2855 velociterelevandum.Protectorem

240 2895 560 2953 Dominum
585 2888 751 2958 dicit,
780 2886 927 2963 quia
952 2901 1023 2943 eo
1048 2884 1389 2958 protegente
1410 2881 1589 2953 nulla
1597 2886 1790 2956 potest
1814 2882 1914 2949 ad-

236 2982 494 3040 versitas
516 2976 863 3055 praevalere,
1232 3042 1235 3045 _
1262 3010 1263 3013 η
1612 3038 1615 3041 .

268 3075 309 3129 6
378 3073 448 3130 In
473 3086 676 3126 manus
695 3059 1172 3137 tuascouzmendo
1201 3061 1461 3133 spiritum
1482 3076 1666 3131 meum
1685 3078 1715 3117 ,-

381 3159 680 3231 Βιαιωωὶ
696 3172 809 3225 me,
836 3154 1076 3211 Domine
1096 3142 1237 3209 om
1265 3151 1530 3223 veritatis.

309 3249 356 3305 Η
383 3250 449 3304 In
475 3261 690 3303 manus
716 3248 872 3312 tuas,
902 3240 962 3296 id
990 3244 1082 3295 est
1104 3238 1377 3311 potestati
1419 3241 1561 3313 tuac;
1583 3240 1624 3294 C
1652 3236 1907 3308 Dignum

232 3355 373 3411 ergo
398 3337 534 3403 fuit,
567 3338 634 3390 ut
659 3314 841 3390 tanto.
868 3326 1202 3401 suscepturi
1246 3323 1376 3384 talis
1402 3324 1912 3399 commendaretur

236 3429 507 3502 spiritus.
535 3422 779 3495 Addidit
829 3420 1038 3487 etiam,
1086 3416 1220 3490 quis
1264 3420 1417 3472 esset
1464 3414 1576 3502 iste
1600 3413 1909 3484 Dominus,

240 3498 382 3590 quia
406 3519 497 3571 est
522 3517 679 3569 Deus
705 3509 995 3574 veritatis,
1026 3503 1263 3561 illorum
1305 3502 1462 3560 enim
1490 3498 1643 3590 Deus
1669 3507 1758 3559 est
1787 3519 1913 3576 spe-

234 3589 466 3662 cialiter
494 3602 598 3676 qui
628 3600 935 3657 veritatem
969 3592 1246 3668 diligunt,
1292 3611 1395 3650 nec
1424 3593 1484 3647 in
1527 3589 1725 3664 aliqua
1749 3589 1909 3650 falsi-

234 3700 354 3751 tate
382 3694 728 3749 miscentur.
1246 3746 1251 3751 .
1426 3690 1429 3697 ³

273 3784 307 3801 ·’
382 3780 566 3839 Odisti
588 3780 938 3836 observantes
963 3770 1255 3830 vanitates.

381 3872 457 3928 Su
458 3883 746 3942 pervacue.
1126 3944 1129 3947 _

308 3965 350 4016 C
378 3959 553 4015 Juste
576 3970 713 4029 ergo
738 3954 979 4020 veritas,
1006 3951 1209 4008 oderat
1251 3949 1599 4017 vanitatem,
1626 3948 1766 4021 quia
1808 3965 1913 4005 va-

239 4052 400 4107 nitas
426 4050 488 4103 in
518 4045 769 4103 folsitate
799 4046 1089 4100 versatur.
1121 4040 1167 4096 H
1199 4039 1372 4097 Odire
1412 4036 1574 4094 enim
1600 4036 1755 4094 Deus
1776 4037 1915 4094 dici-

237 4146 339 4196 tur
367 4139 433 4193 in
459 4135 617 4209 quod
642 4129 1181 4207 reprobat.Addidit
1206 4141 1593 4201 supervacue.
1620 4143 1748 4200 qua:
1796 4143 1912 4183 non

241 4228 442 4287 solum
468 4241 651 4287 vacua
677 4222 907 4280 vanitas
929 4219 1150 4279 dicitur
1176 4218 1278 4276 sed
1304 4218 1491 4274 etiam
1530 4232 1911 4289 supervacua.

240 4314 567 4374 AVanitas
591 4316 682 4370 est
704 4311 886 4384 hujus
910 4306 1107 4367 saeculi
1132 4306 1279 4367 falsa
1302 4304 1714 4378 felicitas,quae
1735 4315 1915 4363 vacus

241 4405 618 4471 observatur,
642 4401 786 4475 quia
827 4399 1094 4473 perditur
1119 4423 1135 4468 ;
1161 4402 1219 4455 et
1242 4408 1607 4469 supervacue
1646 4395 1939 4473 observa-_

242 4501 367 4562 tur,
399 4489 637 4566 quando
660 4507 765 4565 pro
791 4506 862 4547 ea
887 4488 1159 4546 habenda
1181 4487 1363 4546 etiam
1390 4482 1553 4557 male.
1574 4485 1788 4559 agitur.

276 4585 315 4639 8
389 4584 505 4655 Ego
528 4588 712 4637 autem
735 4582 796 4635 in
825 4580 1062 4637 Domino
1082 4577 1354 4651 speravi:
1396 4627 1400 4631 .
1530 4626 1533 4629 η

387 4670 689 4728 Exsultabo
716 4677 768 4726 et
788 4670 1021 4727 laetabor
1048 4668 1110 4722 in
1130 4662 1527 4725 misericordia.
1548 4670 1661 4722 tua.
1768 4714 1771 4721 η
1895 4720 1898 4724 λ

316 4765 361 4815 C
380 4760 624 4834 Speravi
649 4760 706 4815 in
722 4758 986 4821 Domino
1006 4756 1174 4826 dicit,
1205 4755 1319 4814 ubi.
1334 4751 1487 4811 nihil
1513 4769 1750 4823 vanum,
1766 4754 1912 4812 nihil

246 4865 683 4925 supervacuum
707 4847 923 4905 estsed
966 4849 1155 4904 totum
1200 4846 1410 4905 fixum.
1447 4840 1749 4903 Exsulta‘re
1783 4849 1914 4902 :est

248 4957 385 4998 cum
414 4954 632 5013 magna
654 4936 948 4999 alacritate
974 4936 1169 4993 animi
1198 4929 1702 5009 gaudere.:La:tari
1730 4951 1744 4992 :
1771 4937 1915 4992 tem-

247 5035 454 5104 perata
477 5029 688 5091 mentis
718 5027 1019 5086 alfectiuue
1046 5025 1312 5083 mulceri.
1672 5074 1675 5075 ν

283 5120 320 5174 9
391 5120 662 5189 Quoniam
688 5118 978 5192 remitti
1000 5117 1370 5177 humilitatem
1397 5127 1579 5171 meam
1605 5133 1625 5169 :

288 5264 297 5269 .
388 5208 632 5267 Saluati
652 5207 722 5271 de
744 5208 1159 5285 necessitatibus
1182 5207 1435 5264 animum
1461 5218 1658 5262 meam.

317 5304 360 5356 C
382 5298 519 5357 Ideo
549 5303 673 5357 erat
694 5299 755 5355 in
783 5297 1087 5359 Altissimo
1118 5294 1461 5365 humilitas,
1489 5293 1631 5366 quia
1673 5293 1759 5350 illi
1802 5293 1937 5350 hu»

254 5389 503 5446 manitas
530 5388 862 5459 adhzembat
886 5388 959 5443 ab
984 5388 1115 5460 ipsa
1154 5384 1554 5458 conceptione.
1584 5384 1915 5440 Necessitas

260 5480 483 5536 dicitur
504 5479 661 5553 quod
687 5479 746 5535 in
772 5494 912 5535 nece
938 5477 1017 5536 sit
1045 5476 1255 5551 posita'
1287 5475 1346 5532 id
1376 5478 1469 5531 est
1503 5474 1563 5531 in
1590 5474 1797 5530 mortis
1821 5492 1918 5529 an-

258 5568 464 5644 gustiis
490 5566 1002 5628 constituta.Nam
1029 5566 1265 5647 quando
1290 5567 1659 5643 peccatorum
1689 5562 1916 5640 laqueis

2028 487 2355 543 necessitas
2378 485 2725 560 appellatur.
2751 490 2799 544 A
2824 489 3211 546 Necessitates
3256 489 3692 563 igiturpcccata

2024 572 2192 640 sunt,
2221 592 2291 632 ex
2320 574 2539 648 quibus
2565 593 2627 632 se
2658 576 2839 634 homo
2860 577 3080 635 solvere
3105 579 3326 651 nequit.
3384 620 3387 623 η

2028 663 2097 718 10
2168 664 2277 720 Nec
2298 664 2616 722 conclusisti
2636 666 2721 722 me
2746 669 2808 722 in
2837 681 3034 723 manus
3062 669 3284 723 inunici
3307 686 3328 722 .·

2179 752 2445 809 Statuisti
2471 755 2532 809 in
2557 754 2675 811 loco
2691 757 2930 828 spatioso
2949 756 3294 827 pedaneos.

2104 843 2146 896 C
2170 840 2287 899 Nec
2311 841 2656 899 conclusisti
2688 844 2782 899 me
2806 844 2967 911 dicit,
2995 844 3305 917 quiarliber
3336 846 3591 901 etractus
3606 850 3698 900 est

2028 945 2063 984 a
2089 932 2375 1001 potestate
2398 930 2636 987 diaboli.
2676 931 2947 989 Statuisti
2995 934 3156 1001 dicit,
3189 933 3301 990 hoc
3326 930 3700 997 est‘ﬁrmasti

2026 1018 2089 1072 In
2125 1017 2251 1074 loco
2272 1019 2621 1091 spatioso,id
2644 1025 2739 1076 est
2754 1021 3041 1094 inpatria
3065 1022 3436 1089 virtutum,in
3460 1022 3698 1093 regione

2024 1105 2352 1163 beatorum.
2380 1107 2564 1166 Pedes
2605 1126 2745 1165 suos
2787 1110 2931 1165 dicit
2977 1110 3219 1168 virtutes
3249 1108 3546 1175 'moralres,
3593 1124 3699 1180 per

2025 1211 2178 1268 quas
2203 1196 2361 1254 hunc
2392 1198 2682 1254 mundum
2704 1198 2841 1255 lixis
2856 1199 3159 1273 gressibus
3181 1197 3574 1256 ambulavit.A
3596 1197 3700 1252 Lo-

2030 1302 2138 1342 cus
2185 1286 2505 1359 spatiosus,
2556 1287 2815 1344 charitas
2866 1291 2987 1345 est:
3026 1289 3222 1360 pedes,
3276 1289 3521 1345 affectus
3572 1285 3698 1340 ani-

2023 1390 2155 1430 ma.
2432 1422 2433 1425 η

2027 1463 2085 1518 il
2170 1465 2424 1521 Miserere
2450 1467 2579 1535 mei,
2608 1468 2838 1523 Domine
2862 1468 3125 1539 quom'am
3153 1467 3399 1523 tribulor
3426 1481 3448 1519 .·
3475 1470 3700 1520 conlur-

2239 1554 2396 1609 batus
2418 1563 2496 1610 est
2522 1556 2584 1610 in
2608 1556 2695 1611 ira
2717 1557 2913 1612 oculus
2934 1572 3091 1613 meus
3116 1574 3135 1613 :
3486 1580 3489 1581 ν

2166 1643 2508 1700 Anima‘mea
2530 1652 2583 1702 et
2604 1652 2790 1702 venter
2810 1660 2985 1702 meus.
3038 1680 3041 1685 -
3254 1670 3255 1677 η
3432 1668 3435 1671 ν
3592 1669 3596 1673 <
3688 1692 3693 1693 κ

2093 1729 2142 1786 Η
2167 1730 2443 1788 Miserere
2470 1734 2605 1802 mei,
2645 1733 2911 1791 Domine.
2955 1735 3258 1809 quoniam
3275 1732 3566 1795 tribulor.
3592 1734 3713 1801 Vox

2027 1833 2234 1875 eorum
2262 1825 2351 1876 est
2375 1821 2773 1893 qui‘qualibet
2802 1820 3183 1879 tribulatione
3226 1822 3629 1909 tribulautur,
3655 1835 3717 1894 in

2026 1924 2280 2004 quorum
2312 1926 2560 1981 persona
2584 1908 3165 2004 Christusloquitur
3359 1914 3526 1981 Sicut
3553 1940 3722 2004 supa.

2026 1996 2151 2051 rius
2176 1996 2237 2052 in
2263 2013 2514 2070 persona
2531 2002 2841 2054 emtorum
2864 1999 2938 2054 de
2963 2000 3392 2071 tribulatione,
3420 2011 3563 2074 dum
3583 1996 3731 2080 dixit

2026 2100 2133 2179 nec
2162 2085 2866 2179 conclusisti,etc.,potest
2889 2086 3003 2143 dici
3030 2093 3087 2145 et
3106 2086 3183 2146 de
3197 2090 3726 2179 Christo,“me

2026 2174 2176 2230 ait:
2232 2175 2447 2231 Tristis
2497 2179 2589 2232 est
2641 2176 2845 2232 anima
2897 2192 3029 2234 mea
3075 2194 3266 2252 usque
3323 2188 3410 2243 ad
3467 2174 3716 2257 martem

2026 2262 2238 2356 (μαιιΙι.
2265 2264 2449 2356 xavx).
2471 2267 2513 2319 C
2537 2264 2691 2356 Iram
2714 2262 2920 2356 posuit
2946 2283 2959 2321 :
2998 2267 3384 2329 inimicorum
3442 2281 3714 2356 indigna-

2024 2350 2276 2444 tionem.
2312 2351 2556 2422 Oculus,
2589 2350 2957 2444 intellectum
3008 2356 3220 2431 signat,
3258 2350 3714 2444 quem-semper

2024 2439 2724 2513 conturbamus,quando
2753 2441 3122 2503 imminentia
3145 2446 3408 2520 pericula
3431 2439 3708 2514 formida-

2026 2530 2467 2587 mus.Ventrem
2496 2528 2642 2584 dicit
2684 2532 2863 2586 Suam
2903 2537 3273 2606 memoriam,
3316 2538 3417 2595 ubi
3448 2542 3706 2603 habebat

2025 2620 2302 2691 reposita,
2353 2628 2483 2693 quae
2535 2614 2976 2682 illi-Dominus.
3006 2626 3080 2682 de
3124 2627 3235 2682 sua
3266 2626 3699 2694 .clariﬂcatione

2025 2705 2681 2779 proniiseratAnimam
2717 2723 2731 2763 :
2767 2713 3205 2773 sensualitatem
3234 2720 3424 2790 putat.

2028 2796 2098 2851 12
2171 2797 2451 2866 Quoniam
2470 2794 2672 2870 defecit
2698 2798 2765 2854 in
2786 2798 2972 2862 dolore
3001 2807 3115 2862 vita
3144 2821 3270 2862 mea
3293 2824 3313 2862 .-
3368 2848 3373 2853 .
3436 2851 3444 2860 ,

2050 2906 2054 2910 ·
2167 2886 2235 2942 Et
2255 2886 2398 2942 anni
2418 2886 2532 2941 mei
2554 2886 2617 2941 in
2636 2891 2960 2954 gemitibus.
3074 2912 3077 2913 '
3188 2922 3189 2925 η
3512 2944 3515 2945 ν

2095 2977 2136 3030 C
2164 2974 2422 3032 Deﬁcere
2453 2974 2611 3030 enim
2632 2980 2749 3045 est,
2775 2981 3060 3052 paulatim
3089 2983 3288 3040 minus
3309 2986 3521 3051 facere,
3543 2986 3695 3043 et‘ad

2024 3064 2227 3131 ﬁnem,
2260 3080 2364 3137 per
2389 3063 2619 3137 aliquas
2656 3065 3013 3127 valetudinis
3048 3072 3331 3129 minutias
3371 3076 3695 3145 pervenire,

1898 3196 1901 3199 .
1941 3137 1986 3206 C
2023 3157 2085 3209 et
2102 3153 2305 3224 signat
2336 3153 2430 3209 hic
2465 3152 2627 3208 illam
2675 3159 3183 3215 conturbationem
3230 3137 3425 3217 carnis
3461 3137 3696 3218 Christi

2019 3258 2137 3315 qua
2162 3241 2227 3296 in
2263 3242 2541 3316 passione
2565 3241 2697 3315 ejus
2744 3246 2867 3302 vita
2910 3249 3106 3304 carnis
3131 3249 3439 3307 defecerat.
3464 3252 3534 3308 Et
3556 3252 3694 3308 anni

2018 3330 2135 3386 mei
2160 3329 2225 3386 in
2272 3331 2614 3407 gemitibus,
2661 3334 2803 3406 quia
2844 3352 2961 3393 non
3011 3337 3324 3396 fuitalevis
3353 3339 3565 3397 dolor:
3595 3340 3695 3397 ubi

2019 3418 2341 3479 continuus
2367 3421 2624 3496 gemitus
2651 3422 2974 3491 insonabat
2996 3427 3044 3482 A
3065 3428 3219 3483 Anni
3247 3428 3458 3485 Christi
3488 3446 3693 3486 omnes

2020 3508 2080 3564 in
2106 3510 2453 3581 gemitibus,
2482 3511 2763 3583 quoniam
2786 3513 3046 3570 futuram
3070 3520 3328 3573 mortem
3354 3532 3588 3592 scalper
3614 3519 3693 3574 vi-

2023 3598 2131 3670 dit,
2163 3603 2224 3655 et
2247 3600 2308 3657 in
2336 3600 2843 3674 persecutionibus
2874 3602 3150 3677 completi
3182 3610 3348 3663 sunt.

2031 3688 2099 3744 13
2174 3690 2473 3761 Inﬁrmata
2502 3699 2581 3747 est
2607 3692 2669 3748 in
2692 3701 3015 3765 paupertate
3039 3696 3215 3752 virtus
3240 3708 3361 3752 mea
3389 3714 3402 3751 :

2161 3779 2230 3834 Et
2255 3795 2376 3836 oua
2399 3796 2523 3837 mea
2537 3781 2878 3837 conturbata
2899 3790 3048 3838 sunt.
3380 3812 3383 3813 ν
3446 3828 3451 3835 .

2094 3870 2135 3922 C
2155 3866 2361 3926 Virtus
2386 3869 2594 3937 animi,
2625 3870 2685 3925 in
2713 3874 3059 3943 paupertate
3104 3872 3375 3929 firmatur
3412 3873 3470 3931 in
3506 3891 3690 3931 mem-

2022 3955 2144 4012 bris
2215 3955 2455 4026 Christi,
2536 3959 2819 4031 quoniam
2892 3960 3173 4017 omnibus
3232 3961 3405 4019 bonis
3469 3963 3693 4036 indiget

2021 4045 2284 4102 humana
2341 4044 2651 4119 fragilitas.
2709 4046 2859 4104 Ossa
2905 4065 2919 4104 :
2970 4048 3375 4106 fortitudinem
3430 4052 3693 4123 corporis

2022 4133 2380 4207 signiﬁcant,
2412 4134 2553 4206 quia
2582 4151 2774 4208 neque
2827 4136 2888 4191 in
2926 4136 3110 4191 animi
3154 4138 3380 4206 robore,
3415 4155 3603 4211 neque
3625 4140 3685 4195 in
3779 4125 3787 4134 ’

2022 4238 2127 4296 spe
2156 4223 2349 4278 carnis
2375 4223 2550 4279 debet
2593 4223 2716 4282 ulla
2768 4239 2899 4280 esse
2942 4225 3343 4297 praesumptio.
3378 4229 3440 4281 Β
3483 4225 3685 4284 Virtus

2022 4312 2201 4368 etiam
2220 4310 2486 4384 corporis
2505 4311 2577 4367 in.
2596 4314 2860 4385 egestate
2877 4312 2986 4369 fuit
3009 4317 3066 4369 et
3076 4312 3451 4372 derelictione
3474 4316 3533 4371 in
3557 4333 3707 4389 pass.

2023 4417 2207 4458 81006.
2744 4420 2749 4427 '

1941 4511 1993 4577 Β
2024 4492 2090 4548 ili
2161 4492 2338 4563 Super
2365 4506 2552 4547 omnes
2600 4491 2862 4548 inimicos
2915 4508 3059 4549 meos
3114 4494 3293 4565 factus
3320 4511 3447 4551 sum
3487 4512 3689 4568 oppro-.

2233 4579 2435 4647 brium,
2455 4584 2509 4636 et
2532 4581 2732 4637 vicini:
2759 4582 2899 4638 meis
2926 4581 3085 4639 valde
3113 4601 3131 4639 :
3246 4632 3249 4635 .

2164 4670 2229 4727 Et
2259 4671 2426 4726 timor
2453 4672 2599 4728 uotis
2627 4670 2783 4727 meis.

2096 4758 2455 4825 CInimicos,
2507 4760 2741 4817 Judaaos
2787 4759 2952 4830 dicit,
3004 4760 3329 4818 habebatur
3379 4762 3531 4819 inter
3580 4777 3680 4818 eos

2021 4849 2405 4922 opprobrium
2432 4848 2711 4907 innocens
2723 4847 3117 4922 Christus,qui
3143 4866 3207 4906 se
3224 4851 3447 4907 nefario
3462 4849 3679 4906 scelere

2022 4937 2382 5012 polluebant.
2441 4942 2652 4994 Contra
2710 4938 2961 5010 probum
3016 4938 3270 4994 dicimus
3317 4938 3674 5012 improbum,

2019 5027 2078 5083 id
2096 5032 2186 5083 est
2206 5026 2585 5083 inhonestum
2607 5030 2666 5082 et
2689 5025 3454 5100 indecorum.0pprobrium
3476 5031 3675 5085 autem

2020 5116 2312 5188 signiﬁcat
2341 5113 2507 5170 valde
2542 5113 2933 5171 abominabile
2971 5115 3220 5173 facinus.
3253 5117 3492 5175 Vicinos
3536 5118 3679 5176 dicit

2022 5205 2123 5279 qui
2147 5205 2199 5260 ei
2224 5205 2285 5259 in
2318 5203 2547 5260 civitate
2576 5201 2714 5259 ﬁdei
2738 5204 3263 5276 conjuncti,tamen
3291 5208 3544 5281 perfecte
3558 5225 3676 5265 non

2022 5293 2353 5351 credebant.
2385 5291 2564 5349 Notos
2616 5291 2911 5365 apostolos
2962 5294 3282 5369 significat,
3331 5298 3433 5371 qui
3464 5298 3525 5353 in
3547 5298 3677 5369 ejus

2023 5383 2294 5457 passione
2324 5381 2541 5437 turbati
2568 5385 2728 5438 sunt.
2774 5381 2895 5438 ΗΑ
2942 5382 3043 5439 Vel
3081 5384 3446 5443 Christianos
3490 5385 3676 5443 malos

2024 5474 2165 5531 dicit
2192 5473 2411 5529 vicinos
2438 5469 2585 5528 tales
2616 5487 2766 5545 esse,
2793 5473 2897 5546 qui
2922 5478 3061 5541 sunt
3088 5475 3147 5533 in
3192 5475 3418 5535 malitia
3447 5476 3676 5554 pejores

2027 5564 2302 5625 omnibus
2329 5561 2465 5623 aliis
2489 5559 2705 5623 Christi
2730 5562 3005 5625 inimicis.
