4122 6184
442 262 555 327 135

438 398 504 452 15
577 395 682 464 Qui
710 394 963 451 videbant
987 410 1075 451 me
1101 395 1250 466 foras
1277 394 1544 465 fugerunt
1572 410 1607 449 a
1634 409 1716 449 me
1739 411 1757 447 :

578 486 854 542 Oblivioni
880 484 1041 541 datus
1070 501 1195 540 sum
1222 490 1487 555 tanquam
1509 491 1757 540 marinus
1776 500 1812 540 a
1838 484 2013 543 corde.

505 574 551 630 Η
582 574 878 647 Fugerunt
903 571 1149 645 apostoli
1180 572 1240 628 in
1288 572 1564 643 passione
1608 571 1822 628 Christi
1861 588 1929 628 eo
1954 572 2088 629 reli-

431 662 838 719 cto.Oblivioni
861 662 1036 718 datus
1058 665 1151 717 est
1179 660 1447 716 Christus
1477 659 1836 729 inﬁdelibus,
1856 661 2092 733 quando

430 769 567 811 eum
596 753 658 809 in
683 767 855 808 carne
878 753 1176 806 mortuum
1202 765 1306 822 pro
1323 748 1508 806 nihilo
1534 754 2089 822 computaverUnt.C

430 844 737 915 Tanquam
784 844 1076 907 mortuus,
1106 848 1227 895 non
1272 839 1430 895 enim
1462 844 1496 894 a‘
1520 838 1793 896 fidelibus
1821 842 2090 896 mortuus

428 929 838 1001 dicitur,cujus
888 928 1163 985 divinitas
1210 927 1597 1001 impassibilis
1622 928 1906 984 veraciter
1942 929 2092 985 testi-

428 1024 647 1087 matur,
662 1018 766 1074 sed
798 1035 833 1073 a
857 1021 1053 1073 mente
1100 1016 1430 1073 infidelium
1462 1021 1731 1073 mortuus
1755 1016 2089 1074 aestimaba-

429 1113 545 1165 tur.
576 1111 622 1163 A
645 1109 691 1163 A
716 1107 889 1163 corde
936 1106 1207 1172 moritur,
1256 1107 1426 1177 cujus
1476 1106 1758 1163 memoria
1812 1106 2029 1162 recedit
2058 1124 2099 1162 at

428 1196 620 1264 corde,
647 1197 810 1251 sicut
826 1194 1090 1251 oblivisci
1118 1194 1309 1252 solent
1333 1195 1603 1252 homines
1627 1197 2015 1251 mortuorum.

429 1286 498 1341 16
569 1286 763 1342 Factus
788 1298 911 1340 sum
940 1291 1204 1356 tanquam
1232 1301 1324 1339 vas
1349 1284 1628 1356 perditum
1657 1301 1674 1337 :

573 1375 842 1442 Quoniam
871 1372 1064 1429 audivi
1094 1374 1555 1444 vituperationem
1597 1373 1900 1428 multorum
1943 1388 2090 1428 εοίη-

640 1464 978 1519 moranti’um
1009 1463 1069 1516 in
1098 1463 1357 1517 circuitu.

501 1555 540 1606 C
563 1551 681 1607 Vas
706 1551 1116 1623 perditum-est
1138 1550 1295 1622 quod
1324 1551 1571 1606 fractum
1599 1553 1771 1617 est,et
1799 1549 1869 1604 ad
1896 1547 2091 1606 nullos

431 1657 577 1697 usus
609 1640 1023 1706 necessarium,
1074 1639 1229 1712 quod
1288 1654 1524 1711 semper
1568 1639 1860 1710 abjicitur,
1920 1638 2001 1693 ita
2032 1640 2091 1694 et

429 1729 697 1785 Christus
722 1733 992 1785 mortuus
1040 1728 1211 1800 quasi
1260 1728 1509 1785 fractum
1564 1744 1669 1783 vas
1724 1722 2088 1799 abjiciendus

430 1819 749 1890 putabatur
773 1817 1012 1891 perfidis
1058 1816 1301 1873 Judzeis.
1330 1817 1541 1873 Audivi
1577 1816 2087 1889 vituperationem,

433 1906 624 1973 idest,
670 1905 1297 1963 cir‘cumhabitantium
1328 1905 1687 1979 perfidorum
1727 1905 2101 1962 Judzeorum.

429 1996 630 2052 Morito
659 1995 807 2053 tales
827 1994 1395 2052 cireumhabitantes
1436 1994 1732 2059 dicuntur,
1774 1992 1875 2065 qui
1902 1993 2099 2067 legem,

430 2085 529 2141 Dei
557 2102 673 2141 non
721 2083 1105 2157 spiritualiter
1138 2084 1241 2139 sed
1295 2083 1604 2140 carnaliter
1652 2082 1950 2138 advertere
1989 2097 2089 2137 vo-

431 2170 579 2228 lunt.
606 2175 653 2228 A
682 2176 829 2228 Sunt
881 2171 1039 2228 enim
1068 2176 1134 2227 ut
1172 2176 1369 2227 cortex
1412 2170 1733 2228 medullam
1776 2170 2087 2236 circuiens,

431 2261 515 2317 sic
545 2259 804 2317 litteram
833 2264 1098 2317 tenentes
1132 2277 1145 2316 :
1175 2260 1451 2332 spiritum
1495 2260 1717 2315 intrant
1757 2259 2087 2332 Scriptura-

430 2367 563 2405 rum
618 2350 720 2406 sed
759 2366 992 2422 semper
1040 2349 1098 2405 in
1135 2348 1382 2406 circuitu
1424 2353 1728 2405 morantur
1779 2352 1835 2405 et
1874 2348 2087 2405 cortice

429 2438 745 2496 occidentis
770 2437 998 2495 litterae.

426 2531 497 2584 17
567 2530 633 2584 In
660 2539 720 2584 eo
742 2526 875 2583 dum
899 2529 1251 2585 convenirent
1267 2527 1444 2584 simul
1473 2527 1763 2583 adversum
1791 2543 1877 2582 me
1905 2544 1924 2583 :

569 2619 820 2690 Accipere
847 2618 1098 2674 animum
1128 2624 1309 2674 meam
1337 2618 1624 2673 consiliati
1649 2625 1791 2672 sunt.

497 2712 538 2763 Ο
568 2708 630 2763 In
656 2723 722 2763 eo
751 2705 1118 2764 consiliatam
1151 2711 1378 2779 partem
1433 2707 1750 2762 maximam
1802 2704 1945 2760 dicit
1977 2704 2083 2760 Ju-

428 2796 709 2868 daeorum,
742 2800 806 2852 ut
829 2795 1014 2852 Deum
1041 2796 1167 2853 neci
1194 2795 1508 2851 traderent.
1558 2794 1607 2851 Η
1645 2795 1861 2851 Omnes
1905 2792 2097 2849 simul

429 2884 719 2942 consiliati
750 2888 907 2954 sunt,
942 2888 1008 2940 ut
1037 2888 1374 2956 quinaerent
1412 2883 1670 2940 animam
1695 2882 1930 2948 Christi,
1962 2881 2084 2938 sive

428 2975 681 3032 haeretici
713 2992 726 3030 :
760 2975 1021 3031 animam
1054 2974 1343 3030 Ecclesiae.
1376 2978 1415 3029 C
1446 2973 1630 3029 Omne
1672 2976 1868 3028 autem
1892 2970 2083 3031 scelus

426 3064 663 3139 gravius
687 3068 777 3127 est
808 3064 963 3137 quod
992 3062 1237 3119 oonsilio
1267 3063 1490 3137 geritur
1524 3061 1935 3135 plurimorum.

1343 260 1406 319 S.
1452 259 1852 321 BRUNONIS
1898 260 2522 324 HEBBIPOLENSIS
2567 261 2946 323 EPlSCOPI.

2122 397 2180 466 Α
2279 395 2327 452 Η
2351 396 2712 455 Erubescant
2740 395 3057 469 impii,sive
3077 395 3266 469 iniqui
3295 396 3593 454 daemoniis
3623 395 3714 455 vel
3735 399 3872 472 qui+

2121 1772 2180 1843 Bt

3741 265 3879 324 ΗΕ

2198 501 2429 556 cunque
2462 484 2623 553 mali,
2647 502 2783 541 cum
2815 485 3068 542 viderint
3091 489 3325 541 sanctos
3350 490 3681 556 coronatos,
3709 490 3869 561 quos

2198 574 2259 629 in
2284 574 2658 646 despectione
2680 574 3032 642 habuerunt,
3062 578 3121 630 et
3150 591 3214 631 se
3241 575 3729 634 condemnatomc
3756 578 3867 634 Se-

2198 679 2314 734 que
2345 680 2480 718 cum
2511 664 2891 735 respexerint,
2926 664 2986 720 in
3012 663 3174 737 gravi
3199 663 3457 737 periculo
3476 666 3863 724 constitutos:

2197 750 2472 807 velociter
2496 753 2921 809 obmutescunt.

2196 850 2269 914 22
2341 862 2483 928 Quae
2511 859 2815 931 loquuntur
2838 858 3094 915 adversm
3112 860 3325 930 justum
3359 861 3707 934 iniquitatem
3738 882 3759 919 :

2340 949 2405 1004 In
2433 949 2695 1020 superbia
2722 954 2776 1005 et
2803 948 3086 1005 abusione.

2269 1055 2310 1108 C
2341 1054 2627 1127 Loquitur
2643 1056 2800 1111 enim
2824 1053 3046 1111 falsitas
3070 1056 3271 1112 contra
3284 1057 3867 1132 veritatem,quando

2195 1141 2393 1198 Ariani
2421 1147 2748 1200 creaturam
2793 1143 3103 1200 Dominum
3134 1149 3451 1201 creatorem
3486 1144 3709 1213 dicunt.
3745 1148 3870 1203 Ad-

2198 1229 2349 1286 didit
2374 1230 2433 1288 in
2465 1233 2745 1305 superbia
2773 1237 2830 1288 et
2862 1233 3164 1301 abusione,
3191 1233 3247 1288 id
3271 1238 3361 1290 e‘st
3392 1234 3451 1290 in
3484 1236 3856 1308 contemptu.

2196 1318 2343 1376 Nam
2375 1336 2511 1376 cum
2532 1320 2757 1377 audivit
2789 1321 2903 1378 ista
2932 1320 3159 1378 falsitas
3188 1318 3435 1396 ﬂagellis
3464 1334 3702 1393 caesum,
3732 1329 3861 1381 sta-

2197 1408 2305 1464 tim
2334 1409 2394 1465 in
2419 1408 2767 1483 blaspheme
2812 1410 2991 1468 verba
3036 1410 3344 1484 prosilivit.
3394 1414 3441 1467 A
3481 1412 3700 1469 Ab‘u'sio
3739 1413 3865 1469 fuit

2198 1497 2432 1570 quando
2458 1492 2595 1555 eum
2621 1500 2722 1571 qui
2752 1503 2989 1572 propter
3012 1512 3111 1555 eos
3142 1500 3298 1556 venit
3318 1500 3378 1556 in
3396 1510 3631 1557 Carnem
3663 1503 3863 1558 cruci-

2197 1586 2447 1643 ﬂxerunt
2475 1588 2782 1645 abutentes
2812 1588 2912 1645 Dei
2944 1588 3243 1645 beneﬂcio.

2194 1686 2265 1750 23
2340 1695 2516 1764 Quam
2542 1712 2747 1768 magna
2798 1694 3100 1752 multitudo
3149 1694 3453 1754 dulcedinis
3482 1705 3597 1756 tum
3640 1704 3714 1766 ιτ,
3746 1700 3868 1757 Do-

2409 1790 2559 1841 mine
2599 1790 2613 1850 ζ

2344 1873 2521 1941 Quam
2548 1874 2878 1931 abscondisti
2905 1875 3222 1931 timentibus
3252 1879 3320 1931 te.

2272 1980 2314 2034 Η
2348 1979 2660 2037 Multitudo
2689 1981 3016 2037 dulcedinis
3052 1986 3164 2050 est,
3216 1978 3403 2039 multa
3431 1974 3671 2056 praemia
3721 1998 3861 2058 que

2197 2069 2545 2140 praeparavit
2575 2069 2837 2127 Ecclesia:
2868 2066 3083 2136 suie,ut
3113 2075 3270 2126 esset
3290 2070 3419 2128 sine
3449 2070 3566 2128 fine
3593 2090 3731 2130 cum
3756 2092 3865 2132 an-

2197 2155 2342 2229 gelis
2373 2158 2498 2215 suis
2524 2163 2857 2233 regnatura.
2878 2162 2918 2213 C
2935 2159 3069 2223 Quae
3096 2157 3190 2215 hic
3216 2151 3469 2216 sentitur
3491 2161 3862 2233 abscondita,

2196 2245 2299 2301 sed
2330 2246 2389 2301 in
2420 2248 2616 2303 futuro
2639 2247 2862 2319 judicio
2888 2247 3217 2304 ostenditur
3246 2248 3577 2305 manifesta.
3609 2252 3656 2307 A
3682 2254 3723 2306 C
3752 2252 3862 2308 Est

2195 2333 2373 2390 etiam
2398 2334 2641 2391 dulcedo
2667 2335 2762 2392 hic
2792 2337 2893 2392 Dei
2916 2334 3389 2408 multiplex,dum
3403 2338 3643 2412 corrigit
3660 2340 3854 2397 bonos

2192 2420 2283 2476 vel
2313 2423 2517 2494 parcit,
2550 2425 2860 2496 promittit,
2893 2424 2983 2481 vel
3004 2425 3278 2481 emendat
3306 2442 3457 2498 quos
3484 2432 3853 2502 amat,quam

2194 2511 2393 2567 tamen
2428 2512 2649 2585 impius
2678 2530 2794 2569 non
2841 2514 3038 2584 sentit,
3067 2514 3169 2587 qui
3202 2515 3465 2588 palatum
3496 2517 3688 2574 cordis
3713 2535 3851 2591 per-

2195 2599 2347 2656 didit
2371 2601 2443 2657 de
2469 2602 2627 2659 febre
2657 2604 3006 2677 iniquitatis.

2191 2707 2266 2762 24
2336 2709 2624 2781 Perfecisti
2640 2712 2724 2768 eis
2751 2712 2850 2784 qui
2872 2712 3094 2784 sperant
3123 2713 3181 2767 in
3212 2720 3263 2768 te
3283 2730 3304 2769 :

2334 2795 2399 2851 In
2420 2807 2705 2871 conspectu
2731 2800 2978 2871 ﬁliorum
3004 2801 3310 2857 hominum.

2263 2904 2307 2956 (ἓ
2333 2900 2577 2961 Perfecit
2606 2905 2768 2962 illam
2799 2905 3170 2964 dulcedinem
3200 2908 3259 2963 in
3288 2904 3417 2963 illis
3431 2908 3534 2980 qui
3555 2912 3861 2970 constanti

2192 2989 2387 3048 animo
2413 3008 2544 3049 eam
2565 2996 2898 3067 exquirunt.
2935 2997 2999 3052 In
3033 3000 3344 3069 conspectu
3377 2992 3721 3066 filiorumﬁd
3738 3002 3851 3068 est,

2191 3077 2252 3133 in
2284 3077 2383 3135 illa
2413 3084 2834 3140 resurrectione
2890 3084 3126 3157 quando
3185 3085 3411 3141 sanctis
3455 3086 3582 3142 suis
3611 3087 3856 3161 praemia

427 3157 496 3212 18
567 3156 681 3226 Εφο
730 3162 912 3210 dum
940 3154 998 3209 ίπ
1057 3161 1108 3209 ιθ
1158 3154 1400 3226 δρεταυίι
1457 3154 1722 3209 Ποτηίηεέ
1751 3150 1877 3206 ἀίετέ
1932 3154 2078 3208 De”
2109 3146 2152 3214 (ἶ
2186 3171 2399 3226 aeterna
2423 3172 2709 3228 restituet.
2742 3172 2791 3229 H
2837 3146 3225 3240 Perfecistimc
3263 3175 3314 3231 si
3363 3174 3519 3230 dicat
3554 3146 3850 3248 perfectu-

635 3250 1004 3300 Maesta:

565 3334 631 3389 In
656 3333 914 3387 manibus
941 3331 1051 3387 tuis
1069 3339 1242 3387 sortes
1260 3346 1419 3388 mea.

494 3424 534 3475 Ο
561 3420 826 3493 Speravit
853 3420 913 3475 in
942 3418 1173 3474 Patrem
1197 3418 1400 3491 Filius,
1432 3418 1573 3490 quia
1604 3418 1826 3473 sciebat
1854 3414 2077 3471 nullam

422 3518 551 3567 esse
600 3512 949 3581 potestatem
1007 3507 1348 3563 Judzeorum
1405 3511 1609 3562 contra
1660 3522 1746 3573 se,
1795 3505 1897 3561 sed
1948 3505 2078 3577 ipso

422 3601 655 3655 creante
683 3597 1010 3664 existimas;
1061 3597 1189 3668 ipso
1229 3596 1577 3668 disponente
1632 3600 1991 3667 vegetamur.
2028 3594 2079 3650 Η

423 3689 487 3743 In
514 3687 790 3743 manibus
813 3685 933 3740 tuis
957 3689 1143 3741 sortes
1169 3700 1335 3753 meae,
1366 3685 1425 3739 id
1468 3690 1557 3741 est
1587 3684 1645 3739 in
1677 3684 1866 3756 gratia
1889 3684 2075 3740 sancti

421 3776 694 3848 Spiritus.
726 3777 775 3830 A
804 3774 913 3839 Qui
944 3774 1071 3830 sine
1094 3774 1303 3829 merito
1332 3788 1481 3846 quos
1506 3772 1632 3829 vult
1663 3771 1846 3846 eligit.
1879 3774 2077 3829 Sortes

422 3864 705 3937 itaquc,id
735 3868 825 3921 est
850 3863 950 3918 Dei
974 3863 1234 3936 gratuita
1260 3862 1462 3919 electio
1492 3864 1582 3919 est
1613 3862 1672 3918 in
1702 3861 2073 3932 manibus,id

420 3957 510 4009 est
535 3956 818 4026 potestate
847 3953 970 4020 Dei,
999 3969 1114 4008 non
1140 3955 1359 4008 nostra.

424 4042 491 4098 19
560 4044 728 4115 Eripe
747 4058 833 4099 me
860 4041 928 4099 de
951 4058 1125 4098 manu
1155 4042 1516 4098 inimicorum
1538 4057 1784 4098 meorum
1814 4060 1832 4096 :

560 4133 626 4189 Et
652 4149 691 4188 a
714 4132 1163 4205 persequentibus
1191 4146 1297 4187 mc.

489 4226 535 4278 Ο
558 4223 757 4296 Ipsum
783 4221 1014 4277 Patrem
1040 4224 1206 4294 rogat
1234 4236 1298 4276 se
1321 4221 1543 4293 eripere
1566 4220 1639 4277 de
1668 4236 1847 4276 manu
1875 4219 2070 4275 inimi-

417 4328 643 4380 corum,
670 4312 728 4367 id
752 4315 842 4368 est
867 4311 1227 4377 Judaeorum,
1260 4314 1319 4366 et
1356 4327 1390 4365 a
1425 4310 1934 4383 persequentibus,
1962 4309 2072 4366 hoc

416 4406 506 4458 est
529 4401 774 4474 paganis
801 4399 889 4457 vel
934 4400 1242 4467 haereticis,
1292 4399 1393 4471 qui
1442 4399 1759 4456 Ecclesiam
1784 4399 1885 4457 Dei
1914 4399 2069 4456 inse-

417 4494 681 4579 quuntur
728 4488 1121 4579 fraudulentis
1162 4487 1713 4579 machinationibus.
1744 4491 1792 4544 Α
2100 4514 2151 4579 D

416 4577 503 4634 illi
535 4581 971 4649 persequuntur
1000 4576 1337 4645 Ecclesium,
1364 4577 1464 4649 qui
1492 4594 1628 4632 cum
1658 4578 1777 4634 sint
1797 4576 2072 4633 Christia-

415 4667 497 4734 ni,
528 4666 736 4722 nolunt
765 4667 912 4721 bene
942 4665 1154 4734 vivere,
1207 4683 1313 4738 per
1334 4666 1444 4723 hos
1488 4666 1870 4739 opprobrium
1900 4666 2075 4722 habet

414 4754 692 4821 Ecclesia,
721 4755 874 4811 inter
906 4770 1054 4826 quos
1085 4770 1328 4828 gemens
1377 4755 1487 4812 iste
1516 4755 1597 4810 ait
1627 4772 1640 4811 :
1673 4753 1931 4824 Illustra,
1961 4758 2069 4813 etc.

410 4851 487 4902 20
554 4845 784 4902 lllustra
807 4845 1014 4917 faciem
1042 4850 1202 4900 tuam
1218 4848 1385 4916 super
1412 4859 1629 4900 servum
1659 4852 1817 4901 tuum
1847 4862 1864 4899 .-

557 4935 784 4991 Salvum
813 4950 902 4989 me
927 4934 1021 5004 fac
1049 4934 1110 4989 in
1138 4933 1516 4990 misericordia
1546 4941 1642 4990 tua
1668 4952 1688 4990 :

556 5024 806 5089 Domine,
839 5038 913 5079 ne
938 5022 1266 5095 confundor,
1296 5024 1558 5095 quoniam
1587 5024 1838 5080 invocavi
1863 5031 1931 5081 te.

485 5115 527 5166 C
554 5109 787 5167 Illustra
815 5111 1024 5167 faciem
1054 5115 1242 5183 tuam,
1282 5112 1341 5168 id
1386 5116 1493 5179 est,
1542 5112 1631 5170 fac
1680 5113 1885 5183 videri,
1919 5114 2074 5186 quod

416 5216 599 5273 supra
628 5215 723 5255 me
751 5199 1017 5274 dignaris
1046 5200 1363 5269 intendere,
1395 5206 1460 5257 ut
1485 5201 1638 5258 sicut
1683 5202 1755 5259 de
1792 5203 2081 5261 moriente

414 5290 748 5362 desperant,
776 5289 858 5345 ita
884 5288 958 5345 de
983 5290 1406 5347 resurrectione
1430 5291 1745 5349 conﬁdant.
1785 5290 1832 5347 Η
1858 5291 1933 5349 Ut
1958 5296 2073 5349 non

414 5378 758 5447 confundor,
792 5379 892 5434 sed
925 5377 1118 5434 salver
1146 5380 1218 5435 ab
1250 5380 1342 5435 his
1366 5380 1892 5452 persecutionibus.

412 5468 478 5526 2i
555 5468 888 5525 Erubescant
918 5468 1083 5541 impii
1108 5476 1158 5525 et
1185 5467 1526 5526 deducantur
1550 5471 1607 5528 in
1637 5471 1919 5545 infernum
1946 5488 1966 5529 .-

554 5562 709 5622 Μαῖα
728 5558 866 5637 ﬁant
887 5557 1035 5619 labia
1061 5558 1266 5618 dolosa.

2190 3273 2293 3316 rus
2321 3260 2457 3327 eris,
2486 3260 2573 3317 vel
2618 3261 2679 3318 in
2715 3267 3029 3337 conspectu
3081 3278 3283 3320 eorum
3337 3263 3439 3337 qui
3496 3263 3763 3320 humana
3789 3271 3851 3323 et

2190 3364 2305 3404 non
2335 3347 2592 3405 coelestia
2610 3350 2990 3422 quaesierunt.

2185 3455 2259 3511 25
2328 3454 2625 3513 Abscondes
2653 3474 2741 3514 eos
2772 3460 2834 3515 in
2860 3458 3173 3517 abscondito
3198 3460 3375 3531 [aciei
3397 3467 3513 3518 tua?
3535 3479 3557 3517 .-

2326 3547 2369 3601 Α
2399 3548 2818 3604 conturbatione
2845 3549 3153 3605 hominum.

2256 3656 2296 3707 C
2325 3654 2660 3710 Abscondes
2689 3671 2789 3710 eos
2821 3655 2881 3710 in
2912 3654 3273 3724 abscondito,
3302 3655 3360 3710 id
3386 3658 3493 3724 est,
3523 3655 3584 3712 in
3618 3655 3718 3711 illa
3749 3673 3842 3713 re-

2185 3742 2564 3807 surrectione.
2597 3743 2831 3816 quando
2852 3743 3002 3816 justi
3050 3742 3539 3816 contemplatione
3586 3745 3687 3799 Dei
3714 3761 3849 3819 per.

2184 3833 2480 3887 secutores
2527 3835 2586 3888 et
2634 3830 3040 3888 schismaticos
3091 3832 3251 3900 dicit,
3307 3832 3407 3905 qui
3459 3831 3554 3887 hic
3593 3830 3842 3889 consue-

2182 3923 2392 3976 verunt
2410 3920 2759 3976 conturbare
2783 3920 3067 3994 populum
3092 3920 3512 3979 Christianum.

2181 4028 2254 4082 26
2323 4013 2581 4099 Proteges
2603 4043 2691 4085 eos
2721 4029 2783 4083 in
2809 4028 3162 4092 tabernaculo
3189 4037 3280 4086 tuo
3311 4047 3331 4086 :

2322 4116 2365 4173 Α
2394 4116 2825 4175 centradictione
2854 4117 3192 4188 linguarum.

2249 4228 2290 4279 G
2313 4224 2415 4281 Hie
2445 4228 2833 4298 proteguntur
2860 4224 3011 4295 justi
3042 4225 3101 4280 in
3132 4223 3525 4293 tabernaculo,
3554 4224 3614 4280 id
3643 4228 3733 4282 est
3760 4224 3825 4283 in’

2180 4312 2452 4383 Ecclesia,
2481 4313 2562 4370 ibi
2597 4314 2760 4370 enim
2813 4317 3201 4387 proteguntur
3230 4331 3244 4370 :
3273 4312 3372 4369 ubi
3422 4311 3710 4370 malorum
3736 4314 3850 4369 im‘

2179 4403 2442 4475 probitas
2476 4403 2723 4459 minime
2748 4418 2955 4459 nocere
3011 4401 3133 4459 illis
3181 4401 3567 4475 permittitur,
3605 4402 3848 4474 quando

2178 4490 2373 4548 illaesze
2427 4492 2633 4548 animae
2682 4492 3006 4564 justorum,
3040 4492 3152 4548 sub
3208 4488 3473 4564 qualibet
3528 4491 3847 4547 adﬂictione

2179 4596 2456 4653 corporea
2479 4585 2809 4637 servantur.

2180 4672 2252 4726 27
2323 4669 2645 4727 Benedictus
2674 4669 2942 4727 Dominus
2972 4688 2991 4727 :

2324 4760 2597 4828 Quoniam
2623 4754 2943 4832 miriﬁca'uit
2969 4758 3407 4818 misericordiam
3432 4770 3589 4816 suam
3616 4756 3760 4814 mihi
3778 4757 3841 4813 in

2391 4849 2612 4905 civitate
2637 4850 2872 4904 munita.

2251 4937 2298 4993 Η
2354 4935 2707 4993 Benedictus
2768 4934 3077 5006 Dominus,
3141 4938 3233 4994 cui
3295 4936 3590 4995 benedicit
3645 4934 3869 4990 omnis

2177 5028 2463 5083 creatura.
2520 5025 2632 5081 Sed
2681 5042 2797 5082 non
2855 5024 2984 5082 ideo
3036 5028 3205 5099 quasi
3257 5031 3424 5101 egeat
3478 5028 3687 5082 nostra
3732 5024 3843 5079 be-

2185 5114 2516 5171 nedictione
2570 5132 2605 5170 a
2655 5115 2823 5172 nobis
2876 5115 3283 5186 bonedieitur,
3309 5116 3427 5173 sed
3471 5119 3537 5171 ut
3605 5118 3719 5169 nos
3764 5110 3842 5168 ab

2184 5204 2311 5277 ipso
2338 5203 2802 5260 benedictionem
2833 5204 3092 5277 accipere
3124 5202 3472 5262 mereamur.
3505 5200 3842 5260 Miriﬁcavit

2184 5292 2643 5349 misericordiam
2669 5292 2729 5347 in
2758 5292 3009 5364 civitate,
3034 5298 3085 5349 Η
3111 5292 3150 5350 C
3174 5295 3233 5351 id
3257 5294 3349 5351 est
3373 5290 3433 5350 in
3472 5286 3842 5349 Hierusalem

2184 5398 2364 5457 quam
2416 5382 2782 5439 circumdant
2834 5399 3040 5441 omnes
3085 5382 3312 5458 gentes.
3358 5387 3410 5438 Η
3462 5382 3599 5448 Quae
3646 5378 3738 5435 est
3776 5376 3843 5433 in

2184 5472 2377 5529 medio
2431 5471 2658 5542 mundi,
2720 5472 2861 5547 quia
2914 5473 2995 5529 ibi
3044 5477 3218 5530 natus
3268 5487 3482 5547 passus
3531 5472 3590 5528 et
3639 5483 3840 5524 resur-

2182 5563 2348 5621 rexit.
