4086 6180
237 314 337 377 137

226 450 321 502 28'
362 450 476 523 Ego
503 455 685 505 autem
713 448 839 506 dixi
866 451 925 507 in
954 467 1172 508 excessu
1206 456 1403 511 mentis
1432 473 1604 526 mese;

361 541 638 613 Projectus
664 556 785 599 sum
814 558 848 595 a
872 543 1017 613 facie
1043 546 1324 602 oculorum
1353 538 1589 603 tuorum.

294 629 338 684 II
363 629 524 685 Tunc
566 632 623 686 in
651 649 889 689 excessu
942 634 1155 690 mentis
1186 640 1276 691 est
1311 636 1601 694 Ecclesia:
1636 640 1868 711 quando

221 720 432 792 cogitat
462 737 590 793 quae
617 721 673 775 in
706 721 979 793 paradiso
1003 724 1219 791 amisit,
1247 728 1305 780 et
1324 725 1574 798 qualiter
1592 727 1747 782 Deus‘
1767 744 1870 800 per

220 806 488 880 angelum
522 810 677 882 apud
704 812 889 866 Adam
922 811 1271 886 loquebatur
1298 833 1310 870 :
1339 819 1395 871 et
1419 817 1710 887 quomodo
1740 834 1870 872 ocu-

216 896 289 951 lis
320 898 700 955 interioribus
733 904 915 957 Deum
945 902 1195 971 videbat,
1242 904 1342 976 qui
1386 906 1681 977 projectus
1718 914 1808 963 est
1836 926 1869 962 a

215 986 356 1042 facie
385 987 510 1056 Dei,
544 990 781 1060 quando
810 994 1216 1065 transgressus
1246 998 1334 1048 est
1357 994 1633 1051 mandata
1659 996 1782 1065 Dei,
1810 1001 1868 1053 et

212 1076 402 1131 omnis
434 1079 749 1150 posteritas
780 1084 869 1135 est
893 1080 952 1136 in
984 1081 1082 1137 illo
1109 1083 1383 1154 projecta.

206 1164 279 1218 29
348 1166 473 1221 Ideo
502 1167 783 1224 exaudiui
812 1186 994 1226 vocem
1021 1172 1291 1227 orationis
1319 1187 1460 1230 mese
1491 1192 1509 1228 :

349 1255 491 1309 Dum
521 1256 821 1312 clamarem
851 1257 922 1313 ad
952 1267 1023 1314 te.
1466 1278 1469 1281 ‘

276 1343 318 1398 C
352 1343 485 1400 Ideo
515 1347 854 1402 exauditam
888 1364 949 1404 se
978 1349 1122 1404 dicit
1158 1348 1425 1405 Christus
1481 1352 1537 1405 in
1585 1352 1866 1408 membris

204 1433 348 1500 suis,
383 1434 526 1505 quia
558 1451 670 1490 non
698 1436 891 1491 tardat
914 1438 1102 1510 gratia
1130 1440 1226 1493 Dei
1259 1439 1535 1510 adjuvare
1568 1439 1863 1513 illum,qui

201 1521 508 1579 humiliter
523 1526 836 1580 Dominum
851 1528 1101 1599 rogat.Ef
1130 1528 1436 1584 exauditus
1454 1533 1541 1584 est
1558 1529 1823 1585 Christus
1848 1548 1860 1586 :

202 1613 439 1684 quando
473 1614 673 1668 audita
686 1618 776 1670 est
802 1621 1045 1686 paterna
1067 1633 1174 1671 vox
1196 1617 1395 1673 dicens
1431 1637 1442 1674 :
1478 1623 1578 1673 Hic
1603 1617 1863 1675 estﬁlius

202 1717 367 1758 meus
392 1703 743 1759 dilectus.Et
764 1705 999 1776 quando
1016 1704 1286 1762 clamavit
1309 1707 1381 1762 ad
1415 1708 1643 1763 Patrem
1671 1726 1683 1764 :
1710 1712 1860 1764 Deus

201 1791 555 1860 meus,Deus
578 1809 953 1865 meus,quare
973 1812 1064 1851 me
1085 1795 1450 1868 dereliquisti
1472 1796 1816 1869 (Matth.xvu)
1833 1796 1861 1852 ?

196 1882 263 1935 30
332 1881 571 1951 Diligite
581 1885 875 1938 Dominum
893 1900 1076 1940 omnes
1089 1886 1266 1940 sancti
1279 1886 1397 1957 ejus
1412 1904 1430 1939 :
1449 1892 1504 1951 σία
1525 1888 1785 1959 quoniam
1826 1891 1843 1954 ζ

406 1974 694 2029 veritatem
720 1975 964 2045 requiret
987 1976 1246 2029 Dominus
1275 1993 1294 2030 :

335 2063 402 2116 Et
433 2063 699 2117 retribuet
726 2061 1072 2118 abundanter
1097 2064 1427 2133 facientibus
1448 2065 1779 2136 superbiam.

261 2154 301 2204 C
324 2149 567 2223 Diligite
596 2151 758 2219 dicit,
782 2153 910 2222 jam
940 2156 1221 2224 tanquam
1243 2153 1313 2208 ad
1345 2154 1704 2220 amicos,non
1728 2159 1853 2211 tan-

196 2256 371 2310 quam
404 2239 477 2293 ad
506 2256 706 2295 servos
731 2241 909 2311 (Joan.
937 2241 1030 2312 xv)
1065 2260 1078 2296 :
1106 2258 1409 2298 servorum
1433 2247 1522 2299 est
1543 2244 1700 2299 enim
1733 2245 1846 2302 for-

197 2329 772 2397 midare,amicorum
802 2329 1063 2403 diligere.
1094 2330 1356 2403 Requirit
1380 2332 1663 2389 Dominus
1692 2334 1847 2388 veri-

191 2419 581 2490 tatem,quam
610 2419 880 2475 nesciunt
921 2418 1195 2487 haeretici,
1221 2419 1386 2475 falsis
1410 2422 1707 2478 erroribus
1739 2422 1848 2477 illi-

190 2507 325 2579 gati.
358 2506 468 2562 Hic
490 2507 849 2579 superbiami
898 2525 1014 2564 non
1051 2525 1237 2563 unum
1286 2509 1492 2564 vitium
1543 2510 1701 2576 dicit,
1743 2512 1843 2567 sed

189 2596 481 2668 quidquid
544 2613 773 2652 morum
821 2597 1103 2669 pravitate
1133 2601 1422 2670 peccatur.
1472 2597 1591 2654 Illis
1638 2600 1844 2655 tribuit

187 2685 562 2741 abundanter
586 2685 686 2758 qui
716 2689 1004 2758 praecepta
1027 2685 1127 2741 Dei
1158 2686 1508 2759 despiciant.

184 2773 240 2828 3i
322 2774 581 2831 Viriliter
611 2776 758 2843 agite
787 2779 840 2831 et
859 2777 1194 2846 confortetur
1220 2792 1312 2832 cor
1338 2784 1575 2832 vestrum
1606 2796 1624 2831 :

321 2864 528 2921 Omnes
555 2866 655 2937 qui
679 2866 914 2937 speratis
942 2866 1001 2920 in
1031 2866 1280 2923 Domino.

247 2958 287 3008 C
313 2951 587 3009 Viriliter
610 2955 783 3026 agite,
812 2954 871 3008 id
915 2958 1003 3010 est
1030 2955 1088 3009 in
1136 2955 1307 3010 bonis
1356 2957 1630 3027 operibus
1669 2973 1837 3012 cons-

182 3044 519 3099 tantissime
548 3043 857 3115 perdurate
886 3062 900 3099 :
933 3060 1003 3099 ne
1043 3043 1295 3100 feminea
1338 3044 1580 3101 mollitie
1611 3046 1836 3101 deﬁcia-

186 3133 251 3187 tis
277 3133 388 3203 qui
423 3133 600 3187 corda
629 3135 820 3188 vestra
865 3133 1111 3188 Domino
1148 3136 1482 3189 constanter
1505 3135 1746 3191 oti‘ertis.
1774 3136 1833 3190 Si

184 3222 331 3277 enim
395 3222 748 3277 roborantur
802 3222 977 3277 corda
1033 3222 1292 3279 fidelium
1323 3240 1336 3277 :
1366 3223 1415 3277 si
1464 3239 1627 3295 spem
1666 3240 1835 3279 suam

183 3310 408 3365 domini
434 3311 652 3366 virtute
674 3310 1041 3367 confirment.

687 3416 892 3456 ORATIO
917 3417 985 3454 EX
1012 3416 1171 3456 PSAL.
1202 3418 1333 3456 XXX.

249 3489 617 3545 lmmensam
644 3488 1082 3545 multitudinem
1095 3489 1421 3546 dulcedinis
1436 3490 1839 3563 tuae,piissime

184 3576 449 3645 Domine,
505 3578 849 3651 suppliciter
889 3595 1217 3647 exoramus,
1253 3584 1317 3635 ut
1346 3580 1488 3634 dum
1532 3580 1838 3635 veritatem

182 3672 335 3723 tuam
374 3668 759 3740 requirimus,
802 3672 1093 3724 tumorem
1137 3668 1510 3724 exsecrabilis
1551 3669 1836 3741 superbiae

183 3762 578 3813 conteramus.
603 3756 713 3812 Per
753 3756 1069 3813 Dominum
1119 3762 1385 3814 nostrum
1436 3759 1640 3814 Jesum
1682 3752 1838 3813 Chri-

184 3850 353 3915 stum,
396 3852 518 3902 etc.

1867 3210 1909 3276 C

731 3935 1060 3991 PSALMUS
1088 3936 1285 3992 XXXI.

611 4042 1006 4083 ARGUMENTUM
1054 4043 1209 4082 PSAL.
1259 4042 1410 4081 XXXI.

244 4121 284 4170 C
312 4116 444 4172 Vox
478 4116 813 4187 paenitentis
844 4119 900 4171 et
928 4114 1158 4171 Domini
1202 4117 1379 4171 verba
1409 4116 1834 4187 respondentis,

182 4221 239 4260 se
260 4204 633 4260 circumdare
657 4203 1056 4261 misericordia
1086 4221 1194 4260 sua
1224 4205 1282 4261 in
1320 4222 1380 4261 se
1406 4210 1728 4278 sperantes.

676 4294 788 4349 ἸνΓ.
818 4294 992 4349 David
1021 4295 1345 4350 intellectus.

247 4388 286 4439 C
308 4388 433 4440 Cur
466 4383 525 4437 in
555 4383 663 4438 hoc
694 4382 863 4439 titulo
889 4383 1086 4455 posuit
1106 4383 1286 4438 David
1312 4384 1637 4441 intellectus
1658 4385 1685 4440 ?
1706 4402 1839 4440 cum

185 4491 385 4530 omnes
414 4471 631 4546 psalmi
652 4471 1261 4544 propterintellectum
1284 4490 1486 4529 eorum
1503 4474 1840 4530 habendum

185 4564 298 4619 sint
326 4563 901 4634 scripti.Responsio
935 4580 946 4617 :
982 4562 1176 4616 Primo
1208 4563 1477 4618 meminit
1502 4563 1839 4636 David,pro-
1873 4582 1919 4646 D

186 4658 307 4723 pter
334 4652 663 4709 Dominum
694 4650 1013 4718 Christum,
1040 4652 1318 4723 quoniam
1348 4652 1417 4707 ad
1445 4652 1638 4723 ipsum
1666 4653 1845 4725 respi-

185 4742 257 4795 cit
282 4741 577 4814 quidquid
600 4741 890 4812 pmnitens
916 4740 1026 4795 iste
1046 4740 1312 4796 dicturus
1337 4740 1668 4797 est.Deindc
1684 4741 1844 4796 addi-

186 4829 267 4885 dit
292 4829 723 4899 intellectus,ut
751 4845 884 4884 cum
918 4846 1024 4885 nos
1046 4829 1358 4903 intelligire
1389 4829 1664 4884 divinitas
1698 4847 1842 4902 pra:-

187 4918 401 4973 stiterit
432 4921 669 4990 peccata
696 4922 896 4973 nostra
930 4935 942 4973 :
975 4935 1080 4990 pro
1110 4919 1195 4973 eis
1225 4922 1362 4972 tunc
1391 4916 1685 4973 diluendis
1710 4935 1844 4991 sup-

187 5006 495 5077 plicamus,
523 5008 582 5062 in
615 5006 730 5063 alio
760 5008 917 5062 enim
949 5005 1176 5079 psalmo
1220 5007 1441 5061 dictum
1492 5012 1600 5074 est,
1635 5005 1847 5063 delicta

187 5097 314 5167 quis
342 5096 621 5170 intelligit
653 5097 828 5167 (Psal.
856 5096 1039 5167 xvm),
1073 5096 1144 5151 de
1168 5094 1464 5151 intellectu
1500 5096 1680 5169 igitur
1708 5113 1840 5169 pec-

186 5191 453 5241 catorum
484 5185 769 5259 loquitur.

224 5277 247 5329 1
328 5277 490 5331 Beati
516 5275 745 5351 quorum
772 5276 1019 5332 remissa?
1054 5283 1182 5331 suat
1213 5275 1534 5348 iniquitates
1567 5292 1579 5330 :

322 5366 395 5420 Et
420 5380 653 5436 quorum
683 5368 822 5420 tecta
850 5368 979 5419 sunt
1004 5372 1241 5436 peccata.

258 5453 299 5508 Il
330 5453 493 5510 Beati
524 5470 778 5526 quorum
810 5454 1068 5510 remissae
1101 5457 1240 5509 sunt
1269 5454 1631 5525 iniquitates,
1663 5453 1721 5506 id
1755 5456 1845 5508 est

192 5558 288 5612 per
311 5544 743 5599 confessionem
774 5562 808 5598 a
837 5542 1080 5599 Domino
1111 5542 1439 5598 diluuntur.
1463 5542 1566 5597 Vel
1592 5558 1843 5614 quorum

193 5636 341 5690 tecta
369 5638 531 5703 sunt,
559 5633 619 5690 id
641 5636 731 5690 est
755 5649 860 5707 per
881 5632 1249 5701 charitatem,
1266 5648 1392 5709 quae
1423 5632 1608 5706 operit
1641 5631 1845 5690 multi-

511 5762 780 5828 Puaoe.
830 5762 1060 5827 CXLII.

1464 326 1878 389 EXPOSlTIO
1923 310 2436 397 PSALMORUM.

3530 344 3649 405 138

1902 461 1955 528 Α
1991 462 2253 519 tudinem
2286 469 2654 537 peccatorum
2682 469 2866 539 (Prov.
2900 469 2982 541 x,)
3028 468 3117 526 vel
3166 470 3352 527 velata
3394 489 3497 545 per
3526 473 3647 547 pce'

1981 551 2286 609 nitentiam
2317 572 2386 624 ne
2414 556 2470 611 in
2494 557 2720 627 judicio
2749 556 3078 615 revelantur
3110 562 3156 632 (Ι
3174 562 3324 617 Petr.
3362 562 3505 632 iv).C
3528 565 3646 619 Ini-

1980 641 2232 711 quitates
2258 646 2551 716 sunt,quae
2584 650 2715 717 post
2740 646 2875 701 ﬁdei
2910 647 3326 720 cogitationem
3376 651 3462 707 vel
3516 668 3647 726 gra-

1976 729 2120 784 tiam
2147 731 2519 803 baptismatis
2550 734 2997 791 contrahuntur.

2012 838 2048 890 2
2120 838 2320 894 Beatus
2348 841 2437 895 vir
2463 842 2559 895 cui
2576 856 2682 895 non
2717 843 3009 914 imputavit
3029 846 3295 901 Dominus
3316 856 3602 919 peccatum
3623 867 3644 909 :

2119 926 2226 981 Nec
2245 935 2325 982 est
2354 930 2415 983 in
2439 930 2641 999 spiritu
2668 929 2786 1001 ejus
2813 930 2989 988 dolus.

2049 1013 2095 1068 H
2120 1014 2205 1070 Illi
2236 1032 2352 1072 non
2384 1016 2710 1089 imputatur
2740 1021 3167 1094 peccatum,qui
3199 1022 3257 1078 in
3288 1021 3397 1079 hoc
3428 1026 3641 1083 saeculo

1977 1118 2039 1158 se
2072 1121 2175 1176 per
2202 1105 2601 1176 penitentiam
2654 1106 3013 1164 sufficienter
3058 1114 3361 1184 expurgat,
3412 1112 3501 1167 vel
3533 1130 3638 1186 per

1979 1193 2323 1266 martyrium
2354 1196 2754 1267 purgat.Qnod
2777 1196 2993 1269 tegitur
3021 1215 3033 1252 :
3058 1215 3175 1253 non
3195 1198 3447 1268 videtur,
3477 1202 3632 1273 quod

1977 1298 2091 1337 non
2124 1283 2354 1338 videtur
2388 1301 2400 1339 :
2433 1301 2546 1339 non
2581 1285 2927 1356 imputatur,
2956 1286 3110 1358 quod
3138 1304 3254 1343 non
3280 1288 3629 1362 imputatur,

1977 1387 2078 1426 nec
2106 1373 2401 1443 punietur.
2432 1375 2492 1427 In
2522 1373 2682 1429 illius
2709 1390 2806 1429 ore
2830 1374 3002 1429 dolus
3028 1392 3142 1431 non
3170 1381 3260 1432 est
3285 1378 3385 1449 qui
3411 1396 3474 1445 se
3499 1395 3629 1451 pec-

1975 1463 2228 1517 catorem
2254 1464 2579 1533 proﬁtetur.
2614 1466 2653 1517 C
2681 1463 2827 1526 Quia
2850 1464 2990 1519 dum
3020 1467 3413 1538 nosmetipsos
3438 1466 3631 1539 culpa-

1974 1565 2110 1605 mus
2140 1568 2153 1606 :
2182 1550 2570 1623 veriloquium
2599 1557 2711 1622 est,
2742 1570 2875 1607 cum
2903 1570 3011 1610 nos
3037 1552 3310 1609 volumus
3341 1554 3581 1612 laudare
3614 1575 3627 1612 :

1976 1640 2345 1695 mendacium
2373 1644 2482 1707 est,
2510 1641 2635 1713 ipse
2676 1642 2833 1697 enim
2883 1643 3128 1698 Domino
3176 1642 3366 1716 placet
3389 1644 3489 1716 qui
3517 1645 3630 1701 sibi

1971 1727 2261 1801 displicet.

2007 1818 2042 1872 3
2114 1820 2389 1874 Puoniam
2422 1821 2572 1874 tacui
2602 1821 2980 1877 interaverunt
3012 1839 3134 1879 ossa
3162 1840 3285 1879 mea

2105 1908 2246 1961 Dum
2272 1909 2572 1964 clamarem
2601 1918 2713 1965 tota
2736 1910 2843 1966 die.

2034 1995 2081 2049 H
2107 1997 2422 2066 Tacui,vox
2448 1997 2736 2054 malorum
2763 1999 2981 2071 est,qui
3008 2003 3203 2056 tacent
3228 2016 3337 2056 sua
3365 2005 3621 2072 peccata,

1961 2088 2018 2139 et
2042 2084 2099 2139 in
2128 2086 2493 2142 confessione
2520 2085 2729 2142 nolunt
2754 2087 3100 2155 dicere,ideo
3122 2089 3314 2145 omnis
3340 2088 3619 2145 fortitudo

1962 2174 2174 2243 mea,id
2208 2179 2299 2230 est
2323 2176 2510 2230 virtus
2549 2176 2607 2230 in
2636 2176 2974 2232 infirmitate
2999 2178 3377 2233 consenuit.A
3396 2180 3435 2233 C
3460 2178 3619 2235 More

1960 2263 2218 2319 vulneris
2248 2264 2750 2337 corporalis,quod
2776 2265 2918 2319 dum
2933 2266 3492 2323 occultaturmedico
3509 2284 3617 2340 pu-

1959 2353 2173 2408 trescit.
2196 2357 2340 2408 Dum
2368 2352 2706 2410 clamarem.
2741 2353 2788 2409 H
2821 2353 3175 2422 Clamant,id
3206 2360 3296 2411 est
3318 2356 3369 2412 si
3396 2355 3617 2428 aliquid

1956 2442 2092 2496 boni
2120 2442 2466 2515 habent,per
2495 2444 2816 2499 vanitatem
2864 2444 3291 2502 demonstrant.
3326 2446 3472 2501 Tota
3501 2446 3616 2514 die,

1952 2535 2003 2585 H
2031 2534 2078 2586 A
2102 2532 2156 2586 id
2186 2537 2277 2587 est
2303 2536 2422 2587 tota
2448 2533 2566 2587 vita
2592 2534 2739 2604 (quae
2771 2534 2966 2589 brevis
3002 2535 3115 2607 est)
3141 2537 3335 2592 tacent
3359 2539 3617 2607 peccata,

1952 2619 2208 2676 clamant
2232 2626 2289 2677 et
2304 2623 2531 2692 jactant
2558 2623 2786 2678 merita.

1986 2728 2019 2781 4
2095 2729 2365 2797 Quoniam
2391 2729 2481 2785 die
2510 2746 2574 2784 ac
2604 2737 2756 2786 nocte
2784 2739 3015 2800 gravata
3066 2740 3143 2788 est
3187 2748 3355 2805 super
3384 2747 3467 2789 me
3492 2748 3611 2787 ma-

2161 2835 2266 2872 nus
2293 2821 2390 2873 tua
2416 2837 2433 2872 :

2093 2907 2390 2962 Conversus
2419 2924 2544 2963 sum
2573 2910 2635 2963 in
2665 2924 2915 2966 aerumna
3046 2926 3184 2965 mea.
3222 2951 3235 2965 .
3259 2908 3391 2966 dum
3438 2910 3606 2980 conﬁ-

2158 2998 2311 3065 gitur
2331 2997 2511 3067 spina.
2564 2989 2650 3065 ἥ
2697 2997 3015 3068 Diapsalma
3056 3004 3069 3062 ζ

2017 3093 2062 3148 Η
2089 3092 2338 3148 Gravata
2361 3099 2452 3148 est
2480 3109 2692 3148 manus
2722 3094 2821 3149 Dei
2854 3110 3031 3166 super
3059 3099 3407 3166 peccatores,
3422 3094 3479 3149 id
3507 3099 3597 3150 est

1946 3186 2208 3253 potestas
2233 3181 2497 3235 vindictae
2533 3182 2590 3235 in
2616 3182 2709 3236 die
2727 3182 3006 3253 judicii.C
3034 3183 3134 3238 Die
3158 3186 3216 3238 et
3233 3188 3398 3238 nocte
3426 3201 3438 3238 :
3468 3200 3599 3239 eon-

1946 3271 2180 3326 tinuum
2203 3274 2435 3341 tempus
2451 3270 2764 3343 signiﬁcat.
2790 3271 3177 3327 fErumnosus
3198 3271 3415 3327 dicitur
3433 3270 3600 3327 valde

1948 3359 2244 3414 ruinosus.
2276 3359 2468 3414 Ruina
2514 3359 2730 3432 quippe
2760 3358 3049 3432 appellata
3075 3362 3185 3429 est,
3223 3360 3393 3432 quasi
3424 3376 3601 3416 ruens

1948 3448 2009 3502 in
2058 3448 2197 3503 ima.
2229 3451 2555 3503 Conversus
2600 3452 2690 3504 est
2726 3449 2785 3502 in
2833 3444 3135 3505 aerumna:
3171 3450 3269 3522 qui
3317 3449 3604 3506 ceciderat

1948 3537 2019 3592 de
2051 3537 2348 3608 superbia,
2384 3540 2450 3591 ut
2474 3536 2575 3608 qui
2602 3541 2734 3593 ante
2757 3541 2881 3594 erat
2906 3539 3159 3612 superba
3184 3558 3197 3607 ;
3231 3556 3385 3595 nunc
3413 3538 3611 3595 humi-

1949 3625 2022 3680 lis
2046 3626 2233 3691 factns
2258 3630 2363 3682 est.
2399 3626 2580 3698 Spina
2603 3630 2691 3682 est
2716 3645 2841 3698 qum
2873 3645 3084 3700 corpus
3116 3628 3288 3700 erigit
3311 3632 3484 3700 atque
3509 3645 3598 3684 re-

1948 3715 2115 3784 tinet,
2150 3713 2270 3769 haec
2303 3731 2406 3786 pro
2433 3716 2707 3786 superbia
2733 3716 2940 3770 merito
2985 3717 3175 3787 posita
3200 3721 3439 3788 est,quae
3465 3732 3600 3771 con-

1949 3804 2133 3859 fracta
2150 3821 2262 3859 non
2278 3804 2367 3875 dej
2380 3804 2479 3858 icit
2494 3804 2565 3858 ad
2583 3804 2820 3859 interitu
2831 3805 3017 3871 m,sed
3043 3804 3214 3877 erigit
3230 3805 3302 3859 ad
3328 3804 3596 3860 salutem.

1950 3893 1997 3948 H
2027 3894 2331 3948 {Erumma
2362 3892 2600 3948 miseria
2645 3898 2753 3948 est.
2793 3896 2837 3947 A
2888 3892 2993 3948 Vel
3044 3893 3357 3966 configitur
3407 3894 3597 3965 spina,

1948 3999 2082 4037 cum
2114 3982 2398 4054 pungitur
2425 3982 2780 4037 conscientia
2804 3985 2860 4037 et
2889 3981 3062 4037 dolet.

1982 4089 2020 4145 5
2092 4089 2373 4144 Delictum
2391 4104 2573 4144 meum
2602 4089 2880 4159 cognitum
3010 4090 3113 4143 tibi
3156 4096 3169 4155 ς
3211 4091 3319 4160 feci
3346 4106 3366 4144 :

2091 4179 2155 4233 Et
2186 4178 2521 4249 injustitiam
2548 4194 2725 4233 meam
2754 4194 2864 4233 non
2894 4176 3170 4232 abscondi.

2020 4274 2184 4331 Cllle
2227 4274 2503 4330 delictum
2571 4274 2869 4347 cognitum
2933 4273 3087 4342 facit,
3157 4273 3255 4344 qui
3324 4271 3467 4327 illud
3538 4271 3599 4326 in

1951 4365 2375 4423 confessionem
2402 4380 2599 4418 veram
2632 4362 2916 4434 perducit.
2940 4361 3175 4435 Operire
3199 4365 3288 4418 est
3314 4360 3479 4417 valde
3503 4359 3603 4416 ali-

1952 4455 2092 4528 quid
2113 4452 2346 4509 silentio
2363 4454 2685 4525 tegere,aut
2699 4452 2891 4507 cordis
2907 4449 3375 4508 dissimulatione
3391 4450 3599 4522 celare,

1952 4545 2060 4600 hoc
2092 4543 2313 4599 faciunt
2342 4539 2529 4609 stulti,
2559 4541 2659 4613 qui
2694 4544 2904 4614 putant
2929 4541 3112 4596 Deum
3154 4539 3422 4613 ignorare
3447 4541 3601 4612 quod

1952 4636 2152 4707 agunt.
2178 4630 2458 4687 Delictum
2487 4631 2725 4703 quidam
2753 4629 2877 4686 leve
2901 4633 3113 4702 putant
3145 4646 3273 4686 esse
3302 4634 3602 4701 peccatum

1953 4722 2119 4794 quasi
2147 4720 2538 4794 negligentius
2565 4718 2928 4776 derelictum.
2959 4719 3017 4773 In
3021 4718 3257 4789 justitia
3298 4718 3487 4772 auiem
3514 4720 3605 4770 est

1952 4812 2209 4865 immane
2234 4809 2456 4881 aliquid
2487 4808 2576 4863 vel
2603 4824 2820 4865 smvum
2848 4806 3254 4861 commissum.
3284 4804 3394 4857 Sed
3419 4806 3477 4857 et
3510 4802 3603 4856 hic

1953 4901 2179 4973 puritas
2201 4900 2531 4955 conﬁtentis
2557 4897 2907 4962 ostenditur,
2943 4892 3081 4966 quia
3115 4909 3229 4947 non
3256 4889 3381 4944 vult
3415 4888 3602 4945 celare

1954 4989 2106 5062 quod
2134 4987 2479 5043 credebatur
2504 5001 2632 5040 esse
2657 4983 2903 5039 veniale.

1986 5097 2022 5151 6
2094 5095 2252 5160 Diri,
2286 5091 2589 5150 Conntebor
2616 5089 2902 5145 adversum
2942 5102 3029 5142 me
3065 5084 3402 5157 injustitiam
3430 5101 3608 5142 meam

2166 5181 2404 5237 Domino
2436 5196 2454 5233 .-

2093 5272 2159 5326 Et
2213 5277 2274 5325 tu
2336 5267 2601 5323 remisisti
2658 5266 2990 5337 impietatem
3028 5263 3238 5337 peccati
3283 5264 3412 5320 mei.
3473 5263 3610 5318 Dia-

2131 5416 2136 5421 _
2164 5358 2400 5431 psalma.

2026 5450 2072 5505 H
2124 5448 2253 5505 Dixi
2307 5447 2366 5509 in
2416 5445 2606 5512 corde,
2663 5442 2764 5499 ubi
2812 5443 2969 5499 Deus
3020 5442 3199 5512 videt,
3263 5438 3609 5509 Confitebor,

1955 5540 2076 5595 Cid
2104 5541 2194 5595 est
2222 5533 2454 5610 publice
2500 5534 2745 5600 fatebor,
2788 5536 2855 5587 ut
2902 5531 3048 5587 alios
3097 5531 3168 5586 ad
3222 5527 3613 5586 imitationem

1956 5629 2151 5689 trahat
2176 5628 2270 5705 pia
2298 5623 2604 5699 ﬁdelisque
2626 5622 2932 5681 confessio.
2966 5621 3242 5696 Impietas
3264 5619 3454 5676 cordis
3482 5616 3610 5680 fuit,

3255 5746 3292 5829 ὅ
