  <div class='ocr_page' id='page_1' title='image "/cluster/home/n/w/nwhite01/storage/ocr_20150623/142/hvd.32044054760020/075.png"; bbox 0 0 4122 6184; ppageno 0'>
   <div class='ocr_carea' id='block_1_1' title="bbox 444 335 561 414">
    <p class='ocr_par' dir='ltr' id='par_1_1' title="bbox 444 335 561 414">
     <span class='ocr_line' id='line_1_1' title="bbox 444 335 561 414; baseline 0.009 -1"><span class='ocrx_word' id='word_1_1' title='bbox 444 335 561 414; x_wconf 68' lang='lat'><strong>4‘39</strong></span> 
     </span>
    </p>
   </div>
   <div class='ocr_carea' id='block_1_2' title="bbox 1347 295 3058 411">
    <p class='ocr_par' dir='ltr' id='par_1_2' title="bbox 1347 295 3058 411">
     <span class='ocr_line' id='line_1_2' title="bbox 1347 295 3058 411; baseline -0.003 0"><span class='ocrx_word' id='word_1_2' title='bbox 1347 350 1412 411; x_wconf 90' lang='lat' dir='ltr'><strong>S.</strong></span> <span class='ocrx_word' id='word_1_3' title='bbox 1457 295 1853 410; x_wconf 69' lang='lat' dir='ltr'><strong>BltUNDNlS</strong></span> <span class='ocrx_word' id='word_1_4' title='bbox 1899 345 2523 409; x_wconf 75' lang='lat' dir='ltr'><strong>HEBBIPOLENSIS</strong></span> <span class='ocrx_word' id='word_1_5' title='bbox 2568 344 2946 410; x_wconf 81' lang='lat' dir='ltr'><strong>EPISCUPI.</strong></span> <span class='ocrx_word' id='word_1_6' title='bbox 3047 348 3058 372; x_wconf 87' lang='lat'>‘</span> 
     </span>
    </p>
   </div>
   <div class='ocr_carea' id='block_1_3' title="bbox 3734 337 3900 407">
    <p class='ocr_par' dir='ltr' id='par_1_3' title="bbox 3734 337 3900 407">
     <span class='ocr_line' id='line_1_3' title="bbox 3734 337 3900 407; baseline 0.012 -2"><span class='ocrx_word' id='word_1_7' title='bbox 3734 337 3900 407; x_wconf 68' lang='grc' dir='ltr'><strong>μα’</strong></span> 
     </span>
    </p>
   </div>
   <div class='ocr_carea' id='block_1_4' title="bbox 442 479 3133 559">
    <p class='ocr_par' dir='ltr' id='par_1_4' title="bbox 442 479 3133 559">
     <span class='ocr_line' id='line_1_4' title="bbox 442 479 3133 559; baseline -0.003 -17"><span class='ocrx_word' id='word_1_8' title='bbox 442 487 584 559; x_wconf 74' lang='lat' dir='ltr'><strong>quia</strong></span> <span class='ocrx_word' id='word_1_9' title='bbox 615 491 805 541; x_wconf 88' lang='lat' dir='ltr'><strong>tacere</strong></span> <span class='ocrx_word' id='word_1_10' title='bbox 833 484 1184 548; x_wconf 87' lang='lat' dir='ltr'><strong>decreverat,</strong></span> <span class='ocrx_word' id='word_1_11' title='bbox 1216 479 1385 536; x_wconf 86' lang='lat' dir='ltr'><strong>utilli</strong></span> <span class='ocrx_word' id='word_1_12' title='bbox 1415 481 1675 537; x_wconf 77' lang='lat' dir='ltr'><strong>crederet</strong></span> <span class='ocrx_word' id='word_1_13' title='bbox 1703 497 1830 538; x_wconf 88' lang='lat' dir='ltr'><strong>esse</strong></span> <span class='ocrx_word' id='word_1_14' title='bbox 1869 479 2091 552; x_wconf 88' lang='lat' dir='ltr'><strong>aliquid</strong></span> <span class='ocrx_word' id='word_1_15' title='bbox 2119 483 2176 549; x_wconf 80' lang='grc' dir='ltr'><strong>Α</strong></span> <span class='ocrx_word' id='word_1_16' title='bbox 2207 481 2272 535; x_wconf 92' lang='grc'>13</span> <span class='ocrx_word' id='word_1_17' title='bbox 2345 479 2509 535; x_wconf 61' lang='lat' dir='ltr'><strong>blatta</strong></span> <span class='ocrx_word' id='word_1_18' title='bbox 2539 480 2760 550; x_wconf 79' lang='lat' dir='ltr'><strong>ﬂagella</strong></span> <span class='ocrx_word' id='word_1_19' title='bbox 2783 479 3083 552; x_wconf 82' lang='lat' dir='ltr'><strong>peccatoris</strong></span> <span class='ocrx_word' id='word_1_20' title='bbox 3110 495 3133 534; x_wconf 89' lang='grc'><strong>.·</strong></span> 
     </span>
    </p>
   </div>
   <div class='ocr_carea' id='block_1_5' title="bbox 440 569 1798 648">
    <p class='ocr_par' dir='ltr' id='par_1_5' title="bbox 440 569 1798 648">
     <span class='ocr_line' id='line_1_5' title="bbox 440 569 1798 648; baseline -0.004 -17"><span class='ocrx_word' id='word_1_21' title='bbox 440 569 822 648; x_wconf 84' lang='lat' dir='ltr'><strong>c&#39;elatum,qui</strong></span> <span class='ocrx_word' id='word_1_22' title='bbox 852 578 1164 645; x_wconf 79' lang='lat' dir='ltr'><strong>antequam</strong></span> <span class='ocrx_word' id='word_1_23' title='bbox 1195 571 1362 638; x_wconf 78' lang='lat' dir='ltr'><strong>fiant,</strong></span> <span class='ocrx_word' id='word_1_24' title='bbox 1393 571 1592 626; x_wconf 86' lang='lat' dir='ltr'><strong>omnia</strong></span> <span class='ocrx_word' id='word_1_25' title='bbox 1622 570 1798 626; x_wconf 88' lang='lat' dir='ltr'><strong>novit.</strong></span> 
     </span>
    </p>
   </div>
   <div class='ocr_carea' id='block_1_6' title="bbox 473 661 1724 722">
    <p class='ocr_par' dir='ltr' id='par_1_6' title="bbox 473 661 1724 722">
     <span class='ocr_line' id='line_1_6' title="bbox 473 661 1724 722; baseline -0.002 -4"><span class='ocrx_word' id='word_1_26' title='bbox 473 662 510 718; x_wconf 82' lang='lat'><strong>7</strong></span> <span class='ocrx_word' id='word_1_27' title='bbox 582 669 694 722; x_wconf 86' lang='lat' dir='ltr'><strong>Pro</strong></span> <span class='ocrx_word' id='word_1_28' title='bbox 718 664 837 722; x_wconf 59' lang='lat' dir='ltr'><strong>haec</strong></span> <span class='ocrx_word' id='word_1_29' title='bbox 863 664 1046 718; x_wconf 86' lang='lat' dir='ltr'><strong>orabit</strong></span> <span class='ocrx_word' id='word_1_30' title='bbox 1072 661 1142 716; x_wconf 85' lang='lat' dir='ltr'><strong>ad</strong></span> <span class='ocrx_word' id='word_1_31' title='bbox 1173 667 1222 717; x_wconf 86' lang='lat' dir='ltr'><strong>te</strong></span> <span class='ocrx_word' id='word_1_32' title='bbox 1247 662 1429 716; x_wconf 84' lang='lat' dir='ltr'><strong>omnis</strong></span> <span class='ocrx_word' id='word_1_33' title='bbox 1455 668 1673 716; x_wconf 84' lang='lat' dir='ltr'><strong>sanctus</strong></span> <span class='ocrx_word' id='word_1_34' title='bbox 1705 679 1724 715; x_wconf 89' lang='lat'><em>:</em></span> 
     </span>
    </p>
   </div>
   <div class='ocr_carea' id='block_1_7' title="bbox 585 757 1250 826">
    <p class='ocr_par' dir='ltr' id='par_1_7' title="bbox 585 757 1250 826">
     <span class='ocr_line' id='line_1_7' title="bbox 585 757 1250 826; baseline -0.008 -16"><span class='ocrx_word' id='word_1_35' title='bbox 585 757 650 811; x_wconf 84' lang='lat' dir='ltr'><strong>In</strong></span> <span class='ocrx_word' id='word_1_36' title='bbox 677 762 912 826; x_wconf 86' lang='lat' dir='ltr'><strong>tempore</strong></span> <span class='ocrx_word' id='word_1_37' title='bbox 937 757 1250 824; x_wconf 87' lang='lat' dir='ltr'><strong>opportuno.</strong></span> 
     </span>
    </p>
   </div>
   <div class='ocr_carea' id='block_1_8' title="bbox 511 837 2092 911">
    <p class='ocr_par' dir='ltr' id='par_1_8' title="bbox 511 837 2092 911">
     <span class='ocr_line' id='line_1_8' title="bbox 511 837 2092 911; baseline -0.003 -13"><span class='ocrx_word' id='word_1_38' title='bbox 511 845 564 897; x_wconf 85' lang='grc' dir='ltr'><strong><em>Η</em></strong></span> <span class='ocrx_word' id='word_1_39' title='bbox 591 843 698 898; x_wconf 86' lang='lat' dir='ltr'><strong>Pro</strong></span> <span class='ocrx_word' id='word_1_40' title='bbox 728 841 835 896; x_wconf 88' lang='lat' dir='ltr'><strong>hac</strong></span> <span class='ocrx_word' id='word_1_41' title='bbox 865 839 1072 906; x_wconf 89' lang='lat' dir='ltr'><strong>orabit,</strong></span> <span class='ocrx_word' id='word_1_42' title='bbox 1091 838 1148 893; x_wconf 89' lang='lat' dir='ltr'><strong>id</strong></span> <span class='ocrx_word' id='word_1_43' title='bbox 1197 843 1308 905; x_wconf 88' lang='lat' dir='ltr'><strong>est,</strong></span> <span class='ocrx_word' id='word_1_44' title='bbox 1361 855 1464 910; x_wconf 91' lang='lat' dir='ltr'><strong>pro</strong></span> <span class='ocrx_word' id='word_1_45' title='bbox 1493 838 1802 911; x_wconf 79' lang='lat' dir='ltr'><strong>iniquitate</strong></span> <span class='ocrx_word' id='word_1_46' title='bbox 1851 839 1958 894; x_wconf 87' lang='lat' dir='ltr'><strong>hac</strong></span> <span class='ocrx_word' id='word_1_47' title='bbox 2003 837 2092 894; x_wconf 89' lang='lat' dir='ltr'><strong>vel</strong></span> 
     </span>
    </p>
   </div>
   <div class='ocr_carea' id='block_1_9' title="bbox 443 926 2091 1000">
    <p class='ocr_par' dir='ltr' id='par_1_9' title="bbox 443 926 2091 1000">
     <span class='ocr_line' id='line_1_9' title="bbox 443 926 2091 1000; baseline -0.003 -12"><span class='ocrx_word' id='word_1_48' title='bbox 443 929 807 996; x_wconf 78' lang='lat' dir='ltr'><strong>remissione,</strong></span> <span class='ocrx_word' id='word_1_49' title='bbox 839 929 994 1000; x_wconf 89' lang='lat' dir='ltr'><strong>quod</strong></span> <span class='ocrx_word' id='word_1_50' title='bbox 1039 928 1312 1000; x_wconf 90' lang='lat' dir='ltr'><strong>superius</strong></span> <span class='ocrx_word' id='word_1_51' title='bbox 1361 927 1524 984; x_wconf 85' lang='lat' dir='ltr'><strong>dixit.</strong></span> <span class='ocrx_word' id='word_1_52' title='bbox 1573 926 1778 984; x_wconf 85' lang='lat' dir='ltr'><strong>Omnis</strong></span> <span class='ocrx_word' id='word_1_53' title='bbox 1829 933 2091 996; x_wconf 90' lang='lat' dir='ltr'><strong>sanctus,</strong></span> 
     </span>
    </p>
   </div>
   <div class='ocr_carea' id='block_1_10' title="bbox 345 1013 2097 1092">
    <p class='ocr_par' dir='ltr' id='par_1_10' title="bbox 345 1013 2097 1092">
     <span class='ocr_line' id='line_1_10' title="bbox 345 1013 2097 1092; baseline -0.001 -17"><span class='ocrx_word' id='word_1_54' title='bbox 345 1013 356 1019; x_wconf 82' lang='grc'><em>’</em></span> <span class='ocrx_word' id='word_1_55' title='bbox 444 1019 603 1086; x_wconf 79' lang='lat' dir='ltr'><strong>dicit,</strong></span> <span class='ocrx_word' id='word_1_56' title='bbox 635 1018 773 1092; x_wconf 83' lang='lat' dir='ltr'><strong>quia</strong></span> <span class='ocrx_word' id='word_1_57' title='bbox 802 1031 975 1074; x_wconf 90' lang='lat' dir='ltr'><strong>nemo</strong></span> <span class='ocrx_word' id='word_1_58' title='bbox 1009 1021 1099 1073; x_wconf 89' lang='lat' dir='ltr'><strong>est</strong></span> <span class='ocrx_word' id='word_1_59' title='bbox 1127 1032 1162 1072; x_wconf 87' lang='lat' dir='ltr'><strong>a</strong></span> <span class='ocrx_word' id='word_1_60' title='bbox 1189 1016 1444 1090; x_wconf 82' lang='lat' dir='ltr'><strong>peccatis</strong></span> <span class='ocrx_word' id='word_1_61' title='bbox 1475 1015 1776 1072; x_wconf 87' lang='lat' dir='ltr'><strong>immunis.</strong></span> <span class='ocrx_word' id='word_1_62' title='bbox 1801 1021 1841 1072; x_wconf 90' lang='lat' dir='ltr'><strong><em>C</em></strong></span> <span class='ocrx_word' id='word_1_63' title='bbox 1864 1018 1924 1072; x_wconf 86' lang='lat' dir='ltr'><strong>In</strong></span> <span class='ocrx_word' id='word_1_64' title='bbox 1955 1021 2097 1073; x_wconf 90' lang='lat' dir='ltr'><strong>tem-</strong></span> 
     </span>
    </p>
   </div>
   <div class='ocr_carea' id='block_1_11' title="bbox 445 1105 2094 1180">
    <p class='ocr_par' dir='ltr' id='par_1_11' title="bbox 445 1105 2094 1180">
     <span class='ocr_line' id='line_1_11' title="bbox 445 1105 2094 1180; baseline -0.002 -16"><span class='ocrx_word' id='word_1_65' title='bbox 445 1119 581 1180; x_wconf 85' lang='lat' dir='ltr'><strong>pore</strong></span> <span class='ocrx_word' id='word_1_66' title='bbox 612 1105 1025 1180; x_wconf 90' lang='lat' dir='ltr'><strong>opportuno,in</strong></span> <span class='ocrx_word' id='word_1_67' title='bbox 1057 1105 1171 1162; x_wconf 86' lang='lat' dir='ltr'><strong>ista</strong></span> <span class='ocrx_word' id='word_1_68' title='bbox 1201 1105 1423 1161; x_wconf 81' lang='lat' dir='ltr'><strong>scilicet</strong></span> <span class='ocrx_word' id='word_1_69' title='bbox 1453 1105 1658 1162; x_wconf 89' lang='lat' dir='ltr'><strong>mundi</strong></span> <span class='ocrx_word' id='word_1_70' title='bbox 1691 1106 1933 1172; x_wconf 86' lang='lat' dir='ltr'><strong>vita,ubi</strong></span> <span class='ocrx_word' id='word_1_71' title='bbox 1958 1123 2094 1161; x_wconf 90' lang='lat' dir='ltr'><strong>con-</strong></span> 
     </span>
    </p>
   </div>
   <div class='ocr_carea' id='block_1_12' title="bbox 443 1193 2093 1267">
    <p class='ocr_par' dir='ltr' id='par_1_12' title="bbox 443 1193 2093 1267">
     <span class='ocr_line' id='line_1_12' title="bbox 443 1193 2093 1267; baseline -0.001 -16"><span class='ocrx_word' id='word_1_72' title='bbox 443 1194 588 1252; x_wconf 86' lang='lat' dir='ltr'><strong>verti</strong></span> <span class='ocrx_word' id='word_1_73' title='bbox 617 1195 706 1251; x_wconf 84' lang='lat' dir='ltr'><strong>fas</strong></span> <span class='ocrx_word' id='word_1_74' title='bbox 738 1195 998 1250; x_wconf 84' lang='lat' dir='ltr'><strong>est.Nam</strong></span> <span class='ocrx_word' id='word_1_75' title='bbox 1032 1194 1091 1249; x_wconf 89' lang='lat' dir='ltr'><strong>in</strong></span> <span class='ocrx_word' id='word_1_76' title='bbox 1123 1193 1351 1250; x_wconf 80' lang='lat' dir='ltr'><strong>inferno</strong></span> <span class='ocrx_word' id='word_1_77' title='bbox 1383 1195 1560 1266; x_wconf 84' lang='lat' dir='ltr'><strong>(sicut</strong></span> <span class='ocrx_word' id='word_1_78' title='bbox 1581 1195 1851 1267; x_wconf 86' lang='lat' dir='ltr'><strong>superius</strong></span> <span class='ocrx_word' id='word_1_79' title='bbox 1873 1195 2093 1250; x_wconf 81' lang='lat' dir='ltr'><strong>dictum</strong></span> 
     </span>
    </p>
   </div>
   <div class='ocr_carea' id='block_1_13' title="bbox 443 1283 1684 1357">
    <p class='ocr_par' dir='ltr' id='par_1_13' title="bbox 443 1283 1684 1357">
     <span class='ocr_line' id='line_1_13' title="bbox 443 1283 1684 1357; baseline -0.001 -16"><span class='ocrx_word' id='word_1_80' title='bbox 443 1287 556 1356; x_wconf 86' lang='lat' dir='ltr'><strong>est)</strong></span> <span class='ocrx_word' id='word_1_81' title='bbox 589 1301 758 1342; x_wconf 88' lang='lat' dir='ltr'><strong>nemo</strong></span> <span class='ocrx_word' id='word_1_82' title='bbox 790 1284 1047 1357; x_wconf 83' lang='lat' dir='ltr'><strong>proficue</strong></span> <span class='ocrx_word' id='word_1_83' title='bbox 1079 1283 1325 1340; x_wconf 89' lang='lat' dir='ltr'><strong>Domino</strong></span> <span class='ocrx_word' id='word_1_84' title='bbox 1353 1285 1684 1340; x_wconf 82' lang='lat' dir='ltr'><strong>conﬁtetur.</strong></span> 
     </span>
    </p>
   </div>
   <div class='ocr_carea' id='block_1_14' title="bbox 477 1373 1966 1446">
    <p class='ocr_par' dir='ltr' id='par_1_14' title="bbox 477 1373 1966 1446">
     <span class='ocr_line' id='line_1_14' title="bbox 477 1373 1966 1446; baseline -0.001 -15"><span class='ocrx_word' id='word_1_85' title='bbox 477 1377 512 1430; x_wconf 91' lang='lat'><strong>8</strong></span> <span class='ocrx_word' id='word_1_86' title='bbox 589 1375 964 1431; x_wconf 74' lang='lat' dir='ltr'><strong>Verumtamen</strong></span> <span class='ocrx_word' id='word_1_87' title='bbox 997 1375 1052 1428; x_wconf 85' lang='lat' dir='ltr'><strong>in</strong></span> <span class='ocrx_word' id='word_1_88' title='bbox 1084 1373 1293 1428; x_wconf 79' lang='lat' dir='ltr'><strong>diluvio</strong></span> <span class='ocrx_word' id='word_1_89' title='bbox 1321 1390 1593 1446; x_wconf 78' lang='lat' dir='ltr'><strong>aquarum</strong></span> <span class='ocrx_word' id='word_1_90' title='bbox 1616 1375 1918 1430; x_wconf 86' lang='lat' dir='ltr'><strong>multarum</strong></span> <span class='ocrx_word' id='word_1_91' title='bbox 1947 1393 1966 1430; x_wconf 91' lang='lat'><strong><em>:</em></strong></span> 
     </span>
    </p>
   </div>
   <div class='ocr_carea' id='block_1_15' title="bbox 587 1463 1464 1534">
    <p class='ocr_par' dir='ltr' id='par_1_15' title="bbox 587 1463 1464 1534">
     <span class='ocr_line' id='line_1_15' title="bbox 587 1463 1464 1534; baseline 0.001 -16"><span class='ocrx_word' id='word_1_92' title='bbox 587 1463 664 1518; x_wconf 75' lang='lat' dir='ltr'><strong>Ad</strong></span> <span class='ocrx_word' id='word_1_93' title='bbox 692 1479 818 1518; x_wconf 87' lang='lat' dir='ltr'><strong>eum</strong></span> <span class='ocrx_word' id='word_1_94' title='bbox 845 1479 955 1518; x_wconf 85' lang='lat' dir='ltr'><strong>non</strong></span> <span class='ocrx_word' id='word_1_95' title='bbox 985 1463 1464 1534; x_wconf 68' lang='lat' dir='ltr'><strong>approximabunt.</strong></span> 
     </span>
    </p>
   </div>
   <div class='ocr_carea' id='block_1_16' title="bbox 515 1551 2100 1623">
    <p class='ocr_par' dir='ltr' id='par_1_16' title="bbox 515 1551 2100 1623">
     <span class='ocr_line' id='line_1_16' title="bbox 515 1551 2100 1623; baseline 0.001 -16"><span class='ocrx_word' id='word_1_96' title='bbox 515 1557 556 1607; x_wconf 87' lang='lat' dir='ltr'>C</span> <span class='ocrx_word' id='word_1_97' title='bbox 585 1551 879 1608; x_wconf 85' lang='lat' dir='ltr'><strong>Diluvium</strong></span> <span class='ocrx_word' id='word_1_98' title='bbox 911 1568 1199 1623; x_wconf 86' lang='lat' dir='ltr'><strong>aquarum</strong></span> <span class='ocrx_word' id='word_1_99' title='bbox 1231 1551 1549 1607; x_wconf 87' lang='lat' dir='ltr'><strong>multarum</strong></span> <span class='ocrx_word' id='word_1_100' title='bbox 1591 1557 1680 1607; x_wconf 87' lang='lat' dir='ltr'><strong>est</strong></span> <span class='ocrx_word' id='word_1_101' title='bbox 1727 1568 1888 1608; x_wconf 83' lang='lat' dir='ltr'><strong>error</strong></span> <span class='ocrx_word' id='word_1_102' title='bbox 1915 1553 2100 1609; x_wconf 87' lang='lat' dir='ltr'><strong>homi-</strong></span> 
     </span>
    </p>
   </div>
   <div class='ocr_carea' id='block_1_17' title="bbox 392 1639 2100 1713">
    <p class='ocr_par' dir='ltr' id='par_1_17' title="bbox 392 1639 2100 1713">
     <span class='ocr_line' id='line_1_17' title="bbox 392 1639 2100 1713; baseline -0.001 -14"><span class='ocrx_word' id='word_1_103' title='bbox 392 1692 400 1700; x_wconf 93' lang='lat'><strong>.</strong></span> <span class='ocrx_word' id='word_1_104' title='bbox 447 1656 589 1697; x_wconf 89' lang='lat' dir='ltr'><strong>num</strong></span> <span class='ocrx_word' id='word_1_105' title='bbox 618 1641 1034 1712; x_wconf 85' lang='lat' dir='ltr'><strong>pessimorum,</strong></span> <span class='ocrx_word' id='word_1_106' title='bbox 1067 1641 1166 1711; x_wconf 89' lang='lat' dir='ltr'><strong>qui</strong></span> <span class='ocrx_word' id='word_1_107' title='bbox 1195 1639 1371 1696; x_wconf 88' lang='lat' dir='ltr'><strong>variis</strong></span> <span class='ocrx_word' id='word_1_108' title='bbox 1400 1641 1785 1713; x_wconf 83' lang='lat' dir='ltr'><strong>pravitatibus</strong></span> <span class='ocrx_word' id='word_1_109' title='bbox 1818 1641 2100 1698; x_wconf 85' lang='lat' dir='ltr'><strong>ﬂuctuan-</strong></span> 
     </span>
    </p>
   </div>
   <div class='ocr_carea' id='block_1_18' title="bbox 443 1728 2096 1801">
    <p class='ocr_par' dir='ltr' id='par_1_18' title="bbox 443 1728 2096 1801">
     <span class='ocr_line' id='line_1_18' title="bbox 443 1728 2096 1801; baseline 0 -15"><span class='ocrx_word' id='word_1_110' title='bbox 443 1737 556 1796; x_wconf 92' lang='lat' dir='ltr'><strong>tes,</strong></span> <span class='ocrx_word' id='word_1_111' title='bbox 583 1728 941 1801; x_wconf 88' lang='lat' dir='ltr'><strong>multiplices</strong></span> <span class='ocrx_word' id='word_1_112' title='bbox 972 1729 1082 1783; x_wconf 85' lang='lat' dir='ltr'><strong>sibi</strong></span> <span class='ocrx_word' id='word_1_113' title='bbox 1111 1729 1407 1784; x_wconf 88' lang='lat' dir='ltr'><strong>doctrinas</strong></span> <span class='ocrx_word' id='word_1_114' title='bbox 1437 1731 1822 1799; x_wconf 89' lang='lat' dir='ltr'><strong>constituunt,</strong></span> <span class='ocrx_word' id='word_1_115' title='bbox 1854 1731 1990 1786; x_wconf 91' lang='lat' dir='ltr'><strong>ethi</strong></span> <span class='ocrx_word' id='word_1_116' title='bbox 2024 1731 2096 1786; x_wconf 90' lang='lat' dir='ltr'><strong>ad</strong></span> 
     </span>
    </p>
   </div>
   <div class='ocr_carea' id='block_1_19' title="bbox 443 1815 2174 1920">
    <p class='ocr_par' dir='ltr' id='par_1_19' title="bbox 443 1815 2174 1920">
     <span class='ocr_line' id='line_1_19' title="bbox 443 1815 2174 1920; baseline 0.001 -46"><span class='ocrx_word' id='word_1_117' title='bbox 443 1817 758 1874; x_wconf 89' lang='lat' dir='ltr'><strong>Dominum</strong></span> <span class='ocrx_word' id='word_1_118' title='bbox 791 1833 907 1873; x_wconf 92' lang='lat' dir='ltr'><strong>non</strong></span> <span class='ocrx_word' id='word_1_119' title='bbox 937 1815 1450 1889; x_wconf 84' lang='lat' dir='ltr'><strong>approximabuut,</strong></span> <span class='ocrx_word' id='word_1_120' title='bbox 1481 1819 1759 1890; x_wconf 87' lang='lat' dir='ltr'><strong>quoniam</strong></span> <span class='ocrx_word' id='word_1_121' title='bbox 1783 1838 1819 1875; x_wconf 88' lang='lat' dir='ltr'><strong>a</strong></span> <span class='ocrx_word' id='word_1_122' title='bbox 1845 1836 1980 1876; x_wconf 86' lang='lat' dir='ltr'><strong>vera</strong></span> <span class='ocrx_word' id='word_1_123' title='bbox 2009 1837 2097 1876; x_wconf 87' lang='lat' dir='ltr'><strong>re-</strong></span> <span class='ocrx_word' id='word_1_124' title='bbox 2127 1854 2174 1920; x_wconf 77' lang='grc' dir='ltr'><strong>Β</strong></span> 
     </span>
    </p>
   </div>
   <div class='ocr_carea' id='block_1_20' title="bbox 442 1905 1020 1980">
    <p class='ocr_par' dir='ltr' id='par_1_20' title="bbox 442 1905 1020 1980">
     <span class='ocr_line' id='line_1_20' title="bbox 442 1905 1020 1980; baseline -0.003 -18"><span class='ocrx_word' id='word_1_125' title='bbox 442 1905 661 1980; x_wconf 80' lang='lat' dir='ltr'><strong>ligione</strong></span> <span class='ocrx_word' id='word_1_126' title='bbox 691 1906 1020 1962; x_wconf 76' lang='lat' dir='ltr'><strong>discedunt.</strong></span> 
     </span>
    </p>
   </div>
   <div class='ocr_carea' id='block_1_21' title="bbox 478 1994 2097 2070">
    <p class='ocr_par' dir='ltr' id='par_1_21' title="bbox 478 1994 2097 2070">
     <span class='ocr_line' id='line_1_21' title="bbox 478 1994 2097 2070; baseline 0.003 -22"><span class='ocrx_word' id='word_1_127' title='bbox 478 1994 520 2048; x_wconf 81' lang='lat'><strong>9</strong></span> <span class='ocrx_word' id='word_1_128' title='bbox 590 1996 663 2050; x_wconf 89' lang='lat' dir='ltr'><strong>Tu</strong></span> <span class='ocrx_word' id='word_1_129' title='bbox 681 2009 738 2050; x_wconf 83' lang='lat' dir='ltr'><strong>es</strong></span> <span class='ocrx_word' id='word_1_130' title='bbox 767 1996 1048 2066; x_wconf 79' lang='lat' dir='ltr'><strong>refugium</strong></span> <span class='ocrx_word' id='word_1_131' title='bbox 1073 2011 1258 2050; x_wconf 88' lang='lat' dir='ltr'><strong>meum</strong></span> <span class='ocrx_word' id='word_1_132' title='bbox 1286 2012 1320 2050; x_wconf 87' lang='lat' dir='ltr'><strong>a</strong></span> <span class='ocrx_word' id='word_1_133' title='bbox 1342 1997 1700 2053; x_wconf 78' lang='lat' dir='ltr'><strong>tribulatione</strong></span> <span class='ocrx_word' id='word_1_134' title='bbox 1721 2012 1848 2070; x_wconf 64' lang='lat' dir='ltr'><strong>quae</strong></span> <span class='ocrx_word' id='word_1_135' title='bbox 1870 1999 2097 2053; x_wconf 82' lang='lat' dir='ltr'><strong>circum.</strong></span> 
     </span>
    </p>
   </div>
   <div class='ocr_carea' id='block_1_22' title="bbox 655 2083 965 2140">
    <p class='ocr_par' dir='ltr' id='par_1_22' title="bbox 655 2083 965 2140">
     <span class='ocr_line' id='line_1_22' title="bbox 655 2083 965 2140; baseline -0.003 -2"><span class='ocrx_word' id='word_1_136' title='bbox 655 2083 965 2140; x_wconf 83' lang='lat' dir='ltr'><strong>deditme:</strong></span> 
     </span>
    </p>
   </div>
   <div class='ocr_carea' id='block_1_23' title="bbox 589 2173 2098 2233">
    <p class='ocr_par' dir='ltr' id='par_1_23' title="bbox 589 2173 2098 2233">
     <span class='ocr_line' id='line_1_23' title="bbox 589 2173 2098 2233; baseline 0.002 -6"><span class='ocrx_word' id='word_1_137' title='bbox 589 2173 868 2229; x_wconf 71' lang='lat' dir='ltr'><strong>Exultatio</strong></span> <span class='ocrx_word' id='word_1_138' title='bbox 909 2189 1033 2230; x_wconf 88' lang='lat' dir='ltr'><strong>mea</strong></span> <span class='ocrx_word' id='word_1_139' title='bbox 1084 2190 1214 2231; x_wconf 84' lang='lat' dir='ltr'><strong>erue</strong></span> <span class='ocrx_word' id='word_1_140' title='bbox 1268 2193 1355 2232; x_wconf 86' lang='lat' dir='ltr'><strong>me</strong></span> <span class='ocrx_word' id='word_1_141' title='bbox 1411 2193 1446 2230; x_wconf 88' lang='lat' dir='ltr'><strong>a</strong></span> <span class='ocrx_word' id='word_1_142' title='bbox 1500 2175 1965 2233; x_wconf 86' lang='lat' dir='ltr'><strong>circumdantibus</strong></span> <span class='ocrx_word' id='word_1_143' title='bbox 1991 2193 2098 2230; x_wconf 88' lang='lat' dir='ltr'><strong>me.</strong></span> 
     </span>
    </p>
   </div>
   <div class='ocr_carea' id='block_1_24' title="bbox 659 2262 998 2334">
    <p class='ocr_par' dir='ltr' id='par_1_24' title="bbox 659 2262 998 2334">
     <span class='ocr_line' id='line_1_24' title="bbox 659 2262 998 2334; baseline 0.003 -18"><span class='ocrx_word' id='word_1_144' title='bbox 659 2262 998 2334; x_wconf 86' lang='lat' dir='ltr'><strong>Diapsalma.</strong></span> 
     </span>
    </p>
   </div>
   <div class='ocr_carea' id='block_1_25' title="bbox 517 2350 2104 2427">
    <p class='ocr_par' dir='ltr' id='par_1_25' title="bbox 517 2350 2104 2427">
     <span class='ocr_line' id='line_1_25' title="bbox 517 2350 2104 2427; baseline 0.003 -21"><span class='ocrx_word' id='word_1_145' title='bbox 517 2351 559 2406; x_wconf 85' lang='lat' dir='ltr'>C</span> <span class='ocrx_word' id='word_1_146' title='bbox 591 2350 922 2422; x_wconf 78' lang='lat' dir='ltr'><strong>Refugium,</strong></span> <span class='ocrx_word' id='word_1_147' title='bbox 955 2355 1044 2407; x_wconf 88' lang='lat' dir='ltr'><strong>est</strong></span> <span class='ocrx_word' id='word_1_148' title='bbox 1073 2352 1144 2407; x_wconf 90' lang='lat' dir='ltr'><strong>ad</strong></span> <span class='ocrx_word' id='word_1_149' title='bbox 1169 2351 1326 2424; x_wconf 91' lang='lat' dir='ltr'><strong>quod</strong></span> <span class='ocrx_word' id='word_1_150' title='bbox 1354 2354 1710 2427; x_wconf 88' lang='lat' dir='ltr'><strong>confugitur,</strong></span> <span class='ocrx_word' id='word_1_151' title='bbox 1751 2359 1816 2408; x_wconf 90' lang='lat' dir='ltr'><strong>ut</strong></span> <span class='ocrx_word' id='word_1_152' title='bbox 1845 2353 2104 2427; x_wconf 90' lang='lat' dir='ltr'><strong>pericula</strong></span> 
     </span>
    </p>
   </div>
   <div class='ocr_carea' id='block_1_26' title="bbox 446 2438 838 2497">
    <p class='ocr_par' dir='ltr' id='par_1_26' title="bbox 446 2438 838 2497">
     <span class='ocr_line' id='line_1_26' title="bbox 446 2438 838 2497; baseline -0.008 0"><span class='ocrx_word' id='word_1_153' title='bbox 446 2438 838 2497; x_wconf 87' lang='lat' dir='ltr'><strong>declinentur.</strong></span> 
     </span>
    </p>
   </div>
   <div class='ocr_carea' id='block_1_27' title="bbox 517 2527 2104 2605">
    <p class='ocr_par' dir='ltr' id='par_1_27' title="bbox 517 2527 2104 2605">
     <span class='ocr_line' id='line_1_27' title="bbox 517 2527 2104 2605; baseline 0.002 -21"><span class='ocrx_word' id='word_1_154' title='bbox 517 2531 567 2584; x_wconf 87' lang='grc' dir='ltr'><strong><em>Η</em></strong></span> <span class='ocrx_word' id='word_1_155' title='bbox 592 2527 916 2585; x_wconf 80' lang='lat' dir='ltr'><strong>Exsultatio</strong></span> <span class='ocrx_word' id='word_1_156' title='bbox 949 2545 1097 2597; x_wconf 90' lang='lat' dir='ltr'><strong>mea,</strong></span> <span class='ocrx_word' id='word_1_157' title='bbox 1131 2529 1272 2585; x_wconf 89' lang='lat' dir='ltr'><strong>dicit</strong></span> <span class='ocrx_word' id='word_1_158' title='bbox 1295 2529 1571 2598; x_wconf 85' lang='lat' dir='ltr'><strong>Ecclesia,</strong></span> <span class='ocrx_word' id='word_1_159' title='bbox 1608 2531 1748 2604; x_wconf 90' lang='lat' dir='ltr'><strong>quia</strong></span> <span class='ocrx_word' id='word_1_160' title='bbox 1782 2531 1843 2586; x_wconf 93' lang='lat' dir='ltr'><strong>in</strong></span> <span class='ocrx_word' id='word_1_161' title='bbox 1873 2535 1930 2588; x_wconf 87' lang='lat' dir='ltr'><strong>te</strong></span> <span class='ocrx_word' id='word_1_162' title='bbox 1959 2533 2104 2605; x_wconf 78' lang='lat' dir='ltr'><strong>gau-</strong></span> 
     </span>
    </p>
   </div>
   <div class='ocr_carea' id='block_1_28' title="bbox 445 2617 2102 2690">
    <p class='ocr_par' dir='ltr' id='par_1_28' title="bbox 445 2617 2102 2690">
     <span class='ocr_line' id='line_1_28' title="bbox 445 2617 2102 2690; baseline 0.001 -16"><span class='ocrx_word' id='word_1_163' title='bbox 445 2619 575 2675; x_wconf 91' lang='lat' dir='ltr'><strong>deo.</strong></span> <span class='ocrx_word' id='word_1_164' title='bbox 606 2622 647 2673; x_wconf 87' lang='lat' dir='ltr'><strong>C</strong></span> <span class='ocrx_word' id='word_1_165' title='bbox 676 2621 824 2673; x_wconf 80' lang='lat' dir='ltr'><strong>Erue</strong></span> <span class='ocrx_word' id='word_1_166' title='bbox 855 2634 949 2674; x_wconf 90' lang='lat' dir='ltr'><strong>me</strong></span> <span class='ocrx_word' id='word_1_167' title='bbox 978 2619 1050 2674; x_wconf 88' lang='lat' dir='ltr'><strong>ab</strong></span> <span class='ocrx_word' id='word_1_168' title='bbox 1082 2617 1486 2686; x_wconf 89' lang='lat' dir='ltr'><strong>inimicis,sive</strong></span> <span class='ocrx_word' id='word_1_169' title='bbox 1513 2637 1548 2676; x_wconf 90' lang='lat' dir='ltr'><strong>a</strong></span> <span class='ocrx_word' id='word_1_170' title='bbox 1568 2620 1724 2677; x_wconf 85' lang='lat' dir='ltr'><strong>vitiis</strong></span> <span class='ocrx_word' id='word_1_171' title='bbox 1744 2621 2102 2690; x_wconf 84' lang='lat' dir='ltr'><strong>carnalibus,</strong></span> 
     </span>
    </p>
   </div>
   <div class='ocr_carea' id='block_1_29' title="bbox 447 2705 2101 2781">
    <p class='ocr_par' dir='ltr' id='par_1_29' title="bbox 447 2705 2101 2781">
     <span class='ocr_line' id='line_1_29' title="bbox 447 2705 2101 2781; baseline 0 -17"><span class='ocrx_word' id='word_1_172' title='bbox 447 2723 551 2764; x_wconf 90' lang='lat' dir='ltr'><strong>seu</strong></span> <span class='ocrx_word' id='word_1_173' title='bbox 579 2705 889 2780; x_wconf 85' lang='lat' dir='ltr'><strong>spiritibus</strong></span> <span class='ocrx_word' id='word_1_174' title='bbox 918 2707 1376 2780; x_wconf 88' lang='lat' dir='ltr'><strong>immundis,qui</strong></span> <span class='ocrx_word' id='word_1_175' title='bbox 1407 2725 1513 2765; x_wconf 90' lang='lat' dir='ltr'><strong>nos</strong></span> <span class='ocrx_word' id='word_1_176' title='bbox 1551 2709 1792 2781; x_wconf 88' lang='lat' dir='ltr'><strong>perdere</strong></span> <span class='ocrx_word' id='word_1_177' title='bbox 1822 2709 2101 2781; x_wconf 71' lang='lat' dir='ltr'><strong>praecipiti</strong></span> 
     </span>
    </p>
   </div>
   <div class='ocr_carea' id='block_1_30' title="bbox 444 2795 1077 2853">
    <p class='ocr_par' dir='ltr' id='par_1_30' title="bbox 444 2795 1077 2853">
     <span class='ocr_line' id='line_1_30' title="bbox 444 2795 1077 2853; baseline -0.002 0"><span class='ocrx_word' id='word_1_178' title='bbox 444 2795 748 2853; x_wconf 89' lang='lat' dir='ltr'><strong>velocitate</strong></span> <span class='ocrx_word' id='word_1_179' title='bbox 778 2796 1077 2853; x_wconf 82' lang='lat' dir='ltr'><strong>festinant.</strong></span> 
     </span>
    </p>
   </div>
   <div class='ocr_carea' id='block_1_31' title="bbox 448 2885 2107 2952">
    <p class='ocr_par' dir='ltr' id='par_1_31' title="bbox 448 2885 2107 2952">
     <span class='ocr_line' id='line_1_31' title="bbox 448 2885 2107 2952; baseline 0.001 -10"><span class='ocrx_word' id='word_1_180' title='bbox 448 2887 518 2942; x_wconf 83' lang='lat'><strong>10</strong></span> <span class='ocrx_word' id='word_1_181' title='bbox 589 2886 932 2942; x_wconf 78' lang='lat' dir='ltr'><strong>Intellectum</strong></span> <span class='ocrx_word' id='word_1_182' title='bbox 960 2886 1065 2942; x_wconf 81' lang='lat' dir='ltr'><strong>tibi</strong></span> <span class='ocrx_word' id='word_1_183' title='bbox 1093 2885 1249 2952; x_wconf 85' lang='lat' dir='ltr'><strong>dabo,</strong></span> <span class='ocrx_word' id='word_1_184' title='bbox 1282 2891 1334 2943; x_wconf 89' lang='lat' dir='ltr'><strong>et</strong></span> <span class='ocrx_word' id='word_1_185' title='bbox 1383 2889 1658 2944; x_wconf 85' lang='lat' dir='ltr'><strong>instruam</strong></span> <span class='ocrx_word' id='word_1_186' title='bbox 1706 2898 1756 2945; x_wconf 87' lang='lat' dir='ltr'><strong>te</strong></span> <span class='ocrx_word' id='word_1_187' title='bbox 1787 2891 1846 2944; x_wconf 82' lang='lat' dir='ltr'><strong>in</strong></span> <span class='ocrx_word' id='word_1_188' title='bbox 1883 2891 1974 2945; x_wconf 86' lang='lat' dir='ltr'><strong>via</strong></span> <span class='ocrx_word' id='word_1_189' title='bbox 2005 2888 2107 2944; x_wconf 74' lang='lat' dir='ltr'><strong>hac</strong></span> 
     </span>
    </p>
   </div>
   <div class='ocr_carea' id='block_1_32' title="bbox 659 2975 1112 3046">
    <p class='ocr_par' dir='ltr' id='par_1_32' title="bbox 659 2975 1112 3046">
     <span class='ocr_line' id='line_1_32' title="bbox 659 2975 1112 3046; baseline 0 -16"><span class='ocrx_word' id='word_1_190' title='bbox 659 2991 769 3046; x_wconf 88' lang='lat' dir='ltr'><strong>qua</strong></span> <span class='ocrx_word' id='word_1_191' title='bbox 795 2975 1071 3044; x_wconf 86' lang='lat' dir='ltr'><strong>gradieris</strong></span> <span class='ocrx_word' id='word_1_192' title='bbox 1093 2994 1112 3030; x_wconf 90' lang='lat'><strong><em>:</em></strong></span> 
     </span>
    </p>
   </div>
   <div class='ocr_carea' id='block_1_33' title="bbox 587 3065 1514 3136">
    <p class='ocr_par' dir='ltr' id='par_1_33' title="bbox 587 3065 1514 3136">
     <span class='ocr_line' id='line_1_33' title="bbox 587 3065 1514 3136; baseline 0.003 -18"><span class='ocrx_word' id='word_1_193' title='bbox 587 3065 842 3120; x_wconf 82' lang='lat' dir='ltr'><strong>Firmabo</strong></span> <span class='ocrx_word' id='word_1_194' title='bbox 869 3080 1034 3136; x_wconf 87' lang='lat' dir='ltr'><strong>super</strong></span> <span class='ocrx_word' id='word_1_195' title='bbox 1063 3069 1114 3121; x_wconf 83' lang='lat' dir='ltr'><strong>te</strong></span> <span class='ocrx_word' id='word_1_196' title='bbox 1141 3066 1322 3122; x_wconf 85' lang='lat' dir='ltr'><strong>oculos</strong></span> <span class='ocrx_word' id='word_1_197' title='bbox 1351 3083 1514 3123; x_wconf 88' lang='lat' dir='ltr'><strong>meos.</strong></span> 
     </span>
    </p>
   </div>
   <div class='ocr_carea' id='block_1_34' title="bbox 2341 567 3864 644">
    <p class='ocr_par' dir='ltr' id='par_1_34' title="bbox 2341 567 3864 644">
     <span class='ocr_line' id='line_1_34' title="bbox 2341 567 3864 644; baseline 0.001 -20"><span class='ocrx_word' id='word_1_198' title='bbox 2341 569 2401 644; x_wconf 45' lang='lat' dir='ltr'><em>St</em></span> <span class='ocrx_word' id='word_1_199' title='bbox 2419 576 2657 625; x_wconf 77' lang='lat' dir='ltr'><strong>erantcm</strong></span> <span class='ocrx_word' id='word_1_200' title='bbox 2688 573 2870 624; x_wconf 81' lang='lat' dir='ltr'><strong>autem</strong></span> <span class='ocrx_word' id='word_1_201' title='bbox 2929 570 2989 624; x_wconf 85' lang='lat' dir='ltr'><strong>in</strong></span> <span class='ocrx_word' id='word_1_202' title='bbox 3040 568 3270 624; x_wconf 80' lang='lat' dir='ltr'><strong>Domino</strong></span> <span class='ocrx_word' id='word_1_203' title='bbox 3323 567 3700 624; x_wconf 71' lang='lat' dir='ltr'><strong>misericordia</strong></span> <span class='ocrx_word' id='word_1_204' title='bbox 3741 569 3864 625; x_wconf 81' lang='lat' dir='ltr'><strong>cir-</strong></span> 
     </span>
    </p>
   </div>
   <div class='ocr_carea' id='block_1_35' title="bbox 2411 657 2710 714">
    <p class='ocr_par' dir='ltr' id='par_1_35' title="bbox 2411 657 2710 714">
     <span class='ocr_line' id='line_1_35' title="bbox 2411 657 2710 714; baseline -0.01 0"><span class='ocrx_word' id='word_1_205' title='bbox 2411 657 2710 714; x_wconf 78' lang='lat' dir='ltr'><strong>cumdabil.</strong></span> 
     </span>
    </p>
   </div>
   <div class='ocr_carea' id='block_1_36' title="bbox 2273 744 3864 819">
    <p class='ocr_par' dir='ltr' id='par_1_36' title="bbox 2273 744 3864 819">
     <span class='ocr_line' id='line_1_36' title="bbox 2273 744 3864 819; baseline 0.003 -19"><span class='ocrx_word' id='word_1_206' title='bbox 2273 749 2312 800; x_wconf 91' lang='lat' dir='ltr'>C</span> <span class='ocrx_word' id='word_1_207' title='bbox 2337 745 2523 802; x_wconf 89' lang='lat' dir='ltr'><strong>Multa</strong></span> <span class='ocrx_word' id='word_1_208' title='bbox 2544 744 2773 819; x_wconf 83' lang='lat' dir='ltr'><strong>ﬂagella</strong></span> <span class='ocrx_word' id='word_1_209' title='bbox 2793 745 3088 802; x_wconf 88' lang='lat' dir='ltr'><strong>sustinent</strong></span> <span class='ocrx_word' id='word_1_210' title='bbox 3102 749 3435 819; x_wconf 83' lang='lat' dir='ltr'><strong>peccatores</strong></span> <span class='ocrx_word' id='word_1_211' title='bbox 3454 750 3864 817; x_wconf 69' lang='lat' dir='ltr'><strong>contumaces,</strong></span> 
     </span>
    </p>
   </div>
   <div class='ocr_carea' id='block_1_37' title="bbox 2202 829 3870 909">
    <p class='ocr_par' dir='ltr' id='par_1_37' title="bbox 2202 829 3870 909">
     <span class='ocr_line' id='line_1_37' title="bbox 2202 829 3870 909; baseline 0.001 -19"><span class='ocrx_word' id='word_1_212' title='bbox 2202 833 2468 891; x_wconf 89' lang='lat' dir='ltr'><strong>nolentes</strong></span> <span class='ocrx_word' id='word_1_213' title='bbox 2486 835 2568 892; x_wconf 89' lang='lat' dir='ltr'><strong>ire</strong></span> <span class='ocrx_word' id='word_1_214' title='bbox 2599 851 2702 908; x_wconf 91' lang='lat' dir='ltr'><strong>per</strong></span> <span class='ocrx_word' id='word_1_215' title='bbox 2729 835 2969 890; x_wconf 81' lang='lat' dir='ltr'><strong>semitas</strong></span> <span class='ocrx_word' id='word_1_216' title='bbox 2993 839 3274 902; x_wconf 87' lang='lat' dir='ltr'><strong>rectas,ut</strong></span> <span class='ocrx_word' id='word_1_217' title='bbox 3297 829 3452 909; x_wconf 83' lang='lat' dir='ltr'><strong>quod</strong></span> <span class='ocrx_word' id='word_1_218' title='bbox 3485 846 3599 892; x_wconf 82' lang='lat' dir='ltr'><strong>non</strong></span> <span class='ocrx_word' id='word_1_219' title='bbox 3629 829 3870 892; x_wconf 72' lang='lat' dir='ltr'><strong>faciunt</strong></span> 
     </span>
    </p>
   </div>
   <div class='ocr_carea' id='block_1_38' title="bbox 2203 919 3870 1000">
    <p class='ocr_par' dir='ltr' id='par_1_38' title="bbox 2203 919 3870 1000">
     <span class='ocr_line' id='line_1_38' title="bbox 2203 919 3870 1000; baseline 0.002 -22"><span class='ocrx_word' id='word_1_220' title='bbox 2203 927 2409 996; x_wconf 85' lang='lat' dir='ltr'><strong>sponte</strong></span> <span class='ocrx_word' id='word_1_221' title='bbox 2445 941 2457 978; x_wconf 92' lang='lat'>:</span> <span class='ocrx_word' id='word_1_222' title='bbox 2482 923 2672 998; x_wconf 87' lang='lat' dir='ltr'><strong>plagis</strong></span> <span class='ocrx_word' id='word_1_223' title='bbox 2692 923 2971 980; x_wconf 88' lang='lat' dir='ltr'><strong>adhibitis</strong></span> <span class='ocrx_word' id='word_1_224' title='bbox 3009 930 3296 998; x_wconf 80' lang='lat' dir='ltr'><strong>cogantur</strong></span> <span class='ocrx_word' id='word_1_225' title='bbox 3319 923 3581 998; x_wconf 83' lang='lat' dir='ltr'><strong>implere.</strong></span> <span class='ocrx_word' id='word_1_226' title='bbox 3605 919 3870 1000; x_wconf 79' lang='lat' dir='ltr'><strong>Speran-</strong></span> 
     </span>
    </p>
   </div>
   <div class='ocr_carea' id='block_1_39' title="bbox 2203 1011 3866 1085">
    <p class='ocr_par' dir='ltr' id='par_1_39' title="bbox 2203 1011 3866 1085">
     <span class='ocr_line' id='line_1_39' title="bbox 2203 1011 3866 1085; baseline 0.002 -17"><span class='ocrx_word' id='word_1_227' title='bbox 2203 1017 2291 1069; x_wconf 91' lang='lat' dir='ltr'><strong>tes</strong></span> <span class='ocrx_word' id='word_1_228' title='bbox 2334 1017 2530 1068; x_wconf 87' lang='lat' dir='ltr'><strong>autem</strong></span> <span class='ocrx_word' id='word_1_229' title='bbox 2581 1011 2640 1068; x_wconf 91' lang='lat' dir='ltr'><strong>in</strong></span> <span class='ocrx_word' id='word_1_230' title='bbox 2701 1012 2947 1069; x_wconf 87' lang='lat' dir='ltr'><strong>Domino</strong></span> <span class='ocrx_word' id='word_1_231' title='bbox 2991 1013 3381 1070; x_wconf 87' lang='lat' dir='ltr'><strong>circumdabit</strong></span> <span class='ocrx_word' id='word_1_232' title='bbox 3430 1013 3866 1085; x_wconf 72' lang='lat' dir='ltr'><strong>misericordia,</strong></span> 
     </span>
    </p>
   </div>
   <div class='ocr_carea' id='block_1_40' title="bbox 2204 1101 3868 1176">
    <p class='ocr_par' dir='ltr' id='par_1_40' title="bbox 2204 1101 3868 1176">
     <span class='ocr_line' id='line_1_40' title="bbox 2204 1101 3868 1176; baseline 0.001 -18"><span class='ocrx_word' id='word_1_233' title='bbox 2204 1109 2270 1158; x_wconf 92' lang='lat' dir='ltr'><strong>ut</strong></span> <span class='ocrx_word' id='word_1_234' title='bbox 2294 1119 2408 1158; x_wconf 91' lang='lat' dir='ltr'><strong>non</strong></span> <span class='ocrx_word' id='word_1_235' title='bbox 2441 1103 2520 1159; x_wconf 89' lang='lat' dir='ltr'><strong>sit</strong></span> <span class='ocrx_word' id='word_1_236' title='bbox 2547 1101 2710 1158; x_wconf 89' lang='lat' dir='ltr'><strong>locus</strong></span> <span class='ocrx_word' id='word_1_237' title='bbox 2737 1101 2997 1170; x_wconf 85' lang='lat' dir='ltr'><strong>relictus,</strong></span> <span class='ocrx_word' id='word_1_238' title='bbox 3043 1102 3198 1159; x_wconf 90' lang='lat' dir='ltr'><strong>unde</strong></span> <span class='ocrx_word' id='word_1_239' title='bbox 3245 1103 3433 1176; x_wconf 81' lang='lat' dir='ltr'><strong>possit</strong></span> <span class='ocrx_word' id='word_1_240' title='bbox 3481 1103 3753 1160; x_wconf 85' lang='lat' dir='ltr'><strong>diabolus</strong></span> <span class='ocrx_word' id='word_1_241' title='bbox 3784 1105 3868 1160; x_wconf 73' lang='lat' dir='ltr'><strong>ad</strong></span> 
     </span>
    </p>
   </div>
   <div class='ocr_carea' id='block_1_41' title="bbox 2205 1192 2593 1249">
    <p class='ocr_par' dir='ltr' id='par_1_41' title="bbox 2205 1192 2593 1249">
     <span class='ocr_line' id='line_1_41' title="bbox 2205 1192 2593 1249; baseline -0.005 -1"><span class='ocrx_word' id='word_1_242' title='bbox 2205 1208 2304 1248; x_wconf 91' lang='lat' dir='ltr'><strong>eos</strong></span> <span class='ocrx_word' id='word_1_243' title='bbox 2335 1192 2593 1249; x_wconf 88' lang='lat' dir='ltr'><strong>introire.</strong></span> 
     </span>
    </p>
   </div>
   <div class='ocr_carea' id='block_1_42' title="bbox 2207 1281 3572 1355">
    <p class='ocr_par' dir='ltr' id='par_1_42' title="bbox 2207 1281 3572 1355">
     <span class='ocr_line' id='line_1_42' title="bbox 2207 1281 3572 1355; baseline 0.001 -19"><span class='ocrx_word' id='word_1_244' title='bbox 2207 1282 2270 1338; x_wconf 75' lang='grc' dir='ltr'>Η</span> <span class='ocrx_word' id='word_1_245' title='bbox 2347 1282 2644 1338; x_wconf 70' lang='lat' dir='ltr'><strong>Laetamini</strong></span> <span class='ocrx_word' id='word_1_246' title='bbox 2673 1282 2730 1336; x_wconf 80' lang='lat' dir='ltr'><strong>in</strong></span> <span class='ocrx_word' id='word_1_247' title='bbox 2768 1281 2991 1338; x_wconf 83' lang='lat' dir='ltr'><strong>Domino</strong></span> <span class='ocrx_word' id='word_1_248' title='bbox 3020 1290 3071 1338; x_wconf 83' lang='lat' dir='ltr'><strong>et</strong></span> <span class='ocrx_word' id='word_1_249' title='bbox 3095 1289 3364 1338; x_wconf 72' lang='lat' dir='ltr'><strong>exsuttate</strong></span> <span class='ocrx_word' id='word_1_250' title='bbox 3382 1283 3529 1355; x_wconf 83' lang='lat' dir='ltr'><strong>justi</strong></span> <span class='ocrx_word' id='word_1_251' title='bbox 3553 1301 3572 1338; x_wconf 91' lang='lat'><strong><em>:</em></strong></span> 
     </span>
    </p>
   </div>
   <div class='ocr_carea' id='block_1_43' title="bbox 2346 1370 3325 1440">
    <p class='ocr_par' dir='ltr' id='par_1_43' title="bbox 2346 1370 3325 1440">
     <span class='ocr_line' id='line_1_43' title="bbox 2346 1370 3325 1440; baseline 0 -14"><span class='ocrx_word' id='word_1_252' title='bbox 2346 1371 2411 1426; x_wconf 82' lang='lat' dir='ltr'><strong>Et</strong></span> <span class='ocrx_word' id='word_1_253' title='bbox 2431 1370 2757 1440; x_wconf 84' lang='lat' dir='ltr'><strong>gloriamini</strong></span> <span class='ocrx_word' id='word_1_254' title='bbox 2784 1386 2968 1426; x_wconf 86' lang='lat' dir='ltr'><strong>omnes</strong></span> <span class='ocrx_word' id='word_1_255' title='bbox 2989 1372 3128 1426; x_wconf 88' lang='lat' dir='ltr'><strong>recti</strong></span> <span class='ocrx_word' id='word_1_256' title='bbox 3151 1371 3325 1427; x_wconf 77' lang='lat' dir='ltr'><strong>corde.</strong></span> 
     </span>
    </p>
   </div>
   <div class='ocr_carea' id='block_1_44' title="bbox 2277 1458 3873 1534">
    <p class='ocr_par' dir='ltr' id='par_1_44' title="bbox 2277 1458 3873 1534">
     <span class='ocr_line' id='line_1_44' title="bbox 2277 1458 3873 1534; baseline 0.001 -19"><span class='ocrx_word' id='word_1_257' title='bbox 2277 1463 2318 1515; x_wconf 90' lang='lat' dir='ltr'><strong>C</strong></span> <span class='ocrx_word' id='word_1_258' title='bbox 2345 1458 2550 1516; x_wconf 90' lang='lat' dir='ltr'><strong>Omnis</strong></span> <span class='ocrx_word' id='word_1_259' title='bbox 2571 1460 2774 1528; x_wconf 87' lang='lat' dir='ltr'><strong>justus</strong></span> <span class='ocrx_word' id='word_1_260' title='bbox 2799 1459 3031 1515; x_wconf 65' lang='lat' dir='ltr'><strong>letatur</strong></span> <span class='ocrx_word' id='word_1_261' title='bbox 3075 1459 3131 1515; x_wconf 93' lang='lat' dir='ltr'><strong>in</strong></span> <span class='ocrx_word' id='word_1_262' title='bbox 3174 1460 3442 1516; x_wconf 90' lang='lat' dir='ltr'><strong>Domino.</strong></span> <span class='ocrx_word' id='word_1_263' title='bbox 3477 1461 3622 1517; x_wconf 80' lang='lat' dir='ltr'><strong>Nam</strong></span> <span class='ocrx_word' id='word_1_264' title='bbox 3666 1461 3770 1534; x_wconf 89' lang='lat' dir='ltr'><strong>qui</strong></span> <span class='ocrx_word' id='word_1_265' title='bbox 3805 1461 3873 1516; x_wconf 86' lang='lat' dir='ltr'><strong>in</strong></span> 
     </span>
    </p>
   </div>
   <div class='ocr_carea' id='block_1_45' title="bbox 2207 1548 3874 1626">
    <p class='ocr_par' dir='ltr' id='par_1_45' title="bbox 2207 1548 3874 1626">
     <span class='ocr_line' id='line_1_45' title="bbox 2207 1548 3874 1626; baseline 0.001 -21"><span class='ocrx_word' id='word_1_266' title='bbox 2207 1565 2268 1605; x_wconf 90' lang='lat' dir='ltr'><strong>se</strong></span> <span class='ocrx_word' id='word_1_267' title='bbox 2299 1549 2535 1622; x_wconf 84' lang='lat' dir='ltr'><strong>gaudet,</strong></span> <span class='ocrx_word' id='word_1_268' title='bbox 2569 1548 2758 1604; x_wconf 85' lang='lat' dir='ltr'><strong>fallaci</strong></span> <span class='ocrx_word' id='word_1_269' title='bbox 2782 1549 3234 1622; x_wconf 54' lang='lat' dir='ltr'><strong>presumptione</strong></span> <span class='ocrx_word' id='word_1_270' title='bbox 3254 1549 3581 1626; x_wconf 82' lang='lat' dir='ltr'><strong>decipitur;</strong></span> <span class='ocrx_word' id='word_1_271' title='bbox 3605 1549 3705 1623; x_wconf 90' lang='lat' dir='ltr'><strong>qui</strong></span> <span class='ocrx_word' id='word_1_272' title='bbox 3729 1560 3874 1606; x_wconf 82' lang='lat' dir='ltr'><strong>vero</strong></span> 
     </span>
    </p>
   </div>
   <div class='ocr_carea' id='block_1_46' title="bbox 2207 1636 3872 1711">
    <p class='ocr_par' dir='ltr' id='par_1_46' title="bbox 2207 1636 3872 1711">
     <span class='ocr_line' id='line_1_46' title="bbox 2207 1636 3872 1711; baseline 0.001 -19"><span class='ocrx_word' id='word_1_273' title='bbox 2207 1638 2266 1692; x_wconf 90' lang='lat' dir='ltr'><strong>in</strong></span> <span class='ocrx_word' id='word_1_274' title='bbox 2298 1637 2544 1692; x_wconf 91' lang='lat' dir='ltr'><strong>Domino</strong></span> <span class='ocrx_word' id='word_1_275' title='bbox 2557 1636 3096 1710; x_wconf 68' lang='lat' dir='ltr'><strong>laetatur,perpetua</strong></span> <span class='ocrx_word' id='word_1_276' title='bbox 3115 1636 3501 1694; x_wconf 80' lang='lat' dir='ltr'><strong>delectatione</strong></span> <span class='ocrx_word' id='word_1_277' title='bbox 3519 1639 3872 1711; x_wconf 82' lang='lat' dir='ltr'><strong>perfruitur.</strong></span> 
     </span>
    </p>
   </div>
   <div class='ocr_carea' id='block_1_47' title="bbox 2209 1721 3875 1784">
    <p class='ocr_par' dir='ltr' id='par_1_47' title="bbox 2209 1721 3875 1784">
     <span class='ocr_line' id='line_1_47' title="bbox 2209 1721 3875 1784; baseline 0.002 -3"><span class='ocrx_word' id='word_1_278' title='bbox 2209 1725 2411 1782; x_wconf 72' lang='lat' dir='ltr'><strong>Laelari</strong></span> <span class='ocrx_word' id='word_1_279' title='bbox 2436 1729 2526 1780; x_wconf 90' lang='lat' dir='ltr'><strong>est</strong></span> <span class='ocrx_word' id='word_1_280' title='bbox 2556 1725 2742 1780; x_wconf 65' lang='lat' dir='ltr'><strong>tacita:</strong></span> <span class='ocrx_word' id='word_1_281' title='bbox 2793 1727 3009 1782; x_wconf 88' lang='lat' dir='ltr'><strong>mentis</strong></span> <span class='ocrx_word' id='word_1_282' title='bbox 3039 1727 3323 1782; x_wconf 83' lang='lat' dir='ltr'><strong>suavitate</strong></span> <span class='ocrx_word' id='word_1_283' title='bbox 3353 1726 3620 1783; x_wconf 87' lang='lat' dir='ltr'><strong>mulceri.</strong></span> <span class='ocrx_word' id='word_1_284' title='bbox 3655 1721 3875 1784; x_wconf 77' lang='lat' dir='ltr'><strong>Exsul-</strong></span> 
     </span>
    </p>
   </div>
   <div class='ocr_carea' id='block_1_48' title="bbox 2205 1813 3882 1888">
    <p class='ocr_par' dir='ltr' id='par_1_48' title="bbox 2205 1813 3882 1888">
     <span class='ocr_line' id='line_1_48' title="bbox 2205 1813 3882 1888; baseline 0.002 -20"><span class='ocrx_word' id='word_1_285' title='bbox 2205 1819 2329 1870; x_wconf 89' lang='lat' dir='ltr'><strong>tare</strong></span> <span class='ocrx_word' id='word_1_286' title='bbox 2357 1829 2492 1870; x_wconf 89' lang='lat' dir='ltr'><strong>vero</strong></span> <span class='ocrx_word' id='word_1_287' title='bbox 2517 1815 2606 1869; x_wconf 85' lang='lat' dir='ltr'><strong>est</strong></span> <span class='ocrx_word' id='word_1_288' title='bbox 2643 1813 2918 1870; x_wconf 87' lang='lat' dir='ltr'><strong>concitati</strong></span> <span class='ocrx_word' id='word_1_289' title='bbox 2974 1814 3159 1870; x_wconf 89' lang='lat' dir='ltr'><strong>animi</strong></span> <span class='ocrx_word' id='word_1_290' title='bbox 3208 1814 3432 1871; x_wconf 81' lang='lat' dir='ltr'><strong>fervore</strong></span> <span class='ocrx_word' id='word_1_291' title='bbox 3475 1815 3754 1888; x_wconf 71' lang='lat' dir='ltr'><strong>gaudere.</strong></span> <span class='ocrx_word' id='word_1_292' title='bbox 3801 1816 3882 1872; x_wconf 70' lang='lat' dir='ltr'><strong>Et</strong></span> 
     </span>
    </p>
   </div>
   <div class='ocr_carea' id='block_1_49' title="bbox 2209 1901 3882 1976">
    <p class='ocr_par' dir='ltr' id='par_1_49' title="bbox 2209 1901 3882 1976">
     <span class='ocr_line' id='line_1_49' title="bbox 2209 1901 3882 1976; baseline 0.004 -20"><span class='ocrx_word' id='word_1_293' title='bbox 2209 1901 2544 1976; x_wconf 82' lang='lat' dir='ltr'><strong>gloriamini</strong></span> <span class='ocrx_word' id='word_1_294' title='bbox 2583 1903 2683 1976; x_wconf 87' lang='lat' dir='ltr'><strong>qui</strong></span> <span class='ocrx_word' id='word_1_295' title='bbox 2735 1903 2874 1959; x_wconf 85' lang='lat' dir='ltr'><strong>recti</strong></span> <span class='ocrx_word' id='word_1_296' title='bbox 2913 1903 3087 1960; x_wconf 88' lang='lat' dir='ltr'><strong>corde</strong></span> <span class='ocrx_word' id='word_1_297' title='bbox 3113 1903 3258 1960; x_wconf 82' lang='lat' dir='ltr'><strong>estis</strong></span> <span class='ocrx_word' id='word_1_298' title='bbox 3279 1908 3339 1960; x_wconf 89' lang='lat' dir='ltr'><strong>et</strong></span> <span class='ocrx_word' id='word_1_299' title='bbox 3364 1903 3625 1970; x_wconf 84' lang='lat' dir='ltr'><strong>creditis,</strong></span> <span class='ocrx_word' id='word_1_300' title='bbox 3653 1901 3724 1962; x_wconf 78' lang='lat' dir='ltr'><strong>ex</strong></span> <span class='ocrx_word' id='word_1_301' title='bbox 3750 1907 3882 1962; x_wconf 67' lang='lat' dir='ltr'><strong>ser-</strong></span> 
     </span>
    </p>
   </div>
   <div class='ocr_carea' id='block_1_50' title="bbox 2209 1991 3875 2068">
    <p class='ocr_par' dir='ltr' id='par_1_50' title="bbox 2209 1991 3875 2068">
     <span class='ocr_line' id='line_1_50' title="bbox 2209 1991 3875 2068; baseline 0.004 -23"><span class='ocrx_word' id='word_1_302' title='bbox 2209 1991 2350 2047; x_wconf 90' lang='lat' dir='ltr'><strong>vitio</strong></span> <span class='ocrx_word' id='word_1_303' title='bbox 2375 1991 2472 2046; x_wconf 88' lang='lat' dir='ltr'><strong>Dei</strong></span> <span class='ocrx_word' id='word_1_304' title='bbox 2504 2008 2604 2048; x_wconf 90' lang='lat' dir='ltr'><strong>eos</strong></span> <span class='ocrx_word' id='word_1_305' title='bbox 2634 1992 2706 2047; x_wconf 90' lang='lat' dir='ltr'><strong>ad</strong></span> <span class='ocrx_word' id='word_1_306' title='bbox 2739 1997 2966 2048; x_wconf 65' lang='lat' dir='ltr'><strong>aeternae</strong></span> <span class='ocrx_word' id='word_1_307' title='bbox 3015 1991 3400 2048; x_wconf 79' lang='lat' dir='ltr'><strong>beatitudinis</strong></span> <span class='ocrx_word' id='word_1_308' title='bbox 3447 1993 3690 2066; x_wconf 62' lang='lat' dir='ltr'><strong>praemia</strong></span> <span class='ocrx_word' id='word_1_309' title='bbox 3736 2011 3875 2068; x_wconf 84' lang='lat' dir='ltr'><strong>per-</strong></span> 
     </span>
    </p>
   </div>
   <div class='ocr_carea' id='block_1_51' title="bbox 2210 2078 2422 2136">
    <p class='ocr_par' dir='ltr' id='par_1_51' title="bbox 2210 2078 2422 2136">
     <span class='ocr_line' id='line_1_51' title="bbox 2210 2078 2422 2136; baseline 0.005 -1"><span class='ocrx_word' id='word_1_310' title='bbox 2210 2078 2422 2136; x_wconf 87' lang='lat' dir='ltr'><strong>venire.</strong></span> 
     </span>
    </p>
   </div>
   <div class='ocr_carea' id='block_1_52' title="bbox 2691 2182 3370 2227">
    <p class='ocr_par' dir='ltr' id='par_1_52' title="bbox 2691 2182 3370 2227">
     <span class='ocr_line' id='line_1_52' title="bbox 2691 2182 3370 2227; baseline 0.001 -1"><span class='ocrx_word' id='word_1_311' title='bbox 2691 2182 2896 2226; x_wconf 71' lang='lat' dir='ltr'><strong>ORATIO</strong></span> <span class='ocrx_word' id='word_1_312' title='bbox 2926 2185 2997 2226; x_wconf 75' lang='grc' dir='ltr'><strong>ΒΧ</strong></span> <span class='ocrx_word' id='word_1_313' title='bbox 3027 2183 3184 2226; x_wconf 69' lang='grc' dir='ltr'><strong>ΡΒΑῙ..</strong></span> <span class='ocrx_word' id='word_1_314' title='bbox 3217 2183 3370 2227; x_wconf 74' lang='lat' dir='ltr'><strong>ml.</strong></span> 
     </span>
    </p>
   </div>
   <div class='ocr_carea' id='block_1_53' title="bbox 2281 2258 3875 2332">
    <p class='ocr_par' dir='ltr' id='par_1_53' title="bbox 2281 2258 3875 2332">
     <span class='ocr_line' id='line_1_53' title="bbox 2281 2258 3875 2332; baseline 0.004 -19"><span class='ocrx_word' id='word_1_315' title='bbox 2281 2262 2490 2314; x_wconf 87' lang='lat' dir='ltr'><strong>Sancte</strong></span> <span class='ocrx_word' id='word_1_316' title='bbox 2519 2259 2779 2326; x_wconf 85' lang='lat' dir='ltr'><strong>Domine,</strong></span> <span class='ocrx_word' id='word_1_317' title='bbox 2811 2258 2914 2332; x_wconf 91' lang='lat' dir='ltr'><strong>qui</strong></span> <span class='ocrx_word' id='word_1_318' title='bbox 2945 2259 3211 2318; x_wconf 85' lang='lat' dir='ltr'><strong>remissis</strong></span> <span class='ocrx_word' id='word_1_319' title='bbox 3257 2260 3508 2332; x_wconf 86' lang='lat' dir='ltr'><strong>delictis,</strong></span> <span class='ocrx_word' id='word_1_320' title='bbox 3553 2261 3875 2319; x_wconf 77' lang='lat' dir='ltr'><strong>beatitudi-</strong></span> 
     </span>
    </p>
   </div>
   <div class='ocr_carea' id='block_1_54' title="bbox 2213 2347 3880 2424">
    <p class='ocr_par' dir='ltr' id='par_1_54' title="bbox 2213 2347 3880 2424">
     <span class='ocr_line' id='line_1_54' title="bbox 2213 2347 3880 2424; baseline 0.004 -22"><span class='ocrx_word' id='word_1_321' title='bbox 2213 2363 2345 2404; x_wconf 88' lang='lat' dir='ltr'><strong>nem</strong></span> <span class='ocrx_word' id='word_1_322' title='bbox 2379 2352 2435 2404; x_wconf 89' lang='lat' dir='ltr'><strong>te</strong></span> <span class='ocrx_word' id='word_1_323' title='bbox 2467 2347 2751 2404; x_wconf 88' lang='lat' dir='ltr'><strong>confessis</strong></span> <span class='ocrx_word' id='word_1_324' title='bbox 2783 2349 3055 2404; x_wconf 88' lang='lat' dir='ltr'><strong>attribuis</strong></span> <span class='ocrx_word' id='word_1_325' title='bbox 3085 2367 3098 2405; x_wconf 92' lang='lat'><strong>:</strong></span> <span class='ocrx_word' id='word_1_326' title='bbox 3131 2349 3340 2405; x_wconf 88' lang='lat' dir='ltr'><strong>exaudi</strong></span> <span class='ocrx_word' id='word_1_327' title='bbox 3383 2356 3520 2406; x_wconf 86' lang='lat' dir='ltr'><strong>vota</strong></span> <span class='ocrx_word' id='word_1_328' title='bbox 3567 2348 3880 2424; x_wconf 65' lang='lat' dir='ltr'><strong>praesentia</strong></span> 
     </span>
    </p>
   </div>
   <div class='ocr_carea' id='block_1_55' title="bbox 2213 2436 3878 2512">
    <p class='ocr_par' dir='ltr' id='par_1_55' title="bbox 2213 2436 3878 2512">
     <span class='ocr_line' id='line_1_55' title="bbox 2213 2436 3878 2512; baseline 0.004 -20"><span class='ocrx_word' id='word_1_329' title='bbox 2213 2436 2466 2504; x_wconf 80' lang='lat' dir='ltr'><strong>familiae,</strong></span> <span class='ocrx_word' id='word_1_330' title='bbox 2499 2442 2556 2494; x_wconf 89' lang='lat' dir='ltr'><strong>et</strong></span> <span class='ocrx_word' id='word_1_331' title='bbox 2585 2437 2880 2494; x_wconf 73' lang='lat' dir='ltr'><strong>contracto</strong></span> <span class='ocrx_word' id='word_1_332' title='bbox 2925 2438 3148 2510; x_wconf 87' lang='lat' dir='ltr'><strong>peccati</strong></span> <span class='ocrx_word' id='word_1_333' title='bbox 3197 2438 3398 2496; x_wconf 88' lang='lat' dir='ltr'><strong>aculeo</strong></span> <span class='ocrx_word' id='word_1_334' title='bbox 3428 2457 3442 2496; x_wconf 91' lang='lat'>:</span> <span class='ocrx_word' id='word_1_335' title='bbox 3477 2440 3729 2512; x_wconf 81' lang='lat' dir='ltr'><strong>spiritali</strong></span> <span class='ocrx_word' id='word_1_336' title='bbox 3762 2443 3878 2498; x_wconf 67' lang='lat' dir='ltr'><strong>nde</strong></span> 
     </span>
    </p>
   </div>
   <div class='ocr_carea' id='block_1_56' title="bbox 2211 2526 3877 2598">
    <p class='ocr_par' dir='ltr' id='par_1_56' title="bbox 2211 2526 3877 2598">
     <span class='ocr_line' id='line_1_56' title="bbox 2211 2526 3877 2598; baseline 0.002 -16"><span class='ocrx_word' id='word_1_337' title='bbox 2211 2526 2596 2582; x_wconf 81' lang='lat' dir='ltr'><strong>exsultatione</strong></span> <span class='ocrx_word' id='word_1_338' title='bbox 2617 2526 3035 2598; x_wconf 86' lang='lat' dir='ltr'><strong>perfunde.Per</strong></span> <span class='ocrx_word' id='word_1_339' title='bbox 3046 2528 3360 2584; x_wconf 87' lang='lat' dir='ltr'><strong>Dominum</strong></span> <span class='ocrx_word' id='word_1_340' title='bbox 3373 2532 3642 2586; x_wconf 85' lang='lat' dir='ltr'><strong>nostrum</strong></span> <span class='ocrx_word' id='word_1_341' title='bbox 3661 2527 3877 2587; x_wconf 79' lang='lat' dir='ltr'><strong>Jesutn</strong></span> 
     </span>
    </p>
   </div>
   <div class='ocr_carea' id='block_1_57' title="bbox 2211 2611 2671 2686">
    <p class='ocr_par' dir='ltr' id='par_1_57' title="bbox 2211 2611 2671 2686">
     <span class='ocr_line' id='line_1_57' title="bbox 2211 2611 2671 2686; baseline 0.007 -17"><span class='ocrx_word' id='word_1_342' title='bbox 2211 2611 2530 2686; x_wconf 83' lang='lat' dir='ltr'><strong>Christum,</strong></span> <span class='ocrx_word' id='word_1_343' title='bbox 2563 2621 2671 2672; x_wconf 90' lang='lat' dir='ltr'><strong>etc.</strong></span> 
     </span>
    </p>
   </div>
   <div class='ocr_carea' id='block_1_58' title="bbox 2745 2745 3328 2805">
    <p class='ocr_par' dir='ltr' id='par_1_58' title="bbox 2745 2745 3328 2805">
     <span class='ocr_line' id='line_1_58' title="bbox 2745 2745 3328 2805; baseline 0.002 -2"><span class='ocrx_word' id='word_1_344' title='bbox 2745 2745 3070 2805; x_wconf 89' lang='lat' dir='ltr'><strong>PSALMUS</strong></span> <span class='ocrx_word' id='word_1_345' title='bbox 3109 2745 3328 2804; x_wconf 83' lang='lat' dir='ltr'><strong>XXXII.</strong></span> 
     </span>
    </p>
   </div>
   <div class='ocr_carea' id='block_1_59' title="bbox 2639 2848 3442 2896">
    <p class='ocr_par' dir='ltr' id='par_1_59' title="bbox 2639 2848 3442 2896">
     <span class='ocr_line' id='line_1_59' title="bbox 2639 2848 3442 2896; baseline 0.002 -4"><span class='ocrx_word' id='word_1_346' title='bbox 2639 2853 3045 2893; x_wconf 77' lang='lat' dir='ltr'><strong>ARGUMENTUM</strong></span> <span class='ocrx_word' id='word_1_347' title='bbox 3077 2848 3232 2894; x_wconf 76' lang='lat' dir='ltr'><strong>PSAL.</strong></span> <span class='ocrx_word' id='word_1_348' title='bbox 3266 2855 3442 2896; x_wconf 80' lang='lat' dir='ltr'><strong>XXXII.</strong></span> 
     </span>
    </p>
   </div>
   <div class='ocr_carea' id='block_1_60' title="bbox 2283 2969 3871 3046">
    <p class='ocr_par' dir='ltr' id='par_1_60' title="bbox 2283 2969 3871 3046">
     <span class='ocr_line' id='line_1_60' title="bbox 2283 2969 3871 3046; baseline 0.004 -22"><span class='ocrx_word' id='word_1_349' title='bbox 2283 2973 2323 3024; x_wconf 90' lang='lat' dir='ltr'><strong><em>C</em></strong></span> <span class='ocrx_word' id='word_1_350' title='bbox 2353 2969 2640 3043; x_wconf 85' lang='lat' dir='ltr'><strong>Propheta</strong></span> <span class='ocrx_word' id='word_1_351' title='bbox 2669 2971 2728 3025; x_wconf 90' lang='lat' dir='ltr'><strong>in</strong></span> <span class='ocrx_word' id='word_1_352' title='bbox 2778 2971 3021 3027; x_wconf 89' lang='lat' dir='ltr'><strong>Domino</strong></span> <span class='ocrx_word' id='word_1_353' title='bbox 3064 2972 3318 3044; x_wconf 84' lang='lat' dir='ltr'><strong>gaudere</strong></span> <span class='ocrx_word' id='word_1_354' title='bbox 3359 2973 3634 3030; x_wconf 80' lang='lat' dir='ltr'><strong>admonet</strong></span> <span class='ocrx_word' id='word_1_355' title='bbox 3648 2975 3871 3046; x_wconf 67' lang='lat' dir='ltr'><strong>justas,</strong></span> 
     </span>
    </p>
   </div>
   <div class='ocr_carea' id='block_1_61' title="bbox 2211 3059 3875 3136">
    <p class='ocr_par' dir='ltr' id='par_1_61' title="bbox 2211 3059 3875 3136">
     <span class='ocr_line' id='line_1_61' title="bbox 2211 3059 3875 3136; baseline 0.004 -22"><span class='ocrx_word' id='word_1_356' title='bbox 2211 3059 2529 3130; x_wconf 87' lang='lat' dir='ltr'><strong>beatosque</strong></span> <span class='ocrx_word' id='word_1_357' title='bbox 2560 3059 2942 3132; x_wconf 87' lang='lat' dir='ltr'><strong>appellat,qui</strong></span> <span class='ocrx_word' id='word_1_358' title='bbox 2973 3059 3046 3115; x_wconf 88' lang='lat' dir='ltr'><strong>ad</strong></span> <span class='ocrx_word' id='word_1_359' title='bbox 3073 3061 3202 3132; x_wconf 86' lang='lat' dir='ltr'><strong>ejus</strong></span> <span class='ocrx_word' id='word_1_360' title='bbox 3229 3061 3550 3119; x_wconf 86' lang='lat' dir='ltr'><strong>meruerint</strong></span> <span class='ocrx_word' id='word_1_361' title='bbox 3579 3063 3875 3136; x_wconf 78' lang='lat' dir='ltr'><strong>pertinere</strong></span> 
     </span>
    </p>
   </div>
   <div class='ocr_carea' id='block_1_62' title="bbox 517 3146 2524 3231">
    <p class='ocr_par' dir='ltr' id='par_1_62' title="bbox 517 3146 2524 3231">
     <span class='ocr_line' id='line_1_62' title="bbox 517 3146 2524 3231; baseline 0.002 -23"><span class='ocrx_word' id='word_1_362' title='bbox 517 3159 558 3208; x_wconf 75' lang='grc' dir='ltr'>Ο</span> <span class='ocrx_word' id='word_1_363' title='bbox 587 3151 952 3209; x_wconf 89' lang='lat' dir='ltr'><strong>Intellectum</strong></span> <span class='ocrx_word' id='word_1_364' title='bbox 970 3170 1085 3209; x_wconf 94' lang='lat' dir='ltr'><strong>non</strong></span> <span class='ocrx_word' id='word_1_365' title='bbox 1112 3153 1705 3229; x_wconf 87' lang='lat' dir='ltr'><strong>habentpeccatores:</strong></span> <span class='ocrx_word' id='word_1_366' title='bbox 1732 3156 1845 3213; x_wconf 91' lang='lat' dir='ltr'><strong>nisi</strong></span> <span class='ocrx_word' id='word_1_367' title='bbox 1868 3157 2103 3231; x_wconf 90' lang='lat' dir='ltr'><strong>quando</strong></span> <span class='ocrx_word' id='word_1_368' title='bbox 2146 3225 2176 3231; x_wconf 71' lang='lat'>_</span> <span class='ocrx_word' id='word_1_369' title='bbox 2211 3146 2524 3204; x_wconf 68' lang='lat' dir='ltr'><strong>culturam-</strong></span> 
     </span>
    </p>
   </div>
   <div class='ocr_carea' id='block_1_63' title="bbox 447 3225 2178 3318">
    <p class='ocr_par' dir='ltr' id='par_1_63' title="bbox 447 3225 2178 3318">
     <span class='ocr_line' id='line_1_63' title="bbox 447 3225 2178 3318; baseline 0.003 -23"><span class='ocrx_word' id='word_1_370' title='bbox 447 3239 743 3297; x_wconf 88' lang='lat' dir='ltr'><strong>conversis</strong></span> <span class='ocrx_word' id='word_1_371' title='bbox 774 3239 1058 3296; x_wconf 88' lang='lat' dir='ltr'><strong>Dominus</strong></span> <span class='ocrx_word' id='word_1_372' title='bbox 1088 3225 1437 3314; x_wconf 80' lang='lat' dir='ltr'><strong>propitiatus</strong></span> <span class='ocrx_word' id='word_1_373' title='bbox 1467 3243 1552 3299; x_wconf 89' lang='lat' dir='ltr'><strong>eis</strong></span> <span class='ocrx_word' id='word_1_374' title='bbox 1583 3243 1868 3318; x_wconf 83' lang='lat' dir='ltr'><strong>indulget.</strong></span> <span class='ocrx_word' id='word_1_375' title='bbox 1884 3225 2105 3302; x_wconf 78' lang='lat' dir='ltr'><strong>lntelli-</strong></span> <span class='ocrx_word' id='word_1_376' title='bbox 2134 3225 2178 3293; x_wconf 66' lang='grc' dir='ltr'><strong>(ἶ</strong></span> 
     </span>
    </p>
   </div>
   <div class='ocr_carea' id='block_1_64' title="bbox 447 3329 2102 3400">
    <p class='ocr_par' dir='ltr' id='par_1_64' title="bbox 447 3329 2102 3400">
     <span class='ocr_line' id='line_1_64' title="bbox 447 3329 2102 3400; baseline 0.004 -17"><span class='ocrx_word' id='word_1_377' title='bbox 447 3343 582 3400; x_wconf 85' lang='lat' dir='ltr'><strong>gere</strong></span> <span class='ocrx_word' id='word_1_378' title='bbox 610 3332 700 3384; x_wconf 85' lang='lat' dir='ltr'><strong>est</strong></span> <span class='ocrx_word' id='word_1_379' title='bbox 727 3329 873 3384; x_wconf 89' lang='lat' dir='ltr'><strong>bene</strong></span> <span class='ocrx_word' id='word_1_380' title='bbox 903 3345 1072 3400; x_wconf 81' lang='lat' dir='ltr'><strong>agere</strong></span> <span class='ocrx_word' id='word_1_381' title='bbox 1101 3335 1158 3385; x_wconf 89' lang='lat' dir='ltr'><strong>et</strong></span> <span class='ocrx_word' id='word_1_382' title='bbox 1187 3332 1259 3386; x_wconf 87' lang='lat' dir='ltr'><strong>ad</strong></span> <span class='ocrx_word' id='word_1_383' title='bbox 1284 3331 1560 3387; x_wconf 87' lang='lat' dir='ltr'><strong>mandata</strong></span> <span class='ocrx_word' id='word_1_384' title='bbox 1583 3332 1684 3388; x_wconf 89' lang='lat' dir='ltr'><strong>Dei</strong></span> <span class='ocrx_word' id='word_1_385' title='bbox 1714 3338 1846 3389; x_wconf 88' lang='lat' dir='ltr'><strong>vota</strong></span> <span class='ocrx_word' id='word_1_386' title='bbox 1873 3351 2102 3390; x_wconf 87' lang='lat' dir='ltr'><strong>conver-</strong></span> 
     </span>
    </p>
   </div>
   <div class='ocr_carea' id='block_1_65' title="bbox 447 3415 2100 3490">
    <p class='ocr_par' dir='ltr' id='par_1_65' title="bbox 447 3415 2100 3490">
     <span class='ocr_line' id='line_1_65' title="bbox 447 3415 2100 3490; baseline 0.004 -18"><span class='ocrx_word' id='word_1_387' title='bbox 447 3421 586 3472; x_wconf 75' lang='lat' dir='ltr'><strong>tere.</strong></span> <span class='ocrx_word' id='word_1_388' title='bbox 623 3415 692 3470; x_wconf 87' lang='lat' dir='ltr'><strong>Et</strong></span> <span class='ocrx_word' id='word_1_389' title='bbox 722 3415 1008 3472; x_wconf 89' lang='lat' dir='ltr'><strong>instruam</strong></span> <span class='ocrx_word' id='word_1_390' title='bbox 1054 3421 1132 3484; x_wconf 91' lang='lat' dir='ltr'><strong>te,</strong></span> <span class='ocrx_word' id='word_1_391' title='bbox 1175 3419 1347 3490; x_wconf 89' lang='lat' dir='ltr'><strong>quasi</strong></span> <span class='ocrx_word' id='word_1_392' title='bbox 1399 3421 1751 3476; x_wconf 88' lang='lat' dir='ltr'><strong>nescientem</strong></span> <span class='ocrx_word' id='word_1_393' title='bbox 1797 3423 2100 3480; x_wconf 88' lang='lat' dir='ltr'><strong>docebam.</strong></span> 
     </span>
    </p>
   </div>
   <div class='ocr_carea' id='block_1_66' title="bbox 453 3503 2104 3577">
    <p class='ocr_par' dir='ltr' id='par_1_66' title="bbox 453 3503 2104 3577">
     <span class='ocr_line' id='line_1_66' title="bbox 453 3503 2104 3577; baseline 0.004 -17"><span class='ocrx_word' id='word_1_394' title='bbox 453 3503 517 3560; x_wconf 85' lang='lat' dir='ltr'><strong>In</strong></span> <span class='ocrx_word' id='word_1_395' title='bbox 547 3504 638 3560; x_wconf 87' lang='lat' dir='ltr'><strong>via</strong></span> <span class='ocrx_word' id='word_1_396' title='bbox 669 3503 778 3560; x_wconf 91' lang='lat' dir='ltr'><strong>hac</strong></span> <span class='ocrx_word' id='word_1_397' title='bbox 807 3521 925 3577; x_wconf 90' lang='lat' dir='ltr'><strong>qua</strong></span> <span class='ocrx_word' id='word_1_398' title='bbox 953 3505 1311 3576; x_wconf 83' lang='lat' dir='ltr'><strong>gradieris.H</strong></span> <span class='ocrx_word' id='word_1_399' title='bbox 1343 3508 1388 3561; x_wconf 88' lang='lat' dir='ltr'><strong>A</strong></span> <span class='ocrx_word' id='word_1_400' title='bbox 1411 3507 1580 3564; x_wconf 88' lang='lat' dir='ltr'><strong>Viam</strong></span> <span class='ocrx_word' id='word_1_401' title='bbox 1605 3510 1991 3567; x_wconf 86' lang='lat' dir='ltr'><strong>confessionis</strong></span> <span class='ocrx_word' id='word_1_402' title='bbox 2021 3512 2104 3568; x_wconf 89' lang='lat' dir='ltr'><strong>di-</strong></span> 
     </span>
    </p>
   </div>
   <div class='ocr_carea' id='block_1_67' title="bbox 451 3593 2104 3662">
    <p class='ocr_par' dir='ltr' id='par_1_67' title="bbox 451 3593 2104 3662">
     <span class='ocr_line' id='line_1_67' title="bbox 451 3593 2104 3662; baseline 0.005 -14"><span class='ocrx_word' id='word_1_403' title='bbox 451 3593 531 3649; x_wconf 90' lang='lat' dir='ltr'><strong>cit</strong></span> <span class='ocrx_word' id='word_1_404' title='bbox 555 3593 832 3649; x_wconf 87' lang='lat' dir='ltr'><strong>docebam</strong></span> <span class='ocrx_word' id='word_1_405' title='bbox 881 3597 960 3662; x_wconf 86' lang='lat' dir='ltr'><strong>te,</strong></span> <span class='ocrx_word' id='word_1_406' title='bbox 995 3597 1059 3649; x_wconf 90' lang='lat' dir='ltr'><strong>ut</strong></span> <span class='ocrx_word' id='word_1_407' title='bbox 1096 3611 1209 3650; x_wconf 92' lang='lat' dir='ltr'><strong>non</strong></span> <span class='ocrx_word' id='word_1_408' title='bbox 1257 3596 1491 3652; x_wconf 89' lang='lat' dir='ltr'><strong>recedas</strong></span> <span class='ocrx_word' id='word_1_409' title='bbox 1523 3597 1596 3652; x_wconf 89' lang='lat' dir='ltr'><strong>ab</strong></span> <span class='ocrx_word' id='word_1_410' title='bbox 1626 3614 1712 3653; x_wconf 87' lang='lat' dir='ltr'><strong>ea.</strong></span> <span class='ocrx_word' id='word_1_411' title='bbox 1747 3604 1786 3654; x_wconf 85' lang='lat' dir='ltr'>C</span> <span class='ocrx_word' id='word_1_412' title='bbox 1835 3599 2104 3658; x_wconf 82' lang='lat' dir='ltr'><strong>Firmabo</strong></span> 
     </span>
    </p>
   </div>
   <div class='ocr_carea' id='block_1_68' title="bbox 450 3681 2103 3758">
    <p class='ocr_par' dir='ltr' id='par_1_68' title="bbox 450 3681 2103 3758">
     <span class='ocr_line' id='line_1_68' title="bbox 450 3681 2103 3758; baseline 0.004 -20"><span class='ocrx_word' id='word_1_413' title='bbox 450 3699 628 3756; x_wconf 89' lang='lat' dir='ltr'><strong>super</strong></span> <span class='ocrx_word' id='word_1_414' title='bbox 655 3686 710 3738; x_wconf 87' lang='lat' dir='ltr'><strong>te</strong></span> <span class='ocrx_word' id='word_1_415' title='bbox 740 3681 958 3748; x_wconf 90' lang='lat' dir='ltr'><strong>oculos,</strong></span> <span class='ocrx_word' id='word_1_416' title='bbox 987 3681 1045 3738; x_wconf 89' lang='lat' dir='ltr'><strong>id</strong></span> <span class='ocrx_word' id='word_1_417' title='bbox 1077 3687 1186 3752; x_wconf 89' lang='lat' dir='ltr'><strong>est,</strong></span> <span class='ocrx_word' id='word_1_418' title='bbox 1215 3684 1274 3738; x_wconf 90' lang='lat' dir='ltr'><strong>in</strong></span> <span class='ocrx_word' id='word_1_419' title='bbox 1305 3689 1359 3739; x_wconf 89' lang='lat' dir='ltr'><strong>te</strong></span> <span class='ocrx_word' id='word_1_420' title='bbox 1389 3684 1640 3758; x_wconf 83' lang='lat' dir='ltr'><strong>dirigam</strong></span> <span class='ocrx_word' id='word_1_421' title='bbox 1667 3686 1864 3744; x_wconf 91' lang='lat' dir='ltr'><strong>lumen</strong></span> <span class='ocrx_word' id='word_1_422' title='bbox 1895 3688 2103 3744; x_wconf 88' lang='lat' dir='ltr'><strong>intelli-</strong></span> 
     </span>
    </p>
   </div>
   <div class='ocr_carea' id='block_1_69' title="bbox 447 3770 852 3844">
    <p class='ocr_par' dir='ltr' id='par_1_69' title="bbox 447 3770 852 3844">
     <span class='ocr_line' id='line_1_69' title="bbox 447 3770 852 3844; baseline 0 -16"><span class='ocrx_word' id='word_1_423' title='bbox 447 3770 655 3844; x_wconf 70' lang='lat' dir='ltr'><strong>gentiae</strong></span> <span class='ocrx_word' id='word_1_424' title='bbox 687 3787 852 3828; x_wconf 65' lang='lat' dir='ltr'><strong>meae.</strong></span> 
     </span>
    </p>
   </div>
   <div class='ocr_carea' id='block_1_70' title="bbox 449 3859 1628 3932">
    <p class='ocr_par' dir='ltr' id='par_1_70' title="bbox 449 3859 1628 3932">
     <span class='ocr_line' id='line_1_70' title="bbox 449 3859 1628 3932; baseline 0.004 -18"><span class='ocrx_word' id='word_1_425' title='bbox 449 3859 505 3917; x_wconf 76' lang='lat' dir='ltr'><strong>il</strong></span> <span class='ocrx_word' id='word_1_426' title='bbox 591 3860 772 3917; x_wconf 86' lang='lat' dir='ltr'><strong>Nolite</strong></span> <span class='ocrx_word' id='word_1_427' title='bbox 799 3861 925 3932; x_wconf 78' lang='lat' dir='ltr'><strong>ﬁeri</strong></span> <span class='ocrx_word' id='word_1_428' title='bbox 951 3861 1092 3916; x_wconf 86' lang='lat' dir='ltr'><strong>sicut</strong></span> <span class='ocrx_word' id='word_1_429' title='bbox 1120 3878 1288 3932; x_wconf 84' lang='lat' dir='ltr'><strong>equus</strong></span> <span class='ocrx_word' id='word_1_430' title='bbox 1315 3870 1366 3918; x_wconf 80' lang='lat' dir='ltr'><strong>et</strong></span> <span class='ocrx_word' id='word_1_431' title='bbox 1391 3863 1577 3918; x_wconf 87' lang='lat' dir='ltr'><strong>mulus</strong></span> <span class='ocrx_word' id='word_1_432' title='bbox 1609 3882 1628 3919; x_wconf 88' lang='lat'><strong><em>:</em></strong></span> 
     </span>
    </p>
   </div>
   <div class='ocr_carea' id='block_1_71' title="bbox 588 3947 1393 4017">
    <p class='ocr_par' dir='ltr' id='par_1_71' title="bbox 588 3947 1393 4017">
     <span class='ocr_line' id='line_1_71' title="bbox 588 3947 1393 4017; baseline 0.002 -13"><span class='ocrx_word' id='word_1_433' title='bbox 588 3947 792 4017; x_wconf 86' lang='lat' dir='ltr'><strong>Quibus</strong></span> <span class='ocrx_word' id='word_1_434' title='bbox 823 3967 931 4005; x_wconf 82' lang='lat' dir='ltr'><strong>non</strong></span> <span class='ocrx_word' id='word_1_435' title='bbox 959 3957 1037 4006; x_wconf 85' lang='lat' dir='ltr'><strong>est</strong></span> <span class='ocrx_word' id='word_1_436' title='bbox 1066 3951 1393 4006; x_wconf 84' lang='lat' dir='ltr'><strong>intellectus.</strong></span> 
     </span>
    </p>
   </div>
   <div class='ocr_carea' id='block_1_72' title="bbox 513 4037 2099 4110">
    <p class='ocr_par' dir='ltr' id='par_1_72' title="bbox 513 4037 2099 4110">
     <span class='ocr_line' id='line_1_72' title="bbox 513 4037 2099 4110; baseline 0.005 -16"><span class='ocrx_word' id='word_1_437' title='bbox 513 4039 555 4094; x_wconf 89' lang='lat' dir='ltr'><strong><em>C</em></strong></span> <span class='ocrx_word' id='word_1_438' title='bbox 579 4038 779 4110; x_wconf 89' lang='lat' dir='ltr'><strong>Equus</strong></span> <span class='ocrx_word' id='word_1_439' title='bbox 810 4037 936 4096; x_wconf 88' lang='lat' dir='ltr'><strong>sine</strong></span> <span class='ocrx_word' id='word_1_440' title='bbox 984 4038 1332 4096; x_wconf 86' lang='lat' dir='ltr'><strong>discretione</strong></span> <span class='ocrx_word' id='word_1_441' title='bbox 1361 4057 1372 4095; x_wconf 93' lang='lat'>:</span> <span class='ocrx_word' id='word_1_442' title='bbox 1407 4041 1655 4098; x_wconf 87' lang='lat' dir='ltr'><strong>sessoris</strong></span> <span class='ocrx_word' id='word_1_443' title='bbox 1707 4043 1947 4100; x_wconf 89' lang='lat' dir='ltr'><strong>arbitrio</strong></span> <span class='ocrx_word' id='word_1_444' title='bbox 1980 4063 2099 4102; x_wconf 89' lang='lat' dir='ltr'><strong>ser-</strong></span> 
     </span>
    </p>
   </div>
   <div class='ocr_carea' id='block_1_73' title="bbox 441 4125 2100 4200">
    <p class='ocr_par' dir='ltr' id='par_1_73' title="bbox 441 4125 2100 4200">
     <span class='ocr_line' id='line_1_73' title="bbox 441 4125 2100 4200; baseline 0.006 -18"><span class='ocrx_word' id='word_1_445' title='bbox 441 4125 606 4193; x_wconf 90' lang='lat' dir='ltr'><strong>vit,et</strong></span> <span class='ocrx_word' id='word_1_446' title='bbox 637 4143 671 4182; x_wconf 93' lang='lat' dir='ltr'><strong>a</strong></span> <span class='ocrx_word' id='word_1_447' title='bbox 700 4144 1052 4200; x_wconf 87' lang='lat' dir='ltr'><strong>quocunque</strong></span> <span class='ocrx_word' id='word_1_448' title='bbox 1072 4145 1352 4185; x_wconf 89' lang='lat' dir='ltr'><strong>ascensus</strong></span> <span class='ocrx_word' id='word_1_449' title='bbox 1390 4129 1584 4196; x_wconf 83' lang='lat' dir='ltr'><strong>fuerit,</strong></span> <span class='ocrx_word' id='word_1_450' title='bbox 1608 4133 1880 4189; x_wconf 87' lang='lat' dir='ltr'><strong>excurrit.</strong></span> <span class='ocrx_word' id='word_1_451' title='bbox 1906 4135 2100 4192; x_wconf 83' lang='lat' dir='ltr'><strong>Mulus</strong></span> 
     </span>
    </p>
   </div>
   <div class='ocr_carea' id='block_1_74' title="bbox 409 4199 2101 4292">
    <p class='ocr_par' dir='ltr' id='par_1_74' title="bbox 409 4199 2101 4292">
     <span class='ocr_line' id='line_1_74' title="bbox 409 4199 2101 4292; baseline 0.005 -20"><span class='ocrx_word' id='word_1_452' title='bbox 409 4199 422 4212; x_wconf 48' lang='lat'>‘</span> <span class='ocrx_word' id='word_1_453' title='bbox 443 4199 735 4287; x_wconf 81' lang='lat' dir='ltr'><strong>patienter</strong></span> <span class='ocrx_word' id='word_1_454' title='bbox 759 4234 938 4274; x_wconf 91' lang='lat' dir='ltr'><strong>onera</strong></span> <span class='ocrx_word' id='word_1_455' title='bbox 958 4199 1236 4289; x_wconf 85' lang='lat' dir='ltr'><strong>portat,et</strong></span> <span class='ocrx_word' id='word_1_456' title='bbox 1262 4235 1366 4290; x_wconf 85' lang='lat' dir='ltr'><strong>per</strong></span> <span class='ocrx_word' id='word_1_457' title='bbox 1403 4218 1511 4276; x_wconf 91' lang='lat' dir='ltr'><strong>hoc</strong></span> <span class='ocrx_word' id='word_1_458' title='bbox 1562 4219 1793 4292; x_wconf 92' lang='lat' dir='ltr'><strong>utrique</strong></span> <span class='ocrx_word' id='word_1_459' title='bbox 1844 4222 2101 4281; x_wconf 88' lang='lat' dir='ltr'><strong>intellec-</strong></span> 
     </span>
    </p>
   </div>
   <div class='ocr_carea' id='block_1_75' title="bbox 443 4305 2099 4383">
    <p class='ocr_par' dir='ltr' id='par_1_75' title="bbox 443 4305 2099 4383">
     <span class='ocr_line' id='line_1_75' title="bbox 443 4305 2099 4383; baseline 0.005 -22"><span class='ocrx_word' id='word_1_460' title='bbox 443 4309 572 4361; x_wconf 89' lang='lat' dir='ltr'><strong>tum</strong></span> <span class='ocrx_word' id='word_1_461' title='bbox 603 4323 716 4361; x_wconf 90' lang='lat' dir='ltr'><strong>non</strong></span> <span class='ocrx_word' id='word_1_462' title='bbox 743 4305 1127 4379; x_wconf 86' lang='lat' dir='ltr'><strong>habent,quia</strong></span> <span class='ocrx_word' id='word_1_463' title='bbox 1152 4324 1255 4362; x_wconf 88' lang='lat' dir='ltr'><strong>nec</strong></span> <span class='ocrx_word' id='word_1_464' title='bbox 1299 4324 1487 4381; x_wconf 90' lang='lat' dir='ltr'><strong>equus</strong></span> <span class='ocrx_word' id='word_1_465' title='bbox 1531 4308 1692 4383; x_wconf 86' lang='lat' dir='ltr'><strong>eligit</strong></span> <span class='ocrx_word' id='word_1_466' title='bbox 1721 4310 1812 4366; x_wconf 89' lang='lat' dir='ltr'><strong>cui</strong></span> <span class='ocrx_word' id='word_1_467' title='bbox 1844 4312 2099 4383; x_wconf 88' lang='lat' dir='ltr'><strong>obediat,</strong></span> 
     </span>
    </p>
   </div>
   <div class='ocr_carea' id='block_1_76' title="bbox 445 4393 2096 4477">
    <p class='ocr_par' dir='ltr' id='par_1_76' title="bbox 445 4393 2096 4477">
     <span class='ocr_line' id='line_1_76' title="bbox 445 4393 2096 4477; baseline 0.005 -27"><span class='ocrx_word' id='word_1_468' title='bbox 445 4409 551 4450; x_wconf 88' lang='lat' dir='ltr'><strong>nec</strong></span> <span class='ocrx_word' id='word_1_469' title='bbox 581 4393 778 4451; x_wconf 90' lang='lat' dir='ltr'><strong>mulus</strong></span> <span class='ocrx_word' id='word_1_470' title='bbox 837 4393 1051 4467; x_wconf 91' lang='lat' dir='ltr'><strong>quibus</strong></span> <span class='ocrx_word' id='word_1_471' title='bbox 1088 4395 1367 4453; x_wconf 90' lang='lat' dir='ltr'><strong>oneribus</strong></span> <span class='ocrx_word' id='word_1_472' title='bbox 1413 4397 1753 4470; x_wconf 84' lang='lat' dir='ltr'><strong>ingravetur</strong></span> <span class='ocrx_word' id='word_1_473' title='bbox 1803 4401 2096 4477; x_wconf 84' lang='lat' dir='ltr'><strong>intelligit,</strong></span> 
     </span>
    </p>
   </div>
   <div class='ocr_carea' id='block_1_77' title="bbox 444 4481 2101 4555">
    <p class='ocr_par' dir='ltr' id='par_1_77' title="bbox 444 4481 2101 4555">
     <span class='ocr_line' id='line_1_77' title="bbox 444 4481 2101 4555; baseline 0.007 -17"><span class='ocrx_word' id='word_1_474' title='bbox 444 4483 581 4555; x_wconf 81' lang='lat' dir='ltr'><strong>ergo</strong></span> <span class='ocrx_word' id='word_1_475' title='bbox 611 4481 918 4540; x_wconf 87' lang='lat' dir='ltr'><strong>diabolicis</strong></span> <span class='ocrx_word' id='word_1_476' title='bbox 951 4483 1255 4542; x_wconf 79' lang='lat' dir='ltr'><strong>fraudibus</strong></span> <span class='ocrx_word' id='word_1_477' title='bbox 1282 4486 1523 4543; x_wconf 90' lang='lat' dir='ltr'><strong>insideri</strong></span> <span class='ocrx_word' id='word_1_478' title='bbox 1544 4491 1599 4543; x_wconf 89' lang='lat' dir='ltr'><strong>et</strong></span> <span class='ocrx_word' id='word_1_479' title='bbox 1629 4488 1902 4546; x_wconf 90' lang='lat' dir='ltr'><strong>vitiorum</strong></span> <span class='ocrx_word' id='word_1_480' title='bbox 1928 4508 2101 4550; x_wconf 90' lang='lat' dir='ltr'><strong>onere</strong></span> 
     </span>
    </p>
   </div>
   <div class='ocr_carea' id='block_1_78' title="bbox 445 4571 1604 4648">
    <p class='ocr_par' dir='ltr' id='par_1_78' title="bbox 445 4571 1604 4648">
     <span class='ocr_line' id='line_1_78' title="bbox 445 4571 1604 4648; baseline 0.003 -22"><span class='ocrx_word' id='word_1_481' title='bbox 445 4571 670 4644; x_wconf 79' lang='lat' dir='ltr'><strong>gravari</strong></span> <span class='ocrx_word' id='word_1_482' title='bbox 701 4571 972 4628; x_wconf 89' lang='lat' dir='ltr'><strong>homines</strong></span> <span class='ocrx_word' id='word_1_483' title='bbox 1003 4573 1272 4645; x_wconf 89' lang='lat' dir='ltr'><strong>prohibet</strong></span> <span class='ocrx_word' id='word_1_484' title='bbox 1301 4575 1604 4648; x_wconf 88' lang='lat' dir='ltr'><strong>propheta.</strong></span> 
     </span>
    </p>
   </div>
   <div class='ocr_carea' id='block_1_79' title="bbox 443 4657 2030 4738">
    <p class='ocr_par' dir='ltr' id='par_1_79' title="bbox 443 4657 2030 4738">
     <span class='ocr_line' id='line_1_79' title="bbox 443 4657 2030 4738; baseline 0.006 -21"><span class='ocrx_word' id='word_1_485' title='bbox 443 4657 514 4717; x_wconf 69' lang='lat'><strong>42</strong></span> <span class='ocrx_word' id='word_1_486' title='bbox 584 4659 645 4715; x_wconf 88' lang='lat' dir='ltr'><strong>In</strong></span> <span class='ocrx_word' id='word_1_487' title='bbox 676 4657 868 4716; x_wconf 84' lang='lat' dir='ltr'><strong>chamo</strong></span> <span class='ocrx_word' id='word_1_488' title='bbox 896 4669 948 4716; x_wconf 88' lang='lat' dir='ltr'><strong>et</strong></span> <span class='ocrx_word' id='word_1_489' title='bbox 974 4663 1132 4731; x_wconf 81' lang='lat' dir='ltr'><strong>freno</strong></span> <span class='ocrx_word' id='word_1_490' title='bbox 1161 4663 1427 4718; x_wconf 74' lang='lat' dir='ltr'><strong>maxillas</strong></span> <span class='ocrx_word' id='word_1_491' title='bbox 1447 4680 1636 4720; x_wconf 87' lang='lat' dir='ltr'><strong>eorum</strong></span> <span class='ocrx_word' id='word_1_492' title='bbox 1667 4670 1979 4738; x_wconf 76' lang='lat' dir='ltr'><strong>constringe</strong></span> <span class='ocrx_word' id='word_1_493' title='bbox 2009 4689 2030 4726; x_wconf 87' lang='lat'><strong><em>:</em></strong></span> 
     </span>
    </p>
   </div>
   <div class='ocr_carea' id='block_1_80' title="bbox 585 4749 1440 4822">
    <p class='ocr_par' dir='ltr' id='par_1_80' title="bbox 585 4749 1440 4822">
     <span class='ocr_line' id='line_1_80' title="bbox 585 4749 1440 4822; baseline 0.005 -18"><span class='ocrx_word' id='word_1_494' title='bbox 585 4749 692 4819; x_wconf 85' lang='lat' dir='ltr'><strong>Qui</strong></span> <span class='ocrx_word' id='word_1_495' title='bbox 713 4766 826 4806; x_wconf 84' lang='lat' dir='ltr'><strong>non</strong></span> <span class='ocrx_word' id='word_1_496' title='bbox 852 4751 1244 4822; x_wconf 69' lang='lat' dir='ltr'><strong>approximant</strong></span> <span class='ocrx_word' id='word_1_497' title='bbox 1271 4751 1342 4806; x_wconf 84' lang='lat' dir='ltr'><strong>ad</strong></span> <span class='ocrx_word' id='word_1_498' title='bbox 1372 4759 1440 4808; x_wconf 89' lang='lat' dir='ltr'><strong>te.</strong></span> 
     </span>
    </p>
   </div>
   <div class='ocr_carea' id='block_1_81' title="bbox 513 4837 2101 4918">
    <p class='ocr_par' dir='ltr' id='par_1_81' title="bbox 513 4837 2101 4918">
     <span class='ocr_line' id='line_1_81' title="bbox 513 4837 2101 4918; baseline 0.005 -24"><span class='ocrx_word' id='word_1_499' title='bbox 513 4841 552 4894; x_wconf 91' lang='lat' dir='ltr'><strong><em>C</em></strong></span> <span class='ocrx_word' id='word_1_500' title='bbox 579 4837 837 4895; x_wconf 89' lang='lat' dir='ltr'><strong>Chamus</strong></span> <span class='ocrx_word' id='word_1_501' title='bbox 863 4838 936 4894; x_wconf 90' lang='lat' dir='ltr'><strong>ad</strong></span> <span class='ocrx_word' id='word_1_502' title='bbox 970 4837 1196 4894; x_wconf 91' lang='lat' dir='ltr'><strong>mulum</strong></span> <span class='ocrx_word' id='word_1_503' title='bbox 1227 4837 1502 4912; x_wconf 89' lang='lat' dir='ltr'><strong>pertinet,</strong></span> <span class='ocrx_word' id='word_1_504' title='bbox 1535 4840 1763 4898; x_wconf 82' lang='lat' dir='ltr'><strong>frenum</strong></span> <span class='ocrx_word' id='word_1_505' title='bbox 1789 4843 1860 4900; x_wconf 91' lang='lat' dir='ltr'><strong>ad</strong></span> <span class='ocrx_word' id='word_1_506' title='bbox 1883 4859 2101 4918; x_wconf 89' lang='lat' dir='ltr'><strong>equum</strong></span> 
     </span>
    </p>
   </div>
   <div class='ocr_carea' id='block_1_82' title="bbox 442 4925 2098 5006">
    <p class='ocr_par' dir='ltr' id='par_1_82' title="bbox 442 4925 2098 5006">
     <span class='ocr_line' id='line_1_82' title="bbox 442 4925 2098 5006; baseline 0.004 -22"><span class='ocrx_word' id='word_1_507' title='bbox 442 4927 957 5000; x_wconf 87' lang='lat' dir='ltr'><strong>respicit.Frenum</strong></span> <span class='ocrx_word' id='word_1_508' title='bbox 990 4925 1146 4984; x_wconf 88' lang='lat' dir='ltr'><strong>enim</strong></span> <span class='ocrx_word' id='word_1_509' title='bbox 1178 4945 1211 4984; x_wconf 91' lang='lat' dir='ltr'><strong>a</strong></span> <span class='ocrx_word' id='word_1_510' title='bbox 1242 4927 1360 4983; x_wconf 86' lang='lat' dir='ltr'><strong>fero</strong></span> <span class='ocrx_word' id='word_1_511' title='bbox 1393 4929 1698 4987; x_wconf 87' lang='lat' dir='ltr'><strong>retinendo</strong></span> <span class='ocrx_word' id='word_1_512' title='bbox 1725 4931 1945 4989; x_wconf 90' lang='lat' dir='ltr'><strong>dictum</strong></span> <span class='ocrx_word' id='word_1_513' title='bbox 1971 4937 2056 4991; x_wconf 82' lang='lat' dir='ltr'><strong>cst</strong></span> <span class='ocrx_word' id='word_1_514' title='bbox 2086 4954 2098 5006; x_wconf 92' lang='lat'><strong>;</strong></span> 
     </span>
    </p>
   </div>
   <div class='ocr_carea' id='block_1_83' title="bbox 442 5015 2101 5094">
    <p class='ocr_par' dir='ltr' id='par_1_83' title="bbox 442 5015 2101 5094">
     <span class='ocr_line' id='line_1_83' title="bbox 442 5015 2101 5094; baseline 0.005 -24"><span class='ocrx_word' id='word_1_515' title='bbox 442 5015 636 5072; x_wconf 88' lang='lat' dir='ltr'><strong>ferum</strong></span> <span class='ocrx_word' id='word_1_516' title='bbox 671 5016 1252 5090; x_wconf 82' lang='lat' dir='ltr'><strong>:antiquigaballum</strong></span> <span class='ocrx_word' id='word_1_517' title='bbox 1283 5016 1728 5094; x_wconf 78' lang='lat' dir='ltr'><strong>dixerunt.Ergo</strong></span> <span class='ocrx_word' id='word_1_518' title='bbox 1755 5022 1868 5078; x_wconf 88' lang='lat' dir='ltr'><strong>ista</strong></span> <span class='ocrx_word' id='word_1_519' title='bbox 1889 5023 2101 5080; x_wconf 82' lang='lat' dir='ltr'><strong>retina-</strong></span> 
     </span>
    </p>
   </div>
   <div class='ocr_carea' id='block_1_84' title="bbox 442 5101 2095 5180">
    <p class='ocr_par' dir='ltr' id='par_1_84' title="bbox 442 5101 2095 5180">
     <span class='ocr_line' id='line_1_84' title="bbox 442 5101 2095 5180; baseline 0.006 -22"><span class='ocrx_word' id='word_1_520' title='bbox 442 5101 592 5171; x_wconf 84' lang='lat' dir='ltr'><strong>cula,</strong></span> <span class='ocrx_word' id='word_1_521' title='bbox 624 5103 746 5161; x_wconf 69' lang='lat' dir='ltr'><strong>haec</strong></span> <span class='ocrx_word' id='word_1_522' title='bbox 771 5106 890 5161; x_wconf 91' lang='lat' dir='ltr'><strong>duo</strong></span> <span class='ocrx_word' id='word_1_523' title='bbox 937 5105 1214 5163; x_wconf 87' lang='lat' dir='ltr'><strong>animalia</strong></span> <span class='ocrx_word' id='word_1_524' title='bbox 1247 5101 1543 5180; x_wconf 85' lang='lat' dir='ltr'><strong>cohibent,</strong></span> <span class='ocrx_word' id='word_1_525' title='bbox 1576 5113 1640 5164; x_wconf 90' lang='lat' dir='ltr'><strong>ut</strong></span> <span class='ocrx_word' id='word_1_526' title='bbox 1683 5109 1754 5166; x_wconf 89' lang='lat' dir='ltr'><strong>ad</strong></span> <span class='ocrx_word' id='word_1_527' title='bbox 1785 5110 2095 5169; x_wconf 89' lang='lat' dir='ltr'><strong>arbitrium</strong></span> 
     </span>
    </p>
   </div>
   <div class='ocr_carea' id='block_1_85' title="bbox 433 5191 2096 5264">
    <p class='ocr_par' dir='ltr' id='par_1_85' title="bbox 433 5191 2096 5264">
     <span class='ocr_line' id='line_1_85' title="bbox 433 5191 2096 5264; baseline 0.007 -19"><span class='ocrx_word' id='word_1_528' title='bbox 433 5191 702 5264; x_wconf 88' lang='lat' dir='ltr'><strong>jubentis</strong></span> <span class='ocrx_word' id='word_1_529' title='bbox 731 5191 1024 5262; x_wconf 90' lang='lat' dir='ltr'><strong>incedant,</strong></span> <span class='ocrx_word' id='word_1_530' title='bbox 1078 5210 1148 5249; x_wconf 89' lang='lat' dir='ltr'><strong>ne</strong></span> <span class='ocrx_word' id='word_1_531' title='bbox 1190 5193 1314 5250; x_wconf 88' lang='lat' dir='ltr'><strong>suis</strong></span> <span class='ocrx_word' id='word_1_532' title='bbox 1363 5194 1765 5256; x_wconf 89' lang='lat' dir='ltr'><strong>voluntatibus</strong></span> <span class='ocrx_word' id='word_1_533' title='bbox 1816 5200 2096 5257; x_wconf 80' lang='lat' dir='ltr'><strong>terantur.</strong></span> 
     </span>
    </p>
   </div>
   <div class='ocr_carea' id='block_1_86' title="bbox 442 5277 2098 5360">
    <p class='ocr_par' dir='ltr' id='par_1_86' title="bbox 442 5277 2098 5360">
     <span class='ocr_line' id='line_1_86' title="bbox 442 5277 2098 5360; baseline 0.006 -24"><span class='ocrx_word' id='word_1_534' title='bbox 442 5277 684 5336; x_wconf 60' lang='lat' dir='ltr'><strong>Maxilla:</strong></span> <span class='ocrx_word' id='word_1_535' title='bbox 711 5277 1069 5336; x_wconf 86' lang='lat' dir='ltr'><strong>adminicula</strong></span> <span class='ocrx_word' id='word_1_536' title='bbox 1125 5287 1266 5338; x_wconf 89' lang='lat' dir='ltr'><strong>sunt</strong></span> <span class='ocrx_word' id='word_1_537' title='bbox 1314 5281 1660 5341; x_wconf 88' lang='lat' dir='ltr'><strong>animalium</strong></span> <span class='ocrx_word' id='word_1_538' title='bbox 1709 5287 1925 5360; x_wconf 88' lang='lat' dir='ltr'><strong>quibus</strong></span> <span class='ocrx_word' id='word_1_539' title='bbox 1963 5305 2098 5346; x_wconf 88' lang='lat' dir='ltr'><strong>esca</strong></span> 
     </span>
    </p>
   </div>
   <div class='ocr_carea' id='block_1_87' title="bbox 441 5369 2093 5451">
    <p class='ocr_par' dir='ltr' id='par_1_87' title="bbox 441 5369 2093 5451">
     <span class='ocr_line' id='line_1_87' title="bbox 441 5369 2093 5451; baseline 0.005 -25"><span class='ocrx_word' id='word_1_540' title='bbox 441 5369 762 5426; x_wconf 80' lang='lat' dir='ltr'><strong>manditcr.</strong></span> <span class='ocrx_word' id='word_1_541' title='bbox 795 5372 962 5441; x_wconf 84' lang='lat' dir='ltr'><strong>Ipsas</strong></span> <span class='ocrx_word' id='word_1_542' title='bbox 981 5385 1117 5442; x_wconf 85' lang='lat' dir='ltr'><strong>ergo</strong></span> <span class='ocrx_word' id='word_1_543' title='bbox 1135 5371 1404 5427; x_wconf 80' lang='lat' dir='ltr'><strong>maxillas</strong></span> <span class='ocrx_word' id='word_1_544' title='bbox 1431 5390 1533 5446; x_wconf 89' lang='lat' dir='ltr'><strong>per</strong></span> <span class='ocrx_word' id='word_1_545' title='bbox 1555 5375 1800 5449; x_wconf 79' lang='lat' dir='ltr'><strong>figuram</strong></span> <span class='ocrx_word' id='word_1_546' title='bbox 1825 5377 2093 5451; x_wconf 84' lang='lat' dir='ltr'><strong>allegori-</strong></span> 
     </span>
    </p>
   </div>
   <div class='ocr_carea' id='block_1_88' title="bbox 439 5453 2092 5538">
    <p class='ocr_par' dir='ltr' id='par_1_88' title="bbox 439 5453 2092 5538">
     <span class='ocr_line' id='line_1_88' title="bbox 439 5453 2092 5538; baseline 0.005 -24"><span class='ocrx_word' id='word_1_547' title='bbox 439 5467 570 5514; x_wconf 86' lang='lat' dir='ltr'><strong>cam</strong></span> <span class='ocrx_word' id='word_1_548' title='bbox 601 5455 744 5514; x_wconf 84' lang='lat' dir='ltr'><strong>dicit</strong></span> <span class='ocrx_word' id='word_1_549' title='bbox 770 5455 981 5514; x_wconf 90' lang='lat' dir='ltr'><strong>debere</strong></span> <span class='ocrx_word' id='word_1_550' title='bbox 1011 5453 1482 5517; x_wconf 88' lang='lat' dir='ltr'><strong>inobedicnttbus</strong></span> <span class='ocrx_word' id='word_1_551' title='bbox 1521 5463 1866 5538; x_wconf 84' lang='lat' dir='ltr'><strong>constringi,</strong></span> <span class='ocrx_word' id='word_1_552' title='bbox 1897 5465 1954 5519; x_wconf 91' lang='lat' dir='ltr'><strong>id</strong></span> <span class='ocrx_word' id='word_1_553' title='bbox 2001 5470 2092 5522; x_wconf 91' lang='lat' dir='ltr'><strong>est</strong></span> 
     </span>
    </p>
   </div>
   <div class='ocr_carea' id='block_1_89' title="bbox 436 5543 2087 5625">
    <p class='ocr_par' dir='ltr' id='par_1_89' title="bbox 436 5543 2087 5625">
     <span class='ocr_line' id='line_1_89' title="bbox 436 5543 2087 5625; baseline 0.005 -22"><span class='ocrx_word' id='word_1_554' title='bbox 436 5543 656 5604; x_wconf 80' lang='lat' dir='ltr'><strong>victum</strong></span> <span class='ocrx_word' id='word_1_555' title='bbox 687 5546 922 5622; x_wconf 89' lang='lat' dir='ltr'><strong>parcius</strong></span> <span class='ocrx_word' id='word_1_556' title='bbox 953 5543 1081 5604; x_wconf 90' lang='lat' dir='ltr'><strong>dari</strong></span> <span class='ocrx_word' id='word_1_557' title='bbox 1111 5545 1218 5616; x_wconf 90' lang='lat' dir='ltr'><strong>eis,</strong></span> <span class='ocrx_word' id='word_1_558' title='bbox 1248 5551 1330 5619; x_wconf 89' lang='lat' dir='ltr'><strong>ut,</strong></span> <span class='ocrx_word' id='word_1_559' title='bbox 1359 5549 1603 5624; x_wconf 83' lang='lat' dir='ltr'><strong>jejuniis</strong></span> <span class='ocrx_word' id='word_1_560' title='bbox 1626 5553 2087 5625; x_wconf 83' lang='lat' dir='ltr'><strong>macerati,crea-</strong></span> 
     </span>
    </p>
   </div>
   <div class='ocr_carea' id='block_1_90' title="bbox 440 5635 1241 5715">
    <p class='ocr_par' dir='ltr' id='par_1_90' title="bbox 440 5635 1241 5715">
     <span class='ocr_line' id='line_1_90' title="bbox 440 5635 1241 5715; baseline -0.006 -16"><span class='ocrx_word' id='word_1_561' title='bbox 440 5637 583 5699; x_wconf 82' lang='lat' dir='ltr'><strong>toris</strong></span> <span class='ocrx_word' id='word_1_562' title='bbox 615 5635 946 5697; x_wconf 86' lang='lat' dir='ltr'><strong>subdantur</strong></span> <span class='ocrx_word' id='word_1_563' title='bbox 975 5636 1241 5715; x_wconf 88' lang='lat' dir='ltr'><strong>imperio.</strong></span> 
     </span>
    </p>
   </div>
   <div class='ocr_carea' id='block_1_91' title="bbox 2357 3235 2984 3295">
    <p class='ocr_par' dir='ltr' id='par_1_91' title="bbox 2357 3235 2984 3295">
     <span class='ocr_line' id='line_1_91' title="bbox 2357 3235 2984 3295; baseline 0.002 -3"><span class='ocrx_word' id='word_1_564' title='bbox 2357 3235 2470 3292; x_wconf 82' lang='lat' dir='ltr'><strong>T&#39;l‘.</strong></span> <span class='ocrx_word' id='word_1_565' title='bbox 2505 3239 2756 3293; x_wconf 85' lang='lat' dir='ltr'><strong>Psalmus</strong></span> <span class='ocrx_word' id='word_1_566' title='bbox 2784 3238 2984 3295; x_wconf 82' lang='lat' dir='ltr'><strong>David.</strong></span> 
     </span>
    </p>
   </div>
   <div class='ocr_carea' id='block_1_92' title="bbox 2281 3325 3872 3398">
    <p class='ocr_par' dir='ltr' id='par_1_92' title="bbox 2281 3325 3872 3398">
     <span class='ocr_line' id='line_1_92' title="bbox 2281 3325 3872 3398; baseline 0.005 -18"><span class='ocrx_word' id='word_1_567' title='bbox 2281 3328 2323 3380; x_wconf 88' lang='lat' dir='ltr'><strong><em>C</em></strong></span> <span class='ocrx_word' id='word_1_568' title='bbox 2351 3325 2452 3382; x_wconf 90' lang='lat' dir='ltr'><strong>Hic</strong></span> <span class='ocrx_word' id='word_1_569' title='bbox 2483 3325 2693 3382; x_wconf 88' lang='lat' dir='ltr'><strong>titulus</strong></span> <span class='ocrx_word' id='word_1_570' title='bbox 2729 3326 2969 3382; x_wconf 91' lang='lat' dir='ltr'><strong>omnino</strong></span> <span class='ocrx_word' id='word_1_571' title='bbox 2999 3331 3172 3384; x_wconf 89' lang='lat' dir='ltr'><strong>notus</strong></span> <span class='ocrx_word' id='word_1_572' title='bbox 3211 3331 3320 3398; x_wconf 89' lang='lat' dir='ltr'><strong>est,</strong></span> <span class='ocrx_word' id='word_1_573' title='bbox 3353 3332 3411 3385; x_wconf 86' lang='lat' dir='ltr'><strong>et</strong></span> <span class='ocrx_word' id='word_1_574' title='bbox 3439 3329 3568 3386; x_wconf 85' lang='lat' dir='ltr'><strong>ideo</strong></span> <span class='ocrx_word' id='word_1_575' title='bbox 3597 3328 3778 3388; x_wconf 86' lang='lat' dir='ltr'><strong>lector</strong></span> <span class='ocrx_word' id='word_1_576' title='bbox 3807 3330 3872 3388; x_wconf 86' lang='lat' dir='ltr'><strong>in</strong></span> 
     </span>
    </p>
   </div>
   <div class='ocr_carea' id='block_1_93' title="bbox 2212 3415 3328 3488">
    <p class='ocr_par' dir='ltr' id='par_1_93' title="bbox 2212 3415 3328 3488">
     <span class='ocr_line' id='line_1_93' title="bbox 2212 3415 3328 3488; baseline 0.002 -18"><span class='ocrx_word' id='word_1_577' title='bbox 2212 3431 2279 3470; x_wconf 88' lang='lat' dir='ltr'><strong>eo</strong></span> <span class='ocrx_word' id='word_1_578' title='bbox 2309 3420 2592 3486; x_wconf 89' lang='lat' dir='ltr'><strong>sequatur</strong></span> <span class='ocrx_word' id='word_1_579' title='bbox 2610 3415 3030 3488; x_wconf 84' lang='lat' dir='ltr'><strong>expositionem</strong></span> <span class='ocrx_word' id='word_1_580' title='bbox 3053 3415 3328 3488; x_wconf 85' lang='lat' dir='ltr'><strong>priorem.</strong></span> 
     </span>
    </p>
   </div>
   <div class='ocr_carea' id='block_1_94' title="bbox 2247 3503 3194 3577">
    <p class='ocr_par' dir='ltr' id='par_1_94' title="bbox 2247 3503 3194 3577">
     <span class='ocr_line' id='line_1_94' title="bbox 2247 3503 3194 3577; baseline 0.005 -19"><span class='ocrx_word' id='word_1_581' title='bbox 2247 3503 2272 3559; x_wconf 74' lang='grc'><strong>1</strong></span> <span class='ocrx_word' id='word_1_582' title='bbox 2356 3505 2633 3560; x_wconf 72' lang='lat' dir='ltr'><strong>Exsultate</strong></span> <span class='ocrx_word' id='word_1_583' title='bbox 2653 3505 2796 3577; x_wconf 81' lang='lat' dir='ltr'><strong>justi</strong></span> <span class='ocrx_word' id='word_1_584' title='bbox 2825 3507 2885 3560; x_wconf 84' lang='lat' dir='ltr'><strong>in</strong></span> <span class='ocrx_word' id='word_1_585' title='bbox 2917 3506 3142 3562; x_wconf 81' lang='lat' dir='ltr'><strong>Domino</strong></span> <span class='ocrx_word' id='word_1_586' title='bbox 3172 3523 3194 3563; x_wconf 89' lang='lat'><strong><em>:</em></strong></span> 
     </span>
    </p>
   </div>
   <div class='ocr_carea' id='block_1_95' title="bbox 2351 3593 3083 3650">
    <p class='ocr_par' dir='ltr' id='par_1_95' title="bbox 2351 3593 3083 3650">
     <span class='ocr_line' id='line_1_95' title="bbox 2351 3593 3083 3650; baseline 0.003 -2"><span class='ocrx_word' id='word_1_587' title='bbox 2351 3595 2536 3649; x_wconf 84' lang='lat' dir='ltr'><strong>Rectos</strong></span> <span class='ocrx_word' id='word_1_588' title='bbox 2557 3593 2706 3650; x_wconf 86' lang='lat' dir='ltr'><strong>decet</strong></span> <span class='ocrx_word' id='word_1_589' title='bbox 2730 3594 3083 3650; x_wconf 83' lang='lat' dir='ltr'><strong>coltaudatio.</strong></span> 
     </span>
    </p>
   </div>
   <div class='ocr_carea' id='block_1_96' title="bbox 2281 3681 3872 3756">
    <p class='ocr_par' dir='ltr' id='par_1_96' title="bbox 2281 3681 3872 3756">
     <span class='ocr_line' id='line_1_96' title="bbox 2281 3681 3872 3756; baseline 0.004 -21"><span class='ocrx_word' id='word_1_590' title='bbox 2281 3684 2320 3735; x_wconf 90' lang='lat' dir='ltr'><strong>C</strong></span> <span class='ocrx_word' id='word_1_591' title='bbox 2363 3684 2704 3739; x_wconf 89' lang='lat' dir='ltr'><strong>Commonet</strong></span> <span class='ocrx_word' id='word_1_592' title='bbox 2753 3681 3038 3756; x_wconf 87' lang='lat' dir='ltr'><strong>propheta</strong></span> <span class='ocrx_word' id='word_1_593' title='bbox 3083 3682 3464 3754; x_wconf 84' lang='lat' dir='ltr'><strong>Christianos,</strong></span> <span class='ocrx_word' id='word_1_594' title='bbox 3521 3685 3588 3741; x_wconf 84' lang='lat' dir='ltr'><strong>ut</strong></span> <span class='ocrx_word' id='word_1_595' title='bbox 3641 3701 3758 3742; x_wconf 88' lang='lat' dir='ltr'><strong>non</strong></span> <span class='ocrx_word' id='word_1_596' title='bbox 3805 3683 3872 3741; x_wconf 81' lang='lat' dir='ltr'><strong>in</strong></span> 
     </span>
    </p>
   </div>
   <div class='ocr_carea' id='block_1_97' title="bbox 2207 3769 3872 3844">
    <p class='ocr_par' dir='ltr' id='par_1_97' title="bbox 2207 3769 3872 3844">
     <span class='ocr_line' id='line_1_97' title="bbox 2207 3769 3872 3844; baseline 0.005 -20"><span class='ocrx_word' id='word_1_597' title='bbox 2207 3769 2455 3826; x_wconf 87' lang='lat' dir='ltr'><strong>terrenis</strong></span> <span class='ocrx_word' id='word_1_598' title='bbox 2485 3769 2973 3828; x_wconf 88' lang='lat' dir='ltr'><strong>delectationibus</strong></span> <span class='ocrx_word' id='word_1_599' title='bbox 3022 3771 3335 3840; x_wconf 82' lang='lat' dir='ltr'><strong>exsultent,</strong></span> <span class='ocrx_word' id='word_1_600' title='bbox 3359 3773 3462 3830; x_wconf 87' lang='lat' dir='ltr'><strong>sed</strong></span> <span class='ocrx_word' id='word_1_601' title='bbox 3507 3774 3566 3829; x_wconf 90' lang='lat' dir='ltr'><strong>in</strong></span> <span class='ocrx_word' id='word_1_602' title='bbox 3597 3774 3872 3844; x_wconf 78' lang='lat' dir='ltr'><strong>Domino,</strong></span> 
     </span>
    </p>
   </div>
   <div class='ocr_carea' id='block_1_98' title="bbox 2210 3858 3880 3934">
    <p class='ocr_par' dir='ltr' id='par_1_98' title="bbox 2210 3858 3880 3934">
     <span class='ocr_line' id='line_1_98' title="bbox 2210 3858 3880 3934; baseline 0.004 -20"><span class='ocrx_word' id='word_1_603' title='bbox 2210 3858 2310 3914; x_wconf 90' lang='lat' dir='ltr'><strong>ubi</strong></span> <span class='ocrx_word' id='word_1_604' title='bbox 2341 3858 2556 3931; x_wconf 84' lang='lat' dir='ltr'><strong>gaudia</strong></span> <span class='ocrx_word' id='word_1_605' title='bbox 2580 3861 2856 3916; x_wconf 88' lang='lat' dir='ltr'><strong>continua</strong></span> <span class='ocrx_word' id='word_1_606' title='bbox 2888 3862 3172 3918; x_wconf 88' lang='lat' dir='ltr'><strong>suavitate</strong></span> <span class='ocrx_word' id='word_1_607' title='bbox 3202 3862 3454 3934; x_wconf 88' lang='lat' dir='ltr'><strong>perfecta</strong></span> <span class='ocrx_word' id='word_1_608' title='bbox 3483 3868 3640 3918; x_wconf 88' lang='lat' dir='ltr'><strong>sunt.</strong></span> <span class='ocrx_word' id='word_1_609' title='bbox 3659 3863 3880 3920; x_wconf 80' lang='lat' dir='ltr'><strong>Rectus</strong></span> 
     </span>
    </p>
   </div>
   <div class='ocr_carea' id='block_1_99' title="bbox 2209 3947 3874 4024">
    <p class='ocr_par' dir='ltr' id='par_1_99' title="bbox 2209 3947 3874 4024">
     <span class='ocr_line' id='line_1_99' title="bbox 2209 3947 3874 4024; baseline 0.005 -22"><span class='ocrx_word' id='word_1_610' title='bbox 2209 3947 2372 4003; x_wconf 88' lang='lat' dir='ltr'><strong>decet</strong></span> <span class='ocrx_word' id='word_1_611' title='bbox 2401 3947 2772 4023; x_wconf 84' lang='lat' dir='ltr'><strong>collaudatio,</strong></span> <span class='ocrx_word' id='word_1_612' title='bbox 2805 3967 2922 4006; x_wconf 90' lang='lat' dir='ltr'><strong>non</strong></span> <span class='ocrx_word' id='word_1_613' title='bbox 2969 3949 3273 4008; x_wconf 65' lang='lat' dir='ltr'><strong>hereticos</strong></span> <span class='ocrx_word' id='word_1_614' title='bbox 3298 3963 3506 4024; x_wconf 86' lang='lat' dir='ltr'><strong>pravos</strong></span> <span class='ocrx_word' id='word_1_615' title='bbox 3547 3953 3731 4021; x_wconf 89' lang='lat' dir='ltr'><strong>decet,</strong></span> <span class='ocrx_word' id='word_1_616' title='bbox 3765 3953 3874 4010; x_wconf 87' lang='lat' dir='ltr'><strong>sed</strong></span> 
     </span>
    </p>
   </div>
   <div class='ocr_carea' id='block_1_100' title="bbox 2209 4037 3877 4114">
    <p class='ocr_par' dir='ltr' id='par_1_100' title="bbox 2209 4037 3877 4114">
     <span class='ocr_line' id='line_1_100' title="bbox 2209 4037 3877 4114; baseline 0.004 -23"><span class='ocrx_word' id='word_1_617' title='bbox 2209 4041 2418 4094; x_wconf 89' lang='lat' dir='ltr'><strong>rectos.</strong></span> <span class='ocrx_word' id='word_1_618' title='bbox 2445 4038 2485 4093; x_wconf 88' lang='lat' dir='ltr'><strong>H</strong></span> <span class='ocrx_word' id='word_1_619' title='bbox 2517 4037 2622 4102; x_wconf 89' lang='lat' dir='ltr'><strong>Qui</strong></span> <span class='ocrx_word' id='word_1_620' title='bbox 2647 4038 2705 4094; x_wconf 89' lang='lat' dir='ltr'><strong>in</strong></span> <span class='ocrx_word' id='word_1_621' title='bbox 2739 4039 2942 4112; x_wconf 81' lang='lat' dir='ltr'><strong>regula</strong></span> <span class='ocrx_word' id='word_1_622' title='bbox 2957 4039 3220 4096; x_wconf 87' lang='lat' dir='ltr'><strong>veritatis</strong></span> <span class='ocrx_word' id='word_1_623' title='bbox 3249 4057 3358 4096; x_wconf 89' lang='lat' dir='ltr'><strong>sua</strong></span> <span class='ocrx_word' id='word_1_624' title='bbox 3377 4041 3554 4097; x_wconf 88' lang='lat' dir='ltr'><strong>corda</strong></span> <span class='ocrx_word' id='word_1_625' title='bbox 3587 4039 3877 4114; x_wconf 85' lang='lat' dir='ltr'><strong>dirigunt.</strong></span> 
     </span>
    </p>
   </div>
   <div class='ocr_carea' id='block_1_101' title="bbox 2207 4124 3878 4200">
    <p class='ocr_par' dir='ltr' id='par_1_101' title="bbox 2207 4124 3878 4200">
     <span class='ocr_line' id='line_1_101' title="bbox 2207 4124 3878 4200; baseline 0.004 -20"><span class='ocrx_word' id='word_1_626' title='bbox 2207 4129 2249 4180; x_wconf 81' lang='lat' dir='ltr'><strong>C.</strong></span> <span class='ocrx_word' id='word_1_627' title='bbox 2277 4124 2640 4183; x_wconf 90' lang='lat' dir='ltr'><strong>Collaudatio</strong></span> <span class='ocrx_word' id='word_1_628' title='bbox 2671 4143 2803 4184; x_wconf 83' lang='lat' dir='ltr'><strong>vero</strong></span> <span class='ocrx_word' id='word_1_629' title='bbox 2837 4128 3159 4186; x_wconf 88' lang='lat' dir='ltr'><strong>multorum</strong></span> <span class='ocrx_word' id='word_1_630' title='bbox 3200 4146 3298 4187; x_wconf 70' lang='lat' dir='ltr'><strong>ore</strong></span> <span class='ocrx_word' id='word_1_631' title='bbox 3327 4143 3446 4187; x_wconf 85' lang='lat' dir='ltr'><strong>una</strong></span> <span class='ocrx_word' id='word_1_632' title='bbox 3475 4129 3733 4186; x_wconf 80' lang='lat' dir='ltr'><strong>laudatio</strong></span> <span class='ocrx_word' id='word_1_633' title='bbox 3757 4136 3878 4200; x_wconf 83' lang='lat' dir='ltr'><strong>est,</strong></span> 
     </span>
    </p>
   </div>
   <div class='ocr_carea' id='block_1_102' title="bbox 2208 4214 3074 4287">
    <p class='ocr_par' dir='ltr' id='par_1_102' title="bbox 2208 4214 3074 4287">
     <span class='ocr_line' id='line_1_102' title="bbox 2208 4214 3074 4287; baseline 0.003 -17"><span class='ocrx_word' id='word_1_634' title='bbox 2208 4218 2444 4287; x_wconf 87' lang='lat' dir='ltr'><strong>propter</strong></span> <span class='ocrx_word' id='word_1_635' title='bbox 2469 4214 2756 4272; x_wconf 88' lang='lat' dir='ltr'><strong>unitatem</strong></span> <span class='ocrx_word' id='word_1_636' title='bbox 2786 4216 3074 4274; x_wconf 72' lang='lat' dir='ltr'><strong>Ecclesiae.</strong></span> 
     </span>
    </p>
   </div>
   <div class='ocr_carea' id='block_1_103' title="bbox 2243 4305 3360 4376">
    <p class='ocr_par' dir='ltr' id='par_1_103' title="bbox 2243 4305 3360 4376">
     <span class='ocr_line' id='line_1_103' title="bbox 2243 4305 3360 4376; baseline 0.005 -18"><span class='ocrx_word' id='word_1_637' title='bbox 2243 4306 2278 4358; x_wconf 88' lang='lat'>2</span> <span class='ocrx_word' id='word_1_638' title='bbox 2355 4305 2711 4376; x_wconf 81' lang='lat' dir='ltr'><strong>Conﬁtemini</strong></span> <span class='ocrx_word' id='word_1_639' title='bbox 2741 4307 2976 4362; x_wconf 88' lang='lat' dir='ltr'><strong>Domino</strong></span> <span class='ocrx_word' id='word_1_640' title='bbox 3008 4308 3066 4362; x_wconf 80' lang='lat' dir='ltr'><strong>in</strong></span> <span class='ocrx_word' id='word_1_641' title='bbox 3095 4307 3310 4364; x_wconf 78' lang='lat' dir='ltr'><strong>cithara</strong></span> <span class='ocrx_word' id='word_1_642' title='bbox 3340 4325 3360 4364; x_wconf 90' lang='lat'><strong><em>:</em></strong></span> 
     </span>
    </p>
   </div>
   <div class='ocr_carea' id='block_1_104' title="bbox 2349 4393 3656 4469">
    <p class='ocr_par' dir='ltr' id='par_1_104' title="bbox 2349 4393 3656 4469">
     <span class='ocr_line' id='line_1_104' title="bbox 2349 4393 3656 4469; baseline 0.004 -22"><span class='ocrx_word' id='word_1_643' title='bbox 2349 4393 2410 4447; x_wconf 83' lang='lat' dir='ltr'><strong>In</strong></span> <span class='ocrx_word' id='word_1_644' title='bbox 2438 4395 2704 4466; x_wconf 83' lang='lat' dir='ltr'><strong>psalterio</strong></span> <span class='ocrx_word' id='word_1_645' title='bbox 2731 4393 2913 4451; x_wconf 80' lang='lat' dir='ltr'><strong>decem</strong></span> <span class='ocrx_word' id='word_1_646' title='bbox 2942 4396 3270 4452; x_wconf 82' lang='lat' dir='ltr'><strong>chordarum</strong></span> <span class='ocrx_word' id='word_1_647' title='bbox 3295 4396 3518 4469; x_wconf 82' lang='lat' dir='ltr'><strong>psallite</strong></span> <span class='ocrx_word' id='word_1_648' title='bbox 3549 4397 3656 4452; x_wconf 87' lang='lat' dir='ltr'><strong>illi.</strong></span> 
     </span>
    </p>
   </div>
   <div class='ocr_carea' id='block_1_105' title="bbox 2279 4482 3874 4558">
    <p class='ocr_par' dir='ltr' id='par_1_105' title="bbox 2279 4482 3874 4558">
     <span class='ocr_line' id='line_1_105' title="bbox 2279 4482 3874 4558; baseline 0.004 -22"><span class='ocrx_word' id='word_1_649' title='bbox 2279 4485 2319 4536; x_wconf 87' lang='lat' dir='ltr'><strong>C</strong></span> <span class='ocrx_word' id='word_1_650' title='bbox 2346 4482 2578 4540; x_wconf 84' lang='lat' dir='ltr'><strong>Cithara</strong></span> <span class='ocrx_word' id='word_1_651' title='bbox 2607 4482 2785 4552; x_wconf 86' lang='lat' dir='ltr'><strong>dicta,</strong></span> <span class='ocrx_word' id='word_1_652' title='bbox 2829 4502 2958 4556; x_wconf 75' lang='lat' dir='ltr'><strong>quae</strong></span> <span class='ocrx_word' id='word_1_653' title='bbox 3004 4484 3122 4542; x_wconf 86' lang='lat' dir='ltr'><strong>cita</strong></span> <span class='ocrx_word' id='word_1_654' title='bbox 3165 4485 3472 4542; x_wconf 84' lang='lat' dir='ltr'><strong>iteratione</strong></span> <span class='ocrx_word' id='word_1_655' title='bbox 3519 4485 3874 4558; x_wconf 88' lang='lat' dir='ltr'><strong>percutitur.</strong></span> 
     </span>
    </p>
   </div>
   <div class='ocr_carea' id='block_1_106' title="bbox 2130 4569 3876 4659">
    <p class='ocr_par' dir='ltr' id='par_1_106' title="bbox 2130 4569 3876 4659">
     <span class='ocr_line' id='line_1_106' title="bbox 2130 4569 3876 4659; baseline 0.003 -33"><span class='ocrx_word' id='word_1_656' title='bbox 2130 4594 2178 4659; x_wconf 68' lang='grc' dir='ltr'><strong>Β</strong></span> <span class='ocrx_word' id='word_1_657' title='bbox 2210 4569 2254 4626; x_wconf 83' lang='grc' dir='ltr'><em>Η</em></span> <span class='ocrx_word' id='word_1_658' title='bbox 2289 4571 2520 4628; x_wconf 86' lang='lat' dir='ltr'><strong>Habens</strong></span> <span class='ocrx_word' id='word_1_659' title='bbox 2551 4571 2828 4628; x_wconf 89' lang='lat' dir='ltr'><strong>deorsum</strong></span> <span class='ocrx_word' id='word_1_660' title='bbox 2858 4589 3140 4642; x_wconf 85' lang='lat' dir='ltr'><strong>cavamen,</strong></span> <span class='ocrx_word' id='word_1_661' title='bbox 3165 4575 3437 4648; x_wconf 85' lang='lat' dir='ltr'><strong>superius</strong></span> <span class='ocrx_word' id='word_1_662' title='bbox 3465 4587 3568 4631; x_wconf 78' lang='lat' dir='ltr'><strong>sex</strong></span> <span class='ocrx_word' id='word_1_663' title='bbox 3595 4574 3876 4645; x_wconf 76' lang='lat' dir='ltr'><strong>chordas,</strong></span> 
     </span>
    </p>
   </div>
   <div class='ocr_carea' id='block_1_107' title="bbox 2209 4661 3876 4734">
    <p class='ocr_par' dir='ltr' id='par_1_107' title="bbox 2209 4661 3876 4734">
     <span class='ocr_line' id='line_1_107' title="bbox 2209 4661 3876 4734; baseline 0.002 -18"><span class='ocrx_word' id='word_1_664' title='bbox 2209 4664 2268 4716; x_wconf 88' lang='lat' dir='ltr'><strong>et</strong></span> <span class='ocrx_word' id='word_1_665' title='bbox 2293 4661 2583 4734; x_wconf 79' lang='lat' dir='ltr'><strong>significat</strong></span> <span class='ocrx_word' id='word_1_666' title='bbox 2609 4676 2710 4716; x_wconf 85' lang='lat' dir='ltr'><strong>sex</strong></span> <span class='ocrx_word' id='word_1_667' title='bbox 2738 4677 2915 4734; x_wconf 89' lang='lat' dir='ltr'><strong>opera</strong></span> <span class='ocrx_word' id='word_1_668' title='bbox 2933 4663 3446 4721; x_wconf 53' lang='lat' dir='ltr'><strong>misericordiam</strong></span> <span class='ocrx_word' id='word_1_669' title='bbox 3463 4665 3535 4720; x_wconf 87' lang='lat' dir='ltr'><strong>de</strong></span> <span class='ocrx_word' id='word_1_670' title='bbox 3552 4662 3672 4721; x_wconf 87' lang='lat' dir='ltr'><strong>illis</strong></span> <span class='ocrx_word' id='word_1_671' title='bbox 3701 4663 3876 4721; x_wconf 83' lang='lat' dir='ltr'><strong>chor-</strong></span> 
     </span>
    </p>
   </div>
   <div class='ocr_carea' id='block_1_108' title="bbox 2213 4747 3878 4820">
    <p class='ocr_par' dir='ltr' id='par_1_108' title="bbox 2213 4747 3878 4820">
     <span class='ocr_line' id='line_1_108' title="bbox 2213 4747 3878 4820; baseline 0.004 -15"><span class='ocrx_word' id='word_1_672' title='bbox 2213 4747 2306 4806; x_wconf 90' lang='lat' dir='ltr'><strong>dis</strong></span> <span class='ocrx_word' id='word_1_673' title='bbox 2336 4749 2460 4806; x_wconf 86' lang='lat' dir='ltr'><strong>aliae</strong></span> <span class='ocrx_word' id='word_1_674' title='bbox 2483 4751 2630 4807; x_wconf 91' lang='lat' dir='ltr'><strong>bene</strong></span> <span class='ocrx_word' id='word_1_675' title='bbox 2658 4751 3052 4820; x_wconf 69' lang='lat' dir='ltr'><strong>cantant,aliaa</strong></span> <span class='ocrx_word' id='word_1_676' title='bbox 3075 4753 3572 4810; x_wconf 88' lang='lat' dir='ltr'><strong>murmurant.Sic</strong></span> <span class='ocrx_word' id='word_1_677' title='bbox 3601 4757 3659 4810; x_wconf 88' lang='lat' dir='ltr'><strong>et</strong></span> <span class='ocrx_word' id='word_1_678' title='bbox 3680 4753 3878 4811; x_wconf 77' lang='lat' dir='ltr'><strong>sancti</strong></span> 
     </span>
    </p>
   </div>
   <div class='ocr_carea' id='block_1_109' title="bbox 2212 4838 3880 4900">
    <p class='ocr_par' dir='ltr' id='par_1_109' title="bbox 2212 4838 3880 4900">
     <span class='ocr_line' id='line_1_109' title="bbox 2212 4838 3880 4900; baseline 0.004 -6"><span class='ocrx_word' id='word_1_679' title='bbox 2212 4838 2310 4894; x_wconf 90' lang='lat' dir='ltr'><strong>alii</strong></span> <span class='ocrx_word' id='word_1_680' title='bbox 2342 4839 2426 4895; x_wconf 87' lang='lat' dir='ltr'><strong>sic</strong></span> <span class='ocrx_word' id='word_1_681' title='bbox 2453 4839 2550 4896; x_wconf 87' lang='lat' dir='ltr'><strong>alii</strong></span> <span class='ocrx_word' id='word_1_682' title='bbox 2579 4856 2714 4896; x_wconf 91' lang='lat' dir='ltr'><strong>vero</strong></span> <span class='ocrx_word' id='word_1_683' title='bbox 2765 4839 2867 4896; x_wconf 90' lang='lat' dir='ltr'><strong>sic.</strong></span> <span class='ocrx_word' id='word_1_684' title='bbox 2903 4840 3252 4899; x_wconf 89' lang='lat' dir='ltr'><strong>Psalterium</strong></span> <span class='ocrx_word' id='word_1_685' title='bbox 3301 4841 3374 4900; x_wconf 86' lang='lat' dir='ltr'><strong>de</strong></span> <span class='ocrx_word' id='word_1_686' title='bbox 3423 4853 3662 4900; x_wconf 85' lang='lat' dir='ltr'><strong>sursum</strong></span> <span class='ocrx_word' id='word_1_687' title='bbox 3693 4842 3880 4900; x_wconf 81' lang='lat' dir='ltr'><strong>habet</strong></span> 
     </span>
    </p>
   </div>
   <div class='ocr_carea' id='block_1_110' title="bbox 2207 4928 3876 5005">
    <p class='ocr_par' dir='ltr' id='par_1_110' title="bbox 2207 4928 3876 5005">
     <span class='ocr_line' id='line_1_110' title="bbox 2207 4928 3876 5005; baseline 0.002 -21"><span class='ocrx_word' id='word_1_688' title='bbox 2207 4945 2467 4985; x_wconf 69' lang='lat' dir='ltr'><strong>conamen.</strong></span> <span class='ocrx_word' id='word_1_689' title='bbox 2494 4933 2552 4984; x_wconf 91' lang='lat' dir='ltr'><strong>et</strong></span> <span class='ocrx_word' id='word_1_690' title='bbox 2575 4928 2773 4985; x_wconf 89' lang='lat' dir='ltr'><strong>decem</strong></span> <span class='ocrx_word' id='word_1_691' title='bbox 2799 4928 3070 4997; x_wconf 87' lang='lat' dir='ltr'><strong>chordas,</strong></span> <span class='ocrx_word' id='word_1_692' title='bbox 3097 4934 3155 4986; x_wconf 87' lang='lat' dir='ltr'><strong>et</strong></span> <span class='ocrx_word' id='word_1_693' title='bbox 3187 4931 3385 5005; x_wconf 77' lang='lat' dir='ltr'><strong>signat</strong></span> <span class='ocrx_word' id='word_1_694' title='bbox 3426 4931 3628 4988; x_wconf 87' lang='lat' dir='ltr'><strong>decem</strong></span> <span class='ocrx_word' id='word_1_695' title='bbox 3653 4938 3876 5004; x_wconf 71' lang='lat' dir='ltr'><strong>proce-</strong></span> 
     </span>
    </p>
   </div>
   <div class='ocr_carea' id='block_1_111' title="bbox 2207 5016 3664 5091">
    <p class='ocr_par' dir='ltr' id='par_1_111' title="bbox 2207 5016 3664 5091">
     <span class='ocr_line' id='line_1_111' title="bbox 2207 5016 3664 5091; baseline 0.001 -17"><span class='ocrx_word' id='word_1_696' title='bbox 2207 5022 2307 5091; x_wconf 87' lang='lat' dir='ltr'><strong>pta</strong></span> <span class='ocrx_word' id='word_1_697' title='bbox 2335 5016 2638 5091; x_wconf 49' lang='lat' dir='ltr'><strong>legisque;</strong></span> <span class='ocrx_word' id='word_1_698' title='bbox 2655 5018 2726 5074; x_wconf 92' lang='lat' dir='ltr'><strong>de</strong></span> <span class='ocrx_word' id='word_1_699' title='bbox 2758 5019 3030 5091; x_wconf 90' lang='lat' dir='ltr'><strong>supernis</strong></span> <span class='ocrx_word' id='word_1_700' title='bbox 3052 5019 3296 5077; x_wconf 85' lang='lat' dir='ltr'><strong>veniunt</strong></span> <span class='ocrx_word' id='word_1_701' title='bbox 3319 5021 3378 5077; x_wconf 90' lang='lat' dir='ltr'><strong>in</strong></span> <span class='ocrx_word' id='word_1_702' title='bbox 3410 5023 3664 5078; x_wconf 85' lang='lat' dir='ltr'><strong>sanctos.</strong></span> 
     </span>
    </p>
   </div>
   <div class='ocr_carea' id='block_1_112' title="bbox 2239 5106 3238 5166">
    <p class='ocr_par' dir='ltr' id='par_1_112' title="bbox 2239 5106 3238 5166">
     <span class='ocr_line' id='line_1_112' title="bbox 2239 5106 3238 5166; baseline 0 -2"><span class='ocrx_word' id='word_1_703' title='bbox 2239 5111 2274 5164; x_wconf 86' lang='lat'><strong>3</strong></span> <span class='ocrx_word' id='word_1_704' title='bbox 2349 5106 2576 5164; x_wconf 60' lang='lat' dir='ltr'><strong>Caritate</strong></span> <span class='ocrx_word' id='word_1_705' title='bbox 2604 5109 2660 5164; x_wconf 86' lang='lat' dir='ltr'><strong>ei</strong></span> <span class='ocrx_word' id='word_1_706' title='bbox 2685 5108 2960 5164; x_wconf 84' lang='lat' dir='ltr'><strong>canticum</strong></span> <span class='ocrx_word' id='word_1_707' title='bbox 2989 5125 3192 5166; x_wconf 86' lang='lat' dir='ltr'><strong>novum</strong></span> <span class='ocrx_word' id='word_1_708' title='bbox 3219 5127 3238 5164; x_wconf 92' lang='lat'><strong><em>:</em></strong></span> 
     </span>
    </p>
   </div>
   <div class='ocr_carea' id='block_1_113' title="bbox 2350 5197 3335 5269">
    <p class='ocr_par' dir='ltr' id='par_1_113' title="bbox 2350 5197 3335 5269">
     <span class='ocr_line' id='line_1_113' title="bbox 2350 5197 3335 5269; baseline 0.006 -19"><span class='ocrx_word' id='word_1_709' title='bbox 2350 5197 2495 5253; x_wconf 88' lang='lat' dir='ltr'><strong>Bene</strong></span> <span class='ocrx_word' id='word_1_710' title='bbox 2515 5197 2739 5269; x_wconf 85' lang='lat' dir='ltr'><strong>psallite</strong></span> <span class='ocrx_word' id='word_1_711' title='bbox 2765 5197 2822 5252; x_wconf 88' lang='lat' dir='ltr'><strong>ei</strong></span> <span class='ocrx_word' id='word_1_712' title='bbox 2848 5198 2908 5252; x_wconf 86' lang='lat' dir='ltr'><strong>in</strong></span> <span class='ocrx_word' id='word_1_713' title='bbox 2927 5199 3335 5269; x_wconf 80' lang='lat' dir='ltr'><strong>vociferatione.</strong></span> 
     </span>
    </p>
   </div>
   <div class='ocr_carea' id='block_1_114' title="bbox 2277 5284 3871 5356">
    <p class='ocr_par' dir='ltr' id='par_1_114' title="bbox 2277 5284 3871 5356">
     <span class='ocr_line' id='line_1_114' title="bbox 2277 5284 3871 5356; baseline 0.001 -15"><span class='ocrx_word' id='word_1_714' title='bbox 2277 5285 2318 5342; x_wconf 88' lang='lat' dir='ltr'>C</span> <span class='ocrx_word' id='word_1_715' title='bbox 2345 5285 2569 5341; x_wconf 88' lang='lat' dir='ltr'><strong>Novum</strong></span> <span class='ocrx_word' id='word_1_716' title='bbox 2611 5284 2902 5341; x_wconf 87' lang='lat' dir='ltr'><strong>canticum</strong></span> <span class='ocrx_word' id='word_1_717' title='bbox 2921 5285 3066 5342; x_wconf 88' lang='lat' dir='ltr'><strong>dicit</strong></span> <span class='ocrx_word' id='word_1_718' title='bbox 3097 5286 3561 5342; x_wconf 76' lang='lat' dir='ltr'><strong>lncarnationem</strong></span> <span class='ocrx_word' id='word_1_719' title='bbox 3607 5285 3871 5356; x_wconf 77' lang='lat' dir='ltr'><strong>Domini,</strong></span> 
     </span>
    </p>
   </div>
   <div class='ocr_carea' id='block_1_115' title="bbox 2205 5371 3877 5447">
    <p class='ocr_par' dir='ltr' id='par_1_115' title="bbox 2205 5371 3877 5447">
     <span class='ocr_line' id='line_1_115' title="bbox 2205 5371 3877 5447; baseline 0.001 -19"><span class='ocrx_word' id='word_1_720' title='bbox 2205 5390 2322 5446; x_wconf 89' lang='lat' dir='ltr'><strong>qua</strong></span> <span class='ocrx_word' id='word_1_721' title='bbox 2333 5372 2525 5447; x_wconf 82' lang='lat' dir='ltr'><strong>angeli</strong></span> <span class='ocrx_word' id='word_1_722' title='bbox 2538 5373 2770 5429; x_wconf 90' lang='lat' dir='ltr'><strong>Domini</strong></span> <span class='ocrx_word' id='word_1_723' title='bbox 2787 5374 3103 5431; x_wconf 86' lang='lat' dir='ltr'><strong>cantabant</strong></span> <span class='ocrx_word' id='word_1_724' title='bbox 3117 5373 3376 5431; x_wconf 77' lang='lat' dir='ltr'><strong>dicentes</strong></span> <span class='ocrx_word' id='word_1_725' title='bbox 3393 5391 3406 5429; x_wconf 89' lang='lat'>:</span> <span class='ocrx_word' id='word_1_726' title='bbox 3419 5372 3619 5430; x_wconf 81' lang='lat' dir='ltr'><strong>Gloria</strong></span> <span class='ocrx_word' id='word_1_727' title='bbox 3633 5372 3691 5430; x_wconf 89' lang='lat' dir='ltr'><strong>in</strong></span> <span class='ocrx_word' id='word_1_728' title='bbox 3705 5371 3877 5431; x_wconf 74' lang='lat' dir='ltr'><strong>altis-</strong></span> 
     </span>
    </p>
   </div>
   <div class='ocr_carea' id='block_1_116' title="bbox 2201 5460 3873 5538">
    <p class='ocr_par' dir='ltr' id='par_1_116' title="bbox 2201 5460 3873 5538">
     <span class='ocr_line' id='line_1_116' title="bbox 2201 5460 3873 5538; baseline 0.001 -20"><span class='ocrx_word' id='word_1_729' title='bbox 2201 5460 2370 5518; x_wconf 90' lang='lat' dir='ltr'><strong>simis</strong></span> <span class='ocrx_word' id='word_1_730' title='bbox 2381 5465 2533 5534; x_wconf 85' lang='lat' dir='ltr'><strong>(Luc.</strong></span> <span class='ocrx_word' id='word_1_731' title='bbox 2549 5462 2631 5534; x_wconf 81' lang='grc' dir='ltr'><strong>ιι).</strong></span> <span class='ocrx_word' id='word_1_732' title='bbox 2643 5461 2688 5518; x_wconf 87' lang='grc' dir='ltr'><em>Η</em></span> <span class='ocrx_word' id='word_1_733' title='bbox 2705 5461 2805 5519; x_wconf 85' lang='lat' dir='ltr'><strong>ille</strong></span> <span class='ocrx_word' id='word_1_734' title='bbox 2818 5462 2965 5521; x_wconf 85' lang='lat' dir='ltr'><strong>bene</strong></span> <span class='ocrx_word' id='word_1_735' title='bbox 2977 5461 3691 5538; x_wconf 84' lang='lat' dir='ltr'><strong>psallitquiimpletopere</strong></span> <span class='ocrx_word' id='word_1_736' title='bbox 3705 5463 3873 5534; x_wconf 76' lang='lat' dir='ltr'><strong>quod</strong></span> 
     </span>
    </p>
   </div>
   <div class='ocr_carea' id='block_1_117' title="bbox 2199 5551 3876 5626">
    <p class='ocr_par' dir='ltr' id='par_1_117' title="bbox 2199 5551 3876 5626">
     <span class='ocr_line' id='line_1_117' title="bbox 2199 5551 3876 5626; baseline 0.001 -18"><span class='ocrx_word' id='word_1_737' title='bbox 2199 5552 2387 5608; x_wconf 86' lang='lat' dir='ltr'><strong>docet.</strong></span> <span class='ocrx_word' id='word_1_738' title='bbox 2441 5551 3115 5624; x_wconf 88' lang='lat' dir='ltr'><strong>Vociferatio:jubilatio</strong></span> <span class='ocrx_word' id='word_1_739' title='bbox 3155 5557 3269 5620; x_wconf 86' lang='lat' dir='ltr'><strong>est,</strong></span> <span class='ocrx_word' id='word_1_740' title='bbox 3321 5551 3464 5626; x_wconf 89' lang='lat' dir='ltr'><strong>quia</strong></span> <span class='ocrx_word' id='word_1_741' title='bbox 3519 5567 3626 5608; x_wconf 91' lang='lat' dir='ltr'><strong>nec</strong></span> <span class='ocrx_word' id='word_1_742' title='bbox 3670 5551 3876 5609; x_wconf 70' lang='lat' dir='ltr'><strong>verbio</strong></span> 
     </span>
    </p>
   </div>
   <div class='ocr_carea' id='block_1_118' title="bbox 2197 5639 3876 5718">
    <p class='ocr_par' dir='ltr' id='par_1_118' title="bbox 2197 5639 3876 5718">
     <span class='ocr_line' id='line_1_118' title="bbox 2197 5639 3876 5718; baseline 0.001 -20"><span class='ocrx_word' id='word_1_743' title='bbox 2197 5659 2299 5699; x_wconf 86' lang='lat' dir='ltr'><strong>nec</strong></span> <span class='ocrx_word' id='word_1_744' title='bbox 2329 5639 2568 5718; x_wconf 61' lang='lat' dir='ltr'><strong>syllabis</strong></span> <span class='ocrx_word' id='word_1_745' title='bbox 2596 5659 2698 5700; x_wconf 89' lang='lat' dir='ltr'><strong>nec</strong></span> <span class='ocrx_word' id='word_1_746' title='bbox 2728 5641 2939 5702; x_wconf 85' lang='lat' dir='ltr'><strong>litteris</strong></span> <span class='ocrx_word' id='word_1_747' title='bbox 2967 5660 3070 5702; x_wconf 87' lang='lat' dir='ltr'><strong>nec</strong></span> <span class='ocrx_word' id='word_1_748' title='bbox 3103 5642 3162 5702; x_wconf 90' lang='lat' dir='ltr'><strong>in</strong></span> <span class='ocrx_word' id='word_1_749' title='bbox 3185 5657 3385 5702; x_wconf 83' lang='lat' dir='ltr'><strong>vocem</strong></span> <span class='ocrx_word' id='word_1_750' title='bbox 3437 5644 3631 5718; x_wconf 80' lang='lat' dir='ltr'><strong>potest</strong></span> <span class='ocrx_word' id='word_1_751' title='bbox 3672 5656 3876 5700; x_wconf 79' lang='lat' dir='ltr'><strong>erum-</strong></span> 
     </span>
    </p>
   </div>
  </div>
