4086 6180
210 301 303 363 141

1408 302 1828 363 EXPOSITIO
1872 300 2385 364 PSALMORUM.

3486 306 3603 365 142

206 449 325 509 pere
370 438 473 489 aut
530 450 697 490 mens
744 433 1235 506 comprehendere
1280 439 1492 506 potest,
1551 438 1838 507 quantum
1868 436 1925 502 Α
1955 433 2106 489 sicut
2134 437 2191 490 et
2222 435 2373 491 fecit.
2397 434 2439 490 Ο
2467 433 2571 491 Vel
2605 435 2929 492 Consilium
2959 438 3153 493 autem
3181 435 3413 493 Domini
3442 435 3613 492 intel-

208 525 369 580 homo
400 523 573 579 debet
604 523 844 579 laudare
873 522 1080 592 Deum,
1112 524 1267 595 quod
1298 528 1388 580 est
1408 523 1657 596 jubilus.

236 614 267 668 4
338 614 481 682 Quia
506 618 714 669 rectum
743 621 821 669 est
848 614 1070 668 verbum
1097 614 1318 669 Domini
1352 631 1365 669 :

337 705 405 757 Et
430 702 620 757 munia
649 717 814 772 opera
840 700 957 772 ejus
990 703 1049 756 in
1078 700 1204 772 ﬁde.
1318 696 1326 703 ’

265 790 304 846 C
334 789 552 845 Rectus
583 794 672 845 est
699 789 897 862 itaque
927 806 1119 846 sermo
1139 788 1394 856 Domini,
1416 790 1488 845 ad
1510 790 1851 862 dirigendos

206 878 416 937 scilicet
446 879 740 945 homines,
761 877 1043 935 veraciter
1065 879 1222 934 enim
1254 884 1448 935 rectus
1477 879 1710 945 dicitur,
1747 879 1849 952 qui

200 974 381 1024 rectos
414 968 574 1024 facit.
599 972 647 1023 II
684 968 871 1041 Opera
910 968 1038 1039 ejus
1069 967 1128 1023 in
1160 968 1274 1022 fide
1318 972 1679 1037 sanctorum,
1711 969 1851 1041 quia

205 1058 347 1130 quod
382 1054 677 1129 promittit
705 1056 860 1113 Deus
892 1056 1111 1113 sanctis
1146 1074 1159 1112 :
1194 1074 1310 1112 non
1342 1057 1639 1113 mentitur.

231 1149 266 1202 5
335 1148 548 1215 Diligit
569 1145 1001 1202 misericordiam
1029 1155 1080 1201 et
1096 1147 1376 1218 judicium
1406 1163 1419 1202 :

333 1234 709 1291 illisericordia
736 1237 955 1291 Domini
978 1236 1144 1308 plena
1171 1244 1246 1292 est
1270 1244 1438 1292 terra.

267 1328 307 1381 C
337 1324 544 1397 Diligit
576 1323 1040 1380 misericordiam
1080 1324 1138 1380 in
1170 1323 1279 1380 hoc
1312 1325 1556 1392 mundo,
1591 1324 1689 1379 ubi
1718 1340 1847 1380 eam

202 1416 365 1488 longe
419 1413 654 1486 lateque
707 1413 1074 1469 disseminat.
1105 1412 1387 1470 Videlicet
1444 1413 1542 1469 ubi
1598 1414 1853 1470 sustinet

202 1508 550 1577 peccatores,
603 1502 702 1558 ubi
760 1500 1138 1575 blaspbcmos
1198 1502 1482 1575 patienter
1534 1507 1846 1576 exspectat.

202 1593 494 1649 Judicium
532 1609 545 1647 :
580 1608 712 1646 cum
746 1590 871 1663 pios
903 1596 1235 1663 sequestrat
1274 1590 1345 1647 ab
1380 1590 1597 1664 impiis.
1632 1592 1701 1646 Et
1730 1607 1850 1646 me-

204 1683 303 1738 rita
331 1698 543 1737 eorum
574 1679 923 1753 aequalitatis
949 1678 1115 1735 lance
1142 1680 1443 1736 discernit.
1468 1682 1513 1735 ΙΙ
1560 1680 1736 1735 Plena
1764 1683 1853 1736 est

201 1778 346 1828 terra
378 1788 394 1826 :
431 1775 592 1827 totus
642 1769 920 1835 mundus,
944 1768 1032 1824 vel
1080 1769 1354 1837 Ecclesia,
1386 1770 1526 1842 quia
1572 1769 1726 1825 sicut
1755 1768 1851 1824 ille

205 1861 415 1933 ubique
444 1862 554 1925 est,
585 1858 668 1914 ita
696 1844 1100 1913 misericordia
1128 1874 1261 1912 cum
1296 1856 1392 1914 illo
1424 1862 1513 1913 est
1542 1858 1779 1929 ubique.

230 1952 262 2004 6
338 1948 517 2006 Verbo
544 1948 765 2004 Domini
791 1947 913 2002 caeli
938 1949 1153 2018 ﬁrmati
1179 1951 1309 2002 sunt
1342 1963 1356 2002 :

334 2040 403 2094 Et
435 2038 656 2110 Spiritu
686 2037 797 2092 oris
819 2036 937 2109 ejus
967 2037 1144 2091 omnis
1172 2038 1347 2092 virtus
1375 2052 1580 2092 eorum.

264 2128 310 2183 H
340 2128 385 2183 Ο
413 2126 605 2182 Verbo
650 2124 899 2193 Domini,
932 2124 1041 2181 hoc
1085 2128 1174 2181 est
1201 2143 1235 2181 a
1270 2125 1406 2181 Filio
1446 2126 1569 2193 Dei,
1596 2125 1725 2182 cmli
1756 2126 1852 2181 ﬁr-

209 2217 340 2273 mati
397 2220 560 2284 sunt,
592 2210 661 2270 id.
700 2218 790 2271 est
841 2213 1109 2289 apostoli.
1133 2214 1175 2270 C
1204 2214 1420 2288 Spiritu
1481 2214 1619 2282 oris,
1654 2216 1854 2287 utique

204 2305 436 2380 quando
456 2304 714 2378 Spiritus
752 2308 993 2359 sanctus
1020 2321 1223 2359 eorum
1247 2304 1573 2362 doctrinam
1596 2303 1853 2360 declara-

201 2394 275 2450 vit
301 2392 498 2468 signis
529 2398 583 2449 et
616 2392 1153 2449 miraculis.Virtus
1178 2393 1359 2461 enim,
1384 2398 1442 2450 et
1470 2394 1540 2449 ad
1575 2392 1857 2449 miracula

208 2484 477 2556 pertinet,
511 2486 569 2538 et
599 2481 670 2538 ad
702 2481 1173 2554 praedicationem
1204 2498 1427 2538 eorum.

231 2574 262 2626 7
337 2573 691 2642 Coum-egens
719 2572 859 2627 sicut
888 2571 949 2625 in
978 2579 1157 2626 utrem
1187 2588 1359 2643 aquas
1386 2573 1559 2628 maris
1591 2589 1603 2627 :

333 2667 560 2719 Ponens
588 2661 652 2717 in
679 2658 952 2717 thesauris
983 2659 1222 2732 abyssos.

264 2749 307 2806 C
337 2749 485 2806 Uter
513 2754 602 2805 est
632 2752 873 2805 exutum
922 2748 1149 2822 pecoris
1201 2753 1430 2822 tergus;
1464 2751 1615 2822 quod
1650 2749 1858 2805 usibus

201 2837 484 2895 humanis
506 2838 758 2895 deservit
775 2838 849 2894 ad
871 2836 1128 2912 liquores
1145 2836 1374 2911 aliquos
1396 2839 1856 2912 congregandos,

201 2931 251 2982 et
268 2926 367 2983 hic
394 2931 527 2982 uter
550 2925 822 2982 Ecclesiae
843 2931 1179 3003 comparatu
1190 2924 1381 2999 r,quia
1402 2927 1555 2983 sicut
1574 2928 1686 2983 iste
1706 2944 1860 2983 com-

201 3013 477 3087 plectitur
494 3014 774 3088 liquores,
789 3014 871 3071 ita
887 3019 944 3072 et
958 3015 1120 3072 illam
1137 3016 1551 3072 adunationem
1569 3016 1860 3072 credentis

206 3104 409 3177 pepuli
438 3103 707 3161 includit.
740 3104 907 3177 Aqua
936 3104 1115 3161 maris
1146 3103 1428 3177 pupulum
1460 3105 1859 3161 Christianum

203 3192 517 3266 signiﬁcat.
541 3192 588 3248 Η
611 3192 653 3248 C
670 3192 835 3248 Ponit
856 3193 915 3248 in
939 3192 1251 3264 thesauris,
1270 3192 1328 3248 id
1350 3196 1439 3250 est
1458 3193 1517 3249 in
1541 3194 1858 3267 Scripturis

205 3279 445 3338 divinis.
476 3280 756 3355 Abyssos,
789 3281 847 3337 id
880 3285 970 3337 est
1000 3281 1452 3353 profunditatem
1485 3300 1786 3340 sensuum.

235 3372 266 3424 8
340 3370 560 3427 Timent
586 3372 879 3426 Dominum
908 3372 1084 3426 omnis
1115 3378 1262 3427 terra
1294 3389 1308 3425 :

333 3460 424 3515 Ab
452 3475 517 3515 eo
545 3467 729 3515 autem
777 3467 1220 3515 commoveantur
1265 3476 1449 3516 omnes
1494 3461 1863 3519 inhabitantes

418 3549 624 3603 orbem.

268 3636 309 3691 C
337 3636 448 3693 Hic
481 3642 640 3693 terra
669 3637 885 3693 durum
919 3637 1211 3711 significat
1242 3656 1344 3711 per
1371 3639 1568 3695 omnia
1601 3643 1862 3712 peccato-

204 3738 340 3793 rem,
365 3725 475 3799 qui
512 3725 721 3782 merito
752 3731 907 3781 terra
948 3726 1181 3796 dicitur,
1206 3729 1345 3800 quia
1374 3733 1605 3784 tantum
1636 3734 1866 3787 terrena

204 3812 410 3887 diligit.
440 3814 493 3870 Η
528 3814 1019 3871 Commoveantur
1049 3833 1275 3884 omnes,
1298 3817 1356 3871 id
1389 3822 1477 3873 est
1505 3818 1575 3873 de
1613 3816 1865 3873 infideli-

205 3907 316 3959 tate
341 3904 419 3960 ad
448 3903 882 3961 credulitatem.
910 3905 980 3961 Et
1004 3903 1189 3972 aliter,
1214 3905 1273 3961 in
1297 3906 1682 3963 admiratione
1705 3907 1867 3964 Crea-

205 3992 341 4048 toris
374 3996 661 4049 creatura:
688 3991 882 4065 ipsius
912 3996 1212 4049 commota:
1244 3999 1401 4050 sunt.

235 4080 270 4132 9
346 4082 629 4150 Quoniam
657 4083 773 4153 ipse
800 4082 947 4139 dixit
973 4087 1025 4138 et
1053 4083 1200 4153 facta
1228 4091 1355 4139 sunt
1381 4100 1394 4139 :

344 4173 471 4243 Ipse
502 4171 789 4227 mandavit
816 4175 868 4227 et
891 4179 1075 4228 creata
1100 4180 1226 4228 sunt
1259 4189 1271 4227 :

270 4258 318 4314 Η
353 4259 651 4324 Quoniam
711 4260 837 4333 ipse
894 4261 1058 4329 dixit,
1094 4261 1228 4317 Ideo
1282 4262 1476 4334 ipsum
1535 4268 1743 4321 cuncta
1798 4265 1871 4320 ti-

207 4353 431 4416 meant,
468 4348 612 4420 quia
638 4350 712 4406 ab
742 4350 870 4422 ipso
901 4349 1053 4406 facta
1085 4354 1222 4405 sunt
1249 4357 1463 4408 creata.

210 4437 271 4491 10
345 4439 619 4495 Dominus
647 4439 883 4512 dissipat
908 4441 1141 4496 consilia
1170 4442 1417 4509 gentium
1449 4460 1461 4497 :
1489 4445 1742 4515 reprobat
1771 4462 1871 4500 au-

422 4533 539 4583 tem
567 4529 922 4596 cogitationes
945 4529 1276 4600 populorum
1307 4544 1320 4583 :

346 4623 408 4683 -ξκ
446 4617 518 4672 Et
557 4622 572 4681 ζ
616 4618 870 4690 reprobat
899 4618 1129 4673 consilia
1156 4620 1499 4691 principum.

274 4702 319 4757 Ω
347 4703 645 4762 Dominus
685 4705 993 4779 dissipavit
1035 4706 1281 4763 consilia
1323 4709 1610 4781 gentium,
1644 4712 1878 4783 quando

208 4807 309 4847 eas
338 4794 406 4848 in
438 4793 733 4852 idolorum
757 4795 986 4851 cultura
1015 4813 1132 4853 non
1153 4797 1379 4853 dimisit
1401 4797 1626 4855 diutius
1655 4817 1881 4872 perma-

212 4896 371 4938 nere.
424 4882 478 4937 Η
531 4885 825 4957 Reprobat
881 4886 1266 4959 cogitationes
1323 4887 1773 4945 Sadducaiorum
1825 4893 1883 4946 et

214 4969 671 5040 Pharisaeorum,
701 4973 791 5030 vel
836 4973 1197 5047 reliquarum
1239 4980 1598 5047 potestatum
1647 4995 1879 5050 genera.

214 5057 483 5115 Consilia
525 5062 859 5136 principum
893 5066 1071 5119 Anna:
1101 5067 1158 5120 et
1186 5064 1433 5137 Caiphae,
1462 5083 1712 5138 quorum
1756 5084 1884 5124 om-

212 5148 387 5204 nium
422 5148 738 5207 consilium
784 5166 1018 5225 semper
1047 5152 1108 5208 in
1139 5151 1292 5209 malo
1324 5153 1453 5222 fuit,
1489 5155 1644 5227 quod
1694 5155 1887 5212 Domi-

215 5252 327 5291 nus
362 5239 732 5313 resurgendo
762 5240 1069 5297 destruxit.

218 5326 278 5381 11
362 5329 679 5385 Consilium
710 5336 766 5397 σξη
807 5338 990 5387 autem
1031 5336 1044 5398 ζ
1080 5332 1296 5388 Domini
1314 5332 1372 5386 in
1394 5340 1662 5390 xternum
1680 5344 1883 5392 manet.

364 5417 731 5487 Cogitationes
758 5418 937 5476 cordis
966 5421 1083 5492 ejus
1113 5421 1172 5476 iu
1206 5424 1556 5490 generatione
1581 5431 1633 5480 et
1658 5441 1886 5495 genera-

444 5507 664 5563 tionem.

292 5594 345 5654 Η
376 5594 709 5656 Consilium
740 5598 968 5658 Domini
990 5599 1102 5657 fuit
1121 5603 1188 5658 ut
1211 5605 1542 5675 resurgeret
1562 5618 1594 5659 a
1616 5603 1887 5678 mortuis,

1904 4555 1952 4619 D

1956 523 2197 596 ligimus
2226 523 2646 581 incarnationis
2675 542 2975 595 arcanum,
3009 526 3161 598 quod
3196 526 3267 581 ad
3298 524 3610 581 consulen-

1958 613 2098 668 dum
2128 613 2385 669 humano
2430 613 2627 686 generi
2657 619 2885 670 constat
2916 630 3044 670 esse
3092 631 3457 672 conoessum.
3488 613 3610 671 Hoc

1956 700 2119 757 nulla
2148 704 2312 758 astate
2343 701 2700 770 dissolvitur,
2725 702 2827 758 sed
2858 708 3057 760 manet
3085 703 3145 759 in
3169 708 3473 759 aiternum.
3497 703 3544 758 A
3569 701 3611 757 C

1956 787 2348 862 Cogitationes
2379 791 2568 847 cordis
2607 792 2736 863 ejus
2774 790 3111 863 signiﬁcant
3152 790 3609 863 praedestinatio—

1957 895 2113 947 nem,
2140 879 2199 934 in
2222 896 2339 951 qua
2357 884 2569 936 cuncta
2588 878 2843 952 reposita
2864 883 3003 935 sunt
3024 896 3151 953 quas
3173 884 3518 953 permanent
3546 879 3607 937 in

1957 972 2260 1024 aeternum.
2286 968 2519 1024 {Eterna
2556 967 2736 1042 igitur
2782 973 3119 1025 sanctorum
3152 967 3606 1041 praedestinatio,

1957 1055 2341 1129 cogitationes
2372 1054 2563 1113 cordis
2593 1057 2720 1128 ejus
2753 1056 3045 1113 dicuntur.

1957 1164 2028 1218 42
2100 1164 2270 1218 Beata
2299 1179 2429 1234 gens
2458 1163 2613 1234 cujus
2641 1171 2719 1219 est
2748 1165 3008 1218 Dominus
3036 1166 3175 1220 Deus
3203 1164 3322 1235 ejus
3357 1180 3370 1218 :

2099 1254 2339 1324 Populus
2366 1268 2524 1325 quem
2549 1254 2713 1323 elegit
2745 1254 2805 1308 in
2835 1252 3205 1309 haereditatem
3231 1255 3358 1313 sibi.

2029 1340 2071 1395 C
2100 1341 2232 1412 Ipsa
2256 1340 2458 1413 utique
2486 1356 2630 1414 gens
2659 1341 2828 1396 beata
2849 1346 2960 1409 est,
2983 1358 3017 1397 a
3038 1357 3153 1413 qua
3169 1341 3455 1398 Dominus
3475 1340 3611 1397 coli-

1958 1434 2075 1499 tur,
2101 1429 2199 1501 qui
2223 1446 2351 1484 eam
2376 1430 2627 1502 protegit
2645 1445 2710 1484 ac
2731 1430 3039 1502 gubernat.
3065 1428 3321 1502 Populus
3341 1430 3610 1488 Christia-

1960 1535 2071 1574 nus
2103 1518 2411 1574 haereditas
2442 1518 2654 1574 Christi
2706 1523 2813 1589 est,
2849 1519 2989 1590 quia
3034 1534 3169 1574 eum
3217 1523 3421 1575 auctor
3467 1534 3611 1574 suus

1960 1607 2238 1680 possidet,
2265 1624 2439 1679 quem
2483 1608 2995 1680 praedicationibus
3026 1608 3246 1664 sanctis
3273 1610 3331 1663 et
3359 1605 3613 1680 pretioso

1960 1695 2245 1769 sanguine
2273 1695 2604 1768 acquisivit.

1882 1812 1928 1876 Β
1964 1803 2028 1859 l3
2098 1805 2175 1859 De
2203 1804 2333 1859 caelo
2360 1806 2601 1876 respexit
2626 1806 2909 1871 Dominus,

2112 1892 2255 1947 Vidit
2283 1908 2466 1947 omnes
2493 1892 2636 1963 ﬁlios
2665 1892 2969 1949 hominum.

2035 1981 2078 2037 Ο
2105 1981 2185 2037 De
2214 1980 2353 2037 coelo
2382 1980 2637 2054 respexit
2665 1981 3218 2054 Dominus,quando
3244 1981 3482 2037 donavit
3509 1982 3612 2038 ad-

1961 2074 2200 2128 ventum
2233 2070 2449 2143 proprii
2480 2070 2630 2127 Filii.
2653 2071 2832 2138 Vidit,
2851 2062 3143 2144 signiﬁcat
3162 2069 3412 2144 gratiam
3441 2071 3616 2126 mise-

1964 2159 2164 2216 rentis.
2186 2158 2361 2217 Filios
2381 2159 2711 2217 hominum.
2731 2160 2779 2215 H
2801 2160 2863 2216 Id
2883 2164 2973 2217 est
2992 2163 3324 2233 peccatores
3345 2158 3611 2228 absolvit,

1965 2248 2105 2320 quia
2142 2264 2447 2322 nunquam
2497 2251 2798 2321 respectus
2843 2248 2974 2320 ejus
3030 2248 3156 2305 sine
3213 2246 3615 2305 misericordia

1965 2337 2093 2393 fuit.
2128 2339 2168 2394 C
2196 2338 2342 2393 Nota
2368 2354 2521 2406 vero,
2546 2338 2700 2410 quod
2731 2338 2873 2393 dum
2918 2338 3071 2394 Deus
3100 2338 3315 2393 dicitur
3357 2338 3418 2393 in
3459 2336 3616 2392 Scri-

1964 2425 2154 2498 pturis
2207 2427 2493 2499 respicere
2524 2431 2777 2499 peccata,
2812 2427 3009 2499 punit;
3057 2444 3191 2482 cum
3237 2443 3371 2484 vero
3423 2424 3613 2483 homi-

1965 2532 2123 2582 nem,
2155 2514 2419 2571 absolvit.

1969 2622 2035 2676 14
2107 2625 2179 2677 De
2200 2628 2516 2694 praeparato
2540 2622 2851 2678 habitacula
2875 2638 2970 2677 suo
3002 2638 3015 2678 :

2110 2712 2362 2783 Respexit
2389 2728 2552 2785 super
2581 2728 2763 2768 omnes
2789 2714 2888 2785 qui
2914 2711 3167 2768 habitant
3196 2718 3416 2768 terram.

2039 2800 2080 2855 C
2110 2799 2189 2856 De
2218 2806 2537 2874 praeparato
2576 2801 2929 2870 habitaculo,
2952 2801 3010 2857 id
3047 2805 3156 2869 est,
3181 2801 3250 2857 de
3280 2801 3476 2856 futuro
3504 2799 3615 2856 Do-

1970 2888 2116 2945 mini
2146 2906 2404 2963 corpore,
2429 2891 2583 2963 quod
2604 2894 2993 2964 praeparatum
3024 2890 3084 2946 in
3114 2890 3623 2962 praedestinatione

1969 2978 2176 3034 fuerat.
2214 2979 2488 3052 Respexit
2526 2996 2705 3052 super
2748 2996 2975 3046 omnes,
3008 2979 3068 3034 id
3100 2984 3189 3034 est
3217 2979 3527 3051 disposuit,
3561 2984 3626 3034 ut

1969 3066 2322 3139 periclitanti
2355 3068 2574 3124 mundo
2606 3068 2802 3140 (quem
2833 3067 3205 3140 disposuerat
3244 3066 3453 3140 facere)
3485 3067 3623 3123 sub-

1887 3183 1930 3251 ο
1967 3155 2204 3212 veniret.

1972 3261 2040 3316 15
2114 3262 2219 3330 Qui
2246 3261 2412 3335 ﬁngit
2439 3263 2772 3334 singillatim
2799 3261 2964 3319 corda
2990 3279 3179 3320 eorum
3210 3280 3225 3320 :

2111 3353 2223 3421 Qui
2249 3352 2518 3421 intelligit
2544 3353 2729 3408 omnia
2757 3368 2919 3424 opera
2946 3369 3154 3409 eorum.

2041 3442 2080 3497 C
2102 3440 2294 3495 Finxit
2313 3440 2486 3497 corda
2516 3439 2733 3514 quibus
2755 3439 3152 3515 intelligentiae
3174 3459 3293 3498 suae
3324 3443 3478 3500 dona
3504 3442 3619 3500 lar-

1970 3529 2128 3603 gitus
2158 3534 2265 3585 est.
2290 3528 2667 3603 Singillatim,
2691 3529 2751 3585 id
2778 3535 2866 3587 est
2894 3530 3126 3588 divisim
3153 3531 3241 3589 vel
3271 3531 3620 3604 distinctim,

1972 3619 2148 3676 corda
2169 3633 2392 3685 eorum,
2418 3618 2637 3675 scilicet
2666 3624 3003 3675 sanctorum
3026 3621 3137 3676 sub
3156 3621 3389 3677 Domini
3418 3622 3628 3678 timore

1971 3708 2312 3763 viventium.
2340 3706 2637 3781 Intelligit,
2664 3709 2900 3781 quando
2923 3710 3150 3766 actibus
3180 3711 3466 3766 honorum
3490 3729 3633 3784 pra-

1974 3796 2095 3853 mia
2123 3797 2302 3870 digna
2331 3796 2611 3854 restituit.
2646 3797 2857 3854 Omnia
2886 3815 3081 3870 opera,
3113 3799 3171 3855 id
3212 3804 3302 3856 est
3331 3800 3632 3875 cogitatio-

1974 3902 2101 3956 nes,
2130 3886 2307 3955 dicta,
2340 3890 2397 3942 et
2426 3886 2597 3942 facta.

1978 3976 2046 4031 16
2117 3978 2241 4032 Non
2270 3976 2515 4032 solvatur
2540 3992 2643 4031 rex
2664 3992 2765 4048 per
2790 3977 3022 4032 multam
3050 3980 3307 4034 virtutem
3341 3996 3355 4034 :

2117 4065 2182 4121 Et
2208 4066 2360 4137 gigas
2395 4080 2507 4121 non
2551 4066 2854 4122 salvabitur
2902 4082 2963 4121 in
3008 4066 3366 4123 multitudine
3410 4068 3630 4123 virtutis

2207 4159 2460 4221 ’ἔδαιῗεξ

2047 4244 2091 4299 C
2122 4244 2337 4317 Regem
2360 4243 2520 4311 dicit,
2544 4242 2843 4298 hominem
2865 4243 3281 4315 continentem,
3305 4242 3405 4316 qui
3427 4256 3632 4316 quam-

1978 4333 2067 4389 vis
2096 4336 2271 4405 regat‘
2301 4348 2512 4404 corpus
2562 4348 2737 4387 suum
2786 4331 3159 4389 miseratione
3187 4332 3385 4390 divina
3413 4348 3448 4390 a
3474 4331 3632 4389 vitiis

1981 4427 2177 4478 tamen
2214 4419 2550 4477 carnalibus
2582 4419 2779 4476 salvus
2826 4420 2951 4477 ﬁeri
2999 4437 3117 4478 non
3161 4426 3370 4495 potest,
3395 4423 3537 4478 dum
3563 4422 3635 4478 de

1983 4528 2093 4568 sua
2111 4510 2323 4567 virtute
2345 4509 2804 4582 praesumpserit.
2829 4511 3114 4567 Eumdem
3136 4512 3313 4569 etiam
3336 4512 3636 4586 gigantem

1984 4600 2110 4656 vult
2137 4598 2408 4672 intelligi,
2437 4599 2537 4672 qui
2559 4598 2843 4655 virtutum
2876 4599 3279 4673 magnitudine
3310 4602 3636 4669 roboratus,

1988 4694 2191 4746 contra
2221 4689 2651 4745 immanitatem
2681 4687 2896 4745 diaboli
2929 4689 3171 4745 dimicat
3198 4690 3442 4746 fortiter.
3477 4689 3541 4743 Et
3569 4688 3636 4742 li-

1989 4784 2080 4835 cet
2101 4780 2184 4834 sic
2207 4778 2431 4834 fortiter
2467 4777 2761 4851 conﬂigat,
2784 4778 2834 4834 si
2867 4783 3064 4834 tamen
3103 4777 3441 4833 sublevatus
3469 4775 3645 4831 fuerit

1989 4868 2127 4925 vitio
2157 4865 2463 4940 superbiai,
2491 4865 2687 4923 salvus
2718 4882 2846 4924 esse
2890 4883 3004 4921 non
3045 4865 3274 4937 poterit.
3307 4862 3481 4937 Gigas
3508 4878 3642 4920 vero

1992 4957 2409 5029 interpretatur
2454 4957 2747 5026 terrigena.
2778 4955 2849 5010 Et
2886 4955 3048 5024 juste
3085 4952 3269 5009 virtus
3317 4952 3578 5009 humana
3610 4968 3645 5009 a

1992 5046 2108 5102 Deo
2139 5043 2449 5113 deseritur,
2475 5044 2710 5114 quando
2742 5043 2944 5098 datum
2966 5042 3209 5111 bonum,
3234 5057 3352 5098 non
3380 5039 3645 5115 largitori

1993 5136 2130 5204 Deo,
2162 5133 2264 5189 sed
2296 5131 2548 5203 propriis
2579 5131 2802 5187 viribus
2833 5130 3178 5204 applicatur.

1998 5242 2064 5297 17
2137 5239 2335 5294 Fallax
2365 5253 2534 5309 equus
2564 5236 2633 5292 ad
2659 5238 2892 5293 salutem
2926 5255 2939 5295 :

2137 5329 2202 5385 In
2231 5325 2571 5383 abundantia
2612 5330 2798 5383 autem
2834 5328 3058 5385 virtutis
3087 5335 3143 5398 ἐκ
3177 5344 3298 5387 suae
3338 5329 3356 5399 ζ
3395 5345 3506 5386 non
3533 5329 3650 5386 sal-

2207 5417 2450 5473 vabitur.

2069 5509 2111 5565 C
2141 5507 2371 5580 Equum
2404 5505 2567 5577 ponit
2613 5523 2717 5580 pro
2768 5505 3041 5566 felicitate
3082 5509 3364 5579 humana,
3389 5526 3517 5583 quin
3540 5507 3648 5565 ho-

1998 5599 2190 5659 mines
2219 5596 2303 5657 sic
2332 5598 2526 5673 portat
2554 5598 2612 5653 et
2657 5595 2867 5673 accipit
2899 5639 2915 5670 ,
2939 5597 3093 5657 sicut
3107 5615 3295 5674 equus
3326 5596 3517 5657 fallax.
3550 5595 3653 5656 Ille
