4122 6184
447 361 557 423 143

1347 363 1410 423 S.
1459 360 1852 424 BltUNONIS
1899 360 2520 424 HERBIPOLENSIS
2568 363 2947 424 EPISCOPI.

3744 364 3861 423 ιη

437 495 618 575 enim,
643 495 783 550 dum
811 495 1030 568 appetit
1050 511 1309 567 campos,
1334 495 1480 550 solet
1503 494 1770 550 incautos
1799 493 1996 552 fallere
2029 495 2085 550 in
2116 498 2167 563 Α
2239 496 2258 549 1
2343 496 2668 552 Benedicam
2697 497 2987 552 Dominum
3016 496 3076 550 in
3104 496 3258 552 omni
3281 499 3520 568 tempore
3551 512 3564 550 :

441 600 506 639 se
534 589 976 658 praesumentes,
1014 585 1140 641 ideo
1173 584 1388 640 dicitur
1418 583 1592 641 fallax
1621 601 1830 657 equus.

443 673 510 728 18
582 674 714 730 Ecce
743 675 890 729 oculi
914 675 1133 729 Domini
1158 690 1320 746 super
1345 682 1640 730 metuentes
1667 691 1792 730 eum
1825 690 1838 728 :

597 769 653 828 -:—
681 765 749 819 Et
785 765 845 818 in
892 765 970 818 eis
1032 768 1046 829 ξ
1090 765 1188 835 qui
1231 773 1451 837 sperant
1501 781 1664 836 super
1715 763 2092 820 misericordia

652 854 785 925 ejus.

511 940 552 996 C
581 941 729 1014 Ergo
760 940 911 997 oculi
946 942 1173 999 Domini
1215 947 1356 1000 sunt
1405 961 1581 1018 super
1628 945 1900 1000 timentes
1931 960 2088 1010 cum,

440 1029 578 1102 quia
608 1045 706 1085 eos
749 1030 1020 1104 protegit,
1055 1048 1202 1104 quos
1260 1049 1322 1089 se
1378 1033 1584 1090 timere
1630 1034 1950 1106 cognoscit.
1984 1033 2089 1097 Qui

439 1121 578 1173 sunt
607 1117 763 1174 enim
789 1118 1064 1176 timentes
1091 1121 1274 1178 Deum
1297 1123 1550 1196 exponit,
1583 1123 1641 1178 id
1672 1129 1758 1179 est
1790 1127 2092 1196 sperantes

437 1206 499 1262 in
529 1207 930 1266 misericordia
960 1211 1109 1282 ejus.

437 1294 508 1352 49
583 1299 646 1354 Ut
675 1306 834 1355 eruat
859 1316 894 1354 a
921 1307 1094 1356 morte
1121 1303 1338 1357 animas
1364 1318 1550 1358 eorum
1585 1319 1597 1358 :

578 1388 654 1442 Et
681 1388 799 1443 alat
825 1405 912 1443 eos
941 1390 1001 1444 in
1029 1393 1196 1461 fame.

507 1474 550 1530 C
579 1475 746 1531 Eruit
775 1494 809 1532 a
840 1483 1024 1534 morte
1067 1479 1297 1536 animas
1318 1481 1640 1552 justorum,
1674 1498 1807 1537 cum
1859 1498 1958 1538 eas
2005 1485 2093 1537 tu-

436 1561 505 1617 lit
533 1563 605 1618 de
654 1569 937 1636 potestate
984 1567 1293 1624 diabolica.
1326 1568 1682 1626 Alimentum
1725 1571 1945 1626 dictum
1979 1575 2088 1635 est,

437 1653 606 1723 quasi
662 1657 861 1710 mentis
910 1657 1329 1714 nutrimentum.
1365 1659 1427 1714 In
1488 1660 1640 1715 fame
1698 1660 1854 1715 enim
1917 1646 2089 1733 positi

436 1745 596 1808 sunt,
621 1742 722 1814 qui
755 1759 815 1799 se
847 1743 1170 1801 ccelestium
1196 1763 1393 1802 rerum
1425 1748 1712 1804 desiderio
1740 1765 1972 1822 semper
2003 1766 2090 1805 ac-

435 1829 716 1887 cendunt.

435 1920 507 1973 20
577 1921 776 1978 Anima
805 1929 992 1980 nostra
1019 1927 1249 1982 sustinet
1278 1928 1569 1983 Dominum
1598 1946 1618 1984 :

579 2009 848 2078 Quoniam
876 2013 1097 2085 adjutor
1123 2019 1176 2070 et
1200 2021 1474 2088 protector
1502 2021 1684 2074 noster
1710 2025 1806 2073 est.

505 2102 545 2152 C
573 2098 719 2156 Cum
767 2101 926 2170 dicit,
950 2103 1148 2159 anima
1196 2111 1395 2160 nostra
1445 2106 1716 2174 sustinet,
1747 2106 2086 2179 patientiam

434 2186 730 2260 signiﬁcat
759 2188 1094 2260 Christiani,
1119 2192 1240 2249 haec
1270 2195 1580 2251 conﬁrmat
1609 2212 1814 2252 omnes
1843 2196 2088 2252 virtutes

433 2275 492 2330 in
525 2275 783 2333 homine.
817 2279 1063 2351 Adjutor
1091 2286 1199 2349 est,
1223 2282 1365 2338 dum
1405 2284 1476 2338 ad
1521 2301 1655 2340 eum
1689 2284 1875 2358 ipsius
1901 2287 2090 2359 gratia

434 2380 718 2420 conamur
759 2369 1050 2424 accedere.
1085 2370 1399 2439 Protector,
1433 2373 1574 2428 dum
1622 2375 1956 2430 resistimus
1985 2375 2088 2430 ad-

434 2455 711 2510 versario.

432 2543 496 2596 21
578 2544 719 2612 Quia
749 2547 809 2602 in
837 2563 898 2603 eo
928 2548 1208 2604 laetabitur
1233 2567 1327 2607 cor
1353 2556 1603 2608 nostrum
1630 2573 1648 2608 :

577 2635 643 2688 Et
671 2635 730 2690 in
759 2639 982 2693 nomine
1011 2644 1196 2695 sancto
1229 2641 1346 2712 ejus
1371 2644 1729 2713 speravimus.

507 2721 554 2776 H
586 2722 901 2783 Laetabitur
924 2743 1023 2782 cor
1053 2733 1341 2794 nostrum,
1367 2731 1423 2787 id
1455 2737 1543 2786 est
1565 2733 1761 2789 anima
1792 2739 1986 2790 nostra
2019 2736 2088 2791 de

434 2827 537 2882 spe
558 2811 765 2868 futura;
787 2819 1300 2875 remunerationis.
1319 2820 1542 2876 Nomen
1564 2823 1751 2879 Patris
1773 2823 1954 2880 Filius
1975 2831 2086 2892 est,

434 2899 492 2954 in
527 2917 701 2972 quem
735 2919 968 2977 semper
996 2922 1231 2978 sperare
1261 2909 1568 2966 debemus.

429 2990 501 3042 2'2
574 2991 696 3046 Fiat
727 2994 1104 3051 misericordia
1134 3000 1248 3065 tua,
1280 2999 1528 3065 Domine,
1559 3017 1723 3073 super
1749 3019 1846 3058 nos
1875 3022 1896 3058 .·

575 3079 1036 3148 Quemadmodum
1063 3087 1402 3158 speravimus
1432 3090 1493 3143 in
1523 3093 1593 3145 te.

501 3167 546 3222 Η
581 3167 1001 3245 Unusquisque
1031 3179 1347 3247 antequam
1380 3183 1573 3234 cantet
1612 3180 1795 3236 istum
1825 3199 2082 3252 versum,

2342 582 2564 654 Semper
2592 583 2711 637 laus
2739 582 2856 654 ejus
2884 585 2942 638 in
2973 600 3066 639 ore
3092 599 3231 639 meo.

2270 671 2317 726 Η
2351 670 2496 727 Cum
2528 686 2590 726 se
2621 671 2764 727 dicit
2793 671 2976 728 Deum
3005 671 3348 729 benedicere
3378 672 3539 729 omni
3567 676 3860 746 tempore,

2201 759 2370 814 docet
2398 776 2506 814 nos
2537 775 2640 814 nec
2672 759 2728 815 in
2765 760 3022 817 adversis
3063 761 3468 831 succumbere,
3501 777 3605 819 nec
3635 761 3693 817 in
3725 778 3867 836 pro-

2201 847 2389 920 speris
2411 847 2628 903 extolli.
2653 851 2692 902 C
2722 865 2954 921 semper
2972 853 3061 906 est
3078 849 3210 905 laus
3231 849 3327 905 Dei
3363 850 3422 904 in
3447 865 3542 905 ore
3573 848 3863 915 hominis,

2201 937 2437 1008 quando
2459 936 2600 992 talia
2617 936 2704 993 vel
2729 939 2946 1010 cogitat
2965 943 3067 995 aut
3095 937 3376 1012 loquitur,
3397 942 3461 994 ut
3481 938 3642 994 nulla
3663 937 3867 995 redar-

2199 1025 2441 1099 gutione
2479 1024 2764 1100 culpetur.
2792 1028 2944 1084 Laus
2968 1045 3102 1085 vero
3132 1045 3166 1084 a
3197 1029 3354 1085 lauro
3400 1029 3553 1085 dicta
3581 1032 3690 1097 est,
3724 1045 3863 1102 qum

2202 1114 2427 1172 solebat
2455 1133 2732 1173 coronare
2757 1117 3022 1174 victores.

2235 1208 2272 1260 2
2341 1206 2407 1260 In
2433 1207 2661 1262 Domino
2689 1207 3007 1264 laudabitur
3037 1209 3230 1264 anima
3256 1225 3379 1265 mea
3412 1225 3426 1264 :

2341 1295 2582 1351 Δαιὶὶαηί
2611 1298 2883 1352 mansueti
2909 1304 2962 1352 et
2987 1297 3268 1354 laetentur.

2273 1383 2314 1438 C
2343 1385 2505 1439 Tunc
2537 1385 2692 1440 enim
2726 1383 3086 1458 gloriﬁcatur
3122 1385 3314 1444 ﬁdelis
3361 1403 3585 1456 servus,
3619 1387 3865 1460 quando

2202 1471 2556 1529 laudabilem
2592 1473 2901 1530 Dominum
2941 1474 3155 1530 habere
3185 1477 3576 1548 cognoscitur.
3601 1477 3868 1532 Audiant

2204 1562 2522 1630 mansueti,
2551 1562 2596 1617 H
2628 1562 2684 1618 id
2727 1568 2815 1619 est
2864 1564 3072 1619 sancti.
3107 1563 3148 1618 C
3179 1563 3284 1628 Qui
3316 1564 3600 1620 charitate
3647 1564 3864 1638 praeci-

2203 1667 2318 1722 pua
2349 1651 2612 1706 omnium
2645 1668 2840 1708 rerum
2872 1651 3088 1708 habere
3128 1651 3575 1726 temperantiam
3608 1670 3862 1712 consue-

2199 1743 2428 1795 verunt.

2119 1871 2168 1936 Β
2237 1830 2271 1884 3
2344 1831 2687 1902 Magniﬁcate
2713 1833 3005 1888 Dominum
3031 1847 3243 1887 mecum
3277 1848 3290 1888 :

2341 1919 2408 1974 Et
2433 1921 2738 1976 exaltemus
2765 1937 2963 1976 nomen
2991 1921 3109 1991 ejus
3137 1922 3199 1975 in
3227 1921 3485 1994 idipsum.

2271 2009 2310 2064 C
2340 2007 2520 2064 Vocat
2560 2009 2818 2066 Ecclesia
2861 2009 3091 2079 fratres,
3123 2010 3394 2067 hortatur
3439 2011 3686 2085 populos
3716 2013 3862 2070 obe-

2200 2094 2446 2163 dientes,
2469 2103 2534 2153 ut
2564 2115 2775 2154 nomen
2805 2097 3037 2154 Domini
3061 2097 3316 2172 gloriosa
3336 2099 3612 2158 societate
3632 2102 3866 2175 magni-

2199 2183 2392 2255 ﬁcent,
2417 2203 2488 2242 ne
2519 2186 2670 2243 inter
2688 2187 2880 2244 ofﬁcia
2905 2187 3232 2244 sanctitatis
3252 2188 3615 2246 detestabilis
3636 2191 3866 2248 invidia

2199 2275 2535 2332 misceatur.
2568 2275 2908 2333 Exaltamus
2937 2293 3150 2334 nomen
3191 2272 3322 2350 ejus
3363 2277 3424 2334 in
3474 2278 3756 2352 idipsum.
3793 2281 3860 2337 In

2197 2363 2454 2437 idipsum
2489 2364 2783 2437 signiﬁcat
2811 2365 3166 2438 compositos
3191 2366 3420 2436 choros,
3448 2368 3682 2440 quando
3703 2369 3866 2443 psal-

2201 2453 2457 2509 modiam
2497 2454 2727 2510 Domini
2775 2454 3002 2511 alterna
3031 2455 3145 2512 sibi
3195 2455 3565 2513 successione
3611 2475 3861 2532 respon-

2199 2543 2356 2598 dent.

2234 2633 2266 2686 4
2340 2635 2629 2706 Εέτᾳηίδίυἰ
2654 2635 2946 2690 Dominum
2975 2638 3027 2690 et
3054 2636 3337 2692 exaudivit
3363 2653 3453 2691 me
3480 2653 3492 2691 :

2339 2724 2406 2778 Et
2434 2739 2504 2778 ex
2531 2724 2782 2778 omnibus
2812 2725 3262 2781 tribulationibus
3289 2727 3428 2781 meis
3456 2727 3658 2800 eripuit
3689 2743 3778 2784 me
3803 2745 3818 2784 :

2269 2812 2310 2868 C
2343 2811 2633 2884 Exquisivi
2680 2813 3012 2869 Dominum.
3043 2830 3158 2870 non
3197 2813 3372 2888 longo
3425 2816 3614 2888 spatio
3661 2821 3860 2874 terra-

2198 2917 2350 2969 rum,
2377 2902 2479 2958 sed
2519 2900 2578 2956 in
2611 2903 2785 2958 corde
2814 2919 2964 2971 meo,
2988 2903 3058 2958 Et
3099 2903 3396 2959 exaudivit
3422 2921 3536 2974 me,
3569 2906 3858 2978 quoniam

2196 2990 2530 3047 intellectus
2583 2990 2799 3048 Christi
2857 2991 3128 3048 universa
3183 2992 3612 3066 complectitur,
3645 2995 3705 3050 id
3766 3001 3862 3052 est

2197 3079 2414 3152 ubique
2457 3079 2731 3154 intelligit
2778 3098 2840 3137 se
2886 3081 3090 3154 queri,
3117 3086 3174 3138 et
3219 3083 3474 3140 exaudit.
3497 3083 3754 3140 Diceudo
3786 3101 3859 3140 ex

2193 3170 2470 3226 omnibus
2499 3169 2765 3226 liberavit
2808 3187 2921 3238 me,
2955 3169 3102 3226 nihil
3144 3169 3412 3227 relictum
3442 3176 3551 3239 est,
3574 3171 3730 3244 quod
3764 3189 3859 3229 re-

428 3257 600 3314 debet
637 3244 999 3333 cogitarent
1045 3244 1296 3320 ﬁdeliter
1343 3266 1498 3322 dicat
1530 3285 1542 3322 ;
1579 3244 2084 3332 οηρωεάπιοάυηί
2115 3244 2158 3312 C
2198 3260 2490 3316 mansisse
2519 3257 2838 3332 saepiceris
2868 3260 3263 3316 adversum.A
3293 3259 3400 3326 Qui
3431 3276 3568 3333 ergo
3600 3277 3716 3318 non
3748 3278 3858 3318 au-

428 3347 795 3417 speravimus
827 3350 886 3405 in
909 3355 986 3419 te,
1012 3369 1084 3408 ne
1109 3352 1246 3422 alibi
1272 3371 1380 3409 sua
1403 3372 1568 3412 mens
1589 3335 1768 3426 vacet,
1793 3360 1893 3416 sed
1918 3361 2089 3418 ﬁrma

429 3449 565 3506 spes
596 3435 673 3491 sit
719 3442 783 3493 ut
824 3455 956 3494 vere
1005 3440 1616 3511 dicat:Fiat,etc.,ut
1663 3447 1762 3518 qui
1823 3466 1928 3505 nos
1985 3467 2089 3522 per

430 3523 794 3596 baptismum
825 3525 1086 3598 abluisti,
1111 3529 1367 3602 Spiritus
1399 3533 1587 3588 sancti
1619 3533 1912 3592 infusione
1943 3553 2085 3595 con-

431 3613 652 3670 ﬁrmes.
701 3613 863 3672 Sicut
919 3617 978 3672 in
1036 3619 1276 3674 Actibus
1334 3623 1731 3692 apostolorum
1789 3627 2085 3684 cernimus

430 3702 675 3774 factum,
710 3722 845 3762 cum
892 3707 1170 3780 haptizati
1221 3717 1582 3783 receperunt.
1617 3713 1901 3784 Spiritum
1951 3735 2084 3772 san-

431 3799 590 3850 ctum
619 3799 772 3865 (Act.
807 3797 946 3868 xxx).

893 3903 1096 3944 ORATIO
1135 3906 1206 3944 EX
1245 3907 1403 3947 PSAL.
1444 3909 1618 3948 XXXIX.

501 3976 699 4046 Pasce,
727 3976 992 4045 Domine,
1017 3977 1247 4050 plebem
1299 3985 1458 4036 tuam
1508 3982 1567 4037 in
1616 3983 1770 4040 fame
1817 3985 1996 4054 verbi,
2028 3992 2087 4043 et

427 4065 587 4139 eripe
617 4064 847 4122 animas
878 4072 1108 4124 nostras
1138 4068 1209 4123 de
1257 4074 1441 4124 morte
1491 4071 1732 4142 peccati,
1767 4078 1832 4129 ut
1881 4074 2084 4148 repleti

427 4155 832 4212 misericordia
861 4161 984 4224 tua,
1015 4159 1322 4230 aggregari
1351 4159 1653 4229 justorum
1699 4163 1930 4233 gaudiis
1974 4164 2083 4220 im-

424 4244 709 4316 pertiente
769 4249 825 4302 te
879 4261 1230 4303 mereamur.
1276 4247 1381 4303 Per
1439 4247 1756 4306 Dominum
1815 4256 2082 4310 nostrum

421 4333 630 4392 Jesum
661 4333 982 4403 Christum,
1015 4339 1124 4392 etc.

951 4477 1283 4534 PSALMUS
1323 4479 1561 4537 XXXIII.

838 4583 1245 4624 ARGUMENTUM
1277 4585 1378 4624 PSA
1387 4586 1435 4624 L.
1469 4587 1662 4626 XXXIII.

495 4692 537 4750 C
561 4693 682 4773 Vos
705 4690 1007 4764 Propheta:
1033 4692 1431 4749 benedicentis
1461 4693 1666 4763 Deum,
1683 4700 1741 4752 et
1763 4697 2082 4756 admonen-

423 4783 504 4839 tis
521 4786 958 4848 mansuetos,ut
973 4797 1108 4838 cum
1129 4781 1257 4854 ipso
1279 4782 1338 4837 in
1355 4783 1484 4854 ejus
1501 4781 1673 4841 laude
1689 4794 2078 4858 perseverent,

422 4878 480 4928 et
509 4877 629 4928 uta
650 4871 876 4928 deliciis
906 4887 968 4926 se
989 4871 1342 4939 abstineant,
1359 4872 1673 4946 justosque
1694 4875 1834 4932 dicit
1882 4876 1942 4933 in
1974 4895 2084 4936 sua

415 4961 648 5034 justitia
679 4961 1016 5018 liberandos
1041 4978 1055 5018 :
1080 4961 1295 5035 impios
1319 4978 1451 5018 vero
1479 4963 1790 5036 perituros.

565 5051 679 5107 TT.
712 5053 964 5107 Psatmus
995 5051 1175 5108 David
1216 5069 1342 5107 cum
1382 5054 1616 5108 mutavit
1662 5055 1877 5111 vultum
1922 5074 2083 5115 suam

635 5156 820 5196 coram
847 5140 1154 5197 Abimelech
1183 5145 1237 5196 et
1264 5141 1476 5197 dimisit
1504 5158 1628 5198 eum
1657 5146 1711 5198 et
1739 5144 1898 5202 abiit.

493 5231 536 5288 C
565 5229 710 5287 Cum
740 5229 880 5286 Saul
925 5236 1372 5304 persequeretur
1404 5231 1602 5303 David,
1632 5233 1744 5289 fuit
1787 5234 1858 5290 ad
1899 5236 2074 5294 Achis

421 5335 639 5394 regem,
665 5319 861 5392 ibique
892 5319 1032 5376 dum
1064 5324 1238 5386 esset,
1260 5319 1479 5376 invidia
1516 5338 1652 5376 eum
1693 5321 1952 5382 occidere
1981 5342 2075 5382 vo-

419 5409 646 5480 lebant;
681 5407 777 5466 ille
805 5426 938 5466 vero
969 5411 1040 5466 de
1079 5409 1372 5465 industria
1413 5409 1660 5466 mutavit
1711 5409 1959 5481 vultum,
1993 5414 2075 5471 ita

418 5503 486 5556 ut
505 5497 703 5557 salivis
722 5516 826 5556 ora
844 5497 1184 5572 compleret,
1202 5503 1266 5554 ut
1283 5497 1643 5555 furibundus
1660 5500 2070 5575 aestimaretur,

417 5593 475 5648 et
493 5587 714 5645 illusus
737 5586 1346 5660 relinqueretur.Cum
1369 5585 1518 5661 fugit
1537 5587 1693 5660 inde,
1720 5587 1898 5648 istum
1919 5591 2072 5666 psal-

416 5694 583 5740 mum
613 5677 866 5738 cantavit
895 5677 943 5754 (Ι
967 5678 1098 5753 Reg.
1129 5677 1270 5754 xxx).

2197 3347 2459 3416 diuntur,
2493 3365 2608 3404 non
2647 3349 2962 3404 Dominum
3011 3353 3302 3422 quaerunt.
3335 3349 3461 3405 Non
3493 3349 3649 3406 enim
3681 3350 3856 3420 dixit,

2197 3438 2495 3510 Exquisivi
2525 3454 2736 3495 aurum
2768 3455 2802 3494 a
2833 3437 3080 3496 Domino
3112 3437 3213 3496 sed
3245 3437 3584 3496 Dominum.

2229 3529 2266 3581 5
2339 3527 2581 3584 Accedite
2609 3527 2679 3584 ad
2707 3546 2832 3586 eum
2863 3533 2915 3585 et
2943 3529 3370 3585 illuminamini.

2336 3618 2402 3672 Et
2428 3619 2599 3688 facies
2627 3626 2825 3677 vestrae
2855 3634 2965 3674 non
2994 3617 3419 3688 confundentur.

2267 3703 2310 3758 Il
2341 3704 2609 3762 Accedite
2639 3706 2710 3762 ad
2743 3723 2900 3773 eum,
2942 3722 3055 3762 non
3101 3704 3248 3774 loco,
3273 3705 3373 3761 sed
3405 3705 3518 3762 ﬁde
3549 3711 3606 3762 et
3653 3725 3854 3782 opere,

2195 3796 2253 3848 et
2285 3791 2723 3864 illuminamini,
2755 3795 2981 3852 scilicet
3010 3797 3204 3851 mente
3253 3797 3310 3851 et
3357 3794 3678 3866 intellectu,
3707 3797 3858 3870 quia

2195 3880 2308 3938 nisi
2331 3882 2716 3952 credideritis,
2743 3901 2860 3940 non
2891 3882 3230 3957 intelligetis
3251 3883 3401 3955 (lsai.
3424 3884 3546 3956 vn).
3572 3885 3639 3941 Et
3671 3884 3855 3942 facies

2193 3975 2398 4028 vestrae
2428 3989 2543 4028 non
2566 3973 3000 4030 confundantur
3026 3972 3084 4028 in
3107 3971 3355 4044 judicio,
3381 3989 3498 4045 quo
3529 3971 3693 4046 impii
3717 3990 3857 4030 con-

2193 4061 2514 4118 fundantur
2545 4063 2602 4119 in
2634 4063 3204 4120 condemnationem.

2229 4153 2266 4204 6
2334 4151 2436 4208 Iste
2485 4169 2700 4225 pauper
2751 4153 3010 4209 clamavit
3056 4157 3108 4208 et
3153 4152 3414 4208 Dominus
3466 4152 3752 4209 exaudivit
3778 4160 3837 4221 ε·-

2404 4259 2525 4298 eum
2570 4248 2584 4308 ζ

2333 4333 2399 4386 Et
2427 4332 2492 4387 de
2519 4332 2770 4389 omnibus
2800 4332 3252 4389 tribulationibus
3287 4331 3404 4402 ejus
3435 4331 3670 4387 saluauit
3697 4347 3852 4389 cuin.

2263 4422 2309 4478 H
2342 4422 2454 4479 Iste
2486 4440 2712 4496 pauper
2741 4422 3034 4491 clamavit,
3067 4423 3126 4478 id
3169 4425 3260 4479 est
3289 4420 3576 4489 Christus,
3607 4422 3712 4494 qui
3743 4439 3854 4495 pro

2190 4512 2360 4568 nobis
2407 4529 2628 4586 pauper
2675 4513 2861 4568 factus
2890 4517 2998 4582 est,
3031 4511 3092 4566 in
3133 4510 3406 4584 passione
3453 4510 3726 4568 clamavit
3775 4511 3854 4568 ad

2111 4623 2158 4686 ο
2191 4601 2440 4659 Patrem.
2455 4602 2496 4658 C
2519 4603 2760 4669 Quando
2785 4601 3078 4671 clamavit,
3102 4601 3440 4660 salutariter
3462 4606 3552 4658 est
3575 4593 3852 4670 auditus;

2195 4693 2294 4746 sed
2327 4709 2395 4748 ex
2425 4692 2700 4748 omnibus
2732 4691 3050 4747 mundanis
3079 4690 3373 4764 angustiis
3413 4695 3502 4747 est
3539 4689 3852 4760 liberatus,

2191 4780 2238 4836 H
2269 4781 2505 4854 quando
2537 4798 2672 4838 eum
2703 4779 3075 4837 resuscitavit
3103 4797 3137 4837 a
3167 4780 3434 4836 mortuis.

2224 4873 2259 4925 7
2333 4871 2593 4928 lmmittet
2624 4873 2852 4941 angelus
2880 4871 3098 4928 Domini
3139 4872 3200 4925 in
3243 4871 3480 4926 circuitu
3529 4871 3855 4927 timentium

2403 4977 2529 5016 eum
2560 4978 2572 5019 Ζ

2330 5051 2397 5106 Et
2424 5051 2624 5123 eripiet
2649 5067 2756 5108 eos.

2260 5139 2306 5196 Η
2338 5140 2504 5197 Haud
2526 5140 2774 5196 dubium
2797 5143 2888 5197 est
2911 5139 3187 5197 timentes
3221 5139 3538 5196 Dominum
3561 5139 3634 5196 ab
3666 5154 3851 5213 ange-

2184 5228 2258 5287 lis
2280 5229 2583 5288 custodiri.
2610 5230 2742 5286 Ideo
2772 5229 2887 5286 alia
2919 5229 3115 5286 littera
3145 5229 3322 5285 habet
3353 5246 3366 5286 :
3399 5228 3639 5286 Emittet
3665 5243 3852 5301 auge-

2181 5317 2304 5375 lum
2337 5318 2636 5376 Dominus.
2663 5319 2704 5374 C.
2733 5317 2990 5392 Angelus
3019 5319 3178 5376 enim
3222 5317 3492 5378 minister
3519 5321 3608 5372 est
3636 5314 3884 5397 volun-_

2183 5408 2320 5465 tatis
2352 5407 2591 5479 divinas;
2626 5413 2984 5482 quapropter
3011 5407 3062 5464 si
3092 5407 3182 5464 vis
3201 5406 3476 5481 angelum
3498 5409 3553 5462 te
3576 5403 3723 5473 ﬁeri,
3753 5405 3852 5462 fac

2183 5498 2336 5572 quod
2366 5497 2646 5572 prmoipit,
2680 5503 2745 5554 ut
2783 5496 2997 5556 liberes
3026 5496 3476 5571 periclitantem,
3502 5493 3722 5568 eripias
3752 5493 3848 5550 in-

2181 5592 2508 5653 nocentem,
2542 5585 2855 5645 subvenias
2885 5586 3080 5660 anxio,
3111 5589 3221 5644 etc.
3253 5585 3388 5652 Quae
3438 5583 3636 5641 divina
3665 5582 3851 5656 jubet

2181 5677 2563 5740 auctoritatis.
