4086 6180
275 317 383 381 145

1486 318 1892 383 EXPOSI'I‘IO
1940 319 2449 384 PSALMORUM.
2530 394 2535 395 ί

3560 328 3678 393 1-16

302 453 336 509 8
404 450 616 511 Gustate
662 457 715 509 et
770 449 941 509 videte
989 452 1261 527 quoniam
1292 454 1480 512 suavis
1504 461 1559 523 ἐς
1595 456 1672 513 est
1715 454 1909 513 Domi-
1940 455 1996 525 Α
2025 458 2183 515 enim
2214 475 2379 515 mora
2409 459 2510 515 ﬁat
2537 458 2608 515 ad
2636 456 3166 528 audiendum,cum
3196 457 3256 517 in
3289 456 3432 535 ipsis
3450 458 3678 521 habitet

468 558 571 597 llus
614 562 629 606 ζ

398 634 593 688 Beatus
621 633 709 688 vir
738 634 837 706 qui
860 641 1040 706 sperat
1071 635 1128 690 in
1156 651 1237 690 eo.

330 724 369 778 C
394 722 652 789 Gustata,
678 739 793 778 non
816 722 1069 795 pertinet
1082 724 1152 779 ad
1174 723 1575 797 palatum,sed
1599 726 1669 781 ad
1698 726 1906 782 animae

264 810 673 869 suavissimum
704 829 965 868 sensum.
990 817 1038 868 H
1060 813 1165 878 Qui
1208 814 1460 887 perfecto
1492 813 1687 870 animo
1719 815 1905 872 Deum

262 903 420 958 timet
448 906 503 958 et
533 905 827 975 praecepta
867 903 1142 971 custodit,
1175 907 1234 959 et
1264 902 1343 960 ita
1375 905 1552 960 sentit
1582 904 1901 973 Christum,

259 998 390 1049 tunc
420 991 691 1066 intelligit
732 994 872 1066 quia
915 994 1111 1050 suavis
1159 1001 1267 1063 est,
1295 995 1433 1067 quia
1462 995 1587 1069 ipse
1615 1001 1704 1052 est
1733 997 1904 1070 panis

255 1082 432 1149 vivus,
457 1082 557 1155 qui
590 1083 661 1138 de
690 1081 833 1138 coelo
864 1084 1185 1139 descendit.
1225 1085 1437 1141 Beatus
1468 1086 1682 1141 dicitur
1713 1087 1812 1159 qui
1845 1087 1904 1142 in

256 1188 380 1228 eum
411 1177 626 1244 sperat,
653 1175 709 1228 et
738 1190 853 1228 non
886 1172 945 1228 in
977 1171 1268 1230 incertum
1299 1174 1653 1231 divitiarum.
1680 1176 1747 1231 Et
1777 1176 1903 1233 ideo

254 1262 470 1332 beatus,
495 1261 635 1334 quia
665 1260 832 1317 illum
865 1262 1040 1319 habet
1082 1264 1181 1336 qui
1228 1265 1427 1320 omnia
1455 1265 1651 1334 habet,
1677 1265 1785 1322 hoc
1817 1272 1905 1322 est

258 1350 457 1406 Deum.

282 1441 314 1494 9
388 1442 589 1498 Timete
618 1443 911 1498 Dominum
937 1452 991 1510 ἐκ
1028 1460 1212 1501 omnes
1255 1450 1268 1512 ξ
1311 1449 1490 1501 sancti
1520 1448 1639 1518 ejus
1670 1464 1687 1501 :

382 1532 659 1598 Quoniam
686 1546 797 1587 non
824 1541 905 1588 est
933 1533 1121 1605 inopia
1152 1536 1477 1590 timentibus
1507 1551 1653 1591 eum.

312 1619 356 1675 H
387 1620 617 1676 Timete
663 1620 999 1690 Dominum,
1025 1623 1299 1679 omnibus
1358 1625 1577 1681 sanctis
1632 1624 1903 1697 imperat,

248 1725 312 1764 ne
338 1712 582 1782 accepta
605 1709 917 1767 securitate
949 1710 1333 1785 decipiantur.
1352 1713 1392 1769 C
1414 1714 1586 1770 Solus
1609 1714 1733 1787 ipse
1756 1701 1904 1770 nihil

248 1797 609 1904 indigptxqui
638 1798 850 1904 timore
880 1800 981 1857 Dei
1012 1802 1367 1904 ditatus‘est.
1401 1803 1586 1859 Omne
1617 1803 1774 1859 enim
1805 1804 1903 1859 bo'
1930 1839 1975 1904 Β

246 1904 373 1944 num
403 1887 607 1957 habet,
640 1887 780 1961 quia
807 1888 991 1946 Deum
1020 1890 1283 1946 timendo
1315 1896 1490 1947 amat.

244 1994 304 2047 10
368 1995 581 2051 Divites
607 2004 874 2067 eguerunt
904 2000 958 2052 et
985 1998 1301 2053 esuriemnl
1330 2014 1342 2052 :

365 2084 737 2156 Inquirentes-
772 2090 959 2141 autem
1016 2087 1332 2153 Dominum,
1392 2103 1497 2143 non
1566 2089 1892 2143 minuentur

439 2176 596 2229 omni
625 2175 856 2240 bona-en
899 2176 1217 2247 Diapsalma
1285 2182 1332 2240 ζ.

302 2261 339 2318 C
366 2264 539 2319 Tunc
567 2268 741 2335 egent
760 2263 991 2332 divites,
1015 2265 1251 2337 quando
1282 2282 1398 2322 non
1424 2265 1642 2322 habent
1670 2270 1886 2323 rectam

242 2350 421 2407 ﬁdem.
456 2351 763 2421 Esuriunt,
789 2353 1023 2425 quando
1054 2354 1298 2410 minime
1329 2371 1362 2410 a
1388 2354 1619 2410 Domini
1651 2373 1889 2429 corpore

240 2440 550 2508 satiantur;
575 2441 784 2498 divites
808 2446 1028 2510 ventre,
1053 2444 1376 2500 esurientes
1402 2461 1632 2515 semper
1653 2443 1883 2517 spiritu.

241 2527 373 2592 Quid
401 2527 567 2584 enim
597 2528 851 2587 habeant
880 2530 980 2602 qui
1013 2530 1330 2586 Dominum
1362 2548 1474 2587 non
1509 2531 1767 2587 habent?
1801 2532 1887 2588 ln-

240 2616 531 2688 quirentes
560 2617 875 2674 Dominum
905 2636 1021 2675 non
1053 2619 1323 2676 deﬁcient
1367 2620 1485 2676 ullo
1532 2621 1707 2687 bono,
1741 2638 1884 2694 quo-

240 2705 381 2761 niam
427 2706 730 2780 spirituali
780 2708 1070 2764 desiderio
1126 2709 1524 2781 perfruuntur.
1558 2710 1703 2766 Nam
1749 2728 1883 2766 cum

238 2792 534 2868 diligimus
563 2795 899 2864 Dominum,
924 2796 984 2852 in
1011 2797 1241 2854 Christo
1273 2800 1470 2854 omnia
1502 2798 1845 2871 reperimus.

240 2901 291 2956 11
370 2904 581 2970 Venite,
613 2905 742 2974 ﬁlii,
773 2904 963 2960 audite
990 2921 1076 2960 me
1107 2920 1119 2958 :

364 2993 637 3047 Timorem
665 2994 885 3049 Domini
912 2995 1106 3051 docebo
1130 3011 1240 3051 vos.

295 3079 334 3135 C
358 3081 483 3137 Vox
509 3085 754 3153 paterna
772 3088 945 3138 sonat
965 3083 1032 3138 ad
1058 3082 1191 3139 illos
1214 3084 1314 3157 qui
1340 3085 1529 3157 prima
1550 3085 1885 3141 rudimenta

236 3170 580 3281 gpscipiunt.
606 3176 670 3225 ut
696 3171 936 3228 veniant
975 3173 1044 3227 ad
1086 3173 1259 3228 fidem
1293 3173 1705 3229 Christianam.
1731 3165 1879 3230 Dum
1914 3214 1955 3281 Ο

234 3256 358 3313 dicit
389 3276 402 3314 :
437 3259 675 3314 Docebo
706 3276 826 3325 vos,
851 3261 1129 3317 admonet
1174 3279 1245 3317 ne
1294 3279 1676 3334 pavescamus
1725 3263 1881 3335 quod

235 3346 560 3402 audivimus
591 3346 885 3405 timorem.
913 3350 1039 3405 Non
1083 3354 1173 3406 est
1209 3352 1366 3406 enim
1418 3352 1525 3407 iste
1571 3351 1749 3407 timor
1786 3351 1887 3423 qui

234 3435 591 3503 formidetur,
616 3438 717 3492 sed
740 3438 839 3511 qui
865 3437 1163 3513 diligatur.
1186 3439 1386 3496 Timor
1412 3440 1710 3497 humanus
1731 3458 1890 3497 ama-

236 3525 545 3581 ritudinem
579 3525 775 3594 habet,
802 3527 912 3583 iste
944 3527 1334 3584 dulcedinem.

238 3634 293 3686 12
360 3633 499 3702 Quis
529 3639 610 3691 est
639 3636 798 3690 homo
827 3637 927 3706 qui
955 3636 1073 3691 vult
1102 3638 1277 3692 vitam
1309 3653 1322 3690 :

358 3726 565 3794 Diligit
592 3725 711 3779 dies
741 3723 927 3780 videre
957 3726 1117 3781 bonos
1138 3730 1164 3780 .9

298 3814 336 3868 ll
368 3812 665 3885 Propheta
712 3812 823 3869 hoc
871 3812 1289 3887 interrogando
1337 3815 1759 3890 loquitur,quis
1808 3819 1890 3874 vi-

238 3905 345 3957 tam
373 3907 657 3958 aeternam
688 3901 852 3973 cupit
889 3901 1105 3971 videre,
1139 3908 1200 3959 ut
1232 3921 1367 3960 cum
1417 3906 1636 3962 sanctis
1678 3908 1886 3978 jocun-

237 3991 393 4048 detur
419 3992 479 4047 in
512 4006 699 4064 regno
730 3990 870 4047 Dei?
897 3993 1052 4064 quod
1094 3992 1143 4048 si
1183 3992 1290 4064 vis,
1314 3992 1405 4049 fac
1434 3996 1588 4067 quod
1623 3998 1891 4070 sequitur

236 4084 288 4135 et
311 4080 556 4148 videbis,
592 4080 650 4136 id
699 4084 788 4136 est
844 4079 1090 4137 habebis
1132 4081 1313 4139 vitam
1372 4087 1647 4141 aeternam
1678 4089 1735 4142 et
1765 4086 1888 4143 dies

238 4169 409 4226 bonos
437 4174 498 4226 et
529 4174 805 4225 aeternos.

239 4277 298 4331 13
366 4278 605 4334 Prohibe
637 4277 887 4349 linguam
917 4281 1069 4334 tuam
1097 4296 1131 4334 a
1160 4279 1306 4335 malo
1339 4297 1351 4334 :
1391 4257 1395 4260 i

370 4369 436 4422 Et.
465 4368 621 4423 labia
651 4371 748 4422 tua
780 4384 848 4424 ne
877 4369 1175 4441 loquantur
1202 4369 1408 4424 dolum.

299 4455 340 4511 C
364 4455 616 4512 Prohibe
644 4455 914 4529 linguam
944 4459 1107 4512 tuam
1142 4475 1176 4513 a
1208 4458 1359 4514 malo
1383 4458 1693 4533 colloquio.
1714 4462 1889 4517 Addi-

241 4543 317 4599 dit
339 4544 519 4613 labia,
543 4562 673 4618 quae
707 4544 918 4619 linguae
948 4550 1174 4602 motum
1218 4547 1486 4620 protinus
1517 4566 1887 4623 consequun-
1920 4587 1967 4651 Β

243 4637 344 4689 tur.
369 4634 555 4691 Dolus
584 4638 779 4691 autem
813 4639 921 4703 est,
940 4637 1175 4709 quando
1202 4636 1460 4695 fallimus
1492 4640 1848 4696 audientem.

245 4738 305 4795 14
372 4743 589 4797 Diverte
617 4759 653 4796 a
683 4742 848 4798 malo.
882 4744 949 4798 Et
967 4744 1061 4815 [ac
1090 4742 1290 4799 bonum
1322 4761 1336 4800 :

374 4829 600 4902 Inquire
622 4848 832 4902 pacem.
858 4832 927 4887 Et
946 4849 1270 4905 persequere
1294 4851 1433 4891 eam.

2017 548 2142 621 ipse
2173 549 2327 606 Deus
2360 550 2458 623 qui
2490 549 2742 606 exaudit.

2018 639 2085 694 16
2164 639 2420 707 Vultus—:-
2465 648 2649 697 autem
2692 647 2704 706 ζ
2746 642 2967 697 Domini
2990 658 3153 715 super
3178 642 3444 714 facientes
3474 645 3670 702 mala:

2163 732 2226 787 Ut
2251 731 2443 802 perdat
2466 732 2533 786 de
2562 735 2709 786 terra
2738 732 3061 787 memoriam
3089 748 3297 788 eorum.

2086 822 2126 877 C
2148 822 2228 877 Ne
2250 820 2505 876 dicerent
2534 820 2794 892 pessimi,
2814 820 3015 876 Justos
3044 822 3308 892 attendit,
3335 840 3440 879 nos
3471 828 3670 882 autem

2016 928 2131 966 non
2165 910 2418 983 respicit,
2442 911 2631 966 securi
2664 909 2967 978 faciamus,
2992 911 3126 983 quia
3158 912 3232 968 ab
3279 912 3379 969 illo
3412 914 3671 987 conspici

2015 1018 2130 1056 non
2167 1016 2460 1055 meremur
2502 998 2630 1055 ideo
2674 999 3032 1071 pronuntiat,
3064 999 3291 1056 vultum
3325 1001 3580 1071 Domini,
3610 1003 3669 1059 id

2012 1094 2100 1146 est
2126 1088 2483 1145 intellectum
2506 1088 2591 1143 vel
2624 1087 3150 1145 considerationem
3184 1106 3312 1146 esse
3337 1107 3515 1162 super
3544 1109 3667 1148 ma-

2014 1179 2120 1235 los.
2148 1180 2227 1235 De
2260 1183 2411 1234 terra
2433 1194 2567 1234 vero
2599 1176 2737 1232 dicit
2765 1194 2864 1233 eos
2895 1177 3248 1251 disperdere,
3272 1179 3331 1234 id
3360 1182 3450 1235 est
3478 1180 3549 1235 de
3582 1181 3668 1235 fu-

2013 1274 2147 1325 tura
2176 1268 2577 1342 patria,quam
2609 1265 2715 1323 soli
2744 1267 2858 1326 Deo
2887 1266 3080 1340 placiti
3112 1268 3512 1341 possidebunt.
3539 1269 3667 1325 Per-

2012 1358 2120 1415 ibit
2153 1357 2437 1414 memoria
2464 1374 2687 1423 eorum,
2713 1356 2854 1427 quia
2875 1374 2989 1411 non
3014 1356 3126 1411 erit
3152 1356 3491 1429 iniquorum
3514 1357 3666 1414 inter

2004 1450 2201 1520 justos
2231 1447 2353 1503 ulla
2381 1444 2876 1503 commemoratio.
2903 1446 2947 1500 Η
2980 1445 3081 1500 Vel
3109 1444 3337 1501 vultum
3378 1444 3473 1502 hic
3510 1446 3662 1504 furo-

2012 1555 2138 1595 rem
2192 1535 2600 1609 intelligimus,
2640 1535 2738 1609 qui
2774 1535 3049 1591 minando
3111 1535 3258 1590 iram
3317 1536 3660 1592 memoriam

2014 1626 2231 1699 peccati
2264 1645 2298 1682 a
2326 1631 2482 1682 terra
2511 1624 2816 1697 disperdit.

2014 1718 2080 1773 17
2156 1716 2543 1772 Clamaverunt
2588 1720 2636 1780 με·
2661 1716 2805 1787 justi
2845 1721 2860 1781 ζ
2908 1717 3236 1772 etDomin-us
3282 1716 3567 1771 eam-adivit
3611 1722 3665 1782 ι-ξι

2227 1823 2313 1862 €08
2355 1859 2368 1872 ,
3251 1854 3274 1873 ,

2150 1900 2215 1952 Et
2257 1913 2332 1952 eae
2377 1897 2627 1951 omnibus
2677 1895 3125 1950 tribulationibus
3172 1910 3360 1950 eorum
3407 1896 3665 1950 liberavit

2220 2002 2327 2041 €03.

2070 2076 2111 2132 C
2139 2077 2340 2133 Justos
2363 2074 2651 2131 clamasse
2684 2074 2754 2129 ad
2787 2073 2971 2129 Deum
2994 2073 3154 2140 dicit,
3178 2077 3238 2129 et
3264 2089 3496 2146 semper
3524 2091 3659 2146 pro-

2000 2166 2196 2221 fitetur
2224 2164 2474 2231 auditos,
2503 2163 2784 2235 Martyres
2827 2161 3002 2217 etiam
3032 2164 3204 2234 (quos
3232 2163 3303 2217 de
3348 2160 3657 2234 suppliciis

1995 2259 2377 2328 tyrannorum
2405 2252 2647 2308 minime
2670 2251 2934 2306 liberavit
2956 2250 3132 2319 Deus)
3155 2242 3297 2306 sun’t
3317 2249 3573 2306 exauditi
3596 2253 3655 2306 et

1996 2343 2247 2411 liberati,
2274 2344 2508 2416 quando
2537 2343 2609 2397 ad
2643 2341 2919 2429 caelorpm
2948 2356 3127 2414 regna
3158 2340 3441 2412 perducti,
3467 2341 3651 2395 omni-

1997 2434 2108 2489 bus
2138 2432 2615 2489 tribulationibus
2647 2432 2970 2503 probantur
3001 2430 3176 2485 exuli.

1996 2524 2064 2578 18
2134 2528 2306 2581 Juxta
2335 2531 2415 2579 est
2446 2524 2711 2579 Dominus
2742 2522 2827 2575 his
2868 2523 2962 2593 qui
2991 2520 3255 2577 tribulato
3284 2530 3411 2577 sunt
3439 2520 3597 2577 corde
3628 2540 3646 2576 :

2136 2614 2200 2668 Et
2230 2613 2468 2668 liuiniles
2493 2612 2696 2684 spirilu
2725 2612 2983 2666 salvabit.

2064 2708 2112 2757 Η
2143 2704 2184 2759 C
2212 2704 2388 2759 Juxta
2402 2702 2729 2775 significat,
2758 2717 2875 2755 non
2910 2698 3054 2767 loco,
3080 2700 3181 2754 sed
3215 2697 3448 2755 auxilio.
3472 2701 3513 2755 C
3541 2698 3650 2766 Qui

1993 2792 2273 2848 tribulato
2295 2796 2434 2848 sunt
2451 2792 2643 2857 corde,
2662 2788 2833 2845 multi
2851 2789 3005 2845 enim
3027 2788 3511 2857 tribulantur,sed
3535 2806 3649 2845 non

1993 2898 2061 2937 ex
2089 2883 2279 2949 corde,
2305 2882 2404 2953 qui
2437 2884 2672 2952 peccata
2696 2896 2813 2934 non
2838 2878 3073 2945 deflent,
3099 2879 3199 2933 sed
3233 2878 3533 2933 mundana
3552 2895 3651 2935 eos

1992 2971 2210 3026 damna
2232 2970 2600 3026 contristent.
2627 2968 2672 3023 H
2697 2966 2959 3022 Humiles
2990 2966 3222 3038 spiritu,
3247 2966 3304 3021 id
3336 2971 3424 3023 est
3456 2966 3648 3035 mites,

1991 3077 2140 3132 quos
2166 3060 2432 3115 Christus
2464 3055 2730 3121 salvabit,
2756 3054 3013 3111 ccelestia
3042 3071 3223 3127 regna
3251 3055 3583 3110 tribuendo.

1994 3150 2062 3206 19
2135 3149 2318 3206 Multae
2350 3147 2732 3203 tribulationes
2753 3146 3035 3216 justorum
3058 3162 3076 3198 .-

2136 3241 2200 3293 Et
2229 3237 2293 3293 de
2322 3236 2574 3293 omnibus
2603 3236 2689 3289 his
2720 3234 2974 3289 liberavit
3002 3249 3089 3289 eos
3120 3233 3409 3289 Dominus.

2065 3330 2103 3384 C
2136 3325 2328 3382 Multae
2360 3342 2556 3381 revera
2578 3328 2715 3378 sunt
2740 3321 3483 3393 tribulationesjustorum,
3509 3319 3649 3393 quia

1994 3435 2093 3473 eos
2125 3415 2394 3472 diabolus
2425 3412 2673 3469 validius
2719 3411 3065 3483 insequitur.
3102 3411 3215 3466 Sed
3264 3411 3323 3465 in
3372 3410 3481 3465 hoc
3531 3426 3647 3482 quo

1995 3506 2288 3571 subditur,
2322 3502 2588 3559 liberavit
2634 3518 2733 3557 eos
2781 3500 3065 3556 Dominus
3096 3501 3166 3555 de
3209 3499 3485 3555 omnibus
3530 3498 3644 3566 his,

1995 3593 2324 3651 ostenditur
2344 3590 2602 3665 potentia
2631 3588 2938 3657 Creatoris,
2954 3605 3079 3660 quae
3102 3588 3310 3645 liberat
3320 3589 3552 3659 justum
3576 3587 3647 3643 ab

1996 3684 2274 3740 omnibus
2306 3679 2805 3738 tribulationibus.
2832 3678 2877 3733 H
2908 3678 3054 3744 Quia
3077 3695 3210 3734 vero
3243 3676 3439 3733 multa:
3471 3677 3651 3732 tribu-

1993 3772 2241 3830 lationes
2264 3772 2585 3844 justorum,
2610 3768 2739 3824 ideo
2762 3768 2859 3840 qui
2890 3766 3343 3823 tribulationem
3360 3784 3476 3823 non
3506 3765 3652 3839 pati-

1994 3866 2111 3928 tur,
2137 3863 2338 3934 justus
2370 3876 2485 3915 non
2516 3862 2623 3940 est.

1994 3953 2066 4005 20
2142 3950 2393 4008 Custodit
2419 3956 2473 4015 ἐς
2509 3949 2770 4005 Dominus
2810 3953 2824 4011 ζ
2868 3946 3055 4002 omnia
3078 3962 3199 4002 ossa
3226 3961 3415 4002 eorum
3445 3965 3463 4000 :

2142 4042 2318 4097 Unum
2344 4054 2414 4094 ex
2442 4038 2528 4093 his
2558 4053 2668 4093 non
2696 4042 3021 4092 conteretur.

2067 4130 2108 4186 C
2137 4129 2283 4185 Ossa
2302 4126 2466 4193 dixit,
2487 4125 2750 4182 ﬁdelium
2782 4124 2840 4180 in
2861 4122 3177 4179 virtutibus
3208 4123 3568 4189 ﬁrmitatem,
3591 4120 3649 4177 id

1996 4223 2084 4275 est
2131 4216 2472 4291 patientiam
2523 4220 2579 4269 et
2626 4212 3161 4279 mansuetudinem,
3197 4228 3322 4282 quae
3366 4209 3551 4282 perire
3590 4210 3650 4264 in

1997 4306 2217 4364 sanctis
2248 4310 2568 4377 nequeunt,
2595 4320 2699 4358 nec
2743 4300 2964 4357 conteri
3012 4317 3046 4357 a
3091 4298 3346 4367 diabolo,
3370 4298 3509 4369 quia
3540 4298 3650 4353 Do-

1999 4396 2157 4453 mino
2189 4395 2426 4451 custode
2456 4395 2780 4449 servantur.

1996 4487 2059 4540 21
2140 4488 2287 4541 Mors
2312 4491 2656 4554 peccatorum
2687 4482 2925 4552 pessima
2957 4498 2975 4535 :

2139 4575 2202 4628 Et
2230 4574 2327 4644 qui
2357 4572 2584 4627 oderunt
2612 4572 2825 4642 justum
2851 4568 3188 4642 delinquent.

2069 4666 2107 4717 C
2140 4662 2356 4718 Revera
2386 4660 2645 4733 pessima
2665 4663 2754 4715 est
2783 4675 2943 4715 mors
2974 4660 3345 4730 peccatorum
3368 4655 3509 4728 quia
3527 4672 3654 4712 eam

1999 4755 2215 4807 aeterna
2245 4768 2414 4823 poma
2444 4748 2775 4805 comitatur.
2801 4748 3061 4804 Pessima
3092 4746 3250 4802 enim
3291 4744 3462 4810 dicta,
3489 4743 3656 4815 quasi

1995 4840 2348 4914 pessundata,
2392 4838 2614 4895 scilicet
2660 4837 2849 4910 pcenis
2879 4835 3131 4891 azternis.
3163 4835 3233 4889 Et
3262 4832 3363 4905 qui
3410 4832 3661 4887 oderunt

308 4916 351 4973 Η
379 4917 610 4974 Diverte
642 4936 678 4974 a
708 4919 860 4976 malo
908 4924 967 4977 et
1014 4920 1103 4977 fac
1140 4923 1382 4990 bonum,
1414 4923 1471 4979 id
1521 4930 1609 4982 est
1655 4927 1892 4983 destrue
1992 4933 2246 5003 justum,
2275 4931 2312 4984 ll
2347 4929 2404 4984 id
2435 4934 2523 4984 est
2558 4927 2876 4993 Christum,
2903 4924 3029 4980 sine
3064 4939 3259 4989 causa,
3284 4920 3654 4993 delinquunt,

244 5003 393 5075 vitia,
417 5012 477 5063 et
516 5007 745 5064 aediﬁca
786 5008 1049 5066 virtutes.
1083 5010 1320 5084 lnquire
1367 5030 1590 5085 pacem.
1615 5014 1655 5069 C
1684 5015 1891 5073 Nullus
1999 5019 2057 5076 id
2089 5024 2196 5088 est,
2230 5019 2414 5074 Deum
2461 5015 2877 5086 derelinquunt
2924 5010 3171 5067 odiendo
3217 5010 3459 5077 bonum,
3492 5013 3550 5064 et
3580 5009 3661 5065 ita

246 5099 424 5166 potest
446 5096 749 5168 pervenire
772 5097 844 5153 ad
866 5104 1163 5157 auctorem
1186 5102 1368 5174 pacis,
1394 5101 1508 5159 nisi
1531 5103 1624 5160 hic
1647 5104 1893 5179 diligen-

247 5183 355 5241 tius
383 5202 491 5257 per
520 5202 669 5259 pura
696 5203 873 5259 opera
903 5188 1182 5261 inquirat.

250 5272 311 5329 15
380 5277 550 5332 Oculi
575 5277 799 5332 Domini
825 5294 989 5350 super
1004 5280 1182 5350 justas
1215 5297 1229 5336 :

377 5363 445 5417 Et
474 5374 635 5420 aures
657 5366 775 5437 ejus
806 5366 863 5421 in
891 5383 1078 5438 preces
1106 5385 1314 5425 eorum.

313 5450 353 5507 C
370 5452 524 5509 Cum
544 5452 863 5523 dicit,oculi
886 5455 1117 5512 Domini
1135 5475 1200 5514 su
1208 5461 1539 5532 perjustos,
1555 5463 1895 5518 continuam
1957 5476 1965 5485 ’

252 5542 497 5609 gratiam
534 5542 852 5599 divinitatis
891 5547 1165 5602 ostendit.
1193 5548 1237 5603 Η
1269 5550 1338 5604 Et
1377 5566 1547 5606 aures
1577 5552 1726 5621 ejus,
1761 5551 1898 5624 quia

256 5629 537 5704 quidquid
552 5633 734 5689 sancti
760 5638 967 5707 rogant
981 5636 1051 5692 de
1071 5636 1244 5703 bono,
1260 5640 1495 5695 exaudit
1514 5646 1684 5697 Deus.
1700 5642 1740 5697 C
1762 5645 1895 5708 Quae

2002 5109 2075 5165 ad
2106 5112 2353 5164 mortem
2411 5110 2687 5161 externam
2746 5105 3005 5174 peccant.
3039 5099 3142 5155 Vel
3193 5099 3449 5172 justum,
3478 5099 3535 5157 id
3568 5102 3659 5156 est

2007 5211 2493 5268 unumquemque
2524 5196 2817 5248 sanctum.

2003 5289 2075 5341 22
2148 5285 2388 5341 Redimet
2415 5284 2674 5339 Dominus
2700 5282 2915 5336 animas
2944 5295 3224 5335 servorum
3246 5294 3469 5335 suorum
3498 5296 3516 5334 :

2149 5377 2211 5430 Et
2238 5390 2343 5429 non
2376 5374 2693 5443 delinquent
2722 5386 2903 5426 omnes
2934 5370 3029 5441 qui
3057 5373 3279 5439 sperant
3312 5369 3367 5422 in
3399 5384 3478 5423 eo.

2077 5466 2121 5520 H
2156 5464 2420 5520 Redimet
2463 5459 2767 5527 Dominus,
2802 5458 3022 5515 scilicet
3051 5456 3336 5531 sanguine
3382 5456 3656 5528 pretioso.

2005 5556 2044 5611 C
2077 5555 2216 5627 quia
2247 5553 2347 5624 qui
2380 5554 2436 5607 in
2470 5551 2595 5623 ipso
2645 5553 2797 5605 recte
2845 5549 3176 5615 crediderit,
3210 5565 3243 5601 a
3288 5551 3658 5620 peccatorum

2006 5645 2201 5700 debita
2261 5640 2591 5715 captivitate
2652 5638 2979 5696 redimitur.
3031 5638 3272 5693 Animas
3329 5638 3661 5708 frequenter
