4122 6184
408 301 528 363 M7

1347 296 1412 358 S.
1456 295 1723 359 BRUNO
1767 294 2391 360 HERBIPOLENSIS
2435 295 2889 360 EPISCOPUS.

3715 288 3848 352 148

408 434 717 509 Scriptum
742 431 938 490 divina
965 429 1125 506 ponit
1159 445 1264 503 pro
1290 427 1652 485 hominibus.
1675 426 1914 484 Addidit
1943 445 2062 484 ser-
2094 429 2149 496 Α
2209 430 2247 484 5
2319 430 2648 486 Avertantur
2673 433 2978 484 retrorsum
3005 432 3058 482 et
3081 423 3490 497 confundantur
3517 441 3535 480 :

411 541 618 581 verum
650 539 914 589 suorum,
945 521 1002 576 id
1034 523 1122 576 est
1159 536 1274 576 non
1322 517 1532 590 iniqua
1576 517 1845 574 libertate
1875 517 2070 573 viven-

413 611 586 668 tium.
611 611 657 666 C
694 611 766 666 Et
810 625 926 665 non
975 607 1296 678 delinquet,
1321 604 1544 662 scilicet
1581 613 1844 678 tanquam
1886 613 2072 678 pastor

419 701 612 758 bonus.
647 699 694 754 H
739 698 937 770 Neque
982 695 1097 762 hic,
1130 709 1321 768 neque
1367 694 1426 752 in
1478 693 1762 760 futuro,C
1789 694 1891 767 qui
1942 710 2072 766 spe-

417 793 552 845 rant
581 789 640 844 in
671 803 828 854 eum,
861 803 974 842 non
1005 784 1065 840 in
1096 784 1347 856 propriis
1373 783 1598 840 viribus
1629 787 2070 856 praesumentes.

883 906 1086 948 ORATIO
1116 908 1184 947 sx
1217 907 1376 962 PSAL,
1407 908 1606 946 xxxm.

488 1000 842 1074 Angelorum
874 1003 932 1056 et
974 999 1152 1055 totius
1202 1003 1480 1055 creaturae
1529 997 1864 1072 dispositor,
1899 998 2078 1068 Deus,

417 1091 618 1148 emitte
653 1087 929 1162 angelum
961 1091 1132 1144 tuum
1165 1087 1225 1142 in
1251 1087 1498 1144 circuitu
1525 1090 1745 1155 nostro,
1769 1086 1940 1160 cujus
1963 1104 2080 1143 am-

413 1177 638 1236 bitione
659 1176 894 1246 muniti,
922 1193 1254 1233 mereamur
1278 1194 1312 1232 a
1342 1180 1710 1249 peccatorum
1739 1179 1927 1232 morte
1957 1193 2082 1247 pes-

421 1268 574 1326 sima
604 1267 861 1324 liberari.
885 1266 992 1323 Per
1034 1265 1348 1321 Dominum
1379 1268 1646 1320 nostrum
1677 1263 1881 1320 Jesum
1912 1263 2080 1320 Chri-

425 1362 609 1427 stum,
642 1360 751 1412 etc.

955 1461 1283 1518 PSALMUS
1321 1460 1556 1517 XXXIV.

840 1567 1242 1608 ARGUMENTUM
1282 1568 1440 1610 PSAL.
1480 1567 1668 1606 XXXIV.

501 1677 544 1734 C
573 1677 838 1734 Christus
866 1677 940 1733 de
969 1693 1080 1733 sua
1125 1677 1397 1750 passione
1425 1675 1568 1732 dicit
1595 1677 1668 1731 ad
1697 1677 1950 1744 Patrem,
1984 1691 2084 1748 pe-

431 1770 561 1824 tens
592 1783 655 1824 se
684 1767 758 1824 ab
779 1765 1162 1824 inimicorum
1193 1765 1596 1839 persecutione
1624 1763 1878 1821 liberari.

928 1857 1043 1912 TT.
1082 1857 1270 1928 +Ipsi
1313 1862 1326 1924 ζ
1394 1855 1584 1911 David.

501 1945 542 2002 C
572 1945 754 2002 David
777 1945 952 2018 (sicut
979 1945 1261 2018 diximus)
1284 1945 1432 2002 duas
1462 1942 1924 2017 signiﬁcationes
1963 1959 2092 1998 am-

433 2033 728 2108 plectitur,
751 2049 932 2090 manu
966 2034 1133 2091 fortis
1159 2038 1218 2090 et
1239 2033 1666 2102 desiderabilis,
1692 2032 1847 2104 quod
1869 2037 2094 2088 utrum-

431 2139 546 2196 que
575 2123 822 2180 Domino
852 2123 1137 2180 Salvatori
1169 2128 1392 2180 certum
1424 2127 1512 2180 est
1539 2121 1867 2180 convenire.

473 2212 497 2266 1
576 2212 799 2280 Judica,
837 2213 1082 2280 Domine,
1114 2221 1366 2269 nocentes
1396 2229 1480 2268 me
1512 2231 1530 2267 :

580 2301 851 2374 Expugna
881 2303 1261 2376 impugnantg
1290 2317 1393 2358 me.

509 2389 807 2446 CClamat
861 2389 1127 2466 Christus
1181 2407 1251 2446 ex
1307 2391 1570 2446 humana
1623 2387 1988 2459 inﬁrmitate,
2030 2391 2097 2444 ut

441 2478 800 2534 damnentur
819 2484 1112 2549 nocentes,
1133 2480 1194 2536 id
1214 2482 1321 2551 est,
1341 2478 1610 2535 diabolus
1630 2494 1764 2533 cum
1790 2475 2097 2542 ministris,

445 2566 633 2624 malos
662 2565 822 2624 enim
853 2568 1122 2641 judicare
1169 2570 1450 2624 damnare
1497 2573 1602 2624 est.
1636 2566 1745 2632 Qui
1789 2567 2098 2640 impugnat

443 2671 721 2728 superare
759 2657 1076 2714 contendit.
1103 2657 1210 2722 Qui
1257 2660 1644 2730 expugnatur,
1677 2656 1804 2728 jam
1857 2653 2096 2710 omnino

439 2744 1068 2802 victusest.1mmundi
1087 2745 1331 2818 spiritus
1345 2746 1786 2819 impugnatores
1797 2743 2093 2810 dicuntur,

441 2833 585 2907 quia
616 2833 753 2892 licet
772 2839 1005 2892 sanctos
1028 2836 1258 2892 vincere
1295 2837 1609 2908 nequeant,
1635 2833 1978 2891 contendere
2007 2836 2096 2888 ta-

441 2939 579 2980 men
611 2940 747 2980 cum
777 2923 862 2981 eis
889 2941 1006 2981 non
1040 2925 1353 2982 desistunt.

474 3015 512 3067 2
582 3013 932 3086 Apprchemie
959 3030 1119 3070 arma
1145 3020 1196 3070 et
1222 3021 1436 3070 scutum
1467 3031 1487 3068 .-

577 3104 643 3158 Et
669 3118 902 3175 exsurge
929 3103 992 3158 in
1019 3103 1357 3174 adjutorium
1385 3101 1530 3157 mihi
1561 3120 1577 3156 :

2323 520 2630 588 Cogitantcs
2659 517 2802 573 mihi
2828 517 2998 572 mala.

2251 608 2292 663 C
2321 607 2510 664 Averti
2560 611 2757 663 autem
2789 609 3136 674 retrorsum,
3168 621 3284 660 non
3331 603 3546 659 dicitur
3573 603 3690 659 nisi
3720 601 3861 658 illis

2183 695 2283 768 qui
2315 695 2642 773 corrigendi
2663 695 3028 768 judicantur,
3053 697 3120 748 ut
3137 693 3305 749 Petro
3331 709 3344 748 :
3371 691 3513 748 Redi
3538 695 3692 750 retro
3725 708 3858 760 me,

2183 785 2403 842 Satana
2431 783 2648 856 (Matth.
2671 785 2813 851 xw.)
2834 781 2941 846 Qui
2983 781 3240 856 cogitant
3295 780 3415 838 sive
3469 781 3539 837 de
3595 780 3861 852 Judaais,

2185 873 2304 930 sive
2337 875 2408 930 de
2437 872 2748 940 haereticis,
2774 873 2892 928 sive
2931 872 3002 928 de
3031 871 3276 944 paganis
3308 869 3472 938 dixit,
3498 869 3653 926 mala
3684 870 3860 927 enim

2187 980 2391 1019 omnes
2423 960 2828 1034 cogitant,qui
2881 965 3091 1035 praeter
3119 959 3466 1016 catholicam
3510 959 3688 1016 ﬁdem
3739 959 3860 1015 ali-

2189 1070 2326 1126 qua,
2361 1069 2538 1126 prava
2565 1051 2886 1107 intentione
2917 1051 3124 1107 docere
3153 1049 3438 1107 festinant
3469 1068 3482 1116 ;

2223 1143 2260 1196 6
2331 1143 2496 1198 Fiant
2523 1145 2787 1214 tanquam
2813 1141 2996 1212 pulvis
3023 1147 3150 1196 ante
3174 1141 3379 1212 faciem
3407 1141 3558 1196 venti
3585 1159 3605 1200 :

2330 1239 2386 1298 -ξη
2429 1232 2497 1287 Et
2539 1235 2553 1297 ζ
2594 1231 2824 1300 angelus
2852 1229 3070 1286 Domini
3097 1235 3379 1286 coarctans
3403 1234 3460 1292 σε-
3504 1244 3591 1284 eos
3631 1235 3646 1293 ζ

2263 1321 2310 1376 Η
2343 1318 2556 1388 Pulvis,
2583 1318 2736 1376 leves
2757 1322 2813 1375 et
2843 1317 3192 1374 infructuosi
3222 1317 3492 1373 homines
3512 1317 3654 1373 dicti
3684 1321 3860 1385 sunt,

2192 1409 2334 1480 quia
2355 1409 2507 1464 sicut
2537 1407 2728 1481 pulvis
2749 1425 2784 1464 a
2802 1412 2991 1476 vento,
3018 1407 3104 1464 sic
3134 1411 3468 1480 peccatores
3499 1423 3534 1460 a
3561 1406 3870 1462 sententia

2192 1497 2390 1553 divina
2416 1497 2477 1552 in
2510 1497 2604 1552 die
2625 1495 2837 1569 judicii
2867 1493 3276 1569 proﬁciuntur.
3309 1493 3566 1567 Angelus
3591 1493 3863 1563 Domini,

2192 1586 2252 1642 id
2282 1590 2373 1642 est
2401 1586 2648 1658 spiritus
2693 1584 2904 1654 malus,
2931 1601 3048 1640 non
3097 1588 3328 1652 natura,
3355 1583 3457 1639 sed
3499 1599 3608 1640 sua
3637 1583 3858 1640 inven-

2193 1675 2372 1732 tione.
2397 1675 2662 1732 Coarctat
2682 1692 2801 1742 eos,
2823 1673 2884 1729 id
2906 1679 2996 1730 est
3019 1674 3079 1730 in
3103 1677 3390 1747 quantum
3413 1675 3622 1746 potest,
3656 1687 3866 1744 perse-

2196 1765 2399 1838 quitur
2423 1781 2544 1830 eos,
2577 1763 2635 1820 id
2669 1768 2758 1820 est
2787 1766 3072 1838 quantum
3120 1761 3232 1818 sibi
3264 1761 3642 1835 permittitur.
3667 1761 3869 1818 Habet

2201 1855 2360 1910 enim
2390 1853 2660 1910 diabolus
2697 1851 3061 1908 voluntatem
3103 1851 3371 1918 nocendi,
3401 1851 3502 1906 sed
3535 1867 3651 1905 non
3679 1850 3873 1907 habet

2201 1946 2547 2016 potestatem
2579 1942 2848 2005 faciendi.

2233 2035 2268 2088 7
2341 2035 2473 2090 Fiat
2502 2033 2592 2086 via
2621 2031 2855 2088 illorum
2885 2031 3125 2088 tenebrat:
3151 2037 3206 2087 et
3231 2029 3505 2086 lubricum
3533 2047 3554 2085 :
3665 2060 3686 2068 ο

2345 2123 2410 2178 Et
2438 2122 2669 2192 angelus
2696 2122 2918 2176 Domini
2941 2135 3270 2193 persequens
3297 2135 3403 2176 eos.

2251 2211 2318 2273 _C
2343 2209 2471 2279 Via,
2503 2209 2562 2264 id
2594 2213 2684 2266 est
2713 2227 2907 2281 opera,
2941 2209 3257 2266 tanebrosa
3295 2207 3414 2264 illis
3444 2208 3605 2274 ﬁant,
3631 2212 3698 2263 ut
3727 2207 3874 2264 bor-

2205 2305 2372 2356 reant
2401 2298 2558 2355 mala
2587 2298 2775 2354 facere
2821 2297 3170 2366 Lubricu,ut
3195 2296 3256 2354 in
3293 2295 3516 2354 eisdem
3545 2300 3702 2352 stare
3731 2296 3873 2352 diu-

2205 2389 2325 2445 tius
2351 2405 2468 2444 non
2499 2387 2747 2462 possint.
2781 2388 2850 2442 Et
2889 2387 2940 2442 si
2974 2386 3331 2442 decreverint
3377 2377 3514 2457 plus
3557 2384 3874 2441 immorari

2203 2478 2392 2535 virtus
2421 2477 2652 2534 Domini
2683 2479 3072 2549 persequatur
3099 2491 3220 2542 eos,
3241 2475 3326 2530 ita
3353 2479 3420 2530 ut
3451 2475 3509 2530 in
3541 2473 3874 2532 sceleribus

2205 2569 2334 2625 suis
2380 2567 2612 2640 longius
2643 2566 2860 2622 haerere
2912 2582 3026 2622 non
3079 2565 3254 2632 sinat,
3287 2563 3386 2638 qui
3435 2565 3505 2619 ad
3554 2563 3871 2621 interit-um

2207 2657 2506 2714 festinant.

2237 2750 2274 2802 8
2347 2747 2623 2818 Quoniam
2649 2746 2822 2816 gratis
2849 2743 3255 2800 absconderant
3269 2743 3418 2799 mihi
3457 2743 3741 2798 interitum
3775 2741 3871 2799 la-

2421 2837 2547 2908 quei
2573 2836 2660 2890 sui
2688 2853 2706 2888 :

2344 2929 2691 2997 Supervacue
2717 2922 3184 2994 exprobrauerunt
3209 2923 3458 2979 animum
3482 2936 3680 2977 meam.

2272 3013 2316 3067 C
2344 3012 2792 3068 Absconderunt
2839 3010 2984 3066 mihi
3026 3009 3228 3082 gratis,
3260 3010 3322 3066 id
3367 3014 3460 3066 est
3503 3008 3631 3066 sine
3659 3025 3870 3077 causa,

2205 3100 2430 3158 scilicet
2455 3100 2665 3168 Judaei,
2701 3105 2765 3156 ut
2799 3099 2883 3155 illi
2914 3098 3226 3172 putabunt.
3259 3097 3369 3164 Qui
3401 3097 3558 3156 enim
3588 3096 3872 3156 divinita-

507 3192 739 3248 CArma
759 3193 831 3248 ab
859 3191 1093 3248 arcendo
1119 3192 1279 3248 dicta
1306 3190 1638 3262 sunt,quod
1666 3205 1768 3262 per
1795 3206 1865 3246 ea
1893 3189 2092 3244 hostes
2123 3177 2166 3244 C
2205 3191 2281 3246 tis
2309 3191 2440 3262 ejus
2473 3189 2794 3262 potentiam
2823 3205 2940 3244 non
2969 3187 3308 3254 credebant,
3353 3185 3440 3242 illi
3485 3186 3774 3259 putabant
3803 3203 3875 3242 se

433 3278 888 3336 violentissimos
927 3296 1260 3347 arceamus;
1296 3295 1400 3352 per
1427 3295 1614 3346 arma,
1638 3278 1896 3335 scelestis
1927 3278 2094 3350 adju-

427 3367 615 3436 toria;
637 3385 740 3440 per
759 3373 1016 3434 scutum,
1041 3367 1238 3424 divina
1258 3367 1536 3440 protectio
1554 3367 1919 3440 designatur.
1949 3369 2093 3422 Scu-

439 3461 567 3511 tum
595 3455 755 3512 enim
784 3455 1004 3512 dictum
1039 3461 1130 3513 est
1171 3455 1342 3528 quasi
1371 3457 1662 3527 scutptum,
1697 3456 1850 3528 quod
1882 3455 1939 3510 in
1969 3457 2096 3527 ipso

435 3545 665 3617 antiqui
697 3545 848 3600 facta
871 3563 980 3602 sua
1007 3545 1337 3618 signabant.
1363 3543 1499 3600 Sola
1527 3561 1659 3600 vero
1689 3544 1960 3601 voluntas
1991 3546 2099 3601 Do-

443 3633 588 3690 mini
617 3639 707 3690 est
759 3651 877 3706 qua
922 3634 1173 3706 protegit
1219 3633 1668 3706 periclitantem,
1700 3638 1757 3689 et
1803 3638 2099 3707 expugnat

443 3723 780 3779 adversum.

476 3813 512 3868 3
583 3811 820 3886 Effunde
859 3811 1138 3888 frameam
1167 3819 1217 3868 et
1251 3811 1511 3868 conclude
1555 3811 1810 3868 adversus
1863 3828 1950 3869 eos
2003 3813 2100 3885 qui

652 3910 1054 3975 persequuntur
1079 3917 1168 3957 me
1195 3921 1214 3957 :

583 3993 680 4047 Dic
707 3993 914 4048 animae
941 4007 1082 4048 mea?
1111 4010 1130 4046 :
1160 3992 1320 4048 Salus
1347 3998 1443 4046 tua
1470 4006 1564 4063 ego
1593 4007 1736 4046 sum.

513 4079 560 4136 H
592 4083 835 4136 Framea
861 4079 958 4136 hic
995 4079 1343 4154 intelligitur
1383 4079 1582 4136 anima
1612 4078 1828 4135 Christi
1859 4077 1944 4134 vel
1991 4095 2096 4134 cu-

431 4168 682 4241 juslibet
710 4169 918 4236 sancti,
943 4169 1083 4242 quia
1111 4171 1264 4226 Deus
1297 4186 1400 4242 per
1428 4168 1688 4224 animam
1718 4166 1930 4224 Christi
1966 4167 2100 4225 fecit

437 4258 756 4315 vindictam
777 4264 983 4316 contra
1014 4257 1407 4326 diabolum,et
1436 4275 1540 4331 per
1569 4258 1830 4314 animam
1852 4257 2096 4329 cujusli-

443 4347 540 4403 bet
570 4347 756 4404 sancti
788 4347 926 4404 facit
969 4349 1305 4418 vindictam,
1327 4347 1482 4403 sicut
1530 4363 1632 4420 per
1680 4346 1914 4403 Petrum
1965 4346 2101 4402 fecit

441 4435 676 4490 Ananiae
699 4440 755 4492 et
776 4435 1034 4509 Saphiraz
1058 4437 1193 4509 (Act.
1221 4440 1300 4504 v).
1325 4437 1393 4492 Et
1411 4435 1712 4492 concludo.
1739 4435 1888 4490 Petit
1905 4434 2100 4490 Eccle-

2205 3279 2587 3336 abscondissc
2615 3278 2938 3334 interitum.
2971 3277 3124 3334 Bene
3162 3275 3384 3334 dictum
3413 3279 3528 3342 est,
3561 3273 3874 3332 interitum

2203 3367 2396 3440 laquei
2445 3368 2560 3435 sui,
2592 3367 2734 3440 quia
2780 3365 2880 3423 ille
2926 3365 3175 3438 laqueus
3223 3379 3339 3422 non
3388 3364 3696 3420 morientis
3735 3368 3877 3419 erat

2205 3457 2457 3525 Domini,
2492 3458 2593 3513 sed
2626 3455 2923 3529 peccantis
2952 3455 3246 3511 interitus.
3273 3453 3662 3526 Supervacua,
3686 3452 3748 3510 id
3771 3456 3876 3510 est

2206 3545 2350 3603 false
2381 3547 2894 3618 exprobraverunt,
2918 3544 3154 3617 quando
3183 3543 3414 3600 Christo
3443 3542 3602 3598 dicta
3629 3558 3737 3598 sua
3767 3557 3874 3598 ve-

2207 3635 2365 3692 racia
2393 3635 2560 3708 quasi
2591 3633 2829 3706 aliquod
2857 3633 3082 3690 crimen
3107 3632 3498 3688 imuutabant.
3524 3631 3572 3688 H
3602 3631 3672 3686 Et
3692 3629 3879 3686 inuti-

2205 3724 2338 3782 liter
2365 3727 2629 3799 egerunt,
2652 3724 2793 3796 quia
2839 3721 3206 3795 exprobratio
3237 3721 3350 3778 ista
3380 3719 3602 3777 nullam
3657 3719 3878 3778 habuit

2207 3813 2542 3870 utilitatem.
3795 3821 3802 3828 ‘

2241 3903 2276 3956 9
2355 3905 2544 3961 Veniat
2573 3903 2664 3959 illi
2693 3904 2918 3975 laqueus
2943 3917 3106 3975 quem
3135 3901 3351 3972 ignorat
3371 3918 3388 3956 :
3411 3906 3467 3955 et
3489 3899 3670 3970 captio
3691 3913 3874 3972 quam

2421 3991 2704 4049 abscondit
2733 3989 3105 4063 apprehendat
3133 4006 3260 4046 cum
3289 4006 3310 4042 :

2368 4073 2453 4150 $3-
2502 4083 2567 4136 Et
2611 4088 2624 4146 ζ
2670 4083 2726 4136 in
2761 4081 3016 4150 laqueum
3043 4079 3274 4144 cadat-:—
3297 4079 3358 4134 in
3389 4078 3570 4150 ipsum
3611 4082 3624 4142 ξ

2279 4171 2324 4226 Η
2357 4169 2660 4226 Excidium
2695 4167 2838 4224 illud
2865 4169 3124 4224 minatur
3140 4166 3428 4238 Propheta
3450 4165 3608 4239 quod
3633 4163 3878 4222 advenit

2207 4259 2426 4318 Judaeis
2459 4259 2516 4313 in
2551 4257 2913 4330 temporibus
2958 4255 3327 4329 Vespasiani.
3351 4255 3420 4312 Et
3449 4253 3662 4327 captio,
3687 4269 3874 4325 quam

2207 4348 2665 4415 occultaverunt,
2699 4345 3086 4418 apprehendit
3114 4362 3233 4414 eos,
3258 4345 3315 4400 id
3345 4349 3434 4400 est
3473 4360 3630 4399 mors
3662 4358 3874 4414 repen-

2207 4439 2351 4504 tina,
2375 4455 2556 4509 quam
2590 4434 2834 4492 Domino
2867 4438 3066 4490 nostro
3099 4433 3490 4490 moliebantur
3518 4431 3767 4488 occulto.

445 4523 553 4591 sia,
576 4527 642 4579 ut
679 4523 988 4580 concludat
1037 4525 1401 4581 adversarios
1449 4541 1610 4591 suos,
1636 4541 1709 4580 ne
1750 4523 1978 4580 valeant
2027 4525 2098 4578 ad
2135 4545 2178 4608 D
2215 4529 2279 4584 10
2352 4527 2553 4582 Anima
2580 4533 2763 4582 autem
2793 4541 2915 4580 mea
2943 4524 3244 4580 exsultabit
3271 4525 3334 4578 in
3361 4523 3590 4578 Domino
3619 4540 3638 4576 .-

443 4613 777 4670 nocendum
807 4613 984 4670 exire.
1017 4613 1119 4670 Die
1159 4613 1366 4669 animo:
1397 4629 1560 4679 mea),
1595 4618 1660 4669 ut
1689 4617 1744 4668 te
1793 4611 2100 4686 intelligat,

443 4701 587 4775 quin
618 4706 679 4758 tu
707 4701 871 4758 salus
901 4701 1030 4774 ejus
1056 4717 1144 4758 es.

483 4793 516 4847 4
589 4791 1005 4864 Con/vndantur
1030 4795 1084 4848 et
1112 4797 1484 4860 revereantur,

589 4883 903 4950 Quaerentcs
929 4883 1178 4937 animam
1199 4896 1404 4936 meam.

517 4973 557 5024 C
584 4970 894 5037 Confundi,
923 4970 1080 5026 enim
1116 4971 1268 5027 facta
1299 4987 1406 5026 sua
1431 4969 1774 5026 erubescere
1804 4973 1863 5025 et
1894 4969 1954 5025 in
1985 4986 2101 5025 me-

443 5056 562 5117 lius
593 5063 972 5116 commutare.
1006 5061 1151 5115 Nam
1201 5059 1338 5116 licet
1384 5059 1614 5114 contusi
1663 5056 1954 5126 dicantur,
1998 5057 2100 5131 qui

446 5146 869 5202 convincuntur
897 5149 969 5202 ad
1004 5165 1254 5221 prauam,
1280 5153 1475 5204 tamen
1508 5152 1571 5203 ut
1601 5147 1695 5203 hic
1735 5149 1807 5204 ad
1857 5165 2100 5204 conver-

446 5235 670 5291 sionem
719 5235 1075 5308 intelligeres
1110 5238 1516 5293 confusionem
1566 5237 1826 5310 petitam.
1855 5236 2098 5304 addidit,

446 5327 840 5391 revereantur,
872 5324 930 5378 id
963 5329 1050 5378 est
1093 5327 1383 5381 emendati
1415 5326 1664 5398 diligant
1691 5340 1865 5397 quem
1901 5343 2102 5398 perse-

442 5412 751 5482 quendum
781 5428 910 5467 esse
955 5419 1319 5484 putaverant.
1345 5415 1678 5478 Quaerentes
1727 5413 2008 5483 animam,
2042 5415 2100 5470 in

450 5500 667 5556 malam
718 5505 940 5572 partem
971 5501 1247 5574 dicit,qui
1305 5501 1526 5558 scilicet
1582 5503 1678 5576 sic
1725 5508 1992 5574 qumrunt
2041 5508 2105 5560 ut

455 5606 584 5645 eam
618 5607 650 5645 τι
677 5605 918 5662 corpore
945 5607 1251 5665 segregare
1282 5592 1575 5649 festinent.

2358 4617 2420 4670 Et
2449 4614 2808 4671 delectabitur
2834 4629 2998 4685 super
3026 4613 3266 4668 salutari
3290 4627 3408 4668 suo.

2280 4704 2321 4760 C
2347 4704 2539 4760 Prima
2580 4703 2795 4775 quippe
2835 4707 3048 4758 sanctae
3081 4701 3290 4758 animae
3321 4699 3621 4758 beatitudo
3651 4703 3742 4755 est
3771 4715 3876 4754 ex-

2209 4791 2428 4850 sultare
2449 4793 2508 4849 in
2536 4792 2803 4848 Domino.
2819 4789 3216 4847 Delectabitur
3234 4805 3412 4864 super
3430 4788 3686 4846 salutare
3715 4788 3875 4860 ejus.

2208 4882 2255 4938 H
2285 4881 2574 4938 Salutaris
2609 4885 2828 4946 noster,
2859 4878 3124 4937 Christus
3155 4883 3263 4947 est,
3297 4877 3438 4952 quia
3479 4877 3539 4933 in
3582 4891 3648 4933 eo
3677 4873 3878 4931 deiec-

2207 4971 2430 5028 tabitur
2459 4969 2738 5026 Ecclesia.

2210 5063 2270 5116 11
2351 5061 2564 5118 Omnia
2592 5075 2706 5115 ossa
2736 5075 2856 5114 mea
2886 5057 3069 5114 dicent
3099 5076 3118 5112 :

2351 5151 2594 5215 Domine,
2627 5149 2762 5218 Quis
2789 5147 2992 5203 similis
3021 5149 3124 5204 tui.

2280 5243 2320 5294 C
2347 5239 2494 5294 Ossa
2524 5237 2924 5292 fortitudinem
2956 5236 3137 5292 animi
3177 5239 3237 5291 et
3277 5233 3671 5291 constantiam
3706 5249 3878 5288 men-

2209 5327 2285 5382 tis
2317 5326 2670 5400 signiﬁcant,
2717 5341 2844 5396 qua:
2895 5325 3102 5380 merito
3152 5324 3388 5380 ossibus
3432 5325 3878 5394 comparantur,

2207 5416 2350 5489 quia
2379 5414 2532 5472 sicut
2561 5413 2658 5467 illa
2689 5429 2922 5484 corpus,
2957 5413 3039 5470 ita
3067 5417 3124 5470 et
3155 5413 3276 5469 hzec
3294 5415 3528 5470 sanctas
3544 5409 3881 5467 voluntates

2213 5505 2608 5560 corroborant.
2635 5502 2676 5558 C
2697 5501 2858 5569 Quis,
2879 5503 3212 5576 negativum
3238 5507 3354 5572 est;
3379 5499 3594 5556 similis
3613 5499 3718 5568 tui,
3741 5498 3790 5554 Η
3815 5498 3877 5554 id

2213 5597 2303 5650 est
2333 5592 2552 5649 nullus.
2585 5591 2690 5658 Qui
2723 5595 2917 5664 potest
2947 5590 3162 5649 similis
3193 5607 3322 5647 esse
3351 5589 3467 5648 Deo
3487 5591 3516 5645 ‘3
