4086 6180
263 332 370 403 M9

264 468 324 537 12
388 462 627 538 Eripieus
656 461 871 535 inopem
897 459 963 519 de
989 477 1159 518 manu
1186 461 1482 533 fortiorum
1507 461 1625 535 ejus
1654 479 1673 517 :

388 558 626 627 Egenum
653 560 707 608 et
729 568 1023 624 pauperem
1052 569 1087 606 a
1114 550 1507 623 diripientth
1533 567 1679 608 eum.

323 645 362 702 Ο
388 642 606 716 Eripuit
634 641 902 699 Christus
931 656 1077 713 pene
1104 644 1293 697 totum
1327 657 1514 714 genus
1560 641 1888 703 humanum

262 736 325 791 de
352 732 443 789 illa
472 732 749 806 potestate
777 728 996 786 diaboli
1028 729 1128 803 qui
1159 734 1299 786 tunc
1330 746 1434 804 per
1470 729 1763 787 mundum
1795 747 1885 786 re-

256 822 663 899 gnabatﬂomo
692 818 849 876 enim
881 822 1007 875 erat
1040 818 1207 892 inops
1240 835 1253 873 :
1289 818 1428 892 quia
1458 818 1888 893 mortalis,ege-

260 930 378 984 nus,
411 910 545 984 quia
567 910 627 965 in
658 907 856 965 labore
885 912 942 966 et
971 908 1187 965 sudore
1216 925 1426 981 panem
1455 908 1891 983 quaesivit.Pau-

257 1022 366 1078 per,
393 1001 530 1075 quia
556 1000 628 1058 de
650 998 942 1073 sapientia
986 1002 1043 1054 et
1088 998 1341 1071 puritate
1389 999 1651 1070 dejectus
1682 1016 1717 1054 a
1744 997 1887 1054 diri-

257 1091 532 1166 pientibus
574 1087 896 1145 immundis
947 1087 1275 1160 spiritibus,
1308 1087 1493 1145 solam
1547 1092 1782 1145 tenuem
1832 1090 1891 1144 et

256 1177 611 1252 ambs-atillam
644 1176 1043 1235 ratiunculam
1074 1176 1430 1250 possidebat.

256 1271 315 1327 :3
374 1272 667 1339 Sui-gentes
691 1274 849 1331 usus
880 1268 1066 1340 iniqui
1094 1286 1112 1322 .-

376 1361 514 1430 Quz
544 1358 868 1427 ignorabam
898 1357 1322 1429 interrogabant
1350 1372 1453 1412 me.

312 1448 350 1502 C
377 1447 540 1504 Nunc
567 1448 991 1505 commemorat
1032 1444 1297 1501 Christus
1349 1445 1420 1500 de
1470 1443 1704 1517 propria
1752 1459 1885 1516 pas-

246 1536 415 1605 sione.
446 1533 663 1613 Contra
690 1550 827 1591 eum
858 1534 1016 1591 enim
1044 1537 1225 1590 testes
1256 1533 1451 1591 subito
1496 1534 1716 1606 impetu
1749 1550 1884 1589 con-

249 1626 576 1701 surgebant,
606 1639 805 1683 revera
836 1621 1042 1699 iniqui,
1075 1624 1215 1697 quia
1262 1627 1430 1681 erant
1476 1627 1680 1679 contra
1708 1622 1884 1694 aequi-

248 1719 410 1779 tatem
434 1712 976 1779 lacutm'iAddidit,
1010 1712 1375 1786 ignorabam,
1408 1712 1464 1768 id
1498 1716 1588 1768 est
1619 1710 1729 1784 ipsi
1753 1727 1885 1769 uar-

251 1806 438 1875 rabant
465 1803 575 1863 illa
598 1820 726 1876 quze
760 1819 852 1859 me
880 1801 1100 1859 dixisse
1131 1800 1486 1858 omnimodis
1526 1800 1879 1858 nesciebam.
1915 1839 1964 1905 Β

252 1894 310 1950 tt
369 1893 763 1965 Retribuebant
792 1891 933 1949 mihi
957 1890 1107 1948 male
1131 1907 1230 1964 pro
1262 1892 1415 1947 bonis
1447 1909 1465 1946 :

370 1982 723 2043 Sten'Litalom
748 1982 957 2038 anima
984 1996 1125 2037 mea.

308 2076 343 2128 C
368 2070 790 2133 Retribuebant
821 2069 967 2127 mihi
999 2068 1157 2126 mala
1202 2086 1305 2142 pro
1357 2067 1547 2134 bonis,
1581 2068 1720 2141 quia
1748 2084 1883 2123 cum

247 2162 488 2219 Christus
518 2161 705 2217 vitam
737 2158 1108 2215 credentibus
1137 2157 1469 2226 contulerit,
1499 2156 1584 2212 illi
1633 2160 1882 2217 mortem

243 2269 271 2309 ο
294 2254 480 2321 contra
510 2249 759 2309 reddere
788 2247 1144 2309 maluerunt.
1177 2246 1462 2304 Sterilitas
1506 2246 1715 2303 animze
1748 2246 1879 2314 fuit,

248 2341 454 2414 quando
484 2338 768 2411 Magister
795 2338 985 2407 bonus
1013 2335 1075 2393 in
1104 2335 1254 2408 ipsis
1278 2335 1338 2391 in
1358 2334 1612 2391 fructum
1642 2333 1776 2391 fidei
1800 2351 1883 2390 re-

247 2432 410 2505 perire
435 2447 553 2486 non
586 2426 801 2502 potuit.

249 2520 307 2579 t5
369 2522 471 2592 Ego
497 2525 689 2579 autem
712 2533 841 2573 cum
866 2515 1010 2573 mihi
1035 2515 1249 2571 molesti
1276 2521 1452 2570 essent
1484 2530 1497 2567 :

369 2607 648 2671 Induebur
676 2607 884 2662 cilicio.

307 2700 343 2752 ϐ
366 2698 480 2771 Ego
510 2696 661 2752 dum
694 2692 839 2751 mihi
872 2692 1101 2751 molesti
1153 2695 1372 2757 essent,
1404 2691 1461 2746 id
1496 2694 1583 2746 est
1612 2692 1754 2746 dum
1785 2691 1885 2748 Ju~

250 2786 342 2841 dei
356 2789 549 2843 essent.
566 2782 799 2857 molesti
822 2799 927 2857 per
943 2780 1333 2838 contumelias
1349 2785 1405 2836 et
1424 2780 1668 2836 insidias
1694 2779 1885 2836 Chris-

1455 327 1871 391 EXPOSITIO
1916 328 2428 395 PSALMORUM.

3535 331 3653 407 1ὄο

1914 463 1971 530 Α
2000 460 2307 520 scientiam
2339 462 2578 537 peccati,
2611 465 2847 537 propter
2875 462 3034 538 quod
3065 461 3345 540 ﬂagellari
3384 462 3471 527 vel
3522 482 3652 525 cru-

2000 552 2154 628 ciﬁgi
2183 552 2512 610 debuerim.

1999 642 2069 698 19
2142 645 2413 715 Dissipati
2437 650 2565 699 sunt
2586 658 2684 699 nec
2710 646 3022 716 compuncli
3047 662 3059 699 :
3094 648 3444 701 teniaverunt
3471 660 3577 707 me.

2138 732 2623 788 Subsannaverunt
2649 749 2735 788 me
2759 732 3185 791 subsannatione
3215 750 3230 789 :

2139 823 2520 879 Frenduerunt
2547 838 2712 895 super
2738 840 2825 879 me
2851 822 3100 879 dentibus
3128 826 3264 880 suis.

2066 911 2115 968 Η
2148 911 2426 984 Dissipati
2457 916 2614 977 sunt,
2648 928 2683 966 a
2710 911 2942 968 vinculo
2979 911 3305 982 charitatis,
3337 930 3442 969 nec
3490 930 3651 971 com-

1996 1001 2198 1075 puncti
2229 1006 2293 1056 ut
2316 1004 2560 1074 agerent
2593 1000 3415 1074 pcenitentiam.Tentaverunt
3444 1001 3651 1063 multis

1998 1090 2189 1147 modis
2210 1090 2395 1147 Judaei
2428 1089 2745 1145 Christum.
2787 1091 3307 1147 Subsannaverunt
3336 1090 3600 1149 dicentes
3632 1109 3645 1148 :

1924 1192 1925 1195 ‘
1995 1181 2130 1247 Ave,
2159 1196 2257 1237 rex
2284 1179 2637 1236 Judzeorum.
2662 1179 3083 1246 Frenduerunt,
3118 1178 3441 1238 clamantes
3465 1197 3477 1235 :
3506 1180 3651 1239 Cru-

1997 1267 2401 1342 ciﬁgatur.Per
2430 1273 2624 1324 motus
2653 1267 2911 1341 corporis
2940 1268 3271 1325 ostenditur
3298 1272 3494 1327 motus
3523 1268 3650 1329 ani-

1997 1374 2127 1414 mae.
2162 1358 2209 1414 H
2238 1361 2277 1413 C
2304 1358 2567 1414 Stridunt
2597 1358 2726 1413 saevi
2769 1356 3038 1413 homines
3088 1358 3382 1425 dentibus,
3414 1358 3650 1431 quando

1996 1447 2220 1504 ratione
2244 1446 2742 1515 vincuntur,nam,
2775 1463 2911 1502 cum
2937 1445 3022 1502 eis
3058 1463 3162 1519 pro
3209 1445 3447 1505 veritate
3476 1447 3651 1505 verba

1996 1536 2332 1603 defecerint,
2361 1535 2736 1609 impatienter
2764 1536 3043 1592 dentibus
3074 1535 3351 1604 fremunt,
3395 1552 3651 1607 suasque

1992 1626 2327 1682 voluntates
2362 1626 2535 1682 tacita
2566 1624 3042 1683 interminatione
3071 1624 3444 1683 denuntiant.

1994 1716 2076 1772 20
2144 1716 2626 1787 _Domine,quando
2659 1715 3176 1786 respicieszreslitue
3204 1714 3457 1771 animam
3476 1728 3651 1773 meam

2208 1823 2243 1861 a
2274 1805 2622 1874 malignitate
2649 1820 2838 1861 eorum
2872 1820 2883 1858 :

2136 1897 2173 1950 Α
2210 1893 2456 1951 leonibus
2482 1895 2705 1949 unicam
2733 1909 2931 1948 meam.

2064 1988 2104 2038 C
2135 1983 2375 2052 Quando
2408 1980 2814 2054 respicies,pro
2840 1979 3263 2036 consuetudine
3286 1978 3649 2035 inﬁrmitatis

1992 2072 2262 2129 humanae
2294 2071 2526 2139 dicitur,
2552 2069 2643 2125 cui
2676 2085 2974 2126 morosum
2995 2068 3225 2124 videtur
3253 2068 3650 2140 quodcunque

1993 2161 2258 2216 futurum
2290 2164 2404 2225 est;
2440 2177 2567 2230 quae
2600 2175 2751 2225 mox,
2800 2162 2868 2212 ut
2915 2156 3094 2229 cupit,
3131 2155 3371 2212 festinat
3421 2155 3645 2230 aliquid

1991 2250 2245 2323 impleri.
2280 2250 2561 2314 Restitue,
2595 2248 2765 2320 quasi
2795 2251 3052 2319 ereptam
3086 2245 3345 2301 animam
3378 2245 3575 2301 redde.
3596 2247 3646 2313 ⁷Α

1994 2338 2374 2413 malignitate,
2406 2340 2544 2411 quia
2576 2338 2793 2410 injuste
2824 2337 3106 2409 probatur
3132 2333 3435 2391 occisus.A
3465 2332 3645 2390 leoni-

1992 2429 2122 2485 bus.
2161 2429 2205 2484 Η
2240 2429 2293 2483 id
2346 2433 2435 2484 est
2481 2446 2515 2493 a
2562 2426 3064 2499 persecutoribus;
3100 2423 3356 2490 unicam,
3387 2422 3646 2479 animam

1992 2535 2161 2573 suam
2193 2518 2367 2583 dicit;
2401 2534 2527 2589 quae
2564 2516 2737 2571 unica
2766 2520 2855 2571 est
2884 2514 3011 2570 sine
3042 2512 3351 2586 peccato.C
3383 2510 3484 2567 γει
3516 2510 3645 2566 uui-

1992 2624 2079 2673 ca,
2113 2608 2254 2679 quia
2281 2607 2351 2662 de
2377 2606 2613 2678 Virgine
2644 2610 2818 2660 natus
2852 2603 3062 2659 unicus
3092 2606 3199 2669 est,
3232 2600 3289 2657 id
3323 2604 3412 2657 est
3454 2599 3645 2657 solum

1992 2714 2148 2763 unus
2178 2696 2249 2751 de
2281 2695 2503 2768 virgine
2529 2698 2617 2751 est
2644 2698 2841 2759 natus.
2874 2692 3000 2758 Vel,
3036 2692 3291 2757 unicam,
3322 2689 3644 2759 Ecclesium

1992 2804 2183 2843 suam.

248 2879 317 2943 te,
346 2874 529 2945 induit
561 2890 629 2935 ae
671 2870 877 2929 οὶὶίϐἱοο
905 2871 952 2929 Η
982 2871 1047 2928 1d
1068 2876 1157 2927 est
1187 2869 1462 2926 divinitas
1492 2886 1665 2925 Carne
1710 2874 1768 2926 et
1814 2870 1885 2925 de
1989 2877 2053 2930 21
2136 2876 2437 2946 Conﬁtebor
2465 2876 2569 2930 tibi
2600 2876 2657 2929 in
2685 2874 2911 2930 ecclesia
2938 2888 3143 2941 magna
3168 2887 3181 2925 :

242 2969 456 3037 peccato
499 2961 811 3021 damnavit
854 2963 1155 3032 peccatum
1207 2960 1379 3030 (Rom.
1413 2958 1553 3030 VIII).
1598 2959 1639 3014 C
1688 2958 1886 3014 Induit

248 3069 361 3119 vero
388 3070 448 3111 se
476 3066 660 3109 carne
686 3047 981 3116 divinitas,
1015 3048 1072 3103 id
1103 3050 1193 3104 est
1221 3047 1532 3103 occultavit
1560 3064 1663 3121 per
1690 3047 1882 3104 carnis

246 3142 481 3211 velantia
513 3158 584 3197 se
616 3136 944 3196 tenebrosis
972 3136 1294 3193 mentibus.

248 3232 305 3287 16
367 3229 746 3299 Humiliabam
770 3229 834 3285 in
850 3226 1069 3301 jejunio
1099 3227 1351 3283 ambrum
1380 3242 1557 3282 meam
1581 3241 1595 3280 :

370 3322 428 3375 Et
456 3321 646 3376 oratio
674 3333 797 3391 mea
820 3317 881 3373 in
911 3316 1042 3375 sinu
1070 3331 1186 3377 meo
1210 3320 1556 3371 conteretur

308 3409 344 3464 Ο
365 3408 672 3481 Jejunium
704 3405 927 3463 dictum
952 3406 1041 3462 est
1058 3402 1216 3461 enim
1244 3404 1413 3476 quasi
1438 3402 1881 3475 inedium,quod

244 3498 594 3559 abstinentes
623 3492 849 3551 diutius
880 3493 951 3549 ad
983 3492 1237 3551 inediam
1271 3510 1458 3565 usque
1483 3492 1884 3565 perdurat.Je-

244 3586 447 3657 junavit
475 3581 820 3642 Christusin
838 3586 1032 3638 monte
1058 3581 1880 3654 quadragintadiebus(l!atth.

250 3676 332 3744 iv).
360 3676 425 3731 Et
450 3672 644 3731 oratio
674 3688 826 3741 mea,
862 3671 918 3726 id
951 3676 1039 3726 est
1062 3670 1206 3725 dum
1238 3670 1592 3726 fundebatur
1623 3688 1657 3727 a
1690 3672 1882 3728 Domi-

251 3780 313 3820 no
338 3763 390 3819 in
420 3780 620 3830 cruce,
670 3765 728 3818 et
784 3777 914 3818 eam
960 3759 1186 3817 miserit
1232 3759 1417 3817 Judzei
1468 3759 1708 3819 minime
1751 3778 1882 3816 sus-

249 3852 416 3924 cipere
445 3856 833 3918 mererentur,
866 3849 1163 3906 remeabat
1194 3848 1251 3904 in
1284 3846 1480 3906 sinum
1513 3850 1662 3921 ejus,
1699 3850 1756 3905 id
1796 3853 1887 3905 est

242 3938 299 3999 in
322 3946 607 4011 secretum
630 3938 910 4013 .pectoris,
936 3938 1090 3995 unde
1115 3938 1305 3995 fuerat
1333 3952 1587 4011 egressa.

246 4032 306 4087 t7
370 4032 541 4101 Quasi
567 4031 910 4103 proximum,
941 4029 1103 4099 quasi
1125 4030 1357 4100 fratrem
1385 4035 1629 4085 nostrum
1650 4029 1729 4084 sic
1746 4044 1887 4084 com-

432 4119 729 4192 placabam
768 4135 781 4172 :

374 4210 536 4277 Quasi
569 4210 764 4279 lugens
792 4214 845 4263 et
868 4208 1217 4264 contristatus
1245 4208 1325 4262 sic
1352 4208 1713 4263 humiliabar.

310 4300 347 4351 C
374 4298 634 4358 Mutatus
678 4300 770 4355 est
814 4296 913 4353 hic
944 4312 1116 4354 casus
1147 4295 1587 4368 nominum,pro
1618 4295 1887 4352 ablativis

250 4387 387 4442 enim
435 4393 575 4444 sunt
626 4383 941 4443 accusativi
990 4385 1186 4458 positi.
1220 4384 1369 4440 Dicit
1408 4384 1585 4452 enim,
1619 4384 1785 4457 quasi
1817 4385 1888 4441 de

250 4475 512 4545 proximo,
538 4474 711 4548 quasi
744 4474 815 4529 de
847 4473 1021 4531 fratre
1053 4476 1253 4528 nostro
1288 4472 1366 4528 ita
1393 4472 1536 4528 mihi
1570 4472 1887 4545 complaca-

2134 2967 2197 3021 In
2222 2965 2419 3037 populo
2446 2964 2605 3035 gravi
2636 2962 2869 3017 laudabo
2899 2969 2965 3017 te.

2061 3060 2101 3110 C
2125 3054 2281 3109 Duas
2311 3070 2439 3109 esse
2468 3051 2725 3107 diximus
2757 3048 3173 3115 confessiones,
3207 3063 3386 3102 unam
3429 3045 3646 3113 laudis,

1990 3144 2233 3198 alteram
2266 3140 2652 3214 pcenitentiae;
2702 3139 2805 3194 sed
2856 3138 2950 3193 hic
3000 3138 3072 3193 ad
3123 3136 3361 3193 laudem
3397 3134 3651 3207 pertinet

1913 3214 1956 3281 C
1993 3233 2202 3304 Magna
2230 3248 2363 3286 vero
2396 3227 2648 3285 Ecclesia
2676 3232 2767 3283 est
2797 3226 3048 3299 populus
3080 3222 3467 3293 Christianus,
3492 3226 3651 3279 recta

1994 3320 2108 3376 ﬁde
2136 3321 2362 3375 firmus.
2397 3319 2460 3374 In
2491 3315 2707 3389 populo
2737 3315 2927 3389 gravi;
2961 3315 3006 3369 H
3034 3314 3175 3386 quia
3224 3331 3338 3369 non
3387 3316 3478 3368 est
3505 3310 3649 3367 levis

1994 3411 2065 3467 ad
2101 3407 2626 3482 peccandum,ideo
2660 3405 2865 3460 ﬁrmus
2894 3404 2953 3459 in
2980 3404 3167 3459 tide.A
3196 3403 3289 3459 Sic
3317 3400 3482 3474 palea
3507 3400 3649 3456 levis

1992 3504 2161 3554 vento
2194 3496 2437 3557 tollitur.
2459 3510 2711 3567 granum
2746 3496 2962 3559 manet,
2992 3492 3134 3563 quia
3161 3506 3368 3563 grave;
3402 3487 3537 3545 talis
3562 3491 3651 3545 est

1994 3588 2186 3643 bonus
2214 3584 2602 3651 Christianus,
2636 3580 2775 3654 quia
2803 3597 3054 3653 granum
3086 3584 3194 3635 est.

1992 3680 2065 3731 22
2135 3678 2253 3732 Non
2288 3672 2724 3746 supergaudeant
2768 3670 2912 3726 mihi
2957 3670 3054 3743 qui
3099 3668 3463 3725 adversantur
3511 3666 3653 3721 mihi

2211 3765 2401 3835 inique
2425 3779 2439 3817 :

2137 3853 2246 3921 Qui
2273 3852 2501 3907 oderunt
2534 3866 2618 3905 me
2644 3849 2835 3921 gratis.
2873 3850 2935 3903 Et
2961 3853 3220 3902 annuunt
3249 3846 3442 3901 oculis.

2065 3945 2106 3995 C
2135 3942 2258 3996 Non
2290 3938 2763 4011 supergandeant
2812 3935 2979 4003 mihi,
3012 3935 3071 3991 id
3101 3939 3189 3991 est
3224 3951 3341 3991 non
3371 3930 3654 3989 insultent

1995 4029 2514 4101 haeretici,quando
2542 4026 2773 4098 aliquos
2804 4026 2875 4081 de
2907 4041 3150 4079 numero
3172 4021 3439 4079 fidelium
3462 4021 3655 4093 perdit

1997 4122 2199 4175 sancta
2230 4116 2499 4183 Ecclesia,
2532 4116 2671 4187 quia
2697 4112 2948 4169 haeretici
2989 4128 3224 4183 semper
3272 4111 3654 4167 adversantur

1996 4208 2227 4265 Christo
2256 4212 2313 4262 et
2342 4205 2627 4262 Ecclesiae.
2661 4204 2769 4269 Qui
2798 4203 3049 4258 oderunt
3079 4215 3171 4257 me
3201 4198 3406 4271 gratis,
3434 4197 3543 4253 hoc
3564 4200 3654 4252 est

1996 4297 2270 4366 inaniter,
2304 4294 2522 4366 quibus
2554 4293 2698 4348 nihil
2733 4290 2924 4347 nocui.
2961 4292 3000 4345 C
3029 4289 3269 4344 Annuut
3298 4284 3514 4353 oculis;
3548 4302 3650 4340 an-

1998 4387 2126 4443 nuit
2154 4383 2359 4449 oculis,
2393 4382 2627 4454 quando
2649 4381 2757 4435 hoc
2781 4379 2955 4439 tacite
2976 4382 3031 4434 et
3051 4376 3249 4433 dolose
3277 4375 3401 4430 vult
3429 4372 3654 4446 aliquid

1997 4474 2312 4532 declarare.
2348 4473 2393 4529 ll
2423 4472 2514 4527 Sic
2545 4472 2805 4527 fecerunt
2832 4466 3037 4536 Judzei,
3073 4466 3213 4540 quia
3240 4464 3384 4521 nihil
3414 4463 3551 4521 boni
3593 4463 3653 4521 in

248 4562 391 4631 ham,
420 4564 479 4619 id
512 4571 606 4621 est.
634 4563 706 4618 de
738 4578 938 4621 eorum
970 4560 1382 4634 conjunctione
1412 4562 1761 4636 gaudebam,
1787 4562 1884 4633 qui
1924 4580 1967 4643 ι]
1998 4583 2170 4638 Opere
2216 4563 2617 4620 ostenderunt.
2665 4561 2713 4615 A
2762 4556 3227 4615 Pronuntiabant
3282 4553 3446 4612 vultu
3498 4552 3654 4627 quod

255 4669 333 4711 me
356 4652 650 4710 hostiliter
678 4650 1161 4725 insequebantur.
1207 4649 1618 4723 Complacebat
1647 4650 1802 4706 enim
1833 4650 1890 4705 in

254 4738 357 4797 illis
382 4742 649 4807 Doniino,
682 4739 917 4813 quando
946 4756 1045 4796 eos
1076 4739 1321 4796 docebat
1367 4756 1482 4797 non
1526 4739 1884 4811 delinquere.

255 4828 467 4907 Lageus
496 4836 555 4886 et
585 4828 967 4889 contristatus
994 4832 1051 4885 et
1079 4827 1427 4885 humiliatus
1455 4827 1721 4885 Christus
1740 4833 1884 4896 erat,

255 4919 379 4990 quia
402 4919 463 4977 in
484 4919 727 4981 cunctis
755 4917 1148 4990 Judazis,quos
1181 4920 1246 4973 ut
1276 4917 1482 4975 fratres
1513 4921 1569 4974 et
1592 4917 1889 4990 proximos

253 5006 457 5075 dilexit,
488 5008 671 5069 ﬁdem
702 5006 964 5064 invenire
995 5024 1110 5064 non
1142 5007 1352 5080 potuit.

260 5096 316 5151 18
378 5098 444 5153 Et
467 5098 759 5154 adversum
787 5112 874 5154 me
903 5097 1083 5154 laetati
1108 5104 1235 5152 sunt
1263 5103 1314 5152 et
1341 5104 1702 5153 convenerunt
1733 5112 1746 5149 :
1840 5146 1845 5149 ,

384 5188 716 5259 Congregaia
744 5194 873 5242 sunt
900 5202 1062 5259 super
1091 5203 1175 5242 me
1200 5187 1421 5255 ﬂagella
1450 5195 1500 5241 et
1533 5187 1801 5255 ignoravi.

321 5275 362 5330 Η
392 5274 591 5333 ἰθαιὶί
622 5278 762 5331 sunt
792 5274 1000 5341 Judzei,
1035 5275 1269 5347 quando
1300 5273 1593 5331 Christum
1635 5292 1896 5348 compre-

261 5361 592 5419 henderunt.
624 5364 1049 5429 Ccnvenerunt,
1084 5368 1147 5418 ut
1175 5381 1309 5419 eum
1340 5363 1896 5438 cruciﬁgerent,non

265 5453 319 5504 ut
342 5452 659 5509 crederent.
693 5451 1055 5527 Congregata
1097 5458 1236 5508 sunt
1286 5451 1530 5526 ﬂagella,
1566 5458 1631 5508 ut
1675 5453 1898 5508 Pilatus

264 5538 431 5595 dixit:
463 5540 854 5621 Emendatum
888 5559 1045 5607 eum,
1086 5541 1144 5596 id
1175 5545 1264 5597 est
1294 5541 1665 5616 ﬂagellatam,
1699 5542 1898 5597 dimit-

267 5632 373 5684 tam
400 5629 554 5699 (Luc.
588 5629 764 5701 um).
796 5631 868 5693 Et
900 5630 1179 5703 ignoravi,
1208 5631 1263 5687 id
1289 5636 1375 5686 est
1406 5648 1520 5687 non
1552 5630 1727 5686 habui
1762 5648 1895 5687 con-

2001 4654 2174 4711 corde
2204 4669 2318 4707 non
2350 4651 2677 4725 gestabant.

1995 4745 2066 4797 23
2139 4743 2409 4810 Quoniam
2427 4740 2569 4796 mihi
2594 4738 2811 4812 quidem
2836 4740 3063 4810 paci/ise
3093 4738 3451 4809 loquebantur
3484 4750 3498 4787 ε

2139 4833 2202 4886 Ει
2233 4832 2291 4885 in
2325 4829 2612 4886 iracundia
2780 4836 2945 4884 terra:
2986 4832 3000 4890 ξ
3031 4827 3303 4898 loquentes
3332 4823 3479 4878 dolos
3510 4821 3651 4891 cogi-

2216 4921 2361 4975 bant.

2071 5012 2121 5062 H
2153 5012 2192 5063 C
2221 5006 2463 5063 Paciﬁco
2482 5004 2876 5077 loquebantur
2900 5001 3160 5056 dicentes
3192 5015 3205 5054 ε
3232 4995 3525 5070 Magister,
3541 4995 3651 5053 sci-

2005 5115 2139 5153 mus
2172 5096 2311 5169 quia
2338 5112 2509 5150 verax
2538 5110 2599 5147 es
2632 5092 2838 5160 (Matth.
2871 5088 3028 5160 xxu).
3063 5088 3104 5143 C
3140 5089 3206 5142 Et
3237 5087 3297 5141 in
3326 5085 3651 5154 iracundia,

2010 5192 2073 5245 ut
2104 5185 2247 5239 illud
2274 5184 2541 5255 :Oportet
2574 5198 2755 5235 unum
2788 5196 2891 5251 pro
2918 5178 3195 5233 omnibus
3217 5176 3652 5249 mori(Joan.x1),

2010 5276 2177 5348 quasi
2214 5274 2531 5328 invidentes
2562 5268 2663 5325 toti
2699 5268 2912 5342 populo
2943 5273 3125 5324 terra}.
3161 5268 3335 5324 Porro
3368 5265 3525 5322 enim
3558 5265 3657 5321 ali-

2009 5366 2145 5437 quis
2178 5363 2372 5419 dolum
2408 5359 2586 5431 loqui,
2621 5376 2753 5413 cum
2790 5376 2903 5414 non
2937 5358 3151 5430 cogitat
3178 5357 3458 5423 occidere,
3493 5360 3559 5410 ut
3606 5354 3655 5411 si

2008 5455 2143 5527 quis
2168 5449 2473 5525 pecuniam
2506 5447 2766 5521 proximo
2802 5452 3045 5502 conatur
3085 5446 3312 5501 auferre
3353 5449 3658 5517 propterea

2008 5540 2317 5603 addidit,in
2350 5537 2649 5593 iracundia
2684 5540 2948 5605 lerras,ut
2977 5535 3146 5592 dolus
3176 5552 3378 5591 eorum
3409 5531 3655 5589 exitialis

2010 5632 2189 5687 fuisse
2221 5629 2530 5686 deleretur.
