4086 6180
230 352 361 417 153

1444 351 1857 415 EXPOSITIO
1901 352 2419 423 PSALMORUM.

3528 350 3644 418 154

255 491 369 565 ipso
398 484 528 562 quia
556 502 671 543 non
704 488 796 542 est
823 484 1021 555 timor,
1051 484 1518 544 etc.HDiabolus
1545 485 1814 545 videlicet
1830 491 1889 546 et
1914 488 1971 556 Α
2034 490 2070 543 8
2144 490 2282 546 Filii
2308 494 2493 546 autem
2523 490 2806 547 hominum
2834 506 2856 549 :

256 578 428 637 Judaei
457 575 650 633 dolose
679 580 927 649 egerunt
958 576 1019 632 in
1048 581 1361 650 conspectu
1393 577 1515 634 Dei.
1547 577 1648 634 Vel
1679 578 1750 634 ad
1780 579 1883 635 Ju-

210 671 377 725 ~dam
434 665 785 739 proditorem
840 664 1113 737 pertinet,
1164 682 1416 739 quorum
1471 666 1755 739 iniquitas
1812 668 1883 722 ad

254 756 437 815 odium
474 756 705 809 inventa
734 756 841 809 est.
874 755 921 809 A
948 754 1231 810 Similiter
1277 755 1541 812 omnium
1593 756 1883 813 malorum

251 844 523 901 invenitur
548 841 833 915 iniquitas
862 842 933 897 ad
976 843 1198 912 odium,
1232 844 1373 916 quia
1419 845 1542 901 odit
1589 845 1743 902 Deus
1772 845 1882 901 ini-

254 933 542 1008 quitatem,
570 932 712 987 dum
743 948 873 987 eam
906 936 1186 1004 perpetuo
1221 932 1410 1005 punit.

282 1024 313 1078 3
385 1022 544 1078 Verba
572 1021 685 1076 oris
713 1021 834 1092 ejus
865 1023 1134 1093 iniquitas
1162 1031 1216 1077 et
1242 1022 1398 1078 dolus
1430 1041 1448 1077 :

374 1110 555 1168 Noluit
586 1110 898 1181 intelligere
927 1114 989 1167 ut
1017 1110 1149 1167 bene
1177 1116 1383 1181 ageret.

312 1202 348 1256 C
364 1199 549 1255 Verba
566 1214 773 1254 eorum
796 1201 936 1253 sunt
958 1197 1301 1272 iniquitates
1317 1205 1376 1255 et
1395 1200 1586 1269 dolus,
1606 1201 1885 1275 iniquitas

251 1289 480 1363 pertinet
503 1288 575 1345 ad
610 1286 1063 1359 blasphemiam,
1085 1288 1258 1344 dolus
1286 1289 1345 1344 in
1378 1290 1709 1361 proximum
1731 1291 1884 1348 deci-

248 1375 744 1451 piendum.Noluit
763 1375 1108 1450 intelligere,
1132 1376 1264 1433 illos
1285 1376 1672 1451 signiﬁcabat,
1696 1380 1797 1452 qui
1818 1397 1888 1437 ex

249 1467 428 1539 aliqua
452 1469 636 1538 parte,
660 1465 985 1538 igniculum
1014 1466 1311 1538 sapientiae
1343 1473 1750 1541 perceperunt,
1768 1474 1826 1525 et
1854 1487 1890 1526 a

247 1573 363 1613 vero
389 1553 687 1611 intellectu
715 1553 1219 1622 declinantes,suo
1247 1556 1388 1613 vitio
1418 1557 1705 1629 perversis
1734 1575 1887 1615 erro-

250 1646 394 1701 ribus
423 1661 484 1700 se
515 1643 873 1717 polluerunt.

278 1735 306 1791 4
371 1735 736 1805 Iniquitatem
761 1733 1053 1807 meditatus
1079 1739 1157 1790 est
1187 1736 1247 1790 in
1273 1736 1450 1792 cubili
1477 1752 1573 1792 suo
1605 1755 1623 1791 :

369 1822 551 1879 Aslitit
570 1824 728 1878 omni
752 1825 859 1881 vim
884 1840 995 1880 non
1037 1824 1191 1881 bonae
1211 1843 1229 1878 :
1250 1825 1527 1883 malitiam
1543 1833 1599 1894 σί-
1633 1834 1817 1883 autem
1858 1832 1871 1892 ζ

436 1929 549 1968 non
577 1913 772 1968 adivit.

307 2000 345 2054 Ο
362 2000 740 2074 Iniquitatem
761 2000 1077 2058 meditatus
1098 2006 1205 2070 est,
1229 2002 1452 2060 scilicet
1471 2004 1796 2073 haereticus,
1829 2009 1887 2062 et

246 2105 476 2146 errorem
506 2089 692 2163 longa
723 2090 1103 2148 meditatione
1132 2093 1424 2161 tractavit,
1458 2092 1639 2151 libros
1671 2094 1884 2152 facien-

249 2178 310 2234 do
362 2194 684 2250 perversos.
718 2179 764 2234 H
818 2179 881 2234 In
939 2179 1140 2246 cubili,
1173 2180 1233 2237 in
1278 2183 1449 2238 corde
1509 2188 1748 2252 secreto,
1785 2184 1883 2240 ubi

250 2267 455 2323 animus
484 2268 714 2324 bonum
746 2267 833 2324 vel
852 2267 1077 2327 malum
1109 2271 1444 2327 meditatur.
1476 2273 1680 2329 Astitit
1724 2274 1884 2329 omni

247 2356 335 2411 via
362 2373 469 2412 non
530 2356 723 2423 bonae,
754 2356 885 2413 ideo
925 2359 998 2414 ad
1048 2358 1275 2415 nullum
1331 2361 1586 2416 fructum
1637 2364 1884 2435 justitiae

248 2445 520 2517 pervenire
553 2445 769 2518 potuit.
803 2445 1084 2503 Malitiam
1131 2466 1246 2504 non
1296 2449 1495 2517 odivit,
1528 2451 1628 2506 sed
1660 2451 1881 2522 dilexit,

246 2536 284 2589 Α
307 2536 451 2606 quod
479 2541 575 2591 est
608 2552 846 2592 summa
876 2536 1131 2607 malitia;
1165 2539 1266 2610 qui
1305 2539 1461 2594 enim
1501 2541 1736 2612 penitus
1768 2559 1883 2597 non

246 2628 413 2695 potest
440 2642 643 2681 carere
675 2624 924 2694 malitia,
952 2626 1123 2683 debet
1151 2627 1359 2685 saltem
1392 2634 1585 2686 mente
1613 2630 1827 2687 odisse.

272 2714 304 2767 5
362 2715 610 2784 Domine,
644 2717 705 2771 in
734 2717 868 2771 caelo
896 2717 1275 2774 misericordia
1304 2726 1399 2775 tua
1430 2737 1450 2775 :

364 2810 415 2869 ρξ-
454 2808 522 2860 Et
561 2813 579 2870 ζ
622 2807 823 2861 veritas
850 2813 947 2861 tua
976 2822 1145 2878 usque
1173 2807 1245 2863 ad
1272 2808 1443 2864 nubes

303 2892 345 2947 Η
366 2892 636 2962 Domine,
670 2894 729 2949 in
760 2893 925 2963 ccelo,
948 2894 1006 2951 id
1040 2900 1150 2964 est,
1174 2896 1232 2951 in
1265 2899 1485 2954 sanctis
1513 2898 1760 2972 angelis,
1784 2900 1886 2972 qui

246 2980 296 3035 in
322 2981 454 3038 caelo
497 2982 723 3039 ﬁrmati
776 2984 1032 3051 fuerunt,
1054 2988 1113 3040 et
1141 3002 1255 3041 non
1306 2986 1662 3043 ceciderunt.
1693 2987 1796 3044 Vel
1824 2988 1886 3044 in

246 3069 386 3136 caelo,
408 3072 465 3126 id
495 3076 597 3128 est
621 3071 900 3130 Ecclesia.
922 3076 969 3130 A
989 3074 1090 3130 Vel
1132 3073 1393 3148 quolibet
1435 3080 1637 3132 sancto
1668 3081 1758 3134 est
1785 3076 1889 3133 mi-

247 3159 537 3218 sericordia
558 3161 670 3218 Dei
690 3178 871 3219 causa
894 3164 1049 3235 quod
1073 3164 1282 3220 coelum
1315 3168 1423 3231 est,
1446 3169 1504 3222 et
1533 3183 1649 3222 non
1678 3171 1767 3223 est
1796 3165 1887 3222 in-

1858 1880 1870 1892 '
1914 1864 1961 1929 B

2134 579 2196 635 In
2228 581 2465 649 tegmine
2493 581 2714 637 alarum
2741 586 2965 637 tuarum
2990 582 3306 653 sperabunt.

2064 665 2105 722 C
2135 667 2261 723 Filii
2283 673 2480 725 autem
2503 669 2812 726 hominum
2833 674 2973 726 sunt
2992 670 3092 743 qui
3115 688 3231 727 non
3254 673 3392 728 sunt
3405 671 3644 744 jumen-

1991 760 2071 823 ta,
2096 757 2197 812 sed
2221 757 2644 816 rationabiliter
2661 759 2988 832 vivunt,qui
3005 761 3255 832 gratiam
3276 760 3649 834 baptismatis

1993 848 2309 914 consecuti,
2337 847 2395 902 in
2446 865 2653 904 novam
2704 849 3040 922 progeniem
3089 854 3498 906 renascuntur.
3533 852 3577 906 ll
3607 852 3649 907 C

1992 932 2110 989 Alae
2140 951 2274 991 vero
2307 936 2540 991 Domini
2575 942 2714 993 sunt
2745 942 3031 1010 praecepta
3049 937 3188 994 Novi
3212 944 3269 994 et
3287 938 3512 995 Veteris
3538 940 3645 996 Te-

1993 1024 2356 1080 stamenti.C
2384 1026 2446 1081 In
2489 1043 2741 1098 quarum
2800 1028 3157 1100 protectione
3203 1027 3398 1084 omnis
3444 1029 3650 1100 justus

1993 1128 2229 1184 sperare
2259 1115 2652 1187 cognoscitur,
2675 1116 2818 1172 dum
2840 1116 2924 1173 eis
2946 1117 3180 1174 obedire
3201 1116 3548 1173 ostenditur.

2027 1200 2063 1253 9
2139 1202 2564 1258 Inebriabuntur
2592 1205 2654 1258 in
2682 1206 2925 1260 ubertate
2951 1205 3142 1261 domus
3166 1210 3281 1262 tua:
3309 1223 3326 1259 :

2135 1291 2202 1345 Et
2233 1299 2469 1347 torrente
2496 1293 2789 1365 voluptatis
2818 1300 2922 1349 tute
2948 1295 3184 1365 potabis.

2066 1377 2112 1432 Η
2145 1379 2617 1448 Inebriabuntur,
2649 1380 2706 1436 id
2738 1381 2959 1454 estipsi
2989 1381 3093 1437 ﬁlii
3116 1382 3217 1439 Dei
3241 1383 3649 1456 apinguedine

1993 1466 2179 1534 gratia
2210 1465 2464 1538 Spiritus
2497 1468 2707 1535 sancti,
2734 1472 2798 1523 ut
2826 1469 3081 1525 habeant
3111 1469 3469 1526 intellectum
3500 1471 3649 1544 dog-

1997 1557 2223 1608 matum
2247 1553 2798 1628 ecclesiasticorum,
2813 1561 2899 1625 ut,
2921 1556 3119 1613 oblitis
3141 1557 3402 1630 ﬂagitiis,
3422 1557 3647 1613 virtuti-

1996 1642 2107 1697 bus
2138 1640 2512 1715 impleantur.
2538 1644 2579 1700 C
2598 1646 2936 1702 Torrentem
2963 1644 3217 1702 dicimus
3245 1662 3373 1702 esse
3405 1645 3648 1702 ﬂuvium

1994 1728 2272 1800 velocem,
2302 1732 2396 1788 cui
2451 1734 2599 1791 bene
2647 1739 3022 1807 comparatur
3073 1734 3365 1808 sapientia
3408 1734 3647 1803 Christi,

1994 1820 2134 1891 quia
2162 1824 2220 1876 et
2249 1820 2445 1877 subita
2472 1826 2582 1889 est,
2611 1827 2668 1878 et
2695 1824 2777 1878 ita
2807 1824 3031 1896 rapida,
3063 1828 3129 1880 ut
3159 1825 3231 1880 ad
3264 1824 3440 1880 ﬁdem
3473 1839 3649 1897 quem

1992 1913 2120 1965 vutt
2147 1909 2273 1966 sine
2306 1910 2427 1967 ulla
2455 1912 2727 1969 tarditate
2756 1913 3045 1970 detrahat.

1996 2000 2062 2055 10
2136 2000 2406 2068 Quoniam
2435 2002 2581 2074 apud
2609 2011 2657 2058 te
2684 2010 2762 2058 est
2787 2003 2909 2074 fons
2933 2004 3057 2058 vita
3085 2021 3105 2059 :

2135 2090 2199 2144 Et
2228 2090 2285 2145 in
2319 2090 2530 2147 lumine
2559 2099 2651 2147 tuo
2679 2090 2986 2147 videbimus
3016 2092 3220 2149 lumen.

2065 2178 2106 2233 Η
2141 2178 2427 2245 Quoniam
2460 2181 2616 2253 apud
2648 2185 2705 2237 te
2732 2189 2811 2237 est
2839 2181 2969 2236 fons
2997 2182 3149 2248 vitzc,
3179 2182 3234 2237 id
3266 2185 3352 2238 est
3382 2185 3442 2237 tu
3475 2198 3557 2248 es,
3591 2186 3648 2237 et

1992 2267 2149 2338 apud
2180 2272 2235 2323 te
2266 2273 2354 2325 est
2384 2269 2545 2343 origo
2572 2270 2836 2326 omnium
2865 2271 3175 2325 bonorum.
3201 2271 3353 2326 Fons
3379 2270 3530 2338 vitm,
3553 2270 3647 2326 do-

1993 2356 2182 2413 ctrina
2200 2358 2330 2428 Dei;
2358 2376 2485 2431 qum
2520 2360 2730 2415 animis
2754 2360 2869 2414 vita
2900 2363 3006 2415 est.
3033 2361 3259 2415 Lumen
3282 2359 3471 2415 Patris
3491 2359 3649 2415 Chri-

1993 2447 2120 2500 stus
2151 2448 2259 2512 est,
2288 2446 2345 2501 in
2386 2464 2501 2519 quo
2534 2447 2864 2503 videbimus
2895 2447 3117 2515 lumen,
3149 2448 3208 2505 id
3256 2451 3345 2505 est
3394 2447 3648 2522 Spiritus

1992 2533 2178 2589 sancti
2204 2534 2717 2593 illuminationem.

1997 2623 2056 2676 11
2134 2626 2425 2682 Praetende
2453 2627 2889 2684 misericordiam
2917 2636 3071 2684 tuam
3098 2628 3396 2684 scientibus
3426 2634 3475 2685 te
3503 2646 3521 2682 :

2134 2715 2203 2769 Et
2222 2714 2505 2786 justitiam
2533 2724 2689 2773 tuam
2716 2722 2772 2783 ξι
2807 2717 2892 2773 his
2937 2724 2951 2784 ξ
3019 2719 3117 2791 qui
3143 2725 3283 2774 recto
3311 2722 3442 2774 sunt
3469 2716 3645 2775 corde.

2066 2801 2106 2857 C
2136 2803 2432 2861 Praetende
2465 2805 2629 2872 dixit,
2654 2806 2711 2862 id
2760 2811 2852 2863 est
2898 2806 3072 2881 longe
3118 2806 3351 2880 lateque
3387 2807 3650 2863 diﬂ'unde

1996 2894 2157 2947 tuam
2189 2892 2677 2961 misericordiam,
2710 2900 2775 2951 ut
2816 2896 3043 2967 possint
3078 2896 3330 2953 scientes
3359 2900 3415 2952 te
3443 2895 3502 2951 in
3536 2896 3648 2952 isto

1994 2981 2207 3038 smeulo
2230 2983 2460 3039 ﬁrmius
2481 2984 2802 3040 ambulare.
2822 2986 3005 3057 ltogat
3029 2984 3121 3040 his
3139 2984 3456 3056 justitiam,
3480 2984 3539 3041 id
3562 2988 3651 3039 est

1988 3072 2214 3141 justam
2243 3072 2422 3128 vitam
2470 3077 2930 3145 permanentem,
2954 3073 3039 3128 vel
3091 3078 3377 3147 praecepta
3423 3089 3550 3139 sua,
3583 3076 3650 3127 ut

1994 3176 2063 3215 ea
2090 3159 2336 3217 vivendo
2380 3163 2637 3230 teneant,
2670 3163 2769 3235 qui
2820 3167 2975 3217 recto
3023 3166 3163 3217 sunt
3220 3162 3409 3228 corde,
3442 3159 3500 3215 id
3557 3162 3649 3216 est

242 3247 434 3317 justus,
458 3249 621 3307 sicut
650 3249 855 3320 ille,de
883 3268 999 3324 quo
1031 3253 1252 3308 dictum
1281 3257 1409 3309 est:
1442 3255 1512 3310 Et
1538 3254 1751 3312 veritas
1784 3260 1889 3311 tua
1916 3237 1959 3305 (ἶ
1999 3250 2098 3321 qui
2130 3248 2225 3306 hic
2252 3253 2410 3306 recta
2439 3255 2634 3307 mente
2681 3255 2992 3323 praestante
3039 3248 3285 3307 Domino
3314 3249 3504 3306 vivere
3533 3265 3652 3305 me-

251 3352 411 3409 usque
430 3340 501 3395 ad
524 3341 745 3396 nubes.
770 3340 811 3396 C
834 3340 894 3396 Id
918 3344 1027 3409 est,
1051 3341 1321 3399 Christus
1350 3342 1410 3398 in
1438 3343 1722 3417 apostolis
1742 3348 1799 3401 et
1825 3343 1885 3401 in

248 3426 522 3499 prophetis
558 3428 811 3496 habitat,
833 3430 937 3502 qui
974 3430 1239 3487 doctrina
1278 3432 1612 3505 evangelica
1641 3433 1889 3507 irrigant

247 3516 399 3571 corda
433 3517 690 3586 arentia,
716 3521 783 3573 ut
828 3519 1086 3575 fructum
1115 3520 1255 3576 dent
1284 3520 1448 3589 ﬁdei;
1480 3539 1606 3594 quae
1659 3521 1887 3579 steriles

246 3602 449 3662 fuerant
476 3606 760 3663 ariditate
787 3608 1032 3680 peccati.
1059 3608 1327 3667 Christus
1356 3609 1514 3667 enim
1534 3611 1747 3668 veritas
1776 3615 1885 3681 est,

244 3695 465 3765 apostoli
496 3696 716 3753 nubes.

269 3784 300 3837 6
359 3786 584 3842 Iustitia
614 3795 716 3842 tua
739 3788 882 3843 sicut
910 3795 1122 3845 montes
1152 3790 1249 3845 Dei

359 3874 576 3931 Iudicia
606 3882 707 3931 tua
734 3877 962 3947 abyssus
992 3878 1188 3933 multa.

299 3959 336 4016 C
360 3961 564 4020 Beatos
597 3962 901 4036 apostolos
933 3966 1234 4022 montibus
1259 3968 1642 4041 comparavit,
1669 3968 1771 4041 qui
1798 3986 1888 4025 ca-

242 4064 390 4118 paces
419 4050 658 4108 Domini
681 4051 927 4124 justitiaa
955 4054 1178 4110 devotis
1208 4054 1483 4113 sensibus
1513 4057 1883 4115 exstiterunt.

245 4137 486 4212 Abyssus
520 4140 621 4197 hic
645 4141 707 4196 in
728 4142 952 4198 bonum
975 4142 1190 4215 posuit.
1213 4144 1315 4201 Est
1335 4144 1489 4201 enim
1514 4146 1887 4218 profunditas

244 4241 507 4298 aquarum
530 4231 1005 4303 abyssus,quam
1028 4248 1133 4288 nec
1155 4233 1367 4301 metiri,
1397 4251 1501 4290 nec
1531 4235 1887 4292 intrinsecus

245 4329 302 4369 ex
327 4320 439 4373 toto
465 4318 669 4375 videre
697 4318 1017 4387 valeamus,
1042 4320 1125 4376 sic
1157 4320 1413 4378 divinam
1438 4322 1758 4395 justitiam,
1781 4341 1887 4381 nec

246 4412 418 4462 mente
446 4407 779 4480 complecti,
817 4425 921 4465 nec
960 4409 1182 4467 ratione
1227 4409 1426 4483 aliqua
1455 4411 1711 4468 difﬁnire
1751 4430 1886 4485 pos-

246 4509 453 4552 sumus.

272 4584 302 4635 7
367 4586 623 4649 Homines
652 4590 705 4641 et
722 4587 977 4659 jumenta
1001 4588 1259 4656 salvebis,
1290 4590 1516 4646 Domine
1544 4608 1563 4645 :

367 4673 833 4742 Quemadmodum
857 4677 1246 4748 multiplicasti
1263 4677 1704 4736 misericordiam
1734 4684 1888 4737 tuam

433 4765 599 4818 Deus.

303 4846 345 4903 Η
376 4850 652 4908 Homines
681 4856 742 4908 et
761 4852 1036 4923 jumenta
1067 4852 1318 4911 salvabit
1347 4854 1654 4923 Dominus,
1686 4856 1746 4912 id
1776 4861 1891 4928 est,

243 4937 534 4996 rationales
564 4945 625 4996 et
652 4939 1022 4998 irrationales
1068 4959 1353 5015 personas
1397 4945 1550 5017 regit
1586 4950 1643 5001 et
1680 4945 1884 5002 salvat.

244 5022 279 5077 C
302 5025 475 5084 Malos
512 5033 575 5087 et
618 5029 1075 5101 irrationabiles,
1101 5031 1356 5088 salutem
1402 5034 1783 5106 temporalem
1816 5035 1891 5092 si-

247 5117 331 5167 cut
348 5116 674 5188 jumentis;
707 5120 893 5176 bonos
911 5125 970 5176 et
1000 5120 1399 5191 rationabiles,
1424 5124 1807 5195 temporalem
1835 5129 1891 5181 et

250 5205 504 5263 sternam
559 5207 872 5265 tribuendo
916 5209 1103 5266 salvat
1148 5216 1322 5266 Deus.
1373 5212 1474 5268 Vel
1522 5213 1706 5270 bonos
1766 5232 1886 5269 ma-

251 5286 434 5364 losque
494 5296 712 5364 salvas,
737 5314 871 5353 enm
931 5315 1035 5370 pro
1092 5298 1368 5355 omnibus
1415 5300 1710 5358 Christum
1770 5302 1890 5375 pati

250 5377 505 5439 volueris.
538 5385 589 5440 H
616 5386 780 5442 Tunc
811 5386 1203 5460 multiplicata
1230 5393 1320 5445 est
1350 5389 1751 5446 misericordia
1783 5393 1888 5447 Do-

254 5467 559 5537 mini,cum
608 5492 716 5531 nos
763 5475 998 5549 proprio
1047 5494 1252 5534 cruore
1300 5478 1567 5547 redemit,
1600 5480 1673 5535 ab
1722 5480 1890 5537 initio

254 5557 446 5701 Ciuilppe
475 5563 702 5633 proﬂua
722 5564 831 5622 fuit
862 5565 1267 5623 misericordia
1292 5570 1413 5637 tua,
1442 5568 1542 5624 sed
1575 5572 1714 5624 tunc
1746 5569 1894 5627 mul-

283 5660 332 5701 In
356 5646 525 5701 icata.
1098 5664 1103 5671 ο

283 5646 525 5715 iplicata.
1098 5664 1103 5671 '

1916 4611 1963 4676 D

1997 3342 2261 3405 ruerunt,
2296 3339 2404 3395 hoc
2433 3344 2545 3408 est,
2569 3340 2669 3413 qui
2700 3357 2799 3397 cor
2844 3357 3019 3397 suum
3050 3340 3111 3396 in
3142 3340 3416 3396 omnibus
3449 3339 3520 3395 ad
3551 3355 3651 3395 vo-

1995 3425 2285 3484 luntatem
2312 3429 2409 3485 Dei
2437 3428 2718 3502 dirigunt.

1998 3517 2066 3571 12
2138 3517 2257 3573 Non
2285 3520 2466 3574 veniat
2496 3520 2640 3575 mihi
2662 3536 2762 3592 pes
2788 3521 3065 3592 superbiae
3096 3538 3115 3575 :

2138 3609 2204 3662 Et
2229 3624 2429 3663 manus
2449 3610 2747 3679 peccatoris
2778 3625 2889 3665 non
2916 3616 3127 3665 moveat
3151 3625 3257 3664 me.

2069 3696 2110 3752 C
2141 3695 2280 3753 Orat
2311 3700 2375 3751 ut
2403 3712 2610 3770 gressu
2656 3697 2871 3754 mentis
2901 3715 2935 3754 a
2954 3700 3119 3770 justo
3149 3696 3383 3753 tramite
3413 3713 3529 3753 non
3560 3711 3652 3751 re-

1996 3786 2185 3853 cedat,
2211 3803 2284 3842 ne
2312 3785 2373 3841 in
2405 3784 2681 3858 superbia
2713 3791 2940 3843 erectus
2970 3787 3159 3843 cadat.
3182 3786 3290 3842 Pes
3320 3788 3517 3842 autem
3549 3800 3653 3858 pro

1996 3876 2205 3933 aﬂ'ectu
2238 3874 2456 3931 mentis
2484 3879 2575 3931 est
2617 3874 3106 3948 positus..Manus
3153 3892 3285 3931 vero
3335 3873 3655 3948 peccatoris

1996 3968 2087 4021 est
2117 3963 2376 4036 operatio
2406 3964 2559 4021 male
2589 3964 2911 4035 suadentis,
2935 3982 3064 4037 quae
3094 3970 3235 4021 tunc
3267 3980 3372 4020 nos
3403 3981 3437 4018 a
3464 3962 3655 4018 ﬁrmi-

1995 4058 2117 4110 tate
2143 4054 2278 4109 ﬁdei
2304 4059 2668 4120 movet,cum
2694 4053 2898 4126 iniqua
2920 4053 3194 4109 suasione
3226 4069 3332 4109 nos
3358 4051 3651 4108 sollicitat.

1998 4141 2297 4215 ldeo§vero
2328 4143 2508 4199 timeo
2540 4142 2745 4215 pedem
2778 4140 3087 4214 superbiae,
3113 4142 3252 4214 quia
3281 4140 3383 4208 ibi,
3417 4144 3524 4196 etc.

1998 4232 2067 4287 13
2137 4233 2221 4288 Ibi
2249 4232 2560 4288 ceciderunt
2590 4233 2690 4303 qui
2711 4239 3009 4303 operantur
3038 4231 3384 4302 iniquitatem
3414 4246 3432 4283 :

2137 4321 2370 4393 Expulsi
2397 4328 2526 4375 sunt
2554 4336 2653 4375 nec
2678 4324 2975 4391 potuerunt
3004 4326 3170 4375 stare.

2067 4414 2106 4465 C
2137 4409 2242 4477 Ibi,
2266 4408 2365 4465 ubi
2406 4408 2678 4481 superius
2727 4407 2891 4476 dixit,
2917 4409 2975 4463 in
3008 4408 3152 4481 pede
3205 4407 3425 4464 scilicet
3455 4424 3655 4481 super-

1995 4499 2103 4555 biae
2131 4504 2187 4555 et
2217 4498 2481 4570 nequitia
2527 4513 2714 4570 pravae
2766 4496 3064 4554 suasionis
3112 4498 3476 4566 ceciderunt;
3510 4514 3576 4553 ac
3606 4496 3656 4552 si

1996 4589 2229 4655 diceret,
2254 4587 2313 4643 in
2342 4587 2699 4660 profundam
2725 4587 2947 4643 foveam
2976 4592 3323 4644 corruerunt
3342 4587 3654 4651 daemones,

1996 4679 2095 4751 qui
2127 4677 2320 4734 adhuc
2340 4679 2658 4750 operantur
2687 4676 3081 4749 iniquitatem,
3104 4676 3256 4733 male
3277 4677 3575 4732 suadendo
3597 4675 3657 4731 in

1995 4767 2336 4825 hominibus
2367 4771 2424 4822 et
2451 4767 2522 4822 ad
2555 4766 2894 4839 superbiam
2941 4783 3173 4839 semper
3214 4765 3577 4820 inducentes.
3611 4764 3659 4819 H

1997 4856 2232 4929 Expulsi
2263 4861 2420 4924 sunt,
2454 4856 2512 4911 id
2559 4861 2651 4911 est
2680 4873 2714 4910 a
2744 4871 2923 4928 regno
2956 4855 3077 4910 Dei.
3111 4853 3152 4909 C
3183 4854 3299 4908 Nec
3342 4854 3661 4923 potuerunt

1997 4950 2171 5013 stare,
2207 4945 2346 5019 quia
2375 4962 2490 5001 non
2523 4944 2608 5000 eis
2639 4943 2851 5000 licebat
2898 4941 3132 4998 Domini
3179 4942 3353 5013 jussa
3401 4940 3655 5010 differre,

1997 5035 2099 5091 sed
2132 5034 2330 5090 statim
2381 5032 2500 5088 illic
2560 5031 3017 5105 praecipitantur,
3053 5030 3148 5085 ubi
3182 5033 3387 5102 parata
3435 5029 3520 5086 eis
3569 5033 3660 5086 est

1998 5123 2249 5179 ﬂamma
2267 5118 2541 5194 pmnalis.’
2568 5123 2614 5175 A
2644 5120 2728 5176 lbi
2761 5136 2995 5192 quoque
3024 5119 3210 5175 Adam
3241 5118 3450 5176 cecidit
3478 5122 3534 5176 et
3562 5137 3657 5175 ex-

1999 5211 2207 5285 pulsus
2238 5216 2329 5267 est
2357 5228 2391 5265 a
2420 5208 2721 5282 paradiso;
2753 5207 2852 5281 qui
2879 5207 3095 5265 dicitur
3115 5209 3291 5265 etiam
3316 5209 3508 5266 adhuc
3528 5225 3660 5282 ope-

1999 5300 2112 5357 rari
2143 5298 2535 5372 iniquitatem,
2567 5298 2708 5354 dum
2760 5297 2820 5353 in
2861 5303 3097 5371 peccato
3144 5316 3250 5355 suo
3300 5315 3507 5355 omnes
3556 5316 3658 5354 na-

1999 5392 2239 5448 scimur.
2271 5389 2385 5445 Nec
2437 5386 2727 5455 diabolus,
2765 5403 2867 5443 nec
2899 5388 3085 5444 Adam
3137 5393 3457 5461 potuerunt
3503 5392 3660 5443 stare

2000 5480 2050 5536 vi
2089 5497 2215 5537 sua.

2487 5586 2691 5625 ORATIO
2721 5585 2792 5625 EX
2822 5584 2980 5625 PSAL.
3011 5584 3177 5624 XXXV.

2074 5656 2344 5715 Clariﬁca
2374 5674 2480 5714 nos
2529 5657 2747 5715 caelesti
2796 5656 3219 5725 misericordia,
3250 5656 3382 5713 fons
3410 5660 3468 5711 et
3497 5653 3656 5725 origo
