4086 6180
281 359 382 421 15⁸7

275 494 335 549 12
406 490 711 549 Observabit
730 495 981 563 peccator
992 491 1215 563 justum
1247 504 1261 544 :

400 583 476 637 Et
501 579 749 637 stridebit
777 596 943 652 super
968 595 1092 635 eum
1121 579 1376 634 dentibus
1399 580 1539 635 suis.

333 673 371 727 C
401 667 736 727 Observabit
767 672 1036 742 peccator
1070 669 1327 742 justum,
1359 668 1596 742 quando
1629 666 1794 722 illum
1824 666 1908 722 vi-

272 760 409 817 derit
452 758 767 815 sceleratus
815 758 984 813 bonis
1034 758 1300 814 moribus
1354 757 1651 814 insudare.
1684 760 1733 811 Η
1763 755 1911 821 Quia

269 866 362 923 per
389 864 563 921 opera
588 851 948 914 sanctorum,
972 846 1084 919 ipsi
1108 846 1446 902 cruciantur
1476 850 1533 902 et
1561 849 1911 918 torquentur

268 938 320 994 in
350 935 614 1011 praesenti
640 935 783 991 vita.
815 934 1095 991 Stridebit
1122 934 1357 991 malitia:
1399 940 1456 991 et
1494 934 1724 990 invidias
1766 935 1907 990 den-

265 1027 413 1083 tibus
431 1025 646 1099 quibus
668 1040 804 1080 eum
823 1023 1030 1079 nititur
1046 1024 1322 1080 devorare
1344 1042 1358 1093 ;
1384 1041 1489 1097 per
1509 1027 1734 1079 motum
1749 1024 1906 1079 enim

264 1114 433 1171 istum
465 1113 743 1185 corporis,
768 1110 1027 1168 ostendit
1057 1117 1283 1167 motum
1314 1112 1600 1168 animaeA
1631 1112 1672 1167 C
1704 1112 1908 1168 Obser-

259 1204 408 1259 vabit
430 1203 613 1276 igitur
641 1201 811 1274 quasi
829 1201 901 1257 de
919 1198 1164 1256 occultis
1180 1200 1413 1257 insidiis
1430 1205 1496 1257 ut
1512 1218 1645 1257 eum
1669 1200 1902 1257 alliciat.

262 1292 382 1349 Ideo
410 1308 546 1347 vero
577 1290 823 1346 occultis
856 1289 1087 1346 insidiis
1118 1290 1407 1357 observat,
1432 1290 1570 1361 quia
1600 1288 1908 1346 d'umvidct

252 1382 494 1453 justum,
528 1379 714 1436 credit
755 1396 817 1435 se
869 1379 942 1435 ab
992 1394 1060 1435 eo
1112 1378 1397 1445 accusari,
1430 1384 1676 1436 conatur
1724 1380 1909 1453 igitur

252 1470 470 1543 justum
501 1469 557 1526 ei
589 1467 844 1525 similem
876 1467 1084 1525 facere.
1107 1468 1269 1532 Quod
1302 1468 1352 1525 si
1383 1485 1499 1525 non
1532 1473 1743 1543 potest,
1777 1468 1907 1525 stri-

260 1559 426 1627 debit,
460 1562 575 1615 etc.

258 1648 317 1703 t3
411 1648 682 1703 Dominus
729 1653 997 1713 +autem
1037 1650 1051 1714 ζ
1098 1647 1355 1704 irridebit
1382 1664 1546 1704 eam:

435 1738 794 1808 ι-Ξ-ριιοηίαγη
835 1744 849 1800 ζ
881 1739 1143 1810 prospicit
1171 1737 1311 1809 quod
1344 1739 1522 1793 veniat
1550 1737 1665 1793 dies
1692 1738 1830 1810 ejus.

1476 353 1893 419 EXPOSITIO
1939 349 2445 417 I‘SALMORUM.

1933 490 1987 555 Α
2016 503 2144 559 qua:
2176 490 2573 556 conterentur,
2596 485 2652 542 id
2684 487 2772 541 est
2803 483 3045 541 assidua
3070 481 3285 541 tritura
3302 482 3653 541 minuuntur

3555 348 3674 413 158

2020 577 2069 635 Η
2097 576 2222 644 Vel,
2256 576 2534 633 fortitudo
2565 575 2799 632 illorum
2829 578 3161 631 conteretur
3192 575 3251 630 in
3293 574 3571 641 vindicta,
3604 590 3676 630 ne

2021 667 2434 723 innocentibus
2460 670 2725 722 noceant.
2757 664 2958 720 Justos
2992 668 3188 720 autem
3225 663 3535 720 confirmat
3564 663 3674 720 De-

2020 757 2248 812 minum
2281 756 2338 811 in
2372 756 2503 812 fide.
2537 755 2582 810 H
2608 756 2652 810 A
2684 753 2946 820 Brachia,
2980 754 3300 826 potentiam
3349 757 3406 809 et
3445 753 3672 810 fortitu-

2018 845 2217 902 dinem
2268 850 2638 918 pcccatorum
2686 843 2997 917 significat.
3029 845 3077 899 Α
3124 843 3440 899 Conﬁrmat
3478 844 3675 915 justas

2020 935 2302 990 Dominus
2353 951 2456 1007 per
2508 950 2671 1006 spem
2723 934 2782 988 in
2834 931 3095 989 adversis
3142 936 3200 988 et
3247 948 3353 1004 per
3388 931 3672 1004 exempla,

2020 1023 2279 1083 maxime
2310 1022 2519 1080 crucis.
2554 1024 2707 1079 Crux
2734 1022 2893 1078 enim
2923 1021 3092 1078 ﬁnita
3119 1026 3211 1078 est
3242 1021 3301 1077 in
3351 1038 3537 1094 paena,
3572 1022 3672 1078 sed

2018 1118 2217 1171 manet
2246 1114 2305 1169 in
2336 1112 2542 1187 gloria.
2571 1118 2613 1167 A
2647 1110 2788 1167 locis
2830 1111 2988 1168 enim
3048 1110 3417 1183 suppliorum
3462 1110 3675 1167 transit

2014 1203 2090 1261 ad
2122 1203 2345 1259 frontes
2376 1201 2933 1274 imperatorum.0ui
2954 1205 3186 1259 tantum
3211 1200 3491 1259 honorem
3514 1198 3674 1259 dedit

2018 1291 2208 1365 pcenis
2240 1290 2387 1358 suis,
2417 1290 2559 1363 quid
2594 1290 2765 1347 faciet
2794 1289 3068 1349 ﬁdelibus
3096 1288 3244 1347 suis.

2022 1382 2089 1442 19
2158 1383 2315 1438 Novit
2341 1382 2615 1438 Dominus
2642 1381 2757 1437 dies
2783 1379 3263 1438 immaculatorum
3293 1395 3306 1434 :

2159 1471 2223 1525 Et
2250 1471 2544 1527 haereditas
2567 1486 2754 1526 eorum
2778 1471 2836 1525 in
2859 1476 3135 1526 aeternum
3154 1470 3280 1523 erit.

2086 1561 2125 1613 C
2155 1558 2439 1617 Dominus
2461 1562 2660 1616 autem
2690 1556 2850 1616 novit
2884 1557 3011 1613 dies
3047 1554 3583 1623 immaculatorum,
3611 1556 3670 1611 id

2016 1652 2106 1704 est
2134 1648 2258 1704 vias
2289 1648 2388 1721 qui
2420 1665 2520 1704 eas
2561 1647 2839 1715 condidit,
2875 1663 3023 1718 quas
3054 1645 3315 1703 humana
3341 1643 3672 1718 ignorantia

2016 1755 2129 1794 non
2162 1741 2351 1811 potest
2390 1736 2623 1793 intueri.
2669 1735 2987 1793 Hereditas
3034 1739 3123 1791 est
3169 1732 3420 1790 cwlestis
3466 1732 3669 1791 Hieru-

320 1826 361 1882 Η
392 1826 517 1883 Non
556 1826 697 1899 quia
722 1825 1009 1883 Dominus
1040 1826 1295 1899 aliquem
1344 1824 1601 1895 irrideat,
1636 1827 1735 1881 sed
1768 1824 1905 1898 quia
1938 1864 1984 1928 Β
2015 1827 2440 1896 salem,zeterna
2460 1844 2601 1902 pace
2623 1825 2973 1899 ditisssima,
3004 1840 3131 1897 quae
3154 1823 3214 1887 in
3237 1826 3517 1885 aeternum
3541 1821 3669 1890 erit,

260 1914 362 1989 ipsi
389 1914 557 1989 digni
590 1919 749 1985 sunt,
774 1919 841 1970 ut
865 1915 1224 1971 irrideantur
1250 1914 1309 1971 in
1341 1915 1904 1982 vindictaQuoniam
1941 1914 1983 1928 “’
2016 1917 2296 1990 quoniam
2328 1917 2455 1973 sine
2488 1917 2602 1973 ﬁne
2631 1918 2960 1989 praestatur.

256 2004 550 2078 prospicit,
582 2004 691 2060 hoc
718 2008 808 2061 est
837 2003 1124 2060 Dominus
1154 2005 1265 2060 scit
1289 2005 1523 2077 quando
1552 2004 1746 2059 veniet
1781 2004 1906 2060 dies

259 2091 481 2149 ultionis
520 2097 582 2149 et
610 2093 959 2165 perditionis
989 2093 1139 2165 ejus.

268 2183 325 2236 14
390 2182 658 2237 stadium
686 2184 1115 2255 evaginaverunt
1134 2190 1477 2255 peccatores:

385 2270 755 2327 Intenderunt
781 2286 973 2326 arcum
996 2287 1176 2326 suum.

316 2360 353 2413 C
379 2358 631 2415 Gladius
661 2358 986 2431 peccatoris
1031 2363 1120 2415 est
1158 2358 1402 2431 quilibet
1438 2358 1630 2427 dolus,
1664 2357 1906 2416 alterius

259 2446 598 2504 desiderans
627 2446 954 2515 laesioncm;
989 2462 1163 2514 quem
1209 2448 1405 2503 educit
1448 2447 1565 2513 ille,
1599 2448 1697 2521 qui
1730 2465 1907 2520 prava

258 2537 531 2593 suasione
561 2535 855 2593 desiderat
884 2536 1151 2609 decipere
1182 2536 1410 2592 animas
1441 2537 1907 2593 innocentes.Ar-

261 2642 379 2681 cum
410 2631 619 2681 autem
647 2626 1005 2693 tcndere,est
1033 2641 1205 2698 opere
1236 2624 1574 2681 faudulento
1604 2630 1904 2699 exspecta-

261 2720 600 2788 rctempus,
634 2715 870 2788 quando
926 2714 1158 2787 possint
1204 2712 1503 2787 simplices
1546 2714 1907 2772 innocentes-

263 2819 364 2875 que
390 2804 683 2877 decipere.
716 2805 765 2859 A
813 2802 1076 2872 Gladius,
1111 2807 1373 2876 apertam
1416 2804 1902 2877 persecutionem,

262 2908 416 2949 arcus
442 2908 583 2949 vero
618 2892 906 2949 occultam
934 2891 1186 2961 indicat;
1220 2892 1321 2965 qui
1365 2891 1519 2948 enim
1550 2892 1744 2969 gladio
1792 2911 1904 2967 pu-

258 2986 442 3054 gnant,
476 2981 795 3051 cominus;
828 2981 929 3055 qui
960 2998 1095 3038 vero
1122 2997 1287 3040 arcu.
1319 2981 1554 3038 eminus
1586 2985 1830 3055 pugnat.

262 3072 320 3126 15
389 3073 453 3129 Ut
478 3071 767 3143 decipiant
788 3086 1082 3143 pauperem
1111 3075 1165 3127 et
1197 3072 1411 3143 inopem
1444 3087 1459 3126 :

385 3161 447 3219 Ut
474 3159 757 3216 truondent
781 3168 953 3217 rectos
981 3160 1159 3216 corde.

2013 2008 2085 2061 20
2154 2011 2277 2067 Non
2307 2006 2712 2077 confundentur
2741 2006 2799 2061 in
2831 2009 3067 2078 tempore
3091 2003 3239 2059 malo
3271 2020 3284 2058 :
3318 2010 3369 2059 et
3396 2002 3458 2058 in
3482 2001 3672 2060 diebus

2227 2098 2394 2167 famis
2421 2096 2819 2152 saturabuntur
2852 2111 2865 2149 :

2160 2186 2301 2254 Quia
2328 2192 2632 2257 peccatores
2651 2184 2933 2257 peribunt.

2087 2274 2131 2331 Η
2160 2278 2198 2331 C
2228 2274 2447 2331 Malum
2478 2279 2713 2348 tcmpus
2744 2273 3036 2346 signiﬁcat
3065 2271 3219 2327 diem
3243 2269 3473 2343 judicii.

2014 2363 2055 2419 C
2100 2363 2340 2427 Quando
2396 2362 2589 2419 omnis
2638 2380 2771 2419 caro
2824 2361 3073 2418 sollicita
3128 2364 3366 2417 actuum
3425 2376 3668 2415 suorum

2015 2452 2457 2511 retributionem
2490 2451 3148 2525 compensationemque
3172 2448 3667 2518 formidat,in.isto

2011 2545 2273 2614 tempore
2294 2559 2410 2599 non
2442 2542 2876 2599 confundantur
2903 2537 3287 2597 immaculati.
3312 2537 3444 2601 Dies
3471 2536 3665 2605 famis,

2014 2630 2438 2704 tempushujus
2452 2628 3223 2704 mundisigniﬁcat,quando
3235 2626 3386 2687 beati
3400 2626 3670 2701 esurith

2004 2720 2389 2792 justitiam,et
2413 2720 2837 2775 saturabuntur
2866 2735 2969 2791 per
2997 2716 3330 2791 Scripturas
3358 2719 3592 2772 sanctas
3612 2720 3669 2771 et

2013 2808 2280 2881 exempla
2331 2808 2648 2866 Dominica.
2680 2794 3019 2864 Peccatores
3062 2804 3356 2879 peribunt,
3390 2804 3447 2860 id
3487 2808 3577 2861 est
3607 2804 3665 2861 in

2012 2897 2108 2954 illa
2125 2898 2489 2969 judicationc
2505 2898 2823 2959 damnandi
2848 2899 3055 2955 sunt.A
3074 2895 3176 2952 Vel
3192 2900 3425 2969 tempus
3441 2893 3665 2951 malum

2013 2988 2156 3043 dicit
2187 2992 2421 3061 tempus
2453 2987 2849 3043 tribulationis
2880 2986 3058 3049 hic,in
3082 3001 3197 3057 quo
3219 2984 3355 3039 boni
3378 3000 3481 3056 spe
3502 2987 3662 3040 satu-

2012 3080 2221 3132 rantur
2251 3077 2459 3133 futuraa
2489 3078 2671 3149 pacis,
2700 3080 3032 3149 peccatores
3061 3089 3196 3130 vero
3250 3071 3346 3129 hic
3394 3072 3661 3139 saturati,

1878 3174 1883 3179 '
1943 3236 1974 3240 ΑΔ
2017 3167 2290 3240 peribunt
2316 3171 2533 3223 :etcrna
2560 3166 2714 3221 fame
2744 3163 3064 3220 cruciandi.

310 3246 359 3303 Ἡ
385 3246 457 3305 Ut
488 3248 789 3322 decipiant
818 3264 1281 3323 pauperem,non
1304 3248 1541 3304 divitem
1566 3251 1899 3319 mundi,sed
1926 3236 1976 3304 C
2012 3236 2077 3311 ét
2156 3258 2381 3313 Inimici
2411 3272 2534 3312 vero
2564 3256 2785 3311 Domini
2808 3270 2938 3312 mox
2963 3257 3026 3309 ut
3053 3251 3405 3324 honoriﬁcati
3449 3251 3663 3323 fuerint

255 3351 555 3411 pauperem
589 3337 828 3394 Christi.
876 3341 919 3393 C
966 3338 1208 3394 Addidit
1239 3341 1426 3395 rectos
1465 3339 1658 3405 corde,
1691 3340 1800 3395 hoc
1831 3341 1903 3397 de

257 3427 602 3501 martyribus
630 3430 820 3499 potest
850 3424 1231 3498 intelligi,qui
1257 3425 1396 3484 recti
1428 3432 1570 3482 sunt
1598 3428 1899 3497 eorde,sed

255 3529 408 3570 carne
435 3514 838 3571 trucidantur.
874 3515 1099 3588 Pauper
1128 3515 1470 3588 diciturqui
1500 3515 1618 3572 sibi
1649 3534 1763 3572 non
1786 3518 1902 3573 suf-

256 3601 379 3659 ﬁcit.
410 3604 594 3677 Inops
624 3603 724 3677 qui
758 3621 861 3660 nec
891 3621 1061 3678 opem
1091 3604 1267 3661 habet
1312 3605 1385 3661 ab
1434 3604 1567 3674 alio,
1601 3605 1721 3663 sive
1765 3606 1901 3663 alie-

255 3707 374 3748 nam
384 3734 395 3747 .

251 3779 311 3834 16
377 3782 613 3838 Gladius
642 3797 831 3837 eorum
858 3790 1024 3838 tntret
1055 3783 1117 3839 in
1145 3783 1309 3841 corda
1340 3785 1581 3861 ipsorum
1613 3800 1625 3840 :

376 3872 440 3927 ει
470 3887 639 3926 arms
668 3886 857 3926 eorum
884 3873 1288 3943 confringatur.

306 3956 347 4013 (ἶ
372 3958 622 4015 Gladius
652 3958 811 4015 enim
838 3959 1187 4033 dicituc,qui
1209 3961 1275 4016 ﬁt
1298 3962 1369 4016 ad
1391 3961 1652 4018 hostium
1675 3962 1893 4030 clades,

247 4042 289 4099 ll
316 4044 378 4101 Et
402 4048 706 4122 signiﬁcat
730 4048 1053 4104 vindictam
1082 4047 1142 4104 in
1173 4049 1403 4105 animas
1431 4050 1716 4123 ipsorum.
1740 4054 1785 4107 C
1826 4054 1896 4108 Et

248 4149 402 4191 arcus
454 4136 751 4211 ipsorum,
783 4136 842 4192 id
878 4143 967 4193 est
1002 4137 1233 4194 occulta
1279 4138 1506 4195 malitia
1534 4144 1737 4195 contra
1768 4140 1894 4213 pios

247 4224 642 4299 conti-iugiter,
668 4225 811 4298 quia
832 4242 945 4281 non
976 4227 1087 4283 erit
1116 4226 1469 4283 fidelib'esin
1492 4229 1701 4286 animae
1730 4234 1893 4301 parte

242 4311 514 4370 nocitura.
550 4316 596 4369 Α
626 4315 699 4370 Se
732 4315 890 4371 enim
918 4316 1061 4371 mali
1095 4316 1260 4388 prius
1305 4317 1362 4372 in
1408 4318 1580 4373 corde
1606 4322 1666 4373 et
1695 4318 1893 4377 anima

246 4397 447 4457 laedunt
479 4420 661 4475 quam
688 4405 924 4475 justum
955 4404 1014 4460 in
1048 4421 1289 4477 corpore
1318 4410 1377 4461 et
1407 4407 1582 4462 rebus
1598 4407 1890 4463 exteriori-

2225 3355 2278 3404 et
2304 3347 2533 3403 exaltati
2564 3362 2575 3401 :

2155 3437 2467 3509 Deﬁcientes
2494 3434 2946 3508 quemadmodum
2971 3436 3157 3506 fmus
3184 3432 3452 3504 deﬁcient.

2084 3526 2129 3581 H
2163 3525 2387 3581 Inimici
2417 3540 2550 3581 vero
2584 3524 2836 3591 Domini,
2862 3524 2921 3579 id
2949 3528 3039 3580 est
3062 3521 3255 3595 impii,
3288 3525 3353 3577 ut
3380 3520 3659 3579 honoriﬁ-

2007 3615 2120 3670 eati
2157 3615 2331 3670 fuerit
2358 3615 2415 3670 in
2446 3617 2732 3686 potestate
2760 3607 3073 3679 tertianam
3091 3610 3328 3669 exaltati
3356 3610 3420 3667 in
3446 3627 3657 3669 vanam

2004 3703 2275 3777 gloriam,
2309 3720 2464 3772 mox,
2498 3702 2839 3760 adveniente
2871 3707 3078 3770 morte,
3109 3701 3305 3758 omnis
3335 3700 3524 3774 gloria
3563 3717 3657 3758 eo-

2006 3810 2140 3850 rum
2168 3797 2453 3866 tanquam
2484 3792 2685 3849 fumus
2710 3796 2817 3849 aut
2846 3791 3061 3848 nebula
3090 3790 3357 3847 tabescit.

2002 3884 2075 3937 22
2148 3884 2503 3938 Mutuabitur
2527 3891 2778 3954 peccator
2796 3886 2855 3938 et
2882 3897 2992 3937 non
3017 3881 3227 3938 solvet:

2144 3972 2332 4030 Justus
2359 3976 2545 4028 autem
2576 3973 2863 4033 miseretur
2890 3975 2944 4027 et
2971 3972 3191 4027 tribuet.

2076 4060 2122 4115 H
2151 4060 2192 4115 C
2221 4061 2587 4116 Mutuabitur
2634 4063 2917 4133 peccator,
2950 4059 3185 4131 quando
3231 4058 3334 4115 Dei
3376 4058 3657 4115 beneﬁcia

2003 4148 2233 4205 diversa
2261 4149 2541 4222 suscipit;
2574 4153 2630 4204 et
2656 4167 2775 4212 non
2806 4147 3123 4216 solvet,hoo
3153 4151 3413 4213 θειμιιοη
3444 4146 3654 4219 dignas

2001 4238 2224 4310 gratias
2252 4240 2372 4312 agit
2404 4244 2537 4295 Deo.
2569 4238 2779 4297 Justus
2808 4242 3003 4293 autem
3036 4234 3365 4301 miseretur,
3383 4233 3653 4306 quamvis

2001 4327 2095 4385 hic
2127 4344 2313 4400 pauca
2342 4327 2643 4399 suscipiat,
2678 4328 2986 4398 promptus
3012 4328 3209 4381 tamen
3241 4322 3311 4383 ad
3341 4320 3655 4401 eleemosy-

1994 4433 2109 4472 nas
2136 4415 2437 4475 faciendas
2467 4416 2779 4471 invenitur.

244 4487 430 4545 busjn
448 4492 630 4547 corde
647 4492 803 4547 enim
823 4494 1057 4565 justum
1090 4491 1429 4548 laederencn
1452 4497 1886 4566 possunt.Quod
1997 4507 2067 4559 23
2144 4506 2285 4574 Quia
2314 4505 2682 4562 beawdieentes
2709 4507 2763 4560 ei
2790 4503 3198 4562 haereditabunt
3227 4506 3431 4559 terram
3464 4517 3478 4556 :

246 4576 582 4673 siinrcbus
611 4578 789 4637 licens
809 4578 1253 4673 (interemerit;
1271 4581 1412 4638 dicit
1441 4598 1455 4637 :
1501 4582 1729 4652 Melius,
1775 4589 1885 4640 etc.
1918 4609 1965 4673 ο

253 4666 309 4719 17
378 4667 570 4725 Helius
597 4674 679 4725 est
702 4670 980 4726 modium
1000 4671 1168 4743 justo.

373 4756 546 4830 Super
572 4757 801 4815 divitias
825 4767 1171 4831 peccatorum
1196 4761 1421 4817 multas.

2142 4595 2528 4651 Maledicentes
2559 4602 2739 4650 autem
2765 4596 2821 4650 ei
2846 4593 3206 4666 disperibunt.

2066 4687 2105 4738 C
2133 4683 2279 4739 Nam
2329 4684 2427 4756 qui
2481 4684 2836 4741 hencdieunt
2878 4682 3215 4749 Dominum,
3246 4681 3305 4737 id
3338 4684 3426 4737 est
3455 4679 3553 4752 qui
3588 4680 3646 4734 in

1998 4772 2275 4828 omnibus
2305 4773 2525 4846 gratias
2574 4775 2850 4840 referunt,
2878 4777 2937 4829 et
2966 4774 3094 4845 ejus
3127 4771 3403 4826 mandata
3449 4772 3642 4823 custo-

300 4847 343 4898 θ
371 4845 667 4903 Μοδίοαῐη
699 4848 791 4904 ιιίο
821 4849 1108 4904 sentiatur
1136 4848 1462 4919 humilitas:
1492 4850 1553 4906 ίη
1583 4869 1718 4925 qua.
1744 4854 1884 4910 dum
1995 4863 2185 4931 diunt,
2218 4845 2433 4921 terram
2468 4863 2627 4919 illam
2656 4864 2974 4918 viventium
3006 4859 3301 4933 accipiunt
3334 4857 3642 4929 possiden-

246 4946 301 4986 se
322 4934 554 4991 animus
585 4939 785 4992 noster
812 4936 1092 5005 custodit,
1125 4939 1334 4994 mundi
1384 4940 1640 5015 pretiosa
1688 4945 1882 4999 trans-

242 5022 670 5080 cenditDi-vi'tie
701 5031 1073 5098 peccatorum
1107 5032 1249 5083 sunt
1268 5030 1756 5103 congregatioaes
1776 5032 1884 5087 eri-

1993 4953 2151 5008 dam.
2186 4953 2615 5021 Malcdicentes,
2648 4953 2706 5007 id
2738 4955 2827 5007 est
2855 4946 3202 5021 blasphemi,
3235 4945 3321 5007 vel
3352 4945 3453 5001 Dei
3498 4945 3640 5019 legi-

1990 5041 2101 5097 bus
2133 5041 2554 5111 inobedientes,
2588 5043 2659 5097 ab
2692 5039 2790 5095 illa
2818 5038 3005 5111 patria
3029 5037 3468 5092 submoventur.

243 5109 650 5201 minumDnde
681 5114 1043 5171 estimemus
1070 5119 1363 5189 quantum
1394 5117 1473 5175 ait
1502 5118 1715 5177 melis
1732 5119 1877 5177 illud
1986 5130 2054 5184 2/:
2130 5130 2284 5201 Apud
2312 5109 2601 5185 Dominum
2626 5109 2838 5198 gressus
2866 5127 3101 5183 hominis
3128 5125 3439 5197 dirigentur
3470 5140 3482 5179 :

244 5199 524 5257 modicum
552 5203 698 5273 justi
725 5204 1045 5277 percipere,
1077 5209 1135 5260 et
1166 5204 1377 5265 molem
1408 5210 1706 5267 tantorum
1755 5227 1877 5267 see-

242 5282 412 5432 lberur:
446 5307 562 5346 non
588 5291 902 5349 haberem
930 5310 1062 5349 vere
1092 5294 1280 5351 multo
1326 5295 1557 5363 melius,
1600 5300 1877 5369 quoniam

278 5392 366 5432 rae
410 5378 489 5435 ia.
526 5385 632 5435 etc.

248 5464 305 5517 18
371 5467 641 5535 Quoniam
670 5471 892 5526 brachia
919 5480 1260 5543 peccatorum
1292 5482 1642 5531 conterentur
1673 5494 1685 5531 :

372 5555 677 5628 Conﬁrmat
709 5564 896 5615 autem
912 5562 1092 5633 justas
1119 5563 1399 5617 Dominus.

2131 5219 2198 5273 Et
2226 5220 2373 5273 viam
2403 5220 2517 5290 ejus
2544 5218 2703 5273 rotet.

2061 5306 2106 5361 Η
2127 5307 2295 5378 Apud
2323 5306 2633 5361 Dominum
2656 5305 2978 5379 gressus,id
3008 5310 3096 5362 est
3128 5322 3338 5363 sensus
3361 5305 3639 5361 uniuscu-

1977 5396 2201 5467 jusque
2228 5394 2503 5462 hominis,
2539 5412 2572 5449 a
2604 5395 2848 5450 Domino
2880 5395 3301 5467 dirigentur.Et
3325 5395 3477 5450 viam
3509 5396 3638 5466 eius

1988 5483 2209 5541 scilicet
2240 5484 2335 5539 Dei
2363 5483 2534 5551 volet,
2568 5488 2635 5538 ut
2665 5484 2734 5539 ad
2768 5500 2830 5539 se
2862 5484 3182 5557 veniat,qui
3211 5489 3300 5540 est
3344 5483 3456 5550 via,
3480 5484 3634 5539 veri-

1987 5577 2098 5643 tas,
2133 5577 2190 5629 et
2220 5573 2337 5628 vita
2360 5576 2550 5643 (Joan.
2586 5576 2723 5644 xiv).
2752 5573 3008 5631 Gressus
3037 5573 3179 5630 dicit
3202 5588 3381 5646 opera
3410 5575 3467 5628 et
3494 5572 3606 5627 atIe

304 5645 344 5697 C
372 5644 614 5703 Brachia
642 5652 1042 5721 peccatorum,
1061 5666 1366 5724 perversae
1395 5652 1655 5711 actiones
1676 5655 1880 5729 signat
1986 5666 2294 5735 ctus,quos
2324 5661 2523 5735 dirigit
2554 5661 2875 5718 Deus.A.Et
2905 5678 3009 5735 per
3038 5661 3146 5718 hoc
3176 5644 3332 5734 quod
3364 5656 3636 5730 dirigitur
