4086 6180
435 297 552 360 159

1343 303 1407 367 S.
1454 304 1853 370 BRUNONIS
1899 307 2521 378 HERBlPOLENS-IS
2567 313 2942 381 EPISCOPI.

3730 322 3852 385 160

433 436 560 495 vult
576 437 779 511 justus
805 412 959 496 viam
993 435 1087 495 Dei
1121 456 1134 495 :
1167 437 1437 528 quamvis
1481 438 1629 497 dura
1675 438 1771 498 sit.
1805 440 1911 499 Via
1951 460 2084 500 vero
2113 448 2167 517 Α
2195 449 2268 506 32
2340 447 2408 507 0s
2426 452 2565 525 justi
2595 452 2945 512 meditabitur
2972 454 3306 528 ,ςαράεηιίανη
3333 470 3353 511 ε

436 531 601 584 terrm
631 529 868 585 non'est
896 529 1172 595 dura,sed
1203 527 1373 601 plena
1403 527 1864 588 latronibus.Via
1894 537 2087 589 autem

437 618 669 675 Domini
702 621 851 685 tuta,
885 618 1151 692 quamvis
1182 618 1455 675 dura.Vel
1478 620 1628 676 viam
1646 621 1797 692 justi
1828 620 2090 680 hominis

434 706 606 776 volet,
640 707 698 762 in
731 724 847 781 qua
876 724 1010 764 cum
1040 706 1332 775 ceciderit,
1364 712 1472 765 etc.

435 815 507 872 25
577 818 717 873 Cum
740 815 995 871 ceciderit
1020 832 1131 872 non
1158 817 1483 873 collidetur:

579 906 729 977 Quia
759 906 1021 961 Dominus
1049 908 1307 978 supponit
1329 923 1559 962 manum
1585 925 1765 964 suam.

507 1015 551 1069 Η
581 1017 723 1070 Cum
747 1014 1020 1070 ceciderit
1041 1019 1275 1087 propter
1296 1015 1696 1073 inﬁrmitatem
1726 1016 2089 1090 carnis,quia

434 1102 649 1175 septies
680 1102 738 1157 in
771 1103 1052 1173 die‘cadit
1071 1104 1273 1175 justus
1305 1108 1362 1158 et
1394 1106 1649 1178 resurgit
1678 1109 1860 1178 (Prov.
1910 1110 2084 1176 xxw),

432 1208 547 1247 non
581 1190 910 1260 collidetur,
945 1192 1087 1264 quia
1125 1192 1411 1249 Dominus
1461 1196 1656 1267 agenti
1683 1195 2085 1267 paenitentiam

432 1281 632 1337 statim
665 1282 995 1338 miseretur.
1027 1282 1189 1337 Sicut
1218 1282 1395 1338 David
1429 1289 1485 1339 et
1526 1284 1733 1339 Petrus
1781 1286 2084 1357 cognitum

430 1375 706 1431 delictum
741 1376 1135 1445 purgaverant.
1164 1370 1523 1443 lacrymis,et
1553 1391 1587 1428 a
1619 1374 1859 1429 Domino
1881 1374 2086 1429 conﬁr-

430 1465 573 1521 mati
604 1470 767 1520 sunt.

430 1576 501 1628 26
571 1574 771 1629 Junior
796 1572 886 1644 fui
912 1572 1110 1626 etenim
1133 1570 1293 1624 senui
1325 1586 1338 1625 :
1370 1574 1422 1626 et
1451 1585 1563 1624 non
1592 1570 1707 1625 vidi
1727 1571 1944 1641 justum
1989 1571 2082 1627 de-

643 1661 897 1717 relictum
921 1676 933 1714 :

574 1756 678 1811 Nec
705 1769 886 1809 semen
911 1753 1028 1824 ejus
1057 1767 1305 1824 quarens
1326 1768 1546 1824 panem.

502 1845 547 1898 A
579 1843 620 1899 C
648 1842 857 1899 Junior
887 1841 988 1908 fui,
1021 1857 1130 1896 vox
1161 1840 1450 1908 Ecclesiaa,
1478 1842 1711 1913 quando
1742 1840 1910 1898 initia
1937 1841 2085 1915 legis
2115 1828 2160 1894 Β

326 1924 331 1931 ’
431 1931 719 1989 naturalis
750 1931 809 1986 in
836 1931 962 2003 ipso
993 1928 1352 2003 protoplasto
1376 1930 1651 2003 primaeva
1680 1931 1956 2003 suscepit.
1989 1933 2086 1987 Se-

430 2022 822 2095 nuit,quando
851 2020 923 2076 ad
955 2018 1363 2076 honorabilem
1399 2019 1659 2091 pervenit
1688 2023 2084 2088 mtatem,cum

431 2110 771 2167 novissimis
796 2108 1160 2181 temporibus
1192 2108 1489 2181 suscipere
1526 2108 1738 2164 meruit
1769 2108 2083 2165 Dominum

428 2199 803 2257 Salvatorem.
835 2199 882 2254 H
915 2202 958 2252 A
989 2201 1029 2252 C
1057 2201 1286 2264 Semen,
1319 2214 1495 2271 opera
1523 2196 1780 2254 hominis
1826 2199 2086 2255 diximus

429 2306 578 2357 esse,
611 2305 737 2361 quae
760 2286 1012 2344 seminat
1040 2290 1097 2342 et
1126 2290 1323 2342 metet.
1366 2286 1413 2341 H
1456 2288 1496 2342 C
1541 2287 1689 2359 Ergo
1721 2304 1897 2360 opera
1935 2285 2083 2359 justi

431 2394 549 2433 non
579 2379 850 2449 quaerunt
871 2373 1220 2448 panem,hoc
1245 2378 1335 2430 est
1362 2375 1602 2430 verbum
1628 2373 1895 2447 Dei,quia
1912 2375 2086 2432 verbo

430 2465 531 2523 Dei
563 2464 809 2522 satiatus
840 2468 947 2531 est,
981 2467 1037 2518 et
1066 2480 1182 2534 quo
1212 2462 1373 2518 intus
1404 2480 1600 2518 revera
1640 2462 1781 2518 vivit
1808 2466 1865 2519 et
1895 2465 2085 2536 pasci-

427 2557 596 2612 tur.A
629 2554 908 2627 Loquitur
928 2552 1084 2609 enim
1107 2551 1202 2607 hic
1233 2551 1492 2608 Ecclesia
1521 2551 1692 2623 quasi
1724 2568 1878 2607 unus
1909 2551 2085 2607 homo

428 2645 476 2701 Η
506 2644 609 2701 Vel
641 2642 820 2699 David
851 2641 1239 2715 loquitur,qui
1268 2640 1546 2714 parvulus
1572 2640 1689 2711 fuit
1718 2640 1778 2695 in
1811 2640 2037 2696 malitia
2069 2656 2082 2696 :

325 2786 331 2791 .
430 2751 605 2790 senex
632 2732 693 2789 in
724 2731 1067 2789 virtutibus.

427 2843 498 2898 27
575 2842 703 2899 Tota
730 2840 819 2896 die
844 2840 1136 2894 miseretur
1164 2844 1216 2894 et
1241 2838 1542 2894 commodat
1570 2854 1582 2892 :

570 2932 638 2986 Et
662 2945 845 2985 semen
873 2929 1030 2985 illius
1061 2929 1120 2983 in
1147 2926 1515 2984 benedictione
1545 2928 1670 2984 erit.

501 3038 547 3094 H
580 3036 751 3094 Omni
783 3039 1044 3110 tempore
1066 3034 1378 3092 miseretur
1406 3052 1440 3092 a
1473 3034 1716 3092 Domino
1746 3039 1802 3092 et
1832 3051 2084 3091 commo-

427 3127 547 3194 dat,
582 3127 681 3200 qui
713 3125 845 3183 aliis
876 3125 1171 3182 ministrat
1200 3125 1525 3181 doctrinam
1556 3141 1748 3181 suam.
1781 3125 1852 3181 Et
1881 3141 2078 3181 semen

426 3217 575 3290 ejus,
599 3198 782 3290 opera
813 3233 942 3290 quae
972 3214 1174 3290 gessit,
1198 3213 1285 3271 vel
1317 3214 1583 3271 doctrina
1613 3231 1793 3286 quam
1823 3212 2082 3283 docuit,a
2111 3198 2154 3266 C

425 3306 669 3361 Domino
698 3304 1136 3362 benedicentur.

424 3411 496 3466 28
567 3410 789 3467 Declina
819 3427 853 3465 a
884 3412 1027 3466 malo
1056 3418 1107 3466 et
1130 3414 1220 3482 [ac
1251 3412 1450 3467 bonum
1480 3426 1494 3464 :

571 3500 634 3554 Et
660 3499 918 3554 inhabile
944 3500 1005 3554 in
1033 3500 1299 3556 saeculum
1344 3505 1399 3565 -:-
1426 3501 1622 3556 saeculi
1663 3503 1676 3566 ζ

428 3634 435 3642 .
499 3588 547 3644 Η
577 3586 816 3644 Declina
845 3604 881 3643 a
910 3587 1087 3651 malo,
1121 3587 1179 3642 id
1213 3591 1322 3653 est,
1356 3604 1391 3643 a
1421 3587 1576 3644 malo
1605 3591 1860 3660 opere,et
1877 3587 1966 3642 fac
1987 3586 2083 3642 bo-

427 3693 572 3733 num
594 3677 750 3750 quod
782 3674 1052 3749 praecepit
1081 3676 1255 3733 Deus.
1293 3676 1560 3734 Inhabita
1587 3676 1647 3732 in
1680 3671 1899 3732 unitate
1923 3675 2077 3731 ﬁdei.

427 3765 469 3822 G
499 3764 787 3822 Saeculum
815 3781 950 3820 vero
980 3765 1175 3821 saeculi
1201 3764 1497 3838 signiﬁcat
1520 3769 1802 3821 aeternum
1834 3780 2079 3836 regnum

428 3855 585 3928 quod
615 3852 777 3910 nulla
806 3853 1175 3911 successione
1206 3853 1553 3910 mutabitur.

402 3962 497 4019 '29
570 3963 712 4031 Quia
737 3963 1001 4018 Dominus
1033 3965 1183 4027 amat
1193 3961 1491 4034 judicium,
1522 3966 1576 4018 et
1603 3978 1715 4018 non
1743 3960 2082 4034 derelinquet

638 4058 852 4107 sanctos
878 4067 1002 4107 suos
1033 4068 1046 4105 :
1391 4039 1395 4042 ’

534 4144 598 4197 In
623 4148 896 4199 aeternum
918 4142 1403 4197 conservabuntur.

498 4232 542 4287 Η
577 4231 723 4299 Quia
753 4230 1033 4287 Dominus
1062 4235 1222 4286 amat
1242 4229 2036 4301 judicium,scilicetjustum
2062 4245 2075 4285 :

428 4338 547 4393 qua
567 4321 764 4391 justos
797 4320 1125 4394 impiosque
1156 4320 1454 4376 discernit.
1474 4321 1543 4375 Et
1572 4336 1686 4375 non
1717 4317 2081 4390 derelinquet

427 4413 662 4465 sanctos
696 4426 710 4464 :
743 4408 843 4481 qui
874 4409 934 4465 in
962 4425 1097 4464 eum
1129 4413 1251 4465 tota
1275 4426 1378 4481 spe
1399 4407 1829 4480 confidunt,qui
1853 4423 2081 4463 conser-

425 4498 721 4553 vabuntur
747 4497 806 4552 in
837 4502 1138 4564 aeternum,
1171 4498 1281 4553 hoc
1312 4503 1402 4553 est
1431 4498 1488 4552 in
1522 4502 1805 4570 perpetua
1832 4497 1967 4553 vita.

428 4605 498 4660 30
586 4603 864 4674 +Injusti
890 4604 1195 4675 punientur
1239 4608 1251 4668 ζ

571 4696 641 4750 Et
665 4708 846 4749 semen
878 4692 1177 4763 impiorum
1203 4692 1429 4764 peribit.

496 4803 542 4857 A
567 4800 627 4857 In
627 4799 775 4873 justi
800 4797 1122 4873 punientur
1146 4798 1205 4854 in
1230 4795 1730 4855 vindicta.Peribit
1746 4800 2084 4869 semen,hoc

426 4896 516 4947 est
555 4906 732 4964 opera
760 4906 963 4946 eorum
1014 4906 1149 4945 cum
1194 4888 1339 4961 ipsis
1386 4889 1706 4962 punientur
1736 4888 1793 4944 in
1827 4893 2080 4946 tormen-

424 4979 520 5048 tis,
554 4984 611 5036 et
638 4978 865 5036 vanitas
893 4983 950 5035 et
980 4978 1284 5037 delectatio
1317 4977 1375 5034 in
1408 4978 1664 5052 peccatis
1694 4978 1939 5052 quaesita
1959 4996 2084 5037 eva-

432 5073 652 5126 nescet.

426 5175 490 5230 31
566 5175 711 5230 Justi
739 5182 926 5230 autem
958 5176 1367 5234 hwredilabunt
1391 5185 1595 5233 terram
1628 5194 1643 5247 ξ
1822 5232 1827 5233 ,

586 5270 641 5329 -ἐι
669 5268 736 5320 Et
776 5267 791 5331 ζ
838 5264 1229 5323 inhabitabant
1277 5268 1337 5322 in
1382 5266 1650 5324 saeculum
1717 5275 1773 5334 νέ-
1817 5269 2017 5325 seaculi
2057 5272 2071 5334 ζ

645 5370 812 5426 super
829 5371 971 5410 eam.
1854 5404 1863 5414 .

500 5450 544 5507 Η
570 5450 725 5508 Justi
752 5455 950 5509 autem
985 5453 1373 5526 possidebunt
1403 5456 1618 5510 terram
1646 5452 1985 5510 viventium.
2019 5454 2089 5510 Et

426 5539 843 5598 inhabitabant
872 5540 1055 5612 illam,
1089 5560 1215 5615 quae
1247 5545 1337 5598 cst
1366 5541 1493 5599 sine
1526 5543 1663 5609 fine,
1698 5543 1769 5599 de
1800 5559 1919 5615 qua
1939 5542 2089 5615 fugit

430 5629 594 5687 dolor
625 5634 683 5688 et
709 5631 967 5705 gemitus
993 5633 1171 5707 (Apoc.
1200 5633 1337 5705 χχι).

2340 541 2405 596 Ει
2435 542 2626 612 lingua
2656 545 2775 616 ejus
2806 545 3054 618 loquetur
3072 544 3369 617 judicium.

2271 631 2319 687 ΙΙ
2349 631 2426 688 Os
2449 632 2599 704 justi
2630 633 3008 690 meditabitur
3039 633 3410 707 sapientiam,
3441 634 3500 692 id
3550 639 3640 693 est
3686 634 3857 693 Chri-

2198 720 2427 778 stum.C
2456 721 2561 778 Per
2593 739 2659 779 os
2687 723 2846 779 enim
2875 723 3259 797 cogitationes
3290 724 3573 782 debemus
3620 724 3717 782 hic
3765 742 3860 782 ac-

2107 808 2117 818 '
2198 810 2409 882 cipere,
2442 811 2582 883 quia
2610 810 2764 867 sicut
2810 828 2910 869 cor
2958 812 3338 868 meditabitur
3366 813 3738 885 sapientiam,
3772 814 3857 871 ita

2197 897 2401 972 lingua
2426 899 2697 972 loquetur
2716 918 2819 974 per
2847 904 3061 957 cuneta
3081 901 3378 973 justitiam
3410 905 3467 958 et
3502 903 3800 976 judicium
3836 921 3849 959 :

2198 988 2244 1044 H
2274 988 2385 1046 hoc
2416 993 2611 1046 autem
2643 990 2741 1046 ﬁet
2791 1007 2805 1045 :
2855 1006 2989 1046 cum
3021 990 3222 1047 omnia
3251 996 3607 1062 mensurate,
3641 997 3701 1049 et
3732 1010 3852 1049 non

2197 1077 2621 1148 fraudulenter,
2653 1096 2842 1152 neque
2873 1096 3006 1136 cum
3040 1079 3254 1144 ira,sed
3286 1097 3422 1137 cum
3444 1081 3609 1153 justo
3620 1082 3852 1154 judicio

2196 1184 2323 1240 quae
2355 1169 2425 1224 de
2454 1173 2566 1224 Deo
2598 1168 2775 1225 sentit
2804 1174 3057 1238 enarrat,
3086 1171 3241 1242 quod
3273 1170 3383 1226 erit
3413 1170 3472 1226 in
3500 1170 3692 1244 patria
3720 1171 3854 1229 bea-

2196 1260 2410 1313 torum.

2193 1346 2263 1401 33
2337 1347 2448 1403 Lex
2476 1346 2573 1404 Dei
2598 1349 2715 1421 ejus
2745 1350 2806 1404 in
2834 1348 2992 1405 corde
3018 1350 3192 1421 ipsius
3222 1367 3241 1404 :

2350 1443 2405 1501 -ἐ-
2433 1439 2499 1492 Et
2541 1443 2554 1503 ζ
2598 1454 2708 1495 non
2736 1439 3240 1511 supplantabuntur
3268 1454 3484 1508 gressus
3511 1440 3646 1511 ejus.

2263 1528 2303 1581 Ο
2332 1526 2445 1582 Lex
2477 1526 2574 1582 Dei
2604 1527 2871 1600 ejus,hoc
2898 1527 3053 1584 enim
3086 1544 3408 1599 pronomen
3441 1544 3455 1583 :
3483 1527 3734 1601 gratiam
3763 1528 3851 1587 in-

2190 1613 2345 1670 dicat
2398 1615 2630 1671 Domini
2682 1615 3014 1673 Salvatoris.
3048 1617 3194 1672 Nam
3251 1632 3385 1673 cum
3441 1616 3521 1673 sit
3576 1616 3845 1674 omnium

2192 1703 2342 1760 Deus
2377 1722 2389 1761 :
2426 1704 2614 1778 ipsius
2645 1708 2840 1762 tamen
2871 1705 3103 1779 proprie
3128 1706 3364 1771 dicitur,
3387 1722 3562 1778 quem
3592 1704 3848 1762 liberare

2190 1791 2466 1866 dignatus
2495 1798 2603 1850 est.
2635 1798 2700 1850 In
2733 1795 2905 1851 corde
2937 1794 3144 1867 ipsius,
3164 1794 3502 1851 universum
3532 1794 3688 1851 beati
3711 1813 3845 1852 sen-

2194 1898 2327 1937 sum
2357 1881 2458 1938 tali
2487 1882 2641 1939 bono
2672 1883 2866 1957 signat
2894 1883 3253 1957 completum
3283 1882 3663 1948 esse,scilicet
3686 1884 3747 1940 in
3778 1901 3848 1940 eo

2193 1971 2350 2042 quod
2381 1987 2480 2027 cor
2508 1977 2792 2030 consonat
2814 1972 3051 2046 linguai,
3076 1977 3140 2028 ut
3167 1972 3257 2028 lex
3288 1972 3389 2028 Dei
3420 1989 3535 2028 non
3567 1971 3760 2029 solum
3787 1971 3850 2029 in

2194 2077 2314 2128 ore,
2338 2061 2439 2116 sed
2469 2062 2647 2119 etiam
2680 2063 2757 2118 sit
2785 2061 2844 2118 in
2877 2063 3068 2129 corde,
3101 2066 3157 2118 et
3199 2060 3361 2118 omni
3405 2074 3608 2119 sensu.
3660 2061 3854 2133 Hujus

2194 2167 2434 2224 gressus
2461 2150 2838 2224 supplantare
2868 2150 3066 2207 nullus
3095 2149 3854 2224 praevalebit.8upplantare

2195 2239 2353 2295 enim
2384 2239 2638 2296 dicimus
2671 2240 2888 2313 plantis
2918 2240 3112 2297 foveas
3144 2240 3520 2313 praetendere,
3554 2257 3625 2295 ne
3669 2239 3859 2313 possit

2196 2328 2461 2385 incidens
2491 2329 2731 2385 ﬁrmum
2763 2329 3017 2402 reperire
3040 2327 3491 2402 vestigium,hoc
3517 2327 3856 2385 nullatenus

2195 2421 2426 2474 constat
2453 2434 2583 2475 esse
2612 2418 2968 2490 iaciendum,
2999 2418 3097 2474 ubi
3143 2434 3352 2474 secura
3378 2420 3437 2473 et
3466 2420 3681 2475 aeterna
3712 2421 3857 2474 sunt

2196 2507 2413 2564 omnia.
2444 2509 2491 2563 A
2520 2507 2666 2572 Quia
2694 2508 2939 2565 verbum
2972 2508 3071 2564 Dci
3104 2508 3164 2563 in
3200 2507 3372 2564 corde
3421 2507 3677 2564 custodit
3705 2523 3741 2563 a
3770 2506 3855 2564 la-

2195 2595 2362 2669 queis
2391 2597 2583 2653 bonus
2613 2601 2833 2665 custos,
2865 2596 3133 2654 Christus
3168 2596 3225 2652 in
3257 2596 3454 2652 corde.

2193 2686 2264 2741 34
2339 2685 2657 2742 Considerat
2679 2694 2927 2759 peccator
2945 2687 3159 2759 justum
3188 2704 3209 2743 :

2337 2776 2401 2831 Et
2426 2777 2631 2848 quaerit
2655 2777 2989 2848 mortiﬁcare
3014 2792 3159 2833 eum.

2263 2864 2310 2920 H
2341 2864 2685 2923 Considerat
2712 2869 2980 2939 peccator
3017 2865 3274 2937 justum,
3308 2863 3645 2920 intuebatur
3689 2864 3848 2919 enim

2193 2952 2446 3027 populus
2474 2953 2810 3011 Iudaeorum
2833 2955 3065 3027 justum
3097 2953 3308 3010 Filium
3337 2952 3543 3010 Deizet
3564 2951 3851 3009 stridebat

2190 3042 2250 3098 in
2297 3058 2454 3111 eum,
2488 3047 2546 3099 et
2575 3043 2842 3116 quaesivit
2872 3044 3113 3117 perdere
3138 3060 3300 3113 eum,
3331 3042 3470 3116 quia
3497 3041 3693 3116 gravis
3723 3047 3851 3099 erat

2191 3132 2459 3189 doctrina
2489 3133 2619 3205 ejus
2665 3133 2739 3189 ad
2788 3132 3147 3190 audiendum
3176 3132 3281 3201 eis,
3314 3137 3372 3189 et
3400 3132 3525 3205 ipse
3557 3130 3735 3188 etiam
3770 3132 3844 3187 ad

2192 3222 2531 3279 videndum.
2562 3220 2653 3276 Sic
2681 3224 2741 3277 et
2775 3238 2931 3277 nunc
2962 3221 3241 3277 inimicus
3272 3220 3602 3278 considerat
3630 3236 3849 3276 unum-

2194 3327 2489 3384 quemque
2518 3315 2789 3367 nostrum
2822 3314 2888 3366 ut
2912 3311 3243 3384 perdat,sed
3275 3309 3326 3367 si
3354 3307 3665 3382 vigilanter
3704 3309 3847 3365 resi-

2193 3402 2315 3457 stas
2336 3398 2526 3456 evenit
2553 3399 2710 3473 quod
2733 3399 3023 3469 sequitur.

2190 3489 2261 3544 35
2331 3491 2593 3546 Dominus
2638 3496 2694 3556 νέ-
2719 3496 2905 3546 autem
2946 3495 3088 3555 :non
3115 3487 3455 3560 derelinquet
3483 3502 3609 3543 eum
3639 3488 3699 3542 in
3724 3503 3847 3542 ma-

2404 3594 2508 3634 nus
2536 3580 2654 3652 ejus
2685 3598 2704 3634 :

2330 3668 2438 3724 Nec
2464 3668 2749 3724 damnabit
2774 3684 2901 3725 eum
2925 3684 3050 3723 cum
3066 3666 3414 3741 judicabitur
3456 3673 3513 3732 -;-
3540 3665 3632 3722 illi
3674 3672 3688 3731 ζ

2263 3755 2308 3811 Η
2334 3755 2496 3812 Sicut
2526 3772 2640 3813 non
2671 3755 2987 3829 dereliquit
3009 3756 3242 3829 justum
3262 3754 3551 3813 Dominus
3572 3753 3633 3809 in
3662 3752 3850 3808 mani-

2188 3844 2300 3901 bus
2324 3843 2748 3913 Judaeorum,id
2779 3849 2868 3903 est
2887 3845 2949 3902 in
2968 3848 3250 3919 potestate
3269 3860 3493 3910 eorum,
3526 3841 3610 3899 ita
3636 3859 3847 3916 quem-

2188 3932 2333 3990 libet
2352 3933 2586 4006 justum
2621 3950 2736 3991 non
2769 3933 3134 4006 derelinquet
3163 3933 3223 3989 in
3254 3936 3540 4006 potestate
3579 3934 3846 4004 peccato-

2189 4040 2321 4078 rum
2353 4023 2678 4079 secundum
2727 4022 3008 4092 animam,
3062 4027 3127 4079 ut
3148 4023 3358 4079 animus
3380 4028 3645 4091 noceant,
3678 4019 3740 4077 id
3760 4023 3852 4076 est

2190 4116 2256 4169 ut
2285 4110 2458 4168 malis
2488 4112 2548 4168 in
2579 4111 2732 4169 malo
2764 4111 3111 4169 consentiat.
3145 4113 3260 4168 Nec
3290 4110 3596 4168 damnabit
3623 4126 3787 4181 eum,
3810 4108 3852 4164 Ο

2188 4202 2247 4257 id
2263 4202 2604 4275 estjustum
2633 4218 2768 4258 cum
2785 4201 3284 4275 judicatimpium
3318 4217 3331 4256 :
3366 4201 3469 4258 sed
3499 4198 3853 4256 discretione

2190 4291 2807 4363 meritorum,justum
2836 4291 3138 4364 suscipiet,
3176 4290 3426 4363 impium
3457 4287 3656 4346 debita
3682 4303 3853 4361 paena

2189 4380 2508 4453 torquebit.

2187 4471 2258 4526 36
2330 4474 2571 4542 Expecta
2597 4470 2892 4527 Dominum
2917 4474 2972 4526 et
2998 4469 3211 4527 custodi
3242 4471 3390 4526 viam
3433 4468 3550 4541 ejus
3585 4484 3598 4523 :
3630 4466 3853 4523 nulla:

2407 4560 2486 4615 bit
2517 4567 2568 4617 te
2613 4564 2668 4631 σέ·
2691 4567 2752 4615 ut
2792 4562 2809 4629 ζ
2852 4559 3173 4618 haereditate
3199 4560 3390 4632 capias
3420 4564 3625 4614 terram
3654 4573 3667 4613 :

2337 4652 2477 4709 Cum
2497 4651 2769 4723 perierint
2791 4657 3098 4723 peccatores
3118 4648 3347 4706 videbis.

2262 4740 2310 4797 Η
2340 4740 2623 4813 Exspecta
2653 4740 2986 4807 Dominum,
3019 4737 3078 4794 id
3108 4741 3198 4795 est
3235 4737 3526 4811 patienter
3565 4751 3672 4808 age
3730 4733 3854 4791 sive

2192 4828 2253 4885 in
2276 4829 2581 4902 prosperis
2632 4846 2738 4886 seu
2786 4826 2845 4884 in
2898 4826 3179 4885 adversis.
3207 4830 3247 4882 C
3287 4827 3396 4893 Qui
3443 4825 3566 4882 vias
3618 4823 3852 4880 Domini

2192 4918 2475 4987 custodis,
2507 4918 2616 4975 hoc
2646 4922 2738 4975 est
2765 4916 3118 4976 sacrassima
3145 4919 3449 4989 pracepta.
3481 4915 3529 4971 H
3568 4914 3639 4971 Et
3689 4910 3852 4969 exal-

2191 5007 2339 5066 tabit
2364 5011 2441 5077 te,
2476 5011 2541 5064 ut
2569 5007 2905 5065 hereditate
2928 5005 3127 5080 capias
3152 5010 3368 5062 terram
3398 5002 3559 5061 illam
3595 5001 3849 5059 beatitu-

2193 5096 2434 5167 dinis,in
2464 5115 2583 5171 qua
2605 5098 2754 5171 justi
2787 5096 3222 5153 exaltabuntur.
3254 5094 3297 5150 C
3326 5095 3487 5151 Tunc
3509 5092 3661 5165 justi
3687 5089 3852 5147 vide-

2194 5188 2344 5243 bunt
2391 5191 2723 5260 peccatores
2770 5184 2981 5258 perire,
3017 5184 3255 5258 quando
3306 5185 3621 5256 conspecta
3677 5180 3857 5237 fuerit

2195 5275 2442 5347 poenalis
2473 5275 2879 5342 adversitas,et
2896 5273 3012 5331 illis
3038 5273 3506 5347 pereuntibus,se
3532 5270 3594 5327 in
3614 5286 3857 5328 summa

2195 5362 2555 5420 beatitudine
2585 5361 2867 5421 videbunt
2895 5360 3230 5418 collocatos.

2195 5454 2266 5509 37
2344 5452 2465 5510 Vidi
2492 5454 2726 5525 impium
2753 5451 3224 5524 superemltatum
3258 5467 3271 5505 :

2339 5547 2407 5600 Et
2432 5543 2700 5600 eleuatum
2724 5532 2871 5597 sicut
2901 5540 3084 5597 cedros
3115 5539 3333 5598 Libani.

2268 5632 2310 5689 (1
2338 5632 2571 5690 Vidisse
2601 5631 2848 5705 impium
2882 5646 2944 5688 se
2970 5628 3134 5700 dicit,
3167 5629 3225 5686 id
3255 5630 3345 5686 est
3365 5625 3758 5693 crevisse,non
3782 5624 3857 5681 ad
3925 5619 3944 5637 '
