4086 6180
244 331 349 394 161

1467 327 1882 393 exeosmo
1928 296 2434 393 PSALmRUM.

3549 330 3663 395 169

242 468 523 523 honorem
549 481 564 523 :
589 465 692 520 sed
714 462 909 538 potius
928 463 997 519 ad
1030 463 1280 520 ruinam.
1305 464 1372 519 Et
1403 481 1472 521 ue
1503 468 1742 537 putares
1760 480 1891 519 eum
1924 467 1974 533 Α
2081 465 2122 519 C
2152 464 2219 519 Et
2247 464 2316 519 ad
2317 464 2548 535 juvabit
2575 481 2694 534 eos,
2718 465 2777 521 id
2819 472 2908 522 est
2937 468 3137 527 ﬁdeles
3180 471 3432 531 famulos
3462 476 3522 532 in
3562 492 3665 534 ooc

242 558 474 611 tantum
499 572 679 626 supra
698 553 953 610 humiles
976 557 1255 623 erectum,
1280 552 1523 623 addidit,
1538 559 1595 610 et
1611 554 1897 611 elevatum
2010 553 2230 607 mundo
2261 552 2516 626 adjuvat,
2541 556 2775 628 quando
2802 558 3091 615 contraria
3116 560 3547 622 colluetationel
3567 570 3669 623 ati-

243 644 395 700 sicut
420 644 631 700 cedros
662 643 867 699 Libani
895 660 907 697 :
942 645 1113 716 cujus
1143 644 1438 716 profectus
1485 644 1545 699 in
1594 644 1812 701 honore
1844 648 1903 701 et.
2010 647 2255 715 gantur;
2281 642 2510 710 liberat,
2533 645 2676 699 dum
2707 645 2884 701 ﬁdem
2916 646 3149 705 illorum
3183 668 3296 707 non
3321 654 3459 709 sinit
3490 674 3669 729 prava

242 734 466 789 divitiis
495 738 551 788 et
583 736 866 805 potestate
905 732 1034 790 ideo
1072 738 1303 789 tantum
1335 733 1649 804 extollitur,
1682 738 1747 791 ut
1775 735 1904 807 ejus
2013 730 2288 787 suasione
2346 734 2614 805 perverti.
2666 736 2831 791 Eruet
2890 737 3110 809 utique,
3145 740 3285 796 dum
3347 743 3406 798 in
3462 747 3666 803 mundi

241 821 698 879 immediabilis
728 821 899 877 ruina
937 827 1315 879 monstretur.
1347 823 1395 879 Η
1427 824 1544 880 Hoc
1574 825 1645 880 de
1675 822 1904 880 diabolo
2014 819 2187 875 istius
2217 822 2623 879 contrarietate
2662 829 2850 879 servat
2889 825 3121 884 illmsos.
3154 830 3440 895 Quoniam
3471 836 3671 907 spera-

244 912 332 968 fas
363 916 423 969 et
452 910 727 985 intelligi,
759 928 863 968 nec
894 928 1011 967 non
1050 915 1109 968 et
1144 911 1315 970 Juda.
1350 913 1419 969 Et
1449 914 1497 969 si
1529 915 1600 970 de
1629 913 1783 971 Juda
1810 929 1905 969 ex-

241 1002 512 1075 ponitur,
535 1017 789 1073 sequens
814 1000 1143 1057 versiculus
1168 1002 1252 1057 sic
1284 1001 1611 1075 exponitur.

241 1092 314 1146 38
388 1091 456 1147 Et
482 1092 723 1146 transivi
748 1098 800 1146 et
826 1106 943 1147 ecce
970 1106 1081 1147 non
1110 1099 1231 1147 erat
1261 1111 1280 1147 :

393 1180 643 1248 Quesivi
666 1196 792 1236 eum
820 1188 872 1235 et
898 1196 1011 1236 nan
1037 1185 1117 1237 est
1142 1183 1398 1238 inventus
1417 1190 1472 1250 ξ·
1512 1182 1657 1240 locus
1686 1183 1823 1255 ejus.

315 1268 369 1323 H
391 1268 461 1324 Et
483 1266 917 1335 transivi,dicat
945 1268 1057 1325 hoc
1082 1270 1437 1343 apostolicus
1461 1276 1667 1328 coetus.
1695 1273 1911 1328 Trans-

239 1356 321 1412 ivi
354 1362 621 1429 tempore
651 1356 945 1430 passionis
974 1357 1113 1414 Jesu
1141 1375 1155 1414 :
1180 1364 1237 1415 et
1274 1358 1374 1415 illo
1405 1365 1765 1435 resurgente,
1801 1379 1914 1418 non

237 1451 374 1501 erat
402 1446 615 1512 Judas,
636 1445 773 1519 quia
804 1446 945 1502 abiit
974 1451 1031 1503 et
1061 1448 1270 1522 laqueo
1302 1467 1364 1506 se
1395 1451 1720 1523 suspendit.
1753 1452 1915 1516 Qua:-

241 1536 359 1591 sivi
395 1540 453 1590 et
486 1552 601 1591 non
633 1539 722 1591 est
747 1534 1039 1605 inventus,
1075 1537 1300 1594 scilicet
1329 1538 1519 1612 ipsius
1558 1540 1721 1613 impii
1755 1540 1918 1597 locus

242 1623 697 1698 apostolus,qui
750 1629 914 1682 tanta
943 1625 1246 1684 velocitate
1276 1629 1599 1685 deficiebat.
1631 1630 1741 1687 Sed
1775 1631 1917 1687 dum

241 1717 321 1772 de
359 1715 519 1771 Juda
545 1715 874 1789 exponitur,
899 1733 1004 1790 per
1032 1718 1234 1775 cedros
1281 1719 1530 1791 apostoli
1579 1720 1918 1794 intelligun-

243 1810 385 1873 tur;
418 1809 481 1861 et
511 1806 745 1879 quando
794 1806 866 1862 de
913 1805 1185 1907 diabolo,
1194 1825 1305 1907 per
1336 1811 1557 1907 cedros
1604 1810 1792 1907 angeli
1842 1810 1918 1907 si-
1952 1842 1998 1907 Β

245 1898 542 1968 gnantur.
580 1900 723 1950 Dum
756 1912 892 1951 vero
924 1896 995 1952 de
1026 1894 1304 1953 divitibus
1335 1897 1531 1971 impiis
1562 1898 1648 1955 vel
1680 1901 1928 1973 potenti.

242 1985 372 2040 bus
423 1984 741 2057 exponitur
772 1984 895 2057 (qui
950 1985 1150 2042 relicto
1208 1986 1325 2043 Deo
1357 1987 1416 2044 in
1447 1988 1666 2045 divitiis
1726 1992 1912 2046 mund

244 2073 591 2145 conﬁdunt,
614 2074 715 2147 qui
746 2073 1073 2146 quamlibet
1104 2075 1368 2145 ﬂoreant,
1401 2078 1725 2150 quamlibet
1755 2079 1931 2137 extol-

246 2162 470 2218 lantur
497 2168 553 2219 et
597 2162 1055 2232 eleventur,nou
1102 2164 1493 2235 invenientur,
1516 2185 1647 2224 cum
1702 2171 1774 2225 ab
1821 2170 1931 2226 hoc

251 2251 497 2307 mundo
528 2250 949 2325 migraverint),
976 2257 1117 2310 tunc
1165 2271 1270 2328 per
1297 2256 1501 2313 cedros
1532 2246 1671 2313 mali
1720 2258 1930 2315 intelli‘

244 2344 492 2414 guntur
534 2340 594 2395 in
642 2341 751 2397 hoc
782 2343 1003 2399 mundo
1035 2342 1258 2400 elevati.
1291 2344 1456 2400 Sicut
1510 2347 1667 2402 enim
1718 2349 1929 2404 cedrus

244 2446 446 2503 super
475 2424 733 2487 excelsos
765 2436 998 2488 montes
1018 2438 1261 2505 apparet
1286 2433 1555 2503 exaltata,
1580 2439 1637 2491 et
1665 2436 1928 2510 impulsu

241 2524 572 2575 ventorum
605 2536 757 2593 saepe
781 2519 1083 2589 dilabitur,
1108 2521 1189 2578 ita
1209 2525 1266 2578 et
1293 2523 1534 2595 impius,
1567 2523 1731 2583 locus
1764 2511 1929 2600 impii

246 2607 542 2680 impietas
573 2613 681 2665 est.

247 2696 339 2753 39
414 2697 639 2754 Custodi
664 2699 1036 2756 innocentiam
1064 2705 1117 2756 et
1145 2700 1266 2756 vide
1291 2703 1606 2774 aequitatem
1636 2722 1656 2759 .·

413 2788 693 2859 Quoniam
721 2796 851 2844 sunt
879 2788 1134 2860 reliquiae
1162 2790 1378 2846 homini
1397 2793 1651 2863 paci/ica.

340 2874 389 2930 Η
421 2874 662 2932 Custodi
692 2876 1109 2947 innocentiam,
1135 2878 1184 2934 si
1212 2878 1438 2935 nullum
1471 2897 1681 2938 noceas
1712 2887 1768 2939 et
1796 2900 1929 2940 cum

254 2963 439 3019 nullo
471 2963 768 3037 litigiosus
805 2965 941 3034 eris,
964 2965 1189 3023 videbis
1227 2967 1522 3025 Christum
1556 2971 1656 3043 qui
1691 2973 1934 3045 aequitas

253 3052 647 3125 intelligitur,
673 3054 825 3110 sicut
867 3054 962 3111 via
998 3060 1055 3112 et
1094 3056 1306 3113 veritas
1337 3062 1394 3113 et
1422 3058 1558 3115 vita.
1584 3058 1625 3115 C
1655 3059 1931 3135 Reliquiae

256 3146 412 3197 sunt
448 3142 675 3198 homini
708 3143 971 3216 pacifica,
996 3146 1233 3218 quando
1264 3164 1398 3220 spes
1426 3148 1555 3220 ejus
1583 3151 1814 3207 Domini
1844 3170 1933 3209 re-

2016 914 2231 966 uerunt
2260 911 2319 965 in
2350 928 2507 979 eum,
2536 911 2594 967 id
2644 916 2733 968 est
2763 929 2927 986 spem
2960 932 3128 972 suam
3181 918 3239 973 in
3287 919 3517 977 Domini
3551 924 3670 996 pie-

2018 1001 2135 1055 tate
2167 1004 2507 1071 posuerunt.

2492 1107 2696 1147 ORATIO
2724 1109 2795 1147 EX
2828 1109 2982 1149 PSAL.
3018 1111 3204 1153 XXXVI.

2093 1178 2393 1234 Beatitudo
2422 1179 2687 1235 omnium
2740 1197 2855 1237 non
2907 1182 3128 1239 incerta
3165 1185 3487 1256 justorum,
3520 1189 3676 1248 Deus

2023 1267 2143 1340 (qui
2176 1270 2410 1324 sanctos
2440 1272 2571 1324 tuos
2605 1286 2718 1325 non
2759 1270 3120 1345 derelinquis
3166 1274 3224 1331 in
3271 1276 3442 1345 fame,
3480 1294 3584 1334 nec
3615 1279 3675 1335 in

2025 1357 2214 1413 stadio
2244 1356 2680 1413 tribulationem
2715 1361 2979 1432 superari
3011 1363 3347 1436 permittis),
3372 1382 3679 1437 precamur
3768 1386 3777 1391 ‘

2027 1450 2091 1500 ut
2119 1463 2185 1500 ea
2217 1462 2322 1501 nos
2354 1445 2587 1502 munias
2628 1448 2883 1515 dextera,
2917 1462 3094 1522 quam
3136 1451 3252 1507 illis
3280 1470 3351 1509 ne
3382 1462 3677 1525 corruant,

2025 1532 2299 1590 velociter
2335 1534 2587 1608 porrigis
2637 1542 3040 1610 praeparatam.
3071 1540 3179 1627 Per
3226 1541 3538 1600 Dominum
3573 1563 3683 1601 no-

2028 1628 2218 1679 strum
2249 1623 2451 1680 Jesum
2485 1623 2805 1693 Christum,
2837 1632 2945 1682 etc.
3132 1622 3135 1625 ⁷

2538 1714 2870 1772 PSALMUS
2908 1717 3172 1776 XXXVII.

2436 1819 2842 1860 ARGUMENTUM
2882 1823 3037 1863 PSAL.
3078 1826 3291 1866 XXXVII.

2108 1891 2149 1946 C
2178 1890 2300 1946 Vox
2331 1892 2666 1964 paenitentis
2699 1894 3161 1953 misericordiam
3205 1899 3441 1974 benigni
3464 1903 3689 1974 judicia

2038 1980 2425 2052 deprecantis,
2458 1983 2556 2053 qui
2589 1998 2652 2038 se
2698 1999 2936 2057 corpore
2986 1988 3316 2044 sauciatam
3366 1995 3422 2046 et
3467 1993 3688 2063 animo,

2038 2070 2358 2126 amicorum
2392 2072 2835 2144 exprobratione
2864 2073 3006 2129 dicit
3035 2081 3188 2131 esset
3220 2079 3555 2137 confusum.

2038 2158 2153 2214 TT.
2186 2160 2439 2216 Psalmus
2467 2160 2640 2217 David
2678 2164 2736 2218 in
2779 2167 3341 2223 cannuemeratiancm
3383 2175 3437 2234 τι
3458 2168 3522 2225 de
3547 2172 3689 2229 Sab-

2252 2247 2374 2305 bata
2416 2252 2431 2317 ζ

2109 2336 2150 2391 C
2186 2336 2435 2394 Dicenda
2480 2337 2537 2393 in
2587 2342 3162 2410 commemoratione,
3188 2344 3297 2400 hoc
3345 2345 3554 2404 titulus
3584 2349 3693 2406 iste

2041 2426 2469 2498 pronuntiat,ut
2487 2428 2626 2500 quia
2642 2433 2943 2502 peccatum
2963 2431 3216 2506 effugere
3237 2452 3352 2490 non
3370 2435 3691 2507 valeamus,

2040 2520 2193 2570 certe
2222 2514 2421 2589 ipsum
2461 2515 2740 2573 delictum
2772 2518 2832 2574 in
2862 2523 3415 2581 commemoratione
3464 2543 3697 2599 semper

2041 2603 2253 2660 habere
2283 2605 2622 2675 debeamus,
2648 2610 2712 2662 ut
2741 2624 2849 2664 nos
2879 2625 2912 2664 a
2938 2609 3153 2666 futuris
3183 2611 3372 2685 culpis
3394 2615 3509 2670 Deo
3532 2616 3697 2688 adju-

2039 2697 2210 2749 vante
2239 2698 2652 2767 temperemus.
2678 2696 2721 2751 Η
2752 2698 3075 2755 Sabbatum
3102 2703 3317 2773 requies
3346 2702 3695 2776 interpreta-

2042 2787 2155 2851 tur,
2183 2783 2240 2838 id
2272 2788 2363 2840 est
2392 2785 2627 2856 quando
2657 2786 2982 2858 requiescet
3023 2789 3282 2847 Ecclesia
3309 2791 3368 2847 in
3403 2793 3695 2868 paradiso,

2043 2888 2216 2944 quem
2248 2873 2502 2945 perdidit
2528 2874 2734 2931 Adam.

2079 2961 2105 3014 1
2182 2962 2431 3028 Domine,
2462 2980 2533 3018 ne
2565 2964 2625 3018 in
2651 2966 2841 3034 furore
2869 2972 2960 3022 tua
2988 2984 3192 3036 arguas
3220 2986 3306 3025 me
3336 2989 3355 3025 .·

2182 3050 2363 3123 Neque
2394 3052 2453 3105 in
2484 3052 2571 3106 ira
2602 3056 2698 3107 tua
2726 3055 2996 3124 corripias
3024 3072 3129 3111 me.

2084 3188 2085 3191 η
2116 3138 2163 3194 Η
2194 3139 2376 3195 Totus
2408 3140 2517 3195 iste
2547 3140 2811 3213 psalmus
2844 3158 2912 3197 ex
2943 3158 3191 3215 persona
3219 3147 3556 3218 paenitentis
3585 3154 3696 3217 est,

257 3232 684 3289 muneratione
716 3216 1036 3306 peragitur,
1067 3234 1123 3289 id
1148 3239 1237 3291 est
1258 3216 1537 3308 impletur
1563 3241 1717 3312 quod
1751 3258 1936 3315 spera-

2063 3229 2157 3284 sed
2188 3231 2244 3284 et
2273 3229 2345 3284 ad
2377 3228 2675 3285 Christum
2708 3230 2904 3286 referri
2929 3236 3138 3303 potest,
3163 3216 3315 3289 sicut
3334 3239 3393 3291 et
3412 3216 3720 3308 sexagesi-A

259 3323 367 3378 vit.
397 3320 683 3395 Reliquias
714 3321 897 3395 igitur
937 3328 1095 3391 sunt,
1121 3341 1247 3397 quae
1301 3330 1434 3398 post
1473 3333 1719 3385 mortem
1768 3330 1940 3387 relin-

258 3413 624 3483 quuntur.A
656 3410 954 3485 Relinquit
982 3429 1115 3470 vero
1134 3415 1332 3485 justas
1365 3420 1500 3489 post
1541 3423 1789 3475 mortem
1823 3437 1941 3477 me-

2049 3335 2184 3374 mus
2240 3322 2499 3373 octavus.
2560 3318 2762 3385 Furor,
2801 3319 3060 3376 vindicta
3104 3320 3523 3381 irrationabilis
3567 3343 3703 3382 eum

2050 3406 2200 3463 t'ellis
2231 3407 2642 3465 amaritudine.
2665 3408 2749 3463 Ita
2772 3425 2906 3465 vero
2953 3415 3183 3466 tantum
3215 3413 3529 3471 commotio
3580 3416 3704 3470 ani-

262 3500 527 3556 moriam
549 3500 800 3572 justitiaz
841 3518 964 3558 suae
999 3503 1308 3571 bonam,et
1337 3504 1492 3561 Deus
1525 3507 1636 3563 sibi
1664 3508 1936 3582 relinquit

2063 3513 2181 3551 min.
2205 3496 2337 3553 Ideo
2371 3497 2481 3553 iste
2503 3496 2793 3570 pmniteus
2823 3498 2923 3570 qui
2954 3515 3016 3554 se
3046 3505 3411 3571 peccatorem
3433 3504 3562 3572 scit,
3589 3522 3705 3561 non

262 3589 523 3663 praemia
568 3588 804 3647 eternal
824 3590 864 3645 C
893 3591 1178 3648 Paciﬁcas
1207 3609 1341 3651 vero
1375 3595 1610 3669 dicitur,
1640 3599 1741 3670 qui
1792 3599 1944 3655 inter
2050 3584 2111 3641 in
2142 3584 2248 3652 ira.
2273 3586 2372 3641 sed
2398 3602 2501 3655 Per
2527 3586 3011 3657 misericordiam.
3037 3606 3143 3646 nec
3164 3590 3223 3646 in
3249 3592 3460 3659 ΓυῐὈΓθν
3486 3594 3585 3650 sed
3606 3610 3710 3666 P9P

261 3679 688 3735 discordantes
726 3696 930 3753 pacem
963 3680 1118 3736 facit.

264 3770 340 3823 40
424 3768 632 3839 lnjusti
656 3775 845 3826 aulem
872 3769 1218 3842 disperibunt
1245 3774 1414 3829 simul
1443 3793 1462 3828 :

422 3857 693 3929 Reliquias
722 3859 1019 3930 impiarum
1050 3861 1378 3918 interibunt.

341 3945 391 4001 C
423 3945 583 4001 Justi
616 3951 835 4018 autem,
857 3952 966 4004 etc.
990 3948 1321 4006 Namsicut
1350 3951 1498 4023 justi
1532 3956 1664 4025 post
1687 3953 1839 4011 hanc
1869 3955 1947 4011 vi-

262 4040 402 4089 tam
427 4034 821 4107 gratulantur,
846 4036 925 4091 ita
955 4036 1158 4108 injusti
1182 4038 1349 4095 [inita
1367 4039 1480 4096 ista
1499 4039 1629 4099 luce
1650 4044 1946 4115 peribunt.

266 4121 589 4194 Reliquim,
613 4128 680 4179 ut
708 4124 932 4181 dictum
973 4130 1082 4195 est,
1108 4126 1442 4201 signiﬁcant
1475 4131 1819 4189 memoriam
1843 4134 1949 4205 ju-

267 4217 544 4275 storum,
565 4229 744 4284 quam
776 4214 835 4269 in
874 4214 983 4271 hoc
1015 4216 1237 4272 mundo
1275 4222 1407 4290 post
1450 4219 1675 4276 obitum
1705 4221 1952 4278 derelin-

268 4304 505 4374 quunt,
537 4300 645 4357 hoc
675 4304 885 4359 mereri
917 4303 1079 4377 impii
1133 4305 1467 4364 nullatenus
1505 4315 1773 4382 possunt,
1806 4328 1950 4384 quo-

270 4390 476 4457 niam,
503 4391 946 4464 superveniente
993 4392 1260 4461 interitu,
1287 4393 1455 4451 falsa
1481 4396 1613 4454 laus
1643 4402 1695 4455 et
1729 4399 1952 4474 fragilis

272 4479 413 4535 vita
439 4478 802 4537 dissolvitur.
833 4484 879 4537 A
928 4482 1206 4556 Reliquiae
1239 4501 1472 4558 quoque
1500 4503 1723 4558 eorum,
1758 4490 1816 4546 id
1866 4495 1957 4547 est

273 4572 531 4624 terrena
561 4569 885 4626 interibunt
916 4570 1132 4628 omnia.

278 4658 349 4712 41
438 4656 606 4714 Salus
630 4666 813 4716 autem
831 4662 1108 4733 justorum
1137 4679 1174 4718 a
1206 4664 1439 4720 Domino
1469 4683 1489 4720 :

457 4751 515 4811 -j—
532 4750 598 4803 Et
633 4755 648 4814 ζ
683 4756 953 4819 protector
977 4766 1167 4807 eorum
1196 4752 1258 4806 in
1285 4758 1519 4825 tempore
1548 4756 1947 4813 tribulationis.

368 4834 417 4890 Η
449 4834 622 4893 Salus
668 4842 854 4894 autem
884 4855 917 4894 a
945 4840 1175 4896 Domina
1204 4841 1378 4909 venit,
1403 4843 1542 4916 quia
1585 4842 1711 4918 ipse
1740 4851 1829 4902 est
1857 4864 1948 4903 sa-

279 4924 393 4980 lus
424 4930 646 4982 nostra.
669 4926 712 4982 C
742 4931 977 5000 tempus
1026 4928 1266 5000 quidem
1313 4930 1708 4990 tribulationis
1739 4939 1828 4991 est
1856 4936 1961 4992 du-

282 5012 455 5086 plex,
479 5030 615 5071 nam
646 5015 743 5072 hic
766 5016 1068 5072 tribulatio
1090 5017 1430 5089 temporalis
1459 5024 1567 5088 est,
1590 5023 1691 5077 sed
1723 5022 1781 5078 in
1805 5024 1960 5096 judi-

2053 3674 2393 3747 patientiam
2426 3692 2488 3731 se
2518 3675 2683 3749 argui
2715 3676 2993 3749 postulat.

2087 3766 2123 3817 2
2197 3765 2468 3833 Quoniam
2494 3766 2711 3835 sagitta:
2741 3773 2855 3823 tuae
2882 3768 3078 3839 inﬁxa:
3104 3773 3236 3825 sunt
3259 3771 3401 3826 mihi
3428 3790 3450 3826 :

2198 3858 2265 3910 Et
2294 3855 2632 3926 conﬁrmasti
2657 3871 2823 3927 super
2849 3874 2937 3913 me
2962 3874 3190 3913 manum
3216 3863 3388 3915 tuam.

2127 3942 2173 3998 Η
2204 3943 2459 4015 Sagittae,
2490 3945 2665 3999 verba
2694 3944 2969 3999 doctrina:
3000 3949 3159 4013 sunt,
3196 3963 3323 4019 quae
3356 3952 3422 4003 ut
3442 3949 3711 4019 jaculum

2056 4031 2362 4087 verberant
2383 4048 2482 4086 cor
2500 4032 2857 4104 pmnitentis,
2883 4038 2949 4087 ut
2976 4039 3110 4106 agat
3130 4034 3554 4106 paenitentiam.
3573 4038 3714 4094 Con-

2058 4120 2332 4188 ﬁrmasti,
2356 4124 2488 4189 etc.,
2514 4125 2578 4176 ut
2621 4124 2902 4193 tanquam
2954 4123 3143 4179 bonus
3175 4124 3475 4197 magister,
3509 4127 3716 4182 verbe-

2028 4258 2033 4263 .
2059 4210 2223 4266 ribus
2255 4208 2602 4283 castigatum
2635 4210 2906 4266 redderes
2934 4211 3332 4267 emendatum.

2094 4300 2129 4353 3
2201 4299 2320 4354 Non
2345 4306 2424 4353 est
2454 4300 2667 4354 sanitas
2700 4301 2759 4354 in
2787 4315 2954 4355 carne
2982 4316 3102 4355 mea
3131 4317 3166 4355 a
3194 4302 3337 4371 facie
3366 4302 3472 4359 irae
3498 4310 3612 4360 tum
3643 4319 3659 4357 :

2201 4387 2319 4444 Non
2361 4395 2441 4443 est
2479 4404 2596 4459 pax
2645 4389 2851 4443 assibus
2905 4389 3040 4445 meis
3094 4407 3128 4444 a
3184 4391 3327 4461 facie
3379 4399 3719 4463 peccatorum

2273 4492 2540 4532 meorum.

1985 4591 2032 4656 Β
2136 4565 2181 4621 Η
2211 4566 2337 4622 Νοη
2369 4569 2459 4621 est
2486 4564 2708 4622 sanitas
2733 4584 2766 4621 a
2786 4566 2932 4623 facie
2963 4567 3059 4623 ira
3082 4567 3142 4624 in
3165 4585 3337 4627 carne
3360 4587 3510 4641 mea,
3545 4571 3600 4626 id
3631 4575 3720 4627 est

2063 4657 2181 4712 vidi
2212 4656 2420 4712 faciem
2446 4656 2542 4711 iraa
2564 4660 2678 4711 tua:
2705 4673 2717 4712 :
2742 4662 2800 4713 et
2822 4675 2937 4714 non
2962 4658 3151 4731 ipsam
3174 4658 3345 4726 iram,
3368 4659 3479 4716 hoc
3507 4664 3614 4729 est,
3638 4660 3725 4714 in-

2059 4745 2250 4803 tellexi
2275 4762 2377 4818 per
2393 4745 2726 4818 Scripturas
2746 4752 2999 4816 sanctas,
3016 4751 3235 4819 quanta
3256 4748 3577 4803 minabaris
3594 4763 3722 4818 pec-

2067 4834 2383 4904 catoribus,
2416 4839 2473 4891 et
2503 4834 2767 4905 extimui,
2800 4839 3003 4908 petens
3036 4853 3106 4890 ne
3136 4834 3265 4906 ipsa
3301 4833 3390 4889 ira
3419 4850 3597 4906 super
3627 4850 3721 4889 me

2067 4925 2463 4981 descenderet.
2496 4924 2621 4980 Non
2654 4929 2744 4980 est
2771 4941 2883 4996 pax
2913 4924 3146 4978 ossibus
3187 4922 3356 4991 meis,
3379 4921 3436 4976 id
3468 4926 3557 4978 est
3588 4921 3721 4978 nul-

2066 5013 2185 5070 lam
2218 5013 2473 5086 quietem
2501 5011 2724 5068 indulsi
2754 5010 2841 5068 vel
2875 5009 3108 5066 ossibus
3127 5009 3217 5065 vel
3243 5009 3526 5067 membris
3552 5011 3720 5082 meis,

285 5103 391 5158 cio
423 5106 683 5161 extremo
712 5109 804 5162 est
847 5109 1096 5175 zeterna;
1130 5105 1230 5162 illa
1259 5106 1439 5180 igitur
1484 5107 1642 5166 mala
1687 5114 1796 5180 est,
1820 5112 1962 5184 quia
2069 5108 2385 5175 antequam
2417 5099 2748 5172 Pmnitendo
2775 5103 3030 5155 mentem
3063 5114 3396 5171 Ρυνὲθιτθω·

285 5195 521 5248 eterna
548 5209 675 5266 qua:
708 5195 767 5250 iu
797 5195 893 5251 die
915 5194 1128 5265 judicii
1158 5194 1357 5269 impiis
1387 5198 1562 5255 venit.
1593 5197 1657 5255 In
1687 5199 1796 5256 hoc
1821 5217 1959 5274 ergo

288 5288 565 5356 tempore
608 5283 1026 5352 tribulationis,
1050 5289 1341 5358 protector
1383 5291 1473 5343 est
1501 5287 1790 5358 Christus,
1822 5289 1962 5363 quia

288 5387 369 5426 ex
398 5370 533 5444 ipsa
562 5371 736 5445 eripit
757 5374 978 5445 justas.

293 5461 369 5514 42
441 5464 516 5517 Et
541 5460 826 5533 adjuvabit
856 5479 942 5519 eos
980 5463 1315 5530 Dominus-:—
1350 5468 1403 5520 et
1448 5464 1709 5523 liberabit
1732 5482 1821 5526 eos
1863 5473 1876 5535 ζ
1909 5472 1964 5526 et

517 5558 673 5608 eruet
697 5568 787 5608 eos
815 5570 851 5609 a
876 5553 1248 5626 pecca'aribus
1278 5570 1298 5608 .-

443 5646 501 5709 έ-
543 5644 611 5698 Et
635 5642 872 5702 salvabit
898 5660 987 5703 eos
1028 5649 1043 5713 ;
1087 5644 1221 5720 quia
1248 5652 1609 5721 speraverant
1635 5648 1693 5705 in
1723 5664 1803 5708 ea.

2105 5192 2136 5247 4
2213 5191 2486 5260 Quoniam
2517 5190 2838 5261 iniquitates
2867 5204 3007 5246 mea?
3029 5204 3397 5261 supergressa?
3413 5198 3543 5246 sunt
3561 5198 3724 5264 caput

2280 5296 2462 5337 meum
2492 5297 2511 5334 .'

2210 5369 2366 5426 Sicut
2392 5385 2529 5424 anus
2558 5383 2723 5440 grave
2748 5376 2996 5439 gravatae
3022 5372 3153 5425 sunt
3179 5386 3345 5442 super
3369 5385 3474 5425 me.

2141 5460 2182 5515 C
2209 5457 2555 5530 Iniquitates
2586 5460 2797 5513 nostra:
2828 5456 3056 5514 elevant
3100 5474 3163 5514 se
3206 5474 3385 5531 super
3414 5460 3590 5531 caput
3619 5473 3722 5514 no-

2072 5553 2281 5618 strum,
2297 5546 2529 5621 quando
2547 5543 2802 5619 amplius
2823 5546 3402 5621 cumulantur,quam
3426 5547 3573 5602 ratio
3596 5563 3722 5618 quae

2071 5643 2161 5700 est
2187 5641 2364 5715 caput
2393 5636 2608 5696 mentis
2635 5636 2878 5697 sufferre
2905 5635 3120 5711 valeat;
3154 5652 3333 5716 quam
3362 5634 3412 5694 si
3443 5633 3724 5711 iniquitas
3784 5654 3791 5661 '
