  <div class='ocr_page' id='page_1' title='image "/cluster/home/n/w/nwhite01/storage/ocr_20150623/142/hvd.32044054760020/087.png"; bbox 0 0 4086 6180; ppageno 0'>
   <div class='ocr_carea' id='block_1_1' title="bbox 421 303 536 362">
    <p class='ocr_par' dir='ltr' id='par_1_1' title="bbox 421 303 536 362">
     <span class='ocr_line' id='line_1_1' title="bbox 421 303 536 362; baseline -0.017 0"><span class='ocrx_word' id='word_1_1' title='bbox 421 303 536 362; x_wconf 66' lang='grc'>163</span> 
     </span>
    </p>
   </div>
   <div class='ocr_carea' id='block_1_2' title="bbox 1375 292 2925 362">
    <p class='ocr_par' dir='ltr' id='par_1_2' title="bbox 1375 292 2925 362">
     <span class='ocr_line' id='line_1_2' title="bbox 1375 292 2925 362; baseline 0 0"><span class='ocrx_word' id='word_1_2' title='bbox 1375 297 1442 362; x_wconf 92' lang='lat' dir='ltr'>S.</span> <span class='ocrx_word' id='word_1_3' title='bbox 1489 295 1756 360; x_wconf 78' lang='lat' dir='ltr'><strong>BRUNO</strong></span> <span class='ocrx_word' id='word_1_4' title='bbox 1800 293 2422 360; x_wconf 79' lang='lat' dir='ltr'>HERBIPOLENSIS</span> <span class='ocrx_word' id='word_1_5' title='bbox 2465 292 2925 362; x_wconf 85' lang='lat' dir='ltr'>EPISCOPUS.</span> 
     </span>
    </p>
   </div>
   <div class='ocr_carea' id='block_1_3' title="bbox 3717 297 3833 358">
    <p class='ocr_par' dir='ltr' id='par_1_3' title="bbox 3717 297 3833 358">
     <span class='ocr_line' id='line_1_3' title="bbox 3717 297 3833 358; baseline 0.017 -2"><span class='ocrx_word' id='word_1_6' title='bbox 3717 297 3833 358; x_wconf 68' lang='grc'>164</span> 
     </span>
    </p>
   </div>
   <div class='ocr_carea' id='block_1_4' title="bbox 419 427 3834 507">
    <p class='ocr_par' dir='ltr' id='par_1_4' title="bbox 419 427 3834 507">
     <span class='ocr_line' id='line_1_4' title="bbox 419 427 3834 507; baseline -0.001 -19"><span class='ocrx_word' id='word_1_7' title='bbox 419 432 796 507; x_wconf 71' lang='lat' dir='ltr'>oppresserit,</span> <span class='ocrx_word' id='word_1_8' title='bbox 828 431 930 488; x_wconf 91' lang='lat' dir='ltr'>illa</span> <span class='ocrx_word' id='word_1_9' title='bbox 959 430 1228 504; x_wconf 80' lang='lat' dir='ltr'>protinus</span> <span class='ocrx_word' id='word_1_10' title='bbox 1253 429 1406 486; x_wconf 85' lang='lat' dir='ltr'>victa</span> <span class='ocrx_word' id='word_1_11' title='bbox 1447 428 1796 486; x_wconf 85' lang='lat' dir='ltr'>succumbit.</span> <span class='ocrx_word' id='word_1_12' title='bbox 1832 429 1875 486; x_wconf 81' lang='lat' dir='ltr'>il</span> <span class='ocrx_word' id='word_1_13' title='bbox 1911 427 2072 486; x_wconf 87' lang='lat' dir='ltr'>Sicut</span> <span class='ocrx_word' id='word_1_14' title='bbox 2098 430 2152 497; x_wconf 84' lang='grc' dir='ltr'><strong>Α</strong></span> <span class='ocrx_word' id='word_1_15' title='bbox 2184 446 2338 487; x_wconf 91' lang='lat' dir='ltr'>nunc</span> <span class='ocrx_word' id='word_1_16' title='bbox 2369 429 2509 486; x_wconf 87' lang='lat' dir='ltr'>dicit</span> <span class='ocrx_word' id='word_1_17' title='bbox 2538 448 2666 504; x_wconf 74' lang='lat' dir='ltr'>quea</span> <span class='ocrx_word' id='word_1_18' title='bbox 2699 431 2840 488; x_wconf 79' lang='lat' dir='ltr'>foris</span> <span class='ocrx_word' id='word_1_19' title='bbox 2867 430 3089 504; x_wconf 86' lang='lat' dir='ltr'>patitur</span> <span class='ocrx_word' id='word_1_20' title='bbox 3107 428 3184 486; x_wconf 87' lang='lat' dir='ltr'>ab</span> <span class='ocrx_word' id='word_1_21' title='bbox 3209 428 3304 485; x_wconf 88' lang='lat' dir='ltr'>his</span> <span class='ocrx_word' id='word_1_22' title='bbox 3322 427 3476 486; x_wconf 82' lang='lat' dir='ltr'>inter</span> <span class='ocrx_word' id='word_1_23' title='bbox 3494 445 3642 502; x_wconf 90' lang='lat' dir='ltr'>quos</span> <span class='ocrx_word' id='word_1_24' title='bbox 3671 429 3834 487; x_wconf 86' lang='lat' dir='ltr'>habi-</span> 
     </span>
    </p>
   </div>
   <div class='ocr_carea' id='block_1_5' title="bbox 417 519 2066 594">
    <p class='ocr_par' dir='ltr' id='par_1_5' title="bbox 417 519 2066 594">
     <span class='ocr_line' id='line_1_5' title="bbox 417 519 2066 594; baseline -0.002 -17"><span class='ocrx_word' id='word_1_25' title='bbox 417 541 568 579; x_wconf 87' lang='lat' dir='ltr'>onus</span> <span class='ocrx_word' id='word_1_26' title='bbox 597 538 788 594; x_wconf 87' lang='lat' dir='ltr'>grave,</span> <span class='ocrx_word' id='word_1_27' title='bbox 806 521 944 594; x_wconf 83' lang='lat' dir='ltr'>quia</span> <span class='ocrx_word' id='word_1_28' title='bbox 976 537 1091 576; x_wconf 87' lang='lat' dir='ltr'>non</span> <span class='ocrx_word' id='word_1_29' title='bbox 1120 524 1211 576; x_wconf 90' lang='lat' dir='ltr'>est</span> <span class='ocrx_word' id='word_1_30' title='bbox 1237 519 1360 576; x_wconf 87' lang='lat' dir='ltr'>leve</span> <span class='ocrx_word' id='word_1_31' title='bbox 1380 535 1532 576; x_wconf 86' lang='lat' dir='ltr'>onus</span> <span class='ocrx_word' id='word_1_32' title='bbox 1562 519 1800 592; x_wconf 80' lang='lat' dir='ltr'>peccati,</span> <span class='ocrx_word' id='word_1_33' title='bbox 1823 519 1923 574; x_wconf 90' lang='lat' dir='ltr'>sed</span> <span class='ocrx_word' id='word_1_34' title='bbox 1947 535 2066 575; x_wconf 86' lang='lat' dir='ltr'>om-</span> 
     </span>
    </p>
   </div>
   <div class='ocr_carea' id='block_1_6' title="bbox 414 607 2064 682">
    <p class='ocr_par' dir='ltr' id='par_1_6' title="bbox 414 607 2064 682">
     <span class='ocr_line' id='line_1_6' title="bbox 414 607 2064 682; baseline -0.004 -14"><span class='ocrx_word' id='word_1_35' title='bbox 414 611 592 669; x_wconf 85' lang='lat' dir='ltr'>nibus</span> <span class='ocrx_word' id='word_1_36' title='bbox 620 610 791 666; x_wconf 89' lang='lat' dir='ltr'>debet</span> <span class='ocrx_word' id='word_1_37' title='bbox 830 625 961 665; x_wconf 85' lang='lat' dir='ltr'>esse</span> <span class='ocrx_word' id='word_1_38' title='bbox 995 625 1191 682; x_wconf 88' lang='lat' dir='ltr'>grave,</span> <span class='ocrx_word' id='word_1_39' title='bbox 1223 607 1362 680; x_wconf 85' lang='lat' dir='ltr'>quia</span> <span class='ocrx_word' id='word_1_40' title='bbox 1401 608 1678 666; x_wconf 87' lang='lat' dir='ltr'>omnibus</span> <span class='ocrx_word' id='word_1_41' title='bbox 1705 623 1879 682; x_wconf 87' lang='lat' dir='ltr'>grave</span> <span class='ocrx_word' id='word_1_42' title='bbox 1901 607 2064 680; x_wconf 84' lang='lat' dir='ltr'>judi-</span> 
     </span>
    </p>
   </div>
   <div class='ocr_carea' id='block_1_7' title="bbox 413 694 968 772">
    <p class='ocr_par' dir='ltr' id='par_1_7' title="bbox 413 694 968 772">
     <span class='ocr_line' id='line_1_7' title="bbox 413 694 968 772; baseline -0.005 -16"><span class='ocrx_word' id='word_1_43' title='bbox 413 694 487 756; x_wconf 87' lang='lat' dir='ltr'>cii</span> <span class='ocrx_word' id='word_1_44' title='bbox 519 713 669 756; x_wconf 88' lang='lat' dir='ltr'>onus</span> <span class='ocrx_word' id='word_1_45' title='bbox 700 697 968 772; x_wconf 85' lang='lat' dir='ltr'>imponit.</span> 
     </span>
    </p>
   </div>
   <div class='ocr_carea' id='block_1_8' title="bbox 445 784 1944 859">
    <p class='ocr_par' dir='ltr' id='par_1_8' title="bbox 445 784 1944 859">
     <span class='ocr_line' id='line_1_8' title="bbox 445 784 1944 859; baseline -0.001 -13"><span class='ocrx_word' id='word_1_46' title='bbox 445 784 484 846; x_wconf 85' lang='lat'><strong>5</strong></span> <span class='ocrx_word' id='word_1_47' title='bbox 554 785 898 844; x_wconf 80' lang='lat' dir='ltr'>Putruerunt</span> <span class='ocrx_word' id='word_1_48' title='bbox 923 790 975 842; x_wconf 88' lang='lat' dir='ltr'>et</span> <span class='ocrx_word' id='word_1_49' title='bbox 999 794 1272 859; x_wconf 65' lang='lat' dir='ltr'>corruptae</span> <span class='ocrx_word' id='word_1_50' title='bbox 1293 794 1422 842; x_wconf 87' lang='lat' dir='ltr'>sunt</span> <span class='ocrx_word' id='word_1_51' title='bbox 1448 787 1727 843; x_wconf 77' lang='lat' dir='ltr'>cicatrices</span> <span class='ocrx_word' id='word_1_52' title='bbox 1753 803 1894 846; x_wconf 70' lang='lat' dir='ltr'>meae</span> <span class='ocrx_word' id='word_1_53' title='bbox 1917 807 1944 844; x_wconf 84' lang='lat'><em>:</em></span> 
     </span>
    </p>
   </div>
   <div class='ocr_carea' id='block_1_9' title="bbox 367 865 1340 950">
    <p class='ocr_par' dir='ltr' id='par_1_9' title="bbox 367 865 1340 950">
     <span class='ocr_line' id='line_1_9' title="bbox 367 865 1340 950; baseline -0.002 -17"><span class='ocrx_word' id='word_1_54' title='bbox 367 865 374 870; x_wconf 56' lang='grc'><em>’</em></span> <span class='ocrx_word' id='word_1_55' title='bbox 557 881 609 933; x_wconf 76' lang='grc'>,4</span> <span class='ocrx_word' id='word_1_56' title='bbox 636 878 781 950; x_wconf 83' lang='lat' dir='ltr'>facie</span> <span class='ocrx_word' id='word_1_57' title='bbox 812 877 1154 948; x_wconf 67' lang='lat' dir='ltr'>insipientia?</span> <span class='ocrx_word' id='word_1_58' title='bbox 1180 891 1340 934; x_wconf 66' lang='lat' dir='ltr'>meae.</span> 
     </span>
    </p>
   </div>
   <div class='ocr_carea' id='block_1_10' title="bbox 481 962 2063 1040">
    <p class='ocr_par' dir='ltr' id='par_1_10' title="bbox 481 962 2063 1040">
     <span class='ocr_line' id='line_1_10' title="bbox 481 962 2063 1040; baseline 0 -16"><span class='ocrx_word' id='word_1_59' title='bbox 481 962 528 1023; x_wconf 81' lang='grc' dir='ltr'><em>Η</em></span> <span class='ocrx_word' id='word_1_60' title='bbox 558 967 1047 1038; x_wconf 86' lang='lat' dir='ltr'>Computrescunt</span> <span class='ocrx_word' id='word_1_61' title='bbox 1072 963 1215 1020; x_wconf 90' lang='lat' dir='ltr'>mihi</span> <span class='ocrx_word' id='word_1_62' title='bbox 1245 969 1304 1022; x_wconf 89' lang='lat' dir='ltr'>et</span> <span class='ocrx_word' id='word_1_63' title='bbox 1327 965 1508 1022; x_wconf 80' lang='lat' dir='ltr'>fetent</span> <span class='ocrx_word' id='word_1_64' title='bbox 1537 965 1779 1022; x_wconf 81' lang='lat' dir='ltr'>vulnera</span> <span class='ocrx_word' id='word_1_65' title='bbox 1806 970 2063 1040; x_wconf 85' lang='lat' dir='ltr'>peccato-</span> 
     </span>
    </p>
   </div>
   <div class='ocr_carea' id='block_1_11' title="bbox 409 1054 2062 1128">
    <p class='ocr_par' dir='ltr' id='par_1_11' title="bbox 409 1054 2062 1128">
     <span class='ocr_line' id='line_1_11' title="bbox 409 1054 2062 1128; baseline 0 -16"><span class='ocrx_word' id='word_1_66' title='bbox 409 1072 566 1123; x_wconf 87' lang='lat' dir='ltr'>rum,</span> <span class='ocrx_word' id='word_1_67' title='bbox 589 1071 894 1128; x_wconf 87' lang='lat' dir='ltr'>quousque</span> <span class='ocrx_word' id='word_1_68' title='bbox 915 1054 975 1109; x_wconf 91' lang='lat' dir='ltr'>in</span> <span class='ocrx_word' id='word_1_69' title='bbox 997 1054 1454 1128; x_wconf 79' lang='lat' dir='ltr'>peccatisjaceo,</span> <span class='ocrx_word' id='word_1_70' title='bbox 1473 1059 1530 1111; x_wconf 91' lang='lat' dir='ltr'>et</span> <span class='ocrx_word' id='word_1_71' title='bbox 1548 1071 1704 1112; x_wconf 90' lang='lat' dir='ltr'>nunc</span> <span class='ocrx_word' id='word_1_72' title='bbox 1724 1055 2062 1112; x_wconf 86' lang='lat' dir='ltr'>desideran-</span> 
     </span>
    </p>
   </div>
   <div class='ocr_carea' id='block_1_12' title="bbox 409 1143 2064 1217">
    <p class='ocr_par' dir='ltr' id='par_1_12' title="bbox 409 1143 2064 1217">
     <span class='ocr_line' id='line_1_12' title="bbox 409 1143 2064 1217; baseline 0 -16"><span class='ocrx_word' id='word_1_73' title='bbox 409 1151 498 1201; x_wconf 92' lang='lat' dir='ltr'>ter</span> <span class='ocrx_word' id='word_1_74' title='bbox 526 1160 720 1217; x_wconf 67' lang='lat' dir='ltr'>qumro</span> <span class='ocrx_word' id='word_1_75' title='bbox 746 1143 1041 1198; x_wconf 90' lang='lat' dir='ltr'>medicum</span> <span class='ocrx_word' id='word_1_76' title='bbox 1073 1160 1176 1216; x_wconf 87' lang='lat' dir='ltr'>per</span> <span class='ocrx_word' id='word_1_77' title='bbox 1196 1143 1618 1215; x_wconf 78' lang='lat' dir='ltr'>paenitentiam.</span> <span class='ocrx_word' id='word_1_78' title='bbox 1642 1143 1683 1200; x_wconf 90' lang='lat' dir='ltr'>C</span> <span class='ocrx_word' id='word_1_79' title='bbox 1703 1143 1952 1201; x_wconf 87' lang='lat' dir='ltr'>Cicatrix</span> <span class='ocrx_word' id='word_1_80' title='bbox 1972 1149 2064 1201; x_wconf 90' lang='lat' dir='ltr'>est</span> 
     </span>
    </p>
   </div>
   <div class='ocr_carea' id='block_1_13' title="bbox 408 1229 2060 1306">
    <p class='ocr_par' dir='ltr' id='par_1_13' title="bbox 408 1229 2060 1306">
     <span class='ocr_line' id='line_1_13' title="bbox 408 1229 2060 1306; baseline -0.001 -16"><span class='ocrx_word' id='word_1_81' title='bbox 408 1233 581 1305; x_wconf 87' lang='lat' dir='ltr'>dicta,</span> <span class='ocrx_word' id='word_1_82' title='bbox 615 1233 770 1306; x_wconf 90' lang='lat' dir='ltr'>quod</span> <span class='ocrx_word' id='word_1_83' title='bbox 804 1231 861 1288; x_wconf 90' lang='lat' dir='ltr'>in</span> <span class='ocrx_word' id='word_1_84' title='bbox 894 1247 958 1288; x_wconf 89' lang='lat' dir='ltr'>se</span> <span class='ocrx_word' id='word_1_85' title='bbox 984 1229 1199 1288; x_wconf 90' lang='lat' dir='ltr'>vulnus</span> <span class='ocrx_word' id='word_1_86' title='bbox 1230 1231 1480 1288; x_wconf 81' lang='lat' dir='ltr'>celatum</span> <span class='ocrx_word' id='word_1_87' title='bbox 1513 1233 1806 1300; x_wconf 82' lang='lat' dir='ltr'>ostendat,</span> <span class='ocrx_word' id='word_1_88' title='bbox 1832 1233 2060 1306; x_wconf 84' lang='lat' dir='ltr'>signiﬁ-</span> 
     </span>
    </p>
   </div>
   <div class='ocr_carea' id='block_1_14' title="bbox 408 1319 2058 1396">
    <p class='ocr_par' dir='ltr' id='par_1_14' title="bbox 408 1319 2058 1396">
     <span class='ocr_line' id='line_1_14' title="bbox 408 1319 2058 1396; baseline 0.001 -17"><span class='ocrx_word' id='word_1_89' title='bbox 408 1340 547 1380; x_wconf 83' lang='lat' dir='ltr'>cans</span> <span class='ocrx_word' id='word_1_90' title='bbox 578 1320 806 1379; x_wconf 90' lang='lat' dir='ltr'>occulta</span> <span class='ocrx_word' id='word_1_91' title='bbox 849 1325 1104 1394; x_wconf 89' lang='lat' dir='ltr'>peccata.</span> <span class='ocrx_word' id='word_1_92' title='bbox 1133 1319 1179 1377; x_wconf 88' lang='grc' dir='ltr'><em>Η</em></span> <span class='ocrx_word' id='word_1_93' title='bbox 1233 1323 1366 1386; x_wconf 68' lang='lat' dir='ltr'>Quae</span> <span class='ocrx_word' id='word_1_94' title='bbox 1425 1322 1709 1396; x_wconf 88' lang='lat' dir='ltr'>contingit</span> <span class='ocrx_word' id='word_1_95' title='bbox 1757 1322 2058 1380; x_wconf 86' lang='lat' dir='ltr'>hominem</span> 
     </span>
    </p>
   </div>
   <div class='ocr_carea' id='block_1_15' title="bbox 407 1409 1504 1485">
    <p class='ocr_par' dir='ltr' id='par_1_15' title="bbox 407 1409 1504 1485">
     <span class='ocr_line' id='line_1_15' title="bbox 407 1409 1504 1485; baseline -0.003 -17"><span class='ocrx_word' id='word_1_96' title='bbox 407 1415 644 1485; x_wconf 77' lang='lat' dir='ltr'>propter</span> <span class='ocrx_word' id='word_1_97' title='bbox 672 1423 840 1466; x_wconf 88' lang='lat' dir='ltr'>suam</span> <span class='ocrx_word' id='word_1_98' title='bbox 872 1409 1267 1482; x_wconf 89' lang='lat' dir='ltr'>insipientiam</span> <span class='ocrx_word' id='word_1_99' title='bbox 1299 1409 1504 1468; x_wconf 89' lang='lat' dir='ltr'>celare.</span> 
     </span>
    </p>
   </div>
   <div class='ocr_carea' id='block_1_16' title="bbox 439 1501 2060 1573">
    <p class='ocr_par' dir='ltr' id='par_1_16' title="bbox 439 1501 2060 1573">
     <span class='ocr_line' id='line_1_16' title="bbox 439 1501 2060 1573; baseline 0.001 -16"><span class='ocrx_word' id='word_1_100' title='bbox 439 1503 475 1557; x_wconf 91' lang='lat'>6</span> <span class='ocrx_word' id='word_1_101' title='bbox 549 1502 726 1558; x_wconf 81' lang='lat' dir='ltr'>Miser</span> <span class='ocrx_word' id='word_1_102' title='bbox 750 1502 927 1572; x_wconf 79' lang='lat' dir='ltr'>factus</span> <span class='ocrx_word' id='word_1_103' title='bbox 945 1517 1066 1554; x_wconf 83' lang='lat' dir='ltr'>sum</span> <span class='ocrx_word' id='word_1_104' title='bbox 1091 1505 1142 1554; x_wconf 80' lang='lat' dir='ltr'>et</span> <span class='ocrx_word' id='word_1_105' title='bbox 1161 1505 1420 1555; x_wconf 86' lang='lat' dir='ltr'>curvatus</span> <span class='ocrx_word' id='word_1_106' title='bbox 1439 1516 1557 1556; x_wconf 81' lang='lat' dir='ltr'>sum</span> <span class='ocrx_word' id='word_1_107' title='bbox 1584 1515 1754 1573; x_wconf 82' lang='lat' dir='ltr'>usque</span> <span class='ocrx_word' id='word_1_108' title='bbox 1775 1501 1833 1556; x_wconf 86' lang='lat' dir='ltr'>in</span> <span class='ocrx_word' id='word_1_109' title='bbox 1854 1503 2018 1573; x_wconf 81' lang='lat' dir='ltr'>ﬁnem</span> <span class='ocrx_word' id='word_1_110' title='bbox 2039 1519 2060 1558; x_wconf 82' lang='lat'>.°</span> 
     </span>
    </p>
   </div>
   <div class='ocr_carea' id='block_1_17' title="bbox 553 1586 1570 1659">
    <p class='ocr_par' dir='ltr' id='par_1_17' title="bbox 553 1586 1570 1659">
     <span class='ocr_line' id='line_1_17' title="bbox 553 1586 1570 1659; baseline 0.001 -17"><span class='ocrx_word' id='word_1_111' title='bbox 553 1587 679 1642; x_wconf 86' lang='lat' dir='ltr'>Tota</span> <span class='ocrx_word' id='word_1_112' title='bbox 706 1586 798 1642; x_wconf 87' lang='lat' dir='ltr'>die</span> <span class='ocrx_word' id='word_1_113' title='bbox 823 1589 1174 1642; x_wconf 73' lang='lat' dir='ltr'>contristatus</span> <span class='ocrx_word' id='word_1_114' title='bbox 1205 1587 1570 1659; x_wconf 77' lang='lat' dir='ltr'>ingrediebar.</span> 
     </span>
    </p>
   </div>
   <div class='ocr_carea' id='block_1_18' title="bbox 478 1676 2060 1752">
    <p class='ocr_par' dir='ltr' id='par_1_18' title="bbox 478 1676 2060 1752">
     <span class='ocr_line' id='line_1_18' title="bbox 478 1676 2060 1752; baseline 0.002 -20"><span class='ocrx_word' id='word_1_115' title='bbox 478 1677 524 1732; x_wconf 87' lang='grc' dir='ltr'><strong>Η</strong></span> <span class='ocrx_word' id='word_1_116' title='bbox 548 1676 725 1732; x_wconf 89' lang='lat' dir='ltr'>Miser</span> <span class='ocrx_word' id='word_1_117' title='bbox 745 1677 933 1732; x_wconf 81' lang='lat' dir='ltr'>factus</span> <span class='ocrx_word' id='word_1_118' title='bbox 954 1692 1108 1743; x_wconf 86' lang='lat' dir='ltr'>sum,</span> <span class='ocrx_word' id='word_1_119' title='bbox 1126 1692 1312 1748; x_wconf 88' lang='lat' dir='ltr'>usque</span> <span class='ocrx_word' id='word_1_120' title='bbox 1332 1677 1474 1734; x_wconf 91' lang='lat' dir='ltr'>dum</span> <span class='ocrx_word' id='word_1_121' title='bbox 1497 1678 1827 1735; x_wconf 83' lang='lat' dir='ltr'>confitendo</span> <span class='ocrx_word' id='word_1_122' title='bbox 1850 1697 2060 1752; x_wconf 89' lang='lat' dir='ltr'>purga-</span> 
     </span>
    </p>
   </div>
   <div class='ocr_carea' id='block_1_19' title="bbox 405 1759 2054 1838">
    <p class='ocr_par' dir='ltr' id='par_1_19' title="bbox 405 1759 2054 1838">
     <span class='ocr_line' id='line_1_19' title="bbox 405 1759 2054 1838; baseline 0.002 -17"><span class='ocrx_word' id='word_1_123' title='bbox 405 1781 516 1834; x_wconf 91' lang='lat' dir='ltr'>rer,</span> <span class='ocrx_word' id='word_1_124' title='bbox 539 1767 680 1838; x_wconf 90' lang='lat' dir='ltr'>quia</span> <span class='ocrx_word' id='word_1_125' title='bbox 709 1765 834 1822; x_wconf 83' lang='lat' dir='ltr'>sine</span> <span class='ocrx_word' id='word_1_126' title='bbox 853 1759 1195 1821; x_wconf 81' lang='lat' dir='ltr'>confusione</span> <span class='ocrx_word' id='word_1_127' title='bbox 1215 1769 1281 1824; x_wconf 79' lang='lat' dir='ltr'>et</span> <span class='ocrx_word' id='word_1_128' title='bbox 1302 1765 1581 1823; x_wconf 75' lang='lat' dir='ltr'>mmstitia</span> <span class='ocrx_word' id='word_1_129' title='bbox 1606 1785 1720 1824; x_wconf 91' lang='lat' dir='ltr'>non</span> <span class='ocrx_word' id='word_1_130' title='bbox 1744 1767 2054 1825; x_wconf 87' lang='lat' dir='ltr'>dimittun-</span> 
     </span>
    </p>
   </div>
   <div class='ocr_carea' id='block_1_20' title="bbox 403 1849 2052 1928">
    <p class='ocr_par' dir='ltr' id='par_1_20' title="bbox 403 1849 2052 1928">
     <span class='ocr_line' id='line_1_20' title="bbox 403 1849 2052 1928; baseline 0.002 -19"><span class='ocrx_word' id='word_1_131' title='bbox 403 1857 502 1910; x_wconf 86' lang='lat' dir='ltr'>tur</span> <span class='ocrx_word' id='word_1_132' title='bbox 521 1851 1194 1926; x_wconf 87' lang='lat' dir='ltr'>peccata.Contristatus,</span> <span class='ocrx_word' id='word_1_133' title='bbox 1217 1849 1275 1910; x_wconf 90' lang='lat' dir='ltr'>id</span> <span class='ocrx_word' id='word_1_134' title='bbox 1299 1858 1388 1910; x_wconf 89' lang='lat' dir='ltr'>est</span> <span class='ocrx_word' id='word_1_135' title='bbox 1411 1853 1719 1928; x_wconf 88' lang='lat' dir='ltr'>indignum</span> <span class='ocrx_word' id='word_1_136' title='bbox 1744 1871 1837 1912; x_wconf 89' lang='lat' dir='ltr'>me</span> <span class='ocrx_word' id='word_1_137' title='bbox 1855 1855 2052 1912; x_wconf 78' lang='lat' dir='ltr'>existi-</span> 
     </span>
    </p>
   </div>
   <div class='ocr_carea' id='block_1_21' title="bbox 403 1937 2053 2017">
    <p class='ocr_par' dir='ltr' id='par_1_21' title="bbox 403 1937 2053 2017">
     <span class='ocr_line' id='line_1_21' title="bbox 403 1937 2053 2017; baseline 0.002 -20"><span class='ocrx_word' id='word_1_138' title='bbox 403 1939 697 2010; x_wconf 88' lang='lat' dir='ltr'>mans,vel</span> <span class='ocrx_word' id='word_1_139' title='bbox 719 1941 789 1996; x_wconf 88' lang='lat' dir='ltr'>ad</span> <span class='ocrx_word' id='word_1_140' title='bbox 813 1937 1025 1997; x_wconf 69' lang='lat' dir='ltr'>coelum</span> <span class='ocrx_word' id='word_1_141' title='bbox 1047 1940 1244 1997; x_wconf 89' lang='lat' dir='ltr'>oculos</span> <span class='ocrx_word' id='word_1_142' title='bbox 1266 1940 1476 2007; x_wconf 88' lang='lat' dir='ltr'>levare,</span> <span class='ocrx_word' id='word_1_143' title='bbox 1504 1943 1604 1999; x_wconf 86' lang='lat' dir='ltr'>sed</span> <span class='ocrx_word' id='word_1_144' title='bbox 1629 1949 1833 2017; x_wconf 88' lang='lat' dir='ltr'>pectus</span> <span class='ocrx_word' id='word_1_145' title='bbox 1855 1961 2053 2005; x_wconf 90' lang='lat' dir='ltr'>meum</span> 
     </span>
    </p>
   </div>
   <div class='ocr_carea' id='block_1_22' title="bbox 400 2026 2051 2106">
    <p class='ocr_par' dir='ltr' id='par_1_22' title="bbox 400 2026 2051 2106">
     <span class='ocr_line' id='line_1_22' title="bbox 400 2026 2051 2106; baseline 0.002 -20"><span class='ocrx_word' id='word_1_146' title='bbox 400 2031 752 2104; x_wconf 85' lang='lat' dir='ltr'>percutiens,</span> <span class='ocrx_word' id='word_1_147' title='bbox 774 2029 1032 2099; x_wconf 83' lang='lat' dir='ltr'>aiebam;</span> <span class='ocrx_word' id='word_1_148' title='bbox 1066 2026 1549 2105; x_wconf 85' lang='lat' dir='ltr'>Deus,propitius</span> <span class='ocrx_word' id='word_1_149' title='bbox 1588 2037 1714 2090; x_wconf 88' lang='lat' dir='ltr'>esto</span> <span class='ocrx_word' id='word_1_150' title='bbox 1745 2032 1888 2090; x_wconf 89' lang='lat' dir='ltr'>mihi</span> <span class='ocrx_word' id='word_1_151' title='bbox 1920 2051 2051 2106; x_wconf 92' lang='lat' dir='ltr'>pec-</span> 
     </span>
    </p>
   </div>
   <div class='ocr_carea' id='block_1_23' title="bbox 398 2118 961 2191">
    <p class='ocr_par' dir='ltr' id='par_1_23' title="bbox 398 2118 961 2191">
     <span class='ocr_line' id='line_1_23' title="bbox 398 2118 961 2191; baseline -0.004 -15"><span class='ocrx_word' id='word_1_152' title='bbox 398 2119 579 2176; x_wconf 87' lang='lat' dir='ltr'>catori</span> <span class='ocrx_word' id='word_1_153' title='bbox 600 2121 753 2190; x_wconf 89' lang='lat' dir='ltr'>(Luc.</span> <span class='ocrx_word' id='word_1_154' title='bbox 776 2118 961 2191; x_wconf 86' lang='lat' dir='ltr'>xvm).</span> 
     </span>
    </p>
   </div>
   <div class='ocr_carea' id='block_1_24' title="bbox 431 2205 1979 2280">
    <p class='ocr_par' dir='ltr' id='par_1_24' title="bbox 431 2205 1979 2280">
     <span class='ocr_line' id='line_1_24' title="bbox 431 2205 1979 2280; baseline 0.003 -18"><span class='ocrx_word' id='word_1_155' title='bbox 431 2207 466 2262; x_wconf 88' lang='lat'><strong>7</strong></span> <span class='ocrx_word' id='word_1_156' title='bbox 541 2207 812 2276; x_wconf 84' lang='lat' dir='ltr'>Quoniam</span> <span class='ocrx_word' id='word_1_157' title='bbox 841 2205 1016 2263; x_wconf 89' lang='lat' dir='ltr'>lumbi</span> <span class='ocrx_word' id='word_1_158' title='bbox 1041 2209 1152 2264; x_wconf 77' lang='lat' dir='ltr'>mei</span> <span class='ocrx_word' id='word_1_159' title='bbox 1179 2209 1390 2280; x_wconf 80' lang='lat' dir='ltr'>impleti</span> <span class='ocrx_word' id='word_1_160' title='bbox 1417 2214 1548 2269; x_wconf 83' lang='lat' dir='ltr'>sunt</span> <span class='ocrx_word' id='word_1_161' title='bbox 1577 2211 1930 2269; x_wconf 77' lang='lat' dir='ltr'>illusionibus</span> <span class='ocrx_word' id='word_1_162' title='bbox 1957 2231 1979 2267; x_wconf 80' lang='lat'>.-</span> 
     </span>
    </p>
   </div>
   <div class='ocr_carea' id='block_1_25' title="bbox 537 2279 1535 2340">
    <p class='ocr_par' dir='ltr' id='par_1_25' title="bbox 537 2279 1535 2340">
     <span class='ocr_line' id='line_1_25' title="bbox 537 2279 1535 2340; baseline 0.001 -5"><span class='ocrx_word' id='word_1_163' title='bbox 537 2282 604 2335; x_wconf 84' lang='lat' dir='ltr'>Et</span> <span class='ocrx_word' id='word_1_164' title='bbox 632 2296 743 2336; x_wconf 85' lang='lat' dir='ltr'>non</span> <span class='ocrx_word' id='word_1_165' title='bbox 767 2288 844 2335; x_wconf 88' lang='lat' dir='ltr'>est</span> <span class='ocrx_word' id='word_1_166' title='bbox 873 2281 1083 2335; x_wconf 78' lang='lat' dir='ltr'>sanitas</span> <span class='ocrx_word' id='word_1_167' title='bbox 1115 2279 1171 2334; x_wconf 87' lang='lat' dir='ltr'>in</span> <span class='ocrx_word' id='word_1_168' title='bbox 1203 2279 1368 2337; x_wconf 82' lang='lat' dir='ltr'>carne</span> <span class='ocrx_word' id='word_1_169' title='bbox 1395 2297 1535 2340; x_wconf 82' lang='lat' dir='ltr'>mou.</span> 
     </span>
    </p>
   </div>
   <div class='ocr_carea' id='block_1_26' title="bbox 469 2363 2051 2444">
    <p class='ocr_par' dir='ltr' id='par_1_26' title="bbox 469 2363 2051 2444">
     <span class='ocr_line' id='line_1_26' title="bbox 469 2363 2051 2444; baseline 0.003 -20"><span class='ocrx_word' id='word_1_170' title='bbox 469 2365 515 2424; x_wconf 86' lang='grc' dir='ltr'>Η</span> <span class='ocrx_word' id='word_1_171' title='bbox 548 2365 926 2424; x_wconf 85' lang='lat' dir='ltr'>Illusionibus</span> <span class='ocrx_word' id='word_1_172' title='bbox 946 2363 1062 2424; x_wconf 85' lang='lat' dir='ltr'>illis</span> <span class='ocrx_word' id='word_1_173' title='bbox 1083 2368 1396 2424; x_wconf 79' lang='lat' dir='ltr'>confitetur</span> <span class='ocrx_word' id='word_1_174' title='bbox 1414 2385 1477 2425; x_wconf 89' lang='lat' dir='ltr'>sc</span> <span class='ocrx_word' id='word_1_175' title='bbox 1501 2369 1788 2444; x_wconf 70' lang='lat' dir='ltr'>paenitens</span> <span class='ocrx_word' id='word_1_176' title='bbox 1808 2387 1936 2428; x_wconf 89' lang='lat' dir='ltr'>esse</span> <span class='ocrx_word' id='word_1_177' title='bbox 1967 2388 2051 2428; x_wconf 89' lang='lat' dir='ltr'>re-</span> 
     </span>
    </p>
   </div>
   <div class='ocr_carea' id='block_1_27' title="bbox 397 2453 2048 2532">
    <p class='ocr_par' dir='ltr' id='par_1_27' title="bbox 397 2453 2048 2532">
     <span class='ocr_line' id='line_1_27' title="bbox 397 2453 2048 2532; baseline 0.002 -20"><span class='ocrx_word' id='word_1_178' title='bbox 397 2454 619 2529; x_wconf 88' lang='lat' dir='ltr'>pletum</span> <span class='ocrx_word' id='word_1_179' title='bbox 649 2459 824 2528; x_wconf 83' lang='lat' dir='ltr'>atque</span> <span class='ocrx_word' id='word_1_180' title='bbox 861 2453 1247 2524; x_wconf 79' lang='lat' dir='ltr'>inﬂrmatum,</span> <span class='ocrx_word' id='word_1_181' title='bbox 1273 2457 1490 2532; x_wconf 89' lang='lat' dir='ltr'>quibus</span> <span class='ocrx_word' id='word_1_182' title='bbox 1528 2457 1797 2518; x_wconf 81' lang='lat' dir='ltr'>diabolus</span> <span class='ocrx_word' id='word_1_183' title='bbox 1838 2459 2048 2518; x_wconf 88' lang='lat' dir='ltr'>huma-</span> 
     </span>
    </p>
   </div>
   <div class='ocr_carea' id='block_1_28' title="bbox 398 2541 2044 2621">
    <p class='ocr_par' dir='ltr' id='par_1_28' title="bbox 398 2541 2044 2621">
     <span class='ocr_line' id='line_1_28' title="bbox 398 2541 2044 2621; baseline 0.003 -21"><span class='ocrx_word' id='word_1_184' title='bbox 398 2557 540 2601; x_wconf 88' lang='lat' dir='ltr'>num</span> <span class='ocrx_word' id='word_1_185' title='bbox 571 2557 758 2618; x_wconf 86' lang='lat' dir='ltr'>genus</span> <span class='ocrx_word' id='word_1_186' title='bbox 787 2543 1047 2618; x_wconf 83' lang='lat' dir='ltr'>quotidie</span> <span class='ocrx_word' id='word_1_187' title='bbox 1083 2541 1248 2601; x_wconf 89' lang='lat' dir='ltr'>illicit</span> <span class='ocrx_word' id='word_1_188' title='bbox 1277 2549 1334 2602; x_wconf 89' lang='lat' dir='ltr'>et</span> <span class='ocrx_word' id='word_1_189' title='bbox 1361 2545 1592 2617; x_wconf 81' lang='lat' dir='ltr'>suadet,</span> <span class='ocrx_word' id='word_1_190' title='bbox 1624 2550 1689 2602; x_wconf 90' lang='lat' dir='ltr'>ut</span> <span class='ocrx_word' id='word_1_191' title='bbox 1718 2545 2044 2621; x_wconf 87' lang='lat' dir='ltr'>delinquat.</span> 
     </span>
    </p>
   </div>
   <div class='ocr_carea' id='block_1_29' title="bbox 397 2632 2046 2710">
    <p class='ocr_par' dir='ltr' id='par_1_29' title="bbox 397 2632 2046 2710">
     <span class='ocr_line' id='line_1_29' title="bbox 397 2632 2046 2710; baseline 0.002 -19"><span class='ocrx_word' id='word_1_192' title='bbox 397 2635 504 2691; x_wconf 85' lang='lat' dir='ltr'>Per</span> <span class='ocrx_word' id='word_1_193' title='bbox 539 2633 774 2690; x_wconf 80' lang='lat' dir='ltr'>lumbos</span> <span class='ocrx_word' id='word_1_194' title='bbox 803 2632 1160 2690; x_wconf 81' lang='lat' dir='ltr'>voluntatem</span> <span class='ocrx_word' id='word_1_195' title='bbox 1205 2633 1462 2708; x_wconf 87' lang='lat' dir='ltr'>corporis</span> <span class='ocrx_word' id='word_1_196' title='bbox 1505 2635 1774 2710; x_wconf 83' lang='lat' dir='ltr'>designat</span> <span class='ocrx_word' id='word_1_197' title='bbox 1803 2636 2046 2694; x_wconf 86' lang='lat' dir='ltr'>titillan-</span> 
     </span>
    </p>
   </div>
   <div class='ocr_carea' id='block_1_30' title="bbox 397 2721 1342 2796">
    <p class='ocr_par' dir='ltr' id='par_1_30' title="bbox 397 2721 1342 2796">
     <span class='ocr_line' id='line_1_30' title="bbox 397 2721 1342 2796; baseline 0 -16"><span class='ocrx_word' id='word_1_198' title='bbox 397 2728 535 2794; x_wconf 83' lang='lat' dir='ltr'>tem,</span> <span class='ocrx_word' id='word_1_199' title='bbox 565 2721 627 2779; x_wconf 93' lang='lat' dir='ltr'>id</span> <span class='ocrx_word' id='word_1_200' title='bbox 655 2728 745 2781; x_wconf 89' lang='lat' dir='ltr'>est</span> <span class='ocrx_word' id='word_1_201' title='bbox 769 2722 962 2780; x_wconf 85' lang='lat' dir='ltr'>carnis</span> <span class='ocrx_word' id='word_1_202' title='bbox 994 2721 1342 2796; x_wconf 88' lang='lat' dir='ltr'>appetitum.</span> 
     </span>
    </p>
   </div>
   <div class='ocr_carea' id='block_1_31' title="bbox 425 2810 1761 2885">
    <p class='ocr_par' dir='ltr' id='par_1_31' title="bbox 425 2810 1761 2885">
     <span class='ocr_line' id='line_1_31' title="bbox 425 2810 1761 2885; baseline 0 -15"><span class='ocrx_word' id='word_1_203' title='bbox 425 2813 460 2870; x_wconf 85' lang='lat'><strong>8</strong></span> <span class='ocrx_word' id='word_1_204' title='bbox 531 2810 780 2885; x_wconf 72' lang='lat' dir='ltr'>Afﬂictus</span> <span class='ocrx_word' id='word_1_205' title='bbox 805 2824 929 2868; x_wconf 85' lang='lat' dir='ltr'>sum</span> <span class='ocrx_word' id='word_1_206' title='bbox 955 2817 1008 2868; x_wconf 87' lang='lat' dir='ltr'>et</span> <span class='ocrx_word' id='word_1_207' title='bbox 1038 2811 1365 2885; x_wconf 76' lang='lat' dir='ltr'>humiliatus</span> <span class='ocrx_word' id='word_1_208' title='bbox 1393 2828 1514 2870; x_wconf 87' lang='lat' dir='ltr'>sum</span> <span class='ocrx_word' id='word_1_209' title='bbox 1540 2815 1712 2872; x_wconf 86' lang='lat' dir='ltr'>nimis</span> <span class='ocrx_word' id='word_1_210' title='bbox 1739 2833 1761 2870; x_wconf 82' lang='lat'><em>:</em></span> 
     </span>
    </p>
   </div>
   <div class='ocr_carea' id='block_1_32' title="bbox 534 2883 1488 2956">
    <p class='ocr_par' dir='ltr' id='par_1_32' title="bbox 534 2883 1488 2956">
     <span class='ocr_line' id='line_1_32' title="bbox 534 2883 1488 2956; baseline 0.002 -17"><span class='ocrx_word' id='word_1_211' title='bbox 534 2883 831 2954; x_wconf 75' lang='lat' dir='ltr'>Rugiebam</span> <span class='ocrx_word' id='word_1_212' title='bbox 859 2901 894 2940; x_wconf 90' lang='lat' dir='ltr'>a</span> <span class='ocrx_word' id='word_1_213' title='bbox 921 2885 1125 2956; x_wconf 79' lang='lat' dir='ltr'>gemitu</span> <span class='ocrx_word' id='word_1_214' title='bbox 1151 2883 1333 2941; x_wconf 80' lang='lat' dir='ltr'>cordis</span> <span class='ocrx_word' id='word_1_215' title='bbox 1360 2887 1488 2941; x_wconf 83' lang='lat' dir='ltr'>mei.</span> 
     </span>
    </p>
   </div>
   <div class='ocr_carea' id='block_1_33' title="bbox 459 2971 2040 3048">
    <p class='ocr_par' dir='ltr' id='par_1_33' title="bbox 459 2971 2040 3048">
     <span class='ocr_line' id='line_1_33' title="bbox 459 2971 2040 3048; baseline 0.002 -19"><span class='ocrx_word' id='word_1_216' title='bbox 459 2971 506 3029; x_wconf 86' lang='grc' dir='ltr'>Η</span> <span class='ocrx_word' id='word_1_217' title='bbox 533 2971 798 3029; x_wconf 79' lang='lat' dir='ltr'>At&#39;ﬂictus</span> <span class='ocrx_word' id='word_1_218' title='bbox 833 2987 970 3030; x_wconf 82' lang='lat' dir='ltr'>sum</span> <span class='ocrx_word' id='word_1_219' title='bbox 1012 2976 1070 3028; x_wconf 89' lang='lat' dir='ltr'>et</span> <span class='ocrx_word' id='word_1_220' title='bbox 1117 2971 1464 3032; x_wconf 75' lang='lat' dir='ltr'>humiliatus</span> <span class='ocrx_word' id='word_1_221' title='bbox 1511 2975 1583 3031; x_wconf 83' lang='lat' dir='ltr'>ad</span> <span class='ocrx_word' id='word_1_222' title='bbox 1636 2975 2040 3048; x_wconf 60' lang='lat' dir='ltr'>paenitentiam</span> 
     </span>
    </p>
   </div>
   <div class='ocr_carea' id='block_1_34' title="bbox 389 3061 2036 3136">
    <p class='ocr_par' dir='ltr' id='par_1_34' title="bbox 389 3061 2036 3136">
     <span class='ocr_line' id='line_1_34' title="bbox 389 3061 2036 3136; baseline 0.002 -19"><span class='ocrx_word' id='word_1_223' title='bbox 389 3061 588 3132; x_wconf 88' lang='lat' dir='ltr'>nimis,</span> <span class='ocrx_word' id='word_1_224' title='bbox 623 3061 946 3136; x_wconf 88' lang='lat' dir='ltr'>rugiebam,</span> <span class='ocrx_word' id='word_1_225' title='bbox 979 3066 1181 3136; x_wconf 84' lang='lat' dir='ltr'>petens</span> <span class='ocrx_word' id='word_1_226' title='bbox 1230 3061 1637 3121; x_wconf 83' lang='lat' dir='ltr'>remissionem</span> <span class='ocrx_word' id='word_1_227' title='bbox 1682 3081 1815 3121; x_wconf 88' lang='lat' dir='ltr'>cum</span> <span class='ocrx_word' id='word_1_228' title='bbox 1855 3062 2036 3122; x_wconf 91' lang='lat' dir='ltr'>luctu.</span> 
     </span>
    </p>
   </div>
   <div class='ocr_carea' id='block_1_35' title="bbox 2172 517 3832 592">
    <p class='ocr_par' dir='ltr' id='par_1_35' title="bbox 2172 517 3832 592">
     <span class='ocr_line' id='line_1_35' title="bbox 2172 517 3832 592; baseline -0.001 -17"><span class='ocrx_word' id='word_1_229' title='bbox 2172 521 2276 575; x_wconf 89' lang='lat' dir='ltr'>tat.</span> <span class='ocrx_word' id='word_1_230' title='bbox 2300 519 2341 575; x_wconf 92' lang='lat' dir='ltr'>C</span> <span class='ocrx_word' id='word_1_231' title='bbox 2372 519 2560 575; x_wconf 85' lang='lat' dir='ltr'>Amici</span> <span class='ocrx_word' id='word_1_232' title='bbox 2584 523 2723 576; x_wconf 92' lang='lat' dir='ltr'>sunt</span> <span class='ocrx_word' id='word_1_233' title='bbox 2753 519 3009 576; x_wconf 83' lang='lat' dir='ltr'>extranei</span> <span class='ocrx_word' id='word_1_234' title='bbox 3057 517 3367 592; x_wconf 82' lang='lat' dir='ltr'>sanguine,</span> <span class='ocrx_word' id='word_1_235' title='bbox 3394 517 3497 575; x_wconf 89' lang='lat' dir='ltr'>sed</span> <span class='ocrx_word' id='word_1_236' title='bbox 3545 517 3832 574; x_wconf 88' lang='lat' dir='ltr'>charitate</span> 
     </span>
    </p>
   </div>
   <div class='ocr_carea' id='block_1_36' title="bbox 2172 606 3829 682">
    <p class='ocr_par' dir='ltr' id='par_1_36' title="bbox 2172 606 3829 682">
     <span class='ocr_line' id='line_1_36' title="bbox 2172 606 3829 682; baseline 0.001 -16"><span class='ocrx_word' id='word_1_237' title='bbox 2172 609 2492 682; x_wconf 87' lang='lat' dir='ltr'>conjuncti.</span> <span class='ocrx_word' id='word_1_238' title='bbox 2515 609 2755 666; x_wconf 89' lang='lat' dir='ltr'>Amicus</span> <span class='ocrx_word' id='word_1_239' title='bbox 2783 609 2942 666; x_wconf 90' lang='lat' dir='ltr'>enim</span> <span class='ocrx_word' id='word_1_240' title='bbox 2983 607 3177 668; x_wconf 88' lang='lat' dir='ltr'>dictus</span> <span class='ocrx_word' id='word_1_241' title='bbox 3223 606 3394 681; x_wconf 89' lang='lat' dir='ltr'>quasi</span> <span class='ocrx_word' id='word_1_242' title='bbox 3412 609 3595 664; x_wconf 83' lang='lat' dir='ltr'>animi</span> <span class='ocrx_word' id='word_1_243' title='bbox 3613 622 3829 680; x_wconf 53' lang='lat' dir='ltr'>(aequus,</span> 
     </span>
    </p>
   </div>
   <div class='ocr_carea' id='block_1_37' title="bbox 2173 695 3830 769">
    <p class='ocr_par' dir='ltr' id='par_1_37' title="bbox 2173 695 3830 769">
     <span class='ocr_line' id='line_1_37' title="bbox 2173 695 3830 769; baseline 0.001 -16"><span class='ocrx_word' id='word_1_244' title='bbox 2173 698 2230 754; x_wconf 92' lang='lat' dir='ltr'>id</span> <span class='ocrx_word' id='word_1_245' title='bbox 2263 701 2352 755; x_wconf 90' lang='lat' dir='ltr'>est</span> <span class='ocrx_word' id='word_1_246' title='bbox 2381 697 2618 754; x_wconf 87' lang='lat' dir='ltr'>similis.</span> <span class='ocrx_word' id='word_1_247' title='bbox 2639 697 2892 755; x_wconf 81' lang='lat' dir='ltr'>Proximi</span> <span class='ocrx_word' id='word_1_248' title='bbox 2923 702 3061 754; x_wconf 88' lang='lat' dir='ltr'>sunt</span> <span class='ocrx_word' id='word_1_249' title='bbox 3081 701 3276 754; x_wconf 79' lang='lat' dir='ltr'>autem</span> <span class='ocrx_word' id='word_1_250' title='bbox 3301 695 3400 769; x_wconf 91' lang='lat' dir='ltr'>qui</span> <span class='ocrx_word' id='word_1_251' title='bbox 3425 695 3594 754; x_wconf 80' lang='lat' dir='ltr'>nobis</span> <span class='ocrx_word' id='word_1_252' title='bbox 3623 713 3830 768; x_wconf 81' lang='lat' dir='ltr'>paren-</span> 
     </span>
    </p>
   </div>
   <div class='ocr_carea' id='block_1_38' title="bbox 2171 785 3831 858">
    <p class='ocr_par' dir='ltr' id='par_1_38' title="bbox 2171 785 3831 858">
     <span class='ocr_line' id='line_1_38' title="bbox 2171 785 3831 858; baseline 0 -16"><span class='ocrx_word' id='word_1_253' title='bbox 2171 785 2287 844; x_wconf 91' lang='lat' dir='ltr'>tela</span> <span class='ocrx_word' id='word_1_254' title='bbox 2316 787 2634 845; x_wconf 85' lang='lat' dir='ltr'>sociantur.</span> <span class='ocrx_word' id='word_1_255' title='bbox 2663 788 2702 844; x_wconf 82' lang='lat' dir='ltr'>ll</span> <span class='ocrx_word' id='word_1_256' title='bbox 2727 786 2922 844; x_wconf 82' lang='lat' dir='ltr'>Potest</span> <span class='ocrx_word' id='word_1_257' title='bbox 2952 786 3178 844; x_wconf 87' lang='lat' dir='ltr'>amicus</span> <span class='ocrx_word' id='word_1_258' title='bbox 3211 789 3269 842; x_wconf 89' lang='lat' dir='ltr'>et</span> <span class='ocrx_word' id='word_1_259' title='bbox 3297 785 3601 858; x_wconf 86' lang='lat' dir='ltr'>proximus</span> <span class='ocrx_word' id='word_1_260' title='bbox 3636 785 3709 843; x_wconf 90' lang='lat' dir='ltr'>de</span> <span class='ocrx_word' id='word_1_261' title='bbox 3737 785 3831 842; x_wconf 84' lang='lat' dir='ltr'>di-</span> 
     </span>
    </p>
   </div>
   <div class='ocr_carea' id='block_1_39' title="bbox 2171 873 3833 950">
    <p class='ocr_par' dir='ltr' id='par_1_39' title="bbox 2171 873 3833 950">
     <span class='ocr_line' id='line_1_39' title="bbox 2171 873 3833 950; baseline -0.002 -17"><span class='ocrx_word' id='word_1_262' title='bbox 2171 875 2414 950; x_wconf 84' lang='lat' dir='ltr'>scipulis</span> <span class='ocrx_word' id='word_1_263' title='bbox 2435 875 2642 950; x_wconf 82' lang='lat' dir='ltr'>accipi,</span> <span class='ocrx_word' id='word_1_264' title='bbox 2661 877 2761 950; x_wconf 91' lang='lat' dir='ltr'>qui</span> <span class='ocrx_word' id='word_1_265' title='bbox 2783 876 2843 931; x_wconf 92' lang='lat' dir='ltr'>in</span> <span class='ocrx_word' id='word_1_266' title='bbox 2865 875 3138 950; x_wconf 86' lang='lat' dir='ltr'>passione</span> <span class='ocrx_word' id='word_1_267' title='bbox 3160 873 3374 932; x_wconf 88' lang='lat' dir='ltr'>Christi</span> <span class='ocrx_word' id='word_1_268' title='bbox 3394 873 3606 942; x_wconf 87' lang='lat' dir='ltr'>territi,</span> <span class='ocrx_word' id='word_1_269' title='bbox 3625 873 3685 930; x_wconf 91' lang='lat' dir='ltr'>in</span> <span class='ocrx_word' id='word_1_270' title='bbox 3707 879 3833 932; x_wconf 87' lang='lat' dir='ltr'>tan-</span> 
     </span>
    </p>
   </div>
   <div class='ocr_carea' id='block_1_40' title="bbox 2172 962 3828 1038">
    <p class='ocr_par' dir='ltr' id='par_1_40' title="bbox 2172 962 3828 1038">
     <span class='ocr_line' id='line_1_40' title="bbox 2172 962 3828 1038; baseline 0 -18"><span class='ocrx_word' id='word_1_271' title='bbox 2172 969 2300 1022; x_wconf 88' lang='lat' dir='ltr'>tum</span> <span class='ocrx_word' id='word_1_272' title='bbox 2329 983 2366 1024; x_wconf 84' lang='lat' dir='ltr'>a</span> <span class='ocrx_word' id='word_1_273' title='bbox 2393 966 2640 1023; x_wconf 90' lang='lat' dir='ltr'>Domino</span> <span class='ocrx_word' id='word_1_274' title='bbox 2670 968 3055 1034; x_wconf 90' lang='lat' dir='ltr'>recesserunt,</span> <span class='ocrx_word' id='word_1_275' title='bbox 3081 968 3145 1020; x_wconf 92' lang='lat' dir='ltr'>ut</span> <span class='ocrx_word' id='word_1_276' title='bbox 3174 963 3299 1036; x_wconf 88' lang='lat' dir='ltr'>ipse</span> <span class='ocrx_word' id='word_1_277' title='bbox 3329 962 3536 1022; x_wconf 86' lang='lat' dir='ltr'>Petrus</span> <span class='ocrx_word' id='word_1_278' title='bbox 3565 971 3828 1038; x_wconf 83' lang='lat' dir='ltr'>negaret.</span> 
     </span>
    </p>
   </div>
   <div class='ocr_carea' id='block_1_41' title="bbox 2170 1050 3828 1128">
    <p class='ocr_par' dir='ltr' id='par_1_41' title="bbox 2170 1050 3828 1128">
     <span class='ocr_line' id='line_1_41' title="bbox 2170 1050 3828 1128; baseline -0.002 -18"><span class='ocrx_word' id='word_1_279' title='bbox 2170 1054 2477 1128; x_wconf 84' lang='lat' dir='ltr'>Exponant</span> <span class='ocrx_word' id='word_1_280' title='bbox 2505 1054 2603 1111; x_wconf 82' lang='lat' dir='ltr'>alii</span> <span class='ocrx_word' id='word_1_281' title='bbox 2648 1055 2922 1127; x_wconf 81' lang='lat' dir='ltr'>deinceps</span> <span class='ocrx_word' id='word_1_282' title='bbox 2971 1054 3042 1113; x_wconf 87' lang='lat' dir='ltr'>de</span> <span class='ocrx_word' id='word_1_283' title='bbox 3088 1051 3423 1126; x_wconf 80' lang='lat' dir='ltr'>pcenitente,</span> <span class='ocrx_word' id='word_1_284' title='bbox 3447 1068 3552 1126; x_wconf 89' lang='lat' dir='ltr'>ego</span> <span class='ocrx_word' id='word_1_285' title='bbox 3603 1051 3676 1106; x_wconf 89' lang='lat' dir='ltr'>ab</span> <span class='ocrx_word' id='word_1_286' title='bbox 3724 1050 3828 1108; x_wconf 89' lang='lat' dir='ltr'>illo</span> 
     </span>
    </p>
   </div>
   <div class='ocr_carea' id='block_1_42' title="bbox 2169 1139 3826 1217">
    <p class='ocr_par' dir='ltr' id='par_1_42' title="bbox 2169 1139 3826 1217">
     <span class='ocr_line' id='line_1_42' title="bbox 2169 1139 3826 1217; baseline -0.003 -17"><span class='ocrx_word' id='word_1_287' title='bbox 2169 1159 2347 1217; x_wconf 88' lang='lat' dir='ltr'>passu</span> <span class='ocrx_word' id='word_1_288' title='bbox 2375 1159 2562 1217; x_wconf 89' lang='lat' dir='ltr'>usque</span> <span class='ocrx_word' id='word_1_289' title='bbox 2591 1144 2666 1200; x_wconf 90' lang='lat' dir='ltr'>ad</span> <span class='ocrx_word' id='word_1_290' title='bbox 2706 1143 2881 1200; x_wconf 78' lang='lat' dir='ltr'>tinem</span> <span class='ocrx_word' id='word_1_291' title='bbox 2907 1160 2920 1200; x_wconf 90' lang='lat'>:</span> <span class='ocrx_word' id='word_1_292' title='bbox 2946 1142 3112 1200; x_wconf 87' lang='lat' dir='ltr'>video</span> <span class='ocrx_word' id='word_1_293' title='bbox 3159 1139 3469 1200; x_wconf 85' lang='lat' dir='ltr'>Dominum</span> <span class='ocrx_word' id='word_1_294' title='bbox 3503 1157 3700 1196; x_wconf 89' lang='lat' dir='ltr'>meum</span> <span class='ocrx_word' id='word_1_295' title='bbox 3730 1140 3826 1196; x_wconf 87' lang='lat' dir='ltr'>Je-</span> 
     </span>
    </p>
   </div>
   <div class='ocr_carea' id='block_1_43' title="bbox 2170 1230 3015 1290">
    <p class='ocr_par' dir='ltr' id='par_1_43' title="bbox 2170 1230 3015 1290">
     <span class='ocr_line' id='line_1_43' title="bbox 2170 1230 3015 1290; baseline -0.004 -1"><span class='ocrx_word' id='word_1_296' title='bbox 2170 1249 2303 1289; x_wconf 92' lang='lat' dir='ltr'>sum</span> <span class='ocrx_word' id='word_1_297' title='bbox 2335 1249 2370 1288; x_wconf 91' lang='lat' dir='ltr'>a</span> <span class='ocrx_word' id='word_1_298' title='bbox 2395 1231 2614 1290; x_wconf 67' lang='lat' dir='ltr'>Judaeis</span> <span class='ocrx_word' id='word_1_299' title='bbox 2643 1230 3015 1290; x_wconf 86' lang='lat' dir='ltr'>circumdari.</span> 
     </span>
    </p>
   </div>
   <div class='ocr_carea' id='block_1_44' title="bbox 2171 1321 3584 1395">
    <p class='ocr_par' dir='ltr' id='par_1_44' title="bbox 2171 1321 3584 1395">
     <span class='ocr_line' id='line_1_44' title="bbox 2171 1321 3584 1395; baseline 0 -19"><span class='ocrx_word' id='word_1_300' title='bbox 2171 1322 2238 1376; x_wconf 81' lang='grc'>12</span> <span class='ocrx_word' id='word_1_301' title='bbox 2309 1326 2378 1380; x_wconf 84' lang='lat' dir='ltr'>Et</span> <span class='ocrx_word' id='word_1_302' title='bbox 2405 1325 2504 1394; x_wconf 89' lang='lat' dir='ltr'>qui</span> <span class='ocrx_word' id='word_1_303' title='bbox 2521 1323 2690 1395; x_wconf 76' lang='lat' dir='ltr'>juxta</span> <span class='ocrx_word' id='word_1_304' title='bbox 2717 1339 2804 1378; x_wconf 82' lang='lat' dir='ltr'>me</span> <span class='ocrx_word' id='word_1_305' title='bbox 2828 1327 2988 1378; x_wconf 87' lang='lat' dir='ltr'>erant</span> <span class='ocrx_word' id='word_1_306' title='bbox 3015 1337 3050 1376; x_wconf 89' lang='lat' dir='ltr'>a</span> <span class='ocrx_word' id='word_1_307' title='bbox 3079 1321 3238 1390; x_wconf 78' lang='lat' dir='ltr'>longe</span> <span class='ocrx_word' id='word_1_308' title='bbox 3263 1323 3532 1376; x_wconf 77' lang='lat' dir='ltr'>steterunt</span> <span class='ocrx_word' id='word_1_309' title='bbox 3564 1337 3584 1376; x_wconf 90' lang='lat'><strong><em>:</em></strong></span> 
     </span>
    </p>
   </div>
   <div class='ocr_carea' id='block_1_45' title="bbox 2309 1410 3772 1484">
    <p class='ocr_par' dir='ltr' id='par_1_45' title="bbox 2309 1410 3772 1484">
     <span class='ocr_line' id='line_1_45' title="bbox 2309 1410 3772 1484; baseline -0.001 -18"><span class='ocrx_word' id='word_1_310' title='bbox 2309 1412 2374 1468; x_wconf 85' lang='lat' dir='ltr'>Et</span> <span class='ocrx_word' id='word_1_311' title='bbox 2401 1413 2510 1468; x_wconf 86' lang='lat' dir='ltr'>vim</span> <span class='ocrx_word' id='word_1_312' title='bbox 2535 1411 2811 1484; x_wconf 80' lang='lat' dir='ltr'>faciebant</span> <span class='ocrx_word' id='word_1_313' title='bbox 2834 1411 2932 1484; x_wconf 85' lang='lat' dir='ltr'>qui</span> <span class='ocrx_word' id='word_1_314' title='bbox 2957 1411 3278 1483; x_wconf 70' lang='lat' dir='ltr'>quaerebant</span> <span class='ocrx_word' id='word_1_315' title='bbox 3295 1410 3544 1466; x_wconf 81' lang='lat' dir='ltr'>animam</span> <span class='ocrx_word' id='word_1_316' title='bbox 3569 1425 3772 1464; x_wconf 82' lang='lat' dir='ltr'>meam.</span> 
     </span>
    </p>
   </div>
   <div class='ocr_carea' id='block_1_46' title="bbox 2239 1497 3826 1572">
    <p class='ocr_par' dir='ltr' id='par_1_46' title="bbox 2239 1497 3826 1572">
     <span class='ocr_line' id='line_1_46' title="bbox 2239 1497 3826 1572; baseline 0 -16"><span class='ocrx_word' id='word_1_317' title='bbox 2239 1500 2284 1556; x_wconf 87' lang='grc' dir='ltr'><em>Η</em></span> <span class='ocrx_word' id='word_1_318' title='bbox 2316 1498 2613 1558; x_wconf 87' lang='lat' dir='ltr'>Steterunt</span> <span class='ocrx_word' id='word_1_319' title='bbox 2643 1501 2714 1557; x_wconf 92' lang='lat' dir='ltr'>de</span> <span class='ocrx_word' id='word_1_320' title='bbox 2746 1499 2918 1572; x_wconf 88' lang='lat' dir='ltr'>longe</span> <span class='ocrx_word' id='word_1_321' title='bbox 2943 1498 3216 1572; x_wconf 81' lang='lat' dir='ltr'>discipuli</span> <span class='ocrx_word' id='word_1_322' title='bbox 3247 1497 3488 1565; x_wconf 85' lang='lat' dir='ltr'>Christi,</span> <span class='ocrx_word' id='word_1_323' title='bbox 3511 1497 3582 1554; x_wconf 89' lang='lat' dir='ltr'>de</span> <span class='ocrx_word' id='word_1_324' title='bbox 3604 1497 3826 1570; x_wconf 81' lang='lat' dir='ltr'>quibus</span> 
     </span>
    </p>
   </div>
   <div class='ocr_carea' id='block_1_47' title="bbox 2167 1586 3826 1662">
    <p class='ocr_par' dir='ltr' id='par_1_47' title="bbox 2167 1586 3826 1662">
     <span class='ocr_line' id='line_1_47' title="bbox 2167 1586 3826 1662; baseline 0.001 -18"><span class='ocrx_word' id='word_1_325' title='bbox 2167 1587 2520 1662; x_wconf 83' lang='lat' dir='ltr'>evangelista</span> <span class='ocrx_word' id='word_1_326' title='bbox 2544 1588 2658 1644; x_wconf 88' lang='lat' dir='ltr'>ait:</span> <span class='ocrx_word' id='word_1_327' title='bbox 2683 1587 2928 1644; x_wconf 84' lang='lat' dir='ltr'>Stabant</span> <span class='ocrx_word' id='word_1_328' title='bbox 2945 1587 3062 1643; x_wconf 90' lang='lat' dir='ltr'>noti</span> <span class='ocrx_word' id='word_1_329' title='bbox 3089 1589 3216 1660; x_wconf 83' lang='lat' dir='ltr'>ejus</span> <span class='ocrx_word' id='word_1_330' title='bbox 3239 1604 3270 1643; x_wconf 86' lang='lat' dir='ltr'>a</span> <span class='ocrx_word' id='word_1_331' title='bbox 3288 1586 3463 1660; x_wconf 85' lang='lat' dir='ltr'>longe</span> <span class='ocrx_word' id='word_1_332' title='bbox 3478 1586 3826 1660; x_wconf 59' lang='lat' dir='ltr'>(Lucum).</span> 
     </span>
    </p>
   </div>
   <div class='ocr_carea' id='block_1_48' title="bbox 2166 1674 3822 1750">
    <p class='ocr_par' dir='ltr' id='par_1_48' title="bbox 2166 1674 3822 1750">
     <span class='ocr_line' id='line_1_48' title="bbox 2166 1674 3822 1750; baseline -0.001 -16"><span class='ocrx_word' id='word_1_333' title='bbox 2166 1678 2278 1734; x_wconf 91' lang='lat' dir='ltr'>Sed</span> <span class='ocrx_word' id='word_1_334' title='bbox 2300 1677 2415 1734; x_wconf 90' lang='lat' dir='ltr'>vim</span> <span class='ocrx_word' id='word_1_335' title='bbox 2439 1675 2730 1734; x_wconf 81' lang='lat' dir='ltr'>faciebant</span> <span class='ocrx_word' id='word_1_336' title='bbox 2757 1676 2965 1733; x_wconf 68' lang='lat' dir='ltr'>Judaei.</span> <span class='ocrx_word' id='word_1_337' title='bbox 2991 1675 3032 1731; x_wconf 91' lang='lat' dir='ltr'>C</span> <span class='ocrx_word' id='word_1_338' title='bbox 3049 1675 3149 1732; x_wconf 90' lang='lat' dir='ltr'>Vel</span> <span class='ocrx_word' id='word_1_339' title='bbox 3175 1674 3443 1750; x_wconf 84' lang='lat' dir='ltr'>diabolus</span> <span class='ocrx_word' id='word_1_340' title='bbox 3473 1692 3610 1733; x_wconf 88' lang='lat' dir='ltr'>cum</span> <span class='ocrx_word' id='word_1_341' title='bbox 3643 1675 3822 1733; x_wconf 83' lang='lat' dir='ltr'>mini-</span> 
     </span>
    </p>
   </div>
   <div class='ocr_carea' id='block_1_49' title="bbox 2165 1763 3824 1839">
    <p class='ocr_par' dir='ltr' id='par_1_49' title="bbox 2165 1763 3824 1839">
     <span class='ocr_line' id='line_1_49' title="bbox 2165 1763 3824 1839; baseline 0.001 -18"><span class='ocrx_word' id='word_1_342' title='bbox 2165 1766 2443 1839; x_wconf 89' lang='lat' dir='ltr'>stris,qui</span> <span class='ocrx_word' id='word_1_343' title='bbox 2475 1771 2695 1839; x_wconf 89' lang='lat' dir='ltr'>quanto</span> <span class='ocrx_word' id='word_1_344' title='bbox 2721 1779 2857 1822; x_wconf 90' lang='lat' dir='ltr'>eum</span> <span class='ocrx_word' id='word_1_345' title='bbox 2881 1763 3156 1821; x_wconf 86' lang='lat' dir='ltr'>videbant</span> <span class='ocrx_word' id='word_1_346' title='bbox 3184 1765 3245 1820; x_wconf 91' lang='lat' dir='ltr'>in</span> <span class='ocrx_word' id='word_1_347' title='bbox 3275 1763 3377 1820; x_wconf 89' lang='lat' dir='ltr'>Dei</span> <span class='ocrx_word' id='word_1_348' title='bbox 3408 1779 3606 1822; x_wconf 85' lang='lat' dir='ltr'>amore</span> <span class='ocrx_word' id='word_1_349' title='bbox 3635 1765 3824 1838; x_wconf 58' lang='lat' dir='ltr'>perﬁ-</span> 
     </span>
    </p>
   </div>
   <div class='ocr_carea' id='block_1_50' title="bbox 2163 1853 3824 1912">
    <p class='ocr_par' dir='ltr' id='par_1_50' title="bbox 2163 1853 3824 1912">
     <span class='ocr_line' id='line_1_50' title="bbox 2163 1853 3824 1912; baseline 0.001 -1"><span class='ocrx_word' id='word_1_350' title='bbox 2163 1859 2314 1911; x_wconf 86' lang='lat' dir='ltr'>stere</span> <span class='ocrx_word' id='word_1_351' title='bbox 2346 1872 2359 1911; x_wconf 91' lang='lat'><strong>:</strong></span> <span class='ocrx_word' id='word_1_352' title='bbox 2388 1858 2549 1911; x_wconf 88' lang='lat' dir='ltr'>tanto</span> <span class='ocrx_word' id='word_1_353' title='bbox 2581 1854 2634 1910; x_wconf 91' lang='lat' dir='ltr'>ei</span> <span class='ocrx_word' id='word_1_354' title='bbox 2667 1859 2916 1912; x_wconf 90' lang='lat' dir='ltr'>mortem</span> <span class='ocrx_word' id='word_1_355' title='bbox 2948 1853 3156 1912; x_wconf 69' lang='lat' dir='ltr'>animae</span> <span class='ocrx_word' id='word_1_356' title='bbox 3200 1853 3540 1911; x_wconf 87' lang='lat' dir='ltr'>nitebantur</span> <span class='ocrx_word' id='word_1_357' title='bbox 3581 1853 3824 1912; x_wconf 73' lang='lat' dir='ltr'>inferre.</span> 
     </span>
    </p>
   </div>
   <div class='ocr_carea' id='block_1_51' title="bbox 2163 1943 3816 2018">
    <p class='ocr_par' dir='ltr' id='par_1_51' title="bbox 2163 1943 3816 2018">
     <span class='ocr_line' id='line_1_51' title="bbox 2163 1943 3816 2018; baseline 0.001 -20"><span class='ocrx_word' id='word_1_358' title='bbox 2163 1943 2231 1999; x_wconf 91' lang='grc'>13</span> <span class='ocrx_word' id='word_1_359' title='bbox 2303 1947 2371 2001; x_wconf 85' lang='grc' dir='ltr'><strong><em>Ει</em></strong></span> <span class='ocrx_word' id='word_1_360' title='bbox 2397 1945 2492 2018; x_wconf 83' lang='lat' dir='ltr'>qui</span> <span class='ocrx_word' id='word_1_361' title='bbox 2520 1945 2875 2018; x_wconf 81' lang='lat' dir='ltr'>inquirebant</span> <span class='ocrx_word' id='word_1_362' title='bbox 2919 1943 3073 2000; x_wconf 88' lang='lat' dir='ltr'>mala</span> <span class='ocrx_word' id='word_1_363' title='bbox 3101 1943 3243 2000; x_wconf 82' lang='lat' dir='ltr'>mihi</span> <span class='ocrx_word' id='word_1_364' title='bbox 3285 1943 3454 2000; x_wconf 88' lang='lat' dir='ltr'>locuti</span> <span class='ocrx_word' id='word_1_365' title='bbox 3498 1947 3628 1999; x_wconf 85' lang='lat' dir='ltr'>sunt</span> <span class='ocrx_word' id='word_1_366' title='bbox 3655 1943 3816 1999; x_wconf 87' lang='lat' dir='ltr'>vani-</span> 
     </span>
    </p>
   </div>
   <div class='ocr_carea' id='block_1_52' title="bbox 2375 2041 2558 2090">
    <p class='ocr_par' dir='ltr' id='par_1_52' title="bbox 2375 2041 2558 2090">
     <span class='ocr_line' id='line_1_52' title="bbox 2375 2041 2558 2090; baseline -0.011 0"><span class='ocrx_word' id='word_1_367' title='bbox 2375 2041 2558 2090; x_wconf 78' lang='lat' dir='ltr'>tates:</span> 
     </span>
    </p>
   </div>
   <div class='ocr_carea' id='block_1_53' title="bbox 2299 2121 3248 2180">
    <p class='ocr_par' dir='ltr' id='par_1_53' title="bbox 2299 2121 3248 2180">
     <span class='ocr_line' id='line_1_53' title="bbox 2299 2121 3248 2180; baseline 0.002 -2"><span class='ocrx_word' id='word_1_368' title='bbox 2299 2122 2368 2178; x_wconf 84' lang='lat' dir='ltr'>Et</span> <span class='ocrx_word' id='word_1_369' title='bbox 2395 2121 2543 2178; x_wconf 85' lang='lat' dir='ltr'>dolos</span> <span class='ocrx_word' id='word_1_370' title='bbox 2571 2126 2685 2180; x_wconf 86' lang='lat' dir='ltr'>tota</span> <span class='ocrx_word' id='word_1_371' title='bbox 2711 2122 2801 2178; x_wconf 90' lang='lat' dir='ltr'>die</span> <span class='ocrx_word' id='word_1_372' title='bbox 2826 2121 3248 2180; x_wconf 80' lang='lat' dir='ltr'>meditabantur.</span> 
     </span>
    </p>
   </div>
   <div class='ocr_carea' id='block_1_54' title="bbox 2229 2207 3810 2284">
    <p class='ocr_par' dir='ltr' id='par_1_54' title="bbox 2229 2207 3810 2284">
     <span class='ocr_line' id='line_1_54' title="bbox 2229 2207 3810 2284; baseline -0.001 -17"><span class='ocrx_word' id='word_1_373' title='bbox 2229 2209 2522 2268; x_wconf 88' lang='lat' dir='ltr'>H.Multos</span> <span class='ocrx_word' id='word_1_374' title='bbox 2551 2210 2790 2284; x_wconf 90' lang='lat' dir='ltr'>quidem</span> <span class='ocrx_word' id='word_1_375' title='bbox 2805 2209 2968 2268; x_wconf 90' lang='lat' dir='ltr'>dolos</span> <span class='ocrx_word' id='word_1_376' title='bbox 2983 2207 3243 2270; x_wconf 72' lang='lat' dir='ltr'>meditati</span> <span class='ocrx_word' id='word_1_377' title='bbox 3271 2215 3432 2278; x_wconf 89' lang='lat' dir='ltr'>sunt,</span> <span class='ocrx_word' id='word_1_378' title='bbox 3465 2226 3598 2266; x_wconf 81' lang='lat' dir='ltr'>cum</span> <span class='ocrx_word' id='word_1_379' title='bbox 3631 2209 3810 2267; x_wconf 82' lang='lat' dir='ltr'>inter-</span> 
     </span>
    </p>
   </div>
   <div class='ocr_carea' id='block_1_55' title="bbox 2158 2297 3816 2372">
    <p class='ocr_par' dir='ltr' id='par_1_55' title="bbox 2158 2297 3816 2372">
     <span class='ocr_line' id='line_1_55' title="bbox 2158 2297 3816 2372; baseline 0 -18"><span class='ocrx_word' id='word_1_380' title='bbox 2158 2304 2434 2372; x_wconf 84' lang='lat' dir='ltr'>rogarent</span> <span class='ocrx_word' id='word_1_381' title='bbox 2471 2299 2521 2355; x_wconf 88' lang='lat' dir='ltr'>si</span> <span class='ocrx_word' id='word_1_382' title='bbox 2560 2299 2926 2372; x_wconf 88' lang='lat' dir='ltr'>deprehensa</span> <span class='ocrx_word' id='word_1_383' title='bbox 2971 2297 3184 2355; x_wconf 90' lang='lat' dir='ltr'>mulier</span> <span class='ocrx_word' id='word_1_384' title='bbox 3235 2297 3483 2372; x_wconf 78' lang='lat' dir='ltr'>lapidari</span> <span class='ocrx_word' id='word_1_385' title='bbox 3513 2297 3816 2356; x_wconf 85' lang='lat' dir='ltr'>debuisset</span> 
     </span>
    </p>
   </div>
   <div class='ocr_carea' id='block_1_56' title="bbox 2156 2385 3810 2464">
    <p class='ocr_par' dir='ltr' id='par_1_56' title="bbox 2156 2385 3810 2464">
     <span class='ocr_line' id='line_1_56' title="bbox 2156 2385 3810 2464; baseline -0.002 -19"><span class='ocrx_word' id='word_1_386' title='bbox 2156 2389 2492 2458; x_wconf 71' lang='lat' dir='ltr'>(Joanmn),</span> <span class='ocrx_word' id='word_1_387' title='bbox 2515 2390 2572 2445; x_wconf 86' lang='lat' dir='ltr'>et</span> <span class='ocrx_word' id='word_1_388' title='bbox 2603 2387 2651 2445; x_wconf 89' lang='lat' dir='ltr'>si</span> <span class='ocrx_word' id='word_1_389' title='bbox 2682 2387 2882 2444; x_wconf 89' lang='lat' dir='ltr'>liceret</span> <span class='ocrx_word' id='word_1_390' title='bbox 2911 2387 3050 2444; x_wconf 86' lang='lat' dir='ltr'>dare</span> <span class='ocrx_word' id='word_1_391' title='bbox 3088 2403 3328 2444; x_wconf 87' lang='lat' dir='ltr'>censum</span> <span class='ocrx_word' id='word_1_392' title='bbox 3361 2385 3577 2443; x_wconf 65' lang='lat' dir='ltr'>Caesari</span> <span class='ocrx_word' id='word_1_393' title='bbox 3604 2387 3810 2464; x_wconf 61' lang='lat' dir='ltr'>(Matth.</span> 
     </span>
    </p>
   </div>
   <div class='ocr_carea' id='block_1_57' title="bbox 2155 2471 3812 2549">
    <p class='ocr_par' dir='ltr' id='par_1_57' title="bbox 2155 2471 3812 2549">
     <span class='ocr_line' id='line_1_57' title="bbox 2155 2471 3812 2549; baseline 0 -17"><span class='ocrx_word' id='word_1_394' title='bbox 2155 2475 2314 2549; x_wconf 66' lang='grc' dir='ltr'>χχιι),</span> <span class='ocrx_word' id='word_1_395' title='bbox 2349 2479 2408 2533; x_wconf 88' lang='lat' dir='ltr'>et</span> <span class='ocrx_word' id='word_1_396' title='bbox 2435 2475 2655 2534; x_wconf 87' lang='lat' dir='ltr'>similia</span> <span class='ocrx_word' id='word_1_397' title='bbox 2695 2475 2970 2545; x_wconf 83' lang='lat' dir='ltr'>facerent,</span> <span class='ocrx_word' id='word_1_398' title='bbox 3021 2477 3124 2533; x_wconf 91' lang='lat' dir='ltr'>sed</span> <span class='ocrx_word' id='word_1_399' title='bbox 3172 2481 3315 2532; x_wconf 85' lang='lat' dir='ltr'>tunc</span> <span class='ocrx_word' id='word_1_400' title='bbox 3361 2479 3557 2548; x_wconf 88' lang='lat' dir='ltr'>aperte</span> <span class='ocrx_word' id='word_1_401' title='bbox 3607 2471 3812 2533; x_wconf 88' lang='lat' dir='ltr'>dolum</span> 
     </span>
    </p>
   </div>
   <div class='ocr_carea' id='block_1_58' title="bbox 2155 2561 3812 2630">
    <p class='ocr_par' dir='ltr' id='par_1_58' title="bbox 2155 2561 3812 2630">
     <span class='ocr_line' id='line_1_58' title="bbox 2155 2561 3812 2630; baseline 0 -11"><span class='ocrx_word' id='word_1_402' title='bbox 2155 2563 2433 2630; x_wconf 87' lang='lat' dir='ltr'>inierunt,</span> <span class='ocrx_word' id='word_1_403' title='bbox 2465 2582 2601 2620; x_wconf 90' lang='lat' dir='ltr'>cum</span> <span class='ocrx_word' id='word_1_404' title='bbox 2632 2563 2812 2620; x_wconf 83' lang='lat' dir='ltr'>falsos</span> <span class='ocrx_word' id='word_1_405' title='bbox 2857 2568 3038 2620; x_wconf 86' lang='lat' dir='ltr'>testes</span> <span class='ocrx_word' id='word_1_406' title='bbox 3081 2563 3402 2620; x_wconf 89' lang='lat' dir='ltr'>adducunt.</span> <span class='ocrx_word' id='word_1_407' title='bbox 3435 2561 3638 2620; x_wconf 89' lang='lat' dir='ltr'>Locuti</span> <span class='ocrx_word' id='word_1_408' title='bbox 3667 2567 3812 2619; x_wconf 90' lang='lat' dir='ltr'>sunt</span> 
     </span>
    </p>
   </div>
   <div class='ocr_carea' id='block_1_59' title="bbox 2153 2650 3613 2725">
    <p class='ocr_par' dir='ltr' id='par_1_59' title="bbox 2153 2650 3613 2725">
     <span class='ocr_line' id='line_1_59' title="bbox 2153 2650 3613 2725; baseline -0.001 -15"><span class='ocrx_word' id='word_1_409' title='bbox 2153 2669 2302 2710; x_wconf 87' lang='lat' dir='ltr'>vana</span> <span class='ocrx_word' id='word_1_410' title='bbox 2335 2669 2348 2708; x_wconf 91' lang='lat'><strong>:</strong></span> <span class='ocrx_word' id='word_1_411' title='bbox 2383 2653 2446 2710; x_wconf 92' lang='lat' dir='ltr'>In</span> <span class='ocrx_word' id='word_1_412' title='bbox 2477 2651 2796 2716; x_wconf 88' lang='lat' dir='ltr'>Beelzebub</span> <span class='ocrx_word' id='word_1_413' title='bbox 2827 2653 2988 2725; x_wconf 91' lang='lat' dir='ltr'>ejicit</span> <span class='ocrx_word' id='word_1_414' title='bbox 3017 2651 3304 2709; x_wconf 80' lang='lat' dir='ltr'>daemonia</span> <span class='ocrx_word' id='word_1_415' title='bbox 3335 2651 3483 2725; x_wconf 89' lang='lat' dir='ltr'>(Luc.</span> <span class='ocrx_word' id='word_1_416' title='bbox 3512 2650 3613 2724; x_wconf 78' lang='lat' dir='ltr'>x1).</span> 
     </span>
    </p>
   </div>
   <div class='ocr_carea' id='block_1_60' title="bbox 2155 2737 3657 2816">
    <p class='ocr_par' dir='ltr' id='par_1_60' title="bbox 2155 2737 3657 2816">
     <span class='ocr_line' id='line_1_60' title="bbox 2155 2737 3657 2816; baseline -0.002 -18"><span class='ocrx_word' id='word_1_417' title='bbox 2155 2741 2223 2800; x_wconf 72' lang='lat'>14</span> <span class='ocrx_word' id='word_1_418' title='bbox 2283 2737 2417 2812; x_wconf 53' lang='lat' dir='ltr'>&#39;Ego</span> <span class='ocrx_word' id='word_1_419' title='bbox 2441 2750 2630 2800; x_wconf 80' lang='lat' dir='ltr'>autem</span> <span class='ocrx_word' id='word_1_420' title='bbox 2660 2750 2923 2816; x_wconf 86' lang='lat' dir='ltr'>tanquam</span> <span class='ocrx_word' id='word_1_421' title='bbox 2951 2741 3149 2798; x_wconf 86' lang='lat' dir='ltr'>surdus</span> <span class='ocrx_word' id='word_1_422' title='bbox 3177 2757 3289 2798; x_wconf 87' lang='lat' dir='ltr'>non</span> <span class='ocrx_word' id='word_1_423' title='bbox 3315 2739 3607 2797; x_wconf 85' lang='lat' dir='ltr'>audiebam</span> <span class='ocrx_word' id='word_1_424' title='bbox 3633 2759 3657 2795; x_wconf 84' lang='grc'><strong>.-</strong></span> 
     </span>
    </p>
   </div>
   <div class='ocr_carea' id='block_1_61' title="bbox 2291 2831 3454 2902">
    <p class='ocr_par' dir='ltr' id='par_1_61' title="bbox 2291 2831 3454 2902">
     <span class='ocr_line' id='line_1_61' title="bbox 2291 2831 3454 2902; baseline -0.003 -13"><span class='ocrx_word' id='word_1_425' title='bbox 2291 2835 2364 2890; x_wconf 77' lang='grc' dir='ltr'>Ει</span> <span class='ocrx_word' id='word_1_426' title='bbox 2389 2833 2533 2888; x_wconf 85' lang='lat' dir='ltr'>sicut</span> <span class='ocrx_word' id='word_1_427' title='bbox 2560 2839 2742 2887; x_wconf 84' lang='lat' dir='ltr'>mutus</span> <span class='ocrx_word' id='word_1_428' title='bbox 2771 2847 2881 2887; x_wconf 87' lang='lat' dir='ltr'>non</span> <span class='ocrx_word' id='word_1_429' title='bbox 2909 2831 3160 2902; x_wconf 88' lang='lat' dir='ltr'>aperiens</span> <span class='ocrx_word' id='word_1_430' title='bbox 3189 2846 3246 2886; x_wconf 88' lang='lat' dir='ltr'>os</span> <span class='ocrx_word' id='word_1_431' title='bbox 3273 2847 3454 2885; x_wconf 85' lang='lat' dir='ltr'>suum.</span> 
     </span>
    </p>
   </div>
   <div class='ocr_carea' id='block_1_62' title="bbox 2222 2915 3808 2994">
    <p class='ocr_par' dir='ltr' id='par_1_62' title="bbox 2222 2915 3808 2994">
     <span class='ocr_line' id='line_1_62' title="bbox 2222 2915 3808 2994; baseline -0.001 -18"><span class='ocrx_word' id='word_1_432' title='bbox 2222 2919 2269 2976; x_wconf 85' lang='grc' dir='ltr'><strong>Η</strong></span> <span class='ocrx_word' id='word_1_433' title='bbox 2301 2919 2542 2993; x_wconf 86' lang='lat' dir='ltr'>Semper</span> <span class='ocrx_word' id='word_1_434' title='bbox 2571 2919 2738 2994; x_wconf 88' lang='lat' dir='ltr'>quasi</span> <span class='ocrx_word' id='word_1_435' title='bbox 2773 2919 2988 2974; x_wconf 89' lang='lat' dir='ltr'>surdus</span> <span class='ocrx_word' id='word_1_436' title='bbox 3030 2917 3274 2976; x_wconf 89' lang='lat' dir='ltr'>sustulit</span> <span class='ocrx_word' id='word_1_437' title='bbox 3303 2915 3570 2975; x_wconf 89' lang='lat' dir='ltr'>Christus</span> <span class='ocrx_word' id='word_1_438' title='bbox 3593 2934 3808 2991; x_wconf 85' lang='lat' dir='ltr'>expro-</span> 
     </span>
    </p>
   </div>
   <div class='ocr_carea' id='block_1_63' title="bbox 2147 3005 3805 3082">
    <p class='ocr_par' dir='ltr' id='par_1_63' title="bbox 2147 3005 3805 3082">
     <span class='ocr_line' id='line_1_63' title="bbox 2147 3005 3805 3082; baseline 0 -18"><span class='ocrx_word' id='word_1_439' title='bbox 2147 3008 2474 3067; x_wconf 89' lang='lat' dir='ltr'>brationem</span> <span class='ocrx_word' id='word_1_440' title='bbox 2503 3007 2860 3077; x_wconf 74' lang='lat' dir='ltr'>J‘udzeorum,</span> <span class='ocrx_word' id='word_1_441' title='bbox 2884 3012 2942 3065; x_wconf 90' lang='lat' dir='ltr'>et</span> <span class='ocrx_word' id='word_1_442' title='bbox 2987 3013 3269 3082; x_wconf 89' lang='lat' dir='ltr'>tanquam</span> <span class='ocrx_word' id='word_1_443' title='bbox 3321 3010 3542 3075; x_wconf 90' lang='lat' dir='ltr'>mutus,</span> <span class='ocrx_word' id='word_1_444' title='bbox 3575 3005 3805 3064; x_wconf 83' lang='lat' dir='ltr'>dicente</span> 
     </span>
    </p>
   </div>
   <div class='ocr_carea' id='block_1_64' title="bbox 2149 3093 3807 3171">
    <p class='ocr_par' dir='ltr' id='par_1_64' title="bbox 2149 3093 3807 3171">
     <span class='ocr_line' id='line_1_64' title="bbox 2149 3093 3807 3171; baseline -0.002 -16"><span class='ocrx_word' id='word_1_445' title='bbox 2149 3099 2331 3155; x_wconf 88' lang='lat' dir='ltr'>Pilato</span> <span class='ocrx_word' id='word_1_446' title='bbox 2356 3112 2377 3158; x_wconf 88' lang='lat'><strong>:</strong></span> <span class='ocrx_word' id='word_1_447' title='bbox 2403 3095 2546 3154; x_wconf 89' lang='lat' dir='ltr'>Mihi</span> <span class='ocrx_word' id='word_1_448' title='bbox 2577 3115 2692 3154; x_wconf 92' lang='lat' dir='ltr'>non</span> <span class='ocrx_word' id='word_1_449' title='bbox 2723 3096 3077 3170; x_wconf 84' lang='lat' dir='ltr'>respondes?</span> <span class='ocrx_word' id='word_1_450' title='bbox 3098 3095 3272 3171; x_wconf 86' lang='lat' dir='ltr'>(Joan.</span> <span class='ocrx_word' id='word_1_451' title='bbox 3294 3096 3436 3167; x_wconf 74' lang='lat' dir='ltr'>xxx.)</span> <span class='ocrx_word' id='word_1_452' title='bbox 3458 3093 3672 3151; x_wconf 88' lang='lat' dir='ltr'>CNihil</span> <span class='ocrx_word' id='word_1_453' title='bbox 3702 3112 3807 3170; x_wconf 92' lang='lat' dir='ltr'>po-</span> 
     </span>
    </p>
   </div>
   <div class='ocr_carea' id='block_1_65' title="bbox 384 3150 3799 3260">
    <p class='ocr_par' dir='ltr' id='par_1_65' title="bbox 384 3150 3799 3260">
     <span class='ocr_line' id='line_1_65' title="bbox 384 3150 3799 3260; baseline 0 -18"><span class='ocrx_word' id='word_1_454' title='bbox 384 3150 558 3260; x_wconf 48' lang='grc' dir='ltr'>ὒξίξζκὲ</span> <span class='ocrx_word' id='word_1_455' title='bbox 574 3156 677 3260; x_wconf 61' lang='lat' dir='ltr'>ff&quot;</span> <span class='ocrx_word' id='word_1_456' title='bbox 698 3151 960 3260; x_wconf 61' lang='grc' dir='ltr'>ξθτξιῖίξξθ</span> <span class='ocrx_word' id='word_1_457' title='bbox 1007 3151 1289 3260; x_wconf 54' lang='grc' dir='ltr'>οοῖρῗιῇίὲς</span> <span class='ocrx_word' id='word_1_458' title='bbox 1310 3151 1490 3260; x_wconf 45' lang='lat' dir='ltr'>ﬁli“</span> <span class='ocrx_word' id='word_1_459' title='bbox 1520 3153 1751 3260; x_wconf 61' lang='lat' dir='ltr'>f9rdi9-</span> <span class='ocrx_word' id='word_1_460' title='bbox 1775 3154 2040 3260; x_wconf 63' lang='grc' dir='ltr'>εξθωίίυε</span> <span class='ocrx_word' id='word_1_461' title='bbox 2073 3170 2116 3237; x_wconf 91' lang='lat' dir='ltr'>C</span> <span class='ocrx_word' id='word_1_462' title='bbox 2148 3150 2849 3257; x_wconf 54' lang='lat' dir='ltr'>{.gz&#39;gsgs‘sa&#39;sg‘an</span> <span class='ocrx_word' id='word_1_463' title='bbox 2866 3150 3352 3260; x_wconf 45' lang='lat' dir='ltr'>egestatis</span> <span class='ocrx_word' id='word_1_464' title='bbox 3383 3150 3584 3242; x_wconf 54' lang='lat' dir='ltr'>adis</span> <span class='ocrx_word' id='word_1_465' title='bbox 3604 3150 3799 3252; x_wconf 56' lang='lat' dir='ltr'>nega,</span> 
     </span>
    </p>
   </div>
   <div class='ocr_carea' id='block_1_66' title="bbox 389 3240 2041 3316">
    <p class='ocr_par' dir='ltr' id='par_1_66' title="bbox 389 3240 2041 3316">
     <span class='ocr_line' id='line_1_66' title="bbox 389 3240 2041 3316; baseline 0.002 -20"><span class='ocrx_word' id='word_1_466' title='bbox 389 3240 675 3314; x_wconf 85' lang='lat' dir='ltr'>corporis,</span> <span class='ocrx_word' id='word_1_467' title='bbox 697 3245 938 3314; x_wconf 84' lang='lat' dir='ltr'>propter</span> <span class='ocrx_word' id='word_1_468' title='bbox 958 3259 1050 3298; x_wconf 81' lang='lat' dir='ltr'>res</span> <span class='ocrx_word' id='word_1_469' title='bbox 1071 3244 1351 3298; x_wconf 86' lang='lat' dir='ltr'>terrenas.</span> <span class='ocrx_word' id='word_1_470' title='bbox 1369 3241 1635 3299; x_wconf 85' lang='lat' dir='ltr'>Gemitus</span> <span class='ocrx_word' id='word_1_471' title='bbox 1665 3243 1880 3311; x_wconf 88' lang='lat' dir='ltr'>cordis,</span> <span class='ocrx_word' id='word_1_472' title='bbox 1903 3259 2041 3316; x_wconf 90' lang='lat' dir='ltr'>pro-</span> 
     </span>
    </p>
   </div>
   <div class='ocr_carea' id='block_1_67' title="bbox 385 3329 2042 3406">
    <p class='ocr_par' dir='ltr' id='par_1_67' title="bbox 385 3329 2042 3406">
     <span class='ocr_line' id='line_1_67' title="bbox 385 3329 2042 3406; baseline 0.002 -21"><span class='ocrx_word' id='word_1_473' title='bbox 385 3333 514 3400; x_wconf 79' lang='lat' dir='ltr'>pter</span> <span class='ocrx_word' id='word_1_474' title='bbox 533 3345 643 3386; x_wconf 83' lang='lat' dir='ltr'>sua</span> <span class='ocrx_word' id='word_1_475' title='bbox 657 3335 895 3402; x_wconf 84' lang='lat' dir='ltr'>peccata</span> <span class='ocrx_word' id='word_1_476' title='bbox 916 3333 974 3386; x_wconf 85' lang='lat' dir='ltr'>et</span> <span class='ocrx_word' id='word_1_477' title='bbox 995 3329 1315 3388; x_wconf 88' lang='lat' dir='ltr'>aliorum.C</span> <span class='ocrx_word' id='word_1_478' title='bbox 1337 3331 1553 3405; x_wconf 85' lang='lat' dir='ltr'>Rugire</span> <span class='ocrx_word' id='word_1_479' title='bbox 1569 3335 1786 3400; x_wconf 89' lang='lat' dir='ltr'>autem,</span> <span class='ocrx_word' id='word_1_480' title='bbox 1809 3331 2042 3406; x_wconf 87' lang='lat' dir='ltr'>proprie</span> 
     </span>
    </p>
   </div>
   <div class='ocr_carea' id='block_1_68' title="bbox 385 3416 2040 3489">
    <p class='ocr_par' dir='ltr' id='par_1_68' title="bbox 385 3416 2040 3489">
     <span class='ocr_line' id='line_1_68' title="bbox 385 3416 2040 3489; baseline 0.002 -16"><span class='ocrx_word' id='word_1_481' title='bbox 385 3416 714 3473; x_wconf 79' lang='lat' dir='ltr'>bellantum</span> <span class='ocrx_word' id='word_1_482' title='bbox 738 3421 850 3489; x_wconf 83' lang='lat' dir='ltr'>est,</span> <span class='ocrx_word' id='word_1_483' title='bbox 883 3417 1117 3474; x_wconf 88' lang='lat' dir='ltr'>leonum</span> <span class='ocrx_word' id='word_1_484' title='bbox 1149 3418 1390 3475; x_wconf 84' lang='lat' dir='ltr'>scilicet.</span> <span class='ocrx_word' id='word_1_485' title='bbox 1413 3421 1459 3474; x_wconf 86' lang='lat' dir='ltr'><strong>A</strong></span> <span class='ocrx_word' id='word_1_486' title='bbox 1488 3419 1591 3474; x_wconf 85' lang='lat' dir='ltr'>Vel</span> <span class='ocrx_word' id='word_1_487' title='bbox 1623 3420 1874 3476; x_wconf 80' lang='lat' dir='ltr'>afﬂictus</span> <span class='ocrx_word' id='word_1_488' title='bbox 1906 3436 2040 3478; x_wconf 88' lang='lat' dir='ltr'>sum</span> 
     </span>
    </p>
   </div>
   <div class='ocr_carea' id='block_1_69' title="bbox 385 3504 2038 3584">
    <p class='ocr_par' dir='ltr' id='par_1_69' title="bbox 385 3504 2038 3584">
     <span class='ocr_line' id='line_1_69' title="bbox 385 3504 2038 3584; baseline 0.003 -22"><span class='ocrx_word' id='word_1_489' title='bbox 385 3510 445 3562; x_wconf 85' lang='lat' dir='ltr'>et</span> <span class='ocrx_word' id='word_1_490' title='bbox 471 3504 820 3563; x_wconf 73' lang='lat' dir='ltr'>humiliatus</span> <span class='ocrx_word' id='word_1_491' title='bbox 851 3505 1051 3562; x_wconf 85' lang='lat' dir='ltr'>nimiis</span> <span class='ocrx_word' id='word_1_492' title='bbox 1082 3507 1338 3564; x_wconf 84' lang='lat' dir='ltr'>miseriis</span> <span class='ocrx_word' id='word_1_493' title='bbox 1363 3512 1420 3564; x_wconf 92' lang='lat' dir='ltr'>et</span> <span class='ocrx_word' id='word_1_494' title='bbox 1443 3507 1876 3566; x_wconf 82' lang='lat' dir='ltr'>calamitatibus</span> <span class='ocrx_word' id='word_1_495' title='bbox 1907 3525 2038 3584; x_wconf 89' lang='lat' dir='ltr'>pro-</span> 
     </span>
    </p>
   </div>
   <div class='ocr_carea' id='block_1_70' title="bbox 387 3594 1254 3670">
    <p class='ocr_par' dir='ltr' id='par_1_70' title="bbox 387 3594 1254 3670">
     <span class='ocr_line' id='line_1_70' title="bbox 387 3594 1254 3670; baseline 0.001 -20"><span class='ocrx_word' id='word_1_496' title='bbox 387 3599 515 3668; x_wconf 83' lang='lat' dir='ltr'>pter</span> <span class='ocrx_word' id='word_1_497' title='bbox 542 3598 872 3668; x_wconf 88' lang='lat' dir='ltr'>peccatum,</span> <span class='ocrx_word' id='word_1_498' title='bbox 905 3594 1036 3650; x_wconf 87' lang='lat' dir='ltr'>ideo</span> <span class='ocrx_word' id='word_1_499' title='bbox 1067 3595 1254 3670; x_wconf 88' lang='lat' dir='ltr'>rugio.</span> 
     </span>
    </p>
   </div>
   <div class='ocr_carea' id='block_1_71' title="bbox 418 3676 1982 3754">
    <p class='ocr_par' dir='ltr' id='par_1_71' title="bbox 418 3676 1982 3754">
     <span class='ocr_line' id='line_1_71' title="bbox 418 3676 1982 3754; baseline 0.004 -16"><span class='ocrx_word' id='word_1_500' title='bbox 418 3683 455 3738; x_wconf 89' lang='lat'><strong>9</strong></span> <span class='ocrx_word' id='word_1_501' title='bbox 542 3676 632 3754; x_wconf 54' lang='lat'>~59</span> <span class='ocrx_word' id='word_1_502' title='bbox 678 3685 906 3741; x_wconf 78' lang='lat' dir='ltr'>Domine</span> <span class='ocrx_word' id='word_1_503' title='bbox 948 3689 962 3752; x_wconf 76' lang='grc' dir='ltr'>ζ</span> <span class='ocrx_word' id='word_1_504' title='bbox 1005 3693 1131 3741; x_wconf 86' lang='lat' dir='ltr'>ante</span> <span class='ocrx_word' id='word_1_505' title='bbox 1155 3692 1210 3740; x_wconf 76' lang='lat' dir='ltr'>te</span> <span class='ocrx_word' id='word_1_506' title='bbox 1237 3699 1394 3742; x_wconf 88' lang='lat' dir='ltr'>omne</span> <span class='ocrx_word' id='word_1_507' title='bbox 1421 3685 1757 3744; x_wconf 81' lang='lat' dir='ltr'>desiderium</span> <span class='ocrx_word' id='word_1_508' title='bbox 1782 3704 1982 3744; x_wconf 84' lang='lat' dir='ltr'>meum.</span> 
     </span>
    </p>
   </div>
   <div class='ocr_carea' id='block_1_72' title="bbox 524 3774 1809 3843">
    <p class='ocr_par' dir='ltr' id='par_1_72' title="bbox 524 3774 1809 3843">
     <span class='ocr_line' id='line_1_72' title="bbox 524 3774 1809 3843; baseline 0.003 -15"><span class='ocrx_word' id='word_1_509' title='bbox 524 3774 591 3828; x_wconf 86' lang='lat' dir='ltr'>Et</span> <span class='ocrx_word' id='word_1_510' title='bbox 617 3775 850 3842; x_wconf 82' lang='lat' dir='ltr'>gemitus</span> <span class='ocrx_word' id='word_1_511' title='bbox 881 3785 1029 3832; x_wconf 76' lang='lat' dir='ltr'>meus</span> <span class='ocrx_word' id='word_1_512' title='bbox 1057 3789 1092 3830; x_wconf 80' lang='grc' dir='ltr'>ιι</span> <span class='ocrx_word' id='word_1_513' title='bbox 1122 3777 1173 3830; x_wconf 76' lang='lat' dir='ltr'>te</span> <span class='ocrx_word' id='word_1_514' title='bbox 1201 3791 1310 3831; x_wconf 86' lang='lat' dir='ltr'>non</span> <span class='ocrx_word' id='word_1_515' title='bbox 1339 3781 1418 3832; x_wconf 84' lang='lat' dir='ltr'>est</span> <span class='ocrx_word' id='word_1_516' title='bbox 1447 3776 1809 3843; x_wconf 81' lang='lat' dir='ltr'>absconditus,</span> 
     </span>
    </p>
   </div>
   <div class='ocr_carea' id='block_1_73' title="bbox 453 3859 2041 3935">
    <p class='ocr_par' dir='ltr' id='par_1_73' title="bbox 453 3859 2041 3935">
     <span class='ocr_line' id='line_1_73' title="bbox 453 3859 2041 3935; baseline 0.005 -19"><span class='ocrx_word' id='word_1_517' title='bbox 453 3859 496 3916; x_wconf 89' lang='lat' dir='ltr'>C</span> <span class='ocrx_word' id='word_1_518' title='bbox 523 3859 663 3916; x_wconf 88' lang='lat' dir='ltr'>Tale</span> <span class='ocrx_word' id='word_1_519' title='bbox 708 3860 820 3917; x_wconf 81' lang='lat' dir='ltr'>fuit</span> <span class='ocrx_word' id='word_1_520' title='bbox 859 3860 1215 3918; x_wconf 86' lang='lat' dir='ltr'>desiderium</span> <span class='ocrx_word' id='word_1_521' title='bbox 1247 3864 1397 3935; x_wconf 87' lang='lat' dir='ltr'>ejus,</span> <span class='ocrx_word' id='word_1_522' title='bbox 1429 3868 1494 3920; x_wconf 86' lang='lat' dir='ltr'>ut</span> <span class='ocrx_word' id='word_1_523' title='bbox 1519 3869 1652 3920; x_wconf 87' lang='lat' dir='ltr'>ante</span> <span class='ocrx_word' id='word_1_524' title='bbox 1693 3863 1880 3935; x_wconf 86' lang='lat' dir='ltr'>Deum</span> <span class='ocrx_word' id='word_1_525' title='bbox 1909 3883 2041 3924; x_wconf 86' lang='lat' dir='ltr'>esse</span> 
     </span>
    </p>
   </div>
   <div class='ocr_carea' id='block_1_74' title="bbox 385 3952 2036 4026">
    <p class='ocr_par' dir='ltr' id='par_1_74' title="bbox 385 3952 2036 4026">
     <span class='ocr_line' id='line_1_74' title="bbox 385 3952 2036 4026; baseline 0.005 -22"><span class='ocrx_word' id='word_1_526' title='bbox 385 3953 726 4020; x_wconf 86' lang='lat' dir='ltr'>mereretur,</span> <span class='ocrx_word' id='word_1_527' title='bbox 751 3953 1018 4008; x_wconf 77' lang='lat' dir='ltr'>Dominus</span> <span class='ocrx_word' id='word_1_528' title='bbox 1047 3952 1195 4008; x_wconf 78' lang='lat' dir='ltr'>enim</span> <span class='ocrx_word' id='word_1_529' title='bbox 1233 3953 1500 4026; x_wconf 82' lang='lat' dir='ltr'>quidquid</span> <span class='ocrx_word' id='word_1_530' title='bbox 1540 3969 1654 4010; x_wconf 86' lang='lat' dir='ltr'>non</span> <span class='ocrx_word' id='word_1_531' title='bbox 1691 3963 2036 4026; x_wconf 83' lang='lat' dir='ltr'>aspernatur,</span> 
     </span>
    </p>
   </div>
   <div class='ocr_carea' id='block_1_75' title="bbox 379 4034 2041 4114">
    <p class='ocr_par' dir='ltr' id='par_1_75' title="bbox 379 4034 2041 4114">
     <span class='ocr_line' id='line_1_75' title="bbox 379 4034 2041 4114; baseline 0.006 -22"><span class='ocrx_word' id='word_1_532' title='bbox 379 4037 760 4111; x_wconf 68' lang='lat' dir='ltr'>(mlectitur;</span> <span class='ocrx_word' id='word_1_533' title='bbox 792 4034 890 4096; x_wconf 86' lang='lat' dir='ltr'>ille</span> <span class='ocrx_word' id='word_1_534' title='bbox 929 4040 1086 4096; x_wconf 88' lang='lat' dir='ltr'>enim</span> <span class='ocrx_word' id='word_1_535' title='bbox 1137 4041 1394 4114; x_wconf 83' lang='lat' dir='ltr'>gemitus</span> <span class='ocrx_word' id='word_1_536' title='bbox 1443 4057 1559 4098; x_wconf 89' lang='lat' dir='ltr'>non</span> <span class='ocrx_word' id='word_1_537' title='bbox 1591 4043 1970 4100; x_wconf 85' lang='lat' dir='ltr'>absconditur</span> <span class='ocrx_word' id='word_1_538' title='bbox 2006 4062 2041 4102; x_wconf 88' lang='lat' dir='ltr'>a</span> 
     </span>
    </p>
   </div>
   <div class='ocr_carea' id='block_1_76' title="bbox 381 4126 2038 4206">
    <p class='ocr_par' dir='ltr' id='par_1_76' title="bbox 381 4126 2038 4206">
     <span class='ocr_line' id='line_1_76' title="bbox 381 4126 2038 4206; baseline 0.004 -24"><span class='ocrx_word' id='word_1_539' title='bbox 381 4126 520 4195; x_wconf 86' lang='lat' dir='ltr'>Deo,</span> <span class='ocrx_word' id='word_1_540' title='bbox 545 4126 646 4200; x_wconf 91' lang='lat' dir='ltr'>qui</span> <span class='ocrx_word' id='word_1_541' title='bbox 678 4127 814 4200; x_wconf 85' lang='lat' dir='ltr'>pius</span> <span class='ocrx_word' id='word_1_542' title='bbox 835 4132 950 4201; x_wconf 77' lang='lat' dir='ltr'>est,</span> <span class='ocrx_word' id='word_1_543' title='bbox 975 4133 1032 4185; x_wconf 86' lang='lat' dir='ltr'>et</span> <span class='ocrx_word' id='word_1_544' title='bbox 1060 4145 1164 4202; x_wconf 84' lang='lat' dir='ltr'>pro</span> <span class='ocrx_word' id='word_1_545' title='bbox 1196 4130 1408 4186; x_wconf 69' lang='lat' dir='ltr'>animm</span> <span class='ocrx_word' id='word_1_546' title='bbox 1441 4129 1785 4188; x_wconf 80' lang='lat' dir='ltr'>liberatione</span> <span class='ocrx_word' id='word_1_547' title='bbox 1817 4133 2038 4206; x_wconf 82' lang='lat' dir='ltr'>persol-</span> 
     </span>
    </p>
   </div>
   <div class='ocr_carea' id='block_1_77' title="bbox 378 4216 2040 4295">
    <p class='ocr_par' dir='ltr' id='par_1_77' title="bbox 378 4216 2040 4295">
     <span class='ocr_line' id='line_1_77' title="bbox 378 4216 2040 4295; baseline 0.003 -23"><span class='ocrx_word' id='word_1_548' title='bbox 378 4217 555 4272; x_wconf 85' lang='lat' dir='ltr'>vitur.</span> <span class='ocrx_word' id='word_1_549' title='bbox 581 4216 780 4275; x_wconf 90' lang='lat' dir='ltr'>Dictus</span> <span class='ocrx_word' id='word_1_550' title='bbox 823 4222 913 4274; x_wconf 82' lang='lat' dir='ltr'>est</span> <span class='ocrx_word' id='word_1_551' title='bbox 954 4222 1150 4274; x_wconf 85' lang='lat' dir='ltr'>autem</span> <span class='ocrx_word' id='word_1_552' title='bbox 1182 4219 1442 4293; x_wconf 85' lang='lat' dir='ltr'>gemitus</span> <span class='ocrx_word' id='word_1_553' title='bbox 1488 4219 1656 4292; x_wconf 85' lang='lat' dir='ltr'>quasi</span> <span class='ocrx_word' id='word_1_554' title='bbox 1706 4221 2040 4295; x_wconf 82' lang='lat' dir='ltr'>geminatus</span> 
     </span>
    </p>
   </div>
   <div class='ocr_carea' id='block_1_78' title="bbox 378 4305 1884 4382">
    <p class='ocr_par' dir='ltr' id='par_1_78' title="bbox 378 4305 1884 4382">
     <span class='ocr_line' id='line_1_78' title="bbox 378 4305 1884 4382; baseline 0.004 -21"><span class='ocrx_word' id='word_1_555' title='bbox 378 4305 594 4374; x_wconf 82' lang='lat' dir='ltr'>luctus,</span> <span class='ocrx_word' id='word_1_556' title='bbox 617 4306 756 4379; x_wconf 66' lang='lat' dir='ltr'>quia</span> <span class='ocrx_word' id='word_1_557' title='bbox 787 4305 853 4362; x_wconf 72' lang='lat' dir='ltr'>tit</span> <span class='ocrx_word' id='word_1_558' title='bbox 881 4321 984 4380; x_wconf 86' lang='lat' dir='ltr'>pro</span> <span class='ocrx_word' id='word_1_559' title='bbox 1013 4308 1392 4382; x_wconf 78' lang='lat' dir='ltr'>exprimendo</span> <span class='ocrx_word' id='word_1_560' title='bbox 1422 4323 1636 4382; x_wconf 86' lang='lat' dir='ltr'>magno</span> <span class='ocrx_word' id='word_1_561' title='bbox 1667 4309 1884 4367; x_wconf 87' lang='lat' dir='ltr'>dolore.</span> 
     </span>
    </p>
   </div>
   <div class='ocr_carea' id='block_1_79' title="bbox 380 4395 2040 4521">
    <p class='ocr_par' dir='ltr' id='par_1_79' title="bbox 380 4395 2040 4521">
     <span class='ocr_line' id='line_1_79' title="bbox 380 4395 2040 4521; baseline 0.004 -72"><span class='ocrx_word' id='word_1_562' title='bbox 380 4395 448 4450; x_wconf 83' lang='grc'>10</span> <span class='ocrx_word' id='word_1_563' title='bbox 521 4396 836 4521; x_wconf 55' lang='grc' dir='ltr'>ουζηέηθαηι</span> <span class='ocrx_word' id='word_1_564' title='bbox 862 4397 1248 4454; x_wconf 82' lang='lat' dir='ltr'>conturbatum</span> <span class='ocrx_word' id='word_1_565' title='bbox 1277 4405 1358 4454; x_wconf 82' lang='lat' dir='ltr'>est</span> <span class='ocrx_word' id='word_1_566' title='bbox 1382 4415 1397 4454; x_wconf 84' lang='lat'><strong>:</strong></span> <span class='ocrx_word' id='word_1_567' title='bbox 1430 4397 1722 4470; x_wconf 82' lang='lat' dir='ltr'>dereliqait</span> <span class='ocrx_word' id='word_1_568' title='bbox 1749 4415 1836 4456; x_wconf 87' lang='lat' dir='ltr'>me</span> <span class='ocrx_word' id='word_1_569' title='bbox 1862 4401 2040 4457; x_wconf 86' lang='lat' dir='ltr'>virtus</span> 
     </span>
     <span class='ocr_line' id='line_1_80' title="bbox 683 4483 760 4521; baseline -0.013 0"><span class='ocrx_word' id='word_1_570' title='bbox 683 4483 717 4521; x_wconf 89' lang='lat' dir='ltr'>a</span> <span class='ocrx_word' id='word_1_571' title='bbox 743 4485 760 4520; x_wconf 90' lang='lat'><strong><em>:</em></strong></span> 
     </span>
    </p>
   </div>
   <div class='ocr_carea' id='block_1_80' title="bbox 683 4483 760 4521">
    <p class='ocr_par' dir='ltr' id='par_1_80' title="bbox 683 4483 760 4521">
     <span class='ocr_line' id='line_1_81' title="bbox 683 4483 760 4521; baseline -0.013 0"><span class='ocrx_word' id='word_1_572' title='bbox 683 4483 760 4521; x_wconf 88' lang='lat' dir='ltr'>a:</span> 
     </span>
    </p>
   </div>
   <div class='ocr_carea' id='block_1_81' title="bbox 517 4536 2110 4614">
    <p class='ocr_par' dir='ltr' id='par_1_81' title="bbox 517 4536 2110 4614">
     <span class='ocr_line' id='line_1_82' title="bbox 517 4536 2110 4614; baseline 0.005 -22"><span class='ocrx_word' id='word_1_573' title='bbox 517 4536 583 4593; x_wconf 87' lang='lat' dir='ltr'>Et</span> <span class='ocrx_word' id='word_1_574' title='bbox 616 4537 808 4614; x_wconf 86' lang='lat' dir='ltr'>lumen</span> <span class='ocrx_word' id='word_1_575' title='bbox 853 4539 1135 4595; x_wconf 86' lang='lat' dir='ltr'>oculorum</span> <span class='ocrx_word' id='word_1_576' title='bbox 1162 4556 1428 4606; x_wconf 85' lang='lat' dir='ltr'>meorum,</span> <span class='ocrx_word' id='word_1_577' title='bbox 1457 4547 1510 4596; x_wconf 90' lang='lat' dir='ltr'>et</span> <span class='ocrx_word' id='word_1_578' title='bbox 1563 4542 1745 4614; x_wconf 86' lang='lat' dir='ltr'>ipsum</span> <span class='ocrx_word' id='word_1_579' title='bbox 1797 4559 1906 4599; x_wconf 85' lang='lat' dir='ltr'>non</span> <span class='ocrx_word' id='word_1_580' title='bbox 1953 4549 2034 4600; x_wconf 74' lang='lat' dir='ltr'>est</span> <span class='ocrx_word' id='word_1_581' title='bbox 2061 4543 2110 4608; x_wconf 93' lang='lat' dir='ltr'>D</span> 
     </span>
    </p>
   </div>
   <div class='ocr_carea' id='block_1_82' title="bbox 587 4611 818 4664">
    <p class='ocr_par' dir='ltr' id='par_1_82' title="bbox 587 4611 818 4664">
     <span class='ocr_line' id='line_1_83' title="bbox 587 4611 818 4664; baseline 0.009 -2"><span class='ocrx_word' id='word_1_582' title='bbox 587 4611 818 4664; x_wconf 81' lang='lat' dir='ltr'>mecum.</span> 
     </span>
    </p>
   </div>
   <div class='ocr_carea' id='block_1_83' title="bbox 445 4689 2031 4770">
    <p class='ocr_par' dir='ltr' id='par_1_83' title="bbox 445 4689 2031 4770">
     <span class='ocr_line' id='line_1_84' title="bbox 445 4689 2031 4770; baseline 0.004 -18"><span class='ocrx_word' id='word_1_583' title='bbox 445 4689 488 4752; x_wconf 74' lang='grc' dir='ltr'>ἰ]</span> <span class='ocrx_word' id='word_1_584' title='bbox 519 4693 686 4752; x_wconf 88' lang='lat' dir='ltr'>Nunc</span> <span class='ocrx_word' id='word_1_585' title='bbox 734 4696 893 4752; x_wconf 88' lang='lat' dir='ltr'>venit</span> <span class='ocrx_word' id='word_1_586' title='bbox 922 4695 993 4752; x_wconf 87' lang='lat' dir='ltr'>ad</span> <span class='ocrx_word' id='word_1_587' title='bbox 1027 4697 1406 4770; x_wconf 87' lang='lat' dir='ltr'>gravissimos</span> <span class='ocrx_word' id='word_1_588' title='bbox 1434 4697 1666 4756; x_wconf 89' lang='lat' dir='ltr'>dolores</span> <span class='ocrx_word' id='word_1_589' title='bbox 1697 4699 1901 4770; x_wconf 89' lang='lat' dir='ltr'>animi,</span> <span class='ocrx_word' id='word_1_590' title='bbox 1934 4702 2031 4759; x_wconf 84' lang='lat' dir='ltr'>de-</span> 
     </span>
    </p>
   </div>
   <div class='ocr_carea' id='block_1_84' title="bbox 375 4785 2036 4858">
    <p class='ocr_par' dir='ltr' id='par_1_84' title="bbox 375 4785 2036 4858">
     <span class='ocr_line' id='line_1_85' title="bbox 375 4785 2036 4858; baseline 0.004 -16"><span class='ocrx_word' id='word_1_591' title='bbox 375 4785 566 4842; x_wconf 85' lang='lat' dir='ltr'>cursis</span> <span class='ocrx_word' id='word_1_592' title='bbox 609 4785 904 4858; x_wconf 90' lang='lat' dir='ltr'>corporeis</span> <span class='ocrx_word' id='word_1_593' title='bbox 933 4786 1235 4842; x_wconf 67' lang='lat' dir='ltr'>aerumnis.</span> <span class='ocrx_word' id='word_1_594' title='bbox 1271 4785 1404 4844; x_wconf 89' lang='lat' dir='ltr'>ldeo</span> <span class='ocrx_word' id='word_1_595' title='bbox 1443 4789 1857 4846; x_wconf 88' lang='lat' dir='ltr'>conturbatum</span> <span class='ocrx_word' id='word_1_596' title='bbox 1905 4807 2036 4848; x_wconf 90' lang='lat' dir='ltr'>esse</span> 
     </span>
    </p>
   </div>
   <div class='ocr_carea' id='block_1_85' title="bbox 374 4873 2032 4954">
    <p class='ocr_par' dir='ltr' id='par_1_85' title="bbox 374 4873 2032 4954">
     <span class='ocr_line' id='line_1_86' title="bbox 374 4873 2032 4954; baseline 0.004 -24"><span class='ocrx_word' id='word_1_597' title='bbox 374 4892 552 4930; x_wconf 89' lang='lat' dir='ltr'>suum</span> <span class='ocrx_word' id='word_1_598' title='bbox 575 4891 675 4931; x_wconf 93' lang='lat' dir='ltr'>cor</span> <span class='ocrx_word' id='word_1_599' title='bbox 695 4875 858 4944; x_wconf 88' lang='lat' dir='ltr'>dicit,</span> <span class='ocrx_word' id='word_1_600' title='bbox 875 4875 1016 4948; x_wconf 85' lang='lat' dir='ltr'>quia</span> <span class='ocrx_word' id='word_1_601' title='bbox 1034 4873 1223 4932; x_wconf 88' lang='lat' dir='ltr'>virtus</span> <span class='ocrx_word' id='word_1_602' title='bbox 1244 4891 1378 4932; x_wconf 90' lang='lat' dir='ltr'>eum</span> <span class='ocrx_word' id='word_1_603' title='bbox 1401 4875 1689 4945; x_wconf 87' lang='lat' dir='ltr'>deseruit;</span> <span class='ocrx_word' id='word_1_604' title='bbox 1710 4875 1851 4935; x_wconf 89' lang='lat' dir='ltr'>dicit</span> <span class='ocrx_word' id='word_1_605' title='bbox 1871 4896 2032 4954; x_wconf 89' lang='lat' dir='ltr'>ergo,</span> 
     </span>
    </p>
   </div>
   <div class='ocr_carea' id='block_1_86' title="bbox 375 4961 2033 5042">
    <p class='ocr_par' dir='ltr' id='par_1_86' title="bbox 375 4961 2033 5042">
     <span class='ocr_line' id='line_1_87' title="bbox 375 4961 2033 5042; baseline 0.005 -24"><span class='ocrx_word' id='word_1_606' title='bbox 375 4961 695 5037; x_wconf 87' lang='lat' dir='ltr'>Dereliquit</span> <span class='ocrx_word' id='word_1_607' title='bbox 725 4979 818 5020; x_wconf 89' lang='lat' dir='ltr'>me</span> <span class='ocrx_word' id='word_1_608' title='bbox 848 4963 1034 5020; x_wconf 89' lang='lat' dir='ltr'>virtus</span> <span class='ocrx_word' id='word_1_609' title='bbox 1067 4980 1216 5034; x_wconf 89' lang='lat' dir='ltr'>mea,</span> <span class='ocrx_word' id='word_1_610' title='bbox 1241 4967 1287 5020; x_wconf 88' lang='lat' dir='ltr'><strong>A</strong></span> <span class='ocrx_word' id='word_1_611' title='bbox 1309 4981 1486 5038; x_wconf 89' lang='lat' dir='ltr'>quam</span> <span class='ocrx_word' id='word_1_612' title='bbox 1517 4964 1698 5022; x_wconf 87' lang='lat' dir='ltr'>habui</span> <span class='ocrx_word' id='word_1_613' title='bbox 1733 4971 1870 5024; x_wconf 89' lang='lat' dir='ltr'>ante</span> <span class='ocrx_word' id='word_1_614' title='bbox 1899 4985 2033 5042; x_wconf 91' lang='lat' dir='ltr'>pec-</span> 
     </span>
    </p>
   </div>
   <div class='ocr_carea' id='block_1_87' title="bbox 375 5051 2032 5129">
    <p class='ocr_par' dir='ltr' id='par_1_87' title="bbox 375 5051 2032 5129">
     <span class='ocr_line' id='line_1_88' title="bbox 375 5051 2032 5129; baseline 0.005 -23"><span class='ocrx_word' id='word_1_615' title='bbox 375 5055 594 5108; x_wconf 88' lang='lat' dir='ltr'>catum.</span> <span class='ocrx_word' id='word_1_616' title='bbox 623 5056 739 5107; x_wconf 90' lang='lat' dir='ltr'>Cur</span> <span class='ocrx_word' id='word_1_617' title='bbox 767 5069 899 5108; x_wconf 91' lang='lat' dir='ltr'>vero</span> <span class='ocrx_word' id='word_1_618' title='bbox 945 5053 1130 5109; x_wconf 89' lang='lat' dir='ltr'>virtus</span> <span class='ocrx_word' id='word_1_619' title='bbox 1179 5070 1272 5110; x_wconf 93' lang='lat' dir='ltr'>me</span> <span class='ocrx_word' id='word_1_620' title='bbox 1319 5051 1652 5127; x_wconf 90' lang='lat' dir='ltr'>dereliquit,</span> <span class='ocrx_word' id='word_1_621' title='bbox 1687 5055 1826 5129; x_wconf 91' lang='lat' dir='ltr'>quia</span> <span class='ocrx_word' id='word_1_622' title='bbox 1855 5063 1912 5114; x_wconf 87' lang='lat' dir='ltr'>et</span> <span class='ocrx_word' id='word_1_623' title='bbox 1941 5056 2032 5114; x_wconf 91' lang='lat' dir='ltr'>lu-</span> 
     </span>
    </p>
   </div>
   <div class='ocr_carea' id='block_1_88' title="bbox 375 5141 2034 5208">
    <p class='ocr_par' dir='ltr' id='par_1_88' title="bbox 375 5141 2034 5208">
     <span class='ocr_line' id='line_1_89' title="bbox 375 5141 2034 5208; baseline 0.007 -14"><span class='ocrx_word' id='word_1_624' title='bbox 375 5156 532 5208; x_wconf 91' lang='lat' dir='ltr'>men,</span> <span class='ocrx_word' id='word_1_625' title='bbox 555 5144 666 5196; x_wconf 91' lang='lat' dir='ltr'>etc.</span> <span class='ocrx_word' id='word_1_626' title='bbox 693 5141 915 5197; x_wconf 88' lang='lat' dir='ltr'>Lumen</span> <span class='ocrx_word' id='word_1_627' title='bbox 938 5141 1240 5199; x_wconf 88' lang='lat' dir='ltr'>oculorum</span> <span class='ocrx_word' id='word_1_628' title='bbox 1269 5159 1512 5200; x_wconf 90' lang='lat' dir='ltr'>suorum</span> <span class='ocrx_word' id='word_1_629' title='bbox 1545 5160 1662 5200; x_wconf 92' lang='lat' dir='ltr'>non</span> <span class='ocrx_word' id='word_1_630' title='bbox 1683 5159 1810 5202; x_wconf 88' lang='lat' dir='ltr'>esse</span> <span class='ocrx_word' id='word_1_631' title='bbox 1829 5161 2034 5204; x_wconf 89' lang='lat' dir='ltr'>secum</span> 
     </span>
    </p>
   </div>
   <div class='ocr_carea' id='block_1_89' title="bbox 373 5227 2037 5303">
    <p class='ocr_par' dir='ltr' id='par_1_89' title="bbox 373 5227 2037 5303">
     <span class='ocr_line' id='line_1_90' title="bbox 373 5227 2037 5303; baseline 0.005 -19"><span class='ocrx_word' id='word_1_632' title='bbox 373 5232 590 5285; x_wconf 87' lang='lat' dir='ltr'>narrat.</span> <span class='ocrx_word' id='word_1_633' title='bbox 615 5227 663 5284; x_wconf 80' lang='lat' dir='ltr'>ll</span> <span class='ocrx_word' id='word_1_634' title='bbox 694 5229 858 5298; x_wconf 83' lang='lat' dir='ltr'>Quia,</span> <span class='ocrx_word' id='word_1_635' title='bbox 887 5229 1213 5303; x_wconf 87' lang='lat' dir='ltr'>postposito</span> <span class='ocrx_word' id='word_1_636' title='bbox 1230 5231 1494 5288; x_wconf 90' lang='lat' dir='ltr'>veritatis</span> <span class='ocrx_word' id='word_1_637' title='bbox 1519 5230 1763 5303; x_wconf 90' lang='lat' dir='ltr'>lumine,</span> <span class='ocrx_word' id='word_1_638' title='bbox 1789 5233 1849 5292; x_wconf 90' lang='lat' dir='ltr'>in</span> <span class='ocrx_word' id='word_1_639' title='bbox 1876 5238 2037 5293; x_wconf 87' lang='lat' dir='ltr'>tene-</span> 
     </span>
    </p>
   </div>
   <div class='ocr_carea' id='block_1_90' title="bbox 372 5317 1258 5390">
    <p class='ocr_par' dir='ltr' id='par_1_90' title="bbox 372 5317 1258 5390">
     <span class='ocr_line' id='line_1_91' title="bbox 372 5317 1258 5390; baseline 0.001 -17"><span class='ocrx_word' id='word_1_640' title='bbox 372 5317 508 5373; x_wconf 86' lang='lat' dir='ltr'>bras</span> <span class='ocrx_word' id='word_1_641' title='bbox 537 5317 836 5374; x_wconf 88' lang='lat' dir='ltr'>deciderat</span> <span class='ocrx_word' id='word_1_642' title='bbox 867 5323 1258 5390; x_wconf 90' lang='lat' dir='ltr'>peccatorum.</span> 
     </span>
    </p>
   </div>
   <div class='ocr_carea' id='block_1_91' title="bbox 373 5406 1334 5478">
    <p class='ocr_par' dir='ltr' id='par_1_91' title="bbox 373 5406 1334 5478">
     <span class='ocr_line' id='line_1_92' title="bbox 373 5406 1334 5478; baseline 0.003 -17"><span class='ocrx_word' id='word_1_643' title='bbox 373 5407 432 5461; x_wconf 97' lang='grc'>11</span> <span class='ocrx_word' id='word_1_644' title='bbox 511 5406 692 5462; x_wconf 84' lang='lat' dir='ltr'>Amici</span> <span class='ocrx_word' id='word_1_645' title='bbox 716 5408 829 5462; x_wconf 87' lang='lat' dir='ltr'>mei</span> <span class='ocrx_word' id='word_1_646' title='bbox 853 5410 906 5462; x_wconf 87' lang='lat' dir='ltr'>et</span> <span class='ocrx_word' id='word_1_647' title='bbox 930 5408 1180 5478; x_wconf 71' lang='lat' dir='ltr'>proximi</span> <span class='ocrx_word' id='word_1_648' title='bbox 1205 5409 1334 5464; x_wconf 88' lang='lat' dir='ltr'>mei.</span> 
     </span>
    </p>
   </div>
   <div class='ocr_carea' id='block_1_92' title="bbox 513 5493 1920 5571">
    <p class='ocr_par' dir='ltr' id='par_1_92' title="bbox 513 5493 1920 5571">
     <span class='ocr_line' id='line_1_93' title="bbox 513 5493 1920 5571; baseline 0.006 -21"><span class='ocrx_word' id='word_1_649' title='bbox 513 5493 812 5550; x_wconf 78' lang='lat' dir='ltr'>Adversum</span> <span class='ocrx_word' id='word_1_650' title='bbox 843 5511 932 5552; x_wconf 89' lang='lat' dir='ltr'>mc</span> <span class='ocrx_word' id='word_1_651' title='bbox 958 5497 1537 5571; x_wconf 81' lang='lat' dir='ltr'>appropinquavcrunt</span> <span class='ocrx_word' id='word_1_652' title='bbox 1563 5509 1614 5557; x_wconf 83' lang='lat' dir='ltr'>et</span> <span class='ocrx_word' id='word_1_653' title='bbox 1637 5503 1920 5560; x_wconf 84' lang='lat' dir='ltr'>steterunt.</span> 
     </span>
    </p>
   </div>
   <div class='ocr_carea' id='block_1_93' title="bbox 439 5583 2028 5666">
    <p class='ocr_par' dir='ltr' id='par_1_93' title="bbox 439 5583 2028 5666">
     <span class='ocr_line' id='line_1_94' title="bbox 439 5583 2028 5666; baseline 0.005 -22"><span class='ocrx_word' id='word_1_654' title='bbox 439 5585 487 5644; x_wconf 75' lang='grc' dir='ltr'><strong>Α</strong></span> <span class='ocrx_word' id='word_1_655' title='bbox 517 5583 814 5645; x_wconf 81' lang='lat' dir='ltr'>Hactenus</span> <span class='ocrx_word' id='word_1_656' title='bbox 845 5585 1148 5647; x_wconf 79' lang='lat' dir='ltr'>confessus</span> <span class='ocrx_word' id='word_1_657' title='bbox 1179 5589 1265 5648; x_wconf 84' lang='lat' dir='ltr'>est</span> <span class='ocrx_word' id='word_1_658' title='bbox 1287 5604 1414 5664; x_wconf 67' lang='lat' dir='ltr'>qua:</span> <span class='ocrx_word' id='word_1_659' title='bbox 1437 5589 1663 5666; x_wconf 90' lang='lat' dir='ltr'>patitur</span> <span class='ocrx_word' id='word_1_660' title='bbox 1689 5607 1724 5649; x_wconf 88' lang='lat' dir='ltr'>a</span> <span class='ocrx_word' id='word_1_661' title='bbox 1754 5606 1818 5651; x_wconf 90' lang='lat' dir='ltr'>se</span> <span class='ocrx_word' id='word_1_662' title='bbox 1848 5593 2028 5666; x_wconf 89' lang='lat' dir='ltr'>intus,</span> 
     </span>
    </p>
   </div>
   <div class='ocr_carea' id='block_1_94' title="bbox 2147 3273 3069 3350">
    <p class='ocr_par' dir='ltr' id='par_1_94' title="bbox 2147 3273 3069 3350">
     <span class='ocr_line' id='line_1_95' title="bbox 2147 3273 3069 3350; baseline -0.004 -16"><span class='ocrx_word' id='word_1_663' title='bbox 2147 3281 2206 3334; x_wconf 89' lang='lat' dir='ltr'>et</span> <span class='ocrx_word' id='word_1_664' title='bbox 2235 3295 2349 3333; x_wconf 91' lang='lat' dir='ltr'>non</span> <span class='ocrx_word' id='word_1_665' title='bbox 2382 3276 2731 3350; x_wconf 86' lang='lat' dir='ltr'>respondere</span> <span class='ocrx_word' id='word_1_666' title='bbox 2758 3273 3069 3331; x_wconf 89' lang='lat' dir='ltr'>contraria.</span> 
     </span>
    </p>
   </div>
   <div class='ocr_carea' id='block_1_95' title="bbox 2149 3361 3484 3438">
    <p class='ocr_par' dir='ltr' id='par_1_95' title="bbox 2149 3361 3484 3438">
     <span class='ocr_line' id='line_1_96' title="bbox 2149 3361 3484 3438; baseline -0.001 -18"><span class='ocrx_word' id='word_1_667' title='bbox 2149 3367 2219 3422; x_wconf 93' lang='grc'>15</span> <span class='ocrx_word' id='word_1_668' title='bbox 2293 3369 2360 3423; x_wconf 84' lang='lat' dir='ltr'>Et</span> <span class='ocrx_word' id='word_1_669' title='bbox 2387 3367 2564 3438; x_wconf 87' lang='lat' dir='ltr'>factus</span> <span class='ocrx_word' id='word_1_670' title='bbox 2591 3381 2714 3422; x_wconf 85' lang='lat' dir='ltr'>sum</span> <span class='ocrx_word' id='word_1_671' title='bbox 2741 3365 2883 3421; x_wconf 84' lang='lat' dir='ltr'>sicut</span> <span class='ocrx_word' id='word_1_672' title='bbox 2911 3363 3068 3421; x_wconf 83' lang='lat' dir='ltr'>homo</span> <span class='ocrx_word' id='word_1_673' title='bbox 3095 3380 3208 3420; x_wconf 86' lang='lat' dir='ltr'>non</span> <span class='ocrx_word' id='word_1_674' title='bbox 3236 3361 3484 3420; x_wconf 82' lang='lat' dir='ltr'>audiens.</span> 
     </span>
    </p>
   </div>
   <div class='ocr_carea' id='block_1_96' title="bbox 2290 3451 3512 3524">
    <p class='ocr_par' dir='ltr' id='par_1_96' title="bbox 2290 3451 3512 3524">
     <span class='ocr_line' id='line_1_97' title="bbox 2290 3451 3512 3524; baseline -0.002 -14"><span class='ocrx_word' id='word_1_675' title='bbox 2290 3457 2358 3510; x_wconf 81' lang='lat' dir='ltr'>Et</span> <span class='ocrx_word' id='word_1_676' title='bbox 2383 3471 2490 3512; x_wconf 86' lang='lat' dir='ltr'>non</span> <span class='ocrx_word' id='word_1_677' title='bbox 2522 3455 2726 3512; x_wconf 84' lang='lat' dir='ltr'>habens</span> <span class='ocrx_word' id='word_1_678' title='bbox 2755 3455 2814 3510; x_wconf 87' lang='lat' dir='ltr'>in</span> <span class='ocrx_word' id='word_1_679' title='bbox 2845 3470 2936 3510; x_wconf 88' lang='lat' dir='ltr'>ore</span> <span class='ocrx_word' id='word_1_680' title='bbox 2963 3467 3060 3510; x_wconf 84' lang='lat' dir='ltr'>suo</span> <span class='ocrx_word' id='word_1_681' title='bbox 3083 3451 3512 3524; x_wconf 81' lang='lat' dir='ltr'>redarg-utiones.</span> 
     </span>
    </p>
   </div>
   <div class='ocr_carea' id='block_1_97' title="bbox 2218 3537 3802 3613">
    <p class='ocr_par' dir='ltr' id='par_1_97' title="bbox 2218 3537 3802 3613">
     <span class='ocr_line' id='line_1_98' title="bbox 2218 3537 3802 3613; baseline -0.003 -15"><span class='ocrx_word' id='word_1_682' title='bbox 2218 3541 2266 3598; x_wconf 87' lang='lat' dir='ltr'><strong>H</strong></span> <span class='ocrx_word' id='word_1_683' title='bbox 2297 3543 2392 3600; x_wconf 91' lang='lat' dir='ltr'>Sic</span> <span class='ocrx_word' id='word_1_684' title='bbox 2437 3543 2619 3600; x_wconf 86' lang='lat' dir='ltr'>tacuit</span> <span class='ocrx_word' id='word_1_685' title='bbox 2646 3539 2914 3600; x_wconf 88' lang='lat' dir='ltr'>Christus</span> <span class='ocrx_word' id='word_1_686' title='bbox 2959 3545 3268 3598; x_wconf 88' lang='lat' dir='ltr'>accusatus</span> <span class='ocrx_word' id='word_1_687' title='bbox 3308 3558 3342 3597; x_wconf 94' lang='lat' dir='ltr'>a</span> <span class='ocrx_word' id='word_1_688' title='bbox 3383 3537 3600 3597; x_wconf 73' lang='lat' dir='ltr'>Judsais</span> <span class='ocrx_word' id='word_1_689' title='bbox 3631 3539 3802 3613; x_wconf 89' lang='lat' dir='ltr'>quasi</span> 
     </span>
    </p>
   </div>
   <div class='ocr_carea' id='block_1_98' title="bbox 2149 3629 3808 3705">
    <p class='ocr_par' dir='ltr' id='par_1_98' title="bbox 2149 3629 3808 3705">
     <span class='ocr_line' id='line_1_99' title="bbox 2149 3629 3808 3705; baseline -0.002 -17"><span class='ocrx_word' id='word_1_690' title='bbox 2149 3649 2264 3689; x_wconf 92' lang='lat' dir='ltr'>non</span> <span class='ocrx_word' id='word_1_691' title='bbox 2294 3631 2534 3689; x_wconf 88' lang='lat' dir='ltr'>haberet</span> <span class='ocrx_word' id='word_1_692' title='bbox 2563 3629 2706 3705; x_wconf 91' lang='lat' dir='ltr'>quid</span> <span class='ocrx_word' id='word_1_693' title='bbox 2736 3648 2840 3704; x_wconf 93' lang='lat' dir='ltr'>pro</span> <span class='ocrx_word' id='word_1_694' title='bbox 2867 3645 2929 3688; x_wconf 89' lang='lat' dir='ltr'>se</span> <span class='ocrx_word' id='word_1_695' title='bbox 2958 3630 3309 3703; x_wconf 89' lang='lat' dir='ltr'>respondere</span> <span class='ocrx_word' id='word_1_696' title='bbox 3336 3629 3590 3698; x_wconf 77' lang='lat' dir='ltr'>deberet,</span> <span class='ocrx_word' id='word_1_697' title='bbox 3613 3643 3808 3684; x_wconf 86' lang='lat' dir='ltr'>exem-</span> 
     </span>
    </p>
   </div>
   <div class='ocr_carea' id='block_1_99' title="bbox 2148 3717 3810 3794">
    <p class='ocr_par' dir='ltr' id='par_1_99' title="bbox 2148 3717 3810 3794">
     <span class='ocr_line' id='line_1_100' title="bbox 2148 3717 3810 3794; baseline -0.001 -18"><span class='ocrx_word' id='word_1_698' title='bbox 2148 3720 2312 3794; x_wconf 92' lang='lat' dir='ltr'>plum</span> <span class='ocrx_word' id='word_1_699' title='bbox 2343 3721 2610 3777; x_wconf 89' lang='lat' dir='ltr'>tribuens</span> <span class='ocrx_word' id='word_1_700' title='bbox 2639 3719 2888 3789; x_wconf 90' lang='lat' dir='ltr'>homini,</span> <span class='ocrx_word' id='word_1_701' title='bbox 2911 3723 2978 3774; x_wconf 91' lang='lat' dir='ltr'>ut</span> <span class='ocrx_word' id='word_1_702' title='bbox 3007 3717 3234 3792; x_wconf 81' lang='lat' dir='ltr'>ﬂagella</span> <span class='ocrx_word' id='word_1_703' title='bbox 3254 3735 3358 3792; x_wconf 88' lang='lat' dir='ltr'>pro</span> <span class='ocrx_word' id='word_1_704' title='bbox 3379 3718 3494 3774; x_wconf 92' lang='lat' dir='ltr'>Deo</span> <span class='ocrx_word' id='word_1_705' title='bbox 3517 3717 3810 3792; x_wconf 84' lang='lat' dir='ltr'>patienter</span> 
     </span>
    </p>
   </div>
   <div class='ocr_carea' id='block_1_100' title="bbox 2149 3805 3810 3884">
    <p class='ocr_par' dir='ltr' id='par_1_100' title="bbox 2149 3805 3810 3884">
     <span class='ocr_line' id='line_1_101' title="bbox 2149 3805 3810 3884; baseline -0.003 -17"><span class='ocrx_word' id='word_1_706' title='bbox 2149 3814 2381 3884; x_wconf 87' lang='lat' dir='ltr'>portare</span> <span class='ocrx_word' id='word_1_707' title='bbox 2413 3809 2641 3876; x_wconf 89' lang='lat' dir='ltr'>debeat,</span> <span class='ocrx_word' id='word_1_708' title='bbox 2669 3808 2798 3864; x_wconf 88' lang='lat' dir='ltr'>ideo</span> <span class='ocrx_word' id='word_1_709' title='bbox 2828 3823 2943 3863; x_wconf 91' lang='lat' dir='ltr'>non</span> <span class='ocrx_word' id='word_1_710' title='bbox 2971 3806 3271 3880; x_wconf 86' lang='lat' dir='ltr'>redarguit</span> <span class='ocrx_word' id='word_1_711' title='bbox 3289 3823 3352 3864; x_wconf 89' lang='lat' dir='ltr'>se</span> <span class='ocrx_word' id='word_1_712' title='bbox 3376 3805 3592 3880; x_wconf 89' lang='lat' dir='ltr'>injuste</span> <span class='ocrx_word' id='word_1_713' title='bbox 3621 3805 3810 3864; x_wconf 85' lang='lat' dir='ltr'>incre-</span> 
     </span>
    </p>
   </div>
   <div class='ocr_carea' id='block_1_101' title="bbox 2147 3903 2379 3973">
    <p class='ocr_par' dir='ltr' id='par_1_101' title="bbox 2147 3903 2379 3973">
     <span class='ocr_line' id='line_1_102' title="bbox 2147 3903 2379 3973; baseline -0.009 -17"><span class='ocrx_word' id='word_1_714' title='bbox 2147 3903 2379 3973; x_wconf 89' lang='lat' dir='ltr'>pantes.</span> 
     </span>
    </p>
   </div>
   <div class='ocr_carea' id='block_1_102' title="bbox 2149 3986 3332 4058">
    <p class='ocr_par' dir='ltr' id='par_1_102' title="bbox 2149 3986 3332 4058">
     <span class='ocr_line' id='line_1_103' title="bbox 2149 3986 3332 4058; baseline -0.002 -14"><span class='ocrx_word' id='word_1_715' title='bbox 2149 3989 2218 4044; x_wconf 88' lang='grc'>16</span> <span class='ocrx_word' id='word_1_716' title='bbox 2291 3990 2562 4058; x_wconf 87' lang='lat' dir='ltr'>Quoniam</span> <span class='ocrx_word' id='word_1_717' title='bbox 2591 3988 2657 4044; x_wconf 84' lang='lat' dir='ltr'>in</span> <span class='ocrx_word' id='word_1_718' title='bbox 2687 3993 2755 4052; x_wconf 88' lang='lat' dir='ltr'>te,</span> <span class='ocrx_word' id='word_1_719' title='bbox 2788 3986 3036 4054; x_wconf 84' lang='lat' dir='ltr'>Domine,</span> <span class='ocrx_word' id='word_1_720' title='bbox 3067 3987 3283 4058; x_wconf 83' lang='lat' dir='ltr'>speravi</span> <span class='ocrx_word' id='word_1_721' title='bbox 3313 4003 3332 4042; x_wconf 91' lang='lat'><strong><em>:</em></strong></span> 
     </span>
    </p>
   </div>
   <div class='ocr_carea' id='block_1_103' title="bbox 2294 4072 3430 4144">
    <p class='ocr_par' dir='ltr' id='par_1_103' title="bbox 2294 4072 3430 4144">
     <span class='ocr_line' id='line_1_104' title="bbox 2294 4072 3430 4144; baseline -0.003 -12"><span class='ocrx_word' id='word_1_722' title='bbox 2294 4072 2369 4133; x_wconf 82' lang='lat' dir='ltr'>Tu</span> <span class='ocrx_word' id='word_1_723' title='bbox 2398 4075 2660 4134; x_wconf 73' lang='lat' dir='ltr'>exaudies</span> <span class='ocrx_word' id='word_1_724' title='bbox 2690 4092 2796 4144; x_wconf 88' lang='lat' dir='ltr'>me,</span> <span class='ocrx_word' id='word_1_725' title='bbox 2827 4075 3057 4131; x_wconf 87' lang='lat' dir='ltr'>Domine</span> <span class='ocrx_word' id='word_1_726' title='bbox 3086 4077 3232 4132; x_wconf 82' lang='lat' dir='ltr'>Deus</span> <span class='ocrx_word' id='word_1_727' title='bbox 3259 4090 3430 4130; x_wconf 79' lang='lat' dir='ltr'>meus.</span> 
     </span>
    </p>
   </div>
   <div class='ocr_carea' id='block_1_104' title="bbox 2217 4159 3808 4239">
    <p class='ocr_par' dir='ltr' id='par_1_104' title="bbox 2217 4159 3808 4239">
     <span class='ocr_line' id='line_1_105' title="bbox 2217 4159 3808 4239; baseline -0.003 -17"><span class='ocrx_word' id='word_1_728' title='bbox 2217 4165 2258 4222; x_wconf 92' lang='lat' dir='ltr'>C</span> <span class='ocrx_word' id='word_1_729' title='bbox 2282 4163 2416 4222; x_wconf 89' lang='lat' dir='ltr'>Ideo</span> <span class='ocrx_word' id='word_1_730' title='bbox 2445 4163 2784 4239; x_wconf 89' lang='lat' dir='ltr'>petitionem</span> <span class='ocrx_word' id='word_1_731' title='bbox 2813 4179 2986 4220; x_wconf 90' lang='lat' dir='ltr'>suam</span> <span class='ocrx_word' id='word_1_732' title='bbox 3017 4162 3441 4219; x_wconf 86' lang='lat' dir='ltr'>exaudiendam</span> <span class='ocrx_word' id='word_1_733' title='bbox 3470 4160 3628 4230; x_wconf 90' lang='lat' dir='ltr'>dicit,</span> <span class='ocrx_word' id='word_1_734' title='bbox 3663 4159 3808 4234; x_wconf 84' lang='lat' dir='ltr'>quia</span> 
     </span>
    </p>
   </div>
   <div class='ocr_carea' id='block_1_105' title="bbox 2149 4248 3805 4328">
    <p class='ocr_par' dir='ltr' id='par_1_105' title="bbox 2149 4248 3805 4328">
     <span class='ocr_line' id='line_1_106' title="bbox 2149 4248 3805 4328; baseline -0.004 -18"><span class='ocrx_word' id='word_1_735' title='bbox 2149 4267 2211 4310; x_wconf 88' lang='lat' dir='ltr'>se</span> <span class='ocrx_word' id='word_1_736' title='bbox 2233 4253 2294 4310; x_wconf 90' lang='lat' dir='ltr'>in</span> <span class='ocrx_word' id='word_1_737' title='bbox 2317 4255 2502 4312; x_wconf 90' lang='lat' dir='ltr'>Deum</span> <span class='ocrx_word' id='word_1_738' title='bbox 2520 4269 2787 4328; x_wconf 89' lang='lat' dir='ltr'>sperasse</span> <span class='ocrx_word' id='word_1_739' title='bbox 2809 4250 3071 4321; x_wconf 81' lang='lat' dir='ltr'>conﬁdit,</span> <span class='ocrx_word' id='word_1_740' title='bbox 3085 4249 3220 4308; x_wconf 87' lang='lat' dir='ltr'>talis</span> <span class='ocrx_word' id='word_1_741' title='bbox 3239 4253 3578 4306; x_wconf 87' lang='lat' dir='ltr'>sanctorum</span> <span class='ocrx_word' id='word_1_742' title='bbox 3598 4248 3805 4306; x_wconf 87' lang='lat' dir='ltr'>volun-</span> 
     </span>
    </p>
   </div>
   <div class='ocr_carea' id='block_1_106' title="bbox 2148 4337 3805 4411">
    <p class='ocr_par' dir='ltr' id='par_1_106' title="bbox 2148 4337 3805 4411">
     <span class='ocr_line' id='line_1_107' title="bbox 2148 4337 3805 4411; baseline -0.002 -13"><span class='ocrx_word' id='word_1_743' title='bbox 2148 4346 2260 4411; x_wconf 89' lang='lat' dir='ltr'>tas,</span> <span class='ocrx_word' id='word_1_744' title='bbox 2295 4342 2409 4398; x_wconf 80' lang='lat' dir='ltr'>ta‘le</span> <span class='ocrx_word' id='word_1_745' title='bbox 2445 4343 2554 4399; x_wconf 72' lang='lat' dir='ltr'>ﬁxa</span> <span class='ocrx_word' id='word_1_746' title='bbox 2598 4345 2793 4399; x_wconf 85' lang='lat' dir='ltr'>mente</span> <span class='ocrx_word' id='word_1_747' title='bbox 2824 4339 3160 4410; x_wconf 85' lang='lat' dir='ltr'>consilium,</span> <span class='ocrx_word' id='word_1_748' title='bbox 3182 4344 3248 4396; x_wconf 88' lang='lat' dir='ltr'>ut</span> <span class='ocrx_word' id='word_1_749' title='bbox 3279 4355 3394 4396; x_wconf 92' lang='lat' dir='ltr'>non</span> <span class='ocrx_word' id='word_1_750' title='bbox 3425 4337 3805 4396; x_wconf 89' lang='lat' dir='ltr'>emolimento</span> 
     </span>
    </p>
   </div>
   <div class='ocr_carea' id='block_1_107' title="bbox 2148 4424 3804 4505">
    <p class='ocr_par' dir='ltr' id='par_1_107' title="bbox 2148 4424 3804 4505">
     <span class='ocr_line' id='line_1_108' title="bbox 2148 4424 3804 4505; baseline -0.002 -18"><span class='ocrx_word' id='word_1_751' title='bbox 2148 4427 2342 4504; x_wconf 89' lang='lat' dir='ltr'>aliquo</span> <span class='ocrx_word' id='word_1_752' title='bbox 2363 4429 2664 4505; x_wconf 68' lang='lat' dir='ltr'>praesentis</span> <span class='ocrx_word' id='word_1_753' title='bbox 2681 4429 2982 4505; x_wconf 88' lang='lat' dir='ltr'>temporis,</span> <span class='ocrx_word' id='word_1_754' title='bbox 2997 4430 3099 4486; x_wconf 90' lang='lat' dir='ltr'>sed</span> <span class='ocrx_word' id='word_1_755' title='bbox 3123 4433 3354 4486; x_wconf 89' lang='lat' dir='ltr'>tantum</span> <span class='ocrx_word' id='word_1_756' title='bbox 3375 4425 3684 4485; x_wconf 88' lang='lat' dir='ltr'>dilectione</span> <span class='ocrx_word' id='word_1_757' title='bbox 3699 4424 3804 4484; x_wconf 81' lang='lat' dir='ltr'>Dei</span> 
     </span>
    </p>
   </div>
   <div class='ocr_carea' id='block_1_108' title="bbox 2149 4520 2474 4594">
    <p class='ocr_par' dir='ltr' id='par_1_108' title="bbox 2149 4520 2474 4594">
     <span class='ocr_line' id='line_1_109' title="bbox 2149 4520 2474 4594; baseline 0 -18"><span class='ocrx_word' id='word_1_758' title='bbox 2149 4520 2474 4594; x_wconf 86' lang='lat' dir='ltr'>capiantur.</span> 
     </span>
    </p>
   </div>
   <div class='ocr_carea' id='block_1_109' title="bbox 2144 4605 3791 4682">
    <p class='ocr_par' dir='ltr' id='par_1_109' title="bbox 2144 4605 3791 4682">
     <span class='ocr_line' id='line_1_110' title="bbox 2144 4605 3791 4682; baseline -0.003 -16"><span class='ocrx_word' id='word_1_759' title='bbox 2144 4611 2210 4666; x_wconf 89' lang='grc'>17</span> <span class='ocrx_word' id='word_1_760' title='bbox 2282 4611 2428 4680; x_wconf 87' lang='lat' dir='ltr'>Quia</span> <span class='ocrx_word' id='word_1_761' title='bbox 2473 4607 2599 4665; x_wconf 74' lang='lat' dir='ltr'>dixi</span> <span class='ocrx_word' id='word_1_762' title='bbox 2638 4624 2652 4664; x_wconf 89' lang='lat'><strong>:</strong></span> <span class='ocrx_word' id='word_1_763' title='bbox 2697 4607 2993 4682; x_wconf 87' lang='lat' dir='ltr'>Nequando</span> <span class='ocrx_word' id='word_1_764' title='bbox 3037 4605 3474 4681; x_wconf 84' lang='lat' dir='ltr'>supergaudeant</span> <span class='ocrx_word' id='word_1_765' title='bbox 3499 4611 3556 4672; x_wconf 59' lang='grc' dir='ltr'>ἐς</span> <span class='ocrx_word' id='word_1_766' title='bbox 3591 4605 3737 4662; x_wconf 84' lang='lat' dir='ltr'>mihi</span> <span class='ocrx_word' id='word_1_767' title='bbox 3776 4609 3791 4671; x_wconf 76' lang='grc' dir='ltr'>ζ</span> 
     </span>
    </p>
   </div>
   <div class='ocr_carea' id='block_1_110' title="bbox 2361 4699 2758 4756">
    <p class='ocr_par' dir='ltr' id='par_1_110' title="bbox 2361 4699 2758 4756">
     <span class='ocr_line' id='line_1_111' title="bbox 2361 4699 2758 4756; baseline 0.003 -2"><span class='ocrx_word' id='word_1_768' title='bbox 2361 4699 2582 4754; x_wconf 88' lang='lat' dir='ltr'>inimici</span> <span class='ocrx_word' id='word_1_769' title='bbox 2606 4699 2718 4754; x_wconf 82' lang='lat' dir='ltr'>mei</span> <span class='ocrx_word' id='word_1_770' title='bbox 2743 4714 2758 4756; x_wconf 86' lang='lat'><strong>:</strong></span> 
     </span>
    </p>
   </div>
   <div class='ocr_carea' id='block_1_111' title="bbox 2283 4785 3807 4860">
    <p class='ocr_par' dir='ltr' id='par_1_111' title="bbox 2283 4785 3807 4860">
     <span class='ocr_line' id='line_1_112' title="bbox 2283 4785 3807 4860; baseline -0.002 -18"><span class='ocrx_word' id='word_1_771' title='bbox 2283 4788 2359 4842; x_wconf 86' lang='lat' dir='ltr'>Et</span> <span class='ocrx_word' id='word_1_772' title='bbox 2387 4787 2520 4843; x_wconf 87' lang='lat' dir='ltr'>dum</span> <span class='ocrx_word' id='word_1_773' title='bbox 2549 4793 2950 4844; x_wconf 83' lang='lat' dir='ltr'>commoventur</span> <span class='ocrx_word' id='word_1_774' title='bbox 2960 4785 3122 4860; x_wconf 84' lang='lat' dir='ltr'>pedes</span> <span class='ocrx_word' id='word_1_775' title='bbox 3151 4788 3263 4844; x_wconf 88' lang='lat' dir='ltr'>mei</span> <span class='ocrx_word' id='word_1_776' title='bbox 3287 4799 3454 4860; x_wconf 82' lang='lat' dir='ltr'>super</span> <span class='ocrx_word' id='word_1_777' title='bbox 3483 4801 3571 4842; x_wconf 88' lang='lat' dir='ltr'>me</span> <span class='ocrx_word' id='word_1_778' title='bbox 3597 4798 3807 4855; x_wconf 85' lang='lat' dir='ltr'>magna</span> 
     </span>
    </p>
   </div>
   <div class='ocr_carea' id='block_1_112' title="bbox 2358 4875 2702 4932">
    <p class='ocr_par' dir='ltr' id='par_1_112' title="bbox 2358 4875 2702 4932">
     <span class='ocr_line' id='line_1_113' title="bbox 2358 4875 2702 4932; baseline 0 0"><span class='ocrx_word' id='word_1_779' title='bbox 2358 4875 2530 4932; x_wconf 86' lang='lat' dir='ltr'>locuti</span> <span class='ocrx_word' id='word_1_780' title='bbox 2553 4884 2702 4932; x_wconf 87' lang='lat' dir='ltr'>sunt.</span> 
     </span>
    </p>
   </div>
   <div class='ocr_carea' id='block_1_113' title="bbox 2211 4959 3803 5040">
    <p class='ocr_par' dir='ltr' id='par_1_113' title="bbox 2211 4959 3803 5040">
     <span class='ocr_line' id='line_1_114' title="bbox 2211 4959 3803 5040; baseline -0.004 -18"><span class='ocrx_word' id='word_1_781' title='bbox 2211 4965 2260 5022; x_wconf 83' lang='grc' dir='ltr'><strong><em>Η</em></strong></span> <span class='ocrx_word' id='word_1_782' title='bbox 2290 4964 2651 5022; x_wconf 89' lang='lat' dir='ltr'>Insultarent</span> <span class='ocrx_word' id='word_1_783' title='bbox 2704 4963 2928 5021; x_wconf 90' lang='lat' dir='ltr'>inimici</span> <span class='ocrx_word' id='word_1_784' title='bbox 2978 4963 3212 5022; x_wconf 87' lang='lat' dir='ltr'>Christo</span> <span class='ocrx_word' id='word_1_785' title='bbox 3269 4961 3616 5040; x_wconf 86' lang='lat' dir='ltr'>gaudentes,</span> <span class='ocrx_word' id='word_1_786' title='bbox 3641 4961 3690 5017; x_wconf 89' lang='lat' dir='ltr'>si</span> <span class='ocrx_word' id='word_1_787' title='bbox 3740 4959 3803 5016; x_wconf 92' lang='lat' dir='ltr'>in</span> 
     </span>
    </p>
   </div>
   <div class='ocr_carea' id='block_1_114' title="bbox 2144 5051 3808 5130">
    <p class='ocr_par' dir='ltr' id='par_1_114' title="bbox 2144 5051 3808 5130">
     <span class='ocr_line' id='line_1_115' title="bbox 2144 5051 3808 5130; baseline -0.005 -18"><span class='ocrx_word' id='word_1_788' title='bbox 2144 5053 2418 5130; x_wconf 84' lang='lat' dir='ltr'>passione</span> <span class='ocrx_word' id='word_1_789' title='bbox 2434 5052 2782 5110; x_wconf 88' lang='lat' dir='ltr'>humiliatus</span> <span class='ocrx_word' id='word_1_790' title='bbox 2799 5069 2915 5110; x_wconf 89' lang='lat' dir='ltr'>non</span> <span class='ocrx_word' id='word_1_791' title='bbox 2933 5054 3303 5112; x_wconf 85' lang='lat' dir='ltr'>surrexisset.</span> <span class='ocrx_word' id='word_1_792' title='bbox 3321 5053 3504 5111; x_wconf 89' lang='lat' dir='ltr'>Pedes</span> <span class='ocrx_word' id='word_1_793' title='bbox 3525 5051 3808 5109; x_wconf 87' lang='lat' dir='ltr'>dicuntur</span> 
     </span>
    </p>
   </div>
   <div class='ocr_carea' id='block_1_115' title="bbox 2143 5139 3802 5217">
    <p class='ocr_par' dir='ltr' id='par_1_115' title="bbox 2143 5139 3802 5217">
     <span class='ocr_line' id='line_1_116' title="bbox 2143 5139 3802 5217; baseline -0.004 -15"><span class='ocrx_word' id='word_1_794' title='bbox 2143 5143 2520 5212; x_wconf 87' lang='lat' dir='ltr'>commoveri,</span> <span class='ocrx_word' id='word_1_795' title='bbox 2545 5143 2603 5200; x_wconf 92' lang='lat' dir='ltr'>id</span> <span class='ocrx_word' id='word_1_796' title='bbox 2633 5147 2724 5201; x_wconf 87' lang='lat' dir='ltr'>est</span> <span class='ocrx_word' id='word_1_797' title='bbox 2754 5143 3000 5217; x_wconf 88' lang='lat' dir='ltr'>apostoli</span> <span class='ocrx_word' id='word_1_798' title='bbox 3041 5143 3113 5202; x_wconf 92' lang='lat' dir='ltr'>de</span> <span class='ocrx_word' id='word_1_799' title='bbox 3144 5143 3259 5200; x_wconf 85' lang='lat' dir='ltr'>fide</span> <span class='ocrx_word' id='word_1_800' title='bbox 3289 5139 3362 5200; x_wconf 87' lang='lat' dir='ltr'>ad</span> <span class='ocrx_word' id='word_1_801' title='bbox 3395 5139 3802 5197; x_wconf 80' lang='lat' dir='ltr'>infidelitatem</span> 
     </span>
    </p>
   </div>
   <div class='ocr_carea' id='block_1_116' title="bbox 2142 5226 3802 5307">
    <p class='ocr_par' dir='ltr' id='par_1_116' title="bbox 2142 5226 3802 5307">
     <span class='ocr_line' id='line_1_117' title="bbox 2142 5226 3802 5307; baseline -0.005 -16"><span class='ocrx_word' id='word_1_802' title='bbox 2142 5233 2670 5307; x_wconf 86' lang='lat' dir='ltr'>commoti.Magna</span> <span class='ocrx_word' id='word_1_803' title='bbox 2701 5231 2880 5290; x_wconf 88' lang='lat' dir='ltr'>locuti</span> <span class='ocrx_word' id='word_1_804' title='bbox 2913 5238 3054 5290; x_wconf 88' lang='lat' dir='ltr'>sunt</span> <span class='ocrx_word' id='word_1_805' title='bbox 3079 5231 3268 5290; x_wconf 65' lang='lat' dir='ltr'>Judaei</span> <span class='ocrx_word' id='word_1_806' title='bbox 3299 5227 3676 5288; x_wconf 86' lang='lat' dir='ltr'>dicentes:Si</span> <span class='ocrx_word' id='word_1_807' title='bbox 3708 5226 3802 5284; x_wconf 84' lang='lat' dir='ltr'>Fi-</span> 
     </span>
    </p>
   </div>
   <div class='ocr_carea' id='block_1_117' title="bbox 2139 5317 3571 5396">
    <p class='ocr_par' dir='ltr' id='par_1_117' title="bbox 2139 5317 3571 5396">
     <span class='ocr_line' id='line_1_118' title="bbox 2139 5317 3571 5396; baseline -0.004 -16"><span class='ocrx_word' id='word_1_808' title='bbox 2139 5321 2257 5380; x_wconf 90' lang='lat' dir='ltr'>lius</span> <span class='ocrx_word' id='word_1_809' title='bbox 2286 5321 2388 5380; x_wconf 90' lang='lat' dir='ltr'>Dei</span> <span class='ocrx_word' id='word_1_810' title='bbox 2420 5340 2504 5395; x_wconf 90' lang='lat' dir='ltr'>es,</span> <span class='ocrx_word' id='word_1_811' title='bbox 2526 5319 2814 5379; x_wconf 90' lang='lat' dir='ltr'>descende</span> <span class='ocrx_word' id='word_1_812' title='bbox 2845 5323 2916 5380; x_wconf 90' lang='lat' dir='ltr'>de</span> <span class='ocrx_word' id='word_1_813' title='bbox 2945 5334 3115 5380; x_wconf 86' lang='lat' dir='ltr'>cruce</span> <span class='ocrx_word' id='word_1_814' title='bbox 3135 5317 3347 5396; x_wconf 72' lang='lat' dir='ltr'>(Matth.</span> <span class='ocrx_word' id='word_1_815' title='bbox 3369 5320 3571 5394; x_wconf 67' lang='grc' dir='ltr'>κινεῖ).</span> 
     </span>
    </p>
   </div>
   <div class='ocr_carea' id='block_1_118' title="bbox 2141 5412 3332 5486">
    <p class='ocr_par' dir='ltr' id='par_1_118' title="bbox 2141 5412 3332 5486">
     <span class='ocr_line' id='line_1_119' title="bbox 2141 5412 3332 5486; baseline 0.001 -17"><span class='ocrx_word' id='word_1_816' title='bbox 2141 5414 2212 5469; x_wconf 87' lang='grc'>18</span> <span class='ocrx_word' id='word_1_817' title='bbox 2287 5412 2557 5482; x_wconf 84' lang='lat' dir='ltr'>Quoniam</span> <span class='ocrx_word' id='word_1_818' title='bbox 2587 5427 2684 5482; x_wconf 81' lang='lat' dir='ltr'>ego</span> <span class='ocrx_word' id='word_1_819' title='bbox 2714 5413 2774 5468; x_wconf 86' lang='lat' dir='ltr'>in</span> <span class='ocrx_word' id='word_1_820' title='bbox 2801 5413 3026 5486; x_wconf 80' lang='lat' dir='ltr'>ﬂagella</span> <span class='ocrx_word' id='word_1_821' title='bbox 3049 5415 3284 5486; x_wconf 78' lang='lat' dir='ltr'>paratus</span> <span class='ocrx_word' id='word_1_822' title='bbox 3319 5429 3332 5470; x_wconf 93' lang='lat'>:</span> 
     </span>
    </p>
   </div>
   <div class='ocr_carea' id='block_1_119' title="bbox 2282 5501 3510 5576">
    <p class='ocr_par' dir='ltr' id='par_1_119' title="bbox 2282 5501 3510 5576">
     <span class='ocr_line' id='line_1_120' title="bbox 2282 5501 3510 5576; baseline 0 -19"><span class='ocrx_word' id='word_1_823' title='bbox 2282 5501 2346 5558; x_wconf 80' lang='lat' dir='ltr'>Et</span> <span class='ocrx_word' id='word_1_824' title='bbox 2375 5501 2528 5559; x_wconf 87' lang='lat' dir='ltr'>dolor</span> <span class='ocrx_word' id='word_1_825' title='bbox 2557 5518 2708 5558; x_wconf 85' lang='lat' dir='ltr'>meus</span> <span class='ocrx_word' id='word_1_826' title='bbox 2738 5504 2801 5558; x_wconf 90' lang='lat' dir='ltr'>in</span> <span class='ocrx_word' id='word_1_827' title='bbox 2827 5510 3108 5575; x_wconf 83' lang='lat' dir='ltr'>conspectu</span> <span class='ocrx_word' id='word_1_828' title='bbox 3139 5518 3254 5557; x_wconf 85' lang='lat' dir='ltr'>meo</span> <span class='ocrx_word' id='word_1_829' title='bbox 3281 5517 3510 5576; x_wconf 87' lang='lat' dir='ltr'>semper.</span> 
     </span>
    </p>
   </div>
   <div class='ocr_carea' id='block_1_120' title="bbox 2212 5587 3796 5667">
    <p class='ocr_par' dir='ltr' id='par_1_120' title="bbox 2212 5587 3796 5667">
     <span class='ocr_line' id='line_1_121' title="bbox 2212 5587 3796 5667; baseline -0.003 -15"><span class='ocrx_word' id='word_1_830' title='bbox 2212 5592 2259 5652; x_wconf 88' lang='grc' dir='ltr'><strong>ΙΙ</strong></span> <span class='ocrx_word' id='word_1_831' title='bbox 2291 5592 2536 5650; x_wconf 86' lang='lat' dir='ltr'>Paratus</span> <span class='ocrx_word' id='word_1_832' title='bbox 2577 5596 2665 5650; x_wconf 87' lang='lat' dir='ltr'>est</span> <span class='ocrx_word' id='word_1_833' title='bbox 2709 5590 2977 5650; x_wconf 87' lang='lat' dir='ltr'>Christus</span> <span class='ocrx_word' id='word_1_834' title='bbox 3023 5591 3096 5650; x_wconf 85' lang='lat' dir='ltr'>ad</span> <span class='ocrx_word' id='word_1_835' title='bbox 3149 5589 3379 5667; x_wconf 82' lang='lat' dir='ltr'>ﬂagella</span> <span class='ocrx_word' id='word_1_836' title='bbox 3427 5587 3796 5664; x_wconf 80' lang='lat' dir='ltr'>sustinenda,</span> 
     </span>
    </p>
   </div>
  </div>
