4086 6180
268 282 376 352 165

1486 284 1898 358 EXPOSI'I‘IO
1942 294 2086 358 PSA
2098 284 2453 361 LMORUM.

3558 309 3673 372 166

266 416 516 494 crucem,
549 418 836 492 tandem,
868 425 965 496 fe},
999 430 1250 496 acetum,
1284 431 1349 483 ut
1372 436 1476 501 per
1501 429 1914 487 bancmortem
1944 434 2000 500 Α
2036 431 2331 487 nationem
2354 431 2587 489 Domini
2632 434 2843 491 intueri
2894 436 3080 509 possit
3113 456 3125 495 :
3159 439 3525 517 petentisque
3559 445 3671 504 sibi

266 524 372 569 suo
399 510 605 570 sancto
636 513 925 589 sanguine
942 519 1280 588 pereuntem
1307 517 1593 591 populum
1620 518 1915 576 liberaret.

266 603 331 659 Et
359 601 529 659 dolor
556 612 747 676 meus,
781 604 952 677 quasi
982 604 1178 663 dolere
1203 605 1502 663 Christum
1533 607 1755 664 dictum
1805 612 1914 675 est,

266 691 446 747 donec
474 694 715 764 ejiceret
742 698 911 749 suam
942 693 1245 751 victoriam
1286 694 1345 750 in
1369 695 1666 767 judicium
1717 700 1919 754 contra

264 780 519 836 Judsros.

265 869 335 924 49
409 869 683 937 Quoniam
711 862 1061 941 iniquitatem
1090 886 1266 930 meum
1293 875 1637 931 annuntiabo

421 952 515 1030 ox-
564 964 633 1016 Et
667 966 682 1026 ζ
732 962 977 1033 cogitabo
1000 976 1103 1035 pro
1126 972 1342 1036 peccato
1366 976 1504 1023 meo;
1792 1040 1797 1043 _

333 1050 381 1103 Α
412 1047 702 1113 Quoniam
723 1049 1095 1122 iniquitatem
1119 1046 1309 1110 meum
1331 1055 1714 1125 annuntiabo,
1749 1050 1806 1111 id
1831 1058 1922 1111 est

262 1137 406 1192 sicut
430 1137 817 1194 maledictioni
860 1140 1109 1196 (limatus
1153 1140 1444 1215 mbjacuz‘t,
1468 1150 1530 1201 ut
1554 1160 1652 1202 nos
1680 1163 1715 1201 a
1749 1146 1919 1203 male-

264 1226 412 1282 ﬁcto
440 1228 671 1283 erueret
701 1226 843 1299 (Gal.
876 1231 984 1298 III).
1018 1229 1102 1285 ita
1143 1234 1201 1286 et
1244 1235 1604 1304 peccatorem
1634 1246 1696 1291 se
1740 1234 1922 1308 proﬁ-

263 1316 444 1382 tetur,
499 1315 601 1388 qui
648 1320 885 1396 peccata
951 1323 1151 1375 nostra
1210 1324 1480 1393 portaret.
1534 1322 1604 1378 Et
1650 1324 1919 1396 cogitabo

260 1394 732 1476 (bgitaba‘tenim
764 1409 829 1461 ut
852 1405 1121 1463 clementi
1154 1410 1410 1483 cogitatu
1437 1411 1675 1469 humani
1688 1394 1923 1486 generis

261 1492 503 1560 delicta,
536 1503 666 1566 quae
715 1493 828 1549 sibi
877 1496 1253 1570 computavit,
1309 1497 1366 1553 in
1414 1501 1728 1574 semetipso
1774 1516 1919 1577 pur-

261 1585 453 1654 geret.

261 1671 338 1725 2O
410 1671 641 1728 Inimici
667 1679 845 1729 autem
874 1674 983 1729 mei
1010 1676 1203 1732 vivunt
1231 1680 1285 1732 et
1314 1679 1624 1750 conﬁrmati
1665 1685 1794 1737 sunt
1821 1694 1920 1736 su:-

478 1777 584 1832 per
609 1776 722 1817 me:

415 1850 865 1922 mmuﬂiph'cati
890 1856 1023 1908 sunt
1050 1854 1149 1924 qui
1175 1853 1408 1912 oderunt
1430 1868 1517 1914 me
1548 1858 1737 1930 inique

342 1937 630 1994 HVivent
675 1938 897 1996 inimici
952 1941 1101 2013 ejus,
1159 1944 1299 2015 quia
1354 1962 1470 2001 non
1527 1952 1668 2003 sunt
1721 1948 1921 2005 statim

262 2025 472 2082 divina
497 2026 719 2084 ultione
730 2029 943 2105 puniti.
959 2030 1297 2088 Conﬁrmati
1311 2037 1451 2090 sunt
1479 2034 1535 2091 in
1551 2036 1697 2109 legis
1710 2037 1919 2108 littera,

262 2115 331 2170 in
362 2131 483 2189 qua
512 2115 856 2196 spiritaliter
885 2119 1222 2176 nuntiatum
1256 2136 1371 2178 non
1418 2123 1848 2183 intellexerunt.
1883 2129 1924 2185 C

260 2205 369 2260 Vel
398 2205 729 2263 conﬁrmati
760 2210 901 2263 sunt
930 2207 990 2264 in
1022 2209 1263 2267 malitia.
1296 2212 1662 2286 Multiplicati
1696 2220 1833 2272 sunt
1863 2217 1923 2272 in

264 2293 665 2377 amylitudine
688 2297 952 2366 seminis,
986 2299 1086 2371 qui
1118 2298 1369 2358 oderunt
1383 2302 1677 2360 Christum
1704 2304 1921 2379 inique.

262 2384 319 2439 Η
346 2386 418 2439 Bt
445 2386 599 2441 certe
610 2386 726 2442 non
741 2387 1183 2459 rationabiliter,
1205 2389 1306 2447 sed
1322 2391 1522 2465 inique
1541 2394 1808 2464 oderunt,
1824 2395 1926 2468 qui

260 2474 331 2529 in
360 2473 474 2530 hac
501 2472 697 2531 littera
723 2482 925 2532 semen
958 2492 1155 2551 suum,
1187 2494 1291 2536 ceu
1324 2484 1484 2539 astra
1504 2482 1629 2539 οωὶί
1649 2482 1928 2557 multipli-

261 2564 392 2619 cari
421 2564 757 2621 credebant.

257 2655 335 2708 2t
418 2653 527 2720 Qui
553 2655 868 2710 retribuam
894 2654 1050 2736 mata
1072 2662 1175 2728 pro
1205 2659 1359 2716 bonis
1388 2660 1741 2719 detrahebant
1765 2662 1923 2721 inihi:

413 2742 696 2812 Quoniam
722 2743 988 2816 sequebar
1018 2745 1337 2804 bonitatem.

343 2831 393 2886 Η
425 2831 845 2888 Retribuebant
872 2833 1029 2890 mala
1058 2852 1163 2908 pro
1191 2836 1380 2907 bonis,
1415 2838 1555 2911 quia
1592 2838 1927 2897 aﬂ‘erentem

260 2919 647 2976 dulcedinem
672 2920 803 2976 vita:
833 2927 1059 2980 aeternae
1091 2926 1252 2982 aceto
1294 2931 1643 3000 putaverunt
1688 2933 1747 2986 et
1775 2924 1926 2986 felle.

261 3008 672 3066 Bch-abeunt
701 3010 844 3066 mihi
871 3011 1168 3071 dicentes:
1201 3006 1362 3073 Alios
1406 3015 1599 3074 salvos
1647 3017 1800 3086 nscit,
1845 3032 1947 3076 se~

262 3099 471 3172 ipsum
501 3104 618 3154 non
650 3102 839 3173 potest
869 3101 1099 3160 salvum
1116 3104 1304 3161 facere
1318 3104 1530 3179 (Matth.
1562 3111 1759 3181 XXVII).
1783 3110 1932 3174 Quo-

2026 520 2198 577 noxia
2227 520 2441 579 delicta
2469 522 2709 579 dimitti.

2170 611 2263 665 TT.
2286 613 2355 667 1η
2384 612 2552 683 ﬁnem
2577 629 2678 686 pro
2706 613 2965 671 Idithum.

2169 698 2455 756 Canticum
2485 702 2681 758 Dauid.

2098 787 2213 844 Cln
2234 789 2410 845 ﬁnem
2429 789 2569 862 quid
2584 791 2891 864 signiﬁcet,
2900 793 3025 865 jam
3060 800 3259 854 notum
3293 799 3671 859 est.ldithum

2028 873 2333 931 Hebraeum
2367 889 2576 933 nomen
2621 882 2729 947 est,
2763 883 2917 952 quod
2970 883 3171 941 Latine
3200 884 3415 944 dicitur
3462 894 3671 948 transi-

2030 964 2178 1032 titor,
2210 964 2457 1038 signans
2484 978 2619 1023 eum
2652 970 2750 1041 qui
2784 972 2987 1027 mundi
3028 972 3202 1031 istius
3243 977 3497 1034 varicata
3532 981 3674 1037 vitia

2029 1068 2137 1109 sua
2168 1054 2420 1126 puritate
2451 1057 2831 1115 transcendit.
2864 1060 3168 1119 Canticum
3217 1080 3352 1122 vero
3402 1065 3672 1125 humanae

2026 1141 2184 1198 vocis
2212 1142 2407 1199 divina
2430 1143 2559 1201 laus
2587 1144 2838 1205 laetantis
2867 1153 2977 1218 est,
3009 1152 3361 1226 quandoque
3390 1156 3445 1212 et
3474 1155 3671 1213 deleu-

2029 1231 2125 1299 tis,
2155 1249 2458 1305 nunquam
2490 1251 2622 1290 vero
2644 1236 2997 1308 paenitentis.

2032 1339 2058 1392 1
2133 1340 2268 1395 Dixi
2296 1358 2312 1393 :
2341 1339 2651 1397 Custodiam
2682 1345 2800 1399 vias
2822 1362 2986 1402 meas.

2176 1428 2239 1484 Ut
2267 1445 2373 1484 non
2404 1429 2720 1503 delinquam
2745 1434 2803 1488 in
2840 1435 3033 1507 lingua
3064 1454 3201 1494 mea.

2102 1515 2142 1571 C
2168 1515 2436 1587 Dixi,hoc
2458 1525 2567 1587 est,
2582 1520 2735 1594 apud
2767 1539 2860 1579 me
2890 1522 2949 1579 in
2977 1527 3148 1581 corde
3179 1545 3307 1584 meo
3339 1529 3672 1604 deliberavi;

2032 1606 2359 1662 custodiam
2390 1606 2534 1676 vias,
2569 1626 2684 1664 non
2735 1611 2875 1667 dicit
2906 1630 2939 1668 a
2981 1613 3347 1685 criminibus,
3380 1620 3520 1692 quia
3554 1618 3676 1694 jam

2031 1698 2271 1751 sanctus
2303 1701 2445 1766 erat,
2480 1698 2581 1753 sed
2613 1715 2647 1753 a
2677 1700 2990 1772 superfluis
3020 1704 3231 1771 verbis,
3266 1708 3393 1780 qua:
3420 1727 3550 1767 raro
3576 1729 3676 1785 po-

1952 1807 2000 1872 B
2032 1786 2148 1840 test
2175 1782 2360 1872 vitare
2388 1785 2472 1841 vel
2507 1788 2834 1857 continens,
2860 1789 3087 1869 facilius
3117 1794 3275 1851 enim
3306 1782 3680 1871 culpatacen-

2031 1874 2106 1928 do
2151 1868 2441 1947 refugit'ur
2478 1884 2656 1949 quam
2705 1877 3017 1952 loquendo,
3070 1882 3117 1939 Η
3160 1883 3316 1957 Vias,
3347 1868 3482 1944 vero
3539 1884 3680 1946 dicit

2031 1960 2292 2025 actiones
2322 1966 2379 2020 et
2407 1965 2600 2023 verba.

2029 2071 2066 2124 2
2136 2072 2308 2128 Ροεηί
2331 2074 2417 2128 ori
2442 2090 2558 2131 meo
2586 2075 2888 2133 custodiam
2916 2096 2936 2134 .-

2179 2160 2314 2216 Cum
2341 2165 2653 2241 consisteret
2678 2171 2931 2236 peccator
2955 2167 3244 2227 adversum
3270 2185 3374 2229 me.

2104 2249 2145 2305 C
2161 2249 2494 2308 Dicitureos
2511 2268 2638 2309 esse
2654 2254 2872 2311 ostium
2884 2255 2921 2310 li
2933 2273 3119 2329 nguaz,
3137 2266 3194 2315 et
3204 2261 3349 2318 bene
3366 2262 3467 2319 illa
3482 2264 3684 2323 clausa

2034 2338 2355 2394 salvabitur
2383 2340 2433 2395 si
2464 2342 2591 2413 ejus
2612 2342 2795 2413 janua
2828 2348 3179 2403 custoditur.
3211 2350 3365 2408 Dum
3395 2355 3680 2420 consistit,

2034 2428 2383 2500 peccator.H
2413 2429 2473 2485 id
2504 2435 2594 2487 est
2622 2431 2913 2501 diabolus.
2932 2435 3032 2507 qui
3062 2438 3682 2511 instigatoresteorum

2037 2515 2139 2589 qui
2164 2517 2384 2573 sanctis
2413 2517 2789 2577 insidiantur.
2811 2522 2859 2577 A
2885 2524 3036 2579 Situi
3063 2542 3186 2583 vero
3216 2545 3249 2583 a
3281 2529 3434 2587 bonis
3462 2547 3682 2589 annun-

2041 2606 2248 2661 tiandis
2275 2615 2499 2678 propter
2533 2610 2957 2667 calumniatores
2986 2615 3273 2672 uerborum
3302 2635 3565 2676 meorum.

2036 2714 2071 2768 3
2145 2712 2404 2769 Obmutui
2431 2723 2483 2770 et
2510 2716 2833 2773 humiliatus
2860 2734 2999 2786 sum,
3020 2724 3075 2776 et
3101 2723 3237 2778 silui
3262 2741 3296 2780 a
3334 2726 3490 2783 bonis
3522 2745 3541 2784 :

2177 2805 2246 2858 Et
2273 2803 2428 2859 dolor
2455 2821 2606 2860 meus
2635 2815 2924 2864 renouatus
2952 2817 3049 2865 est.

2038 2891 2086 2948 Η
2116 2891 2416 2961 Obmutui,
2441 2911 2513 2950 ne
2543 2910 2677 2951 cum
2706 2894 3076 2969 litigantibus
3107 2917 3337 2959 mecum
3369 2903 3681 2979 litigarem.

2038 2984 2077 3035 C
2119 2980 2477 3038 Humiliatus
2519 2987 2712 3039 autem
2763 2984 3058 3058 signiﬁcat
3102 2988 3267 3045 humi
3325 2998 3686 3065 prostratum

2038 3075 2244 3127 contra
2297 3087 2498 3126 eorum
2548 3070 2904 3145 improperia
2943 3074 3198 3134 siluisse.
3231 3079 3404 3135 Siluit
3428 3100 3464 3137 a
3490 3083 3680 3153 bonis,

264 3157 438 3244 nium
468 3157 761 3262 sequebar
788 3157 1530 3270 bonitatem'ai‘saiﬁféa;
1563 3157 1926 3255 arma;
1958 3172 2001 3246 C
2040 3159 2183 3270 ξιῗίθ
2211 3157 2499 3257 mihi”?
2532 3163 3082 3270 m°3f’2"ﬂ““¥‘“’i’
3112 3183 3259 3223 “0"”
3278 3168 3687 3270 P“““T“zf‘“‘f

263 3277 484 3346 Patris,
517 3284 622 3350 pun
644 3279 764 3334 vita
792 3280 991 3353 populi
1022 3282 1384 3356 susciperem
1418 3289 1686 3343 mortem.

259 3368 337 3423 22
420 3367 541 3425 Non
570 3367 918 3440 derelinquas
939 3381 1047 3439 me,
1083 3373 1345 3429 Domine:

423 3457 562 3512 Deus
589 3472 762 3523 meus,
793 3474 864 3514 ne
890 3458 1196 3517 discissam-is
1214 3467 1249 3517 ά
1276 3466 1381 3519 me.
1886 3530 1895 3537 ι

338 3543 399 3600 Η
426 3544 553 3600 Non
585 3544 961 3620 dereiinquas
990 3558 1107 3621 me,
1141 3549 1335 3624 inquit
1363 3550 1650 3619 Christus,
1672 3560 1806 3609 cum
1830 3564 1928 3627 pe-

261 3637 584 3690 neu-avere
612 3635 901 3707 profunda
928 3637 1163 3694 inﬁmi.
1212 3628 1257 3695 C
1285 3640 1388 3696 Vel
1435 3641 1533 3697 hoc
1564 3644 1700 3714 petit
1744 3642 1926 3715 pecni-

254 3729 424 3789 tens,
453 3726 521 3778 ut
549 3739 665 3779 non
716 3741 1032 3783 conversus
1081 3727 1448 3801 relinquatur
1476 3745 1509 3785 a
1547 3729 1665 3786 Deo
1709 3731 1926 3788 iterum

253 3818 537 3885 pauere.
569 3812 683 3868 Nec
715 3813 891 3870 etiam
918 3826 953 3872 τι
979 3828 1074 3872 me
1103 3816 1545 3892 discedas,q‘uia
1566 3825 1925 3891 necesseest,

254 3902 518 3957 absente
545 3904 603 3958 te
633 3901 964 3959 rcctissima
990 3904 1084 3961 vis.
1114 3914 1346 3979 θεωρεῖ
1373 3910 1587 3965 errare.

250 3990 330 4045 23
413 3990 640 4046 bit'endu
667 3993 728 4047 in
759 3992 1096 4065 adjutmium
1124 4006 1335 4053 meum:

410 4080 659 4149 Pontiae,
685 4070 826 4137 Deus
852 4084 1053 4140 salutis
1076 4096 1238 4141 mete:

332 4166 388 4225 Η
414 4168 661 4226 intende
689 4180 827 4244 ergo
858 4172 1001 4228 dicit
1029 4171 1086 4228 in
1120 4173 1501 4245 adjutorium.
1535 4176 1683 4241 Quia
1721 4180 1925 4250 graves

248 4260 411 4313 sunt
440 4264 650 4331 pugnae
680 4261 896 4329 carnis,
930 4265 990 4317 tu
1006 4261 1244 4319 intende
1259 4263 1316 4318 in
1331 4258 1688 4336 adjutorium
1704 4276 1926 4337 meum,

247 4350 313 4403 et
346 4344 481 4401 esto
510 4348 679 4405 nobis
709 4348 875 4406 salus
902 4350 964 4407 in
995 4353 1256 4423 tempore
1277 4351 1697 4410 tribulationis.
1720 4355 1761 4412 ϐ
1779 4342 1925 4412 Ecce

249 4428 475 4507 regula
503 4436 836 4509 paenitentis
865 4437 1104 4512 impleta
1132 4443 1240 4509 est,
1273 4441 1370 4513 qui
1396 4443 1586 4515 gratia
1614 4438 1715 4500 Dei
1733 4444 1919 4501 sesel-

251 4528 469 4580 vatum
502 4516 774 4583 exsultat.
1499 4568 1505 4572 -

711 4648 922 4691 ORARIO
960 4648 1030 4692 EX
1069 4648 1228 4693 PSAI‘...
1268 4646 1480 4695 XXXVII.
1544 4680 1550 4687 ο

340 4728 554 4797 Emitte
584 4734 843 4798 salutare
872 4747 1040 4799 tuum
1084 4738 1145 4799 in
1194 4742 1641 4801 inﬁrmitatibus
1690 4747 1928 4816 nostris,

261 4825 588 4885 vulnerum
621 4828 1081 4905 cicatricumque
1112 4831 1476 4891 mortalium.
1524 4835 1931 4906 potentissime

258 4906 610 4985 Hedicator,
652 4918 719 4974 ut
774 4924 1010 4977 omnem
1068 4915 1355 4994 gemitum
1399 4916 1778 4996 doloremque
1826 4922 1928 4980 no-

256 5010 461 5062 strum
491 5023 691 5064 coram.
721 5000 777 5064 te
806 5006 1196 5083 deplorantes,
1228 5004 1531 5068 valeamus
1562 5010 1823 5069 evincere
1846 5013 1930 5069 in-

256 5093 621 5152 sultation'es
652 5091 1089 5155 adversantium
1116 5098 1417 5157 Vitiorum.
1466 5099 1577 5157 Per
1612 5094 1926 5160 Dominum

259 5190 540 5240 nostrum
572 5183 775 5241 Jesum
807 5186 1129 5257 Christum,
1162 5192 1272 5245 etc.

758 5319 1086 5378 PSALMUS
1123 5320 1426 5379 XXXVI".

661 5418 1069 5468 mansurum
1106 5425 1256 5470 rem.
1293 5414 1533 5470 nm".

334 5502 380 5559 C
406 5504 534 5561 Vox
551 5504 701 5578 justi
753 5512 956 5566 contra
1003 5510 1274 5568 inimicos
1322 5511 1545 5569 utiliter
1585 5504 1834 5569 tacentis
1875 5515 1932 5569 et

265 5595 522 5669 petentis
555 5604 906 5671 adgnoscere
937 5599 1063 5657 vitae
1091 5614 1211 5658 sua
1241 5600 1439 5669 ﬁnem,
1473 5599 1525 5659 si
1555 5600 1702 5659 forte
1739 5600 1930 5659 incar-

1954 4550 2002 4615 D

2038 3247 2271 3303 latenus
2303 3246 2696 3319 acquiescant.
2712 3249 2882 3305 Dolor
2900 3251 3028 3322 ejus
3062 3260 3369 3313 renovatus
3393 3263 3501 3326 est,
3516 3260 3575 3316 id
3596 3265 3687 3316 est

2039 3335 2205 3391 dolor
2226 3335 2481 3408 pietatis,
2515 3352 2631 3408 quo
2661 3338 2815 3395 bona
2842 3340 3026 3397 tacuit
3070 3342 3245 3401 malis
3292 3347 3681 3406 auditoribus.

2037 3426 2085 3480 A
2116 3423 2290 3481 Dolor
2316 3423 2473 3481 enim
2503 3425 2604 3497 qui
2648 3426 2759 3482 fuit
2800 3427 2860 3483 in
2900 3428 3212 3502 loquendo,
3245 3450 3280 3489 a
3308 3451 3424 3508 que
3468 3437 3688 3509 quievit

2038 3514 2281 3583 silendo,
2315 3518 2628 3571 renovatus
2657 3520 2747 3572 est
2773 3532 2843 3573 ex
2872 3517 3125 3589 silentio,
3158 3539 3274 3595 quo
3300 3526 3533 3598 negavit
3546 3544 3685 3585 aon-

2039 3604 2224 3659 servis
2253 3596 2473 3659 cibaria
2500 3604 2628 3659 vitae
2658 3609 2716 3661 et
2743 3608 2983 3664 verbum
3007 3608 3130 3667 Dei.

2037 3712 2072 3765 4
2147 3704 2431 3766 Concaluit
2461 3727 2552 3767 cor
2576 3728 2759 3769 meum
2783 3714 2934 3770 intra
2960 3732 3048 3772 me
3076 3734 3096 3772 :

2177 3800 2244 3855 Et
2273 3800 2335 3855 in
2360 3798 2715 3857 meditatione
2739 3819 2860 3859 mea
2890 3806 3201 3863 exardescot

2105 3888 2148 3944 C
2178 3886 2483 3946 Concaluit
2513 3889 2703 3963 (dixit)
2753 3907 2853 3947 cor
2898 3910 3121 3965 meum,
3162 3895 3222 3953 id
3273 3904 3365 3954 est
3407 3899 3481 3955 ab
3528 3902 3690 3957 omni

2035 3982 2199 4050 parte
2234 3990 2584 4047 succensum
2615 3983 2724 4036 est.
2756 3980 2802 4036 Η
2832 3983 2878 4037 Α
2914 3985 3311 4043 recordatione
3343 3988 3687 4047 delictorum

2035 4067 2427 4140 propriorum.
2463 4068 2684 4125 CIntra
2722 4087 2836 4139 me,
2869 4071 2929 4127 in
2979 4073 3218 4131 homine
3260 4076 3553 4147 interiore,
3587 4079 3687 4135 ubi

2035 4156 2182 4212 ratio
2212 4157 2389 4212 tacite
2420 4156 2704 4230 loquitur.
2720 4160 2789 4215 Et
2820 4161 2877 4215 in
2908 4161 3286 4220 meditatione
3306 4167 3455 4220 mea.
3476 4166 3521 4221 Η
3538 4167 3688 4230 Quid

2036 4244 2337 4301 meditaris
2352 4245 2380 4301 ?
2396 4246 2557 4302 Istud
2578 4246 2822 4319 inquam
2845 4248 3094 4320 qualiter
3121 4249 3290 4306 illum
3318 4251 3512 4326 ignem
3532 4271 3690 4328 repe-

2036 4333 2151 4390 rire
2212 4334 2459 4407 possim,
2501 4334 2723 4391 scilicet
2765 4337 2950 4393 sancti
2995 4339 3250 4411 Spiritus
3292 4341 3394 4414 qui
3452 4342 3690 4416 peccata

2033 4423 2331 4479 consumit
2358 4426 2416 4479 et
2445 4421 2741 4480 illuminat
2767 4429 3046 4482 mentem.
3070 4429 3116 4483 A
3143 4427 3246 4486 Vel
3290 4429 3431 4503 quia
3473 4430 3591 4489 vidi
3620 4449 3690 4490 ex

2035 4512 2194 4569 omni
2225 4516 2390 4585 parte
2417 4510 2701 4585 pericula,
2733 4518 2792 4570 et
2819 4514 3113 4588 loquendo
3141 4520 3407 4592 tacenda,
3423 4524 3481 4578 et
3496 4524 3690 4579 tacen-

2036 4603 2112 4657 do
2140 4600 2453 4674 loquenda,
2486 4604 2661 4676 cmpit
2689 4620 2788 4660 cor
2817 4621 3016 4662 meum
3068 4607 3401 4681 inquietum
3448 4622 3598 4681 esse,
3632 4616 3691 4669 et

2038 4690 2228 4749 calore
2254 4690 2470 4749 fervere
2498 4693 2693 4751 divino

2037 4800 2074 4854 6
2147 4796 2379 4857 Locutus
2396 4818 2519 4857 sum
2547 4803 2607 4858 in
2637 4804 2831 4874 lingua
2859 4821 2981 4861 mea
3007 4822 3028 4861 .'

2180 4891 2379 4946 Notum
2399 4892 2490 4963 fac
2516 4890 2677 4960 mihi,
2712 4895 2961 4961 Domine,
2993 4894 3159 4963 ﬁnem
3186 4909 3388 4950 meum.

2109 4970 2151 5032 C
2166 4976 2547 5036 Proclamavit
2565 4976 2851 5052 Propheta
2881 4979 3250 5037 conscientia
3273 4981 3474 5054 lingua
3499 4984 3687 5041 veraci

2039 5066 2314 5133 Domino,
2350 5068 2449 5139 qui
2499 5067 2744 5125 siluerat
2790 5069 2956 5141 prius
2989 5069 3208 5127 dolosis
3235 5070 3514 5131 inimicis.
3546 5073 3693 5131 Petit

2037 5171 2196 5228 ergo,
2247 5155 2623 5212 meditatione
2672 5161 3025 5215 aeternorum
3073 5172 3374 5230 accensus,
3409 5165 3472 5218 ut
3510 5163 3689 5220 ﬁnem

2039 5252 2215 5300 suum
2248 5242 2495 5315 noverit,
2529 5243 2586 5300 id
2619 5247 2708 5301 est
2734 5244 3118 5306 Salvatorem.
3148 5249 3277 5324 Ipse
3303 5249 3461 5307 enim
3491 5256 3694 5308 noster

2038 5331 2175 5389 finis
2225 5334 2334 5403 est,
2386 5331 2458 5389 ad
2513 5346 2687 5407 quem
2750 5336 3105 5409 pervenisse,
3151 5339 3272 5395 vita
3317 5338 3425 5395 est.
3470 5334 3518 5395 Η
3563 5338 3691 5396 Non

2039 5422 2197 5480 enim
2244 5421 2418 5480 istius
2454 5423 2584 5479 vita:
2633 5424 2808 5481 ﬁnem
2867 5427 3077 5500 qumrit
3130 5428 3242 5484 sibi
3312 5428 3515 5485 notum
3563 5427 3690 5486 fieri

2039 5511 2349 5586 Propheta,
2375 5512 2474 5569 sed
2502 5510 2694 5584 illum,
2710 5514 2766 5571 in
2790 5531 2908 5591 quo
2925 5516 3221 5575 destructa
3242 5522 3428 5575 morte
3456 5516 3689 5576 Christo

2032 5604 2336 5681 jungatur.
