4112 6176
389 280 504 342 16⁸7

421 417 456 470 6
532 414 594 473 Et
621 430 914 472 numerum
942 413 1158 472 dierum
1183 429 1447 470 meorum.
1484 414 1616 482 Quis
1644 417 1763 470 est?

532 509 594 563 ω
620 507 795 562 sciam
822 504 954 578 quid
981 504 1119 560 desit
1148 505 1308 559 mihi.

457 596 500 651 C
538 594 750 651 Deinde
780 593 1072 650 desiderat
1102 593 1389 665 Propheta
1405 592 1554 648 scire
1571 609 1884 648 numerum
1915 593 2032 648 die-

386 683 613 750 rum,id
646 688 736 740 est
764 687 829 738 ut
856 681 1183 738 evidentius
1212 685 1537 754 appareret,
1569 681 1618 738 si
1651 679 1865 736 Christi
1896 697 2032 737 con-

386 777 652 846 spectum
683 771 976 844 corporeis
1003 769 1189 826 oculis
1213 774 1537 826 mereretur
1557 769 2032 844 aspicere.Addi-

385 863 492 931 dit,
526 867 593 918 ut
621 861 804 918 sciam
836 859 976 932 quid
1006 859 1160 915 desit
1193 857 1359 914 mihi.
1395 859 1616 914 Revera
1657 859 1859 914 deesse
1919 858 2032 914 sibi

293 979 304 993 -
379 949 681 1022 judicabat
709 949 778 1004 ad
827 947 1028 1016 vitam,
1064 947 1113 1004 si
1149 947 1278 1018 ejus
1320 965 1438 1004 non
1479 946 1790 1004 meruisset
1838 946 2032 1003 videre

385 1037 774 1110 praesentiam.
793 1037 839 1093 H
872 1037 1034 1104 Quod
1066 1041 1261 1092 autem
1288 1053 1404 1093 non
1435 1037 1507 1093 de
1527 1035 1650 1094 suis
1681 1035 1888 1092 diebus
1910 1035 2031 1091 haec

383 1129 675 1201 loquatur,
709 1126 1014 1200 sequentia
1042 1125 1272 1182 docent.

417 1219 454 1272 7
527 1217 658 1272 Ecce
687 1214 1091 1272 mensurabiles
1115 1216 1351 1286 posuisti
1377 1214 1492 1271 dies
1521 1231 1667 1270 meos
1700 1232 1712 1270 :

523 1307 590 1362 Et
615 1307 923 1363 substantia
947 1321 1070 1360 mea
1099 1311 1359 1377 tanquam
1386 1304 1630 1360 nihilum
1661 1312 1788 1359 ante
1815 1311 1882 1358 te.

455 1397 501 1452 H
532 1395 866 1454 Secundum
887 1397 1136 1449 veterem
1176 1392 1706 1464 hominem:usque
1738 1393 2026 1448 nuncfue-

385 1491 522 1543 runt
547 1485 672 1541 dies
704 1481 1150 1547 mensurabiles,
1183 1481 1290 1537 hoc
1317 1486 1405 1537 est
1435 1481 1545 1537 sub
1591 1482 1738 1554 jugo
1783 1480 2024 1553 peccati.

383 1578 430 1628 Ν
438 1591 548 1630 unc
569 1589 715 1628 novo
746 1570 1032 1626 desiderio
1067 1586 1250 1625 unum
1273 1574 1554 1625 aeternum
1575 1567 2026 1625 immensurabi-

383 1665 500 1719 lem
531 1661 684 1718 diem
721 1666 948 1734 appeto,
980 1675 1154 1732 quem
1211 1659 1504 1714 Abraham
1534 1657 1677 1714 vidit
1704 1663 1762 1714 et
1790 1657 2026 1732 gavisus

1295 281 1362 342 S.
1407 275 1802 342 BRUNONIS
1843 277 2464 347 HERBIPOLENSIS
2509 281 2884 348 EPISCOPI.

3685 282 3812 342 168

2065 418 2118 486 Α
2149 421 2278 474 esse
2345 421 2724 490 memoratur,
2765 417 2864 475 ubi
2893 415 3038 474 nihil
3069 418 3159 473 est
3187 414 3303 472 nisi
3330 415 3674 488 perfectam.
3699 416 3816 470 AC

2149 505 2296 562 Dicit
2328 524 2462 564 vero
2493 508 2886 564 substantiam
2924 523 3040 562 non
3072 505 3147 561 ab
3174 505 3361 564 Adam
3411 507 3808 573 contractam,

2140 599 2243 650 aut
2267 595 2679 669 temporalium
2710 613 2928 662 rerum,
2961 595 3062 652 sed
3085 594 3248 649 bona
3273 591 3644 650 conscientiae
3666 611 3810 666 pos-

2141 682 2494 753 sessionem;
2527 683 2630 740 illa
2658 685 2812 757 apud
2843 685 3030 740 Deum
3059 686 3171 750 est,
3203 682 3360 756 apud
3381 681 3654 738 homines
3682 699 3811 738 non

2141 777 2252 839 est,
2285 771 2427 844 quia
2459 773 2532 829 ab
2563 774 2648 830 eis
2677 791 2792 829 non
2822 773 3072 829 videtur.

2139 861 2210 916 42
2281 862 2360 917 Ab
2389 863 2644 918 omnibus
2673 863 3063 934 iniquitatibus
3091 862 3229 918 meis
3259 877 3390 918 erue
3419 878 3542 918 me:

2282 950 2646 1022 Opprobrium
2673 951 2963 1022 insipienti
2984 949 3185 1006 dedisti
3206 966 3310 1006 me.

2210 1037 2257 1092 H
2286 1038 2438 1094 Petit
2453 1056 2654 1096 eruere
2666 1039 2738 1096 ab
2763 1039 3177 1112 iniquitatibus
3201 1037 3810 1112 praeteritis,pra:sen-

2136 1127 2297 1183 tibus
2327 1131 2386 1182 et
2414 1127 2650 1183 futuris.
2673 1126 3149 1184 CSanctusenim
3177 1127 3813 1200 viropprobriumerat

2137 1215 2360 1284 stultis,
2393 1215 2534 1288 quia
2562 1216 2674 1272 sibi
2697 1215 3046 1272 dissimilem
3064 1215 3440 1288 respuebant.
3471 1215 3608 1272 Sola
3633 1216 3808 1272 enim

2136 1321 2206 1360 ea
2233 1303 2496 1360 scelerati
2528 1303 3420 1377 laudantquaevidenturhabere
3432 1304 3805 1360 communia.

2137 1398 2182 1448 A
2214 1394 2362 1458 Quia
2392 1393 2608 1461 omnia,
2642 1410 2769 1465 quae
2799 1392 3605 1466 hichominescupiunt,dico
3621 1409 3806 1458 vana,

2136 1486 2193 1538 et
2221 1483 2492 1555 ignorare
2522 1499 2725 1540 avaros
2753 1481 2850 1538 cui
2881 1486 3238 1555 congregent
3280 1486 3338 1536 et
3365 1481 3803 1552 thesaurizant,

2137 1571 2406 1628 derideor
2429 1571 2502 1627 ab
2532 1571 2638 1640 eis,
2671 1575 2729 1627 et
2757 1569 2900 1627 facis
2931 1587 3024 1626 me
3051 1568 3432 1642 opprobrium
3490 1568 3806 1642 insipienti

2135 1677 2327 1718 avaro.
2359 1661 2430 1716 Et
2457 1676 2818 1733 quamquam
2854 1676 2944 1716 me
2966 1660 3050 1715 sic
3067 1657 3312 1715 delirare
3325 1657 3564 1726 diceret,
3591 1663 3800 1716 tamen

383 1756 474 1810 est
493 1754 676 1816 (Joan.
709 1748 927 1817 vm),in
955 1765 1070 1820 quo
1096 1747 1234 1804 alibi
1265 1748 1574 1804 hortamur
1600 1747 1878 1816 lsetari,in
1911 1761 2026 1820 quo
2059 1791 2106 1856 Β
2139 1750 2432 1806 obmutui.

384 1841 425 1856 κ
571 1844 610 1856 λ
720 1838 730 1850 ι
788 1855 807 1856 η
901 1835 956 1856 m
1137 1855 1161 1856 η
1186 1836 1301 1856 ᾼιε-
1329 1837 1480 1856 mu.
1535 1839 1697 1856 nam.
1753 1835 1792 1856 η
1825 1834 2020 1856 "non-
2147 1841 2207 1856 ,η
2287 1838 2346 1856 η.

383 1841 539 1898 Deus
571 1838 850 1896 Dominus
899 1835 1090 1893 illuxit
1135 1836 1305 1892 nobis
1326 1837 1498 1909 (Psat.
1527 1839 1719 1906 cxvn).
1753 1835 1794 1890 Ο
1825 1834 2028 1892 Merito
2059 1834 2106 1856 ³³
2141 1841 2207 1896 13
2283 1838 2611 1905 Obmutui—j-
2635 1847 2687 1896 et
2731 1845 2745 1906 ζ
2795 1854 2905 1895 non
2941 1839 3138 1910 aperui
3181 1854 3240 1894 os
3265 1853 3478 1894 meum:
3531 1839 3804 1910 quoniam

383 1929 778 1986 substantiam
809 1944 977 1982 suam
1011 1925 1154 1982 dicit
1181 1925 1326 1981 nihil
1356 1941 1484 1982 esse
1508 1929 1642 1981 ante
1667 1929 1868 1990 Deum,
1901 1941 2028 1997 quae

379 2021 564 2076 Adam
598 2021 873 2092 peccante
903 2017 1182 2072 damnata
1211 2019 1319 2081 est,
1353 2015 1444 2071 cui
1476 2014 1589 2070 nisi
1631 2013 1852 2087 aliquid
1885 2012 2027 2068 divi-

382 2109 536 2166 nitas
565 2107 896 2174 contulerit,
928 2105 999 2162 de
1028 2103 1263 2178 prepria
1300 2103 1632 2161 substantia
1682 2121 1795 2160 non
1853 2101 2030 2158 habet

271 2237 282 2252 .
381 2199 539 2272 quod
570 2199 906 2270 prmsumat.
927 2196 974 2250 A
1007 2193 1150 2249 Dicit
1169 2211 1303 2250 vero
1333 2197 1467 2250 ante
1497 2193 1646 2258 te,id
1673 2196 1761 2248 est
1788 2191 1847 2247 in
1878 2208 2032 2248 com-

381 2287 679 2362 paratione
691 2285 761 2340 ad
775 2291 837 2340 tu
846 2299 936 2340 am
957 2283 1370 2350 substantiam,
1384 2280 1474 2337 vel
1487 2285 1620 2338 ante
1636 2280 2028 2354 cognitionem

381 2383 566 2444 tuam,
599 2379 657 2430 et
687 2374 746 2430 in
777 2371 1108 2446 cognitione
1138 2375 1196 2426 et
1248 2369 1674 2426 illuminatione
1723 2373 1844 2425 tua.
1877 2373 2029 2425 Ante

380 2465 652 2522 homines
675 2463 832 2520 enim
863 2459 1085 2534 aliquid
1106 2459 1355 2526 videtur,
1371 2459 1470 2516 sed
1493 2463 1626 2516 ante
1652 2463 2026 2532 te,tanquam

381 2554 526 2612 nihil
557 2553 617 2610 in
647 2551 1082 2626 comparatione
1111 2549 1471 2605 teternitatis.

521 2648 912 2701 Verumtamen
939 2642 1196 2697 universa
1225 2640 1442 2695 vanitas
1467 2657 1486 2696 :

519 2733 708 2790 Omnis
737 2733 895 2789 homo
921 2733 1125 2788 vivens.
1540 2727 1878 2800 Diapsalma.

449 2826 490 2881 C
517 2823 752 2881 Vanitas
797 2825 954 2878 enim
985 2821 1164 2895 (sicut
1205 2834 1359 2892 saepe
1408 2815 1691 2888 diximus)
1727 2814 2024 2871 mutabili-

307 2955 310 2958 ~
378 2917 555 2971 tatem
571 2912 882 2988 signiﬁcat,
899 2927 1078 2984 quam
1101 2907 1480 2966 omnishomo
1495 2909 1705 2979 preter
1723 2905 2022 2969 Christum

377 3004 647 3071 sustinet,
680 3001 780 3076 qui
812 3001 920 3056 hac
952 3015 1125 3056 carne
1152 2997 1402 3054 vestitus
1431 2999 1539 3052 est.
1575 2993 1838 3068 intelligo
1889 3010 2023 3049 vero

2351 1937 2411 1985 tu
2437 1930 2646 2001 fecisti:

2202 2025 2211 2034 ‘
2280 2018 2476 2074 Amove
2503 2035 2539 2074 a
2566 2035 2654 2074 me
2675 2019 2871 2091 plagas
2900 2025 3040 2074 tuas.

2211 2105 2585 2175 CObmutui,
2644 2105 2868 2163 scilicet
2912 2103 2974 2162 in
3029 2104 3252 2162 salubri
3309 2105 3566 2177 silentio,
3631 2105 3798 2178 quod

2139 2193 2394 2253 caelestis
2420 2195 2663 2270 largitas
2693 2195 3001 2252 concessit.
3035 2195 3322 2260 Quoniam
3345 2199 3410 2250 tu
3441 2194 3799 2267 fecisti,ipse

2140 2285 2344 2358 utique
2369 2285 2522 2354 fecit,
2555 2285 2656 2358 qui
2687 2285 2980 2358 patientiae
3012 2284 3166 2340 dona
3195 2283 3374 2340 dedit.
3417 2283 3602 2358 Plagae
3637 2277 3800 2340 sunt

2138 2375 2556 2446 correptiones,
2591 2375 2808 2446 quibus
2838 2390 2943 2448 pro
2975 2373 3196 2430 nostris
3223 2373 3477 2446 peccatis
3519 2372 3794 2428 verbera-

2139 2479 2290 2532 mur,
2323 2462 2484 2536 ipsas
2515 2463 2807 2520 desiderat
2838 2468 3079 2522 sanctus
3102 2462 3190 2518 vir
3218 2479 3252 2518 a
3280 2479 3344 2519 se
3360 2460 3635 2530 amoveri,
3659 2477 3794 2534 quae

2137 2552 2325 2624 culpis
2353 2552 2718 2609 debebantur
2747 2552 3100 2609 commissis.

2138 2643 2205 2698 14
2277 2645 2317 2698 Α
2347 2643 2674 2715 fortitudine
2701 2659 2899 2698 manus
2930 2650 3039 2698 tua:
3065 2658 3163 2712 ego
3191 2640 3366 2713 defeci
3379 2659 3392 2698 :

2276 2733 2341 2788 In
2369 2732 2834 2804 increpationibus
2860 2739 3083 2804 propter
3101 2731 3450 2802 iniquitatem
3468 2730 3800 2802 corripuisti

2347 2820 2643 2877 hominem.

2205 2910 2246 2966 Ο
2275 2909 2462 2966 Fortis
2509 2910 2666 2967 enim
2715 2926 2928 2966 manus
2975 2909 3228 2983 graviter
3274 2907 3550 2982 ﬂagellat,
3594 2913 3655 2966 et
3683 2925 3793 2966 ne-

2133 3015 2294 3056 cesse
2321 3003 2446 3056 erat
2473 3000 2769 3072 quemlibet
2802 2998 2972 3054 illum
3018 2998 3286 3066 deiicere,
3337 3014 3517 3070 quem
3569 3013 3789 3054 manus

376 3110 491 3151 non
541 3092 926 3148 mutationem
974 3087 1254 3162 corporis,
1300 3103 1476 3160 quam
1521 3086 1698 3142 etiam
1754 3083 2024 3140 Christus
2132 3087 2359 3146 excelsa
2388 3077 2732 3161 percuteret.
2765 3087 2811 3144 Η
2845 3087 3224 3144 Incumbente
3252 3087 3432 3143 etiam
3465 3086 3791 3143 manuvin-

374 3183 676 3249 sustinuit,
705 3181 807 3238 sed
840 3177 1052 3234 mentis
1081 3175 1546 3234 instabilitatem.

407 3272 444 3324 9
517 3273 897 3328 Verumtamen
928 3269 985 3324 in
1018 3268 1260 3338 imagine
1284 3265 1586 3338 pertransit
1615 3263 1772 3319 homo
1810 3279 1829 3317 :

511 3359 614 3416 Sed
641 3368 694 3415 et
721 3360 933 3430 fmstra
961 3355 1339 3412 conturbatur.

443 3447 913 3504 CVerumtamen
933 3442 1260 3516 inimagine
1273 3441 1588 3515 pertransit
1602 3441 1800 3498 homo.
1821 3439 2019 3512 Imago

375 3535 473 3594 Dei
505 3540 593 3592 est
623 3534 723 3591 illa
755 3532 1028 3602 conditio,
1063 3548 1240 3604 quam
1269 3531 1446 3586 homo
1477 3529 1757 3602 suscepit,
1782 3527 2019 3600 quando

371 3625 594 3682 dictum
606 3623 1024 3680 estzFaciamus
1035 3620 1334 3677 hominem
1349 3619 1740 3692 adimaginem
1757 3620 2018 3673 nostram

371 3714 526 3787 (Gen.
561 3713 623 3785 ι).
655 3713 724 3768 Et
764 3713 912 3768 bene
949 3709 1094 3766 dixit
1124 3727 1138 3765 :
1175 3709 1394 3766 frustra
1439 3707 1847 3774 conturbatur,
1879 3705 2022 3777 quia

371 3803 688 3876 puritatem
711 3800 925 3857 mentis
946 3800 1218 3872 perdunt,
1233 3797 1333 3872 qui
1355 3795 1664 3853 desideriis
1682 3793 2018 3868 temporali-

371 3893 482 3948 bus
511 3887 1014 3963 occupantur,hoc
1044 3891 1133 3943 est
1160 3887 1319 3943 enim
1348 3884 1681 3942 conturbari
1705 3901 1740 3940 a
1769 3882 2020 3956 puritate

372 3979 586 4037 mentis
606 3979 664 4034 in
696 3976 924 4034 actibus
956 3974 1152 4032 saeculi
1182 3973 1613 4044 deduci;ethoc
1627 3973 1864 4040 frustra,
1880 3971 2020 4044 quia

371 4068 498 4126 sine
529 4067 798 4136 utilitate,
831 4065 949 4123 imo
979 4081 1112 4123 eum
1149 4065 1364 4120 damno
1385 4061 1604 4120 anima.

373 4159 440 4214 10
515 4158 868 4216 Thesaurizat
897 4175 914 4210 :

509 4249 576 4304 Et
606 4249 824 4319 ignorat
848 4247 942 4302 cui
963 4243 1310 4318 congregabit
1337 4259 1403 4300 ea

440 4337 485 4393 H
516 4337 678 4409 Saepe
707 4335 860 4392 enim
883 4334 1144 4408 plerique
1174 4331 1573 4401 thesaurizant
1593 4332 2020 4403 etcongregant

373 4425 577 4482 multa.
609 4443 736 4498 quae
769 4427 871 4480 aut
899 4424 1126 4480 desidia
1155 4421 1411 4478 ﬁliorum
1443 4419 1652 4494 perdit,
1687 4423 1790 4476 aut
1837 4418 2017 4474 ﬁscus

2049 3161 2092 3228 C
2128 3177 2314 3246 dictae,
2346 3177 2530 3234 virtus
2561 3177 2758 3234 delicti
2788 3177 3006 3243 deficit,
3029 3181 3096 3232 ut
3115 3174 3332 3232 Paulus
3363 3173 3782 3250 aitapostolus:

2126 3272 2268 3323 Cum
2300 3268 2566 3324 infirmor
2595 3273 2738 3325 tunc
2765 3271 2974 3340 potens
3005 3283 3137 3322 sum
3171 3267 3245 3338 (Il
3271 3267 3393 3322 Cor.
3423 3267 3543 3338 xu).
3583 3266 3782 3322 Incre-

2128 3361 2300 3428 patur
2326 3357 2519 3414 omnis
2550 3357 2725 3413 homo
2755 3360 2992 3430 propter
3019 3355 3413 3428 iniquitatem,
3437 3371 3614 3428 quem
3646 3371 3780 3428 per-

2128 3446 2264 3502 dere
2295 3463 2410 3502 non
2439 3447 2564 3502 vult
2591 3446 2789 3502 divina
2819 3446 3120 3518 majestas.

2131 3535 2199 3590 15
2269 3537 2347 3591 Et
2375 3535 2640 3591 tabescere
2666 3535 2848 3607 fecisti
2872 3535 3017 3591 sicut
3044 3547 3308 3589 araneam
3334 3533 3582 3588 animam
3628 3532 3781 3604 ejus:

2271 3613 2648 3680 Verumtamen
2677 3639 2815 3680 vane
2853 3623 3277 3686 E—conturbatur
3319 3629 3332 3687 ξ
3383 3624 3561 3679 omnis
3599 3621 3786 3679 homo.

2341 3713 2678 3784 Diapsatma.

2200 3802 2246 3858 H
2279 3801 2550 3858 Tabescit
2577 3801 2794 3869 anima,
2841 3818 2976 3858 eum
3022 3817 3156 3857 caro
3199 3800 3450 3858 luxuriis
3479 3804 3535 3857 et
3563 3817 3787 3857 concu-

2129 3891 2431 3966 piscentiis
2458 3893 2806 3948 refrenatur.
2841 3891 2942 3948 Est
2969 3890 3126 3948 enim
3157 3891 3471 3958 tabescere,
3503 3891 3789 3962 obstupe-

2129 3997 2290 4038 scere
2321 3981 2394 4037 de
2423 3981 2813 4052 anterioribus
2843 3979 3094 4038 delictis.
3125 3979 3226 4036 llle
3253 3996 3388 4036 vero
3419 3979 3520 4052 qui
3549 3995 3618 4036 ea
3638 3979 3786 4052 agit,

2130 4087 2258 4142 quae
2285 4069 2596 4126 mundanae
2623 4068 2900 4125 vanitatis
2921 4067 3394 4137 sunt,,telastexit
3405 4083 3653 4135 araneis,
3669 4067 3788 4122 hoc

2127 4163 2220 4216 est
2247 4157 2340 4214 die
2371 4162 2662 4231 noctuque
2693 4158 2752 4213 in
2783 4174 2954 4230 opere
2981 4173 3131 4212 vano
3161 4161 3348 4226 vacat,
3379 4161 3438 4213 et
3464 4173 3582 4214 non
3613 4154 3790 4212 utilia

2129 4249 2231 4306 sed
2260 4247 2628 4306 dissolubilis
2655 4250 2712 4302 et
2738 4245 3143 4319 corruptibilia
3170 4249 3462 4318 operatur.
3495 4245 3608 4302 Sed
3641 4245 3790 4318 quia

2129 4338 2417 4410 Propheta
2445 4337 2704 4393 animam
2736 4351 2841 4392 ceu
2872 4351 3148 4392 araneam
3167 4335 3466 4392 tabescere
3481 4334 3644 4401 dicit,
3669 4332 3788 4390 hoc

2126 4431 2217 4484 est
2241 4426 2713 4501 intelligendum,
2743 4429 2810 4482 ut
2829 4425 2900 4480 ad
2917 4429 3142 4481 tantam
3169 4423 3552 4481 subtilitatem
3575 4423 3787 4480 afﬂicti

370 4519 635 4586 occupat,
668 4518 770 4568 aut
797 4512 1083 4585 diripiunt
1111 4510 1306 4576 alieni.
1342 4511 1552 4566 Beatus
1583 4512 1776 4564 autem
1807 4512 1900 4564 est
1921 4505 2019 4596 ille
2050 4531 2096 4596 D
2128 4517 2328 4573 anima
2353 4515 2570 4590 vigiliis
2599 4519 2658 4572 et
2685 4513 3190 4570 obsecrationibus
3220 4529 3325 4586 per
3355 4512 3789 4570 abstinentiam

370 4603 470 4676 qui
503 4602 579 4658 ibi
612 4600 969 4658 thesaurizat
1001 4601 1096 4655 ubi
1129 4599 1332 4654 audire
1377 4602 1670 4654 mereatur
1697 4613 1709 4650 :
1748 4595 2017 4660 Quandiu

353 4690 591 4760 fecistis
614 4691 712 4745 uni
756 4707 824 4746 ex
865 4687 1126 4744 minimis
1163 4686 1312 4754 istis,
1345 4685 1494 4741 mihi
1537 4685 1758 4741 fecistis
1801 4684 2014 4758 (Matth.

367 4781 518 4849 xxv).
594 4778 700 4835 Ubi
765 4779 924 4834 fures
991 4794 1104 4833 non
1185 4775 1475 4842 furantur,
1545 4791 1650 4831 nec
1735 4773 2020 4830 etl'odiunt

369 4869 577 4942 (Matth.
606 4869 706 4942 v1).

371 4958 426 5014 11
509 4959 574 5015 Et
615 4975 763 5015 nunc
809 4973 935 5030 quae
975 4965 1055 5014 est
1109 4955 1442 5028 exspectatio
1489 4969 1630 5020 mea,
1681 4968 1863 5009 nonne
1908 4957 2016 5009 Do-

577 5050 765 5104 minus
782 5052 808 5104 .9

507 5136 574 5192 Et
602 5137 916 5193 substantia
941 5152 1064 5193 mea
1091 5135 1238 5208 apud
1271 5137 1321 5190 te
1347 5140 1446 5190 est.

438 5225 480 5281 Ο
507 5225 576 5280 Et
605 5241 762 5280 nunc
791 5241 920 5297 quae
953 5229 1042 5280 est
1083 5223 1438 5296 exspectatio
1487 5221 1661 5278 mea?
1683 5237 1879 5278 nonne
1910 5225 2020 5278 Do-

367 5312 568 5370 minus
582 5312 1010 5385 ?pronuntians
1039 5311 1152 5369 sibi
1173 5327 1302 5368 esse
1325 5309 1820 5384 exspectationem
1835 5311 2026 5368 Domi-

366 5419 509 5458 num
521 5400 842 5466 Christum,
857 5400 1032 5458 necin
1047 5401 1284 5456 caducis
1297 5399 1604 5456 desideriis
1617 5397 1794 5456 aliam
1809 5399 2024 5458 habere

365 5507 430 5548 se
486 5491 1024 5565 praesumptionem,
1077 5489 1188 5545 nisi
1250 5489 1417 5545 illum
1470 5487 1685 5544 solum.
1735 5489 2024 5545 Substan-

365 5579 467 5656 tta,
519 5581 578 5640 in
629 5581 842 5639 bonum
895 5583 1124 5660 partem
1169 5577 1336 5653 dicit,
1368 5594 1496 5654 quae
1541 5582 1675 5635 ante
1723 5578 2022 5638 Christum

2130 4607 2512 4678 decoquatur,
2543 4609 2610 4660 ut
2637 4603 2824 4662 instar
2866 4602 3100 4660 filorum
3145 4601 3384 4658 illorum
3431 4602 3787 4668 deducatur,

2128 4693 2352 4752 scilicet
2371 4699 2436 4750 ut
2465 4693 2611 4750 nihil
2634 4711 2899 4750 crassum
2914 4693 3200 4750 durumve
3223 4691 3446 4766 peccati
3463 4690 3788 4749 contineat.

2129 4785 2235 4852 Qui
2265 4785 2324 4840 in
2354 4784 2688 4840 vanitatibus
2716 4783 2870 4852 vivit,
2905 4799 3054 4839 vana
3067 4787 3157 4839 est
3186 4781 3235 4838 ei
3257 4785 3314 4839 et
3343 4799 3457 4839 non
3476 4779 3640 4837 utilis
3660 4779 3792 4838 hazc

2129 4873 2433 4930 mundana
2461 4870 2850 4940 conturbatio,
2883 4872 2993 4928 Sed
3027 4876 3086 4928 et
3115 4871 3216 4944 qui
3234 4871 3293 4928 in
3309 4876 3426 4928 Deo
3455 4869 3794 4940 vivit,vana

2128 4968 2218 5020 est
2242 4961 2294 5020 ei
2325 4967 2384 5018 et
2413 4979 2529 5019 non
2559 4961 2724 5018 utilis
2755 4961 2865 5018 hac
2895 4962 3193 5018 mundana
3224 4960 3619 5018 conturbatio.
3675 4959 3684 4968 '

2127 5053 2199 5108 46
2270 5051 2488 5108 Exaudi
2507 5053 2808 5109 orationem
2841 5068 3040 5120 meam,
3088 5054 3326 5109 Domine
3351 5058 3403 5109 et
3443 5049 3791 5124 deprecatio-

2341 5157 2468 5198 nem
2489 5157 2670 5198 meam
2683 5157 2696 5196 2

2271 5231 2511 5288 Auribus
2534 5232 2754 5304 percipe
2783 5231 3054 5305 laerymas
3084 5245 3254 5288 meas.

2131 5321 2197 5377 l7
2272 5323 2352 5378 Ne
2378 5321 2544 5377 sileas
2575 5309 3069 5394 quoniam’advena
3086 5334 3184 5390 ego
3206 5334 3331 5376 sum
3347 5317 3496 5392 apud
3526 5325 3610 5375 te:

2272 5409 2337 5465 Et
2360 5411 2684 5482 peregrinus
2712 5410 2858 5466 sicut
2885 5425 3068 5467 omnes
3090 5416 3280 5482 patres
3308 5410 3438 5464 mei.

2203 5499 2244 5554 C
2273 5499 2441 5556 Prius
2473 5500 2668 5572 itaque
2701 5499 3024 5555 orationem
3053 5497 3218 5568 dixit,
3248 5502 3381 5572 post
3421 5493 3792 5572 deprecatio-

2133 5603 2287 5650 nem.
2317 5587 2516 5647 Oratio
2545 5592 2635 5648 est
2663 5589 2776 5646 oris
2807 5591 2972 5658 ratio,
3021 5603 3200 5664 quam
3233 5588 3400 5664 proni
3450 5582 3790 5656 referimus,
