4086 6180
217 328 324 389 169

1428 327 1847 389 EXPOSI'I‘IO
1891 326 2403 391 PSALMORUM.

3502 326 3622 391 170

212 466 337 517 vota
367 462 573 516 nostra
600 459 945 532 pandentes.
980 460 1316 533 Depreeatio
1365 464 1454 516 est
1496 460 1769 532 frequens
1799 462 1856 513 et
1883 462 1936 527 Α
1967 459 2183 514 rem.Et
2207 459 2277 515 de
2306 458 2428 514 luto
2456 460 2671 516 fecis.C
2700 460 2845 516 Nam
2879 459 3032 516 sicut
3061 459 3223 517 lutus
3257 459 3365 516 laci
3400 459 3619 517 Ietidus

212 550 448 607 assidua
476 548 849 622 supplicatio,
870 566 998 621 quae
1030 551 1101 606 ab
1134 549 1251 605 imo
1283 547 1535 623 pectoris
1564 549 1859 622 profertur

208 637 684 695 arcano.Addidit
713 637 1156 711 lacrymas,quae
1188 638 1451 694 violenta
1469 643 1607 693 sunt
1627 647 1858 709 semper

205 728 258 783 in
285 726 594 801 precibus;
620 729 678 783 et
708 728 780 783 ad
811 727 1185 783 clementiam
1219 725 1632 783 medicinalem
1672 726 1859 781 addu-

201 821 332 873 cunt
360 816 638 872 animum
674 816 1031 899 miseraptis.

267 904 305 959 C
334 905 419 960 Ne
452 904 630 961 sileas
675 905 845 974 dixit,
878 905 934 960 id
985 910 1076 961 est
1129 905 1365 962 audiam
1415 909 1471 960 te
1519 904 1855 960 dicentem:

206 994 457 1050 Dimissa
487 998 630 1050 sunt
658 993 764 1049 tibi
796 999 1053 1067 peccata.
1087 995 1270 1051 Incola
1318 1010 1453 1050 vero
1499 993 1714 1049 dicitur
1759 991 1859 1064 qui

202 1090 412 1138 terram
447 1081 586 1138 colit
618 1081 869 1138 alienam
901 1084 973 1138 ad
1002 1083 1422 1156 tempus,sicut
1441 1100 1645 1139 omnes
1671 1080 1857 1136 sancti

202 1172 259 1226 in
284 1172 399 1227 isto
432 1170 650 1227 szeculo
672 1171 976 1227 constituti
1002 1172 1068 1227 .H
1089 1171 1236 1238 Quia
1264 1176 1323 1228 et
1368 1171 1470 1238 illi,
1504 1172 1645 1226 dum
1696 1172 1863 1226 erant

206 1260 261 1315 in
288 1276 554 1332 corpore,
587 1260 1113 1332 peregrinabantur
1160 1278 1192 1317 a
1240 1261 1488 1316 Domino
1520 1262 1597 1329 (II
1623 1261 1750 1315 Cor.
1780 1258 1857 1331 v).

203 1350 240 1402 C
266 1348 488 1403 Omnes
518 1347 678 1404 enim
709 1366 742 1403 a
772 1348 968 1404 divina
997 1349 1226 1405 civitate
1277 1366 1383 1407 nos
1432 1352 1730 1421 peccatum
1780 1348 1861 1403 fe-

203 1439 277 1492 cit
319 1441 654 1505 extraneos,
686 1441 743 1491 et
790 1437 850 1492 in
899 1437 1012 1493 ista
1063 1437 1297 1511 regione
1344 1437 1534 1493 tenuit
1581 1437 1858 1509 captivos.

200 1525 404 1582 Omnis
432 1525 616 1582 etiam
640 1525 1101 1600 quireeipiturin
1116 1531 1393 1582 aeternam
1414 1525 1858 1593 beatitudinem,

198 1615 551 1688 peregrinus
581 1614 818 1687 dicitur,
851 1614 991 1687 quia
1018 1614 1229 1688 incipit
1258 1630 1389 1671 esse
1421 1615 1519 1671 ubi
1552 1632 1669 1671 non
1715 1619 1858 1670 erat.

197 1704 551 1777 Peregrinus
580 1702 815 1773 dicitur,
850 1703 1019 1776 quasi
1049 1720 1302 1777 pergens
1352 1703 1608 1777 longius.
1640 1704 1687 1758 A
1732 1702 1858 1769 Vel,

1968 551 2057 604 est
2100 550 2274 620 atque
2323 547 2534 620 gravis,
2566 549 2645 603 ita
2690 553 2748 605 et
2794 549 3101 605 hominum
3150 550 3362 605 delicta
3408 549 3623 606 limosa

1968 640 2107 692 sunt
2135 641 2193 692 et
2222 637 2504 693 fetoribus
2536 637 2904 694 horrescunt.
2940 638 2986 694 H
3019 638 3183 694 Unde
3214 639 3284 695 de
3313 638 3435 694 luto
3458 637 3618 708 fecis,

1966 725 2023 780 id
2057 730 2145 781 est
2174 727 2420 783 terrenis
2450 728 2776 783 desideriis.
2803 727 2928 794 Vel,
2956 727 3505 802 lacus,profundum
3538 727 3624 783 in-

1969 814 2303 885 ﬁdelitatis;
2340 815 2522 884 lutus,
2555 816 2846 893 desideria
2877 817 3155 873 carnalia.

2004 906 2038 959 3
2111 906 2176 959 Et
2202 907 2397 960 statuit
2424 922 2596 978 supra
2619 911 2836 978 petram
2860 907 3021 979 pedes
3048 923 3225 962 meos:

2110 995 2176 1049 Et
2201 994 2410 1049 direxit
2438 1012 2651 1064 gressus
2680 1012 2843 1071 meos.

2041 1082 2086 1136 H
2120 1082 2334 1138 Statuit
2366 1100 2544 1156 supra
2575 1088 2823 1156 petram,
2856 1084 2915 1139 id
2946 1088 3035 1139 est
3078 1101 3254 1157 super
3296 1083 3614 1140 Christum.

1972 1170 2150 1226 Pedes
2181 1188 2361 1240 meos,
2396 1190 2606 1229 sensus
2638 1190 2818 1229 meos.
2838 1174 2904 1228 Et
2932 1173 3142 1229 direxit
3170 1190 3409 1245 gressus
3432 1190 3615 1240 meos,

1970 1258 2026 1314 id
2062 1263 2152 1317 est
2196 1277 2406 1317 sensus
2455 1262 2743 1317 bonorum
2794 1279 3036 1334 operum
3082 1261 3279 1335 dirigit
3326 1260 3616 1329 Ecclesiae,

1970 1350 2109 1421 quia
2139 1350 2547 1423 unusquisque
2576 1368 2679 1423 per
2707 1368 2768 1407 se
2801 1354 3094 1407 tortuosus
3123 1355 3232 1418 est,
3265 1350 3378 1405 nisi
3409 1350 3622 1423 diriga-

1970 1442 2067 1492 tur
2095 1456 2128 1493 a
2157 1437 2404 1493 Christo.
2440 1439 2657 1495 Direxit
2699 1439 2880 1512 igitur
2925 1456 3165 1513 gressus
3209 1456 3390 1507 meos,
3425 1454 3495 1493 ne
3545 1438 3617 1494 ad

1970 1542 2103 1582 eum
2137 1527 2393 1596 veniens,
2429 1533 2563 1600 post
2594 1532 2823 1602 tergum
2874 1528 3222 1600 respicerem
3271 1528 3342 1583 ad
3392 1530 3623 1583 terrena

1972 1631 2099 1687 qua:
2156 1614 2527 1689 reliquissen.
2578 1616 2703 1686 Vel,
2766 1618 2965 1691 pedes,
3026 1618 3308 1685 affectus;
3359 1632 3618 1689 gressus,

1970 1720 2146 1777 opera
2175 1710 2333 1762 sunt.

194 1794 382 1893 Deum
414 1797 508 1895 est
535 1791 597 1847 in
628 1792 830 1895 ﬁde‘et
858 1792 1167 1850 charitate.
1203 1793 1244 1849 C
1290 1793 1467 1849 Addit
1514 1809 1740 1860 omnes,
1790 1808 1861 1847 ne
1891 1831 1938 1895 Β
2007 1795 2040 1849 4
2111 1796 2177 1851 Et
2195 1796 2424 1851 immisit
2451 1797 2510 1851 in
2539 1812 2595 1852 os
2624 1813 2806 1851 meum
2830 1798 3105 1852 canticum
3132 1812 3333 1851 novum
3353 1813 3372 1851 :

196 1881 333 1955 quis
364 1882 439 1938 ab
471 1881 583 1937 hac
614 1881 947 1937 conditione
980 1886 1293 1954 putaretur
1322 1887 1618 1955 exceptus.

204 1974 267 2026 18
349 1972 586 2027 Remitte
611 1970 758 2025 mihi
786 1975 846 2026 ut
868 1972 1184 2042 refrigerer,
1214 1974 1543 2043 priusquam
1573 1972 1762 2027 abeam
1783 1989 1801 2025 :

347 2061 413 2115 Et
444 2060 687 2132 amplius
716 2076 824 2115 non
857 2076 970 2116 ero.

272 2150 321 2205 C
348 2148 558 2205 Merito
587 2165 722 2221 ergo
778 2166 841 2204 se
884 2148 1210 2223 refrigerari
1261 2149 1331 2204 de
1362 2149 1672 2205 securitate
1702 2147 1864 2222 regni

204 2236 466 2294 ccelcstis
494 2236 853 2311 petebatzqui
877 2238 1023 2294 tanti
1051 2238 1322 2294 desiderii
1353 2237 1543 2294 calore
1561 2239 1862 2311 ﬂagrabat.

201 2328 386 2382 Addit
417 2326 768 2400 priusquam
802 2327 1019 2395 eam,id
1049 2332 1139 2384 est
1167 2332 1481 2401 antequam
1512 2328 1583 2383 de
1602 2327 1718 2383 ista
1738 2327 1867 2383 luce

202 2416 812 2489 discedam.Amplius
840 2432 955 2471 non
982 2433 1101 2485 ero,
1136 2415 1358 2473 scilicet
1388 2416 1447 2471 in
1482 2416 1591 2472 hoc
1623 2416 1864 2484 mundo,

197 2504 287 2562 vel
325 2523 447 2561 non
479 2522 580 2561 ero
611 2509 745 2578 post
775 2509 1043 2574 mortem,
1064 2505 1113 2562 si
1143 2504 1240 2561 hie
1270 2505 1505 2562 desinas
1535 2505 1865 2573 subvenire,

206 2594 354 2666 quia
382 2612 503 2663 non
535 2598 626 2649 est
654 2590 815 2663 esse,
835 2594 892 2649 in
922 2594 1151 2651 aeternis
1182 2593 1597 2651 afflictionibus
1638 2611 1868 2667 perma-

200 2698 362 2738 nere.
397 2682 606 2739 Merito
656 2699 793 2757 ergo
823 2683 1050 2739 dicebat
1079 2700 1141 2739 se
1171 2700 1283 2739 non
1319 2699 1467 2751 esse,
1500 2683 1547 2738 si
1582 2700 1643 2739 se
1701 2682 1871 2738 intel-

199 2771 454 2828 texisset
480 2789 595 2827 non
627 2772 841 2828 habere
873 2789 1006 2828 cum
1038 2772 1237 2828 electis
1280 2772 1625 2844 portionem.
1654 2774 1699 2826 A
1733 2771 1871 2844 quia

200 2861 291 2917 illi
322 2862 440 2919 soli
470 2864 612 2917 sunt
642 2862 742 2934 qui
777 2861 1227 2917 immutabiliter
1256 2861 1314 2916 in
1347 2861 1464 2917 Deo
1504 2861 1657 2917 beati
1708 2865 1866 2916 sunt.

204 2950 313 3015 Qui
346 2951 542 3025 igitur
569 2950 627 3006 in
646 2949 872 3006 inferno
886 2951 1110 3018 sunt,in
1125 2949 1558 3023 comparatione
1569 2950 1729 3007 illius
1742 2966 1870 3006 esse

206 3058 320 3096 non
356 3039 674 3112 sunt,quia
702 3040 761 3094 in
796 3044 1011 3095 aeterna
1042 3039 1412 3112 corruptione
1442 3044 1498 3095 et
1528 3038 1723 3096 dolore
1752 3055 1866 3095 non

205 3130 473 3187 ﬁniendo
507 3133 668 3186 sunt.

645 3245 849 3284 ORATIO
887 3245 957 3283 EX
998 3244 1156 3283 PSAL.
1198 3243 1429 3286 XXXVIII.

272 3326 550 3395 Custodi,
579 3324 845 3398 Domine,
860 3326 1012 3382 viam
1044 3330 1330 3394 nostram,
1353 3342 1424 3381 ne
1453 3323 1867 3398 delinquamus

206 3418 263 3474 in
312 3417 550 3489 lingua,
603 3419 668 3471 ut
714 3415 776 3470 in
825 3412 1305 3472 meditationibus
1353 3415 1571 3471 nostris
1620 3414 1868 3487 spiritali

206 3503 475 3578 igniculo
507 3503 867 3571 ardescente,
901 3520 970 3560 ea
1007 3503 1474 3560 thesaurizemus
1522 3503 1582 3558 in
1634 3500 1868 3569 saeculo,

206 3610 337 3667 quae
371 3597 437 3648 te
466 3592 765 3648 tribuente
793 3591 1096 3665 capiamus
1126 3591 1187 3647 in
1220 3592 1381 3648 coelo.
1412 3592 1518 3648 Per
1558 3592 1869 3648 Dominum

208 3686 495 3738 nostrum
528 3680 754 3750 Jesum,
783 3684 891 3736 etc.

738 3813 1070 3871 PSALMUS
1106 3814 1346 3870 XXXIX.

633 3920 1037 3960 ARGUMENTUM
1077 3921 1235 3959 PSAL.
1277 3921 1467 3959 XXXIX.

277 4024 324 4080 C
354 4021 484 4077 Vox
517 4019 784 4076 Ecclesiae
813 4020 1033 4094 gratias
1059 4021 1309 4094 agentis,
1342 4020 1484 4093 quia
1530 4021 1600 4076 de
1632 4038 1878 4077 maerore

209 4111 436 4169 mundi
465 4110 711 4166 liberata
760 4113 868 4179 est,
900 4108 1145 4182 ipseque
1176 4109 1462 4165 Dominus
1493 4113 1757 4166 sanctam
1790 4110 1876 4164 in-

209 4199 631 4259 carnationem
660 4203 718 4255 et
739 4198 1032 4271 justitiam
1073 4214 1194 4255 suae
1225 4198 1656 4271 przedicationis
1702 4215 1879 4270 expo-

210 4307 396 4356 nens,
430 4288 621 4344 Patris
649 4286 934 4343 auxilium
966 4287 1329 4359 deprecatur.
1422 4358 1425 4361 b

363 4379 485 4433 TT.
520 4377 583 4431 In
609 4377 772 4448 ﬁnem
797 4376 1047 4449 psalmus
1078 4375 1275 4432 David.

284 4474 329 4524 C
360 4468 535 4539 Saepe
563 4465 820 4521 diximus
848 4481 952 4538 per
1003 4466 1201 4533 ﬁnem,
1252 4467 1309 4521 et
1353 4465 1533 4521 David
1585 4464 1883 4521 Christum

2117 1886 2348 1940 Carmen
2378 1885 2481 1940 Deo
2512 1890 2713 1955 nostro.

2045 1973 2089 2028 Η
2113 1973 2181 2029 Et
2207 1972 2454 2029 immisit
2481 1973 2539 2028 in
2571 1990 2636 2029 os
2666 1990 2864 2030 meum
2896 1973 3191 2029 canticum
3222 1990 3459 2029 novum.
3481 1972 3624 2029 Lauc

1973 2062 2107 2117 dem
2136 2062 2336 2135 utique
2367 2078 2558 2129 suam,
2592 2062 2731 2134 quia
2760 2079 2943 2118 novus
2973 2061 3148 2117 homo
3175 2061 3334 2117 venit
3365 2062 3426 2116 in
3458 2078 3625 2117 mun-

1974 2152 2135 2219 dum,
2165 2154 2223 2206 et
2254 2168 2462 2207 novam
2493 2151 2681 2224 legem
2715 2151 2876 2206 dedit
2919 2151 3159 2206 mundo.
3193 2150 3461 2219 Carmen,
3494 2153 3534 2205 C
3562 2149 3621 2206 id

1975 2246 2064 2297 est
2092 2240 2324 2295 laudem
2354 2240 2682 2296 carminum
2704 2240 2829 2313 lege
2850 2238 3377 2312 compositam.Deo
3399 2243 3619 2307 nostro,

1976 2331 2022 2387 H
2047 2334 2108 2386 ut
2132 2331 2258 2402 jam
2290 2348 2404 2386 non
2436 2347 2612 2386 sonos
2641 2334 2843 2403 turpes
2873 2334 2929 2385 et
2953 2329 3269 2386 theatrales
3291 2329 3621 2399 concinam,

1977 2421 2079 2476 sed
2109 2421 2165 2475 in
2198 2420 2298 2475 Dei
2337 2420 2582 2476 viventis
2631 2419 2865 2493 hymnis
2911 2436 3013 2492 per
3058 2419 3429 2475 harmoniam
3480 2418 3622 2474 Novi

1977 2508 2339 2567 Testamenti
2370 2509 2640 2565 delecter.

2011 2600 2048 2653 5
2124 2598 2399 2654 Videbunt
2428 2600 2596 2655 multi
2622 2605 2673 2653 et
2703 2599 3005 2654 timebunt:

2120 2689 2185 2744 Et
2209 2688 2503 2760 sperabunt
2530 2689 2588 2743 in
2619 2688 2864 2743 Domino.

2050 2778 2094 2833 Η
2126 2777 2422 2833 Videbunt
2454 2775 2623 2832 multi
2654 2777 3068 2834 annuntiatum
3101 2776 3420 2845 venissc,et
3441 2775 3627 2833 multa

1979 2866 2271 2923 mirabilia
2301 2866 2528 2933 fecisse,
2560 2869 2617 2922 et
2644 2866 2954 2935 timebunt,
3006 2866 3144 2939 quia
3192 2883 3254 2922 se
3293 2865 3628 2937 intelligunt

1977 2960 2330 3030 peccatores.
2363 2955 2432 3010 Et
2464 2955 2876 3028 sperabunt,ut
2906 2955 2990 3011 eis
3022 2954 3272 3027 pristina
3300 2954 3513 3010 delicta
3544 2970 3628 3009 re-

1976 3046 2305 3101 mittantur.

2010 3137 2046 3190 6
2121 3139 2319 3190 Beatus
2349 3133 2437 3187 vir
2462 3132 2619 3204 cujus
2647 3139 2941 3187 estnomen
2971 3132 3195 3188 Domini
3220 3148 3340 3204 spes
3369 3131 3485 3204 ejus
3517 3148 3531 3186 :

2117 3223 2183 3278 Et
2208 3237 2316 3277 non
2338 3221 2576 3293 respexit
2606 3221 2667 3275 in
2698 3221 2969 3277 vanitates
2999 3227 3051 3276 et
3078 3220 3327 3277 insanias
3355 3221 3546 3293 falsas.

2046 3312 2092 3368 Η
2122 3313 2332 3367 Beatus
2361 3310 2466 3378 vir,
2501 3307 2637 3364 felix
2664 3308 2765 3363 illa
2793 3308 2992 3364 anima
3016 3326 3145 3382 qum
3178 3309 3355 3365 habet
3385 3309 3620 3364 firmam

1977 3402 2174 3469 ﬁdem,
2209 3404 2266 3456 et
2293 3415 2455 3471 spem
2486 3398 2765 3454 directam
2798 3398 2856 3453 in
2899 3398 3149 3454 Christo.
3182 3398 3223 3454 C
3272 3398 3417 3470 Spes
3466 3397 3622 3453 enim

1976 3489 2134 3546 dicta
2164 3492 2271 3557 est,
2304 3487 2473 3560 quasi
2501 3487 2720 3542 stabilis
2744 3503 2857 3559 pes.
2891 3485 2994 3542 Ille
3044 3485 3201 3543 enim
3252 3486 3431 3543 habet
3461 3503 3625 3560 spem

1979 3578 2237 3636 nominis
2265 3576 2367 3633 Dei
2398 3576 2651 3642 ﬁrmam,
2685 3575 2785 3647 qui
2832 3576 3024 3631 solum
3056 3576 3373 3632 Dominum
3421 3576 3628 3633 avidus

1979 3666 2358 3738 concupiscit,
2393 3682 2510 3720 non
2544 3663 2907 3736 temporalia.
2940 3664 3181 3721 Vanitas
3225 3668 3314 3720 est
3364 3681 3398 3721 a
3427 3669 3632 3721 sancta

1982 3756 2261 3830 religione
2307 3754 2500 3810 subita
2545 3752 2823 3809 varietate
2872 3757 3119 3810 mutare.
3177 3754 3423 3810 Insania:
3472 3752 3631 3811 falsa

1983 3849 2141 3914 sunt,
2175 3844 2331 3902 saxis
2379 3844 2553 3899 deum
2604 3843 2929 3912 formasse;
2980 3844 3145 3900 dictae
3193 3843 3459 3912 insaniae,
3495 3843 3637 3917 quia

1984 3939 2244 3992 mentem
2276 3932 2523 4003 fallunt;
2556 3932 2605 3987 H
2636 3936 2693 3988 et
2723 3931 2923 3988 omnia
2965 3949 3069 4005 pro
3102 3932 3319 4007 quibus
3367 3932 3636 3990 homines

1986 4023 2292 4080 insaniunt
2320 4027 2384 4077 ut
2413 4023 2816 4096 peccent.0uaa
2833 4020 3103 4077 nominat
3126 4021 3440 4092 Apostolus
3462 4037 3640 4093 opera

1987 4113 2181 4169 carnis
2223 4111 2366 4184 (Gal.
2396 4111 2453 4182 ν)
2480 4130 2493 4179 ;
2526 4110 2768 4166 insaniae
2799 4110 2956 4165 falsas
2988 4112 3145 4176 sunt,
3179 4108 3318 4180 quia
3346 4106 3577 4164 fallunt.

2020 4205 2055 4256 7
2128 4202 2311 4258 Multa
2341 4200 2539 4271 fecisti,
2574 4207 2634 4254 tu
2666 4200 2888 4253 Domine
2916 4200 3057 4253 Deus
3079 4197 3369 4252 mirabilia
3397 4203 3491 4252 tua
3512 4214 3532 4253 :

2133 4295 2200 4346 Et
2224 4287 2643 4358 cogitationibus
2672 4288 2801 4354 tuis,
2834 4302 2945 4342 non
2975 4290 3056 4342 est
3076 4287 3175 4359 qui
3192 4286 3396 4342 similis
3415 4287 3489 4343 sit
3509 4286 3633 4343 tibi.

2028 4380 2063 4435 8
2133 4377 2471 4433 Annuntiavi
2497 4382 2549 4431 et
2579 4376 2786 4430 locutus
2812 4391 2938 4430 sum
2963 4392 2977 4430 :

2134 4465 2481 4537 Multiplicati
2508 4471 2636 4519 sunt
2659 4479 2824 4536 super
2850 4480 3165 4521 numerum.

212 4556 552 4614 Dominum
583 4554 1023 4629 signiﬁcari,cui
1044 4553 1313 4628 psalmus
1333 4553 1443 4610 iste
1463 4555 1755 4627 aptandus
1776 4557 1883 4610 est.
1916 4575 1962 4639 D
2066 4557 2114 4613 Η
2145 4554 2328 4612 Multa
2351 4552 2771 4622 fecisti,narrat
2801 4553 3088 4626 Propheta
3108 4553 3307 4612 divina
3336 4555 3643 4612 miracula.

254 4649 279 4703 1
370 4646 701 4717 Exspectans
728 4645 1034 4717 exspectavi
1066 4645 1369 4701 Dominum
1400 4662 1417 4698 :

374 4735 444 4791 Et
473 4733 714 4791 intendit
728 4734 889 4790 mihi.

292 4825 346 4881 II
381 4824 760 4897 Exspectans,
792 4840 902 4879 vox
931 4822 1217 4880 Ecclesiae.
1255 4822 1405 4879 Dicit
1448 4839 1510 4878 se
1556 4827 1889 4896 exspectare

216 4914 553 4971 Dominum
566 4912 625 4969 in
637 4910 1132 4986 promissionibus
1148 4911 1891 4984 prophetarum,quiaprze-

215 5004 469 5059 videbat
497 5002 786 5075 Propheta
816 5018 921 5074 per
949 5000 1234 5073 Spiritum
1267 5004 1537 5056 sanctum
1588 5000 1890 5056 Christum

220 5097 552 5148 venturum
581 5091 640 5146 in
673 5107 865 5148 carne.
898 5090 943 5145 H
976 5090 1041 5145 Et
1070 5088 1324 5146 intendit
1351 5087 1518 5155 mihi,
1564 5105 1667 5161 per
1704 5088 1894 5162 splen-

219 5182 437 5237 dorem
472 5179 795 5253 Evangelii,
828 5180 889 5235 in
922 5196 1037 5253 quo
1065 5195 1160 5234 me
1192 5177 1570 5233 illuminavit.

256 5274 300 5327 2
380 5275 447 5327 Et
474 5269 762 5326 exaudivit
787 5284 975 5342 preces
1002 5284 1153 5325 meas
1186 5286 1203 5322 :

378 5361 444 5415 Et
474 5358 667 5415 eduxit
697 5374 782 5414 me
810 5357 876 5414 de
899 5358 1023 5413 lacu
1050 5359 1297 5414 miseria?
1325 5364 1377 5412 et
1407 5355 1471 5411 de
1502 5357 1614 5412 luto
1641 5358 1793 5428 fecis.

305 5447 355 5503 Η
385 5448 455 5504 Et
483 5447 780 5503 exaudivit
809 5461 1010 5520 preces
1058 5462 1246 5517 meas,
1281 5445 1421 5517 quia
1470 5444 1594 5516 ipse
1644 5444 1787 5499 mihi
1835 5444 1895 5500 in

225 5538 392 5594 Novo
421 5537 803 5593 Testamento
834 5534 1083 5590 refulsit.
1116 5535 1187 5591 Et
1214 5533 1415 5590 eduxit
1445 5550 1538 5589 me
1568 5534 1637 5588 de
1668 5532 1895 5603 laeu,in

228 5642 357 5703 quo
381 5626 667 5685 immersa
704 5641 889 5694 cram,
922 5640 1057 5681 cum
1109 5622 1426 5681 simulacra
1475 5627 1637 5680 muta
1690 5624 1897 5684 adora~

561 5753 831 5819 Pascat.
879 5751 1109 5818 CXLII.

1992 4649 2051 4704 id
2071 4642 2481 4703 estostendisti
2501 4643 2769 4717 patribus
2782 4643 2998 4701 nostris
3015 4644 3418 4701 mirabiliatua
3439 4644 3642 4700 multa.

1998 4739 2123 4794 Non
2155 4739 2244 4792 est
2275 4733 2375 4808 qui
2406 4733 2621 4789 similis
2656 4732 2735 4789 sit
2764 4733 2872 4789 tibi
2907 4751 2920 4788 :
2967 4733 3009 4787 C
3057 4733 3336 4804 Nunquid
3385 4732 3498 4787 tale
3535 4736 3645 4800 est,

2001 4825 2203 4900 ignitis
2237 4824 2463 4879 facibus
2493 4822 2553 4877 in
2584 4822 2810 4878 theatro
2837 4821 3057 4890 ludere,
3093 4820 3267 4893 quale
3313 4819 3422 4876 fuit
3457 4820 3516 4874 in
3546 4836 3648 4875 ca-

2001 4916 2162 4970 mino
2210 4913 2366 4985 ignis
2416 4913 2607 4968 tribus
2658 4911 2855 4983 pueris
2912 4908 3250 4965 ambulasse
3297 4911 3471 4979 (Dan.
3514 4907 3650 4980 In)?

2000 5007 2045 5060 A
2077 5001 2369 5074 Prospicis
2400 5000 2459 5055 in
2495 5000 2630 5054 fune
2652 4996 3053 5054 ambulantem
3069 4997 3239 5070 quasi
3262 4997 3412 5054 mira
3443 4997 3653 5074 facien-

2000 5090 2380 5159 tem,attende
2412 5089 2645 5158 Petrum
2679 5090 2944 5142 nostrum
2959 5101 3073 5141 non
3089 5085 3652 5155 funiambulum,sed
3727 5109 3735 5117 κ

2003 5186 2068 5237 ut
2097 5181 2177 5235 ita
2207 5179 2397 5234 dicam
2430 5161 2885 5231 mariambulum
2917 5176 3100 5248 (Joan.
3127 5179 3266 5245 XXI).
3297 5176 3427 5233 Haec
3475 5176 3652 5233 mira-

2003 5269 2137 5326 cula
2167 5266 2299 5323 fecit
2326 5266 2517 5333 Deus;
2551 5264 2682 5337 ipsa
2713 5264 2938 5320 intuere
2986 5265 3153 5322 oculo
3199 5265 3356 5322 ﬁdei.
3390 5266 3516 5323 Non
3565 5269 3656 5322 est

2005 5357 2105 5431 qui
2139 5354 2351 5412 similis
2372 5355 2449 5410 sit
2479 5354 2551 5411 ei.

2078 5446 2124 5501 Η
2177 5445 2494 5515 Hucusque
2550 5441 2914 5499 credentium
2965 5442 3223 5516 populus
3264 5443 3495 5501 locutus
3543 5447 3653 5500 est.

2008 5535 2156 5592 Hinc
2204 5534 2329 5606 ipse
2374 5531 2658 5588 Dominus
2709 5533 2781 5587 ad
2832 5532 3060 5590 Patrem
3119 5532 3201 5589 ita
3248 5550 3488 5590 exorsus
3547 5536 3655 5590 est.

2009 5620 2381 5696 Annuntiavi,
2417 5622 2617 5681 dicens
2653 5639 2666 5681 :
2701 5622 3106 5683 Paenitentiam
3140 5622 3294 5698 agite
3327 5623 3534 5699 (Matth.
3555 5619 3657 5701 iv).

3304 5734 3347 5833 I6.
