4086 6180
478 319 589 380 171

1387 313 1462 387 S.
1499 322 1894 387 BRUNONIS
1939 319 2556 385 HEHBIPOLENSIS
2599 318 2974 384 EPISCOPI.

3767 315 3890 382 ΗΞ

477 453 521 511 C
549 453 806 514 Locutus
835 473 992 531 sum,
1007 456 1229 516 scilicet
1257 473 1392 516 cum
1417 455 1572 516 inter
1599 473 1708 514 nos
1741 458 2118 513 conversatus
2146 456 2204 525 Α
2233 455 2386 528 (Luc.
2413 453 2501 528 ιι.)
2528 454 2574 510 Η
2607 453 2832 514 Veritas
2862 458 2922 512 et
2949 451 3225 512 salutaris
3243 451 3524 512 Christus
3561 453 3670 520 est,
3707 467 3886 524 quem

473 543 906 618 evangelizavit.
943 544 1316 620 Multiplicati
1347 549 1486 602 sunt
1515 561 1692 618 super
1721 549 2124 613 numerum,H

427 639 440 644 ’
469 627 664 690 Judaei
695 633 756 690 in
812 633 1041 692 malitia
1086 651 1196 702 sua
1242 634 1384 691 foris
1423 650 1736 693 numerum
1794 638 1952 704 sunt,
1987 634 2125 707 quia

471 733 588 776 non
619 725 760 778 sunt
789 723 951 796 digni
973 722 1270 780 numerari
1295 721 1356 779 in
1369 740 1616 780 numero
1627 725 1950 795 justorum.
1964 723 2010 779 H
2023 725 2070 778 A
2083 722 2124 778 C

465 807 572 864 Vel
601 814 962 882 peccatores,
995 812 1331 886 quicunque
1374 811 1717 880 damnandi,
1747 812 1923 868 etiam
1957 811 2120 867 Chri-

468 897 644 954 stiani
691 898 832 956 dicti
873 905 1014 958 sunt
1041 918 1219 976 super
1247 917 1561 959 numerum
1594 900 2031 972 salvandorum,
2063 900 2122 956 id

471 989 562 1043 est
582 990 764 1044 extra.

506 1076 543 1131 9
615 1077 962 1150 SacriﬁCium
985 1087 1036 1136 et
1063 1079 1392 1138 oblationem
1418 1077 1652 1136 noluisti
1679 1099 1698 1136 :

616 1167 788 1223 Aures
816 1175 1000 1225 autem
1021 1168 1308 1244 perfecisti
1329 1169 1492 1225 mihi.

547 1250 596 1314 H
640 1253 794 1314 Dicit
836 1255 1099 1315 noluisse
1137 1257 1366 1314 Patrem
1409 1257 1786 1325 sacriﬁcium,
1835 1257 1974 1330 quia
2024 1273 2125 1313 ve-

477 1339 678 1404 niente
705 1343 954 1402 Domino
981 1347 1292 1403 cessabant
1320 1345 1607 1404 sacriﬁcia
1633 1346 1994 1403 Judaeorum.
2015 1348 2126 1402 Au-

477 1446 573 1490 res
613 1437 808 1490 autem
856 1434 1148 1507 perfecisti
1207 1433 1374 1505 mihi,
1406 1435 1467 1492 id
1498 1439 1587 1492 est
1611 1436 1682 1494 ad
1731 1435 2123 1494 obediendum

478 1519 654 1577 Patri.
668 1522 728 1579 C.
741 1521 844 1580 Vel
861 1527 1126 1580 sanctam
1154 1523 1616 1581 incarnationem
1647 1526 1775 1596 ejus
1809 1524 2124 1598 signiﬁcat,

475 1608 538 1666 in
561 1624 688 1682 qua
714 1611 869 1688 Patri
901 1611 1180 1670 obediens
1212 1611 1323 1669 fuit
1352 1630 1541 1689 usque
1574 1616 1646 1670 ad
1675 1617 1946 1684 mortem,
1979 1618 2037 1670 et
2064 1613 2126 1670 in

477 1709 594 1771 qua
623 1699 981 1758 sacriﬁcium
1002 1705 1060 1757 et
1087 1700 1442 1758 oblationem
1463 1707 1519 1758 et
1535 1701 1944 1760 holocaustum
1971 1702 2125 1759 Patri

477 1790 783 1868 acceptum
813 1805 918 1862 pro
950 1790 1207 1863 peccatis
1238 1791 1504 1847 omnium
1535 1791 1766 1848 obtulit.

480 1877 548 1932 10
618 1878 1002 1935 Holoeaustum
1030 1883 1084 1936 et
1105 1895 1208 1952 pro
1231 1885 1452 1952 peccato
1481 1897 1594 1938 non
1617 1882 1912 1954 postulasti
1935 1900 1947 1938 :

623 1968 771 2023 Tunc
795 1967 920 2024 dixi
950 1985 964 2024 :
995 1969 1127 2024 Ecce
1154 1970 1312 2026 venio

553 2055 601 2110 Η·
626 2053 1047 2113 Holocaustum
1077 2061 1274 2114 autem
1307 2075 1410 2132 pro
1443 2062 1678 2132 peccato
1708 2076 1824 2115 non
1863 2059 1972 2116 tibi
2003 2057 2128 2132 pla-

479 2143 622 2211 cuit,
657 2143 773 2200 nisi
803 2146 1218 2220 memetipsum
1239 2163 1344 2220 pro
1363 2147 1544 2204 totius
1574 2147 1780 2204 mundi
1801 2147 2129 2205 delictotibi

480 2231 837 2288 Sacriﬁcium
868 2233 1192 2290 exhiberes.
1223 2235 1386 2291 Tunc
1417 2235 2002 2306 dixi:Eccevenio,id
2017 2243 2126 2309 est,

482 2333 786 2376 assumam
817 2336 1054 2378 carnem
1083 2322 1144 2378 in
1177 2339 1294 2396 qua
1322 2323 1530 2396 patiar.

484 2409 547 2464 11
623 2411 689 2465 In
735 2411 910 2482 capite
961 2411 1096 2468 libri
1137 2413 1402 2485 scriptum
1437 2417 1516 2470 est
1563 2413 1630 2470 de
1673 2431 1759 2472 me
1793 2425 1855 2472 ut
1891 2418 2130 2489 facerem

695 2498 1031 2556 voluntatem
1060 2504 1232 2556 tuam.

625 2589 763 2644 Deus
791 2604 962 2657 meus,
993 2589 1147 2646 volui
1171 2597 1223 2646 et
1251 2589 1423 2660 legem
1451 2599 1606 2648 tuam
1635 2593 1695 2648 in
1735 2593 1912 2652 medio
1953 2595 2132 2653 cordis

692 2692 825 2733 met.

552 2764 600 2820 H
629 2765 677 2820 A
719 2764 761 2820 C
809 2764 874 2821 In
919 2765 1108 2838 capite
1148 2764 1284 2823 libri
1331 2767 1616 2841 seriptum
1669 2772 1759 2826 est
1803 2769 1876 2826 de
1919 2787 2034 2840 me,
2067 2771 2128 2828 in

480 2850 632 2909 libro
669 2851 785 2910 isto
841 2852 1228 2916 Psalmorum.
1264 2853 1329 2912 In
1371 2857 1558 2930 capite
1603 2857 1668 2914 de
1711 2875 1770 2914 se
1813 2858 1955 2916 dicit
2001 2877 2129 2918 esse

481 2938 788 3014 scriptum,
822 2957 958 3001 cum
989 2942 1204 2999 dicitur
1235 2959 1248 2999 :
1282 2944 1494 3002 Beatus
1525 2945 1615 3001 vir
1643 2946 1746 3018 qui
1795 2964 1912 3003 non
1965 2949 2126 3018 abiit,

481 3031 590 3085 etc.
624 3027 672 3086 Η
702 3027 807 3086 Vel
835 3029 896 3086 in
924 3030 1235 3104 Evangelio
1269 3048 1281 3086 :
1304 3033 1368 3088 In
1390 3031 1676 3108 principio
1697 3038 1822 3092 erat
1847 3035 2126 3096 Verbum.

482 3116 587 3175 Vel
616 3117 676 3174 in
709 3119 899 3192 capite
923 3119 1058 3184 libri
1089 3121 1315 3178 Veteris
1336 3123 1716 3192 Testamenti,
1741 3125 1841 3180 ubi
1873 3125 2126 3184 dicitur:

2232 541 2551 616 praedicant
2580 543 2790 600 sancti.
2821 544 2862 600 C
2891 543 2956 600 In
2986 541 3432 617 congregatione
3471 557 3708 616 quoque
3735 541 3887 602 den-

2233 629 2473 688 sissima
2529 631 2836 688 veritatem
2879 631 3027 690 dixit
3079 631 3373 701 Christus,
3420 631 3656 704 quando
3723 631 3886 692 Isaia

2233 721 2452 778 librum
2481 721 2774 794 accipiens
2801 725 2858 778 et
2884 721 3302 796 legens,dixit:
3336 720 3518 779 Hodie
3547 719 3890 794 impletaest

2231 809 2356 867 haec
2375 809 2676 882 Scriptura
2701 811 2854 883 (Luc.
2888 812 2985 883 ιν).

2234 899 2305 960 15
2383 901 2540 964 Τασξο
2597 905 2780 956 autem
2821 906 2836 964 ζ
2903 899 3150 969 Domine,
3181 915 3252 955 ne
3301 899 3458 968 longe
3501 899 3680 972 facias
3715 899 3888 954 mise-

2445 989 2686 1046 rationes
2717 995 2840 1046 tuas
2868 1005 2905 1044 a
2931 1004 3018 1046 me
3048 1007 3063 1046 :

2374 1077 2747 1134 Misericordia
2788 1085 2889 1134 tua
2913 1085 2966 1135 et
2999 1079 3221 1152 veritas,
3249 1084 3345 1136 tua
3383 1091 3594 1148 semper
3633 1093 3890 1154 suscepe-

2448 1173 2582 1222 runt
2607 1183 2715 1222 me.

2304 1251 2347 1309 C
2383 1252 2646 1310 Narratis
2695 1253 2915 1310 sanctis
2965 1251 3262 1326 operibus,
3291 1253 3367 1310 ad
3413 1251 3708 1332 passionis
3763 1268 3888 1311 suae

2231 1339 2480 1418 gloriam
2537 1341 2707 1411 redit,
2767 1341 2868 1398 ubi
2923 1340 3132 1399 merito
3191 1343 3419 1399 Patrem
3477 1347 3770 1416 precatur,
3811 1357 3888 1400 ne

2233 1429 2405 1503 longe
2435 1429 2506 1488 ab
2555 1446 2622 1487 eo
2663 1429 2838 1486 faciat
2881 1429 3288 1489 misericordias
3335 1447 3484 1487 suas.
3514 1429 3888 1492 Misericordia

2233 1519 2381 1575 enim
2411 1517 2542 1588 fuit,
2575 1523 2642 1574 ut
2665 1517 2990 1578 humanam
3041 1523 3314 1576 naturam
3369 1519 3514 1576 vitio
3555 1519 3888 1582 sauciatam

2235 1607 2732 1680 praevaricationis
2764 1625 2873 1667 sua
2902 1608 3302 1668 incarnatione
3327 1607 3602 1669 salvaret.
3631 1607 3884 1680 Veritas,

2236 1700 2302 1750 ut
2357 1694 2804 1753 resurrectionis
2857 1697 3140 1756 beneﬁcio
3189 1697 3419 1755 sederet
3463 1695 3538 1766 ad
3574 1697 3886 1756 dexteram

2236 1783 2444 1841 Patris.
2477 1785 2874 1858 Susceperunt
2903 1803 3016 1856 me,
3050 1785 3272 1842 scilicet
3303 1785 3376 1844 ad
3412 1783 3886 1858 gloriﬁcandum.

2159 1831 2207 1898 Β
2241 1873 2308 1928 16
2382 1831 3166 1943 Quoniamrcircumdedbrunt
3195 1889 3284 1934 me
3307 1831 3459 1932 me;
3497 1890 3728 1948 quorum
3774 1891 3891 1936 non

2449 1971 2531 2020 εει
2557 1979 2819 2020 numerus
2853 1982 2867 2021 ζ

2382 2051 2914 2124 Comprehenderunt
2953 2067 3040 2108 me
3095 2052 3414 2124 iniquitate:
3470 2064 3630 2118 mae,
3679 2057 3732 2107 et
3775 2067 3886 2108 non

2446 2143 2607 2212 potui
2633 2149 2694 2196 ut
2722 2140 2982 2198 viderem.

2309 2227 2350 2283 Ο
2368 2227 2523 2285 Dicit
2543 2228 2614 2286 de
2641 2228 2922 2298 membris
2953 2227 3102 2298 suis,
3127 2243 3380 2302 quorum
3411 2227 3538 2302 ipse
3564 2230 3742 2300 caput
3772 2230 3883 2307 est,

2235 2333 2304 2372 se
2334 2317 2776 2374 circundedisse
2805 2315 2984 2386 mala,
3013 2321 3080 2373 ut
3117 2334 3182 2374 se
3232 2315 3354 2395 pati
3399 2317 3793 2391 proﬁteretur,
3822 2315 3886 2376 id

2239 2405 2393 2478 quod
2415 2407 2588 2462 turba
2599 2405 2860 2462 ﬁdelium
2892 2405 3242 2474 sustinebat,
3273 2421 3382 2462 nec
3395 2421 3523 2464 esse
3545 2419 3886 2479 numerum,

2237 2494 2463 2551 scilicet
2490 2495 2647 2568 apud
2669 2493 3152 2552 homines.Addit
3179 2493 3673 2568 comprehendere
3687 2509 3764 2552 se
3781 2492 3889 2553 ini-

2239 2583 2510 2656 quitates,
2527 2583 2808 2641 Dominus
2818 2583 2977 2642 enim
2995 2582 3258 2642 Salvator
3285 2599 3392 2642 nec
3412 2583 3570 2647 mala
3595 2586 3890 2658 perpetra-e

2237 2671 2338 2752 vit,
2361 2689 2468 2730 nec
2497 2672 2913 2746 iniquitatibus
2945 2672 3156 2746 patuit,
3178 2673 3280 2730 sed
3310 2671 3422 2731 hoc
3451 2688 3486 2728 a
3509 2675 3679 2749 parte
3707 2687 3893 2733 mem-

2237 2762 2480 2818 brorum
2519 2761 2686 2831 dixit,
2719 2779 2756 2818 a
2809 2762 3028 2834 quibus
3079 2761 3221 2822 talia
3265 2763 3615 2820 sustinetur.
3648 2760 3892 2841 Pietatis

2237 2851 2395 2908 enim
2422 2851 2606 2908 nostri
2639 2851 2849 2926 capitis
2881 2851 2992 2908 fuit
3019 2854 3083 2908 ut
3104 2849 3207 2924 qui
3232 2851 3304 2908 de
3328 2866 3394 2910 se
3425 2848 3610 2908 multa
3640 2849 3890 2923 dixerat.

2238 2939 2309 2997 de
2337 2939 2610 2997 ﬁdelibus
2650 2940 2865 2998 faceret
2915 2938 3293 2998 mentionem.
3325 2939 3373 2997 H
3421 2937 3892 3012 Comprehende-

2238 3034 2377 3086 runt
2406 3029 2734 3086 humanum
2764 3045 2951 3102 genus
2980 3027 3344 3101 iniquitates,
3377 3027 3436 3086 id
3465 3032 3558 3086 est
3603 3026 3890 3102 originale

2237 3122 2564 3191 peccatum,
2598 3135 2669 3178 ex
2698 3135 2814 3191 quo
2845 3114 3213 3190 pullularunt
3256 3115 3619 3189 iniquitates.
3652 3116 3722 3172 Et
3767 3132 3887 3176 non

479 3209 527 3263 A
556 3207 620 3264 In
665 3207 976 3282 principio,
1008 3208 1067 3264 id
1097 3213 1186 3266 est
1219 3208 1362 3266 Filio
1388 3211 1605 3268 creavit
1653 3212 1830 3280 Deus,
1863 3217 1972 3270 etc.
2017 3215 2130 3272 Vo-
2160 3202 2204 3270 C
2241 3207 2434 3280 potuit
2461 3212 2528 3264 ut
2553 3206 2990 3280 viderem,quia
3017 3205 3120 3262 lux
3144 3204 3405 3262 veritatis
3427 3197 3539 3260 fuit
3567 3204 3886 3262 abstracta.

481 3295 769 3352 luntatem
814 3297 1002 3354 Patris
1049 3297 1184 3354 fecit
1229 3299 1465 3371 quando
1513 3300 1816 3357 descendit
1862 3303 1934 3358 de
1963 3302 2125 3359 coelo.

483 3379 656 3440 Volui
685 3389 752 3440 ut
781 3401 885 3458 pro
901 3386 1020 3442 vita
1035 3386 1300 3442 omnium
1325 3392 1574 3444 mortem
1601 3389 2132 3448 sustineam.CLex

485 3467 685 3529 divina
711 3472 776 3529 in
819 3473 1014 3532 medio
1067 3473 1260 3532 cordis
1300 3474 1486 3548 ipsius
1536 3475 1665 3546 fuit,
1705 3478 1849 3536 dum
1897 3479 1958 3536 in
2005 3479 2132 3556 lege

484 3559 718 3619 Domini
749 3561 1146 3619 meditabatur
1175 3561 1267 3620 die
1297 3579 1364 3620 ac
1395 3567 1579 3620 nocte.

480 3643 552 3709 42
622 3651 970 3710 Annuntiavi
986 3651 1266 3724 justitiam
1293 3659 1442 3710 tuam
1469 3655 1528 3709 in
1559 3655 1785 3712 ecclesia
1812 3673 2012 3729 magna
2041 3677 2054 3715 :

618 3733 752 3798 Ecce
777 3740 930 3798 labia
955 3756 1078 3797 mea
1103 3757 1216 3797 non
1237 3743 1532 3814 prohibebo
1559 3743 1804 3813 Domine,
1836 3752 1896 3802 tu
1921 3748 2088 3804 scisti.

546 3826 590 3884 C
619 3825 774 3885 Bene
799 3824 1092 3884 nuntiavit
1110 3827 1430 3900 justitiam,
1455 3829 1682 3886 dicens:
1699 3831 1824 3888 Non
1847 3832 1931 3890 sic
1961 3835 2127 3908 impii

475 3931 594 3973 non
621 3913 826 3984 ‘sic.,In
855 3915 1101 3976 ecclesia
1129 3929 1364 3990 magna,
1398 3917 1456 3973 id
1497 3919 1674 3976 estin
1727 3923 1848 3978 toto
1903 3925 2126 3982 mundo

473 3999 710 4062 diffusa.
739 4001 866 4062 Non
895 4004 1197 4078 prohibuit
1224 4005 1380 4063 labia
1407 4023 1538 4075 sua,
1591 4009 1693 4082 qui
1725 4027 1841 4068 non
1900 4012 2128 4070 destitit

473 4092 845 4168 praedicando
862 4094 1178 4152 admonere
1205 4094 1492 4170 populum
1517 4097 1876 4170 perﬁdorum
1895 4099 1984 4157 :in
2009 4119 2127 4175 qua

473 4187 638 4258 parte
663 4187 876 4242 testem
920 4183 1150 4240 Patrem
1183 4183 1432 4253 invocat,
1469 4186 1612 4258 quia
1659 4187 1823 4248 nulla
1868 4191 2126 4262 pericula

475 4269 696 4330 timuit.
727 4271 774 4330 H
805 4273 989 4330 Labia
1019 4289 1254 4346 quoque
1285 4272 1522 4345 Christi,
1557 4276 1745 4333 sancti
1797 4283 1973 4348 sunt;
2005 4298 2123 4338 non

471 4361 743 4436 prohibet
769 4361 904 4420 illos
931 4362 1265 4434 prmdicare,
1281 4363 1436 4420 sicut
1455 4369 1694 4422 sanctus
1716 4365 1933 4426 Paulus
1959 4368 2120 4438 dicit,

470 4451 716 4508 verbum
746 4451 846 4508 Dei
877 4467 994 4508 non
1023 4455 1115 4508 est
1142 4451 1446 4526 alligatum
1479 4452 1550 4524 (II
1583 4455 1716 4511 Tim.
1749 4459 1832 4525 ιι).

474 4541 541 4596 13
610 4541 898 4598 Justitiam
928 4544 1083 4596 tuam
1110 4556 1221 4596 non
1250 4542 1508 4597 abscondi
1536 4543 1597 4598 in
1625 4544 1784 4601 corde
1808 4563 1926 4603 meo
1958 4565 1978 4604 :

615 4629 901 4686 Veritatem
931 4633 1085 4685 tuam
1111 4633 1164 4685 et
1191 4630 1437 4686 salutare
1466 4633 1626 4686 tuum
1653 4632 1804 4688 dixi.

539 4717 581 4772 C
607 4713 762 4775 Justi
801 4715 1091 4785 voluntas,
1115 4724 1205 4775 est
1251 4735 1387 4774 cum
1429 4721 1621 4791 potest
1660 4722 1976 4794 prodesse;
2007 4742 2122 4782 non

467 4805 824 4864 abscondere
853 4807 1177 4877 veritatem,
1193 4809 1347 4880 quod
1373 4807 1658 4864 Dominus
1683 4809 1946 4868 Salvator
1963 4813 2118 4884 fecit,

464 4897 744 4977 quoniam
799 4897 1006 4954 turbas
1044 4897 1406 4970 increpabat,
1435 4898 1719 4970 arguebat
1764 4898 2118 4971 incredulos,

462 4983 513 5040 II
542 4985 860 5043 Veritatem
891 4990 1055 5043 tuam
1085 4987 1226 5056 dixi,
1261 4986 1402 5059 quia
1429 5002 1605 5042 verax
1636 5003 1718 5044 es.
1742 4988 1812 5044 Et
1841 4989 2115 5061 salutare,

463 5073 620 5146 quod
651 5073 816 5130 salus
846 5093 909 5131 es
939 5075 1232 5132 omnium.

463 5162 532 5217 14
604 5163 723 5218 Νοη
749 5164 1006 5221 abscondi
1040 5165 1481 5222 misericordiam
1529 5169 1684 5221 tuam
1729 5176 1782 5224 et
1822 5171 2117 5230 veritatem

675 5257 832 5308 tuam
863 5270 876 5310 Ζ

599 5339 641 5396 Α
671 5341 904 5398 concilio
931 5343 1126 5409 multo,

530 5428 574 5484 C
599 5429 726 5487 Non
757 5429 1066 5488 abscondit
1111 5431 1574 5492 misericordiam
1623 5432 1812 5491 Patris
1857 5452 1990 5492 cum
2023 5438 2111 5494 di-

457 5518 541 5574 xit
562 5519 652 5576 :Si
683 5537 819 5576 cum
847 5537 950 5577 vos
981 5521 1114 5578 sitis
1145 5520 1520 5580 mali:nostis
1547 5524 1702 5580 bona
1733 5523 1869 5580 data
1897 5525 2036 5581 dare
2052 5527 2111 5580 ﬁ-

453 5606 550 5669 liis
580 5610 812 5684 vestris,
847 5615 1066 5686 quanto
1115 5611 1306 5688 magis
1351 5611 1524 5672 Pater
1578 5617 1770 5672 vester
1811 5612 2108 5674 caelestis?

2240 3297 2308 3352 17
2378 3297 2764 3370 Mulliplicatw
2790 3303 2923 3352 sunt
2950 3311 3114 3369 super
3139 3293 3368 3367 capillos
3395 3294 3591 3368 capitis
3618 3293 3732 3352 mei
3761 3311 3776 3348 :

2378 3387 2447 3442 Et
2471 3401 2564 3443 cor
2589 3402 2773 3442 meum
2800 3385 3095 3457 dereliquit
3123 3399 3231 3442 me.

2309 3474 2352 3532 C
2382 3473 2546 3532 Multi
2552 3475 2765 3550 plicata
2793 3479 2882 3532 est
2910 3473 3042 3548 ipsa
3060 3471 3342 3548 iniquitas
3355 3487 3530 3546 super
3549 3470 3814 3545 capillos,
3829 3471 3892 3529 id

2238 3568 2328 3620 est
2338 3579 2710 3639 supergenus
2723 3561 3242 3622 humanum.CCor
3253 3570 3500 3619 nosvero
3512 3560 3896 3638 derelinquit,

2239 3657 2458 3725 quanto
2489 3653 2744 3728 peccatis
2774 3653 2950 3711 homo
2979 3667 3131 3726 ager
3159 3651 3466 3726 profutura
3494 3659 3611 3706 non
3641 3651 3890 3726 appetit.

2238 3741 2287 3798 ΙΙ
2315 3741 2418 3799 Vel
2451 3743 2686 3816 quando
2717 3743 2893 3800 homo
2922 3746 3141 3815 peccat,
3174 3749 3274 3798 co‘r
3301 3756 3478 3797 suum
3517 3755 3634 3796 non
3686 3737 3890 3806 habet,

2236 3834 2302 3886 ut
2330 3847 2463 3888 cum
2488 3831 2672 3890 David
2703 3831 2849 3892 dixit
2879 3849 2894 3892 :
2927 3828 3152 3892 Invenit
3177 3841 3384 3890 servus
3411 3831 3552 3886 tuus
3580 3845 3682 3885 cor
3709 3845 3895 3886 suum

2233 3921 2311 3990 (II
2328 3920 2456 3990 Reg.
2489 3923 2613 3992 νιι).

2236 4009 2303 4064 18
2377 4008 2720 4083 Complacent
2749 4011 2871 4081 tibi,
2903 4011 3247 4076 Domine,-ut
3272 4023 3542 4068 eruasme
3569 4025 3586 4064 ς

2382 4102 2630 4169 Domine,
2657 4098 2725 4158 od
2752 4099 3127 4173 adjuvandum
3151 4115 3242 4156 me
3265 4099 3492 4175 respice.

2305 4195 2347 4250 C
2377 4189 2768 4264 Complaceat,
2803 4189 2862 4246 id
2892 4193 3002 4258 est,
3035 4188 3280 4247 comiter
3305 4181 3555 4260 placeat,
3576 4185 3898 4248 concordia

2232 4283 2328 4339 hic
2355 4277 2656 4336 Trinitatis
2667 4277 3015 4335 ostenditur.
3028 4277 3174 4335 Nam
3188 4275 3346 4350 quod
3357 4274 3570 4350 placet,
3583 4273 3764 4343 Patri,
3776 4273 3894 4335 hoc

2234 4371 2396 4441 Filio,
2411 4370 2519 4426 hoc
2551 4373 2609 4425 et
2637 4366 2882 4440 Spiritui
2908 4371 3134 4424 sancto.
3155 4365 3354 4436 Addit,
3373 4364 3502 4433 tibi,
3520 4367 3596 4422 ut
3617 4368 3892 4448 sanctam

2229 4459 2575 4516 Trinitatem
2602 4473 2793 4512 unum
2823 4455 3007 4514 Deum
3038 4471 3168 4514 esse
3199 4452 3892 4528 cognosceres.Domine,

2147 4569 2196 4636 Β
2228 4550 2302 4606 ad
2324 4546 2724 4620 adjuvandum
2747 4561 2841 4602 me
2861 4545 3107 4636 respice,
3125 4548 3192 4604 ut
3213 4541 3617 4636 intelligamus
3638 4557 3896 4636 conspe-

2227 4641 2387 4695 ctum
2419 4637 2548 4708 eius
2579 4637 2846 4692 nostrum
2877 4633 3218 4706 praesidium
3239 4647 3369 4690 esse
3393 4649 3408 4704 ;
3431 4629 3602 4690 aliter
3628 4629 3790 4688 enim
3821 4628 3896 4688 li-

2232 4726 2420 4784 berari
2455 4740 2569 4780 non
2599 4739 2918 4796 possumus
2949 4721 3063 4780 nisi
3103 4739 3212 4779 nos
3244 4720 3527 4780 Divinitas
3565 4718 3896 4778 clementer

2229 4813 2523 4888 respiciat.

2230 4905 2298 4960 19
2371 4900 2794 4975 Confundantur
2819 4907 2872 4958 et
2901 4907 3254 4958 revereantur
3281 4899 3450 4957 simul
3484 4916 3499 4956 :

2369 4993 2476 5062 Qui
2504 4998 2764 5065 quaerunt
2791 4991 3045 5046 animam
3071 5005 3254 5048 meam
3283 4997 3348 5048 ut
3377 4987 3642 5063 auferant
3668 5003 3816 5044 eam.

2295 5083 2338 5140 C
2366 5077 3090 5148 Confundautur,dixit,id
3120 5077 3583 5144 estmirabilium
3613 5075 3891 5136 conside-

2224 5171 2450 5228 ratione
2477 5169 2808 5225 turbentur.
2838 5165 2906 5224 Et
2934 5171 3326 5237 revereantur,
3354 5167 3466 5230 hoc
3494 5170 3587 5224 est
3615 5179 3888 5222 resurre-

2224 5259 2433 5316 ctionis
2471 5256 2660 5331 gloria
2714 5257 3100 5330 corrigantur,
3137 5260 3203 5314 ut
3257 5255 3430 5316 illum
3481 5248 3888 5313 conﬁteantur

2222 5355 2620 5420 Deum,quem
2633 5345 2858 5402 dudum
2881 5350 3236 5418 putaverunt
3263 5346 3544 5408 occisum.
3577 5340 3790 5410 Simul,
3819 5331 3885 5396 id

2219 5442 2312 5494 est
2357 5439 2500 5509 quot
2541 5434 3044 5508 persequebantur
3093 5433 3415 5494 Christum.
3449 5431 3560 5502 Qui
3607 5432 3890 5504 quaerunt

2219 5527 2502 5596 animam,
2517 5524 2588 5580 ad
2613 5527 2860 5578 mortem
2881 5541 2894 5593 ;
2913 5527 2976 5580 ut
2991 5523 3262 5582 auferant
3281 5531 3435 5590 eam,
3451 5519 3511 5580 id
3529 5525 3620 5578 est
3631 5518 3890 5594 quicun-

2218 5616 2472 5676 tendunt
2503 5631 2537 5673 a
2567 5627 2807 5688 corpore
2839 5628 2968 5672 meo
2999 5628 3308 5690 segregare
3335 5628 3468 5672 eam
3507 5611 3570 5672 in
3599 5612 3886 5672 mortem.
