4086 6180
189 314 290 377 177

1384 310 1806 375 EXPOSITIO
1848 306 2364 372 PSALMORUM.

3468 303 3585 367 178

174 450 328 520 νῦνῆ,
360 451 647 508 sstuante
687 464 908 508 veneno
938 446 1012 507 ad
1061 446 1278 507 fontem
1326 445 1587 506 festinat.
1616 444 1658 503 C
1706 444 1826 502 Hoc
1853 446 1912 515 Α
1973 424 2020 502 ὅ
2083 444 2261 514 Quare
2281 443 2453 501 tristis
2479 457 2536 499 es
2559 442 2751 500 anima
2776 457 2899 499 mea
2918 445 2944 499 ?

176 557 272 598 nos
301 541 600 608 admonet,
634 544 699 597 ut
727 541 965 613 quando
994 557 1217 597 venena
1244 538 1557 595 haurimus
1594 535 1823 609 antiqui

175 629 551 703 serpentis,ad
570 630 789 686 fontem
802 629 1011 686 divina:
1024 628 1437 686 misericordiae
1450 627 1819 685 festinemus.

174 720 313 777 Fons
338 718 500 777 enim
522 735 756 793 semper
784 718 1043 792 irriguos
1073 723 1163 776 est
1191 717 1461 774 Christus
1486 718 1675 785 ;unde
1708 733 1822 771 non

173 807 305 864 dixit
333 808 409 863 ad
453 808 693 874 ﬂuenta,
726 807 868 880 quia
911 807 1118 863 siccari
1148 810 1435 881 possunt;
1464 806 1594 862 fons
1627 809 1822 861 autem

173 912 397 969 semper
424 895 575 952 ﬂuit.
608 896 653 952 Η
702 897 889 952 Homo
932 913 1068 970 ergo
1118 895 1406 963 Ecclesiae,
1457 895 1558 968 qui
1612 895 1710 949 diu
1762 893 1821 947 in

170 990 291 1042 actu
321 1002 619 1042 venenoso
650 985 1064 1059 degebat,cum
1094 985 1253 1041 hunc
1283 984 1475 1059 gratia
1505 984 1603 1041 Dei
1622 982 1824 1040 videns

172 1074 571 1147 derelinquere
597 1073 1020 1148 cupit,clamat,
1041 1075 1561 1148 quemadmodum,
1595 1076 1727 1141 etc.,
1761 1074 1826 1127 ut

176 1164 513 1239 paenitentia
543 1163 1058 1238 ablutns,gloriam
1088 1163 1189 1221 Dei
1219 1164 1430 1221 videat.

198 1275 231 1327 2
304 1271 500 1328 Siticit
514 1273 899 1340 animantem;—
917 1272 988 1328 ad
1028 1276 1043 1337 ζ
1073 1273 1245 1328 Deum
1264 1271 1337 1346 Χ
1351 1275 1584 1345 fortem:
1602 1273 1787 1327 vivum
1808 1288 1820 1326 :

304 1361 540 1426 Quando
570 1364 788 1418 veniam
814 1370 867 1418 et
894 1361 1166 1434 apparebo
1197 1370 1325 1418 ante
1353 1363 1553 1434 faciem
1579 1361 1719 1418 Dei?

228 1450 277 1506 Η
309 1450 508 1506 Sitivit
538 1450 736 1507 anima
765 1467 915 1518 mea,
944 1467 1060 1507 non
1109 1450 1182 1506 ad
1213 1455 1448 1507 mortua
1485 1448 1824 1517 simulacra,

168 1540 261 1596 sed
319 1539 394 1595 ad
428 1539 599 1596 illum
651 1540 751 1613 qui
781 1539 973 1596 dixit:
1002 1539 1144 1595 Vivo
1197 1556 1303 1613 ego
1346 1539 1489 1596 dicit
1540 1538 1825 1596 Dominus

171 1629 378 1697 (Bacch.
410 1628 631 1700 smn).
660 1628 702 1684 C
730 1629 973 1695 Quando
1020 1628 1273 1697 veniam,
1299 1629 1438 1701 quia
1466 1631 1606 1685 tunc
1635 1627 1826 1684 mani-

168 1718 351 1774 festus
383 1718 713 1791 apparebit,
748 1717 984 1791 quando
1010 1734 1116 1774 nos
1140 1717 1197 1772 in
1210 1717 1434 1789 judicio
1466 1734 1573 1775 suo
1606 1716 1826 1773 miseri-

168 1806 418 1863 corditer
447 1806 788 1880 inspexerit.
817 1807 865 1863 H
893 1805 996 1863 Vel
1044 1808 1278 1879 quando
1308 1806 1556 1876 veniam,
1592 1806 1825 1879 quando
1856 1825 1905 1891 Β

168 1894 271 1952 erit
302 1900 636 1969 tempus,ut
661 1912 798 1952 cum
811 1895 1030 1952 sanctis
1045 1895 1104 1951 in
1118 1895 1381 1953 claritate
1394 1901 1496 1952 tua
1514 1900 1572 1952 te
1593 1895 1823 1951 videam

170 1986 341 2053 (locu.
374 1986 485 2057 ιιι),
518 1989 577 2042 et
604 1986 687 2042 ita
712 1990 849 2042 ante
879 1989 1256 2058 conspectum
1295 1985 1616 2041 divinitatis
1646 2002 1825 2057 appa-

168 2075 325 2143 rebo,
352 2078 413 2130 te
443 2073 648 2131 videns
678 2074 852 2131 sicuti
882 2092 966 2146 es,
995 2074 1133 2147 quia
1148 2074 1407 2131 Ecclesia
1436 2073 1559 2130 vult
1587 2073 1825 2130 dissolvi

166 2180 197 2218 a
220 2180 487 2238 corpore,
522 2168 581 2220 et
608 2180 740 2221 esse
768 2181 905 2221 cum
935 2163 1164 2220 Christo
1191 2165 1421 2238 (Philip.
1456 2164 1520 2235 1).

194 2272 226 2326 3
303 2274 554 2328 Fuerunt
579 2271 724 2327 mihi
752 2273 1017 2345 lacrym
1043 2287 1183 2329 mea?
1206 2288 1377 2344 panes
1406 2272 1503 2327 die
1531 2287 1597 2327 ac
1624 2276 1782 2327 nocte
1808 2287 1822 2324 :

300 2362 449 2417 Dum
475 2360 682 2417 dicitur
709 2361 852 2416 mihi
865 2361 1105 2434 quotidie
1139 2378 1151 2415 :
1189 2360 1289 2417 Ubi
1316 2368 1395 2416 est
1424 2361 1562 2416 Deus
1594 2364 1755 2415 tuus?

226 2467 280 2523 Η
305 2468 615 2534 Quomodo
646 2471 837 2540 potest
858 2467 928 2523 de
948 2466 1224 2539 lacrymis
1246 2467 1415 2539 panis
1436 2466 1594 2523 ﬁeri?
1614 2470 1825 2539 potest,

167 2558 304 2629 quia
334 2558 500 2613 sicut
524 2573 738 2629 corpus
760 2556 1011 2612 satiatur
1035 2555 1501 2629 pane,itaenima
1529 2572 1631 2628 per
1651 2555 1830 2628 lacry-

162 2646 463 2719 mas,quia
492 2645 700 2701 exinde
732 2662 794 2701 se
816 2645 1030 2701 habere
1056 2648 1248 2716 sperat
1270 2643 1675 2700 remissionem
1702 2661 1830 2717 pec-

164 2739 452 2790 catorum.
484 2734 529 2789 C
559 2734 745 2799 Diem,
777 2722 1223 2806 prosperitatem
1250 2750 1264 2802 ;
1298 2737 1528 2789 noctem
1561 2750 1695 2789 vero
1726 2734 1830 2790 de-

164 2821 369 2880 bemus
404 2821 671 2893 accipere
699 2821 1146 2878 tristitiam.Per
1175 2821 1297 2877 haec
1326 2822 1443 2877 duo
1474 2839 1647 2878 omne
1676 2827 1827 2878 tem-

166 2928 269 2983 pus
300 2912 495 2983 hujus
522 2910 648 2966 vitse
672 2909 984 2967 indicatur.
1012 2911 1164 2967 Dum
1198 2909 1339 2966 dicit
1371 2910 1515 2965 mihi
1544 2910 1827 2983 quotidie.

166 2998 265 3055 hoc
295 2999 466 3055 enim
499 2999 806 3055 dicebatur
830 2999 1068 3055 assidue
1104 2999 1526 3071 persecutionis
1568 3002 1829 3073 tempore

169 3087 527 3144 Christianis
558 3088 719 3144 :Non
767 3092 858 3145 est
915 3088 1017 3160 qui
1064 3105 1167 3144 vos
1213 3088 1467 3144 vindicet
1500 3106 1513 3157 ;
1544 3088 1829 3145 sustinete

2072 536 2138 590 Et
2165 550 2334 607 quare
2362 533 2653 591 conturbas
2672 536 2793 589 me?

2004 641 2045 698 C
2078 641 2362 715 Loquitur
2390 640 2547 698 filius
2568 642 2730 709 Core,
2765 640 2823 697 id
2855 644 2943 696 est
2972 640 3131 697 filius
3161 637 3592 705 crucis,dicens

1934 732 2003 788 ad
2029 731 2286 787 animam
2318 747 2486 787 suam
2523 748 2536 786 :
2570 732 2757 796 Quare
2783 729 2969 786 tristis
2994 729 3142 799 es,id
3174 732 3469 801 est,quare
3497 745 3591 785 me

1930 824 2035 877 tua
2058 820 2372 877 afflictione
2421 821 2736 876 conturbas
2755 820 2784 875 ‘I
2810 834 3047 875 necesse
3094 822 3183 875 est
3229 818 3408 887 enim,
3442 822 3507 874 ut
3535 822 3592 875 te

1930 908 2118 965 tristis
2148 926 2214 965 ac
2241 912 2468 979 moesta,
2504 909 2819 965 infirmitas
2850 907 3109 981 corporis
3139 907 3254 963 mei
3294 908 3583 974 turbetur,

1933 998 2122 1055 dicam
2156 998 2260 1056 tibi
2289 998 2544 1055 salutare
2570 997 2915 1055 remedium.

1963 1118 2000 1169 7
2071 1119 2241 1187 Spera
2269 1117 2331 1171 in
2353 1118 2455 1171 Deo
2487 1116 2747 1187 quoniam
2872 1114 3049 1170 adhuc
3077 1119 3091 1182 ζ
3133 1114 3428 1186 conﬁtebor
3457 1114 3548 1170 illi
3565 1130 3577 1168 :

2072 1204 2328 1261 Salutare
2353 1205 2537 1261 vultus
2566 1206 2678 1260 mei
2703 1211 2755 1260 et
2782 1205 2921 1261 Deus
2947 1220 3119 1261 meus.

1967 1295 2002 1348 8
2076 1294 2157 1350 Ad
2183 1296 2449 1366 meipsum
2476 1295 2665 1349 anima
2690 1311 2813 1349 mea
2839 1294 3161 1349 conturbata
3188 1300 3267 1349 est
3297 1309 3310 1348 :

2074 1385 2359 1456 Propterea
2398 1399 2606 1439 memor
2648 1399 2739 1438 ero
2780 1384 2866 1438 tui
2920 1382 2985 1438 de
3029 1390 3176 1438 terra
3217 1381 3486 1439 Iordanis
3533 1388 3585 1438 et

2072 1475 2392 1529 Hermonim
2420 1491 2453 1529 a
2481 1474 2663 1529 monie
2688 1471 2914 1528 modico.

2004 1593 2043 1644 C
2074 1591 2257 1663 Spera
2287 1590 2344 1645 in
2377 1590 2514 1658 Deo,
2548 1589 2688 1663 quia
2714 1605 2848 1663 spes
2877 1590 3006 1662 ejus
3035 1587 3235 1645 omnia
3263 1591 3588 1645 commutat

1934 1679 1993 1735 in
2020 1677 2253 1735 melius.
2285 1680 2367 1734 Ne
2400 1679 2545 1734 forte
2588 1681 2778 1734 autem
2828 1677 2980 1734 dicat
3022 1676 3221 1735 anima
3253 1678 3587 1745 :Quomodo

1935 1784 2175 1841 possum
2205 1784 2438 1840 sperare
2470 1767 2530 1822 in
2561 1783 2716 1836 eum,
2745 1768 2887 1823 dum
2937 1766 3083 1823 mihi
3114 1784 3247 1824 mea
3274 1766 3589 1823 infirmitas

1934 1856 2206 1913 obsistit?
2235 1856 2386 1912 Dicit
2417 1856 2599 1912 Filius
2643 1856 2857 1926 crucis,
2889 1857 2948 1912 id
2986 1846 3103 1927 est,
3128 1856 3305 1914 homo
3349 1872 3585 1913 carnem

1934 1945 2283 2019 crucifigens
2315 1962 2450 2001 cum
2495 1944 2653 2002 vitiis
2681 1950 2739 2001 et
2776 1945 3268 2018 concupiscontiis
3305 1945 3450 2008 (Gal.
3478 1946 3533 2016 ν)
3570 1963 3582 2001 :

1934 2035 2297 2108 respondebo
2330 2036 2537 2090 animm
2580 2051 2720 2090 suae.
2767 2035 3099 2091 Conﬁtebor
3138 2034 3245 2101 illi,
3272 2034 3330 2090 id
3372 2040 3480 2105 est,
3514 2035 3587 2090 de

1933 2124 2187 2197 peccatis
2212 2123 2358 2180 meis
2384 2123 2787 2196 pmnitentiam
2816 2140 3016 2197 geram
3055 2128 3120 2180 ut
3165 2124 3251 2181 tui
3284 2123 3587 2182 devotione

1936 2213 2207 2287 impediri
2239 2231 2353 2269 non
2384 2212 2747 2287 possim.Sed
2772 2213 2865 2269 cui
2897 2213 3191 2271 confiteris
3220 2231 3233 2270 :
3261 2213 3349 2270 Illi
3374 2212 3475 2287 qui
3496 2216 3588 2271 est

1935 2301 2190 2360 salutare
2221 2302 2416 2359 vultus
2448 2302 2698 2372 mei,hoc
2728 2306 2817 2358 est
2840 2302 3128 2359 Christus.

2010 2394 2051 2447 Η
2086 2393 2411 2448 Turbatum
2444 2391 2584 2448 dicit
2612 2391 2872 2449 animam
2904 2409 3073 2449 suam
3123 2392 3197 2448 ob
3237 2392 3585 2449 recordatio-

1936 2499 2070 2537 nem
2104 2480 2447 2537 delictorum
2478 2481 3080 2555 priorum.Propterea
3109 2499 3334 2540 memor
3360 2499 3458 2539 ero
3478 2481 3584 2537 tui.

1937 2572 1983 2627 H
2015 2572 2236 2627 Memor
2266 2570 2376 2626 fuit
2404 2571 2611 2626 animus
2652 2584 2770 2629 suae
2806 2571 2915 2628 iste
2945 2571 3233 2644 pmnitens
3264 2572 3322 2627 in
3353 2572 3592 2628 humili-

1937 2664 2055 2717 tate
2108 2661 2483 2734 peenitentiae,
2530 2664 2587 2717 et
2625 2678 2743 2716 non
2793 2678 2855 2717 se
2904 2660 3089 2731 elevat
3137 2679 3418 2735 magnum
3466 2661 3588 2736 glo-

1937 2748 2163 2817 riando,
2224 2751 2324 2804 sed
2381 2749 2558 2804 efficit
2602 2748 2910 2822 parvulum
2963 2749 3316 2822 pcenitendo.
3350 2754 3391 2805 C
3438 2749 3591 2807 Dicit

1937 2837 2113 2899 etiam
2146 2839 2299 2895 unde
2334 2855 2560 2895 memor
2588 2839 2719 2905 erit,
2746 2838 2803 2895 id
2852 2842 2941 2895 est
2994 2840 3067 2895 de
3110 2843 3265 2896 terra
3290 2839 3586 2907 Jordanis,

1937 2928 2095 3000 quod
2121 2927 2537 3001 interpretatur
2564 2928 2853 2997 descensio,
2888 2927 3027 3000 quia
3053 2927 3136 2983 ibi
3175 2927 3460 2985 Dominus
3489 2929 3587 2984 de-

1937 3015 2165 3073 scendit
2188 3016 2245 3071 in
2276 3017 2515 3086 fontem,
2538 3033 2712 3089 quem
2744 3016 2915 3072 nobis
2944 3017 3383 3086 consecravit,et
3411 3016 3592 3090 signi-

1938 3105 2073 3162 ﬁcat
2102 3105 2462 3178 baptismum
2492 3105 2552 3160 in
2579 3121 2694 3177 quo
2727 3108 2963 3178 peccata
2991 3105 3240 3162 remissa
3277 3109 3435 3162 sunt.
3470 3106 3589 3163 Me-

165 3194 282 3249 que
313 3177 622 3248 volumus,
652 3194 780 3250 quae
804 3178 1173 3249 jubemus,et
1200 3175 1388 3234 videte
1414 3195 1489 3234 an
1518 3178 1674 3234 Deus
1703 3196 1825 3235 ves-

1948 3212 2063 3250 nor
2109 3175 2409 3268 estigitur
2457 3175 2835 3263 Dom‘ini,—de
2883 3194 3163 3252 beneﬁcio
3210 3194 3490 3267 baptismi
3533 3197 3592 3251 et

166 3270 247 3321 ter
260 3284 374 3323 vos
408 3265 641 3323 liberet.

197 3375 231 3429 Ιι
299 3376 440 3431 Hec
468 3373 783 3430 recordatus
836 3388 961 3428 sum
1012 3376 1066 3428 et
1119 3371 1295 3446 effudi
1355 3375 1415 3429 in
1462 3390 1550 3430 me
1585 3374 1833 3429 animum

376 3479 613 3524 meam:

300 3552 588 3621 Quoniam
624 3551 870 3607 transibo
900 3552 960 3606 in
991 3551 1170 3607 locum
1215 3552 1558 3608 tabernaculi
1593 3551 1832 3608 admira-

382 3639 513 3694 bilis
542 3656 711 3712 usque
740 3640 810 3695 ad
838 3639 1060 3696 domum
1086 3641 1205 3697 Dei.

225 3729 267 3785 Β
296 3729 463 3785 Dum
489 3727 614 3785 haec
646 3746 774 3801 qua:
808 3729 1283 3801 improperabant
1314 3729 1481 3796 mihi,
1536 3729 1624 3785 vel
1649 3729 1828 3786 etiam

162 3835 285 3890 qua
318 3816 475 3873 mihi
500 3816 951 3889 imputabantur
978 3816 1191 3874 delicta
1216 3815 1829 3891 cogitarem,animam

161 3922 355 3963 meam
385 3904 447 3961 in
477 3905 766 3979 lacrymas
797 3906 997 3963 subita
1025 3906 1409 3963 inundatione
1430 3907 1828 3978 profudi.Ani-

160 4011 252 4052 ma
280 3995 348 4050 in
379 4011 441 4051 se
462 3994 1026 4068 funditur,quotiens
1047 3993 1700 4068 compunctainstinctu
1727 3996 1829 4052 Dei

164 4084 219 4139 in
248 4083 643 4156 semetipsam
668 4085 992 4141 revertitur.
1021 4083 1299 4156 Sequitur
1320 4100 1426 4139 cur
1456 4101 1518 4140 se
1540 4085 1827 4153 funderet,

164 4173 457 4245 quoniam
486 4171 923 4247 iugredicbatur
960 4173 1023 4230 in
1062 4173 1258 4231 locum
1301 4173 1685 4243 tabernaculi,
1720 4174 1830 4230 hoc

163 4267 249 4317 est
279 4263 348 4317 in
387 4259 705 4317 Ecclesium
737 4261 1212 4334 prmsentem,uhi
1239 4261 1496 4334 amplius
1518 4264 1827 4336 gemebat;

165 4348 397 4406 ὤσειτί
427 4349 621 4405 adhuc
650 4349 811 4406 illam
843 4350 1137 4408 cmlestem
1158 4351 1592 4408 Hierusalemﬂ
1619 4352 1681 4407 In
1715 4369 1833 4424 qua

165 4444 310 4495 sunt
336 4437 511 4493 multi
538 4439 934 4509 admirabiles,
966 4440 1286 4496 virtutibus
1309 4440 1490 4496 sacris
1521 4439 1828 4513 pollentes,

164 4529 264 4600 qui
294 4528 573 4583 aedificati
595 4545 775 4601 supra
793 4529 1242 4585 fundamentum
1267 4528 1662 4602 apostolorum
1686 4533 1832 4585 tam-

166 4634 358 4689 quam
393 4632 511 4671 una
538 4618 773 4684 domus,
806 4618 1117 4687 habentur,
1171 4618 1230 4674 in
1277 4635 1457 4691 quam
1501 4619 1611 4676 iste
1640 4622 1837 4675 mente

166 4703 536 4780 ingrediens,
567 4706 775 4763 effudit
799 4705 1078 4764 animam.

197 4815 239 4869 5
313 4815 393 4870 In
412 4828 536 4869 voce
562 4814 944 4871 multationis
972 4822 1024 4872 et
1048 4816 1405 4888 confessionis
1435 4834 1454 4869 :

314 4904 501 4958 Sanus
530 4903 825 4974 epulantis.

242 4991 290 5045 C
315 4978 622 5055 Quomodo
650 4991 793 5048 illuc
821 4992 906 5049 ire
952 4992 1366 5050 sanctissimus
1408 4991 1750 5050 ambiebat?
1776 4993 1839 5050 In

173 5096 344 5148 voce,
377 5078 619 5148 scilicet,
652 5080 1061 5139 exsultationis
1111 5086 1167 5139 et
1210 5081 1615 5139 confessionis.
1643 5081 1841 5138 Exsul-

174 5168 430 5234 tatio,ad
460 5169 856 5241 psalmodiam
902 5171 1156 5245 respicit.
1178 5171 1576 5237 Confessio,ad
1605 5175 1843 5244 peccata

176 5254 564 5328 deploranda.
598 5259 733 5325 Quae
760 5258 877 5315 duo
922 5259 1187 5316 efficiunt
1215 5259 1616 5316 Christianum
1654 5260 1842 5333 perfe-

176 5350 367 5399 ctum.
397 5348 591 5403 Sonus
632 5346 949 5419 epulantis,
1005 5348 1280 5405 difﬂnitio
1326 5348 1719 5420 brevis;quid
1768 5349 1846 5406 sit

178 5431 498 5489 exsultatio
546 5439 605 5491 et
655 5434 965 5505 confessio,
1000 5436 1140 5509 quia
1186 5441 1276 5494 est
1305 5454 1486 5492 sonus
1530 5437 1841 5509 epulantis.

175 5521 330 5577 Nam
357 5539 539 5579 sonus
566 5522 676 5579 iste
706 5524 967 5581 animam
1001 5526 1285 5599 pascit,et
1315 5525 1518 5599 epulas
1550 5526 1714 5582 suavi
1748 5527 1843 5583 de-

179 5608 493 5670 lectatione
524 5612 813 5671 concedit.

1938 3283 2367 3340 renuntiatione
2414 3282 2626 3339 diaboli
2655 3302 2667 3351 ;
2702 3283 2857 3339 unde
2904 3283 3102 3341 addit:
3132 3287 3191 3341 et
3227 3284 3587 3341 Hermonim.

1938 3373 2192 3429 Hermon
2224 3389 2436 3445 parvus
2467 3376 2556 3428 est
2586 3388 2757 3429 mons
2777 3372 2949 3444 juxta
2971 3373 3311 3442 Jordanem,
3332 3377 3391 3430 et
3420 3372 3595 3431 inter-

1939 3466 2204 3535 pretatur
2258 3462 2573 3529 anathema,
2634 3462 2790 3534 quod
2850 3460 2993 3517 dicit
3050 3462 3160 3518 hoc
3219 3461 3470 3533 diabolo,
3531 3466 3597 3519 ut

1939 3552 2017 3607 sit
2046 3551 2117 3606 ab
2143 3568 2210 3607 eo
2237 3550 2569 3620 anathema,
2604 3551 2840 3622 quando
2890 3552 2961 3607 ad
2998 3556 3179 3607 Deum
3217 3551 3441 3609 venerit
3463 3568 3598 3609 vera

1938 3639 2298 3714 poenitentia.
2332 3642 2376 3695 A
2408 3643 2604 3696 monte
2644 3640 2896 3709 modico,
2933 3640 3071 3714 quia
3102 3642 3256 3699 Deus
3281 3659 3395 3698 non
3425 3641 3600 3716 elegit
3641 3686 3649 3693 .

1938 3730 2259 3802 superbum
2304 3729 2405 3785 sed
2460 3727 2768 3785 humilem.
2821 3731 2865 3785 A
2898 3734 3095 3786 monte
3133 3730 3315 3804 igitur
3344 3730 3594 3799 modico,

1938 3818 2039 3892 qui
2068 3823 2158 3874 est
2188 3818 2547 3887 Hcrmonim,
2584 3836 2809 3875 memor
2838 3823 2928 3875 est
2957 3819 3209 3891 Domini,
3241 3821 3343 3895 qui
3382 3837 3445 3878 se
3478 3838 3595 3878 non

1939 3906 2181 3964 extollit.

1974 4028 2004 4077 9
2079 4023 2316 4096 Abyssus
2346 4024 2604 4096 abyssum
2629 4026 2767 4092 θείη
2809 4033 2822 4091 ζ
2863 4033 3031 4081 vocat.

2080 4114 2145 4168 In
2174 4128 2296 4169 voce
2322 4120 2723 4169 cataractarum
2751 4120 2994 4169 tuarum.

2000 4232 2050 4283 -Ο
2077 4228 2337 4301 Abyssus
2368 4232 2425 4283 et
2449 4232 2751 4283 cataractae
2798 4232 2996 4283 Graeca
3025 4230 3183 4282 sunt.
3207 4228 3253 4282 A
3281 4227 3323 4282 C
3354 4227 3593 4284 Duabus

1938 4318 2096 4374 enim
2127 4318 2357 4390 abyssis
2398 4317 2513 4373 duo
2554 4319 2928 4373 Testamenta
2954 4316 3381 4389 significantur,
3414 4316 3471 4372 id
3504 4321 3598 4373 est

1938 4406 2159 4463 Novum
2192 4412 2251 4461 et
2275 4406 2620 4477 Vetus,qua:
2649 4422 2711 4461 se
2757 4410 2963 4461 mutua
2992 4403 3362 4461 attestatione
3391 4406 3599 4461 confir-

1940 4495 2367 4566 mant,quando
2398 4493 2578 4549 Vetus
2598 4494 2821 4549 Novum
2848 4493 3129 4566 praedicit.
3162 4494 3208 4550 H
3239 4493 3313 4550 Ut
3351 4494 3432 4551 ibi
3463 4511 3597 4567 pro-

1865 4572 1912 4636 D
1945 4584 2183 4657 phetam
2215 4582 2378 4637 vobis
2408 4582 2719 4638 suscitabit
2747 4582 3031 4639 Dominus
3055 4582 3241 4655 (Deut.
3262 4586 3449 4651 xvm).
3479 4583 3598 4639 No—

1945 4691 2083 4729 vum
2112 4689 2245 4728 vero
2271 4672 2451 4729 Vetus
2485 4677 2925 4739 commemorat,
2963 4676 3027 4727 ut
3056 4671 3291 4728 Paulus.
3314 4672 3600 4728 Bibebant

1948 4767 2141 4818 autem
2171 4763 2251 4841 de
2290 4767 2472 4834 petra,
2486 4769 2641 4834 petra
2668 4768 2789 4817 erat
2814 4761 3064 4817 Christus
3093 4762 3142 4832 (l
3160 4762 3281 4816 Cor.
3314 4759 3393 4830 χ).
3426 4762 3466 4812 C
3492 4759 3599 4814 Ca-

1946 4855 2181 4907 taractae
2214 4850 2508 4923 prophetae
2540 4854 2597 4906 et
2626 4848 2874 4921 apostoli
2907 4849 3213 4921 sunt,quia
3243 4847 3398 4903 sicut
3425 4864 3601 4919 aqua-

1946 4956 2079 4996 rum
2112 4939 2431 4994 multitudo
2460 4955 2566 5010 per
2583 4940 2906 4993 cataractas
2934 4936 3240 5004 evomitur,
3274 4934 3357 4992 ita
3400 4936 3473 4992 de
3502 4952 3601 4993 ore

1946 5028 2210 5101 ipsorum
2239 5025 2470 5082 Domini
2502 5030 2791 5097 praecepta
2812 5027 3215 5079 manaverunt.

1951 5145 2018 5200 10
2093 5142 2289 5197 Omnia
2316 5141 2530 5197 excelsa
2560 5147 2655 5197 tua
2683 5147 2735 5194 et
2761 5140 2954 5210 ﬂuctus
2983 5141 3067 5195 tui
3090 5157 3103 5195 :

2092 5232 2267 5303 Super
2290 5247 2377 5286 me
2405 5230 2763 5285 transierunt.

2026 5353 2065 5405 C
2094 5347 2334 5404 Excelsa
2362 5363 2496 5403 vero
2537 5350 2595 5402 et
2640 5345 2854 5402 ﬂuctus
2899 5346 3229 5420 Scripturas
3278 5363 3474 5404 sacras
3521 5346 3604 5402 in-

1956 5435 2445 5511 telligamusﬂzrc
2474 5452 2609 5508 ergo
2640 5435 2781 5490 dicit
2801 5436 3003 5507 justus
3027 5453 3205 5509 super
3233 5452 3295 5492 se
3325 5437 3608 5493 transisse

1957 5526 2095 5599 quia
2126 5527 2183 5580 in
2216 5540 2417 5580 eorum
2449 5523 2676 5591 notitia,
2724 5524 2929 5580 avidus
2980 5528 3377 5597 perscrutator
3405 5542 3468 5582 se
3496 5524 3607 5580 im-

1960 5619 2260 5673 merserat.
