  <div class='ocr_page' id='page_1' title='image "/cluster/home/n/w/nwhite01/storage/ocr_20150623/142/hvd.32044054760020/095.png"; bbox 0 0 4112 6176; ppageno 0'>
   <div class='ocr_carea' id='block_1_1' title="bbox 443 371 561 432">
    <p class='ocr_par' dir='ltr' id='par_1_1' title="bbox 443 371 561 432">
     <span class='ocr_line' id='line_1_1' title="bbox 443 371 561 432; baseline 0 -1"><span class='ocrx_word' id='word_1_1' title='bbox 443 371 561 432; x_wconf 83' lang='grc'><strong><em>179</em></strong></span> 
     </span>
    </p>
   </div>
   <div class='ocr_carea' id='block_1_2' title="bbox 1350 369 2947 479">
    <p class='ocr_par' dir='ltr' id='par_1_2' title="bbox 1350 369 2947 479">
     <span class='ocr_line' id='line_1_2' title="bbox 1350 369 2947 479; baseline -0.001 -43"><span class='ocrx_word' id='word_1_2' title='bbox 1350 375 1418 436; x_wconf 90' lang='lat' dir='ltr'><strong><em>S.</em></strong></span> <span class='ocrx_word' id='word_1_3' title='bbox 1463 370 1858 436; x_wconf 81' lang='lat' dir='ltr'><strong><em>BRUNONIS</em></strong></span> <span class='ocrx_word' id='word_1_4' title='bbox 1901 369 2528 479; x_wconf 60' lang='lat' dir='ltr'><strong><em>HERPIPOLENSIS</em></strong></span> <span class='ocrx_word' id='word_1_5' title='bbox 2573 375 2947 438; x_wconf 84' lang='lat' dir='ltr'><strong><em>EPISCOPI.</em></strong></span> 
     </span>
    </p>
   </div>
   <div class='ocr_carea' id='block_1_3' title="bbox 3760 371 3888 435">
    <p class='ocr_par' dir='ltr' id='par_1_3' title="bbox 3760 371 3888 435">
     <span class='ocr_line' id='line_1_3' title="bbox 3760 371 3888 435; baseline -0.008 0"><span class='ocrx_word' id='word_1_6' title='bbox 3760 371 3888 435; x_wconf 75' lang='grc'><strong><em>180</em></strong></span> 
     </span>
    </p>
   </div>
   <div class='ocr_carea' id='block_1_4' title="bbox 445 473 3930 582">
    <p class='ocr_par' dir='ltr' id='par_1_4' title="bbox 445 473 3930 582">
     <span class='ocr_line' id='line_1_4' title="bbox 445 473 3930 582; baseline 0 -21"><span class='ocrx_word' id='word_1_7' title='bbox 445 504 506 562; x_wconf 82' lang='grc' dir='ltr'>Η</span> <span class='ocrx_word' id='word_1_8' title='bbox 589 506 648 562; x_wconf 85' lang='grc' dir='ltr'><strong><em>1η</em></strong></span> <span class='ocrx_word' id='word_1_9' title='bbox 680 505 768 564; x_wconf 84' lang='lat' dir='ltr'><strong><em>die</em></strong></span> <span class='ocrx_word' id='word_1_10' title='bbox 795 506 1078 564; x_wconf 76' lang='lat' dir='ltr'><strong><em>mandavit</em></strong></span> <span class='ocrx_word' id='word_1_11' title='bbox 1105 491 1370 563; x_wconf 82' lang='lat' dir='ltr'><strong><em>Dominus</em></strong></span> <span class='ocrx_word' id='word_1_12' title='bbox 1415 501 1849 562; x_wconf 81' lang='lat' dir='ltr'><strong><em>miscricordiam</em></strong></span> <span class='ocrx_word' id='word_1_13' title='bbox 1896 503 2054 560; x_wconf 83' lang='lat' dir='ltr'><strong><em>suam</em></strong></span> <span class='ocrx_word' id='word_1_14' title='bbox 2088 522 2101 561; x_wconf 90' lang='lat'><strong>:</strong></span> <span class='ocrx_word' id='word_1_15' title='bbox 2137 509 2185 572; x_wconf 70' lang='grc' dir='ltr'>Ᾰ</span> <span class='ocrx_word' id='word_1_16' title='bbox 2291 505 2337 562; x_wconf 87' lang='grc' dir='ltr'><strong>Η</strong></span> <span class='ocrx_word' id='word_1_17' title='bbox 2368 495 2546 578; x_wconf 61' lang='grc' dir='ltr'><strong><em>ΒῙὶωίίι</em></strong></span> <span class='ocrx_word' id='word_1_18' title='bbox 2570 505 2632 563; x_wconf 87' lang='lat' dir='ltr'><strong><em>in</em></strong></span> <span class='ocrx_word' id='word_1_19' title='bbox 2671 509 2800 575; x_wconf 83' lang='lat' dir='ltr'><strong><em>Deo,</em></strong></span> <span class='ocrx_word' id='word_1_20' title='bbox 2835 497 3118 582; x_wconf 82' lang='lat' dir='ltr'><strong><em>quoniam</em></strong></span> <span class='ocrx_word' id='word_1_21' title='bbox 3163 487 3368 580; x_wconf 73' lang='lat' dir='ltr'><strong><em>&quot;adhuc</em></strong></span> <span class='ocrx_word' id='word_1_22' title='bbox 3411 505 3741 580; x_wconf 79' lang='lat' dir='ltr'><strong><em>confitebor</em></strong></span> <span class='ocrx_word' id='word_1_23' title='bbox 3769 473 3930 562; x_wconf 40' lang='lat' dir='ltr'><strong><em>illi?</em></strong></span> 
     </span>
    </p>
   </div>
   <div class='ocr_carea' id='block_1_5' title="bbox 662 595 1370 668">
    <p class='ocr_par' dir='ltr' id='par_1_5' title="bbox 662 595 1370 668">
     <span class='ocr_line' id='line_1_5' title="bbox 662 595 1370 668; baseline -0.001 -16"><span class='ocrx_word' id='word_1_24' title='bbox 662 597 728 652; x_wconf 86' lang='lat' dir='ltr'><strong><em>Et</em></strong></span> <span class='ocrx_word' id='word_1_25' title='bbox 751 604 906 652; x_wconf 87' lang='lat' dir='ltr'><strong><em>nocte</em></strong></span> <span class='ocrx_word' id='word_1_26' title='bbox 934 598 1210 652; x_wconf 80' lang='lat' dir='ltr'><strong><em>canticum</em></strong></span> <span class='ocrx_word' id='word_1_27' title='bbox 1237 595 1370 668; x_wconf 86' lang='lat' dir='ltr'><strong><em>ejus.</em></strong></span> 
     </span>
    </p>
   </div>
   <div class='ocr_carea' id='block_1_6' title="bbox 443 684 1540 757">
    <p class='ocr_par' dir='ltr' id='par_1_6' title="bbox 443 684 1540 757">
     <span class='ocr_line' id='line_1_6' title="bbox 443 684 1540 757; baseline -0.002 -17"><span class='ocrx_word' id='word_1_28' title='bbox 443 685 514 740; x_wconf 88' lang='grc'><strong><em>12</em></strong></span> <span class='ocrx_word' id='word_1_29' title='bbox 587 684 855 757; x_wconf 71' lang='lat' dir='ltr'><strong><em>A&#39;pud&#39;me</em></strong></span> <span class='ocrx_word' id='word_1_30' title='bbox 883 685 1060 742; x_wconf 79' lang='lat' dir='ltr'><strong><em>oratio</em></strong></span> <span class='ocrx_word' id='word_1_31' title='bbox 1090 687 1194 741; x_wconf 89' lang='lat' dir='ltr'><strong><em>Deo</em></strong></span> <span class='ocrx_word' id='word_1_32' title='bbox 1221 686 1354 742; x_wconf 64' lang='lat' dir='ltr'><strong><em>vitae</em></strong></span> <span class='ocrx_word' id='word_1_33' title='bbox 1381 684 1540 741; x_wconf 53' lang='lat' dir='ltr'><strong><em>mea.</em></strong></span> 
     </span>
    </p>
   </div>
   <div class='ocr_carea' id='block_1_7' title="bbox 585 774 1492 845">
    <p class='ocr_par' dir='ltr' id='par_1_7' title="bbox 585 774 1492 845">
     <span class='ocr_line' id='line_1_7' title="bbox 585 774 1492 845; baseline -0.002 -15"><span class='ocrx_word' id='word_1_34' title='bbox 585 775 779 830; x_wconf 80' lang='lat' dir='ltr'><strong><em>Dicam</em></strong></span> <span class='ocrx_word' id='word_1_35' title='bbox 805 775 912 830; x_wconf 87' lang='lat' dir='ltr'><strong><em>Deo</em></strong></span> <span class='ocrx_word' id='word_1_36' title='bbox 937 774 1214 845; x_wconf 77' lang='lat' dir='ltr'><strong><em>susceptor</em></strong></span> <span class='ocrx_word' id='word_1_37' title='bbox 1238 789 1389 829; x_wconf 85' lang='lat' dir='ltr'><strong><em>meus</em></strong></span> <span class='ocrx_word' id='word_1_38' title='bbox 1417 789 1492 830; x_wconf 86' lang='lat' dir='ltr'><strong><em>es.</em></strong></span> 
     </span>
    </p>
   </div>
   <div class='ocr_carea' id='block_1_8' title="bbox 517 856 2106 930">
    <p class='ocr_par' dir='ltr' id='par_1_8' title="bbox 517 856 2106 930">
     <span class='ocr_line' id='line_1_8' title="bbox 517 856 2106 930; baseline -0.002 -12"><span class='ocrx_word' id='word_1_39' title='bbox 517 863 565 919; x_wconf 88' lang='lat' dir='ltr'><strong>H</strong></span> <span class='ocrx_word' id='word_1_40' title='bbox 592 864 654 918; x_wconf 90' lang='lat' dir='ltr'><strong><em>In</em></strong></span> <span class='ocrx_word' id='word_1_41' title='bbox 685 863 780 919; x_wconf 91' lang='lat' dir='ltr'><strong><em>die</em></strong></span> <span class='ocrx_word' id='word_1_42' title='bbox 804 862 1103 918; x_wconf 80' lang='lat' dir='ltr'><strong><em>mandavit</em></strong></span> <span class='ocrx_word' id='word_1_43' title='bbox 1127 861 1434 930; x_wconf 84' lang='lat' dir='ltr'><strong><em>Dominus,</em></strong></span> <span class='ocrx_word' id='word_1_44' title='bbox 1468 861 1528 917; x_wconf 90' lang='lat' dir='ltr'><strong><em>id</em></strong></span> <span class='ocrx_word' id='word_1_45' title='bbox 1573 863 1664 918; x_wconf 87' lang='lat' dir='ltr'><strong><em>est</em></strong></span> <span class='ocrx_word' id='word_1_46' title='bbox 1710 859 1770 916; x_wconf 92' lang='lat' dir='ltr'><strong><em>in</em></strong></span> <span class='ocrx_word' id='word_1_47' title='bbox 1812 856 1941 916; x_wconf 87' lang='lat' dir='ltr'><strong><em>luce</em></strong></span> <span class='ocrx_word' id='word_1_48' title='bbox 1970 874 2106 916; x_wconf 87' lang='lat' dir='ltr'><strong><em>san-</em></strong></span> 
     </span>
    </p>
   </div>
   <div class='ocr_carea' id='block_1_9' title="bbox 447 948 2104 1025">
    <p class='ocr_par' dir='ltr' id='par_1_9' title="bbox 447 948 2104 1025">
     <span class='ocr_line' id='line_1_9' title="bbox 447 948 2104 1025; baseline -0.003 -17"><span class='ocrx_word' id='word_1_49' title='bbox 447 953 676 1010; x_wconf 83' lang='lat' dir='ltr'><strong><em>ctarum</em></strong></span> <span class='ocrx_word' id='word_1_50' title='bbox 689 951 1124 1025; x_wconf 86' lang='lat' dir='ltr'><strong><em>Scripturarum</em></strong></span> <span class='ocrx_word' id='word_1_51' title='bbox 1141 950 1415 1024; x_wconf 86' lang='lat' dir='ltr'><strong><em>promisit</em></strong></span> <span class='ocrx_word' id='word_1_52' title='bbox 1431 966 1601 1006; x_wconf 88' lang='lat' dir='ltr'><strong><em>suam</em></strong></span> <span class='ocrx_word' id='word_1_53' title='bbox 1616 948 2104 1006; x_wconf 88' lang='lat' dir='ltr'><strong><em>misericordiam.</em></strong></span> 
     </span>
    </p>
   </div>
   <div class='ocr_carea' id='block_1_10' title="bbox 449 1037 2108 1112">
    <p class='ocr_par' dir='ltr' id='par_1_10' title="bbox 449 1037 2108 1112">
     <span class='ocr_line' id='line_1_10' title="bbox 449 1037 2108 1112; baseline 0.001 -16"><span class='ocrx_word' id='word_1_54' title='bbox 449 1041 521 1097; x_wconf 91' lang='lat' dir='ltr'><strong><em>Et</em></strong></span> <span class='ocrx_word' id='word_1_55' title='bbox 550 1043 718 1098; x_wconf 89' lang='lat' dir='ltr'><strong><em>nocte</em></strong></span> <span class='ocrx_word' id='word_1_56' title='bbox 747 1039 1062 1109; x_wconf 76' lang='lat' dir='ltr'><strong><em>canticum,</em></strong></span> <span class='ocrx_word' id='word_1_57' title='bbox 1095 1039 1153 1096; x_wconf 91' lang='lat' dir='ltr'><strong><em>id</em></strong></span> <span class='ocrx_word' id='word_1_58' title='bbox 1203 1043 1294 1096; x_wconf 87' lang='lat' dir='ltr'><strong><em>est</em></strong></span> <span class='ocrx_word' id='word_1_59' title='bbox 1339 1039 1398 1094; x_wconf 93' lang='lat' dir='ltr'><strong><em>in</em></strong></span> <span class='ocrx_word' id='word_1_60' title='bbox 1444 1038 1824 1095; x_wconf 84' lang='lat' dir='ltr'><strong><em>tribulatione</em></strong></span> <span class='ocrx_word' id='word_1_61' title='bbox 1876 1037 2108 1112; x_wconf 66' lang='lat' dir='ltr'><strong><em>positis.</em></strong></span> 
     </span>
    </p>
   </div>
   <div class='ocr_carea' id='block_1_11' title="bbox 450 1127 2111 1202">
    <p class='ocr_par' dir='ltr' id='par_1_11' title="bbox 450 1127 2111 1202">
     <span class='ocr_line' id='line_1_11' title="bbox 450 1127 2111 1202; baseline 0 -18"><span class='ocrx_word' id='word_1_62' title='bbox 450 1127 640 1202; x_wconf 90' lang='lat' dir='ltr'><strong><em>ipsam</em></strong></span> <span class='ocrx_word' id='word_1_63' title='bbox 674 1129 1133 1186; x_wconf 87' lang='lat' dir='ltr'><strong><em>misericordiam</em></strong></span> <span class='ocrx_word' id='word_1_64' title='bbox 1182 1127 1458 1185; x_wconf 76' lang='lat' dir='ltr'><strong><em>ostendit.</em></strong></span> <span class='ocrx_word' id='word_1_65' title='bbox 1491 1129 1538 1183; x_wconf 89' lang='lat' dir='ltr'><strong>A</strong></span> <span class='ocrx_word' id='word_1_66' title='bbox 1562 1127 1662 1184; x_wconf 91' lang='lat' dir='ltr'><strong><em>Vel</em></strong></span> <span class='ocrx_word' id='word_1_67' title='bbox 1695 1128 1755 1183; x_wconf 91' lang='lat' dir='ltr'><strong><em>in</em></strong></span> <span class='ocrx_word' id='word_1_68' title='bbox 1785 1127 1898 1196; x_wconf 87' lang='lat' dir='ltr'><strong><em>die,</em></strong></span> <span class='ocrx_word' id='word_1_69' title='bbox 1934 1128 1992 1183; x_wconf 89' lang='lat' dir='ltr'><strong><em>id</em></strong></span> <span class='ocrx_word' id='word_1_70' title='bbox 2020 1130 2111 1184; x_wconf 83' lang='lat' dir='ltr'><strong><em>est</em></strong></span> 
     </span>
    </p>
   </div>
   <div class='ocr_carea' id='block_1_12' title="bbox 451 1205 2111 1299">
    <p class='ocr_par' dir='ltr' id='par_1_12' title="bbox 451 1205 2111 1299">
     <span class='ocr_line' id='line_1_12' title="bbox 451 1205 2111 1299; baseline -0.002 -25"><span class='ocrx_word' id='word_1_71' title='bbox 451 1205 747 1292; x_wconf 80' lang='lat' dir='ltr'><strong><em>prosperis</em></strong></span> <span class='ocrx_word' id='word_1_72' title='bbox 776 1213 1050 1299; x_wconf 64' lang='lat' dir='ltr'><strong><em>praecepit</em></strong></span> <span class='ocrx_word' id='word_1_73' title='bbox 1071 1218 1224 1295; x_wconf 89' lang='lat' dir='ltr'><strong><em>Deus</em></strong></span> <span class='ocrx_word' id='word_1_74' title='bbox 1249 1213 1710 1273; x_wconf 88' lang='lat' dir='ltr'><strong><em>misericordiam</em></strong></span> <span class='ocrx_word' id='word_1_75' title='bbox 1742 1234 1911 1273; x_wconf 89' lang='lat' dir='ltr'><strong><em>suam</em></strong></span> <span class='ocrx_word' id='word_1_76' title='bbox 1943 1216 2111 1274; x_wconf 63' lang='lat' dir='ltr'><strong><em>inte].</em></strong></span> 
     </span>
    </p>
   </div>
   <div class='ocr_carea' id='block_1_13' title="bbox 451 1306 2106 1382">
    <p class='ocr_par' dir='ltr' id='par_1_13' title="bbox 451 1306 2106 1382">
     <span class='ocr_line' id='line_1_13' title="bbox 451 1306 2106 1382; baseline -0.001 -19"><span class='ocrx_word' id='word_1_77' title='bbox 451 1306 630 1382; x_wconf 91' lang='lat' dir='ltr'><strong><em>ligere</em></strong></span> <span class='ocrx_word' id='word_1_78' title='bbox 659 1311 718 1364; x_wconf 85' lang='lat' dir='ltr'><strong><em>et</em></strong></span> <span class='ocrx_word' id='word_1_79' title='bbox 743 1307 876 1365; x_wconf 89' lang='lat' dir='ltr'><strong><em>aliis</em></strong></span> <span class='ocrx_word' id='word_1_80' title='bbox 901 1308 1108 1374; x_wconf 83' lang='lat' dir='ltr'><strong><em>facere,</em></strong></span> <span class='ocrx_word' id='word_1_81' title='bbox 1143 1311 1201 1362; x_wconf 90' lang='lat' dir='ltr'><strong><em>et</em></strong></span> <span class='ocrx_word' id='word_1_82' title='bbox 1248 1309 1417 1362; x_wconf 89' lang='lat' dir='ltr'><strong><em>nocte</em></strong></span> <span class='ocrx_word' id='word_1_83' title='bbox 1463 1307 1738 1380; x_wconf 61' lang='lat' dir='ltr'><strong><em>praecepit</em></strong></span> <span class='ocrx_word' id='word_1_84' title='bbox 1785 1306 2106 1375; x_wconf 84' lang='lat' dir='ltr'><strong><em>canticum,</em></strong></span> 
     </span>
    </p>
   </div>
   <div class='ocr_carea' id='block_1_14' title="bbox 451 1383 2104 1474">
    <p class='ocr_par' dir='ltr' id='par_1_14' title="bbox 451 1383 2104 1474">
     <span class='ocr_line' id='line_1_14' title="bbox 451 1383 2104 1474; baseline -0.001 -22"><span class='ocrx_word' id='word_1_85' title='bbox 451 1397 629 1460; x_wconf 80' lang='lat' dir='ltr'><strong><em>idest</em></strong></span> <span class='ocrx_word' id='word_1_86' title='bbox 658 1396 718 1454; x_wconf 91' lang='lat' dir='ltr'><strong><em>in</em></strong></span> <span class='ocrx_word' id='word_1_87' title='bbox 751 1383 1012 1474; x_wconf 78' lang='lat' dir='ltr'><strong><em>adversis</em></strong></span> <span class='ocrx_word' id='word_1_88' title='bbox 1051 1393 1524 1452; x_wconf 81' lang='lat' dir='ltr'><strong><em>exsultationem.</em></strong></span> <span class='ocrx_word' id='word_1_89' title='bbox 1559 1394 1724 1452; x_wconf 85' lang='lat' dir='ltr'><strong><em>Unde</em></strong></span> <span class='ocrx_word' id='word_1_90' title='bbox 1751 1395 2104 1468; x_wconf 87' lang='lat' dir='ltr'><strong><em>Apostolus:</em></strong></span> 
     </span>
    </p>
   </div>
   <div class='ocr_carea' id='block_1_15' title="bbox 451 1477 2108 1559">
    <p class='ocr_par' dir='ltr' id='par_1_15' title="bbox 451 1477 2108 1559">
     <span class='ocr_line' id='line_1_15' title="bbox 451 1477 2108 1559; baseline -0.001 -18"><span class='ocrx_word' id='word_1_91' title='bbox 451 1487 514 1541; x_wconf 91' lang='lat' dir='ltr'><strong><em>In</em></strong></span> <span class='ocrx_word' id='word_1_92' title='bbox 545 1477 1024 1542; x_wconf 81' lang='lat' dir='ltr'><strong><em>tribulationibus</em></strong></span> <span class='ocrx_word' id='word_1_93' title='bbox 1073 1485 1396 1559; x_wconf 84' lang='lat' dir='ltr'><strong><em>gaudentes</em></strong></span> <span class='ocrx_word' id='word_1_94' title='bbox 1439 1487 1490 1554; x_wconf 86' lang='grc' dir='ltr'><strong><em>(Ι</em></strong></span> <span class='ocrx_word' id='word_1_95' title='bbox 1539 1486 1689 1541; x_wconf 87' lang='lat' dir='ltr'><strong><em>Thes.</em></strong></span> <span class='ocrx_word' id='word_1_96' title='bbox 1737 1485 1798 1556; x_wconf 87' lang='lat'><strong><em>1).</em></strong></span> <span class='ocrx_word' id='word_1_97' title='bbox 1831 1487 1872 1542; x_wconf 88' lang='lat' dir='ltr'><strong><em>C</em></strong></span> <span class='ocrx_word' id='word_1_98' title='bbox 1913 1484 2016 1541; x_wconf 86' lang='lat' dir='ltr'><strong><em>Vel</em></strong></span> <span class='ocrx_word' id='word_1_99' title='bbox 2046 1485 2108 1540; x_wconf 94' lang='lat' dir='ltr'><strong><em>in</em></strong></span> 
     </span>
    </p>
   </div>
   <div class='ocr_carea' id='block_1_16' title="bbox 451 1573 2110 1647">
    <p class='ocr_par' dir='ltr' id='par_1_16' title="bbox 451 1573 2110 1647">
     <span class='ocr_line' id='line_1_16' title="bbox 451 1573 2110 1647; baseline 0 -17"><span class='ocrx_word' id='word_1_100' title='bbox 451 1573 544 1630; x_wconf 89' lang='lat' dir='ltr'><strong><em>die</em></strong></span> <span class='ocrx_word' id='word_1_101' title='bbox 569 1573 977 1647; x_wconf 82' lang='lat' dir='ltr'><strong><em>prosperitatis</em></strong></span> <span class='ocrx_word' id='word_1_102' title='bbox 1003 1575 1174 1630; x_wconf 83' lang='lat' dir='ltr'><strong><em>docet</em></strong></span> <span class='ocrx_word' id='word_1_103' title='bbox 1201 1589 1354 1643; x_wconf 90' lang='lat' dir='ltr'><strong><em>eam,</em></strong></span> <span class='ocrx_word' id='word_1_104' title='bbox 1391 1573 1491 1630; x_wconf 89' lang='lat' dir='ltr'><strong><em>sed</em></strong></span> <span class='ocrx_word' id='word_1_105' title='bbox 1525 1576 1690 1631; x_wconf 88' lang='lat' dir='ltr'><strong><em>nocte</em></strong></span> <span class='ocrx_word' id='word_1_106' title='bbox 1713 1573 2110 1630; x_wconf 87' lang='lat' dir='ltr'><strong><em>tribulationis</em></strong></span> 
     </span>
    </p>
   </div>
   <div class='ocr_carea' id='block_1_17' title="bbox 449 1652 1214 1720">
    <p class='ocr_par' dir='ltr' id='par_1_17' title="bbox 449 1652 1214 1720">
     <span class='ocr_line' id='line_1_17' title="bbox 449 1652 1214 1720; baseline 0 0"><span class='ocrx_word' id='word_1_107' title='bbox 449 1661 579 1720; x_wconf 83' lang='lat' dir='ltr'><strong><em>eam</em></strong></span> <span class='ocrx_word' id='word_1_108' title='bbox 611 1652 949 1719; x_wconf 65' lang='lat' dir='ltr'><strong><em>manifestat</em></strong></span> <span class='ocrx_word' id='word_1_109' title='bbox 977 1661 1214 1720; x_wconf 89' lang='lat' dir='ltr'><strong><em>clarius.</em></strong></span> 
     </span>
    </p>
   </div>
   <div class='ocr_carea' id='block_1_18' title="bbox 523 1741 2109 1825">
    <p class='ocr_par' dir='ltr' id='par_1_18' title="bbox 523 1741 2109 1825">
     <span class='ocr_line' id='line_1_18' title="bbox 523 1741 2109 1825; baseline 0 -19"><span class='ocrx_word' id='word_1_110' title='bbox 523 1753 562 1806; x_wconf 91' lang='lat' dir='ltr'><strong><em>C</em></strong></span> <span class='ocrx_word' id='word_1_111' title='bbox 590 1747 752 1825; x_wconf 85' lang='lat' dir='ltr'><strong><em>Apud</em></strong></span> <span class='ocrx_word' id='word_1_112' title='bbox 785 1741 878 1819; x_wconf 79' lang='lat' dir='ltr'><strong><em>me</em></strong></span> <span class='ocrx_word' id='word_1_113' title='bbox 909 1751 1189 1818; x_wconf 90' lang='lat' dir='ltr'><strong><em>oratio,ac</em></strong></span> <span class='ocrx_word' id='word_1_114' title='bbox 1237 1751 1286 1807; x_wconf 90' lang='lat' dir='ltr'><strong><em>si</em></strong></span> <span class='ocrx_word' id='word_1_115' title='bbox 1317 1751 1553 1820; x_wconf 89' lang='lat' dir='ltr'><strong><em>diceret,</em></strong></span> <span class='ocrx_word' id='word_1_116' title='bbox 1577 1751 1733 1808; x_wconf 87' lang='lat' dir='ltr'><strong><em>intra</em></strong></span> <span class='ocrx_word' id='word_1_117' title='bbox 1765 1768 1858 1808; x_wconf 91' lang='lat' dir='ltr'><strong><em>me</em></strong></span> <span class='ocrx_word' id='word_1_118' title='bbox 1889 1751 2109 1808; x_wconf 83' lang='lat' dir='ltr'><strong><em>sacrifi-</em></strong></span> 
     </span>
    </p>
   </div>
   <div class='ocr_carea' id='block_1_19' title="bbox 452 1837 2110 1914">
    <p class='ocr_par' dir='ltr' id='par_1_19' title="bbox 452 1837 2110 1914">
     <span class='ocr_line' id='line_1_19' title="bbox 452 1837 2110 1914; baseline 0.001 -18"><span class='ocrx_word' id='word_1_119' title='bbox 452 1839 608 1896; x_wconf 87' lang='lat' dir='ltr'><strong><em>cium</em></strong></span> <span class='ocrx_word' id='word_1_120' title='bbox 639 1837 728 1898; x_wconf 90' lang='lat' dir='ltr'><strong><em>est</em></strong></span> <span class='ocrx_word' id='word_1_121' title='bbox 759 1839 913 1914; x_wconf 92' lang='lat' dir='ltr'><strong><em>quod</em></strong></span> <span class='ocrx_word' id='word_1_122' title='bbox 944 1841 1184 1897; x_wconf 76' lang='lat' dir='ltr'><strong><em>offeram</em></strong></span> <span class='ocrx_word' id='word_1_123' title='bbox 1239 1841 1380 1908; x_wconf 89' lang='lat' dir='ltr'><strong><em>Deo,</em></strong></span> <span class='ocrx_word' id='word_1_124' title='bbox 1411 1841 1568 1912; x_wconf 89' lang='lat' dir='ltr'><strong><em>quod</em></strong></span> <span class='ocrx_word' id='word_1_125' title='bbox 1621 1843 1711 1897; x_wconf 89' lang='lat' dir='ltr'><strong><em>est</em></strong></span> <span class='ocrx_word' id='word_1_126' title='bbox 1748 1841 1950 1914; x_wconf 74' lang='lat' dir='ltr'><strong><em>utique</em></strong></span> <span class='ocrx_word' id='word_1_127' title='bbox 1981 1859 2110 1898; x_wconf 87' lang='lat' dir='ltr'><strong><em>ora-</em></strong></span> 
     </span>
    </p>
   </div>
   <div class='ocr_carea' id='block_1_20' title="bbox 451 1924 2109 2003">
    <p class='ocr_par' dir='ltr' id='par_1_20' title="bbox 451 1924 2109 2003">
     <span class='ocr_line' id='line_1_20' title="bbox 451 1924 2109 2003; baseline 0 -17"><span class='ocrx_word' id='word_1_128' title='bbox 451 1931 532 1986; x_wconf 90' lang='lat' dir='ltr'><strong><em>tio</em></strong></span> <span class='ocrx_word' id='word_1_129' title='bbox 558 1946 736 2003; x_wconf 87' lang='lat' dir='ltr'><strong><em>quam</em></strong></span> <span class='ocrx_word' id='word_1_130' title='bbox 767 1924 918 1986; x_wconf 84' lang='lat' dir='ltr'><strong><em>Deus</em></strong></span> <span class='ocrx_word' id='word_1_131' title='bbox 949 1947 1066 1986; x_wconf 91' lang='lat' dir='ltr'><strong><em>non</em></strong></span> <span class='ocrx_word' id='word_1_132' title='bbox 1099 1929 1334 2002; x_wconf 84' lang='lat' dir='ltr'><strong><em>sprevit.</em></strong></span> <span class='ocrx_word' id='word_1_133' title='bbox 1359 1929 1557 1986; x_wconf 89' lang='lat' dir='ltr'><strong><em>Dicam</em></strong></span> <span class='ocrx_word' id='word_1_134' title='bbox 1591 1929 1728 1998; x_wconf 90' lang='lat' dir='ltr'><strong><em>Deo,</em></strong></span> <span class='ocrx_word' id='word_1_135' title='bbox 1763 1933 1896 2002; x_wconf 90' lang='lat' dir='ltr'><strong><em>etc.,</em></strong></span> <span class='ocrx_word' id='word_1_136' title='bbox 1929 1930 1986 1986; x_wconf 90' lang='lat' dir='ltr'><strong><em>id</em></strong></span> <span class='ocrx_word' id='word_1_137' title='bbox 2018 1935 2109 1986; x_wconf 91' lang='lat' dir='ltr'><strong><em>est</em></strong></span> 
     </span>
    </p>
   </div>
   <div class='ocr_carea' id='block_1_21' title="bbox 453 2005 2108 2094">
    <p class='ocr_par' dir='ltr' id='par_1_21' title="bbox 453 2005 2108 2094">
     <span class='ocr_line' id='line_1_21' title="bbox 453 2005 2108 2094; baseline 0.001 -20"><span class='ocrx_word' id='word_1_138' title='bbox 453 2013 586 2074; x_wconf 80' lang='lat' dir='ltr'><strong><em>cum</em></strong></span> <span class='ocrx_word' id='word_1_139' title='bbox 618 2035 711 2076; x_wconf 90' lang='lat' dir='ltr'><strong><em>me</em></strong></span> <span class='ocrx_word' id='word_1_140' title='bbox 741 2005 932 2094; x_wconf 81' lang='lat' dir='ltr'><strong><em>gratia</em></strong></span> <span class='ocrx_word' id='word_1_141' title='bbox 954 2018 1328 2092; x_wconf 86' lang='lat' dir='ltr'><strong><em>baptismatis</em></strong></span> <span class='ocrx_word' id='word_1_142' title='bbox 1347 2017 1773 2091; x_wconf 84' lang='lat' dir='ltr'><strong><em>susceperis,de</em></strong></span> <span class='ocrx_word' id='word_1_143' title='bbox 1789 2018 1907 2075; x_wconf 88' lang='lat' dir='ltr'><strong><em>tuis</em></strong></span> <span class='ocrx_word' id='word_1_144' title='bbox 1933 2014 2108 2076; x_wconf 84' lang='lat' dir='ltr'><strong><em>benc-</em></strong></span> 
     </span>
    </p>
   </div>
   <div class='ocr_carea' id='block_1_22' title="bbox 455 2101 1879 2188">
    <p class='ocr_par' dir='ltr' id='par_1_22' title="bbox 455 2101 1879 2188">
     <span class='ocr_line' id='line_1_22' title="bbox 455 2101 1879 2188; baseline 0 -26"><span class='ocrx_word' id='word_1_145' title='bbox 455 2105 604 2164; x_wconf 85' lang='lat' dir='ltr'><strong><em>ilciis</em></strong></span> <span class='ocrx_word' id='word_1_146' title='bbox 633 2109 689 2188; x_wconf 80' lang='lat' dir='ltr'><strong><em>te</em></strong></span> <span class='ocrx_word' id='word_1_147' title='bbox 720 2101 990 2188; x_wconf 79' lang='lat' dir='ltr'><strong><em>laudans,</em></strong></span> <span class='ocrx_word' id='word_1_148' title='bbox 1025 2122 1258 2179; x_wconf 87' lang='lat' dir='ltr'><strong><em>semper</em></strong></span> <span class='ocrx_word' id='word_1_149' title='bbox 1285 2109 1687 2178; x_wconf 88' lang='lat' dir='ltr'><strong><em>susceptorem</em></strong></span> <span class='ocrx_word' id='word_1_150' title='bbox 1719 2124 1879 2164; x_wconf 87' lang='lat' dir='ltr'><strong><em>voco.</em></strong></span> 
     </span>
    </p>
   </div>
   <div class='ocr_carea' id='block_1_23' title="bbox 462 2180 1276 2268">
    <p class='ocr_par' dir='ltr' id='par_1_23' title="bbox 462 2180 1276 2268">
     <span class='ocr_line' id='line_1_23' title="bbox 462 2180 1276 2268; baseline -0.004 -16"><span class='ocrx_word' id='word_1_151' title='bbox 462 2197 530 2252; x_wconf 74' lang='lat'><strong><em>13</em></strong></span> <span class='ocrx_word' id='word_1_152' title='bbox 603 2180 784 2268; x_wconf 74' lang='lat' dir='ltr'><strong><em>Quare</em></strong></span> <span class='ocrx_word' id='word_1_153' title='bbox 811 2180 1012 2251; x_wconf 78' lang='lat' dir='ltr'><strong><em>oblitus</em></strong></span> <span class='ocrx_word' id='word_1_154' title='bbox 1042 2197 1095 2251; x_wconf 88' lang='lat' dir='ltr'><strong><em>ci</em></strong></span> <span class='ocrx_word' id='word_1_155' title='bbox 1122 2196 1276 2251; x_wconf 85' lang='lat' dir='ltr'><strong><em>mei?</em></strong></span> 
     </span>
    </p>
   </div>
   <div class='ocr_carea' id='block_1_24' title="bbox 593 2279 2108 2357">
    <p class='ocr_par' dir='ltr' id='par_1_24' title="bbox 593 2279 2108 2357">
     <span class='ocr_line' id='line_1_24' title="bbox 593 2279 2108 2357; baseline 0.001 -17"><span class='ocrx_word' id='word_1_156' title='bbox 593 2279 658 2340; x_wconf 83' lang='lat' dir='ltr'><strong><em>Et</em></strong></span> <span class='ocrx_word' id='word_1_157' title='bbox 684 2280 856 2356; x_wconf 69' lang='lat' dir='ltr'><strong><em>quare</em></strong></span> <span class='ocrx_word' id='word_1_158' title='bbox 881 2285 1234 2340; x_wconf 80' lang='lat' dir='ltr'><strong><em>contristatus</em></strong></span> <span class='ocrx_word' id='word_1_159' title='bbox 1264 2283 1451 2341; x_wconf 83' lang='lat' dir='ltr'><strong><em>incedo</em></strong></span> <span class='ocrx_word' id='word_1_160' title='bbox 1481 2279 1613 2340; x_wconf 88' lang='lat' dir='ltr'><strong><em>dum</em></strong></span> <span class='ocrx_word' id='word_1_161' title='bbox 1640 2285 1853 2357; x_wconf 82' lang='lat' dir='ltr'><strong><em>afﬂigit</em></strong></span> <span class='ocrx_word' id='word_1_162' title='bbox 1879 2301 1966 2341; x_wconf 87' lang='lat' dir='ltr'><strong><em>me</em></strong></span> <span class='ocrx_word' id='word_1_163' title='bbox 1994 2285 2108 2342; x_wconf 83' lang='lat' dir='ltr'><strong><em>ini-</em></strong></span> 
     </span>
    </p>
   </div>
   <div class='ocr_carea' id='block_1_25' title="bbox 575 2375 1394 2454">
    <p class='ocr_par' dir='ltr' id='par_1_25' title="bbox 575 2375 1394 2454">
     <span class='ocr_line' id='line_1_25' title="bbox 575 2375 1394 2454; baseline 0.001 -26"><span class='ocrx_word' id='word_1_164' title='bbox 575 2375 890 2454; x_wconf 36' lang='grc' dir='ltr'><strong><em>⁷,ηιὶσιιδγ</em></strong></span> <span class='ocrx_word' id='word_1_165' title='bbox 1391 2431 1394 2435; x_wconf 71' lang='grc'><strong><em>,</em></strong></span> 
     </span>
    </p>
   </div>
   <div class='ocr_carea' id='block_1_26' title="bbox 521 2459 2112 2529">
    <p class='ocr_par' dir='ltr' id='par_1_26' title="bbox 521 2459 2112 2529">
     <span class='ocr_line' id='line_1_26' title="bbox 521 2459 2112 2529; baseline 0.002 -12"><span class='ocrx_word' id='word_1_166' title='bbox 521 2461 773 2526; x_wconf 88' lang='lat' dir='ltr'><strong><em>CQuare</em></strong></span> <span class='ocrx_word' id='word_1_167' title='bbox 825 2459 1043 2517; x_wconf 88' lang='lat' dir='ltr'><strong><em>oblitus</em></strong></span> <span class='ocrx_word' id='word_1_168' title='bbox 1097 2477 1160 2517; x_wconf 89' lang='lat' dir='ltr'><strong><em>es</em></strong></span> <span class='ocrx_word' id='word_1_169' title='bbox 1191 2459 1328 2529; x_wconf 88' lang='lat' dir='ltr'><strong><em>mei,</em></strong></span> <span class='ocrx_word' id='word_1_170' title='bbox 1381 2460 1522 2517; x_wconf 88' lang='lat' dir='ltr'><strong><em>dicit</em></strong></span> <span class='ocrx_word' id='word_1_171' title='bbox 1570 2461 1658 2517; x_wconf 89' lang='lat' dir='ltr'><strong><em>vir</em></strong></span> <span class='ocrx_word' id='word_1_172' title='bbox 1701 2463 2112 2520; x_wconf 89' lang='lat' dir='ltr'><strong><em>sanctissimus</em></strong></span> 
     </span>
    </p>
   </div>
   <div class='ocr_carea' id='block_1_27' title="bbox 452 2548 2114 2626">
    <p class='ocr_par' dir='ltr' id='par_1_27' title="bbox 452 2548 2114 2626">
     <span class='ocr_line' id='line_1_27' title="bbox 452 2548 2114 2626; baseline 0.001 -18"><span class='ocrx_word' id='word_1_173' title='bbox 452 2548 614 2626; x_wconf 78' lang='lat' dir='ltr'><strong><em>more</em></strong></span> <span class='ocrx_word' id='word_1_174' title='bbox 642 2549 925 2618; x_wconf 89' lang='lat' dir='ltr'><strong><em>humano,</em></strong></span> <span class='ocrx_word' id='word_1_175' title='bbox 957 2567 1024 2607; x_wconf 91' lang='lat' dir='ltr'><strong><em>ac</em></strong></span> <span class='ocrx_word' id='word_1_176' title='bbox 1056 2549 1104 2606; x_wconf 87' lang='lat' dir='ltr'><strong><em>si</em></strong></span> <span class='ocrx_word' id='word_1_177' title='bbox 1125 2549 1300 2619; x_wconf 88' lang='lat' dir='ltr'><strong><em>dicat,</em></strong></span> <span class='ocrx_word' id='word_1_178' title='bbox 1325 2563 1428 2606; x_wconf 89' lang='lat' dir='ltr'><strong><em>cur</em></strong></span> <span class='ocrx_word' id='word_1_179' title='bbox 1458 2549 1662 2606; x_wconf 86' lang='lat' dir='ltr'><strong><em>tandiu</em></strong></span> <span class='ocrx_word' id='word_1_180' title='bbox 1697 2551 1898 2608; x_wconf 81' lang='lat' dir='ltr'><strong><em>diﬂ&#39;ers</em></strong></span> <span class='ocrx_word' id='word_1_181' title='bbox 1929 2555 1995 2609; x_wconf 89' lang='lat' dir='ltr'><strong><em>ut</em></strong></span> <span class='ocrx_word' id='word_1_182' title='bbox 2021 2570 2114 2610; x_wconf 88' lang='lat' dir='ltr'><strong><em>me</em></strong></span> 
     </span>
    </p>
   </div>
   <div class='ocr_carea' id='block_1_28' title="bbox 451 2637 2116 2712">
    <p class='ocr_par' dir='ltr' id='par_1_28' title="bbox 451 2637 2116 2712">
     <span class='ocr_line' id='line_1_28' title="bbox 451 2637 2116 2712; baseline 0.001 -15"><span class='ocrx_word' id='word_1_183' title='bbox 451 2651 567 2697; x_wconf 78' lang='lat' dir='ltr'><strong><em>nan</em></strong></span> <span class='ocrx_word' id='word_1_184' title='bbox 600 2637 849 2696; x_wconf 84' lang='lat' dir='ltr'><strong><em>inducas</em></strong></span> <span class='ocrx_word' id='word_1_185' title='bbox 879 2639 939 2695; x_wconf 93' lang='lat' dir='ltr'><strong><em>in</em></strong></span> <span class='ocrx_word' id='word_1_186' title='bbox 971 2637 1133 2695; x_wconf 89' lang='lat' dir='ltr'><strong><em>illam</em></strong></span> <span class='ocrx_word' id='word_1_187' title='bbox 1183 2639 1456 2712; x_wconf 70' lang='lat' dir='ltr'><strong><em>patriam,</em></strong></span> <span class='ocrx_word' id='word_1_188' title='bbox 1511 2655 1689 2712; x_wconf 89' lang='lat' dir='ltr'><strong><em>quam</em></strong></span> <span class='ocrx_word' id='word_1_189' title='bbox 1741 2640 1965 2698; x_wconf 88' lang='lat' dir='ltr'><strong><em>sanctis</em></strong></span> <span class='ocrx_word' id='word_1_190' title='bbox 1997 2642 2116 2700; x_wconf 87' lang='lat' dir='ltr'><strong><em>tuis</em></strong></span> 
     </span>
    </p>
   </div>
   <div class='ocr_carea' id='block_1_29' title="bbox 449 2727 2111 2804">
    <p class='ocr_par' dir='ltr' id='par_1_29' title="bbox 449 2727 2111 2804">
     <span class='ocr_line' id='line_1_29' title="bbox 449 2727 2111 2804; baseline 0.001 -18"><span class='ocrx_word' id='word_1_191' title='bbox 449 2727 748 2804; x_wconf 82' lang='lat' dir='ltr'><strong><em>pollicitus</em></strong></span> <span class='ocrx_word' id='word_1_192' title='bbox 777 2745 859 2786; x_wconf 89' lang='lat' dir='ltr'><strong><em>es.</em></strong></span> <span class='ocrx_word' id='word_1_193' title='bbox 888 2729 1077 2796; x_wconf 84' lang='lat' dir='ltr'><strong><em>Quare</em></strong></span> <span class='ocrx_word' id='word_1_194' title='bbox 1103 2729 1486 2786; x_wconf 89' lang='lat' dir='ltr'><strong><em>contristatus</em></strong></span> <span class='ocrx_word' id='word_1_195' title='bbox 1519 2729 1954 2804; x_wconf 88' lang='lat' dir='ltr'><strong><em>incedo,utique</em></strong></span> <span class='ocrx_word' id='word_1_196' title='bbox 1984 2749 2111 2788; x_wconf 75' lang='lat' dir='ltr'><strong><em>con&#39;</em></strong></span> 
     </span>
    </p>
   </div>
   <div class='ocr_carea' id='block_1_30' title="bbox 449 2805 2113 2899">
    <p class='ocr_par' dir='ltr' id='par_1_30' title="bbox 449 2805 2113 2899">
     <span class='ocr_line' id='line_1_30' title="bbox 449 2805 2113 2899; baseline 0.002 -25"><span class='ocrx_word' id='word_1_197' title='bbox 449 2805 1018 2899; x_wconf 50' lang='lat' dir='ltr'><strong><em>nummumqusndo</em></strong></span> <span class='ocrx_word' id='word_1_198' title='bbox 1031 2815 1260 2892; x_wconf 81' lang='lat' dir='ltr'><strong><em>flagella</em></strong></span> <span class='ocrx_word' id='word_1_199' title='bbox 1288 2817 1343 2873; x_wconf 91' lang='lat' dir='ltr'><strong><em>in</em></strong></span> <span class='ocrx_word' id='word_1_200' title='bbox 1361 2817 1470 2874; x_wconf 92' lang='lat' dir='ltr'><strong><em>hoc</em></strong></span> <span class='ocrx_word' id='word_1_201' title='bbox 1487 2819 1708 2874; x_wconf 90' lang='lat' dir='ltr'><strong><em>mundo</em></strong></span> <span class='ocrx_word' id='word_1_202' title='bbox 1721 2819 2113 2885; x_wconf 84' lang='lat' dir='ltr'><strong><em>sustinemus,</em></strong></span> 
     </span>
    </p>
   </div>
   <div class='ocr_carea' id='block_1_31' title="bbox 449 2905 2118 2982">
    <p class='ocr_par' dir='ltr' id='par_1_31' title="bbox 449 2905 2118 2982">
     <span class='ocr_line' id='line_1_31' title="bbox 449 2905 2118 2982; baseline 0.001 -18"><span class='ocrx_word' id='word_1_203' title='bbox 449 2912 600 2964; x_wconf 87' lang='lat' dir='ltr'><strong><em>Dum</em></strong></span> <span class='ocrx_word' id='word_1_204' title='bbox 633 2905 841 2982; x_wconf 85' lang='lat' dir='ltr'><strong><em>amigit</em></strong></span> <span class='ocrx_word' id='word_1_205' title='bbox 870 2905 978 2964; x_wconf 86' lang='lat' dir='ltr'><strong><em>nos</em></strong></span> <span class='ocrx_word' id='word_1_206' title='bbox 1004 2905 1363 2975; x_wconf 81' lang='lat' dir='ltr'><strong><em>inimicus,id</em></strong></span> <span class='ocrx_word' id='word_1_207' title='bbox 1389 2911 1477 2964; x_wconf 86' lang='lat' dir='ltr'><strong><em>est</em></strong></span> <span class='ocrx_word' id='word_1_208' title='bbox 1505 2907 1938 2977; x_wconf 88' lang='lat' dir='ltr'><strong><em>diabolus,cum</em></strong></span> <span class='ocrx_word' id='word_1_209' title='bbox 1965 2911 2118 2966; x_wconf 81' lang='lat' dir='ltr'><strong><em>frau-</em></strong></span> 
     </span>
    </p>
   </div>
   <div class='ocr_carea' id='block_1_32' title="bbox 452 2985 2116 3076">
    <p class='ocr_par' dir='ltr' id='par_1_32' title="bbox 452 2985 2116 3076">
     <span class='ocr_line' id='line_1_32' title="bbox 452 2985 2116 3076; baseline 0.002 -23"><span class='ocrx_word' id='word_1_210' title='bbox 452 2994 732 3076; x_wconf 76' lang='lat' dir='ltr'><strong><em>dulcatis</em></strong></span> <span class='ocrx_word' id='word_1_211' title='bbox 763 2985 1241 3068; x_wconf 82' lang='lat' dir='ltr'><strong><em>subreptionibus</em></strong></span> <span class='ocrx_word' id='word_1_212' title='bbox 1293 2996 1422 3052; x_wconf 87' lang='lat' dir='ltr'><strong><em>suis</em></strong></span> <span class='ocrx_word' id='word_1_213' title='bbox 1473 3013 1581 3054; x_wconf 91' lang='lat' dir='ltr'><strong><em>nos</em></strong></span> <span class='ocrx_word' id='word_1_214' title='bbox 1628 3001 1836 3064; x_wconf 71' lang='lat' dir='ltr'><strong><em>tentet,</em></strong></span> <span class='ocrx_word' id='word_1_215' title='bbox 1881 3001 2116 3072; x_wconf 88' lang='lat' dir='ltr'><strong><em>quando</em></strong></span> 
     </span>
    </p>
   </div>
   <div class='ocr_carea' id='block_1_33' title="bbox 455 3083 2111 3159">
    <p class='ocr_par' dir='ltr' id='par_1_33' title="bbox 455 3083 2111 3159">
     <span class='ocr_line' id='line_1_33' title="bbox 455 3083 2111 3159; baseline 0.004 -18"><span class='ocrx_word' id='word_1_216' title='bbox 455 3085 648 3143; x_wconf 85' lang='lat' dir='ltr'><strong><em>carnis</em></strong></span> <span class='ocrx_word' id='word_1_217' title='bbox 681 3084 820 3142; x_wconf 87' lang='lat' dir='ltr'><strong><em>vitia</em></strong></span> <span class='ocrx_word' id='word_1_218' title='bbox 845 3083 1025 3141; x_wconf 86' lang='lat' dir='ltr'><strong><em>invito</em></strong></span> <span class='ocrx_word' id='word_1_219' title='bbox 1047 3101 1114 3142; x_wconf 88' lang='lat' dir='ltr'><strong><em>ac</em></strong></span> <span class='ocrx_word' id='word_1_220' title='bbox 1130 3089 1498 3159; x_wconf 84' lang='lat' dir='ltr'><strong><em>repugnante</em></strong></span> <span class='ocrx_word' id='word_1_221' title='bbox 1519 3085 1714 3144; x_wconf 86' lang='lat' dir='ltr'><strong><em>animo</em></strong></span> <span class='ocrx_word' id='word_1_222' title='bbox 1729 3087 2111 3147; x_wconf 85' lang='lat' dir='ltr'><strong><em>sustinemus.</em></strong></span> 
     </span>
    </p>
   </div>
   <div class='ocr_carea' id='block_1_34' title="bbox 2214 591 3893 671">
    <p class='ocr_par' dir='ltr' id='par_1_34' title="bbox 2214 591 3893 671">
     <span class='ocr_line' id='line_1_34' title="bbox 2214 591 3893 671; baseline 0.001 -21"><span class='ocrx_word' id='word_1_223' title='bbox 2214 595 2278 650; x_wconf 85' lang='lat' dir='ltr'><strong><em>In</em></strong></span> <span class='ocrx_word' id='word_1_224' title='bbox 2307 591 2434 668; x_wconf 87' lang='lat' dir='ltr'><strong><em>ipso</em></strong></span> <span class='ocrx_word' id='word_1_225' title='bbox 2467 599 2666 652; x_wconf 84' lang='lat' dir='ltr'><strong><em>nostra</em></strong></span> <span class='ocrx_word' id='word_1_226' title='bbox 2695 595 2772 653; x_wconf 87' lang='lat' dir='ltr'><strong><em>sit</em></strong></span> <span class='ocrx_word' id='word_1_227' title='bbox 2796 609 2930 669; x_wconf 89' lang='lat' dir='ltr'><strong><em>spes</em></strong></span> <span class='ocrx_word' id='word_1_228' title='bbox 2959 597 3194 671; x_wconf 85' lang='lat' dir='ltr'><strong><em>semper</em></strong></span> <span class='ocrx_word' id='word_1_229' title='bbox 3223 597 3474 663; x_wconf 81' lang='lat' dir='ltr'><strong><em>attenta,</em></strong></span> <span class='ocrx_word' id='word_1_230' title='bbox 3515 595 3642 670; x_wconf 88' lang='lat' dir='ltr'><strong><em>ipse</em></strong></span> <span class='ocrx_word' id='word_1_231' title='bbox 3671 591 3893 652; x_wconf 79' lang='lat' dir='ltr'><strong><em>omnes</em></strong></span> 
     </span>
    </p>
   </div>
   <div class='ocr_carea' id='block_1_35' title="bbox 2215 683 3892 760">
    <p class='ocr_par' dir='ltr' id='par_1_35' title="bbox 2215 683 3892 760">
     <span class='ocr_line' id='line_1_35' title="bbox 2215 683 3892 760; baseline 0.001 -22"><span class='ocrx_word' id='word_1_232' title='bbox 2215 684 2426 740; x_wconf 82' lang='lat' dir='ltr'><strong><em>fluctus</em></strong></span> <span class='ocrx_word' id='word_1_233' title='bbox 2458 684 2700 758; x_wconf 87' lang='lat' dir='ltr'><strong><em>mitiget,</em></strong></span> <span class='ocrx_word' id='word_1_234' title='bbox 2717 685 2842 758; x_wconf 87' lang='lat' dir='ltr'><strong><em>ipse</em></strong></span> <span class='ocrx_word' id='word_1_235' title='bbox 2858 703 2966 742; x_wconf 88' lang='lat' dir='ltr'><strong><em>nos</em></strong></span> <span class='ocrx_word' id='word_1_236' title='bbox 2997 688 3300 760; x_wconf 79' lang='lat' dir='ltr'><strong><em>eons&#39;ervet</em></strong></span> <span class='ocrx_word' id='word_1_237' title='bbox 3329 685 3393 740; x_wconf 83' lang='lat' dir='ltr'><strong><em>in</em></strong></span> <span class='ocrx_word' id='word_1_238' title='bbox 3424 683 3892 751; x_wconf 67' lang='lat' dir='ltr'><strong><em>mutationibus,</em></strong></span> 
     </span>
    </p>
   </div>
   <div class='ocr_carea' id='block_1_36' title="bbox 2215 773 3898 852">
    <p class='ocr_par' dir='ltr' id='par_1_36' title="bbox 2215 773 3898 852">
     <span class='ocr_line' id='line_1_36' title="bbox 2215 773 3898 852; baseline 0.001 -24"><span class='ocrx_word' id='word_1_239' title='bbox 2215 773 2342 844; x_wconf 89' lang='lat' dir='ltr'><strong><em>ipse</em></strong></span> <span class='ocrx_word' id='word_1_240' title='bbox 2367 773 2527 828; x_wconf 91' lang='lat' dir='ltr'><strong><em>sitim</em></strong></span> <span class='ocrx_word' id='word_1_241' title='bbox 2559 779 2820 830; x_wconf 87' lang='lat' dir='ltr'><strong><em>nostram</em></strong></span> <span class='ocrx_word' id='word_1_242' title='bbox 2852 791 2960 831; x_wconf 90' lang='lat' dir='ltr'><strong><em>sua</em></strong></span> <span class='ocrx_word' id='word_1_243' title='bbox 2991 773 3486 852; x_wconf 83' lang='lat' dir='ltr'><strong><em>contemplatione</em></strong></span> <span class='ocrx_word' id='word_1_244' title='bbox 3517 773 3722 843; x_wconf 86' lang='lat' dir='ltr'><strong><em>saciet,</em></strong></span> <span class='ocrx_word' id='word_1_245' title='bbox 3750 775 3898 830; x_wconf 82' lang='lat' dir='ltr'><strong><em>nos-</em></strong></span> 
     </span>
    </p>
   </div>
   <div class='ocr_carea' id='block_1_37' title="bbox 2219 861 3550 934">
    <p class='ocr_par' dir='ltr' id='par_1_37' title="bbox 2219 861 3550 934">
     <span class='ocr_line' id='line_1_37' title="bbox 2219 861 3550 934; baseline 0.002 -17"><span class='ocrx_word' id='word_1_246' title='bbox 2219 877 2332 934; x_wconf 90' lang='lat' dir='ltr'><strong><em>que</em></strong></span> <span class='ocrx_word' id='word_1_247' title='bbox 2360 861 2558 918; x_wconf 73' lang='lat' dir='ltr'><strong><em>vultus</em></strong></span> <span class='ocrx_word' id='word_1_248' title='bbox 2588 863 2680 920; x_wconf 87' lang='lat' dir='ltr'><strong><em>sui</em></strong></span> <span class='ocrx_word' id='word_1_249' title='bbox 2712 862 2962 920; x_wconf 86' lang='lat' dir='ltr'><strong><em>salutari</em></strong></span> <span class='ocrx_word' id='word_1_250' title='bbox 2981 863 3252 919; x_wconf 77' lang='lat' dir='ltr'><strong><em>viviﬁcet.</em></strong></span> <span class='ocrx_word' id='word_1_251' title='bbox 3547 869 3550 871; x_wconf 38' lang='grc' dir='ltr'>λ</span> 
     </span>
    </p>
   </div>
   <div class='ocr_carea' id='block_1_38' title="bbox 2707 962 3371 1030">
    <p class='ocr_par' dir='ltr' id='par_1_38' title="bbox 2707 962 3371 1030">
     <span class='ocr_line' id='line_1_38' title="bbox 2707 962 3371 1030; baseline -0.002 -22"><span class='ocrx_word' id='word_1_252' title='bbox 2707 963 3014 1030; x_wconf 60' lang='lat' dir='ltr'><strong><em>omnon</em></strong></span> <span class='ocrx_word' id='word_1_253' title='bbox 3053 962 3216 1013; x_wconf 79' lang='lat' dir='ltr'><strong><em>PSAL.</em></strong></span> <span class='ocrx_word' id='word_1_254' title='bbox 3256 969 3371 1008; x_wconf 79' lang='lat' dir='ltr'><strong><em>xu.</em></strong></span> 
     </span>
    </p>
   </div>
   <div class='ocr_carea' id='block_1_39' title="bbox 2287 1035 3895 1116">
    <p class='ocr_par' dir='ltr' id='par_1_39' title="bbox 2287 1035 3895 1116">
     <span class='ocr_line' id='line_1_39' title="bbox 2287 1035 3895 1116; baseline 0.002 -23"><span class='ocrx_word' id='word_1_255' title='bbox 2287 1038 2501 1097; x_wconf 87' lang='lat' dir='ltr'><strong><em>Vultus</em></strong></span> <span class='ocrx_word' id='word_1_256' title='bbox 2539 1039 2724 1096; x_wconf 85' lang='lat' dir='ltr'><strong><em>nostri</em></strong></span> <span class='ocrx_word' id='word_1_257' title='bbox 2765 1039 3081 1098; x_wconf 83' lang='lat' dir='ltr'><strong><em>miriﬁcum</em></strong></span> <span class='ocrx_word' id='word_1_258' title='bbox 3127 1038 3406 1108; x_wconf 82' lang='lat' dir='ltr'><strong><em>salutare,</em></strong></span> <span class='ocrx_word' id='word_1_259' title='bbox 3441 1041 3617 1116; x_wconf 85' lang='lat' dir='ltr'><strong><em>quem</em></strong></span> <span class='ocrx_word' id='word_1_260' title='bbox 3667 1035 3895 1097; x_wconf 64' lang='lat' dir='ltr'><strong><em>animas</em></strong></span> 
     </span>
    </p>
   </div>
   <div class='ocr_carea' id='block_1_40' title="bbox 2217 1126 3892 1198">
    <p class='ocr_par' dir='ltr' id='par_1_40' title="bbox 2217 1126 3892 1198">
     <span class='ocr_line' id='line_1_40' title="bbox 2217 1126 3892 1198; baseline 0 -13"><span class='ocrx_word' id='word_1_261' title='bbox 2217 1127 2478 1186; x_wconf 86' lang='lat' dir='ltr'><strong><em>ﬁdelium</em></strong></span> <span class='ocrx_word' id='word_1_262' title='bbox 2509 1126 2780 1186; x_wconf 83' lang='lat' dir='ltr'><strong><em>ardenter</em></strong></span> <span class='ocrx_word' id='word_1_263' title='bbox 2797 1128 2930 1185; x_wconf 73' lang='lat' dir='ltr'><strong><em>sitit]</em></strong></span> <span class='ocrx_word' id='word_1_264' title='bbox 2941 1133 3004 1185; x_wconf 89' lang='lat' dir='ltr'><strong><em>nt</em></strong></span> <span class='ocrx_word' id='word_1_265' title='bbox 3019 1129 3408 1196; x_wconf 80' lang='lat' dir='ltr'><strong><em>servulorum,</em></strong></span> <span class='ocrx_word' id='word_1_266' title='bbox 3425 1129 3642 1198; x_wconf 86' lang='lat' dir='ltr'><strong><em>tribue,</em></strong></span> <span class='ocrx_word' id='word_1_267' title='bbox 3657 1134 3726 1185; x_wconf 88' lang='lat' dir='ltr'><strong><em>ut</em></strong></span> <span class='ocrx_word' id='word_1_268' title='bbox 3738 1127 3892 1185; x_wconf 86' lang='lat' dir='ltr'><strong><em>dum</em></strong></span> 
     </span>
    </p>
   </div>
   <div class='ocr_carea' id='block_1_41' title="bbox 2217 1217 3888 1292">
    <p class='ocr_par' dir='ltr' id='par_1_41' title="bbox 2217 1217 3888 1292">
     <span class='ocr_line' id='line_1_41' title="bbox 2217 1217 3888 1292; baseline 0.001 -20"><span class='ocrx_word' id='word_1_269' title='bbox 2217 1221 2273 1274; x_wconf 90' lang='lat' dir='ltr'><strong><em>te</em></strong></span> <span class='ocrx_word' id='word_1_270' title='bbox 2321 1217 2558 1291; x_wconf 91' lang='lat' dir='ltr'><strong><em>(visibili</em></strong></span> <span class='ocrx_word' id='word_1_271' title='bbox 2599 1217 2990 1291; x_wconf 81' lang='lat' dir='ltr'><strong><em>lacrymarum</em></strong></span> <span class='ocrx_word' id='word_1_272' title='bbox 3035 1218 3225 1274; x_wconf 88' lang='lat' dir='ltr'><strong><em>imbre</em></strong></span> <span class='ocrx_word' id='word_1_273' title='bbox 3273 1219 3452 1292; x_wconf 83' lang='lat' dir='ltr'><strong><em>pasti)</em></strong></span> <span class='ocrx_word' id='word_1_274' title='bbox 3489 1218 3888 1292; x_wconf 77' lang='lat' dir='ltr'><strong><em>requirimus,</em></strong></span> 
     </span>
    </p>
   </div>
   <div class='ocr_carea' id='block_1_42' title="bbox 2218 1297 3897 1382">
    <p class='ocr_par' dir='ltr' id='par_1_42' title="bbox 2218 1297 3897 1382">
     <span class='ocr_line' id='line_1_42' title="bbox 2218 1297 3897 1382; baseline 0.001 -20"><span class='ocrx_word' id='word_1_275' title='bbox 2218 1300 2588 1363; x_wconf 81' lang='lat' dir='ltr'><strong><em>invisibiliter</em></strong></span> <span class='ocrx_word' id='word_1_276' title='bbox 2615 1316 2666 1363; x_wconf 84' lang='lat' dir='ltr'><strong><em>te</em></strong></span> <span class='ocrx_word' id='word_1_277' title='bbox 2695 1308 2848 1364; x_wconf 82' lang='lat' dir='ltr'><strong><em>intra</em></strong></span> <span class='ocrx_word' id='word_1_278' title='bbox 2887 1297 3144 1380; x_wconf 84' lang='lat' dir='ltr'><strong><em>pectoris</em></strong></span> <span class='ocrx_word' id='word_1_279' title='bbox 3191 1298 3377 1364; x_wconf 79' lang='lat' dir='ltr'><strong><em>nostri</em></strong></span> <span class='ocrx_word' id='word_1_280' title='bbox 3427 1303 3897 1382; x_wconf 80' lang='lat' dir='ltr'><strong><em>tabernaculum</em></strong></span> 
     </span>
    </p>
   </div>
   <div class='ocr_carea' id='block_1_43' title="bbox 2219 1389 3891 1458">
    <p class='ocr_par' dir='ltr' id='par_1_43' title="bbox 2219 1389 3891 1458">
     <span class='ocr_line' id='line_1_43' title="bbox 2219 1389 3891 1458; baseline 0 -6"><span class='ocrx_word' id='word_1_281' title='bbox 2219 1389 2590 1458; x_wconf 75' lang='lat' dir='ltr'><strong><em>collocemus.</em></strong></span> <span class='ocrx_word' id='word_1_282' title='bbox 2607 1400 2715 1452; x_wconf 88' lang='lat' dir='ltr'><strong><em>Per</em></strong></span> <span class='ocrx_word' id='word_1_283' title='bbox 2740 1395 3056 1452; x_wconf 78' lang='lat' dir='ltr'><strong><em>Dominum</em></strong></span> <span class='ocrx_word' id='word_1_284' title='bbox 3070 1400 3336 1453; x_wconf 87' lang='lat' dir='ltr'><strong><em>nostrum</em></strong></span> <span class='ocrx_word' id='word_1_285' title='bbox 3347 1393 3560 1453; x_wconf 81' lang='lat' dir='ltr'><strong><em>Je‘sum</em></strong></span> <span class='ocrx_word' id='word_1_286' title='bbox 3575 1391 3891 1452; x_wconf 80' lang='lat' dir='ltr'><strong><em>Christum</em></strong></span> 
     </span>
    </p>
   </div>
   <div class='ocr_carea' id='block_1_44' title="bbox 2218 1485 2780 1553">
    <p class='ocr_par' dir='ltr' id='par_1_44' title="bbox 2218 1485 2780 1553">
     <span class='ocr_line' id='line_1_44' title="bbox 2218 1485 2780 1553; baseline 0 -11"><span class='ocrx_word' id='word_1_287' title='bbox 2218 1485 2430 1542; x_wconf 78' lang='lat' dir='ltr'><strong><em>Filium</em></strong></span> <span class='ocrx_word' id='word_1_288' title='bbox 2452 1489 2644 1553; x_wconf 71' lang='lat' dir='ltr'><strong><em>tilum,</em></strong></span> <span class='ocrx_word' id='word_1_289' title='bbox 2671 1489 2780 1542; x_wconf 89' lang='lat' dir='ltr'><strong><em>etc.</em></strong></span> 
     </span>
    </p>
   </div>
   <div class='ocr_carea' id='block_1_45' title="bbox 2752 1573 3298 1632">
    <p class='ocr_par' dir='ltr' id='par_1_45' title="bbox 2752 1573 3298 1632">
     <span class='ocr_line' id='line_1_45' title="bbox 2752 1573 3298 1632; baseline 0.004 -2"><span class='ocrx_word' id='word_1_290' title='bbox 2752 1573 3082 1632; x_wconf 84' lang='lat' dir='ltr'><strong><em>PSALMUS</em></strong></span> <span class='ocrx_word' id='word_1_291' title='bbox 3115 1575 3298 1632; x_wconf 76' lang='lat' dir='ltr'><strong><em>XLII.</em></strong></span> 
     </span>
    </p>
   </div>
   <div class='ocr_carea' id='block_1_46' title="bbox 2644 1653 3424 1721">
    <p class='ocr_par' dir='ltr' id='par_1_46' title="bbox 2644 1653 3424 1721">
     <span class='ocr_line' id='line_1_46' title="bbox 2644 1653 3424 1721; baseline 0 -1"><span class='ocrx_word' id='word_1_292' title='bbox 2644 1653 3050 1721; x_wconf 62' lang='lat' dir='ltr'><strong><em>Anouuanruu</em></strong></span> <span class='ocrx_word' id='word_1_293' title='bbox 3090 1681 3249 1720; x_wconf 80' lang='lat' dir='ltr'><strong><em>PSAL.</em></strong></span> <span class='ocrx_word' id='word_1_294' title='bbox 3290 1678 3424 1721; x_wconf 81' lang='lat' dir='ltr'><strong><em>xm.</em></strong></span> 
     </span>
    </p>
   </div>
   <div class='ocr_carea' id='block_1_47' title="bbox 2289 1744 3899 1811">
    <p class='ocr_par' dir='ltr' id='par_1_47' title="bbox 2289 1744 3899 1811">
     <span class='ocr_line' id='line_1_47' title="bbox 2289 1744 3899 1811; baseline -0.001 0"><span class='ocrx_word' id='word_1_295' title='bbox 2289 1755 2331 1811; x_wconf 91' lang='lat' dir='ltr'><strong><em>C</em></strong></span> <span class='ocrx_word' id='word_1_296' title='bbox 2359 1744 2482 1811; x_wconf 77' lang='lat' dir='ltr'><strong><em>Vox</em></strong></span> <span class='ocrx_word' id='word_1_297' title='bbox 2511 1752 2778 1810; x_wconf 68' lang='lat' dir='ltr'><strong><em>Ecclesiae</em></strong></span> <span class='ocrx_word' id='word_1_298' title='bbox 2810 1749 3146 1810; x_wconf 82' lang='lat' dir='ltr'><strong><em>orantiszut</em></strong></span> <span class='ocrx_word' id='word_1_299' title='bbox 3176 1754 3235 1809; x_wconf 88' lang='lat' dir='ltr'><strong><em>in</em></strong></span> <span class='ocrx_word' id='word_1_300' title='bbox 3267 1753 3590 1810; x_wconf 79' lang='lat' dir='ltr'><strong><em>nevi‘ssirno</em></strong></span> <span class='ocrx_word' id='word_1_301' title='bbox 3611 1749 3899 1810; x_wconf 72' lang='lat' dir='ltr'><strong><em>examine</em></strong></span> 
     </span>
    </p>
   </div>
   <div class='ocr_carea' id='block_1_48' title="bbox 2219 1835 3892 1912">
    <p class='ocr_par' dir='ltr' id='par_1_48' title="bbox 2219 1835 3892 1912">
     <span class='ocr_line' id='line_1_48' title="bbox 2219 1835 3892 1912; baseline -0.001 -12"><span class='ocrx_word' id='word_1_302' title='bbox 2219 1845 2292 1900; x_wconf 90' lang='lat' dir='ltr'><strong><em>ab</em></strong></span> <span class='ocrx_word' id='word_1_303' title='bbox 2323 1843 2660 1900; x_wconf 84' lang='lat' dir='ltr'><strong><em>inﬁdelibus</em></strong></span> <span class='ocrx_word' id='word_1_304' title='bbox 2689 1843 3160 1912; x_wconf 88' lang='lat' dir='ltr'><strong><em>dividatur,etde</em></strong></span> <span class='ocrx_word' id='word_1_305' title='bbox 3182 1859 3290 1899; x_wconf 88' lang='lat' dir='ltr'><strong><em>suo</em></strong></span> <span class='ocrx_word' id='word_1_306' title='bbox 3321 1839 3569 1900; x_wconf 84' lang='lat' dir='ltr'><strong><em>introitu</em></strong></span> <span class='ocrx_word' id='word_1_307' title='bbox 3585 1843 3656 1899; x_wconf 86' lang='lat' dir='ltr'><strong><em>ad</em></strong></span> <span class='ocrx_word' id='word_1_308' title='bbox 3670 1835 3892 1899; x_wconf 80' lang='lat' dir='ltr'><strong><em>Deum.</em></strong></span> 
     </span>
    </p>
   </div>
   <div class='ocr_carea' id='block_1_49' title="bbox 2289 1931 3528 2009">
    <p class='ocr_par' dir='ltr' id='par_1_49' title="bbox 2289 1931 3528 2009">
     <span class='ocr_line' id='line_1_49' title="bbox 2289 1931 3528 2009; baseline -0.002 -19"><span class='ocrx_word' id='word_1_309' title='bbox 2289 1934 2384 1990; x_wconf 87' lang='lat' dir='ltr'>TT</span> <span class='ocrx_word' id='word_1_310' title='bbox 2426 1939 2483 2004; x_wconf 72' lang='grc' dir='ltr'><strong><em>ε’</em></strong></span> <span class='ocrx_word' id='word_1_311' title='bbox 2510 1935 2739 2005; x_wconf 82' lang='lat' dir='ltr'><strong><em>Inﬁnem</em></strong></span> <span class='ocrx_word' id='word_1_312' title='bbox 2769 1933 3021 1988; x_wconf 74' lang='lat' dir='ltr'><strong><em>Psalmus</em></strong></span> <span class='ocrx_word' id='word_1_313' title='bbox 3050 1931 3226 1989; x_wconf 84' lang='lat' dir='ltr'><strong><em>David</em></strong></span> <span class='ocrx_word' id='word_1_314' title='bbox 3268 1939 3308 2004; x_wconf 76' lang='grc'><strong><em>⁸,</em></strong></span> <span class='ocrx_word' id='word_1_315' title='bbox 3357 1975 3370 1988; x_wconf 94' lang='grc'>.</span> <span class='ocrx_word' id='word_1_316' title='bbox 3449 2007 3454 2009; x_wconf 89' lang='lat'>_</span> <span class='ocrx_word' id='word_1_317' title='bbox 3525 2005 3528 2009; x_wconf 88' lang='lat'><strong>_</strong></span> 
     </span>
    </p>
   </div>
   <div class='ocr_carea' id='block_1_50' title="bbox 2289 2007 3893 2097">
    <p class='ocr_par' dir='ltr' id='par_1_50' title="bbox 2289 2007 3893 2097">
     <span class='ocr_line' id='line_1_50' title="bbox 2289 2007 3893 2097; baseline 0 -19"><span class='ocrx_word' id='word_1_318' title='bbox 2289 2021 3202 2097; x_wconf 72' lang='lat' dir='ltr'><strong><em>CPsalmus(sicutsaepedictiim</em></strong></span> <span class='ocrx_word' id='word_1_319' title='bbox 3217 2020 3329 2093; x_wconf 89' lang='lat' dir='ltr'><strong><em>est)</em></strong></span> <span class='ocrx_word' id='word_1_320' title='bbox 3342 2007 3737 2096; x_wconf 65' lang='lat' dir='ltr'><strong><em>signatm&#39;elos</em></strong></span> <span class='ocrx_word' id='word_1_321' title='bbox 3760 2037 3893 2078; x_wconf 75' lang='grc' dir='ltr'><strong><em>οω-</em></strong></span> 
     </span>
    </p>
   </div>
   <div class='ocr_carea' id='block_1_51' title="bbox 2217 2105 3897 2177">
    <p class='ocr_par' dir='ltr' id='par_1_51' title="bbox 2217 2105 3897 2177">
     <span class='ocr_line' id='line_1_51' title="bbox 2217 2105 3897 2177; baseline -0.001 -10"><span class='ocrx_word' id='word_1_322' title='bbox 2217 2111 2454 2168; x_wconf 89' lang='lat' dir='ltr'><strong><em>lestium</em></strong></span> <span class='ocrx_word' id='word_1_323' title='bbox 2479 2110 3009 2167; x_wconf 88' lang='lat' dir='ltr'><strong><em>verborum.David</em></strong></span> <span class='ocrx_word' id='word_1_324' title='bbox 3041 2109 3236 2166; x_wconf 83' lang='lat' dir='ltr'><strong><em>autem</em></strong></span> <span class='ocrx_word' id='word_1_325' title='bbox 3269 2105 3897 2177; x_wconf 80' lang='lat' dir='ltr'><strong><em>fortissimum,acde-</em></strong></span> 
     </span>
    </p>
   </div>
   <div class='ocr_carea' id='block_1_52' title="bbox 2219 2193 3898 2272">
    <p class='ocr_par' dir='ltr' id='par_1_52' title="bbox 2219 2193 3898 2272">
     <span class='ocr_line' id='line_1_52' title="bbox 2219 2193 3898 2272; baseline -0.001 -15"><span class='ocrx_word' id='word_1_326' title='bbox 2219 2200 2591 2258; x_wconf 82' lang='lat' dir='ltr'><strong><em>&#39;siderabilem</em></strong></span> <span class='ocrx_word' id='word_1_327' title='bbox 2624 2197 2795 2254; x_wconf 90' lang='lat' dir='ltr'><strong><em>nobis</em></strong></span> <span class='ocrx_word' id='word_1_328' title='bbox 2825 2197 3049 2254; x_wconf 83' lang='lat' dir='ltr'><strong><em>indicat</em></strong></span> <span class='ocrx_word' id='word_1_329' title='bbox 3075 2198 3458 2268; x_wconf 82' lang='lat' dir='ltr'><strong><em>Salvatorem,</em></strong></span> <span class='ocrx_word' id='word_1_330' title='bbox 3493 2199 3565 2256; x_wconf 86' lang='lat' dir='ltr'><strong><em>ad</em></strong></span> <span class='ocrx_word' id='word_1_331' title='bbox 3599 2201 3780 2272; x_wconf 87' lang='lat' dir='ltr'><strong><em>quem</em></strong></span> <span class='ocrx_word' id='word_1_332' title='bbox 3817 2193 3898 2256; x_wconf 82' lang='lat' dir='ltr'><strong><em>de</em></strong></span> 
     </span>
    </p>
   </div>
   <div class='ocr_carea' id='block_1_53' title="bbox 2221 2285 3884 2364">
    <p class='ocr_par' dir='ltr' id='par_1_53' title="bbox 2221 2285 3884 2364">
     <span class='ocr_line' id='line_1_53' title="bbox 2221 2285 3884 2364; baseline -0.002 -17"><span class='ocrx_word' id='word_1_333' title='bbox 2221 2301 2468 2364; x_wconf 76' lang='lat' dir='ltr'><strong><em>pereona</em></strong></span> <span class='ocrx_word' id='word_1_334' title='bbox 2489 2287 3140 2344; x_wconf 83' lang='lat' dir='ltr'><strong><em>ﬁdeli‘ssimiCbristiani</em></strong></span> <span class='ocrx_word' id='word_1_335' title='bbox 3160 2285 3553 2361; x_wconf 82' lang='lat' dir='ltr'><strong><em>psalmusiste</em></strong></span> <span class='ocrx_word' id='word_1_336' title='bbox 3573 2285 3884 2362; x_wconf 78' lang='lat' dir='ltr'><strong><em>dirigitur,</em></strong></span> 
     </span>
    </p>
   </div>
   <div class='ocr_carea' id='block_1_54' title="bbox 2221 2372 3895 2450">
    <p class='ocr_par' dir='ltr' id='par_1_54' title="bbox 2221 2372 3895 2450">
     <span class='ocr_line' id='line_1_54' title="bbox 2221 2372 3895 2450; baseline -0.001 -15"><span class='ocrx_word' id='word_1_337' title='bbox 2221 2380 2363 2435; x_wconf 89' lang='lat' dir='ltr'><strong><em>dum</em></strong></span> <span class='ocrx_word' id='word_1_338' title='bbox 2394 2394 2561 2434; x_wconf 88' lang='lat' dir='ltr'><strong><em>mens</em></strong></span> <span class='ocrx_word' id='word_1_339' title='bbox 2591 2381 2649 2434; x_wconf 91' lang='lat' dir='ltr'><strong><em>et</em></strong></span> <span class='ocrx_word' id='word_1_340' title='bbox 2678 2377 2924 2434; x_wconf 82' lang='lat' dir='ltr'><strong><em>intentio</em></strong></span> <span class='ocrx_word' id='word_1_341' title='bbox 2956 2377 3087 2450; x_wconf 83' lang='lat' dir='ltr'><strong><em>ejus</em></strong></span> <span class='ocrx_word' id='word_1_342' title='bbox 3127 2377 3204 2434; x_wconf 79' lang='lat' dir='ltr'><strong><em>ad</em></strong></span> <span class='ocrx_word' id='word_1_343' title='bbox 3237 2375 3435 2450; x_wconf 88' lang='lat' dir='ltr'><strong><em>ipsum</em></strong></span> <span class='ocrx_word' id='word_1_344' title='bbox 3465 2372 3895 2434; x_wconf 77' lang='lat' dir='ltr'><strong><em>desideranter</em></strong></span> 
     </span>
    </p>
   </div>
   <div class='ocr_carea' id='block_1_55' title="bbox 2221 2472 2480 2544">
    <p class='ocr_par' dir='ltr' id='par_1_55' title="bbox 2221 2472 2480 2544">
     <span class='ocr_line' id='line_1_55' title="bbox 2221 2472 2480 2544; baseline -0.008 -18"><span class='ocrx_word' id='word_1_345' title='bbox 2221 2472 2480 2544; x_wconf 89' lang='lat' dir='ltr'><strong><em>aptatur.</em></strong></span> 
     </span>
    </p>
   </div>
   <div class='ocr_carea' id='block_1_56' title="bbox 2225 2544 3890 2626">
    <p class='ocr_par' dir='ltr' id='par_1_56' title="bbox 2225 2544 3890 2626">
     <span class='ocr_line' id='line_1_56' title="bbox 2225 2544 3890 2626; baseline -0.002 -11"><span class='ocrx_word' id='word_1_346' title='bbox 2225 2561 2250 2615; x_wconf 94' lang='grc'>1</span> <span class='ocrx_word' id='word_1_347' title='bbox 2326 2559 2524 2616; x_wconf 82' lang='lat' dir='ltr'><strong><em>Judica</em></strong></span> <span class='ocrx_word' id='word_1_348' title='bbox 2551 2574 2658 2626; x_wconf 86' lang='lat' dir='ltr'><strong><em>mc,</em></strong></span> <span class='ocrx_word' id='word_1_349' title='bbox 2689 2558 2847 2625; x_wconf 91' lang='lat' dir='ltr'><strong><em>Deus,</em></strong></span> <span class='ocrx_word' id='word_1_350' title='bbox 2880 2564 2932 2613; x_wconf 92' lang='lat' dir='ltr'><strong><em>et</em></strong></span> <span class='ocrx_word' id='word_1_351' title='bbox 2959 2544 3206 2613; x_wconf 78' lang='lat' dir='ltr'><strong><em>discerne</em></strong></span> <span class='ocrx_word' id='word_1_352' title='bbox 3233 2571 3462 2612; x_wconf 80' lang='lat' dir='ltr'><strong><em>causam</em></strong></span> <span class='ocrx_word' id='word_1_353' title='bbox 3476 2571 3674 2623; x_wconf 82' lang='lat' dir='ltr'><strong><em>meam,</em></strong></span> <span class='ocrx_word' id='word_1_354' title='bbox 3708 2557 3890 2624; x_wconf 76' lang='lat' dir='ltr'><strong><em>Deus,</em></strong></span> 
     </span>
    </p>
   </div>
   <div class='ocr_carea' id='block_1_57' title="bbox 2435 2647 3097 2720">
    <p class='ocr_par' dir='ltr' id='par_1_57' title="bbox 2435 2647 3097 2720">
     <span class='ocr_line' id='line_1_57' title="bbox 2435 2647 3097 2720; baseline 0.002 -17"><span class='ocrx_word' id='word_1_355' title='bbox 2435 2647 2501 2703; x_wconf 86' lang='lat' dir='ltr'><strong><em>de</em></strong></span> <span class='ocrx_word' id='word_1_356' title='bbox 2527 2653 2691 2720; x_wconf 82' lang='lat' dir='ltr'><strong><em>gente</em></strong></span> <span class='ocrx_word' id='word_1_357' title='bbox 2718 2662 2829 2702; x_wconf 87' lang='lat' dir='ltr'><strong><em>non</em></strong></span> <span class='ocrx_word' id='word_1_358' title='bbox 2857 2650 3052 2702; x_wconf 81' lang='lat' dir='ltr'><strong><em>sancta</em></strong></span> <span class='ocrx_word' id='word_1_359' title='bbox 3083 2663 3097 2704; x_wconf 87' lang='lat'><strong>:</strong></span> 
     </span>
    </p>
   </div>
   <div class='ocr_carea' id='block_1_58' title="bbox 2363 2733 3499 2808">
    <p class='ocr_par' dir='ltr' id='par_1_58' title="bbox 2363 2733 3499 2808">
     <span class='ocr_line' id='line_1_58' title="bbox 2363 2733 3499 2808; baseline -0.004 -15"><span class='ocrx_word' id='word_1_360' title='bbox 2363 2736 2691 2806; x_wconf 67' lang='lat' dir='ltr'><strong><em>thomine</em></strong></span> <span class='ocrx_word' id='word_1_361' title='bbox 2722 2735 2913 2808; x_wconf 80' lang='lat' dir='ltr'><strong><em>iniquo</em></strong></span> <span class='ocrx_word' id='word_1_362' title='bbox 2939 2743 2993 2792; x_wconf 91' lang='lat' dir='ltr'><strong><em>et</em></strong></span> <span class='ocrx_word' id='word_1_363' title='bbox 3017 2733 3206 2792; x_wconf 74' lang='lat' dir='ltr'><strong><em>doloso</em></strong></span> <span class='ocrx_word' id='word_1_364' title='bbox 3235 2747 3366 2790; x_wconf 83' lang='lat' dir='ltr'><strong><em>erue</em></strong></span> <span class='ocrx_word' id='word_1_365' title='bbox 3391 2749 3499 2790; x_wconf 84' lang='lat' dir='ltr'><strong><em>me.</em></strong></span> 
     </span>
    </p>
   </div>
   <div class='ocr_carea' id='block_1_59' title="bbox 2295 2821 3890 2898">
    <p class='ocr_par' dir='ltr' id='par_1_59' title="bbox 2295 2821 3890 2898">
     <span class='ocr_line' id='line_1_59' title="bbox 2295 2821 3890 2898; baseline -0.002 -16"><span class='ocrx_word' id='word_1_366' title='bbox 2295 2825 2336 2882; x_wconf 93' lang='lat' dir='ltr'><strong><em>C</em></strong></span> <span class='ocrx_word' id='word_1_367' title='bbox 2355 2825 2564 2898; x_wconf 87' lang='lat' dir='ltr'><strong><em>Judica</em></strong></span> <span class='ocrx_word' id='word_1_368' title='bbox 2587 2841 2702 2893; x_wconf 88' lang='lat' dir='ltr'><strong><em>me,</em></strong></span> <span class='ocrx_word' id='word_1_369' title='bbox 2731 2824 3046 2880; x_wconf 87' lang='lat' dir='ltr'><strong><em>Deus.Non</em></strong></span> <span class='ocrx_word' id='word_1_370' title='bbox 3067 2823 3224 2880; x_wconf 88' lang='lat' dir='ltr'><strong><em>enim</em></strong></span> <span class='ocrx_word' id='word_1_371' title='bbox 3249 2823 3399 2896; x_wconf 87' lang='lat' dir='ltr'><strong><em>petit</em></strong></span> <span class='ocrx_word' id='word_1_372' title='bbox 3425 2821 3714 2898; x_wconf 83' lang='lat' dir='ltr'><strong><em>Propheta</em></strong></span> <span class='ocrx_word' id='word_1_373' title='bbox 3743 2839 3890 2896; x_wconf 80' lang='lat' dir='ltr'><strong><em>pec-</em></strong></span> 
     </span>
    </p>
   </div>
   <div class='ocr_carea' id='block_1_60' title="bbox 2225 2911 3890 2984">
    <p class='ocr_par' dir='ltr' id='par_1_60' title="bbox 2225 2911 3890 2984">
     <span class='ocr_line' id='line_1_60' title="bbox 2225 2911 3890 2984; baseline -0.002 -13"><span class='ocrx_word' id='word_1_374' title='bbox 2225 2919 2354 2971; x_wconf 85' lang='lat' dir='ltr'><strong><em>cata</em></strong></span> <span class='ocrx_word' id='word_1_375' title='bbox 2383 2931 2492 2972; x_wconf 88' lang='lat' dir='ltr'><strong><em>sua</em></strong></span> <span class='ocrx_word' id='word_1_376' title='bbox 2522 2913 2755 2980; x_wconf 88' lang='lat' dir='ltr'><strong><em>discuti,</em></strong></span> <span class='ocrx_word' id='word_1_377' title='bbox 2787 2913 2886 2970; x_wconf 86' lang='lat' dir='ltr'><strong><em>sed</em></strong></span> <span class='ocrx_word' id='word_1_378' title='bbox 2919 2913 3363 2984; x_wconf 74' lang='lat' dir='ltr'><strong><em>abiniquorum</em></strong></span> <span class='ocrx_word' id='word_1_379' title='bbox 3394 2911 3691 2968; x_wconf 85' lang='lat' dir='ltr'><strong><em>consortio</em></strong></span> <span class='ocrx_word' id='word_1_380' title='bbox 3723 2911 3890 2968; x_wconf 79' lang='lat' dir='ltr'><strong><em>libe-</em></strong></span> 
     </span>
    </p>
   </div>
   <div class='ocr_carea' id='block_1_61' title="bbox 2225 2999 3891 3075">
    <p class='ocr_par' dir='ltr' id='par_1_61' title="bbox 2225 2999 3891 3075">
     <span class='ocr_line' id='line_1_61' title="bbox 2225 2999 3891 3075; baseline -0.001 -15"><span class='ocrx_word' id='word_1_381' title='bbox 2225 3004 2361 3060; x_wconf 89' lang='lat' dir='ltr'><strong><em>rari.</em></strong></span> <span class='ocrx_word' id='word_1_382' title='bbox 2390 3005 2556 3072; x_wconf 87' lang='lat' dir='ltr'><strong><em>Esset</em></strong></span> <span class='ocrx_word' id='word_1_383' title='bbox 2600 3003 2758 3060; x_wconf 90' lang='lat' dir='ltr'><strong><em>enim</em></strong></span> <span class='ocrx_word' id='word_1_384' title='bbox 2803 3001 3200 3075; x_wconf 89' lang='lat' dir='ltr'><strong><em>periculosum</em></strong></span> <span class='ocrx_word' id='word_1_385' title='bbox 3244 3000 3439 3058; x_wconf 89' lang='lat' dir='ltr'><strong><em>dicere</em></strong></span> <span class='ocrx_word' id='word_1_386' title='bbox 3473 3019 3486 3057; x_wconf 90' lang='lat'>:</span> <span class='ocrx_word' id='word_1_387' title='bbox 3513 2999 3721 3072; x_wconf 79' lang='lat' dir='ltr'><strong><em>judica</em></strong></span> <span class='ocrx_word' id='word_1_388' title='bbox 3759 3018 3891 3068; x_wconf 83' lang='lat' dir='ltr'><strong><em>me,</em></strong></span> 
     </span>
    </p>
   </div>
   <div class='ocr_carea' id='block_1_62' title="bbox 2225 3088 3893 3158">
    <p class='ocr_par' dir='ltr' id='par_1_62' title="bbox 2225 3088 3893 3158">
     <span class='ocr_line' id='line_1_62' title="bbox 2225 3088 3893 3158; baseline -0.002 -8"><span class='ocrx_word' id='word_1_389' title='bbox 2225 3093 2341 3150; x_wconf 88' lang='lat' dir='ltr'><strong><em>nisi</em></strong></span> <span class='ocrx_word' id='word_1_390' title='bbox 2363 3091 2710 3150; x_wconf 87' lang='lat' dir='ltr'><strong><em>addidisset:</em></strong></span> <span class='ocrx_word' id='word_1_391' title='bbox 2725 3090 3249 3150; x_wconf 80' lang='lat' dir='ltr'><strong><em>discerne-causam</em></strong></span> <span class='ocrx_word' id='word_1_392' title='bbox 3272 3107 3488 3158; x_wconf 87' lang='lat' dir='ltr'><strong><em>meam,</em></strong></span> <span class='ocrx_word' id='word_1_393' title='bbox 3503 3089 3560 3147; x_wconf 90' lang='lat' dir='ltr'><strong><em>id</em></strong></span> <span class='ocrx_word' id='word_1_394' title='bbox 3573 3092 3663 3146; x_wconf 83' lang='lat' dir='ltr'><strong><em>est</em></strong></span> <span class='ocrx_word' id='word_1_395' title='bbox 3681 3088 3893 3146; x_wconf 81' lang='lat' dir='ltr'><strong><em>divide</em></strong></span> 
     </span>
    </p>
   </div>
   <div class='ocr_carea' id='block_1_63' title="bbox 454 3161 3890 3256">
    <p class='ocr_par' dir='ltr' id='par_1_63' title="bbox 454 3161 3890 3256">
     <span class='ocr_line' id='line_1_63' title="bbox 454 3161 3890 3256; baseline 0.001 -24"><span class='ocrx_word' id='word_1_396' title='bbox 454 3174 523 3232; x_wconf 77' lang='grc'><strong><em>44</em></strong></span> <span class='ocrx_word' id='word_1_397' title='bbox 594 3161 736 3232; x_wconf 79' lang='lat' dir='ltr'><strong><em>Duin</em></strong></span> <span class='ocrx_word' id='word_1_398' title='bbox 783 3175 1216 3248; x_wconf 77' lang='lat' dir='ltr'><strong><em>corifringuntur</em></strong></span> <span class='ocrx_word' id='word_1_399' title='bbox 1267 3190 1389 3232; x_wconf 86' lang='lat' dir='ltr'><strong><em>ossa</em></strong></span> <span class='ocrx_word' id='word_1_400' title='bbox 1441 3193 1562 3232; x_wconf 88' lang='lat' dir='ltr'><strong><em>mea</em></strong></span> <span class='ocrx_word' id='word_1_401' title='bbox 1605 3177 2118 3250; x_wconf 67' lang='lat' dir='ltr'><strong><em>:caprobraverunt</em></strong></span> <span class='ocrx_word' id='word_1_402' title='bbox 2153 3247 2187 3256; x_wconf 78' lang='lat'>_</span> <span class='ocrx_word' id='word_1_403' title='bbox 2229 3183 2667 3256; x_wconf 86' lang='lat' dir='ltr'><strong><em>permistionem</em></strong></span> <span class='ocrx_word' id='word_1_404' title='bbox 2683 3197 2875 3236; x_wconf 86' lang='lat' dir='ltr'><strong><em>meam</em></strong></span> <span class='ocrx_word' id='word_1_405' title='bbox 2897 3180 2970 3236; x_wconf 89' lang='lat' dir='ltr'><strong><em>ab</em></strong></span> <span class='ocrx_word' id='word_1_406' title='bbox 2997 3179 3216 3253; x_wconf 87' lang='lat' dir='ltr'><strong><em>impiis.</em></strong></span> <span class='ocrx_word' id='word_1_407' title='bbox 3232 3179 3315 3236; x_wconf 87' lang='lat' dir='ltr'><strong><em>De</em></strong></span> <span class='ocrx_word' id='word_1_408' title='bbox 3333 3183 3633 3252; x_wconf 86' lang='lat' dir='ltr'><strong><em>gentenon</em></strong></span> <span class='ocrx_word' id='word_1_409' title='bbox 3649 3183 3890 3246; x_wconf 82' lang='lat' dir='ltr'><strong><em>sancta,</em></strong></span> 
     </span>
    </p>
   </div>
   <div class='ocr_carea' id='block_1_64' title="bbox 667 3263 828 3321">
    <p class='ocr_par' dir='ltr' id='par_1_64' title="bbox 667 3263 828 3321">
     <span class='ocr_line' id='line_1_64' title="bbox 667 3263 828 3321; baseline 0 -1"><span class='ocrx_word' id='word_1_410' title='bbox 667 3263 828 3321; x_wconf 82' lang='lat' dir='ltr'><strong><em>mihi.</em></strong></span> 
     </span>
    </p>
   </div>
   <div class='ocr_carea' id='block_1_65' title="bbox 601 3335 1646 3425">
    <p class='ocr_par' dir='ltr' id='par_1_65' title="bbox 601 3335 1646 3425">
     <span class='ocr_line' id='line_1_65' title="bbox 601 3335 1646 3425; baseline 0.002 -16"><span class='ocrx_word' id='word_1_411' title='bbox 601 3335 712 3424; x_wconf 71' lang='lat' dir='ltr'><strong><em>Qui</em></strong></span> <span class='ocrx_word' id='word_1_412' title='bbox 741 3351 1012 3408; x_wconf 76' lang='lat' dir='ltr'><strong><em>tribulam</em></strong></span> <span class='ocrx_word' id='word_1_413' title='bbox 1039 3369 1126 3409; x_wconf 86' lang='lat' dir='ltr'><strong><em>me</em></strong></span> <span class='ocrx_word' id='word_1_414' title='bbox 1255 3355 1473 3409; x_wconf 87' lang='lat' dir='ltr'><strong><em>inimici</em></strong></span> <span class='ocrx_word' id='word_1_415' title='bbox 1491 3356 1602 3410; x_wconf 87' lang='lat' dir='ltr'><strong><em>mei</em></strong></span> <span class='ocrx_word' id='word_1_416' title='bbox 1633 3373 1646 3411; x_wconf 83' lang='lat'>:</span> 
     </span>
    </p>
   </div>
   <div class='ocr_carea' id='block_1_66' title="bbox 518 3432 2110 3518">
    <p class='ocr_par' dir='ltr' id='par_1_66' title="bbox 518 3432 2110 3518">
     <span class='ocr_line' id='line_1_66' title="bbox 518 3432 2110 3518; baseline 0.003 -22"><span class='ocrx_word' id='word_1_417' title='bbox 518 3441 568 3518; x_wconf 25' lang='lat' dir='ltr'><strong><em>‘C</em></strong></span> <span class='ocrx_word' id='word_1_418' title='bbox 596 3432 970 3514; x_wconf 73' lang='lat' dir='ltr'><strong><em>Franguntur</em></strong></span> <span class='ocrx_word' id='word_1_419' title='bbox 997 3457 1156 3510; x_wconf 87' lang='lat' dir='ltr'><strong><em>ossa,</em></strong></span> <span class='ocrx_word' id='word_1_420' title='bbox 1188 3441 1330 3497; x_wconf 89' lang='lat' dir='ltr'><strong><em>dum</em></strong></span> <span class='ocrx_word' id='word_1_421' title='bbox 1359 3441 1544 3498; x_wconf 83' lang='lat' dir='ltr'><strong><em>virtus</em></strong></span> <span class='ocrx_word' id='word_1_422' title='bbox 1575 3443 1864 3515; x_wconf 79' lang='lat' dir='ltr'><strong><em>patientiae</em></strong></span> <span class='ocrx_word' id='word_1_423' title='bbox 1901 3447 2110 3500; x_wconf 79' lang='lat' dir='ltr'><strong><em>nostrae</em></strong></span> 
     </span>
    </p>
   </div>
   <div class='ocr_carea' id='block_1_67' title="bbox 457 3526 2112 3602">
    <p class='ocr_par' dir='ltr' id='par_1_67' title="bbox 457 3526 2112 3602">
     <span class='ocr_line' id='line_1_67' title="bbox 457 3526 2112 3602; baseline 0.001 -16"><span class='ocrx_word' id='word_1_424' title='bbox 457 3526 757 3602; x_wconf 73' lang='lat' dir='ltr'><strong><em>affligitur,</em></strong></span> <span class='ocrx_word' id='word_1_425' title='bbox 792 3528 900 3585; x_wconf 90' lang='lat' dir='ltr'><strong><em>hoc</em></strong></span> <span class='ocrx_word' id='word_1_426' title='bbox 927 3527 1173 3584; x_wconf 89' lang='lat' dir='ltr'><strong><em>irrident</em></strong></span> <span class='ocrx_word' id='word_1_427' title='bbox 1198 3529 1462 3586; x_wconf 87' lang='lat' dir='ltr'><strong><em>videntes</em></strong></span> <span class='ocrx_word' id='word_1_428' title='bbox 1483 3530 1728 3597; x_wconf 87' lang='lat' dir='ltr'><strong><em>inimici,</em></strong></span> <span class='ocrx_word' id='word_1_429' title='bbox 1751 3535 1808 3588; x_wconf 91' lang='lat' dir='ltr'><strong><em>et</em></strong></span> <span class='ocrx_word' id='word_1_430' title='bbox 1832 3531 1990 3588; x_wconf 87' lang='lat' dir='ltr'><strong><em>velut</em></strong></span> <span class='ocrx_word' id='word_1_431' title='bbox 2010 3533 2112 3590; x_wconf 86' lang='lat' dir='ltr'><strong><em>ali-</em></strong></span> 
     </span>
    </p>
   </div>
   <div class='ocr_carea' id='block_1_68' title="bbox 455 3615 2108 3692">
    <p class='ocr_par' dir='ltr' id='par_1_68' title="bbox 455 3615 2108 3692">
     <span class='ocr_line' id='line_1_68' title="bbox 455 3615 2108 3692; baseline 0.003 -18"><span class='ocrx_word' id='word_1_432' title='bbox 455 3630 631 3692; x_wconf 87' lang='lat' dir='ltr'><strong><em>quem</em></strong></span> <span class='ocrx_word' id='word_1_433' title='bbox 681 3615 1034 3690; x_wconf 83' lang='lat' dir='ltr'><strong><em>probrosum</em></strong></span> <span class='ocrx_word' id='word_1_434' title='bbox 1087 3617 1524 3674; x_wconf 87' lang='lat' dir='ltr'><strong><em>abominantur.</em></strong></span> <span class='ocrx_word' id='word_1_435' title='bbox 1585 3619 1631 3674; x_wconf 86' lang='lat' dir='ltr'><strong>II</strong></span> <span class='ocrx_word' id='word_1_436' title='bbox 1659 3619 1760 3676; x_wconf 91' lang='lat' dir='ltr'><strong><em>Vel</em></strong></span> <span class='ocrx_word' id='word_1_437' title='bbox 1811 3638 1945 3678; x_wconf 85' lang='lat' dir='ltr'><strong><em>ossa</em></strong></span> <span class='ocrx_word' id='word_1_438' title='bbox 1995 3623 2108 3678; x_wconf 81' lang='lat' dir='ltr'><strong><em>for-</em></strong></span> 
     </span>
    </p>
   </div>
   <div class='ocr_carea' id='block_1_69' title="bbox 454 3703 2108 3780">
    <p class='ocr_par' dir='ltr' id='par_1_69' title="bbox 454 3703 2108 3780">
     <span class='ocr_line' id='line_1_69' title="bbox 454 3703 2108 3780; baseline 0.002 -16"><span class='ocrx_word' id='word_1_439' title='bbox 454 3707 630 3764; x_wconf 87' lang='lat' dir='ltr'><strong><em>tiores</em></strong></span> <span class='ocrx_word' id='word_1_440' title='bbox 661 3705 718 3762; x_wconf 93' lang='lat' dir='ltr'><strong><em>in</em></strong></span> <span class='ocrx_word' id='word_1_441' title='bbox 767 3703 1027 3762; x_wconf 86' lang='lat' dir='ltr'><strong><em>Ecclesia</em></strong></span> <span class='ocrx_word' id='word_1_442' title='bbox 1056 3711 1216 3775; x_wconf 87' lang='lat' dir='ltr'><strong><em>sunt,</em></strong></span> <span class='ocrx_word' id='word_1_443' title='bbox 1263 3707 1386 3780; x_wconf 90' lang='lat' dir='ltr'><strong><em>qui,</em></strong></span> <span class='ocrx_word' id='word_1_444' title='bbox 1418 3707 1560 3764; x_wconf 91' lang='lat' dir='ltr'><strong><em>dum</em></strong></span> <span class='ocrx_word' id='word_1_445' title='bbox 1593 3708 1884 3766; x_wconf 74' lang='lat' dir='ltr'><strong><em>scandulis</em></strong></span> <span class='ocrx_word' id='word_1_446' title='bbox 1933 3717 1990 3767; x_wconf 86' lang='lat' dir='ltr'><strong><em>et</em></strong></span> <span class='ocrx_word' id='word_1_447' title='bbox 2021 3711 2108 3767; x_wconf 89' lang='lat' dir='ltr'><strong><em>di-</em></strong></span> 
     </span>
    </p>
   </div>
   <div class='ocr_carea' id='block_1_70' title="bbox 451 3792 2106 3870">
    <p class='ocr_par' dir='ltr' id='par_1_70' title="bbox 451 3792 2106 3870">
     <span class='ocr_line' id='line_1_70' title="bbox 451 3792 2106 3870; baseline 0.002 -17"><span class='ocrx_word' id='word_1_448' title='bbox 451 3795 637 3853; x_wconf 83' lang='lat' dir='ltr'><strong><em>versis</em></strong></span> <span class='ocrx_word' id='word_1_449' title='bbox 667 3792 972 3869; x_wconf 79' lang='lat' dir='ltr'><strong><em>sappliciis</em></strong></span> <span class='ocrx_word' id='word_1_450' title='bbox 993 3797 1304 3867; x_wconf 82' lang='lat' dir='ltr'><strong><em>urgentur,</em></strong></span> <span class='ocrx_word' id='word_1_451' title='bbox 1337 3795 1635 3870; x_wconf 76' lang='lat' dir='ltr'><strong><em>simplices</em></strong></span> <span class='ocrx_word' id='word_1_452' title='bbox 1673 3797 1935 3856; x_wconf 88' lang='lat' dir='ltr'><strong><em>videntes</em></strong></span> <span class='ocrx_word' id='word_1_453' title='bbox 1964 3817 2106 3856; x_wconf 89' lang='lat' dir='ltr'><strong><em>con-</em></strong></span> 
     </span>
    </p>
   </div>
   <div class='ocr_carea' id='block_1_71' title="bbox 454 3881 2106 3954">
    <p class='ocr_par' dir='ltr' id='par_1_71' title="bbox 454 3881 2106 3954">
     <span class='ocr_line' id='line_1_71' title="bbox 454 3881 2106 3954; baseline 0.003 -14"><span class='ocrx_word' id='word_1_454' title='bbox 454 3883 783 3941; x_wconf 84' lang='lat' dir='ltr'><strong><em>tristantur.</em></strong></span> <span class='ocrx_word' id='word_1_455' title='bbox 833 3885 880 3940; x_wconf 80' lang='lat' dir='ltr'><strong>A</strong></span> <span class='ocrx_word' id='word_1_456' title='bbox 909 3881 956 3940; x_wconf 81' lang='grc' dir='ltr'><em>Η</em></span> <span class='ocrx_word' id='word_1_457' title='bbox 1003 3883 1166 3940; x_wconf 89' lang='lat' dir='ltr'><strong><em>Unde</em></strong></span> <span class='ocrx_word' id='word_1_458' title='bbox 1215 3890 1272 3941; x_wconf 93' lang='lat' dir='ltr'><strong><em>et</em></strong></span> <span class='ocrx_word' id='word_1_459' title='bbox 1317 3883 1542 3942; x_wconf 91' lang='lat' dir='ltr'><strong><em>inimici</em></strong></span> <span class='ocrx_word' id='word_1_460' title='bbox 1593 3886 1878 3954; x_wconf 62' lang='lat' dir='ltr'><strong><em>Ecclesia,</em></strong></span> <span class='ocrx_word' id='word_1_461' title='bbox 1937 3889 2106 3946; x_wconf 92' lang='lat' dir='ltr'><strong><em>bonis</em></strong></span> 
     </span>
    </p>
   </div>
   <div class='ocr_carea' id='block_1_72' title="bbox 452 3973 2105 4048">
    <p class='ocr_par' dir='ltr' id='par_1_72' title="bbox 452 3973 2105 4048">
     <span class='ocr_line' id='line_1_72' title="bbox 452 3973 2105 4048; baseline 0.004 -18"><span class='ocrx_word' id='word_1_462' title='bbox 452 3973 800 4031; x_wconf 85' lang='lat' dir='ltr'><strong><em>Christianis</em></strong></span> <span class='ocrx_word' id='word_1_463' title='bbox 830 3973 1184 4047; x_wconf 82' lang='lat' dir='ltr'><strong><em>exprobrant</em></strong></span> <span class='ocrx_word' id='word_1_464' title='bbox 1221 3973 1279 4030; x_wconf 93' lang='lat' dir='ltr'><strong><em>in</em></strong></span> <span class='ocrx_word' id='word_1_465' title='bbox 1333 3974 1692 4048; x_wconf 79' lang='lat' dir='ltr'><strong><em>martyribus</em></strong></span> <span class='ocrx_word' id='word_1_466' title='bbox 1733 3976 1820 4032; x_wconf 89' lang='lat' dir='ltr'><strong><em>vel</em></strong></span> <span class='ocrx_word' id='word_1_467' title='bbox 1873 3978 2105 4036; x_wconf 80' lang='lat' dir='ltr'><strong><em>confes-</em></strong></span> 
     </span>
    </p>
   </div>
   <div class='ocr_carea' id='block_1_73' title="bbox 451 4061 2102 4140">
    <p class='ocr_par' dir='ltr' id='par_1_73' title="bbox 451 4061 2102 4140">
     <span class='ocr_line' id='line_1_73' title="bbox 451 4061 2102 4140; baseline 0.002 -20"><span class='ocrx_word' id='word_1_468' title='bbox 451 4063 704 4136; x_wconf 87' lang='lat' dir='ltr'><strong><em>soribus,</em></strong></span> <span class='ocrx_word' id='word_1_469' title='bbox 737 4064 879 4119; x_wconf 90' lang='lat' dir='ltr'><strong><em>dum</em></strong></span> <span class='ocrx_word' id='word_1_470' title='bbox 912 4079 947 4119; x_wconf 89' lang='lat' dir='ltr'><strong><em>a</em></strong></span> <span class='ocrx_word' id='word_1_471' title='bbox 975 4061 1088 4120; x_wconf 88' lang='lat' dir='ltr'><strong><em>Deo</em></strong></span> <span class='ocrx_word' id='word_1_472' title='bbox 1119 4062 1202 4119; x_wconf 89' lang='lat' dir='ltr'><strong><em>vel</em></strong></span> <span class='ocrx_word' id='word_1_473' title='bbox 1236 4062 1421 4120; x_wconf 91' lang='lat' dir='ltr'><strong><em>occidi</em></strong></span> <span class='ocrx_word' id='word_1_474' title='bbox 1447 4064 1534 4120; x_wconf 81' lang='lat' dir='ltr'><strong><em>vel</em></strong></span> <span class='ocrx_word' id='word_1_475' title='bbox 1565 4064 1832 4120; x_wconf 88' lang='lat' dir='ltr'><strong><em>tribulari</em></strong></span> <span class='ocrx_word' id='word_1_476' title='bbox 1862 4067 2102 4140; x_wconf 89' lang='lat' dir='ltr'><strong><em>permit-</em></strong></span> 
     </span>
    </p>
   </div>
   <div class='ocr_carea' id='block_1_74' title="bbox 449 4157 1630 4210">
    <p class='ocr_par' dir='ltr' id='par_1_74' title="bbox 449 4157 1630 4210">
     <span class='ocr_line' id='line_1_74' title="bbox 449 4157 1630 4210; baseline -0.008 0"><span class='ocrx_word' id='word_1_477' title='bbox 449 4157 675 4210; x_wconf 89' lang='lat' dir='ltr'><strong><em>tuntur.</em></strong></span> <span class='ocrx_word' id='word_1_478' title='bbox 1617 4191 1630 4200; x_wconf 89' lang='lat'><strong><em>.</em></strong></span> 
     </span>
    </p>
   </div>
   <div class='ocr_carea' id='block_1_75' title="bbox 451 4239 2104 4314">
    <p class='ocr_par' dir='ltr' id='par_1_75' title="bbox 451 4239 2104 4314">
     <span class='ocr_line' id='line_1_75' title="bbox 451 4239 2104 4314; baseline 0.004 -18"><span class='ocrx_word' id='word_1_479' title='bbox 451 4241 520 4298; x_wconf 90' lang='grc'><strong><em>15</em></strong></span> <span class='ocrx_word' id='word_1_480' title='bbox 595 4243 734 4298; x_wconf 88' lang='lat' dir='ltr'><strong><em>Dum</em></strong></span> <span class='ocrx_word' id='word_1_481' title='bbox 763 4239 958 4296; x_wconf 87' lang='lat' dir='ltr'><strong><em>dicunt</em></strong></span> <span class='ocrx_word' id='word_1_482' title='bbox 979 4241 1122 4297; x_wconf 83' lang='lat' dir='ltr'><strong><em>mihi</em></strong></span> <span class='ocrx_word' id='word_1_483' title='bbox 1140 4257 1242 4314; x_wconf 86' lang='lat' dir='ltr'><strong><em>per</em></strong></span> <span class='ocrx_word' id='word_1_484' title='bbox 1269 4241 1516 4312; x_wconf 85' lang='lat' dir='ltr'><strong><em>singulos</em></strong></span> <span class='ocrx_word' id='word_1_485' title='bbox 1545 4241 1678 4298; x_wconf 84' lang='lat' dir='ltr'><strong><em>dies.</em></strong></span> <span class='ocrx_word' id='word_1_486' title='bbox 1715 4243 1816 4300; x_wconf 87' lang='lat' dir='ltr'><strong><em>Ubi</em></strong></span> <span class='ocrx_word' id='word_1_487' title='bbox 1841 4250 1922 4301; x_wconf 84' lang='lat' dir='ltr'><strong><em>est</em></strong></span> <span class='ocrx_word' id='word_1_488' title='bbox 1954 4249 2104 4303; x_wconf 83' lang='lat' dir='ltr'><strong><em>Deus</em></strong></span> 
     </span>
    </p>
   </div>
   <div class='ocr_carea' id='block_1_76' title="bbox 659 4333 826 4388">
    <p class='ocr_par' dir='ltr' id='par_1_76' title="bbox 659 4333 826 4388">
     <span class='ocr_line' id='line_1_76' title="bbox 659 4333 826 4388; baseline -0.03 0"><span class='ocrx_word' id='word_1_489' title='bbox 659 4338 786 4388; x_wconf 85' lang='lat' dir='ltr'><strong><em>tuus</em></strong></span> <span class='ocrx_word' id='word_1_490' title='bbox 800 4333 826 4384; x_wconf 83' lang='lat'><strong><em>?</em></strong></span> 
     </span>
    </p>
   </div>
   <div class='ocr_carea' id='block_1_77' title="bbox 586 4407 2097 4501">
    <p class='ocr_par' dir='ltr' id='par_1_77' title="bbox 586 4407 2097 4501">
     <span class='ocr_line' id='line_1_77' title="bbox 586 4407 2097 4501; baseline 0.004 -29"><span class='ocrx_word' id='word_1_491' title='bbox 586 4407 775 4501; x_wconf 72' lang='lat' dir='ltr'><strong><em>Quare</em></strong></span> <span class='ocrx_word' id='word_1_492' title='bbox 818 4418 994 4476; x_wconf 78' lang='lat' dir='ltr'><strong><em>tristis</em></strong></span> <span class='ocrx_word' id='word_1_493' title='bbox 1041 4434 1116 4485; x_wconf 85' lang='lat' dir='ltr'><strong><em>es,</em></strong></span> <span class='ocrx_word' id='word_1_494' title='bbox 1148 4420 1339 4474; x_wconf 88' lang='lat' dir='ltr'><strong><em>anima</em></strong></span> <span class='ocrx_word' id='word_1_495' title='bbox 1380 4435 1523 4488; x_wconf 87' lang='lat' dir='ltr'><strong><em>mea,</em></strong></span> <span class='ocrx_word' id='word_1_496' title='bbox 1573 4424 1628 4476; x_wconf 80' lang='lat' dir='ltr'><strong><em>et</em></strong></span> <span class='ocrx_word' id='word_1_497' title='bbox 1673 4436 1845 4492; x_wconf 86' lang='lat' dir='ltr'><strong><em>quare</em></strong></span> <span class='ocrx_word' id='word_1_498' title='bbox 1870 4431 2097 4480; x_wconf 85' lang='lat' dir='ltr'><strong><em>contur-</em></strong></span> 
     </span>
    </p>
   </div>
   <div class='ocr_carea' id='block_1_78' title="bbox 659 4507 906 4562">
    <p class='ocr_par' dir='ltr' id='par_1_78' title="bbox 659 4507 906 4562">
     <span class='ocr_line' id='line_1_78' title="bbox 659 4507 906 4562; baseline -0.004 -1"><span class='ocrx_word' id='word_1_499' title='bbox 659 4507 751 4562; x_wconf 84' lang='lat' dir='ltr'><strong><em>bas</em></strong></span> <span class='ocrx_word' id='word_1_500' title='bbox 783 4507 906 4562; x_wconf 81' lang='lat' dir='ltr'><strong><em>me?</em></strong></span> 
     </span>
    </p>
   </div>
   <div class='ocr_carea' id='block_1_79' title="bbox 2145 3247 3898 3344">
    <p class='ocr_par' dir='ltr' id='par_1_79' title="bbox 2145 3247 3898 3344">
     <span class='ocr_line' id='line_1_79' title="bbox 2145 3247 3898 3344; baseline -0.001 -18"><span class='ocrx_word' id='word_1_501' title='bbox 2145 3247 2189 3314; x_wconf 69' lang='grc' dir='ltr'><strong>θ</strong></span> <span class='ocrx_word' id='word_1_502' title='bbox 2227 3247 2286 3328; x_wconf 83' lang='lat' dir='ltr'><strong><em>id</em></strong></span> <span class='ocrx_word' id='word_1_503' title='bbox 2315 3277 2406 3328; x_wconf 89' lang='lat' dir='ltr'><strong><em>est</em></strong></span> <span class='ocrx_word' id='word_1_504' title='bbox 2433 3273 2505 3327; x_wconf 91' lang='lat' dir='ltr'><strong><em>de</em></strong></span> <span class='ocrx_word' id='word_1_505' title='bbox 2536 3269 2845 3344; x_wconf 89' lang='lat' dir='ltr'><strong><em>perversis,</em></strong></span> <span class='ocrx_word' id='word_1_506' title='bbox 2877 3268 2967 3325; x_wconf 90' lang='lat' dir='ltr'><strong><em>vel</em></strong></span> <span class='ocrx_word' id='word_1_507' title='bbox 2995 3247 3148 3325; x_wconf 74' lang='lat' dir='ltr'><strong><em>male</em></strong></span> <span class='ocrx_word' id='word_1_508' title='bbox 3177 3247 3773 3340; x_wconf 54' lang='lat' dir='ltr'><strong><em>viventibusdnquus</em></strong></span> <span class='ocrx_word' id='word_1_509' title='bbox 3794 3273 3898 3324; x_wconf 84' lang='lat' dir='ltr'><strong><em>est</em></strong></span> 
     </span>
    </p>
   </div>
   <div class='ocr_carea' id='block_1_80' title="bbox 2223 3355 3895 3434">
    <p class='ocr_par' dir='ltr' id='par_1_80' title="bbox 2223 3355 3895 3434">
     <span class='ocr_line' id='line_1_80' title="bbox 2223 3355 3895 3434; baseline -0.002 -17"><span class='ocrx_word' id='word_1_510' title='bbox 2223 3361 2322 3434; x_wconf 86' lang='lat' dir='ltr'><strong><em>qui</em></strong></span> <span class='ocrx_word' id='word_1_511' title='bbox 2347 3359 2500 3417; x_wconf 87' lang='lat' dir='ltr'><strong><em>male</em></strong></span> <span class='ocrx_word' id='word_1_512' title='bbox 2525 3359 2663 3415; x_wconf 85' lang='lat' dir='ltr'><strong><em>facit</em></strong></span> <span class='ocrx_word' id='word_1_513' title='bbox 2693 3361 2911 3431; x_wconf 87' lang='lat' dir='ltr'><strong><em>aperte.</em></strong></span> <span class='ocrx_word' id='word_1_514' title='bbox 2931 3356 3179 3414; x_wconf 88' lang='lat' dir='ltr'><strong><em>Dolosus</em></strong></span> <span class='ocrx_word' id='word_1_515' title='bbox 3209 3360 3322 3429; x_wconf 88' lang='lat' dir='ltr'><strong><em>est,</em></strong></span> <span class='ocrx_word' id='word_1_516' title='bbox 3349 3357 3453 3432; x_wconf 88' lang='lat' dir='ltr'><strong><em>qui</em></strong></span> <span class='ocrx_word' id='word_1_517' title='bbox 3483 3355 3710 3434; x_wconf 76' lang='lat' dir='ltr'><strong><em>occulte</em></strong></span> <span class='ocrx_word' id='word_1_518' title='bbox 3751 3374 3895 3414; x_wconf 84' lang='lat' dir='ltr'><strong><em>ma-</em></strong></span> 
     </span>
    </p>
   </div>
   <div class='ocr_carea' id='block_1_81' title="bbox 2221 3439 3895 3524">
    <p class='ocr_par' dir='ltr' id='par_1_81' title="bbox 2221 3439 3895 3524">
     <span class='ocr_line' id='line_1_81' title="bbox 2221 3439 3895 3524; baseline -0.003 -19"><span class='ocrx_word' id='word_1_519' title='bbox 2221 3441 2494 3505; x_wconf 82' lang='lat' dir='ltr'><strong><em>chinatur</em></strong></span> <span class='ocrx_word' id='word_1_520' title='bbox 2523 3445 2768 3504; x_wconf 89' lang='lat' dir='ltr'><strong><em>malum.</em></strong></span> <span class='ocrx_word' id='word_1_521' title='bbox 2783 3439 2934 3502; x_wconf 83' lang='lat' dir='ltr'><strong><em>Erue</em></strong></span> <span class='ocrx_word' id='word_1_522' title='bbox 2947 3451 3044 3503; x_wconf 91' lang='lat' dir='ltr'><strong><em>&#39;me</em></strong></span> <span class='ocrx_word' id='word_1_523' title='bbox 3063 3445 3261 3502; x_wconf 84' lang='lat' dir='ltr'><strong><em>nevita</em></strong></span> <span class='ocrx_word' id='word_1_524' title='bbox 3281 3461 3414 3502; x_wconf 89' lang='lat' dir='ltr'><strong><em>mea</em></strong></span> <span class='ocrx_word' id='word_1_525' title='bbox 3434 3445 3604 3524; x_wconf 24' lang='lat' dir='ltr'><strong><em>abieis</em></strong></span> <span class='ocrx_word' id='word_1_526' title='bbox 3619 3461 3895 3502; x_wconf 86' lang='lat' dir='ltr'><strong><em>corrum-</em></strong></span> 
     </span>
    </p>
   </div>
   <div class='ocr_carea' id='block_1_82' title="bbox 2220 3534 3891 3610">
    <p class='ocr_par' dir='ltr' id='par_1_82' title="bbox 2220 3534 3891 3610">
     <span class='ocr_line' id='line_1_82' title="bbox 2220 3534 3891 3610; baseline -0.002 -16"><span class='ocrx_word' id='word_1_527' title='bbox 2220 3543 2410 3610; x_wconf 89' lang='lat' dir='ltr'><strong><em>patur.</em></strong></span> <span class='ocrx_word' id='word_1_528' title='bbox 2443 3537 2512 3592; x_wconf 83' lang='lat' dir='ltr'><strong><em>Et</em></strong></span> <span class='ocrx_word' id='word_1_529' title='bbox 2539 3539 2787 3608; x_wconf 89' lang='lat' dir='ltr'><strong><em>possunt</em></strong></span> <span class='ocrx_word' id='word_1_530' title='bbox 2815 3535 2933 3590; x_wconf 71' lang='lat' dir='ltr'><strong><em>hmo</em></strong></span> <span class='ocrx_word' id='word_1_531' title='bbox 2981 3534 3180 3608; x_wconf 82' lang='lat' dir='ltr'><strong><em>omnia</em></strong></span> <span class='ocrx_word' id='word_1_532' title='bbox 3220 3534 3294 3590; x_wconf 90' lang='lat' dir='ltr'><strong><em>ad</em></strong></span> <span class='ocrx_word' id='word_1_533' title='bbox 3347 3535 3610 3590; x_wconf 85' lang='lat' dir='ltr'><strong><em>futurum</em></strong></span> <span class='ocrx_word' id='word_1_534' title='bbox 3663 3534 3891 3607; x_wconf 83' lang='lat' dir='ltr'><strong><em>exponi</em></strong></span> 
     </span>
    </p>
   </div>
   <div class='ocr_carea' id='block_1_83' title="bbox 2209 3619 3888 3702">
    <p class='ocr_par' dir='ltr' id='par_1_83' title="bbox 2209 3619 3888 3702">
     <span class='ocr_line' id='line_1_83' title="bbox 2209 3619 3888 3702; baseline -0.002 -20"><span class='ocrx_word' id='word_1_535' title='bbox 2209 3625 2528 3702; x_wconf 82' lang='lat' dir='ltr'><strong><em>judicium.</em></strong></span> <span class='ocrx_word' id='word_1_536' title='bbox 2553 3623 2599 3680; x_wconf 91' lang='lat' dir='ltr'>H</span> <span class='ocrx_word' id='word_1_537' title='bbox 2631 3625 2814 3680; x_wconf 91' lang='lat' dir='ltr'><strong><em>Nemo</em></strong></span> <span class='ocrx_word' id='word_1_538' title='bbox 2861 3639 3016 3702; x_wconf 82' lang='lat' dir='ltr'><strong><em>vero</em></strong></span> <span class='ocrx_word' id='word_1_539' title='bbox 3042 3623 3232 3698; x_wconf 88' lang='lat' dir='ltr'><strong><em>magis</em></strong></span> <span class='ocrx_word' id='word_1_540' title='bbox 3279 3621 3524 3694; x_wconf 89' lang='lat' dir='ltr'><strong><em>iniquus</em></strong></span> <span class='ocrx_word' id='word_1_541' title='bbox 3553 3625 3744 3702; x_wconf 73' lang='lat' dir='ltr'><strong><em>atque</em></strong></span> <span class='ocrx_word' id='word_1_542' title='bbox 3769 3619 3888 3679; x_wconf 75' lang='grc' dir='ltr'><strong><em>’ἀο-</em></strong></span> 
     </span>
    </p>
   </div>
   <div class='ocr_carea' id='block_1_84' title="bbox 2217 3697 3890 3793">
    <p class='ocr_par' dir='ltr' id='par_1_84' title="bbox 2217 3697 3890 3793">
     <span class='ocr_line' id='line_1_84' title="bbox 2217 3697 3890 3793; baseline -0.001 -23"><span class='ocrx_word' id='word_1_543' title='bbox 2217 3697 2594 3786; x_wconf 56' lang='grc' dir='ltr'><strong><em>Ῐοευεξῳιαῐη</em></strong></span> <span class='ocrx_word' id='word_1_544' title='bbox 2612 3712 2709 3769; x_wconf 87' lang='lat' dir='ltr'><strong><em>ille</em></strong></span> <span class='ocrx_word' id='word_1_545' title='bbox 2725 3713 2824 3784; x_wconf 89' lang='lat' dir='ltr'><strong><em>qui</em></strong></span> <span class='ocrx_word' id='word_1_546' title='bbox 2844 3697 3174 3793; x_wconf 79' lang='lat' dir='ltr'><strong><em>iniquitatis</em></strong></span> <span class='ocrx_word' id='word_1_547' title='bbox 3202 3697 3668 3784; x_wconf 70' lang='lat' dir='ltr'><strong><em>inventor&#39;atque</em></strong></span> <span class='ocrx_word' id='word_1_548' title='bbox 3692 3727 3890 3793; x_wconf 61' lang='lat' dir='ltr'><strong><em>gemu-</em></strong></span> 
     </span>
    </p>
   </div>
   <div class='ocr_carea' id='block_1_85' title="bbox 2216 3787 3403 3870">
    <p class='ocr_par' dir='ltr' id='par_1_85' title="bbox 2216 3787 3403 3870">
     <span class='ocr_line' id='line_1_85' title="bbox 2216 3787 3403 3870; baseline -0.004 -11"><span class='ocrx_word' id='word_1_549' title='bbox 2216 3803 2365 3860; x_wconf 84' lang='lat' dir='ltr'><strong><em>lator</em></strong></span> <span class='ocrx_word' id='word_1_550' title='bbox 2394 3808 2483 3860; x_wconf 89' lang='lat' dir='ltr'><strong><em>est</em></strong></span> <span class='ocrx_word' id='word_1_551' title='bbox 2511 3793 2860 3870; x_wconf 80' lang='lat' dir='ltr'><strong><em>sanctitatis,</em></strong></span> <span class='ocrx_word' id='word_1_552' title='bbox 2898 3801 2955 3859; x_wconf 88' lang='lat' dir='ltr'><strong><em>id</em></strong></span> <span class='ocrx_word' id='word_1_553' title='bbox 2987 3787 3078 3857; x_wconf 87' lang='lat' dir='ltr'><strong><em>est</em></strong></span> <span class='ocrx_word' id='word_1_554' title='bbox 3106 3799 3403 3858; x_wconf 87' lang='lat' dir='ltr'><strong><em>diabolus.</em></strong></span> 
     </span>
    </p>
   </div>
   <div class='ocr_carea' id='block_1_86' title="bbox 2212 3889 3764 3966">
    <p class='ocr_par' dir='ltr' id='par_1_86' title="bbox 2212 3889 3764 3966">
     <span class='ocr_line' id='line_1_86' title="bbox 2212 3889 3764 3966; baseline 0.014 -23"><span class='ocrx_word' id='word_1_555' title='bbox 2212 3895 2248 3948; x_wconf 90' lang='lat'><strong>2</strong></span> <span class='ocrx_word' id='word_1_556' title='bbox 2323 3892 2463 3962; x_wconf 84' lang='lat' dir='ltr'><strong><em>Quia</em></strong></span> <span class='ocrx_word' id='word_1_557' title='bbox 2494 3895 2554 3947; x_wconf 82' lang='lat' dir='ltr'><strong><em>tu</em></strong></span> <span class='ocrx_word' id='word_1_558' title='bbox 2581 3908 2636 3948; x_wconf 86' lang='lat' dir='ltr'><strong><em>es</em></strong></span> <span class='ocrx_word' id='word_1_559' title='bbox 2666 3891 2829 3958; x_wconf 82' lang='lat' dir='ltr'><strong><em>Dvus,</em></strong></span> <span class='ocrx_word' id='word_1_560' title='bbox 2859 3889 3124 3962; x_wconf 78' lang='lat' dir='ltr'><strong><em>fortitudo</em></strong></span> <span class='ocrx_word' id='word_1_561' title='bbox 3153 3905 3274 3945; x_wconf 86' lang='lat' dir='ltr'><strong><em>mea</em></strong></span> <span class='ocrx_word' id='word_1_562' title='bbox 3305 3905 3318 3944; x_wconf 89' lang='lat'><strong>:</strong></span> <span class='ocrx_word' id='word_1_563' title='bbox 3619 3959 3626 3966; x_wconf 69' lang='grc'><em>,</em></span> <span class='ocrx_word' id='word_1_564' title='bbox 3757 3957 3764 3964; x_wconf 89' lang='grc'>.</span> 
     </span>
    </p>
   </div>
   <div class='ocr_carea' id='block_1_87' title="bbox 2319 3966 3887 4052">
    <p class='ocr_par' dir='ltr' id='par_1_87' title="bbox 2319 3966 3887 4052">
     <span class='ocr_line' id='line_1_87' title="bbox 2319 3966 3887 4052; baseline -0.002 -16"><span class='ocrx_word' id='word_1_565' title='bbox 2319 3973 2498 4051; x_wconf 77' lang='lat' dir='ltr'><strong><em>Quare</em></strong></span> <span class='ocrx_word' id='word_1_566' title='bbox 2536 3966 2629 4036; x_wconf 46' lang='lat' dir='ltr'><strong><em>&#39;mc</em></strong></span> <span class='ocrx_word' id='word_1_567' title='bbox 2671 3979 2941 4052; x_wconf 81' lang='lat' dir='ltr'><strong><em>repulisti,</em></strong></span> <span class='ocrx_word' id='word_1_568' title='bbox 2993 3995 3164 4052; x_wconf 86' lang='lat' dir='ltr'><strong><em>quare</em></strong></span> <span class='ocrx_word' id='word_1_569' title='bbox 3219 3978 3392 4034; x_wconf 76' lang='lat' dir='ltr'><strong><em>tristis</em></strong></span> <span class='ocrx_word' id='word_1_570' title='bbox 3453 3977 3640 4033; x_wconf 76' lang='lat' dir='ltr'><strong><em>incedo</em></strong></span> <span class='ocrx_word' id='word_1_571' title='bbox 3674 3993 3690 4033; x_wconf 89' lang='lat'><strong>:</strong></span> <span class='ocrx_word' id='word_1_572' title='bbox 3734 3975 3887 4033; x_wconf 85' lang='lat' dir='ltr'><strong><em>dum</em></strong></span> 
     </span>
    </p>
   </div>
   <div class='ocr_carea' id='block_1_88' title="bbox 2418 4059 3440 4148">
    <p class='ocr_par' dir='ltr' id='par_1_88' title="bbox 2418 4059 3440 4148">
     <span class='ocr_line' id='line_1_88' title="bbox 2418 4059 3440 4148; baseline -0.002 -23"><span class='ocrx_word' id='word_1_573' title='bbox 2418 4063 2627 4143; x_wconf 80' lang='lat' dir='ltr'><strong><em>afﬂigit</em></strong></span> <span class='ocrx_word' id='word_1_574' title='bbox 2657 4085 2744 4125; x_wconf 89' lang='lat' dir='ltr'><strong><em>me</em></strong></span> <span class='ocrx_word' id='word_1_575' title='bbox 2771 4059 3031 4125; x_wconf 79' lang='lat' dir='ltr'><strong><em>inimicus</em></strong></span> <span class='ocrx_word' id='word_1_576' title='bbox 3047 4071 3090 4148; x_wconf 35' lang='grc' dir='ltr'><strong><em>Ρ.</em></strong></span> <span class='ocrx_word' id='word_1_577' title='bbox 3123 4144 3132 4148; x_wconf 87' lang='lat'>_</span> <span class='ocrx_word' id='word_1_578' title='bbox 3435 4141 3440 4146; x_wconf 19' lang='lat'><strong><em>‘</em></strong></span> 
     </span>
    </p>
   </div>
   <div class='ocr_carea' id='block_1_89' title="bbox 2282 4144 3888 4230">
    <p class='ocr_par' dir='ltr' id='par_1_89' title="bbox 2282 4144 3888 4230">
     <span class='ocr_line' id='line_1_89' title="bbox 2282 4144 3888 4230; baseline -0.001 -16"><span class='ocrx_word' id='word_1_579' title='bbox 2282 4155 2330 4214; x_wconf 88' lang='lat' dir='ltr'>H</span> <span class='ocrx_word' id='word_1_580' title='bbox 2358 4157 2488 4216; x_wconf 92' lang='lat' dir='ltr'><strong><em>Scio</em></strong></span> <span class='ocrx_word' id='word_1_581' title='bbox 2520 4175 2612 4214; x_wconf 87' lang='lat' dir='ltr'><strong><em>me</em></strong></span> <span class='ocrx_word' id='word_1_582' title='bbox 2642 4147 2944 4214; x_wconf 83' lang='lat' dir='ltr'><strong><em>inﬁrmum</em></strong></span> <span class='ocrx_word' id='word_1_583' title='bbox 2981 4161 3046 4214; x_wconf 89' lang='lat' dir='ltr'><strong><em>et</em></strong></span> <span class='ocrx_word' id='word_1_584' title='bbox 3067 4144 3355 4230; x_wconf 65' lang='lat' dir='ltr'><strong><em>fragilem,</em></strong></span> <span class='ocrx_word' id='word_1_585' title='bbox 3387 4144 3494 4212; x_wconf 87' lang='lat' dir='ltr'><strong><em>nec</em></strong></span> <span class='ocrx_word' id='word_1_586' title='bbox 3525 4151 3713 4211; x_wconf 74' lang='lat' dir='ltr'><strong><em>sentio</em></strong></span> <span class='ocrx_word' id='word_1_587' title='bbox 3777 4172 3888 4213; x_wconf 85' lang='lat' dir='ltr'><strong><em>me</em></strong></span> 
     </span>
    </p>
   </div>
   <div class='ocr_carea' id='block_1_90' title="bbox 2210 4235 3886 4320">
    <p class='ocr_par' dir='ltr' id='par_1_90' title="bbox 2210 4235 3886 4320">
     <span class='ocr_line' id='line_1_90' title="bbox 2210 4235 3886 4320; baseline -0.002 -16"><span class='ocrx_word' id='word_1_588' title='bbox 2210 4247 2426 4304; x_wconf 87' lang='lat' dir='ltr'><strong><em>habere</em></strong></span> <span class='ocrx_word' id='word_1_589' title='bbox 2455 4245 2714 4320; x_wconf 85' lang='lat' dir='ltr'><strong><em>aliquam</em></strong></span> <span class='ocrx_word' id='word_1_590' title='bbox 2748 4235 3151 4302; x_wconf 80' lang='lat' dir='ltr'><strong><em>fortitudinem</em></strong></span> <span class='ocrx_word' id='word_1_591' title='bbox 3182 4261 3300 4318; x_wconf 89' lang='lat' dir='ltr'><strong><em>qua</em></strong></span> <span class='ocrx_word' id='word_1_592' title='bbox 3327 4261 3520 4312; x_wconf 89' lang='lat' dir='ltr'><strong><em>eruar,</em></strong></span> <span class='ocrx_word' id='word_1_593' title='bbox 3553 4242 3668 4300; x_wconf 90' lang='lat' dir='ltr'><strong><em>nisi</em></strong></span> <span class='ocrx_word' id='word_1_594' title='bbox 3682 4247 3749 4299; x_wconf 89' lang='lat' dir='ltr'><strong><em>tu</em></strong></span> <span class='ocrx_word' id='word_1_595' title='bbox 3774 4261 3886 4300; x_wconf 85' lang='lat' dir='ltr'><strong><em>me</em></strong></span> 
     </span>
    </p>
   </div>
   <div class='ocr_carea' id='block_1_91' title="bbox 2209 4321 3887 4408">
    <p class='ocr_par' dir='ltr' id='par_1_91' title="bbox 2209 4321 3887 4408">
     <span class='ocr_line' id='line_1_91' title="bbox 2209 4321 3887 4408; baseline -0.001 -17"><span class='ocrx_word' id='word_1_596' title='bbox 2209 4331 2721 4392; x_wconf 86' lang='lat' dir='ltr'><strong><em>saIvaveris.Tunc</em></strong></span> <span class='ocrx_word' id='word_1_597' title='bbox 2752 4353 2858 4391; x_wconf 90' lang='lat' dir='ltr'><strong><em>nos</em></strong></span> <span class='ocrx_word' id='word_1_598' title='bbox 2881 4321 3110 4408; x_wconf 80' lang='lat' dir='ltr'><strong><em>repellit</em></strong></span> <span class='ocrx_word' id='word_1_599' title='bbox 3132 4333 3572 4402; x_wconf 88' lang='lat' dir='ltr'><strong><em>Christus,cum</em></strong></span> <span class='ocrx_word' id='word_1_600' title='bbox 3597 4347 3887 4403; x_wconf 82' lang='lat' dir='ltr'><strong><em>peccave-</em></strong></span> 
     </span>
    </p>
   </div>
   <div class='ocr_carea' id='block_1_92' title="bbox 2207 4421 3884 4497">
    <p class='ocr_par' dir='ltr' id='par_1_92' title="bbox 2207 4421 3884 4497">
     <span class='ocr_line' id='line_1_92' title="bbox 2207 4421 3884 4497; baseline -0.001 -17"><span class='ocrx_word' id='word_1_601' title='bbox 2207 4424 2415 4480; x_wconf 87' lang='lat' dir='ltr'><strong><em>rimus.</em></strong></span> <span class='ocrx_word' id='word_1_602' title='bbox 2444 4425 2654 4482; x_wconf 89' lang='lat' dir='ltr'><strong><em>Tristis</em></strong></span> <span class='ocrx_word' id='word_1_603' title='bbox 2688 4424 2913 4490; x_wconf 89' lang='lat' dir='ltr'><strong><em>incedo,</em></strong></span> <span class='ocrx_word' id='word_1_604' title='bbox 2945 4427 3185 4497; x_wconf 91' lang='lat' dir='ltr'><strong><em>propter</em></strong></span> <span class='ocrx_word' id='word_1_605' title='bbox 3210 4426 3450 4496; x_wconf 87' lang='lat' dir='ltr'><strong><em>peccata</em></strong></span> <span class='ocrx_word' id='word_1_606' title='bbox 3477 4437 3627 4478; x_wconf 85' lang='lat' dir='ltr'><strong><em>mea.</em></strong></span> <span class='ocrx_word' id='word_1_607' title='bbox 3644 4421 3718 4476; x_wconf 89' lang='lat' dir='ltr'><strong><em>Et</em></strong></span> <span class='ocrx_word' id='word_1_608' title='bbox 3736 4421 3884 4479; x_wconf 89' lang='lat' dir='ltr'><strong><em>ideo</em></strong></span> 
     </span>
    </p>
   </div>
   <div class='ocr_carea' id='block_1_93' title="bbox 2209 4509 3884 4588">
    <p class='ocr_par' dir='ltr' id='par_1_93' title="bbox 2209 4509 3884 4588">
     <span class='ocr_line' id='line_1_93' title="bbox 2209 4509 3884 4588; baseline -0.001 -18"><span class='ocrx_word' id='word_1_609' title='bbox 2209 4512 2438 4588; x_wconf 77' lang='lat' dir='ltr'><strong><em>aiiligor</em></strong></span> <span class='ocrx_word' id='word_1_610' title='bbox 2464 4513 2526 4569; x_wconf 88' lang='lat' dir='ltr'><strong><em>in</em></strong></span> <span class='ocrx_word' id='word_1_611' title='bbox 2551 4511 2974 4569; x_wconf 87' lang='lat' dir='ltr'><strong><em>tentationibus</em></strong></span> <span class='ocrx_word' id='word_1_612' title='bbox 3003 4511 3183 4568; x_wconf 88' lang='lat' dir='ltr'><strong><em>variis</em></strong></span> <span class='ocrx_word' id='word_1_613' title='bbox 3215 4511 3288 4568; x_wconf 84' lang='lat' dir='ltr'><strong><em>ab</em></strong></span> <span class='ocrx_word' id='word_1_614' title='bbox 3319 4509 3558 4566; x_wconf 91' lang='lat' dir='ltr'><strong><em>inimico</em></strong></span> <span class='ocrx_word' id='word_1_615' title='bbox 3605 4509 3884 4580; x_wconf 89' lang='lat' dir='ltr'><strong><em>diabolo,</em></strong></span> 
     </span>
    </p>
   </div>
   <div class='ocr_carea' id='block_1_94' title="bbox 514 4573 3887 4685">
    <p class='ocr_par' dir='ltr' id='par_1_94' title="bbox 514 4573 3887 4685">
     <span class='ocr_line' id='line_1_94' title="bbox 514 4573 3887 4685; baseline 0.002 -35"><span class='ocrx_word' id='word_1_616' title='bbox 514 4573 560 4650; x_wconf 66' lang='lat' dir='ltr'><strong><em>il</em></strong></span> <span class='ocrx_word' id='word_1_617' title='bbox 593 4590 746 4678; x_wconf 80' lang='lat' dir='ltr'><strong><em>Dum</em></strong></span> <span class='ocrx_word' id='word_1_618' title='bbox 767 4573 993 4685; x_wconf 62' lang='lat' dir='ltr'><strong><em>dicitur</em></strong></span> <span class='ocrx_word' id='word_1_619' title='bbox 1023 4594 1167 4650; x_wconf 88' lang='lat' dir='ltr'><strong><em>mihi</em></strong></span> <span class='ocrx_word' id='word_1_620' title='bbox 1197 4612 1300 4668; x_wconf 91' lang='lat' dir='ltr'><strong><em>per</em></strong></span> <span class='ocrx_word' id='word_1_621' title='bbox 1328 4595 1593 4669; x_wconf 86' lang='lat' dir='ltr'><strong><em>singulos</em></strong></span> <span class='ocrx_word' id='word_1_622' title='bbox 1614 4598 1832 4668; x_wconf 91' lang='lat' dir='ltr'><strong><em>dies,ac</em></strong></span> <span class='ocrx_word' id='word_1_623' title='bbox 1862 4600 1912 4655; x_wconf 88' lang='lat' dir='ltr'><strong><em>si</em></strong></span> <span class='ocrx_word' id='word_1_624' title='bbox 1939 4600 2096 4658; x_wconf 88' lang='lat' dir='ltr'><strong><em>dicat</em></strong></span> <span class='ocrx_word' id='word_1_625' title='bbox 2127 4621 2172 4685; x_wconf 70' lang='grc' dir='ltr'><strong><em>ι)</em></strong></span> <span class='ocrx_word' id='word_1_626' title='bbox 2203 4602 2304 4674; x_wconf 89' lang='lat' dir='ltr'><strong><em>qui</em></strong></span> <span class='ocrx_word' id='word_1_627' title='bbox 2332 4573 2608 4676; x_wconf 70' lang='lat' dir='ltr'><strong><em>superius</em></strong></span> <span class='ocrx_word' id='word_1_628' title='bbox 2629 4601 2804 4658; x_wconf 89' lang='lat' dir='ltr'><strong><em>homo</em></strong></span> <span class='ocrx_word' id='word_1_629' title='bbox 2824 4592 3062 4674; x_wconf 85' lang='lat' dir='ltr'><strong><em>iniquus</em></strong></span> <span class='ocrx_word' id='word_1_630' title='bbox 3087 4589 3283 4657; x_wconf 90' lang='lat' dir='ltr'><strong><em>dictus</em></strong></span> <span class='ocrx_word' id='word_1_631' title='bbox 3305 4604 3414 4681; x_wconf 83' lang='lat' dir='ltr'><strong><em>est.</em></strong></span> <span class='ocrx_word' id='word_1_632' title='bbox 3436 4597 3601 4656; x_wconf 90' lang='lat' dir='ltr'><strong><em>Unde</em></strong></span> <span class='ocrx_word' id='word_1_633' title='bbox 3619 4573 3887 4671; x_wconf 75' lang='lat' dir='ltr'><strong><em>quiame</em></strong></span> 
     </span>
    </p>
   </div>
   <div class='ocr_carea' id='block_1_95' title="bbox 440 4681 3884 4762">
    <p class='ocr_par' dir='ltr' id='par_1_95' title="bbox 440 4681 3884 4762">
     <span class='ocr_line' id='line_1_95' title="bbox 440 4681 3884 4762; baseline 0.001 -22"><span class='ocrx_word' id='word_1_634' title='bbox 440 4687 682 4740; x_wconf 87' lang='lat' dir='ltr'><strong><em>sanctus</em></strong></span> <span class='ocrx_word' id='word_1_635' title='bbox 713 4683 784 4739; x_wconf 88' lang='lat' dir='ltr'><strong><em>ad</em></strong></span> <span class='ocrx_word' id='word_1_636' title='bbox 818 4681 1136 4739; x_wconf 85' lang='lat' dir='ltr'><strong><em>Christum.</em></strong></span> <span class='ocrx_word' id='word_1_637' title='bbox 1171 4687 1312 4739; x_wconf 90' lang='lat' dir='ltr'><strong><em>Cum</em></strong></span> <span class='ocrx_word' id='word_1_638' title='bbox 1343 4701 1448 4757; x_wconf 90' lang='lat' dir='ltr'><strong><em>ego</em></strong></span> <span class='ocrx_word' id='word_1_639' title='bbox 1475 4689 1530 4740; x_wconf 90' lang='lat' dir='ltr'><strong><em>te</em></strong></span> <span class='ocrx_word' id='word_1_640' title='bbox 1559 4703 1664 4757; x_wconf 89' lang='lat' dir='ltr'><strong><em>per</em></strong></span> <span class='ocrx_word' id='word_1_641' title='bbox 1695 4687 2095 4759; x_wconf 85' lang='lat' dir='ltr'><strong><em>paenitentiam</em></strong></span> <span class='ocrx_word' id='word_1_642' title='bbox 2127 4681 2161 4685; x_wconf 55' lang='grc'><strong><em>”</em></strong></span> <span class='ocrx_word' id='word_1_643' title='bbox 2207 4685 2561 4747; x_wconf 84' lang='lat' dir='ltr'><strong><em>conturbant</em></strong></span> <span class='ocrx_word' id='word_1_644' title='bbox 2590 4689 2841 4747; x_wconf 83' lang='lat' dir='ltr'><strong><em>tenebrae</em></strong></span> <span class='ocrx_word' id='word_1_645' title='bbox 2873 4694 3271 4762; x_wconf 85' lang='lat' dir='ltr'><strong><em>peccatorum,</em></strong></span> <span class='ocrx_word' id='word_1_646' title='bbox 3302 4687 3375 4745; x_wconf 89' lang='lat' dir='ltr'><strong><em>ad</em></strong></span> <span class='ocrx_word' id='word_1_647' title='bbox 3404 4691 3462 4744; x_wconf 87' lang='lat' dir='ltr'><strong><em>te</em></strong></span> <span class='ocrx_word' id='word_1_648' title='bbox 3508 4685 3612 4760; x_wconf 90' lang='lat' dir='ltr'><strong><em>qui</em></strong></span> <span class='ocrx_word' id='word_1_649' title='bbox 3660 4685 3766 4742; x_wconf 80' lang='lat' dir='ltr'><strong><em>lux</em></strong></span> <span class='ocrx_word' id='word_1_650' title='bbox 3810 4703 3884 4744; x_wconf 86' lang='lat' dir='ltr'><strong><em>es</em></strong></span> 
     </span>
    </p>
   </div>
   <div class='ocr_carea' id='block_1_96' title="bbox 437 4761 2095 4850">
    <p class='ocr_par' dir='ltr' id='par_1_96' title="bbox 437 4761 2095 4850">
     <span class='ocr_line' id='line_1_96' title="bbox 437 4761 2095 4850; baseline 0.004 -20"><span class='ocrx_word' id='word_1_651' title='bbox 437 4777 495 4830; x_wconf 87' lang='lat' dir='ltr'><strong><em>et</em></strong></span> <span class='ocrx_word' id='word_1_652' title='bbox 515 4761 894 4850; x_wconf 72' lang='lat' dir='ltr'><strong><em>afflictionem</em></strong></span> <span class='ocrx_word' id='word_1_653' title='bbox 924 4773 1183 4850; x_wconf 89' lang='lat' dir='ltr'><strong><em>corporis</em></strong></span> <span class='ocrx_word' id='word_1_654' title='bbox 1208 4771 1557 4846; x_wconf 69' lang='lat' dir='ltr'><strong><em>animmque,</em></strong></span> <span class='ocrx_word' id='word_1_655' title='bbox 1588 4774 1837 4844; x_wconf 89' lang='lat' dir='ltr'><strong><em>Christe,</em></strong></span> <span class='ocrx_word' id='word_1_656' title='bbox 1864 4776 2095 4850; x_wconf 87' lang='lat' dir='ltr'><strong><em>placare</em></strong></span> 
     </span>
    </p>
   </div>
   <div class='ocr_carea' id='block_1_97' title="bbox 435 4847 2093 4935">
    <p class='ocr_par' dir='ltr' id='par_1_97' title="bbox 435 4847 2093 4935">
     <span class='ocr_line' id='line_1_97' title="bbox 435 4847 2093 4935; baseline 0.004 -16"><span class='ocrx_word' id='word_1_657' title='bbox 435 4847 1080 4930; x_wconf 55' lang='lat' dir='ltr'><strong><em>desidéraremﬁnimici</em></strong></span> <span class='ocrx_word' id='word_1_658' title='bbox 1113 4861 1224 4918; x_wconf 91' lang='lat' dir='ltr'><strong><em>mei</em></strong></span> <span class='ocrx_word' id='word_1_659' title='bbox 1254 4862 1422 4935; x_wconf 89' lang='lat' dir='ltr'><strong><em>quasi</em></strong></span> <span class='ocrx_word' id='word_1_660' title='bbox 1447 4861 1745 4919; x_wconf 87' lang='lat' dir='ltr'><strong><em>incassum</em></strong></span> <span class='ocrx_word' id='word_1_661' title='bbox 1771 4847 1882 4922; x_wconf 79' lang='lat' dir='ltr'><strong><em>hoc</em></strong></span> <span class='ocrx_word' id='word_1_662' title='bbox 1906 4867 2093 4926; x_wconf 86' lang='lat' dir='ltr'><strong><em>facere</em></strong></span> 
     </span>
    </p>
   </div>
   <div class='ocr_carea' id='block_1_98' title="bbox 438 4939 2093 5029">
    <p class='ocr_par' dir='ltr' id='par_1_98' title="bbox 438 4939 2093 5029">
     <span class='ocr_line' id='line_1_98' title="bbox 438 4939 2093 5029; baseline 0.004 -22"><span class='ocrx_word' id='word_1_663' title='bbox 438 4967 530 5007; x_wconf 91' lang='lat' dir='ltr'><strong><em>me</em></strong></span> <span class='ocrx_word' id='word_1_664' title='bbox 559 4939 853 5017; x_wconf 87' lang='lat' dir='ltr'><strong><em>dicebant,</em></strong></span> <span class='ocrx_word' id='word_1_665' title='bbox 887 4951 1265 5009; x_wconf 81' lang='lat' dir='ltr'><strong><em>aienteszUbi</em></strong></span> <span class='ocrx_word' id='word_1_666' title='bbox 1296 4951 1554 5008; x_wconf 90' lang='lat' dir='ltr'><strong><em>estDeus</em></strong></span> <span class='ocrx_word' id='word_1_667' title='bbox 1573 4955 1713 5009; x_wconf 89' lang='lat' dir='ltr'><strong><em>tuus</em></strong></span> <span class='ocrx_word' id='word_1_668' title='bbox 1733 4955 2040 5029; x_wconf 77' lang='lat' dir='ltr'><strong><em>(Isai.r.xw)</em></strong></span> <span class='ocrx_word' id='word_1_669' title='bbox 2064 4958 2093 5014; x_wconf 87' lang='lat'><strong>?</strong></span> 
     </span>
    </p>
   </div>
   <div class='ocr_carea' id='block_1_99' title="bbox 437 5041 2093 5119">
    <p class='ocr_par' dir='ltr' id='par_1_99' title="bbox 437 5041 2093 5119">
     <span class='ocr_line' id='line_1_99' title="bbox 437 5041 2093 5119; baseline 0.004 -24"><span class='ocrx_word' id='word_1_670' title='bbox 437 5041 761 5098; x_wconf 86' lang='lat' dir='ltr'><strong><em>nescientes</em></strong></span> <span class='ocrx_word' id='word_1_671' title='bbox 792 5041 894 5097; x_wconf 89' lang='lat' dir='ltr'><strong><em>illa</em></strong></span> <span class='ocrx_word' id='word_1_672' title='bbox 914 5041 1142 5098; x_wconf 86' lang='lat' dir='ltr'><strong><em>occulta</em></strong></span> <span class='ocrx_word' id='word_1_673' title='bbox 1162 5060 1290 5114; x_wconf 79' lang='lat' dir='ltr'><strong><em>quae</em></strong></span> <span class='ocrx_word' id='word_1_674' title='bbox 1309 5041 1656 5114; x_wconf 66' lang='lat' dir='ltr'><strong><em>prieparavit</em></strong></span> <span class='ocrx_word' id='word_1_675' title='bbox 1673 5042 1829 5100; x_wconf 89' lang='lat' dir='ltr'><strong><em>Deus</em></strong></span> <span class='ocrx_word' id='word_1_676' title='bbox 1849 5044 2093 5119; x_wconf 89' lang='lat' dir='ltr'><strong><em>diligen-</em></strong></span> 
     </span>
    </p>
   </div>
   <div class='ocr_carea' id='block_1_100' title="bbox 437 5127 2089 5210">
    <p class='ocr_par' dir='ltr' id='par_1_100' title="bbox 437 5127 2089 5210">
     <span class='ocr_line' id='line_1_100' title="bbox 437 5127 2089 5210; baseline 0.007 -28"><span class='ocrx_word' id='word_1_677' title='bbox 437 5127 594 5184; x_wconf 90' lang='lat' dir='ltr'><strong><em>tibus</em></strong></span> <span class='ocrx_word' id='word_1_678' title='bbox 625 5145 705 5186; x_wconf 92' lang='lat' dir='ltr'><strong><em>se.</em></strong></span> <span class='ocrx_word' id='word_1_679' title='bbox 739 5134 779 5185; x_wconf 90' lang='lat' dir='ltr'><strong><em>C</em></strong></span> <span class='ocrx_word' id='word_1_680' title='bbox 808 5129 910 5186; x_wconf 90' lang='lat' dir='ltr'><strong><em>Vel</em></strong></span> <span class='ocrx_word' id='word_1_681' title='bbox 963 5131 1073 5210; x_wconf 83' lang='lat' dir='ltr'><strong><em>hoc</em></strong></span> <span class='ocrx_word' id='word_1_682' title='bbox 1106 5132 1309 5186; x_wconf 78' lang='lat' dir='ltr'><strong><em>dicunt</em></strong></span> <span class='ocrx_word' id='word_1_683' title='bbox 1355 5129 1414 5186; x_wconf 91' lang='lat' dir='ltr'><strong><em>in</em></strong></span> <span class='ocrx_word' id='word_1_684' title='bbox 1463 5129 1737 5204; x_wconf 87' lang='lat' dir='ltr'><strong><em>passione</em></strong></span> <span class='ocrx_word' id='word_1_685' title='bbox 1783 5139 2089 5208; x_wconf 85' lang='lat' dir='ltr'><strong><em>martyres,</em></strong></span> 
     </span>
    </p>
   </div>
   <div class='ocr_carea' id='block_1_101' title="bbox 435 5215 2093 5292">
    <p class='ocr_par' dir='ltr' id='par_1_101' title="bbox 435 5215 2093 5292">
     <span class='ocr_line' id='line_1_101' title="bbox 435 5215 2093 5292; baseline 0.006 -22"><span class='ocrx_word' id='word_1_686' title='bbox 435 5217 588 5288; x_wconf 87' lang='lat' dir='ltr'><strong><em>quod</em></strong></span> <span class='ocrx_word' id='word_1_687' title='bbox 605 5215 794 5290; x_wconf 87' lang='lat' dir='ltr'><strong><em>ipsisa</em></strong></span> <span class='ocrx_word' id='word_1_688' title='bbox 807 5219 1280 5291; x_wconf 82' lang='lat' dir='ltr'><strong><em>persecutoribus</em></strong></span> <span class='ocrx_word' id='word_1_689' title='bbox 1295 5219 1724 5292; x_wconf 88' lang='lat' dir='ltr'><strong><em>improperetur</em></strong></span> <span class='ocrx_word' id='word_1_690' title='bbox 1737 5221 1833 5276; x_wconf 91' lang='lat' dir='ltr'><strong><em>ubi</em></strong></span> <span class='ocrx_word' id='word_1_691' title='bbox 1849 5221 1925 5278; x_wconf 91' lang='lat' dir='ltr'><strong><em>sit</em></strong></span> <span class='ocrx_word' id='word_1_692' title='bbox 1941 5227 2093 5280; x_wconf 93' lang='lat' dir='ltr'><strong><em>Deus</em></strong></span> 
     </span>
    </p>
   </div>
   <div class='ocr_carea' id='block_1_102' title="bbox 433 5305 2090 5380">
    <p class='ocr_par' dir='ltr' id='par_1_102' title="bbox 433 5305 2090 5380">
     <span class='ocr_line' id='line_1_102' title="bbox 433 5305 2090 5380; baseline 0.005 -21"><span class='ocrx_word' id='word_1_693' title='bbox 433 5318 658 5361; x_wconf 85' lang='lat' dir='ltr'><strong><em>eorum.</em></strong></span> <span class='ocrx_word' id='word_1_694' title='bbox 690 5305 735 5360; x_wconf 85' lang='grc' dir='ltr'><em>Η</em></span> <span class='ocrx_word' id='word_1_695' title='bbox 767 5308 956 5370; x_wconf 86' lang='lat' dir='ltr'><strong><em>Quare</em></strong></span> <span class='ocrx_word' id='word_1_696' title='bbox 994 5307 1182 5364; x_wconf 89' lang='lat' dir='ltr'><strong><em>tristis</em></strong></span> <span class='ocrx_word' id='word_1_697' title='bbox 1212 5325 1296 5378; x_wconf 87' lang='lat' dir='ltr'><strong><em>es,</em></strong></span> <span class='ocrx_word' id='word_1_698' title='bbox 1329 5308 1469 5380; x_wconf 84' lang='lat' dir='ltr'><strong><em>quia</em></strong></span> <span class='ocrx_word' id='word_1_699' title='bbox 1500 5326 1695 5364; x_wconf 89' lang='lat' dir='ltr'><strong><em>meum</em></strong></span> <span class='ocrx_word' id='word_1_700' title='bbox 1729 5309 2090 5368; x_wconf 89' lang='lat' dir='ltr'><strong><em>desiderium</em></strong></span> 
     </span>
    </p>
   </div>
   <div class='ocr_carea' id='block_1_103' title="bbox 431 5391 2085 5467">
    <p class='ocr_par' dir='ltr' id='par_1_103' title="bbox 431 5391 2085 5467">
     <span class='ocr_line' id='line_1_103' title="bbox 431 5391 2085 5467; baseline 0.005 -20"><span class='ocrx_word' id='word_1_701' title='bbox 431 5391 829 5467; x_wconf 83' lang='lat' dir='ltr'><strong><em>prolongatur.</em></strong></span> <span class='ocrx_word' id='word_1_702' title='bbox 869 5393 1128 5466; x_wconf 79' lang='lat' dir='ltr'><strong><em>Repetita</em></strong></span> <span class='ocrx_word' id='word_1_703' title='bbox 1157 5396 1502 5452; x_wconf 82' lang='lat' dir='ltr'><strong><em>confortatio</em></strong></span> <span class='ocrx_word' id='word_1_704' title='bbox 1532 5402 1621 5452; x_wconf 89' lang='lat' dir='ltr'><strong><em>est</em></strong></span> <span class='ocrx_word' id='word_1_705' title='bbox 1649 5403 1854 5455; x_wconf 87' lang='lat' dir='ltr'><strong><em>contra</em></strong></span> <span class='ocrx_word' id='word_1_706' title='bbox 1898 5400 2085 5457; x_wconf 87' lang='lat' dir='ltr'><strong><em>tribu-</em></strong></span> 
     </span>
    </p>
   </div>
   <div class='ocr_carea' id='block_1_104' title="bbox 431 5479 1059 5556">
    <p class='ocr_par' dir='ltr' id='par_1_104' title="bbox 431 5479 1059 5556">
     <span class='ocr_line' id='line_1_104' title="bbox 431 5479 1059 5556; baseline 0.003 -21"><span class='ocrx_word' id='word_1_707' title='bbox 431 5479 677 5538; x_wconf 86' lang='lat' dir='ltr'><strong><em>lationes</em></strong></span> <span class='ocrx_word' id='word_1_708' title='bbox 705 5485 1059 5556; x_wconf 84' lang='lat' dir='ltr'><strong><em>frequentes.</em></strong></span> 
     </span>
    </p>
   </div>
   <div class='ocr_carea' id='block_1_105' title="bbox 429 5568 2075 5648">
    <p class='ocr_par' dir='ltr' id='par_1_105' title="bbox 429 5568 2075 5648">
     <span class='ocr_line' id='line_1_105' title="bbox 429 5568 2075 5648; baseline 0.005 -22"><span class='ocrx_word' id='word_1_709' title='bbox 429 5571 497 5626; x_wconf 87' lang='grc'><strong><em>16</em></strong></span> <span class='ocrx_word' id='word_1_710' title='bbox 569 5572 743 5645; x_wconf 79' lang='lat' dir='ltr'><strong><em>Spera</em></strong></span> <span class='ocrx_word' id='word_1_711' title='bbox 773 5574 831 5629; x_wconf 81' lang='lat' dir='ltr'><strong><em>in</em></strong></span> <span class='ocrx_word' id='word_1_712' title='bbox 856 5575 966 5630; x_wconf 82' lang='lat' dir='ltr'><strong><em>Deo</em></strong></span> <span class='ocrx_word' id='word_1_713' title='bbox 984 5574 1246 5646; x_wconf 77' lang='lat' dir='ltr'><strong><em>quoniam</em></strong></span> <span class='ocrx_word' id='word_1_714' title='bbox 1272 5568 1346 5647; x_wconf 61' lang='grc' dir='ltr'><strong>Ξ(</strong></span> <span class='ocrx_word' id='word_1_715' title='bbox 1371 5573 1549 5630; x_wconf 82' lang='lat' dir='ltr'><strong><em>adhuc</em></strong></span> <span class='ocrx_word' id='word_1_716' title='bbox 1581 5581 1595 5642; x_wconf 74' lang='grc' dir='ltr'>ζ</span> <span class='ocrx_word' id='word_1_717' title='bbox 1635 5578 1932 5648; x_wconf 77' lang='lat' dir='ltr'><strong><em>conﬁtebor</em></strong></span> <span class='ocrx_word' id='word_1_718' title='bbox 1951 5579 2075 5635; x_wconf 82' lang='lat' dir='ltr'><strong><em>illi:</em></strong></span> 
     </span>
    </p>
   </div>
   <div class='ocr_carea' id='block_1_106' title="bbox 569 5661 1761 5738">
    <p class='ocr_par' dir='ltr' id='par_1_106' title="bbox 569 5661 1761 5738">
     <span class='ocr_line' id='line_1_106' title="bbox 569 5661 1761 5738; baseline 0.003 -21"><span class='ocrx_word' id='word_1_719' title='bbox 569 5661 822 5718; x_wconf 85' lang='lat' dir='ltr'><strong><em>Salutare</em></strong></span> <span class='ocrx_word' id='word_1_720' title='bbox 841 5663 1023 5718; x_wconf 81' lang='lat' dir='ltr'><strong><em>vultus</em></strong></span> <span class='ocrx_word' id='word_1_721' title='bbox 1049 5664 1160 5719; x_wconf 86' lang='lat' dir='ltr'><strong><em>mei</em></strong></span> <span class='ocrx_word' id='word_1_722' title='bbox 1273 5671 1325 5720; x_wconf 87' lang='lat' dir='ltr'><strong><em>et</em></strong></span> <span class='ocrx_word' id='word_1_723' title='bbox 1367 5670 1380 5729; x_wconf 75' lang='grc' dir='ltr'>ζ</span> <span class='ocrx_word' id='word_1_724' title='bbox 1422 5665 1562 5720; x_wconf 84' lang='lat' dir='ltr'><strong><em>Deus</em></strong></span> <span class='ocrx_word' id='word_1_725' title='bbox 1591 5681 1761 5721; x_wconf 83' lang='lat' dir='ltr'><strong><em>meus.</em></strong></span> 
     </span>
    </p>
   </div>
   <div class='ocr_carea' id='block_1_107' title="bbox 2205 4779 3008 4853">
    <p class='ocr_par' dir='ltr' id='par_1_107' title="bbox 2205 4779 3008 4853">
     <span class='ocr_line' id='line_1_107' title="bbox 2205 4779 3008 4853; baseline -0.002 -17"><span class='ocrx_word' id='word_1_726' title='bbox 2205 4779 2408 4836; x_wconf 90' lang='lat' dir='ltr'><strong><em>mundi</em></strong></span> <span class='ocrx_word' id='word_1_727' title='bbox 2435 4779 2710 4853; x_wconf 86' lang='lat' dir='ltr'><strong><em>confugio</em></strong></span> <span class='ocrx_word' id='word_1_728' title='bbox 2741 4779 3008 4852; x_wconf 83' lang='lat' dir='ltr'><strong><em>supplex.</em></strong></span> 
     </span>
    </p>
   </div>
   <div class='ocr_carea' id='block_1_108' title="bbox 2201 4868 3518 4924">
    <p class='ocr_par' dir='ltr' id='par_1_108' title="bbox 2201 4868 3518 4924">
     <span class='ocr_line' id='line_1_108' title="bbox 2201 4868 3518 4924; baseline -0.004 0"><span class='ocrx_word' id='word_1_729' title='bbox 2201 4870 2236 4924; x_wconf 90' lang='lat'><strong>3</strong></span> <span class='ocrx_word' id='word_1_730' title='bbox 2307 4869 2508 4924; x_wconf 83' lang='lat' dir='ltr'><strong><em>Emitte</em></strong></span> <span class='ocrx_word' id='word_1_731' title='bbox 2537 4869 2714 4924; x_wconf 84' lang='lat' dir='ltr'><strong><em>lucem</em></strong></span> <span class='ocrx_word' id='word_1_732' title='bbox 2744 4872 2893 4924; x_wconf 77' lang='lat' dir='ltr'><strong><em>tuam</em></strong></span> <span class='ocrx_word' id='word_1_733' title='bbox 2925 4876 2978 4924; x_wconf 89' lang='lat' dir='ltr'><strong><em>et</em></strong></span> <span class='ocrx_word' id='word_1_734' title='bbox 3005 4868 3288 4924; x_wconf 81' lang='lat' dir='ltr'><strong><em>veritatem</em></strong></span> <span class='ocrx_word' id='word_1_735' title='bbox 3313 4870 3470 4922; x_wconf 81' lang='lat' dir='ltr'><strong><em>tuam</em></strong></span> <span class='ocrx_word' id='word_1_736' title='bbox 3503 4879 3518 4920; x_wconf 90' lang='lat'><strong>:</strong></span> 
     </span>
    </p>
   </div>
   <div class='ocr_carea' id='block_1_109' title="bbox 2305 4951 3886 5030">
    <p class='ocr_par' dir='ltr' id='par_1_109' title="bbox 2305 4951 3886 5030">
     <span class='ocr_line' id='line_1_109' title="bbox 2305 4951 3886 5030; baseline -0.004 -16"><span class='ocrx_word' id='word_1_737' title='bbox 2305 4959 2430 5030; x_wconf 83' lang='lat' dir='ltr'><strong><em>Ipsa</em></strong></span> <span class='ocrx_word' id='word_1_738' title='bbox 2457 4974 2543 5014; x_wconf 87' lang='lat' dir='ltr'><strong><em>me</em></strong></span> <span class='ocrx_word' id='word_1_739' title='bbox 2571 4957 2919 5013; x_wconf 66' lang='lat' dir='ltr'><strong><em>deduxerunt</em></strong></span> <span class='ocrx_word' id='word_1_740' title='bbox 2945 4959 3000 5014; x_wconf 87' lang='lat' dir='ltr'><strong><em>ei</em></strong></span> <span class='ocrx_word' id='word_1_741' title='bbox 3027 4957 3384 5012; x_wconf 71' lang='lat' dir='ltr'><strong><em>adduxerunt</em></strong></span> <span class='ocrx_word' id='word_1_742' title='bbox 3401 4951 3464 5010; x_wconf 86' lang='lat' dir='ltr'><strong><em>in</em></strong></span> <span class='ocrx_word' id='word_1_743' title='bbox 3485 4955 3725 5010; x_wconf 84' lang='lat' dir='ltr'><strong><em>montem</em></strong></span> <span class='ocrx_word' id='word_1_744' title='bbox 3743 4969 3886 5008; x_wconf 82' lang='lat' dir='ltr'><strong><em>san-</em></strong></span> 
     </span>
    </p>
   </div>
   <div class='ocr_carea' id='block_1_110' title="bbox 2413 5045 3449 5103">
    <p class='ocr_par' dir='ltr' id='par_1_110' title="bbox 2413 5045 3449 5103">
     <span class='ocr_line' id='line_1_110' title="bbox 2413 5045 3449 5103; baseline -0.003 -2"><span class='ocrx_word' id='word_1_745' title='bbox 2413 5055 2558 5102; x_wconf 84' lang='lat' dir='ltr'><strong><em>ctum</em></strong></span> <span class='ocrx_word' id='word_1_746' title='bbox 2589 5051 2746 5102; x_wconf 80' lang='lat' dir='ltr'><strong><em>tuum</em></strong></span> <span class='ocrx_word' id='word_1_747' title='bbox 2777 5054 2828 5103; x_wconf 87' lang='lat' dir='ltr'><strong><em>et</em></strong></span> <span class='ocrx_word' id='word_1_748' title='bbox 2857 5048 2917 5102; x_wconf 82' lang='lat' dir='ltr'><strong><em>in</em></strong></span> <span class='ocrx_word' id='word_1_749' title='bbox 2948 5045 3302 5102; x_wconf 78' lang='lat' dir='ltr'><strong><em>tabernacula</em></strong></span> <span class='ocrx_word' id='word_1_750' title='bbox 3333 5051 3449 5100; x_wconf 87' lang='lat' dir='ltr'><strong><em>tua.</em></strong></span> 
     </span>
    </p>
   </div>
   <div class='ocr_carea' id='block_1_111' title="bbox 2271 5123 3876 5208">
    <p class='ocr_par' dir='ltr' id='par_1_111' title="bbox 2271 5123 3876 5208">
     <span class='ocr_line' id='line_1_111' title="bbox 2271 5123 3876 5208; baseline -0.003 -18"><span class='ocrx_word' id='word_1_751' title='bbox 2271 5135 2313 5190; x_wconf 93' lang='lat' dir='ltr'><strong><em>C</em></strong></span> <span class='ocrx_word' id='word_1_752' title='bbox 2338 5125 2490 5190; x_wconf 81' lang='lat' dir='ltr'><strong><em>Petit</em></strong></span> <span class='ocrx_word' id='word_1_753' title='bbox 2515 5135 2804 5208; x_wconf 84' lang='lat' dir='ltr'><strong><em>Propheta</em></strong></span> <span class='ocrx_word' id='word_1_754' title='bbox 2831 5139 2898 5190; x_wconf 91' lang='lat' dir='ltr'><strong><em>ut</em></strong></span> <span class='ocrx_word' id='word_1_755' title='bbox 2927 5135 3098 5191; x_wconf 85' lang='lat' dir='ltr'><strong><em>Pater</em></strong></span> <span class='ocrx_word' id='word_1_756' title='bbox 3128 5133 3322 5189; x_wconf 84' lang='lat' dir='ltr'><strong><em>mittat</em></strong></span> <span class='ocrx_word' id='word_1_757' title='bbox 3355 5127 3568 5188; x_wconf 80' lang='lat' dir='ltr'><strong><em>Filium</em></strong></span> <span class='ocrx_word' id='word_1_758' title='bbox 3598 5123 3876 5201; x_wconf 75' lang='lat' dir='ltr'><strong><em>ad&#39;jﬁdi-</em></strong></span> 
     </span>
    </p>
   </div>
   <div class='ocr_carea' id='block_1_112' title="bbox 2201 5215 3877 5296">
    <p class='ocr_par' dir='ltr' id='par_1_112' title="bbox 2201 5215 3877 5296">
     <span class='ocr_line' id='line_1_112' title="bbox 2201 5215 3877 5296; baseline -0.002 -16"><span class='ocrx_word' id='word_1_759' title='bbox 2201 5223 2479 5290; x_wconf 90' lang='lat' dir='ltr'><strong><em>candum,</em></strong></span> <span class='ocrx_word' id='word_1_760' title='bbox 2511 5223 2613 5296; x_wconf 89' lang='lat' dir='ltr'><strong><em>qui</em></strong></span> <span class='ocrx_word' id='word_1_761' title='bbox 2645 5230 2734 5280; x_wconf 89' lang='lat' dir='ltr'><strong><em>est</em></strong></span> <span class='ocrx_word' id='word_1_762' title='bbox 2753 5223 2854 5280; x_wconf 81' lang='lat' dir='ltr'><strong><em>lux</em></strong></span> <span class='ocrx_word' id='word_1_763' title='bbox 2883 5229 2938 5280; x_wconf 88' lang='lat' dir='ltr'><strong><em>et</em></strong></span> <span class='ocrx_word' id='word_1_764' title='bbox 2966 5223 3200 5290; x_wconf 87' lang='lat' dir='ltr'><strong><em>veritas,</em></strong></span> <span class='ocrx_word' id='word_1_765' title='bbox 3235 5226 3301 5278; x_wconf 87' lang='lat' dir='ltr'><strong><em>ut</em></strong></span> <span class='ocrx_word' id='word_1_766' title='bbox 3324 5221 3460 5277; x_wconf 88' lang='lat' dir='ltr'><strong><em>cum</em></strong></span> <span class='ocrx_word' id='word_1_767' title='bbox 3492 5217 3591 5276; x_wconf 90' lang='lat' dir='ltr'><strong><em>ille</em></strong></span> <span class='ocrx_word' id='word_1_768' title='bbox 3610 5215 3877 5276; x_wconf 64' lang='lat' dir='ltr'><strong><em>Venerit.</em></strong></span> 
     </span>
    </p>
   </div>
   <div class='ocr_carea' id='block_1_113' title="bbox 2199 5307 3884 5381">
    <p class='ocr_par' dir='ltr' id='par_1_113' title="bbox 2199 5307 3884 5381">
     <span class='ocr_line' id='line_1_113' title="bbox 2199 5307 3884 5381; baseline -0.001 -13"><span class='ocrx_word' id='word_1_769' title='bbox 2199 5312 2392 5368; x_wconf 76' lang='lat' dir='ltr'><strong><em>om’nis</em></strong></span> <span class='ocrx_word' id='word_1_770' title='bbox 2424 5328 2639 5368; x_wconf 74' lang='lat' dir='ltr'><strong><em>mmror</em></strong></span> <span class='ocrx_word' id='word_1_771' title='bbox 2669 5312 3029 5368; x_wconf 83' lang='lat' dir='ltr'><strong><em>confusionis</em></strong></span> <span class='ocrx_word' id='word_1_772' title='bbox 3061 5307 3786 5381; x_wconf 75' lang='lat' dir='ltr'><strong><em>abscedatasanctisejus,</em></strong></span> <span class='ocrx_word' id='word_1_773' title='bbox 3810 5314 3884 5367; x_wconf 79' lang='lat' dir='ltr'><strong><em>et</em></strong></span> 
     </span>
    </p>
   </div>
   <div class='ocr_carea' id='block_1_114' title="bbox 2197 5393 3884 5474">
    <p class='ocr_par' dir='ltr' id='par_1_114' title="bbox 2197 5393 3884 5474">
     <span class='ocr_line' id='line_1_114' title="bbox 2197 5393 3884 5474; baseline -0.001 -18"><span class='ocrx_word' id='word_1_774' title='bbox 2197 5406 2421 5456; x_wconf 69' lang='lat' dir='ltr'><strong><em>aeterna:</em></strong></span> <span class='ocrx_word' id='word_1_775' title='bbox 2454 5400 2839 5456; x_wconf 80' lang='lat' dir='ltr'><strong><em>beatitudinis</em></strong></span> <span class='ocrx_word' id='word_1_776' title='bbox 2870 5400 3118 5474; x_wconf 87' lang='lat' dir='ltr'><strong><em>gloriam</em></strong></span> <span class='ocrx_word' id='word_1_777' title='bbox 3151 5401 3610 5471; x_wconf 84' lang='lat' dir='ltr'><strong><em>consequantur.</em></strong></span> <span class='ocrx_word' id='word_1_778' title='bbox 3637 5393 3684 5453; x_wconf 80' lang='grc' dir='ltr'><strong><em>Ε</em></strong></span> <span class='ocrx_word' id='word_1_779' title='bbox 3719 5393 3884 5470; x_wconf 71' lang='lat' dir='ltr'><strong><em>Ipsa</em></strong></span> 
     </span>
    </p>
   </div>
   <div class='ocr_carea' id='block_1_115' title="bbox 2196 5483 3877 5564">
    <p class='ocr_par' dir='ltr' id='par_1_115' title="bbox 2196 5483 3877 5564">
     <span class='ocr_line' id='line_1_115' title="bbox 2196 5483 3877 5564; baseline -0.002 -18"><span class='ocrx_word' id='word_1_780' title='bbox 2196 5505 2288 5546; x_wconf 89' lang='lat' dir='ltr'><strong><em>me</em></strong></span> <span class='ocrx_word' id='word_1_781' title='bbox 2313 5489 2702 5556; x_wconf 85' lang='lat' dir='ltr'><strong><em>deduxerunt,</em></strong></span> <span class='ocrx_word' id='word_1_782' title='bbox 2735 5491 2808 5546; x_wconf 87' lang='lat' dir='ltr'><strong><em>ab</em></strong></span> <span class='ocrx_word' id='word_1_783' title='bbox 2840 5501 3034 5546; x_wconf 84' lang='lat' dir='ltr'><strong><em>errore</em></strong></span> <span class='ocrx_word' id='word_1_784' title='bbox 3059 5487 3372 5564; x_wconf 77' lang='lat' dir='ltr'><strong><em>pecca‘ti,et</em></strong></span> <span class='ocrx_word' id='word_1_785' title='bbox 3397 5485 3777 5543; x_wconf 80' lang='lat' dir='ltr'><strong><em>adduxerunt</em></strong></span> <span class='ocrx_word' id='word_1_786' title='bbox 3794 5483 3877 5543; x_wconf 81' lang='lat' dir='ltr'><strong><em>in</em></strong></span> 
     </span>
    </p>
   </div>
   <div class='ocr_carea' id='block_1_116' title="bbox 2191 5572 3879 5656">
    <p class='ocr_par' dir='ltr' id='par_1_116' title="bbox 2191 5572 3879 5656">
     <span class='ocr_line' id='line_1_116' title="bbox 2191 5572 3879 5656; baseline -0.002 -21"><span class='ocrx_word' id='word_1_787' title='bbox 2191 5578 2508 5635; x_wconf 88' lang='lat' dir='ltr'><strong><em>Ecclesiam</em></strong></span> <span class='ocrx_word' id='word_1_788' title='bbox 2535 5595 2638 5651; x_wconf 91' lang='lat' dir='ltr'><strong><em>per</em></strong></span> <span class='ocrx_word' id='word_1_789' title='bbox 2669 5573 3449 5642; x_wconf 82' lang='lat' dir='ltr'><strong><em>ﬁdem.C.Tabernaculum,</em></strong></span> <span class='ocrx_word' id='word_1_790' title='bbox 3469 5574 3652 5656; x_wconf 85' lang='lat' dir='ltr'><strong><em>etiam</em></strong></span> <span class='ocrx_word' id='word_1_791' title='bbox 3660 5572 3879 5656; x_wconf 67' lang='lat' dir='ltr'><strong><em>ipsum</em></strong></span> 
     </span>
    </p>
   </div>
   <div class='ocr_carea' id='block_1_117' title="bbox 2189 5655 3877 5740">
    <p class='ocr_par' dir='ltr' id='par_1_117' title="bbox 2189 5655 3877 5740">
     <span class='ocr_line' id='line_1_117' title="bbox 2189 5655 3877 5740; baseline -0.004 -16"><span class='ocrx_word' id='word_1_792' title='bbox 2189 5666 2543 5736; x_wconf 86' lang='lat' dir='ltr'><strong><em>Ecclesiam;</em></strong></span> <span class='ocrx_word' id='word_1_793' title='bbox 2576 5673 2632 5724; x_wconf 87' lang='lat' dir='ltr'><strong><em>et</em></strong></span> <span class='ocrx_word' id='word_1_794' title='bbox 2681 5684 2874 5733; x_wconf 86' lang='lat' dir='ltr'><strong><em>mons.</em></strong></span> <span class='ocrx_word' id='word_1_795' title='bbox 2921 5667 3219 5724; x_wconf 87' lang='lat' dir='ltr'><strong><em>Christum</em></strong></span> <span class='ocrx_word' id='word_1_796' title='bbox 3268 5664 3587 5738; x_wconf 79' lang='lat' dir='ltr'><strong><em>significat.</em></strong></span> <span class='ocrx_word' id='word_1_797' title='bbox 3643 5655 3694 5718; x_wconf 71' lang='lat' dir='ltr'><strong><em>Ii</em></strong></span> <span class='ocrx_word' id='word_1_798' title='bbox 3725 5655 3877 5740; x_wconf 66' lang='lat' dir='ltr'><strong><em>V‘e‘l,</em></strong></span> 
     </span>
    </p>
   </div>
  </div>
