4086 6180
284 340 391 408 l8!

1478 340 1916 429 Exposmo
1960 344 2473 414 PSALMORUM.

3577 348 3695 413 182

274 484 488 535 aterno
515 473 896 535 tabernacula
942 474 1003 532 in
1054 473 1233 545 caelis,
1284 476 1355 533 ad
1406 496 1553 552 qua},
1586 479 1686 552 qui
1728 479 1840 537 fuit
1870 480 1927 535 in
1958 481 2012 550 Α
2044 482 2324 555 antiquis,
2359 483 2469 540 hoc
2500 484 2849 558 est,quando
2882 482 3268 542 Israeliticum
3300 483 3584 558 populum
3621 485 3695 543 il-

273 570 493 635 monte,
523 565 754 623 Christo
782 581 886 640 per
910 565 1090 631 fidem
1110 564 1321 623 veniet.

267 659 303 735 4
372 659 443 714 Et
470 655 710 713 introibo
734 656 805 711 ad
835 655 1017 712 altare
1046 657 1143 712 Dei
1171 673 1191 712 :

372 746 456 802 Ad
484 749 659 803 Deum
686 747 787 818 qui
814 745 1065 817 laetiﬁcat
1080 746 1427 819 juventutem
1452 763 1650 802 meam.

337 835 379 891 C
404 834 604 892 Altare
635 834 793 891 enim
824 833 1048 891 dictum
1076 838 1170 891 est
1196 835 1366 908 quasi
1395 837 1503 893 alte
1530 853 1647 903 are,
1680 853 1746 893 ac
1777 836 1824 893 si
1850 836 1932 894 di-

264 930 360 982 cat
392 943 405 981 :
435 925 490 982 H
522 924 607 980 lbi
639 922 912 992 introibo,
954 923 1057 979 ubi
1079 925 1206 996 jam
1239 941 1356 980 non
1385 924 1603 982 vitulos
1632 930 1691 982 et
1719 926 1928 984 arietes

262 1011 709 1081 exhibeam,sed
731 1011 1146 1085 memetipsum
1167 1012 1425 1069 hostiam
1448 1014 1635 1070 vivam
1659 1015 1774 1071 Deo
1798 1017 1930 1072 oﬂ‘e-

259 1121 415 1160 ram.
450 1103 537 1158 Ad
568 1103 753 1158 Deum
801 1099 901 1174 qui
950 1099 1205 1158 laetiﬁcat
1225 1103 1595 1173 juventutem
1636 1119 1848 1160 meam.
1880 1105 1923 1161 C

259 1192 645 1251 Juventutem
677 1190 773 1246 hic
802 1206 906 1263 pro
938 1190 1194 1246 novitate
1223 1190 1392 1263 ponit
1420 1191 1716 1264 vitze,quia
1740 1192 1929 1248 Domi-

258 1296 379 1339 nus
409 1280 613 1337 omnia
642 1295 922 1353 reparans
948 1279 1020 1334 de
1047 1281 1334 1338 vetustate
1365 1280 1673 1349 defecta,in
1705 1281 1926 1338 novita-

258 1377 382 1428 tem
408 1371 593 1426 firma
616 1367 1091 1441 fideijuventutis
1112 1367 1362 1424 reddidit
1379 1368 1811 1427 validissimum
1834 1370 1927 1426 {ir-

253 1461 530 1517 mitatem
563 1457 960 1515 credentibus.

250 1552 294 1607 5
368 1547 679 1620 Conﬁtebor
706 1548 812 1603 tibi
834 1548 897 1602 in
923 1546 1162 1616 cithara,
1190 1548 1331 1602 Deus
1358 1563 1510 1603 meus
1540 1566 1560 1604 :

364 1643 559 1713 Quare
587 1638 765 1693 tristis
801 1651 857 1692 es
889 1636 1081 1692 auima
1125 1651 1266 1702 mea,
1317 1645 1368 1692 et
1420 1653 1590 1710 quare
1631 1641 1923 1695 conturbas

438 1729 574 1784 me?

328 1818 373 1874 C
398 1816 465 1873 In
494 1814 722 1872 cithara
746 1829 883 1869 vero
914 1813 1354 1887 confitetur,qui
1377 1816 1583 1871 mundi
1613 1816 1794 1889 hujus
1825 1817 1923 1873 ad-

247 1905 598 1964 versitatem
626 1901 1165 1972 sustinens,»laude
1196 1903 1296 1960 Dei
1327 1922 1444 1961 non
1475 1906 1711 1962 recedit.
1745 1906 1791 1961 H
1817 1906 1922 1963 Vel

250 1997 355 2070 qui
404 2009 650 2052 carnem
698 2007 870 2049 suam
928 1992 1261 2062 mortiﬁcat,
1306 1993 1365 2049 in
1424 1994 1649 2052 cithara
1699 1995 1920 2051 laudat.

249 2084 452 2149 Quare
475 2082 670 2140 tristis
700 2098 786 2138 es.
819 2080 862 2136 C
886 2080 1248 2153 Frequenter
1294 2082 1572 2140 admonet
1620 2084 1923 2141 tristitiam

243 2173 602 2248 ﬂagitandum
631 2170 806 2227 istius
832 2169 1337 2242 saeculi,quoniam
1368 2171 1538 2228 bonis
1568 2173 1746 2229 rebus
1771 2190 1924 2230 sem-

245 2277 356 2336 per
386 2262 638 2318 adversa
676 2262 797 2316 est.
850 2258 958 2315 Per
1001 2257 1156 2314 hanc
1208 2260 1365 2316 enim
1415 2261 1592 2318 robor
1632 2262 1923 2334 patientiae

242 2350 575 2425 frangitur,
594 2347 902 2406 charitatis
929 2346 1133 2404 lumen
1163 2348 1577 2424 exstinguitur,
1611 2351 1736 2423 spei
1765 2352 1926 2408 desi-

243 2440 491 2497 derium
517 2440 824 2512 virtusque
852 2435 1227 2504 mollescit,et
1246 2439 1444 2495 omnis
1474 2439 1594 2495 vita
1623 2441 1931 2497 confundi-

243 2528 653 2586 tur.’l‘ristitia
677 2544 813 2584 vero
844 2528 916 2583 de
946 2526 1205 2599 peccatis
1234 2527 1644 2600 amplectenda
1675 2533 1931 2603 est,quo_

249 2619 427 2675 niam
454 2618 530 2674 ad
554 2620 903 2691 perpetuam
930 2616 1273 2687 sospitatem
1302 2616 1519 2690 dirigit.

250 2710 292 2764 6
365 2709 549 2781 Spera
576 2724 638 2762 ιη
661 2711 773 2763 Deo
801 2708 1066 2778 quoniam
1083 2700 1173 2776 31(-
1194 2704 1374 2760 adhuc
1412 2711 1428 2772 ζ
1468 2708 1761 2781 conﬁtebor
1788 2707 1881 2762 illi
1909 2724 1931 2762 ,ο

352 2797 625 2853 Salutare
655 2797 844 2856 vultus
871 2798 985 2853 mei
1005 2803 1094 2880 ᾤ
1112 2803 1165 2854 et
1204 2799 1221 2866 ζ
1264 2793 1406 2853 Deus
1434 2814 1609 2854 meus.

2038 569 2244 627 laesum
2277 588 2381 647 per
2408 574 2590 630 maris
2618 573 2797 630 Rubri
2824 573 3044 630 ﬂuenta
3070 573 3425 630 transduxit.

2037 658 2072 714 3
2144 660 2336 717 Manus
2365 666 2463 718 tua
2490 671 2672 737 gentes
2701 662 3026 734 disperdidit
3052 671 3104 719 et
3128 663 3396 736 plantasti
3421 678 3501 719 ias
3532 677 3548 719 :

2144 750 2390 822 A/ﬁxisti
2410 753 2641 824 populos
2668 759 2721 808 et
2746 753 3010 824 expulisti
3037 768 3143 809 eos.

2109 837 2151 893 C
2181 838 2287 894 Per
2315 855 2527 896 manus
2559 840 2736 912 (sicut
2760 857 2911 914 saepe
2941 840 3164 899 dictum
3188 842 3299 911 est)
3328 840 3695 915 signiﬁcatur

2038 929 2315 999 potestas.
2349 927 2637 1001 Dispersit
2667 927 2823 984 enim
2861 932 3119 1002 potestas
3146 929 3248 986 Dei
3276 933 3692 1006 gentes,quan-

2038 1015 2109 1071 do
2138 1015 2417 1072 euntibus
2447 1015 2799 1072 Amorrhaeis
2827 1020 2886 1073 et
2913 1017 3166 1073 Gethzeis
3198 1018 3270 1074 de
3300 1018 3553 1093 propriis
3574 1024 3688 1079 ter-

2036 1103 2366 1173 ris,Hebraei
2395 1105 2457 1160 in
2488 1121 2691 1161 eorum
2723 1106 2962 1162 sedibus
2994 1109 3134 1161 sunt
3155 1104 3589 1178 plantati(Josue
3608 1108 3685 1181 v).

2034 1192 2257 1250 Afilixit
2278 1198 2473 1252 autem
2486 1195 2924 1268 populos,cum,
2948 1194 3294 1251 canentibus
3319 1195 3478 1253 tubis
3507 1213 3692 1253 sacero

2034 1282 2263 1350 dotum,
2296 1282 2450 1339 muri
2477 1283 2710 1341 Jericho
2755 1286 3121 1353 corruerunt,
3152 1300 3300 1356 quos
3336 1287 3477 1341 tunc
3507 1286 3578 1343 de
3605 1286 3688 1343 ci-

2032 1369 2207 1429 vitate
2232 1375 2463 1428 constat
2492 1370 2788 1444 expulsos,

2035 1463 2064 1514 4
2138 1460 2245 1517 Nec
2270 1463 2422 1517 enim
2453 1462 2514 1516 in
2542 1460 2726 1531 gladio
2757 1476 2856 1516 suo
2880 1460 3240 1532 possederunt
3269 1469 3476 1519 terram

2137 1550 2204 1605 Et
2235 1550 2522 1606 brachium
2549 1566 2738 1607 eorum
2766 1566 2879 1605 non
2905 1551 3137 1609 salvavit
3165 1567 3252 1608 eos

2103 1638 2144 1694 C
2165 1638 2246 1695 Ne
2269 1638 2777 1712 putarentHebraei
2799 1655 2862 1696 se
2881 1638 3063 1696 fuisse
3086 1639 3546 1713 triumphatores
3567 1640 3693 1703 suis

2029 1726 2274 1799 viribus,
2307 1727 2437 1785 ideo
2468 1727 2614 1784 dixit
2644 1744 2659 1783 :
2697 1744 2814 1783 non
2845 1727 3004 1785 enim
3052 1727 3112 1785 in
3166 1727 3362 1802 gladio
3391 1746 3518 1785 suo.
3552 1731 3689 1787 Bra-

2031 1815 2231 1872 chium
2255 1828 2359 1889 pro
2390 1817 2599 1873 robore
2627 1815 3189 1890 dicimus,quoniam
3212 1818 3339 1892 ipso
3369 1817 3689 1879 dimicante

2032 1909 2350 1978 pugnatur,
2393 1907 2495 1962 sed
2542 1922 2745 1963 eorum
2788 1906 3097 1965 brachium
3141 1924 3258 1963 non
3308 1907 3383 1963 ab
3430 1908 3689 1967 inimicis

2034 1993 2159 2049 suis
2188 2010 2288 2051 eos
2316 1994 2761 2067 1iberavit.quos
2791 1994 3124 2068 specialiter
3142 1996 3328 2055 virtus
3358 1997 3557 2059 divina
3581 1997 3690 2055 sal-

2030 2083 2203 2137 vavit.

2030 2172 2068 2227 5
2139 2171 2242 2229 Sed
2268 2171 2494 2229 dextera
2521 2181 2618 2230 tua
2644 2182 2697 2231 et
2724 2174 3010 2231 brachium
3038 2178 3197 2231 tuum
3242 2182 3295 2231 et
3345 2176 3689 2249 illuminaiio

2210 2263 2392 2318 vultus
2421 2265 2506 2319 tui
2534 2279 2549 2319 :

2145 2351 2415 2419 Quoniam
2442 2352 2821 2425 complacuisti
2845 2354 2906 2409 in
2933 2352 3033 2410 eis.

2109 2439 2150 2495 C
2179 2440 2422 2497 Dextera
2450 2440 2608 2496 enim
2639 2441 2837 2515 signat
2863 2455 3207 2516 prosperam
3259 2444 3515 2517 partem;
3556 2444 3690 2501 bra-

2039 2529 2239 2586 chium
2275 2528 2708 2598 fortitudinem;
2760 2529 3134 2597 illuminatio,
3182 2531 3694 2605 consiliumzoua

2039 2618 2321 2676 Dominus
2350 2618 2742 2676 communiter
2764 2620 3006 2687 confert,
3034 2620 3267 2692 quando
3292 2620 3696 2693 praeliantibus

2038 2707 2341 2764 victoriam
2400 2709 2679 2781 dignatur
2735 2709 2973 2765 donare.
3028 2708 3395 2782 Complaouit
3441 2709 3503 2766 in
3550 2710 3694 2782 illis,

2041 2796 2275 2869 quando
2306 2795 2409 2855 illa
2437 2797 2561 2854 sola
2587 2813 2732 2870 gens
2763 2798 2834 2854 de
2863 2800 2984 2854 toto
3015 2798 3237 2855 mundo
3267 2797 3452 2858 electa
3477 2802 3588 2867 est,
3621 2800 3695 2859 de

313 2886 367 2942 Η
405 2886 594 2958 Spera
621 2885 682 2941 in
709 2890 849 2952 Deo,
884 2885 1092 2960 ipsum
1115 2886 1523 2953 confitetur,ab
1548 2886 1676 2959 ipso
1696 2888 1935 2959 peccata
2042 2902 2160 2959 qua
2189 2885 2452 2945 Salvator
2477 2887 2731 2943 advenit.

226 2993 356 3037 sua
386 2973 662 3049 postulat
688 2974 928 3046 dimitti,
960 2976 1277 3050 ipsumque
1311 2975 1565 3033 salutare
1592 2974 1791 3032 vultus
1838 2984 1932 3040 sui

248 3064 429 3133 dicit,
461 3079 639 3136 quem
672 3068 729 3120 et
758 3081 865 3121 nos
896 3066 1242 3123 conﬁtentes
1289 3064 1683 3138 exposcimus,
1713 3068 1779 3120 ut
1809 3080 1933 3124 me-

241 3170 497 3223 malum
526 3154 655 3225 ejus
684 3151 812 3209 luce
838 3152 1185 3223 illuminari,
1214 3154 1311 3211 via
1355 3153 1796 3227 dirigi,veritate
1818 3170 1938 3210 cor-

239 3242 388 3317 rigi,
422 3241 547 3298 vita
573 3241 935 3315 locupletari.

746 3348 958 3388 ORATIO
993 3350 1067 3389 EX
1104 3350 1264 3390 PSAL.
1303 3350 1438 3388 XLII.

317 3421 415 3476 Te
445 3419 665 3475 fontem
696 3419 942 3477 luminis
988 3422 1273 3494 perpetui,
1316 3421 1690 3493 omnipotens
1739 3420 1916 3486 Deus,

240 3509 608 3566 invocamus
627 3512 683 3565 et
698 3526 1038 3582 quaesumus
1056 3515 1120 3567 ut
1140 3510 1420 3567 emissam
1431 3508 1732 3567 veritatem
1756 3513 1919 3565 tuam

244 3597 545 3655 cordibus
576 3598 794 3653 nostris
816 3616 974 3654 novae
996 3616 1104 3656 nos
1123 3598 1273 3656 lucis
1295 3598 1560 3655 claritate
1580 3598 1918 3672 perfundas.

242 3688 368 3751 Per
408 3685 727 3742 Dominum
758 3691 1026 3743 nostrum
1054 3688 1258 3744 Jesum
1279 3686 1599 3754 Christum,
1633 3690 1741 3742 etc.

815 3793 1150 3853 PSALMUS
1187 3793 1384 3850 XLIII.

695 3881 730 3919 Α
739 3878 811 3921 R6
819 3879 1108 3921 UMBNTUM
1150 3882 1306 3921 PSAL.
1340 3879 1497 3921 XLIII.

318 3952 381 4009 C
410 3952 605 4009 Verba
630 3952 1107 4026 martyrum,sive
1130 3953 1531 4013 confessorum
1560 3950 1925 4026 precantium

247 4048 321 4100 ut
353 4041 423 4097 in
458 4041 652 4097 futuro
674 4038 903 4114 judicio
932 4041 1004 4098 de
1032 4040 1287 4098 inimicis
1312 4042 1705 4101 vindicentur.

322 4127 438 4187 TT
468 4128 535 4185 In
561 4131 725 4201 ﬁnem
752 4130 889 4202 ﬁliis
923 4131 1056 4187 Core
1101 4138 1156 4196 ιε·
1182 4131 1253 4187 ad
1293 4138 1307 4198 ζ
1354 4132 1710 4188 intellectum.

332 4219 385 4275 C
412 4218 561 4286 Quid
593 4218 925 4292 signiﬁcent
953 4218 1056 4274 ﬁlii
1090 4223 1249 4276 Core.
1284 4219 1643 4276 sufﬁcienter
1663 4220 1791 4290 jam
1839 4219 1927 4275 di-

250 4314 437 4366 ctum
469 4311 588 4377 est;
619 4324 777 4364 nunc
808 4311 1005 4364 autem
1044 4309 1115 4364 ad
1163 4307 1546 4377 intellectum,
1578 4308 1689 4365 hoc
1728 4312 1819 4365 est
1863 4312 1930 4365 ut

248 4395 674 4469 intelligamus
703 4394 898 4465 illum,
932 4396 1034 4469 qui
1060 4396 1297 4453 initium
1327 4398 1583 4470 sumpsit
1605 4398 1929 4457 secundum

254 4501 515 4545 carnem
545 4502 614 4541 α
640 4489 907 4559 tempore
925 4488 1060 4554 ante
1088 4485 1301 4542 saecula
1330 4486 1582 4559 genitus.
1612 4486 1659 4542 H
1678 4488 1724 4542 A
1749 4485 1791 4542 C
1820 4486 1930 4542 Ubi

2040 2976 2076 3032 6
2154 2976 2229 3031 Tu
2257 2991 2313 3031 es
2344 2977 2456 3048 ipse
2483 2992 2584 3032 rex
2608 2992 2762 3032 meus
2792 2984 2844 3033 et
2871 2977 3009 3033 Deus
3035 2991 3189 3035 meus
3213 2992 3227 3031 :

2149 3064 2254 3133 Qui
2282 3065 2511 3121 mandas
2537 3066 2742 3124 salutes
2765 3066 2949 3122 Iacob.

2114 3156 2155 3209 C
2184 3154 2273 3210 Tu
2302 3170 2364 3210 es
2393 3153 2520 3226 ipse
2546 3153 2726 3225 rex,id
2758 3158 2846 3210 est
2872 3156 2940 3210 tu
2961 3153 3090 3229 ipse
3117 3169 3131 3209 :
3166 3170 3282 3211 non
3302 3152 3456 3210 alius
3475 3158 3565 3212 est
3582 3157 3692 3214 Do-

1946 3227 1990 3295 C
2029 3243 2229 3300 minus
2253 3247 2310 3302 et
2337 3241 2720 3309 Salvator,cui
2750 3258 2963 3299 nomen
2992 3227 3150 3316 regis
3181 3242 3566 3302 manifestum
3594 3249 3688 3309 est

2028 3332 2538 3390 convenire.Addit
2564 3349 2734 3402 vero;
2767 3336 2824 3388 et
2853 3333 3008 3389 Deus
3047 3349 3239 3403 meus,
3270 3350 3343 3390 ne
3380 3334 3687 3425 dubitares

2031 3422 2344 3480 Dominum
2372 3422 2574 3478 Jesum
2606 3421 2901 3478 Christum
2918 3438 3046 3478 esse
3064 3420 3233 3477 illum
3264 3422 3366 3495 qui
3388 3420 3690 3483 mandavit

2030 3510 2280 3578 salutem
2310 3510 2511 3579 Jacoh,
2545 3511 2779 3585 quando
2813 3509 3037 3567 audivit
3066 3527 3171 3583 per
3201 3510 3477 3585 angelum
3505 3531 3519 3570 :
3560 3513 3689 3585 jam

2030 3616 2147 3657 non
2178 3600 2391 3657 diceris
2429 3599 2738 3666 Jacob,sed
2771 3598 2951 3655 Israel
2976 3601 3131 3670 (Gen.
3164 3603 3365 3672 ωτι),
3400 3601 3458 3658 id
3488 3605 3580 3659 est
3606 3604 3693 3661 vir

2030 3690 2219 3747 videns
2248 3691 2439 3746 Deum.
2470 3690 2518 3744 A
2553 3688 2677 3756 Vel,
2710 3704 2817 3760 per
2845 3688 3026 3745 Jacob
3055 3689 3309 3763 populus
3341 3690 3693 3753 lsraeliticus

2032 3778 2402 3852 intelligitur,
2426 3778 2519 3833 cui
2550 3776 2705 3834 Deus
2746 3777 3048 3833 mandavit
3095 3777 3316 3835 salutes
3362 3780 3693 3853 corporales

2034 3866 2205 3940 quasi
2252 3882 2356 3939 per
2393 3866 2596 3934 alium,
2630 3865 2852 3922 scilicet
2883 3865 3158 3939 angelum
3184 3884 3300 3924 non
3329 3884 3435 3940 per
3462 3885 3547 3926 se.
3578 3869 3621 3926 Α
3652 3870 3709 3939 Cr

2035 3954 2490 4020 Mandare,enim
2522 3958 2611 4010 est
2641 3971 2743 4027 per
2772 3953 3030 4026 aliquem
3051 3954 3235 4012 alium
3260 3956 3575 4030 praecipere
3601 3956 3693 4015 vel

2035 4045 2242 4100 facere.
2267 4045 2313 4098 A
2343 4044 2439 4099 Sic
2472 4048 2623 4098 Deus
2677 4042 2937 4114 antiquis
2981 4043 3250 4115 patribus
3270 4061 3385 4100 non
3414 4062 3606 4117 pense
3635 4049 3695 4102 et

2034 4149 2205 4190 suam
2235 4131 2554 4189 essentiam
2574 4131 2736 4187 visus
2764 4134 2875 4199 est,
2909 4131 3009 4187 sed
3044 4148 3148 4204 per
3175 4131 3432 4204 aliquem
3464 4136 3690 4197 creatu-

2035 4238 2163 4278 ram
2182 4220 2455 4277 viderunt
2473 4236 2608 4275 eum
2637 4223 2695 4275 et
2727 4219 3119 4276 salvabantur.

2031 4312 2068 4364 7
2138 4312 2203 4366 In
2232 4317 2280 4365 te
2311 4310 2563 4364 inimicos
2590 4311 2801 4364 nostros
2830 4307 3216 4363 ventilabimus
3244 4323 3417 4364 cornu
3448 4324 3462 4364 :

2142 4400 2297 4455 Elin
2321 4400 2543 4453 nomine
2587 4405 2680 4453 tuo
2726 4412 3044 4468 spernemus
3092 4397 3436 4467 insurgentes
3484 4399 3548 4457 in
3591 4414 3689 4457 ηο-

2220 4488 2323 4543 bis.

256 4574 435 4635 min
464 4574 526 4630 in
555 4573 746 4631 titulis
775 4573 1034 4647 ponitur,
1064 4574 1416 4644 intellectus,
1450 4574 1817 4648 spiritualem
1850 4575 1934 4631 in-
1960 4596 2008 4662 D
2110 4577 2151 4635 C
2174 4577 2294 4634 Hoc
2324 4575 2481 4632 enim
2514 4575 2669 4648 quod
2699 4573 3023 4631 ventilandi
3055 4578 3195 4631 sunt
3223 4574 3449 4632 inimici
3489 4591 3693 4644 cornu,

257 4663 588 4737 ﬁgentiam
619 4663 995 4736 quaerendam
1028 4679 1158 4719 esse
1187 4664 1573 4721 demonstrat.

262 4754 293 4809 1
376 4753 544 4820 Deus,
568 4753 807 4808 auribus
836 4753 1036 4809 nostris
1060 4752 1375 4808 audivimus
1403 4772 1425 4808 .·

378 4848 579 4898 Patres
603 4843 785 4897 nostri
810 4843 1284 4898 annumiaverunt
1311 4844 1487 4898 nobis.

2041 4667 2089 4724 H
2139 4667 2196 4722 id
2252 4669 2341 4722 est
2387 4664 2447 4719 in
2493 4663 2744 4731 Christo,
2794 4680 2860 4719 eo
2908 4664 3064 4736 quod
3094 4664 3135 4721 C
3174 4663 3364 4721 hostis
3409 4667 3501 4721 est
3544 4664 3695 4723 anti-

2043 4772 2198 4829 quus
2229 4753 2625 4828 spernendus;
2660 4752 2731 4807 ad
2772 4750 3067 4823 judicium
3116 4752 3382 4809 futurum
3424 4752 3697 4825 pertinet,

2043 4844 2144 4900 ubi
2176 4843 2309 4900 talis
2337 4846 2427 4899 est
2452 4840 2713 4913 victoria,
2737 4844 2803 4896 ut
2825 4842 3149 4912 probentur
3176 4839 3481 4896 subruisse
3501 4839 3701 4899 omnia

340 4929 386 4985 C
434 4928 593 4986 Deus
637 4928 882 4997 auribus
927 4930 1144 4988 nostris
1189 4929 1544 4987 audivimus.
1576 4931 1767 4986 Verba
1817 4931 1940 4986 haec
2047 4931 2389 4990 certamina.
2422 4931 2469 4985 H
2516 4931 2562 4985 A
2619 4929 2893 4986 cornibus
2951 4927 3174 5000 aliquid
3230 4924 3565 4994 ventilatur,
3614 4926 3701 4983 sic

266 5017 621 5092 accipienda
636 5022 776 5075 sunt
790 5018 945 5075 dicta
961 5019 1023 5074 in
1047 5036 1297 5091 persona
1320 5023 1644 5091 martyrum
1667 5019 1787 5077 sive
1807 5037 1940 5076 con-

2047 5019 2363 5078 Sedechias
2395 5017 2562 5073 factis
2612 5016 2843 5072 duobus
2885 5015 3089 5071 ferreis
3133 5014 3411 5070 cornibus
3461 5013 3697 5075 aiebat:

268 5109 671 5179 fessorum,ac
698 5107 749 5163 si
779 5106 1025 5164 dixisset
1051 5107 1099 5164 Η
1130 5123 1233 5180 per
1265 5106 1590 5180 spiritalem
1612 5125 1853 5165 sensum
1877 5124 1940 5164 se
2049 5110 2144 5167 Sic
2172 5106 2464 5163 ventilabo
2495 5108 2673 5159 totam
2727 5103 2954 5176 Syriam
2987 5103 3084 5177 (III
3119 5104 3250 5173 Reg.
3300 5103 3459 5175 χχιι).
3508 5102 3701 5174 cornu

269 5195 646 5271 cognovisse,
670 5196 842 5266 juxta
869 5194 1015 5252 illud
1050 5212 1066 5252 :
1099 5196 1206 5263 Qui
1234 5196 1412 5260 habet
1444 5213 1616 5253 aures
1663 5196 1939 5253 audiendi
2046 5214 2180 5254 vero
2211 5198 2480 5251 nostrum
2510 5191 2775 5248 Christus
2804 5194 2911 5256 est,
2946 5191 3099 5246 idem
3140 5195 3199 5248 et
3244 5207 3459 5249 nomen
3488 5191 3698 5260 Patris,

272 5284 506 5341 audiat.
531 5284 731 5342 Patres
759 5284 1055 5357 apostolos
1079 5288 1137 5341 et
1156 5284 1471 5358 prophetas
1511 5285 1763 5355 vocavit;
1796 5303 1940 5358 quo-

277 5390 416 5430 rum
443 5373 896 5430 annuntiatione
927 5373 1112 5431 renati
1142 5391 1353 5430 sumus
1383 5375 1455 5430 ad
1487 5374 1688 5431 vitam.

274 5464 316 5516 2
389 5460 537 5534 Opus
565 5462 708 5534 quod
734 5470 990 5535 operatus
1020 5479 1075 5519 es
1103 5463 1162 5518 in
1191 5462 1380 5520 diebus
1409 5480 1598 5520 eorum
1627 5482 1645 5517 :

389 5550 457 5606 Et
484 5552 547 5606 in
565 5548 760 5607 diebus
777 5552 1053 5624 antiquis.

311 5638 315 5642 ’
354 5641 401 5696 Α
432 5639 475 5697 C
503 5638 668 5712 Opus
697 5640 854 5712 quod
882 5642 1158 5713 operatus
1188 5644 1279 5697 est
1306 5639 1590 5698 Dominus
1633 5639 1694 5696 in
1738 5640 1946 5698 diebus

2050 5287 2110 5342 in
2143 5302 2258 5357 quo
2289 5280 2604 5340 adversarii
2637 5279 2822 5336 nostri
2870 5279 2960 5336 vel
3002 5280 3361 5338 ventilentur
3406 5279 3496 5337 vel
3539 5296 3701 5353 sper-

2052 5378 2293 5433 nuntur.
3404 5392 3419 5395 —

2051 5466 2086 5519 8
2158 5464 2275 5519 Non
2305 5462 2454 5518 enim
2482 5460 2543 5514 in
2572 5474 2707 5513 arcu
2734 5473 2856 5513 meo
2884 5459 3111 5530 sperabo
3143 5474 3157 5515 :

2160 5555 2225 5609 Et
2250 5549 2469 5622 gladius
2498 5564 2651 5603 meus
2682 5562 2792 5603 non
2817 5548 3053 5604 salvabit
3080 5565 3186 5605 me.

2124 5643 2171 5696 A
2201 5642 2386 5696 Arcus
2416 5636 2573 5694 enim
2599 5638 2689 5692 est
2718 5635 3057 5709 prasidium
3104 5633 3425 5705 bellatoris,
3456 5633 3519 5690 in
3558 5649 3704 5706 quo-
