4112 6176
419 261 538 350 ιδςι

1314 271 1378 334 S.
1423 267 1819 341 BBUNONIS
1864 271 2482 348 HEl’tBIPOLENSIS
2529 273 2905 341 EPISCOPI.

3710 285 3834 350 184

418 414 588 456 mens
618 397 879 456 humana
909 399 1184 474 conﬁdit;
1213 401 1274 458 in
1304 400 1569 476 gladium
1595 421 1728 460 vero
1761 404 1894 478 plus
1925 422 2067 478 prae-
2096 406 2153 474 Α
2183 407 2246 462 1i
2327 407 2628 464 Vendidisti
2651 410 2915 482 populum
2944 417 3098 468 tuum
3119 414 3240 472 sine
3264 417 3439 488 pretio
3469 434 3488 472 :

417 487 623 556 sumit,
657 487 868 562 sagiita
897 489 1052 546 enim
1083 507 1235 563 saepe
1262 489 1564 548 incassum
1597 493 1878 564 mittitur;
1911 493 2069 550 ensis

415 593 550 634 vero
581 576 799 634 certius
827 583 1100 650 operatur
1150 578 1358 636 mortis
1407 579 1701 654 eﬁ‘ectum,
1734 582 1836 638 sed
1876 599 1980 638 nec
2007 583 2067 638 in

417 681 485 721 eo
515 663 756 721 conﬁdit
782 666 1096 722 multitudo
1119 671 1590 738 sanctorum,sed
1622 671 1684 726 in
1713 671 2070 743 protectiouo

416 753 634 828 divina.
667 753 848 826 Cujus
878 755 1160 812 rationem
1193 757 1411 814 subdit.

414 842 451 896 9
519 844 762 901 Salvasti
788 845 936 900 enim
962 861 1061 901 nos
1089 846 1154 902 de
1177 848 1552 919 afﬂigentibus
1581 865 1678 906 nos
1711 866 1724 904 :

521 935 598 988 Et
621 932 859 989 odientes
886 949 984 990 nos
1013 936 1333 1006 confudisti.

486 1020 679 1076 C'Non
710 1025 799 1077 est
845 1021 1093 1078 dubium
1141 1025 1294 1098 apud
1347 1029 1602 1094 sanctos,
1637 1043 1698 1082 se
1740 1027 1970 1082 liberari
2005 1027 2064 1082 in

414 1110 669 1165 secundo
699 1110 952 1166 adventu
992 1113 1219 1168 Domini
1251 1131 1286 1169 a
1313 1115 1716 1186 persecutione
1746 1116 2062 1188 spirituum

411 1198 933 1274 pessimorum,qui
967 1217 1067 1257 eos
1096 1201 1190 1256 hic
1222 1202 1650 1276 multiplicibus
1669 1203 1900 1261 insidiis
1921 1205 2065 1261 afﬂi-

409 1289 645 1360 gebant.
685 1289 1128 1346 Confundentur
1168 1291 1344 1348 etiam
1393 1293 1494 1365 qui
1543 1295 1744 1351 beatos
1791 1294 2060 1362 oderunt,

408 1378 644 1450 quando
684 1377 768 1433 illi
819 1383 1034 1434 aeterna
1079 1395 1252 1452 pcena
1298 1381 1674 1454 damnantur,
1698 1383 1848 1456 justi
1882 1399 2062 1458 regna

407 1465 685 1522 cmlorum
738 1467 1048 1540 recipiunt.
1077 1470 1124 1524 A
1153 1469 1194 1525 C
1233 1469 1487 1527 Salvasti
1532 1472 1712 1541 enim,
1744 1489 1850 1546 pro
1882 1473 2064 1530 salva-

405 1553 500 1610 bis
530 1555 696 1622 dixit,
728 1560 964 1628 propter
989 1557 1400 1615 certitudinem
1433 1560 1610 1616 futuri
1642 1561 1700 1616 in
1732 1561 2061 1634 cognitione

406 1643 726 1718 Prophetas.
761 1644 802 1700 C
832 1645 935 1702 Vel
967 1647 1320 1705 conﬁdentia
1351 1649 1481 1705 ﬁdei
1511 1651 1707 1722 futura
1729 1667 1830 1723 pro
1855 1661 2058 1724 prwte-

404 1733 530 1788 ritis
573 1733 796 1806 dicunt,
829 1735 1108 1808 quoniam
1163 1738 1316 1810 apud
1367 1755 1465 1795 eos
1513 1757 1631 1795 non
1675 1744 1764 1796 est
1811 1741 2056 1798 dubium
2090 1777 2138 1843 Β

411 1821 560 1843 ..-_-.I
599 1821 854 1843 -L__I_-LA
892 1841 1030 1843 ---κη
1089 1829 1098 1843 ι
1148 1842 1160 1843 γ
1411 1831 1420 1843 ι

407 1821 563 1892 quod
595 1821 862 1880 absolute
891 1829 1108 1880 norunt
1139 1842 1266 1882 esse
1294 1831 1628 1884 venturum.

409 1909 477 1964 10
547 1911 611 1966 In
640 1911 745 1968 Deo
777 1912 1130 1970 laudabimur
1159 1922 1266 1972 tota
1295 1915 1384 1972 die
1417 1933 1431 1970 :

546 2004 614 2058 Et
640 2001 700 2056 in
730 2003 950 2059 nomine
977 2010 1070 2061 tuo
1097 2005 1474 2078 conﬁtebimur
1502 2009 1563 2063 in
1589 2009 1876 2066 szecutum.
1927 2011 2057 2066 Dia-

611 2091 824 2163 psalma
834 2133 848 2148 .

474 2177 516 2233 C
565 2179 673 2246 Qui
721 2179 923 2236 dicunt
964 2181 1368 2252 laudabimur;
1415 2185 1475 2242 in
1523 2187 1720 2244 futuro
1769 2205 1830 2244 se
1879 2190 2052 2262 proﬁ-

402 2268 602 2321 tentur
625 2283 754 2324 esse
776 2269 1198 2340 pra-dicendos.
1223 2273 1371 2330 Tota
1400 2273 1514 2342 die,
1542 2282 1890 2348 perpetuum
1915 2283 2054 2334 tem-

401 2370 514 2427 pus
545 2355 820 2425 ostendit,
853 2359 1008 2430 quod
1041 2375 1155 2415 non
1187 2359 1367 2418 habet
1402 2367 1657 2420 noctem.
1690 2365 2054 2424 Conﬁtentur

397 2441 460 2499 in
485 2445 788 2513 saeculum,
823 2445 924 2519 qui
955 2449 1244 2520 praecurris
1273 2451 1506 2508 Domini
1537 2452 1632 2508 hic
1655 2454 1879 2526 jugiter
1917 2473 2052 2528 per-

397 2549 606 2589 sonare
636 2535 1020 2592 contendunt.
1053 2537 1100 2593 H
1149 2539 1212 2594 In
1266 2539 1384 2596 Deo
1427 2541 1588 2611 dicit,
1621 2543 1761 2616 quia
1788 2543 1914 2615 ipse
1961 2549 2052 2601 est

396 2619 528 2678 laus
556 2625 614 2678 et
641 2622 830 2696 gloria
855 2629 1078 2693 nostra,
1103 2631 1161 2682 et
1191 2628 1250 2683 in
1306 2629 1544 2686 nomine
1590 2649 1698 2688 suo
1737 2631 2052 2690 Christiani

395 2710 670 2779 dicimur,
703 2717 760 2769 et
789 2711 848 2768 in
877 2713 978 2770 tali
1010 2715 1250 2772 nomine
1276 2719 1706 2776 conﬁtebimur.

396 2799 459 2856 11
535 2802 694 2858 Nunc
717 2809 902 2858 autem
928 2805 1185 2877 repulisti
1210 2812 1262 2862 et
1289 2806 1586 2878 confudisti
1612 2826 1714 2865 nos
1745 2829 1764 2866 :

535 2889 604 2944 Et
627 2905 736 2946 non
765 2891 1062 2960 egredieris
1105 2898 1162 2959 ο-ξ-
1191 2898 1336 2951 Deus
1377 2901 1392 2962 ζ
1427 2898 1488 2951 in
1514 2898 1807 2955 virtutibus
1824 2903 2044 2957 nostris.

465 2975 508 3032 C
539 2977 794 3034 Dicendo
837 2979 995 3036 enim
1037 2986 1344 3056 martyres,
1377 3001 1533 3041 nunc
1583 2991 1806 3055 autem,
1859 2990 2049 3064 signi-1

396 3065 576 3122 ﬁoant
604 3067 676 3123 de
704 3067 918 3126 futuris
945 3070 1308 3142 temporibus
1337 3089 1402 3130 se
1452 3078 1586 3131 ante
1633 3074 1871 3146 dixisse,
1905 3078 2046 3150 quia

2319 497 2386 552 Et
2410 512 2517 553 non
2541 499 2652 568 fuit
2672 500 2966 556 multitudo
2989 503 3047 556 in
3068 506 3579 564 commutationibus
3615 523 3837 564 eorum.

2248 583 2296 640 Η
2327 585 2523 657 Usque
2552 585 2668 642 huc
2698 585 2874 643 locuti
2907 594 3049 646 sunt
3079 595 3382 666 martyres,
3415 611 3570 652 nunc
3601 597 3674 654 de
3718 598 3844 654 Ju-

2177 673 2439 728 daiorum
2472 674 2686 746 populo
2716 676 2940 744 dicunt,
2965 679 3182 751 quibus
3211 681 3430 740 dictum
3453 690 3578 741 est:
3605 687 3670 742 In
3705 703 3847 760 pce-

2180 761 2330 818 catis
2359 763 2572 818 vestris
2603 764 2824 820 venditi
2855 767 2962 822 esti
2996 768 3146 840 (lsai.
3181 773 3243 839 1).
3287 771 3420 828 Ideo
3449 773 3576 831 sine
3614 775 3841 848 pretio,

2178 849 2318 922 quia
2347 867 2464 906 non
2495 856 2585 908 est
2613 853 2834 910 effusus
2865 857 3106 929 sanguis
3151 859 3300 932 Agni
3347 877 3452 933 pro
3481 863 3584 920 eis.
3619 865 3667 922 H
3701 865 3842 922 Non

2177 937 2288 994 fuit
2315 937 2628 996 multitudo
2659 942 2717 996 in
2742 945 3298 1006 commutationibus
3328 967 3548 1008 eorum.
3573 953 3616 1008 C
3655 953 3844 1010 Com-

2176 1026 2418 1084 mutatis
2440 1032 2528 1084 est
2558 1029 2692 1084 data
2721 1031 2802 1087 rei
2851 1036 3098 1106 aequalia
3137 1039 3438 1112 consequi.
3463 1041 3516 1116 ,Η
3563 1043 3679 1098 Sed
3737 1043 3844 1100 hic

2172 1113 2344 1171 vilior
2373 1122 2496 1172 erat
2528 1134 2751 1176 merces
2781 1137 2906 1193 quae
2937 1123 3048 1179 fuit
3073 1125 3310 1182 vendita
3339 1113 3492 1200 quod
3535 1133 3841 1203 precium,

2173 1203 2304 1261 ideo
2335 1223 2450 1260 non
2481 1209 2571 1263 est
2599 1211 2976 1268 commutatio
3008 1213 3179 1270 facta.
3203 1217 3348 1272 Nam
3388 1217 3673 1276 Dominus
3725 1239 3839 1294 po-

2173 1291 2379 1365 pulum
2413 1311 2586 1367 quem
2613 1313 2727 1354 non
2749 1315 2913 1369 auro,
2931 1303 3032 1358 sed
3057 1305 3415 1376 comparavit
3434 1308 3668 1382 proprio
3691 1291 3842 1367 san-

2172 1381 2350 1456 guine
2369 1383 2418 1453 (l
2435 1386 2580 1441 Petr.
2617 1389 2678 1458 ι),
2702 1387 2760 1442 id
2791 1391 2880 1444 est
2906 1388 3234 1450 humanum
3264 1411 3454 1468 genus
3484 1381 3840 1471 inipeccatis

2165 1471 2370 1543 jacens
2400 1471 2684 1532 liberavit.

2172 1578 2240 1634 15
2315 1583 2557 1638 Posuisti
2584 1599 2682 1640 nos
2705 1586 3060 1658 opprobrium
3089 1591 3286 1648 vicinis
3318 1597 3523 1652 nostris
3553 1615 3572 1652 :

2309 1669 2805 1730 Subsannationem
2837 1683 2889 1731 et
2915 1676 3158 1735 derisum
3187 1679 3272 1737 his
3301 1684 3399 1755 qui
3423 1693 3553 1742 sunt
3601 1689 3662 1742 in
3690 1687 3837 1744 ἐἰν-

2381 1763 2534 1817 cuitu
2561 1771 2765 1820 nostro.

2241 1865 2282 1919 C
2311 1865 2458 1922 Cum
2492 1867 2636 1924 dicit
2673 1870 2944 1941 posuisti,
2977 1876 3234 1932 ostendit
3279 1878 3639 1938 immobilem
3688 1901 3836 1957 pas-

2167 1951 2417 2022 sionem,
2452 1973 2570 2028 qua
2598 1958 2785 2015 sancti
2815 1977 2850 2016 a
2878 1961 3106 2032 vicinis,
3138 1965 3196 2020 id
3228 1971 3318 2022 est
3347 1951 3852 2041 persecutoribus.

2167 2041 2491 2130 patiuntur.
2506 2044 2897 2118 Opprobrium
2929 2056 3134 2109 contra
3155 2056 3405 2127 probum
3429 2059 3684 2130 positum
3710 2066 3829 2120 est.

2164 2129 2311 2186 Nam
2343 2131 2498 2188 sicut
2526 2135 2725 2191 omnia
2753 2139 2935 2209 proba
2955 2141 3166 2198 decora
3193 2148 3352 2213 sunt,
3377 2129 3461 2203 sic
3493 2147 3837 2208 indecentia

2162 2220 2476 2292 opprobria
2496 2227 2652 2279 sunt.
2670 2225 2909 2284 Derisus
2953 2245 3087 2286 vero
3097 2248 3204 2286 vox
3220 2239 3308 2289 est
3323 2236 3565 2293 confusa
3581 2237 3831 2308 latitius,

2162 2307 2603 2368 insultationem
2637 2331 2806 2372 suam
2829 2317 3184 2376 denuntians
3205 2321 3592 2382 immoderata
3611 2322 3833 2384 hilari-

2161 2400 2298 2455 tate.
2325 2399 2429 2465 Qui
2460 2406 2600 2490 sunt
2629 2402 2688 2458 in
2721 2403 2969 2462 circuitu
3001 2414 3223 2480 nostro,
3254 2411 3522 2472 inﬁdeles
3550 2421 3608 2472 et
3636 2420 3832 2490 perﬁ-

2160 2485 2268 2542 dos
2297 2490 2534 2562 exponit
2560 2489 2677 2550 illis
2703 2493 2916 2552 verbis.

2161 2592 2230 2647 16
2301 2597 2546 2652 Posuisti
2569 2613 2665 2654 nos
2696 2600 2755 2654 in
2787 2602 3215 2660 similitudinem
3240 2609 3496 2676 gentibus
3524 2629 3545 2666 :

2303 2684 2724 2744 Commotionem
2749 2691 2944 2762 capitis
2959 2693 3035 2768 lin
3058 2696 3295 2766 populis.

2228 2788 2270 2844 C
2285 2789 2568 2864 Martyres
2583 2792 2741 2850 enim
2758 2795 2932 2868 positi
2947 2803 3088 2855 sunt
3107 2800 3168 2856 in
3185 2801 3634 2862 similitudinem
3649 2807 3830 2867 Chri-

2157 2875 2252 2969 sti,
2287 2880 2522 2969 quando
2553 2880 2710 2938 enim
2740 2889 2943 2956 gentes
2965 2887 3206 2959 paribus
3237 2891 3426 2962 poenis
3446 2895 3823 2969 afﬁigebant.

2155 2965 2478 3025 Commotio
2510 2971 2716 3042 capitis
2736 2978 2793 3028 et
2822 2976 3178 3048 martyribus
3206 2980 3450 3054 contigit
3471 2965 3622 3056 (quis
3655 2986 3828 3044 facta

2156 3059 2246 3110 est
2274 3072 2333 3111 m
2367 3059 2636 3129 passione
2657 3061 2914 3132 Domini)
2936 3080 3071 3120 cum
3093 3083 3192 3122 eos
3222 3067 3411 3142 iniqui
3441 3071 3830 3146 blasphema-

395 3171 552 3210 nunc
583 3173 838 3232 praesens
867 3161 958 3214 est
985 3141 1240 3234 tempus.
1275 3161 1585 3235 Repulisti,
1606 3164 1665 3220 id
1696 3169 1786 3221 est
1815 3141 2042 3222 dilatio-

2167 3145 2298 3200 bant
2327 3145 2374 3201 H
2423 3164 2556 3203 cum
2589 3148 2876 3218 irrisione,
2894 3151 2982 3208 vel
3014 3155 3219 3226 capitis
3261 3141 3676 3219 commotione.
3708 3166 3830 3222 Sed

397 3258 532 3299 nem
565 3245 734 3300 nobis
766 3245 951 3302 fecisti
983 3248 1056 3304 de
1083 3247 1187 3305 illa
1215 3250 1414 3307 futura
1460 3252 1820 3310 beatitudine
1869 3273 2044 3328 quam

393 3331 564 3387 nobis
601 3335 957 3406 promisisti.
991 3337 1340 3406 Confudisti,
1375 3339 1476 3396 illa
1532 3340 1788 3415 gloriosa
1843 3344 2046 3401 confu-

393 3417 579 3490 sione,
611 3437 791 3492 quam
822 3428 1108 3496 martyres
1139 3427 1415 3496 subeunt,
1439 3445 1572 3485 cum
1617 3430 1862 3488 diversis
1889 3433 2044 3504 inju-

325 3571 333 3582 _
391 3505 496 3562 riis
515 3507 882 3582 afﬂiguntur,
908 3512 1166 3570 fustibus
1185 3516 1586 3586 verberantur,
1601 3525 1658 3574 et
1675 3519 1834 3576 velut
1854 3521 2046 3578 crimi-

389 3594 564 3652 nibus
595 3597 1039 3668 obnoxii,morti
1073 3604 1506 3677 mancipantur.
1539 3607 1704 3664 Nunc
1727 3609 1905 3665 etiam
1928 3629 2041 3667 non

387 3684 724 3758 egredietur
749 3687 904 3744 Deus
933 3687 996 3744 in
1025 3689 1342 3748 virtutibus
1374 3699 1699 3768 martyrum
1753 3713 1890 3754 cum
1943 3717 2042 3756 eos

383 3771 864 3832 tribulationibus
895 3777 1116 3844 subdit,
1148 3783 1205 3836 et
1233 3780 1479 3839 diversis
1508 3785 1883 3856 passionibus
1904 3789 2044 3844 sub-

379 3861 578 3934 jacere
608 3865 892 3921 concedit.

387 3950 458 4006 12
527 3951 754 4010 Avetisti
778 3970 878 4010 nos
905 3963 1204 4014 retrorsum
1225 3967 1348 4031 post
1371 3961 1622 4018 inimicos
1651 3971 1860 4021 nostros
1891 3983 1910 4019 :

525 4045 594 4096 Et
621 4043 720 4114 qui
744 4043 977 4101 oderunt
999 4063 1096 4102 nos
1117 4047 1458 4120 diripiebant
1477 4051 1610 4106 sibi.

454 4128 710 4186 CAverti
751 4131 930 4201 enim,
957 4138 1048 4191 est
1094 4135 1323 4193 hostem
1375 4138 1574 4210 fugere
1620 4140 1936 4198 carnalem.
1987 4143 2033 4200 Η

383 4215 678 4274 Debemus
706 4220 864 4277 enim
915 4221 1187 4282 inimicos
1231 4230 1467 4283 nostros
1509 4231 1644 4284 ante
1676 4243 1804 4297 nos,
1840 4229 1898 4285 id
1947 4235 2037 4288 est

386 4306 520 4358 ante
549 4303 750 4362 oculos
771 4312 1007 4366 nostros
1038 4309 1272 4376 habere,
1298 4317 1363 4368 ut
1383 4313 1640 4372 sciamus
1662 4316 1804 4388 quid
1835 4333 2034 4375 cavere

379 4389 718 4480 debeamus.
752 4395 1116 4469 Diripiebant
1154 4401 1288 4456 sibi.
1319 4401 1362 4458 C
1410 4403 1529 4460 Hoc
1567 4403 1714 4461 solet
1761 4407 2032 4480 eil‘ugatis

381 4478 612 4536 evenire
642 4485 708 4537 ut
738 4482 796 4537 in
829 4483 1214 4557 direptionem
1244 4490 1457 4546 cadant
1486 4492 1584 4564 qui
1610 4478 2030 4551 hostibus—suis

377 4565 622 4624 minime
652 4569 1000 4641 praevaleant
1031 4575 1319 4632 resistere.
1355 4577 1400 4633 Η
1431 4578 1796 4653 Diripiebant
1831 4599 2028 4654 perse-

377 4657 610 4712 cutores
641 4663 947 4733 martyres,
975 4678 1109 4718 cum
1136 4663 1328 4738 plagis
1359 4671 1418 4722 et
1442 4667 1683 4741 reliquis
1721 4671 2028 4728 tormentis

374 4759 475 4800 eos
515 4745 822 4804 vexabant.
852 4749 900 4804 A
927 4749 1030 4807 Vel
1071 4769 1200 4825 nos,
1231 4755 1371 4826 quia
1419 4772 1625 4812 sumus
1673 4763 1826 4814 retro
1856 4759 2028 4831 quasi

371 4831 529 4888 victi.
563 4832 651 4890 Illi
681 4840 879 4894 autem
924 4845 1326 4911 persecutores
1373 4846 1530 4912 ante,
1562 4845 1730 4918 quasi
1779 4847 2026 4906 victores

375 4937 482 4978 nos
513 4923 757 4982 irrident
785 4931 842 4984 et
873 4932 1167 5002 torquent.

376 5009 444 5064 13
515 5011 723 5069 Dedisti
749 5033 848 5072 nos
876 5025 1138 5092 tanquam
1162 5037 1288 5077 ores
1315 5039 1566 5080 escarum
1593 5043 1616 5078 ,ο

514 5101 582 5155 Et
609 5102 668 5156 in
697 5107 945 5172 gentibus
972 5109 1284 5181 dispersisti
1311 5128 1428 5168 nos.

446 5184 488 5239 C
515 5185 660 5244 Esca
691 5191 848 5247 enim
877 5192 1150 5266 luporum
1181 5203 1272 5256 est
1299 5201 1494 5256 ovium
1536 5207 1846 5260 mansueta
1874 5201 2022 5260 sim-

373 5271 627 5364 plicitas,
661 5293 788 5348 quae
828 5285 1186 5356 martyribus
1239 5289 1447 5345 merito
1493 5296 1888 5364 comparatur,
1919 5292 2022 5364 qui

371 5361 558 5417 occidi
588 5381 623 5420 α
653 5370 1124 5437 persecutoribus
1156 5375 1284 5432 sine
1313 5361 1739 5436 concertatione
1787 5381 2018 5454 acquie-

371 5455 562 5506 scant.
597 5453 665 5508 Et
697 5453 755 5509 in
786 5458 1083 5528 gentibus,
1117 5463 1315 5520 traditi
1360 5473 1646 5541 martyres
1689 5453 2016 5527 libertatem

369 5554 538 5596 suam
569 5557 705 5599 cum
731 5545 1100 5616 patrimoniis
1121 5551 1517 5624 perdiderunt.

2153 3241 2204 3288 et
2231 3235 2282 3289 si
2309 3237 2432 3306 quis
2459 3253 2624 3304 nunc,
2657 3255 2688 3294 o
2710 3241 2853 3305 Iesu,
2887 3243 2947 3296 in
2976 3250 3027 3298 te
3051 3246 3143 3315 pie
3171 3247 3350 3304 vivere
3375 3251 3825 3324 votuerit,proti-

2153 3338 2260 3378 nus
2280 3325 2464 3396 iniqui
2491 3325 2866 3398 btasphemant
2890 3346 3014 3387 cum
3041 3333 3299 3392 irrisione
3321 3338 3406 3394 vel
3432 3341 3627 3412 capitis
3659 3359 3821 3399 com-

2151 3413 2411 3468 motione.

2155 3517 2222 3574 17
2301 3520 2427 3575 Tota
2453 3520 2542 3576 die
2570 3525 2894 3581 verecuadia
2912 3543 3034 3584 mea
3061 3537 3251 3586 contra
3279 3549 3366 3588 me
3393 3543 3471 3591 est
3497 3555 3516 3590 :

2293 3609 2360 3663 Et
2387 3609 2640 3683 confusio
2666 3613 2840 3684 faciei
2855 3631 2994 3674 mea
3020 3622 3295 3691 cooperuit
3321 3640 3424 3679 me.

2223 3712 2268 3768 H
2301 3713 2585 3773 Dominus
2615 3717 2736 3774 haec
2760 3721 2818 3775 in
2841 3728 3147 3796 assumpta
3175 3742 3347 3784 carne
3367 3729 3647 3804 loquitur,
3665 3735 3821 3806 quia

2149 3803 2273 3857 tota
2290 3801 2382 3859 die
2411 3807 2820 3864 verecundiam
2843 3826 2948 3882 pro
2969 3813 3140 3870 nobis
3159 3801 3490 3889 patiebatur
3509 3801 3815 3894 Christus,

2150 3893 2324 3984 atque
2354 3892 2754 3950 confusionem
2787 3897 2983 3970 etiam,
3017 3918 3207 3976 usque
3235 3905 3309 3962 ad
3339 3906 3536 3980 ipsum
3565 3892 3814 3984 patibu;

2148 3975 2269 4034 lum
2303 3979 2513 4037 crucis.
2537 3984 2576 4038 C
2607 3983 2765 4041 Solet
2792 3975 3142 4046 verecundia
3161 3993 3232 4048 ad
3264 3975 3630 4055 momentum
3647 4003 3817 4058 veni-

2147 4081 2228 4136 re,
2243 4071 2300 4122 et
2327 4067 2483 4124 brevi
2517 4074 2775 4144 tempore
2804 4076 3006 4133 sedata
3033 4079 3350 4152 discedere,
3367 4083 3481 4142 ista
3508 4103 3642 4144 vero
3663 4106 3810 4164 gra-

2144 4154 2388 4212 vissima
2419 4158 2548 4228 fuit,
2575 4177 2705 4234 quae
2725 4164 2952 4238 jugiter
2977 4171 3379 4239 permanebat.

2147 4263 2212 4318 18
2283 4265 2323 4320 A
2355 4281 2478 4322 voce
2503 4269 2892 4340 exprobrantis
2919 4281 2972 4330 et
2999 4275 3335 4348 obloqnentis
3365 4298 3385 4334 :

2282 4356 2323 4410 Α
2355 4355 2499 4424 facie
2528 4358 2750 4414 inimici
2765 4368 2816 4415 et
2839 4368 3234 4436 persequentis.

2213 4457 2260 4512 H
2303 4460 2348 4515 A
2392 4477 2528 4518 voce
2571 4466 3002 4536 exprobrantis,
3054 4487 3194 4528 oum
3241 4473 3531 4532 diceretur
3585 4478 3687 4535 ei:
3734 4483 3802 4538 Si

2216 4511 2259 4512 η
2303 4511 2348 4515 __
2406 4511 2526 4518 --_-
2574 4511 3002 4536 -..r-........-..-,
3054 4511 3194 4528 υιηιι
3241 4511 3521 4532 υιυυιῠυιιι
3585 4511 3639 4534 σι
3670 4511 3687 4535 ε
3734 4511 3802 4538 ῡι

2060 4511 2108 4576 D
2137 4543 2320 4603 Filius
2359 4548 2459 4604 Dei
2490 4565 2573 4618 es,
2607 4553 2894 4612 descende
2909 4557 2980 4613 de
3005 4575 3196 4616 cruce.
3230 4565 3276 4618 A
3306 4563 3450 4620 facie
3479 4565 3802 4637 inimici,id

2137 4637 2226 4728 est
2253 4635 2450 4706 Judae;
2479 4643 2536 4728 et
2567 4643 2992 4714 persequentis,
3028 4648 3228 4720 populi
3256 4651 3464 4708 Judaei.
3497 4654 3538 4710 C
3569 4635 3801 4728 Expro-

2135 4721 2326 4814 brare,
2357 4731 2448 4782 est
2491 4725 2551 4782 in
2603 4729 2809 4786 faciem
2859 4733 3234 4806 maledicere;
3267 4739 3524 4814 obloqui,
3558 4721 3797 4804 absenti

2134 4811 2436 4870 detrahere
2466 4819 2523 4870 et
2549 4815 2750 4874 dolose
2779 4818 3037 4893 aliquem
3067 4841 3337 4886 sermone
3367 4811 3650 4889 mordere.

2134 4917 2204 4972 19
2273 4921 2402 4976 ch
2425 4925 2612 4979 omnia
2638 4935 2902 4984 venerunt
2928 4946 3096 5002 super
3115 4949 3213 4990 nos
3241 4953 3262 4990 :
3290 4953 3390 4992 nec
3418 4937 3582 4994 obliti
3596 4956 3794 5000 sumus

2344 5016 2414 5074 ιϐ.

2273 5097 2340 5152 Et
2365 5099 2558 5172 inique
2579 5118 2690 5157 non
2717 5105 2931 5172 egimus
2961 5109 3020 5163 in
3051 5115 3369 5170 testamento
3400 5123 3510 5172 tuo.

2204 5200 2251 5256 H
2282 5201 2413 5259 Haec
2470 5207 2689 5276 omnia,
2718 5226 2827 5266 vox
2879 5217 3227 5288 martyrum,
3261 5219 3461 5276 omnia
3507 5238 3636 5294 qua:
3695 5229 3786 5295 tu,

2131 5288 2394 5380 Domine,
2423 5293 2710 5366 pertulisti
2746 5315 2760 5354 :
2795 5304 2851 5354 et
2881 5317 2988 5358 nos
3011 5305 3213 5360 eadem
3264 5288 3632 5380 pertulimus.
3668 5288 3790 5372 Nec

2129 5377 2292 5432 obliti
2325 5385 2667 5451 sumus,sed
2699 5391 2755 5442 te
2786 5405 3020 5462 semper
3047 5377 3296 5452 confessi
3329 5414 3560 5454 sumus.
3584 5401 3654 5456 Et
3677 5401 3789 5459 ini-

2129 5481 2242 5538 que
2261 5483 2374 5524 non
2397 5471 2708 5543 egimus,id
2744 5481 2835 5532 est
2863 5477 3115 5536 ﬁdeliter
3133 5483 3578 5554 praadicavimus
3608 5495 3788 5548 testa-

2128 5561 2392 5613 mentum
2425 5563 2616 5631 tuum,
2650 5567 2708 5620 et
2738 5565 2990 5624 ﬁdeliter
3014 5569 3266 5631 viximus
3296 5574 3356 5632 in
3406 5580 3782 5638 testamento.
