4112 6176
206 233 326 298 185

1435 227 1863 292 EXPOSITIO
1907 228 2398 297 PSALMORUM
2410 278 2423 293 .

3525 229 3644 293 186

207 366 323 425 Nec
352 365 539 423 obliti.
571 366 611 424 C
638 364 781 422 Nam
810 364 907 439 qui
956 362 1122 420 illum
1173 362 1384 420 mente
1436 360 1716 429 retinent,
1749 362 1879 434 ejus
1907 363 1963 430 Α
1991 365 2090 419 tur
2117 364 2392 435 dormire,
2429 367 2665 439 quando
2698 369 2897 426 nostra
2926 365 3275 442 exspectatio
3309 362 3506 422 divina
3527 363 3647 421 dis-

209 460 632 512 testamentum
663 454 925 512 nesciunt
952 450 1236 508 oblivisci.

210 546 281 601 30
325 551 384 610 αξ-
410 547 487 600 Et
528 550 542 609 ζ
586 561 693 600 non
720 545 931 600 recessit
954 551 1097 599 retro
1124 558 1221 598 cor
1249 548 1525 597 nostrum
1560 559 1579 594 :

353 636 418 689 Et
448 633 736 689 declinasti
763 634 980 688 semitas
1008 640 1128 687 tuas
1158 648 1192 687 a
1223 632 1320 686 via
1354 637 1480 685 tua.

280 722 323 778 C
354 722 530 778 Retro
561 721 709 778 redit
735 738 831 778 cor
854 737 1049 777 eorum
1081 720 1182 793 qui
1216 720 1293 775 de
1325 716 1577 775 Domini
1621 717 1881 773 bonitate

212 812 556 884 desperant;
589 811 740 885 quod
768 810 861 866 isti
890 809 1126 865 minime
1156 809 1461 875 fecerunt,
1498 806 1601 879 qui
1626 823 1790 878 spem
1819 807 1878 863 in

212 901 463 958 Domino
492 900 705 955 habere
735 898 953 972 probati
981 900 1135 955 sunt.
1168 895 1281 952 Via
1312 894 1486 952 enim
1536 911 1572 950 a
1618 895 1882 951 violentia

213 994 610 1063 nuncupatur.
631 988 839 1045 Semita
862 988 953 1043 hic
982 988 1043 1043 in
1075 986 1229 1043 malo
1262 984 1474 1058 posita
1505 988 1617 1049 est,
1631 1000 1697 1040 eo
1720 987 1877 1058 quod

214 1079 357 1137 dicit
388 1083 644 1136 nostras.
676 1079 843 1135 Recte
873 1078 1026 1133 enim
1075 1077 1353 1132 humanae
1408 1073 1660 1141 semitas,
1692 1073 1751 1129 id
1791 1078 1882 1131 est

214 1167 550 1241 voluptuosi
580 1172 637 1224 et
665 1166 915 1223 umbrosi
946 1165 1121 1222 calles
1139 1182 1288 1238 quos
1312 1160 1597 1219 ambulat
1619 1161 1882 1220 humana

216 1258 534 1331 fragilitas,
569 1275 602 1313 a
625 1257 714 1313 via
743 1273 991 1329 superna
1020 1254 1215 1311 divisae
1246 1254 1564 1317 dicuntur,
1598 1252 1738 1324 quia
1767 1252 1880 1309 illa:

216 1349 446 1404 ducunt
476 1347 551 1403 ad
581 1344 976 1413 mortem,haec
996 1344 1088 1401 via
1117 1343 1281 1399 ducit
1304 1342 1379 1398 ad
1407 1340 1756 1413 sospitatem
1780 1344 1882 1400 de-

218 1436 616 1494 siderabilem.
647 1437 692 1492 Α
717 1434 814 1491 Vel
846 1433 1170 1502 declinasti,
1205 1432 1265 1488 id
1297 1434 1393 1488 est
1423 1428 1716 1503 repulisse
1731 1431 1885 1489 vide-

220 1526 303 1583 ris
334 1525 555 1584 nostris
584 1522 1047 1598 persecutoribus
1098 1521 1343 1579 semitas
1390 1523 1631 1577 nostras
1671 1521 1879 1589 bonas,

219 1633 368 1688 quas
420 1613 791 1671 ambulamus
843 1614 902 1669 in
951 1610 1462 1676 tribulationibus,
1498 1609 1559 1665 in
1607 1626 1673 1667 eo
1723 1611 1881 1685 quod

223 1703 516 1777 sequitur.
974 1720 983 1727 '

227 1793 295 1847 21
376 1793 649 1861 Quoniam
676 1792 977 1847 humiliasti
1003 1806 1101 1845 nos
1132 1791 1188 1844 in
1226 1789 1337 1844 loco
1358 1786 1703 1859 ufﬂictionis.

374 1883 440 1937 Et
463 1883 734 1953 cooperuit
761 1897 856 1936 nos
886 1880 1081 1935 umbra
1109 1878 1323 1934 mortis.

301 1970 349 2026 Η
379 1969 681 2026 Hmiliati
711 1987 914 2025 sumus
946 1969 1003 2023 in
1035 1968 1162 2023 loco
1189 1963 1553 2031 al'ﬂictionis,
1586 1964 1643 2023 id
1691 1970 1780 2022 cst
1824 1965 1883 2022 in

227 2076 471 2132 corpore
501 2059 633 2126 isto,
658 2059 714 2114 in
745 2076 857 2131 quo
886 2073 1186 2114 versamur
1217 2059 1274 2112 et
1304 2052 1631 2126 afﬂigimur
1649 2059 1889 2128 propter

232 2147 559 2204 Christum.
591 2146 868 2203 CUmbra
914 2146 1121 2203 mortis
1168 2145 1295 2200 vitae
1348 2142 1526 2198 istius
1572 2144 1885 2199 transitum

232 2236 401 2303 dicit,
416 2235 515 2308 qui
538 2236 750 2292 sanctis
770 2240 825 2291 et
846 2234 1247 2308 peccatoribus
1270 2232 1556 2306 probatur
1576 2248 1704 2288 esse
1726 2250 1886 2289 com-

233 2325 459 2379 munis.
494 2322 597 2379 Illa
621 2339 750 2379 vero
781 2340 939 2379 mors
986 2339 1122 2378 vera
1167 2326 1275 2387 est,
1308 2337 1427 2393 qua
1477 2319 1641 2392 impii
1673 2326 1892 2376 aaterna

232 2404 617 2468 damnatione
649 2413 988 2484 puniuntur.
1019 2413 1059 2467 ll
1086 2410 1207 2467 Etsi
1239 2408 1397 2466 enim
1422 2408 1612 2464 sancti
1632 2409 1726 2466 hic
1747 2410 1893 2465 affli-

237 2506 467 2575 guntur
482 2505 539 2557 et
555 2501 721 2556 morti
749 2499 1347 2565 destinantur,vivunt
1362 2502 1562 2554 tamen
1592 2502 1732 2567 Deo;
1760 2498 1892 2555 ideo

233 2589 364 2645 haec
396 2606 557 2645 mors
588 2589 792 2644 umbra
818 2588 1050 2657 mortis,
1081 2604 1196 2643 non
1226 2604 1386 2643 mors
1417 2590 1527 2643 est.

238 2680 315 2732 22
390 2678 452 2734 Si
478 2678 639 2733 obliti
662 2694 848 2733 sumus
876 2694 1074 2733 nomen
1102 2678 1203 2734 Dei
1229 2678 1428 2733 nostri.

403 2771 459 2831 νέ-
485 2766 551 2821 Et
592 2773 605 2830 ξ
646 2768 697 2822 si
723 2766 1086 2839 expandimus
1114 2782 1313 2823 manus
1358 2771 1572 2821 nostras
1617 2764 1687 2820 ad
1724 2766 1897 2820 Deum

457 2856 720 2911 alienum.

306 2946 363 2997 Η
394 2942 452 2998 Si
488 2942 649 2998 obliti
680 2960 886 2999 sumus
915 2960 1126 3000 nomen
1176 2942 1291 3011 Dei,
1328 2942 1385 2997 id
1435 2946 1526 2999 est
1572 2942 1893 2998 Christum.

240 3032 301 3087 Si
335 3032 729 3104 expendimus
759 3049 970 3088 manus
1002 3033 1074 3089 ad
1110 3034 1289 3089 Deum
1322 3031 1580 3088 alienum
1612 3031 1669 3087 id
1701 3034 1793 3088 est
1823 3031 1894 3087 ad

235 3120 499 3176 idolum.

234 3209 311 3263 23
391 3208 584 3264 Nonne
611 3213 754 3265 Deus
782 3212 1019 3281 requiret
1040 3211 1184 3266 ista?

392 3299 513 3369 Ipse
538 3300 687 3353 enim
715 3300 866 3355 novit
894 3298 1203 3355 abscondita
1230 3298 1431 3355 cordis.

313 3384 363 3440 C
393 3384 617 3454 Nonne,
648 3402 783 3441 cum
815 3386 1065 3459 pondere
1094 3386 1596 3460 pronuntiandum
1626 3390 1733 3453 est,
1760 3403 1897 3458 quo-

236 3474 409 3529 niam
440 3473 855 3546 gravissimum
884 3480 970 3531 est
998 3477 1150 3548 apud
1182 3477 1392 3542 Deum,
1428 3475 1478 3531 si
1508 3475 1565 3530 in
1598 3476 1727 3547 ejus
1762 3474 1896 3530 reli-

233 3561 419 3634 gione
449 3567 738 3633 peccetur.
771 3563 1077 3635 Requirere
1107 3567 1307 3621 autem
1348 3563 1628 3632 solemus,
1662 3563 1895 3636 quando

233 3649 347 3705 illa
373 3649 783 3707 desideramus
811 3668 1138 3725 agnoscere,
1172 3670 1303 3727 qun
1335 3657 1593 3709 nostram
1627 3652 1896 3708 novimus

232 3737 666 3795 conscientiam
698 3756 813 3795 non
843 3743 1052 3797 tenere.
1086 3741 1205 3797 Hoc
1229 3742 1290 3797 in
1322 3741 1437 3797 Deo
1469 3757 1582 3797 non
1615 3744 1722 3809 est,
1758 3739 1897 3812 quia

230 3826 446 3884 omnia
492 3826 682 3896 novit;
715 3828 816 3884 sed
861 3828 1072 3885 dicitur
1116 3830 1438 3903 requirere,
1471 3830 1610 3886 dum
1663 3846 1767 3901 pro
1812 3829 1896 3884 eis

229 3912 351 3972 nos
399 3914 675 3988 puniens,
706 3916 845 3973 facit
888 3930 1082 3974 eorum
1133 3936 1244 3975 nos
1300 3917 1610 3974 recordari.
1638 3918 1707 3973 Et
1758 3917 1899 3990 quia

229 4005 532 4078 agebatur
562 4005 633 4061 de
662 4004 956 4080 religionis
980 4009 1213 4075 affectu,
1247 4007 1349 4081 qui
1378 4006 1438 4061 in
1488 4007 1659 4062 corde
1704 4004 1895 4078 magis

230 4094 427 4167 qdam
462 4093 720 4165 corporis
752 4094 1047 4153 devotione
1077 4096 1323 4171 geritur,
1352 4093 1532 4163 addit,
1567 4094 1692 4167 ipse
1741 4093 1898 4151 novit

230 4181 447 4240 cordis
476 4181 834 4239 abscondita.
862 4185 906 4239 A
936 4186 1001 4241 Et
1030 4203 1158 4258 quae
1186 4184 1310 4240 sint
1337 4182 1437 4239 illa
1468 4199 1481 4238 :
1515 4183 1797 4255 sequitur.

230 4273 315 4328 24
390 4274 677 4343 Quoniam
695 4277 917 4345 propter
941 4281 993 4329 te
1017 4276 1418 4346 mortiﬁcamur
1446 4276 1558 4328 tota
1584 4272 1674 4329 die
1704 4290 1717 4329 :

388 4359 680 4415 .Estimati
704 4376 892 4416 sumus
919 4364 1061 4434 sicut
1088 4378 1209 4419 oves
1238 4361 1542 4417 occisionis.

1990 454 2336 526 pensatione
2362 455 2686 530 elongatur.
2714 457 3015 529 Repetitur
3034 472 3300 530 exsurge,
3335 458 3401 510 ut
3431 452 3647 527 quibus

1988 540 2145 596 videt
2175 542 2436 614 pericula
2486 561 2765 612 crescere,
2796 562 2911 600 non
2961 545 3151 600 tardet
3198 542 3523 599 subvenire.
3566 541 3650 597 Ne

1991 629 2240 701 repellas
2268 630 2327 686 in
2352 632 2612 699 finem,id
2639 638 2728 689 est
2760 634 2858 688 ubi
2890 638 3028 689 sunt
3049 631 3288 705 praemia
3316 632 3646 698 beatorum,

1991 718 2093 772 ubi
2123 719 2483 791 martyribus
2514 738 2738 777 corona:
2768 724 3190 795 praeparantur.
3224 721 3269 776 H
3307 721 3367 776 ln
3420 720 3598 776 linem
3634 735 3647 774 :

1992 805 2200 861 mortis
2232 810 2460 863 aeternae
2492 809 2733 865 scilicet.

1990 896 2062 949 26
2136 899 2325 967 Quare
2350 898 2552 968 faciem
2579 907 2732 955 tuam
2762 902 3004 955 avertis!

2138 983 2488 1042 Oblivisceris
2511 988 2719 1059 inopia:
2738 996 2939 1045 nostra:
2954 996 3006 1043 et
3023 986 3398 1043 tribulationis
3412 993 3618 1043 nostra
3633 989 3658 1042 Ρ

2066 1071 2112 1127 Η
2146 1073 2542 1133 Avertit‘Deus
2575 1076 2780 1132 faciem
2814 1077 2885 1132 ad
2916 1080 3170 1148 tempus,
3203 1078 3272 1131 ut
3299 1074 3505 1146 probet
3532 1073 3657 1129 ele-

1992 1163 2120 1216 ctos
2150 1177 2309 1217 suos.
2344 1162 2384 1217 C
2415 1162 2785 1221 Oblivisceris
2818 1164 3045 1237 inopiae,
3079 1164 3189 1220 hoc
3208 1167 3300 1220 est
3332 1179 3345 1217 :
3379 1163 3472 1219 cui
3518 1180 3659 1219 con-

1994 1266 2270 1306 sueveras
2302 1253 2633 1320 subvenire,
2663 1270 2840 1326 quam
2873 1253 2956 1309 sic
2986 1252 3045 1308 in
3076 1252 3209 1309 aliis
3264 1269 3427 1308 amas
3460 1270 3473 1308 ε
3509 1256 3576 1309 ut
3605 1257 3665 1311 te

1995 1338 2233 1410 inopem
2266 1339 2448 1396 dicas.
2485 1343 2722 1398 Addidit
2764 1341 3162 1398 tribulationis
3214 1345 3449 1399 nostris.
3480 1343 3669 1416 Cujus

1996 1425 2397 1484 tribulationis
2419 1428 2679 1487 clemens
2697 1446 2928 1502 semper
2944 1429 3220 1487 Christus
3244 1431 3540 1504 inspector
3555 1438 3667 1490 est.

1994 1536 2067 1588 27
2144 1533 2413 1601 Quoniam
2442 1537 2741 1595 humiliata
2769 1545 2848 1594 est
2869 1539 2927 1593 in
2954 1537 3185 1610 pulvere
3209 1540 3404 1596 anima
3437 1549 3629 1599 nostra
3655 1561 3675 1599 :

2144 1623 2579 1693 Conglutinatus
2607 1631 2687 1685 est
2714 1628 2776 1682 in
2805 1634 2953 1683 terra
2982 1631 3174 1684 venter
3206 1636 3411 1686 noster.

1919 1728 1967 1794 Β
2069 1711 2109 1767 C
2143 1711 2619 1770 Humiliaverunt
2644 1732 2707 1773 se
2738 1715 2797 1770 in
2830 1715 3088 1789 pulvere,
3119 1717 3231 1790 qui
3264 1718 3458 1778 cinere
3500 1740 3682 1798 super

1999 1819 2063 1858 se
2090 1817 2296 1874 sparso
2332 1818 2345 1857 ε
2379 1804 2617 1861 animas
2650 1822 2792 1860 suas
2823 1804 3184 1862 discruciant
3214 1809 3285 1864 ad
3322 1813 3682 1873 recordatio-

1998 1906 2134 1948 nem
2159 1894 2560 1963 peccatorum.
2587 1894 2633 1949 H
2655 1892 3103 1967 Conglutinatus
3134 1902 3232 1953 cst
3253 1897 3309 1953 in
3329 1903 3484 1959 terra
3506 1920 3520 1960 :
3541 1922 3680 1964 cum

1998 1996 2132 2036 caro
2164 1978 2525 2049 infirmatur,
2562 1983 2664 2039 sed
2699 1999 2910 2040 sensus
2939 1987 3028 2040 est
3056 1982 3329 2045 intentus
3377 1990 3438 2049 in
3477 1993 3682 2053 coales-

1998 2068 2179 2125 tibus.

1996 2159 2068 2213 28
2141 2159 2407 2229 Exsurge,
2436 2159 2647 2232 adjuva
2678 2178 2774 2219 nos
2804 2181 2822 2218 :

2143 2239 2205 2293 Et
2236 2237 2443 2293 redime
2476 2258 2577 2298 nos
2602 2250 2832 2315 propter
2858 2261 3051 2300 nomen
3084 2254 3263 2303 tuum.

2070 2329 2111 2384 C
2142 2328 2422 2409 Exsurge,
2460 2347 2579 2386 non
2610 2332 2683 2387 ad
2734 2332 3148 2391 dormitionem
3188 2354 3201 2391 :
3235 2338 3337 2393 sed
3368 2340 3439 2394 ad
3479 2358 3676 2400 resur-

2002 2416 2316 2473 rectionem
2345 2421 2435 2473 est
2470 2420 2668 2493 potius
2692 2421 3196 2493 applicandum,in
3229 2444 3345 2499 qua
3376 2420 3685 2490 destructa.

2004 2504 2341 2579 agnoscitur
2372 2505 2641 2566 humana
2672 2511 3001 2583 captivitas.
3020 2512 3127 2569 lllo
3154 2515 3310 2571 enim
3331 2525 3676 2592 resurgente

2004 2593 2191 2667 adjuti
2222 2611 2454 2666 sumus,
2490 2617 2606 2657 non
2638 2603 2880 2673 propter
2923 2602 3203 2662 meritum
3248 2610 3539 2676 nostrum,
3566 2612 3672 2668 sed

2005 2688 2241 2758 propter
2268 2701 2486 2744 nomen
2531 2706 2733 2747 suum.
2769 2690 2905 2746 Ideo
2953 2690 3215 2749 Salvator
3263 2695 3498 2766 dicitur,
3531 2699 3674 2772 quia

2005 2791 2110 2847 per
2135 2774 2384 2846 gratiam
2417 2794 2537 2833 suae
2569 2777 2808 2852 pietatis
2839 2779 3027 2836 salvat
3056 2781 3344 2841 infirmos.

2480 2909 2685 2949 ORATIO
2725 2910 2796 2948 EX
2834 2910 2994 2949 PSAL.
3043 2912 3202 2952 XLIII.

2077 3007 2355 3079 Exsurge,
2398 3007 2659 3072 Domine,
2693 3007 2754 3062 in
2780 3007 3064 3064 auxilium
3111 3016 3399 3078 nostrum,
3432 3016 3490 3068 et
3529 3032 3671 3073 erue

1926 3096 1971 3166 α
2010 3112 2117 3152 nos
2147 3096 2219 3151 ab
2247 3096 2578 3169 opprobriis
2606 3095 2893 3151 viciorum
2915 3113 2927 3152 ε
2948 3101 3006 3152 et
3036 3099 3138 3169 qui
3167 3115 3364 3155 coram
3397 3103 3670 3172 patribus

2005 3185 2225 3242 nostris
2256 3185 2632 3241 inimicarum
2664 3182 2928 3256 gentium
2961 3202 3144 3259 regna
3169 3187 3378 3253 vicisti,
3400 3206 3434 3243 a
3468 3206 3668 3263 perse-

2007 3274 2325 3347 quentibus
2376 3272 2637 3328 inimicis
2682 3270 2880 3328 vultus
2929 3273 3017 3329 tui
3075 3273 3511 3334 illuminatione
3556 3297 3666 3337 nos

2004 3362 2182 3436 eripe.
2218 3363 2324 3422 Per
2351 3362 2666 3420 Dominum
2696 3366 2964 3418 nostrum
2995 3362 3199 3421 Jesum
3223 3364 3663 3441 Christum,etc.

2559 3504 2890 3561 PSALMUS
2928 3505 3117 3564 XLIV.

2433 3610 2832 3651 ARGUMENTUM
2873 3611 3032 3651 PSAL.
3074 3614 3225 3655 XLIV.

2075 3722 2116 3774 C
2144 3719 2429 3793 Propheta
2448 3719 2669 3792 Spiritu
2688 3723 2891 3776 sancto
2913 3720 3663 3793 repletus,incarnationem

2006 3807 2237 3864 Domini
2265 3808 2478 3864 Christi
2529 3826 2590 3864 se
2641 3811 2908 3864 eructare
2954 3811 3270 3881 promittit,
3302 3815 3362 3867 et
3400 3816 3665 3888 mysticis

2003 3896 2322 3953 virtutibus
2352 3914 2633 3970 sponsam
2664 3896 2883 3953 Christi
2913 3898 3194 3956 describit
3214 3899 3554 3959 Ecclesiam.

2150 4004 2263 4060 TT.
2294 4005 2354 4060 In
2387 4005 2554 4076 ﬁnem
2594 4021 2696 4077 pro
2743 4004 2830 4059 his
2877 4006 2975 4076 qui
3020 4008 3508 4065 commutabantur
3528 4011 3665 4082 ﬁliis

2225 4093 2356 4149 Core
2383 4093 2454 4149 ad
2475 4094 2827 4150 intellectum.
2858 4093 3221 4165 XCanticum
3261 4111 3363 4166 pro
3399 4096 3595 4154 dilecto
3636 4105 3651 4164 ζ

2080 4180 2123 4237 C
2153 4181 2218 4236 In
2253 4182 2428 4237 finem
2461 4197 2475 4236 :
2513 4180 2925 4253 perfectionem
2959 4182 3272 4257 significat,
3300 4182 3411 4239 hoc
3434 4189 3525 4242 est
3557 4190 3664 4242 Do-

2009 4269 2237 4325 minum
2269 4269 2586 4326 Christum.
2613 4269 2742 4327 Filii
2775 4272 2918 4327 Core
2952 4288 2964 4327 :
2999 4271 3057 4327 id
3088 4276 3179 4328 est
3210 4270 3312 4327 ﬁlii
3344 4274 3664 4347 crucis,qui

2010 4359 2534 4435 commutabuntur
2553 4358 2891 4416 transiendo
2909 4360 2980 4416 de
2996 4359 3236 4417 tristitia
3256 4360 3437 4434 hujus
3460 4363 3665 4419 mundi

311 4449 357 4505 C
388 4448 580 4505 Morte
599 4465 734 4505 vero
764 4449 913 4506 afﬁci
934 4455 1055 4507 est:
1085 4468 1189 4523 per
1208 4449 1416 4525 longas
1438 4449 1742 4522 passiones
1763 4467 1904 4523 prm-
1931 4466 1979 4531 Ι)
2012 4448 2082 4503 ad
2114 4448 2330 4521 gaudia
2357 4451 2592 4504 aeterna.
2626 4449 2957 4519 Canticum,
2990 4453 3215 4506 textum
3246 4450 3460 4523 psalmi
3485 4451 3666 4526 signi-

236 4537 439 4595 sentis
466 4535 595 4592 vita:
627 4537 841 4594 exitum
873 4556 975 4611 pro
1004 4539 1234 4595 Christo
1264 4537 1536 4611 reperire.
1568 4539 1716 4595 Tota
1762 4538 1855 4595 die
1882 4555 1897 4596 :

236 4643 364 4682 non
386 4641 495 4698 per
524 4630 987 4683 momentaueam
1011 4631 1284 4692 mortem,
1309 4627 1410 4682 sed
1437 4644 1540 4700 per
1566 4626 1903 4684 universum

240 4714 380 4770 vita
431 4719 669 4788 tempus
711 4719 1066 4787 protractum
1124 4715 1296 4772 nobis
1340 4714 1601 4772 fidelium
1650 4715 1907 4773 declarat

239 4804 474 4859 exitum
498 4820 605 4874 pro
637 4804 868 4861 Christo.
898 4805 1020 4861 Ovis
1048 4804 1204 4862 enim
1235 4822 1353 4860 non
1386 4804 1561 4860 habet
1590 4822 1775 4873 arma,
1800 4821 1905 4862 nec

241 4892 427 4949 dente
464 4892 787 4961 contendit,
835 4894 935 4949 sed
995 4893 1271 4949 manibus
1328 4892 1574 4949 latronis
1620 4893 1908 4967 patienter

241 4980 597 5053 acquiescit.
629 4981 720 5036 Sic
751 4981 950 5037 famuli
998 4980 1212 5038 Christi
1264 4980 1417 5037 sicut
1460 4980 1581 5037 ovis
1632 4981 1905 5040 aestimati

243 5073 397 5126 sunt
424 5069 599 5137 mori,
632 5071 909 5142 quoniam
941 5071 1067 5127 sine
1097 5070 1464 5143 contentione
1511 5070 1707 5143 aliqua
1747 5070 1907 5129 vide-

244 5157 471 5214 bantur
501 5158 708 5215 occidi.

243 5248 324 5302 25
396 5247 661 5320 Exsurge,
692 5264 861 5322 quare
890 5247 1176 5314 obdormis,
1216 5249 1487 5304 Domine?

399 5338 646 5409 Exsurge
689 5343 746 5402 ι-Ξ-
770 5342 825 5393 et
866 5350 878 5404 ζ
922 5354 993 5392 ne
1018 5337 1250 5409 repellas
1280 5339 1337 5393 in
1368 5338 1552 5407 ﬁnem.

328 5423 370 5479 C
400 5425 530 5480 Non
561 5429 760 5482 autem
795 5426 910 5482 Deo
939 5424 1206 5481 convenit
1234 5441 1544 5499 exsurgere
1579 5443 1591 5481 :
1627 5426 1726 5498 qui
1759 5444 1908 5482 nun-

253 5527 438 5584 quam
470 5513 734 5570 noscitur
745 5529 918 5586 posse
938 5511 1211 5582 dormire,
1227 5512 1329 5568 sed
1359 5511 1622 5569 humano
1643 5529 1756 5569 usu
1777 5512 1913 5572 dici-

2010 4537 2148 4593 ficat
2180 4553 2193 4591 :
2229 4554 2332 4609 pro
2369 4535 2600 4606 dilecto,
2633 4538 2692 4593 id
2739 4544 2830 4595 est
2882 4540 3125 4596 Domino
3165 4538 3418 4608 Christo,
3451 4542 3521 4597 de
3552 4558 3666 4615 quo

2013 4626 2183 4682 Pater
2212 4624 2387 4682 dixit:
2408 4625 2509 4682 Hic
2540 4631 2630 4683 est
2660 4626 2913 4685 dilectus
2931 4627 3113 4684 Filius
3135 4644 3304 4685 meus
3336 4630 3662 4701 (Matthnn).

2012 4714 2191 4771 Istius
2222 4732 2378 4771 nunc
2408 4714 2740 4787 spirituales
2772 4715 2987 4789 nuptias
3017 4717 3366 4772 referuntur.

2051 4805 2078 4859 1
2156 4805 2435 4860 Eructavit
2463 4819 2557 4860 cor
2580 4819 2770 4859 meum
2794 4805 3017 4861 verbum
3047 4804 3247 4860 bonum
3281 4820 3294 4859 :

2158 4894 2290 4949 Dico
2318 4909 2414 4962 ego
2442 4908 2607 4964 opera
2635 4908 2760 4948 mea
2787 4894 2921 4964 regi.

2084 4983 2125 5038 C
2154 4982 2427 5037 Eructare
2456 4980 2729 5050 dicimus,
2763 4981 2996 5053 quando
3027 4981 3266 5037 satietas
3297 4981 3563 5039 ciborum
3587 4983 3671 5039 di-

2015 5069 2305 5143 gestiones
2334 5068 2753 5127 saluberrimas
2773 5073 3066 5143 evaporat.
3091 5069 3254 5127 Unde
3284 5069 3393 5128 iste
3420 5070 3510 5127 vir
3530 5089 3664 5130 san-

2016 5162 2147 5215 ctus
2173 5156 2385 5214 caelesti
2415 5157 2686 5231 largitate
2713 5158 2959 5214 satiatus
2990 5157 3292 5227 eructavit,
3326 5158 3482 5214 unde
3520 5159 3666 5215 fide-

2016 5246 2091 5304 lis
2114 5246 2365 5321 populus
2396 5247 2906 5303 abundantissime
2927 5251 3283 5320 pasceretur.
3300 5246 3411 5304 Cor
3430 5263 3628 5304 meum
3649 5267 3662 5307 :

2019 5337 2215 5392 sinum
2240 5336 2453 5391 mentis
2476 5335 2750 5410 intelligo.
2769 5336 3028 5393 Verbum
3050 5338 3270 5393 bonum
3296 5354 3308 5392 :
3329 5336 3540 5394 Filium
3564 5338 3664 5394 Dei

2018 5429 2200 5482 vocat.
2237 5426 2423 5499 Opera
2470 5442 2603 5480 vero
2639 5441 2650 5481 :
2685 5425 3035 5498 opusculum
3083 5426 3377 5501 prophetae
3432 5426 3563 5494 fuit,
3613 5430 3668 5483 et

2022 5514 2236 5588 psalmi
2270 5515 2448 5588 hujus
2476 5514 2684 5571 decora
2712 5513 3019 5572 eontextio.
