4112 6176
262 355 372 418 189

1504 354 1934 418 EXPOSITIO
1977 325 2493 422 psALMoaUM.

3577 357 3692 420 i90

260 475 518 547 rabiliter
572 489 742 545 verba
795 487 1076 562 propheta:
1125 486 1389 562 percipe.
1443 485 1826 558 Obliviccrc,
1861 491 1919 546 id
1948 493 2003 559 A
2035 510 2253 564 sponsa
2283 492 2612 566 profecerit,
2646 497 2708 549 ut
2735 509 2838 566 pro
2870 493 3127 550 antiduis
3168 493 3453 567 patribus,
3491 492 3548 547 id
3581 496 3689 560 est,

259 584 368 647 est,
402 579 604 635 desere
633 577 1012 635 conventicula
1041 594 1443 652 paganorum.
1478 581 1735 633 Domum
1772 594 1784 632 :
1821 575 1925 634 Ba-

259 669 553 744 byloniam
585 668 742 736 dicit,
775 669 828 723 id
861 673 944 723 est
974 668 1282 723 mundum.
1321 673 1563 722 Patrem
1602 667 1919 740 diabolum,

261 758 356 830 qui
390 775 591 814 revera
620 757 772 813 illam
803 758 1034 813 domum
1065 755 1444 812 confusionis
1479 755 1847 828 possidebat.

263 849 324 902 13
397 834 465 903 Et
485 849 814 920 concupiscet
842 864 937 902 rex
962 847 1203 902 decorem
1234 854 1406 902 tuum
1443 863 1464 900 :

397 940 672 1007 Quoniam
701 939 808 1009 ipse
852 943 906 1001 ἑο
931 944 1006 992 est
1073 941 1086 1001 ζ
1132 938 1411 993 Dominus
1437 939 1590 992 Deus
1614 937 1741 989 tuus
1870 939 1924 991 et

473 1026 771 1082 adorabunt
799 1041 917 1081 eum
959 1033 972 1091 ζ
1019 1068 1031 1080 .

331 1115 372 1170 C
404 1116 523 1170 Rex
569 1116 760 1188 itaque
806 1115 930 1179 iste,
962 1113 1220 1170 Salvator
1265 1117 1383 1178 est,
1422 1112 1533 1187 qui
1587 1111 1924 1187 concupivit

263 1205 580 1260 Ecclesiam
615 1221 628 1259 :
663 1205 718 1259 in
759 1208 906 1260 sorte
957 1203 1167 1260 diaboli
1217 1203 1639 1259 constitutam.
1677 1201 1806 1274 Ipse
1834 1207 1926 1258 est

261 1295 549 1350 Dominus
580 1299 727 1350 Deus
755 1298 1027 1360 tuus,non
1052 1291 1148 1347 ille
1172 1308 1349 1364 quem
1379 1295 1620 1365 patrem
1645 1289 1880 1348 dicebas
1905 1309 1917 1347 :

259 1385 359 1456 qui
394 1389 450 1439 te
483 1384 692 1439 fecerat
721 1381 1098 1447 tenebrosam,
1131 1382 1234 1438 sed
1269 1380 1376 1453 qui
1413 1377 1738 1452 pristinam
1782 1381 1922 1436 sub-

262 1489 500 1528 movens
524 1472 810 1528 feditatem
835 1488 848 1526 :
874 1469 1374 1544 pulchritudinem
1400 1468 1517 1524 tibi
1543 1467 1791 1522 contulit
1811 1487 1922 1524 nu-

263 1561 527 1634 ptialem,
548 1579 717 1634 quem
749 1578 944 1618 omnes
975 1559 1169 1633 populi
1203 1559 1552 1615 adorabunt
1582 1556 1918 1614 Christiani.

270 1652 338 1706 14
365 1659 418 1717 ἐ-
469 1654 533 1707 Et
578 1661 591 1718 ζ
660 1651 797 1723 ﬁlia:
830 1651 954 1723 Tyri
978 1654 1039 1706 in
1071 1650 1396 1704 muneribus
1433 1666 1451 1701 :

375 1741 594 1796 l'ultum
642 1745 791 1796 tuum
834 1740 1262 1812 deprecabuntur
1308 1745 1365 1804 5-
1405 1752 1598 1793 omnes
1669 1743 1682 1803 ζ
1725 1738 1924 1794 divites

443 1831 639 1902 plebis.

343 1919 384 1974 C
416 1920 604 1992 Tyrus
643 1919 1048 1992 interpretatur
1098 1915 1391 1991 angustia.
1429 1916 1477 1970 H
1511 1915 1581 1969 Et
1628 1914 1927 1989 signiﬁcat

275 2008 504 2064 animas
535 2008 593 2064 in
639 2010 901 2081 angustia
951 2009 1190 2080 positas,
1225 2006 1320 2062 ille
1365 2005 1528 2062 enim
1579 2006 1925 2061 muneribus

274 2098 468 2152 cordis
509 2099 726 2153 adorat.
759 2099 920 2154 Tunc
965 2114 1099 2153 vero
1148 2097 1210 2152 in
1257 2094 1490 2150 vultum
1543 2093 1829 2166 Ecclesiae,
1865 2095 1925 2150 id

277 2190 388 2250 est,
414 2187 470 2240 in
504 2171 806 2242 Christiani
840 2184 1038 2260 populi
1069 2186 1272 2241 faciem
1297 2182 1926 2256 intendimus,quando

277 2275 643 2346 majestatem
676 2274 885 2331 Christi
919 2275 976 2330 in
998 2273 1286 2348 angustiis
1309 2272 1488 2347 positi
1516 2287 1530 2326 :
1556 2272 1667 2344 piis
1693 2273 1928 2328 fletibus

281 2377 612 2419 exoramus.
638 2365 843 2420 Omnes
875 2364 1102 2430 divites,
1129 2380 1243 2418 non
1274 2363 1436 2419 enim
1461 2359 1586 2417 sola
1608 2361 1926 2434 Tyrus,sed

281 2451 459 2506 etiam
492 2437 667 2507 totius
697 2438 899 2508 mundi
933 2454 1190 2508 adunata
1232 2451 1562 2513 diversitas.
1594 2455 1657 2504 ut
1687 2451 1772 2505 sic
1803 2449 1929 2504 vul-

286 2544 380 2594 tus
412 2540 676 2596 Ecclesia:
708 2541 780 2596 sit
811 2540 896 2597 vel
930 2542 1074 2597 ﬁdes
1117 2541 1204 2596 vel
1252 2539 1579 2596 divinitatis
1628 2541 1929 2611 majestas.

289 2629 356 2683 15
432 2630 617 2684 Omnis
647 2631 818 2698 gloria
847 2638 901 2694 σξη
944 2631 1061 2702 ejus
1106 2637 1120 2698 ζ
1189 2631 1326 2700 ﬁliae
1374 2630 1518 2700 regis
1548 2627 1615 2682 ab
1663 2629 1810 2683 intus
1842 2645 1861 2682 :

431 2718 494 2772 In
521 2717 751 2787 ﬁmbriis
778 2721 962 2774 aureis
991 2721 1403 2775 circumamicta
1433 2719 1805 2774 varietatibus.

287 2805 356 2859 16
432 2806 774 2862 Adducentur
803 2811 920 2878 regi
948 2811 1186 2887 virgines
1211 2809 1333 2881 post
1362 2824 1485 2863 eam
1514 2825 1533 2861 :

434 2896 712 2953 Proximee
738 2898 853 2968 ejus
885 2899 1184 2970 afferentur
1215 2898 1337 2953 tibi.

363 2982 629 3039 CGloria
681 2989 768 3040 est
825 2985 1112 3058 siquidem
1172 2986 1461 3050 Ecclesiae,
1523 2987 1757 3057 quando
1807 2983 1939 3039 ﬁliae

283 3071 625 3148 principum
660 3074 777 3129 sive
817 3075 1112 3146 justorum
1162 3079 1582 3131 convertuntur
1628 3075 1699 3130 ad
1743 3073 1942 3130 Domi-

285 3160 459 3227 dum,
483 3164 540 3215 et
570 3166 787 3217 secreta
816 3179 877 3218 se
906 3163 1149 3236 cupiunt
1170 3165 1362 3220 cordis
1393 3162 1695 3219 devotione
1713 3163 1937 3218 offerre.

2034 581 2327 638 idolorum
2375 582 2700 641 cultoribus
2729 600 2742 640 :
2774 583 2896 639 nati
2950 583 3071 639 sint
3119 583 3202 639 illi
3250 581 3353 638 ﬁlii
3398 581 3686 655 apostoli:

2034 688 2183 743 quos
2214 671 2511 744 principes
2539 673 2971 745 praedicationis
3005 674 3062 727 in
3089 677 3206 729 toto
3239 677 3526 727 terrarum
3553 670 3692 726 orbe

2033 761 2384 816 transmisit.
2412 761 2523 817 Sed
2556 767 2847 834 quantum
2879 766 3020 817 sunt
3045 761 3158 817 ista
3177 759 3691 832 disparia,tantum

2032 848 2310 905 laudatur
2343 850 2622 906 Ecclesia.
2654 851 2738 907 Illi
2772 852 2927 907 enim
2955 854 3122 906 erant
3161 850 3498 906 seductores
3529 865 3694 903 erro-

2035 937 2139 1000 ris,
2174 938 2270 993 isti
2302 939 2570 1012 magistri
2620 940 2901 996 veritatis.
2937 939 3023 996 Illi
3075 937 3447 994 seminabant
3492 935 3692 1004 exitia,

2034 1026 2131 1081 isti
2164 1026 2554 1083 hortabantur
2584 1029 2656 1084 ad
2686 1029 2889 1084 vitam.

2036 1114 2104 1168 19
2179 1116 2379 1170 Memor
2409 1132 2499 1171 ero
2527 1119 2770 1172 nominis
2801 1119 2883 1172 tui
2909 1135 2927 1171 .-

2179 1205 2242 1258 In
2271 1206 2424 1258 omni
2451 1209 2800 1276 generatione
2830 1213 2882 1261 et
2913 1207 3283 1274 generatione.

2110 1291 2152 1345 [1
2188 1291 2322 1347 Ideo
2355 1309 2649 1349 memores
2681 1299 2855 1350 erunt
2885 1292 3141 1349 nominis
3171 1293 3282 1363 tui,
3307 1293 3445 1364 quia
3470 1309 3707 1367 semper

2035 1383 2092 1434 te
2122 1379 2532 1451 praedicabunt
2561 1382 2962 1454 apostoli,sive
2983 1382 3358 1437 mdiﬁcabunt
3379 1382 3708 1455 ingenera-

2034 1468 2300 1524 tionibus
2331 1475 2696 1527 sanctorum.
2730 1472 2863 1527 Sive
2893 1469 3146 1542 populus
3169 1471 3546 1529 Christianus
3575 1488 3714 1548 apo-

2035 1555 2320 1612 stolorum
2353 1559 2772 1629 praedicatione
2803 1576 3118 1615 conversus
3144 1576 3382 1616 memor
3400 1561 3509 1618 erit
3530 1564 3718 1620 nomi-

2036 1646 2130 1701 nis
2162 1645 2400 1700 Christi.
2434 1646 2622 1704 Habet
2649 1649 2807 1704 enim
2855 1648 3116 1703 Romana
3166 1649 3483 1708 translatio
3514 1653 3720 1727 (quam

2035 1734 2414 1791 Hieronimus
2448 1735 2542 1790 hic
2573 1742 2632 1792 et
2661 1737 3047 1794 Cassiodorus
3097 1740 3401 1814 sequitur)
3431 1759 3721 1804 memores.

2036 1825 2106 1878 2O
2180 1825 2476 1894 Propterea
2501 1827 2702 1898 populi
2731 1827 3131 1897 conﬁtebuntur
3162 1831 3278 1886 tibi
3308 1832 3364 1887 in
3396 1839 3676 1895 aeternum
3705 1857 3724 1896 :

2181 1913 2244 1967 Et
2276 1913 2336 1966 in
2364 1915 2634 1970 saeculum
2659 1923 2716 1982 θη
2765 1917 2952 1971 scecuti
3015 1923 3064 1982 ζ.

2112 2003 2158 2058 Η
2191 2001 2275 2058 Ob
2307 2018 2516 2057 eorum
2552 2004 3062 2076 praedicationem:
3089 2009 3538 2073 conﬁtebuntur
3557 2019 3726 2077 Chri-

2038 2095 2128 2148 sto
2162 2105 2397 2161 semper
2425 2085 2633 2164 populi
2687 2093 2920 2150 delicta.
2950 2095 3053 2150 Vel
3102 2099 3566 2164 conﬁtebuntur.
3602 2111 3652 2166 Λ
3682 2112 3724 2168 C

2038 2180 2095 2235 id
2124 2188 2202 2235 est
2233 2181 2293 2234 in
2319 2181 2666 2250 confessione
2695 2185 2952 2256 symboti,
2973 2185 3028 2240 id
3049 2191 3131 2242 est
3155 2191 3382 2259 quando
3409 2198 3726 2266 symbolum

2038 2271 2099 2324 in
2149 2267 2418 2324 Ecclesia:
2471 2271 2620 2327 facie
2671 2272 2906 2345 publice
2957 2265 3329 2333 csnﬁten'tur.
3362 2265 3540 2341 AVel
3591 2286 3723 2345 lau-

2039 2358 2232 2413 dando
2262 2357 2718 2449 conﬁtebuntur
2748 2361 2807 2416 in
2842 2363 3124 2419 szeculum
3158 2369 3481 2449 saeculi,hic
3507 2379 3723 2449 etpost

2039 2449 2194 2503 hanc
2222 2445 2402 2502 vitam
2437 2447 2497 2504 in
2531 2455 2843 2507 aeternum.
2877 2454 2941 2507 In
2970 2453 3249 2512 saeculum
3288 2447 3484 2516 saeculi
3518 2445 3722 2524 futura

2042 2536 2336 2609 signiﬁcat
2365 2541 2607 2608 quando
2643 2557 2656 2594 :
2694 2540 2892 2596 omnis
2922 2543 3244 2602 adversitas
3269 2551 3720 2623 conquiescit,et

2043 2629 2250 2698 regnat
2304 2624 2434 2680 sola
2479 2627 2739 2700 justitia,
2768 2630 3179 2690 contrarietate
3237 2635 3451 2692 diaboli
3501 2640 3713 2711 deleta,

2045 2719 2186 2770 tunc
2217 2714 2373 2769 enim
2418 2719 2861 2774 conﬁtebuntur
2892 2735 2904 2774 :
2935 2718 3183 2790 gloriam
3232 2723 3333 2782 Dei
3361 2733 3713 2791 'euarrando

2046 2802 2236 2876 plene.

2525 2913 2733 2951 ORATIO
2772 2913 2841 2951 EX
2882 2913 3039 2952 PSAL.
3083 2915 3231 2956 XLIV.

2121 2981 2347 3038 Christe
2379 2983 2890 3052 Domine,verbum
2918 2985 3102 3041 Patris
3130 2992 3260 3060 (per
3287 3005 3463 3062 quem
3496 3001 3710 3054 cuneta

2051 3074 2245 3126 creata
2276 3074 2416 3126 sunt
2445 3075 2502 3127 et
2531 3071 2848 3140 creantur),
2879 3073 3107 3128 custodi
3140 3093 3480 3147 quwsumus
3513 3083 3707 3141 Eccle-

2051 3158 2201 3214 siam
2232 3164 2397 3216 tuam
2424 3159 2703 3216 varietate
2733 3161 2996 3231 gentium
3025 3170 3537 3236 congregatammt
3561 3172 3706 3229 dum

281 3249 377 3304 Ab
409 3248 753 3328 intusenim
784 3255 870 3308 est
902 3268 914 3306 :
945 3233 1002 3306 in
1035 3258 1255 3309 secreto
1303 3269 1586 3308 sensuum
1618 3269 1679 3308 se
1707 3250 1936 3308 Christo
1968 3233 2011 3302 C
2046 3251 2101 3302 te
2125 3263 2194 3302 ex
2213 3249 2342 3322 ipsa
2363 3247 2975 3318 credulitatisjustitia
2995 3233 3172 3308 corde
3193 3233 3665 3329 purodiligimus
3693 3280 3706 3318 :

283 3338 519 3393 offerre.
555 3339 817 3394 Fimbria:
868 3346 1002 3396 sunt
1047 3342 1300 3397 ﬁnitima
1345 3343 1614 3412 vestium,
1649 3339 1754 3413 per
1791 3357 1940 3412 quas

281 3425 660 3499 signiﬁcatur
710 3429 966 3485 extrema
1009 3431 1125 3486 vita
1171 3430 1480 3487 hominum
1516 3446 1530 3484 :
1567 3447 1692 3503 qua:
1750 3445 1937 3484 aurem

282 3514 458 3569 dictae
491 3521 650 3581 sunt,
684 3517 823 3588 quia
852 3517 907 3572 in
940 3519 1052 3575 ﬁne
1085 3521 1204 3574 tota
1232 3518 1511 3592 perfectio
1544 3523 1652 3584 est,
1677 3517 1778 3574 ubi
1809 3515 1939 3573 cha-

281 3603 435 3658 ritas
469 3593 810 3674 plenissima
837 3605 990 3660 velut
1019 3624 1195 3663 aurea
1224 3593 1528 3679 reperitur.
1563 3604 1940 3662 Circumami-

281 3695 380 3747 cta
409 3692 947 3768 varietate,propter
972 3697 1160 3751 varias
1191 3696 1439 3752 virtutes
1479 3695 1740 3752 ﬁdelium
1772 3694 1936 3762 dicit,

281 3797 441 3852 quas
474 3781 745 3852 Superius
767 3783 1158 3854 exposuimus.

271 3939 276 3942 _
358 3869 401 3923 C
427 3868 808 3946 Adducentur
836 3873 970 3940 regi,
997 3863 1254 3944 virgines,
1280 3872 1475 3928 deinde
1505 3874 1780 3930 viduarEt
1809 3871 1938 3927 vide

281 3956 346 4010 in
381 3949 530 4028 ipsis
562 3951 895 4016 nominibus
927 3977 1037 4016 non
1068 3949 1360 4016 mininam
1393 3972 1522 4018 esse
1569 3961 1934 4017 distantiam.

277 4041 564 4118 Virgines
587 4039 743 4100 enim
761 4039 903 4102 dixit
919 4035 1300 4121 adduci,quia
1327 4050 1657 4124 integritate
1678 4049 1937 4121 corporis

282 4133 546 4188 robusta:
576 4139 732 4189 sunt.
769 4134 980 4192 Viduas
1015 4153 1150 4193 vero
1205 4125 1352 4193 dixit
1394 4138 1605 4206 afferri,
1639 4155 1764 4210 quae
1816 4137 1934 4210 ple-

281 4238 544 4293 rumque
575 4223 766 4278 fractae
813 4224 1053 4281 diversis
1101 4223 1600 4282 sollicitudinibus
1636 4243 1648 4282 :
1679 4226 1938 4299 corporis

281 4309 692 4367 imbecillitate
721 4303 1050 4385 fatigantur.
1081 4315 1414 4371 Aﬁ‘erentur
1443 4314 1622 4387 igitur
1664 4315 1936 4389 proximis

280 4393 542 4463 Christo,
575 4397 684 4454 hoc
717 4405 803 4456 est
828 4401 1010 4456 vidua:
1042 4407 1240 4468 castae,
1277 4419 1402 4473 qua:
1445 4404 1629 4482 gradu
1678 4403 1938 4460 inferiori

269 4489 644 4558 junguntur.
659 4487 803 4542 Nam
825 4506 955 4545 cum
977 4490 1285 4563 virginitas
1316 4490 1524 4546 habeat
1554 4492 1938 4550 centesimum

277 4575 569 4642 fructum,
604 4569 718 4631 ista
746 4571 1105 4656 sexagesima
1133 4569 1402 4656 ubertate
1431 4577 1728 4652 gldriatur.

278 4664 303 4718 4
314 4666 352 4716 7
433 4663 748 4736 Aﬁ'erentur
779 4667 834 4720 in
868 4652 1066 4724 laetitia
1093 4676 1143 4724 et
1171 4652 1537 4724 exsultatione
1566 4686 1583 4722 :

357 4826 360 4828 _
432 4751 782 4808 Adducentur
810 4756 867 4810 in
899 4757 1158 4828 templum
1188 4757 1357 4826 regis.

358 4841 402 4896 C
435 4829 642 4898 Merito
673 4859 807 4916 ergo
836 4839 1057 4899 dictum
1089 4849 1178 4900 est
1225 4844 1562 4900 adducentur
1608 4845 1668 4901 in
1717 4845 1936 4915 laetitia,

280 4928 432 5002 quia
455 4929 559 4986 me
587 4927 810 5003 fragilis
839 4923 1009 4989 sexus
1040 4925 1175 4987 vicit
1201 4932 1580 5005 gravissimas
1630 4951 1938 5008 corporum

281 5019 602 5090 passiones
632 5036 646 5074 :
681 5037 806 5092 quae
836 5011 1350 5093 angelorum'sunt
1379 5021 1721 5078 ministeriis
1753 5025 1936 5080 addu-

281 5111 412 5173 ctae,
448 5124 566 5162 non
599 5107 786 5164 solum
821 5109 878 5163 in
909 5113 1285 5182 conspectum
1317 5111 1417 5165 sed
1451 5109 1626 5166 etiam
1670 5110 1735 5166 in
1784 5117 1935 5168 tem-

284 5195 480 5266 plum,
515 5195 573 5250 id
599 5200 708 5264 est,
740 5195 797 5252 in
831 5193 1149 5269 penetralia
1179 5197 1350 5269 regis,
1382 5199 1439 5253 id
1485 5199 1589 5265 esi,
1622 5199 1681 5254 in
1711 5200 1940 5258 Jerusa-

284 5281 401 5338 lem
439 5284 722 5352 futuram,
759 5284 856 5340 ubi
886 5283 1112 5341 venisse
1144 5301 1158 5339 :
1188 5286 1423 5342 beatum
1453 5287 1734 5359 gaudium
1767 5295 1855 5346 cst
1883 5297 1940 5347 et

285 5371 549 5444 glorlosa
579 5372 884 5428 securitas.

285 5461 355 5516 18
429 5457 542 5517 Pro
567 5461 820 5536 patribus
850 5463 960 5518 tuis
988 5465 1114 5517 nati
1139 5467 1272 5518 sunt
1299 5466 1401 5520 tibi
1426 5464 1582 5536 ﬁlii:

421 5549 744 5630 ¹σθηειίιιιέεις
761 5567 850 5608 eos
865 5547 1145 5624 principes
1173 5566 1335 5624 super
1361 5569 1576 5608 omnem
1606 5562 1826 5612 terram.

355 5638 399 5693 C
433 5637 543 5694 Pro
574 5631 840 5710 patribus
871 5629 1205 5697 tuistunc
1234 5630 1467 5713 exponit
1493 5629 1782 5712 quantum
1815 5646 1936 5703 haec

2048 3335 2443 3410 principatum
2459 3336 2658 3391 aeterni
2678 3337 2876 3392 smculi
2901 3355 3038 3394 cum
3061 3342 3330 3412 patribus
3352 3360 3706 3406 mereamur.

2047 3425 2155 3488 Qui
2186 3443 2322 3482 cum
2355 3426 2540 3494 Patre,
2576 3429 2684 3480 etc.
3035 3429 3044 3438 “

2604 3531 2936 3589 PSALMUS
2976 3535 3146 3591 XLV.

2487 3619 2891 3660 ARGUMENTUM
2933 3623 3092 3662 PSAL.
3134 3626 3260 3665 XLV.

2118 3690 2160 3745 C
2191 3691 2311 3746 Vox
2337 3690 2619 3762 ﬁdelium,
2656 3691 2714 3746 in
2748 3694 3187 3762 perturbatione
3219 3697 3417 3754 saeculi
3442 3700 3558 3759 Deo
3581 3721 3710 3776 pro-

2047 3783 2264 3855 tectore
2295 3779 2441 3834 nihil
2474 3779 2834 3836 timentium.

2119 3870 2232 3924 TT.
2266 3872 2329 3926 In
2357 3871 2523 3940 ﬁnem
2551 3870 2686 3940 ﬁliis
2715 3872 2852 3926 Core
2875 3888 2980 3944 pro
3011 3875 3234 3931 arcanis
3252 3877 3526 3936 Psalmus.

2118 3957 2160 4014 C
2188 3958 2249 4013 In
2284 3959 2459 4014 ﬁnem
2494 3975 2506 4012 :
2544 3963 2748 4014 notum
2781 3965 2873 4016 est
2903 3964 3402 4033 quemadmodum
3435 3969 3508 4024 ad
3541 3969 3707 4026 Chri-

2048 4049 2218 4102 stum
2239 4047 2427 4120 possit
2455 4047 2678 4102 referri.
2716 4046 2844 4103 Filii
2874 4052 3052 4105 Core:
3089 4050 3217 4106 Filii
3269 4053 3613 4128 Christiani,
3640 4075 3708 4114 ex

2049 4152 2301 4207 quorum
2333 4153 2582 4207 persona
2612 4135 2879 4209 psalmus
2910 4138 3020 4194 iste
3041 4138 3410 4198 canitur.Pro
3430 4146 3664 4201 arcanis
3691 4163 3704 4202 :

2050 4222 2363 4278 adventum
2395 4219 2690 4294 signiﬁcat
2720 4223 3060 4291 Salvatoris,
3091 4243 3267 4297 quem
3321 4229 3573 4288 mirabili
3615 4249 3705 4288 se-

2049 4315 2206 4367 creto
2238 4329 2341 4384 pro
2372 4311 2678 4366 hominum
2711 4311 2902 4368 salute
2933 4313 3244 4386 disposuit.

2051 4401 2076 4455 1
2155 4405 2291 4456 Deus
2321 4405 2504 4456 noster
2527 4400 2804 4473 refugium
2829 4410 2881 4457 et
2910 4405 3084 4459 virtus
3115 4421 3134 4459 ,ο

2157 4489 2385 4562 Adjutor
2434 4491 2493 4545 in
2539 4490 2992 4548 tribulationibus
3048 4509 3174 4566 quae
3230 4495 3560 4554 invenerunt
3607 4515 3705 4556 nos

2225 4581 2414 4634 nimis.
2753 4649 2758 4654 π

2119 4669 2158 4720 C
2187 4667 2370 4732 Quam
2402 4666 2648 4739 pulchra
2678 4669 2973 4737 difﬁnitio,
3007 4671 3177 4743 quasi
3207 4671 3706 4747 interrogarentur

2049 4755 2361 4812 Christiani
2396 4772 2409 4811 :
2437 4756 2540 4810 ﬁlii
2571 4761 2730 4813 Core.
2766 4759 2907 4826 Quid
2936 4766 3013 4814 ost
3042 4765 3186 4815 Deus
3234 4766 3456 4818 noster?
3487 4779 3703 4834 respon-

2047 4845 2210 4901 deant
2238 4865 2254 4899 :
2287 4847 2564 4917 refugium
2591 4849 2643 4901 et
2676 4848 2850 4902 virtus
2878 4855 2930 4902 et
2948 4847 3185 4917 adjutor.
3221 4847 3530 4920 Refngium
3564 4851 3703 4907 ﬁde-

2048 4933 2215 4999 lium,
2249 4935 2485 5006 quando
2517 4950 2616 4989 eos
2640 4935 2711 4989 de
2740 4933 2950 4990 animae
2993 4931 3252 5005 periculo
3302 4935 3535 4992 liberat.
3569 4938 3699 4994 Vir-

2046 5028 2165 5090 tus,
2195 5025 2432 5096 quando
2463 5039 2664 5078 eorum
2698 5028 2923 5079 mentes
2949 5021 3236 5080 stabiliter
3264 5025 3337 5081 ab
3370 5025 3574 5098 iniquo
3604 5045 3699 5085 er-

2044 5129 2174 5168 rore
2203 5110 2732 5181 custodit.Ad_jutor
2754 5111 2812 5166 in
2837 5111 3478 5181 tribulationibus,cum
3502 5115 3702 5174 divina

2050 5199 2452 5255 misericordia
2481 5216 2586 5255 nos
2617 5197 2684 5254 in'
2709 5199 3187 5257 tribulationibus
3235 5203 3481 5276 suscipit
3511 5210 3571 5262 et
3599 5207 3699 5262 de-

2047 5289 2254 5346 fendit.

2045 5382 2082 5433 2
2153 5380 2444 5450 Propterea
2469 5393 2577 5432 non
2608 5377 2918 5432 timebimus
2961 5377 3092 5432 dum
3141 5382 3454 5437 turbabitur
3501 5391 3643 5440 terra
3677 5402 3696 5440 :

2153 5469 2218 5524 Et
2248 5468 2617 5538 tranferentur
2642 5473 2846 5521 montes
2875 5468 2936 5522 in
2963 5483 3057 5524 cor
3082 5471 3275 5525 maris.

2023 5599 2033 5609 .
2117 5562 2156 5614 C
2186 5559 2494 5629 Propterea
2551 5571 2663 5610 non
2719 5555 3081 5625 timebimus,
3116 5558 3255 5631 quia
3289 5559 3345 5613 in
3395 5559 3692 5615 Christum

2047 5647 2362 5705 credimus.
2396 5645 2442 5702 Η
2468 5648 2506 5700 C
2535 5643 2684 5702 Dum
2718 5646 3054 5705 turbabitur
3083 5652 3256 5716 terra,
3291 5647 3346 5702 id
3379 5651 3488 5717 est,
3521 5659 3692 5722 gene-
