4086 6180
358 293 467 358 191

1260 292 1324 355 8.
1372 292 1772 358 BRUNONIS
1818 293 2438 358 HEBBIPOLENSIS
2484 294 2864 359 EPISCOPI.

3659 293 3774 358 192

355 424 506 484 ratio
530 423 995 499 Judasorum,qni
1027 427 1257 484 terrena
1286 425 1608 500 sapiunt,et
1635 426 1777 484 dum
1806 431 2003 485 trans-
2032 431 2086 496 Α
2117 428 2691 504 proximenturzquas
2716 446 2831 486 non
2855 430 3124 502 poterant
3139 426 3337 485 videre
3355 425 3772 502 longinquum.

353 515 615 572 ferentur
645 519 894 584 montes,
926 514 985 572 id
1018 520 1127 584 est,
1160 514 1408 589 apostoli
1437 515 1655 573 relictis
1686 516 2005 574 incredulis

351 604 593 660 Judaais.
627 605 691 660 In
722 621 821 660 cor
850 603 1049 670 maris,
1077 604 1186 661 hoc
1207 608 1296 661 est
1316 605 1387 661 ad
1409 606 1845 677 praedicandum
1872 623 2008 680 gen-

352 693 516 749 tibus
562 691 921 748 transierint.
955 697 995 747 C
1024 694 1093 749 Et
1140 692 1596 766 inspiciendum,
1625 695 1780 767 quod
1830 695 2005 751 arida:

352 786 519 838 terras
550 780 797 855 perfidia
824 782 1367 855 Judaeorum,aquis
1397 798 1530 838 vero
1563 783 1727 839 falsis
1758 784 2007 841 creduli-

351 875 531 927 tatem
563 870 827 944 gentium
861 872 1256 943 comparavit:
1283 876 1348 927 ut
1368 871 1470 927 illa
1489 872 1663 928 corda
1689 872 1749 928 in
1783 874 2003 930 malum

352 962 579 1029 durata,
610 959 732 1015 haac
753 976 886 1016 vero
918 958 1247 1033 cvangelico
1279 959 1400 1017 sale
1430 960 1664 1017 condita
1693 979 2003 1036 cognosce-

350 1066 464 1106 (ϐε.

349 1139 385 1194 3
458 1138 770 1194 Sonuerunt
797 1141 849 1193 et
880 1139 1116 1195 turbatae
1143 1146 1270 1193 sunt
1300 1153 1462 1212 aqua:
1490 1154 1678 1195 eorum
1700 1157 1719 1193 :

456 1227 784 1284 Conturbati
811 1232 941 1283 sunt
970 1235 1177 1284 montes
1209 1229 1264 1283 in
1295 1226 1622 1300 fortitudine
1649 1229 1787 1301 ejus.

460 1317 804 1390 Diapsalma.

420 1410 459 1461 C
490 1407 571 1462 De
592 1407 843 1462 adventu
872 1404 1099 1460 Domini
1124 1422 1363 1462 sonasse
1384 1405 1525 1462 dicit
1546 1405 1841 1480 apostolos
1865 1423 2004 1478 pras-

350 1494 672 1552 dicationes
695 1511 977 1567 suas,quo
1000 1498 1259 1567 tempore
1276 1494 1540 1551 turbatas
1558 1494 2000 1568 asserit,aquas,

349 1584 410 1641 id
443 1587 550 1653 est,
585 1583 928 1640 innumeras
978 1587 1199 1657 gentes,
1234 1601 1361 1656 quas
1401 1585 1470 1640 de
1500 1583 1602 1640 tali
1635 1584 1871 1641 fuerunt
1899 1601 2001 1640 an-

351 1672 716 1730 nuntiatione
743 1676 802 1729 et
823 1672 1239 1729 miraculorum
1259 1673 1645 1729 admiratione
1660 1673 1999 1746 perterritae.

351 1762 691 1819 Conturbati
724 1765 866 1818 sunt
893 1766 1143 1829 montes,
1176 1762 1233 1818 id
1285 1767 1375 1818 est
1422 1761 1619 1819 saeculi
1662 1765 1999 1834 potestates,

351 1852 587 1926 quando
617 1856 818 1908 contra
847 1850 1186 1925 religionem
1220 1851 1506 1925 Dei,leges
1550 1850 1864 1925 sacrilegas
1896 1868 2003 1925 pa-

349 1940 486 2014 gani
534 1941 882 1997 inferebant.
917 1942 982 1996 In
1028 1941 1369 1997 fortitudine
1420 1941 1572 2013 ejus,
1606 1939 1827 1998 scilicet
1872 1941 2001 1997 soni

350 2029 1210 2105 apostolorum:apostolorum
1263 2031 1420 2087 enim
1480 2031 1835 2105 grandisona
1864 2047 2037 2103 prae-1

349 2119 640 2176 dicatione
669 2123 831 2176 totus
862 2120 1123 2175 mundus
1154 2119 1482 2189 intremuit,
1507 2128 1564 2176 et
1595 2120 1666 2176 ad
1685 2118 1917 2176 Domini
1941 2136 2003 2177 se

349 2208 755 2265 crudelitatem
786 2208 1090 2280 limpidato
1121 2212 1325 2281 postea
1352 2210 1524 2265 corde
1550 2207 1856 2265 revocavit.

349 2298 382 2352 4
456 2298 727 2353 Fluminis
748 2299 978 2369 impetus
1006 2298 1249 2368 laetiﬁcat
1278 2299 1555 2354 civitatem
1584 2299 1682 2353 Dei
1707 2316 1725 2352 :

462 2386 835 2458 Sanctiﬁcavit
869 2387 1282 2442 tabernaculum
1307 2402 1469 2442 suum
1499 2386 1829 2442 Altissimus.

420 2480 460 2532 C
489 2476 603 2532 Iste
633 2474 790 2531 enim
823 2472 1036 2530 ﬂuvius
1065 2473 1332 2531 Christus
1363 2479 1535 2542 est,et
1563 2474 1862 2531 benedixit
1891 2475 2000 2531 ﬂu-

349 2564 528 2623 minis
558 2563 834 2638 impetus,
859 2563 1002 2636 quia
1030 2562 1178 2619 nihil
1208 2562 1490 2636 palustre,
1524 2563 1672 2619 nihil
1700 2580 2002 2621 morosum

348 2666 559 2711 cursus
596 2654 727 2726 ejus
774 2652 1046 2722 sustinet,
1082 2670 1216 2708 cum
1266 2670 1326 2709 se
1375 2652 1634 2726 potentia
1679 2652 2001 2709 divinitatis

352 2745 482 2817 ejus
507 2741 1279 2800 infuderiLTabernaculum
1300 2740 1587 2799 Altissimi
1614 2746 1704 2799 est
1722 2741 1997 2809 Ecclesia,

356 2833 477 2890 sive
504 2832 750 2890 humani
782 2833 1041 2905 corporis
1070 2831 1325 2906 gloriosa
1356 2831 1670 2911 susceptio.

348 2924 386 2978 5
461 2927 599 2980 Deus
627 2923 685 2978 in
716 2923 892 2979 medio
921 2923 1039 2995 ejus
1067 2938 1174 2979 non
1205 2922 1626 2978 commovebitur
1654 2939 1674 2978 :

452 3011 745 3085 Adjuvabit
773 3027 894 3069 eam
914 3017 1053 3070 Deus
1080 3027 1243 3067 mane
1270 3010 1536 3068 diluculo.

415 3104 456 3158 C
484 3102 639 3159 Deus
661 3101 721 3157 in
750 3101 942 3158 medio
974 3102 1125 3174 ejus,
1156 3100 1215 3157 id
1246 3104 1337 3157 est
1366 3099 1656 3169 Ecclesiae,
1690 3107 1807 3156 non
1837 3117 1995 3157 com-

2114 518 2162 574 H
2193 518 2379 593 Opera
2408 518 2660 589 Domini,
2693 518 2753 574 id
2783 524 2893 585 est,
2924 517 3174 574 virtutes
3204 515 3329 574 Dei.
3363 522 3403 572 C
3431 516 3774 591 Prodigium

2114 607 2336 663 dictum
2359 612 2550 678 est,eo
2575 608 2729 682 quod
2760 604 2930 681 porro
2962 607 3307 673 dicat.Quod
3343 606 3564 662 factum
3595 611 3689 662 est
3709 606 3771 663 in

2113 696 2424 754 Nativitate
2454 698 2709 766 Domini,
2744 697 2979 771 quando
3024 697 3189 770 virgo
3237 695 3483 769 peperit,
3515 699 3573 752 et
3602 695 3777 753 stella

2113 786 2303 861 magis
2335 787 2630 859 apparuit.
2664 786 2947 843 Auferens
2979 784 3150 853 bella,
3186 785 3243 840 id
3268 788 3377 854 est,
3402 783 3542 857 quia
3571 784 3630 840 in
3661 785 3773 840 Na-

2111 873 2334 931 tivitate
2392 875 2625 932 Domini
2658 893 2671 931 :
2702 878 2981 948 regnante
3038 876 3351 948 Augusto:
3395 876 3552 929 totus
3610 874 3773 932 orbis

2110 963 2327 1037 legitur
2383 981 2512 1020 esse
2564 966 2831 1037 pacatus.
2864 963 2910 1019 H
2943 963 3154 1020 Omnia
3202 961 3356 1019 bella
3405 962 3466 1018 in
3516 963 3772 1018 adventu

2112 1051 2341 1108 Domini
2382 1053 2673 1125 quievisse
2708 1069 2720 1103 τ
2754 1052 3073 1108 multorum
3122 1053 3325 1108 narrat
3369 1050 3633 1117 historia,
3664 1050 3771 1107 Vel

2112 1157 2342 1214 pugnas
2366 1140 2644 1197 vitiorum
2677 1141 2893 1214 accipe.

2111 1233 2142 1284 9
2184 1272 2189 1281 .
2216 1231 2417 1287 Arcum
2443 1237 2682 1287 conteret
2707 1237 2758 1287 et
2786 1231 3093 1303 confringet
3118 1247 3278 1286 arma
3305 1248 3327 1284 .·

2216 1321 2285 1376 Et
2306 1328 2460 1376 scuta
2488 1320 2766 1377 comburet
2792 1321 2930 1392 igni.

2181 1409 2229 1465 H
2257 1410 2471 1465 Arcum
2503 1412 2781 1479 conteret,
2817 1410 2874 1465 id
2907 1412 3016 1481 est,
3040 1408 3299 1465 occultas
3332 1407 3577 1466 insidias
3601 1409 3773 1481 spiri-

2110 1501 2280 1554 tuum
2313 1497 2624 1554 malorum.
2658 1499 2992 1573 Confringet
3021 1515 3207 1567 arma,
3228 1498 3284 1555 id
3318 1502 3428 1569 est,
3451 1503 3771 1571 pressantes

2110 1604 2361 1661 pugnas.
2385 1588 2456 1644 Et
2486 1592 2723 1644 scutum
2755 1588 3062 1644 comburet
3090 1586 3233 1661 igni,
3252 1587 3312 1644 id
3333 1591 3773 1655 est,eonsumet

2111 1676 2246 1749 igne
2295 1675 2567 1750 spiritali,
2619 1676 2962 1749 phantasias
3005 1676 3303 1734 diabolica:
3350 1677 3765 1750 excusationis,

2110 1764 2468 1822 defensionis
2498 1769 2889 1838 peccatorum,
2922 1764 3009 1821 vel
3061 1764 3458 1838 protectionis.
3491 1767 3532 1822 C
3558 1764 3663 1822 Vel
3694 1767 3769 1822 de

2110 1855 2292 1911 armis
2321 1853 2607 1927 gentium,
2640 1855 2857 1928 quibus
2897 1854 3073 1911 ﬁdem
3123 1855 3552 1929 impugnabant
3598 1859 3654 1911 et
3701 1873 3768 1912 se

2110 1944 2503 2000 defendebant
2532 1960 2546 2000 :
2579 1943 2924 2017 accipe,ha3c
2953 1944 3110 2001 enim
3150 1944 3351 2000 omnia
3397 1943 3768 2018 confringen-

2115 2035 2216 2088 tur
2243 2033 2384 2088 dum
2416 2031 2657 2089 veritate
2686 2032 3022 2090 vincuntur.

2112 2121 2181 2177 10
2258 2124 2447 2179 Vaeate
2470 2129 2522 2178 et
2550 2122 2721 2180 videte
2751 2126 3013 2195 quoniam
3041 2137 3139 2193 ego
3165 2139 3289 2178 sum
3319 2126 3464 2179 Deus
3491 2141 3510 2177 :

2253 2212 2549 2269 Επαιωὸον
2577 2212 2639 2267 in
2666 2213 2923 2282 gentibus
2951 2219 3003 2267 et
3029 2211 3313 2268 exaltabor
3341 2213 3403 2267 in
3429 2219 3596 2269 terra.

2181 2304 2220 2355 C
2249 2301 2414 2356 Hunc
2444 2298 2797 2357 versiculum
2822 2299 3149 2372 loquuntur
3176 2299 3281 2355 filii
3303 2303 3443 2357 Core
3471 2316 3540 2356 ex
3570 2317 3767 2373 perso-

2110 2407 2188 2447 na
2216 2389 2469 2448 Domini.
2504 2389 2706 2445 Merito
2736 2388 2853 2445 illis
2884 2387 3119 2458 dicitur,
3133 2393 3330 2445 vacate
3355 2407 3369 2445 :
3393 2389 3494 2462 qui
3517 2390 3762 2447 munda-

2110 2479 2206 2536 nis
2235 2478 2608 2536 illusionibus
2639 2479 3038 2547 armabantur,
3063 2482 3121 2535 et
3150 2478 3382 2535 diabolo
3412 2478 3763 2536 serviebant.

2111 2568 2393 2635 Quoniam
2431 2585 2537 2642 ego
2566 2584 2698 2625 sum
2732 2573 2907 2634 Dens,
2940 2584 3057 2623 non
3087 2566 3187 2624 ille
3218 2567 3319 2639 (ιυί
3344 2584 3447 2624 vos
3477 2567 3642 2641 prius
3672 2586 3767 2624 ar-

2111 2657 2312 2713 mabat
2341 2656 2412 2712 ad
2444 2656 2692 2723 malum,
2726 2657 2828 2713 sed
2860 2656 2962 2729 qui
2993 2655 3293 2713 exaltabor
3322 2655 3380 2711 in
3413 2657 3689 2730 gentibus
3710 2660 3770 2715 et

2110 2745 2171 2801 in
2222 2749 2395 2814 terra,
2425 2744 2485 2801 id
2531 2749 2640 2813 est,
2675 2745 2734 2801 in
2783 2750 2954 2819 gente
2998 2745 3222 2814 Judaia,
3258 2741 3765 2819 quoniam'terrae

2111 2851 2293 2907 supra
2325 2851 2339 2889 :
2371 2834 2605 2892 Jndaeos
2633 2835 3010 2908 comparavit.

2112 2924 2170 2981 11
2258 2924 2518 2981 Dominus
2545 2925 2816 2980 virtutum
2838 2923 3123 2980 nobiseum
3157 2939 3170 2979 :

2250 3013 2534 3085 Susceptor
2555 3020 2737 3070 noster
2758 3013 2899 3069 Deus
2925 3015 3115 3069 Iacob;
3168 3006 3258 3084 ox-
3276 3013 3598 3086 Diapsalma
3631 3022 3646 3082 ζ

2181 3104 2221 3156 C
2249 3100 2451 3157 Talem
2482 3099 2776 3174 siquidem
2797 3101 3222 3175 professionem
3245 3102 3374 3160 ideo
3398 3103 3656 3160 secundo
3679 3120 3766 3161 re-

345 3191 694 3249 movebitur.
727 3173 1086 3248 Commoveri
1116 3190 1275 3246 enim
1307 3206 1425 3246 non
1454 3194 1648 3264 potest
1697 3188 1950 3247 Ecclesia
1980 3206 1994 3245 :
2028 3173 2072 3241 C
2107 3194 2317 3263 petunt
2347 3189 2451 3246 ﬁlii
2482 3173 2723 3259 Core,ut
2750 3173 2854 3263 per
2883 3207 3010 3247 eam
3044 3190 3213 3248 nobis
3238 3191 3603 3249 declararent
3620 3192 3765 3250 libe—

343 3296 471 3353 quas
500 3279 560 3335 in
594 3279 955 3336 solidissima
984 3285 1167 3352 petra,
1181 3279 1290 3336 hoc
1321 3283 1410 3336 est
1428 3279 1489 3336 in
1510 3279 1737 3337 Christo
1763 3296 1776 3334 ε
1802 3279 1996 3336 nosci-

341 3372 441 3424 tur
468 3383 597 3424 esse
628 3368 889 3424 fundata.
923 3367 1237 3438 Adjuvabit
1266 3367 1430 3436 dixit,
1455 3367 1679 3424 scilicet
1707 3367 1767 3423 in
1798 3368 1995 3424 saculi

344 3455 692 3512 adversitate
731 3454 1114 3512 laborantem.
1148 3456 1194 3511 H
1226 3455 1519 3524 Diluculo,
1553 3457 1611 3512 id
1659 3461 1767 3523 est,
1800 3456 1995 3529 inspo-

343 3545 533 3601 ctione
564 3548 766 3601 sancta
812 3562 990 3617 quam
1042 3545 1361 3602 morabitur
1407 3561 1507 3601 cor
1552 3547 1861 3603 mundum.
1891 3545 1994 3602 Vel

342 3650 538 3702 mane,
569 3633 627 3688 id
658 3636 769 3699 est,
794 3632 930 3689 boni
962 3633 1156 3705 operis
1186 3632 1557 3705 principio,et
1578 3633 1689 3691 hoc
1709 3633 1994 3704 diluculo,

340 3722 399 3778 id
425 3725 534 3788 est,
567 3720 997 3778 illuminatione
1026 3720 1281 3795 Spiritus
1309 3721 1518 3778 sancti.

337 3812 375 3867 6
448 3812 790 3868 Conturbatw
816 3818 944 3867 sunt
972 3816 1158 3881 gentes
1185 3816 1238 3868 et
1279 3811 1552 3867 inclinata
1596 3819 1727 3868 sunt
1770 3830 1943 3882 regna
1973 3832 1992 3868 :

445 3899 609 3957 Dedit
637 3915 818 3956 vocem
840 3917 1015 3968 suam,
1046 3908 1191 3957 mota
1218 3908 1294 3957 est
1324 3908 1489 3957 terra.

398 3990 456 4061 _H
489 3988 856 4046 Conturbatae
888 3994 1028 4046 sunt
1067 3993 1292 4063 gentes,
1326 3989 1551 4046 scilicet
1596 3987 1871 4046 vitiorum
1925 4008 1992 4047 ac

338 4077 673 4135 criminum.
706 4081 746 4133 C
776 4077 1058 4135 Inclinata
1087 4082 1228 4135 sunt
1250 4095 1449 4153 regna,
1465 4079 1523 4134 id
1555 4078 1994 4148 est,humiliata

336 4172 476 4224 sunt
505 4168 577 4224 ad
610 4167 998 4225 adorandum.
1031 4167 1201 4225 Dedit
1240 4183 1442 4224 vocem
1475 4186 1489 4224 :
1523 4185 1627 4241 per
1672 4185 1733 4225 se
1781 4168 1988 4242 praedi-

336 4257 523 4314 cando
554 4260 613 4313 et
642 4274 745 4330 per
773 4256 1168 4331 apostolos,ad
1191 4274 1369 4330 quam
1391 4273 1630 4315 necesse
1652 4257 1764 4314 fuit
1784 4261 1992 4316 treme-

334 4346 461 4402 fleri
492 4350 865 4419 peccatores:
898 4345 1000 4419 qui
1024 4345 1240 4404 terreni
1266 4350 1706 4420 nuncupantur.
1728 4346 1832 4403 Vel
1854 4364 1990 4421 gsn-

336 4437 423 4491 tes
476 4433 784 4491 idolatras:
820 4435 1178 4492 conturbata
1236 4441 1419 4493 sunt.
1475 4436 1534 4492 in
1593 4436 1787 4494 subito
1844 4453 1989 4494 sono

336 4521 771 4594 praedicationis
798 4522 1108 4596 incognita:
1142 4523 1463 4596 religionis.
2019 4546 2068 4611 Ι)

332 4612 371 4665 7
440 4612 707 4668 Dominus
734 4613 1002 4668 virtutum
1028 4613 1313 4669 nobiseum
1342 4632 1362 4670 :

437 4702 728 4775 Susceptor
757 4708 954 4770 noster,
987 4702 1129 4758 Deus
1155 4701 1338 4768 Iacob,
1370 4703 1710 4775 Diapsatma.

402 4792 443 4846 C
474 4789 756 4848 Dominus
778 4789 1293 4863 virtutum,utique
1323 4790 1419 4847 cui
1449 4790 1694 4848 virtutes
1724 4791 1989 4849 emlestes

332 4879 1252 4955 serviunt.Nobiscum,quoniam
1288 4884 1595 4954 assumpta
1619 4897 1790 4938 carne
1818 4880 1988 4938 habi-

330 4968 475 5024 tavit
504 4969 564 5025 in
593 4972 785 5027 terris.
818 4971 1170 5044 Susceptor:
1197 4970 1432 5042 quando
1460 4985 1696 5027 carnem
1727 4987 1832 5043 pro
1862 4970 1989 5027 infi-

333 5055 553 5113 delium
585 5058 773 5115 salute
801 5058 1239 5133 suscepit.Dicit
1264 5076 1397 5116 vero
1427 5062 1643 5128 noster,
1678 5077 1795 5117 non
1827 5059 1985 5117 enim

332 5146 487 5202 Deus
517 5145 704 5204 solius
732 5147 932 5216 Jacob,
966 5148 1069 5205 sed
1099 5149 1367 5206 omnium
1398 5147 1500 5222 qui
1532 5147 1711 5205 simili
1742 5150 1855 5207 ﬁdo
1884 5149 1982 5206 de-

330 5234 448 5290 voti
481 5238 641 5290 sunt.

330 5324 364 5379 8
443 5323 628 5381 Venite
654 5331 707 5381 et
735 5324 910 5381 videte
939 5341 1100 5398 opera
1128 5327 1350 5382 Domini
1368 5341 1495 5399 qum
1520 5328 1706 5400 posuit
1724 5327 1984 5400 prodigia

508 5428 673 5484 super
700 5421 905 5470 terram
932 5433 951 5470 .·

436 5502 703 5573 Auferens
735 5502 880 5559 bella
908 5519 1077 5577 usque
1100 5503 1171 5559 ad
1197 5504 1362 5575 ﬁnem
1391 5508 1578 5563 terrae.

403 5594 444 5646 C
469 5589 676 5648 Venite
705 5608 839 5651 cum
866 5592 1028 5665 dicit,
1060 5592 1330 5653 hortatur
1349 5610 1472 5665 eas,
1496 5597 1560 5652 ut
1590 5594 1704 5652 ﬁde
1733 5595 1981 5652 Domino

2105 3278 2390 3336 rationem
2411 3277 2734 3351 praestitam
2755 3278 3119 3336 fuisse.Deus
3138 3280 3318 3337 Jacob
3341 3279 3470 3337 ideo
3489 3280 3761 3355 frequen-

2104 3370 2194 3423 ter
2221 3366 2555 3441 apponitur,
2587 3371 2653 3424 ut
2679 3367 2922 3424 victoria
2940 3367 3252 3425 Christiani
3279 3368 3479 3443 populi
3497 3370 3755 3428 declare-

2102 3457 2326 3529 tur,qui
2358 3456 2495 3513 licet
2523 3457 2600 3513 sit
2627 3461 2889 3530 tempore
2919 3457 3239 3531 posterior:
3268 3458 3523 3532 primum
3553 3463 3754 3517 tamen

2104 3545 2388 3619 populum
2421 3545 2577 3605 ﬁdeli
2608 3545 2911 3603 devotione
2940 3547 3324 3604 transcendit.

2593 3651 2798 3692 ΟΙῙΑΤΙΟ
2836 3652 2908 3692 EX
2945 3653 3104 3692 PSAL.
3136 3653 3264 3692 XLV.

2175 3724 2554 3797 Perspicuum
2587 3723 2646 3780 in
2678 3723 3012 3781 imminenti
3042 3724 3421 3783 tribulatione
3463 3725 3755 3801 refugium

2102 3813 2436 3871 misericors
2462 3817 2634 3883 Deus,
2665 3814 2968 3871 sanctifica
2994 3814 3216 3888 impetu
3247 3815 3442 3871 aeterni
3490 3816 3756 3873 ﬂuminis

2100 3902 2500 3960 habitaculum
2527 3902 2719 3981 cordis
2752 3903 2937 3961 nostri
2970 3919 2985 3960 :
3018 3908 3085 3960 ut
3112 3908 3168 3961 te
3196 3904 3313 3961 Deo
3344 3903 3625 3962 virtutum
3658 3923 3760 3963 no-

2101 3991 2327 4048 biscum
2374 3995 2669 4065 operante,
2702 3996 2935 4050 terrena
2982 3992 3182 4066 praelia
3229 3994 3622 4051 confutemus.
3652 3995 3760 4054 Per

2099 4081 2415 4138 Dominum
2447 4085 2735 4149 nostrum,
2769 4085 2879 4138 etc.

2652 4187 2978 4246 PSALMUS
3016 4188 3205 4247 XLVI.

2541 4276 2939 4317 ARGUMENTUM
2977 4278 3119 4317 PSAL
3154 4278 3302 4317 XLVI.

2169 4352 2209 4404 C
2238 4352 2362 4405 Vox
2391 4347 2655 4405 Ecclesiae
2686 4348 2872 4406 Deum
2894 4348 3753 4425 laudantis,Ascensionemque

2098 4438 2227 4509 ejus
2254 4437 2648 4511 pradicantis.

2343 4526 2459 4583 TT.
2491 4528 2554 4584 In
2582 4528 2751 4599 ﬁnem
2769 4544 2872 4601 pro
2899 4529 3035 4601 ﬁliis
3076 4529 3210 4586 Core
3233 4530 3501 4603 psalmus.

2169 4618 2209 4671 C
2238 4616 2586 4690 Loquuntur
2614 4620 2671 4673 et
2699 4616 2761 4673 in
2812 4615 2923 4674 hoc
2967 4617 3198 4689 psalmo
3246 4618 3352 4674 filii
3409 4622 3569 4686 Core,
3602 4635 3752 4692 quos

2097 4704 2304 4761 vexillo
2335 4704 2525 4762 crucis
2555 4708 2743 4762 mater
2771 4705 2967 4780 signat
2994 4706 3271 4764 Ecclesia.
3296 4711 3755 4765 Commonentur

2097 4794 2295 4867 itaque
2324 4794 2516 4868 primo
2536 4798 2835 4868 gentes,ut
2855 4795 3102 4853 Domino
3123 4795 3331 4856 laudes
3353 4797 3604 4854 debeant
3625 4814 3754 4871 per-

2097 4899 2327 4951 sonare,
2359 4883 2616 4940 secundo
2646 4884 2879 4941 Domini
2907 4885 3186 4943 Ascensio
3216 4889 3273 4943 et
3321 4901 3569 4960 regnum
3619 4886 3752 4959 ejus

2096 4972 2207 5029 sub
2239 4971 2518 5029 brevitate
2549 4972 2925 5030 describitur.

2096 5062 2122 5117 1
2203 5062 2397 5119 Omnes
2425 5065 2610 5134 gentes
2637 5061 2884 5134 plaudite
2910 5064 3164 5120 manibus
3197 5081 3211 5120 :

2198 5150 2443 5210 Jubilate
2470 5151 2576 5208 Deo
2606 5152 2667 5207 in
2691 5167 2817 5208 voce
2842 5153 3246 5220 multationis,

2164 5243 2204 5295 C
2231 5238 2525 5297 Plaudunt
2552 5255 2686 5297 vero
2734 5240 3009 5298 manibus
3044 5257 3057 5297 :
3092 5242 3194 5315 qui
3246 5241 3612 5316 elemosynas
3663 5240 3745 5298 fa-

2092 5327 2274 5398 ciunt,
2307 5328 2537 5402 egrotis
2568 5328 2847 5387 serviunt.
2879 5330 3140 5388 Jubilare
3168 5348 3303 5389 vero
3352 5331 3607 5406 gaudere
3633 5334 3744 5399 est,

2092 5418 2193 5491 qui
2219 5434 2411 5475 sermo
2440 5417 2634 5474 dictus
2664 5423 2755 5475 est
2783 5436 2818 5475 a
2836 5420 3186 5493 juvando,id
3217 5424 3328 5490 est,
3353 5419 3693 5479 delectando
3728 5435 3740 5476 :

2091 5508 2326 5580 quando
2343 5507 2810 5582 magnitudinem
2829 5511 3030 5583 gaudii
3048 5527 3163 5567 non
3182 5510 3510 5569 articulatis
3531 5526 3746 5567 sermo.

2090 5595 2287 5668 nibus,
2319 5597 2421 5655 sed
2454 5596 2698 5655 confusa
2725 5614 2863 5657 voce
2911 5600 3283 5674 proferimus.
3314 5600 3439 5659 Vox
3489 5598 3742 5659 exsulta-
