4112 6176
296 276 417 338 193

1532 268 1948 332 EXPOSITIO
1995 269 2506 335 PSALMORUM.

3616 275 3735 336 194

300 409 482 467 tionis
512 408 893 484 psalmodiam
922 405 1233 482 signiﬁcat,
1254 420 1397 479 qua:
1419 404 1542 461 Deo
1575 420 1680 477 pro
1712 403 1974 461 nominis
2002 404 2056 472 Λ
2120 404 2155 458 9
2228 407 2518 478 Principes
2553 407 2878 480 populorum
2925 408 3241 481 congregati
3284 408 3417 463 sunt
3458 421 3583 462 cum
3628 406 3736 465 Deo

298 498 394 555 sui
426 500 728 571 majestate
759 497 1097 572 persolvitur

335 591 375 643 2
449 588 718 656 Quoniam
745 588 1003 643 Dominus
1032 585 1279 641 excelsus
1309 582 1600 640 terribilis
1627 599 1650 636 .-

443 681 565 732 Rea:
589 693 817 747 magnus
841 691 1002 747 super
1026 691 1240 731 omnem
1265 676 1510 729 terram.

372 765 420 821 Η
454 764 736 822 Dominus
765 763 1019 820 excelsus
1050 762 1262 830 dictus,
1290 759 1444 834 quia
1470 758 1652 815 oculos
1672 775 1740 815 ex
1763 762 1971 833 poten-

300 854 385 912 tia
408 872 523 912 sua
550 853 828 911 ascendit.
858 854 896 909 C
925 853 1041 908 Rex
1088 867 1373 925 magnus,
1411 848 1563 922 quia
1612 864 1713 903 rex
1762 864 1972 922 regum

303 949 361 1002 et
404 943 691 1001 Dominus
741 940 1160 999 dominantium
1210 940 1401 1013 (Apoc.
1446 936 1594 1009 xux).
1644 936 1972 1003 Terribilis,

304 1033 449 1107 quia
467 1031 838 1105 Judicaturus
859 1034 945 1086 est
963 1029 1273 1098 mundum,
1296 1032 1357 1084 et
1381 1042 1461 1081 ne
1482 1028 1719 1080 tantum
1742 1028 1975 1098 putare-

307 1129 408 1180 tur
435 1139 566 1179 esse
593 1121 918 1178 Judteorum
944 1136 957 1174 :
991 1136 1087 1176 rex
1117 1116 1259 1174 dicit
1288 1115 1578 1173 omnium
1605 1117 1917 1171 terrarum.

345 1214 380 1268 3
451 1212 694 1284 Subjecit
716 1209 935 1283 populos
962 1208 1118 1263 nobis
1144 1225 1164 1263 :

453 1302 520 1357 Et
546 1307 726 1371 gentes
749 1297 847 1355 sub
865 1297 1089 1371 pedibus
1115 1296 1344 1353 nostris.

381 1390 426 1445 C
447 1390 629 1447 Pedes
656 1388 747 1445 hic
774 1385 1060 1460 significat
1088 1382 1516 1441 sanctissimos
1539 1379 1973 1452 praedicatores,

313 1480 532 1553 quibus
542 1476 740 1552 populi
752 1475 952 1533 merito
965 1478 1022 1532 et
1033 1477 1238 1548 gentes
1250 1486 1385 1529 esse
1407 1468 1665 1542 subjecti
1689 1468 1973 1526 diceban-

313 1576 432 1627 tur.

348 1662 382 1715 4
456 1659 636 1728 Elegit
659 1659 809 1714 nobis
824 1654 1213 1713 ‘hmeditatem
1239 1666 1403 1707 suam
1434 1667 1454 1704 :

452 1746 699 1818 Speciem
721 1743 877 1801 Jacob
904 1759 1068 1816 quam
1096 1741 1317 1796 dilexit.
1350 1736 1697 1809 Diapsalma.

2006 1774 2054 1839 B

2297 494 2595 550 Abraham.

2227 584 2508 656 Quoniam
2563 583 2649 640 dii
2701 587 2868 657 fortes
2926 589 3091 643 terra:
3154 585 3493 642 vehementer
3541 584 3739 641 elevati

2293 679 2441 727 sunt.

2156 759 2198 814 Η
2232 759 2532 833 Principes
2563 762 2938 835 populorum,
2971 762 3028 818 id
3061 766 3150 819 est
3196 761 3463 836 apostdli,
3495 777 3740 834 congre-

2083 847 2202 919 gati
2225 851 2366 903 sunt
2386 850 2460 905 ad
2482 850 2885 921 iudicandum,
2910 868 3043 907 cum
3067 852 3183 907 Deo
3201 850 3516 919 Abraham,
3543 850 3602 905 id
3625 854 3739 918 est,

2084 952 2219 990 cum
2251 936 2483 993 Christo
2514 939 2613 1011 qui
2645 943 2735 995 est
2765 941 2918 996 Deus
2949 938 3211 996 Abrahae.
3248 937 3527 1002 Quoniam
3564 937 3669 993 dii.
3702 941 3744 992 C

2088 1024 2203 1078 Hoc
2232 1029 2323 1079 est
2344 1024 2552 1093 Judaei,
2576 1028 2677 1100 qui
2713 1028 2948 1084 fuerunt
2979 1028 3175 1093 fortes,
3200 1027 3340 1098 quia
3360 1028 3740 1082 tumuerunt:

2084 1127 2190 1184 per
2206 1114 2544 1185 superbiam
2568 1116 2703 1171 facti
2726 1121 2867 1172 sunt
2886 1116 3151 1183 extremi,
3175 1116 3278 1187 qui
3301 1118 3619 1187 potuerunt
3642 1131 3749 1188 per

2086 1199 2481 1258 humilitatem
2513 1220 2642 1261 esse
2669 1204 2965 1276 praecipui.
2999 1204 3045 1258 H
3077 1202 3179 1259 Vel
3214 1203 3337 1259 dii:
3370 1203 3555 1259 sancti
3581 1208 3750 1273 sunt,

2086 1287 2186 1360 qui
2218 1287 2314 1344 hic
2338 1307 2441 1362 per
2460 1291 2638 1348 ﬁdem
2659 1297 2717 1348 et
2739 1291 3211 1364 praedicationem
3234 1291 3611 1349 vehementer
3633 1292 3750 1350 ele-

2083 1377 2203 1432 vati
2238 1393 2252 1434 :
2285 1377 2345 1433 in
2364 1379 2594 1448 judicio
2625 1381 2882 1454 amplius
2903 1384 2960 1436 et
2989 1379 3312 1452 gloriosius
3340 1380 3753 1453 elevabuntur,

2086 1466 2144 1520 id
2166 1469 2256 1522 est
2275 1468 2522 1539 apostoli
2548 1469 2633 1525 sic
2654 1468 2988 1542 congregati
3011 1469 3071 1525 in
3092 1468 3348 1540 judicio,
3380 1467 3761 1535 'vehementtr

2085 1556 2226 1610 sunt
2254 1552 2459 1611 elevati
2484 1557 2845 1628 judicantes.
3804 1560 3807 1565 ’

2580 1662 2787 1703 ORATIO
2825 1663 2896 1702 EX
2933 1663 3090 1703 PSAL.
3132 1665 3275 1705 XLVI

2158 1730 2277 1787 Rex
2287 1730 2558 1822 omnium
2579 1734 2927 1791 smculorum
2942 1736 3095 1793 Deus
3107 1740 3315 1809 (cujus
3327 1757 3507 1817 regna
3518 1761 3574 1803 m
3588 1764 3770 1822 super

385 1838 430 1894 Ο
457 1834 640 1911 Elegit
683 1834 868 1901 nobis,
901 1828 1375 1921 subaudiendum
1427 1829 1519 1882 est
1568 1826 1725 1921 dare,
1759 1830 1825 1882 ut
1859 1825 1972 1921 .qui
2008 1820 2054 1839 "
2084 1834 2289 1921 omnes
2302 1820 2892 1921 populosdilatatur),
2908 1825 3152 1921 subjice,
3169 1843 3540 1903 quaesumus,
3559 1820 3769 1911 gentes

315 1910 650 1983 veneratad
681 1922 1019 1980 salvandnm
1050 1917 1444 1976 Israeliticum
1478 1914 1763 1988 populum
1800 1933 1812 1971 :
1859 1914 1972 1970 hoc
2083 1910 2357 2000 vitiorum
2388 1910 2505 1966 sub
2535 1913 2789 1982 pedibu
2819 1914 3148 1970 nostriszut
3169 1917 3317 1974 dum
3340 1920 3449 1979 tibi
3472 1910 3773 2000 sapienter

320 2015 511 2089 magis
538 2013 806 2088 gentibus
844 2012 941 2085 pia
986 2008 1258 2083 largitate
1307 2004 1672 2061 concederet.
1704 2003 1971 2078 Speciem
2083 1996 2202 2089 Peo
2222 2000 2434 2089 Postro
2467 2000 2788 2068 psallimus
2821 2018 2835 2057 :
2869 2007 2969 2058 tuo
3000 2019 3099 2059 eas
3129 2006 3355 2065 auxilio
3390 1996 3765 2087 supei-emug,

320 2104 501 2162 Jacob
529 2120 543 2160 :
576 2102 752 2160 Jacob
780 2097 1070 2157 lenticulae
1096 2101 1155 2153 et
1180 2112 1355 2169 parvo
1388 2094 1742 2149 commercio
1774 2109 1975 2149 carna-

324 2193 493 2262 lium,
526 2190 882 2265 spiritualem
910 2182 1190 2244 honorem
1222 2186 1533 2241 assecutus
1564 2186 1670 2249 est,
1694 2182 1815 2237 haec
1844 2181 1977 2254 ipsa

325 2287 419 2339 est
447 2282 602 2338 enim
632 2279 846 2354 species
864 2278 1043 2335 Jacob
1076 2292 1250 2348 quam
1274 2271 1567 2331 Dominus
1595 2270 1812 2339 dilexit,
1828 2270 1974 2326 adeo

328 2377 396 2427 ut
416 2374 473 2428 et
500 2370 697 2427 eadem
723 2368 906 2424 facere
933 2364 1068 2422 velit
1104 2362 1307 2421 ﬁdeles
1338 2377 1482 2417 suos
1509 2378 1522 2416 :
1548 2376 1673 2432 quae
1719 2359 1818 2415 ille
1848 2375 1976 2431 my-

328 2462 479 2517 stica
506 2456 923 2532 significatione
954 2453 1252 2527 sequenda
1271 2448 1645 2524 praemonuit,
1668 2448 1726 2504 id
1748 2453 1840 2504 est
1862 2452 1976 2503 Deo

329 2548 624 2606 offerendo
646 2551 892 2611 terrena,
922 2548 980 2601 et
1010 2541 1364 2616 acquirendo
1397 2537 1674 2606 cmlestiu,
1703 2536 1787 2593 sic
1816 2535 1977 2593 enim

330 2655 466 2695 vero
525 2635 833 2695 Christiani
893 2632 1166 2690 dicimur.
1199 2630 1246 2686 H
1278 2629 1379 2686 Vel
1425 2629 1496 2684 de
1540 2626 1981 2700 pulchritudine

331 2727 517 2784 Jacob
545 2724 756 2793 dilecti,
790 2724 848 2779 id
877 2727 967 2778 est
996 2723 1067 2777 de
1095 2720 1275 2792 stirpe
1305 2735 1436 2788 sua,
1456 2715 1752 2790 apostolos
1783 2713 1977 2787 elegit.

367 2818 408 2872 5
477 2813 722 2871 Ascendit
749 2815 888 2869 Deus
917 2813 978 2866 in
997 2811 1180 2883 jubilo
1211 2827 1230 2865 :

474 2897 545 2960 Et
571 2904 831 2959 Dominus
860 2903 921 2957 in
946 2916 1069 2957 voce
1097 2899 1264 2956 tubae.

407 2992 450 3049 C
479 2992 611 3049 Ideo
637 2991 908 3048 Ascensio
946 2988 1177 3045 Domini
1212 2987 1273 3042 in
1296 2982 1650 3058 jubilatione
1679 2998 1808 3039 esse
1839 2978 1984 3036 dici-

333 3088 457 3151 tur,
475 3081 615 3154 quia
641 3084 939 3152 stupentes
969 3075 1215 3151 apostoli
1237 3075 1352 3132 tale
1380 3071 1764 3130 miraculum:
1788 3070 1985 3126 inetia-

2084 2085 2192 2141 Per
2222 2085 2546 2143 Dominum
2580 2093 2851 2146 nostrum
2880 2091 3081 2147 Jesum
3113 2092 3443 2172 Christum,
3467 2085 3588 2161 tete.

2632 2195 2964 2252 PSALMUS
3000 2196 3221 2256 XLVII.

2512 2283 2922 2324 ARGUMENTUM
2964 2286 3119 2325 PSAL.
3162 2289 3336 2331 XLVII.

2157 2350 2198 2406 C
2231 2350 2356 2406 Vox
2384 2355 2693 2428 prOphetie
2725 2355 3021 2415 laudantis
3052 2363 3259 2434 Deum,
3283 2380 3410 2437 quae
3443 2356 3764 2432 Ecclesiam

2087 2456 2257 2495 suam
2284 2438 2643 2500 dilataverit.

2087 2528 2204 2584 TT.
2227 2528 2488 2587 Psalmus
2515 2534 2726 2589 cantici
2752 2535 2887 2605 ﬁliis
2919 2538 3059 2594 Core
3086 2545 3141 2604 —3
3184 2542 3434 2599 Secunda
3460 2545 3692 2607 Sabbati
3731 2559 3747 2607 Ῑ

2160 2616 2202 2670 c
2230 2617 2551 2677 Videamus
2574 2639 2736 2678 nunc
2751 2602 2891 2695 quid
2906 2602 3203 2698 signiﬁcat
3224 2633 3483 2689 secunda
3504 2602 3758 2697 sabbati.

2087 2704 2822 2784 Sabbatumsynagogam,
2842 2713 2900 2767 id
2923 2719 3032 2783 est,
3049 2716 3449 2777 collectionem
3471 2723 3758 2786 debemus

2090 2794 2354 2867 accipere
2382 2798 2746 2867 Judzeorum,
2782 2817 2910 2872 quas
2958 2803 3283 2864 Sabbatum
3333 2810 3645 2872 observare
3673 2819 3757 2873 vi-

2092 2884 2359 2941 debatur.
2398 2889 2671 2944 Secunda
2694 2904 2849 2957 vero,
2883 2890 3014 2962 ejus
3043 2893 3300 2953 Ecclesia
3329 2898 3617 2959 catholica
3644 2910 3754 2962 est.

2092 2971 2226 3027 Ideo
2237 2973 2414 3028 verba
2425 2974 2638 3045 psalmi
2662 2975 2844 3046 hujus
2866 2981 3271 3039 sacerdotibus
3292 2985 3664 3047 tribuuntur:
3680 2993 3755 3049 ad

2092 3060 2492 3117 Christianum
2547 3061 2833 3134 populum
2884 3066 3270 3140 edocendum,
3304 3088 3452 3144 quos
3499 3081 3559 3131 et
3601 3078 3755 3137 ﬁlios

333 3140 456 3227 bili.
476 3140 665 3226 tiordis
689 3140 886 3224 laititia
932 3140 1324 3239 replebantur.
1352 3162 1505 3218 Voce
1536 3176 1772 3234 quoque
1803 3159 1976 3223 tubae,
2009 3140 2052 3207 C
2093 3150 2285 3205 crucis
2319 3149 2521 3206 haberi
2570 3166 2744 3222 posse
2784 3168 2901 3208 non
2950 3154 3200 3213 dubium
3233 3140 3341 3226 est,
3372 3166 3430 3216 et
3460 3167 3754 3224 secundos

334 3259 518 3317 verba
545 3257 834 3331 signiﬁcat
862 3255 1197 3329 angelorum
1230 3250 1580 3309 dicentium:
1613 3247 1735 3304 Viri
1765 3245 1982 3303 Galilaai

337 3349 480 3419 (Aet.
512 3349 571 3419 ι).
602 3346 789 3402 Verba
815 3361 946 3402 vero
992 3343 1106 3400 ista
1149 3358 1366 3415 magno
1415 3339 1661 3411 strepitu
1719 3335 1982 3408 percussi

333 3436 491 3493 aeris
520 3436 745 3509 fragore
770 3438 1097 3491 tonuerunt.

369 3527 406 3580 6
482 3526 706 3581 Psallite
732 3524 911 3589 Deo—3
953 3529 1134 3579 nostro
1176 3526 1191 3587 ζ
1245 3518 1473 3593 psallite
1501 3534 1521 3573 :

478 3613 707 3669 Psallite
734 3613 856 3680 regi
880 3619 1059 3666 nostro
1086 3609 1332 3682 psallite.

406 3703 453 3759 C
482 3700 756 3768 Psallere,
788 3703 874 3756 cst
902 3699 1068 3755 bonis
1100 3697 1331 3754 actibus
1363 3693 1565 3750 laudes
1606 3692 1722 3748 Deo
1753 3704 1978 3745 canere.

335 3790 480 3864 Regi
512 3792 733 3855 nostro,
768 3788 823 3842 id
854 3791 940 3842 est
980 3787 1095 3842 Deo
1146 3789 1347 3840 nostro
1393 3786 1531 3837 Jesu
1579 3778 1830 3844 Christo,
1852 3792 1980 3843 \non

332 3878 526 3934 alieno
556 3874 850 3948 cuiquam,
883 3875 983 3932 sed
1013 3874 1128 3932 Deo
1162 3876 1363 3929 nostro
1398 3888 1411 3926 :
1447 3885 1619 3942 quem
1651 3866 1841 3923 solum
1891 3865 1984 3921 de-

332 3972 429 4023 cet
456 3966 570 4022 ista
592 3965 871 4021 laudatio.

367 4058 405 4110 7
483 4056 759 4124 Quoniam
782 4070 881 4109 rea:
905 4054 1080 4109 omnis
1111 4061 1280 4110 terrae
1312 4053 1456 4106 Deus
1476 4066 1495 4103 :

481 4143 712 4199 Psallite
739 4144 1025 4216 sapienter.

410 4232 453 4289 C
482 4231 770 4300 Quoniam
824 4247 922 4287 rex
976 4230 1169 4288 omnis
1230 4230 1418 4292 terra,
1450 4224 1558 4280 hoc
1587 4224 1825 4296 propter
1851 4219 1984 4276 illos

330 4321 575 4392 dicitur,
590 4321 687 4394 qui
711 4319 821 4376 sibi
844 4336 943 4392 per
960 4317 1194 4392 singula
1212 4316 1340 4372 loca
1368 4312 1597 4368 diversa
1624 4309 1872 4367 numina
1900 4309 1985 4365 fa-

328 4411 592 4479 ciebant,
617 4413 683 4465 ut
709 4408 987 4464 Venerem
1011 4407 1071 4463 in
1100 4404 1324 4478 Papho,
1346 4401 1591 4457 Martem
1620 4399 1682 4455 in
1714 4397 1982 4467 Thracia,

328 4499 539 4557 Jovem
570 4498 631 4554 in
655 4496 840 4566 Creta,
872 4499 927 4552 et
955 4495 1101 4553 alios
1147 4510 1253 4566 per
1299 4490 1426 4546 loca
1471 4488 1719 4545 diversa.
1750 4486 1985 4544 Psallite
2017 4510 2063 4576 D

330 4588 656 4661 sapienter,
681 4587 789 4643 hoc
806 4589 893 4643 est
913 4585 1068 4659 quod
1091 4580 1383 4655 intelligat
1404 4595 1531 4652 quae
1559 4576 1775 4651 psallit.
1806 4577 1987 4633 Nemo

330 4676 498 4734 enim
528 4675 821 4749 sapienter
841 4674 1161 4748 quidquam
1189 4670 1330 4727 facit
1360 4668 1514 4742 quod
1545 4684 1661 4723 non
1691 4664 1985 4739 intelligit.

332 4765 384 4820 Η
414 4763 519 4821 Vel
552 4768 619 4821 ut
648 4752 775 4845 quae
805 4763 1015 4819 canitis
1047 4776 1149 4834 per
1178 4759 1434 4815 litteram
1459 4774 1473 4813 :
1503 4753 1845 4828 intelligetis
1876 4753 1990 4828 spi-

335 4852 636 4909 ritualiter
664 4852 839 4909 dicta.

374 4945 410 4997 8
486 4942 751 5014 Regnavit
777 4941 915 4997 Deus
941 4955 1105 5012 super
1127 4944 1313 5008 gentes
1342 4954 1361 4991 :

485 5031 627 5086 Deus
649 5029 794 5086 sedet
820 5043 982 5100 super
1007 5026 1186 5084 sedem
1212 5034 1456 5081 sanctam
1477 5039 1653 5079 suam.

411 5117 460 5177 Η
477 5117 756 5193 Regnavit
768 5116 1046 5174 Dominus
1066 5130 1247 5188 super
1265 5117 1489 5187 gentes,
1506 5128 1652 5184 quas
1674 5110 1733 5166 in
1757 5111 1994 5169 haeredi-

338 5214 462 5266 tate
480 5208 749 5281 accepita
762 5206 951 5263 Patre.
969 5204 1012 5260 C
1027 5204 1277 5260 Sedetsu
1284 5220 1388 5276 per
1402 5201 1598 5258 sedem
1612 5204 1872 5258 sanctam
1887 5219 1992 5258 su-

341 5315 467 5364 am,
505 5296 819 5354 Dominum
846 5291 1199 5367 Salvatorem
1230 5289 1541 5364 signiﬁcat,
1573 5289 1673 5361 qui
1716 5290 1880 5345 sedet
1918 5290 1988 5345 ad

342 5389 609 5443 dextram
634 5383 838 5452 Patris,
853 5397 1106 5455 regnans
1126 5380 1186 5436 in
1209 5378 1422 5436 saecula
1442 5376 1809 5434 saculorum.
1824 5378 1871 5434 H
1891 5378 1989 5435 Vel

340 5476 403 5533 in
418 5472 644 5548 angelis
654 5473 835 5540 sedet,
851 5469 952 5544 qui
965 5472 1202 5545 propter
1219 5465 1614 5525 innocentiam
1635 5482 1805 5523 suam
1821 5468 1990 5527 sedes

342 5565 452 5625 Dei
484 5563 777 5638 dicuntur,
809 5561 944 5621 inde
974 5558 1120 5620 dixit
1147 5557 1357 5619 castum
1390 5554 1535 5615 mihi
1563 5555 1729 5616 sedes
1758 5561 1867 5616 est.

2091 3253 2221 3293 esse
2250 3243 2512 3310 tempore
2541 3243 2674 3310 post
2702 3255 3062 3315 synagogam
3094 3246 3474 3305 manifestum
3505 3257 3616 3310 est.

2129 3328 2155 3382 1
2233 3326 2461 3396 Magnus
2486 3328 2755 3383 Dominus
2782 3336 2834 3384 et
2863 3329 3164 3390 laudabilis
3190 3336 3360 3390 nimis
3388 3355 3410 3392 .·

2233 3418 2298 3472 In
2322 3418 2545 3471 civitate
2571 3418 2677 3472 Dei
2702 3420 2878 3474 nostri
2905 3421 2966 3475 in
2984 3427 3170 3479 monte
3195 3429 3382 3483 sancto
3409 3428 3551 3499 ejus.

2163 3504 2204 3560 C
2237 3505 2486 3577 Magnus
2516 3503 2731 3560 dicitur
2753 3504 3064 3577 Dominus,
3098 3511 3237 3583 quia
3258 3517 3525 3585 potenter
3553 3518 3753 3576 omnia

2092 3592 2250 3649 facit.
2269 3592 2632 3662 Laudabilis,
2647 3594 2788 3666 quia
2806 3596 3055 3667 pulchra
3075 3605 3133 3656 et
3153 3600 3305 3658 mira
3323 3601 3483 3660 facit.
3501 3607 3754 3663 Additur

2095 3680 2293 3751 nimis,
2308 3682 2463 3754 quod
2484 3699 2598 3738 non
2619 3680 2795 3738 habet
2810 3685 3261 3757 terminum,sed
3282 3706 3390 3747 sua
3402 3692 3752 3752 assiduitate
3808 3750 3813 3755 ,

2092 3786 2324 3843 semper
2375 3774 2641 3843 augetur.
2678 3770 2742 3826 In
2774 3772 3006 3830 civitate
3036 3794 3049 3832 :
3084 3777 3194 3835 hoc
3242 3783 3331 3835 cst
3380 3780 3441 3837 in
3474 3782 3749 3840 Ecclesia.

2094 3858 2260 3916 Mons
2292 3863 2488 3915 autem
2520 3863 2764 3916 sanctus
2786 3865 2878 3918 est
2907 3862 3198 3922 Christus.

2125 3950 2162 4003 2
2234 3947 2519 4004 Iv'undatur
2542 3950 2880 4007 exultatione
2908 3955 3184 4013 universa?
3214 3964 3379 4015 terra:
3411 3975 3425 4014 :

2235 4036 2380 4093 Mons
2407 4038 2541 4094 Sion
2572 4039 2746 4094 latera
2776 4041 3074 4112 aquilonis,
3099 4045 3294 4099 civitas
3323 4049 3466 4117 regis
3495 4051 3704 4121 magni.

2166 4125 2213 4181 H
2245 4127 2513 4183 Fundata
2539 4132 2629 4184 est
2657 4131 2814 4184 terra
2864 4130 3272 4200 exsultatione,
3305 4134 3378 4190 ab
3407 4137 3752 4194 ascensione

2093 4214 2327 4282 Christi,
2343 4232 2470 4288 quae
2502 4215 2666 4289 prius
2688 4216 3001 4275 maledicto
3040 4225 3096 4276 et
3109 4221 3363 4293 peccatis
3384 4224 3748 4296 subjacebat.

2094 4307 2257 4360 Mons
2286 4304 2445 4371 Sion,
2470 4303 2511 4359 C
2557 4304 2715 4360 natio
2764 4305 3126 4363 Judzeorum.
3160 4309 3371 4367 Latera
3428 4312 3747 4386 aquilonis,

2095 4391 2295 4467 populi
2324 4391 2611 4465 gentium,
2645 4392 2798 4451 facta
2827 4400 2917 4452 est
2947 4395 3150 4453 civitas
3181 4400 3356 4473 regis,
3387 4400 3499 4458 hoc
3529 4405 3620 4458 est
3643 4402 3750 4458 Ec-

2096 4481 2274 4538 clesia
2303 4480 2608 4551 catholica,
2636 4499 2815 4555 quam
2845 4484 2917 4541 de
2950 4486 3220 4544 universo
3251 4490 3472 4547 mundo
3522 4494 3751 4547 constat

2096 4588 2224 4627 esse
2255 4569 2577 4628 collectam.

2132 4662 2166 4715 3
2243 4666 2389 4718 Deus
2421 4663 2480 4717 in
2508 4661 2759 4719 domibus
2788 4664 2905 4737 ejus
2926 4675 3290 4739 cognoscatur.

2238 4753 2375 4808 Cum
2402 4752 2659 4823 suscipiet
2688 4768 2828 4810 eam.

2169 4843 2627 4913 CCognoscetur
2669 4841 2953 4898 Dominus
3001 4843 3059 4898 in
3111 4843 3407 4915 domibus,
3441 4844 3499 4901 id
3550 4850 3639 4902 est
3689 4845 3750 4902 in

2100 4928 2381 4985 membris
2411 4927 2535 4984 suis
2567 4928 2978 4999 sanctissimis,
3010 4930 3195 4987 virtus
3243 4949 3351 4988 sua
3398 4937 3456 4988 et
3492 4933 3751 5006 potentia

2100 5015 2510 5086 declarabitur,
2532 5017 2767 5087 quando
2788 5017 2847 5072 in
2878 5017 3136 5075 Ecclesia
3163 5020 3364 5077 beatos
3393 5020 3548 5078 viros
3573 5040 3587 5091 ;
3621 5022 3750 5095 ipso

2098 5106 2382 5180 largiente
2413 5123 2426 5160 :
2460 5103 2542 5159 illi
2573 5103 2777 5160 offerre
2807 5107 3250 5165 monstrabitur.

2132 5196 2167 5252 4
2242 5196 2522 5266 Quoniam
2548 5209 2665 5250 ecce
2694 5210 2846 5264 reges
2875 5199 3189 5268 congregati
3214 5207 3345 5256 sunt
3372 5218 3391 5254 :

2239 5287 2620 5342 Convenerunt
2646 5284 2706 5339 in
2736 5301 2929 5341 unum.

2168 5378 2209 5430 C
2240 5374 2405 5442 Reges
2450 5376 2616 5428 terrae
2665 5372 2775 5430 hoc
2825 5373 2951 5431 loco
2998 5377 3408 5449 signiﬁcantur
3454 5378 3747 5450 principes

2097 5465 2430 5523 Judaaorum
2449 5477 2462 5516 :
2479 5477 2626 5535 quos
2653 5461 2910 5521 Herodes
2931 5482 3292 5542 congregans
3310 5468 3369 5523 in
3382 5481 3747 5538 unum,quas-

2099 5573 2234 5615 rens
2287 5553 2411 5613 ubi‘
2445 5550 2711 5611 Christus
2770 5561 3108 5616 nasceretur
3158 5562 3214 5616 et
3269 5556 3355 5616 illi
3413 5549 3747 5631 congregati
