4112 6176
243 277 362 338 197

1476 268 1905 335 EXPOSITIO
1943 267 2459 341 PSALMOBUM.

3564 263 3682 340 198

246 413 369 471 tam
399 408 461 466 in
492 408 649 478 orbe,
680 411 744 467 ut
773 406 835 464 in
855 406 977 481 ejus
1007 404 1318 472 sceleratis
1346 421 1477 469 non
1527 402 1912 480 implicentur
1937 405 1994 483 Α
2052 398 2090 460 7
2159 410 2358 471 Frater
2383 421 2496 467 non
2525 404 2771 473 redemit,
2800 404 3033 473 redigas:
3059 406 3257 469 homo?

247 498 566 557 erroribus.

280 608 316 661 2
387 604 603 678 Quique
626 605 909 676 migrante
928 611 987 663 et
1008 604 1120 676 [iiii
1149 602 1460 660 hominum
1489 619 1509 655 :

384 695 452 754 In
478 710 654 751 itm
679 693 822 752 dives
849 702 898 752 et
920 708 1146 768 pauper.

314 785 355 836 C
382 782 611 854 Quique
637 780 948 855 terrigenae,
979 798 1079 854 per
1119 781 1229 837 hoc
1282 777 1753 851 intelligendum
1793 783 1907 852 est,

249 869 405 944 quod
434 887 642 931 omnes
666 870 1011 929 habitatores
1037 870 1307 935 terra,“
1329 866 1712 926 audiendum
1732 869 1909 925 verba

249 960 348 1016 Dei
377 964 674 1018 vocentur.
695 963 734 1014 Ω
759 958 1073 1034 Terrigenae
1098 962 1447 1031 peccatores
1472 956 1750 1029 suntqui
1769 956 1910 1013 vitia

247 1054 478 1108 terrena
532 1052 838 1108 sectantur.
897 1046 1020 1105 Filii
1078 1045 1397 1105 hominum
1435 1045 1683 1116 :justos
1741 1045 1905 1119 dicit,

247 1136 530 1210 quoniam
581 1142 639 1195 et
681 1137 803 1209 ipse
844 1135 1108 1197 Christus
1158 1134 1350 1195 Filius
1382 1133 1657 1191 hominis
1688 1134 1902 1193 dictus.

248 1225 294 1287 Β
326 1225 435 1285 Per
477 1226 712 1285 divitem
758 1230 816 1283 et
854 1240 1164 1299 pauperem
1210 1223 1364 1281 liber
1408 1226 1471 1280 et
1516 1237 1724 1279 servus
1755 1226 1905 1281 ccci,

250 1315 515 1387 pinam.

282 1420 319 1474 8
391 1418 461 1478 0:
486 1437 667 1478 meum
692 1422 935 1495 loquetur
959 1421 1293 1494 sapientiam
1315 1437 1336 1475 :

391 1507 1509 1581 Etmeditatiocordismeiprudentiam.

320 1603 363 1655 ϐ
389 1598 466 1656 Os
498 1600 707 1658 Christi
726 1599 982 1673 loquitur
1002 1596 1377 1672 sapientiam,
1393 1597 1457 1652 id
1478 1599 1593 1665 est,
1609 1598 1682 1654 ad
1704 1599 1909 1656 divina

254 1686 535 1759 mysteria
562 1687 920 1758 declamantis,
951 1704 1077 1760 quae
1127 1684 1360 1744 occulta
1409 1690 1557 1742 sunt
1591 1687 1664 1743 ab
1724 1686 1906 1761 hujus

258 1776 458 1832 seculi
507 1776 883 1850 sapientibus.
919 1775 1236 1833 Prudentia
1283 1773 1545 1848 pertinet
1592 1775 1663 1830 ad
1715 1792 1910 1833 mores
1940 1778 1991 1853 Β

260 1863 593 1935 probabiles
612 1865 1012 1932 instituendos,
1043 1865 1128 1922 sic
1177 1863 1372 1920 omnis
1424 1861 1664 1919 divinus
1712 1882 1910 1923 sermo

259 1952 353 2009 his
381 1952 613 2017 duabus
638 1951 945 2011 virtutibus
974 1951 1312 2028 plenissime
1339 1950 1653 2007 indicatur.
1671 1951 1717 2007 Η
1748 1952 1909 2008 8cm—

260 2057 367 2115 per
396 2042 456 2098 in
486 2040 656 2101 corde
703 2044 1044 2113 meditabor,
1076 2046 1144 2098 ut
1184 2041 1462 2097 homines
1510 2038 1913 2113 relinquentes

260 2130 507 2188 smitam
552 2130 883 2204 vanitatem,
914 2131 1129 2189 Christi
1178 2129 1558 2203 prudentiam
1597 2142 1913 2202 sequeren-

260 2223 386 2274 tur.

302 2327 337 2381 4
410 2328 685 2384 Inclinabo
716 2328 772 2383 in
789 2327 1112 2400 parabotam
1142 2342 1333 2382 aurem
1359 2340 1544 2381 meam
1570 2341 1590 2378 :

409 2415 656 2487 Aperiam
688 2418 745 2471 in
767 2417 1034 2492 psalterio
1061 2416 1490 2488 propositionem
1517 2429 1716 2483 meam.

336 2503 611 2560 CAurem
656 2504 1077 2561 inclinaturum
1125 2521 1187 2561 se
1215 2501 1492 2576 promisit
1539 2502 1828 2569 Christus,
1856 2508 1922 2560 ut

264 2597 645 2665 cognosceret
674 2592 724 2650 si
754 2593 1228 2667 praedicationem
1249 2594 1378 2665 ejus
1401 2590 1657 2664 populus
1679 2592 1922 2658 devotus

266 2677 560 2751 impleret.
594 2680 657 2737 ln
704 2680 1035 2754 parsholam
1068 2696 1084 2738 :
1119 2673 1447 2738 similitudo
1489 2680 1646 2736 enim
1687 2679 1770 2737 rei
1800 2680 1924 2737 veri

266 2766 526 2823 imitatio
555 2773 660 2837 est,
691 2774 747 2825 et
774 2773 864 2826 est
893 2786 1104 2826 sensus
1134 2774 1199 2825 ut
1227 2768 1385 2845 quod
1417 2768 1585 2825 nobis
1615 2769 1687 2825 ad
1727 2785 1923 2826 exem-

264 2854 447 2928 plum
479 2856 679 2913 datum
707 2861 812 2927 est,
841 2859 1045 2916 devota
1088 2857 1457 2915 mmulatione
1500 2861 1767 2930 prompte
1814 2862 1928 2913 Do-

269 2944 444 3000 mino
474 2951 780 3017 praetenta
808 2946 1113 3004 faciamus.
1146 2946 1380 3021 Aperire
1404 2963 1466 3018 se
1496 2945 1641 3003 dixit
1666 2946 1730 3002 in
1773 2947 1928 3020 psal-

270 3032 425 3089 terio
456 3035 930 3107 propositionem,
960 3037 1021 3092 id
1049 3041 1139 3094 est
1165 3035 1599 3109 declaraturum
1644 3041 1932 3111 praecepta

267 3120 603 3192 divinitatis
625 3122 685 3179 in
714 3125 1021 3185 sanctitate
1050 3124 1273 3199 proprii
1295 3123 1579 3198 corporis,
1609 3129 1676 3180 ut
1723 3125 1933 3197 proba-

269 3210 441 3265 retur
487 3209 688 3268 docere
731 3214 903 3270 verbo
953 3219 1009 3270 et
1056 3213 1342 3286 exemplo.
1375 3211 1722 3281 Psalterium
1767 3213 1925 3269 enim

269 3298 459 3369 (sicut
487 3316 637 3372 saepe
664 3301 939 3379 diximus)
969 3303 1228 3377 corporis
1257 3302 1491 3378 Domini
1520 3303 1732 3359 decora
1760 3300 1925 3358 simi-

270 3385 472 3444 litudo
501 3390 609 3445 est.

298 3493 350 3549 5
424 3493 537 3550 Cur
565 3495 778 3552 timebo.
810 3500 878 3554 In
900 3497 987 3555 die
1010 3499 1184 3564 mala.

417 3584 689 3659 lniquitas
716 3586 961 3645 calcanei
984 3590 1094 3647 mei
1118 3587 1489 3647 circumdabit
1514 3604 1622 3643 me.

345 3673 387 3727 C
410 3674 526 3727 Cur
553 3673 789 3737 timebo.
818 3676 934 3732 Sub
964 3676 1420 3751 interrogatione
1458 3681 1514 3733 et
1543 3675 1922 3748 responsione

264 3758 514 3832 propria
535 3777 739 3820 versus
768 3763 877 3823 iste
905 3769 993 3821 est
1016 3765 1516 3839 pronuntiandus,
1540 3764 1599 3820 id
1628 3768 1719 3827 est
1743 3781 1923 3838 quare

262 3847 660 3906 formidolosa
688 3852 1028 3924 cogitatione
1059 3854 1408 3922 confundar,
1431 3854 1489 3911 in
1520 3853 1611 3910 die
1642 3852 1839 3909 mala?
1860 3852 1920 3910 in

263 3936 366 3992 die
392 3936 615 3993 scilicet
639 3939 945 4014 passionis,
976 3960 1102 4015 quae
1132 3942 1294 3999 mala
1319 3942 1558 4013 Judaeis,
1591 3942 1747 3999 bona
1777 3941 1922 3998 fide-

260 4023 431 4080 libus
462 4026 592 4083 fuit.
625 4027 726 4085 llle
754 4028 908 4087 enim
947 4032 1120 4089 debet
1165 4032 1375 4103 timere
1421 4031 1597 4087 finem
1640 4031 1793 4102 vitaz,
1826 4029 1922 4103 qui

261 4119 647 4185 peccatorum
675 4118 1067 4195 recordatione
1090 4120 1414 4177 mordetur.
1429 4117 1693 4179 Christus
1722 4122 1919 4181 autem

261 4205 526 4261 mortem
554 4200 761 4267 timere
791 4224 903 4265 non
931 4212 1366 4285 poterat,q.uem
1388 4224 1500 4263 non
1523 4207 1924 4277 circumdabat

266 4289 558 4363 iniquitas
589 4291 863 4365 calcanei,
884 4296 1384 4375 quemadmodum
1408 4294 1562 4361 solet
1586 4296 1922 4369 contingere

262 4380 566 4451 peccatori
614 4382 677 4438 in
724 4381 838 4439 ﬁne
864 4384 1012 4455 vita,
1040 4389 1107 4442 ut
1135 4389 1279 4445 tunc
1308 4383 1591 4456 iniquitas
1640 4384 1922 4441 scelerato

260 4467 388 4523 fine
415 4467 601 4525 vitam
630 4469 1054 4529 claudat.AVel
1078 4471 1328 4546 quilibet
1353 4471 1528 4530 homo
1556 4489 1666 4529 sua
1685 4477 1924 4546 peccata

255 4571 599 4635 agnoscens
628 4558 792 4630 dicit,
819 4576 923 4625 cur
974 4561 1192 4620 timebo
1239 4559 1300 4619 in
1354 4558 1445 4615 die
1493 4560 1686 4617 mala?
1714 4559 1774 4617 id
1818 4565 1926 4629 est,

247 4643 495 4715 judicii.
524 4645 599 4705 Et
627 4650 958 4727 respondet,
991 4649 1143 4723 ideo,
1174 4648 1322 4729 quia
1362 4645 1642 4722 iniquitas
1673 4648 1929 4715 calcanei

256 4731 384 4789 mei
414 4734 804 4794 circumdabit
827 4738 1002 4796 m’e.H
1034 4738 1097 4795 Id
1128 4741 1220 4795 est
1249 4740 1556 4809 peccatum
1587 4737 1815 4799 actuale
1834 4737 1924 4796 vel

262 4820 580 4895 originale.

295 4930 335 4983 6
414 4930 523 4999 Qui
546 4933 826 5005 conﬁdant
852 4935 916 4991 in
943 4935 1149 4999 virtute
1173 4948 1277 4997 sua
1304 4951 1324 4987 :

410 5021 481 5080 Et
510 5022 574 5077 in
598 5020 959 5088 multitudine
986 5020 1313 5086 divitiarum
1340 5037 1567 5085 suarum
1594 5022 1925 5092 gloriantur.

336 5106 389 5168 H
422 5107 538 5176 Qui
562 5110 867 5173 conﬁdunt
894 5110 955 5170 in
1002 5110 1218 5171 virtute
1268 5124 1397 5179 sua,
1431 5106 1517 5165 illi
1561 5107 1843 5169 labuntur
1867 5113 1926 5175 in

265 5193 565 5257 calcaneo.
595 5201 639 5259 ,C
666 5198 736 5255 Et
766 5198 826 5261 in
866 5196 1244 5263 multitudine
1275 5196 1609 5263 divitiarum
1639 5214 1882 5263 suarum
1909 5218 1923 5258 :

267 5292 514 5339 neceSse
539 5289 625 5349 “est
642 5283 811 5347 .enim
838 5288 907 5351 ut
933 5282 1080 5345 tales
1095 5283 1354 5351 timeant
1382 5280 1584 5355 ﬁnem.
1610 5285 1713 5360 qui
1754 5287 1929 5349 dese-

266 5386 399 5428 rere
425 5373 732 5437 mundana
754 5371 982 5440 nolunt,
1015 5376 1073 5429 et
1094 5376 1473 5449 peccatorum
1515 5390 1757 5433 suorum
1796 5394 1927 5453 pce-

268 5476 377 5516 nas
411 5460 748 5517 formidant.
782 5462 1070 5518 Virtutem
1094 5477 1228 5517 vero
1260 5461 1405 5517 dixit
1433 5463 1699 5541 corporis
1748 5465 1921 5539 .vires,

268 5548 456 5611 animi
487 5550 687 5625 robur,
718 5549 933 5627 linguae
955 5548 1451 5610 disertitudinem.

2161 494 2281 550 Non
2309 494 2465 549 dabit
2492 495 2601 550 Deo
2623 494 2993 567 placationem
3020 511 3179 550 suam
3207 513 3227 549 .-

2095 583 2373 645 H-Frater
2403 598 2522 647 non
2563 581 2834 652 redemit,
2868 582 2925 639 id
2959 586 3068 650 est,
3099 582 3307 649 Atinia,
3339 580 3481 653 quia
3525 597 3682 642 mar-

2014 673 2158 726 tuus
2188 671 2315 744 ipse
2345 687 2463 731 non
2495 671 2767 740 surrexit,
2794 670 2884 727 vel
2930 671 3112 726 frater
3162 687 3277 729 non
3326 669 3594 737 redemit,
3623 668 3683 724 id

2018 762 2107 815 est
2136 759 2385 833 Moyses.
2408 760 2677 816 Redimet
2706 760 2903 829 homo,
2919 759 2978 817 id
3006 762 3099 819 cst
3124 758 3391 823 Christus
3411 757 3682 825 redimet,

2018 864 2169 920 quos
2199 848 2430 922 Moyses
2462 865 2578 907 non
2605 849 2870 913 redemit.
2894 848 2996 905 Ille
3014 864 3132 913 non
3153 846 3314 913 dabit
3334 846 3451 907 Deo
3483 845 3687 917 placa-

2018 936 2264 1006 tionem,
2296 936 2400 1009 qui
2426 953 2544 999 non
2570 937 2694 1010 agit
2722 936 3127 1010 paenitentiam
3161 953 3174 992 :
3206 952 3312 1008 per
3344 950 3525 1007 quam
3558 934 3689 1006 pla»-

2017 1029 2185 1080 catur
2210 1025 2555 1085 Christus.c
2575 1025 2680 1083 Vel
2712 1028 2823 1083 sub
2853 1023 3237 1087 admiratione
3258 1022 3573 1096 legendum
3596 1026 3691 1087 est

2022 1113 2111 1175 sic
2144 1129 2158 1169 :
2195 1113 2320 1169 Non
2348 1115 2596 1179 redimet
2623 1115 2712 1170 vel
2739 1115 2933 1183 frater,
2968 1112 3219 1181 redemit,
3251 1110 3475 1177 scilicet
3501 1111 3695 1177 Chris-

2014 1205 2139 1268 tus,
2154 1200 2423 1271 redimet,
2442 1202 2744 1271 scilieetne
2772 1202 2988 1259 homo?
3010 1200 3237 1267 scilicet
3260 1199 3449 1266 Adam
3472 1216 3486 1256 :
3514 1213 3696 1283 quas;

2018 1290 2261 1357 diceret,
2291 1290 2341 1346 si
2372 1290 2647 1351 Christus
2673 1308 2790 1361 non
2820 1290 3068 1359 redemit
3096 1288 3186 1347 vei
3234 1287 3499 1361 redimet,
3517 1306 3697 1359 nemo

2018 1379 2288 1444 redimet,
2320 1380 2478 1435 unde
2509 1380 2778 1453 negative
2804 1378 3142 1452 legendum.
3177 1377 3311 1442 N011
3340 1376 3506 1443 dabit

2018 1471 2157 1534 etc.,
2190 1465 2347 1523 ullus
2377 1466 2578 1537 homo.

2055 1574 2089 1627 8
2160 1572 2227 1628 El
2251 1574 2496 1645 pretium
2523 1571 2916 1648 redemptionis
2944 1573 3150 1630 animo:
3177 1588 3324 1631 suae.

2161 1666 2230 1718 Bt
2257 1662 2531 1719 laborabit
2580 1665 2642 1720 in
2686 1668 2957 1723 aeternum
3002 1666 3055 1719 et
3100 1662 3567 1743 vivet-$906k”
3592 1686 3614 1725 :
3647 1668 3712 1725 in

2030 1841 2096 1895 ’9
2165 1840 2289 1895 Non
2318 1839 2527 1897 videbit
2560 1842 2853 1899 interitum
2890 1857 3015 1896 cum
3040 1840 3258 1909 videbit
3283 1844 3561 1915 sapientes
3598 1863 3720 1907 mo-

2238 1928 2445 1984 rientes
2476 1946 2501 1985 :

2165 2016 2349 2074 Simul
2376 2017 2659 2090 insipiens
2683 2024 2739 2075 et
2768 2019 2966 2075 stultus
2987 2020 3279 2090 peribunt.

2096 2115 2143 2170 H
2174 2115 2241 2173 Et
2271 2113 2534 2185 pretium
2568 2116 2993 2189 redemptionis
3026 2132 3040 2173 ε
3071 2117 3436 2179 subauditur
3466 2140 3582 2181 non
3609 2127 3717 2183 da,

2025 2204 2131 2271 bit,
2164 2201 2304 2274 quia
2332 2218 2454 2258 non
2483 2204 2622 2261 fecit
2653 2205 3051 2279 elemosynam
3100 2223 3207 2279 per
3248 2224 3429 2281 quam
3477 2220 3721 2285 peccata

2024 2292 2313 2349 delentur.
2343 2290 2667 2351 Laborabit
2696 2292 2757 2349 in
2800 2298 3103 2363 aeternum,
3138 2295 3201 2352 in
3232 2301 3546 2359 tumentis
3579 2321 3714 2376 per-

2027 2379 2221 2454 petuis
2251 2379 2513 2451 positus,
2533 2388 2594 2439 et
2620 2382 2779 2440 vivet
2804 2382 2865 2439 in
2896 2384 3253 2457 finem,quia
3280 2404 3399 2444 non
3428 2389 3716 2449 interﬁci-

2027 2474 2145 2537 tur,
2180 2468 2282 2524 sed
2314 2485 2556 2544 semper
2581 2475 2894 2544 reparatur
2924 2473 2995 2528 ad
3022 2490 3284 2545 pennam.

2102 2558 2148 2614 H
2179 2556 2306 2612 Non
2333 2557 2559 2617 videbit
2610 2560 2941 2628 interitum,
2974 2561 3085 2618 hoc
3125 2568 3235 2633 est,
3268 2581 3384 2621 non
3434 2566 3717 2643 intelligit

2032 2647 2147 2703 sibi
2177 2645 2492 2705 imminere
2522 2648 2843 2706 tormenta.
2875 2650 3021 2706 Cum
3048 2650 3261 2709 viderit
3288 2653 3592 2719 hominem
3648 2659 3713 2715 in

2033 2736 2152 2793 Deo
2182 2734 2535 2807 sapientem,
2567 2739 2642 2795 ab
2674 2737 2786 2793 hoc
2816 2738 3039 2795 mundo
3072 2739 3345 2815 migrare,
3374 2742 3541 2812 dicit,
3561 2747 3709 2818 quid

2034 2823 2173 2881 huic
2195 2824 2446 2896 jejunis,
2462 2827 2606 2898 quid
2637 2825 3060 2900 eastitas,quid
3091 2829 3440 2904 elemosyna:
3470 2835 3709 2904 profue-
3784 2827 3795 2831 ’

2037 2916 2196 2982 runt,
2212 2930 2407 2970 nonne
2428 2919 2489 2970 et
2517 2916 2535 2971 i
2541 2931 2648 2987 pse
2678 2919 2952 2972 mortuus
2981 2917 3112 2973 est?
3132 2918 3272 2975 Tale
3295 2920 3579 2992 quiddam
3603 2923 3711 2980 Ro.-

2040 3002 2329 3074 demptori
2358 3007 2560 3058 nostro
2590 3002 2777 3058 Judai
2807 3002 3166 3061 insultantes
3184 3007 3500 3071 dicebant:
3533 3010 3707 3069 Nan.-

2045 3090 2185 3163 quid
2217 3095 2280 3146 tu
2311 3091 2502 3162 major
2528 3107 2590 3146 es
2613 3094 2776 3162 patre
2798 3095 2998 3146 nostro
3027 3092 3323 3149 Abraham
3345 3095 3519 3166 \Joan.
3538 3098 3709 3170 vni)?

1983 3178 2006 3233 ἓ*
2044 3183 2083 3234 C
2112 3180 2403 3253 Incipiens
2435 3183 2526 3235 est
2561 3178 2665 3250 qui
2714 3179 3231 3250 praedicationibus
3277 3182 3706 3254 prophetarum

2035 3269 2404 3341 acquiescam
2432 3285 2551 3325 non
2582 3266 2726 3322 vult.
2757 3266 2988 3325 Stultus
3014 3286 3152 3326 vero
3182 3269 3375 3326 dictus
3407 3287 3423 3327 :
3458 3272 3561 3344 qui
3592 3291 3699 3330 nec

2032 3357 2230 3430 ipsum
2260 3356 2576 3415 Dominum
2604 3354 2937 3412 venientem
2964 3356 3093 3413 vult
3130 3357 3406 3431 recipere.
3441 3360 3509 3415 lli
3562 3377 3702 3441 ergp

2032 3446 2212 3503 simul
2250 3445 2545 3520 peribunt,
2574 3443 2858 3516 quoniam
2904 3445 2964 3502 in
3011 3445 3211 3503 futuro
3250 3445 3480 3518 judicio
3528 3450 3703 3508 dam-

2032 3535 2211 3592 nandi
2240 3538 2402 3592 sunt.

2034 3641 2102 3696 10
2172 3642 2240 3698 Et
2267 3642 2578 3713 relinquent
2605 3640 2807 3695 alienis
2839 3639 3069 3698 divitias
3098 3658 3231 3698 sua:
3262 3659 3282 3698 :

2119 3732 2209 3810 ἧς
2228 3731 2290 3787 Et
2331 3734 2346 3790 ζ
2388 3729 2635 3801 sepulcra
2651 3743 2841 3785 eorum
2866 3728 3056 3786 domus
3068 3731 3294 3787 illorum
3313 3732 3378 3786 in
3396 3739 3702 3789 aeternum.

2103 3831 2150 3887 Η
2179 3830 2288 3897 Qui
2314 3828 2375 3884 in
2407 3825 2628 3893 divitiis
2664 3829 2722 3882 et
2751 3842 2869 3882 non
2900 3826 2962 3882 in
2993 3826 3243 3895 Domino
3274 3833 3535 3901 sperant,
3568 3846 3706 3903 per-

2031 3921 2182 3981 dunt
2200 3919 2614 3989 utrumque,et
2642 3914 2877 3983 divitias
2916 3919 2973 3971 et
3002 3916 3105 3972 Dei
3136 3917 3520 3988 adjutorium.
3545 3918 3703 3979 Divi-

2029 4007 2143 4069 tias
2172 4008 2302 4064 ideo
2334 4007 2608 4081 perdunt,
2623 4002 2765 4076 quia
2793 4003 2875 4059 ibi
2905 4008 3233 4079 posuerunt
3254 4005 3354 4061 ubi
3378 4006 3547 4077 fures
3569 4008 3706 4080 effo-

2031 4097 2202 4153 diunt
2233 4115 2247 4154 :
2280 4095 2383 4153 Dei
2412 4092 2795 4166 adjutorium,
2828 4088 2969 4164 quia
2994 4092 3167 4149 illum
3216 4098 3588 4166 spreverunt.
3636 4095 3704 4150 Et

2031 4185 2264 4241 divitias
2295 4200 2445 4257 quas
2473 4197 2827 4254 magnopere
2857 4179 3201 4257 diligebant,
3234 4197 3351 4236 non
3400 4182 3549 4252 suis,
3589 4183 3702 4238 sed

2032 4274 2214 4353 (quod
2246 4272 2483 4353 gravius
2513 4272 2665 4339 uret)
2695 4269 2987 4326 extraneis
3011 4267 3425 4341 derelinquant
3454 4273 3694 4349 propter

2033 4379 2183 4436 quas
2214 4353 2415 4418 omnia
2441 4363 2681 4432 peccata
2708 4358 3148 4415 commiserant.
3162 4358 3234 4414 Et
3258 4353 3557 4415 fabricant
3580 4356 3694 4413 sibi

2037 4451 2309 4525 sepulcra
2355 4450 2426 4506 de
2474 4464 2768 4513 marmore
2800 4465 2814 4504 :
2847 4448 3040 4519 ﬁrma,
3086 4464 3303 4521 magna
3346 4453 3404 4504 et
3450 4445 3702 4522 pulchra

1959 4514 2006 4587 D
2039 4514 2208 4615 quasi
2255 4541 2468 4607 domus
2513 4538 2574 4594 in
2628 4540 2913 4595 aeternum
2962 4553 3297 4594 mansuras.
3330 4536 3475 4594 Ecce
3520 4536 3699 4609 etiam

2040 4630 2418 4687 morientium
2448 4642 2684 4702 pompa.

2040 4740 2101 4795 11
2186 4735 2566 4795 Tabernacnla
2595 4750 2785 4791 eorum
2815 4737 2877 4790 in
2899 4735 3165 4806 progenie
3191 4740 3243 4790 et
3261 4734 3528 4806 progenie
3561 4750 3580 4785 :

2185 4829 2517 4884 Vocaverunt
2540 4825 2771 4889 nomina
2798 4840 2901 4878 sua
2926 4824 2987 4879 in
3021 4823 3182 4877 terris
3211 4823 3349 4876 suis.

2105 4935 2153 4995 Η
2186 4933 2315 4990 Haec
2346 4931 2456 4988 erit
2482 4928 2602 4987 illis
2628 4931 2916 5003 perpetuo.
2942 4925 3247 4996 habitatio,
3281 4926 3421 5001 quia
3440 4942 3562 4995 non
3594 4943 3692 5002 ιφ-

2036 5025 2290 5097 surgunt
2312 5024 2378 5077 ut
2406 5018 2662 5079 habeant
2692 5015 3303 5088 vitammternamﬁed
3325 5020 3387 5073 ut
3409 5015 3701 5080 damnen-

2036 5119 2134 5169 tur
2151 5111 2213 5166 in
2240 5123 2493 5183 poenam.
2512 5104 2902 5177 Vocaverunt,
2921 5120 3074 5187 saepe
3094 5102 3250 5163 enim
3274 5103 3488 5178 pagani
3511 5120 3703 5179 supra

2036 5201 2447 5269 defunctorum
2479 5193 2798 5269 epulantur
2819 5191 3111 5266 sepulcra,
3125 5197 3184 5265 et
3202 5193 3263 5250 in
3283 5192 3525 5267 nomine
3548 5208 3709 5273 mor-_

2033 5294 2276 5359 tunsum
2305 5282 2807 5355 bibentem-inania
2830 5282 3107 5356 quasdam
3136 5299 3276 5341 cum
3294 5280 3701 5347 modulatione

2036 5381 2279 5438 canunt.
2312 5374 2354 5431 C
2379 5376 2569 5449 Atque
2609 5371 2882 5437 invocant
2931 5372 3173 5437 nomine.
3214 5374 3611 5443 mortuorum,
3638 5372 3705 5437 et

2035 5468 2283 5525 credunt
2301 5464 2410 5521 hoc
2442 5461 2560 5516 illis
2586 5460 2886 5537 prodesse.
2918 5460 2965 5515 Η
2992 5460 3110 5517 Sed
3140 5457 3289 5525 nihil
3338 5458 3580 5532 prodest
3618 5456 3687 5513 in

2033 5558 2262 5619 inferno
2291 5548 2606 5623 damnatis,
2630 5552 2698 5608 et
2725 5547 2807 5609 ita
2848 5565 2958 5626 per
2993 5553 3201 5623 terras,
3231 5545 3510 5627 sepulcra
3552 5547 3704 5609 acci-
