4054 6168
359 311 477 370 199

1279 311 1344 371 S.
1391 305 1787 369 BRUNONIS
1837 304 2450 372 HERBIPOLENSIS
2495 307 2875 373 EPISCOPI.

3643 311 3768 374 200

359 443 618 514 piantur.
652 442 722 497 Et
769 441 1180 499 invocaverunt
1222 440 1397 496 habet
1446 441 1562 496 alia
1608 440 1820 513 littera,
1850 442 2005 514 quod
2034 443 2088 510 Α
2119 459 2398 516 Oppresso
2432 461 2683 517 paupere
2715 444 2874 500 dives
2912 443 3185 513 efﬁcitur,
3220 444 3336 500 noli
3386 445 3614 514 timere,
3649 445 3767 500 cito

359 533 454 587 hic
475 532 804 604 exponitur.

360 623 427 677 12
503 625 567 678 Et
598 621 753 677 homo
781 638 906 677 eum
935 622 990 676 in
1026 620 1224 676 honore
1253 628 1387 676 esset
1411 637 1521 676 non
1555 620 1830 676 intellexit
1863 634 1877 675 :

499 714 858 782 Comparatus
905 718 984 766 est
1015 711 1283 782 jumentis
1338 716 1393 775 τέ·
1439 711 1832 782 insipientibus
1877 713 1929 774 ζ,
1961 715 2010 764 et

568 800 772 855 similis
806 801 985 871 factus
1005 806 1083 854 est
1113 799 1250 854 illis.

428 891 473 945 H
505 890 687 944 Homo
718 905 852 944 cum
884 887 942 943 in
976 888 1195 944 honore
1224 891 1399 954 esset,
1419 904 1536 942 non
1569 886 2010 954 intellexit,esse

356 998 417 1036 se
447 981 516 1036 ad
550 977 865 1050 imaginem
917 977 1017 1033 Dei
1067 978 1409 1033 formatum.
1442 982 1481 1031 C
1510 979 1894 1048 Comparatus
1924 977 2011 1029 est

345 1068 655 1141 jumentis,
680 1068 858 1140 digna
887 1066 1210 1122 similitudo
1243 1068 1416 1121 datur
1444 1065 1885 1132 vecordibus,ut
1908 1063 2008 1134 qui

354 1177 414 1216 se
442 1157 758 1230 imaginem
790 1156 890 1211 Dei
922 1159 1148 1228 gestare
1193 1172 1310 1210 non
1363 1154 1718 1225 intelligunt,
1755 1166 2011 1223 congrue

343 1248 634 1320 jumentis
665 1245 1077 1317 insipientibus
1109 1251 1529 1316 comparentur.
1563 1243 1705 1297 Nam
1735 1240 1873 1296 tolle
1905 1239 2009 1294 ho-

353 1336 496 1392 mini
531 1335 630 1392 Dei
663 1333 988 1401 scientiam,
1021 1337 1079 1388 et
1108 1333 1345 1388 omnino
1376 1349 1554 1404 pecus
1576 1330 1864 1402 insipiens
1895 1333 2005 1395 est,

351 1425 724 1499 przesumptio
754 1439 905 1478 vana
934 1425 990 1476 et
1020 1421 1242 1476 caduca
1273 1420 1572 1493 superbia.

350 1518 419 1572 13
492 1520 627 1571 Haec
655 1514 745 1567 via
776 1513 998 1567 illorum
1019 1509 1344 1565 scandalum
1377 1510 1507 1580 ipsis
1539 1528 1558 1563 :

491 1605 556 1658 Et
575 1610 756 1674 postea
789 1603 848 1654 in
878 1616 969 1656 ore
998 1615 1096 1654 suo
1125 1599 1552 1670 complacebunt.
1589 1595 1932 1668 Diapsalma.

419 1693 460 1749 C
491 1692 620 1748 Haec
649 1689 760 1759 via,
796 1690 850 1744 id
883 1693 972 1744 est
999 1689 1136 1755 vita,
1171 1688 1230 1742 in
1263 1703 1378 1759 qua
1410 1687 1468 1742 in
1500 1687 1610 1742 hoc
1642 1683 1854 1741 saeculo
1876 1699 2007 1738 am-

347 1783 643 1839 bulamus.
678 1779 790 1835 Sed
822 1778 943 1833 hinc
964 1777 1057 1833 via
1087 1776 1227 1849 quid
1261 1776 1434 1831 malis
1475 1774 1817 1830 faciatznon
1851 1777 2003 1827 tace-

347 1879 461 1928 tur.
487 1868 842 1928 Scandalum
865 1867 1066 1939 utique
1098 1864 1398 1922 actoribus
1429 1864 1648 1931 suis,id
1681 1867 1771 1918 est
1802 1861 2007 1916 stimu‘

345 1962 468 2017 lum
501 1965 675 2032 atque
709 1956 986 2014 dolorem.
1004 1956 1126 2010 Non
1158 1954 1313 2010 enim
1337 1955 1408 2008 ad
1427 1953 1804 2008 securitatem
1828 1966 1996 2006 suam

345 2051 666 2124 quidquam
687 2050 954 2120 peccator
975 2044 1231 2111 facit,cui
1250 2043 1320 2097 de
1341 2060 1448 2098 sua
1466 2041 1729 2114 provenit
1745 2039 1992 2105 actione,

344 2139 621 2212 torqueri.
656 2135 1029 2192 Consuetudo
1060 2138 1149 2188 est
1178 2132 1565 2204 peccantium,
1586 2135 1650 2184 ut
1681 2133 1991 2202 postquam

343 2227 719 2303 impleverint‘
738 2229 935 2278 votum
969 2222 1024 2276 in
1061 2225 1315 2294 peccato,
1350 2237 1482 2274 mox
1529 2216 1814 2274 divinitati
1857 2232 1990 2288 gra-

342 2319 454 2373 tias
487 2320 690 2389 agunt.
714 2315 771 2368 in
803 2329 899 2368 ore
932 2329 1045 2366 non
1079 2311 1138 2364 in
1170 2310 1362 2376 corde,
1385 2309 1536 2364 unde
1567 2306 1707 2362 dicit
1739 2323 1752 2361 :
1788 2309 1990 2377 postea

341 2408 399 2462 in
432 2422 528 2461 ore
561 2421 666 2462 suo
701 2401 1170 2473 complacebunt,
1193 2399 1306 2454 Deo
1323 2397 1542 2471 gratias
1563 2400 1804 2468 agentes
1829 2394 1985 2467 quod

339 2511 613 2569 prospere
645 2489 1025 2566 peccaverint.

342 2587 409 2642 14
480 2584 634 2640 Sicut
661 2598 778 2639 oves
808 2583 870 2636 in
898 2581 1116 2651 inferno
1142 2579 1308 2650 positi
1335 2584 1460 2631 sunt
1489 2594 1507 2631 :

480 2675 616 2730 Mors
646 2672 890 2743 deposcet
918 2685 1024 2724 eos.

409 2768 449 2819 C
476 2764 637 2819 Sicut
666 2777 802 2816 oves
832 2759 976 2815 lanae
1010 2775 1127 2812 suae
1151 2755 1466 2811 amissione
1486 2753 1709 2825 jugiter
1729 2767 1988 2824 perseve-

339 2857 490 2922 rant,
506 2851 588 2908 sic
622 2865 853 2920 semper
882 2848 940 2902 in
972 2845 1089 2901 illis
1121 2844 1247 2900 sine
1279 2842 1688 2898 imminutione
1717 2841 1989 2896 substan-

338 2945 453 3009 tiae,
489 2939 704 2996 invenit
738 2955 907 3010 poena
937 2935 1092 3008 quod
1119 2933 1354 2988 cruciet.
1403 2936 1449 2986 Η
1499 2931 1701 2986 Merito
1736 2947 1770 2985 a
1799 2933 1985 2984 morte

337 3033 752 3104 depascuntur,
785 3026 884 3099 qui
917 3023 1214 3081 Christum
1247 3021 1562 3078 noluerunt
1590 3019 1802 3075 habere
1851 3034 1986 3090 pasa

335 3125 541 3176 torem.

338 3213 405 3266 15
478 3212 541 3265 Et
569 3207 998 3265 dominabuntur
1024 3220 1212 3260 eorum
1226 3203 1368 3275 justi
1397 3203 1456 3256 in
1482 3201 1756 3255 matutino
1786 3217 1804 3252 :

482 3303 546 3354 Et
575 3299 854 3353 auxilium
885 3311 1071 3350 eorum
1100 3299 1394 3348 veterascet
1423 3293 1480 3346 in
1512 3293 1729 3361 inferno
1749 3305 1781 3343 a
1803 3288 1983 3357 gloria

550 3403 756 3442 eorum.

410 3476 452 3531 C
481 3476 551 3530 Et
580 3473 1044 3530 dominabuntur
1075 3487 1296 3536 eorum,
1329 3469 1483 3541 quod
1538 3465 1739 3539 utique
1785 3466 1844 3520 in
1885 3464 1986 3521 illa

339 3563 762 3622 resurrectione
820 3560 1077 3616 felicium
1136 3565 1244 3624 est,
1276 3563 1342 3613 ut
1397 3556 1568 3612 malis
1615 3556 1985 3628 prxminea-nl

339 3652 604 3722 boni,hic
636 3652 790 3708 enim
819 3653 1014 3722 justos
1035 3648 1299 3704 obtinent
1330 3650 1678 3718 peccatores.
1704 3649 1765 3698 In
1802 3649 1986 3699 matu-

337 3746 482 3811 tino,
517 3759 649 3798 cum
700 3739 887 3813 gloria
935 3735 1374 3793 resurrectionis
1419 3735 1691 3790 illuxerit.
1725 3736 1984 3800 Quorum

336 3832 553 3890 auxilia
584 3836 867 3902 tanquam
900 3827 1077 3900 panni
1111 3825 1419 3898 putrefacti
1443 3820 1986 3894 veterascunt,quia

336 3937 538 3994 eorum
561 3918 772 3974 divitias
795 3916 939 3972 nihil
963 3915 1079 3970 illis
1111 3917 1373 3987 prosunt.
1389 3916 1433 3969 A
1464 3912 1648 3986 gloria
1669 3928 1979 3983 sua,quam

330 4010 392 4065 in
425 4009 536 4065 isto
566 4013 777 4064 saeculo
810 4006 1163 4061 habuerunt.
1187 4004 1232 4059 H
1257 4003 1319 4058 ld
1343 4007 1433 4058 est
1463 4003 1521 4057 in
1553 4000 1984 4077 comparatione

334 4099 407 4156 ad
424 4097 670 4172 gloriam
693 4111 896 4152 eorum
919 4111 1096 4167 quam
1117 4092 1214 4148 hic
1234 4092 1808 4163 habuerunt,quanto
1826 4089 1983 4145 enim

333 4187 589 4261 amplius
611 4187 704 4242 hic
735 4181 1322 4256 suntgloriati,tanto
1355 4180 1488 4254 plus
1519 4180 1579 4235 in
1611 4178 1836 4235 inferno
1858 4195 1982 4234 cor-

332 4277 662 4350 ruptionem
694 4274 990 4346 patientur
1021 4272 1206 4344 (Apoc.
1239 4273 1418 4340 xvm).

335 4368 401 4423 16
478 4371 890 4422 Verumtamen
921 4366 1069 4417 Deus
1097 4361 1346 4417 redimet
1368 4361 1632 4417 animam
1658 4374 1844 4414 meam
1868 4375 1888 4412 :
1911 4357 1985 4414 de

544 4470 725 4508 inanu
758 4454 939 4524 inferi

471 4547 612 4602 Cum
641 4543 932 4614 acceperit
964 4557 1070 4595 me.
1103 4539 1468 4610 Diapsalma.

400 4638 439 4688 C
471 4631 756 4688 Liberavit
784 4631 938 4685 Deus
987 4629 1215 4684 animas
1259 4643 1482 4695 eorum,
1517 4627 1616 4698 qui
1666 4626 1981 4681 adventum

328 4725 458 4795 ejus
487 4719 782 4777 constanti
814 4718 1012 4774 animo
1046 4716 1435 4772 crediderunt.
1470 4715 1549 4770 De
1581 4732 1758 4770 manu
1787 4713 1975 4783 interi,

327 4814 397 4868 de
428 4814 713 4885 potestate
735 4806 951 4864 diaboli
977 4825 988 4862 :
1013 4805 1112 4879 qui
1136 4809 1268 4860 ante
1291 4805 1604 4860 adventum
1626 4802 1839 4859 Christi
1862 4803 1982 4857 ani-

329 4919 456 4957 mas
487 4901 722 4956 tenebat
752 4895 1051 4954 obnoxias.
1086 4895 1126 4951 C
1151 4894 1320 4950 Dives
1367 4893 1523 4949 enim
1573 4893 1767 4948 dictus
1817 4897 1907 4948 est
1947 4910 1981 4947 a

327 4991 477 5057 divo,
512 4990 611 5061 qui
645 4988 813 5060 quasi
845 4992 997 5042 Deus
1037 4984 1300 5041 creditur
1345 4982 1494 5038 nihil
1538 4982 1798 5055 indigere
1831 4997 1843 5035 :
1879 4999 1981 5054 per

327 5095 500 5150 quem
533 5078 627 5132 hic
661 5077 907 5148 impium
942 5075 1223 5131 debemus
1247 5073 1684 5144 aceipere.Cum
1707 5071 1834 5142 ejus
1855 5071 1979 5144 glo-

328 5167 413 5222 ria
444 5163 831 5237 multiplicata
859 5163 1051 5232 fuerit,
1079 5165 1284 5235 junge,
1319 5179 1390 5218 ne
1421 5161 1710 5217 timueris.

326 5256 395 5312 l7
471 5258 555 5310 Ne
585 5253 853 5310 timueris
880 5270 1005 5308 cum
1037 5254 1200 5308 dives
1226 5254 1422 5324 factus
1448 5251 1637 5326 fuerit
1669 5249 1840 5306 homo
1867 5266 1880 5305 :

467 5346 542 5400 Et
573 5361 700 5399 cum
733 5340 1148 5411 multiplicata
1173 5342 1358 5413 fuerit
1387 5340 1590 5414 gloria
1612 5339 1981 5408 domusejus.

398 5433 443 5490 H
477 5432 645 5488 Dives
668 5433 908 5486 ell'ectus
929 5436 1018 5486 est
1039 5429 1224 5486 Judas
1246 5429 1508 5502 proditor
1529 5429 1832 5484 vendendo
1859 5445 1981 5484 ma-

297 5516 310 5530 ’
325 5521 705 5598 gistrum,sed
726 5519 871 5577 nihil
894 5519 1062 5594 pretii
1090 5520 1243 5594 quod
1267 5521 1568 5592 acceperat
1593 5535 1604 5576 :
1627 5533 1826 5573 secum
1849 5532 1982 5573 cum

327 5609 686 5673 moriebatur
716 5607 1058 5686 deportavit.
1096 5606 1155 5666 Si
1186 5625 1322 5685 ergo
1368 5623 1522 5668 nunc
1573 5607 1982 5684 unusquisque

2119 533 2392 604 praeterit,
2426 538 2484 590 et
2516 533 2659 588 nihil
2691 550 2892 590 secum
2923 535 2994 589 de
3038 535 3131 589 his
3179 552 3306 606 qua
3357 538 3627 607 rapuerat
3658 534 3769 589 tol-

2117 620 2206 688 lit,
2246 622 2486 678 Domino
2543 623 2817 678 dicente:
2855 623 3064 692 Stulte,
3111 623 3222 679 hac
3281 629 3449 680 nocte
3505 623 3770 679 animam

2118 714 2282 766 tuam
2314 715 2585 785 repetunt
2615 714 2765 782 (Luc.
2799 715 2885 782 II),
2919 729 3044 785 quae
3095 717 3290 768 autem
3347 713 3564 786 parasti
3598 713 3776 784 cujus

2118 805 2308 856 erunt.

2120 892 2186 945 18
2259 892 2550 961 Quoniam
2578 907 2706 947 cum
2738 892 3032 948 interierit
3062 909 3176 946 uon
3198 900 3381 946 sumet
3411 893 3616 947 omnia
3646 907 3660 945 :

2259 983 2448 1052 Neque
2474 981 2778 1037 descendet
2797 997 2929 1037 cum
2959 997 3025 1036 eo
3054 979 3261 1051 gloria
3289 983 3435 1053 ejus.

2189 1068 2229 1123 C
2259 1069 2398 1123 Ecce
2429 1070 2692 1125 redditur
2737 1070 2883 1125 ratio
2936 1086 3116 1142 quare
3172 1069 3364 1124 timeri
3413 1085 3527 1123 non
3562 1069 3780 1123 debeat

2119 1157 2324 1212 mundi
2385 1156 2695 1229 gloriosus.
2723 1160 2836 1213 Cur
2864 1158 3019 1214 enim
3049 1158 3327 1214 timemus
3378 1157 3636 1224 divitem,
3670 1157 3778 1229 qui

2119 1246 2368 1300 moritur
2397 1263 2637 1319 pauper,
2659 1264 2762 1303 nec
2789 1246 2948 1302 aliud
2973 1263 3171 1303 secum
3198 1247 3352 1302 valet
3379 1251 3629 1319 portare,
3654 1245 3777 1301 nisi

2119 1335 2274 1390 unde
2302 1336 2488 1407 possit
2515 1335 2758 1392 ardere?
2788 1337 2858 1391 Et
2887 1337 3034 1392 bene
3064 1336 3276 1390 dicitur
3327 1335 3680 1391 descendere
3711 1335 3775 1391 in

2118 1424 2642 1496 profundissimam
2673 1425 3027 1494 foveam,sed
3054 1425 3178 1480 sine
3211 1423 3395 1497 gloria
3421 1424 3778 1490 saeculi,sine

2117 1513 2291 1568 turba
2348 1512 2690 1569 satellitum.
2724 1516 2792 1570 Et
2820 1514 3031 1570 domus
3062 1513 3162 1569 illa
3210 1530 3389 1586 quam
3437 1513 3776 1583 mirabaris,

2116 1606 2378 1659 remanet
2403 1606 2542 1671 tota,
2559 1604 2660 1658 sed
2690 1619 2867 1658 onera
2914 1620 3042 1675 qua":
3077 1620 3190 1659 non
3241 1602 3480 1658 videbas
3523 1619 3536 1658 :
3571 1608 3774 1659 trans-

2117 1689 2298 1746 mittit
2328 1691 2589 1764 ingentia
2619 1708 2819 1748 secum
2853 1691 2912 1746 in
2945 1690 3294 1764 gehennam.

2119 1779 2186 1834 19
2257 1781 2413 1852 Quia
2437 1781 2646 1836 anima
2675 1785 2804 1853 ejus
2833 1782 2896 1836 in
2926 1782 3052 1836 vita
3072 1781 3258 1854 ipsius
3281 1780 3654 1838 benedicetur
3683 1798 3706 1835 .-

2261 1869 2630 1940 Confitebitur
2656 1869 2768 1926 tibi
2786 1886 2915 1926 eum
2947 1868 3300 1942 benefeceris
3329 1869 3402 1924 ei.

2179 1957 2218 2013 C
2249 1957 2368 2012 Ista
2397 1958 2724 2013 benedictio
2759 1975 2873 2014 non
2906 1958 2974 2013 ad
3012 1957 3534 2013 sanctiﬁcationem
3587 1958 3777 2029 perti-

2106 2049 2223 2113 net,
2257 2046 2356 2100 scd
2390 2047 2462 2102 ad
2494 2047 2770 2102 favorem.
2798 2046 3169 2102 Benedicitur
3197 2046 3353 2102 enim
3386 2047 3610 2102 dictum
3633 2051 3729 2103 est
3759 2063 3774 2101 :

2101 2139 2338 2206 propter
2366 2134 2630 2208 linguam
2654 2135 2998 2201 satellitum,
3016 2135 3168 2190 inter
3188 2133 3395 2207 epulas
3415 2151 3554 2190 suos
3578 2136 3777 2191 domi-

2101 2239 2206 2278 nos
2238 2222 2635 2279 collaudantes.
2670 2227 2812 2280 Cum
2847 2224 2895 2279 ei
2947 2223 3323 2293 benefeccris,
3358 2223 3763 2294 confitebitur,

2097 2311 2155 2374 id
2187 2315 2294 2381 est,
2327 2315 2464 2368 tunc
2495 2314 2613 2386 agit
2641 2313 2859 2385 gratias
2890 2313 3030 2382 Deo,
3065 2313 3298 2384 quando
3331 2311 3551 2385 aliquid
3607 2311 3762 2368 lucri

2096 2401 2406 2472 conquirit.

2093 2491 2165 2543 2O
2237 2490 2498 2548 Introibit
2519 2508 2691 2565 usque
2715 2494 2777 2548 in
2792 2492 3105 2566 progenies
3135 2497 3372 2560 patrum
3391 2507 3627 2548 suorum
3651 2512 3670 2546 :

2241 2585 2424 2652 Usque
2455 2582 2518 2636 in
2543 2588 2825 2638 aeternum
2855 2598 2970 2637 non
3000 2581 3223 2637 videbit
3250 2582 3458 2637 lumen.

2165 2669 2204 2723 C
2233 2668 2340 2732 Qui
2372 2669 2430 2724 in
2463 2669 2573 2725 isto
2606 2670 2815 2726 saeculo
2843 2674 3037 2742 patres
3083 2670 3372 2742 pessimos
3419 2669 3752 2734 imitantur,

2094 2773 2296 2812 eorum
2329 2759 2602 2815 societate
2634 2759 2951 2814 damnandi
2983 2764 3142 2814 sunt.
3169 2758 3440 2830 Usquein
3463 2764 3752 2813 internum

2096 2863 2210 2902 non
2240 2847 2774 2915 videbitlumen,id
2806 2847 3131 2914 est,lumen
3165 2847 3465 2920 sapientia:
3491 2847 3582 2902 hic
3607 2852 3665 2902 et
3689 2847 3754 2902 in

2094 2939 2394 2993 aeternum.
2413 2938 2635 2993 Lumen
2659 2939 2813 3010 quod
2837 2936 3133 2992 illuminat
3165 2953 3398 2991 omnem
3422 2935 3750 3004 hominem,

2093 3025 2246 3097 quod
2280 3025 2386 3082 soli
2409 3027 2592 3083 sancti
2617 3028 2675 3082 in
2698 3027 2910 3083 deitate
2932 3025 3405 3082 videbunt.Sicut
3433 3025 3588 3081 enim
3613 3041 3755 3097 pec-

2094 3119 2222 3171 cata
2256 3120 2395 3171 sunt
2432 3117 2762 3188 tenebrosa,
2793 3116 2875 3172 ita
2898 3116 3301 3189 peccatoribus
3324 3114 3622 3188 sapientiae
3655 3114 3754 3169 lu-

2014 3192 2057 3260 C
2097 3223 2226 3260 men
2261 3206 2550 3261 auferunt.
2582 3207 2627 3260 H
2663 3211 2737 3261 De
2766 3206 2982 3278 quibus
3014 3205 3230 3260 dicitur
3263 3223 3276 3260 :
3312 3203 3579 3276 Projicite
3609 3219 3750 3258 eum

2091 3293 2152 3349 in
2182 3295 2451 3350 tenebras
2473 3294 2784 3350 exteriores
2817 3294 3021 3368 (Matth.
3055 3299 3214 3364 xx").

2091 3384 2150 3440 2|
2236 3389 2423 3441 Homo
2451 3400 2580 3441 cum
2614 3386 2676 3441 in
2708 3385 2926 3440 honore
2955 3393 3094 3440 esset
3123 3400 3236 3440 non
3265 3381 3560 3438 intellexit
3593 3403 3611 3435 :

2236 3476 2621 3547 Comparatus
2669 3483 2751 3530 est
2765 3475 3059 3547 jumentis
3092 3478 3147 3538 -:-
3170 3473 3568 3546 insipientibus
3595 3478 3650 3526 et
3695 3475 3752 3538 ζ,

2305 3564 2520 3619 similis
2544 3566 2739 3635 factus
2763 3570 2845 3620 est
2878 3562 3024 3620 illis.

2165 3653 2205 3708 C
2253 3652 2549 3708 Conclusit
2607 3652 2891 3726 propheta
2940 3649 3400 3724 pulcherrimum
3449 3647 3754 3721 psalmum

2093 3740 2383 3812 parilitate
2408 3758 2630 3810 versus,
2665 3745 2729 3796 ut
2779 3759 2841 3796 se
2881 3745 3147 3812 peccator
3177 3757 3211 3794 a
3240 3738 3394 3794 malo
3443 3736 3752 3810 proposito

2094 3833 2584 3899 removeret,cum
2617 3829 2928 3886 stultitiam
2960 3847 3128 3884 suam
3162 3827 3372 3883 iterata
3401 3825 3752 3898 increpatio-

2093 3937 2164 3975 ne
2194 3915 2586 3993 cognosceret.

2547 4026 2749 4064 ORATIO
2789 4026 2857 4063 EX
2897 4025 3049 4064 PSAL.
3095 4022 3288 4062 XLVIII.

2164 4095 2362 4169 Reple,
2389 4095 2730 4164 Domine,os
2761 4100 3028 4152 nostrum
3062 4094 3348 4168 sapientia
3379 4097 3513 4149 tua:
3543 4095 3608 4148 ut
3629 4107 3752 4147 me-

2094 4203 2286 4242 mores
2325 4191 2382 4241 te
2410 4185 2711 4241 hominem
2760 4186 2999 4252 factum,
3033 4201 3257 4256 nosque
3309 4182 3625 4239 redemisse
3675 4181 3752 4236 de

2093 4279 2334 4343 tartaro,
2369 4291 2701 4330 mereamur
2730 4275 2929 4332 vultus
2960 4274 3042 4330 tui
3074 4273 3298 4328 lumine
3330 4270 3612 4328 decorari.
3637 4269 3750 4334 Qui

2093 4381 2227 4420 cum
2258 4364 2427 4420 Patre
2456 4369 2513 4420 et
2545 4363 2764 4437 Spiritu
2799 4368 3018 4430 sancto,
3055 4366 3164 4419 etc.

2646 4453 2974 4510 PSALMUS
3011 4451 3199 4509 XLIX.

2519 4560 2924 4600 ARGUMENTUM
2965 4559 3122 4598 PSAL.
3165 4558 3317 4596 XLIX.

2162 4635 2201 4690 C
2232 4633 2353 4689 Vox
2384 4649 2692 4706 synagoga;
2746 4633 2816 4688 de
2865 4632 3055 4704 primo
3105 4636 3162 4686 et
3210 4627 3466 4685 secundo
3497 4627 3751 4682 adventu

2087 4722 2323 4788 Christi,
2351 4722 2658 4794 ipsiusque
2688 4721 3029 4790 admonitio,
3065 4723 3126 4775 ut
3155 4719 3206 4776 ei
3237 4715 3592 4775 sacrificium
3626 4715 3751 4771 lau-

2087 4811 2177 4866 dis
2211 4811 2410 4867 ﬁdeles
2442 4812 2704 4867 oll'erant.

2580 4900 2690 4955 TT.
2733 4902 2845 4955 Psa
2854 4898 3006 4954 linus
3036 4896 3251 4970 Asaph.

2161 4990 2204 5046 Η
2237 4989 2432 5062 Asaph
2465 4993 2587 5045 erat
2618 4987 2889 5061 egregius
2922 4985 3397 5057 musicus,cujus
3426 4998 3637 5039 nomen
3663 4980 3756 5035 in-

2089 5083 2440 5152 terpretatur
2466 5081 2827 5151 congregatio.
2855 5076 3124 5133 Psalmus
3155 5075 3264 5132 iste
3295 5072 3577 5130 discernit
3616 5071 3752 5141 jus-

2091 5173 2181 5224 tos
2202 5168 2274 5224 ab
2310 5169 2528 5240 impiis,
2563 5166 2820 5224 caelestes
2851 5184 2885 5222 a
2915 5164 3179 5233 terrenis,
3215 5167 3450 5220 sanctos
3484 5179 3518 5216 a
3547 5173 3755 5231 pecca-

2091 5258 2352 5314 toribus:
2380 5261 2736 5330 protestatur
2766 5255 2941 5312 etiam
2973 5272 3088 5311 non
3112 5271 3174 5310 se
3204 5253 3468 5310 locutum
3501 5245 3753 5322 prophe-

2092 5351 2169 5416 ta,
2205 5348 2303 5403 sed
2337 5347 2531 5420 ipsum
2562 5346 2895 5414 Dominum,
2929 5345 3129 5400 dicens
3160 5348 3335 5409 Deus,
3367 5345 3478 5398 etc.

2130 5438 2154 5492 1
2233 5439 2376 5493 Deus
2407 5437 2651 5494 deorum
2685 5436 2963 5492 Dominus
2996 5434 3223 5491 locutus
3251 5441 3333 5488 est
3365 5451 3385 5486 :

2231 5529 2308 5584 Et
2340 5529 2562 5584 vocavit
2593 5532 2840 5583 terram.

2162 5620 2199 5672 C
2230 5616 2384 5676 Deus
2405 5617 2562 5675 enim
2595 5616 2771 5674 timor
2791 5616 2985 5673 Grieca
3010 5613 3208 5688 lingua
3230 5610 3463 5668 dicitur.
3486 5611 3532 5664 Η
3563 5602 3755 5683 Igitur
