4112 6176
194 319 299 380 201

1430 322 1861 386 EXPOSITIO
1911 326 2457 397 PSALMORUM.

3557 360 3675 422 202

191 451 341 507 Deus
362 450 424 505 in
445 448 741 506 Trinitate
762 449 945 507 Pater
964 455 1023 508 et
1044 454 1224 512 Filius
1248 459 1305 510 et
1326 455 1575 527 Spiritus
1595 460 1871 559 sanctus.
1908 460 1961 527 Α
1989 463 2025 514 7
2104 467 2172 519 Εἰ
2205 473 2681 530 annuntiabunt
2709 481 2844 535 caeli
2856 484 3162 555 justitiam
3191 492 3319 559 ejus
3343 506 3357 544 :

198 539 357 596 Unus
388 544 599 595 tamen
626 539 785 594 Dens
816 540 1064 596 deorum
1099 560 1111 598 :
1139 542 1219 599 dii
1242 544 1395 600 enim
1426 544 1705 599 dicuntur
1726 544 1878 629 boni

192 630 493 686 homines.
510 630 776 685 Locutus
792 634 917 695 est,
941 630 984 684 C
1014 649 1115 704 per
1134 632 1443 706 prophetas
1465 637 1521 688 et
1542 633 1857 706 apostolos

188 720 256 775 Et
272 717 510 775 vocavit
538 722 785 783 terram,
816 717 875 773 id
908 725 998 775 est
1027 738 1214 793 genus
1252 723 1592 778 humanum.
1628 723 1674 777 H
1729 722 1877 782 Cre-

189 807 393 863 dentes
413 808 566 863 deos
589 806 925 879 nuncupari
954 808 1302 883 voluit,quia
1320 812 1473 867 dedit
1493 810 1576 878 eis
1603 816 1878 883 potesta-

188 902 300 951 tem
326 895 488 952 filios
509 896 616 952 Dei
642 895 768 952 ﬁeri
795 897 975 968 (Joan.
1000 898 1062 969 1).
1078 898 1118 955 C
1140 899 1420 956 Dicuntur
1440 901 1636 972 itaque
1657 900 1774 956 lilii
1803 903 1883 959 si-

187 990 280 1041 cut
295 990 357 1041 et
373 985 462 1040 dii
486 1002 500 1040 :
520 985 666 1057 quia
687 989 1013 1058 utrumque
1025 989 1213 1060 gratia
1234 994 1599 1062 praestatmon
1624 995 1877 1048 natura.

186 1077 219 1128 2
325 1076 366 1130 Α
400 1073 559 1131 solis
587 1079 757 1129 ortus
783 1091 962 1148 usque
989 1077 1075 1132 ad
1101 1092 1360 1134 occasum
1390 1100 1408 1147 ,-

329 1167 417 1219 Ιίε
444 1163 593 1220 Sion
620 1163 849 1232 species
874 1164 1103 1220 decoris
1131 1167 1278 1236 ejus.

251 1252 295 1307 C
324 1254 371 1306 Α
394 1250 545 1308 solis
574 1256 731 1317 ortu,
764 1267 873 1324 per
902 1251 1042 1309 solis
1073 1271 1315 1311 cursum
1353 1274 1365 1311 :
1400 1256 1744 1314 universum
1793 1260 1873 1314 si-

180 1340 427 1413 gnificat
459 1341 781 1409 mundum,
802 1341 943 1412 quia
972 1344 1136 1399 omni
1163 1348 1329 1400 terrae
1359 1346 1541 1401 Oritur
1561 1350 1618 1402 et
1648 1348 1873 1405 occidit

181 1430 425 1487 claritas
454 1431 612 1501 ejus.
646 1430 729 1484 Ex
757 1430 911 1485 Sion
939 1432 1192 1504 species,
1217 1433 1595 1503 Hierusalem,
1629 1435 1694 1491 in
1750 1455 1872 1510 qua

181 1536 353 1575 mons
376 1520 492 1575 iste
512 1519 685 1592 puris
708 1519 1003 1577 mentibus
1018 1521 1191 1578 velut
1213 1538 1386 1579 aurea
1397 1540 1590 1580 massa
1602 1525 1869 1599 resplen-

180 1609 417 1664 det.‘De
448 1608 562 1663 hac
593 1607 755 1663 enim
788 1608 930 1664 urbe
964 1616 1259 1669 exeuntes
1305 1613 1566 1684 apostoli,
1601 1616 1865 1687 speciem

180 1697 410 1754 decoris
438 1697 573 1769 ejus
603 1697 1115 1756 annuntiaverunt
1147 1701 1210 1755 in
1243 1703 1361 1756 toto
1383 1702 1515 1757 orbe
1539 1706 1862 1772 terrarum,

182 1788 335 1842 sicut
363 1786 555 1843 Isaias
586 1785 731 1842 dicit
763 1802 776 1841 :
816 1787 891 1841 Ex
931 1788 1080 1844 Sion
1149 1789 1331 1844 exibit
1376 1789 1481 1857 lex,
1515 1796 1569 1846 et
1608 1794 1861 1850 verbum

181 1876 413 1933 Domini
445 1876 521 1933 de
555 1874 912 1932 Hierusalem
944 1878 1116 1949 (Isai.
1154 1879 1238 1951 ιι).

182 1968 215 2021 3
320 1971 478 2024 Deus
507 1967 826 2041 manifeste
855 1969 1049 2023 veniet
1090 1984 1104 2022 :

320 2061 477 2115 Deus
504 2062 708 2113 noster
740 2060 797 2113 et
826 2073 937 2112 non
964 2054 1219 2112 silebit.

188 2190 193 2193 μ
247 2146 291 2202 C
319 2147 491 2203 Nunc
523 2147 596 2202 de
629 2147 891 2202 secundo
917 2143 1152 2200 Christi
1185 2144 1437 2201 adventu
1469 2147 1749 2219 propheta
1780 2150 1861 2205 di-‘

178 2239 275 2303 cit,
318 2236 640 2292 manifeste
696 2235 911 2292 veniet.
948 2233 1274 2289 Manifesta
1330 2250 1464 2289 vero
1503 2240 1642 2290 tunc
1670 2238 1860 2295 veniet

177 2326 473 2395 Christus,
493 2319 750 2398 quando
752 2325 881 2396 jam
905 2338 1020 2378 non
1046 2321 1209 2377 cruci
1235 2322 1692 2394 afﬁgendus,sed
1704 2328 1860 2398 judi-

175 2419 418 2470 catums
444 2418 537 2470 est
567 2414 890 2470 mundum.
925 2409 1073 2466 Silet
1104 2410 1264 2465 enim
1299 2411 1471 2467 modo
1502 2430 1604 2484 per
1632 2415 1856 2486 patien-

175 2504 321 2559 tiam
352 2519 494 2559 cum
527 2517 872 2576 peccamus,
904 2503 1049 2554 tunc
1082 2504 1282 2555 autem
1315 2515 1428 2555 non
1477 2501 1686 2572 silebit,
1723 2522 1855 2561 cum

173 2591 482 2650 sceleratis
544 2592 823 2648 dicturus
881 2587 994 2643 erit
1027 2605 1041 2643 :
1079 2588 1164 2644 lte
1213 2587 1274 2642 in
1333 2588 1525 2661 ignem
1573 2596 1856 2650 aeternum

172 2683 388 2753 (Matth.
417 2682 581 2751 xxv).
619 2677 933 2737 Manifeste
964 2693 1100 2732 vero
1145 2676 1381 2743 dicitur,
1414 2680 1580 2750 quasi
1614 2697 1647 2736 a
1683 2698 1856 2740 mane

175 2773 301 2828 dies
352 2771 549 2827 festus
599 2769 833 2824 dictum
885 2766 972 2821 sic
1006 2782 1041 2820 a
1071 2765 1396 2835 sacrificiis,
1431 2768 1570 2839 quia
1615 2773 1735 2826 tota
1763 2773 1856 2828 die

172 2858 482 2917 festivitati
511 2853 850 2913 vacaretur.

172 2952 207 3006 4
316 2948 490 3020 Ignis
520 2947 583 3001 in
614 2950 928 3015 conspectu
959 2948 1091 3017 ejus
1120 2943 1457 3001 exardescet
1490 2963 1503 3002 :

332 3027 427 3104 ὃς.
452 3036 524 3088 Et
565 3029 668 3093 :in
696 3026 963 3082 circuitu
984 3025 1110 3095 ejus
1138 3033 1445 3094 tempestas
1472 3027 1704 3087 valida.

2097 554 2420 645 Quoniam
2454 565 2611 619 Deus
2616 568 2818 637 judea:
2843 577 2945 626 est.
2980 554 3353 645 Diapsalma.
3516 632 3551 639 ,.

2060 644 2099 693 Ο
2132 642 2368 731 Εῷὶοε,
2391 647 2544 706 viros
2565 654 2764 723 justos
2796 659 2953 727 dicit,
2981 642 3195 734 quibus
3226 665 3381 720 verbi
3412 665 3664 725 caelestis

1989 727 2381 800 dispensatio
2401 741 2780 801 condonatur.
2799 748 3077 811 Quoniam
3101 757 3249 808 Deus
3270 754 3452 824 judex
3480 742 3663 823 est,ac

1990 816 2040 872 si
2069 817 2349 879 diceret:
2374 827 2479 892 Qui
2508 832 2692 888 nescit
2721 834 2938 903 falli,et
2959 837 3111 895 sicut
3131 841 3327 897 omnia
3352 844 3661 901 manifeste

1988 906 2167 971 novit,
2197 906 2297 967 ita
2328 914 2455 972 sine
2481 921 2932 992 reprehensione
2961 928 3256 987 discernit.
3278 931 3325 983 A
3345 930 3444 986 Vel
3469 933 3657 988 sancti

1987 993 2406 1091 praedicabunt
2424 1006 2742 1079 justitiam,
2762 1012 2816 1069 id
2848 1020 2939 1070 est
2968 1017 3244 1074 mandata
3273 1016 3494 1087 ejus,et
3513 1036 3657 1091 prm-

1987 1085 2284 1175 dicabunt
2332 1096 2484 1165 quod
2518 1101 2606 1153 est
2646 1100 2830 1171 judex
2876 1103 3136 1160 vivorum
3176 1110 3232 1163 et
3261 1085 3648 1175 mortuorum,

1984 1173 2115 1232 ideo
2138 1176 2385 1248 justitia
2413 1188 2501 1240 est
2529 1186 2810 1245 timenda.

1982 1266 2015 1319 8
2125 1265 2290 1324 Audi
2315 1273 2573 1343 populus
2595 1294 2755 1334 meus
2785 1289 2840 1335 et
2871 1262 3079 1353 loquar
3111 1299 3123 1338 :
3151 1285 3340 1340 Israel
3357 1288 3414 1337 et
3442 1281 3649 1354 testiﬁ-

2197 1358 2377 1414 cabor
2408 1363 2517 1418 libi
2547 1380 2560 1419 :

2124 1449 2284 1503 Deus
2316 1454 2466 1505 Deus
2495 1457 2631 1509 tuus
2657 1472 2766 1529 ego
2797 1472 2944 1511 sum.

1997 1584 2008 1593 .
2050 1533 2091 1588 C
2119 1534 2270 1590 Audi
2302 1539 2557 1609 populus
2584 1544 2877 1607 meus,hic
2909 1544 3035 1618 ipsa
3065 1548 3297 1604 Veritas
3321 1561 3393 1600 ex
3414 1544 3647 1622 propria

1977 1634 2231 1691 persona
2264 1623 2543 1695 loquitur.
2559 1631 2819 1703 Populus
2842 1632 2937 1688 hic
2968 1635 3268 1708 signiﬁcat
3299 1633 3530 1706 plebem
3552 1641 3647 1699 de-

1973 1712 2356 1769 votam.Cum
2390 1715 2531 1771 dicit
2552 1720 2779 1789 audi,id
2811 1729 2918 1791 est,
2934 1725 3137 1783 devota
3169 1729 3387 1782 mente
3405 1731 3651 1810 suscipe.

1979 1798 2236 1894 Loquar,
2261 1803 2513 1894 subaudi
2548 1809 2876 1878 profutura.
2910 1814 3350 1883 'l‘estiilcari,id
3371 1826 3475 1894 est,
3494 1798 3661 1888 testi-

1973 1888 2242 1944 monium
2274 1891 2485 1947 dicere.
2520 1895 2690 1950 Tunc
2716 1897 2984 1958 ﬁdelibus
3018 1888 3663 1995 testimoniumtdabit,

1972 1992 2108 2032 cum
2162 1978 2429 2036 dicturus
2477 1988 2571 2037 est
2606 2000 2620 2039 :
2656 1985 2878 2045 Esurivi
2927 1992 3087 2053 enim
3131 1997 3204 2050 et
3241 1978 3500 2076 dedistis

1972 2068 2329 2124 manducare
2360 2070 2571 2182 (Matth.
2606 2076 2783 2182 Jaxv).
2813 2079 2913 2135 Est
2968 2081 3061 2139 hic
3110 2087 3345 2154 autem

1969 2161 2405 2270 sacr‘amentum
2425 2160 2576 2215 dum
2603 2161 2783 2223 dicit:
2805 2168 2977 2240 Sum;
3001 2189 3137 2229 sum
3161 2178 3343 2245 enim
3363 2160 3668 2270 ριιοῖἆιςὲξ

1971 2249 2053 2270 Aha
2117 2245 2395 2270 :.-:_:a-12-
2419 2250 2600 2270 ---λιμμ
2928 2261 2944 2270 .

1968 2249 2058 2299 est
2074 2245 2398 2304 divinitatis
2419 2250 2768 2320 verbum,eo
2792 2261 2948 2331 quod
2975 2279 3224 2337 semper
3248 2245 3667 2348 adest

1967 2349 2105 2404 pore
2138 2352 2254 2391 non
2287 2343 2559 2394 mutatur
2590 2342 2890 2404 divinitas.
2926 2351 3029 2408 Est
3070 2368 3212 2409 vero
3264 2342 3348 2420 ibi
3403 2342 3461 2426 et

1968 2428 2585 2500 sacramentum,quia
2617 2433 2840 2491 scilicet
2873 2455 2993 2495 una
3024 2441 3257 2515 syllaba
3278 2454 3473 2521 tribus

1968 2510 2048 2565 ris
2079 2513 2427 2586 continetur,
2463 2521 2529 2574 ut
2560 2526 2768 2580 sancta
2801 2510 3075 2588 Trinitas
3096 2549 3253 2592 unus
3282 2516 3463 2604 'Deus
3513 2510 3647 2610 essve

1964 2688 2000 2741 9
2110 2696 2237 2747 Non
2268 2694 2331 2749 in
2361 2696 2677 2769 sacriﬁciis
2697 2704 2808 2759 tuis
2837 2723 3104 2780 arguam
3133 2721 3191 2768 te
3218 2734 3239 2769 :

2107 2779 2481 2841 Ilolocausta
2510 2794 2714 2845 autem
2744 2798 2853 2851 tua
2888 2779 2952 2852 in
2989 2809 3301 2873 conspectu
3328 2823 3458 2866 meo
3495 2822 3635 2871 sunt

2174 2886 2419 2939 semper.
2474 2930 2475 2935 η

2034 2956 2074 3011 C
2104 2957 2227 3049 μοι)
2261 2958 2321 3014 in
2352 2962 2655 3020 sacriﬁciis
2686 2969 2829 3040 tuis,
2857 2973 2930 3028 ad
2976 2977 3262 3049 populum
3305 2984 3621 3044 Judaioum

1961 3042 2238 3117 loquitur,
2275 3064 2389 3103 non
2414 3050 2542 3120 jam
2573 3056 2937 3125 exquirenda
2960 3080 3088 3120 esse
3124 3069 3415 3126 sacrificia
3444 3091 3623 3146 pecu-

1962 3133 2124 3200 dum,
2154 3135 2254 3190 sed
2307 3152 2406 3191 cor
2462 3141 2802 3199 contritum.
2839 3147 3192 3209 Rolocausta
3244 3133 3464 3214 autem.
3491 3178 3622 3218 esse

170 3211 330 3267 enim
362 3214 423 3265 et
456 3205 670 3264 exurit.
703 3203 1018 3259 Gaudeant
1048 3202 1206 3257 enim
1230 3202 1376 3273 justi
1408 3221 1421 3258 ε
1455 3206 1594 3277 quia
1629 3206 1846 3263 illumi-
1879 3205 1922 3271 C
1961 3221 2266 3292 aceeptain
2287 3231 2602 3296 conspectu
2634 3233 2993 3298 suo,scilicet
3023 3242 3258 3310 quando
3278 3260 3488 3301 meuns
3512 3265 3620 3303 no-

170 3304 396 3354 nuntur
441 3313 514 3353 ex
556 3311 644 3362 eo,
678 3293 932 3348 timeant
980 3296 1334 3367 peccatores,
1380 3294 1517 3365 quia
1567 3299 1843 3353 exurendi

170 3392 316 3443 sunt
348 3388 423 3442 ab
456 3401 546 3441 eo.
576 3382 619 3439 C
646 3387 779 3438 Haec
812 3385 1139 3453 tempestas
1164 3396 1279 3436 non
1310 3384 1497 3439 ventis
1519 3386 1843 3458 agitur,nec

174 3474 448 3550 procellis
479 3470 857 3529 saevientibus
877 3469 1189 3536 excitatur,
1206 3470 1307 3525 sed
1338 3487 1405 3526 ex
1425 3473 1620 3531 divina
1640 3480 1844 3547 poten-

171 3567 254 3621 tia
283 3564 611 3620 vehemens
641 3560 893 3632 spiritus
924 3558 1251 3631 consurgit,
1285 3564 1351 3616 ut
1390 3579 1523 3618 area
1562 3565 1792 3622 Domini
1827 3583 1839 3620 :

170 3652 479 3727 aequitatis
507 3652 639 3722 ejus
669 3648 966 3706 sententia
994 3646 1327 3704 ventiletur.
1354 3650 1513 3706 Tunc
1553 3653 1844 3711 frumenta

171 3744 564 3817 sequestrata
584 3737 789 3813 paleis.
806 3737 971 3804 Qued
981 3735 1275 3809 judicium
1301 3739 1504 3794 merito
1528 3744 1844 3814 tempestas

170 3833 416 3896 dicitur,
452 3828 591 3902 quia
614 3827 1004 3901 improvisum
1038 3826 1321 3894 veniet,et
1351 3828 1530 3885 nimia
1552 3829 1843 3887 celeritate

170 3922 366 3977 bonos
394 3919 706 3974 discernet.
1053 3972 1061 3979 .

169 4013 207 4065 5
312 4009 643 4065 ‘Advocavit
673 4004 894 4062 calum
925 4005 1235 4062 desursum
1270 4023 1282 4061 :

323 4101 396 4156 Et
423 4105 642 4154 terram
673 4096 1011 4153 discernere
1027 4094 1311 4166 populum
1341 4113 1526 4153 suum.

242 4190 299 4243 Α
328 4185 645 4243 Advocavit
672 4184 908 4252 cmlum,
926 4184 985 4239 id
1019 4185 1439 4257 est,apostolos
1467 4186 1554 4242 vel
1586 4187 1840 4262 reliquos

170 4282 442 4342 sanctos,
476 4273 576 4347 qui
620 4273 910 4347 despectis
953 4274 1224 4341 terrenis,
1258 4291 1383 4347 qua:
1435 4293 1670 4333 sursum
1701 4283 1842 4335 sunt

170 4364 445 4438 sapiunt.
468 4362 757 4419 Discernit
788 4367 988 4419 autem
1019 4366 1302 4433 terrenos,
1324 4368 1387 4420 ut
1416 4381 1549 4420 cum
1580 4366 1842 4424 caelestes

172 4458 486 4527 ponuntur
514 4452 586 4508 ad
616 4452 937 4519 dexteram,
955 4451 1014 4507 hi
1037 4452 1109 4507 ad
1132 4452 1432 4510 sinistram
1461 4454 1836 4512 collocentur.

166 4544 203 4598 6
329 4544 364 4599 ί
376 4547 696 4615 ongregate
720 4540 822 4597 illi
849 4546 1089 4598 sanctos
1116 4545 1242 4614 ejus
1275 4561 1288 4600 :

326 4632 446 4702 Qui
456 4630 741 4687 ordinant
754 4625 1165 4688 testamentum
1188 4637 1312 4706 ejus
1324 4650 1499 4707 super
1514 4636 1837 4707 sacriﬁcia.

252 4719 298 4774 C
326 4720 493 4775 Nunc
522 4735 819 4793 synagoga
847 4719 1089 4787 Christi,
1111 4723 1285 4777 verba
1316 4722 1453 4779 facit
1483 4723 1555 4779 ad
1579 4724 1836 4798 angelos,

174 4808 287 4882 qui
316 4807 645 4865 ministerio
677 4826 784 4865 suo
815 4809 876 4864 in
909 4809 1021 4865 line
1042 4809 1236 4865 saeculi
1260 4813 1699 4885 congregabunt
1724 4830 1841 4870 om-

176 4914 286 4952 nes
314 4900 555 4954 sanctos
586 4897 658 4953 de
687 4897 957 4953 universo
989 4899 1230 4954 mundo.
1268 4900 1307 4954 ll
1342 4900 1447 4963 Qui
1480 4901 1837 4970 ordinant,id

175 4987 411 5059 est,qui
443 4986 631 5043 sancti
659 4987 980 5059 praedicant
1011 4986 1096 5043 vel
1129 4986 1375 5058 implent
1397 4989 1837 5049 Testamentum

176 5075 404 5133 Novum
437 5091 620 5148 super
643 5075 843 5145 Vetus,
877 5079 943 5131 ut
987 5092 1090 5148 per
1140 5077 1581 5134 Testamentum
1629 5097 1836 5139 novam

178 5162 392 5239 legem,
412 5181 520 5238 per
543 5164 832 5221 sacriﬁcia
857 5169 1108 5221 veterem
1140 5165 1459 5238 intelligas.
1474 5169 1520 5223 A
1549 5168 1590 5224 C
1611 5170 1713 5226 Vel
1737 5175 1837 5246 qui

178 5254 463 5319 ordinant
488 5253 951 5321 Testamentum,
987 5253 1043 5308 id
1076 5257 1182 5318 est,
1198 5254 1601 5314 ordinabiliter
1619 5260 1762 5316 dant
1782 5267 1839 5319 et

177 5342 405 5398 faciunt
436 5342 594 5397 sicut
638 5345 886 5398 testatus
934 5345 1024 5398 est
1071 5342 1338 5399 Christus
1388 5345 1494 5416 eis,
1529 5349 1627 5419 qui
1662 5367 1837 5422 opera

180 5429 597 5487 misericordiae
620 5435 888 5487 exercent
911 5448 925 5488 :
948 5447 1192 5505 regnum
1216 5433 1507 5504 accepturi
1530 5441 1833 5515 aeternum,

178 5519 244 5574 in
276 5535 529 5591 quorum
566 5517 1043 5575 miserationibus
1074 5520 1226 5577 Deus
1247 5538 1424 5596 super
1446 5524 1643 5583 omnia
1663 5532 1835 5588 sacri-

172 5607 316 5665 ﬁcia
338 5608 684 5667 delectatur.
773 5646 776 5650 ι

508 5733 776 5801 Panos.
825 5732 1059 5801 CXLII.

1956 3313 2078 3363 stra
2108 3310 2305 3366 divino
2339 3329 2535 3369 amore
2566 3316 2876 3390 succensa,
2908 3332 3148 3396 peccata
3190 3346 3299 3386 sua
3328 3331 3618 3391 lamenta-

1953 3396 2110 3453 tione
2142 3399 2415 3472 decoquit
2441 3406 2499 3457 et
2528 3404 2926 3479 tribulatione,
2962 3418 3027 3469 ut
3056 3418 3318 3475 cruciatu
3343 3436 3617 3494 corporeo

1953 3487 2153 3543 omnia
2179 3488 2317 3544 vitia
2347 3494 2571 3558 exusta,
2605 3505 3052 3559 consumantur.

1954 3576 2022 3629 10
2094 3581 2220 3634 Non
2240 3579 2529 3650 accipiam
2558 3581 2631 3637 de
2660 3585 2837 3643 domo
2866 3596 2973 3646 tua
2998 3592 3206 3651 vitulos
3236 3617 3255 3651 :

2092 3664 2277 3738 Neque
2299 3668 2372 3722 de
2393 3670 2679 3742 gregibus
2708 3677 2832 3731 tuis
2864 3677 3078 3736 hircos.

2022 3753 2061 3808 C
2090 3754 2234 3809 Cum
2265 3755 2380 3811 duo
2410 3758 2635 3829 respuit
2662 3763 2935 3822 universa
2966 3768 3141 3840 primi
3182 3774 3464 3845 temporis
3517 3794 3609 3834 ss-

1950 3840 2172 3897 crificia
2200 3842 2469 3917 designat
2499 3848 2689 3905 modis
2719 3855 2996 3912 omnibus
3027 3840 3409 3934 excludenda,
3425 3865 3610 3939 signi-

1950 3929 2160 3987 ﬁcatur
2188 3932 2345 3989 enim
2376 3951 2410 3989 a
2439 3940 2601 4007 parte
2626 3943 2839 3998 totum.

1952 4017 2012 4073 11
2094 4022 2390 4093 Quoniam
2424 4040 2565 4090 mea?
2589 4039 2722 4084 sunt
2752 4047 2947 4089 omnes
2969 4034 3121 4109 ferae
3146 4037 3436 4096 silvarum
3469 4058 3483 4095 :
3596 4106 3601 4109 Α

2089 4109 2356 4167 Iumenta
2388 4114 2452 4169 in
2470 4116 2762 4174 montibus
2789 4126 2845 4176 et
2869 4122 3048 4180 boves.

2019 4199 2059 4254 C
2089 4199 2241 4255 Ferae
2289 4201 2589 4271 silvarum,
2622 4211 2824 4277 gentes
2873 4210 3185 4284 signiﬁcat.
3218 4214 3503 4273 Jumenta
3543 4217 3604 4275 in

1951 4286 2271 4358 montibus,
2292 4290 2590 4364 simplices
2621 4295 2680 4350 in
2715 4298 3001 4355 catholica
3023 4300 3407 4377 Ecclesia,qui
3426 4305 3484 4360 in
3514 4324 3605 4363 ea-

1949 4377 2181 4433 cumine
2211 4377 2347 4435 ﬁdei
2377 4379 2641 4439 habitare
2672 4392 3013 4455 noscuntur,
3047 4388 3249 4458 Boves,
3283 4394 3600 4466 apostolos,

1949 4465 2263 4538 prophetas
2285 4472 2343 4524 et
2358 4470 2770 4540 przedicatores
2795 4491 2807 4530 :
2833 4475 2933 4548 qui
2959 4477 3017 4533 in
3040 4495 3178 4552 agro
3208 4465 3437 4539 Domini
3459 4483 3604 4540 assi-

1871 4571 1917 4637 D
1949 4555 2065 4610 duo
2094 4554 2293 4612 labore
2323 4558 2535 4615 versati
2568 4566 2725 4618 sunt.

1954 4644 2019 4697 l2
2094 4645 2350 4718 Cognovi
2376 4650 2583 4707 omnia
2611 4653 2880 4711 volatilia
2910 4656 3043 4713 caeli
3073 4662 3095 4715 ?

2090 4737 2167 4791 Et
2186 4735 2576 4809 pulchritudo
2607 4743 2752 4814 agri
2780 4760 2999 4799 mecum
3024 4756 3127 4802 est.

2020 4826 2077 4879 C.
2113 4825 2251 4889 Quis
2281 4827 2437 4882 enim
2468 4829 2664 4884 omnia
2696 4831 2955 4887 volatilia
2984 4833 3111 4889 coeli
3145 4840 3337 4907 potest
3361 4854 3603 4912 cognos-

1949 4927 2078 4968 cere
2108 4912 2221 4969 nisi
2253 4914 2377 4972 sola
2409 4918 2713 4989 majestas,
2746 4935 2860 4991 quo
2892 4921 3178 4977 versiculo
3205 4931 3413 4982 cuneta
3439 4943 3601 4984 com-

1947 4999 2154 5073 plexus
2184 5008 2293 5058 est.
2326 5005 2371 5058 A
2411 5004 2784 5063 Pulchritudo
2833 5008 2956 5080 agri
3008 5026 3139 5065 cum
3188 5010 3289 5068 illo
3320 5019 3427 5084 est,
3462 5016 3604 5088 quia

1949 5091 2047 5146 ubi
2078 5090 2345 5159 voluerit,
2381 5093 2547 5166 copia
2571 5096 2836 5157 omnium
2868 5112 3063 5153 rerum
3096 5098 3183 5156 vel
3222 5102 3602 5162 administra-

1945 5183 2041 5234 tur
2070 5178 2158 5234 vel
2191 5186 2456 5253 negatur.

1945 5268 2015 5324 l3
2084 5269 2151 5326 Si
2178 5270 2440 5325 csuriero
2461 5287 2572 5327 non
2603 5273 2795 5330 dicam
2827 5274 2972 5331 tibi:

2087 5358 2236 5413 Meus
2249 5364 2337 5414 est
2356 5360 2513 5414 enim
2535 5360 2697 5417 orbis
2727 5368 2783 5427 ι-ξ-
2799 5368 2978 5423 terrae
3017 5382 3033 5431 :
3067 5373 3124 5423 et
3138 5367 3312 5441 pleni
3317 5369 3460 5427 ludo
3476 5374 3604 5445 ejus

2017 5448 2058 5501 ll
2095 5447 2329 5503 Esurire
2350 5447 2472 5515 Dei,
2506 5452 2595 5505 est
2646 5467 2764 5507 non
2821 5454 2881 5510 in
2913 5456 3062 5512 escis
3111 5458 3465 5526 carnalibus,
3496 5461 3599 5517 sed

1945 5540 2009 5592 ut
2038 5536 2212 5592 faciat
2243 5536 2380 5609 quis
2405 5535 2764 5596 voluntatem
2801 5544 2928 5615 ejus
2956 5547 3135 5614 (Joan.
3167 5551 3267 5617 ιν),
3289 5564 3425 5621 ergo
3445 5553 3600 5615 tacet

1945 5625 2144 5686 Israeli
2176 5642 2345 5683 suam
2369 5625 2793 5705 esuriem,quia
2814 5639 3109 5711 exspectat
3127 5637 3447 5712 peccatoris
3461 5653 3596 5725 con:

3239 5764 3278 5847 ’Ζ
