4054 6168
477 355 597 420 203

1384 358 1447 417 S.
1494 353 1889 419 BRUNONIS
1933 354 2554 419 HERBIPOLENSIS
2599 356 2978 420 EPISCOPI.

3771 355 3901 420 204

479 490 829 549 versionem.
862 489 1032 548 Orbis
1079 493 1243 547 terra
1289 488 1450 546 illius
1509 493 1618 559 est,
1661 489 1719 544 id
1776 493 1884 560 est,
1927 494 2130 546 sancta
2155 490 2212 557 Α
2239 491 2310 545 20
2386 495 2464 547 0s
2492 497 2657 547 tuum
2684 491 3007 555 abundavit
3037 490 3282 548 malitia
3311 508 3332 547 :

482 580 763 651 Ecclesia,
794 597 860 637 ac
890 580 939 636 si
973 579 1209 647 diceret,
1241 595 1371 635 eam
1403 578 1806 635 redimendam
1854 595 1982 636 esse
2018 595 2128 634 suo
2164 597 2175 603 ·

483 668 793 746 sanguine.

486 763 555 818 14
588 760 593 768 ’
625 760 901 834 Nunquid
927 760 1288 816 manducabo
1317 775 1519 816 carnes
1550 769 1852 815 taurorum
1878 780 1897 814 .-

624 855 747 906 Aut
773 849 1117 922 sanguinem
1147 850 1441 907 hircorum
1466 851 1714 921 potabo?

552 939 595 996 C
625 939 924 1005 Quomodo
955 940 1123 1011 grata
1150 943 1322 995 erunt
1350 939 1491 1003 Deo,
1525 954 1650 1010 quae
1680 955 1796 994 non
1839 941 1977 994 sunt
2026 953 2131 992 ne-

482 1027 774 1087 cessaria?
803 1031 853 1082 H
882 1027 1091 1083 Vetera
1135 1028 1230 1083 hic
1279 1027 1565 1084 sacriﬁcia
1611 1027 1948 1084 evacuanda
2003 1042 2131 1083 esse

482 1116 755 1175 declarat.
770 1117 904 1174 Ideo
931 1116 994 1172 in
1024 1117 1289 1173 moribus
1308 1116 1480 1173 bonis
1509 1115 1863 1173 sacriﬁcium
1887 1115 2133 1188 requirit

481 1206 682 1263 dicens
715 1223 729 1261 :
761 1206 1027 1275 Immola,
1061 1210 1171 1261 etc.
1206 1206 1317 1262 Sed
1365 1210 1615 1279 possunt
1660 1206 1781 1261 hinc
1828 1205 2134 1279 repudiata

482 1295 656 1357 nobis
684 1295 983 1368 proﬁcere,
1017 1311 1151 1352 cum
1184 1295 1513 1367 acceperint
1543 1312 1577 1351 a
1606 1294 1777 1351 nobis
1816 1294 1931 1351 ista
1977 1294 2130 1349 indi-

477 1388 703 1457 gentes,
735 1400 871 1439 cum
902 1384 1167 1440 esuriens
1198 1386 1489 1456 pascatur,
1524 1384 1729 1439 sitiens
1783 1388 2032 1457 potetur.
2063 1384 2133 1439 Et

481 1474 541 1528 in
571 1472 931 1546 pauperibus
962 1471 1172 1545 accipit
1200 1472 1376 1539 Deus,
1410 1489 1537 1545 qua:
1569 1472 1681 1528 sibi
1722 1473 1781 1527 in
1826 1472 2132 1530 sacrificiis

482 1560 677 1621 offerri
702 1578 820 1617 non
849 1561 1155 1634 permittit.

485 1652 558 1707 15
628 1650 885 1708 Immola
911 1653 1025 1707 Deo
1070 1650 1499 1724 t-j-sacriﬁcium
1543 1657 1557 1716 ζ
1604 1654 1801 1711 laudis
1829 1674 1847 1709 :

633 1741 712 1796 Et
745 1740 925 1797 redde
952 1739 1254 1796 Altissimo
1283 1750 1421 1797 vota
1449 1748 1580 1798 tua.

2374 582 2458 635 .L't
2495 579 2703 651 lingua
2731 586 2840 637 tua
2869 580 3250 637 concinnabat
3277 581 3459 638 datos.

2307 670 2348 721 C
2376 667 2479 723 Hic
2508 668 2664 724 enim
2686 686 2772 738 os,
2788 668 3196 742 cogitationem
3222 670 3418 728 cordis
3439 671 3723 729 debemus
3743 674 3900 729 acci-

2238 772 2420 830 pere:
2455 760 2595 813 tunc
2653 757 2810 813 enim
2854 758 3159 816 abundant
3204 758 3430 816 malitia
3480 761 3896 835 cogitationes,

2238 847 2474 918 quando
2505 863 2610 917 per
2638 846 2868 903 diversa
2896 863 3110 921 genera
3138 852 3507 920 peccatorum
3554 850 3761 923 iniqua
3789 867 3902 908 vo-

2238 934 2466 991 luntate
2506 939 2871 1013 grassantur.
2902 936 2973 992 Et
3000 935 3203 1010 lingua
3248 942 3370 995 tua.
3398 938 3506 1006 Qui
3548 939 3706 997 enim
3737 940 3907 1007 falsa

2237 1023 2442 1080 laudat
2467 1023 2671 1095 alium,
2697 1023 2898 1081 dolum
2930 1026 2987 1081 in
3020 1024 3225 1100 lingua
3255 1026 3412 1084 facit.

2238 1115 2304 1169 21
2379 1114 2595 1171 Sedens
2623 1115 2906 1171 adversus
2927 1115 3184 1186 fratrem
3204 1125 3368 1173 tuum
3397 1117 3728 1191 loquebaris
3744 1140 3767 1175 .-

2382 1208 2452 1259 Et
2482 1203 2759 1260 adversus
2779 1203 2975 1276 filium
3005 1206 3214 1261 matris
3233 1214 3352 1262 tua?
3366 1208 3625 1277 ponebas
3639 1210 3900 1266 scanda-

2454 1294 2594 1349 tum.

2290 1384 2299 1399 '
2382 1387 2523 1439 Ηίεσ
2548 1383 2740 1455 fecisti
2767 1389 2823 1439 et
2850 1384 3034 1440 tacui.

2311 1476 2351 1527 Ο
2381 1468 2590 1529 Sedere
2620 1471 2776 1529 enim
2802 1472 3085 1529 morantis
3116 1477 3224 1542 est,
3243 1479 3300 1530 et
3328 1475 3459 1530 ideo
3491 1476 3725 1550 gravius
3756 1494 3896 1551 pec-

2243 1562 2459 1633 cat,qui
2479 1565 2744 1617 moratur
2761 1562 2820 1617 in
2842 1561 3197 1619 detractione
3217 1564 3493 1620 fraterna.
3510 1565 3769 1623 Fratrem
3794 1567 3894 1623 hic

2243 1665 2476 1706 omnem
2503 1650 2835 1723 proximum
2861 1650 3053 1707 carnis
3068 1651 3350 1707 debemus
3379 1652 3806 1728 accipere,quia
3837 1661 3896 1713 et

2241 1739 2310 1795 de
2342 1738 2631 1811 spirituali
2659 1740 2926 1796 dicturus
2954 1744 3061 1795 est.
3096 1739 3308 1796 Filium
3339 1743 3548 1799 matris
3579 1760 3593 1798 :
3626 1744 3894 1802 sobolem

554 1831 593 1882 C
619 1827 726 1891 lllo
756 1829 874 1884 Deo
902 1828 1170 1928 immolat
1200 1828 1554 1886 sacriﬁcium
1584 1831 1797 1929 laudis,
1833 1831 1933 1903 qui
2016 1836 2131 1887 ter-
2161 1865 2208 1929 Β
2241 1828 2383 1929 dicit
2401 1827 2895 1929 ‘l‘lcclesiaa..l"o‘nit
2923 1829 3426 1929 ergo‘scandalum
3444 1824 3612 1929 fratri
3643 1835 3893 1929 suo,qui

483 1918 641 1974 renis
668 1918 826 1974 vitiis
855 1917 1027 1974 fuerit
1056 1924 1416 1993 segregatus,
1449 1925 1506 1975 et.
1537 1920 1785 1975 moritur
1814 1921 2053 1988 mundo,
2071 1927 2135 1976 ut
2161 1915 2208 1929 "
2240 1917 2542 1973 hmreticas
2571 1917 2885 1990 pravitates
2915 1917 3001 1973 vel
3030 1915 3176 1975 alias
3195 1918 3642 1992 interceptiones
3661 1923 3899 1996 excogi-

480 2005 672 2063 hostia
700 2006 802 2063 ﬁat
829 2004 1076 2063 Christo.
1109 2007 1252 2064 Vota
1303 2026 1537 2081 quoque
1577 2010 1770 2065 reddit
1808 2009 2128 2077 Altissimo,

478 2095 582 2167 qui
609 2096 659 2151 ei
690 2094 830 2151 talia
858 2095 1221 2152 immolanda
1250 2097 1611 2169 praeparavit,
1627 2097 1825 2170 qualia
1853 2099 1978 2172 ipse
1999 2117 2131 2173 pro-

481 2184 661 2256 pitius
692 2184 983 2257 praecepit.
1015 2185 1060 2240 H
1093 2186 1211 2242 Hoc
1236 2189 1326 2241 est
1353 2191 1549 2242 autem
1582 2187 1931 2243 sacriﬁcium
1965 2206 2132 2245 acce-

481 2273 719 2345 ptabile,
753 2273 862 2330 hoc
891 2278 981 2330 est
1027 2264 1459 2330 holocaustum'
1487 2275 1702 2349 pingue
1753 2281 1816 2331 ut
1858 2277 2133 2334 laudetur

481 2358 635 2419 Deus
666 2363 738 2418 ab
770 2362 1008 2418 homine
1038 2380 1213 2435 quem
1245 2364 1479 2420 creavit.

558 2452 625 2506 16
651 2451 795 2525 XM
836 2456 851 2515 ζ
894 2452 1098 2509 invoca
1128 2469 1217 2508 me
1246 2453 1307 2508 in
1335 2454 1431 2509 die
1454 2453 1869 2531 tribulationis
1898 2477 1917 2511 .-

621 2544 694 2597 Et
722 2556 932 2597 eruam
958 2549 1014 2597 te
1042 2547 1100 2597 et
1129 2541 1551 2614 honori/icabis
1578 2560 1687 2599 me.
1720 2545 2091 2615 Diapsatma.

553 2629 594 2685 C
620 2629 895 2701 Praecepit
923 2629 1077 2686 enim
1100 2629 1307 2686 invoca
1330 2647 1442 2696 me,
1459 2648 1529 2687 ne
1552 2632 1685 2705 quis
1708 2650 1871 2706 spem
1894 2634 2132 2692 haberet

483 2718 543 2773 in
572 2722 805 2774 terreno
836 2719 1066 2788 solatio,
1088 2719 1189 2775 ubi
1220 2724 1359 2776 sunt
1377 2722 1599 2777 caduca
1628 2723 1918 2779 universa.
1952 2725 2015 2781 In
2038 2726 2131 2782 die

484 2808 718 2878 quando
733 2811 790 2863 te
811 2807 1018 2881 afﬂigit
1032 2809 1419 2865 adversarius.
1439 2811 1649 2866 Eruam
1672 2814 1923 2884 te,quasi
1944 2814 2127 2871 dicat:

482 2895 920 2952 Circumdatum
952 2914 986 2952 a
1015 2896 1366 2953 satellitibus
1396 2898 1630 2968 diaboli,
1665 2911 1901 2957 sbmma
1930 2902 2130 2960 celeri-

486 2989 603 3041 tate
622 2982 903 3042 liberabo.
918 2985 1319 3058 Magniﬁcabis
1340 2988 1460 3044 sive
1483 2988 1798 3047 honorabis
1819 2992 1998 3062 me,id
2021 2998 2128 3063 est,

482 3090 766 3148 magnum
800 3093 894 3133 me
921 3091 1052 3132 esse
1078 3075 1137 3131 in
1171 3081 1451 3133 aeternum
1479 3080 1844 3151 pronunties.
1869 3081 2133 3139 Romana

2242 2011 2328 2062 tat
2359 2024 2372 2062 :
2407 2007 2622 2078 quibus
2645 2002 2822 2063 frater
2851 2006 3132 2063 innocens
3164 2008 3447 2080 capiatur.
3472 2010 3599 2065 Hac
3628 2010 3819 2067 fecisti
3839 2016 3901 2068 et

2242 2095 2415 2151 tacui.
2452 2096 2494 2150 Η
2518 2093 2663 2158 Quia
2691 2112 2757 2152 ea
2788 2096 3175 2153 examinanda
3207 2097 3263 2152 in
3297 2097 3561 2154 lbturnm
3606 2102 3898 2157 reservavi

2233 2184 2526 2256 judicium
2559 2200 2572 2238 :
2605 2184 2761 2239 tacui
2791 2185 2946 2241 enim
2971 2186 3119 2257 jam,
3153 2182 3291 2259 quia
3321 2203 3435 2243 non
3467 2188 3666 2245 statim
3700 2187 3896 2245 vindi-

2241 2273 2363 2329 cavi
2392 2274 2490 2329 sed
2524 2272 2799 2330 sustinui.
3732 2281 3746 2293 '

2239 2364 2310 2417 22
2382 2364 2724 2419 Emistimasti
2752 2364 2942 2436 inique
2971 2364 3112 2438 quod
3138 2381 3229 2422 ero
3259 2367 3344 2423 tui
3370 2367 3573 2425 similis
3605 2385 3624 2424 .-

2380 2453 2623 2525 Arguam
2650 2463 2702 2510 te
2726 2460 2779 2510 et
2806 2461 3047 2510 statuam
3073 2464 3264 2512 contra
3289 2457 3489 2529 faciem
3520 2466 3690 2513 tuam.

2311 2545 2350 2596 C
2379 2541 2740 2599 Existimasti
2770 2543 2988 2615 inique,
3024 2544 3133 2601 hoc
3157 2549 3265 2614 est,
3301 2545 3441 2617 quia
3476 2546 3630 2603 Deus
3658 2551 3813 2603 tacet
3836 2552 3899 2604 et

2241 2631 2435 2686 differt
2459 2631 2756 2688 vindicare
2782 2636 3037 2705 peccata,
3071 2633 3201 2691 ideo
3231 2634 3490 2691 creditur
3513 2651 3547 2691 a
3577 2624 3776 2692 stultis
3807 2636 3897 2693 illi

2241 2719 2531 2793 placuisse
2562 2720 2780 2777 scelera
2807 2720 3086 2777 humana.
3118 2726 3165 2777 H
3191 2724 3449 2796 Arguam
3480 2740 3615 2781 vero
3644 2727 3724 2791 te,
3752 2742 3896 2781 cum

2242 2809 2299 2864 in
2336 2800 2768 2883 sinistra—parte
2797 2810 2955 2867 sedis
2986 2811 3168 2869 fueris
3185 2810 3893 2885 eollocatus.CStatuam,

2242 2898 2398 2970 quod
2452 2899 2723 2971 superius
2766 2898 2953 2955 dixit:
2988 2905 3353 2973 peccatorem
3395 2901 3569 2958 verba
3599 2916 3707 2959 sua
3734 2903 3896 2975 (quas

2242 3004 2474 3061 semper
2502 2991 2636 3043 ante
2666 2988 2865 3044 oculos
2896 2987 3109 3045 habere
3140 2990 3358 3057 debuit,
3381 2995 3446 3046 ut
3474 2991 3799 3047 secundum
3822 3008 3898 3049 ea

2238 3074 2473 3147 viveret)
2506 3079 2638 3148 post
2664 3079 2895 3150 tergum
2921 3080 2979 3134 et
3007 3081 3159 3134 retro
3190 3078 3525 3152 projecisse.
3559 3078 3625 3136 In
3662 3080 3896 3152 judicio

481 3164 775 3236 siquidem
804 3163 1112 3221 translatio
1153 3165 1558 3240 magniﬁcabis
1603 3166 1797 3238 habet,
1831 3169 2132 3228 Gallicana
2171 3237 2202 3241 ,Α
2242 3163 2421 3239 igitur
2451 3169 2715 3237 peccator
2745 3170 2878 3222 ante
2907 3166 3113 3223 faciem
3145 3183 3315 3223 suam
3351 3167 3588 3237 Videbit,
3619 3169 3777 3241 quod
3829 3186 3897 3227 se
3936 3195 3954 3207 ·

479 3269 637 3321 vero,
668 3253 1102 3323 bonoriﬁcahis,
1136 3256 1291 3327 quod
1321 3254 1477 3311 idem
1506 3260 1613 3312 est.

485 3344 551 3397 17
624 3345 936 3401 Peccatori
957 3349 1156 3400 autem
1187 3345 1347 3400 dixit
1373 3351 1517 3400 Deus
1545 3363 1728 3419 quare
1769 3358 1832 3404 tu
1879 3354 2131 3409 enarras

685 3431 959 3500 justitias
987 3447 1143 3487 meas
1168 3451 1189 3487 .-

505 3535 519 3543 ‘
626 3524 692 3576 Et
725 3522 969 3577 assumis
995 3526 1396 3576 testamentum
1424 3539 1610 3579 meum
1639 3541 1748 3597 per
1764 3541 1827 3582 os
1854 3536 2037 3584 tuum.

550 3610 590 3662 C
619 3606 992 3663 Interdicitur
1020 3606 1116 3663 hic
1145 3607 1441 3666 sceleratis
1471 3611 1570 3683 qui
1601 3614 1869 3669 converti
1899 3616 2125 3687 nolunt,

478 3712 551 3753 ne
578 3713 639 3752 se
671 3700 1029 3769 praesumant
1058 3697 1430 3754 sermonibus
1462 3700 1705 3757 miscere
1731 3703 1965 3773 divinis,
1988 3707 2130 3777 quia

478 3802 543 3841 os
573 3785 746 3842 debet
773 3801 902 3843 esse
923 3788 1177 3858 justum,
1212 3788 1368 3860 quod
1389 3788 1656 3858 justitias
1688 3791 1921 3848 Domini
1957 3811 2126 3851 enar-

477 3890 606 3931 rare
621 3875 944 3947 praesumit.
963 3877 1408 3935 Testamentum
1427 3893 1561 3933 vero
1587 3896 1600 3933 :
1625 3879 1804 3935 Vetus
1824 3885 1881 3937 et
1902 3882 2124 3940 Novum

478 3962 936 4037 signiﬁcat,quia
950 3965 1090 4020 dum
1114 3982 1299 4021 unum
1322 3983 1607 4039 suspense
1637 3967 2125 4045 dicitur,utraque

476 4057 898 4110 memorantur.
934 4053 981 4111 H
1010 4053 1265 4111 Audiant
1284 4055 1406 4112 haec
1437 4057 1703 4115 doctores
1732 4059 1820 4115 vel
1867 4061 2123 4136 episcopi

478 4140 888 4211 Ecclesiarum,
923 4142 1024 4215 qui
1055 4147 1291 4216 peccata
1320 4145 1670 4217 populorum
1702 4155 1964 4206 resecant
1984 4169 2123 4223 prae-

475 4231 860 4304 dicando,qui
895 4232 1051 4305 quod
1081 4233 1400 4306 praedicant
1429 4251 1603 4307 opere
1634 4255 1749 4294 non
1782 4238 2046 4311 implent.

475 4321 543 4376 18
621 4322 707 4377 Tu
734 4337 865 4377 vero
890 4322 1080 4379 odisti
1107 4323 1486 4393 disciplinam
1515 4345 1535 4380 .-

617 4412 686 4466 Et
702 4412 1020 4483 projecisti
1034 4428 1322 4469 sermones
1349 4430 1507 4469 meos
1528 4424 1866 4472 retrorsum.

544 4501 584 4552 C
612 4498 749 4554 Odit
775 4499 1168 4572 disciplinam,
1202 4502 1341 4573 quia
1382 4504 1454 4558 ad
1510 4505 1894 4562 correctiones
1923 4508 2120 4579 justas

2159 3237 2202 3304 C
2240 3237 2485 3326 putabat
2533 3251 2842 3310 oblivionis
2890 3255 3172 3312 beneﬁcio
3231 3256 3575 3330 praeterisse.
3618 3237 3899 3315 Formido

2239 3340 2797 3410 inaestimabilisﬁlla
2820 3343 3089 3400 homines
3104 3344 3432 3420 vide’re,per
3442 3358 3577 3421 quae
3592 3362 3652 3404 se
3676 3352 3897 3404 norunt

2238 3431 2311 3487 ad
2341 3434 2556 3487 aeterna
2587 3430 2879 3504 supplicia
2909 3433 3226 3504 pervenire.

2235 3520 2306 3575 23
2377 3520 2671 3591 Intelligite
2696 3520 2815 3578 haec
2843 3523 2944 3593 qui
2971 3522 3366 3580 obliviscimini
3387 3525 3558 3580 Deum
3583 3543 3601 3579 :

2377 3610 2671 3683 Nequando
2702 3613 2886 3684 rapiat
2913 3620 2965 3668 et
2994 3628 3104 3675 non
3129 3614 3204 3669 sit
3229 3615 3327 3686 qui
3353 3615 3575 3686 eripiat.

2308 3698 2699 3774 CIntelligite,
2752 3700 2812 3755 id
2871 3704 2979 3770 est,
3040 3701 3273 3758 obedite
3318 3700 3419 3777 qui
3475 3700 3899 3760 obliviscimini

2235 3787 2442 3843 Deum.
2474 3787 2577 3844 Ille
2635 3788 2998 3844 obliviscitur
3052 3788 3174 3857 Dei,
3208 3788 3309 3863 qui
3364 3795 3652 3863 praecepta
3698 3790 3900 3865 ipsius

2234 3876 2439 3948 iniqua
2467 3876 2922 3950 praesumptione
2952 3877 3291 3934 contemnit.
3325 3878 3644 3952 Nequando
3677 3880 3896 3953 rapiat,

2235 3964 2455 4021 scilicet
2484 3964 3030 4033 diabolus.Quando
3060 3966 3217 4022 enim
3251 3966 3346 4023 ille
3376 3967 3529 4041 rapit
3549 3985 3664 4024 non
3684 3970 3898 4042 estqui

2234 4053 2442 4126 eripiat
2470 4054 2543 4110 ad
2573 4053 2969 4123 salutem,nisi
2986 4055 3271 4112 Dominus
3292 4072 3397 4128 per
3423 4070 3593 4114 suam
3612 4073 3901 4129 magnam

2233 4142 2720 4199 misericordiam.
2755 4143 2801 4198 H
2831 4143 2934 4198 Vel
2963 4142 3150 4214 aliter,
3169 4146 3407 4217 quando
3439 4145 3591 4218 rapit
3618 4144 3899 4203 Christus

2232 4230 2638 4288 obliviscentes
2679 4248 2760 4299 se,
2789 4231 2896 4286 hoc
2927 4236 3015 4288 est
3063 4233 3385 4305 praacipitat
3426 4234 3485 4290 in
3536 4238 3805 4303 mortem,
3838 4232 3898 4291 ei

2231 4337 2400 4377 nemo
2432 4320 2653 4393 eripere
2683 4325 2893 4391 potest.
2928 4320 3169 4387 Quando
3206 4320 3365 4377 enim
3418 4313 3690 4380 diabolus
3737 4323 3904 4396 rapit

2229 4408 2344 4476 hic,
2379 4409 2599 4482 estqui
2642 4409 2852 4481 eripiat
2896 4409 2969 4465 ad
3021 4409 3293 4479 salutem,
3326 4409 3597 4466 Christus
3642 4409 3895 4469 scilicet.

2227 4501 2369 4553 Cum
2396 4514 2528 4554 vero
2559 4497 2844 4554 Dominus
2870 4498 3024 4571 rapit
3055 4498 3127 4555 ad
3157 4499 3502 4571 vindictam,
3527 4517 3642 4557 non
3673 4502 3895 4573 estqui

474 4587 679 4660 iniqua
725 4589 1183 4660 praesumptione
1242 4598 1659 4659 remurmurat,
1693 4598 1752 4649 et
1809 4613 1924 4651 non
1980 4598 2123 4669 vult,
2160 4609 2206 4673 ι)
2235 4585 2481 4643 liberare
2505 4586 2692 4659 Ροεείῐ
2720 4586 3043 4643 addictum-

472 4676 659 4734 Deum
689 4675 749 4733 in
780 4693 842 4733 se
872 4676 1164 4734 vindicare
1211 4680 1363 4751 quod
1412 4686 1630 4752 peccat.
1665 4682 1901 4755 Projicit
1946 4688 2124 4746 etiam

471 4770 604 4839 post
633 4782 695 4824 se
725 4782 1060 4824 sermonem
1092 4766 1216 4832 Dei,
1246 4768 1346 4840 qui
1377 4768 1544 4840 sequi
1576 4769 1771 4827 divina
1793 4774 1967 4843 jussa
1989 4793 2126 4833 con-

468 4855 699 4912 temnit.
1444 4918 1451 4924 .

469 4942 538 4997 19
609 4943 676 4999 Si
704 4944 948 5001 videbas
976 4943 1172 5020 furem
1198 4948 1479 5003 currebas
1496 4963 1621 5002 cnm
1653 4964 1719 5004 eo
1753 4966 1765 5003 :

608 5034 687 5111 Et
707 5051 836 5088 cum
867 5033 1168 5090 adulteris
1194 5034 1519 5106 portionem
1551 5041 1711 5091 tuam
1734 5039 2003 5109 ponebas.

540 5123 581 5174 C
609 5119 694 5175 Ita
727 5120 909 5177 istum
940 5122 1291 5178 versiculum
1324 5123 1609 5181 debemus
1653 5127 1935 5199 accipere,
1970 5133 2034 5184 ut
2064 5129 2123 5185 in

469 5207 562 5264 his
593 5209 825 5265 duobus
852 5210 1184 5282 prohibitis,
1216 5212 1414 5268 omnia
1443 5213 1692 5269 crimina
1737 5216 1991 5274 vetuisse
2038 5219 2121 5274 vi-

468 5296 693 5353 deatur.
729 5296 830 5352 Ille
861 5299 1044 5353 currit
1072 5308 1202 5354 eum
1237 5300 1382 5368 fure,
1417 5302 1515 5372 qui
1562 5303 1615 5357 ei
1667 5305 1736 5359 ad
1791 5305 2122 5362 faciendum

467 5384 661 5442 scelus
710 5386 869 5443 socia
915 5386 1211 5443 voluntate
1251 5388 1546 5462 jungitur.
1580 5392 1749 5447 Ponit
1797 5394 2121 5465 portionem

466 5490 603 5531 cum
630 5474 916 5544 adultero,
951 5474 1051 5548 qui
1090 5475 1142 5531 ei
1173 5477 1529 5549 adjutorium
1581 5481 1818 5552 praebet,
1851 5500 1967 5553 quo
2015 5501 2124 5540 sua

462 5568 597 5622 vota
624 5565 904 5637 perﬁciat.
920 5565 1123 5642 Ibique
1155 5564 1279 5622 sine
1309 5565 1488 5625 dubio
1512 5568 1726 5626 habere
1758 5570 2123 5646 dignoscitur

462 5653 813 5737 portionem.

2234 4676 2305 4730 24
2377 4676 2725 4748 Sacriﬁcium
2756 4676 2935 4731 laudis
2957 4678 3339 4750 honoriﬁc'abit
3363 4684 3452 4735 me
3482 4696 3496 4736 :

2379 4769 2446 4822 Et
2473 4765 2594 4820 illic
2621 4766 2727 4821 iter
2756 4782 2859 4839 quo
2885 4766 3164 4823 ostendam
3192 4767 3283 4824 illi
3308 4768 3554 4825 salutare
3580 4770 3700 4826 Dei.

2307 4854 2352 4910 Η
2385 4853 2748 4910 Sacriﬁcium
2798 4854 3012 4927 laudis,
3049 4856 3188 4928 quia
3235 4856 3306 4912 de
3353 4857 3515 4912 omni
3548 4856 3703 4913 bono
3732 4858 3901 4929 quod

2236 4945 2423 5000 sancti
2455 4945 2675 5001 faciunt
2703 4944 2859 5002 Deus
2889 4945 3230 5002 honoratur.
3250 4947 3371 5003 Iter
3388 4946 3656 5005 Christus
3677 4952 3771 5004 est
3790 4963 3905 5021 per

2235 5051 2410 5106 opera
2440 5039 2798 5091 sanctorum.
2830 5033 3115 5092 Salutaris
3156 5035 3255 5093 Dei
3305 5036 3494 5094 Patris
3541 5041 3631 5094 est
3685 5035 3903 5095 Filius.

2234 5126 2273 5177 C
2302 5123 2403 5179 Vel
2435 5123 2545 5179 iter
2573 5123 2979 5181 beatissimam
3010 5125 3402 5197 psalmodiam
3433 5125 3712 5199 appellat,
3731 5127 3900 5198 quod

2231 5229 2346 5268 non
2378 5212 2625 5284 pedibus
2648 5213 2751 5269 sed
2771 5213 2938 5286 puris
2970 5215 3265 5272 mentibus
3287 5214 3710 5283 ambulatur,et
3729 5214 3903 5272 ducit

2232 5301 2304 5357 ad
2325 5301 2640 5358 Christum.
2665 5302 2711 5357 Η
2743 5302 2787 5358 Ο
2808 5301 3065 5375 gloriosa
3085 5305 3311 5372 semita,
3327 5321 3456 5377 quae
3480 5304 3643 5360 ducit
3663 5303 3735 5359 ad
3758 5302 3899 5361 οωιί

2230 5395 2518 5464 terraique
2548 5396 2870 5448 creatorem
2892 5391 2904 5447 Ξ

2704 5498 2910 5539 ORATIO
2948 5499 3017 5539 EX
3057 5500 3215 5539 PSAL.
3256 5501 3406 5540 XLIX.

2301 5570 2552 5625 Deorum
2583 5569 2848 5640 Domine,
2880 5574 2936 5629 te
2964 5588 3265 5646 rogamus,
3300 5573 3387 5629 uti
3441 5588 3550 5629 nos
3596 5571 3908 5645 suscipias

2231 5659 2288 5718 in
2320 5658 2604 5717 sacriﬁcio
2635 5658 2848 5731 laudis,
2882 5677 2998 5739 quo
3030 5660 3157 5720 sine
3188 5678 3362 5722 onere
3391 5660 3613 5739 peccati
3641 5664 3780 5720 tuas
3801 5662 3912 5739 δη-
