4112 6176
110 362 209 423 ΞΟὸ

1326 355 1750 418 EXPOSITIO
1798 356 2343 422 PSALMORUM.

3449 366 3566 430 2'06

110 495 281 551 stitias
328 488 707 557 enarrantes,
740 485 851 544 iter
896 458 1237 583 illudquod
1289 489 1539 545 salutare
1585 491 1768 583 tuum
1802 493 1855 561 Α
1887 490 2275 562 paesionem,
2300 500 2442 583 cum
2460 492 2763 568 judicatus
2794 499 2946 570 vicit,
2982 506 3037 558 et
3065 472 3348 557 mundum
3385 476 3568 583 dam:

108 582 346 640 ostendit
404 578 777 654 gradiamur.
818 576 927 634 Per
976 574 1288 636 Dominum
1338 579 1601 634 nostrum
1664 570 1769 633 Je-

107 676 245 742 sum,
275 672 393 729 etc.

715 749 1054 814 PSALMUS
1095 756 1159 814 L.

580 850 998 902 ARGUMENTUM
1039 854 1193 903 esst.
1234 864 1285 902 L.

164 945 206 996 c
230 939 358 995 Vox
391 933 809 1011 paenitentiam
841 935 1089 1007 agentis.

170 1029 282 1086 TT.
315 1030 390 1085 In
422 1024 603 1099 finem
644 1025 895 1097 psalmus
946 1024 1140 1093 David,
1174 1034 1294 1080 cum
1336 1025 1483 1079 venit
1528 1019 1597 1076 ad
1641 1024 1789 1076 eum

236 1117 465 1175 Notium
490 1115 767 1187 propheta
795 1129 921 1168 cum
950 1116 1184 1170 intravit
1211 1114 1279 1170 ad
1310 1112 1585 1169 Bersabee.

167 1208 212 1264 Η
245 1208 364 1263 Iste
394 1203 949 1278 quinquagesimus
979 1202 1251 1276 psalmus
1276 1216 1473 1258 vocem
1513 1200 1789 1257 continet

1885 584 2062 667 natus
2121 574 2422 650 absolvit,
2456 586 2554 642 sed
2608 584 2853 662 intelligi
2907 594 3057 647 recte
3102 576 3296 663 potest
3343 575 3568 671 vincere

1888 674 2041 725 Deus
2067 674 2231 725 enm
2258 671 2560 743 judicatur
2598 676 2670 731 ab
2718 675 3077 746 hominibus,
3110 678 3249 751 quia
3284 678 3353 743 in
3392 678 3564 735 omni

1882 756 2105 829 judicio
2141 760 2319 816 Deus
2334 763 2534 833 justus
2563 764 2859 837 probatur.

1891 867 1927 921 6
1997 865 2125 920 Ecce
2156 872 2226 933 εξ-
2271 871 2419 925 enim
2463 879 2478 937 ξ

2546 873 2932 944 iniquitatibus
2957 882 3238 946 conceptus
3265 889 3386 929 sum
3415 891 3436 928 :

1998 957 2065 1011 Et
2096 953 2169 1009 in
2194 961 2430 1028 peccatis
2456 963 2697 1032 concepit
2723 978 2811 1018 me
2836 966 3016 1018 mater
3042 979 3181 1020 mea.

1967 1045 2013 1101 H
2045 1043 2157 1100 Hic
2191 1047 2515 1106 versiculus
2561 1051 2737 1107 totius
2781 1051 3026 1106 humani
3076 1049 3307 1124 generis
3350 1050 3556 1105 casum

1896 1133 2156 1207 exponit.
2196 1133 2533 1209 Coneipitur
2571 1139 2727 1194 enim
2775 1139 2952 1195 homo
2982 1144 3038 1195 et
3063 1139 3323 1196 nascitur
3351 1138 3412 1193 in
3442 1137 3557 1191 ori-

1898 1222 2077 1297 ginali
2111 1230 2374 1296 peccato,
2409 1228 2567 1298 quod
2599 1244 2667 1283 ex
2693 1228 2880 1283 Adam
2910 1228 3183 1293 trahitur,
3198 1226 3300 1283 sed
3332 1224 3557 1296 baptisé

107 1295 464 1371 penitentis,
497 1292 848 1354 ostendens,
880 1296 945 1389 ut
973 1293 1075 1365 qui
1119 1292 1394 1349 ceciderit
1441 1291 1510 1389 in.
1548 1291 1785 1347 crimen
1898 1291 1993 1369 {n0
2024 1291 2133 1385 pel:
2160 1291 2545 1386 gratiam'nei
2578 1317 2942 1389 puriﬁcatam

106 1386 359 1460 aliquod,
397 1383 561 1440 mala
590 1386 705 1439 sua
732 1380 1062 1438 conﬁtendo
1097 1381 1299 1438 redeat
1327 1381 1398 1437 ad
1431 1379 1709 1438 Salutem.

108 1476 130 1534 1
202 1476 479 1534 Miserere
508 1474 643 1539 mei,
675 1476 821 1527 Deus
851 1488 864 1526 :

203 1565 524 1622 secundum
552 1568 609 1629 ᾧ·
652 1562 917 1631 magnam
955 1562 973 1629 ζ
1045 1560 1483 1618 misericordiam
1512 1568 1694 1616 tuam.

171 1660 211 1712 C
238 1659 389 1711 Cum
422 1660 489 1710 Se
539 1650 811 1708 audisset
856 1667 949 1706 rex
994 1649 1457 1724 potentissimus
1487 1668 1521 1706 a
1547 1646 1788 1705 Nathan

110 1746 391 1822 propheta
424 1738 725 1814 redargui,
751 1744 1062 1813 peccatum
1089 1738 1270 1797 Suum
1295 1757 1407 1795 non
1427 1737 1667 1795 erubuit
1690 1756 1788 1811 pu-

1894 1403 1929 1455 7
2003 1404 2137 1458 Ecce
2166 1405 2315 1458 enim
2346 1405 2634 1461 veritatem
2660 1406 2915 1460 dilexisti
2940 1423 2961 1460 :
3042 1454 3053 1467 ,

2003 1495 2224 1547 Incerta
2288 1500 2339 1547 et
2402 1495 2613 1551 occulta
2662 1495 2954 1567 sapientiae
3017 1502 3129 1553 tua?
3194 1488 3563 1559 matronas“

2076 1582 2240 1637 mihi.

1969 1671 2013 1727 C
2037 1671 2163 1726 Non
2195 1671 2352 1726 enim
2384 1671 2708 1729 delectatur
2744 1677 2906 1730 ‘Deus
2953 1675 3140 1747 pcenis
3191 1669 3445 1743 nostris,
3474 1674 3574 1733 Sed

1899 1760 2329 1816 confessionem
2375 1777 2576 1817 veram
2625 1761 2832 1833 quaerit
2880 1764 3113 1821 erroris.
3152 1746 3355 1820 David
3408 1765 3583 1844 igitur

110 1838 252 1893 blice
282 1830 555 1891 confiteri
586 1830 667 1900 (ιι
697 1831 822 1902 Reg.
845 1834 956 1898 xu),
977 1824 1253 1885 dicendo
1266 1824 1449 1938 leldlcl
1474 1845 1485 1883 :
1508 1828 1789 1938 Miserere

1929 1854 2206 1906 reccatum
2236 1866 2351 1906 non
2372 1850 2927 1938 negans,veritatem
2946 1853 3288 1911 confessus
3304 1824 3587 1938 amcitiam

112 1926 241 1983 mei.
264 1925 390 1981 Vox
419 1923 538 1979 ista
569 1938 686 1977 non
720 1919 1045 1975 discutitur
1084 1918 1193 1973 sed
1227 1914 1336 1972 sub
1364 1914 1791 1988 tranquillitate

115 2024 339 2089 semper
372 2012 638 2079 auditur,
672 2008 908 2083 solaque
935 2012 1049 2064 res
1086 2008 1180 2062 est
1210 2022 1313 2078 per
1358 2021 1531 2076 quam
1560 2021 1791 2089 possu-

118 2088 255 2162 mus,
272 2105 355 2160 rei
390 2103 544 2176 apud
581 2101 896 2158 Dominum
925 2097 1073 2153 sine
1107 2094 1309 2166 aliqua
1330 2088 1672 2148 difﬁcultate
1701 2088 1794 2149 dc-

115 2194 346 2251 fendi.H
365 2193 477 2258 Qui
502 2192 663 2247 enim
685 2194 750 2246 se
769 2186 1065 2245 miserum
1093 2180 1265 2256 putat
1289 2197 1413 2261 esse
1430 2180 1499 2237 de
1522 2182 1647 2239 suis
1670 2198 1796 2254 pec-

115 2285 281 2352 catis,
315 2299 455 2339 cum
490 2280 590 2336 illo
624 2276 764 2335 facit
796 2272 949 2333 Deus
980 2271 1457 2331 misericordiam
1498 2288 1794 2343 magnam.

114 2378 149 2429 2
242 2374 393 2438 ἥσει
437 2379 452 2438 ζ
541 2367 853 2426 secundum
904 2361 1331 2418 multitudinem
1385 2361 1799 2416 miserationum

298 2467 584 2518 tuorum:

231 2553 367 2609 Dele
396 2551 763 2624 iniquitatem
792 2558 995 2598 meam.

192 2642 241 2697 Η
268 2639 619 2697 Secundum
649 2630 1103 2691 multitudinem
1155 2626 1425 2699 confugio
1457 2628 1527 2683 ad
1562 2628 1802 2683 misera-

121 2733 313 2786 tiones
348 2734 509 2796 tuas,
544 2728 615 2780 ut
642 2720 927 2795 gravibus
975 2716 1323 2772 vulneribus
1372 2715 1675 2772 thiriacam
1716 2716 1804 2771 vel

124 2817 490 2875 medicinam
504 2821 619 2870 tuae
633 2806 1044 2866 miserationis
1060 2803 1803 2860 infundas.Miserationum

122 2908 284 2975 dicit,
316 2905 465 2980 quia
489 2899 685 2959 multa
710 2901 856 2953 sunt
885 2899 1127 2968 peccata
1157 2893 1369 2960 mea,et
1401 2894 1808 2949 miserationes

123 3003 237 3052 tua:
268 2992 502 3051 multis.
538 2994 579 3044 G
611 2985 713 3044 Ille
744 2986 906 3042 enim
940 2982 1107 3040 solus
1135 2981 1196 3038 in
1220 2981 1368 3037 libro
1398 2981 1525 3038 vitae
1558 2982 1808 3038 conscri-

122 3085 312 3151 bitur,
344 3083 523 3152 cujus
544 3077 748 3133 omnia
777 3076 1026 3147 peecata
1055 3068 1345 3128 delentur.

118 3174 156 3227 3
231 3170 493 3241 Amplius
524 3166 650 3220 lava
678 3178 768 3219 me
795 3162 866 3218 ab
896 3160 1200 3233 iniquitate
1226 3160 1349 3216 mea
1376 3178 1396 3214 :

232 3260 303 3314 Et
332 3276 369 3314 a
392 3258 619 3329 peccato
643 3269 763 3308 meo
792 3248 1005 3307 munda
1024 3264 1129 3304 me.

206 3347 251 3404 ll
283 3344 567 3417 Amplius
596 3341 726 3398 lava
758 3358 854 3397 me
882 3356 950 3396 ac
991 3338 1039 3395 si
1091 3338 1247 3394 dicat
1282 3355 1294 3392 :
1330 3339 1415 3393 Tu
1466 3342 1627 3411 potes
1672 3337 1805 3411 plus

130 3437 286 3493 mihi
321 3434 624 3491 remittere
654 3447 835 3504 quam
858 3445 967 3502 ego
989 3432 1045 3483 te
1066 3426 1390 3500 intelligam
1414 3430 1680 3500 rogare.c
1697 3427 1808 3483 Ad-

131 3528 225 3581 dit
248 3523 484 3580 munda
514 3523 930 3591 me,quatenus
962 3517 1021 3572 in
1044 3533 1111 3572 eo
1137 3514 1282 3571 nihil
1306 3533 1600 3573 remanere
1626 3515 1810 3589 possit

135 3613 694 3683 immundum,post
722 3609 882 3664 enim
914 3605 1135 3678 aliquis
1162 3605 1244 3660 sic
1275 3605 1472 3673 lavari,
1496 3611 1560 3661 ut
1588 3623 1703 3661 non
1733 3605 1811 3660 sit

134 3704 395 3760 omnino
426 3699 972 3774 purissimus,recte
996 3695 1179 3769 igitur
1199 3693 1424 3751 addidit
1453 3697 1673 3752 munda
1694 3712 1807 3751 me.

138 3794 172 3847 4
249 3790 558 3862 Quoniam
588 3788 971 3861 iniquitatem
1002 3800 1197 3840 meam
1226 3800 1331 3855 ego
1360 3801 1628 3858 cognosco
1662 3801 1674 3840 :

251 3883 340 3937 Et
368 3883 678 3951 peccatum
702 3893 891 3932 meum
924 3880 1139 3931 contra
1171 3890 1259 3929 me
1287 3880 1368 3929 est
1389 3891 1632 3948 semper.

216 3973 262 4024 ϐ
295 3968 544 4024 Peccata
573 3966 726 4022 enim
759 3964 863 4022 illa
893 3964 1137 4020 fortiora
1168 3967 1465 4036 sunt,qua:
1496 3980 1811 4037 agnoscen-

132 4066 235 4115 tes
269 4055 727 4124 committimus,
753 4071 868 4111 non
902 4056 1101 4109 autem
1132 4050 1235 4109 illa
1263 4069 1389 4125 qua:
1420 4070 1522 4125 per
1549 4053 1817 4127 ignoran-

138 4149 305 4203 tiam
358 4146 785 4218 perpetramus;
819 4143 1033 4198 Contra
1079 4158 1142 4197 se
1192 4142 1335 4197 dicit
1383 4146 1535 4198 stare
1582 4140 1815 4208 delicta,

140 4237 303 4309 quia
322 4235 453 4305 jam
484 4232 581 4288 hic
611 4232 994 4299 constitutus,
1016 4230 1187 4303 quasi
1216 4231 1275 4286 in
1306 4234 1548 4287 venturo
1569 4231 1817 4304 judicio,

138 4322 514 4403 delictorum
538 4338 776 4377 suorum
803 4324 1082 4393 aspectus
1096 4319 1425 4377 teterrimos
1442 4319 1818 4393 pertimescit,

137 4420 212 4471 et
242 4416 461 4468 contra
488 4426 553 4465 se
581 4414 735 4465 stare
757 4408 899 4466 dicit
924 4408 1327 4482 delicta,quasi
1346 4410 1661 4482 quamdam
1681 4410 1822 4464 ima-

137 4505 367 4576 ginem
394 4500 793 4573 6guratam,et
821 4498 932 4556 hoc
955 4515 1071 4554 non
1102 4499 1280 4555 semel
1309 4503 1410 4555 aut
1429 4499 1521 4555 bis
1553 4498 1652 4554 sed
1676 4510 1823 4554 sem-

136 4608 297 4665 per.

134 4684 182 4737 5
284 4679 426 4735 Tibi
449 4678 555 4735 soli
579 4680 818 4749 peccavi
845 4686 902 4735 et
931 4677 1157 4736 malum
1190 4694 1386 4736 coram
1416 4684 1473 4735 te
1499 4679 1617 4750 feci
1650 4694 1663 4734 :
1756 4666 1759 4673 ’

286 4772 361 4825 υτ
375 4766 742 4842 justiﬁeeris
768 4770 833 4825 in
860 4769 1220 4825 sermonibus
1247 4770 1364 4825 tuis
1392 4776 1447 4824 et
1475 4769 1677 4824 vincas
1699 4782 1826 4823 eum

333 4858 668 4932 judicaris.

231 4949 285 5001 C
306 4947 369 5002 Si
396 4945 536 5018 quis
566 4944 723 5001 enim
754 4945 826 5001 de
858 4944 1073 5018 populo
1103 4943 1459 5012 erraverit,et
1489 4944 1604 4999 Deo
1635 4948 1835 5019 peccat

138 5040 215 5094 et
259 5034 406 5109 regi.
434 5033 587 5089 Nam
618 5033 853 5106 quando
902 5049 1002 5088 rex
1049 5024 1358 5104 delinquit,
1392 5029 1497 5087 soli
1531 5030 1647 5087 Deo
1697 5046 1833 5086 reus

136 5130 284 5185 est.
316 5125 435 5181 Iste
468 5122 653 5196 igitur
680 5138 779 5179 rex
804 5111 913 5179 soli
955 5126 1066 5178 Deo
1113 5132 1350 5195 peccare
1395 5135 1459 5175 se
1502 5119 1662 5187 dicit,
1697 5119 1837 5191 quia

136 5215 483 5275 hominem
518 5229 634 5268 non
680 5212 859 5269 habet
901 5210 1000 5284 qui
1049 5211 1175 5282 ejus
1225 5209 1375 5265 facta
1433 5208 1732 5280 dijudicet.
1768 5205 1836 5264 Et

138 5304 320 5380 quia
347 5301 523 5359 illum
554 5301 772 5374 ubique
804 5308 933 5357 esse
960 5301 1216 5365 noverat,
1223 5299 1357 5370 jure
1386 5313 1583 5353 coram
1614 5312 1680 5353 eo
1710 5310 1836 5352 ma-

138 5398 305 5453 lum
337 5409 397 5448 se
430 5390 643 5448 fecisse
671 5388 1030 5463 deplorabat.
1065 5388 1372 5443 Sermones
1391 5391 1586 5442 autem
1605 5386 1836 5441 Domini

143 5483 391 5544 merito
403 5480 720 5554 justiﬁcat'i
742 5475 1320 5550 dicuntur,quoniam
1341 5476 1465 5532 sine
1483 5474 1557 5531 d-u
1567 5476 1661 5531 bio
1684 5492 1836 5531 sem-

1902 1944 2056 1995 Deus
2088 1955 2271 2033 supra
2299 1936 2595 1994 sacrificia
2619 1940 2831 2033 quaerit
2858 1948 2915 1998 et
2943 1936 3595 2033 diligit._1hcertaiergo

1903 2032 1960 2085 et
1989 2027 2221 2084 occulta
2249 2032 2410 2095 sunt,
2446 2044 2585 2099 quae
2617 2031 2770 2084 Deus
2818 2031 3111 2104 prophetae
3171 2030 3375 2103 David
3402 2048 3464 2106 sin
3495 2027 3597 2107 ἢῙῆ

1905 2118 1997 2174 sui
2022 2115 2503 2196 gnanifestatione
2538 2117 2837 2186 revelavit,
2870 2121 2929 2176 id
2977 2125 3085 2191 est,
3123 2123 3202 2176 ut
3260 2137 3596 2203 passione,“

1906 2208 2035 2279 ejus
2064 2206 2325 2297 futuram
2351 2203 2713 2297 praediceret
2740 2214 2794 2264 et
2834 2202 3300 2297 resurrectionis
3345 2225 3592 2297 gloriam

1907 2295 2227 2366 nuntiaret,
2259 2300 2317 2351 et
2346 2295 2483 2351 inde
2516 2293 2667 2352 dicit
2697 2315 2759 2353 se
2791 2316 2906 2354 non
2956 2296 3244 2360 debuisse
3287 2293 3585 2388 peccasse,

1909 2399 2045 2440 cum
2077 2384 2217 2440 talia
2238 2384 2565 2471 meruisset
2587 2390 3163 2459 agnoscere.lncerta
3185 2401 3425 2469 proprie
3445 2384 3586 2459 ει]ηέ

1910 2478 2041 2545 quis
2071 2473 2311 2530 omnino
2342 2474 2598 2530 discerni
2646 2492 2763 2532 non
2814 2483 3086 2550 possunt,
3121 2482 3226 2537 sed
3277 2483 3582 2559 aliquibus

1912 2562 2396 2635 ambiguitatibus
2422 2562 3054 2636 colliguntur.Occulta
3081 2585 3215 2626 vero
3241 2580 3414 2647 sunt:
3450 2594 3578 2649 qua:

1913 2668 2019 2707 nec
2049 2652 2255 2708 oculus
2286 2652 2574 2724 conspicit
2603 2670 2709 2709 nec
2742 2670 2910 2711 mens
2956 2656 3241 2714 humana
3266 2658 3574 2733 dijudicat.

1911 2758 1947 2812 8
1994 2828 1997 2839 Ι
2021 2756 2272 2830 Asperges
2302 2774 2405 2824 mc,
2438 2760 2685 2827 Domine,
2715 2761 2949 2834 hyssopo
2974 2773 3026 2819 et
3053 2766 3366 2824 mundabor
3394 2789 3413 2824 :

2023 2848 2252 2902 Lavabis
2280 2864 2365 2903 me
2394 2856 2445 2903 et
2470 2863 2636 2918 super
2656 2850 2842 2905 nivem
2861 2851 3176 2909 dealb’abor.

1987 2934 2034 2989 H
2066 2934 2232 2991 Sicut
2260 2933 2417 2991 enim
2451 2934 2796 3007 hyssopum,
2821 2938 2880 2993 id
2903 2944 2992 2994 est
3012 2936 3254 2997 humilis
3276 2943 3457 3000 herba
3480 2962 3575 3000 cu-

1918 3023 2119 3079 randis
2151 3023 2533 3096 pulmonibus
2566 3028 2773 3095 aptum
2800 3031 2911 3093 est,
2946 3026 3028 3083 ita
3058 3028 3276 3085 caelesti
3322 3032 3457 3102 quis
3485 3049 3575 3087 re-

1916 3126 2157 3184 spersus
2187 3111 2464 3184 hyssopo,
2496 3110 2554 3165 id
2581 3114 2669 3167 est
2701 3109 3039 3170 humilitate
3069 3113 3283 3185 cordis,
3310 3117 3382 3172 ab
3412 3118 3575 3173 omni

1916 3202 2199 3273 superbia:
2228 3198 2593 3272 malignitate
2624 3204 2931 3274 purgatur.
2958 3203 3204 3259 Lavabis
3234 3205 3465 3272 me,hoc
3483 3203 3573 3264 est

1916 3304 2018 3362 per
2070 3288 2491 3362 paenitentiam.
2523 3291 2562 3342 Ο
2592 3289 2700 3344 Per
2746 3288 3072 3364 hyssopum
3131 3292 3311 3365 igitur
3355 3291 3567 3349 Christi

1916 3379 2264 3452 sanguinem
2296 3376 2587 3450 intelligit,
2621 3377 2722 3449 qui
2757 3395 2873 3435 non
2904 3379 3097 3437 solum
3120 3381 3569 3454 inquinamenta

1916 3466 2287 3541 dctergit,sed
2319 3466 2492 3521 etiam
2526 3483 2703 3538 super
2732 3468 2924 3525 nivem
2957 3470 3272 3542 puritatem
3306 3470 3566 3526 relucen-

1918 3557 1993 3612 tis
2024 3555 2232 3612 animze
2263 3553 2539 3623 Ostendit,
2573 3556 2713 3627 quia
2743 3557 3031 3630 spiritalis
3060 3558 3259 3615 anima
3286 3559 3457 3632 longe
3478 3577 3571 3614 su-

1919 3662 2023 3732 pra
2053 3660 2296 3716 corpora
2326 3644 2629 3700 mundana
2658 3643 2934 3717 (quorum
2967 3647 3197 3705 nullum
3229 3648 3357 3704 nive
3380 3644 3573 3705 albius

1919 3735 2027 3800 est)
2052 3732 2400 3804 resplendet.

1919 3842 1953 3896 9
2025 3839 2254 3898 Auditui
2280 3857 2400 3897 meo
2431 3841 2588 3896 dabis
2617 3843 2883 3913 gaudium
2904 3852 2957 3901 et
2987 3844 3246 3901 leetitiam
3272 3864 3295 3900 .-

2028 3926 2094 3989 Et
2121 3931 2481 3987 exsultabant
2509 3946 2632 3987 ossa
2662 3931 2975 3989 humiliata.

1994 4019 2040 4075 H
2070 4019 2309 4075 Auditui
2341 4034 2491 4087 meo,
2515 4010 2574 4073 id
2606 4023 2713 4089 est,
2747 4037 2881 4077 cum
2907 4022 3113 4093 jacens
3143 4019 3203 4075 in
3232 4016 3574 4078 infirmitate

1924 4109 2144 4182 peccati
2171 4108 2373 4165 audire
2402 4124 2668 4164 meruero
2702 4127 2715 4163 :
2749 4110 2956 4176 Homo,
2987 4108 3236 4164 dimissa
3281 4113 3422 4166 sunt
3466 4110 3575 4165 tibi

1925 4202 2163 4272 peccata
2178 4200 2279 4252 tua
2298 4215 2311 4253 :
2333 4196 2501 4253 dabis
2518 4197 2800 4269 gaudium
2820 4197 3048 4253 auditui
3064 4214 3194 4253 meo
3212 4202 3269 4254 et
3290 4197 3573 4254 laetitiam.

1927 4290 1967 4343 C
1995 4286 2286 4343 Gaudium
2313 4284 2563 4358 pertinet
2594 4285 2665 4340 ad
2705 4284 3131 4341 absolutionem
3183 4290 3576 4357 peccatorum.

1929 4376 2153 4432 Lastitia
2185 4391 2315 4451 vero
2347 4374 2417 4428 ad
2451 4376 2735 4445 perpetua
2764 4374 3001 4446 praemia
3030 4374 3404 4446 possidenda.
3433 4375 3582 4431 Ossa

1928 4483 2062 4523 vero
2122 4463 2459 4537 significant
2515 4461 2697 4518 animi
2748 4464 3136 4532 firmamenta,
3170 4479 3297 4536 qua
3347 4478 3584 4521 necesse

1934 4555 2123 4611 fuerat
2146 4551 2665 4625 humiliari,usque
2693 4553 2836 4608 dum
2867 4553 3153 4626 paenitens
3174 4556 3462 4627 potuisset
3482 4555 3583 4610 ab-

1935 4643 2099 4700 solvi.
2133 4643 2177 4699 H
2212 4644 2378 4711 Ossa,
2413 4642 2471 4697 id
2503 4645 2612 4709 est,
2638 4642 2885 4700 virtutes
2913 4659 3040 4715 quo:
3071 4644 3326 4715 peccatis
3355 4645 3587 4701 fuerant

1936 4732 2277 4800 humiliatus,
2309 4731 2400 4789 vel
2432 4731 2557 4805 spei
2590 4731 2904 4797 aeternitas,
2935 4735 3024 4787 est
3050 4748 3186 4788 ossa
3217 4730 3548 4787 bumiliata.

1916 4840 2009 4897 ,40
2083 4840 2272 4895 Averte
2298 4840 2497 4910 faciem
2528 4847 2678 4894 tuam
2707 4853 2741 4892 a
2765 4836 2998 4908 peccatis
3025 4838 3162 4892 meis
3192 4854 3212 4893 :

2082 4930 2146 4984 Et
2174 4943 2362 4981 omnes
2391 4926 2713 4997 iniquitates
2741 4940 2890 4980 meas
2920 4924 3054 4980 dele.

2016 5017 2063 5072 H
2093 5017 2296 5071 Averte
2328 5014 2533 5070 faciem
2570 5018 2755 5081 tuam,
2786 5013 2844 5068 id
2876 5016 2983 5082 est,
3015 5028 3087 5091 ne
3109 5012 3308 5070 videas
3356 5018 3593 5087 peccata

1947 5122 2097 5174 mea,
2126 5120 2199 5159 ne
2231 5101 2551 5158 recorderis
2582 5101 2682 5157 illa
2714 5119 2727 5156 :
2760 5106 2817 5157 et
2847 5118 3051 5159 omnes
3083 5100 3425 5174 iniquitates
3455 5118 3595 5176 prie-

1946 5195 2147 5251 teritas
2179 5196 2236 5249 et
2261 5195 2576 5265 praesentes
2606 5196 2779 5262 atque
2812 5192 3037 5246 futuras
3066 5190 3211 5247 dele.

1946 5302 2008 5358 lt
2090 5301 2201 5356 Cor
2227 5297 2497 5354 mundum
2525 5314 2650 5353 crea
2681 5300 2740 5353 in
2766 5315 2867 5366 me,
2899 5301 3041 5354 Deus
3066 5317 3085 5354 :

2089 5390 2151 5443 Et
2177 5389 2438 5460 spiritum
2468 5395 2673 5443 rectum
2705 5388 2906 5443 innova
2926 5388 2984 5442 in
3008 5388 3305 5444 visceribus
3336 5389 3489 5444 meis.

2020 5481 2059 5531 C
2090 5477 2200 5533 Cor
2230 5477 2516 5533 mundum
2550 5476 2695 5548 petit
2724 5475 3011 5549 Propheta
3041 5476 3152 5533 sibi
3186 5467 3391 5544 creari,
3423 5476 3481 5549 id
3508 5480 3602 5531 est

142 5578 291 5652 pet-
337 5570 468 5644 ejus
518 5568 675 5626 dieta‘
721 5566 1103 5641 complentur.
1145 5566 1264 5622 Ista
1313 5570 1510 5622 autem
1558 5563 1753 5630 verba,
1784 5569 1841 5621 et
1951 5566 2291 5633 restaurari,
2322 5566 2478 5638 quod
2501 5566 2627 5637 jam
2667 5564 3104 5636 impellentibus
3148 5564 3400 5638 peccatis
3449 5581 3602 5619 com-

140 5665 383 5726 viucas
432 5666 572 5719 cum
614 5658 920 5733 judicaris,
954 5655 1193 5732 quidam
1247 5659 1451 5732 aptant
1496 5656 1565 5712 ad
1610 5655 1840 5713 Domini
1951 5654 2169 5715 moveri
2197 5654 2360 5717 nullo
2392 5654 2565 5714 modo
2595 5653 2781 5733 possit
2805 5654 2877 5712 ad
2927 5654 3181 5732 culpam.
3216 5655 3282 5711 Et
3328 5652 3601 5728 spiritum
