4112 6176
498 378 617 442 207

1429 367 1492 427 S.
1539 360 1937 425 BRUNONIS
1982 350 2603 420 HERBIPOLENSIS
2647 346 3030 412 EPISCOPI.

3803 332 3935 395 208

495 490 742 568 rectum.
793 505 939 562 Nam
999 506 1063 558 ut
1120 517 1222 573 per
1276 499 1463 555 Adam
1520 499 1743 552 veteres
1804 508 2036 562 sumus,
2069 491 2151 545 ita
2183 494 2236 560 Α
2267 488 2465 543 ﬁcium
2501 486 2612 540 Deo
2645 484 2876 549 damus,
2897 494 3031 535 cum
3065 473 3335 549 spiritum
3370 469 3655 545 superbiae
3686 467 3941 525 humili-

499 598 711 656 Christi
740 593 973 653 Domini
1000 587 1300 648 beneﬁciis
1347 588 1717 662 innovamur.
1748 583 1794 639 Η
1825 581 1930 638 Vel
1980 578 2152 653 spiri-

501 693 630 746 tum
660 690 885 743 rectum
918 681 1073 756 quod
1106 682 1259 734 recte
1289 676 1586 736 conﬁtear,
1618 672 1707 729 vel
1738 675 1961 728 rectum
1984 670 2056 725 ad
2080 667 2160 722 vi-

507 777 767 835 dendum
797 778 856 829 et
885 765 1338 827 discernendum
1370 765 1525 821 sicut
1546 766 1717 818 antea
1749 764 1942 817 rectus
1965 757 2074 814 fuit
2097 756 2157 811 in

509 882 624 1004 iga.
649 946 726 1002 Ne
751 940 1016 1014 projicias
1043 953 1130 994 me
1158 954 1194 993 a
1220 936 1366 1009 facie
1393 942 1491 989 tua
1520 951 1538 987 :

651 1026 719 1081 Et
744 1013 1017 1095 Spiritum
1044 1024 1293 1074 sanctum
1321 1023 1477 1071 tuum
1504 1029 1575 1068 ne
1597 1013 1818 1082 auferas
1848 1027 1881 1064 a
1904 1025 2010 1064 me.

2265 579 2382 632 tate
2439 570 2823 629 confessionis
2882 569 3257 623 mactemus:
3294 561 3450 617 unde
3500 577 3615 615 non
3676 556 3943 631 sanguis

2268 662 2583 739 egreditur,
2618 660 2718 717 sed
2741 658 3136 731 lacrymarum
3177 653 3398 708 fluenta
3445 650 3790 706 decurrunt.
3825 646 3949 702 Cor

2270 736 2589 810 contritum
2622 748 2763 804 dicit
2792 790 2804 814 ,
2838 744 3143 801 laboribus
3173 738 3524 814 poenitentia
3553 736 3952 793 vehementer

2274 842 2579 901 afﬂictum.
2612 835 2997 894 Humiliatum
3046 833 3165 888 Deo
3216 829 3457 897 scilicet,
3489 843 3606 883 non
3638 825 3809 882 enim
3835 839 3952 896 po-

2273 934 2468 988 tuerat
2491 945 2592 984 cor
2618 924 2943 988 humiliari,
2976 921 3091 978 nisi
3124 921 3332 977 fuisset
3361 914 3652 989 frequenti
3682 912 3953 970 tribula-

2275 1022 2434 1078 tione
2458 1016 2796 1074 contritum.
2828 1011 2998 1069 Tales
3029 1009 3355 1068 oblationes
3394 1007 3548 1063 Deus
3594 1021 3714 1060 non
3768 1019 3953 1077 sper-

585 1114 630 1169 Η
658 1111 741 1169 Ne
770 1109 1047 1184 projicias
1075 1123 1190 1174 me,
1224 1108 1292 1160 ut
1320 1103 1476 1159 sicut
1505 1100 1647 1157 Cain
1697 1098 1863 1155 exsul
1902 1101 2058 1166 (Gen.
2093 1098 2168 1163 1v)
2279 1110 2387 1167 nit,

514 1201 737 1260 etiiciar
766 1217 801 1255 a
829 1196 1091 1270 potentia
1117 1198 1240 1250 tna.
1273 1193 1344 1248 Et
1372 1208 1445 1248 ne
1474 1190 1705 1246 auferas
1736 1188 2018 1260 Spiritum
2043 1202 2174 1240 san-

519 1295 680 1349 ctum
708 1293 881 1345 tuum
914 1303 949 1341 a
978 1284 1199 1352 me,sed
1232 1282 1305 1337 ab
1337 1296 1404 1336 eo
1426 1276 1795 1350 consumptis
1815 1274 2171 1341 delictis,tuo

520 1395 616 1435 me
646 1381 874 1433 statuas
898 1368 1257 1445 conspectui.
1292 1368 1395 1423 Vel
1428 1367 1713 1439 Spiritum
1744 1369 2034 1429 sanctum,
2063 1363 2173 1418 hoc

521 1471 611 1524 est
640 1465 912 1538 spiritum
944 1459 1281 1535 prophetiae.

526 1556 596 1614 13
669 1552 844 1609 Redde
871 1551 1014 1606 mihi
1039 1550 1296 1607 laetitiam
1322 1547 1587 1602 salutaris
1618 1545 1701 1600 tui
1729 1562 1750 1597 .·

668 1634 733 1689 Et
758 1633 963 1705 spiritu
989 1628 1294 1701 principali
1320 1626 1583 1697 conﬁrma
1610 1640 1714 1680 me.

600 1722 646 1780 Η
678 1720 873 1777 Redde
902 1717 1044 1774 mihi
1078 1716 1365 1784 laztitiam,
1394 1714 1505 1770 hoc
1533 1717 1623 1769 est
1652 1711 1813 1768 illam
1843 1709 2179 1767 exsultatio-

531 1828 664 1869 nem
694 1807 909 1866 Christi
938 1806 1044 1877 tui,
1078 1822 1257 1878 quam
1288 1805 1347 1860 in
1378 1821 1445 1860 eo
1470 1802 1648 1859 habui
1679 1801 2023 1873 priusquam
2058 1814 2184 1871 pec-

531 1916 746 1958 carem.
781 1897 1005 1971 Spiritu
1036 1892 1347 1969 principali
1374 1892 1602 1959 dixit,id
1626 1896 1716 1946 est
1738 1894 1803 1946 ut
1824 1890 1948 1961 ipse
1980 1888 2038 1942 in
2069 1903 2182 1953 me,

533 1996 591 2047 et
618 2008 735 2047 non
765 1987 906 2044 vitia
924 1981 1460 2059 principentur.Vel
1482 1980 1695 2053 spiritu
1716 1976 2026 2051 principali
2053 1994 2065 2031 :
2091 1977 2189 2032 Pa-

534 2086 704 2149 trem,
736 2095 840 2151 per
868 2075 1153 2149 Spiritum
1186 2076 1409 2129 rectum
1443 2089 1456 2126 :
1497 2068 1727 2136 Filium,
1760 2084 1863 2141 per
1905 2065 2187 2138 Spiritum

537 2172 809 2226 sanctum
843 2185 856 2222 :
889 2167 1085 2238 ipsum
1115 2161 1399 2234 Spiritum
1432 2164 1704 2216 sanctum
1737 2157 1951 2230 accipe.

541 2258 607 2314 14
679 2254 881 2312 Docebo
911 2254 1129 2325 iniquos
1158 2252 1276 2307 vias
1304 2258 1427 2305 tuas
1458 2268 1477 2303 .-

684 2337 746 2391 Εἰ
774 2335 942 2407 impii
968 2332 1038 2388 ad
1068 2340 1118 2387 te
1141 2332 1544 2386 convertentur.

612 2425 661 2481 H
692 2422 918 2480 Docebo
946 2418 1318 2494 iniquos,hoc
1340 2423 1428 2474 est
1457 2416 1698 2490 puniam
1737 2432 1830 2471 me
1877 2414 2097 2487 ipsum,
2129 2417 2194 2468 ut

541 2530 740 2570 meum
770 2509 1103 2583 exemplum
1134 2505 1807 2572 imitentur.CQuoniam
1829 2504 1879 2560 si
1902 2503 2192 2577 prophetas

539 2605 832 2676 parcatur,
864 2599 1122 2676 maxima
1152 2614 1288 2670 spes
1314 2595 1678 2652 remissionis
1718 2591 2195 2665 delinquentibus

541 2688 1132 2749 conceditur.Docebo
1165 2684 1625 2761 igiturexcmplo
1643 2682 2007 2739 remissionis
2032 2698 2195 2746 meae,

542 2796 778 2855 sperare
821 2780 1172 2851 peccatores,
1206 2780 1264 2831 et
1310 2775 1484 2831 verbo
1534 2772 1859 2846 praedicabo
1907 2770 2200 2838 mirabilia

547 2867 948 2927 miserationis
977 2870 1112 2923 tuae.

548 2959 618 3014 15
690 2958 891 3013 Libera
910 2952 997 3011 me
1016 2954 1081 3011 de
1094 2954 1629 3026 sanguinibus,Deus
1648 2952 1790 3007 Deus
1808 2949 2007 3006 salutis
2026 2963 2166 3005 mea?
2182 2965 2201 3004 :

690 3045 746 3105 ἐς
785 3039 850 3093 Et
893 3041 907 3102 ζ
970 3035 1276 3091 exsultabit
1306 3034 1503 3102 lingua
1538 3047 1660 3087 mea
1695 3032 1980 3104 justitiam
2026 3037 2201 3084 tuam.

625 3132 665 3183 C
692 3124 949 3183 Liberavi
978 3140 1039 3181 se
1061 3122 1346 3195 Propheta
1367 3120 1512 3194 petit
1536 3120 1610 3176 de
1628 3117 2203 3191 sanguinibus,quod

2282 1200 2350 1257 19
2424 1199 2664 1269 Benigne
2719 1196 2809 1266 fac
2872 1191 3119 1257 Domine,
3180 1190 3241 1244 in
3298 1187 3439 1243 bona
3500 1184 3789 1241 voluntate
3852 1188 3957 1236 tua

2494 1278 2629 1334 Sion
2658 1294 2676 1332 :

2431 1361 2495 1416 Ut
2520 1357 2867 1427 aediﬁcentur
2887 1352 3039 1408 muri
3063 1347 3389 1408 Jerusalem.

2356 1448 2398 1504 C
2424 1445 2726 1519 Supplicat
2758 1444 2955 1514 itaque
2983 1438 3356 1513 propheta,ut
3382 1434 3663 1507 quoniam
3696 1447 3957 1505 synago-

2288 1555 2361 1612 ga
2390 1534 2649 1610 peccavit
2696 1532 2805 1589 sub
2853 1530 2981 1603 lege
3028 1527 3238 1601 posita,
3279 1524 3604 1580 succedens
3652 1521 3797 1577 Sion
3849 1535 3956 1591 per

2289 1608 2541 1699 gratiam
2562 1620 2914 1690 Christi,hoc
2935 1622 3025 1674 est
3050 1612 3336 1672 catholica
3364 1613 3633 1667 firmetur
3660 1608 3953 1664 Ecclesia.

2290 1695 2360 1771 Et
2386 1713 2746 1770 aedificentur
2776 1708 2950 1775 muri,
2983 1706 3035 1762 si
3064 1703 3388 1761 secundum
3438 1698 3752 1755 historiam
3807 1695 3959 1752 velis

2293 1805 2607 1868 advertere,
2684 1798 2978 1872 significat
3051 1797 3198 1851 torte
3270 1797 3537 1863 tempora
3609 1785 3960 1851 Theodosii,

2294 1893 2530 1966 quando
2577 1887 2837 1946 Eudoxia
2883 1887 3011 1958 ejus
3052 1884 3269 1955 conjux
3315 1880 3667 1937 feminarum
3717 1874 3963 1948 religio-

2295 1982 2555 2047 sissima,
2588 1977 2859 2051 ampliori
2890 1990 3196 2031 murorum
3236 1968 3454 2027 circulo
3496 1964 3843 2024 Jerusalem
3864 1980 3964 2020 co-

2297 2072 2541 2129 ronavit.

2295 2164 2367 2217 20
2443 2163 2588 2216 Tunc
2616 2157 2919 2230 acceptabis
2947 2153 3286 2225 sacriﬁcium
3304 2150 3567 2230 justitiz.

2443 2229 2749 2296 Oblationes
2782 2245 2833 2293 et
2881 2235 3197 2291 holocausta
3230 2249 3248 2286 :
3280 2238 3412 2286 tunc
3464 2229 3744 2298 imponent
3792 2242 3970 2299 super

2513 2322 2688 2376 altare
2716 2328 2872 2374 tuum
2901 2314 3127 2371 vitulos.‘
3636 2375 3643 2382 ι

2371 2418 2410 2468 C
2440 2412 2603 2468 Tunc
2634 2405 2982 2479 acceptabis,
3002 2420 3034 2459 o
3054 2394 3691 2468 Pates,sacriﬁcium,id
3716 2393 3972 2466 est,glo-

2303 2499 2691 2558 riosissimam
2720 2495 3057 2569 passionem
3090 2489 3218 2547 Filii
3247 2488 3356 2556 tui,
3376 2487 3477 2559 qui
3508 2483 3872 2542 sacriﬁcium
3905 2498 3974 2538 se

2306 2609 2409 2665 pro
2435 2588 2712 2645 omnibus
2742 2582 2976 2650 obtulit,
3008 2586 3067 2637 et
3095 2584 3185 2636 est
3212 2578 3341 2649 ejus
3372 2573 3568 2649 passio
3600 2570 3976 2628 sacrificium

2304 2661 2749 2737 veracissimum
2765 2666 3379 2746 justitiaa.0blationes
3401 2668 3458 2721 et
3472 2661 3983 2731 holocausta,per-

2307 2770 2497 2825 tinent
2513 2767 2585 2822 ad
2603 2758 3094 2832 Christianos,qui
3111 2760 3280 2813 erant
3295 2759 3429 2827 post
3443 2753 3755 2808 adventum
3777 2747 3986 2805 Domi-

2310 2858 2372 2915 ni
2400 2850 3047 2926 credituri,significans
3071 2843 3433 2902 immolanda
3453 2840 3630 2897 corda
3648 2837 3982 2894 hominum

2308 2946 2649 3011 viventium,
2682 2958 2799 2998 non
2832 2938 3125 3012 pecudum
3156 2933 3423 2990 membra
3453 2930 3849 2986 mortuorum.
3871 2926 3982 2982 Vi-

2312 3036 2467 3093 tulos
2497 3033 2715 3107 quippe
2745 3027 2963 3103 posuit,
2995 3030 3097 3082 aut
3123 3040 3227 3097 pro
3257 3018 3694 3083 innocentibus,
3727 3020 3840 3071 aut
3869 3032 3983 3088 pro

2314 3104 2816 3201 praedicatoribus,
2848 3131 3099 3190 quorum
3129 3110 3448 3183 imaginem
3479 3107 3539 3163 in
3578 3104 3745 3162 vituli
3779 3105 3986 3178 figura

556 3220 757 3276 contra
785 3214 1051 3271 Latinam
1074 3211 1337 3285 regulam
1362 3210 1619 3282 pOSilum
1642 3208 1855 3275 estﬁed
1875 3206 2206 3263 laudandus
2237 3225 2280 3291 ρ
2316 3195 2675 3288 evangelista
2696 3211 2883 3266 Lucas
2906 3199 3291 3275 suscepit.Vel
3308 3198 3441 3254 illos
3456 3196 3558 3269 qui
3578 3195 3815 3251 animas
3832 3209 3983 3250 suas

556 3304 797 3364 Omnino
844 3282 1165 3359 ἵναπειᾶίοιῖ
1207 3305 1315 3363 θεῖν
1348 3299 1448 3372 (illi
1496 3298 1671 3371 elegit
1722 3296 1942 3370 aliqum
2000 3299 2204 3351 contra
2243 3282 2280 3291 υ
2310 3309 2371 3362 in
2402 3282 2629 3361 hostium
2662 3295 2967 3356 suavitatis
2998 3292 3181 3349 sacris
3209 3287 3496 3345 altaribus
3533 3282 3906 3341 obtulerunt.

553 3398 737 3451 artem
788 3390 1160 3447 saecularium
1206 3403 1417 3460 ponere
1459 3404 1635 3459 quam
1668 3403 1702 3442 a
1729 3386 1967 3442 veritate
2015 3383 2204 3456 posita

553 3483 904 3555 discrepare.
972 3479 1121 3535 Nam
1178 3478 1229 3533 si
1283 3477 1497 3532 diceret
1528 3494 1561 3530 a
1592 3473 1897 3547 sanguine,
1957 3473 2202 3529 forsitan

549 3589 733 3628 unum
756 3571 1060 3643 peccatum
1082 3566 1374 3622 videretur
1398 3564 1831 3631 ostendere,sed
1854 3580 1989 3618 cum
2013 3562 2204 3635 plura-

545 3661 662 3717 lem
693 3674 1005 3716 numerum
1036 3654 1220 3729 ponit,
1244 3653 1433 3710 multa
1463 3670 1591 3709 esse
1622 3653 1748 3707 sine
1780 3652 1958 3707 dubio
1993 3650 2206 3707 delicta

545 3749 879 3805 conﬁtetur.
914 3750 1066 3801 Deus
1099 3742 1331 3810 salutis,
1365 3741 1661 3815 signiﬁcat
1691 3741 2003 3796 Dominum
2037 3739 2200 3795 Chri-

548 3843 841 3910 stum,per
870 3852 1046 3908 quem
1074 3832 1234 3890 salus
1267 3831 1356 3904 pie
1387 3829 1761 3887 credentibus
1790 3830 1982 3885 datur.
1998 3829 2203 3885 Exsul-

548 3926 709 3995 tavit,
738 3927 797 3982 id
822 3929 930 3994 est,
965 3925 1014 3980 si
1046 3940 1138 3979 me
1167 3918 1507 3977 liberaveris
1539 3920 1610 3975 de
1661 3918 1939 3991 peccatis,
1966 3919 2203 3975 laudem

548 4020 713 4073 tuam
745 4013 948 4088 lingua
978 4028 1110 4068 mea
1131 4012 1293 4083 juste
1319 4008 1615 4081 loquetur,
1645 4012 1881 4081 propter
1908 4008 2017 4065 hoc
2047 4009 2204 4081 quod

550 4104 611 4161 in
640 4102 928 4178 prmterito
977 4099 1204 4174 psalmo
1255 4097 1475 4154 dictum
1506 4101 1597 4152 est
1631 4113 1642 4153 :
1673 4096 1962 4153 Peccatori
2008 4101 2205 4153 autem

552 4194 718 4263 dixit,
747 4193 922 4261 Deus,
956 4195 1067 4248 etc.
1098 4188 1419 4245 Absolutus
1447 4187 1604 4242 enim
1637 4190 1789 4243 recte
1814 4184 1974 4259 loqui
2019 4186 2209 4258 potuit

554 4281 721 4351 illud,
755 4298 789 4337 a
821 4298 936 4354 quo
964 4282 1328 4353 peccatorem
1360 4275 1558 4332 divina
1584 4275 1677 4331 lex
1706 4276 2032 4349 suspendit.

554 4372 623 4427 16
694 4372 948 4437 Domine,
981 4369 1132 4423 labia
1161 4382 1283 4423 mea
1315 4366 1525 4438 aperies
1555 4383 1575 4420 .·

692 4451 761 4506 Et
784 4466 839 4506 os
866 4465 1048 4505 meum
1078 4448 1435 4503 annuntiabit
1466 4445 1685 4501 laudem
1712 4450 1884 4500 tuam.

636 4538 682 4594 II
712 4536 933 4611 Aperiri
967 4535 1078 4592 sibi
1109 4536 1255 4609 petit
1282 4534 1457 4601 labia,
1491 4552 1618 4607 qua:
1666 4533 1867 4589 clausa
1914 4538 2079 4590 erant
2108 4550 2212 4608 per

554 4625 1038 4701 peccatum.Quia
1066 4641 1180 4680 non
1214 4628 1303 4679 est
1346 4622 1589 4695 pulchra
1618 4622 1748 4678 laus
1778 4640 1846 4678 ex
1876 4640 1972 4679 ore
2004 4640 2210 4695 pecca-

554 4717 702 4774 toris
732 4716 927 4789 (Eccle.
961 4716 1077 4783 xv).
1110 4716 1149 4770 C
1179 4713 1257 4769 Os
1304 4717 1502 4768 autem
1550 4711 1765 4767 dicitur
1811 4713 2005 4768 cordis
2048 4730 2208 4768 arca-

554 4823 724 4874 num,
756 4804 913 4862 unde
943 4802 1224 4860 veraciter
1252 4801 1382 4858 laus
1413 4800 1610 4856 divina
1638 4804 1925 4857 cantatur.

558 4898 624 4952 17
701 4896 973 4964 Quoniam
995 4894 1045 4948 si
1072 4892 1335 4948 voluisses
1364 4890 1699 4960 sacriﬁcium
1727 4889 1991 4946 dedissem

705 4976 897 5047 Utique
927 4991 945 5030 :
977 4971 1303 5030 holocaustis
1330 4986 1441 5026 non
1470 4969 1840 5026 delectaberis.

627 5063 672 5119 Η
704 5063 959 5118 Audiant
988 5061 1194 5127 Judaei,
1220 5065 1276 5115 et
1298 5059 1586 5115 sacrificia
1620 5077 1726 5115 sua
1758 5076 2019 5116 cessasse
2051 5059 2204 5116 intel-

554 5151 759 5225 ligant.
788 5155 827 5205 C
859 5151 1046 5206 Etiam
1078 5149 1513 5205 immolationes
1543 5149 1834 5221 pecudum
1862 5152 1919 5204 et
1950 5149 2097 5205 ritus
2123 5167 2211 5205 sa-

556 5256 792 5297 crorum
828 5241 886 5293 in
921 5240 1169 5294 adventu
1202 5238 1429 5294 Domini
1463 5239 1845 5310 respuondos.

559 5330 625 5385 18
700 5327 1049 5398 Sacriﬁcium
1076 5328 1183 5382 Deo
1211 5328 1440 5398 spiritus
1468 5328 1867 5382 contribulatus
1897 5347 1915 5382 :

704 5406 1132 5498 Cor-contritum
1176 5414 1228 5462 ct
1275 5408 1653 5473 humiliatum,
1686 5406 1846 5475 Deus,
1880 5424 1988 5463 non
2035 5408 2212 5481 despi-

776 5502 885 5542 0188
892 5529 905 5541 .

629 5570 672 5624 C
702 5566 1022 5638 Postquam
1054 5564 1241 5621 dixit:
1276 5567 1410 5632 Qua:
1453 5566 1739 5622 sacrificia
1792 5571 1941 5622 Deus
1993 5568 2216 5640 respuit

560 5672 719 5718 nunc
750 5654 890 5713 dicit
908 5653 1007 5712 illa
1029 5670 1157 5733 qua)
1179 5654 1556 5734 poscit.Istud
1578 5672 1714 5713 vero
1738 5654 2019 5732 placitum
2041 5658 2216 5714 sacri-

2845 3400 3051 3441 ORATIO
3089 3398 3161 3437 EX
3199 3395 3338 3434 PSAL
3377 3394 3429 3432 L.

2383 3481 2624 3539 Proﬂuae
2654 3473 3048 3534 miserationis
3078 3466 3368 3526 ineﬂabile
3398 3479 3612 3521 nomen
3633 3458 3981 3526 Trinitatis,

2312 3570 2592 3643 Deus,qui
2615 3563 2858 3623 humani
2881 3560 3131 3636 pectoris
3163 3561 3399 3613 antrum
3429 3552 3765 3609 emundans
3784 3548 3977 3616 vitiis,

2312 3677 2489 3733 super
2510 3638 2831 3715 candorem
2860 3651 3045 3708 efﬁcis
3077 3647 3248 3715 nivis,
3273 3645 3506 3710 innova,
3530 3638 3982 3713 quaesumusﬁn

2310 3749 2633 3806 visceribus
2662 3743 2878 3802 nostris
2911 3738 3197 3813 Spiritum
3241 3737 3533 3799 sanctum,
3567 3745 3682 3801 quo
3728 3726 3983 3783 laudem

2311 3843 2477 3894 tuam
2509 3831 2859 3892 annuntiare
2888 3828 3225 3902 possimus:
3250 3827 3317 3879 ut
3346 3825 3504 3878 recto
3536 3815 3989 3892 principalique

2314 3926 2522 4000 spiritu
2558 3919 3248 3987 conﬁrmati,mereamur
3275 3909 3514 3978 aeternis.
3529 3906 3774 3964 sedibus
3800 3905 3865 3959 in
3889 3904 3990 3961 Je-

2312 3999 2570 4073 rusalem
2601 4009 2819 4069 cmlesti
2849 4004 3141 4080 componi.
3172 4004 3279 4060 Per
3306 3999 3595 4072 ejusdem.

2911 4110 3241 4171 PSALMUS
3280 4107 3371 4165 LI.

2777 4200 3182 4244 ARGUMENTUM
3227 4196 3385 4237 PSAL.
3429 4195 3481 4233 Ll
3492 4219 3503 4230 .

2387 4280 2427 4330 C
2458 4275 2499 4329 B
2530 4273 2651 4328 Vox
2683 4268 2979 4344 prophetae
3011 4266 3081 4321 de
3111 4263 3265 4319 Juda
3290 4258 3378 4317 \el
3407 4254 3793 4344 Antichristo.

2317 4365 2431 4422 TT.
2464 4364 2524 4418 In
2554 4341 2721 4433 ﬁnem
2750 4341 3053 4433 intellectus
3075 4351 3279 4433 David.
3298 4347 3603 4433 qumvenit
3630 4341 3995 4433 D'p‘echglduz

2608 4415 2662 4489 et
2690 4428 3045 4486 annuntiavit
3071 4424 3205 4480 Saul
3231 4430 3280 4478 et
3309 4420 3453 4476 dixit
3482 4418 3573 4474 illi
3601 4434 3620 4471 :
3652 4416 3787 4472 Ecce
3829 4415 3993 4471 venit

2392 4506 2570 4563 David
2599 4506 2661 4560 in
2689 4503 2910 4558 dmnum
2937 4495 3265 4554 Abimelech.
3748 4504 3752 4508 ‘

2241 4596 2288 4660 D
2392 4596 2433 4650 C
2462 4596 2645 4650 Totus
2674 4592 2769 4647 hic
2798 4587 3006 4645 titulus
3038 4585 3110 4643 ad
3142 4585 3457 4641 adventum
3496 4573 3730 4635 Domini
3764 4591 3992 4632 secun-

2322 4686 2486 4751 dum,
2520 4700 2621 4756 per
2650 4686 2885 4753 tempus
2930 4672 3270 4732 Antichristi
3308 4672 3445 4743 jure
3491 4664 3843 4723 referendus
3875 4665 3992 4726 est,

2322 4774 2601 4849 quoniam
2633 4769 2832 4827 omnia
2861 4767 2934 4824 ad
2965 4763 3181 4822 Christi
3224 4756 3765 4818 manifestationem
3817 4768 4002 4809 com—

2323 4842 2584 4937 petenter
2610 4863 2905 4933 aptantur.
2939 4855 3013 4911 Ut
3042 4871 3077 4910 ο.
3106 4851 3332 4927 psalmo
3363 4864 3469 4906 suo
3500 4862 3617 4902 non
3637 4842 3997 4915 discrepare

2321 4954 2603 5008 videatur.

2394 5042 2441 5097 Η
2474 5039 2743 5095 Psalmus
2774 5038 2883 5093 iste
2911 5033 3171 5091 continet
3200 5046 3399 5087 vocem
3434 5024 3728 5100 propheta:
3776 5035 4002 5093 expro-

2322 5130 2550 5188 brantis
2582 5132 2819 5202 peccata
2849 5122 3078 5182 Judaici
3110 5119 3332 5195 populi.
3355 5118 3440 5175 Ad
3471 5117 3667 5190 ipsum
3699 5109 3874 5167 enim
3908 5109 4005 5165 lo-

2324 5220 2527 5294 quitur
2557 5217 2758 5273 dicens
2792 5233 2806 5270 :

2326 5312 2350 5365 1
2429 5307 2578 5380 Quid
2605 5306 2865 5377 gloriaris
2894 5305 2956 5359 in
2983 5302 3202 5358 malitia
3234 5319 3253 5355 :

2428 5379 2484 5455 -‘,-
2531 5390 2649 5462 Qui
2691 5394 2706 5454 ζ
2770 5392 2958 5457 potens
2986 5389 3042 5449 ᾧ·
3085 5398 3140 5438 es
3183 5387 3197 5447 ζ
3270 5379 3581 5452 iniquitate.

2394 5478 2435 5533 c
2466 5457 2610 5541 Quid
2645 5473 2915 5549 gloriaris
2957 5472 3018 5527 in
3067 5469 3313 5526 malitia.
3346 5468 3491 5524 Cum
3541 5462 3863 5536 Scriptura
3914 5457 4011 5513 di-

2325 5569 2460 5624 vina
2490 5583 2595 5623 nec
2625 5548 2685 5620 in
2716 5563 2887 5620 honis
2926 5560 3155 5618 actibus
3207 5558 3364 5614 dicat
3408 5571 3538 5611 esse
3583 5548 4010 5626 gloriandum,

2326 5657 2424 5715 sed
2469 5654 2782 5733 prmeipiat,
2818 5650 2921 5727 qui
2970 5648 3255 5726 gloriatur
3299 5645 3359 5703 in
3412 5642 3661 5703 Domino
3706 5636 4016 5716 glorietur
