4054 6168
179 316 292 380 209

1386 321 1488 384 EX
1500 322 1808 386 POSITIO
1851 323 2366 394 PSALMORUM.

3468 341 3592 405 210

174 456 247 529 (ιι
263 452 374 512 Cor.
397 452 476 525 ι),
512 469 670 511 nunc
699 451 987 527 Propheta
1018 453 1368 514 sceleratum
1400 456 1591 516 virum
1622 459 1818 517 redar-
1844 462 1901 530 Α
1927 465 1964 517 7
2070 464 2176 522 Sed
2206 471 2445 541 speravit
2474 470 2534 526 in
2563 467 2919 528 multitudine
2955 469 3281 532 divitiarum
3307 489 3538 533 suarum
3569 494 3588 533 :

172 546 307 619 guit,
338 544 411 601 de
430 543 558 601 sola
587 561 651 601 se
682 543 1050 618 malignitate
1073 546 1421 618 jactantem,
1455 565 1560 605 cur
1588 548 1726 607 velit
1750 550 1822 606 de

172 633 335 691 malis
361 632 622 706 gloriari,
656 634 812 689 unde
841 634 1045 690 debuit
1076 635 1379 692 confundi.

169 753 203 805 2
307 751 427 806 Tota
456 750 547 806 die
575 750 911 821 iniustitiam
934 754 1198 821 cogitavit
1226 753 1422 823 lingua
1451 762 1545 811 tua
1572 775 1588 810 :

300 841 456 895 Sicut
483 840 751 895 novacula
780 843 942 896 acuta
969 842 1151 912 fecisti
1176 842 1379 898 dolum.

234 955 441 1011 CTota
481 955 596 1023 die,
628 958 819 1013 totum
864 958 1100 1029 tempus
1149 958 1282 1014 vita:
1333 958 1645 1032 signiﬁcat,
1679 962 1818 1034 quia

168 1043 287 1101 sine
315 1042 515 1116 aliqua
542 1044 979 1102 intermissione
1021 1063 1256 1119 semper
1287 1048 1480 1104 malus
1511 1049 1731 1105 malum
1761 1055 1818 1105 et

165 1138 431 1207 operatur
458 1136 518 1190 et
545 1134 780 1207 cogitat.
812 1134 1172 1207 Injustitiam
1204 1136 1497 1210 cogitavit,
1530 1137 1624 1194 hic
1657 1139 1814 1196 enim

164 1222 419 1297 linguam
447 1223 591 1279 dicit
618 1223 925 1297 cogitasse,
958 1224 1096 1297 quia
1133 1225 1523 1298 pessimorum
1557 1231 1645 1283 est
1676 1246 1814 1284 con-

166 1314 425 1379 suetudo,
458 1317 527 1370 ut
556 1318 689 1369 ante
726 1312 1047 1386 loquantur
1082 1314 1286 1389 lingua
1328 1332 1506 1390 quam
1560 1317 1814 1390 cogitent

165 1401 348 1468 corde,
405 1401 465 1457 id
515 1405 607 1458 est
665 1402 999 1458 inconsulta
1075 1405 1351 1475 proferre.
1404 1405 1556 1461 Bene
1615 1411 1812 1462 autem

163 1491 519 1564 comparavit
549 1490 689 1547 mali
720 1490 980 1548 hominis
1009 1490 1213 1548 dolum
1263 1497 1445 1549 acuta:
1494 1494 1807 1563 novaculae,

164 1580 296 1653 quia
323 1580 481 1636 sicut
511 1580 614 1636 illa
642 1580 792 1653 pilos
831 1580 1001 1649 radit,
1037 1585 1094 1636 et
1122 1580 1419 1638 hominem
1454 1600 1568 1639 non
1605 1584 1762 1639 laedit
1794 1603 1806 1640 :

163 1668 236 1723 ita
262 1686 369 1725 nec
412 1668 610 1735 dolus,
637 1670 849 1725 anima:
888 1670 1038 1742 justi
1074 1687 1278 1727 nocere
1307 1670 1539 1740 valebit,
1575 1674 1809 1745 quando

162 1758 207 1813 ei
249 1757 458 1814 nititur
501 1758 730 1815 auferre
776 1760 1095 1815 mundana.
1131 1762 1385 1817 Terrena
1439 1760 1597 1817 enim
1657 1762 1810 1818 bona

2076 557 2145 613 Et
2169 560 2466 630 praevaluit
2495 562 2556 616 in
2583 562 2831 617 vanitate
2856 578 2977 617 sua.

2001 648 2042 703 C
2072 646 2312 704 Divitias
2340 665 2472 706 vero
2496 649 2589 706 hic
2614 650 2916 707 universas
2938 670 3184 726 pompas
3206 655 3585 715 steculidebe-

1930 752 2065 791 mus
2095 736 2374 809 accipere.
2395 738 2502 804 Qui
2533 739 2589 794 in
2624 738 2757 796 illas
2787 757 2952 813 spem
2983 758 3155 798 suam
3184 744 3349 815 ponit
3378 750 3437 803 et
3466 763 3584 804 non

1929 824 1989 879 in
2023 829 2202 880 Deum
2237 844 2249 881 :
2285 826 2669 899 semetipsum
2710 829 2930 885 fefellit.
2965 829 3095 902 Ipse
3125 832 3282 888 enim
3312 834 3586 906 praevalet

1927 914 1988 970 in
2009 915 2263 973 vanitate
2286 916 2561 988 sua,quia
2582 916 2694 973 sibi
2716 919 3023 990 profutura
3042 920 3377 979 nullatenus
3388 924 3578 997 acqui-

1927 1001 2020 1058 rit.
2054 1002 2283 1058 Vanum
2316 1003 2473 1060 enim
2504 1004 2717 1060 dicitur
2745 1007 2899 1078 quod
2932 1012 3023 1063 est
3042 1007 3236 1075 inane,
3257 1008 3462 1082 fragile
3492 1010 3581 1066 vel

1926 1092 2233 1159 caducum,
2258 1097 2316 1148 et
2340 1094 2411 1149 ab
2443 1093 2574 1165 ipsa
2603 1094 2946 1151 firmissima
2972 1097 3215 1153 veritate
3235 1097 3578 1157 discretum.

1922 1183 1957 1236 8
2065 1182 2229 1253 Ego—3
2270 1190 2454 1238 autem
2496 1189 2509 1247 ζ
2552 1186 2694 1240 sicut
2712 1184 2856 1240 oliva
2873 1187 3169 1257 fructifera
3188 1188 3246 1242 in
3268 1187 3424 1244 domo
3442 1189 3579 1245 Dei:

2062 1274 2295 1344 Speraui
2343 1275 2403 1328 in
2452 1273 2830 1330 misericordia
2876 1276 2977 1330 Dei
3021 1276 3082 1331 in
3128 1283 3400 1333 aeternum
3435 1285 3488 1335 et
3517 1278 3578 1334 in

2133 1362 2401 1425 saxulum
2427 1369 2483 1427 -Ξ
2528 1365 2721 1420 saeculi
2763 1371 2776 1430 ζ

1993 1450 2038 1505 Η
2061 1450 2373 1523 Comparat
2393 1468 2454 1507 se
2479 1452 2759 1525 propheta
2782 1453 2944 1510 oliva:
2963 1453 3308 1510 fructiferas:
3342 1458 3577 1527 propter

1921 1538 2338 1612 pinguedinem
2361 1541 2922 1615 sapientiaaSperavi
2936 1541 2994 1597 in
3012 1542 3576 1615 misericordia,quia

1921 1645 2037 1684 non
2068 1633 2157 1684 est
2186 1628 2456 1685 humana:
2490 1629 2824 1701 fragilitatis
2855 1629 3123 1698 facultas,
3140 1634 3203 1686 ut
3223 1646 3326 1703 per
3356 1648 3417 1687 se
3440 1630 3573 1704 quis

1919 1716 2115 1773 salvus
2146 1716 2271 1781 fiat,
2301 1719 2401 1774 sed
2434 1735 2537 1791 per
2567 1719 3034 1775 misericordiam
3064 1718 3318 1777 Domini.

163 1846 286 1920 pilis
314 1851 751 1920 comparantur,
771 1848 909 1921 quia
940 1847 1040 1921 pili
1074 1850 1510 1921 superﬂuitates
1536 1851 1805 1923 quaedam
1840 1837 1885 1901 Β
1917 1807 1952 1860 9
2064 1807 3217 1923 fabii?!
3240 1824 3260 1862 :

162 1939 289 1993 sunt
315 1935 579 2010 corporis
608 1955 621 1993 :
654 1941 713 1993 et
739 1937 1085 2012 temporalia
1114 1938 1269 1995 bona
1297 1941 1526 1996 animae.

157 2054 188 2109 3
286 2054 551 2111 Dilectiin
570 2054 851 2110 malitiam
877 2071 1042 2127 super
1071 2056 1454 2128 benignitatem
1483 2076 1501 2111 :

284 2144 645 2217 Iniquitatem
690 2145 869 2214 magis
914 2160 1079 2217 quam
1117 2146 1269 2218 loqui
1305 2147 1642 2220 aequitatem.
1678 2148 1804 2202 Dia-

282 2234 521 2305 psalma.

218 2354 256 2405 C
284 2349 387 2406 llle
416 2349 575 2406 enim
608 2348 819 2423 diligit,
844 2351 943 2423 qui
976 2351 1350 2425 cognoscitur
1378 2351 1619 2425 diligere
1648 2369 1802 2408 sem-

157 2456 250 2512 per
266 2455 531 2512 peccare.
553 2444 741 2511 Super
767 2440 1208 2514 benignitatem,
1231 2441 1287 2496 id
1318 2445 1426 2509 est,
1462 2440 1509 2496 si
1536 2442 1799 2498 animum

156 2522 414 2584 malevoli
450 2527 783 2600 benignitas
809 2529 1020 2602 tangit,
1054 2546 1188 2586 mox
1216 2548 1344 2586 eam
1378 2534 1443 2585 ut
1471 2530 1677 2586 vitium
1708 2532 1803 2587 de-

151 2616 411 2673 testabile
434 2616 690 2690 projicit,
714 2622 774 2674 et
793 2618 982 2692 magis
1002 2619 1194 2691 diligit
1222 2619 1378 2692 loqui
1405 2620 1795 2692 iniquitatem,

150 2722 316 2778 quam
344 2706 532 2762 verba
560 2706 854 2780 aequitatis
883 2708 1159 2780 proferre.

151 2823 177 2876 l
276 2823 553 2879 Dilexisti
580 2824 768 2879 omnia
795 2825 958 2881 verba
982 2826 1447 2897 praecipitationis
1479 2846 1497 2881 :

273 2914 502 2981 Lingua
528 2910 729 2969 dolosa.

204 3028 241 3080 C
270 3026 341 3082 de
369 3026 736 3083 Antichristo
785 3044 919 3085 vero
976 3028 1211 3096 dicitur,
1246 3029 1346 3102 qui
1377 3030 1638 3087 confusis
1671 3048 1794 3087 mo-

146 3115 295 3171 ribus
340 3115 548 3187 diligit
591 3115 982 3189 iniquitatem,
1016 3118 1199 3185 currit
1246 3119 1318 3174 ad
1368 3120 1567 3176 omnia
1618 3120 1795 3177 verba

2055 1898 2123 1951 Et
2149 1896 2463 1968 exspectabo
2509 1912 2709 1952 nomen
2758 1900 2914 1952 tuum
2959 1898 3219 1969 quoniam
3261 1898 3462 1953 bonum
3490 1903 3573 1954 est

2128 1986 2185 2039 in
2218 1992 2501 2056 conspectu
2528 1993 2839 2041 sanctorum
2866 1994 3103 2042 tuorum.

1983 2075 2025 2131 Ο
2044 2073 2147 2130 Hic
2169 2075 2325 2129 enim
2347 2075 2552 2129 datum
2567 2074 2932 2130 estconfiteri
2948 2073 3245 2143 nobis,ubi
3270 2091 3569 2131 meremur

1913 2163 2154 2219 absolvi.
2189 2163 2337 2230 Quia
2368 2163 2593 2221 fecisti:
2628 2163 2707 2219 ibi
2740 2162 3189 2236 intelligendum
3221 2164 3570 2231 est,miseri-

1912 2253 2191 2309 cordiam.
2217 2253 2502 2319 Quoniam
2520 2253 2940 2317 bonum.Quod
2945 2253 3080 2325 jure
3093 2252 3563 2319 diciturbonum,

1912 2343 2011 2398 ubi
2042 2347 2099 2398 et
2129 2358 2265 2415 spes
2295 2341 2524 2409 salutis,
2545 2345 2602 2397 et
2629 2341 2811 2398 totius
2835 2340 2964 2396 vita:
2997 2341 3193 2414 palma
3222 2340 3559 2413 suscipitur.

1909 2433 2187 2487 Additum
2214 2436 2306 2487 est
2330 2447 2564 2503 quoque
2610 2435 2745 2487 ante
2795 2435 3173 2502 conspectum
3220 2434 3558 2487 sanctorum

1910 2527 2167 2587 tuorum,
2190 2521 2245 2576 id
2265 2526 2371 2587 est,
2393 2520 2763 2592 quandojam
2789 2520 3070 2591 gaudium
3092 2519 3360 2592 generale
3372 2520 3559 2591 justo«

1910 2627 2040 2665 rum
2062 2616 2169 2666 est.
2194 2611 2240 2665 H
2271 2609 2370 2664 Vel
2404 2609 2542 2681 quia
2573 2607 2779 2674 fecisti,
2804 2608 3028 2664 scilicet
3057 2609 3211 2681 quod
3244 2625 3376 2664 sum
3407 2607 3558 2664 oliva

1909 2701 2228 2768 fructifera,
2251 2698 2405 2772 quod
2428 2698 2654 2771 speravi
2680 2697 2738 2752 in
2758 2697 3159 2753 misericordia
3178 2697 3278 2753 Dei
3302 2697 3360 2752 in
3393 2701 3555 2754 aeter-

1908 2807 2072 2857 num,
2104 2792 2160 2845 et
2188 2789 2319 2845 ideo
2350 2786 2696 2859 exspectabo
2728 2802 2942 2842 nomen
2970 2790 3162 2855 tuum,
3196 2790 3307 2843 etc.

2422 2921 2626 2960 ORATIO
2665 2921 2735 2959 EX
2774 2920 2933 2960 PSAL.
2976 2919 3048 2959 LI.

1967 3024 2172 3079 Totius
2186 3020 2496 3077 mundanae
2510 3017 2783 3075 vanitatis
2797 3017 3562 3089 destructor,0mnipotens,

1905 3114 1993 3169 fac
2017 3129 2123 3167 nos
2144 3111 2203 3166 in
2224 3111 2398 3166 domo
2423 3113 2523 3164 tua
2544 3108 2698 3163 sicut
2718 3106 2930 3164 olivam
2955 3106 3313 3162 fructiferam
3333 3104 3557 3172 ﬂorere,

144 3203 638 3276 praecipitationis,
662 3205 836 3275 jubet
891 3207 1045 3278 quod
1103 3206 1332 3263 nullum
1376 3209 1563 3280 juvat,
1606 3211 1664 3265 et
1707 3212 1791 3264 ιο-
1826 3209 1869 3275 ρ
1909 3208 1971 3258 ut
2004 3203 2061 3257 in
2089 3206 2253 3256 tuam
2287 3196 2750 3254 misericordiam
2777 3198 3100 3267 sperantes,
3125 3195 3196 3250 ab
3226 3194 3556 3267 iniquitatis

143 3297 254 3348 tum
283 3310 429 3349 cum
464 3293 598 3350 dolo
628 3293 910 3366 loquitur,
940 3313 972 3351 a
1005 3312 1109 3368 quo
1141 3295 1288 3352 nulli
1320 3298 1626 3370 profutura
1654 3315 1791 3354 cen-

146 3387 350 3439 sentur.

145 3499 177 3552 5
270 3501 577 3573 Propterea
625 3500 766 3557 Deus
811 3501 1049 3558 destruet
1096 3510 1146 3558 te
1187 3504 1245 3557 in
1276 3504 1441 3573 ﬁnem
1472 3464 1497 3560 ,ἶ
1521 3504 1712 3560 evellet
1742 3512 1793 3560 te

339 3597 397 3644 et
429 3589 725 3657 emigrabit
753 3597 803 3645 te
831 3590 903 3645 de
933 3591 1284 3647 tabernaculo
1312 3600 1402 3648 tuo
1433 3612 1450 3647 :

268 3678 335 3733 Et
364 3674 617 3732 radicem
648 3685 799 3732 mam
826 3676 891 3733 de
920 3686 1069 3734 terra
1099 3680 1417 3735 viventium.
1453 3681 1785 3753 Diapsalma.

205 3792 241 3847 ll
272 3792 497 3849 Omnia
517 3791 638 3848 haec
659 3790 719 3847 in
741 3792 985 3849 Judaico
1010 3794 1223 3867 populo
1244 3794 1484 3868 impleta
1504 3802 1662 3865 sunt,
1688 3798 1787 3869 qui

147 3879 334 3954 elegis
384 3881 593 3936 littera
642 3880 998 3948 destructus,
1026 3888 1083 3939 et
1129 3883 1366 3940 evulsus
1414 3885 1486 3940 de
1535 3886 1786 3957 civitate,

142 3971 462 4043 emigratus
489 3974 578 4025 est
597 3970 669 4025 de
691 3970 1066 4029 tabernaculo
1088 3972 1186 4029 Dei
1207 3974 1569 4046 temporibus
1592 3975 1702 4031 Titi
1735 3982 1792 4033 et

142 4056 506 4132 Vespasiani.
554 4059 595 4116 C
650 4059 713 4115 In
766 4061 945 4115 ﬁnem
1006 4065 1200 4118 autem
1254 4064 1355 4134 qui
1410 4064 1787 4123 destruetur:

144 4149 361 4204 aeternis
394 4147 708 4220 suppliciis
730 4148 1065 4220 deputatur.
1090 4152 1159 4206 Et
1180 4152 1434 4208 radicem
1459 4154 1792 4227 tuam,quia

143 4235 276 4292 sicut
305 4238 509 4293 sancti
536 4240 898 4306 sanctorum,
933 4239 1016 4295 ita
1043 4239 1369 4298 imitatores
1400 4244 1785 4316 peccantium,

142 4326 353 4383 radices
375 4342 587 4382 eorum
618 4326 1008 4399 appellantur.
1033 4328 1279 4385 Radices
1306 4334 1473 4386 erant
1502 4331 1791 4387 Antichri-

140 4413 223 4479 sti,
255 4413 665 4482 consentanei,
696 4419 753 4470 et
782 4414 913 4472 ideo
961 4417 1215 4473 radicem
1262 4418 1449 4491 ipsius
1487 4436 1621 4475 cum
1661 4420 1788 4493 ipso

142 4499 267 4557 dicit
294 4520 429 4559 esse
460 4501 821 4559 evellendam
858 4520 872 4558 :
907 4505 1045 4585 quia
1092 4522 1225 4561 cum
1276 4507 1496 4563 sanctis
1537 4509 1785 4573 Domini,

141 4605 233 4646 nec
262 4592 677 4659 antichristus,
709 4608 817 4647 nec
865 4574 1155 4651 ministris
1200 4596 1328 4666 ejus
1359 4596 1662 4653 habebunt
1690 4597 1787 4653 ali-
1819 4578 1864 4642 Ῑ)
1899 4574 1924 4627 ί

142 4694 307 4750 quam
339 4680 677 4754 portionem
696 4681 769 4736 in
802 4697 978 4755 regno
1009 4683 1267 4739 beatum.

138 4795 169 4847 6
272 4798 547 4853 Videbunt
587 4797 734 4869 justi
773 4801 827 4854 et
873 4799 1139 4857 timebunt
1168 4821 1186 4857 :
1217 4809 1266 4858 et
1298 4819 1463 4875 super
1489 4819 1610 4859 eum
1642 4803 1786 4859 ride-

339 4887 531 4941 bunt:

265 4980 323 5039 -Ξ
368 4976 440 5031 ει
467 4975 650 5032 dicent
685 4980 704 5044 ἶ
746 4977 878 5034 Ecce
906 4979 1062 5036 homo
1098 4982 1197 5053 qui
1241 4998 1352 5038 non
1396 4983 1581 5053 posuit
1618 4984 1789 5039 Deum

338 5063 653 5136 adjutorem
679 5083 860 5123 suum.
1802 5071 1809 5076 “

203 5175 503 5236 Videbunt
524 5181 693 5251 justi,
726 5182 835 5239 hoc
864 5186 953 5240 est
980 5183 1305 5258 intelligent
1338 5188 1465 5256 jam
1497 5186 1785 5243 malorum

145 5262 393 5323 futuram
429 5286 684 5340 prunam,
717 5275 775 5327 et
810 5272 1123 5342 timebunt,
1150 5291 1221 5330 ne
1250 5274 1392 5331 talia
1421 5281 1698 5349 appetant
1728 5277 1786 5332 in

146 5349 244 5409 isto
290 5356 530 5413 seculo.
564 5359 669 5415 Hic
713 5360 867 5432 justi
928 5362 1091 5427 fient,
1120 5363 1395 5419 ridebunt
1450 5366 1509 5420 in
1570 5366 1784 5422 futuro.

144 5442 388 5515 CSuper
433 5461 569 5501 eum
619 5447 720 5520 qui
771 5448 1007 5523 longam
1054 5450 1395 5523 patientiam
1449 5453 1567 5523 Dei,
1611 5455 1792 5511 stulta

145 5529 435 5589 voluntate
481 5538 849 5611 contempsit.
882 5540 1027 5595 Ecce
1087 5557 1220 5596 cum
1269 5543 1506 5609 dicitur,
1551 5550 1791 5601 extensa

149 5631 334 5689 manu,
366 5625 691 5696 peccatoris
720 5627 972 5687 nefanda
1002 5646 1131 5687 sors
1164 5636 1547 5688 monstratur.

1902 3291 2210 3349 maledicto
2242 3287 2554 3345 salvemur.
2587 3286 2694 3342 Per
2718 3285 3035 3343 Dominum
3067 3287 3356 3353 nostrum,
3388 3286 3499 3339 etc.
3533 3293 3539 3298 ‘

2481 3446 2810 3504 PSALMUS
2852 3446 2967 3502 LII.

2353 3552 2757 3593 ARGUMENTUM
2797 3552 2955 3591 PSAL.
3000 3551 3093 3590 LII.

1971 3685 2012 3741 C
2043 3682 2299 3739 Ecclesia
2343 3680 2603 3752 increpat
2645 3696 2744 3736 eos
2777 3679 2877 3751 qui
2909 3679 3080 3733 corde
3109 3677 3198 3734 vel
3229 3694 3402 3751 opere
3431 3694 3553 3734 cor-

1901 3776 2277 3845 rumpuntur,
2292 3774 2349 3825 et
2370 3768 2569 3825 ﬁdeles
2600 3772 2799 3824 monet
2827 3772 2892 3823 ut
2921 3766 3331 3839 mquanimiter
3356 3765 3552 3823 seculi

1901 3862 2207 3918 molestias
2232 3860 2533 3914 sufferant;

1971 3951 2087 4006 TT.
2122 3952 2183 4005 In
2210 3950 2374 4019 ﬁnem
2401 3963 2498 4019 pro
2539 3946 2815 4003 Amalech.
2846 3944 3155 4005 Intellectus
3201 3945 3313 4013 ipsi
3357 3944 3550 4001 David.

1970 4044 2009 4094 C
2039 4040 2101 4094 In
2127 4039 2302 4093 finem
2326 4036 2464 4108 quid
2488 4035 2784 4108 significat
2791 4034 2918 4105 jam
2936 4037 3138 4088 notum
3161 4032 3551 4088 est.Amalech
3606 4028 3609 4031 ’

1900 4133 2097 4184 autem
2115 4143 2303 4200 genus
2324 4125 2587 4196 fuit,quae
2609 4127 2811 4178 contra
2828 4121 2925 4176 Dei
2946 4118 3226 4191 populum
3247 4119 3548 4191 pugnavit.

1899 4217 2040 4288 Ejus
2061 4202 2319 4271 nominis
2346 4211 2746 4283 interpretatio
2767 4209 2901 4265 talis
2924 4211 3043 4263 est:
3065 4224 3168 4280 pro
3191 4206 3552 4279 parturiente

1898 4305 2019 4361 sive
2044 4304 2297 4368 dolente,
2332 4306 2388 4357 et
2417 4300 2709 4372 significat
2740 4296 3080 4365 Ecclesiam,
3110 4313 3237 4368 qua:
3264 4300 3548 4368 tanquam

1898 4392 2102 4450 dolens
2133 4396 2307 4463 atque
2327 4387 2677 4462 parturiens,
2704 4385 2986 4459 populum
3009 4385 3285 4441 admonet
3304 4385 3549 4457 perfido-

1899 4499 2053 4546 rum,
2088 4486 2212 4536 uta
2242 4479 2368 4535 suis
2398 4476 2809 4549 iniquitatibus
2837 4475 3234 4548 conquiescat.

2045 4572 2198 4625 Dixit
2226 4570 2494 4639 insipiens
2525 4569 2587 4622 in
2614 4565 2773 4622 corde
2799 4582 2895 4621 suo
2926 4584 2944 4621 :
3294 4569 3298 4572 ’

2038 4661 2153 4716 Non
2183 4666 2260 4715 est
2292 4660 2455 4714 Deus.

1967 4749 2008 4804 Ο
2032 4747 2337 4821 PrOprium
2361 4750 2450 4803 est
2469 4745 2960 4818 linguze,verbum
2978 4743 3312 4807 dicere,non
3334 4740 3546 4798 cordis.

1897 4838 2009 4904 Sed
2040 4836 2179 4910 quia
2208 4834 2590 4909 cogitationes
2639 4838 2868 4889 nostras
2917 4832 3179 4904 potentia
3222 4829 3550 4887 divinitatis

1897 4925 2188 4998 intelligit,
2213 4929 2365 4980 recte
2388 4923 2611 4979 dictum
2644 4926 2733 4977 est
2760 4920 3104 4992 insipientes
3132 4919 3306 4975 corde
3335 4918 3546 4987 dicere,

1897 5015 2054 5087 quod
2098 5014 2170 5069 ad
2220 5030 2392 5069 aures
2444 5010 2673 5067 Domini
2719 5008 2911 5082 potuit
2956 5007 3276 5081 pervenire,
3310 5023 3427 5063 non
3474 5008 3548 5065 ad

1898 5102 2342 5177 ignoscendum,
2377 5101 2478 5156 sed
2524 5098 2963 5154 vindicandum.
2997 5097 3042 5152 Η
3074 5095 3225 5153 Dicit
3260 5100 3457 5154 autem
3486 5097 3547 5154 in

1896 5191 2087 5256 corde,
2104 5188 2371 5246 diabolus
2394 5188 2483 5245 vel
2503 5187 2763 5253 Judaaus,
2778 5203 2892 5242 non
2910 5190 3000 5241 est
3014 5185 3189 5252 Deus,
3208 5201 3275 5242 ac
3297 5184 3348 5243 si
3368 5185 3543 5243 dicat:

1896 5281 2020 5336 Non
2043 5284 2131 5335 est
2149 5278 2416 5336 Christus
2438 5276 2620 5333 Filius
2643 5275 2764 5332 Dei.
2787 5277 2833 5331 A
2851 5274 2953 5331 Vel
2984 5274 3268 5348 insipiens
3298 5279 3388 5332 est
3415 5275 3546 5348 qui-

1897 5368 2041 5425 libet
2071 5368 2172 5441 qui
2204 5367 2354 5423 male
2384 5366 2542 5433 vivit,
2568 5370 2625 5421 et
2646 5365 2696 5421 is
2718 5364 2765 5419 si
2791 5368 2959 5436 putat
2977 5365 3093 5421 Deo
3116 5364 3341 5437 placere
3368 5363 3544 5437 mala,

1899 5457 2041 5513 dicit
2065 5456 2121 5511 in
2156 5456 2327 5511 corde
2360 5473 2371 5510 :
2407 5456 2530 5511 Non
2562 5458 2649 5510 est
2680 5453 2855 5521 Deus,
2891 5453 2979 5509 vel
3028 5454 3127 5526 qui
3170 5453 3329 5520 dicit,
3364 5458 3545 5510 Deum

1901 5546 2177 5602 omnibus
2200 5549 2256 5599 et
2282 5560 2510 5615 semper
2541 5559 2777 5616 parcere
2802 5560 2814 5597 :
2840 5542 2993 5599 Deus
3014 5542 3171 5599 enim
3193 5541 3550 5614 suajustitia

1901 5640 1959 5691 et
1982 5633 2212 5691 bonitas
2242 5637 2349 5689 est.
