4054 6168
475 257 588 340 2n

1393 259 1458 323 S.
1503 261 1894 326 BRUNONIS
1939 262 2559 326 HERBIPOLENSIS
2603 262 2980 326 EPISCOPI.

3781 262 3912 328 912

478 397 514 449 2
624 395 878 468 Corrupti
903 403 1108 467 suntet
1137 395 1531 476 abominabiles
1575 397 1712 468 facti
1760 404 1888 454 sunt
1926 397 1985 452 in
2017 399 2126 454 ini-
2158 399 2212 466 Α
2238 399 2275 452 7
2383 399 2659 476 Quoniam
2686 399 2826 461 Deus
2853 396 3145 470 dissipavit
3173 412 3293 457 ossa
3321 413 3514 464 eorum
3545 413 3564 452 :
3593 397 3693 470 qui
3719 396 3903 466 hanni-

695 485 997 559 quitatibnis
1029 503 1049 542 :

621 577 740 632 Non
767 583 848 632 est
880 576 978 648 qui
1005 577 1180 647 faciat
1207 575 1436 630 bonum.

556 665 598 720 C
627 663 894 736 Corrupti
909 667 1082 721 .Sunt
1103 680 1306 719 omnes
1327 662 1584 720 haeretici
1603 681 1720 720 uno
1738 667 1912 721 verbo
1935 665 2138 733 notati,

485 770 623 810 nam
653 753 769 824 Deo
799 756 953 808 recte
1000 768 1116 818 non
1167 751 1490 809 credidisse
1535 753 1834 826 corruptio
1881 758 1989 810 est.
2023 755 2141 810 Hos

488 841 870 914 subsequitur
915 857 1086 914 pcena
1125 840 1484 914 justissima,
1517 847 1582 897 ut
1627 842 2052 902 abominabiles
2082 843 2142 899 in

488 928 883 1004 voluptatibus
911 929 1035 986 suis
1065 931 1228 986 ﬁant.
1263 931 1388 986 Non
1419 935 1510 986 est
1539 931 1639 1003 qui
1668 931 1844 988 faciat
1872 931 2094 992 bonum
2125 949 2140 988 :

489 1019 598 1076 hoc
629 1019 892 1092 estquod
939 1019 1302 1092 parturiebat
1329 1019 1588 1076 Ecclesia
1617 1019 1788 1092 plena
1820 1021 2144 1090 doloribus,

490 1112 554 1164 ut
571 1107 629 1163 in
643 1109 806 1164 tanta
823 1107 1200 1164 multitudine
1217 1107 1576 1181 perditorum
1593 1126 1708 1165 non
1722 1109 1908 1182 sitqui
1924 1110 2035 1167 bon
2045 1128 2144 1166 um

491 1197 680 1270 possit
707 1197 933 1270 operari
964 1197 1053 1265 vel
1085 1197 1324 1252 imitari.

490 1305 526 1359 3
633 1307 774 1361 Deus
805 1304 870 1360 de
898 1305 1027 1360 caelo
1051 1305 1332 1376 prospexit
1359 1320 1524 1376 super
1550 1306 1694 1376 ﬁlios
1740 1306 2026 1364 hominum
2048 1317 2073 1361 ':

639 1395 703 1451 Ut
752 1393 930 1450 videat
980 1393 1032 1448 si
1077 1400 1154 1448 est
1199 1393 1512 1466 intelligens
1540 1399 1596 1459 -Ξ
1641 1403 1736 1450 aut
1777 1399 1792 1461 ζ
1863 1396 2148 1466 requirens

707 1485 902 1554 Deum.

567 1571 607 1626 Ο
640 1569 941 1644 Prospexit
967 1569 1252 1641 Dominus
1283 1570 1352 1627 de
1385 1571 1626 1638 coelo,id
1653 1576 1762 1639 est,
1783 1573 1856 1634 de
1886 1590 2146 1646 unoquo-

499 1676 614 1731 que
644 1657 1016 1732 praadicatorc
1047 1663 1246 1728 suo,et
1275 1660 1569 1734 prospexit
1599 1679 1775 1734 super
1794 1661 1946 1718 ﬁlios
1964 1661 2149 1721 homi-

2457 488 2619 558 nibus
2638 489 2880 561 placent.

2393 577 2619 648 Con/“usi
2644 582 2796 632 sunt.
2825 578 3099 648 Quoniam
3127 577 3267 646 Deus
3295 579 3502 648 sprevit
3528 593 3643 637 eos.

2321 667 2361 722 C
2383 666 2536 722 Deus
2557 665 2715 721 enim
2740 665 2989 738 dissipat
3009 683 3146 722 ossa
3169 665 3482 736 malorum,
3506 664 3566 721 id
3595 670 3684 722 est
3715 665 3906 722 obsti-

2253 754 2519 810 nationes
2539 754 2917 812 durissimas.
2933 753 2978 810 Η
2996 753 3100 811 Vel
3121 771 3287 827 spem
3309 754 3651 812 aeternitatis
3678 771 3914 822 eorum,

2253 843 2354 915 qui
2386 843 2444 898 in
2476 845 2604 915 ejus
2637 841 3055 899 contumeliam
3101 841 3404 918 insurgere
3445 843 3576 900 ausi
3609 848 3766 899 sunt.
3802 843 3920 908 Qui

2253 931 2594 991 hominibus
2626 931 2858 1006 placent
2887 936 2948 988 et
2974 947 3092 988 non
3120 932 3258 1000 Deo,
3280 935 3434 988 recte
3463 931 3690 988 confusi
3709 931 3921 988 dicun-

2253 1025 2369 1089 tur,
2399 1021 2679 1094 quoniam
2710 1037 2811 1078 eos
2840 1025 2990 1077 Deus
3019 1019 3260 1094 sprevit.
3288 1019 3496 1076 Merito
3516 1037 3648 1082 vero
3678 1019 3920 1094 sperni-

2255 1113 2352 1168 tur
2382 1128 2416 1166 a
2445 1111 2584 1178 Deo,
2615 1110 2716 1182 qui
2748 1109 3050 1183 reliquerit
3094 1109 3318 1177 Deum;
3350 1112 3410 1168 et
3437 1108 3579 1176 quia
3607 1125 3741 1166 eum
3775 1108 3916 1169 reli-

2257 1198 2593 1272 quit,digne
2624 1204 2906 1272 tanquam
2937 1198 3178 1272 ignotus
3207 1199 3280 1254 ab
3309 1215 3376 1256 eo
3407 1197 3918 1265 confunditur,di-

2256 1292 2424 1346 oente
2468 1287 2745 1361 Apostolo
2779 1305 2793 1344 :
2827 1288 3108 1362 ignorans
3134 1287 3504 1362 ignorabitur
3532 1288 3579 1358 (ι
3611 1287 3731 1344 Cor.
3762 1289 3910 1357 xxv).

2255 1379 2290 1435 8
2398 1379 2536 1448 Quis
2563 1378 2717 1435 dabit
2743 1394 2813 1434 ex
2842 1377 2976 1436 Sion
3002 1379 3248 1434 salutare
3277 1378 3449 1434 Israel
3467 1380 3494 1432 .9

2403 1469 2546 1524 Cum
2582 1468 2910 1524 converterit
2952 1469 3093 1524 Deus
3139 1469 3511 1540 captivitatem
3556 1466 3731 1540 plebis
3771 1481 3918 1534 suae,

2469 1557 2767 1613 exsultabit
2794 1556 2958 1614 Iacob
2981 1564 3033 1612 et
3065 1556 3349 1613 lztabitur
3374 1556 3566 1612 Israel.

2328 1647 2370 1702 C
2399 1645 2540 1712 Quis
2572 1645 2754 1714 dabit,
2798 1645 3134 1702 addendum
3183 1651 3292 1710 est,
3342 1643 3458 1701 nisi
3507 1649 3594 1712 tu,
3626 1643 3917 1712 Domine;

501 1731 683 1804 num:
709 1748 820 1816 sub
841 1764 1056 1821 magna
1077 1731 1310 1821 pietate,
1337 1752 1402 1804 ut
1421 1731 1535 1806 non
1570 1731 1830 1814 errantes
1861 1751 2146 1822 perderet,
2181 1771 2226 1835 B
2259 1732 2726 1835 ξξιςϐἀθηξξεξηὶω
2748 1735 2924 1835 verba
2945 1738 3102 1802 sunt,
3121 1751 3246 1835 pen
3269 1733 3732 1835 dubitantisLEx
3749 1731 3919 1830 Sion,

501 1838 602 1893 sed
631 1819 980 1910 pmnitentes
1013 1819 1280 1902 salvarct.
1307 1837 1378 1893 Ut
1406 1838 1616 1908 videat,
1641 1839 1700 1896 id
1731 1844 1839 1906 est,
1862 1819 1928 1896 ut
1959 1819 2150 1896 videre

2276 1819 2426 1910 llam
2457 1821 2597 1880 dicit
2625 1821 3084 1910 speculationem
3117 1821 3343 1878 felicem
3376 1821 3435 1878 in
3465 1839 3583 1894 qua
3599 1821 3927 1910 Dousaspif

503 1925 674 1982 faciat
703 1929 956 1995 sanctos,
991 1927 1122 2000 quis
1169 1927 1642 2001 praedicationem
1689 1945 1892 1989 corum
1932 1928 2150 1985 intelli-

501 2019 622 2090 gat,
649 2015 708 2071 id
737 2019 846 2084 est,
878 2015 1056 2084 intus,
1086 2016 1142 2071 in
1166 2016 1358 2090 seipso
1380 2015 1536 2090 legat
1558 2022 1660 2079 aut
1687 2017 1947 2090 requirat
1979 2035 2151 2092 opere

501 2105 710 2161 Deum.

503 2211 543 2272 4
645 2212 841 2280 Omnes
883 2211 1316 2270 declinaverunt.
1348 2212 1527 2270 Simul
1566 2214 1790 2270 inutiles
1817 2215 1957 2286 facti
1982 2221 2152 2272 sunt:

642 2301 759 2356 Non
785 2302 987 2374 estqui
1010 2302 1188 2372 faciat
1216 2302 1435 2357 bonum.

643 2389 764 2446 Non
790 2397 867 2446 est
895 2406 1064 2462 usque
1091 2389 1163 2446 ad
1191 2406 1384 2448 unum.

572 2481 612 2535 C
643 2475 779 2534 Illos
810 2493 1015 2534 omnes
1061 2479 1218 2536 enim
1267 2478 1594 2536 declinasse
1622 2481 1782 2548 dicit,
1817 2482 1915 2554 qui
1946 2483 2153 2540 durato

503 2566 674 2636 corde
723 2567 782 2623 in
829 2566 1109 2624 scelerato
1157 2568 1452 2642 proposito
1484 2574 1952 2641 permanserunt.
1985 2571 2155 2628 Prius

504 2656 662 2724 enim
694 2656 805 2712 fuit
833 2659 897 2713 ut
926 2656 1322 2726 declinarent;
1358 2663 1623 2714 secutum
1672 2663 1762 2716 est
1809 2665 1874 2715 ut
1917 2659 2156 2716 inutiles

509 2745 717 2802 fierent
745 2743 877 2805 sibi.
903 2745 1097 2818 Usque
1128 2746 1201 2804 ad
1231 2763 1414 2802 unum
1443 2763 1574 2804 vero
1605 2747 1746 2804 dum
1773 2747 2006 2815 dicitur,
2038 2765 2160 2804 om-

511 2849 615 2888 nes
646 2837 954 2907 negantur.
977 2833 1121 2890 Nam
1155 2835 1204 2890 si
1236 2833 1490 2908 aliquem
1521 2835 1742 2892 bonum
1770 2835 2052 2893 voluisset
2076 2835 2160 2892 in-

511 2920 715 2995 telligi,
750 2939 864 2978 non
895 2922 1117 2978 diceret
1149 2940 1162 2978 ε
1210 2939 1399 2996 usque
1444 2924 1517 2980 ad
1569 2942 1776 2991 unum,
1807 2926 1908 2982 sed
1953 2928 2163 2998 prater

512 3025 719 3068 unum.
744 3010 792 3066 H
813 3010 1028 3068 Omnes
1049 3011 1110 3066 hi
1133 3009 1478 3084 insipientes
1508 3012 1609 3084 qui
1642 3029 1755 3068 non
1787 3011 2163 3087 requirebant

509 3098 718 3167 Deum,
743 3097 984 3156 inutiles
1003 3099 1140 3156 facti
1163 3104 1324 3167 sunt,
1344 3101 1482 3174 quia
1499 3102 1776 3157 mandata
1797 3103 1896 3159 Dei
1917 3103 2160 3176 implere

509 3183 738 3258 nolunt,
783 3192 840 3246 et
877 3183 1008 3247 ideo
1053 3188 1437 3263 sibimetipsis
1480 3189 1716 3246 inutiles
1746 3194 1806 3246 et
1831 3190 1984 3260 aliis,
2020 3191 2160 3264 quia

507 3276 736 3332 inutilis
765 3281 858 3333 est
883 3277 986 3350 qui
1018 3295 1132 3334 non
1163 3283 1437 3351 operatur
1467 3277 1688 3352 aliquid
1719 3279 1880 3343 boni,
1911 3281 2160 3354 ideoque

505 3364 814 3439 projicitur
841 3365 902 3421 in
931 3365 1205 3422 tenebras
1235 3366 1552 3424 exteriores
1575 3366 1957 3438 (Matth.xxu),
1983 3369 2162 3426 Evan-

503 3453 655 3526 gelio
681 3457 847 3510 teste.

476 3561 536 3616 '5
642 3561 832 3618 Nonne
857 3562 1032 3618 scient
1059 3567 1116 3634 -ξ
1158 3577 1343 3617 omnes
1385 3567 1398 3627 ξ

719 3657 885 3710 tatem
913 3669 932 3704 :

645 3740 763 3812 Qui
787 3739 1050 3796 devorant
1075 3740 1292 3812 plebem
1314 3757 1493 3798 meam
1520 3750 1581 3798 ut
1610 3742 1794 3799 cibum
1818 3746 2002 3816 panis.

481 3834 488 3846 ’
575 3837 622 3893 H
657 3831 1052 3912 Cognoscunt'
1076 3838 1238 3910 impii
1287 3854 1348 3894 se
1396 3857 1568 3912 agere
1618 3857 1905 3912 perverse,
1941 3846 1997 3898 et
2041 3859 2156 3899 non

508 3925 699 3983 solum
731 3943 794 3982 se
823 3943 938 3984 non
983 3927 1317 3993 emendant,
1350 3928 1450 3984 sed
1503 3929 1678 3984 etiam
1730 3930 1823 3986 Dei
1873 3931 2157 4004 pepulum

508 4015 790 4072 devorant
818 4016 1092 4072 dentibus
1125 4033 1244 4072 suae
1273 4015 1529 4072 malitiae.
1562 4016 1725 4073 Sicut
1751 4034 1944 4074 escam
1964 4020 2155 4090 panis,

509 4104 608 4178 qui
640 4121 875 4178 semper
903 4105 1306 4162 desideranter
1336 4107 1395 4161 in
1426 4123 1539 4162 usu
1571 4110 1678 4162 est.
1713 4107 1859 4162 Nam
1889 4109 2158 4179 quamvis

507 4193 760 4267 singulis
789 4193 1126 4266 quibusque
1153 4194 1517 4268 temporibus
1539 4194 1870 4252 diversitate
1891 4213 2158 4252 escarum

506 4281 808 4350 satiemur,
823 4281 1048 4356 jugiter
1066 4287 1263 4340 tamen
1289 4285 1458 4340 nobis
1480 4285 1650 4358 panis
1671 4283 1934 4341 edulium
1956 4290 2064 4351 est,
2079 4285 2162 4343 ita

509 4389 743 4445 semper
791 4372 1130 4429 desiderant
1176 4372 1314 4429 mali
1363 4374 1637 4431 devorare
1684 4374 1888 4430 bonos.
1939 4377 1983 4430 A
2033 4375 2158 4446 Vel,

509 4477 701 4516 nonne
730 4458 918 4516 scient
945 4477 1150 4518 omnes
1183 4461 1322 4517 mali
1369 4461 1428 4517 in
1482 4463 1680 4520 futuro
1715 4463 1944 4536 judicio
1975 4464 2158 4521 Deum

506 4548 772 4621 esse,qui
793 4549 924 4620 jam
957 4549 1105 4606 scire
1135 4549 1380 4606 nolunt?
1401 4550 1587 4608 scient
1608 4552 1830 4625 utique,
1856 4570 2158 4625 poenarum

504 4637 927 4710 experimento.

1463 3564 1563 3634 qui
1611 3573 1909 3636 operantur
1951 3567 2156 3654 iniqui-

503 4745 540 4800 6
647 4749 814 4802 Deum
840 4761 949 4801 non
983 4746 1370 4802 invocaverunt
1403 4763 1416 4802 :

647 4835 770 4892 Illic
798 4835 1206 4908 trepidaverunt
1236 4836 1432 4892 timore
1459 4837 1558 4891 ubi
1583 4853 1694 4892 non
1723 4839 1834 4910 fuit
1864 4840 2048 4894 timor.

578 4935 619 4989 (ἶ
644 4933 822 4989 Deum
845 4950 959 4990 non
987 4931 1420 4990 invocaverunt.
1446 4931 1551 4990 Illa
1569 4934 1725 4991 enim
1757 4954 1884 5009 quae
1903 4954 2156 5010 apecca—

508 5021 734 5078 toribus
751 5027 952 5079 contra
966 5023 1324 5080 voluntatem
1345 5024 1494 5079 ﬁunt
1508 5023 1630 5092 Dei,
1645 5023 1802 5081 velut
1825 5025 2025 5082 fumus
2047 5028 2161 5082 line

509 5107 812 5165 celerrimo
833 5117 1210 5172 evanescunt.
1227 5116 1284 5168 et
1304 5113 1615 5186 trepidant,
1637 5131 1709 5170 ne
1730 5113 2053 5173 honoribus
2073 5114 2162 5172 vel

510 5195 726 5268 divitiis
757 5198 1058 5270 acquisitis
1101 5200 1160 5254 in
1193 5199 1304 5256 isto
1335 5201 1546 5258 saeculo
1577 5201 1896 5275 priventur.
1916 5203 2022 5260 Ubi
2048 5222 2160 5260 non

510 5284 622 5340 fuit
667 5285 861 5354 timor,
907 5288 1380 5345 subaudiendum
1441 5295 1550 5358 cst,
1600 5291 1888 5358 videlicet,
1935 5293 2156 5363 justus.

507 5375 552 5430 Α
587 5373 711 5443 Vel,
746 5375 885 5448 quia
915 5375 1098 5432 Deum
1150 5395 1263 5433 non
1309 5379 1741 5447 invocaverunt,
1775 5379 1886 5436 cito
1918 5381 2159 5454 perituri

506 5467 665 5518 sunt.
699 5463 799 5520 Vel
828 5460 958 5521 ideo
991 5464 1110 5522 illic
1143 5465 1598 5539 trepidaverunt,
1621 5474 1754 5537 ete.,
1782 5471 1883 5526 sed
1907 5471 2035 5527 ideo
2051 5476 2160 5526 tre-

506 5553 788 5624 pidarunt
816 5553 1119 5627 quoniam,
1155 5555 1330 5626 Deus,
1363 5560 1472 5612 etc.

2261 1909 2432 1965 citur.
2466 1911 2595 1983 Ipse
2625 1905 2802 1991 etiam
2835 1909 2894 1966 in
2926 1910 3036 1968 hoc
3083 1910 3296 1976 smeulo
3325 1911 3437 1968 dat.
3455 1909 3714 1979 salutare
3743 1909 3928 1966 Israel

2260 2015 2329 2055 ex
2351 1997 2512 2068 Sion,
2539 2017 2673 2062 eum
2696 1999 2926 2057 labores
2947 2005 3282 2061 sanctorum
3307 2000 3432 2061 suis
3455 1998 3756 2061 beneﬁciis
3777 2015 3925 2068 con-

2263 2087 2569 2149 solatur.H
2594 2089 2722 2162 Ipse
2753 2105 2986 2161 quoque
3016 2105 3123 2148 nos
3153 2105 3355 2150 aversa
3381 2087 3716 2162 captivitate
3745 2085 3926 2143 vitio-

2262 2194 2394 2232 rum
2417 2177 2598 2232 erexit
2618 2178 2676 2233 in
2702 2175 3030 2235 libertatem
3050 2177 3348 2234 virtutum.
3371 2175 3922 2242 ExsultahitJacob,

2261 2265 2319 2320 id
2331 2268 2420 2321 est
2431 2265 2800 2322 Christianus
2811 2264 3126 2339 populus,d
3137 2283 3235 2322 um
3249 2263 3921 2339 supplantatJudaicum

2263 2353 2544 2426 populum
2575 2355 3162 2428 benedictionemque
3189 2354 3318 2426 ejus
3351 2353 3578 2428 accipit.
3605 2353 3669 2409 Et
3698 2351 3924 2408 laetabi-

2260 2447 2358 2498 tur
2387 2443 2585 2512 Israel,
2617 2444 2759 2500 dum
2790 2449 2974 2501 Deum
2999 2443 3184 2502 oculis
3213 2444 3350 2500 fidei
3380 2444 3658 2511 intuetur.

2759 2551 2962 2590 ORATIO
2985 2527 3070 2590 sx
3117 2551 3272 2590 PSAL.
3315 2551 3410 2589 LII.

2337 2610 2675 2694 Respiciens
2723 2623 2794 2680 de
2848 2623 2991 2680 cmlo
3041 2627 3240 2679 sancto
3289 2627 3408 2692 tuo,
3443 2620 3707 2694 piissime
3741 2625 3922 2686 Deus,

2265 2727 2416 2783 pone
2446 2711 2762 2768 terminum
2797 2711 3144 2785 insipientia:
3177 2716 3407 2780 nostra,
3435 2715 3498 2767 ut
3529 2728 3565 2767 a
3591 2709 3927 2766 terroribus

2263 2799 2431 2856 vanis
2462 2801 2636 2870 eruti,
2667 2799 2772 2856 tibi
2804 2801 2912 2871 soli
2944 2801 3014 2858 de
3048 2801 3301 2874 puritate
3328 2799 3522 2858 cordis
3551 2799 3780 2872 integra
3801 2798 3928 2872 pla-

2267 2905 2524 2946 ceamus.
2555 2889 2662 2945 Per
2697 2890 3005 2946 Dominum
3036 2893 3304 2946 nostrum
3332 2881 3560 2957 J'esum,
3590 2892 3700 2946 etc.

2832 2995 3164 3056 PSALMUS
3199 2995 3344 3053 LIII.

2717 3102 3114 3144 ARGUMBNTUM
3154 3101 3312 3142 PSAL.
3355 3102 3470 3142 ιω.

2189 3143 2232 3210 c
2340 3179 2382 3230 ο
2409 3173 2530 3232 Vox
2553 3173 2818 3233 Ecclesia:
2849 3175 2921 3232 de
2944 3143 3236 3237 haereticis
3263 3175 3338 3232 ad
3365 3173 3688 3232 Christum.

2269 3265 2385 3320 TT.
2417 3266 2480 3322 In
2507 3265 2674 3335 ﬁnem
2706 3265 2765 3319 in
2811 3265 3151 3321 caminibus
3194 3264 3499 3322 intellectu:
3545 3260 3752 3335 David.
3785 3260 3927 3318 Cum

2336 3333 2607 3391 inuisae-nt
2634 3337 2850 3407 Ziphaei
2893 3344 2945 3391 et
2991 3335 3264 3392 dixissent
3301 3335 3371 3391 ad
3397 3335 3551 3392 Saul.
3585 3333 3775 3406 Nonne
3803 3349 3930 3390 ecce

2338 3407 2510 3462 David
2537 3407 2896 3462 absconditus
2925 3415 3002 3462 est
3030 3407 3176 3479 apud
3204 3422 3321 3462 nos.

2339 3513 2379 3569 C
2409 3513 2473 3568 In
2496 3512 2671 3569 linem
2691 3512 2988 3569 Christum
3013 3511 3491 3586 significatlstud
3510 3510 3664 3568 enim
3679 3527 3927 3568 carmen

2267 3601 2470 3658 laudes
2499 3597 2710 3658 Christi
2743 3602 3066 3658 denuntiat.
3101 3601 3440 3658 Intellectus
3483 3600 3686 3667 David,
3718 3600 3927 3662 Domi-

2269 3707 2410 3746 num
2439 3689 2795 3747 Salvatorem
2827 3690 3066 3756 indicat,
3097 3707 3274 3762 quem
3321 3689 3420 3746 ille
3461 3689 3719 3762 proﬁcue
3748 3688 3928 3745 intel-

2266 3778 2405 3836 lexit
2423 3780 2670 3836 evenire.
2693 3777 2847 3835 Nam
2861 3779 3074 3852 Ziphaei
3097 3797 3133 3836 a
3150 3780 3276 3835 vicu
3299 3777 3496 3852 Syriae,
3520 3777 3579 3833 in
3602 3795 3719 3850 quo
3747 3777 3930 3834 habi-

2268 3869 2429 3924 tabat
2456 3867 2619 3942 Ziph,
2652 3867 2788 3924 dicti
2823 3873 2984 3939 sunt,
3017 3867 3115 3940 qui
3149 3867 3531 3941 prodiderunt
3559 3865 3740 3925 David
3764 3867 3930 3938 apud

2268 3974 2330 4014 se
2358 3973 2488 4014 esse
2515 3956 2791 4013 celatum.
2831 3957 2874 4012 li
2905 3957 2948 4014 C
2977 3956 3190 4030 Ziphzei
3223 3961 3420 4013 autem
3469 3955 3928 4028 interpretatum

2267 4045 2560 4119 signiﬁcat
2588 4041 3040 4119 ﬂorentemquo‘d
3059 4047 3115 4101 in
3135 4046 3248 4102 isto
3272 4045 3492 4102 mundo
3518 4043 3933 4116 peccatoribus

2267 4134 2468 4190 datum
2501 4139 2668 4190 est.C
2695 4134 2878 4190 David
2910 4136 3158 4208 ﬁguram
3190 4132 3407 4192 Christi
3438 4125 3710 4206 gerebat;
3743 4135 3794 4186 Η
3821 4132 3930 4204 qui

2269 4221 2380 4278 fuit
2407 4222 2789 4288 abseondltus
2819 4222 2878 4279 in
2908 4222 3180 4280 inferiore
3208 4225 3371 4296 parte
3417 4225 3604 4289 terras,
3635 4225 3694 4276 et
3722 4219 3930 4277 Domi-

2271 4327 2382 4368 nus
2415 4311 2474 4366 in
2507 4315 2670 4367 utero
2701 4315 2916 4368 sanctae
2937 4311 3150 4380 Marias,
3171 4317 3227 4367 et
3254 4310 3311 4366 in
3347 4328 3464 4368 una
3494 4313 3666 4383 gente
3694 4307 3933 4365 Judae-

2270 4417 2423 4468 rum,
2455 4404 2514 4456 et
2541 4399 2815 4462 divinitas
2842 4401 2899 4456 in
2932 4416 3105 4456 carne
3134 4399 3368 4456 Christi.

2193 4512 2236 4576 ι)
2274 4492 2299 4545 1
2411 4490 2550 4546 Deus
2579 4491 2640 4546 in
2667 4492 2888 4547 nomine
2915 4497 3004 4545 tuo
3031 4490 3247 4546 salvum
3273 4505 3361 4544 me
3386 4490 3476 4561 fac
3507 4505 3526 4542 :

2404 4585 2461 4644 -ξ
2505 4581 2576 4634 Et
2614 4585 2628 4644 ξ
2673 4581 2735 4634 in
2761 4579 2964 4636 virtute
2991 4586 3086 4634 tua
3111 4577 3285 4635 libera
3313 4594 3419 4634 me.

2333 4672 2374 4723 C
2421 4667 2560 4724 Orat
2614 4667 2770 4724 enim
2828 4666 3136 4740 Propheta,
3169 4671 3234 4723 ut
3261 4665 3320 4722 in
3359 4663 3596 4722 nomine
3626 4662 3865 4722 Domini
3897 4681 3935 4720 a

2265 4755 2740 4830 persequentium
2782 4755 3144 4828 malignitate
3191 4755 3492 4826 liberetur,
3523 4769 3776 4827 sperans
3802 4769 3936 4816 non

2267 4845 2502 4902 aliunde
2533 4845 3010 4918 sospitatcm,sed
3047 4862 3172 4918 quae
3205 4861 3238 4900 a
3269 4845 3386 4901 Deo
3414 4843 3602 4912 venit;
3626 4845 3687 4900 et
3703 4842 3934 4902 iterum

2268 4938 2452 5010 rogat,
2487 4939 2552 4991 ut
2579 4934 2637 4990 in
2663 4933 2888 5006 judicio
2919 4933 3116 4993 futuro
3144 4933 3274 5006 ejus
3301 4933 3518 4992 virtute
3546 4930 3854 4988 liberetur.
3881 4930 3934 4986 ll

2267 5025 2331 5080 In
2363 5021 2600 5079 nomine
2630 5027 2752 5090 tuo,
2785 5023 2840 5078 id
2874 5027 2965 5078 est
3005 5022 3064 5077 in
3115 5022 3352 5079 nomine
3385 5020 3502 5079 -illo
3547 5018 3934 5086 humilitatis,

2271 5113 2427 5186 quod
2459 5115 2549 5168 est
2577 5111 2839 5180 salvatio,
2868 5111 2926 5167 id
2971 5115 3061 5168 est
3107 5109 3168 5167 in
3215 5111 3453 5168 nomine
3493 5108 3830 5178 Salvatoris,
3867 5107 3938 5167 in

2271 5201 2507 5260 nomine
2536 5201 2702 5258 Jesu.

2268 5294 2303 5345 2
2413 5295 2558 5346 Deus
2587 5289 2795 5346 exaudi
2821 5291 3126 5346 orationem
3155 5306 3336 5346 meam
3367 5309 3385 5344 :

2411 5380 2650 5435 Auribus
2673 5381 2895 5454 percipe
2924 5380 3088 5436 verba
3115 5379 3228 5435 oris
3257 5379 3386 5434 mei.

2343 5469 2384 5524 C
2415 5469 2643 5540 Repetit
2675 5469 2883 5524 iterum
2917 5467 3206 5542 Propheta
3235 5483 3446 5524 nomen
3471 5462 3938 5538 Omnipotentis,

2271 5563 2336 5615 ut
2365 5575 2497 5614 cum
2533 5557 2864 5628 frequenter
2893 5555 3046 5614 Deus
3086 5555 3453 5639 imploratur,
3490 5571 3607 5610 non
3656 5551 3852 5610 tardet
3884 5570 3943 5628 ei
