4054 6168
192 314 305 376 213

1403 314 1819 382 EXPOSI’I‘IO
1864 319 2011 384 PSA
2026 319 2382 387 LMOBUM.

3384 286 3411 304 ’
3484 326 3604 391 2M

189 445 459 509 auxilium
490 445 551 505 in
581 446 749 506 terre.
776 446 823 507 Η
849 445 1106 507 Auribus
1130 444 1385 524 percipe,
1407 465 1578 508 aures
1600 451 1830 509 Domini
1862 458 1918 525 Α
1946 458 2088 532 quid
2121 459 2431 517 obstinatis
2450 459 2671 518 Judaeis
2696 457 2755 517 in
2780 457 2906 519 suis
2932 447 3250 520 sceleribus
3288 447 3609 537 persisten'

191 541 469 609 dicuntur,
493 539 730 613 quando
751 538 1032 597 exaudire
1061 539 1357 614 dignatur.
1381 540 1423 596 C
1441 541 1547 598 Vel
1569 542 1831 613 auribus,

189 630 243 686 id
275 635 363 687 est
390 634 603 687 mente.

218 718 253 776 3
324 721 589 788 Quoniam
616 720 794 776 alieni
827 720 1249 776 insurrexerunt
1296 720 1583 778 adversum
1620 738 1706 779 me
1737 741 1755 780 :
1785 731 1838 780 et

387 811 550 880 fortes
580 810 923 882 quasiet-unt
952 810 1200 865 animam
1227 826 1406 865 meam
1437 800 1463 865 :~

319 902 384 955 Bt
408 915 519 954 non
534 906 931 971 proposuerunt
950 900 1122 955 Deum
1141 904 1269 956 ante
1289 908 1626 973 conspectum
1648 918 1829 957 suum.

364 1009 373 1013 ·
386 989 723 1060 Diapsalma.

246 1082 284 1133 C
311 1078 527 1133 Verum
556 1077 651 1133 hic
682 1076 904 1133 alienos
949 1095 1064 1134 non
1094 1078 1222 1135 vult
1262 1079 1553 1153 peregrini
1598 1080 1829 1154 generis

181 1167 326 1223 viros
356 1162 624 1239 intelligi,
649 1167 751 1223 sed
783 1167 1059 1240 operibus
1089 1185 1123 1224 a
1153 1169 1402 1225 Domino
1424 1169 1609 1226 factos
1640 1175 1827 1227 extra-

179 1274 330 1314 neos.
355 1257 559 1312 Merito
588 1256 732 1312 dum
763 1256 976 1329 Ziphaei
1001 1258 1074 1313 de
1107 1258 1262 1313 tribu
1283 1258 1439 1314 Juda
1464 1260 1721 1328 fuerunt,
1755 1258 1827 1315 ab

181 1347 286 1403 illis
304 1344 591 1401 auxilium
617 1345 905 1418 quasivit.
928 1347 1097 1419 Apud
1125 1347 1285 1420 ipsos
1309 1351 1506 1404 tamen
1530 1347 1720 1423 magis
1746 1350 1830 1404 in-

180 1436 347 1493 sidias
378 1434 730 1508 proditionis
762 1435 1001 1492 invenit.
1026 1436 1225 1492 Fortes
1271 1437 1450 1503 enim,
1474 1437 1709 1494 Saulem
1742 1438 1828 1493 in-

176 1524 357 1599 telligo
387 1536 526 1581 eum
557 1524 846 1581 ministris
876 1524 1023 1581 suis.
1049 1526 1264 1582 Perditi
1301 1526 1432 1583 ideo
1462 1543 1579 1582 non
1612 1544 1827 1600 propo-

182 1619 315 1670 nunt
345 1618 532 1671 Deum
584 1618 717 1669 ante
747 1613 949 1671 oculos
993 1614 1310 1687 suos,quia
1339 1614 1508 1671 illum
1555 1616 1827 1691 ignorare

180 1705 413 1761 credunt
439 1721 572 1776 quae
596 1701 881 1760 scelerata
910 1708 1107 1760 mente
1136 1704 1491 1777 concipiunt.

210 1794 236 1849 4
304 1798 439 1851 Bwe
466 1795 620 1851 enim
650 1798 794 1850 Deus
821 1794 1157 1865 adjuvatme
1188 1812 1207 1851 :

304 1887 370 1941 Et
394 1883 665 1939 Dominus
693 1890 975 1956 surceptor
999 1892 1079 1939 est
1110 1885 1311 1941 animae
1340 1900 1497 1941 meae.

237 1974 274 2029 C
301 1973 563 2044 adjuvat,
587 1972 735 2030 dixit
763 1973 966 2045 utique
1013 1972 1399 2042 laborantem,
1425 1976 1491 2028 ut
1536 1974 1823 2047 potuisset

179 2061 307 2119 ferre
333 2079 467 2135 qua:
499 2078 678 2135 super
704 2078 843 2118 eum
875 2062 1212 2118 nitebantur
1248 2062 1415 2135 impii
1446 2078 1817 2136 congregem.

176 2153 440 2225 Sequitur
466 2151 646 2208 etiam
676 2152 832 2224 quod
866 2150 943 2207 sit
972 2151 1129 2207 istud
1161 2151 1541 2223 adjutorium,
1566 2152 1622 2207 id
1656 2155 1745 2209 est
1765 2156 1822 2208 et

174 2240 443 2297 Dominus
474 2246 567 2297 est
597 2245 906 2314 susceptor
936 2239 1146 2296 animae
1177 2256 1339 2297 meai.

201 2328 235 2384 5
297 2330 493 2385 Averte
519 2328 672 2384 mata
700 2329 946 2384 inimicis
973 2330 1107 2385 meis
1137 2346 1156 2385 :

298 2420 358 2475 In
387 2420 623 2474 veritate
650 2425 745 2474 tua
770 2417 1020 2490 disperde
1050 2418 1193 2475 ittos.

234 2505 273 2562 Ο
290 2507 430 2563 Orat
450 2523 592 2580 ergo
616 2507 921 2580 Propheta,
948 2510 1013 2562 ut
1041 2506 1197 2563 mala
1224 2506 1492 2563 voluntas
1522 2523 1813 2564 removea-

174 2600 259 2651 tur
282 2598 349 2652 ab
380 2595 647 2652 inimicis
670 2597 821 2669 ejus,
847 2596 1003 2652 unde
1023 2611 1123 2653 eos
1143 2600 1492 2669 cognoverat
1513 2596 1817 2669 ingravan-

172 2684 283 2741 dos.
302 2684 443 2740 Mali
465 2684 624 2740 enim
647 2700 782 2740 cum
809 2684 880 2740 ad
909 2684 1210 2740 veritatem
1233 2684 1494 2753 veniunt,
1516 2702 1550 2740 a
1569 2685 1818 2757 pristina

171 2773 459 2830 voluntate
489 2772 850 2846 dispereunt,
875 2776 934 2829 et
962 2773 1075 2829 nisi
1107 2791 1142 2829 a
1171 2773 1326 2829 mala
1349 2773 1671 2830 intentione
1702 2775 1818 2830 dis-

172 2862 382 2929 sedant,
419 2861 621 2917 locum
649 2861 710 2917 in
740 2861 912 2919 bonis
941 2863 1169 2919 actibus
1200 2879 1315 2919 non
1345 2863 1662 2920 habebunt.
1688 2865 1815 2919 Dis-

174 2956 353 3021 pereat
381 2950 553 3017 Saul,
576 2968 648 3007 ne
678 2956 1067 3025 persequatur
1095 2952 1427 3020 innoxium;
1480 2953 1817 3026 dispereant

172 3038 365 3113 Ziphzei
400 3057 484 3097 ne
514 3041 764 3114 prodant
792 3040 1065 3098 celatum.

196 3130 231 3184 Β
295 3131 618 3187 Voluntaria
642 3131 962 3202 sacriﬁcabo
985 3132 1092 3187 tibi
1119 3149 1137 3185 :

294 3222 357 3276 ει
381 3221 690 3291 conﬁtebor
733 3221 950 3277 nomini
992 3228 1103 3291 tuo,
1136 3221 1381 3287 Domine,
1413 3222 1673 3292 quoniam
1723 3221 1811 3277 bo-

363 3325 512 3364 num
538 3316 633 3364 est.

229 3396 634 3454 CVoluntarie
662 3397 778 3454 Deo
812 3397 1122 3463 sacriﬁcat,
1140 3397 1240 3470 qui
1272 3410 1375 3471 pro
1402 3398 1659 3455 inimicis
1690 3400 1815 3456 suis

170 3493 368 3543 exorat.
426 3486 771 3543 Sacriﬁcare
815 3486 1162 3555 voluntarie,
1195 3493 1285 3543 est
1332 3488 1448 3544 Deo
1496 3487 1813 3559 puritatem

169 3574 311 3631 bona;
340 3575 671 3632 voluntatis
716 3576 939 3632 otl‘erre.
962 3576 1235 3632 Conﬁteri
1276 3593 1529 3649 quoque,
1555 3577 1651 3633 hic
1682 3577 1813 3633 lau-

168 3662 286 3719 dare
314 3664 640 3738 signiﬁcat.
664 3662 835 3719 Illum
856 3665 1015 3720 enim
1035 3664 1181 3721 velle
1211 3662 1470 3735 laudare,
1494 3664 1813 3723 inaestima-

169 3749 267 3808 bile
290 3754 525 3809 bonum
575 3756 683 3809 est.
718 3753 880 3810 Unde
908 3757 965 3809 et
993 3770 1160 3809 mens
1219 3760 1422 3810 sancta
1469 3754 1729 3812 reﬁcitur
1757 3761 1814 3813 et

169 3842 337 3898 omnis
364 3841 702 3899 adversitas
733 3840 906 3899 istius
934 3842 1143 3899 mundi
1172 3844 1480 3917 ett'ugatur.

195 3930 224 3981 7
287 3932 581 4004 Quoniam
598 3947 669 3987 ea:
693 3932 848 3987 omni
870 3932 1228 3989 tribulatione
1254 3934 1508 4005 eripuisti
1535 3951 1622 3990 me
1654 3952 1665 3988 :

304 4028 362 4087 υί-
408 4021 483 4075 Et
523 4026 537 4085 ζ
588 4036 754 4093 super
806 4022 1063 4078 inimicos
1115 4038 1261 4079 meos
1325 4021 1571 4095 despexit
1626 4026 1814 4079 oculus

362 4125 542 4165 meus.

228 4194 265 4249 C
284 4196 365 4252 Ex
378 4196 665 4254 omnibus
680 4196 1164 4255 tribulationibus
1185 4217 1247 4255 se
1263 4204 1513 4257 testatur
1527 4201 1816 4274 Propheta

171 4291 448 4357 ereptum,
462 4286 626 4358 quod
646 4285 706 4342 in
724 4286 837 4343 isto
858 4287 1069 4344 seculo
1089 4305 1203 4344 non
1225 4292 1416 4361 potest
1430 4290 1679 4357 evenire,
1699 4292 1813 4347 nisi

169 4371 243 4428 eis
276 4375 378 4446 qui
427 4375 487 4431 in
532 4375 766 4431 Domini
813 4375 1120 4433 dilectione
1165 4378 1507 4450 persistunt.
1544 4380 1817 4453 Respexit

170 4461 361 4518 oculus
382 4462 619 4520 Domini
642 4481 820 4536 super
837 4463 1107 4522 inimicos
1130 4467 1329 4536 David,
1355 4467 1411 4523 id
1428 4473 1518 4524 est
1531 4468 1812 4541 Ziphazos,

1944 549 2103 606 tibus
2134 550 2343 607 debeat
2367 550 2595 607 evenire
2626 550 2900 608 ostendit.

2050 657 2166 713 TT.
2195 661 2261 714 In
2289 659 2455 730 linem
2489 661 2549 714 in
2581 661 2920 716 carminibus
2950 661 3254 717 intellectus
3284 660 3489 719 David.

2014 745 2055 800 C
2084 746 2236 804 Bene
2256 747 2391 804 ﬁnis
2423 747 2638 804 dicitur
2656 748 2944 818 Christus,
2968 750 3108 822 quia
3127 750 3414 824 quidquid
3445 755 3600 808 recte

1943 852 2009 891 ac
2040 835 2289 892 ﬁdeliter
2319 838 2570 910 agimus,
2606 839 2677 893 ad
2721 838 2916 911 ipsum
2949 842 3179 895 constat
3208 838 3335 897 sine
3364 839 3595 897 dubita-

1942 924 2098 981 tione
2127 926 2518 984 referendum.
2542 927 2606 983 In
2635 926 3017 1000 carminibus,
3038 927 3097 983 in
3124 926 3400 984 laudibus
3431 928 3592 986 dicit.

1942 1012 2275 1071 Intellectus
2306 1014 2418 1072 iste
2447 1020 2641 1072 certus
2670 1020 2778 1086 est,
2802 1020 2867 1072 ut
2886 1033 3020 1073 cum
3042 1014 3220 1072 David
3252 1020 3480 1089 patrem
3510 1016 3596 1073 di-

1940 1119 2144 1158 camus
2175 1103 2405 1160 Domini
2437 1104 2651 1160 Christi
2675 1106 2761 1177 (ut
2791 1122 2978 1161 caecus
3005 1106 3065 1161 in
3094 1104 3403 1178 Evangelio
3437 1122 3451 1161 ε
3487 1106 3593 1161 Mi-

1939 1207 2131 1263 serere
2160 1192 2274 1248 mei
2298 1192 2403 1248 ﬁlii
2422 1193 2603 1249 David
2627 1197 2775 1261 (Luc.
2800 1194 2983 1266 xvux),
3008 1194 3331 1251 secundum
3356 1210 3591 1252 carnem

1936 1279 2368 1355 intelligamus;
2402 1284 2725 1339 secundum
2768 1283 3132 1340 divinitatem
3170 1298 3325 1354 vero,
3357 1299 3591 1340 servum

1939 1370 2226 1427 fateamur
2254 1389 2382 1428 esse
2413 1373 2609 1446 ipsum
2655 1373 2834 1428 David
2868 1372 3107 1441 Christi,
3130 1373 3282 1428 sicut
3310 1371 3434 1446 ipse
3464 1372 3547 1428 ait
3573 1389 3587 1428 :

1936 1459 2089 1516 Dixit
2119 1461 2403 1518 Dominus
2433 1462 2680 1518 Domino
2712 1479 2841 1518 meo
2868 1462 3036 1534 (Psat.
3061 1462 3197 1535 nix).

1972 1566 1997 1620 1
2077 1566 2314 1633 Exaudi,
2345 1569 2508 1634 Deus,
2539 1570 2845 1625 orationem
2885 1584 3062 1624 meam
3096 1585 3112 1621 :
3142 1572 3196 1624 et
3219 1583 3289 1624 ne
3333 1567 3591 1640 despere-

2147 1658 2225 1713 ris
2252 1656 2693 1730 deprecationem
2720 1674 2901 1713 meam
2928 1675 2948 1715 .'

2076 1745 2296 1802 Intende
2321 1746 2465 1801 mihi
2490 1754 2542 1802 et
2568 1747 2774 1803 exaudi
2801 1763 2907 1802 me.

1853 1836 1899 1901 Β
2000 1834 2041 1889 C
2069 1834 2263 1890 Prima
2292 1839 2455 1907 parte
2483 1836 2630 1908 petit
2656 1835 2943 1908 Propheta
2970 1835 3232 1892 exaudiri
3263 1834 3586 1893 orationem

1931 1941 2122 1992 suam,
2148 1924 2357 1980 deinde
2387 1924 2649 1997 postulat
2678 1941 2751 1980 ne
2779 1926 2909 1997 ejus
2938 1925 3267 1997 deprecatio
3300 1925 3586 1997 despicia-

1931 2017 2048 2069 tur.
2071 2014 2117 2070 Η
2149 2009 2274 2080 Qua
2312 2013 2535 2069 ratione
2564 2012 2821 2086 intelligo
2868 2013 3065 2081 homo,
3089 2014 3230 2086 quia
3276 2012 3389 2069 nisi
3439 2030 3588 2085 pura

1931 2103 2291 2159 conscientia
2332 2102 2661 2175 depreceris
2718 2107 2923 2176 Deum,
2956 2120 3198 2175 prorsus
3227 2118 3263 2158 a
3291 2102 3408 2159 Deo
3465 2119 3583 2159 non

1928 2192 2277 2249 exaudieris.

1962 2302 2000 2356 2
2070 2301 2436 2357 Contristatus
2462 2316 2582 2355 sum
2614 2301 2671 2355 in
2702 2300 3091 2356 exercitatione
3117 2314 3241 2355 mea
3269 2316 3288 2353 :

2073 2393 2138 2446 Et
2166 2390 2517 2445 conturbatus
2563 2406 2687 2445 sum
2716 2406 2750 2444 a
2779 2404 2903 2446 voce
2954 2389 3173 2444 inimici
3198 2392 3252 2444 et
3278 2404 3315 2443 a
3343 2388 3578 2444 tributa-

2139 2480 2285 2536 tione
2307 2480 2623 2551 peccatoris.

1998 2569 2037 2623 C
2068 2566 2465 2623 Pulcherrime
2497 2567 2724 2623 Domini
2758 2584 2969 2624 cursus
2987 2567 3139 2635 vitae,
3164 2584 3281 2623 uno
3312 2583 3581 2623 sermone

1926 2656 2253 2728 exponitur.
2284 2656 2761 2713 Exercitationem
2792 2656 3044 2713 dicimus
3074 2674 3203 2729 quas
3253 2654 3413 2712 nullo
3460 2656 3578 2713 otio

1926 2745 2306 2818 conquiescit.
2337 2745 2774 2801 Exercitahatur
2820 2745 3121 2802 miraculis
3168 2750 3226 2802 et
3270 2746 3579 2802 sanctitate

1924 2835 2284 2903 doctrinae,et
2302 2835 2943 2906 contristabatur,quod
2961 2834 3473 2907 praedicationibus
3489 2852 3579 2891 sa-

1924 2923 2541 2980 luberrimis'vaesania
2570 2923 2847 2980 obstinati
2891 2924 3092 2996 populi
3135 2940 3250 2980 non
3282 2924 3573 2981 credebat.

1922 3015 1967 3069 A
1988 3028 2122 3070 voce
2140 3012 2359 3069 inimici
2383 3013 2429 3068 Η
2452 3012 2696 3069 dicentis
2721 3029 2733 3079 ;
2759 3012 3164 3068 Samaritanus
3192 3027 3255 3067 es
3276 3016 3333 3068 et
3360 3013 3576 3068 dame-

1923 3102 2091 3158 nium
2120 3102 2302 3158 habes
2334 3102 2510 3174 (Joan.
2534 3101 2676 3172 νιιι),
2702 3100 3087 3156 conturbatus
3117 3114 3271 3156 sum.
3295 3100 3337 3155 C
3367 3096 3577 3156 Tribu-

1844 3200 1886 3267 ρ
1921 3190 2060 3248 latio
2092 3195 2215 3247 erat
2245 3190 2587 3263 peccatoris,
2609 3190 2844 3262 quando
2865 3206 3002 3245 eum
3023 3205 3121 3246 ore
3150 3189 3574 3262 conspuebant,

1924 3281 2223 3337 caedebant
2251 3279 2455 3352 alapis,
2491 3283 2548 3336 et
2576 3278 2691 3335 alia
2721 3276 2910 3334 multa
2937 3277 3301 3351 ingerebant.

1958 3389 1992 3443 3
2068 3387 2337 3456 Quoniam
2364 3386 2777 3442 declinaverunt
2806 3385 2864 3440 in
2894 3400 2980 3440 me
3010 3383 3333 3457 iniquitates
3361 3400 3381 3439 :

2065 3476 2129 3530 Et
2162 3476 2221 3530 in
2253 3477 2339 3531 ira
2366 3475 2578 3530 molesti
2608 3483 2765 3530 erant
2795 3474 2958 3529 mihi.

1993 3565 2033 3621 C
2062 3564 2509 3621 Declinavernnt
2539 3562 2696 3618 enim
2735 3563 2795 3619 in
2839 3563 3151 3619 Dominum
3183 3560 3575 3634 iniquitatem,

1923 3653 2063 3725 quia
2093 3652 2315 3709 nullam
2345 3652 2604 3708 volentes
2625 3652 2880 3725 recipere
2910 3650 3577 3721 rationem,etl‘usionem

1923 3742 2232 3815 sanguinis
2248 3740 2575 3797 innocentis
2587 3735 3220 3813 expetebant.’Audiant
3234 3738 3578 3813 insipientes

1921 3830 2126 3899 Judaei,
2154 3835 2373 3886 tantam
2396 3848 2457 3885 se
2478 3828 2726 3885 Domino
2750 3830 2957 3885 fecisse
2979 3828 3310 3886 molestiam
3333 3844 3579 3884 accensa

1922 3919 2009 3976 ira
2029 3925 2095 3975 ut
2117 3919 2229 3976 sibi
2254 3924 2595 4004 perpetuam
2618 3922 3012 3991 praepararent
3035 3917 3288 3974 ruinam.
3311 3917 3358 3973 Η
3382 3917 3445 3974 In
3468 3917 3575 3984 ira,

1922 4009 2009 4065 ira
2040 4010 2290 4077 festuca;
2324 4008 2505 4077 trabs,
2531 4008 2751 4064 odium.
2777 4008 2868 4063 Ira
2911 4007 3242 4073 conturbat,
3273 4006 3436 4061 trabs
3479 4022 3574 4062 ex-

1924 4101 2115 4167 caecat,
2140 4100 2204 4152 ut
2232 4096 2375 4152 illud
2404 4115 2416 4153 :
2441 4096 2737 4153 Turbatus
2768 4100 2857 4151 est
2888 4112 3003 4168 pre
3034 4092 3120 4149 ira
3148 4093 3352 4149 oculus
3382 4109 3572 4149 meus.

1924 4186 2225 4253 Molestus,
2250 4186 2306 4241 id
2340 4190 2429 4242 est
2454 4202 2660 4241 sazvus.
2686 4184 2727 4240 C
2756 4184 2861 4239 Vel
2898 4182 3167 4239 molestia
3197 4185 3304 4253 est,
3338 4182 3574 4255 quando

1923 4274 2275 4349 procacitate
2305 4275 2603 4346 superﬂua
2632 4272 2938 4329 reddimur
2965 4271 3234 4343 inquieti.

1959 4384 1992 4438 4
2068 4384 2179 4439 Cor
2205 4398 2389 4437 meum
2416 4381 2802 4436 conturbatum
2828 4383 2907 4435 est
2936 4380 2996 4435 in
3025 4394 3113 4435 me
3141 4396 3160 4435 :

2066 4474 2131 4526 Et
2158 4470 2393 4542 formido
2422 4470 2615 4526 mortis
2645 4468 2840 4525 cecidit
2866 4484 3031 4540 super
3055 4483 3163 4524 me.

171 4552 389 4621 quando
419 4568 524 4610 eos
571 4552 825 4609 nefarias
855 4555 1182 4611 voluntates
1236 4554 1479 4613 minime
1527 4558 1817 4631 complere
1848 4578 1895 4643 D
1995 4561 2040 4616 Η
2073 4560 2182 4616 Cor
2213 4577 2409 4617 meum
2442 4558 2857 4616 conturbatum
2887 4562 2977 4614 est
3008 4556 3069 4613 in
3101 4573 3215 4627 me,
3248 4556 3574 4614 secundum

172 4642 453 4710 permisit;
486 4643 822 4715 frequenter
863 4644 1021 4699 enim
1072 4645 1360 4719 pr0pitius
1408 4646 1562 4702 Deus
1610 4647 1817 4721 iniqua

171 4742 273 4783 non
302 4731 593 4803 permittit
618 4731 848 4789 efficere
900 4737 967 4789 ut
1012 4734 1348 4806 compuncti
1396 4736 1715 4794 debeamus
1744 4737 1815 4793 de

173 4818 372 4875 nostn’s
402 4821 706 4878 erroribus
735 4821 1087 4895 supplicare.

635 4926 841 4967 ORATIO
876 4929 945 4968 ax
987 4929 1187 4969 PSALM.
1230 4930 1347 4969 LIII.

233 4995 523 5066 Salviﬁca,
551 5000 817 5072 Domine,
845 5000 1158 5058 Ecclesiam
1207 5006 1390 5071 tuam,
1424 5003 1511 5059 tui
1559 5004 1814 5062 nominis

176 5086 582 5155 pmteetionem
602 5089 1001 5161 conﬁtentem,
1029 5094 1092 5147 ut
1111 5092 1401 5165 despectis
1431 5092 1814 5165 inimicis,vo-

174 5170 419 5232 luntaria
459 5180 515 5233 te
556 5177 924 5236 confessione
973 5179 1324 5254 magniﬁcet.
1346 5182 1456 5239 Per
1500 5183 1814 5241 Dominum

176 5266 431 5322 nostrum
462 5265 661 5324 Iesum
693 5267 990 5325 Christum
1021 5270 1234 5326 Filium
1265 5275 1457 5339 tuum,
1489 5277 1597 5330 etc.

744 5375 1063 5439 PSALMUS
1103 5378 1243 5433 LIV.

612 5462 1016 5504 ARGUMENTUM
1054 5465 1211 5505 PBAL.
1254 5467 1364 5505 LIV.

236 5531 561 5590 CChristus
591 5534 819 5592 Patrem
851 5536 1017 5610 petit,
1038 5555 1111 5594 ne
1140 5538 1268 5611 ejus
1298 5539 1658 5612 despiciatur
1686 5558 1813 5598 ora-

178 5617 265 5688 tio,
278 5635 464 5693 quam
489 5638 554 5680 ex
584 5624 924 5686 inﬁrmitate
944 5627 1137 5685 carnis
1171 5630 1450 5702 probatur
1469 5634 1733 5703 expetere
1762 5635 1819 5688 et

1925 4649 2223 4709 hominem
2258 4667 2270 4703 2
2307 4648 2408 4705 sed
2442 4647 2651 4704 virtute
2699 4647 2899 4703 divina
2947 4647 3338 4703 confortatum
3371 4652 3479 4702 est.
3508 4647 3578 4702 Et

1924 4738 2317 4805 formido,etc.
2337 4738 2379 4794 C
2403 4742 2518 4794 Sua
2537 4737 2662 4794 suis
2685 4740 2818 4809 apte
2839 4737 3185 4803 redduntur,
3209 4751 3576 4806 consequens

1922 4827 2078 4883 enim
2109 4831 2252 4895 erat,
2288 4832 2354 4883 ut
2382 4827 2553 4903 cujus
2596 4842 2695 4882 cor
2740 4825 3153 4881 conturbatum
3201 4824 3411 4892 fuerat,
3438 4839 3574 4879 eum

1922 4917 2172 4973 formido
2216 4916 2423 4973 mortis
2471 4916 2787 4971 invaderet.
2813 4915 3032 4969 Revera
3077 4911 3305 4979 cecidit,
3339 4912 3574 4983 quando

1922 5023 2102 5079 super
2128 5023 2265 5061 eum
2305 5005 2482 5073 venit,
2516 5004 2766 5060 ulterius
2805 5019 2923 5058 non
2947 5000 3219 5067 valitura,
3250 5017 3378 5073 quae
3408 4999 3574 5075 prius

1920 5094 2129 5168 potuit,
2163 5094 2304 5166 quia
2358 5097 2639 5166 perpetua
2690 5107 2849 5146 mors
2907 5094 3095 5146 morte
3152 5089 3367 5147 Christi
3421 5090 3575 5149 victa

1923 5188 2033 5241 est.

1958 5275 1994 5327 5
2069 5274 2248 5328 Timor
2274 5279 2326 5327 et
2352 5279 2556 5327 tremor
2584 5276 2848 5326 venerunt
2870 5285 3033 5342 super
3057 5285 3144 5326 me
3172 5289 3194 5326 .-

2067 5363 2132 5417 Et
2159 5364 2516 5417 contexerant
2540 5376 2628 5415 me
2656 5360 2914 5415 tenebrae.

1997 5451 2043 5505 ll
2074 5451 2340 5507 Humano
2382 5466 2541 5505 more
2578 5448 3092 5521 loquitur,quibus
3120 5452 3210 5506 est
3235 5448 3414 5505 timor
3442 5449 3572 5505 ani-

1927 5558 2056 5608 mze,
2082 5545 2139 5597 ct
2166 5544 2385 5597 tremor
2404 5540 2682 5612 corporis.
2708 5538 2981 5594 Tenebrae
3008 5540 3285 5595 dicuntur
3303 5538 3441 5595 mali
3473 5539 3574 5595 ho-

1927 5630 2136 5700 mines,
2161 5630 2300 5703 quia
2329 5629 2428 5703 qui
2459 5628 2582 5685 odit
2624 5628 2862 5685 fratrem
2907 5646 3081 5687 suum
3113 5629 3171 5685 in
3202 5628 3456 5685 tenebris
3486 5630 3575 5683 est
