4054 6168
1516 146 1540 187 Ι

442 323 575 388 '215

1367 319 1432 380 S.
1481 315 1883 380 BRUNONIS
1928 310 2546 375 HEHBIPOLENSIS
2590 306 2967 371 EPISCOPI.

3754 295 3878 360 216

432 453 504 533 ὐ
526 458 684 517 Ιοαη.
716 456 800 531 ιι).
825 458 1216 514 Contexerunt
1241 452 1617 527 quidem.sed
1640 452 1779 524 quia
1807 448 1905 506 lux
1926 464 2108 515 eram,
2140 449 2194 516 Α
2222 444 2366 502 talia
2395 444 2576 501 fuisse
2606 441 3088 533 commissaque:
3130 434 3223 493 lex
3250 433 3449 533 divina
3477 431 3878 533 damnavit“!

460 564 578 604 non
611 545 1199 620 comprehenderunt.

494 638 529 694 6
556 639 667 715 χΕι
693 637 816 692 ιιίωί
842 654 863 691 .·
897 636 1025 705 Quis
1076 632 1227 689 dabit
1273 632 1417 687 mihi
1443 628 1669 703 pennas
1695 636 1749 697 ἐς
1788 630 1928 684 sicut
1968 635 1981 691 ζ
2024 644 2113 684 co-

679 718 879 773 lumbte
910 734 928 770 :

584 799 671 853 ‘Et
697 796 885 853 volabo
917 799 970 851 et
1000 794 1371 866 requiescam?

450 874 457 881 ’
495 890 498 894 ’
536 887 576 943 C
598 884 738 952 Quis
762 883 923 940 dabit
948 882 1114 952 mihi,
1138 880 1360 938 scilicet
1381 881 1493 937 nisi
1523 884 1581 936 tu
1607 881 1774 935 Pater
1795 879 1894 952 qui
1916 878 2120 934 humu-

2219 535 2410 591 Usura
2440 537 2529 589 est
2567 532 2701 606 plus
2750 531 3011 603 accipere
3043 543 3222 600 quam
3253 526 3391 582 dare
3422 544 3436 582 :
3471 522 3682 581 Omnia
3720 521 3883 578 enim

2223 641 2351 696 qua:
2382 624 2441 678 in
2471 622 2597 695 lege
2641 620 2936 694 prohibita
2981 620 3139 684 sunt,
3164 616 3237 672 ad
3282 613 3620 688 augendum
3661 610 3887 685 peccati

2206 710 2531 769 cumulum
2574 712 2971 766 excreverunt.
2996 708 3059 763 In
3099 704 3224 778 lege
3262 704 3420 760 enim
3463 718 3655 759 usura
3695 698 3887 771 accipi

2226 800 2629 874 prohibentur.
2655 798 2817 854 Unde
2850 795 3174 869 propheta:
3207 793 3334 849 Non
3378 789 3888 861 fceneravi,neque

2227 887 2529 945 fmneravit
2557 885 2701 942 mihi
2735 885 3051 958 quisquam
3073 882 3204 951 (Jer.
3227 879 3342 950 xv).

454 978 602 1032 'nam
624 972 897 1029 naturam
920 973 993 1028 ad
1016 971 1295 1028 caelorum
1331 986 1511 1044 regna
1531 969 1821 1042 perducis.
1845 969 2055 1024 Pennas
2086 984 2120 1021 a

2264 981 2300 1032 2
2369 978 2647 1046 Quoniam
2670 976 2721 1031 si
2751 974 3010 1031 inimicus
3037 969 3413 1026 maledixisset
3443 967 3583 1022 mihi
3616 983 3632 1019 :

449 1052 743 1144 pandendo
800 1062 987 1118 dictae.
1036 1060 1263 1133 Inspice
1318 1076 1452 1115 vero
1509 1059 1665 1131 quod
1724 1075 1946 1130 pennas
2003 1073 2119 1111 non

466 1151 698 1226 aquilae,
731 1167 847 1207 non
869 1150 1163 1223 accipitris
1183 1149 1488 1221 petiit,sed
1512 1147 1947 1219 columbae,quaa
1970 1144 2124 1201 dicta

451 1244 557 1308 est
586 1240 755 1314 quasi
800 1239 955 1296 cellae
1001 1238 1259 1307 alumna,
1295 1238 1415 1292 avis
1456 1238 1759 1305 innocens,
1794 1240 2121 1301 mansueta,

471 1349 597 1404 quae
629 1327 688 1385 in
720 1328 949 1384 nullum
994 1327 1211 1383 animal
1254 1327 1433 1381 fellita
1462 1325 1757 1381 voluntate
1801 1324 2124 1397 consurgit,

2373 1066 2768 1122 Sustinuissem
2796 1064 3004 1136 utique.

2302 1156 2343 1212 C
2364 1156 2468 1212 Hie
2489 1157 2857 1211 monstratur
2877 1166 3102 1223 magnae
3124 1147 3416 1221 patientiae
3436 1142 3890 1216 exemplum,ut,

2233 1244 2490 1300 inimicis
2508 1242 2801 1300 contraria
2822 1240 2993 1297 nobis
3011 1236 3412 1311 loquentibus,
3436 1251 3550 1290 non
3575 1234 3632 1289 in
3653 1236 3895 1289 conten-

2234 1335 2454 1390 tionem
2485 1347 2809 1403 erumpere,
2843 1328 2928 1386 vel
2976 1327 3170 1384 verbis
3217 1325 3511 1391 resistere,
3542 1323 3647 1380 sed
3692 1321 3894 1378 locum

460 1419 681 1475 'merito
712 1418 870 1473 illius
902 1434 1124 1489 pennas
1145 1416 1415 1472 Christus
1447 1414 1630 1487 petiit,
1656 1415 1713 1469 in
1742 1414 1913 1485 cujus
1935 1413 2126 1484 specie
2235 1424 2461 1478 insanis
2493 1420 2742 1494 loquelis
2773 1421 2910 1475 dare
2940 1416 3306 1473 Studeamus,

475 1524 653 1580 super
688 1522 822 1562 eum
870 1506 1123 1578 Spiritus
1172 1509 1411 1561 sanctus
1464 1504 1735 1576 apparuit
1765 1504 1984 1575 (Matth.
2018 1505 2125 1570 ιιι).

457 1594 719 1663 'Volabo,
740 1594 800 1649 id
831 1599 923 1650 est
950 1592 1250 1650 celerrima
1280 1610 1372 1649 me
1397 1592 1693 1647 voluntate
1722 1596 2127 1664 transponam,

481 1688 546 1739 ut
574 1683 647 1739 ab
686 1699 889 1739 eorum
947 1682 1257 1755 iniquitate
1287 1683 1589 1755 quiescam
1639 1682 1737 1754 qui
1783 1698 1877 1737 me
1935 1697 2128 1753 perse-

483 1775 764 1844 quuntur‘
798 1771 1019 1828 scilicet
1046 1772 1403 1827 Judazorum.

515 1863 552 1915 7
627 1862 1034 1932 Ecceelongavi
1058 1862 1292 1933 fugiens.

626 1944 693 1997 Et
718 1943 902 1997 mansi
928 1943 990 1997 in
1014 1941 1326 1997 solitudine.
1359 1942 1695 2014 Diapsalma.

556 2031 603 2086 H
634 2033 775 2094 Ecce
805 2029 1066 2103 elongavi
1090 2047 1125 2085 a
1151 2030 1390 2097 Judazis,
1416 2030 1639 2086 scilicet
1678 2030 1818 2102 quia
1847 2028 2018 2102 longe
2048 2033 2139 2085 est

486 2130 519 2175 α
551 2119 953 2201 peccatoribus
986 2117 1167 2175 salus.
1199 2119 1271 2174 Et
1316 2136 1450 2174 cum
1497 2120 1772 2192 gentibus
1820 2117 2139 2175 incredulis

486 2209 701 2274 mansi,
726 2226 873 2281 quas
904 2207 963 2263 in
996 2208 1246 2264 adventu
1280 2224 1409 2263 meo
1435 2208 1638 2264 ﬂorere
1669 2208 1795 2263 ieci.
1820 2208 1901 2263 De
1924 2207 2140 2281 quibus

488 2297 641 2353 alius
699 2297 781 2353 ait
836 2296 1121 2369 propheta
1151 2315 1168 2350 :
1202 2296 1453 2353 Lmtetur
1490 2300 1547 2352 et
1594 2297 1796 2352 ﬂoreat
1843 2297 2140 2353 desertum

469 2386 642 2459 ~(Isai.
666 2386 860 2458 xxxv).

525 2476 561 2529 8
634 2476 1025 2547 Exspectabam
1052 2492 1176 2530 eum
1205 2478 1304 2547 qui
1328 2476 1539 2531 salvum
1569 2492 1655 2531 me
1681 2477 1811 2546 fecit
1839 2494 1857 2530 :

632 2555 673 2610 Α
700 2555 1165 2626 pusillanimitate
1191 2557 1423 2627 spiritus
1451 2560 1504 2611 et
1537 2563 1867 2628 tempestate.

565 2644 607 2700 C
637 2644 983 2701 Pronuntiat
1010 2643 1165 2700 enim
1206 2660 1269 2699 se
1307 2644 1643 2716 prasidium
1674 2648 2008 2717 exspectare
2036 2644 2143 2700 Pa-

493 2732 621 2801 tris,
637 2732 737 2806 qui
766 2749 900 2789 eum
924 2736 1150 2805 poterat
1170 2750 1203 2789 a
1223 2749 1499 2805 corporea
1529 2733 1869 2789 inﬁrmitate
1897 2732 2141 2799 salvere,

473 2826 553 2878 .et
582 2821 722 2895 quia
766 2822 1039 2897 superius
1087 2821 1233 2878 dixit
1278 2839 1407 2878 esse
1453 2823 1778 2888 turbatum,
1810 2822 1939 2879 ideo
1989 2838 2145 2878 nunc

478 2910 708 2975 ,modici
749 2910 932 2967 animi
979 2927 1107 2967 esse
1158 2925 1221 2966 se
1266 2914 1531 2966 testatur.
1556 2911 1957 2982 Tempestates
2004 2910 2147 2966 dicit

422 3042 437 3063 .
480 2999 772 3073 procellas
802 3000 1157 3057 seditionum
1188 3016 1336 3072 quas
1363 3000 1548 3061 Judaei
1579 3000 2043 3056 commovebant.

472 3134 479 3140 .
526 3091 585 3144 9-
634 3090 951 3162 Praecipua,
986 3090 1241 3155 Domine,
1266 3088 1449 3145 divide
1478 3090 1701 3159 linguas
1728 3104 1917 3145 eorum
1945 3108 1967 3143 :

2166 1825 2212 1889 Β

2238 1513 2306 1567 13
2377 1516 2445 1568 Et
2471 1513 2521 1566 si
2551 1512 2597 1565 is
2627 1512 2724 1582 qui
2750 1509 2939 1565 oderat
2963 1523 3050 1562 me
3093 1520 3258 1578 super
3303 1519 3387 1560 me
3432 1518 3637 1573 magna
3682 1501 3895 1557 locutus

2451 1602 2645 1672 fuisset
2675 1620 2693 1653 :

2382 1692 2417 1745 Α
2428 1689 2785 1745 bscondissem
2817 1703 2903 1742 me
2928 1687 3164 1757 forsitan
3195 1684 3263 1739 ab
3294 1698 3375 1738 eo.

2313 1779 2354 1833 C
2374 1777 2437 1835 In
2462 1778 2572 1834 isto
2591 1776 2877 1833 versiculo
2894 1779 2951 1831 et
2971 1772 3313 1847 praecedenti
3335 1787 3403 1826 ac
3424 1768 3691 1842 sequenti
3711 1768 3901 1824 ludas

2245 1868 2502 1940 perfidus
2523 1867 2878 1938 increpatur,
2893 1863 2990 1936 qui
3013 1861 3199 1919 caveri
3224 1859 3532 1933 potuisset,
3552 1857 3600 1914 si
3625 1855 3903 1929 publicus

2245 1956 2456 2013 fuisset
2477 1955 2772 2019 inimicus,
2794 1953 3053 2008 humano
3076 1950 3251 2007 modo
3277 1947 3598 2022 loquendo;
3623 1962 3800 2018 quem
3820 1949 3904 2001 ta-

2248 2062 2379 2101 men
2393 2044 2660 2100 Christus
2679 2043 2725 2099 si
2739 2038 3339 2107 voluisset,occultum
3356 2054 3471 2093 non
3491 2035 3604 2092 sibi
3621 2035 3723 2090 sed
3742 2032 3901 2100 aliis,

2247 2150 2446 2190 cavere
2479 2133 2782 2206 potuisset.
2811 2132 2849 2186 ll
2874 2131 3000 2186 Non
3027 2128 3122 2184 hic
3153 2131 3380 2184 tantum
3404 2126 3476 2181 de
3500 2123 3773 2197 passione
3795 2122 3905 2178 Do-

2248 2224 2445 2280 minus
2477 2222 2761 2295 queritur,
2804 2220 2905 2276 sed
2952 2222 3009 2275 et
3058 2219 3129 2274 de
3178 2214 3468 2289 discipulo
3511 2213 3830 2286 proditore,
3867 2228 3905 2267 a

2250 2331 2364 2386 quo
2397 2330 2459 2369 se
2489 2328 2603 2367 non
2634 2308 2961 2376 abscondit,
2984 2306 3121 2363 licet
3146 2323 3182 2362 a
3204 2304 3425 2361 Judeis
3446 2304 3534 2373 (ut
3561 2302 3622 2358 in
3645 2302 3905 2374 Evange-

2248 2402 2327 2458 lio
2375 2401 2656 2473 legimus)
2698 2398 3016 2468 (Joan.vm)
3050 2412 3112 2452 se
3150 2391 3522 2452 absconderit
3569 2390 3671 2447 sed
3722 2390 3904 2446 etiam

2252 2490 2511 2547 convivio
2542 2492 2743 2545 sancto
2775 2486 2999 2543 ascivit.

2252 2580 2323 2635 14
2396 2580 2465 2634 Τα
2494 2593 2621 2633 vero
2649 2578 2806 2633 homo
2836 2575 3123 2631 unanimis
3154 2592 3173 2629 :

2392 2670 2519 2724 Dux
2544 2682 2697 2722 meus
2726 2674 2777 2722 et
2796 2672 2956 2722 notus
2984 2680 3155 2719 meus.

2324 2757 2365 2812 C
2390 2756 2695 2812 Unanimis
2716 2755 2907 2811 dictus
2928 2757 3017 2809 est
3035 2752 3242 2817 Judas,
3264 2749 3404 2823 quia
3432 2750 3584 2805 inter
3612 2747 3913 2820 apostolos

2254 2846 2366 2901 fuit
2394 2848 2758 2901 numeratus.
2779 2843 2926 2911 Dux,
2951 2841 3092 2915 quia
3119 2840 3191 2896 ad
3222 2839 3379 2896 vicos
3408 2843 3465 2895 et
3494 2836 3734 2895 castella
3764 2854 3912 2909 pra:-

2255 2935 2477 2991 missus
2506 2938 2615 3000 est,
2649 2937 2714 2989 ut
2751 2930 3159 3005 praedicatione
3199 2928 3359 2985 verbi
3400 2928 3693 2983 imbueret
3732 2926 3914 2981 rudes

2255 3023 2502 3089 animos,
2530 3023 2732 3092 Notus,
2750 3020 2888 3094 quia
2907 3021 3035 3092 ejus
3061 3018 3312 3092 proditio
3342 3021 3480 3073 nota
3508 3021 3634 3073 erat
3652 3014 3911 3075 Christo.
3966 3013 3972 3017 ’

2256 3114 2302 3169 Η
2332 3112 2457 3181 Vel,
2483 3111 2623 3185 quia
2650 3128 2783 3167 cum
2813 3108 2944 3166 aliis
2965 3110 3038 3165 ad
3056 3107 3493 3181 praedicandum
3526 3106 3751 3163 missus
3774 3105 3907 3174 fuit,

634 3170 1057 3274 Quq‘niain‘vidi
1087 3170 1434 3241 iniquitatem
1474 3177 1526 3224 et
1567 3168 2052 3224 contradictionem
2083 3170 2142 3223 in
2176 3191 2218 3258 ρ
2258 3168 2590 3274 noms'ej‘us
2621 3200 2854 3256 dicitur.

704 3251 943 3305 civitate.

566 3337 607 3392 Ο
628 3337 730 3409 Hic
758 3337 1003 3393 Judaieo
1033 3336 1250 3409 populo
1290 3336 1628 3393 salutariter
1672 3336 2049 3409 imprecatur,
2081 3341 2149 3392 ut

497 3424 779 3480 divisione
799 3423 1156 3497 linguarum,
1182 3441 1296 3480 non
1321 3425 1631 3497 implerent
1652 3425 2006 3481 voluntatem
2031 3443 2150 3482 ma-

499 3512 637 3568 litia:
670 3530 808 3579 suae,
834 3513 985 3570 sicut
1015 3513 1075 3568 in
1099 3512 1200 3568 illa
1226 3513 1372 3568 turri
1405 3514 1621 3568 factum
1652 3518 1760 3581 est,
1786 3531 1963 3585 quam
1987 3518 2147 3570 metu

501 3601 749 3657 recentis
778 3601 980 3656 diluvii
1013 3602 1071 3655 in
1102 3600 1285 3656 altum
1316 3601 1585 3657 homines
1617 3602 1924 3658 extendere
1954 3603 2147 3658 conati

503 3695 642 3745 sunt
670 3690 822 3762 (Gen.
846 3691 926 3759 x).
946 3680 1131 3762 Digne
1178 3688 1361 3763 igitur
1407 3688 1539 3745 illos
1569 3688 1745 3745 dividi
1794 3676 2146 3761 postulabat,

497 3796 647 3851 quos
696 3778 931 3852 iniquos
969 3796 1098 3834 esse
1146 3779 1207 3833 in
1254 3777 1553 3851 sacrilegis
1602 3779 2151 3851 congregationibus

498 3867 866 3942 praesciebat;
898 3867 1027 3924 ideo
1056 3865 1379 3937 subjunxit,
1415 3866 1693 3939 quoniam
1724 3868 1837 3922 vidi
1870 3868 2148 3940 iniquita-

481 3960 610 4012 'tem
644 3956 700 4013 in
733 3956 983 4023 civitate,
1013 3955 1071 4011 id
1122 3960 1213 4012 est
1259 3956 1305 4012 H
1356 3955 1830 4029 congregatione;
1865 3956 2147 4030 iniquita-

491 4051 631 4113 tem,
663 4062 796 4101 cum
829 4062 943 4102 non
988 4044 1390 4112 crediderunt;
1434 4044 1976 4109 contradictionem,
2012 4063 2146 4102 cum

489 4135 841 4208 exprobrant
866 4150 880 4190 :
904 4132 1108 4190 Nonne
1128 4133 1223 4189 hic
1245 4138 1333 4191 est
1356 4132 1510 4190 illius
1533 4132 1678 4188 fabri
1701 4132 1905 4202 (Matth.
1930 4136 2068 4206 xm),
2092 4139 2149 4191 et

490 4223 606 4280 alia
635 4222 841 4279 multa.

494 4314 561 4367 10
633 4314 737 4369 Die
761 4330 796 4368 a
823 4320 974 4369 nocte
1020 4311 1383 4368 circumdabit
1419 4328 1543 4368 eam
1588 4329 1753 4384 super
1797 4329 1983 4368 muros
2030 4314 2148 4385 ejus

706 4394 974 4464 iniquitas
1005 4411 1024 4447 :

637 4476 704 4528 Et
730 4473 975 4528 laborin
1004 4472 1180 4528 medio
1208 4473 1323 4543 ejus
1351 4479 1402 4527 et
1432 4473 1732 4543 injustitia.

2258 3292 2326 3347 15
2397 3292 2675 3361 Quoniam
2700 3290 2868 3345 simul
2894 3303 3105 3344 mecum
3127 3286 3307 3342 dulces
3330 3284 3581 3358 capiebas
3608 3284 3758 3339 cibos
3783 3301 3802 3337 :

2398 3382 2461 3435 In
2490 3378 2646 3435 domo
2673 3379 2771 3434 Dei
2793 3377 3198 3434 ambulavimus
3224 3391 3351 3431 cum
3378 3388 3662 3430 consensu.

2330 3470 2374 3525 Η
2398 3467 2505 3534 Qui
2537 3466 2714 3524 simul
2740 3483 2969 3522 mecum
2995 3464 3195 3521 dulces
3216 3462 3485 3535 capiebas
3510 3460 3695 3526 cibos,
3713 3460 3771 3515 id
3801 3463 3912 3527 est,

2258 3575 2470 3629 corpus
2491 3562 2547 3613 et
2566 3554 2914 3629 sanguinem
2933 3552 3335 3625 Cbristi,quod
3358 3551 3483 3623 ipse
3501 3549 3729 3622 accepit
3748 3549 3916 3605 ab’eo

2259 3646 2556 3721 indignus.
2582 3647 2743 3717 Saepe
2781 3645 2956 3701 etiam
2988 3660 3122 3699 cum
3164 3643 3290 3713 ipso
3324 3639 3569 3695 Domino
3602 3638 3661 3693 in
3692 3638 3918 3711 templo

2256 3735 2584 3792 Salomonis
2609 3752 2745 3791 cum
2775 3749 3064 3790 consensu
3098 3728 3528 3804 praedicationis
3550 3727 3714 3784 abiit.
3736 3726 3782 3782 C
3813 3727 3916 3783 Isti

2236 3824 2673 3899 Jutlsuperiori)
2693 3822 2886 3880 versui
2905 3820 3279 3894 jungendum
3303 3823 3390 3874 est
3414 3834 3427 3872 :
3452 3833 3558 3873 cur
3576 3833 3671 3879 me
3692 3816 3922 3872 tradis?

2257 3920 2341 3983 ut,
2374 3919 2436 3970 tu
2469 3913 2645 3970 homo
2676 3911 2974 3968 unanimis
2995 3910 3114 3966 dux
3139 3924 3306 3965 meus
3328 3912 3386 3964 et
3407 3905 3508 3979 qui
3528 3921 3761 3963 mecum
3785 3904 3921 3960 dul-

2257 4020 2351 4060 ces
2383 4003 2546 4059 cibos
2575 4001 2904 4074 sumpsisti,
2923 4004 3056 4067 etc.,
3081 4015 3185 4054 cur
3215 4012 3307 4054 me
3337 3994 3563 4052 tradis?

2259 4094 2326 4148 16
2405 4094 2592 4148 Veniat
2620 4107 2763 4147 mors
2791 4107 2957 4161 super
2987 4090 3114 4145 illos
3142 4106 3161 4143 :

2414 4188 2469 4247 μὲ
2490 4185 2555 4237 Et
2596 4188 2609 4246 ζ
2650 4180 2979 4237 descendant
3009 4180 3069 4233 in
3100 4179 3382 4248 infernum
3409 4176 3667 4230 viventes.

2328 4272 2368 4327 Ο
2397 4270 2607 4325 Veniat
2636 4286 2793 4325 mors
2822 4273 2880 4324 et
2908 4265 3207 4324 devorabit
3238 4281 3338 4321 eos
3379 4268 3535 4319 terra
3564 4261 3762 4318 vivos:
3790 4261 3911 4318 Hoc

2172 4440 2173 4443 η
2256 4360 2477 4417 factum
2506 4358 2615 4413 fuit
2642 4357 2869 4414 Dathan
2901 4360 2958 4412 et
2984 4356 3232 4423 Abiron;
3257 4352 3416 4409 venit
3441 4351 3635 4408 subito
3668 4350 3828 4423 ignis
3860 4352 3917 4404 et

2257 4448 2471 4505 mortui
2500 4452 2656 4504 sunt.
2672 4448 2713 4504 C
2734 4447 2889 4502 More
2910 4445 3067 4502 enim
3089 4461 3197 4500 suo
3219 4441 3689 4498 emendationem
3723 4438 3917 4512 magis

565 4559 612 4615 H
643 4559 793 4615 Dicit
836 4559 993 4616 enim
1025 4560 1118 4615 die
1148 4578 1215 4615 ac
1245 4564 1432 4625 nocte,
1458 4560 1515 4615 id
1547 4566 1656 4626 est,
1684 4563 1843 4617 omni
1892 4566 2151 4634 tempore

2259 4554 2435 4610 quam
2467 4535 2972 4609 consumptionem
2994 4532 3253 4606 postulat
3271 4530 3561 4603 Propheta
3585 4528 3783 4584 venire
3812 4526 3919 4583 ini-

490 4647 857 4703 circumdare
886 4664 1035 4707 eam.
1061 4648 1168 4703 hoc
1199 4654 1288 4704 est
1317 4649 1701 4705 Hierusalem.
1726 4650 1914 4723 Super
1945 4666 2147 4708 muros

486 4738 619 4809 ejus
641 4736 1025 4810 iniquitas,ut
1045 4741 1334 4809 quantum
1364 4754 1666 4793 murorum
1692 4739 1966 4795 machina
1988 4739 2048 4795 in
2069 4740 2147 4796 al-

2258 4626 2445 4681 micis.
2472 4627 2628 4682 Mors
2649 4625 2803 4680 enim
2826 4624 2957 4678 vita;
2987 4621 3205 4678 dicitur
3232 4619 3462 4686 ﬁnis,et
3481 4617 3581 4691 qui
3613 4617 3674 4672 in
3706 4614 3918 4672 melio-

2258 4732 2380 4770 rem
2412 4719 2636 4787 partem
2669 4710 3045 4777 convertitur,
3074 4710 3250 4765 ﬁnem
3287 4706 3501 4780 prioris
3524 4704 3918 4761 conversatio-

488 4792 616 4883 tum
638 4792 830 4900 potiiit
848 4792 1126 4893 crescere,
1144 4825 1332 4881 multo
1360 4826 1549 4898 magis
1568 4825 1905 4882 Judaeorum
1930 4792 2155 4884 malitia
2262 4802 2355 4900 ητξβ
2376 4801 3014 4900 Ατθρθτίδδθείυάίεδψῗῖ
3033 4799 3095 4854 In
3126 4798 3421 4854 infernum
3446 4794 3815 4895 degcendunt
3842 4792 3920 4848 Vi.

487 4933 550 4973 se
579 4914 922 4972 ostenderit.
947 4915 1133 4970 Labor
1176 4913 1236 4970 in
1293 4914 1484 4970 medio
1536 4916 1684 4985 ejus,
1708 4919 1843 4982 ete.;
1881 4915 2048 4973 labor
2092 4918 2150 4973 in

2258 4878 2478 4969 ﬁntes,
2503 4890 2737 4969 quando
2782 4888 3163 4961 cogitationes
3210 4903 3351 4944 suas
3400 4884 3689 4958 pessimae
3735 4899 3921 4954 expa-

487 5004 867 5076 oppressione
900 5020 1250 5076 pauperum,
1275 5008 1332 5059 et
1362 5003 1655 5075 injustitia
1681 5003 1737 5059 in
1757 5004 2017 5075 judiciis.
2046 5006 2152 5062 Per
2258 4987 2518 5076 νθδθιξηίίν
2551 4985 2607 5037 et
2636 4982 2707 5036 ad
2766 4978 3003 5076 {ni-lli?”
3045 4980 3179 5076 "ita
3225 4974 3729 5076 ferantur'Tunc‘
3755 4972 3919 5028 enim

485 5090 751 5147 medium
780 5061 945 5164 (quia
972 5061 1039 5147 iii
1066 5092 1229 5148 urbis
1271 5061 1463 5148 medio
1507 5061 1789 5165 tanquam
1818 5082 2150 5150 honorabili
2255 5072 2429 5165 quasi
2451 5070 2704 5127 viventes
2734 5069 2805 5124 ad
2834 5067 3062 5165 inferna
3082 5064 3516 5165 descendimus,
3535 5061 3772 5135 quando
3799 5076 3923 5116 ma-

488 5179 625 5234 sede
656 5178 871 5234 morari
901 5178 1105 5235 volunt
1135 5180 1461 5253 primates),
1491 5181 1808 5254 designans
1848 5182 2144 5239 nobilissi-

489 5282 617 5322 mos
637 5270 696 5321 et
717 5268 998 5338 primates
1018 5284 1240 5335 eorum,
1256 5285 1404 5341 quos
1427 5286 1541 5324 non
1565 5267 1673 5335 lex,
1706 5287 1818 5326 non
1848 5270 2013 5338 ratio,
2041 5272 2141 5327 sed

487 5352 653 5409 labor
686 5359 742 5409 et
773 5353 1063 5424 injustitia
1095 5356 1449 5426 possidebat.

488 5444 548 5498 11
632 5447 696 5501 Et
723 5459 833 5497 non
862 5439 1049 5511 deﬁcit
1077 5442 1141 5497 de
1168 5445 1362 5514 plateis
1391 5448 1506 5516 ejus
1537 5464 1553 5499 :

633 5524 805 5580 Usum
832 5531 885 5579 et
908 5522 1085 5578 dolus.

2255 5161 2446 5217 lorum
2478 5163 2812 5215 nostrorum
2851 5155 3246 5218 recordatione
3278 5157 3587 5210 terremur.

2255 5254 2320 5308 17
2396 5251 2674 5323 Quoniam
2701 5248 2964 5320 nequitiae
2993 5247 3052 5300 in
3084 5243 3413 5300 habitaculis
3442 5257 3651 5298 eorum.

2392 5341 2455 5395 In
2482 5337 2661 5394 medio
2685 5353 2894 5394 corum.

2319 5430 2364 5485 H
2397 5426 2680 5496 Quoniam
2715 5423 2985 5497 nequitiae
3033 5423 3092 5478 in
3143 5420 3499 5477 habitaculis
3546 5418 3917 5474 Judaaorum-

2246 5518 2469 5575 Etenim
2506 5521 2627 5572 tam
2657 5531 2829 5588 opere
2870 5528 3049 5586 quam
3101 5510 3455 5583 cogitatione
3503 5507 3588 5564 illi
3644 5504 3920 5579 nequitia

555 5604 596 5660 Ο
627 5603 866 5660 Intende
904 5603 1057 5677 quod
1091 5620 1206 5661 non
1239 5604 1660 5675 dixit,occulte,
1689 5607 1789 5663 sed
1836 5607 1894 5662 in
1926 5607 2133 5679 plateis
2245 5608 2400 5683 pleni
2445 5611 2603 5663 sunt.
