4054 6168
269 303 379 363 217

271 438 332 493 18
401 437 511 504 Ego
537 436 595 502 -ξ
641 431 823 486 autem
867 433 880 492 ζ
934 425 1003 482 ad
1030 427 1199 482 Deum
1229 423 1464 480 clamavi
1493 441 1511 476 :

402 526 459 580 Et
486 522 748 577 Dominus
777 517 1062 574 exaudivit
1094 531 1194 570 me.

335 616 378 671 Η
409 609 686 669 Clamavit
713 608 893 681 igitur
922 623 991 662 ex
1023 606 1208 660 forma
1228 603 1378 658 servi
1402 597 1906 681 Cliristusjugiter

271 705 334 760 ad
358 704 531 759 Deum
557 717 660 773 pro
693 676 906 769 populo
930 693 1278 758 Christiano,
1304 696 1361 746 et
1391 676 1758 761 consequens
1781 691 1907 742 erat

269 794 426 849 illum
454 787 735 855 exaudiri,
769 787 907 858 quia
957 802 1072 840 non
1120 786 1346 854 poterat
1383 799 1416 835 a
1447 796 1554 834 sua
1603 779 1906 849 majestate

272 880 572 955 segregari.

273 972 334 1027 19
404 970 622 1040 Vespere
647 972 700 1024 et
736 981 898 1021 mane
939 972 990 1020 et
1045 961 1276 1018 meridie
1330 947 1651 1014 narrabo'et
1681 971 1906 1011 annun-

473 1058 619 1114 tiabo
652 1076 670 1110 :

401 1150 464 1203 Et
493 1145 750 1204 exaudiet
774 1161 955 1200 vocem
984 1157 1182 1198 meam.

335 1240 372 1294 Ο
402 1237 671 1309 Vespere,
705 1233 1001 1307 signiﬁcat
1031 1236 1261 1303 tempus
1291 1226 1642 1292 traditionis,
1676 1226 1910 1298 quando

271 1346 393 1385 eum
425 1327 611 1382 Judas
642 1322 863 1380 cohorti
881 1320 1148 1378 tradidit.
1175 1319 1361 1386 Mane,
1387 1335 1521 1372 cum
1546 1317 1617 1372 ad
1640 1314 1910 1372 Pontium

271 1417 511 1473 Pilatum
543 1415 757 1470 ductus
788 1416 894 1468 est.
919 1409 1180 1474 Meridie,
1205 1408 1439 1480 quando
1465 1407 1608 1462 bora
1628 1408 1788 1461 sexta
1813 1421 1911 1459 su-

271 1524 513 1580 spensus
543 1510 650 1561 est.
678 1501 950 1559 Meridies
979 1500 1171 1556 dictus
1195 1499 1364 1570 quasi
1399 1496 1628 1552 medius
1658 1495 1912 1550 dies.His

269 1595 566 1668 sequentia
584 1593 758 1649 verba
779 1591 1125 1656 redduntur,
1148 1605 1282 1643 nam
1303 1586 1552 1642 narrabo
1573 1584 1822 1657 pertinet
1839 1584 1910 1638 ad

268 1700 592 1758 vesperum,
623 1681 860 1755 quando
891 1678 1090 1735 omnia
1125 1676 1551 1750 praedixit,qua2
1575 1674 1758 1730 Judas
1782 1690 1910 1744 pes-

1465 283 1882 349 EXl’OSlTlO
1927 275 2438 342 PSAl.MORUM.

1933 417 1984 484 Α
2015 414 2106 476 Ira
2122 412 2276 469 enim
2301 411 2396 467 hic
2417 425 2520 483 pro
2542 406 2798 464 vindicta
2823 402 3080 479 ponitur,
3100 416 3275 475 quam
3300 397 3463 472 impii
3489 395 3662 454 susti-

3540 257 3662 325 218

2014 504 2260 559 nebunt.
2295 502 2364 557 Et
2415 495 2904 572 appropinquavit
2960 510 3059 549 cor
3110 491 3270 546 illius
3316 491 3374 544 in
3413 486 3660 560 judicio,

2015 592 2250 665 quando
2283 607 2380 645 cor
2412 587 2636 643 Domini
2667 586 2799 658 (hoc
2831 587 2922 639 est
2967 581 3236 636 voluntas
3285 579 3416 650 ejus
3447 578 3505 632 in
3535 593 3663 648 pro-

2015 681 2206 755 phetis
2237 685 2294 736 et
2325 676 2604 752 apostolis
2635 669 3255 748 praedicata)omnibus
3277 665 3663 724 innotescit.H

2015 771 2117 826 Vel
2149 768 2689 826 contaminaverunt
2716 761 2898 819 Judaei
2932 761 3372 824 testamentum,
3391 755 3528 828 quia
3550 771 3664 809 non

2017 860 2423 916 intellexerunt
2458 853 2772 910 Dominum
2803 851 3005 907 Jesum
3037 848 3097 904 in
3129 847 3250 919 lege
3283 845 3663 918 promissum,

2017 955 2071 1006 ct
2095 949 2248 1022 quod
2273 945 2607 1019 intelligunt
2629 944 2698 998 de
2718 938 3063 1012 Scripturis;
3088 937 3148 992 in
3167 935 3388 991 malum
3411 937 3664 998 vertunt,

2020 1039 2157 1113 quia
2187 1037 2532 1094 Trinitatem
2578 1049 2693 1088 non
2748 1029 2991 1085 credunt
3019 1032 3076 1082 et
3105 1026 3233 1080 ideo
3265 1022 3434 1079 divisi
3467 1025 3607 1077 sunt
3636 1038 3669 1076 a

2020 1110 2310 1202 spirituali
2362 1121 2765 1196 intelligentia.
2809 1121 2845 1174 A
2878 1118 2947 1173 Et
2974 1134 3042 1172 ex
3071 1130 3272 1171 eorum
3305 1110 3587 1166 divisione
3614 1113 3670 1165 et

2021 1199 2534 1278 contaminatione,
2569 1208 2930 1283 appropiavit
2977 1204 3246 1260 voluntas
3285 1200 3388 1256 Dei
3428 1199 3666 1254 creden-

2021 1307 2199 1372 tibus,
2235 1305 2314 1359 ita
2345 1308 2407 1359 ut
2438 1303 2579 1359 etin
2625 1296 2940 1371 Scripturis
2991 1294 3088 1349 Dei
3132 1292 3511 1355 voluntatem,
3542 1298 3669 1359 qua)

2021 1396 2256 1461 latebat,
2290 1392 2637 1465 intelligant.

2021 1505 2094 1559 24
2169 1502 2362 1558 Molliti
2389 1503 2518 1556 sunt
2546 1512 2818 1554 sermones
2847 1495 2962 1566 ejus
2994 1507 3156 1564 super
3185 1491 3363 1546 oleum
3393 1507 3410 1542 :

2164 1594 2226 1647 Et
2257 1592 2364 1664 ipsi
2389 1597 2519 1646 sunt
2536 1588 2748 1661 jacula.

2095 1683 2135 1738 C
2167 1679 2372 1736 Molliti
2405 1683 2543 1735 sunt
2586 1689 2887 1732 sermones
2938 1671 3293 1744 perﬁdorum
3339 1667 3674 1722 Judzeorum

271 1775 449 1830 simus
485 1773 671 1828 facere
701 1769 1013 1842 disposuit.
1046 1764 1419 1823 Annuntiabo
1453 1764 1525 1819 ad
1559 1779 1749 1829 mane,
1776 1761 1912 1832 quia

2041 1770 2346 1826 licentium
2382 1785 2393 1822 :
2430 1766 2726 1838 Magister,
2760 1763 2982 1819 scimus
3041 1758 3179 1830 quia
3219 1775 3253 1813 a
3297 1757 3414 1812 Deo
3466 1751 3676 1808 venisti

273 1879 430 1919 mane
462 1859 833 1917 annuntiavit
853 1856 1259 1930 respondendo
1287 1853 1498 1909 Pilato:
1527 1859 1588 1906 In
1611 1852 1720 1906 hoc
1743 1855 1916 1904 natus

272 1970 388 2007 sum
409 1952 604 2020 (Joan.
624 1951 808 2017 xvm),
832 1952 942 2003 etc.
978 1938 1257 2001 Exaudiet
1283 1959 1483 1998 vocem
1507 1942 1578 1997 ad
1612 1940 1914 1995 meridiem

273 2042 536 2113 pertinet,
561 2056 697 2095 cum
718 2037 890 2094 dixit:
907 2035 1513 2100 Consummatumest,
1528 2027 1918 2100 etemisitspi-

272 2131 439 2184 ritum
477 2130 665 2199 (Joan.
698 2130 839 2196 xxx).

271 2219 335 2272 20
405 2217 654 2274 Redimet
683 2219 742 2271 in
777 2231 910 2288 pace
956 2216 1206 2270 animam
1254 2228 1430 2268 meam
1478 2210 1544 2265 ab
1575 2211 1660 2265 his
1691 2209 1787 2280 qui
1815 2223 1916 2278 ap-

481 2309 850 2379 prOpi-nquant
878 2305 1037 2359 mihi.

404 2399 683 2466 Quoniam
715 2397 858 2451 inter
885 2394 1088 2449 multos
1115 2399 1273 2448 erant
1297 2407 1529 2446 mecum.

267 2536 273 2544 .
339 2488 377 2541 Η
393 2485 663 2542 Redimet
677 2484 735 2539 in
748 2499 911 2556 pace,
928 2483 1126 2537 narrat
1145 2477 1412 2536 videlicet
1433 2477 1587 2548 quod
1613 2491 1747 2530 eum
1761 2473 1917 2529 velo-

275 2577 407 2631 citer
437 2573 758 2640 exaudivit,
783 2589 914 2628 cum
946 2586 1082 2626 eum
1114 2569 1183 2624 de
1212 2562 1922 2633 tribulationibusmortis

274 2664 484 2737 eripuit
515 2664 578 2718 in
606 2660 1048 2718 resurrectione.
1086 2659 1147 2714 In
1181 2673 1340 2730 pace,
1369 2656 1478 2711 hoc
1507 2658 1597 2711 est
1625 2654 1684 2709 in
1717 2656 1924 2709 semet-

276 2754 418 2825 ipso.
460 2753 550 2809 Ab
582 2751 674 2806 his
717 2751 815 2823 qui
865 2747 1358 2822 appropinquant,
1392 2760 1631 2815 corpore
1661 2759 1776 2797 non
1806 2741 1924 2796 vita

281 2849 330 2898 et
359 2843 592 2898 merito.
629 2841 783 2896 Inter
814 2837 1052 2905 multos,
1087 2836 1388 2892 credentes
1443 2838 1611 2889 erant
1669 2847 1920 2897 mecum,

279 2939 329 2988 et
355 2938 558 2987 tamen
591 2947 706 2986 non
739 2928 1070 2984 credebant.
1103 2925 1207 2980 Vel
1255 2925 1406 2980 inter
1454 2923 1598 2978 istos
1647 2920 1747 2994 qui
1787 2923 1925 2975 sunt

280 3020 460 3086 multi,
497 3019 562 3075 id
590 3022 700 3089 est,
735 3018 884 3073 inter
914 3015 1098 3071 malos
1144 3018 1201 3070 et
1248 3030 1361 3068 non
1414 3011 1566 3066 inter
1595 3025 1830 3083 paucos,
1865 3008 1922 3062 id

279 3110 555 3174 est,inter
583 3109 768 3164 bonos
802 3106 902 3178 qui
937 3107 1076 3160 sunt
1103 3101 1273 3176 pauci
1303 3101 1401 3157 Vel
1425 3101 1481 3155 in
1500 3098 1788 3166 multis,id
1813 3102 1920 3162 est,

278 3198 332 3253 in
361 3159 898 3269 baptismo—et‘iilie
920 3159 1070 3250 ficta.
1090 3159 1152 3248 I‘n
1169 3191 1372 3263 paucis
1403 3206 1520 3246 non
1553 3159 1792 3258 sunt,'id
1814 3159 1920 3254 est,
1955 3159 1998 3226 C

279 3287 331 3341 in
359 3287 472 3343 ﬁde
506 3287 701 3355 firma,
734 3301 835 3357 spe
861 3301 999 3339 vera
1028 3286 1085 3338 et
1110 3281 1412 3338 cbaritate.

278 3377 334 3430 21
409 3375 690 3431 Επαυὰἱει
720 3379 861 3430 Deus
885 3381 936 3428 et
965 3372 1284 3428 humiliabit
1314 3371 1438 3426 illos
1468 3387 1489 3423 ,ο

410 3467 529 3536 Qui
559 3473 638 3520 est
665 3471 790 3519 ante
818 3462 1041 3519 saecula.
1078 3461 1414 3532 Diapsalma.

343 3555 408 3610 H.
444 3551 734 3609 Exaudiet
791 3552 944 3607 Deus
1005 3567 1097 3605 me
1153 3548 1613 3614 benedicentem,
1649 3563 1763 3600 non
1798 3545 1928 3601 illos

281 3643 714 3698 maledicentes.
748 3640 817 3695 Et
842 3638 1178 3694 humiliabit
1215 3654 1334 3703 eos,
1367 3636 1477 3692 hoc
1508 3641 1597 3690 est
1622 3633 1926 3706 superbos.

279 3733 377 3798 Qui
398 3736 495 3787 est
517 3733 653 3785 ante
678 3727 910 3794 saecula,
939 3729 1106 3783 Pater
1138 3727 1371 3798 utique:
1399 3741 1572 3797 quem
1598 3723 1655 3779 in
1681 3740 1774 3778 me
1806 3740 1927 3778 ma-

281 3826 513 3877 nentem
549 3836 664 3875 non
696 3821 1109 3891 cognoverunt.

279 3911 344 3964 22
413 3915 543 3968 Non
571 3911 720 3965 enim
748 3915 825 3964 est
869 3907 982 3962 illis
1029 3906 1379 3962 commutatio
1409 3911 1463 3960 et
1488 3920 1598 3959 non
1630 3904 1934 3958 timuerunt

490 4000 666 4055 Deum
691 4015 710 4052 :

418 4087 681 4144 Extendi:
706 4102 936 4141 manum
963 4101 1121 4140 suam
1152 4085 1211 4140 in
1239 4081 1607 4139 retribuendo.

353 4177 400 4233 Η
428 4178 558 4232 Non
589 4179 680 4232 est
709 4173 826 4230 illis
857 4172 1262 4237 commutatio,
1294 4171 1365 4227 de
1396 4170 1548 4226 malo
1579 4169 1638 4225 in
1687 4170 1930 4226 bonum.

288 4265 350 4319 Et
379 4281 497 4321 non
531 4264 857 4319 timuerunt
884 4266 1087 4328 Deum,
1117 4264 1173 4316 et
1203 4277 1270 4316 ea
1300 4276 1496 4326 causa,
1530 4259 1602 4314 ad
1651 4258 1932 4315 ultionem

285 4352 586 4409 descendit
617 4353 791 4418 Deus,
820 4351 974 4406 sicut
1003 4349 1288 4420 sequitur,
1322 4347 1579 4404 extendit
1607 4363 1852 4402 manum
1874 4347 1934 4402 in

288 4441 680 4498 retribuendo.
715 4440 863 4504 Quia
891 4455 1026 4495 cum
1076 4437 1160 4494 eis
1209 4437 1281 4492 ad
1330 4435 1614 4493 auxilium
1673 4440 1936 4508 porrecta

287 4528 514 4599 fuisset,
548 4547 665 4585 non
709 4545 837 4584 eam
883 4531 1246 4598 receperunt.
1281 4526 1344 4581 In
1395 4525 1768 4581 retribuendo
1799 4541 1934 4596 ergo
1966 4531 2012 4595 Ι)

287 4619 442 4682 dicit,
477 4619 537 4674 id
569 4623 679 4686 est,
703 4618 762 4672 in
794 4616 1050 4672 vindicta
1080 4615 1138 4670 in
1170 4615 1264 4670 die
1285 4613 1517 4685 judicii,
1543 4614 1652 4669 hoe
1681 4612 1936 4686 est,quia

272 4706 603 4764 noluerunt
622 4705 876 4763 converti
897 4710 956 4761 et
974 4704 1226 4776 recipere
1250 4720 1283 4758 a
1307 4719 1484 4758 manu
1527 4701 1937 4757 misericordia;

275 4797 556 4868 gratiam,
589 4795 847 4852 extendit
898 4810 1140 4849 manum
1192 4792 1250 4846 in
1291 4807 1388 4847 eos
1419 4790 1709 4854 vindicta,
1741 4793 1807 4845 ut
1836 4789 1937 4860 qui

291 4885 603 4942 noluerunt
633 4885 885 4958 recipere
909 4883 967 4939 in
992 4881 1325 4947 tribuendo,
1358 4879 1647 4952 accipiant
1675 4878 1734 4934 in
1766 4879 1937 4933 retri-

291 4973 547 5030 buendo.

290 5063 357 5117 23
429 5065 957 5120 Contaminaverunt
1009 5062 1390 5116 testamentum
1445 5058 1560 5129 ejus
1607 5056 1774 5112 divisi
1813 5063 1941 5110 sunt

502 5154 570 5208 ab
601 5154 688 5208 ira
716 5152 901 5207 vultus
929 5151 1046 5222 ejus
1077 5167 1095 5202 :

432 5243 498 5296 Et
523 5240 983 5314 appropinquavit
1012 5255 1104 5294 cor
1134 5237 1310 5293 illius.

360 5329 400 5382 C
432 5327 531 5384 Ille
553 5329 708 5384 enim
733 5331 1151 5384 testamentum
1173 5324 1265 5380 Dei
1283 5321 1937 5394 contaminatquantum

290 5417 361 5471 ad
393 5435 458 5472 se
488 5418 759 5489 pertinet,
791 5415 890 5489 qui
922 5414 1163 5471 minime
1209 5413 1395 5486 ipsius
1426 5409 1689 5482 imperiis
1720 5410 1935 5466 obedit.

295 5505 634 5562 Dividuntur
664 5506 843 5562 etiam
875 5503 1080 5578 perﬁdi
1112 5521 1146 5558 a
1170 5500 1385 5575 populo
1419 5499 1574 5556 fideli
1608 5498 1666 5554 in
1693 5497 1936 5570 judicio,

291 5599 344 5648 et
375 5600 758 5669 segregantur
815 5599 1098 5666 tanquam
1155 5608 1370 5648 arsuris
1420 5588 1595 5662 paleae
1642 5604 1676 5644 a
1718 5585 1936 5660 granis.

2026 1861 2238 1932 (Matth.
2269 1857 2425 1928 xxu).
2451 1856 2640 1929 Super
2670 1853 2884 1917 oleum,
2909 1868 2981 1906 ne
3011 1853 3174 1905 tanto
3205 1844 3405 1901 sceleri
3441 1860 3544 1916 par
3575 1857 3675 1914 po-

2025 1950 2235 2005 tuisset.
2284 1945 2521 2018 aliquod
2578 1941 2846 2009 inveniri,
2880 1939 3017 2012 quia
3070 1937 3152 1993 nil
3197 1934 3381 1991 levius
3413 1936 3500 1988 est
3529 1930 3674 1987 oleo.

2030 2038 2144 2110 lpsi
2175 2038 2351 2093 etiam
2389 2035 2622 2090 fuerunt
2651 2029 2864 2103 jacula,
2897 2028 3132 2100 quando
3174 2025 3446 2079 dixerunt
3475 2039 3486 2075 :
3522 2021 3678 2076 Reus

2027 2109 2115 2184 est
2146 2125 2352 2182 mortis
2382 2124 2588 2196 (Matth.
2624 2121 2758 2191 xw).
2787 2119 2834 2174 H
2880 2117 2984 2172 Vel
3039 2113 3346 2171 revertitur
3389 2127 3578 2168 sermo
3606 2109 3678 2164 ad

2027 2218 2262 2281 Judam,
2289 2215 2458 2285 cujus
2491 2227 2681 2268 sermo
2717 2226 2729 2264 :
2766 2211 2879 2264 Ave
2903 2205 3091 2271 rabhi,
3118 2219 3297 2276 super
3318 2201 3508 2257 oleum
3533 2203 3675 2263 erat,

2028 2312 2083 2364 et
2106 2305 2303 2362 osculo
2327 2300 2733 2358 tradidit.’l‘ale
2757 2299 2946 2353 oleum
2973 2293 3325 2366 refugientes
3338 2288 3476 2346 boni
3496 2289 3555 2344 in
3578 2287 3680 2343 tri-

2029 2394 2326 2451 bulatione
2353 2397 2530 2447 Deum
2565 2390 2853 2450 invocant,
2881 2385 3008 2439 ideo
3035 2380 3304 2454 sequitur
3330 2395 3342 2434 :
3369 2379 3546 2448 jacta,
3570 2379 3678 2430 etc.

2028 2505 2099 2558 25
2170 2503 2321 2558 laeta
2377 2515 2540 2571 super
2593 2497 2884 2552 Dominum
2939 2505 3130 2546 curam
3182 2492 3333 2542 tuam
3387 2488 3439 2541 ei.
3484 2486 3598 2556 ipse
3636 2489 3683 2537 te

2242 2591 2478 2646 enutriet
2497 2607 2518 2652 ;

2173 2681 2288 2736 Non
2318 2679 2472 2734 dabit
2497 2679 2557 2732 in
2583 2683 2850 2732 aeternum
2882 2669 3292 2741 fluctuationem
3312 2666 3480 2737 justo.

2103 2775 2142 2824 C
2171 2768 2411 2833 Quando
2469 2764 2742 2838 cogitatio
2790 2763 3053 2834 jactatur
3098 2758 3157 2812 in
3203 2753 3534 2816 Dominum,
3567 2767 3684 2804 non

2033 2859 2224 2914 solum
2254 2874 2360 2912 nos
2392 2873 2509 2911 non
2541 2849 2853 2916 consumit,
2881 2843 3378 2920 quemadmodum
3412 2839 3684 2911 cogitatio

2036 2948 2207 3003 istius
2240 2944 2457 3010 saeculi,
2491 2943 2592 2998 sed
2637 2942 2811 2996 etiam
2863 2936 3046 2992 nutrit
3079 2953 3090 2990 :
3123 2933 3182 2989 in
3216 2936 3496 2987 mternum
3528 2927 3685 2983 enim

2035 3036 2314 3105 (sicuthic
2327 3033 2486 3102 dicit)
2505 3029 2795 3088 neminem
2811 3025 3042 3097 justissi
3057 3040 3216 3078 mum
3232 3016 3687 3092 permittitDeus

2038 3127 2341 3190 ﬂuctuare,
2376 3121 2610 3196 quando
2641 3135 2776 3174 cum
2807 3117 2934 3189 ipso
2964 3114 3022 3168 in
3045 3109 3363 3166 aeternitate
3395 3104 3688 3179 cognosci-

2038 3221 2136 3272 tur
2165 3229 2426 3286 regnare.

2036 3315 2106 3369 26
2181 3314 2253 3368 Tu
2284 3327 2406 3368 vero
2431 3311 2570 3365 Deus
2601 3325 2618 3363 :

2179 3400 2412 3456 Deduces
2443 3414 2528 3453 eos
2560 3398 2618 3451 in
2644 3402 2870 3467 puteum
2899 3391 3173 3446 interitus.

2110 3493 2149 3546 C
2171 3489 2337 3545 Prius
2359 3488 2556 3559 itaque
2578 3484 2724 3540 dixit
2743 3483 2812 3538 de
2826 3479 3191 3552 justis,nunc
3209 3475 3278 3530 de
3299 3472 3496 3544 impiis
3514 3470 3612 3544 qui
3630 3470 3688 3524 in

2038 3579 2315 3652 gehennae
2342 3557 2798 3649 profunditatem
2823 3567 3121 3641 mergendi
3147 3568 3302 3620 sunt.
3320 3563 3536 3617 Puteus
3557 3557 3693 3613 dioi-

2040 3651 2136 3724 tur
2155 3668 2353 3723 hiatus
2374 3670 2537 3722 terra:
2563 3667 2788 3736 patens,
2805 3659 2904 3716 sed
2928 3674 2998 3713 ne
3020 3656 3177 3711 hunc
3192 3651 3427 3707 vitalem
3447 3653 3689 3723 puteum

2039 3756 2413 3830 intelligeres,
2433 3752 2658 3809 addidit
2689 3746 3057 3812 interitus,id
3092 3747 3182 3799 est
3214 3742 3376 3797 fovea
3406 3736 3688 3794 mortalis.

2041 3847 2084 3902 Ο
2108 3845 2292 3918 pietas
2314 3842 2582 3899 inaudita
2597 3835 2949 3910 judicantis!
2977 3838 3163 3890 totum
3196 3829 3535 3886 hominibus
3556 3842 3692 3898 prae-

2041 3914 2277 4001 dicitur,
2308 3938 2373 3989 ut
2403 3931 2575 4002 culpa
2624 3923 2934 4001 plectibilis
2974 3922 3202 3977 vitetur.
3237 3919 3317 3973 Ex
3347 3915 3504 3990 putei
3534 3914 3692 3970 enim

2042 4022 2430 4086 similitudine
2460 4001 2737 4092 gehennae
2759 4016 3053 4070 tormenta
3073 4026 3180 4064 nos
3204 4009 3270 4062 ad
3283 4008 3480 4061 monet
3502 4001 3694 4059 formi-

2043 4113 2201 4170 dare.

2040 4214 2112 4266 27
2189 4211 2302 4266 Viri
2325 4183 2665 4277 sanguinum
2695 4210 2744 4258 et
2788 4200 2962 4256 dolosi
3002 4213 3108 4252 non
3163 4190 3537 4248 dimidiabunt
3583 4183 3694 4243 dies

2255 4313 2378 4353 suos
2410 4315 2426 4350 .'

2187 4389 2293 4458 Ego
2323 4393 2506 4441 autem
2535 4383 2761 4455 sperabo
2796 4380 2858 4434 in
2889 4385 2954 4445 te,
2989 4376 3232 4431 Domine.

2117 4482 2156 4533 C
2176 4476 2297 4530 Viri
2324 4473 2679 4545 sanguinum
2712 4467 2942 4542 proprie
2964 4483 3079 4521 non
3106 4463 3382 4519 dicuntur
3402 4458 3500 4530 qui
3535 4457 3696 4512 inno-

2044 4571 2240 4625 center
2260 4543 2585 4620 humanum
2607 4560 2862 4614 fundunt
2883 4571 3174 4621 cruorem,
3190 4549 3465 4624 quoniam
3485 4543 3692 4618 etjusti

2038 4657 2270 4729 judices
2294 4655 2454 4726 juste
2483 4651 2756 4716 fundunt,
2791 4649 3094 4720 propterea
3125 4640 3369 4729 addidit,
3401 4643 3458 4692 et
3488 4633 3693 4729 dolosi,

2048 4723 2319 4802 utsolum
2353 4743 2433 4798 illi
2466 4737 2880 4809 notentur,qui
2900 4753 3001 4808 per
3023 4727 3462 4803 iniquissimum
3498 4723 3693 4779 dolum

2049 4838 2316 4908 quaerunt
2346 4832 2600 4887 alienum
2630 4825 3023 4885 exitium.Hos
3044 4821 3190 4876 tales
3221 4833 3335 4872 non
3363 4813 3502 4870 dicit
3532 4810 3699 4866 dimi-

2049 4926 2206 4981 diare
2228 4923 2350 4979 dies
2374 4937 2534 4985 suos,
2559 4917 2792 4991 quando
2813 4929 2948 4969 cum
2971 4908 3086 4966 sibi
3106 4908 3339 4978 longam
3362 4902 3540 4958 vitam
3565 4917 3694 4972 pro-

2049 5014 2310 5078 mittunt,
2344 5009 2564 5065 exitum
2587 4990 2924 5061 celerrimae
2973 4996 3179 5054 mortis
3210 4992 3530 5049 inveniunt.
3564 4990 3696 5045 Ideo

2049 5105 2244 5159 autem
2277 5097 2542 5154 additum
2559 5098 2668 5161 est,
2692 5107 2850 5157 suos,
2876 5093 2941 5144 ut
2961 5084 3320 5142 voluntarios
3343 5079 3699 5152 intelligeres

2049 5191 2174 5246 dies
2223 5187 2332 5243 sibi
2385 5186 2772 5256 computatos,
2805 5179 2861 5233 id
2896 5181 2984 5233 est
3007 5175 3139 5231 illos
3172 5189 3318 5246 quos
3349 5188 3412 5226 se
3446 5170 3698 5224 victuros

2051 5279 2354 5353 putabant,
2389 5277 2489 5330 aut
2516 5272 2785 5328 volebant
2832 5285 2946 5322 non
2979 5284 3012 5321 a
3043 5264 3290 5320 Domino
3321 5259 3695 5330 constitutos.

2527 5395 2742 5454 .ORATIO
2783 5394 2851 5432 EX
2891 5391 3049 5431 PSAL.
3095 5390 3199 5429 ων.

2119 5496 2255 5550 Jcsu
2288 5490 2550 5552 Domine,
2587 5484 2685 5558 qui
2718 5487 2849 5539 ante
2880 5479 3093 5561 saecula
3123 5494 3387 5541 manens,
3415 5471 3698 5530 conditio-

2052 5598 2303 5656 nemque
2351 5580 2672 5635 humanam
2724 5558 3071 5645 suscipiens,
3107 5569 3179 5626 ab
3212 5563 3489 5622 unanimo
3523 5558 3695 5615 disci-
