4054 6168
369 278 487 341 219

1267 290 1330 352 S.
1376 290 1775 359 BRUNONIS
1822 288 2447 369 HERBIPOLENSIS
2491 304 2870 372 EPISCOPI.

3660 317 3784 379 290

246 398 259 407 ’
360 410 512 505 pulo
537 408 823 487 proditus,
859 418 1106 477 mortem
1136 420 1344 481 subisti
1375 441 1480 499 pro
1505 429 1771 502 perditis,
1803 434 2011 492 exaudi
2039 437 2095 505 Α
2121 436 2158 492 6
2266 438 2659 499 Inhabitabunt
2678 450 2733 500 et
2759 443 3088 503 abscondent
3115 446 3149 502 ε’

368 501 691 561 orationem
737 507 1069 596 supplicum
1122 516 1180 567 et
1225 520 1457 586 priests,
1495 523 1578 586 ut,
1611 524 1666 577 te
1696 501 1932 596 vespere
1961 530 2018 583 et

2265 529 2292 585 1
2288 532 2377 602 psi
2401 531 2721 589 calcaneum
2746 549 2931 590 meum
2957 536 3335 593 observabant.

368 595 929 688 mane-meridieque
979 598 1307 673 laudantes,
1340 623 1672 667 mereamur
1716 595 2015 688 abhujus
2123 619 2155 672 7
2206 616 2211 619 “
2266 595 2421 675 sicut
2444 624 2830 679 sustinuerunt
2857 626 3107 681 animam
3135 642 3316 683 meam

368 682 565 739 seaculi
595 688 1045 761 tempestatibus
1075 692 1386 752 defensari.
1412 698 1675 765 Quicum
1695 703 1882 771 Patre,
1901 682 2011 762 etc.

947 851 1278 912 PSALMUS
1314 856 1430 914 LV.

824 957 1226 1000 ARGUMENTUM
1266 963 1423 1003 PSAL.
1462 966 1548 1006 LV.

557 1044 598 1099 C
627 1043 747 1101 Vox
773 1046 1041 1105 Ecclesiae
1074 1050 1133 1106 in
1166 1056 1566 1125 persecutione
1597 1061 1818 1131 posita.

363 1132 783 1222 T’Il.‘lnnﬁnezn.
808 1153 917 1222 pro
956 1141 1157 1222 populo
1187 1145 1288 1222 qui
1316 1161 1349 1197 a
1377 1149 1583 1203 sanctis
1632 1150 1790 1220 longe
1833 1154 2012 1222 factus

429 1212 525 1286 est.
556 1207 731 1286 David
751 1207 826 1286 in
843 1207 1003 1286 tituli
1025 1207 1387 1286 inscriptione
1413 1233 1537 1274 cum
1566 1207 1859 1280 tenuerunt
1887 1207 2013 1283 cuni

431 1277 712 1350 Allophyli
738 1281 796 1337 in
830 1280 977 1339 Geth.

431 1401 472 1457 C
501 1401 564 1457 In
595 1403 794 1494 linem,
818 1406 944 1475 jam
978 1411 1180 1465 notum
1212 1414 1328 1480 est;
1353 1430 1457 1485 pro
1480 1417 1696 1488 populo
1725 1419 1886 1490 dicit,
1909 1422 2010 1494 qui

359 1506 394 1544 a
424 1490 642 1582 sanctis
673 1490 844 1582 longe
873 1494 1060 1553 factus
1086 1502 1210 1567 est,
1245 1501 1385 1572 quia
1429 1502 1712 1563 Judaicus
1759 1490 2010 1582 populus

360 1577 695 1671 postulabat
711 1597 745 1671 a
761 1580 1042 1671 Pilato,ne
1062 1585 1504 1661 inscriptionem
1525 1593 1680 1650 tituli
1702 1577 1856 1653 sicut
1875 1616 2008 1671 pro-

360 1665 672 1737 phetarum
704 1669 815 1726 fuit
844 1672 1141 1743 scriberet,
1158 1676 1365 1734 nolens
1391 1679 1690 1741 Christum
1720 1665 1896 1743 suum
1919 1705 2007 1745 re-

359 1771 492 1878 gem
505 1756 1363 1878 dici(Jmn.:1:Z.illpvoluntas
1382 1770 1854 1878 eoslongeofecita
1872 1794 2007 1877 san-
2117 1797 2221 1852 pro
2252 1782 2472 1878 nihilo;
2505 1784 2647 1878 dum
2679 1801 2794 1878 non
2825 1756 3264 1878 commutantur
3290 1756 3375 1878 ad.
3389 1756 3663 1878 gloriam,

352 1843 487 1912 ctis,
507 1844 653 1938 quia
668 1847 859 1938 sancit
871 1849 1166 1908 Christum
1193 1872 1368 1912 suum
1394 1875 1588 1933 regem
1602 1843 1727 1919 idici
1758 1864 2009 1938 glorian-

357 1935 471 1987 tur.
494 1933 637 2028 Ceth
670 1936 964 2028 signiﬁcat
986 1942 1249 2013 torcular,
1271 1944 1330 2001 id
1352 1951 1442 2003 est
1460 1933 2004 2028 pressuram,quam

356 2021 550 2114 omnis
590 2024 820 2114 patitur
861 2026 1230 2090 Christianus
1259 2037 1333 2092 ab
1363 2034 1695 2112 allophylis,
1723 2042 1783 2100 id
1805 2021 1902 2102 est
1930 2047 2004 2114 ab

334 2109 1050 2207 ’alieniaPhilistinienim
1073 2122 1198 2194 (qui
1221 2141 1378 2181 nunc
1389 2109 1685 2188 Palaestini
1705 2110 2006 2207 dicuntur)

352 2199 468 2257 alio
494 2203 731 2261 nomine
761 2204 1038 2282 allophyli
1069 2211 1432 2272 dicebantur.

353 2290 381 2345 1
494 2293 752 2351 Miserere
803 2299 932 2365 mei,
992 2300 1152 2370 Deus,
1213 2307 1475 2376 quoniam
1529 2313 1867 2370 conculcavit
1919 2332 2003 2373 me

566 2383 723 2440 homo
751 2403 774 2439 .·

500 2473 623 2536 Tota
650 2472 739 2531 die
767 2475 1098 2547 impugnans
1126 2481 1419 2549 tribulavit
1440 2504 1545 2545 me.

422 2561 462 2616 C
491 2559 669 2655 Virgo
699 2567 885 2620 mater
912 2566 1170 2626 Ecclesia
1215 2572 1509 2633 caelestem
1562 2595 1847 2651 sponsum
1886 2583 2000 2655 piis

348 2646 624 2722 lacrymis
656 2657 929 2726 rogat,ue
960 2673 1023 2713 se
1051 2658 1308 2731 patiatur
1335 2646 1695 2725 abinimicis
1723 2646 1996 2742 opprimi.

351 2737 396 2833 ιι
420 2737 747 2833 In‘hcmiue
766 2743 1145 2812 conculcante
1166 2753 1341 2823 atque
1372 2737 1778 2829 impugnante,
1798 2737 2000 2833 diabo-

349 2824 473 2915 lum
495 2826 582 2886 vel
600 2828 959 2903 reliquarum
982 2837 1377 2908 nequitiarum
1400 2824 1797 2915 spiritualium
1810 2824 2002 2907 osten-

348 2912 437 2972 dit
463 2918 946 2989 persecutionem.

349 3007 385 3061 2
495 3005 963 3077 Ganculcaverunt
989 3030 1076 3070 me
1103 3015 1319 3076 inimici
1345 3022 1456 3079 mei
1484 3029 1592 3079 tota
1621 3023 1711 3082 die
1737 3043 1757 3082 .'

487 3097 765 3165 Quoniam
789 3102 958 3158 multi
986 3102 1241 3163 bellantes
1269 3109 1558 3168 adversum
1586 3129 1691 3181 me.

345 3181 381 3239 3
487 3184 568 3241 Ab
597 3187 890 3247 altitudine
915 3191 1031 3249 diei
1056 3195 1252 3253 timebo
1276 3217 1295 3254 :

486 3273 597 3343 Ego
626 3292 751 3334 vero
781 3279 841 3333 in
871 3286 921 3336 te
946 3284 1192 3353 sperabo.

419 3359 460 3452 ς]
490 3360 705 3452 Vinum
729 3365 885 3427 enim
907 3385 1022 3427 non
1044 3372 1307 3447 proﬂuit,
1327 3376 1439 3436 nisi
1466 3379 1712 3452 pedibus
1734 3401 1844 3443 uva
1865 3402 1996 3442 con-

346 3446 629 3517 culcetur.
664 3452 757 3515 Sic
788 3446 1102 3516 Ecclesium
1137 3460 1196 3516 in
1227 3446 1511 3524 membris
1538 3469 1663 3527 suis
1693 3473 1997 3531 conculcet

347 3536 647 3606 inimicus,
666 3545 730 3601 ut
748 3548 1086 3604 sanctorum
1106 3550 1586 3626 meritagloriosa
1600 3560 1735 3618 inde
1752 3579 1994 3621 nascan-

346 3630 461 3723 tur.
496 3628 644 3723 Tota
672 3629 795 3723 die,
817 3634 978 3723 omni
1007 3639 1267 3713 tempore
1295 3648 1501 3703 contra
1540 3664 1670 3705 eam
1710 3652 1995 3723 rebellant

348 3714 599 3810 inimici,
631 3719 732 3781 sed
764 3720 836 3778 de
864 3721 979 3794 his,
1014 3726 1153 3799 quia
1181 3728 1364 3804 aliqui
1411 3741 1844 3810 convertantur,
1877 3716 1992 3802 non

348 3803 493 3869 dicit
520 3823 747 3878 omnes,
779 3812 881 3870 sed
913 3814 1104 3873 multi.

418 3895 570 3994 C‘Ab
601 3897 914 3994 altitudine
947 3904 1081 3975 diei,
1114 3907 1296 3967 istum
1343 3915 1634 3979 mundum
1678 3919 1990 3994 significat,

349 3983 449 4041 ubi
465 3987 651 4049 tumet
665 3986 911 4048 altitudo
927 3995 1234 4067 superbiae.
1252 4000 1400 4058 Nam
1421 4003 1575 4061 sicut
1593 3983 1862 4070 Christus
1878 3983 1993 4069 hu;

346 4071 653 4171 militatem
684 4079 966 4171 pﬂrzepipit,
985 4081 1068 4140 ita
1090 4085 1360 4147 diabolus
1390 4091 1718 4155 altitudinis
1733 4098 1993 4171 culmi-na

343 4165 676 4234 persuadet.
701 4167 814 4226 Sed
837 4172 992 4231 unde
1013 4172 1218 4234 timere
1238 4195 1353 4237 non
1375 4182 1584 4241 debeat
1611 4165 1869 4246 Ecclesia
1886 4165 1992 4249 nec

343 4253 532 4351 cadat,
565 4255 783 4351 subdit.
817 4259 934 4335 Ego
954 4261 1014 4319 in
1038 4268 1093 4320 te
1109 4269 1377 4340 sperabo,
1402 4272 1502 4345 qui
1535 4291 1839 4351 nunquam
1860 4280 1918 4336 in
1937 4287 2009 4351 te_

342 4340 564 4415 decipis
595 4346 974 4409 confidentes.

344 4429 377 4486 4
482 4434 553 4489 In
575 4433 682 4491 Deo
712 4435 949 4500 laudabo.
974 4458 1243 4509 sermones
1270 4465 1414 4511 meos
1445 4471 1464 4508 .·

2264 711 2371 765 Pro
2415 711 2595 767 nihilo
2635 713 2813 769 salvos
2866 715 3039 785 facies
3096 714 3245 783 illos,
3296 717 3356 772 in
3410 718 3501 774 ira
3546 721 3780 794 populos

2336 801 2667 871 confringes.

2195 886 2236 942 C
2266 888 2597 947 Inhabitare
2626 892 2899 950 videntur
2946 893 3178 951 subdoli
3227 894 3541 953 Christiani
3582 897 3778 955 Eccle-

2122 975 2294 1042 siam,
2318 980 2421 1034 sed
2444 979 2668 1038 malum
2690 999 2809 1039 suae
2829 983 3229 1056 perversitatis
3259 985 3647 1056 abscondunt,
3672 1005 3781 1045 nec

2122 1064 2315 1137 palam
2348 1068 2477 1125 ausi
2506 1074 2645 1125 sunt
2675 1072 2939 1143 prodere,
2973 1074 3127 1146 quod
3167 1073 3365 1130 sciunt
3393 1075 3779 1148 apostolicam

2121 1156 2449 1214 doctrinam
2472 1176 2587 1215 non
2608 1160 2841 1218 habere.
2862 1162 2977 1235 Ipsi
2995 1161 3335 1220 calcaneum
3356 1162 3775 1236 ebeervabunt,

2121 1262 2285 1303 more
2314 1245 2729 1319 diabolico,vel
2758 1267 2963 1308 eorum
2994 1251 3097 1325 qui
3125 1252 3381 1310 ministri
3401 1251 3775 1326 ipsiussunt,

2118 1336 2221 1408 qui
2257 1336 2464 1395 ultima
2495 1343 2694 1395 nostra
2733 1330 3021 1398 insidiosa
3055 1340 3375 1398 calliditate
3418 1342 3773 1416 respiciunt,

2119 1425 2420 1505 cupientes
2451 1445 2559 1484 nos
2588 1446 2622 1485 a
2652 1429 2767 1487 ﬁde
2796 1434 3072 1497 evertere,
3106 1435 3163 1486 et
3191 1431 3263 1487 ad
3312 1435 3513 1489 reatus
3558 1430 3771 1490 discri-

2118 1514 2282 1570 mina
2311 1516 2631 1588 pervenire,
2666 1517 2873 1575 saltem
2906 1518 2964 1574 in
2993 1520 3287 1577 extremis.

2190 1603 2236 1659 Η
2267 1603 2687 1663 Sustinuerunt
2712 1607 2970 1664 animam
2990 1608 3208 1665 Christi
3225 1608 3429 1676 Judaei,
3450 1613 3519 1667 ut
3530 1615 3773 1683 captum

2119 1692 2177 1747 in
2208 1694 2399 1751 verbis
2448 1701 2795 1753 accusarent
2841 1697 3226 1772 principibus.
3260 1698 3571 1759 Salyantur
3609 1700 3772 1759 enim

2115 1870 2405 1944 supplicia
2436 1875 2887 1930 transferuntur.
2926 1879 2987 1949 In
3018 1875 3105 1930 ira
3134 1874 3383 1948 populos
3409 1876 3770 1951 eonfringes,

2114 1960 2255 2032 quia
2285 1961 2523 2035 impacti
2554 1968 2695 2021 sunt
2722 1964 2784 2020 in
2813 1969 3037 2037 petram
3059 1963 3769 2038 offensionis,-etlapidem

2114 2049 2373 2105 scandali
2398 2052 2446 2124 (1
2459 2053 2607 2109 Petr.
2630 2054 2714 2121 ιι).
2736 2054 2783 2109 Α
2812 2053 2853 2108 C
2884 2052 2988 2108 Vel
3018 2052 3290 2125 quamvis
3319 2051 3405 2108 illi
3435 2053 3772 2111 sustineant

2113 2138 2173 2194 in
2206 2138 2523 2209 malum,et
2542 2141 2615 2197 ab
2643 2142 2753 2198 hoc
2782 2141 3056 2214 indignos
3088 2158 3150 2198 se
3180 2140 3400 2198 faciant
3421 2141 3766 2211 salvatione,

2110 2230 2175 2283 tu
2197 2233 2393 2285 tamen
2424 2229 2830 2288 misericordia
2856 2230 3056 2287 omnia
3083 2233 3321 2303 peccata
3349 2245 3768 2305 superans,pro

2112 2316 2317 2387 nihilo,
2334 2318 2393 2375 id
2414 2322 2506 2375 est
2532 2320 2736 2393 gratis,
2755 2318 2934 2376 nullis
2959 2334 3162 2375 eorum
3185 2317 3407 2381 meritis
3439 2320 3769 2392 praeceden-

1990 2450 2001 2457 .
2111 2406 2305 2464 tibus:
2330 2407 2521 2464 salvos
2553 2408 2699 2466 facie
2722 2408 2803 2466 ita
2826 2413 2912 2475 ut,
2936 2407 3108 2481 quasi
3126 2407 3332 2475 iratus,
3353 2408 3559 2465 multis
3583 2408 3769 2465 tribu-

2108 2495 2427 2553 lationibus
2458 2496 2708 2570 populos
2736 2498 3013 2571 fatigatos
3045 2511 3343 2554 recurram
3370 2496 3443 2553 ad
3474 2499 3532 2554 te
3561 2513 3762 2572 cogas.

2108 2584 2382 2642 Irasceris
2408 2590 2465 2642 et
2506 2586 2767 2654 deducis,
2795 2586 2963 2643 saevis
3009 2589 3069 2642 et
3111 2584 3326 2654 salvas,
3361 2589 3546 2643 terres
3575 2589 3634 2643 et
3660 2603 3764 2643 vo-

2108 2691 2244 2741 cas;
2278 2675 2366 2732 ira
2391 2675 2640 2745 videtur,
2671 2678 2773 2734 sed
2804 2680 3064 2749 paterna.

2106 2766 2141 2819 8
2251 2769 2416 2831 Deus,
2447 2767 2617 2822 vitam
2642 2782 2823 2823 meam
2850 2767 3184 2825 annuntian
3211 2766 3332 2825 tibi.

2245 2855 2490 2910 Posuisti
2515 2855 2790 2928 lacrymas
2818 2871 2973 2911 meas
2996 2856 3059 2911 in
3083 2861 3370 2926 conspectu
3398 2860 3508 2910 tuo.

2175 2945 2216 2997 C
2244 2942 2438 2999 Vitam
2461 2959 2631 3000 suam
2652 2943 2965 3000 annuntiat
2984 2944 3122 3009 Deo,
3145 2941 3246 3016 qui
3268 2946 3506 3016 peccata
3524 2941 3764 3016 propria

2106 3030 2369 3088 conﬁteri
2396 3049 2512 3089 non
2543 3032 2853 3089 erubescit.
2889 3033 3349 3110 Lacrymae~quee
3363 3031 3426 3086 in
3443 3034 3759 3104 conspectu

2106 3118 2338 3176 Domini
2361 3124 2680 3193 ponuntur,
2700 3121 2973 3192 jocunde
2994 3112 3155 3190 sunt,
3170 3120 3311 3194 quia
3331 3136 3448 3177 non
3468 3119 3760 3188 cruciant,

2024 3185 2068 3253 (ἶ
2105 3209 2207 3265 sed
2239 3226 2275 3266 a
2302 3185 2957 3267 cruciatibusliberant.

2102 3297 2138 3351 9
2242 3300 2401 3357 Sicut
2427 3303 2482 3355 et
2509 3300 2571 3355 in
2593 3300 2959 3373 promissione
2988 3307 3084 3356 tua
3114 3318 3133 3355 :

2250 3388 2394 3443 Tunc
2419 3395 2798 3446 convertentur
2824 3389 3045 3445 inimici
3071 3389 3181 3445 mei
3210 3394 3531 3445 retrorsum.

2173 3475 2214 3531 C
2243 3476 2559 3534 Promissio
2592 3477 2807 3552 quippe
2835 3476 2937 3535 Dei
2967 3481 3074 3546 est,
3090 3480 3156 3533 ut
3173 3477 3301 3549 pias
3325 3476 3614 3550 lacrymas
3634 3492 3756 3532 non

2103 3565 2336 3623 refutet.
2367 3566 2415 3623 H
2436 3566 2702 3639 Optando
2730 3565 2872 3622 dicit
2900 3565 3175 3633 Ecclesia,
3198 3565 3453 3623 converti
3482 3563 3758 3621 inimicos

2103 3656 2444 3722 retrorsum,
2476 3656 2534 3711 id
2567 3659 2674 3724 est,
2709 3660 2772 3712 ut
2791 3656 2891 3728 qui
2923 3659 3169 3712 currunt
3197 3656 3269 3712 ad
3299 3654 3596 3712 infernum
3616 3671 3756 3711 con-

2099 3747 2403 3800 vertantur
2433 3745 2507 3801 ad
2536 3749 2743 3802 Deum.

2104 3833 2174 3888 10
2202 3892 2205 3893 ν
2245 3835 2309 3890 In
2337 3850 2661 3908 quacunque
2682 3834 2772 3892 die
2800 3836 3119 3892 invocavero
3143 3842 3193 3890 te
3218 3853 3237 3892 :

2244 3910 2375 3980 Ecce
2402 3926 2628 3997 cognovi
2650 3925 2910 3998 quoniam
2939 3926 3079 3980 Deus
3106 3939 3358 3980 menses.

2172 4015 2212 4066 Ο
2242 4011 2345 4067 Hic
2374 4011 2747 4069 clementiam
2768 4012 3000 4070 Domini
3023 4011 3368 4086 pronuntiat
3398 4010 3760 4068 mirabilem-

2101 4116 2216 4173 que
2244 4100 2523 4173 pietatem
2556 4102 2863 4174 Propheta,
2902 4106 2969 4158 ut
2996 4101 3057 4158 in
3087 4116 3438 4175 quacunque
3462 4099 3561 4157 die
3586 4099 3757 4157 invo-

2101 4193 2268 4257 catus
2317 4190 2491 4246 fuerit
2535 4189 2824 4259 Christus,
2857 4207 3089 4264 semper
3118 4207 3181 4249 se
3212 4190 3529 4247 miseratus
3557 4186 3756 4245 indul-

2100 4284 2249 4352 geat.
2283 4281 2643 4352 Quaeunque
2688 4281 2808 4350 die,
2856 4280 3152 4354 significat
3208 4278 3420 4336 diversi
3469 4276 3755 4351 temporis

2100 4367 2579 4425 satisfactionem.
2607 4367 2774 4426 Alius
2821 4369 2978 4426 enim
3028 4372 3146 4425 toto
3192 4371 3453 4441 tempore
3479 4366 3610 4423 vita
3640 4367 3754 4422 Do-

2099 4454 2262 4512 mino
2282 4455 2593 4530 supplicat,
2613 4455 2780 4527 alter,
2798 4458 2991 4516 media
3001 4462 3172 4515 atate
3191 4454 3754 4514 convertitur.Aliua

482 4520 547 4628 ξη
575 4523 682 4628 260
709 4529 930 4628 {peran
956 4546 1063 4587 non
1093 4535 1291 4593 timebo
1315 4541 1446 4612 quid
1466 4543 1640 4613 faciat
1666 4548 1809 4602 mihi
1841 4564 1986 4605 caro.
2018 4561 2066 4628 Π
2097 4545 2156 4601 in
2183 4545 2300 4602 fine
2344 4520 2473 4602 vitae
2517 4520 2796 4614 salvetur,
2829 4563 2962 4605 ecce
3007 4546 3269 4621 cognovi.
3301 4545 3349 4603 Η
3378 4544 3490 4602 Alii
3534 4559 3752 4617 cogno-

413 4608 453 4662 C
579 4609 693 4710 Deo
723 4611 926 4710 laudat
952 4634 1255 4681 sermones
1285 4608 1444 4697 suos,
1466 4608 1580 4704 qui
1627 4650 1803 4692 omne
1833 4638 1988 4710 quod

339 4695 601 4770 loquitur
631 4700 779 4760 bene
814 4720 826 4761 :
858 4705 976 4764 Deo
1007 4710 1321 4784 applicare,
1353 4695 1471 4774 non
1493 4695 1635 4785 sibi,
1669 4695 1986 4782 contendit.

339 4785 465 4847 Non
496 4786 734 4863 timebo,
765 4791 904 4863 licet
930 4797 1130 4857 saeviat
1159 4801 1503 4867 carniﬁcum
1532 4824 1768 4880 manus,
1791 4814 1992 4873 omnia

339 4879 533 4937 tamen
558 4882 851 4941 tormenta
877 4885 1126 4961 despicit
1153 4890 1412 4951 Ecclesia
1439 4893 1499 4950 in
1531 4879 1810 4959 membris
1841 4903 1987 4971 suis,

339 4980 465 5036 quae
494 4975 789 5043 exspectat
819 4989 1066 5034 munera
1092 4978 1325 5041 Domini
1358 4983 1689 5045 Sulvatoris.

336 5052 372 5107 5
484 5056 608 5145 7_'ota
632 5058 721 5116 die
750 5064 912 5119 verba
937 5082 1060 5125 mea
1087 5073 1515 5131 exsecrabantur
1540 5094 1559 5132 :
1588 5076 1886 5145 adversum
1904 5099 1990 5141 me

482 5143 675 5207 Omnes
701 5152 1055 5220 cogitationes
1077 5173 1267 5217 eorum
1297 5162 1357 5223 in
1384 5165 1613 5223 mlum.

410 5228 456 5293 Η
487 5232 630 5291 Tota
660 5235 753 5293 die
796 5245 1249 5305 exsecrabantur
1304 5252 1479 5310 verba
1530 5254 1745 5314 Christi
1799 5259 1988 5319 Judaei

336 5317 595 5377 dicentes
626 5330 640 5378 ξ
674 5324 800 5381 Non
856 5333 946 5385 est
1001 5334 1309 5408 propheta,
1343 5341 1444 5398 sed
1498 5344 1730 5401 seducit
1784 5317 1988 5407 turbas

336 5409 519 5477 (Joan.
557 5415 677 5481 vn).
711 5415 1101 5490 Cogitationes
1151 5424 1488 5486 Judaeorum
1538 5449 1716 5490 versae
1758 5438 1984 5494 suntin

336 5497 582 5569 malum,
616 5508 821 5564 contra
867 5506 1204 5581 Christum;
1238 5520 1297 5572 et
1342 5524 1735 5590 peccatorum,
1786 5530 1989 5583 contra

335 5590 589 5648 sanctos.

2097 4639 2271 4692 scunt
2326 4636 2513 4693 Deum
2564 4652 2669 4710 per
2724 4640 3051 4694 creaturam
3109 4634 3239 4694 oculi
3291 4639 3350 4691 et
3377 4639 3567 4704 terra,
3598 4631 3757 4690 sint

2098 4724 2316 4781 Paulus
2343 4723 2486 4782 dicit
2517 4740 2532 4781 :
2564 4729 2675 4782 Per
2701 4743 2770 4783 ea
2801 4742 2928 4798 quae
2960 4725 3113 4783 facta
3141 4729 3282 4783 sunt
3297 4721 3603 4779 intellecta
3617 4737 3756 4779 con-

2099 4813 2431 4886 spiciuntur
2460 4814 2633 4888 (Rom.
2667 4815 2744 4888 I);
2777 4801 2899 4883 alii,
2951 4828 3056 4888 per
3106 4811 3552 4887 inspirationem
3603 4809 3754 4866 divi-

2098 4920 2237 4959 nam
2263 4921 2277 4973 ;
2312 4902 2432 4971 alii,
2463 4920 2567 4977 per
2595 4904 2785 4978 signa,
2819 4908 2885 4960 ut
2914 4904 3151 4961 Thomas
3197 4899 3344 4959 dixit
3375 4915 3388 4957 :
3417 4899 3574 4956 Inter
3598 4897 3753 4973 digi-

2096 4995 2225 5049 tum
2256 4995 2426 5049 tuum
2457 4993 2573 5050 huc
2603 4993 2781 5067 (Joan.
2812 4993 2909 5067 xx)
2934 5011 2948 5063 ;
2984 4991 3104 5061 alii,
3149 5008 3253 5066 per
3298 4987 3749 5063 indulgentiam,

2097 5081 2488 5152 clementiam,
2521 5086 2579 5139 et
2608 5081 2913 5151 auxilium,
2949 5086 3014 5139 ut
3040 5082 3410 5163 pceniteutes.

2099 5172 2160 5228 11
2238 5173 2304 5228 In
2353 5173 2459 5227 Deo
2513 5171 2751 5230 laudabo
2807 5173 3050 5241 verbum,
3110 5173 3173 5228 in
3228 5171 3459 5228 Domino
3516 5166 3753 5225 laudabo

2308 5276 2662 5318 sermonem:

2238 5351 2303 5406 In
2341 5354 2454 5407 Deo
2501 5352 2736 5422 speravi,
2771 5367 2883 5409 non
2940 5350 3137 5409 timebo
3195 5347 3329 5423 quid
3383 5348 3555 5418 [acia
3604 5344 3755 5401 mihi

2308 5439 2485 5496 homo.
2580 5446 2585 5449 ‘

2168 5529 2211 5583 ll
2259 5528 2485 5585 Laudat
2532 5528 2745 5586 iterum
2793 5530 3084 5604 Propheta
3124 5528 3368 5586 verbum
3416 5524 3600 5593 istud],
3631 5522 3755 5583 sive

2090 5633 2429 5677 sermonem
2462 5635 2476 5678 :
2510 5617 2611 5691 qui
2641 5624 2767 5680 erat
2794 5618 2854 5679 in
2882 5618 3174 5695 principio
3203 5617 3369 5693 apud
3390 5616 3661 5683 Petram;
3692 5616 3753 5669 οι
