4054 6168
298 308 406 376 εει

1506 302 1922 368 EXPOSITIO
1964 300 2482 364 PSALMORUM.

3579 290 3701 357 22!

298 457 525 516 sperans
556 439 616 499 in
643 457 800 509 eum,
831 456 950 497 non
982 438 1191 499 metuit
1233 436 1427 500 minus
1474 412 1791 497 adtersarii
1839 437 1933 493 di-
1962 436 2020 506 Α
2049 436 2267 507 quibus
2299 435 2520 510 protegi
2542 432 2762 507 nepetit
2791 429 3291 505 Propheta,donec
3316 421 3706 486 transeatinii

298 548 428 587 cens
457 548 470 586 :
504 529 562 584 in
594 546 689 585 me
716 533 899 595 sunt,
928 530 1107 594 Deus,
1154 532 1285 585 vota
1331 532 1452 585 tua.
1486 528 1527 583 C
1558 527 1683 594 Vel,
1718 543 1937 583 sermo-

298 636 445 684 nem,
474 618 531 674 id
562 623 653 675 est
682 616 1058 690 Evangelium
1081 618 1156 673 ab
1184 634 1281 677 ore
1310 616 1523 675 Christi
1549 616 1865 690 prolatum.

299 729 365 782 12
431 726 491 780 In
518 739 604 780 me
624 732 776 790 sunt,
811 728 953 780 Deus
984 733 1109 781 vota
1239 733 1337 781 tua
1378 730 1393 791 ζ

444 819 497 880 -:-
525 817 669 886 Quia
709 818 723 876 ζ
769 812 991 869 reddam
1024 815 1366 871 laudationes
1398 815 1520 870 tibi.

359 904 405 959 Η
435 903 561 959 Haec
591 905 730 958 sunt
758 906 893 958 vota
924 903 1244 976 Propheta,
1279 908 1345 959 ut
1392 902 1626 959 laudem
1676 900 1937 958 Domini-

292 1009 415 1049 cam
467 990 666 1048 sedule
717 990 991 1058 celebret,
1043 996 1103 1048 et
1164 1009 1270 1048 cur
1317 992 1438 1049 haec
1484 991 1656 1049 faciat
1705 990 1936 1062 adjecit,

290 1080 560 1154 quoniam
594 1080 884 1152 eripuisti.

289 1189 355 1244 i3
423 1188 693 1257 Quoniam
720 1187 980 1259 eripuisti
1030 1188 1277 1243 animam
1319 1203 1495 1255 meam
1542 1187 1608 1247 de
1654 1191 1846 1253 morte,
1890 1194 1946 1243 et

488 1275 649 1348 pedes
676 1291 821 1331 meos
850 1276 915 1331 de
943 1276 1099 1347 lapsu
1131 1295 1151 1331 :

423 1367 492 1422 Ut
514 1366 766 1439 placeam
794 1380 976 1421 coram
1007 1369 1117 1422 Deo
1148 1366 1205 1421 in
1239 1367 1449 1422 lumine
1477 1365 1814 1422 viventium.

350 1454 391 1510 C
416 1452 708 1521 Quoniam
738 1453 1006 1527 eripuisti
1038 1454 1298 1510 animum
1329 1456 1610 1523 meam,id
1642 1458 1938 1528 est,popu-

284 1542 363 1599 les
392 1542 596 1599 fideles
626 1543 697 1598 de
717 1546 903 1598 morte
933 1547 1299 1616 perpetua,et
1318 1543 1465 1599 bene
1486 1560 1655 1600 suam
1677 1544 1936 1600 animam

285 1637 484 1689 sancta
513 1630 871 1705 mater_dicit
898 1636 1179 1705 ereptam,
1213 1648 1341 1704 quas
1391 1632 1449 1687 in
1499 1631 1844 1689 liberatione
1875 1633 1935 1687 ti-

286 1720 492 1777 liorum
522 1700 833 1798 gaudeant.
867 1700 1018 1776 Dicit
1045 1737 1179 1776 vero
1206 1700 1384 1794 pedes
1413 1724 1644 1793 ereptos
1676 1738 1710 1777 a
1742 1721 1933 1797 lapsu,

285 1809 429 1881 quod
465 1826 582 1865 non
614 1808 684 1864 ﬁt
712 1808 826 1878 hic,
859 1810 959 1865 sed
989 1809 1049 1864 in
1081 1810 1252 1865 {ituro
1283 1809 1492 1865 smculo
1538 1811 1934 1881 praestabitur.
1972 1813 2017 1878 Β

286 1897 431 1953 Dum
493 1897 650 1952 enim
699 1895 1091 1953 ambulabunt
1127 1898 1276 1968 justi
1330 1899 1389 1953 in
1440 1898 1547 1954 hoc
1602 1894 1857 1967 mundo,
1880 1899 1939 1955 in

282 1985 441 2057 lapsu
473 1985 743 2053 sunt,sed
775 1984 1179 2041 misericordia
1206 1984 1403 2057 divina
1432 1987 1823 2043 continentur.
1844 1989 1942 2045 Sic

283 2073 492 2146 legitur
537 2092 557 2129 :
604 2073 831 2145 Septies
878 2073 1045 2129 cadet
1083 2075 1286 2145 justus
1336 2079 1392 2130 et
1449 2082 1717 2149 resurget
1748 2083 1941 2146 (Prov.

282 2164 448 2234 xxiv).
487 2163 533 2218 Η
565 2163 789 2218 Lumen
836 2161 1156 2218 viventium
1212 2163 1482 2220 Christus
1531 2170 1639 2235 est,
1682 2167 1781 2239 qui
1830 2167 1943 2222 sibi

286 2251 580 2324 placentes
609 2250 924 2307 illuminat.
956 2252 999 2307 C
1026 2251 1129 2308 Vel
1161 2253 1560 2310 manifestatio
1604 2259 1942 2313 sanctorum

290 2347 374 2397 est
399 2340 607 2397 lumen
637 2340 981 2396 viventium.

802 2464 1007 2503 ORATIO
1047 2464 1116 2503 EX
1154 2464 1313 2506 PSAL.
1358 2464 1442 2504 LV.

344 2552 655 2618 Bellorum
684 2552 1066 2615 invisibilium
1099 2555 1315 2626 optime
1336 2559 1862 2638 propugnator,qui
1886 2558 1943 2614 in

289 2644 340 2697 te
370 2642 623 2697 fidentes
654 2641 727 2697 ab
759 2641 1015 2697 inimicis
1045 2643 1213 2698 obrui
1244 2660 1358 2700 non
1389 2646 1701 2717 permittis,
1716 2651 1946 2722 exterge

290 2747 601 2802 precamur
632 2730 705 2785 ab
736 2729 921 2786 oculis
954 2731 1172 2788 nostris
1219 2734 1443 2805 peccati
1487 2733 1827 2809 lacrymam,
1881 2742 1947 2793 ut

289 2818 423 2874 dum
471 2817 740 2881 carnalia
786 2818 939 2874 bella
986 2820 1451 2894 comprimimus,
1479 2812 1704 2895 placere
1746 2824 1854 2880 tibi
1885 2824 1942 2880 in

286 2906 503 2964 lumine
533 2906 857 2964 viventium
889 2924 1240 2971 mercamur.
1291 2911 1399 2971 Per
1440 2911 1756 2975 Dominum
1805 2930 1941 2977 nos-

287 3000 436 3063 trum
457 2996 691 3065 Jesum,
720 3000 826 3055 etc.

858 3137 1190 3195 PSALMUS
1220 3138 1360 3195 LVI.

746 3242 1149 3284 ABGUMENTUM
1189 3244 1346 3284 PSAL.
1392 3247 1500 3285 LVI.

287 3333 326 3389 C
352 3333 422 3390 Ut
451 3333 730 3390 Christus
759 3334 1083 3400 secundum
1123 3334 1551 3399 humanitatem
1584 3354 1701 3410 qua
1727 3356 1942 3412 passus

351 3428 440 3479 est
467 3426 621 3490 orat,
657 3427 714 3478 et
742 3423 1194 3493 resurrectionis
1223 3442 1343 3480 suae
1394 3425 1641 3499 gloriam
1690 3443 1942 3493 comme-

353 3517 569 3581 morat,
603 3512 875 3586 Patrique
902 3513 1107 3571 laudes
1136 3515 1425 3577 decantat.

288 3620 393 3676 TT.
420 3622 485 3677 In
522 3621 691 3692 ﬁnem
719 3637 786 3676 ne
813 3621 1088 3693 disperdas
1110 3622 1287 3679 David
1315 3625 1375 3679 in
1402 3625 1555 3683 tituli
1584 3626 1941 3699 inscriptione

508 3726 639 3776 cum
659 3711 873 3781 fugeret
899 3728 931 3771 α
956 3711 1099 3781 facie
1125 3710 1261 3771 Saul
1291 3714 1347 3769 in
1377 3715 1713 3786 speluncam.

349 3800 389 3854 C
415 3798 504 3855 Ne
539 3798 843 3871 disperdas
873 3798 1055 3856 David
1085 3801 1443 3873 prohibetur.
1480 3803 1660 3861 David
1692 3821 1727 3861 a
1764 3805 1938 3862 Saulo

284 3886 636 3961 disperdi.ln
660 3887 814 3944 tituli
848 3888 1246 3961 inscriptione,
1281 3890 1389 3951 hoc
1421 3908 1542 3953 non.
1565 3892 1745 3949 David
1788 3910 1802 3949 :
1835 3895 1938 3952 sed

284 3973 339 4030 in
368 3976 648 4049 passione
677 3975 905 4034 Christo
935 3978 1142 4047 evenit,
1176 3995 1247 4039 ne
1278 3996 1317 4036 a
1340 3979 1520 4039 Pilato
1566 3981 1823 4055 scriptus
1861 3983 1938 4041 ti-

284 4064 441 4122 tulus
492 4068 823 4121 mutaretur
864 4067 1043 4137 (Joan.
1092 4068 1230 4140 xxx).
1295 4068 1443 4132 Cum
1498 4070 1742 4144 fugeret,
1803 4078 1935 4141 etc.,

287 4160 449 4223 actus
481 4153 594 4209 iste
624 4158 680 4210 et
708 4154 890 4211 David
925 4160 981 4210 et
1009 4155 1256 4218 Domino
1287 4159 1574 4220 convenit.
1607 4158 1755 4219 Nam
1786 4161 1940 4221 sicut

287 4241 431 4315 fugit
451 4242 637 4298 David
675 4260 711 4298 a
740 4244 885 4299 facie
936 4244 1072 4300 Saul
1125 4245 1185 4303 in
1232 4246 1596 4318 speluncam.
1628 4248 1711 4305 sic
1739 4249 1938 4313 Deitas

288 4330 630 4401 abscondita
688 4332 799 4388 fuit
853 4334 1093 4406 perfidis
1144 4332 1363 4395 Judaeis
1394 4335 1452 4393 in
1485 4354 1724 4410 corpore
1778 4338 1939 4397 Chri-

290 4420 385 4474 sti.

292 4508 316 4563 1
389 4510 643 4566 Miserere
670 4511 800 4580 mei,
832 4512 991 4579 Deus,
1022 4513 1281 4569 miserere
1313 4516 1423 4579 mei
1448 4534 1468 4569 :

388 4599 667 4670 Quoniam
701 4600 762 4657 in
792 4601 1090 4672 teconﬁdit
1110 4603 1303 4665 anima
1333 4619 1473 4670 mea,

355 4686 397 4741 C
425 4686 655 4744 Clamat
683 4687 950 4747 Christus
972 4690 1042 4755 ad
1069 4690 1395 4759 Patrenuex
1414 4706 1480 4761 ea
1504 4694 1663 4766 quod
1681 4694 1938 4757 futuram

290 4774 453 4831 scivit
482 4775 1130 4855 passionemﬂepetitio
1162 4778 1274 4843 ista
1307 4796 1320 4834 :
1355 4780 1682 4853 periculum
1731 4783 1940 4845 futurae

291 4864 494 4921 mortis
538 4865 816 4921 ostendit.
843 4867 1039 4923 Oravit
1068 4871 1295 4938 autem,
1340 4873 1407 4928 ut
1456 4871 1723 4947 regulam
1768 4872 1940 4941 nobis

292 4957 500 5015 sanctae
524 4953 814 5027 orationis
845 4956 1177 5021 ostenderet
1225 4973 1237 5012 :
1296 4974 1508 5033 passus
1543 4965 1781 5035 propter
1808 4979 1937 5032 nos,

292 5046 354 5096 ut
380 5042 581 5101 nullus
608 5060 714 5117 pro
746 5044 879 5118 ipso
902 5044 1024 5118 pati
1056 5044 1201 5103 velle
1232 5047 1501 5125 refugiat.

290 5150 326 5201 2
409 5154 468 5214 σξ-
496 5154 563 5206 Et
599 5154 614 5219 ξ
662 5150 721 5205 in
752 5152 950 5208 umbra
972 5152 1201 5211 alarum
1222 5162 1453 5219 tuarum
1476 5157 1704 5228 sperabo
1728 5176 1750 5212 .-

393 5239 571 5301 Donec
598 5243 845 5301 transeat
872 5242 1156 5313 iniquitas.

359 5325 406 5381 H
437 5325 656 5384 Umbra
682 5328 844 5389 enim
871 5329 1183 5408 signiﬁcat.
1205 5332 1625 5406 protectionem
1657 5334 1940 5392 Divinita-

291 5414 389 5475 tis.
433 5416 690 5479 Acalore
720 5418 877 5477 enim
908 5419 1289 5495 solis,umbra
1337 5422 1647 5494 quaeritur:
1690 5425 1798 5482 sed
1842 5443 1943 5497 per

292 5502 897 5585 calorem,persecutio
926 5509 1012 5566 vel
1044 5509 1346 5571 tribulatio
1402 5510 1768 5587 intelligitur.
1802 5515 1939 5578 Duae

294 5591 938 5663 aladuoTestamtanta
968 5597 1057 5663 vel
1099 5599 1216 5663 duo
1260 5605 1551 5675 praestita
1574 5602 1876 5673 charitatis
1922 5621 1936 5664 :

2047 527 2264 600 quitus,
2297 524 2354 581 id
2387 530 2475 581 est
2503 522 2776 585 diabolus
2803 538 2938 579 cum
2970 522 3097 578 suis
3126 518 3499 578 satellitibus.

2044 646 2080 701 3
2155 644 2412 701 Clamabo
2439 642 2509 697 ad
2542 647 2712 698 Deum
2740 640 3071 707 altissimum
3107 656 3119 694 :
3220 649 3226 654 '

2154 735 2322 790 Deum
2350 734 2448 805 qui
2478 733 2607 795 bene
2633 732 2765 802 fecit
2788 730 2955 796 mihi,

2117 842 2158 898 C
2189 841 2413 896 Clamat
2435 837 2531 895 ille
2561 838 2635 901 ab
2665 836 3031 901 humanitate
3059 838 3350 906 suscepta,
3396 850 3433 893 a
3460 850 3575 915 quo
3606 850 3702 891 su-

2046 948 2238 1009 pernae
2269 933 2545 988 'creaturae
2578 945 2692 993 non
2723 926 3003 985 desinunt
3030 940 3199 997 opem
3243 921 3556 995 postulare.
3591 921 3700 995 Qui

2046 1021 2193 1083 bene
2226 1020 2358 1079 fecit
2388 1017 2555 1085 mihi,
2590 1017 2698 1072 hoc
2728 1013 3022 1089 signiﬁcat
3045 1028 3324 1073 arcanum
3351 1011 3700 1075 Incarnatio-

2048 1109 2141 1177 nis
2170 1107 2427 1173 Domini,
2456 1103 2609 1179 quod
2639 1104 2899 1161 humano
2928 1101 3125 1176 generi
3155 1098 3351 1157 divina
3380 1098 3570 1173 gratia
3588 1096 3701 1155 col-

2045 1197 2231 1255 latum
2263 1202 2372 1254 est.

2047 1318 2080 1372 4
2153 1316 2298 1372 Misit
2326 1313 2391 1369 de
2418 1313 2554 1370 creto
2581 1320 2633 1369 et
2663 1312 2919 1371 liberavit
2942 1326 3047 1375 me,
3705 1378 3719 1393 ‘

2152 1404 2311 1462 Dedit
2378 1406 2438 1459 in
2500 1402 2855 1474 opprobrium
2917 1397 3289 1457 conculcantes
3353 1411 3457 1451 me.
3521 1396 3700 1466 Diap-

2223 1494 2419 1551 salma.

2118 1601 2160 1665 C
2191 1600 2349 1657 Misit
2377 1600 2448 1655 de
2479 1597 2762 1663 cmlo,non
2796 1594 3091 1669 angelum,
3124 1608 3237 1647 non
3271 1590 3529 1663 aliquam
3552 1604 3702 1645 crea-

2046 1690 2371 1757 turam,sed
2402 1686 2661 1760 intelligo
2682 1684 2963 1743 auxilium
2988 1698 3257 1755 supernas
3272 1678 3538 1752 potentiae
3559 1695 3698 1734 suos.

2047 1779 2437 1854 Opprobrium
2499 1774 2986 1850 persequentibus
3048 1769 3177 1831 fuit.
3232 1767 3466 1842 quando
3534 1765 3700 1822 illum

2053 1886 2226 1943 quem
2260 1885 2323 1924 se
2342 1866 2658 1924 credebant
2684 1864 3056 1937 exstinguere
3082 1860 3351 1915 viderunt
3377 1872 3702 1929 resurgere,

2052 1963 2109 2015 et
2140 1957 2341 2014 fideles
2370 1955 2617 2030 populos
2644 1954 2715 2009 de
2747 1951 2934 2026 ipsius
2964 1947 3384 2006 resurrectione
3425 1946 3698 2019 gaudere.

2051 2078 2088 2133 5
2163 2076 2317 2132 Misit
2381 2075 2522 2130 Deus
2590 2068 3026 2127 misericordiam
3088 2082 3248 2122 suam
3310 2071 3364 2120 et
3422 2063 3701 2132 veritatem

2228 2180 2388 2220 suam
2422 2178 2436 2218 Ξ

2175 2260 2229 2321 -ἐ-
2258 2259 2327 2313 Et
2368 2257 2382 2320 ζ
2424 2252 2631 2323 eripuit
2658 2251 2907 2307 animam
2937 2262 3111 2301 meam
3158 2244 3223 2305 de
3273 2241 3445 2298 medio
3487 2239 3700 2303 catulo-

2228 2361 2355 2405 rum
2386 2344 2603 2399 leonum
2636 2358 2649 2397 :
2681 2339 2919 2396 domiivi
2936 2335 3309 2392 conturbatus.

2124 2463 2170 2519 Η
2202 2458 2599 2519 Misericordia
2627 2460 2686 2513 et
2712 2454 2925 2513 veritas
2953 2450 3220 2513 Christus
3247 2452 3356 2515 est,
3388 2462 3561 2520 quem
3596 2445 3703 2505 Pa-

2053 2557 2143 2609 ter
2174 2553 2243 2608 de
2274 2549 2417 2607 ccelo
2448 2548 2613 2611 misit
2641 2547 2700 2604 in
2733 2544 3048 2609 mundum,
3080 2557 3183 2596 nec
3217 2556 3334 2597 una
3363 2536 3491 2595 sine
3524 2534 3705 2597 altera

2053 2658 2183 2699 esse
2211 2638 2484 2717 potuit.Si
2517 2637 2643 2697 sola
2670 2632 3073 2694 misericordia
3100 2629 3328 2694 fuisset,
3360 2623 3594 2684 licentia
3619 2640 3706 2685 ca-

2054 2736 2142 2788 sei.
2170 2712 2447 2807 peccandi
2472 2744 2485 2782 :
2518 2731 2577 2784 et
2605 2724 2656 2783 si
2685 2724 2810 2782 sola
2831 2722 3046 2779 veritas
3077 2734 3307 2795 pmnam
3339 2732 3455 2807 non
3487 2712 3706 2807 pot-uis-

2054 2820 2135 2878 sei
2175 2803 2361 2876 homo
2413 2816 2721 2873 sustinere.
2765 2814 2807 2873 C
2852 2809 3045 2871 Catuli
3094 2811 3330 2871 leonum
3362 2821 3377 2861 ε
3410 2803 3705 2878 significat

2054 2910 2285 2984 plebem
2331 2908 2691 2971 Judaeorum,
2740 2918 2916 2974 quam
2968 2897 3265 2975 principes
3287 2899 3343 2952 et
3372 2892 3703 2984 sacerdotes

2053 2983 2173 3072 (qui
2208 3001 2348 3054 sunt.
2375 2994 2593 3067 leones)
2623 2990 2788 3050 ferali
2836 2989 3137 3049 voluntate
3176 2985 3524 3063 genuerunt,
3568 2983 3703 3072 Dor-

2053 3067 2218 3145 mivit
2246 3084 2538 3145 altissima
2567 3081 2761 3155 quiete
2787 3080 2845 3135 in
2887 3093 3080 3153 cruce,
3109 3072 3491 3138 conturbatus
3521 3085 3555 3124 a
3584 3067 3701 3124 Ere-

1973 3181 2016 3249 C
2051 3178 2202 3236 mitu
2219 3176 2578 3233 Judaorum.

2049 3296 2093 3351 6
2158 3294 2299 3349 Filii
2328 3291 2612 3347 hominum
2638 3288 2820 3344 dentes
2848 3300 3038 3343 eorum
3062 3296 3222 3337 arma
3249 3286 3301 3344 et
3327 3277 3551 3347 sagittae
3579 3290 3592 3330 :

2160 3386 2227 3439 Et
2256 3381 2448 3452 lingua
2474 3394 2658 3435 eorum
2690 3374 2909 3446 gladius
2938 3379 3148 3428 acutus.

2121 3487 2163 3543 C
2196 3486 2323 3543 Filii
2355 3483 2660 3541 hominum
2696 3478 2969 3552 sunt,qui
2998 3478 3059 3533 in
3090 3491 3230 3532 nece
3258 3470 3490 3531 Domini
3520 3468 3705 3542 impia

2050 3573 2352 3631 voluntate
2382 3571 2712 3629 saeviebant.
2746 3569 3003 3633 Quorum
3036 3566 3239 3621 dentes
3269 3562 3505 3617 fuerunt
3540 3573 3705 3614 arma

2050 3667 2109 3719 et
2138 3664 2383 3735 sagittae,
2414 3660 2472 3717 id
2501 3664 2591 3716 est
2629 3656 2875 3714 consilia
2903 3653 3181 3729 pessima,
3214 3655 3272 3709 et
3298 3650 3475 3706 verba
3502 3645 3701 3703 volan-

2047 3752 2132 3808 tla
2164 3730 2237 3808 ad
2266 3748 2662 3823 operationem
2694 3745 3110 3803 mortis.Acuto
3140 3741 3335 3816 gladio
3362 3730 3723 3809 comparant;

2002 3876 2010 3883 -
2051 3845 2152 3898 tur
2179 3857 2350 3896 voces
2382 3838 2493 3895 illa;
2525 3855 2654 3911 quae
2685 3836 2958 3892 dicebant
2990 3851 3002 3889 :
3044 3831 3356 3903 Cruciﬁge,
3405 3824 3699 3898 cruciﬁge,

2050 3929 2329 4002 quoniam
2350 3928 2504 3985 sicut
2521 3929 2730 3981 acutus
2759 3923 2917 3980 ensis
2945 3918 3316 3992 celerrimum
3336 3915 3542 3972 mortis
3566 3929 3703 3986 ope-

2049 4022 2211 4075 ratur
2237 4016 2619 4083 eiliectum,ita
2648 4017 2707 4070 et
2736 4012 2837 4069 illa
2862 4011 3039 4068 verba
3062 4028 3076 4066 :
3101 4009 3336 4065 citatam
3369 4003 3530 4062 exitii
3552 4017 3706 4059 com-

2046 4108 2273 4183 plevere
2304 4105 2677 4162 sententiam.

2046 4226 2081 4278 7
2158 4224 2419 4282 Ecatlare
2446 4237 2610 4294 super
2636 4221 2797 4276 caelos
2824 4219 2965 4283 Deus
3007 4221 3020 4281 ζ

2170 4319 2226 4378 -I-
2248 4316 2317 4368 Et
2358 4317 2373 4377 ζ
2416 4313 2475 4367 in
2502 4324 2713 4367 omnem
2745 4313 2948 4365 terram
2975 4305 3154 4377 gloria
3182 4308 3296 4357 tua.

2120 4411 2162 4473 C
2189 4408 2453 4469 Exaltare
2484 4426 2498 4463 :
2531 4412 2595 4463 ut
2625 4406 2887 4479 pendens
2917 4404 2974 4458 in
3007 4418 3207 4471 cruce;
3240 4416 3472 4472 semper
3510 4397 3570 4453 in
3600 4400 3700 4453 tua

2051 4500 2354 4572 majestate
2385 4494 2755 4572 cognosceris
2784 4510 3045 4568 regnare,
3076 4496 3263 4566 Super
3308 4489 3482 4547 oculos
3531 4487 3696 4559 dixit,

1969 4553 2016 4623 Β
2050 4589 2187 4662 quia
2216 4587 2500 4656 Dominus
2547 4594 2832 4660 Supernas
2879 4584 3121 4647 virtutes
3172 4580 3437 4644 noscitur
3486 4577 3699 4641 habere

2051 4679 2366 4751 subjectus,
2395 4680 2451 4732 et
2481 4676 2759 4748 quoniam
2802 4673 3123 4730 ascendens
3170 4687 3346 4743 super
3388 4666 3562 4731 cmlos
3609 4682 3697 4723 se-

2049 4769 2311 4841 densque
2341 4766 2413 4822 ad
2440 4764 2625 4831 Patris
2655 4765 2951 4829 dexteram
2981 4761 3340 4836 gloriﬁcatus
3370 4761 3477 4813 est.
3510 4754 3697 4812 Glori-

2050 4858 2261 4913 ficatus
2312 4860 2402 4911 est
2449 4870 2684 4926 quoque
2744 4870 2921 4925 super
2974 4854 3211 4913 terram,
3244 4845 3478 4919 quando
3508 4847 3696 4900 totum

2049 4945 2338 5011 mundum
2368 4942 2552 5015 replet
2580 4940 2854 5008 Ecclesia,
2881 4939 2939 4995 in
2963 4953 3079 5009 qua
3105 4934 3311 5003 laudes
3338 4933 3454 5000 Deo
3474 4930 3699 5006 jugiter

2049 5033 2455 5095 concinuntur.

2049 5152 2084 5206 8
2155 5151 2432 5220 Laqueum
2459 5152 2789 5219 paraverunt
2812 5141 3041 5215 pedibus
3067 5139 3202 5207 meis
3234 5157 3247 5196 :

2160 5243 2225 5295 Et
2254 5239 2681 5293 incurvaverunt
2706 5235 2955 5291 animum
2985 5248 3179 5288 nteant.

2121 5337 2167 5391 Η
2208 5336 2506 5406 Laqueum
2558 5335 2906 5403 paraverunt
2958 5348 2970 5386 :
3020 5346 3156 5386 cum
3212 5327 3697 5400 interrogationes

2049 5424 2278 5481 Christo
2305 5422 2633 5481 inferebant
2680 5419 2931 5478 dolosas.
2981 5419 3073 5477 Sic
3119 5434 3352 5492 quoque
3390 5416 3697 5473 voluerunt

2050 5514 2346 5573 Christum
2392 5511 2717 5579 incurvare,
2757 5514 2821 5567 ut
2868 5526 2985 5566 non
3036 5507 3438 5565 nominaretur
3485 5519 3693 5563 nomen

2012 5680 2017 5685 Ι
2048 5604 2197 5676 ejus.
