4054 6168
296 234 415 313 223

286 368 338 425 θ
408 365 685 427 Foderunt
710 376 836 429 ante
862 371 1061 443 faciem
1089 387 1267 428 meam
1293 373 1505 445 foveam
1540 391 1552 431 :

416 463 482 516 Et
512 460 828 518 inciderunt
855 463 917 518 in
943 478 1082 519 eam.
1117 462 1453 534 Diapsalma.

377 547 419 604 C
447 554 600 607 Bene
631 550 794 607 fovea
822 538 1355 625 dibciturﬁententia
1384 553 1744 626 mortis,quae
1776 554 1955 611 mittit

307 638 377 692 ad
412 636 941 696 foveam.Dixerunt
964 640 1119 696 enim
1156 658 1169 697 :
1203 641 1358 697 Reus
1387 645 1477 698 est
1507 642 1797 714 mortis,et
1824 644 1954 701 ideo

307 726 448 784 dicti
478 732 620 785 sunt
643 728 865 785 foveam
897 730 1109 798 fodere,
1142 729 1283 802 quia
1309 731 1421 787 visi
1459 736 1600 788 sunt
1642 749 1777 789 eum
1828 733 1954 788 neci

305 816 638 877 tradidisse.
671 819 741 875 Et
767 818 879 891 ipsi
909 818 1261 875 inciderunt.
1296 819 1499 876 Omnis
1549 821 1711 878 enim
1735 820 1958 893 injusta

307 923 416 963 vox
448 925 461 964 :
492 924 632 964 suos
662 898 903 963 damnat
933 913 1223 975 auctores,
1249 912 1306 966 et
1335 913 1649 982 antequam
1673 910 1837 967 alteri
1860 927 1959 967 no-

311 999 436 1052 ceat
463 1014 476 1052 :
512 1013 574 1053 se
601 997 765 1070 prius
794 997 922 1069 ipsa
950 998 1322 1054 condemnat.
1355 997 1401 1054 Η
1434 998 1791 1066 Inciderunt,
1823 1015 1958 1056 cum

311 1090 443 1157 post
475 1086 959 1143 resurrectionem
987 1086 1217 1142 Domini
1244 1086 1498 1144 inimicis
1528 1088 1749 1160 traditi,
1782 1089 1956 1161 capti,

310 1173 596 1232 interfecti
628 1180 684 1231 et
714 1174 965 1249 dispersi
990 1180 1147 1233 sunt.

280 1330 293 1347 ι
314 1265 382 1319 10
455 1269 720 1321 Paratum
749 1282 842 1321 cor
870 1281 1052 1322 meum
1078 1273 1215 1323 Deus
1240 1274 1499 1339 paratum
1527 1283 1620 1324 cor
1646 1284 1829 1324 meum
1861 1285 1874 1323 :

410 1352 411 1355 “
456 1354 692 1411 Cantabo
722 1362 776 1411 ct
799 1356 1073 1426 psalmum
1100 1356 1299 1412 dicam.

385 1448 425 1499 c
444 1443 579 1516 Agit
607 1442 789 1500 Filius
818 1444 1036 1516 gratias
1070 1445 1355 1518 Patri,per
1381 1445 1437 1501 id
1472 1463 1575 1519 per
1604 1447 1759 1519 quod
1789 1448 1845 1502 et
1874 1463 1962 1502 re-

315 1530 569 1587 surrexit
583 1548 617 1588 a
634 1532 1180 1590 mortuis.Paratum
1210 1551 1273 1590 se
1289 1534 1431 1591 dicit
1460 1536 1531 1593 ad
1563 1535 1820 1608 agendas
1839 1551 1966 1608 gra-

317 1621 450 1687 tias,
481 1619 619 1693 quia
648 1619 762 1677 sibi
791 1620 1010 1678 sciebat
1037 1625 1342 1680 venturam
1391 1622 1636 1696 gloriam
1676 1639 1964 1681 resurrec-

318 1711 516 1765 tionis.
549 1713 793 1766 Cantare
841 1711 1119 1780 diximus,
1166 1712 1385 1785 gratias
1441 1712 1679 1769 vocibus
1733 1713 1965 1769 referre.

319 1799 624 1855 Psalmum
672 1799 883 1868 dicere,
931 1800 1287 1874 praedicabili
1337 1801 1564 1858 actione
1612 1800 1776 1858 illum
1837 1801 1963 1857 lau-

320 1888 478 1944 dare.

320 1976 383 2035 li
407 2010 422 2020 -
463 1981 707 2051 Exsurge
753 1979 933 2049 gloria
977 1996 1118 2049 mea,
1170 1997 1405 2052 exsurge
1444 1983 1777 2055 psalterium
1814 1989 1865 2038 et
1890 1981 1968 2036 ci-

532 2068 710 2125 thara.
1172 2124 1175 2125 ν
1578 2124 1581 2125 ν
1600 2094 1603 2095 ν

465 2162 775 2228 Exsurgam
801 2158 1064 2216 diluculo.

394 2246 435 2302 Ο
464 2246 719 2320 Exsurge
743 2246 956 2305 dicitur
983 2248 1152 2322 quasi
1183 2267 1377 2324 surge,
1409 2251 1481 2307 ad
1516 2249 1868 2307 miraculum
1895 2248 1974 2305 fa-

323 2334 596 2392 ciendum
623 2352 903 2411 :exsurge
922 2337 1267 2410 psalterium
1295 2344 1349 2396 et
1379 2337 1973 2396 cithara.Psalterium

324 2422 435 2480 fuit
466 2442 479 2479 :
513 2426 748 2498 quando
780 2427 1132 2500 operabatur
1175 2427 1371 2485 divina
1415 2430 1710 2486 mandata.
1742 2427 1978 2484 Cithara

324 2531 457 2572 vcro
492 2530 505 2571 :
538 2514 853 2589 gloriosam
884 2516 1216 2590 passionem
1267 2517 1576 2591 signiﬁcat,
1611 2534 1739 2590 quae
1788 2517 1976 2573 tensis

326 2604 521 2673 nervis
559 2608 616 2661 et
644 2604 878 2663 ossibus
924 2606 1310 2664 dinumeratis
1360 2607 1633 2674 virtutem
1682 2605 1974 2681 patientiae

327 2695 699 2782 personabat.
733 2694 997 2752 Surrexit
1026 2695 1306 2766 diluculo,
1332 2697 1487 2770 quod
1519 2701 1610 2753 est
1648 2696 1799 2752 inter
1828 2699 1980 2751 tene-

327 2782 465 2838 bras
497 2782 684 2840 noctis
713 2788 770 2840 et
797 2783 1122 2842 claritatem
1154 2785 1272 2843 Dei.

330 2874 399 2928 12
473 2872 772 2945 Conﬁtebor
801 2873 902 2931 tibi
930 2876 986 2930 in
1008 2875 1251 2948 populis,
1285 2877 1522 2933 Domine
1555 2893 1568 2931 :

467 2965 538 3019 Et
551 2963 829 3035 psalmum
859 2963 1039 3021 dicam
1062 2966 1170 3020 tibi
1189 2967 1250 3020 in
1277 2965 1547 3037 gentibus.

400 3050 447 3106 Η
477 3050 809 3109 Conﬂtebor
860 3052 986 3124 tibi,
1045 3053 1155 3110 hoc
1206 3057 1317 3123 est,
1349 3057 1661 3127 postquam
1725 3068 1981 3109 resurre-

316 3145 560 3213 .xero:te
582 3139 642 3198 in
661 3141 896 3216 populis
917 3141 1264 3201 Christianis
1298 3126 1571 3200 laudabo.
1604 3143 1646 3199 C
1674 3141 1974 3199 Psalmum
2005 3126 2047 3194 C

329 3229 541 3300 dicam,
575 3230 712 3302 quia
739 3249 844 3304 per
873 3249 1077 3289 omnes
1098 3237 1301 3305 gentes
1333 3249 1347 3288 :
1379 3232 1600 3305 linguis
1622 3230 1798 3288 variis
1828 3229 1982 3304 psal-

332 3318 529 3375 modia
557 3319 801 3378 Domino
832 3321 1037 3378 devota
1063 3326 1257 3378 mente
1288 3321 1655 3395 persolvitur.

335 3407 399 3462 13
474 3408 746 3476 Quoniam
771 3408 1134 3481 magniﬁcata
1160 3418 1237 3467 est
1263 3427 1433 3483 usque
1469 3411 1539 3466 ad
1584 3410 1742 3467 catos
1770 3410 1983 3466 miseri-

543 3496 732 3554 cordia
763 3506 858 3555 tua
890 3517 904 3555 :
1568 3498 1572 3503 ’

477 3591 543 3645 Et
571 3603 741 3660 usque
769 3587 839 3643 ad
867 3588 1036 3645 nubes
1068 3589 1272 3644 veritas
1303 3595 1421 3655 tua,

319 3719 348 3738 .
407 3678 447 3730 II
479 3674 852 3755 Magnificam
881 3679 973 3732 est
1002 3674 1418 3745 misericordia,
1442 3676 1581 3749 quia
1628 3676 1860 3732 Domini
1892 3692 1981 3732 re-

335 3763 692 3820 surrectione
722 3763 1024 3835 pacificate
1041 3767 1180 3820 sunt
1197 3764 1397 3821 omnia
1427 3764 1737 3838 Patri,quaa
1760 3765 1818 3821 in
1839 3764 1981 3821 ccelo

335 3858 391 3910 et
422 3870 549 3925 qua:
580 3851 640 3907 in
671 3857 824 3910 terra
852 3856 1055 3909 sunt.C
1074 3853 1270 3910 Nubes
1292 3852 1626 3927 significant
1646 3853 1980 3927 prophetas,

269 3936 279 3947 “
335 3958 484 4015 quos
514 3941 736 4016 irrigua
762 3942 975 3999 veritas
1007 3943 1262 4016 Spiritus
1292 3942 1501 4012 sancti,
1525 3942 1682 3999 velut
1710 3942 1982 4017 copiosus

336 4032 524 4089 imber
551 4030 813 4105 implevit
846 4048 859 4087 :
894 4035 951 4089 et
979 4031 1197 4089 caelesti
1228 4033 1386 4090 fonte
1412 4032 1627 4105 satiati,
1661 4049 1837 4106 super
1874 4037 1985 4089 ste-

336 4119 473 4178 riles
500 4123 829 4195 peccatores
858 4121 1183 4196 spiritualis
1211 4122 1385 4196 copia
1416 4122 1571 4179 dona
1601 4122 1897 4180 fuderunt.

338 4210 405 4269 14
480 4211 739 4269 Exaltare
766 4228 930 4285 super
957 4212 1130 4279 castos,
1162 4215 1321 4277 Deus.

483 4305 546 4358 Et
571 4318 735 4374 super
761 4318 977 4359 omnem
1003 4310 1208 4359 terram
1233 4303 1413 4375 gloria
1441 4312 1557 4360 tua.

413 4392 455 4449 ll
486 4390 771 4459 Exaltare,
805 4391 1092 4465 Propheta
1119 4391 1242 4448 haec
1274 4391 1510 4461 dicit,de
1540 4391 1793 4466 gloriosa
1828 4390 1990 4448 Chri-

1246 216 1311 299 s.
1359 236 1749 303 BRUNONIS
1796 239 2412 305 HEBBIPOLENSIS
2460 240 2837 304 EPISGOPI.

1983 376 2040 444 Α

3590 235 3713 309 224

2213 377 2327 434 ΤΤ.
2357 379 2423 434 In
2448 378 2614 449 ﬁnem
2642 392 2710 434 ne
2736 373 2989 448 diperdas
3016 370 3191 431 David
3217 373 3279 429 in
3306 366 3459 429 tituli
3487 372 3571 428 in-

2726 466 3038 538 scriptione.
3120 502 3123 503 ν

2134 555 2175 611 C
2203 555 2619 612 Commonetur
2647 555 2846 627 itaque
2875 553 3114 610 Pontius
3141 550 3460 620 Pilatus,ne
3489 549 3714 624 disper-

2064 644 2165 700 dat
2195 644 2481 717 scriptum
2507 642 2764 711 titulum,
2793 642 2894 716 qui
2924 658 3120 716 regem
3158 639 3473 698 Dominum
3520 637 3715 697 decla-

2066 733 2252 790 rabat.
2288 734 2503 806 Regem
2545 734 2703 789 enim
2753 731 2921 789 illum
2979 730 3112 804 quis
3153 729 3382 802 poterit
3418 718 3649 784 abolere
3700 744 3714 783 :

2066 839 2241 895 quem
2272 825 2502 878 constat
2530 838 2658 878 esse
2689 820 2816 878 coeli
2846 824 3128 893 terraeque
3158 817 3508 875 Creatorem.

2074 915 2094 966 1
2173 912 2237 968 Si
2263 927 2385 968 vere
2414 913 2604 983 utique
2621 911 2900 983 justitiam
2930 909 3164 981 loquimi
3193 926 3212 963 :

2174 1007 2333 1059 Recte
2351 1000 2600 1073 judicate
2625 1001 2736 1070 ﬁlii
2763 999 3068 1055 hominum.
3120 1054 3125 1057 .

2140 1092 2181 1148 C
2210 1092 2556 1164 Loquuntur
2574 1089 2730 1145 enim
2752 1087 2938 1145 Judaei
2960 1085 3108 1142 falso
3120 1084 3416 1158 justitiam
3445 1082 3720 1157 legis,qui

2069 1197 2186 1237 non
2218 1184 2358 1237 sunt
2387 1176 2910 1252 rectajudicaturi;
2941 1193 3074 1232 vere
3103 1174 3261 1232 enim
3283 1175 3450 1246 justa
3478 1172 3727 1246 loquun-

2070 1269 2293 1342 tur,qui
2318 1271 2485 1341 justa
2514 1267 2722 1324 facturi
2753 1266 3122 1323 sunt.Sermo
3150 1264 3308 1322 enim
3339 1267 3569 1319 rectus:
3593 1262 3725 1321 vita:

2072 1359 2243 1415 debet
2270 1370 2399 1415 esse
2428 1355 2894 1414 consimilis.Hic
2922 1354 3119 1429 arguit
3148 1352 3429 1427 propheta
3455 1367 3624 1408 voces
3657 1350 3727 1407 il-

2072 1447 2286 1514 lorum,
2322 1448 2555 1520 quando
2586 1445 2784 1502 dolose
2823 1444 3098 1502 dicebant
3129 1461 3142 1499 :
3174 1442 3472 1516 Magister,
3503 1441 3730 1498 scimus

2075 1538 2215 1610 quia
2243 1555 2276 1593 a
2306 1538 2420 1594 Deo
2450 1535 2679 1593 venisti.
2712 1536 2839 1592 Non
2888 1537 3041 1591 recte
3082 1532 3446 1604 judicabant,
3491 1530 3730 1603 quando

2076 1626 2259 1684 Pilato
2286 1627 2558 1683 dicebant
2590 1643 2603 1681 :
2638 1625 2942 1697 Crucitige,
2967 1622 3313 1696 cruciﬁge.‘

2075 1720 2112 1772 2
2183 1716 2397 1772 Etenim
2426 1717 2483 1770 in
2512 1714 2671 1772 corde
2698 1716 3016 1787 iniquitates
3044 1713 3351 1785 operamini
3379 1714 3439 1768 in
3469 1715 3617 1769 terra
3637 1729 3657 1766 :

2144 1826 2157 1839 ο
2188 1805 2500 1877 Injustitias
2530 1821 2722 1861 manus
2749 1812 2944 1861 vestrae
2969 1804 3317 1861 concinnant.

2149 1895 2191 1950 Ο
2220 1893 2450 1951 Etenim
2486 1892 2546 1950 in
2579 1894 2770 1963 corde,
2805 1910 2872 1949 ac
2899 1892 2951 1949 si
2981 1891 3199 1948 diceret
3229 1907 3243 1947 :
3276 1890 3579 1955 Quomodo
3626 1905 3731 1962 po-

2081 1983 2281 2042 tuistis
2312 1983 2383 2040 de
2412 1999 2504 2039 me
2525 1981 2920 2054 judicare,qui
2952 1980 3012 2036 in
3043 1980 3214 2037 corde
3242 1982 3434 2035 vestro
3455 1976 3733 2050 iniquita-

2081 2078 2169 2129 tes
2199 2069 2563 2146 operamini?
2592 2070 2692 2127 ubi
2723 2070 3044 2143 perfectum
3066 2072 3155 2126 est
3168 2068 3392 2127 crimen
3411 2070 3732 2141 antequam

2080 2162 2185 2218 ﬁat
2219 2160 2709 2236 perpetratum.ln
2741 2163 2897 2216 terra
2926 2159 3086 2227 dicit,
3115 2158 3173 2214 in
3205 2174 3418 2215 arcano
3445 2155 3731 2230 pectoris;

2082 2268 2294 2307 manus
2324 2250 2619 2324 signiﬁcat
2645 2266 2738 2306 res
2769 2247 3037 2319 actuales
3075 2246 3283 2317 malas,
3317 2263 3444 2319 qua:
3494 2245 3735 2302 concin-

2081 2346 2299 2397 nantur
2329 2342 2520 2396 mente
2546 2356 2558 2395 :
2584 2338 2820 2412 quando
2848 2354 2919 2395 ex
2946 2336 3150 2394 multis
3172 2335 3436 2410 partibus
3457 2334 3571 2391 sibi
3600 2351 3736 2392 con-

2081 2430 2239 2486 venit
2268 2429 2618 2503 perversitas
2639 2429 2914 2485 adunata.

2082 2520 2117 2574 3
2188 2518 2433 2577 Alienati
2457 2525 2587 2574 sunt
2623 2523 2927 2590 peccatores
2979 2534 3014 2572 a
3058 2516 3219 2573 vulva
3247 2533 3265 2569 :
3298 2520 3622 2572 erraverunt
3667 2512 3739 2568 ab

2261 2617 2414 2665 utero
2445 2625 2464 2661 :

2190 2700 2381 2756 Locuti
2401 2706 2532 2755 sunt
2558 2698 2723 2771 falsa.

2157 2788 2199 2845 C
2226 2786 2430 2845 Merito
2460 2803 2600 2861 ergo
2630 2787 2918 2859 projectos
2940 2784 3081 2842 dicit
3101 2786 3434 2857 peccatores
3453 2786 3740 2854 tanquam

2086 2876 2379 2934 abortivos
2408 2894 2443 2933 a
2469 2874 2642 2932 vulva
2671 2872 3066 2947 Ecclesim,qui
3099 2871 3264 2929 nulla
3290 2871 3567 2929 doctrina:
3596 2886 3746 2927 cou-

2087 2966 2418 3023 firmatione
2447 2965 2697 3038 perfecte
2727 2963 2937 3020 imbuti
2969 2961 3238 3030 sunt,sed
3268 2965 3550 3032 tanquam
3582 2962 3747 3016 tene-

2088 3056 2204 3113 brae
2224 3055 2467 3128 pecudis
2485 3055 2710 3111 iatuata
2725 3051 3024 3120 mollities,
3048 3069 3166 3108 non
3185 3051 3256 3109 ad
3275 3050 3466 3107 lucem
3479 3047 3739 3115 vitalem,

2086 3144 2189 3201 sed
2219 3143 2279 3200 in
2310 3143 2564 3217 perfidia
2594 3143 2865 3208 tenebras
2896 3138 3471 3214 probanturadjecti.
3501 3138 3569 3194 Et
3588 3141 3745 3195 recte

2088 3232 2348 3290 Ecclesia
2404 3236 2638 3290 uterum
2688 3231 2905 3288 habere
2947 3229 3184 3296 dicitur,
3233 3245 3361 3302 quae
3405 3243 3513 3283 nos
3569 3242 3740 3284 sacro

2087 3322 2440 3396 baptismate
2456 3321 2673 3395 genuit
2700 3320 2760 3377 in
2791 3322 3131 3394 perpetuam
3160 3317 3748 3376 lucem.Erraverunt

2089 3412 2161 3468 ab
2192 3415 2356 3468 utero
2386 3410 2489 3483 qui
2518 3409 2812 3469 contraria
2840 3407 3010 3465 matri
3042 3408 3318 3480 dogmata
3356 3405 3540 3463 secuti
3582 3411 3743 3468 sunt.

2090 3501 2207 3574 Ipsi
2237 3505 2295 3557 et
2324 3500 2472 3557 falsa
2496 3498 2673 3557 locuti
2703 3501 2843 3556 sunt
2874 3514 2887 3553 :
2921 3497 3022 3570 qui
3072 3497 3144 3554 ab
3193 3496 3321 3568 ejus
3350 3495 3572 3552 sanctis
3601 3494 3744 3551 doc-

2090 3589 2262 3647 trinis
2293 3593 2650 3647 erraverunt.

2091 3681 2125 3736 4
2196 3682 2371 3735 Furor
2398 3679 2515 3735 illis
2543 3677 2843 3735 secundum
2869 3676 3294 3734 similitudinem
3319 3677 3587 3747 serpentis
3617 3694 3636 3729 :

2196 3768 2348 3825 Sicut
2376 3768 2583 3841 aspidis
2610 3767 2798 3825 surdae
2816 3773 2867 3825 et
2892 3766 3197 3824 obturantis
3224 3780 3385 3821 aures
3412 3781 3563 3820 suas.

2163 3858 2204 3914 C
2232 3856 2672 3914 Obstinatorum
2702 3856 3039 3914 Judmorum
3062 3855 3223 3911 furor
3241 3850 3638 3910 irrevocabilis
3659 3856 3754 3910 est

2091 3948 2245 4005 sicut
2274 3946 2815 4019 serpentis,Quibus
2831 3944 3009 4003 etiam
3031 3943 3188 4001 mala
3203 3942 3563 4000 consuetudo
3591 3941 3751 4014 aspi-

2094 4037 2609 4109 disgcomparatur,
2643 4052 2771 4109 quae
2800 4051 2873 4091 ne
2902 4033 3175 4093 exaudiat
3202 4033 3377 4089 verba
3394 4029 3753 4088 incantantis

2093 4129 2319 4198 et.suas
2348 4122 2602 4181 latebras
2632 4121 2999 4196 derelinquat
3030 4140 3044 4179 :
3075 4138 3254 4178 unam
3297 4137 3488 4177 aurem
3535 4119 3755 4176 dicitur

2095 4232 2213 4271 suae
2245 4212 2444 4270 caudae
2473 4213 2746 4270 obturare
2774 4211 3105 4278 inﬂexione,
3138 4210 3382 4267 alteram
3431 4209 3494 4266 in
3530 4212 3753 4265 terram

2096 4301 2539 4376 deprimere.Sic
2558 4301 2848 4359 obturatis
2878 4300 3120 4358 auribus
3134 4300 3326 4356 cordis
3343 4298 3529 4356 Judaei
3550 4296 3757 4354 nolue-

2098 4396 2237 4449 runt
2264 4391 2466 4449 audire
2497 4390 2944 4448 saluberrimam
2979 4389 3310 4462 jussionem
3360 4385 3754 4456 Christi,sive

342 4481 415 4537 sti
449 4479 806 4538 ascensione.
841 4479 962 4536 Erit
986 4480 1171 4553 gloria
1203 4497 1380 4556 super
1407 4486 1644 4549 terram,
1677 4498 1813 4538 cum
1840 4480 1986 4538 teti'u-
2018 4499 2066 4565 D
2098 4485 2313 4540 sanctae
2344 4480 2653 4555 Scriptura;
2680 4478 3107 4553 intelligibilem
3135 4477 3461 4534 veritatem.

341 4570 492 4625 derit
520 4569 759 4626 domum
793 4567 1049 4642 Spiritus
1080 4568 1268 4626 sancti
1298 4586 1476 4643 super
1498 4587 1732 4627 omnem
1753 4586 1988 4628 carnem
2096 4574 2134 4629 5
2207 4572 2342 4642 Quae
2368 4587 2483 4628 non
2507 4569 2765 4628 exaudiet
2791 4585 2972 4627 vocem
3002 4567 3411 4625 incantantium
3439 4583 3457 4621 .-

342 4660 475 4729 (Act.
505 4658 589 4732 ιι).

418 4811 425 4818 θ
841 4764 1040 4805 ORATIO
1078 4764 1149 4804 EX
1188 4764 1343 4805 PSAL.
1386 4764 1492 4804 LVI.

414 4839 674 4910 Tranfer,
707 4837 973 4905 Domine,
1025 4836 1395 4910 iniquitatem
1444 4836 1677 4894 familiae
1725 4836 1988 4907 humilis,

344 4929 454 4986 sub
487 4928 724 4986 tuarum
754 4926 983 4985 alarum
1014 4926 1226 4984 umbra
1255 4926 1567 5000 sperantis,
1599 4930 1664 4982 ut
1708 4927 1891 4984 missa
1920 4928 1993 4984 de

346 5017 490 5074 coelo
523 5017 925 5074 misericordia
967 5021 1088 5085 tua,
1123 5015 1504 5091 nequissimis
1541 5015 1892 5073 insidiarum
1918 5017 1996 5072 fo-

345 5106 467 5164 veis
497 5123 792 5163 eruamur.
824 5107 931 5163 Per
957 5106 1272 5183 Dominum
1303 5109 1572 5164 nostrum
1601 5106 1940 5175 Jesum,etc.

908 5212 1235 5270 PSALMUS
1273 5213 1435 5270 LVII.

784 5298 1187 5341 ARGUMENTUM
1227 5302 1379 5341 ρειι.
1422 5301 1551 5342 LVII.

418 5372 459 5429 Ε
490 5372 754 5430 Christus
775 5372 1092 5446 exprobrat
1119 5372 1438 5446 nequitiam
1459 5374 1880 5442 Judaaorum,et
1908 5390 1997 5429 eo-

349 5481 479 5520 rum
514 5462 926 5520 retributiones
953 5461 1228 5530 declarat,
1263 5478 1328 5518 ac
1359 5464 1429 5518 de
1456 5462 1654 5521 laetitia
1671 5464 1994 5537 justorum,

347 5570 483 5613 cum
516 5551 798 5612 ultionem
827 5551 1076 5610 viderint
1104 5556 1493 5627 peccatorum.

2206 4662 2273 4717 Et
2298 4660 2526 4732 veneﬁci
2551 4659 2884 4717 incantantis
2911 4659 3208 4731 sapienter.

2173 4750 2215 4808 C
2245 4748 2396 4806 Dicit
2422 4748 2580 4806 enim
2611 4749 2682 4806 de
2719 4747 2924 4821 aspide
2965 4764 3093 4819 quea
3146 4762 3263 4802 non
3311 4743 3511 4800 audiet
3553 4758 3757 4799 vocem

2102 4837 2553 4908 incantantium,
2585 4854 2691 4894 nec
2732 4854 2908 4909 passa
2956 4839 3045 4893 est
3095 4834 3297 4892 audire
3345 4830 3545 4890 vocem
3578 4849 3592 4889 :
3624 4848 3756 4904 qua

2101 4928 2265 4986 illam
2295 4927 2524 4985 trahere
2553 4926 2841 4999 potuisset
2861 4926 2935 4983 ad
2961 4924 3272 4983 lucem.8ic
3291 4922 3469 4981 etiam
3488 4920 3755 4989 Judeus,

2098 5017 2188 5075 vel
2217 5017 2411 5090 quivis
2440 5015 2774 5073 obstinatus
2804 5013 3126 5072 malevolus
3154 5032 3168 5071 :
3193 5030 3310 5071 non
3337 5010 3703 5071 contrahitur
3722 5026 3759 5066 a

2104 5107 2347 5164 docente
2376 5105 2449 5162 ad
2480 5104 2681 5161 lumen
2707 5103 2989 5161 veritatis.

2100 5196 2137 5250 6
2208 5197 2352 5251 Deus
2378 5180 2620 5250 conteret
2643 5193 2826 5250 dentes
2853 5209 3042 5250 eorum
3070 5195 3133 5250 in
3160 5208 3255 5250 ore
3282 5193 3527 5265 ipsorum
3557 5206 3571 5245 :

2209 5284 2376 5340 Motus
2404 5284 2621 5340 leonum
2648 5284 2957 5355 confringet
2972 5283 3255 5340 Dominus.
3294 5322 3309 5329 -

2173 5373 2216 5430 Ο
2241 5372 2523 5429 Contrivit
2550 5376 2704 5428 Deus
2732 5372 2937 5429 dentes
2977 5371 3335 5437 Judmorum,
3367 5369 3604 5443 quando
3654 5367 3757 5423 do-

2105 5461 2231 5519 losa
2258 5462 2433 5517 verba
2461 5478 2663 5518 eorum
2695 5456 3135 5518 deducebantur
3154 5460 3231 5531 ad
3254 5458 3760 5516 nihilum.Leones

2107 5551 2363 5621 fuerunt,
2397 5551 2632 5623 quando
2659 5553 2899 5610 cruento
2929 5567 3028 5608 ore
3057 5549 3426 5609 clamabant:
3451 5546 3757 5620 Cruciﬁge.
