4054 6168
294 334 409 410 225

1496 328 1912 394 EXPOSI’I‘IO
1954 332 2465 403 PSALMORUM.

3571 350 3691 411 226
3730 360 3739 365 '

294 467 574 539 cruciﬁge.
608 463 1139 538 Confringebantur
1173 463 1340 521 molae
1388 465 1448 521 in
1497 481 1594 521 ore
1642 464 1927 538 ipsorum,
1960 470 2012 536 Α
2044 468 2286 542 stitiam,
2319 464 2559 549 diligere
2603 482 2779 547 recta,
2817 495 2886 534 ne
2926 494 2959 534 a
2989 478 3227 537 veritate
3272 485 3375 538 tua
3422 483 3690 541 auditum

291 556 513 632 quando
570 572 689 611 non
744 557 1016 628 poterant
1071 553 1244 611 dictis
1306 554 1633 611 verissimis
1692 571 1933 629 respon-

292 648 440 704 dere.
936 664 939 669 λ

287 741 321 792 7
389 735 464 792 Ad
488 735 737 792 nihilum
764 733 1050 790 devenient
1094 741 1354 806 tanquam
1402 751 1546 809 aqua
1592 733 1885 790 decurrens
1914 751 1934 788 :

391 824 626 881 Intendit
653 840 843 880 arcum
871 840 1035 879 suum
1062 823 1230 880 donec
1260 825 1630 897 inﬁrmentur.

353 914 395 969 C
421 914 464 971 Ο
509 912 779 970 inaudita
824 912 1048 969 saevitia
1094 912 1466 970 Judaaoruml
1519 915 1938 986 comparantur

286 1004 399 1061 illis
421 1006 505 1060 tot
534 1001 694 1058 mala
720 1001 984 1075 ingentia
1008 1018 1021 1057 :
1045 1019 1079 1058 a
1099 1002 1318 1075 quibus
1349 1002 1621 1059 novimus
1651 1002 1937 1058 immania

288 1093 474 1150 venire
504 1090 783 1165 pericula.
815 1092 984 1164 Aqua
1011 1108 1146 1148 vero
1196 1092 1512 1149 decurrens
1544 1109 1557 1147 :
1592 1095 1681 1148 est
1709 1094 1936 1147 torrens

290 1183 396 1238 cito
421 1180 883 1237 deﬁciens.Deus
903 1180 1082 1236 etiam
1104 1184 1306 1236 contra
1326 1179 1514 1236 malos
1535 1197 1738 1237 arcum
1760 1195 1934 1236 suum

289 1270 552 1336 intendit,
583 1269 642 1325 id
675 1273 782 1337 est,
814 1268 1331 1325 comminationem
1372 1287 1490 1326 sua:
1521 1268 1847 1343 potestatis,
1881 1271 1939 1324 et

286 1359 489 1415 tandiu
520 1362 699 1414 terret
728 1376 743 1414 :
777 1359 960 1414 donec
1010 1358 1291 1415 infirmati
1336 1358 1568 1426 cedant,
1598 1364 1654 1415 et
1694 1357 1765 1413 ad
1798 1373 1938 1412 con-

289 1447 557 1505 fessionis
588 1447 838 1504 salutem
869 1464 931 1503 se
962 1451 1320 1504 convertant.

287 1542 319 1593 8
385 1538 545 1593 Sicut
573 1553 697 1594 cera
720 1551 847 1609 qua
871 1538 1001 1607 ﬂuit
1029 1537 1354 1607 auferentur
1383 1555 1403 1592 .·

385 1626 760 1699 Supercecidit
791 1628 935 1698 ignis
959 1635 1012 1682 et
1039 1641 1151 1682 non
1176 1626 1434 1691 viderunt
1460 1626 1649 1683 solem.

352 1716 395 1772 Η
426 1716 595 1774 Sicut
624 1732 756 1772 cera
782 1715 917 1789 igne
946 1713 1391 1781 dissolvitur,ita
1420 1720 1477 1771 et
1503 1715 1603 1771 isti
1623 1714 1724 1788 qui
1750 1715 1807 1770 in
1832 1731 1941 1772 sua

288 1805 679 1862 obstinatione
711 1805 1052 1878 perdurant,
1086 1804 1263 1859 futuri
1283 1804 1496 1876 judicii
1528 1804 1662 1877 igne
1692 1804 1941 1877 perdun-

287 1896 448 1952 tur.C
473 1894 995 1960 Auferentur,dicit
1023 1911 1057 1949 a
1087 1898 1400 1968 conspectu
1433 1893 1557 1950 Dei.
1591 1894 1637 1949 Η
1669 1892 1945 1966 Superse-

291 1987 424 2042 cidit
460 1984 635 2059 ignis,
666 1985 724 2040 id
766 1987 873 2051 est,
900 1983 1194 2054 judicium
1245 1982 1471 2039 mortis.
1506 1983 1572 2038 Et
1619 2000 1733 2038 non
1781 1983 1942 2039 vide-

290 2079 419 2130 runt
452 2073 662 2140 solem,
693 2074 736 2130 C
767 2074 822 2128 id
853 2075 962 2141 est,
995 2072 1311 2128 Dominum
1353 2071 1733 2136 Salvatorem.
1769 2071 1940 2127 Illum

291 2163 443 2221 enim
475 2163 812 2235 conspicere
853 2165 1171 2234 nequeunt,
1205 2160 1316 2218 nisi
1368 2161 1469 2234 qui
1518 2178 1653 2216 eum
1703 2161 1951 2217 mundis

292 2254 593 2309 mentibus
624 2252 945 2308 intuentur.
978 2252 1025 2306 A
1054 2250 1095 2305 C
1126 2250 1225 2306 Vel
1259 2250 1412 2323 ignis
1462 2249 1944 2323 concupiscentiis

294 2343 464 2398 malae
493 2341 700 2398 cecidit
740 2340 837 2398 hic
885 2356 1063 2412 super
1109 2344 1337 2396 mentes
1384 2338 1695 2407 malorum,
1729 2344 1787 2393 et
1816 2338 1944 2394 ideo

284 2434 518 2505 justum
551 2434 608 2487 et
634 2431 854 2487 bonum
885 2434 943 2485 et
970 2432 1242 2485 sanctum
1275 2428 1469 2485 videre
1512 2444 1627 2483 non
1674 2432 1943 2502 possunt,

294 2522 345 2576 id
376 2524 499 2587 est,
531 2520 679 2576 bene
709 2534 879 2591 agere
903 2521 962 2573 et
991 2517 1139 2573 bene
1168 2517 1498 2574 discernere
1528 2517 1774 2589 agenda.

291 2610 325 2663 9
391 2612 731 2682 Priusquam
764 2608 1133 2678 intelligerent
1157 2608 1339 2679 spinae
1364 2614 1559 2664 vestrm
1604 2607 1895 2661 rhamnum
1927 2624 1946 2660 :

390 2700 559 2754 Sir-ut
588 2699 821 2754 viventes
846 2697 999 2751 sicut
1030 2697 1089 2751 in
1119 2697 1208 2753 ira
1237 2694 1487 2751 absorbet
1514 2711 1623 2752 eos.

360 2788 405 2844 Η
439 2787 550 2843 Hic
579 2785 843 2858 loquitur
872 2774 945 2841 ad
968 2784 1252 2858 populum
1275 2783 1949 2857 peccantem.Rhamnus

294 2877 603 2950 spinarum
626 2890 814 2948 genus
837 2877 925 2929 est
943 2871 1162 2928 aculeis
1180 2872 1571 2945 asperrimum
1589 2875 1645 2928 et
1662 2872 1801 2928 ﬂere
1822 2888 1950 2944 gra-

292 2966 619 3030 tissimum,
642 2968 698 3019 et
727 2961 1020 3035 signiﬁcat
1049 2978 1153 3034 per
1178 2961 1350 3017 ﬂores
1380 2960 1824 3017 retributionem
1854 2961 1953 3016 bo-

298 3071 529 3122 norum,
557 3069 662 3126 per
690 3050 924 3108 aculeos
954 3067 1185 3123 poenam
1219 3048 1544 3118 malorum;
1571 3048 1754 3121 justis
1783 3049 1953 3105 ﬂoret

297 3145 364 3200 ad
393 3138 1107 3212 ornatum,peccatoribus
1124 3139 1339 3211 praebet
1354 3137 1555 3211 spinas
1570 3139 1642 3194 ad
1661 3138 1965 3212 configen-'

2046 565 2330 629 avertens,
2359 581 2394 618 a
2423 566 2662 623 venefici
2694 567 2981 641 serpentis
3031 571 3327 627 morsibus
3374 573 3689 631 sauciatur.

2043 653 2154 706 Per
2183 652 2494 710 Dominum
2528 658 2795 711 nostrum
2824 656 3024 713 Jesum
3058 658 3377 731 Christum,
3410 665 3520 717 etc.

2596 762 2921 819 PSALMUS
2960 764 3134 821 LVIII

2478 849 2875 891 ARGUMENTUM
2916 853 3072 891 PSAL.
3114 855 3264 894 LVIII.

2117 920 2155 974 C
2185 918 2451 977 Christus
2483 926 2629 991 orat,
2651 940 2723 979 ne
2752 923 2804 979 ei
2835 923 3056 979 inimici
3088 941 3293 982 nocere
3323 928 3692 998 praevaleant,
3756 934 3761 939 “

2045 1007 2303 1082 dicitque
2334 1011 2835 1083 quemadmodum
2864 1012 2922 1068 in
2956 1013 3070 1070 ﬁne
3095 1014 3293 1071 saeculi
3324 1019 3696 1081 convertendi

2046 1098 2166 1154 sint
2193 1098 2511 1173 Judaei,pro
2542 1100 2759 1173 quibus
2789 1106 2845 1158 et
2874 1102 3056 1159 oratio
3086 1102 3342 1161 mirabili
3362 1106 3576 1178 pietate
3597 1108 3695 1164 de-

2047 1186 2356 1259 promitur.
3608 1244 3609 1247 η

2047 1276 2165 1332 ΤΤ.
2196 1276 2258 1332 In
2289 1277 2456 1348 ﬁnem
2500 1295 2570 1335 ne
2615 1279 2915 1352 disperdas.
2952 1281 3146 1350 David,
3200 1285 3260 1339 in
3307 1284 3462 1340 tituli
3498 1286 3698 1340 inscri-

2092 1367 2559 1446 'ptione:q‘uand_o
2586 1370 2739 1425 misit
2764 1370 2898 1426 Saul
2927 1374 2979 1426 et
3004 1371 3297 1427 custodiuit
3319 1372 3540 1429 domum
3560 1375 3695 1446 ejus:

2119 1445 2181 1492 ut
2208 1438 2534 1509 interﬁceret
2563 1456 2707 1495 eum.

2121 1526 2186 1581 In
2219 1527 2392 1582 finem
2423 1544 2435 1581 :
2461 1528 2587 1599 jam
2620 1528 2845 1586 dictum
2876 1534 2965 1587 est
2993 1531 3120 1587 sine
3150 1530 3372 1588 fine.Ne
3395 1532 3702 1607 disperdas

2050 1614 2229 1671 David
2263 1616 2319 1669 in
2347 1616 2502 1671 tituli
2534 1617 3016 1691 inscriptione.Et
3043 1619 3150 1675 hoc
3182 1637 3415 1694 quoque
3438 1622 3704 1695 frequen-

2049 1709 2138 1758 ter
2168 1704 2497 1776 ponitur,ut
2526 1707 2723 1777 passio
2753 1707 2983 1764 Domini
3006 1726 3111 1783 per
3130 1709 3252 1766 haec
3273 1710 3488 1766 indicia
3516 1711 3705 1783 decla-

2054 1792 2462 1848 retur.Domus
2493 1794 2672 1850 David
2703 1796 2924 1852 indicat
2953 1804 3429 1866 monumentum,
3463 1800 3562 1856 ubi
3602 1800 3705 1855 tri-

2053 1881 2248 1937 duana
2279 1886 2465 1939 morte
2488 1883 2952 1958 requievit,quod
2972 1888 3040 1941 ad
3063 1888 3510 1945 custodiendum
3537 1889 3707 1945 mise-

2053 1974 2192 2025 runt
2220 1969 2406 2024 Judaei
2441 1970 2597 2026 mala
2625 1977 2820 2028 mente

2053 2060 2272 2114 factum
2292 2063 2382 2114 est
2401 2060 2474 2115 ad
2495 2058 2743 2133 gloriam
2776 2062 3032 2120 nominis
3061 2064 3191 2135 ejus
3212 2082 3285 2121 ne
3305 2082 3409 2139 per
3438 2066 3703 2123 fraudem

2053 2147 2345 2203 diceretur
2375 2165 2703 2223 resurgere.

2056 2238 2081 2291 1
2160 2238 2323 2309 Eripe
2350 2253 2437 2292 me
2462 2237 2527 2293 de
2556 2240 2800 2296 inimicis
2830 2242 2984 2311 meis,
3017 2241 3156 2298 Deus
3184 2259 3336 2299 meus
3369 2260 3381 2299 :

2158 2328 2224 2382 Et
2250 2327 2318 2382 ab
2348 2329 2760 2397 insurgentibus
2789 2331 2849 2384 in
2875 2347 2962 2385 me
2992 2331 3169 2387 libera
3198 2350 3303 2389 me.

2125 2415 2166 2470 C
2201 2416 2349 2472 Petit
2377 2416 2717 2474 humanitas
2740 2419 2899 2474 verbi
2930 2435 2998 2475 ex
3028 2420 3394 2479 humanitate
3419 2423 3544 2480 sine
3582 2441 3707 2481 ma-

2056 2503 2189 2560 cula
2218 2508 2591 2576 peccatorum
2629 2522 2641 2560 :
2672 2505 2970 2562 diabolum
2999 2507 3087 2563 vel
3121 2508 3423 2567 ministros
3452 2513 3580 2583 ejus
3609 2513 3709 2569 Ju-

2056 2594 2211 2649 daaos
2241 2595 2420 2650 averti
2452 2611 2485 2649 a
2517 2610 2601 2651 se.
2633 2593 2749 2651 Nos
2779 2601 2973 2652 autem
3006 2597 3089 2654 sic
3116 2598 3369 2671 petimus
3424 2600 3657 2657 obnoxii
3690 2620 3704 2659 :

2056 2685 2129 2740 ab
2156 2684 2481 2739 immundis
2511 2683 2818 2756 spiritibus
2851 2687 3047 2742 divina
3077 2689 3477 2746 misericordia
3502 2690 3710 2748 libera-

2057 2774 2179 2829 ri.H
2214 2772 2440 2829 Inimici
2471 2773 2685 2829 Christi
2719 2775 2954 2830 fuerunt
2975 2776 3160 2832 Judaei
3193 2795 3205 2833 :
3241 2795 3374 2835 cum
3406 2779 3458 2834 ei
3489 2780 3709 2837 invide-

2057 2863 2200 2918 bant
2247 2860 2487 2918 occulte.
2524 2862 3013 2920 Insurrexerunt:
3049 2881 3183 2921 cum
3229 2869 3532 2941 prmoeptis
3581 2870 3710 2941 ejus

2061 2949 2460 3007 obviaverunt.

2057 3043 2093 3094 2
2165 3041 2332 3111 Eripe
2356 3054 2444 3094 me
2470 3038 2539 3095 de
2565 3040 2914 3113 operantibus
2944 3043 3291 3114 iniquitatem
3323 3060 3337 3097 :

2169 3130 2231 3184 Et
2257 3129 2325 3183 de
2352 3130 2489 3184 viris
2514 3131 2849 3200 sanguinum
2876 3131 3029 3188 salva
3055 3148 3159 3187 me.

2871 1990 2883 2029 :
2937 1975 3090 2046 quod
3142 1980 3342 2052 tamen
3386 1977 3583 2033 invitis
3621 1978 3706 2032 eis
3816 2000 3825 2007 λ
3873 1988 3879 1997 ’

300 3234 458 3290 dum.
485 3231 532 3287 C
563 3211 718 3286 dicit,
735 3245 867 3285 vero
901 3245 913 3284 :
948 3227 1112 3284 Sicut
1136 3227 1413 3296 viventes,
1437 3228 1578 3300 quia
1607 3226 1796 3283 vivere
1825 3211 1945 3284 cre-

2129 3217 2169 3271 C
2196 3218 2320 3273 Duo
2348 3234 2564 3290 genera
2590 3218 2962 3275 inimicorum
2993 3220 3210 3292 posuit,
3253 3220 3474 3278 scilicet
3512 3222 3712 3279 inimi-

302 3324 524 3379 duntur
554 3324 611 3376 et
642 3318 857 3375 mortui
890 3316 1257 3374 sunt.0mnis
1278 3316 1433 3373 enim
1456 3321 1725 3389 peccator
1744 3317 1804 3372 in
1826 3333 1953 3389 pec—
2060 3323 2158 3363 609
2191 3306 2291 3379 qui
2321 3307 2586 3363 animum
2617 3311 2847 3364 tantum
2878 3308 3210 3365 habuerunt
3241 3313 3507 3380 nocendi,
3532 3317 3588 3368 et
3611 3306 3715 3386 qui

300 3413 440 3469 catis
491 3410 736 3483 degens,
769 3407 995 3463 veritati
1045 3406 1311 3464 moritur.
1343 3406 1504 3462 Sicut
1542 3406 1601 3461 in
1644 3406 1733 3461 ira
1764 3423 1777 3462 :
1808 3405 1951 3461 illud
2052 3397 2177 3468 jam
2212 3395 2595 3483 insurgebant
2619 3413 2845 3466 nocere,
2875 3415 3031 3454 nunc
3084 3416 3217 3455 vero
3256 3399 3492 3456 tertium
3525 3416 3714 3475 genus

302 3500 620 3574 significat,
652 3497 792 3571 quia
820 3495 1106 3552 Dominus
1132 3512 1246 3551 non
1277 3493 1464 3551 iratus
1497 3511 1510 3549 :
1539 3498 1821 3568 tanquam
1843 3494 1956 3550 ira-
2061 3501 2264 3574 eorum
2298 3485 2396 3557 qui
2421 3486 2545 3556 jam
2578 3491 2894 3559 operantur
2933 3486 3177 3543 malum.
3211 3488 3255 3544 H
3288 3488 3435 3552 Quia
3464 3489 3717 3563 operarii

303 3572 414 3657 tus,
444 3589 684 3645 videtur
726 3589 1057 3660 peccatores
1104 3583 1433 3658 percellere.
1467 3586 1710 3653 Quando
1759 3589 1954 3640 autem
2062 3572 2390 3647 iniquitatis
2420 3575 2605 3631 effecti
2636 3576 3351 3649 sunt(ii!atth.xxvu),cum
3385 3595 3598 3635 manus
3629 3596 3717 3635 ar-

303 3680 544 3736 additur
575 3694 589 3732 :
622 3676 908 3732 Absorbet
937 3691 1058 3743 eos,
1088 3674 1196 3730 hoc
1229 3673 1521 3747 significat
1571 3672 1833 3729 subitum
1862 3673 1954 3729 in-

306 3770 546 3830 teritum
575 3781 779 3823 eorum
810 3780 942 3820 cum
966 3765 1135 3836 justa
1160 3763 1438 3819 vindicta.

305 3861 368 3915 t0
441 3856 747 3915 Laetabitur
766 3854 949 3926 justus
975 3869 1101 3909 cum
1129 3853 1328 3909 viderit
1352 3851 1670 3909 vindictam.

439 3946 640 4003 Hanus
669 3961 800 4001 suas
829 3943 1036 3999 lavabit
1064 3944 1122 3998 in
1149 3942 1421 4011 sanguine
1446 3943 1767 4013 peccatoris.

370 4036 419 4092 Η
450 4033 776 4091 Laetabitur
796 4032 1020 4103 justus,
1052 4031 1193 4103 quia
1223 4031 1459 4103 quando
1485 4030 1653 4103 impii
1678 4032 1959 4097 damnan-

307 4128 402 4180 tur
429 4125 492 4181 in
529 4122 741 4196 pcenis,
764 4121 916 4193 justi
946 4119 1317 4176 laetificantur
1345 4119 1407 4175 in
1433 4121 1711 4193 praemiis.
1745 4120 1786 4177 C
1814 4122 1959 4177 Cum

306 4214 460 4269 enim
497 4210 742 4285 sanguis
767 4209 1088 4284 peccatoris
1115 4208 1453 4276 effunditur,
1476 4214 1627 4265 tunc
1653 4210 1959 4279 manus,id

306 4307 412 4372 est,
445 4306 618 4359 actus
655 4300 805 4373 justi
852 4298 1112 4355 hominis
1158 4299 1551 4371 corriguntur.
1586 4299 1772 4372 Impio
1802 4299 1961 4355 enim

309 4393 1021 4464 pereunte,commonetur
1041 4388 1242 4460 justus
1264 4403 1326 4444 se
1346 4386 1576 4445 cautius
1601 4387 1965 4461 diligentius-

312 4497 423 4553 que
452 4479 771 4537 custodire.

313 4569 372 4625 lt
452 4571 531 4626 Et
559 4569 703 4625 dicet
730 4569 885 4624 homo
911 4568 961 4623 si
990 4569 1178 4641 utique
1205 4575 1284 4624 est
1309 4568 1524 4639 fructus
1540 4568 1690 4639 justo
1721 4587 1740 4623 :

458 4660 655 4732 Utique
675 4666 758 4715 est
782 4659 924 4714 Deus
943 4656 1205 4729 judicans
1233 4673 1321 4713 eos
1350 4659 1411 4713 in
1440 4665 1604 4714 terra.

382 4747 426 4804 C
450 4747 596 4803 Vult
623 4747 720 4804 hic
749 4747 907 4804 enim
938 4746 1049 4804 hoc
1098 4744 1366 4819 intelligi,
1396 4746 1537 4819 quia
1581 4761 1689 4803 nec
1738 4745 1878 4802 mali
1910 4746 1969 4802 in

316 4837 423 4894 hoc
454 4835 672 4894 saeculo
702 4837 941 4893 omnino
973 4853 1007 4892 a
1026 4851 1199 4909 paena
1217 4839 1357 4891 sunt
1376 4834 1844 4907 liberi-,quamvi
1868 4835 1970 4891 flo-

318 4944 441 4983 rere
467 4925 943 4999 videantur,quia
972 4925 1073 4999 qui
1103 4941 1221 4981 non
1252 4923 1721 4996 crediderit,jam
1747 4923 1973 4995 judica-

316 5020 413 5073 tus
472 5020 579 5073 est-
620 5017 738 5072 Nec
795 5015 973 5072 etiam
1033 5012 1170 5070 boni
1200 5030 1235 5069 a
1260 5012 1542 5068 beneficio
1601 5012 1971 5087 sequestrati,

317 5104 453 5162 licet
505 5104 828 5161 mundanis
884 5103 1159 5161 oneribus
1212 5102 1642 5177 opprimantur.
1702 5101 1749 5157 Η
1807 5103 1973 5158 Tunc

318 5194 429 5250 erit
460 5196 686 5252 fructus
706 5195 872 5266 justo
905 5211 919 5249 :
954 5210 1089 5250 cum
1120 5192 1173 5249 ei
1204 5192 1489 5248 Dominus
1516 5206 1694 5264 regna
1726 5191 1974 5247 donave-

322 5282 416 5340 rit.
452 5284 540 5340 llli
566 5289 705 5350 ante
725 5283 1021 5357 judicium
1051 5281 1113 5338 in
1146 5281 1257 5339 bac
1285 5285 1441 5337 terra
1480 5279 1828 5352 judicantur
1860 5297 1872 5334 :
1905 5280 1975 5336 de

324 5373 539 5445 quibus
569 5374 791 5430 dictum
823 5377 950 5429 est:
983 5372 1092 5438 Qui
1122 5388 1238 5427 non
1271 5369 1584 5427 crediderit
1601 5369 1726 5440 jam
1750 5368 1977 5440 judica-

324 5466 421 5517 tus
450 5466 537 5519 est
565 5464 746 5534 (Joan.
778 5466 886 5532 ιιι).

708 5586 713 5590 ι
787 5567 986 5608 οτΑτιο
1024 5565 1094 5606 EX
1133 5565 1338 5607 PSALM.
1383 5563 1514 5603 LVII.

324 5638 662 5702 Justissime
692 5641 958 5714 Domine,
992 5639 1244 5698 concede
1274 5635 1489 5716 populo
1535 5640 1638 5695 tuo
1687 5636 1851 5712 sequi
1878 5637 1976 5710 ju-

2065 3667 2370 3718 maverunt
2400 3664 2470 3719 ad
2503 3665 2632 3736 ejus
2679 3664 3162 3722 interfectionem.
3195 3666 3316 3722 Viri
3357 3668 3717 3741 sanguinum

2067 3752 2323 3821 fuerunt,
2357 3768 2492 3808 cum
2525 3754 2870 3826 sanguinem
2921 3756 3069 3827 justi
3121 3772 3299 3829 super
3348 3773 3409 3813 se
3460 3771 3719 3829 suosque

2067 3839 2218 3897 ﬁlios
2242 3844 2552 3898 venturum
2577 3858 2705 3899 esse
2732 3848 3098 3917 optaverunt.

2065 3930 2100 3984 3
2175 3931 2313 3999 Quia
2341 3947 2459 3988 cccc
2487 3940 2741 4005 ceperunt
2765 3936 3016 3990 animam
3044 3952 3242 3991 meam.

2172 4022 2459 4077 Irruerunt
2489 4024 2551 4077 in
2574 4038 2662 4078 me
2688 4024 2872 4094 fortes.

2139 4105 2180 4168 C
2208 4110 2420 4167 Anima
2448 4112 2543 4168 hic
2574 4112 2787 4169 dicitur
2806 4113 2923 4167 vita
2944 4112 3576 4184 corporaliszcazterum
3603 4112 3723 4168 ani—

2070 4216 2228 4257 mam
2261 4200 2474 4257 Christi
2508 4200 2670 4257 nulla
2700 4201 2888 4274 potuit
2917 4201 3237 4257 adversitas
3281 4217 3586 4274 occupare,
3620 4201 3721 4257 sed

2071 4307 2176 4363 per
2204 4289 2465 4346 animam
2493 4293 2723 4362 captam
2754 4295 2990 4361 tempus
3033 4290 3362 4346 ostenditur
3408 4289 3721 4362 passionis.

2073 4381 2271 4436 Fortes
2306 4396 2319 4434 :
2354 4378 2654 4435 diabolum
2685 4378 2979 4452 signiﬁcat
3009 4378 3102 4435 hic
3134 4395 3267 4435 cum
3300 4377 3589 4435 ministris
3620 4377 3724 4435 Ju-

2074 4468 2235 4525 daais.
2584 4490 2589 4493 *
3577 4488 3581 4493 τ

1996 4580 2043 4646 D
2075 4560 2107 4614 4
2179 4564 2365 4632 Neque
2396 4560 2663 4632 iniquitas
2691 4575 2815 4616 mea
2843 4575 3014 4633 neque
3037 4563 3319 4632 peccatum
3362 4574 3565 4625 meum,
3616 4561 3727 4613 Do-

2254 4665 2403 4706 mine
2436 4665 2449 4705 Σ

2184 4740 2317 4795 Sine
2345 4740 2641 4812 iniquitate
2667 4740 2891 4795 cucurri
2915 4746 2969 4795 et
2990 4738 3191 4795 direxi.

2151 4829 2193 4884 C
2222 4828 2510 4901 Iniquitas
2540 4828 2635 4884 hic
2665 4846 2769 4901 pro
2800 4826 3027 4883 malitia
3051 4826 3140 4881 vel
3162 4823 3570 4881 malevolentia
3590 4820 3735 4877 acci-

2080 4918 2294 4992 pienda
2320 4923 2443 4988 est;
2476 4922 2780 4991 peccatum
2811 4932 2944 4971 vero
2976 4932 3079 4988 pro
3110 4912 3443 4987 operatione
3474 4910 3731 4979 sceleris;

2082 5025 2211 5081 quae
2241 5006 2479 5062 omnino
2509 5024 2543 5061 a
2572 5006 2818 5061 Domino
2849 5004 3031 5059 fuisse
3068 5002 3393 5075 probantur
3440 4998 3731 5057 entranea.

2082 5096 2350 5152 Christus
2379 5095 2536 5152 enim
2569 5094 2929 5149 mundanam
2959 5092 3140 5147 vitam
3181 5095 3335 5148 recto
3366 5091 3605 5147 tramite
3634 5105 3735 5145 cu-

2083 5185 2399 5252 currit,nec
2430 5182 2513 5239 illi
2547 5182 2665 5239 ullo
2696 5182 2869 5238 modo
2898 5181 3091 5254 potuit
3120 5181 3354 5238 obviare
3401 5178 3685 5253 iniquitas
3721 5195 3733 5235 :

2085 5291 2210 5347 quae
2240 5278 2407 5329 actus
2436 5288 2670 5345 semper
2697 5270 3086 5328 humanitatis
3114 5269 3555 5343 intorquet.Hoc
3579 5266 3735 5324 enim

2084 5362 2136 5419 ci
2166 5367 2291 5420 erat
2318 5362 2511 5435 dirigi,
2537 5361 2692 5418 unde
2717 5364 2956 5416 venerat
2983 5363 3049 5416 ut
3079 5360 3315 5417 rediret.

2083 5454 2120 5508 5
2190 5455 2437 5521 Exsurge
2466 5454 2525 5507 in
2554 5466 2837 5506 occursum
2864 5466 3048 5506 meum
3077 5453 3128 5505 et
3156 5449 3280 5505 vide
3309 5466 3322 5504 :

2193 5544 2258 5598 Et
2283 5550 2361 5608 tu,
2394 5542 2640 5612 Domine,
2672 5541 2810 5597 Deus
2838 5541 3127 5607 virtutum,
3158 5540 3302 5594 Deus
3329 5537 3517 5593 Israel.

2158 5632 2204 5690 Η
2235 5633 2318 5694 Ad
2352 5631 2578 5689 Patrem
2612 5630 2705 5694 hic
2736 5630 3078 5715 loquiturzha
3107 5645 3222 5706 quo
3255 5644 3316 5686 se
3341 5627 3407 5712 in
3431 5619 3742 5696 Evangelia
