4054 6168
311 328 429 388 237

1221 326 1284 389 S.
1333 322 1731 390 BRUNONIS
1779 318 2404 390 HEBBIPOLENSTS
2448 318 2822 393 EPISCOPI.

3609 321 3729 394 239

312 460 619 518 clarilieari
648 458 1004 534 postulabat.
1038 461 1107 516 Et
1133 460 1281 528 Vide,
1315 460 1424 516 hoc
1455 464 1544 516 est
1573 460 1663 517 fac
1690 454 1965 529 videri,ut
1996 466 2050 532 Α
2080 472 2207 519 eses
2238 462 2536 519 noscebat.
2570 463 2617 520 H
2647 462 2929 520 Prtevenit
2970 462 3138 519 illum
3188 463 3592 521 misericordia
3613 466 3728 523 Ῥε-

311 552 552 609 credant
577 565 673 607 me
698 549 982 624 aqualem
1013 547 1298 606 tibi.Deus
1320 548 1689 618 virtutum,id
1719 553 1827 619 est,
1859 567 1967 606 an-

308 640 575 714 gelorum
606 643 665 695 et
693 638 1025 696 hominum.
1047 639 1201 699 Deus
1232 637 1430 707 Israel,
1464 639 1574 695 hoc
1603 642 1711 708 est,
1743 640 1965 696 anima-

304 745 442 785 rum
477 734 656 784 Deum
687 727 1035 785 videntium.

306 819 343 874 6
414 817 639 874 Intende
668 817 737 873 ad
762 817 1064 873 visitandas
1088 831 1276 891 omnes
1302 825 1491 887 genas
1515 833 1533 874 ι

412 909 527 964 Non
555 908 868 962 miserearis
909 907 1160 962 omnibus
1208 909 1305 980 qui
1351 915 1647 981 apsntum
1689 904 1959 982 iniqtsila-

485 1003 670 1059 tatem,
705 996 1045 1067 Diapsatma.
1812 998 1821 1003 '

376 1084 417 1141 Ο
448 1084 684 1140 Intende
715 1101 870 1140 nunc
901 1085 975 1141 ad
1001 1084 1322 1141 visitandas
1373 1098 1597 1153 omnes
1625 1091 1850 1158 gentes,
1893 1090 1961 1143 ut

304 1173 410 1229 tibi
467 1190 536 1229 ex
581 1172 855 1246 gentibus
912 1175 1079 1246 copia
1125 1179 1366 1242 crescat,
1400 1175 1540 1247 quia
1588 1174 1957 1243 sterilitatem

305 1263 439 1319 ﬁdei
468 1263 529 1317 in
554 1262 800 1320 Judaico
850 1262 1067 1335 populo
1118 1260 1476 1336 comperisti.
1508 1269 1724 1320 Omnes
1754 1268 1956 1337 gentes

303 1351 754 1424 dicit,quoniam
785 1351 857 1407 de
887 1351 1175 1407 universis
1205 1350 1482 1424 gentibus
1514 1353 1761 1409 Domino
1790 1354 1957 1426 adju-

2074 550 2204 617 tris,
2228 556 2360 606 eum
2393 551 2557 623 prius
2573 550 2835 607 centurio
2856 567 2992 607 eum
3009 553 3314 609 confessus
3333 557 3630 627 est,quam
3652 555 3727 611 ab

2070 637 2275 695 inferis
2324 640 2712 697 resurrexisse
2759 644 2944 696 Deum
2988 639 3229 697 videret.
3291 642 3401 699 Sed
3450 646 3507 698 et
3552 643 3726 700 mlilti

2071 727 2462 800 percutientes
2492 734 2728 801 pectora
2771 745 2881 785 sua
2927 730 3366 786 revertebantur
3414 730 3674 789 dicentes
3708 747 3724 788 :

2067 816 2214 873 Vere
2242 817 2426 875 Filius
2456 816 2558 874 Dei
2591 822 2717 873 erat
2744 817 2859 874 iste
2887 808 3099 892 (Matth.
3132 819 3327 893 xxvn).

2070 906 2131 962 11
2209 912 2346 962 Deus
2383 900 2617 964 ostendit
2640 908 2788 964 mihi
2810 922 2977 981 super
3004 909 3260 965 inimicos
3292 918 3435 966 meos
3465 925 3478 965 :

2209 995 2286 1052 Ne
2337 996 2548 1052 occidas
2593 1010 2679 1054 eos
2732 997 3020 1071 nequando
3078 998 3474 1054 obliviscantur
3530 1001 3730 1072 pepedi

2280 1102 2410 1142 mea.

2135 1176 2176 1229 G
2204 1173 2365 1231 Dens
2387 1166 2646 1231 ostendit
2666 1173 3169 1230 mihisecundnm
3190 1175 3319 1247 jam
3343 1175 3484 1231 dicit
3505 1184 3729 1234 munus

2065 1261 2422 1331 beneficii,ut
2452 1262 2629 1321 etiam
2655 1263 2807 1320 inter
2835 1254 3106 1320 inimicos
3135 1264 3322 1320 virtus
3375 1256 3563 1337 ipsius
3595 1281 3722 1322 ma-

2052 1350 2290 1421 jestatis
2318 1351 2505 1424 possit
2532 1344 2783 1422 ostendi,
2816 1357 2882 1409 ut
2906 1353 2979 1409 de
3008 1350 3369 1426 blasphemis
3398 1354 3542 1409 ﬁant
3581 1355 3722 1411 reli-

301 1444 471 1495 vante
501 1444 667 1495 erant
693 1439 988 1496 credituri.
1022 1440 1145 1496 Non
1178 1439 1528 1509 miserearis,
1554 1441 1809 1498 ostendit
1838 1439 1955 1497 illis
2062 1438 2320 1511 giosi.Ne
2350 1440 2583 1497 occidas
2608 1457 2729 1512 eos,
2760 1443 3038 1514 precatur
3064 1457 3200 1516 ergo
3226 1454 3298 1498 ne
3319 1452 3465 1516 gens
3492 1432 3722 1501 Judaao-

304 1545 430 1584 esse
462 1529 859 1584 miserandum
897 1544 908 1583 :
944 1530 1040 1602 qui
1078 1545 1223 1600 puro
1265 1530 1462 1586 studio
1517 1528 1952 1604 supplicabunt.

304 1618 465 1685 Licet
493 1620 695 1689 Omnes
725 1623 1041 1690 opt-rantur
1067 1617 1583 1691 iniquitatem,illis
1609 1624 1805 1677 tamen
1828 1637 1955 1693 pars

303 1706 559 1762 cend'nnt
588 1708 675 1763 est
706 1706 806 1779 qui
837 1707 907 1762 ad
939 1705 1233 1764 Christum
1265 1709 1471 1764 devota
1500 1711 1695 1765 mente
1744 1706 1951 1766 confu-

303 1794 556 1867 fugiunt.

299 1886 335 1938 7
410 1885 796 1941 Convertentur
822 1885 892 1940 ad
920 1901 1196 1958 vesperam
1230 1890 1283 1942 et
1332 1886 1536 1958 famem
1560 1894 1844 1959 patientur
1886 1893 1951 1944 ut

478 1990 635 2031 εαπθε
668 1992 681 2031 Ξ

404 2062 469 2119 Et
495 2063 809 2120 circa-ibunt
836 2064 1127 2120 civitatem.

371 2152 412 2207 C
441 2153 776 2210 Declaratur
795 2152 890 2208 hic
919 2153 1116 2208 futura
1145 2152 1443 2207 conversio
1471 2148 1699 2208 Judaici
1727 2151 1945 2224 populi,

300 2243 356 2296 et
385 2258 453 2297 ex
482 2242 566 2297 eis
598 2242 657 2296 in
688 2243 802 2296 ﬁne
830 2242 1035 2297 mundi
1071 2241 1410 2297 innumeros
1430 2256 1557 2297 esse
1583 2240 1906 2297 credituros
1930 2258 1945 2297 :

278 2335 365 2387 ~ut
395 2330 664 2403 quamvis
696 2347 845 2398 sera,
879 2335 1073 2386 tamen
1102 2330 1419 2402 aliquando
1468 2328 1770 2386 salutifera
1808 2347 1946 2386 con-

296 2420 559 2477 versione
589 2417 957 2476 salventur.H
988 2418 1057 2475 Et
1085 2432 1274 2491 usque
1304 2421 1376 2475 ad
1408 2420 1629 2475 exitum
1658 2420 1787 2475 vitae
1828 2436 1945 2476 suae

298 2506 511 2565 famem
534 2506 692 2564 verbi
724 2506 824 2564 Dei
855 2508 1226 2580 patiuntur.C
1256 2504 1429 2564 Canis
1459 2508 1651 2565 dictus
1682 2526 1716 2565 a
1744 2524 1949 2566 canen-

296 2596 393 2665 do,
422 2613 555 2653 nam
582 2596 743 2654 illius
774 2596 1134 2653 consuetudo
1181 2601 1288 2665 est,
1330 2597 1412 2652 illi
1465 2595 1591 2654 loca
1637 2594 1946 2654 defendere

296 2687 394 2741 ubi
430 2701 493 2742 se
521 2686 681 2742 novit
721 2686 1060 2743 alimoniam
1102 2685 1353 2759 reperire
1407 2704 1418 2743 :
1472 2684 1551 2742 ita
1596 2685 1775 2742 Judaei
1816 2688 1944 2758 jam

294 2775 557 2831 conversi
578 2774 891 2831 defendent
914 2774 1292 2846 civitatem,id
1315 2780 1405 2831 est
1425 2775 1742 2832 Ecclesiam
1766 2792 1942 2848 quam

294 2863 570 2919 correctis
602 2861 1081 2936 praedicatoribus
1113 2864 1461 2919 circnibunt.

292 2955 327 3008 8
400 2954 531 3008 Ecce
559 2953 847 3024 loquentur
877 2954 933 3007 in
964 2968 1056 3009 ore
1083 2969 1179 3008 suo
1209 2969 1222 3008 :
1256 2961 1308 3009 et
1335 2953 1559 3024 gladius
1581 2955 1638 3008 in
1664 2952 1832 3010 labiis
1861 2971 1944 3010 eo-

469 3057 656 3097 eorum
682 3058 696 3097 2

399 3131 667 3199 Quoniam
695 3132 817 3203 quis
844 3128 1093 3187 audivit?

359 3220 402 3277 C
427 3221 764 3292 Loquentur
792 3221 945 3276 certe
973 3222 1115 3286 tunc
1146 3218 1205 3276 in
1236 3236 1334 3276 ore
1367 3237 1474 3276 suo
1525 3237 1538 3276 :

289 3307 502 3364 habere
533 3325 645 3363 non
682 3310 982 3363 merentur
1009 3308 1070 3363 in
1096 3309 1288 3364 corde.
1321 3308 1367 3364 A
1391 3309 1431 3364 C
1462 3307 1585 3365 Erit
1628 3311 1827 3382 utique
1880 3311 1939 3367 in

288 3394 462 3449 labiis
493 3411 695 3449 eorum
727 3394 962 3466 gladius
993 3395 1243 3452 caelestis
1273 3396 1429 3452 verbi
1463 3396 1690 3470 Dei,qui
1728 3399 1943 3473 legitur

290 3482 382 3537 bis
413 3484 642 3551 acutus,
676 3498 745 3538 ex
777 3487 1020 3556 utroque
1070 3484 1404 3540 testimonio
1449 3486 1682 3543 feriens.
1716 3491 1756 3541 C
1800 3489 1941 3555 Quis

288 3572 453 3649 enim
476 3587 610 3627 eum
644 3572 896 3645 pondere
927 3570 1337 3644 proferendum
1381 3576 1489 3644 est,
1520 3576 1689 3648 quasi
1739 3572 1940 3635 nullus

286 3661 524 3734 gentilis
554 3676 720 3732 pene,
755 3660 922 3733 quasi
953 3660 1194 3717 omnino
1226 3660 1704 3737 rarissimus,qui
1735 3681 1936 3722 eorum

287 3750 756 3823 praedicationem
788 3746 1231 3817 audiet,scilicet
1266 3750 1623 3821 Judzeorum,
1657 3752 1936 3826 quoniam

286 3840 522 3912 quando
553 3844 962 3896 convertentur
989 3839 1173 3895 Judaei
1200 3854 1347 3912 pene
1367 3837 1682 3897 Christiani
1706 3856 1775 3897 ex
1795 3859 1932 3916 gen-

285 3929 444 3984 tibus
461 3928 819 3985 Antichristo
835 3928 1309 3996 adhaerebunt,ut
1334 3928 1674 3986 rarissimus
1696 3930 1771 3987 sit
1795 3935 1939 3989 tunc

284 4015 675 4083 Christianus,
708 4033 777 4073 ex
805 4017 1077 4089 gentibus
1103 4018 1295 4074 natus.

283 4106 320 4158 9
388 4107 458 4162 Et
485 4109 565 4174 tu,
596 4100 840 4174 Domine,
864 4106 1134 4162 deridebis
1159 4123 1268 4163 eos.

388 4194 468 4251 Ad
496 4194 743 4251 nihilum
770 4194 987 4250 deducis
1017 4211 1199 4251 omnes
1225 4200 1426 4265 gentes.

332 4283 394 4359 ,Β
426 4288 503 4340 De
532 4285 809 4357 gentibus
839 4284 938 4357 qui
992 4285 1050 4340 in
1098 4286 1439 4343 Antichristi
1471 4286 1751 4346 scelerata
1798 4290 1932 4348 reli-

281 4371 451 4446 gione
482 4373 932 4445 permanserint,
966 4372 1293 4431 irridendos
1321 4392 1419 4432 eos
1449 4379 1809 4449 pronuntiat,
1833 4381 1932 4454 qui

281 4462 724 4534 praedicationes
760 4466 946 4517 lectas
977 4463 1178 4518 audire
1209 4463 1763 4538 noluerint.Gentes,
1787 4471 1844 4525 et
1871 4468 1932 4526 in

281 4549 434 4605 bono
465 4552 522 4605 et
549 4548 610 4605 in
642 4549 797 4604 malo
842 4551 977 4622 poni
1028 4551 1405 4608 notissimum
1437 4559 1545 4610 est.
1581 4543 1743 4627 lpsas
1773 4559 1930 4614 enim

280 4655 384 4711 pro
413 4637 597 4711 nihilo
622 4637 800 4694 habet
830 4637 1113 4694 Dominus
1146 4658 1163 4693 :
1196 4640 1297 4711 qui
1346 4658 1480 4697 eum
1528 4648 1929 4704 creaturarum

277 4708 542 4783 omnium
575 4745 689 4783 non
722 4732 1071 4784 venerantur
1115 4732 1432 4786 auctorem.
1466 4720 1589 4787 Mos
1639 4738 1728 4790 est
1775 4734 1927 4792 Scri-

274 4821 460 4890 ptura:
491 4818 667 4889 (sicut
696 4817 811 4887 hic)
843 4806 1036 4874 dicere
1066 4830 1169 4891 pro
1199 4822 1361 4891 parte
1393 4822 1600 4889 totum,
1632 4826 1700 4878 ut
1725 4840 1929 4882 omnes

275 4912 476 4979 gentes
507 4924 621 4963 non
653 4923 878 4977 omnes,
913 4908 1013 4963 sed
1046 4918 1252 4965 omnes
1281 4907 1612 4969 incredulas
1652 4913 1924 4987 accipias,

278 4996 346 5049 10
417 4997 815 5054 Fortitudinem
858 4998 1136 5055 meamad
1166 5005 1217 5055 te
1242 4998 1582 5057 custodiam:
1609 4986 1741 5074 quia
1786 4986 1928 5061 Deus

368 5108 371 5109 ν
486 5092 757 5156 susceptor
780 5103 934 5142 meus
970 5105 983 5144 :

382 5176 519 5229 Deus
547 5190 717 5239 meus,
750 5177 1125 5234 misericordia
1153 5179 1267 5251 ejus
1291 5182 1596 5250 praeveniet
1612 5199 1715 5249 me,

345 5263 387 5318 C
418 5262 843 5319 Fortitudinem
876 5263 1261 5323 humanitatis
1306 5278 1424 5323 suae
1472 5268 1614 5326 dicit
1657 5270 1924 5330 Christus

178 5414 187 5422 ,
274 5351 459 5425 patris
507 5352 806 5408 beneficiis
854 5352 1286 5425 applicandam.
1318 5356 1401 5412 Ad
1442 5362 1501 5414 te
1529 5354 1857 5417 custodiam
1907 5379 1920 5418 :

273 5444 502 5498 mutata
530 5438 755 5513 syllaba
785 5441 1079 5515 significat
1109 5458 1212 5515 per
1239 5440 1656 5504 te.Custodiam
1687 5450 1925 5507 fortitua

273 5530 470 5588 dinem
505 5540 693 5586 meam
730 5548 743 5586 :
781 5531 989 5588 merito
1026 5524 1107 5587 illi
1138 5532 1542 5592 fortitudinem
1577 5548 1745 5594 suam
1786 5556 1923 5613 pro-

272 5619 1119 5701 nuntiat'deputandemﬂuem
1139 5621 1723 5702 etiamsuseeptorem
1747 5645 1923 5688 suum

1983 1831 2030 1906 Β

1592 3218 1746 3294 quod
1788 3238 1945 3278 nunc
1975 3200 2018 3278 Β

2064 1543 2195 1583 rum
2226 1528 2492 1585 funditus
2523 1532 2849 1602 pereat,sed
2902 1531 3095 1604 magis
3139 1540 3367 1588 errasse
3396 1546 3457 1587 se
3489 1531 3720 1589 satisfa-

2062 1617 2253 1673 ctione
2283 1617 2460 1690 digna
2489 1624 2823 1692 cognoscat.
3132 1626 3149 1641 ‘

2065 1706 2131 1761 12
2203 1708 2464 1778 Disperge
2491 1707 2617 1765 illos
2647 1726 2706 1765 m
2735 1711 2940 1766 virtute
2968 1716 3061 1766 tua
3095 1726 3107 1765 :

2202 1796 2268 1851 Et
2293 1796 2499 1870 depone
2526 1813 2614 1854 eos
2638 1805 2908 1870 protector
2933 1815 3103 1865 meus,
3135 1799 3382 1856 Domine.

2131 1884 2176 1939 Η
2212 1884 2485 1959 Disporge
2514 1880 2666 1954 illos,
2703 1887 2812 1942 hoc
2842 1887 3063 1943 dictum
3097 1892 3186 1944 est
3216 1889 3286 1944 de
3314 1886 3623 1958 Judaais,ut
3656 1890 3717 1946 in

2056 1976 2174 2029 toto
2205 1974 2342 2029 orbe
2370 1975 2734 2047 dispersi,sic
2760 1968 3055 2032 emendati
3087 1986 3203 2033 non
3235 1978 3577 2050 superbiant
3621 1980 3711 2034 vel

2057 2062 2114 2116 in
2142 2062 2249 2118 hac
2280 2063 2644 2136 dispersione
2674 2064 2866 2121 scelus
2917 2080 3091 2121 suum
3142 2065 3475 2139 paenitendo
3505 2067 3714 2140 deplo-

2058 2155 2204 2206 rent.

2058 2240 2125 2294 13
2198 2242 2465 2298 Delicium
2505 2245 2618 2300 oris
2664 2258 2850 2300 eorum
2898 2258 3199 2301 sermonem
3247 2243 3517 2301 (abieram
3564 2246 3708 2318 ipse-

2269 2347 2397 2386 rum
2429 2349 2442 2390 Ξ

2196 2421 2262 2475 Et
2285 2420 2810 2493 comprehendantur
2836 2423 2899 2477 in
2925 2425 3183 2495 superbia
3207 2434 3327 2479 sua.

2125 2510 2165 2565 C
2196 2508 2483 2565 Delictum
2509 2509 2627 2566 oris
2656 2512 2946 2580 eorum,id
2980 2512 3511 2586 est,cogitationum
3543 2511 3706 2568 insa-

2054 2596 2163 2653 nia:
2217 2599 2471 2666 fuerunt,
2526 2599 2761 2671 quando
2798 2600 3109 2656 consilium
3154 2600 3435 2669 fecerunt,
3472 2606 3535 2656 ut
3573 2598 3702 2656 neci

2050 2687 2353 2743 traderent
2380 2687 2718 2744 Dominum.
2749 2694 2950 2745 Sermo
2981 2706 3214 2762 quoque
3237 2689 3527 2746 labiorum
3549 2688 3705 2746 dete-

2052 2775 2281 2831 stabilis
2310 2776 2436 2845 fuit,
2470 2778 2708 2849 quando
2738 2770 3011 2835 dicebant
3062 2796 3075 2835 :
3129 2779 3284 2835 Reus
3334 2783 3425 2835 est
3470 2774 3699 2834 mortis.

2052 2866 2261 2938 Captos
2290 2880 2389 2922 eos
2410 2870 2638 2924 constat
2660 2866 2719 2922 in
2742 2868 3019 2941 superbia
3038 2868 3409 2941 sua,quando
3430 2868 3705 2924 viderant

2050 2958 2453 3028 resurgentem
2482 2971 2656 3028 quem
2689 2963 3029 3030 respuerant
3059 2956 3341 3013 miracula
3372 2956 3700 3013 facientem.

2053 3043 2121 3097 14
2191 3038 2258 3099 Et
2285 3043 2351 3099 de
2386 3047 2750 3102 exsecratione
2800 3052 2852 3101 et
2892 3046 3174 3102 mendacio
3220 3047 3709 3102 annuntiabuntur

2268 3135 2326 3188 in
2357 3136 2821 3191 consummatione
2852 3150 2865 3190 :

2196 3224 2259 3277 In
2291 3224 2377 3277 ira
2404 3225 2885 3279 consummationis
2915 3228 2968 3280 et
2995 3239 3105 3280 non
3134 3232 3314 3280 erant.

2123 3310 2169 3365 Η
2199 3311 2630 3368 Execrabantur
2656 3312 2993 3380 Dominum,
3020 3330 3155 3368 cum
3186 3328 3323 3370 eum
3373 3311 3558 3369 filium
3592 3313 3702 3370 Jo-

2050 3400 2193 3473 seph
2224 3400 2374 3457 fabri
2404 3396 3073 3459 dixerantJnnectebant
3092 3403 3268 3459 etiam
3290 3404 3697 3459 mendacium:

2049 3505 2180 3544 cum
2205 3506 2341 3545 eum
2364 3490 2717 3548 daemonium
2739 3491 3012 3548 dicebant
3035 3491 3344 3548 habere.Et
3364 3508 3477 3549 non
3502 3497 3701 3559 erunt,

2046 3577 2104 3632 id
2135 3583 2316 3647 est,ut
2342 3596 2457 3636 non
2489 3580 2719 3653 possint
2748 3596 3113 3653 perseverare
3136 3581 3197 3638 in
3219 3581 3445 3638 malitia
3462 3581 3699 3649 sua,sed

2048 3667 2105 3721 in
2137 3684 2205 3723 ea
2234 3673 2720 3725 consummentur
2749 3665 3118 3743 Mutilum“).
3152 3671 3192 3726 C
3229 3669 3700 3727 Consummatio-

2046 3772 2181 3811 nem
2212 3757 2367 3814 enim
2399 3757 2561 3814 illam
2591 3750 2749 3827 dicit,
2782 3762 2962 3831 quam
2993 3760 3405 3833 unusquisque
3448 3760 3694 3833 patitur.

2045 3846 2356 3918 (Joan.vm)
2392 3854 2406 3902 :'
2442 3848 2676 3919 quando
2709 3865 2936 3904 memor
2966 3852 3333 3921 peccatorum
3361 3866 3424 3905 se
3453 3850 3696 3906 cruciat.

2044 3935 2168 3991 Non
2200 3939 2372 3991 erunt
2402 3936 2583 4010 igitur
2612 3937 2813 4009 utique
2842 3938 3078 4011 superbi
3111 3938 3209 3994 sed
3242 3937 3574 4011 paenitendo
3593 3938 3701 3994 hu-

2044 4023 2275 4081 initiati.

2045 4115 2112 4170 15
2186 4106 2249 4171 Et
2272 4116 2446 4171 scient
2470 4116 2603 4186 quia
2631 4104 2771 4170 Deus
2798 4115 3175 4173 dominabitur
3200 4106 3361 4175 Iacob
3395 4135 3408 4173 :

2199 4205 2339 4270 έ-Ει
2378 4209 2393 4268 ζ
2430 4204 2631 4275 ﬁnium
2662 4208 2845 4261 terrae.
2883 4207 3222 4278 Diapsalma.

2113 4294 2153 4349 C
2184 4293 2252 4348 Et
2276 4292 2672 4359 scient,Judaai
2705 4309 2839 4349 cum
2871 4294 3086 4350 fuerint
3116 4293 3368 4368 perfecta
3416 4294 3699 4368 religione

2042 4381 2297 4438 instituti
2312 4399 2325 4437 :
2340 4370 2636 4438 Christum
2653 4397 2782 4439 esse
2803 4382 3112 4440 Dominum
3130 4385 3309 4440 Jaeob
3327 4384 3695 4457 patriarchas,

2041 4471 2196 4544 quod
2227 4470 2501 4544 primitus
2532 4487 2647 4527 non
2678 4471 3013 4541 credebant,
3042 4478 3099 4528 et
3128 4472 3441 4529 Dominum
3473 4484 3603 4530 esse
3636 4473 3697 4527 ἢκ

2041 4560 2205 4614 nium
2232 4554 2485 4627 tamadd
2516 4554 2941 4627 est,cathol‘ieai
2968 4560 3239 4617 Ecclesiae
3270 4566 3390 4618 toto
3422 4558 3560 4619 orbe
3581 4562 3693 4617 dif-

2039 4650 2203 4717 fusm,
2224 4649 2380 4721 quod
2412 4649 2585 4705 modo
2617 4642 2824 4706 durato
2855 4658 2969 4706 neu
3002 4650 3261 4723 sapiunt.

2039 4738 2107 4793 1-6
2181 4738 2572 4795 Convertentur
2599 4728 2676 4794 (ut.
2696 4750 2977 4812 vesperam
3004 4749 3055 4797 et
3082 4743 3287 4814 famem
3319 4743 3603 4814 patientur
3632 4746 3695 4797 ut

2250 4836 2413 4883 canes
2446 4844 2460 4882 :
2548 4819 2557 4824 ”

2178 4910 2245 4973 Et
2264 4910 2579 4981 circuibuut
2606 4920 2904 4976 civitatem.

2107 5010 2146 5062 C
2178 5002 2787 5078 Postinterjeetionem
2819 5003 3062 5065 secundi
3094 5009 3697 5084 Biapsalmatiswenit

2035 5095 2105 5151 ad
2136 5094 2375 5151 tertium
2408 5096 2881 5169 ingressum,ubi
2912 5100 3214 5163 conversio
3262 5099 3602 5156 Judworum
3634 5100 3694 5155 et

2033 5183 2380 5240 resurrectio
2412 5182 2639 5240 Domini
2672 5186 3018 5243 ostenditur.
3052 5192 3235 5245 Canes
3263 5180 3361 5245 hic
3397 5187 3693 5262 signiﬁcat

2031 5272 2439 5345 praedicatores
2471 5286 2539 5329 ex
2574 5272 2794 5330 Judaais
2840 5285 3168 5345 conversos,
3224 5281 3290 5333 ut
3341 5268 3587 5334 Paulum
3633 5281 3692 5333 et

2033 5361 2198 5419 alios.
2230 5360 2441 5418 Civitas
2469 5376 2603 5418 veno
2634 5361 2729 5419 hic
2756 5363 3116 5422 Hierusalem
3166 5364 3459 5440 signiticet
3508 5369 3689 5423 Μηδὲ

2033 5455 2214 5508 strem
2245 5468 2257 5507 :
2281 5467 2458 5524 quam
2488 5450 2702 5508 Paulus
2724 5452 2991 5510 circuivit
3020 5455 3392 5527 praedicando
3414 5454 3687 5529 gloriose,

2034 5546 2091 5597 et
2107 5540 2202 5595 alii
2219 5538 2403 5595 Judaei
2425 5538 3004 5599 miilticredentesjn
3032 5545 3332 5618 superiore
3357 5545 3515 5602 enim
3549 5542 3693 5600 divi-

2034 5630 2195 5688 sione
2219 5638 2519 5705 vcsperam
2547 5628 2801 5687 diximus
2816 5632 2990 5691 tinem
3008 5634 3201 5692 saeculi
3227 5631 3688 5711 significareﬁed
