4054 6168
257 321 363 382 229

1443 322 1867 391 EXPOSI'I‘IO
1911 325 2427 397 PSALMORUM.

3524 348 3646 412 230

256 452 339 509 hic
369 451 591 508 initium
621 457 796 515 sexta)
824 455 1013 513 etatis
1040 457 1316 529 ostendit,
1330 461 1565 534 quando
1595 461 1880 519 Dominus
1917 464 1974 531 Α
2002 463 2260 557 hominis
2296 483 2489 557 errore
2530 469 2795 543 deposito
2828 487 2840 527 :
2874 471 3122 533 Domino
3169 477 3453 538 Salvatori
3499 500 3649 557 pura

254 542 416 611 venit,
432 545 487 598 et
516 547 649 615 post
674 543 806 615 ejus
836 547 1324 605 resurrectionem
1354 549 1672 609 multitudo
1690 552 1884 609 credi-

253 632 332 687 dit
360 631 708 688 Judaaorum.

256 722 318 777 t7
382 722 494 793 Ipsi
517 720 901 794 aspergatur
927 726 999 781 ad
1023 728 1470 787 manducandum
1495 750 1518 787 .-

379 810 441 865 Si
462 826 587 869 veru
608 828 724 867 non
752 815 966 885 fuerint
988 820 1228 875 saturati
1253 823 1307 875 et
1334 821 1781 879 murmurabunt.

314 898 353 954 C
380 898 494 972 Ipsi
520 917 654 957 vero
685 902 786 973 qui
814 916 1011 962 veram
1050 914 1394 965 meruerunt
1429 910 1646 967 habere
1672 909 1887 967 doctri—

252 1003 400 1055 nam,
421 988 833 1064 dispergentur
850 993 923 1048 ad
948 996 1454 1067 manducandum,
1476 1000 1674 1056 cibum
1693 999 1891 1056 videli-

253 1080 334 1133 cet
348 1075 767 1150 spiritalem,ut
779 1088 1193 1141 convertantur
1206 1090 1410 1158 gentes
1428 1089 1500 1144 ad
1518 1088 1693 1145 ﬁdem
1704 1128 1718 1157 ,
1737 1089 1890 1145 sicut

250 1174 403 1230 Petro
440 1174 666 1233 dictum
712 1183 807 1234 est
847 1179 905 1234 in
949 1180 1173 1238 visione
1206 1200 1220 1239 :
1254 1184 1445 1241 Macta
1493 1190 1551 1242 et
1598 1187 1892 1244 manduca

247 1264 469 1332 (Acts).
496 1265 850 1323 Satthm
893 1269 1161 1328 doctores
1201 1290 1214 1327 :
1246 1275 1483 1346 quando
1526 1276 1888 1347 prmdieatio-

249 1368 341 1408 nes
366 1368 507 1409 suas
533 1354 786 1412 viderint
830 1358 1082 1430 populos
1119 1360 1522 1419 desideranter
1561 1374 1885 1421 assumere.

247 1441 450 1497 Contra
469 1442 662 1514 jejuni
693 1452 1086 1516 murmurant,
1114 1448 1167 1505 si
1194 1451 1371 1507 verba
1398 1458 1509 1509 Sua
1534 1453 1889 1511 fructiﬁcare

249 1546 349 1585 non
380 1532 762 1603 cognoverint
786 1533 846 1590 in
878 1536 1181 1594 mentibus
1209 1540 1586 1611 perﬁdOrum.

252 1620 308 1674 18
374 1623 490 1691 Ego
521 1629 704 1677 autem
724 1626 952 1681 cantabo
978 1628 1360 1697 fortitudinem
1389 1634 1542 1687 tuam
1565 1649 1586 1689 :

373 1712 439 1765 Et
465 1710 751 1767 exsultabo
779 1729 941 1769 mane
968 1716 1405 1774 misericordiam
1432 1728 1607 1777 tuam.

1995 558 2190 609 mente
2223 556 2599 614 famulantur.
2626 556 2803 616 Tituli
2828 561 3131 639 inscriptio
3151 567 3448 628 Christum
3471 556 3649 647 signi-

1996 642 2131 699 ﬁcat
2151 660 2368 717 regem.
2391 646 2456 703 In
2492 647 2914 719 doctrinam,id
2944 658 3034 710 est
3054 655 3465 717 Christianam.
3491 642 3651 718 Bella

1993 729 2108 787 ista
2136 749 2263 805 quae
2296 741 2644 807 sequuntur,
2675 738 2921 798 historia
2950 760 3156 817 regum
3186 751 3645 822 comprehendit,

1996 825 2055 876 et
2082 821 2421 895 signiﬁcant
2447 825 2723 884 victorias
2751 829 2985 887 Domini
3017 821 3336 895 Salvator-is
3361 857 3374 894 :
3408 857 3557 912 quas
3586 841 3646 898 in

1995 912 2117 966 toto
2137 913 2359 968 mundo
2379 914 2451 970 de
2473 917 2718 989 paganis
2748 919 2869 991 agit
2887 924 2945 977 et
2972 923 3501 998 perﬁdis,quorum
3519 947 3647 986 ver-

1995 1000 2073 1056 ba
2100 999 2210 1056 iste
2239 1002 2507 1074 psalmus
2536 1005 2802 1063 dicturus
2831 1014 2938 1065 est.
2970 1010 3238 1069 Christus
3273 1032 3450 1073 manu
3481 1018 3648 1075 fortis

1997 1093 2053 1144 ct
2080 1089 2512 1159 desiderabilis,
2533 1111 2648 1150 non
2676 1096 2845 1166 ferro,
2870 1099 2970 1154 sed
3000 1103 3399 1161 conversionis
3426 1108 3645 1178 studio,

1997 1194 2113 1234 non
2145 1195 2250 1251 per
2274 1179 2471 1252 ignem
2519 1182 2828 1254 visibilem,
2855 1187 2958 1243 sed
2988 1205 3092 1261 per
3131 1191 3430 1250 charitatis
3476 1196 3647 1252 ordo-

1997 1283 2120 1323 rem
2176 1268 2325 1340 (quo
2381 1271 2555 1328 modo
2611 1273 2887 1331 divinitas
2945 1277 3233 1338 debellare
3294 1300 3361 1338 ac
3418 1282 3647 1342 vincere

1995 1355 2365 1414 invisibiliter
2419 1363 2768 1433 (consuevit)
2818 1368 3099 1424 mundem
3151 1370 3427 1428 rebellem
3474 1375 3645 1430 sube-

1994 1445 2099 1518 git.

2033 1536 2056 1588 1
2136 1537 2279 1592 Deus
2310 1540 2567 1609 reputisti
2591 1548 2647 1608 έ-
2680 1560 2779 1599 nos
2812 1549 2827 1611 ξ
2885 1553 2982 1601 et:
3012 1547 3334 1607 destruxisti
3360 1569 3459 1608 nos

2136 1630 2324 1682 Iratus
2352 1644 2409 1684 es
2436 1636 2491 1685 et
2516 1632 2773 1688 misertus
2800 1650 2856 1689 es
2882 1636 3060 1691 nobis.
3590 1676 3609 1695 .

2066 1714 2107 1769 C
2138 1715 2398 1804 Populus
2420 1718 2529 1775 iste
2549 1721 2650 1791 qui
2669 1726 2794 1777 erat
2814 1722 3025 1795 priscis
3046 1728 3345 1786 erroribus
3366 1729 3644 1804 illigatus,

308 1797 350 1853 Ii
377 1796 668 1903 Can‘tabat
695 1799 986 1869 Christus,
1016 1803 1075 1860 id
1116 1809 1226 1875 est,
1255 1808 1608 1879 praedicabat
1656 1810 1887 1903 fortitu-
1918 1839 1964 1903 Β
1996 1803 2297 1876 repulsum
2330 1808 2871 1903 segetﬁdestumjtum
2914 1813 3028 1903 sub
3070 1816 3393 1887 gratiarum
3424 1796 3650 1877 a'ctioné

246 1885 424 1942 dinem
463 1885 981 1961 Patris,qu0modo
1008 1908 1144 1949 cum
1176 1895 1302 1967 ipso
1330 1897 1533 1954 vicerit
1561 1899 1884 1956 diabolum.

246 1975 281 2030 Ο
306 1976 472 2032 Mane
499 1976 840 2050 exsultabit,
862 1996 1001 2037 cum
1049 1999 1161 2039 nox
1187 1985 1442 2042 obscura
1470 1987 1643 2045 istius
1688 1989 1888 2046 saeculi

244 2064 794 2138 transieritqu’ando
806 2069 935 2140 jam
952 2071 1354 2131 misericordia
1372 2077 1596 2132 Domini
1618 2078 1676 2133 in
1700 2088 1890 2135 remu-

247 2152 530 2210 neratione
564 2160 900 2214 Sanctorum
929 2158 1225 2218 elucescit.
1249 2162 1333 2220 Ibi
1364 2165 1519 2222 enim
1551 2167 1676 2239 ipse
1701 2168 1890 2225 exsul-

245 2245 460 2299 taturus
490 2247 589 2299 est
614 2248 897 2317 tanQuat‘n
929 2265 1030 2304 rex
1058 2255 1115 2306 et
1144 2252 1561 2322 Dominus,ubi
1592 2272 1770 2311 suum
1794 2274 1889 2329 po-

247 2596 416 2664 Petro,
444 2597 707 2672 aliisque
734 2603 1016 2675 apostolis
1043 2610 1101 2662 et
1129 2608 1506 2682 martyribus.

248 2686 305 2742 19
368 2690 519 2758 Quia
548 2691 730 2761 [aetiis
754 2707 813 2748 es
837 2703 1116 2765 susceptor
1135 2712 1282 2752 mea.
1498 2730 1505 2738 -

368 2778 431 2832 Et
455 2779 742 2849 refugium
772 2790 955 2837 areum
984 2785 1047 2839 in
1073 2783 1164 2843 die
1191 2787 1570 2845 tribulationis
1596 2804 1756 2848 meae.

304 2864 344 2920 C
369 2865 505 2939 Ipse
534 2866 805 2925 Christus
834 2869 1178 2945 suscipitur,
1210 2877 1446 2946 quando
1473 2878 1732 2936 Ecclesia
1749 2890 1888 2937 cun-

246 2958 325 3009 cta
341 2954 795 3016 salvaturmunc
814 2960 994 3017 etiam
1014 2966 1294 3019 mte‘rnu
1318 2966 1612 3039 refugium
1635 2969 1890 3026 efﬁcitur

246 3042 519 3113 Christus,
533 3047 769 3118 quando
790 3048 906 3106 ista
925 3050 1467 3112 desiderantissima
1485 3073 1597 3113 vox
1625 3056 1885 3119 auditur.

246 3131 446 3201 Venite,
485 3133 802 3205 benedicti,
834 3137 1021 3196 Patris
1061 3143 1197 3211 mei,
1228 3143 1334 3199 sed
1381 3149 1439 3201 et
1477 3146 1605 3217 jam
1651 3152 1884 3221 gratum

1996 1901 2434 1952 commemorat.
2463 1897 2608 1953 Cum
2630 1898 2773 1955 dicit
2801 1901 3365 1974 repulisti,ostendit
3384 1925 3448 1965 se
3468 1909 3651 1965 fuisse

1994 1982 2185 2054 gratia
2213 1983 2311 2040 Dei
2345 1991 2677 2042 revocatum
2710 2005 2782 2044 ne
2820 1990 2877 2045 in
2911 1993 3106 2063 pravis
3133 1995 3510 2069 dogmatibus
3532 1998 3650 2054 vita

1996 2071 2281 2128 ﬁniretur.
2316 2074 2432 2130 Ista
2460 2076 2777 2134 destructio
2818 2079 2904 2135 sic
2949 2084 3188 2139 evertit:
3213 2088 3278 2141 ut
3321 2091 3645 2156 construat,

1996 2161 2081 2217 sic
2110 2161 2349 2234 deponit
2382 2181 2395 2218 :
2428 2170 2494 2220 ut
2539 2166 2746 2239 erigat,
2780 2169 2906 2226 ideo
2948 2172 3159 2228 merito
3206 2174 3278 2229 ad
3325 2176 3647 2248 gratiarum
3728 2220 3737 2235 .

1995 2250 2283 2306 actionem
2314 2252 2469 2309 venit
2506 2253 2620 2311 ista
2651 2257 2988 2315 destructio.
3024 2262 3213 2317 Iratus
3244 2269 3335 2319 est
3366 2283 3379 2319 :
3412 2267 3648 2336 quando

1997 2339 2441 2408 superstitiones
2473 2358 2675 2400 eorum
2706 2345 3010 2403 subvertit.
3032 2350 3307 2407 Miser-tus
3336 2370 3349 2407 :
3382 2370 3518 2408 cum
3549 2370 3649 2409 eos

1995 2427 2066 2481 ad
2099 2427 2324 2484 cultum
2353 2446 2499 2486 verte
2530 2432 2829 2506 religionis
2859 2437 3119 2493 adduxit.

2030 2518 2065 2571 2
2139 2516 2493 2576 ϐοηθηαυίδᾶ
2519 2530 2724 2579 terram
2751 2533 2806 2581 et
2830 2528 3167 2585 conturbasti
3191 2546 3315 2586 eam
3343 2550 3364 2586 :

2136 2605 2289 2661 Sana
2313 2611 2667 2667 contritimies
2696 2613 2813 2685 ejus
2840 2618 2973 2687 quia
2999 2627 3264 2675 commota
3292 2628 3386 2675 est.

2026 2694 2108 2759 ,Β
2136 2696 2315 2751 'I‘erra
2347 2715 2360 2753 :
2395 2699 2734 2758 universum
2769 2709 2982 2760 emtum
3023 2708 3388 2779 peccantium
3420 2709 3647 2783 signiﬁ-

1996 2785 2108 2851 cat,
2133 2784 2233 2855 qui
2278 2785 2336 2842 in
2368 2788 2619 2844 adventu
2649 2791 2881 2849 Domini
2913 2797 3189 2852 commoti
3221 2804 3383 2864 sunt,
3414 2801 3649 2872 quando

1996 2871 2256 2930 culturas
2286 2892 2426 2932 suas
2456 2887 2852 2950 cognoverunt
2895 2883 3011 2940 Deo
3040 2902 3170 2942 esse
3200 2871 3647 2945 abominabiles.

1995 2963 2333 3019 Conturbati
2365 2971 2521 3035 sunt,
2546 2971 2782 3040 quando
2826 2972 2978 3027 inter
3005 2974 3303 3032 doctrinas
3332 2992 3472 3033 suas
3500 2976 3648 3034 alias

1938 3101 1945 3108 .
1996 3051 2309 3108 audierunt
2356 3073 2369 3109 :
2415 3057 2845 3129 Apprehendite
2891 3061 3287 3134 disciplinam,
3338 3066 3647 3137 nequando

1996 3138 2285 3196 irascatur
2320 3142 2605 3202 Dominus
2642 3148 2815 3216 (Psal.
2840 3152 2933 3219 11);
2958 3153 3015 3204 et
3042 3152 3292 3223 pereatis
3322 3154 3393 3210 de
3421 3155 3514 3210 via
3548 3156 3648 3224 ju-

246 3224 320 3275 est
339 3222 634 3297 refugium
651 3224 942 3297 Christus,
957 3231 1191 3302 quando
1208 3236 1469 3307 tempore
1478 3212 1884 3294 tribulationis

2004 3232 2108 3284 sta.
2134 3230 2289 3285 Sana
2316 3212 2719 3304 contritiones,
2741 3242 2850 3293 etc.
2873 3212 3099 3296 leesti
3131 3242 3358 3297 medico
3390 3212 3647 3314 produn-

248 3311 617 3370 contionatur.

247 3400 307 3453 2O
370 3402 607 3474 adiutor
649 3420 821 3476 meus,
863 3406 969 3464 tibi
1006 3411 1293 3481 psallam:
1321 3414 1471 3486 quia,
1513 3412 1674 3484 Deus,
1705 3433 1886 3474 susce-

431 3500 566 3562 ptor
591 3509 744 3549 meus
769 3510 825 3550 es
856 3513 876 3550 :

369 3578 517 3636 Deus
541 3587 598 3646 -ξ-
634 3598 787 3639 meus
826 3590 840 3650 ζ
897 3587 1277 3645 misericordia
1304 3606 1446 3647 mea.

306 3669 341 3720 C
367 3668 602 3741 Repetit
633 3670 967 3744 frequenter
994 3674 1295 3745 beneﬁcia,
1310 3683 1374 3735 ut
1402 3681 1572 3738 nobis
1602 3684 1884 3756 quemad-

247 3757 465 3814 modum
502 3760 727 3832 gratias
765 3778 935 3835 agere
972 3763 1294 3824 debeamus
1321 3771 1610 3827 ostendat.
1635 3773 1884 3847 Suscep-

243 3847 350 3901 tor:
367 3847 761 3906 humanitatis
778 3858 987 3908 nostrae
999 3856 1240 3913 verbum
1258 3861 1529 3931 est,quod
1547 3872 1675 3917 eam
1692 3863 1752 3918 in
1770 3863 1888 3923 Ma-

245 3933 329 3995 riae
357 3937 606 4010 virginis
653 3943 819 3996 utero
866 3942 981 3998 sibi
1028 3944 1249 4002 sociare
1278 3947 1554 4021 dignatus
1593 3954 1703 4006 est.
1728 3951 1885 4010 Deus

244 4036 413 4093 meus,
433 4026 502 4082 id
524 4030 635 4093 est,
649 4029 1051 4088 misericordia
1072 4040 1223 4101 mea,
1238 4035 1321 4090 ibi
1342 4038 1499 4094 enim
1525 4040 1724 4096 omnia
1744 4046 1886 4098 sunt

243 4107 532 4186 beneﬁcia,
562 4115 645 4171 ibi
674 4118 949 4176 universa
977 4126 1226 4180 munera
1252 4124 1583 4199 designata.

700 4223 905 4264 ORATIO
943 4226 1013 4266 IX
1051 4227 1209 4267 PSA!»
1252 4230 1407 4270 LVIII.

301 4288 684 4367 Omnipotens
703 4298 1146 4372 Domine,cujus
1165 4301 1441 4360 virtutem
1462 4309 1638 4378 atque
1658 4306 1885 4364 miseri-

242 4379 485 4468 cordiam
514 4384 814 4440 matutino
853 4385 1169 4446 laudamus
1196 4390 1257 4446 in
1287 4395 1550 4465 ίαωροιιθ
1583 4411 1596 4450 :
1630 4411 1735 4468 quo
1765 4395 1882 4452 fora

244 4464 537 4527 titudinem
568 4475 626 4528 te
655 4478 918 4532 nostram
956 4493 1195 4535 oramus
1234 4483 1291 4535 et
1321 4464 1682 4553 quaesumus,
1716 4488 1783 4540 ut
1809 4485 1887 4541 ab

1996 3321 2091 3372 tur
2118 3319 2379 3388 vulnera,
2415 3327 2480 3378 ut
2521 3325 2791 3381 contritis
2838 3327 3130 3384 medicina
3173 3336 3495 3387 succurrat.
3528 3333 3647 3389 Ista

1994 3411 2087 3462 est
2114 3408 2386 3465 contritio
2407 3427 2533 3483 qua
2566 3429 2672 3469 nos
2692 3415 2871 3471 efﬁcit
2900 3416 3330 3491 fortlores,quia
3355 3427 3648 3478 commota

1995 3499 2103 3564 est,
2128 3496 2184 3551 id
2216 3502 2326 3567 est,
2351 3516 2385 3555 a
2413 3501 2607 3572 priore
2637 3518 2831 3561 errore
2859 3505 3145 3562 translata
3172 3513 3281 3575 est,
3311 3512 3378 3564 ut
3408 3508 3513 3565 tibi
3545 3514 3649 3565 Do-

1992 3585 2155 3640 mino
2184 3586 2417 3644 obediat
2446 3591 2548 3662 qui
2578 3597 2715 3648 ante
2744 3593 2915 3650 idolis
2943 3596 3251 3653 serviebat.

2028 3674 2063 3728 3
2136 3674 2430 3734 Ostendisti
2451 3682 2650 3753 popqu
2679 3691 2772 3739 tuo
2798 3682 2941 3740 dura
2971 3703 2991 3741 :

2134 3766 2346 3822 Potasti
2372 3785 2470 3826 nos
2498 3773 2624 3827 vino
2652 3776 3110 3845 cumpuuctionis.

2064 3853 2106 3909 C
2133 3855 2401 3913 Ostendit
2421 3860 2579 3915 enim
2603 3861 2749 3918 dura
2770 3862 3042 3921 ﬁdelibus
3059 3865 3244 3937 jvustis
3266 3866 3324 3921 in
3347 3866 3458 3923 isto
3480 3884 3648 3923 mun-

1993 3943 2087 4012 do,
2111 3948 2175 3999 ut
2203 3945 2410 4002 reddat
2438 3946 2497 4003 in
2519 3949 2838 4007 aeternitate
2861 3953 3290 4024 pretiosa.Vino
3308 3960 3651 4028 comparata-

1992 4036 2082 4089 est
2109 4032 2317 4102 virtus,
2343 4035 2401 4092 in
2433 4052 2548 4109 qua
2577 4052 2693 4093 non
2723 4044 2813 4095 est
2841 4039 3112 4096 vitiorum
3144 4042 3333 4113 copia,
3356 4044 3458 4098 sed
3491 4059 3646 4099 com-

1996 4122 2326 4193 punctionis
2357 4126 2758 4199 ubertas,quaz
2789 4129 2849 4183 in
2868 4129 3020 4185 bono
3043 4131 3342 4202 proposito
3372 4132 3642 4186 studium

1992 4215 2204 4268 nostra:
2232 4212 2551 4270 voluntatis
2592 4216 2915 4274 immutatae
2960 4218 3138 4274 efﬁcit
3185 4223 3343 4275 recta
3389 4236 3639 4292 sapere:

1992 4299 2134 4356 dum
2165 4317 2233 4357 ea
2261 4301 2602 4375 implentur.

2026 4390 2059 4443 4
2133 4389 2348 4447 Dedisti
2372 4395 2740 4452 metuentibus
2769 4399 2823 4452 te
2844 4397 3301 4468 signiﬁcationem
3330 4416 3349 4454 :

2137 4480 2202 4537 Ut
2226 4482 2450 4552 fugiant
2478 4496 2513 4538 a
2540 4484 2680 4554 facie
2709 4501 2891 4542 arcus.
2922 4487 3261 4560 Diapsalma.

243 4558 385 4612 omni
414 4559 777 4619 obscuritate
820 4565 1197 4623 tenebrarum
1241 4569 1394 4625 eruti
1427 4587 1441 4626 :
1474 4572 1763 4629 matutino
1793 4573 1881 4630 lu-
1911 4588 1961 4653 Ι)
2060 4568 2104 4625 C
2128 4567 2298 4626 Dedit
2340 4570 2688 4629 timentibus
2735 4558 3245 4649 signiﬁcationem,
3274 4576 3509 4649 quando
3540 4591 3645 4649 per

243 4643 383 4701 mine
433 4648 803 4708 decoremur.
838 4653 945 4710 Per
988 4655 1306 4714 Dominum
1355 4663 1623 4716 nostrum
1672 4661 1879 4718 Jesum

241 4728 542 4808 Christum,
573 4743 682 4797 etc.

639 4840 653 4848 ’
794 4851 1125 4911 PSALMUS
1167 4853 1305 4911 LIX.

674 4954 1080 4999 ABGUMBNTUM
1120 4958 1279 5000 PSAL.
1320 4962 1432 5001 LIX.

302 5019 342 5109 C
367 5022 627 5103 Populus
667 5044 983 5087 conversus
1030 5033 1103 5089 ad
1133 5032 1433 5090 Christum
1478 5038 1628 5105 orat,
1654 5038 1720 5091 ut
1749 5040 1883 5109 post

241 5107 633 5173 tribulatibnes
664 5132 812 5191 quas
840 5120 1079 5192 pertulit
1112 5138 1128 5178 :
1161 5122 1487 5179 deducatur
1507 5124 1577 5179 ad
1606 5107 1823 5197 ipsum.

243 5229 347 5288 TT.
378 5237 441 5317 In
467 5241 653 5317 [inani
666 5258 765 5317 pro
782 5244 881 5317 ‘his
909 5246 1007 5317 qui
1035 5248 1475 5304 immutabuntur
1502 5250 1565 5304 in
1607 5250 1760 5306 tituli
1787 5251 1880 5305 in-

300 5310 591 5406 scriptione
616 5310 794 5406 ngid
834 5318 897 5371 in
916 5310 1231 5406 doctrinam
1260 5330 1383 5406 erant
1409 5320 1689 5406 succendit
1710 5322 1880 5406 Maso:

302 5383 605 5445 potamiam
655 5384 841 5458 Syria.-
891 5396 946 5444 δι
995 5384 1218 5462 Syriam
1272 5391 1455 5446 Sobal.
1498 5393 1569 5447 Et
1617 5395 1883 5449 convertit

302 5448 429 5505 Joab
458 5460 512 5508 et
535 5459 804 5520 percussit
831 5459 1003 5516 Edam
1047 5463 1108 5518 in
1154 5461 1300 5518 valle
1336 5461 1661 5520 Salinarum
1686 5464 1884 5520 duode-

304 5527 413 5576 a’m
434 5527 638 5582 millia.

306 5623 348 5682 C
374 5631 901 5695 Commutabuntur
935 5643 1133 5700 autem
1179 5639 1241 5698 in
1292 5641 1492 5713 ﬁnem,
1525 5642 1625 5718 qui
1672 5642 1885 5702 veteris

1990 4657 2320 4732 Scripturas
2341 4661 2575 4718 edocuit
2593 4662 2654 4718 in
2675 4662 2785 4721 hoc
2804 4667 3014 4722 amenti
3033 4667 3252 4722 mundo
3274 4665 3477 4722 ﬁdeles
3494 4664 3644 4722 mul-

1991 4747 2217 4820 tiplices
2246 4749 2551 4823 passiones
2579 4752 2909 4811 sustinere:
2944 4755 3122 4812 facies
3154 4771 3346 4822 arcus,
3370 4753 3525 4810 diem
3548 4754 3646 4824 ju-

1989 4836 2123 4893 dicii
2154 4838 2442 4913 designat,
2465 4840 2566 4896 ubi
2596 4842 2735 4898 Novi
2756 4847 2815 4898 et
2834 4843 3062 4900 Veteris
3092 4841 3448 4899 Testamenti
3470 4841 3641 4913 quasi

1989 4926 2222 4984 duobus
2252 4928 2481 4986 inﬂexis
2504 4931 2669 5003 jugis
2700 4932 2895 4988 omnis
2923 4931 3177 5004 populus
3199 4930 3522 5001 judicatur,
3539 4930 3642 4986 sed

1988 5015 2087 5072 ille
2117 5016 2188 5072 ab
2220 5017 2332 5073 isto
2374 5032 2512 5073 arcu
2562 5019 2861 5092 sagittam,
2896 5020 2952 5074 id
2983 5023 3091 5085 est,
3122 5019 3473 5076 sententiam
3525 5036 3643 5075 non

1989 5104 2257 5177 suscipit,
2284 5106 2387 5178 qui
2417 5116 2478 5162 Se
2510 5107 2567 5162 in
2599 5105 2993 5163 humilitatem
3023 5107 3410 5166 conlessionis
3441 5108 3645 5166 devote
3670 5164 3675 5169 ,

1990 5195 2386 5268 prostraverit.

2024 5285 2065 5340 5
2136 5284 2201 5340 Ut
2229 5284 2532 5341 liberentur
2559 5285 2747 5343 ἀειθειὶ
2774 5288 2877 5343 tui.

2130 5373 2360 5430 Salvum
2386 5376 2476 5447 fac
2503 5376 2729 5432 dextera
2761 5383 2856 5433 tua
2883 5384 2937 5433 et
2961 5377 3167 5434 exaudi
3190 5394 3299 5434 me.
3662 5422 3679 5431 ί

2062 5461 2103 5518 C
2133 5462 2487 5536 Deprecatur
2513 5464 2623 5521 iste
2646 5465 2903 5540 populus
2933 5466 3147 5536 ﬁdalis,
3173 5471 3238 5522 ut
3250 5467 3375 5538 jam
3405 5485 3440 5523 a
3462 5468 3643 5523 tribu-

1991 5552 2313 5610 lationibus
2343 5552 2652 5611 libertatus
2683 5556 2781 5612 Dei
2805 5556 2988 5613 virtus
3008 5555 3415 5613 tribulationes
3436 5557 3565 5628 ejus
3581 5556 3647 5612 in

1993 5642 2351 5703 alacritatem
2380 5642 2581 5720 gaudii
2622 5649 2938 5705 convertat.
2972 5645 3042 5705 Et
3069 5645 3211 5704 item
3257 5647 3530 5723 precatur
3577 5646 3643 5703 ut
