4112 6176
404 343 533 408 2'll-

1337 342 1397 404 s.
1447 337 1848 405 BRUNONIS
1894 330 2512 404 HERBlI’OLENSIS
2555 332 2929 402 EPISCOPI.

3707 334 3834 398 232

410 466 619 559 salvus~
656 483 757 538 ﬁat
807 480 1061 546 dextera,
1096 479 1233 551 quia
1264 478 1323 533 in
1364 476 1492 550 ipsa
1550 482 1714 549 parte
1765 462 2059 534 statuendi
2088 477 2141 543 Α
2174 475 2233 531 11
2314 476 2504 532 Nonne
2530 482 2608 541 tu,
2640 475 2801 543 Deus,
2826 464 2933 546 lqui
2958 464 3213 544 repulisti
3239 484 3338 528 nos
3370 488 3390 525 :

376 568 383 573 ’
409 579 568 643 sunt,
597 572 698 645 qui
730 575 1008 644 perpetua
1034 568 1310 626 felicitate
1338 568 1700 642 gaudebunt.

441 664 476 717 6
553 664 693 718 Deus
722 662 929 716 locutus
958 666 1037 715 est
1068 660 1127 714 in
1154 666 1336 714 sancto
1366 674 1463 714 suo
1494 675 1512 711 :
1545 657 1777 714 (mtabor
1803 665 1855 712 et
1879 658 2057 728 parti-

620 752 716 807 bor
741 751 1027 806 Sichiman
1058 766 1078 803 :

550 826 614 897 Et
639 840 936 896 convallem
963 836 1445 894 tabernaculorum
1471 837 1723 891 metibor.

474 929 515 987 C
550 931 802 986 Locutus
823 932 913 984 est
932 927 1104 983 Pater
1132 925 1191 981 in
1219 923 1382 993 Filio,
1410 916 1630 980 scilicet
1660 920 2056 996 evangelicam

400 1018 724 1083 veritatem,
747 1032 851 1089 per
871 1031 1049 1088 quam
1070 1014 1229 1071 venit
1263 1012 1586 1085 redemptio
1624 1010 1907 1068 ﬁdelium.
1932 1012 2057 1068 Las-

402 1109 588 1164 tabor.
611 1106 779 1162 Juste
809 1105 1112 1161 lmtabatur
1154 1101 1428 1176 populus,
1462 1102 1556 1156 cui
1585 1116 1865 1173 prospera
1890 1100 2058 1156 locu-

402 1201 498 1252 tus
527 1199 617 1251 est
638 1194 942 1250 Dominus.
968 1192 1014 1248 H
1044 1189 1719 1262 Sichimam,Samariam
1741 1188 2053 1263 signiﬁcat,

400 1284 607 1340 dividit
635 1283 902 1339 Christus
942 1281 1286 1345 Sichimam,
1311 1296 1445 1335 cum
1496 1277 1670 1334 aliam
1721 1284 1947 1351 partem
1981 1278 2052 1333 ad

402 1372 844 1438 beatitudinem,
876 1370 1050 1426 aliam
1082 1386 1216 1424 cum
1258 1366 1595 1423 inﬁdelibus
1626 1366 1807 1439 ponit.
1832 1366 1873 1422 C
1906 1367 2053 1423 Con-

401 1462 607 1518 vallem
631 1458 1145 1517 tabernaculorum
1164 1456 1597 1523 metiebatur,id
1616 1456 2056 1522 est,deJudaica

400 1550 738 1606 collectione
768 1548 942 1603 habet
973 1564 1085 1602 non
1136 1546 1441 1601 minimam
1490 1545 1818 1618 portionem
1850 1544 1907 1600 in
1942 1546 2055 1602 ﬁde

401 1638 704 1695 catholica.
733 1636 1022 1693 Convallis
1055 1635 1229 1701 dicta,
1262 1635 1431 1707 quasi
1462 1639 1666 1690 cavata
1693 1633 1881 1690 vallis.

432 1731 467 1782 7
540 1727 686 1783 Heus
714 1735 791 1783 est
822 1725 1026 1783 Galaad
1053 1729 1105 1781 et
1131 1741 1284 1781 meus
1309 1733 1387 1780 est
1412 1725 1685 1781 Manasses
1712 1743 1730 1779 :

540 1819 605 1872 Et
630 1816 893 1888 Ephraim
922 1813 1182 1886 fortitudo
1210 1815 1406 1885 capitis
1434 1815 1562 1869 mei.

466 1908 507 1963 C
532 1905 747 1963 Galaad
780 1905 1194 1976 interpretatur
1223 1918 1465 1958 acervus
1495 1900 2047 1958 testimonii.Testes

394 1996 551 2052 enim
582 1995 774 2052 Graece
805 1995 1091 2065 martyres
1119 1990 1417 2047 dicuntur.
1451 1992 1706 2045 Acervus
1744 1988 1852 2045 iste
1883 1988 2048 2045 testi-

392 2084 573 2141 monii
607 2099 880 2156 magnam
908 2098 1037 2137 esse
1063 2078 1354 2152 signiﬁcat
1384 2083 1708 2151 martyrum
1736 2094 2047 2150 congrega-

346 2239 354 2250 ι
391 2175 633 2231 tionem.
659 2173 959 2228 Manasses
990 2171 1405 2241 interpretatur
1432 2168 1651 2233 oblitus,
1685 2167 1888 2223 merito
1909 2183 2046 2239 ergo

394 2263 584 2319 ﬁdelis
617 2260 867 2335 populus
898 2258 1037 2315 dicit
1090 2258 1250 2313 illam
1282 2257 1632 2313 oblivionem
1674 2272 1842 2312 suam
1893 2272 2041 2325 esse,

392 2369 517 2425 qua:
549 2355 672 2407 erat
700 2351 770 2405 de
802 2347 1115 2404 abolitione
1153 2346 1441 2402 scelerum
1471 2350 1733 2401 ventura.
1768 2343 2044 2417 Ephraim

387 2440 745 2512 fructi/icatio
774 2437 1011 2502 dicitur,
1043 2452 1169 2507 quae
1216 2437 1307 2490 est
1356 2433 1636 2490 fortitudo
1666 2434 1875 2507 capitis
1906 2435 2041 2503 mei,

389 2530 448 2586 id
480 2534 570 2587 est
598 2528 883 2585 Dominus
922 2524 1208 2590 Salvator,
1232 2522 1333 2595 qui
1373 2521 1544 2578 nobis
1573 2522 1820 2579 contulit
1848 2526 2040 2599 copio-

370 2618 698 2675 sissimum
721 2615 978 2670 fructum
1001 2613 1060 2668 in
1081 2611 1355 2685 passione
1377 2616 1433 2667 et
1455 2613 2044 2687 resurrectione.quia

392 2706 506 2766 nisi
536 2721 786 2780 granum
812 2701 1109 2769 frumenti,
1132 2706 1266 2768 etc.,
1289 2716 1476 2772 usque
1507 2699 1759 2756 multum
1785 2701 2039 2760 fructum

391 2797 555 2854 affert
576 2795 751 2868 (Joan.
778 2793 900 2864 xu).
924 2791 970 2847 Η
1003 2789 1281 2846 Universa
1310 2788 1429 2844 haec
1467 2789 1538 2844 de
1575 2790 1841 2860 gentium
1871 2808 2039 2848 voca-

388 2885 544 2942 tione
567 2883 866 2947 dicuntur,
891 2895 1141 2953 quarum
1163 2877 1401 2934 diversa:
1433 2876 1676 2934 virtutes
1707 2879 1817 2935 sub
1841 2882 2039 2954 singu-

385 2972 573 3029 lorum
608 2969 917 3027 nominum
946 2967 1423 3039 interpretatione
1456 2965 1843 3041 intelligendas
1874 2974 2034 3028 sunt.

413 3064 448 3116 8
519 3060 680 3126 Juda,
713 3075 812 3116 rex
844 3074 1042 3114 meus:

518 3149 689 3215 Moab,
723 3150 834 3205 olla
863 3148 978 3220 spei
1007 3160 1164 3204 mem.

447 3239 490 3295 C
516 3238 670 3295 Juda
713 3238 995 3295 Christum
1042 3235 1354 3308 signiﬁcat,
1379 3241 1434 3291 et
1464 3254 1597 3293 cum
1648 3237 2033 3295 exsultatione

378 3329 694 3384 dicendum
725 3331 815 3383 est
847 3344 860 3380 ε
895 3325 1065 3392 Juda,
1100 3342 1199 3380 rex
1247 3342 1435 3392 meus,
1458 3326 1737 3397 quoniam
1786 3327 1907 3383 haec
1946 3334 2035 3385 est

378 3416 642 3472 ﬁdeliam
675 3414 930 3489 gloriosa
958 3413 1267 3469 confessio.
1303 3413 1470 3469 Moab
1503 3431 1605 3486 pro
1634 3416 1909 3487 gentibus
1937 3434 2035 3490 po-

377 3506 557 3574 nitur,
583 3506 738 3561 unde
777 3504 1246 3576 congregandam
1299 3503 1645 3575 praedicebat
1689 3504 2027 3562 Ecclesiam.

375 3596 484 3651 Per
513 3592 689 3649 ollam
724 3593 867 3665 spei,
900 3590 1199 3647 tribulatio
1230 3589 1811 3663 signiﬁcatur,quam
1842 3593 1900 3647 in
1922 3594 2032 3651 hoc

375 3681 585 3740 saeculo
616 3681 801 3739 sancti
834 3680 1147 3747 sustinent,
1176 3696 1303 3751 qua:
1335 3680 1405 3734 ad
1454 3696 1617 3752 spem
1648 3680 1774 3735 vita:
1803 3686 2029 3739 internae

374 3772 623 3829 Domino
652 3774 984 3845 praestante,
1015 3768 1438 3842 porrigitur,ut
1475 3768 1694 3826 Paulus
1723 3770 1805 3825 ait
1839 3787 1852 3827 :
1885 3772 2030 3845 Spes

373 3865 567 3918 autem
603 3877 718 3916 non
750 3858 1059 3917 confundit
1088 3859 1263 3929 (Rom.
1285 3857 1362 3928 ν).
1387 3856 1515 3913 011a
1533 3874 1665 3913 vero
1696 3858 1790 3913 hic
1822 3859 1880 3916 in
1911 3878 2032 3916 ma-

372 3949 489 4006 lam
524 3953 748 4023 partem
781 3948 1041 4022 ponitur,
1064 3963 1130 4003 eo
1160 3945 1317 4017 quod
1351 3945 1409 4000 in
1457 3961 1632 4002 sensu
1663 3964 1838 4018 pravo
1872 3949 2031 4006 velut

370 4039 529 4095 unda
558 4037 913 4095 decoctionis
944 4039 1242 4103 exzestuat,
1272 4034 1373 4090 sed
1405 4034 1662 4092 decoctis
1688 4038 1943 4109 peccatis
1972 4043 2031 4096 et

369 4126 593 4185 exustis
621 4130 990 4184 convertatur
1020 4124 1264 4198 nigredo
1295 4122 1442 4179 ollaa.

403 4218 439 4271 9
509 4219 575 4273 In
602 4216 903 4274 [dammam
933 4213 1223 4269 extendam
1248 4214 1678 4270 caleeamentum
1703 4232 1884 4273 meum
1916 4236 1935 4274 :

510 4307 647 4362 Mihi
672 4306 1009 4373 alienigena:
1035 4302 1246 4358 subditi
1269 4310 1418 4359 sunt.

437 4394 484 4450 Η
519 4394 778 4449 [dumosa
800 4394 1221 4464 interpretatur
1245 4394 1552 4461 sanguinea
1583 4393 1668 4450 vel
1698 4403 1935 4462 terrena,
1957 4413 2025 4453 ac

365 4483 414 4539 si
445 4482 640 4538 dicat:
668 4481 730 4537 ln
762 4481 907 4537 istos
938 4480 1087 4537 tales
1119 4482 1427 4536 extendam
1458 4482 1941 4554 calceamentum,
1966 4485 2024 4541 id

2310 569 2376 621 Et
2403 582 2513 621 non
2539 564 2836 634 egredieris
2866 566 3011 619 Deus
3036 563 3098 616 in
3127 561 3425 616 virtutibus
3452 563 3651 616 nostris
3668 562 3697 614 ?

2238 655 2279 710 C
2311 654 2584 717 Dicendo.
2609 669 2803 709 nonne
2847 656 2932 720 tu,
2965 652 3144 719 Deus,
3167 649 3443 718 ostendit,
3464 651 3535 705 de
3576 666 3694 721 quo
3727 646 3835 705 su-

2167 742 2365 816 perius
2395 742 2648 810 dicebat,
2679 741 2873 798 solum
2917 758 3047 798 esse
3094 756 3228 796 eum
3269 738 3373 812 qui
3401 740 3740 803 deduceret,
3772 740 3837 793 et

2167 832 2334 889 illum
2352 831 2543 890 solum
2557 832 2886 888 Creatorem
2904 831 3116 887 debere
3137 828 3305 887 nobis
3326 844 3454 885 esse
3476 828 3831 902 propitium.

2165 921 2317 978 Dicit
2347 920 2682 997 autem,qui
2711 918 2977 992 repulisti
3009 934 3136 985 nos,
3162 918 3219 973 id
3250 923 3342 974 est
3371 935 3406 973 a
3434 916 3589 973 malo
3621 917 3834 991 prohi-

2166 1010 2369 1079 buisti,
2403 1027 2475 1066 ne
2515 1009 2575 1065 in
2607 1012 2809 1065 nostra
2834 1008 3132 1064 voluntate
3156 1023 3528 1063 versaremur
3567 1007 3832 1064 erronei.

2164 1101 2291 1157 Non
2322 1099 2654 1174 egredietur
2681 1103 2835 1155 Deus
2879 1095 2940 1153 in
2981 1095 3302 1152 virtutibus
3347 1094 3583 1163 nostris,
3616 1096 3679 1151 id
3710 1102 3831 1169 est,

2166 1205 2300 1245 cum
2331 1189 2413 1245 ita
2441 1204 2548 1245 nos
2594 1188 2757 1243 intus
2787 1186 2847 1241 in
2877 1184 3150 1259 praesenti
3196 1182 3408 1241 saeculo
3435 1184 3721 1241 defendas
3753 1187 3832 1241 ab

2162 1277 2513 1335 adversariis
2568 1276 2806 1343 nostris,
2841 1280 2907 1331 ut
2961 1279 3157 1331 tamen
3213 1273 3355 1330 foris
3410 1289 3518 1329 nos
3573 1274 3833 1332 diversis

2164 1367 2584 1424 afﬂictionibus
2617 1367 2688 1422 ad
2735 1364 3135 1438 probationem
3172 1367 3431 1419 nostram
3461 1362 3829 1437 afﬁigamur,

2162 1458 2457 1513 estimant
2487 1454 2731 1521 inimici,
2757 1454 2913 1526 quod
2943 1469 3061 1509 non
3082 1451 3398 1525 egrediaris
3420 1452 3481 1508 in
3501 1452 3830 1509 virtutibus

2162 1544 2686 1617 nostris,quamvis
2716 1544 2775 1599 in
2806 1547 3001 1599 mente
3032 1557 3139 1597 nos
3162 1541 3419 1598 virtuose
3449 1545 3746 1614 protegas.

2163 1637 2230 1691 12
2303 1636 2383 1690 Da
2411 1634 2567 1690 nobis
2595 1632 2878 1689 auxilium
2905 1631 2971 1688 de
2995 1631 3351 1687 tribulatione
3381 1650 3401 1686 .-

2304 1728 2372 1781 Et
2396 1741 2539 1779 vana
2567 1724 2720 1779 salus
2747 1723 3009 1778 hominis.
3266 1758 3283 1772 .

2230 1812 2271 1868 C
2302 1812 2441 1869 Orat
2472 1810 2746 1881 Ecclesia,
2771 1816 2837 1867 ut
2862 1811 2932 1867 de
2975 1809 3349 1867 tribulatione
3379 1810 3552 1867 istius
3582 1812 3821 1877 mundi,

2158 1918 2336 1975 quam
2362 1901 2598 1975 'jugiter
2642 1900 2992 1967 sustinebat,
3033 1898 3265 1955 Domini
3312 1898 3425 1955 sibi
3476 1900 3823 1971 praeveniret

2157 1990 2466 2060 auxilium,
2488 1990 2679 2047 sciens
2701 1994 2864 2046 tanto
2893 1987 3013 2044 illic
3042 1986 3295 2060 amplius
3326 2004 3822 2063 unumquemque

2155 2079 2579 2137 consolandum
2603 2081 2822 2152 quanto
2851 2077 2948 2134 hic
2974 2093 3077 2150 pro
3099 2078 3229 2149 ejus
3258 2076 3497 2133 nomine
3525 2077 3703 2133 fuerit
3726 2095 3822 2135 ve-

2154 2169 2458 2226 hementer
2487 2168 2760 2225 afflictus.
2784 2169 2854 2224 Et
2882 2184 3029 2223 vana
3058 2165 3222 2223 salus
3252 2166 3530 2235 hominis,
3554 2167 3818 2225 salutem

2154 2262 2429 2329 praestare
2460 2275 2574 2314 non
2607 2261 2800 2330 potest
2829 2255 3052 2313 homini
3085 2255 3195 2312 nisi
3241 2255 3401 2312 solus
3447 2258 3615 2326 Deus,
3654 2257 3821 2314 ideo-

2154 2363 2268 2419 que
2300 2363 2534 2420 sperare
2564 2363 2681 2403 non
2711 2346 2883 2402 debet
2910 2345 3086 2401 homo
3117 2345 3175 2400 in
3207 2344 3528 2401 hominem.

2154 2436 2222 2492 13
2295 2442 2365 2494 In
2397 2440 2509 2493 Deo
2536 2439 2801 2508 faciemus
2828 2435 3089 2491 virtutem
3118 2453 3137 2490 :

2293 2527 2360 2581 Et
2387 2527 2501 2598 ipse
2528 2524 2597 2580 ad
2621 2524 2864 2581 nihilum
2891 2522 3115 2579 deducet
3142 2522 3468 2579 tributantes
3498 2539 3619 2581 nos.

2221 2614 2263 2671 C
2294 2616 2423 2688 Ipse
2461 2614 2522 2670 in
2567 2614 2682 2670 Deo
2739 2612 2913 2669 faciet
2964 2611 3265 2682 virtutem,
3287 2612 3388 2684 qui
3419 2612 3479 2669 in
3509 2613 3817 2671 mandatis

2150 2705 2280 2776 ejus
2328 2703 2552 2777 jugiter
2606 2718 3005 2775 perseverans,
3066 2700 3387 2758 diabolicas
3448 2702 3815 2759 tentationes

2148 2793 2379 2850 Christo
2428 2793 2745 2848 miserante
2783 2790 3109 2847 calcaverit.
3139 2791 3224 2846 Ad
3282 2789 3534 2846 nihilum
3585 2791 3815 2864 quippe

2147 2881 2414 2955 perducit
2452 2880 2724 2937 inimicos
2766 2878 3051 2947 ﬁdelium,
3076 2879 3355 2952 quoniam
3388 2878 3543 2938 delet
3588 2896 3692 2936 eos
3736 2881 3814 2937 de

2146 2971 2295 3027 libro
2324 2969 2665 3037 viventium,
2689 2968 2789 3026 ubi
2818 2968 2932 3025 sibi
2961 2968 3309 3026 videbantur
3336 2968 3539 3040 scripti
3568 2968 3730 3025 elati.

2643 3092 2846 3132 ORATIO
2884 3091 2956 3131 EX
2995 3091 3150 3131 PSAL.
3195 3092 3306 3130 LIX.

2064 3216 2105 3284 ρ
2214 3183 2679 3241 Clementissime
2700 3182 2962 3249 Domine,
2986 3182 3145 3239 salva
3166 3181 3489 3255 supplicem
3513 3182 3809 3256 populum
3852 3250 3865 3259 ί

2144 3273 2359 3330 auxilio
2388 3274 2631 3329 dextera:
2655 3278 2789 3337 tuae,
2813 3276 2870 3328 et
2899 3272 3041 3327 dum
3064 3272 3135 3327 ad
3161 3273 3413 3327 fructum
3438 3271 3575 3327 boni
3606 3273 3810 3345 operis

2140 3363 2201 3419 in
2252 3361 2734 3419 tribulationibus
2782 3361 3153 3430 exercitatur,
3178 3364 3280 3415 tua
3330 3376 3565 3432 semper
3614 3360 3813 3433 gratia

2141 3452 2492 3507 consoletur.
2518 3451 2626 3507 Per
2647 3451 2964 3506 Dominum
2988 3454 3253 3506 nostrum
3274 3448 3481 3504 Jesum
3500 3448 3808 3505 Christum

2140 3541 2351 3597 Filium
2385 3545 2577 3606 tuum,
2600 3545 2709 3595 etc.

2719 3663 3061 3731 PSALMUS
3103 3663 3213 3719 LX.

2600 3769 3005 3810 ARGUMENTUM
3045 3770 3204 3808 PSAL.
3250 3769 3335 3807 LX.

2208 3862 2249 3918 C
2279 3862 2402 3917 Vox
2431 3859 2699 3918 Ecclesia:
2748 3860 3025 3933 patentis,
3059 3864 3123 3915 ut
3155 3860 3263 3915 sub
3312 3857 3542 3915 alarum
3574 3857 3801 3915 Christi

2135 3950 2423 4008 velamine
2450 3951 2812 4023 protegatur.

2478 4039 2597 4096 TT.
2628 4037 2693 4094 In
2718 4039 2886 4110 ﬁnem
2915 4039 2977 4093 in
3002 4038 3223 4110 hymnis
3250 4037 3444 4092 David.

2204 4128 2245 4184 C
2276 4129 2338 4184 In
2372 4128 2571 4195 ﬁnem,
2596 4126 2896 4183 Christum
2928 4124 3245 4199 signiﬁcari
3277 4126 3407 4197 jam
3439 4128 3649 4181 notum
3680 4129 3798 4181 est.

2135 4216 2199 4273 In
2220 4216 2457 4290 hymnis
2479 4217 2740 4273 Graecum
2760 4214 3109 4271 vocabulum
3127 4218 3235 4284 est,
3259 4214 3802 4286 inlerpretaturque

2134 4307 2196 4360 in
2228 4305 2677 4378 laudibus,‘quia
2724 4308 2883 4361 totus
2938 4303 3208 4360 Psalmus
3237 4302 3455 4359 Christi
3503 4303 3803 4375 praeconia

2135 4399 2427 4468 personat.
2460 4395 2641 4451 David
2673 4398 2870 4449 autem
2916 4393 3112 4466 ipsum
3138 4391 3443 4448 Christum
3474 4390 3798 4462 signiﬁcat,

2134 4485 2306 4556 cujus
2338 4484 2574 4540 laudem
2605 4483 2874 4539 decantat
2902 4481 3155 4555 populus
3185 4481 3574 4538 Christianus.

363 4576 453 4629 est
482 4571 955 4643 pradicationem
989 4568 1303 4642 Evangelii.
1337 4570 1478 4625 Mihi
1517 4570 1852 4646 alienigenae
1883 4574 2021 4630 sub-
2054 4588 2100 4653 Ι)
2167 4573 2191 4627 1
2273 4571 2493 4629 Exaudi
2522 4576 2669 4628 Deus
2697 4574 3129 4643 deprecationem
3156 4586 3333 4627 meam
3363 4589 3380 4626 :

361 4660 468 4717 diti
501 4665 662 4728 sunt,
690 4659 913 4716 scilicet
943 4657 1174 4714 Christo
1203 4662 1259 4712 et
1290 4657 1579 4715 Ecclesiae.

362 4753 430 4808 10
506 4751 639 4820 Quis
670 4749 894 4807 deducet
920 4765 1008 4804 me
1038 4750 1096 4804 in
1128 4749 1403 4803 civitatem
1431 4750 1708 4805 munitam
1737 4770 1755 4804 :

505 4841 632 4909 Quis
662 4839 889 4896 deducet
914 4854 1001 4893 me
1030 4853 1199 4910 usque
1230 4836 1287 4892 id
1315 4836 1651 4894 ldumaeam?

428 4930 471 4986 C
502 4930 796 4986 Exclamat
833 4926 1088 5001 populus
1119 4925 1311 4983 ﬁdelis
1360 4926 1431 4981 ad
1482 4925 1799 4984 Dominum
1833 4945 1845 4984 :
1882 4931 2024 4996 Quis

358 5019 609 5075 deducet
639 5036 731 5075 me
779 5020 837 5074 in
885 5018 1178 5073 civitatem
1210 5016 1524 5084 munitam,
1547 5015 1605 5072 id
1638 5021 1728 5073 est
1764 5018 2020 5076 futuram

357 5106 743 5175 Hierusalem,
772 5107 886 5163 nisi
914 5113 976 5163 tu
1003 5105 1168 5163 solus
1196 5105 1380 5173 Deus;
1406 5122 1534 5178 quae
1557 5106 1641 5161 sic
1662 5108 1891 5164 munita
1910 5114 2018 5178 est,

357 5199 423 5251 ut
451 5194 614 5250 nulla
655 5193 901 5251 ulterius
951 5194 1355 5266 persecutione
1396 5195 1723 5266 quatiatur;
1756 5198 1857 5270 qui
1889 5215 2019 5254 eam

356 5287 411 5338 te
467 5281 616 5338 duce
672 5282 1023 5354 ingreditur.
1070 5282 1211 5347 Quis
1270 5282 1538 5351 deducet,
1599 5283 1746 5356 ipse,
1798 5284 2022 5342 scilicet

354 5371 529 5427 Deus.
563 5370 867 5427 Desiderat
914 5362 1071 5427 enim
1113 5371 1370 5428 Ecclesia
1418 5370 1548 5428 illos
1608 5374 1857 5446 populos
1904 5375 2017 5431 sibi

354 5460 654 5533 applicari,
671 5460 771 5532 qui
794 5459 987 5515 adhuc
1010 5477 1126 5515 non
1154 5465 1493 5517 meruerunt
1517 5478 1645 5519 esse
1667 5463 1929 5535 perfecti,
1953 5468 2019 5519 ut

352 5550 638 5623 completo
656 5564 900 5605 numero
921 5548 1491 5621 praedestinatorum,
1514 5550 1693 5608 simul
1712 5553 1782 5609 ad
1801 5557 2017 5610 aeterna

350 5636 567 5724 gaudia
597 5638 813 5704 terreni
844 5654 979 5700 cum
1010 5638 1230 5700 sanctis
1260 5639 1651 5714 pervenirent.

2276 4661 2502 4717 Intende
2525 4661 2767 4718 orationi
2791 4675 2949 4718 meae.

2205 4750 2247 4806 C
2277 4750 2616 4823 Deprecatio
2649 4749 2890 4805 assidua
2936 4753 3027 4805 est
3082 4748 3533 4819 communiSque
3587 4747 3710 4803 Deo
3743 4752 3805 4803 et

2132 4838 2359 4895 homini
2408 4837 2777 4912 supplicatio.
2811 4838 3009 4894 Oratio
3057 4854 3190 4894 vero
3220 4841 3309 4893 est
3347 4852 3526 4909 quam
3574 4840 3801 4892 sanctis

2131 4927 2405 4985 Trinitati
2429 4929 2563 5001 jure
2583 4927 2990 5000 persolvimus,
3014 4926 3172 4983 illam
3199 4924 3517 4998 postulavit
3539 4924 3797 4993 intendi,

2131 5018 2188 5074 id
2222 5022 2330 5085 est,
2362 5016 2616 5090 prospici
2644 5033 2679 5072 a
2710 5016 2956 5072 Domino
2986 5020 3162 5089 atque
3193 5014 3481 5071 misereri.-

2164 5111 2201 5163 2
2270 5108 2311 5160 Α
2341 5107 2548 5178 ﬁnibus
2595 5114 2753 5162 terrae
2781 5104 2852 5160 ad
2898 5114 2948 5161 te
2994 5105 3241 5160 clamavi
3281 5103 3411 5159 dum
3457 5103 3803 5159 anxiaretur

2342 5211 2435 5251 0ον
2459 5211 2642 5251 meum
2672 5213 2690 5250 .°

2270 5286 2335 5342 In
2362 5288 2518 5357 petra
2549 5284 2810 5341 exaltasti
2836 5299 2941 5340 me.

2270 5373 2564 5431 Deduxisti
2588 5389 2692 5439 me,
2725 5372 2855 5445 quia
2882 5375 3065 5445 factus
3091 5390 3145 5430 es
3172 5389 3291 5446 spes
3317 5388 3440 5429 mea
3470 5390 3489 5426 :

2273 5465 2460 5520 Turris
2488 5462 2836 5536 fortitudinis
2864 5479 2898 5517 a
2925 5464 3070 5535 facie
3094 5463 3331 5518 inimici.

2195 5552 2237 5609 C
2267 5553 2495 5610 Clamat
2515 5550 2886 5627 congregatio
2909 5554 3112 5607 sancta
3141 5569 3176 5606 a
3206 5550 3425 5606 ﬁnibus
3448 5552 3643 5617 terra,
3662 5548 3717 5603 H~
3732 5549 3795 5604 id

2124 5649 2233 5718 est,
2260 5648 2511 5722 quatuor
2539 5639 2809 5719 partibus
2841 5640 3069 5713 mundi,
3093 5639 3133 5697 C
3165 5640 3223 5695 in
3266 5638 3480 5715 q‘uibus
3521 5637 3823 5753 οιιιιιὶροτΧ
