4054 6168
437 249 558 355 ὲθδ

1349 296 1415 357 S.
1458 293 1858 358 BHUNONIS
1901 290 2522 358 HERBIPOLENSIS
2565 295 2946 360 El’ISCOPI.

3723 299 3846 361 236

438 431 594 484 recte
621 425 751 484 sitis
781 427 980 496 creati,
1013 428 1085 485 ad
1116 426 1349 484 ruinam
1397 429 1566 500 proni
1613 426 1889 498 ferimini,
1918 430 2086 484 natu-
2115 425 2172 496 Α
2201 425 2373 484 celeri
2406 427 2832 502 supplicatione
2861 429 3116 488 festinet.
3147 429 3295 487 Vani
3326 430 3542 488 etenim
3576 431 3845 490 homines

437 515 698 590 raiisque
725 517 787 573 in
814 516 980 574 vobis
1009 534 1222 575 sensus
1243 533 1552 592 perversus
1573 519 1732 574 cst.C
1761 518 1862 575 Est
1891 521 2089 574 autem

437 605 694 662 maceria
721 605 878 664 sicca
905 619 1178 664 saxorum
1210 607 1724 680 constructio,quae
1745 605 1872 664 sine
1892 606 2089 680 aliquo

436 693 716 768 ligamine
743 695 1010 769 impenso
1040 696 1101 752 in
1133 697 1317 754 altum
1349 697 1526 753 ducta
1555 697 1943 770 componitur.

437 785 472 840 4
549 785 927 843 Verumtamen
949 791 1193 859 pretium
1215 803 1393 844 meum
1413 788 1786 860 cogitaverunt
1806 787 2090 860 repellere:

617 875 772 931 curri
798 876 862 932 in
889 877 986 932 siti
1013 895 1032 933 :
1955 919 1970 938 .

549 963 646 1020 0ri
669 980 768 1021 suo
799 965 1185 1024 benedicebant
1227 975 1280 1024 et
1332 965 1490 1024 corde
1531 983 1630 1024 suo
1669 965 2085 1024 maledicebant.

613 1055 951 1126 Diapsalma.

509 1142 551 1199 C
581 1142 698 1200 Iste
723 1159 930 1202 versus
961 1145 1201 1218 respicit
1216 1147 1290 1202 ad
1312 1145 1544 1202 Judaeos
1569 1150 1628 1202 et
1647 1146 1719 1203 ad
1746 1145 1912 1202 ﬁctos
1932 1143 2092 1202 Chri-

439 1229 684 1291 stianos.
735 1233 1078 1308 Cogitabant
1125 1234 1390 1292 inﬁdeles
1444 1235 1720 1309 repellere
1765 1234 2086 1304 Christum,

439 1323 541 1396 qui
571 1326 662 1380 est
689 1327 866 1397 caput
892 1327 949 1380 et
977 1325 1228 1398 pretium
1259 1324 1546 1392 Ecclesiae,
1575 1325 1809 1398 quando
1841 1340 1914 1380 ne
1943 1340 2090 1398 puro

441 1412 614 1469 corde
651 1411 960 1480 coloretur,
993 1412 1294 1488 sacrilegis
1337 1413 1715 1488 dogmatibus
1753 1413 2087 1470 obviabant.

441 1503 608 1558 Tunc
637 1505 876 1558 sanctus
904 1501 992 1558 vir
1021 1519 1261 1560 cursum
1289 1503 1422 1560 vitae
1437 1519 1560 1560 suae
1575 1502 1634 1559 in
1653 1501 1753 1560 siti
1765 1501 2090 1560 sterilitatis

440 1590 775 1664 peragebat,
810 1591 950 1664 quia
972 1591 1231 1649 invenire
1260 1608 1376 1649 non
1409 1595 1656 1666 poterat,
1700 1609 1875 1664 quem
1925 1608 2092 1649 sacra

440 1679 706 1737 doctrina
736 1685 1014 1754 potasset.
1049 1680 1324 1754 Sequitur
1352 1681 1482 1738 sitis
1525 1698 1706 1739 causa
1739 1698 1750 1736 :
1787 1681 2091 1738 benedice-

2198 517 2474 574 dicuntur
2494 519 2566 575 ad
2585 520 3080 593 comparationem
3111 536 3378 594 supernae
3405 521 3850 580 veritatis.Men-

2197 607 2372 664 daces
2401 606 2532 664 illos
2563 607 2877 682 tangit,qui
2906 609 3139 667 steteris
3169 609 3391 683 iniquis
3409 611 3732 672 ementium
3751 611 3850 669 de-

2198 695 2424 768 cipiunt
2452 695 2921 770 simplicitatem;
2952 699 3037 756 vel
3063 700 3191 756 illos
3210 702 3378 757 notat
3395 699 3497 774 qui
3521 701 3851 759 sanctitatis

2199 784 2575 842 simulatione
2603 786 2923 860 decipiunt.
2956 788 3030 846 Ut
3058 788 3375 863 decipiant,
3406 792 3673 863 poterant
3690 790 3850 848 enim

2199 892 2316 932 non
2347 874 2631 948 decipere,
2664 877 2714 932 si
2745 891 2948 934 eorum
2977 878 3243 951 nequitia
3259 878 3449 952 possit
3468 878 3849 952 deprehendi.

2198 963 2264 1020 In
2293 964 2575 1038 idipsum,
2609 965 2832 1022 scilicet
2855 966 2916 1023 in
2947 967 3422 1042 aequitate,quam
3449 968 3595 1026 falso
3632 968 3851 1027 habere

2198 1053 2588 1126 aestimantur,
2621 1071 2754 1111 cum
2779 1055 2929 1128 justi
2959 1073 3090 1114 esse
3118 1057 3456 1114 creduntur.

2197 1142 2269 1199 lO
2341 1143 2518 1201 Nolite
2545 1160 2762 1216 sperare
2805 1147 2866 1202 in
2913 1146 3212 1218 iniquitate
3251 1163 3264 1201 :
3313 1153 3367 1204 et
3411 1147 3637 1220 rapinas
3675 1147 3852 1204 nolite

2411 1235 2784 1305 concupiscere
2816 1250 2830 1291 :

2341 1323 2566 1380 Divitiae
2592 1324 2643 1378 si
2665 1324 2904 1396 afﬂuant
2929 1324 3102 1381 nolite
3123 1341 3218 1382 cor
3238 1341 3528 1398 apponere.

2271 1412 2313 1468 C
2343 1411 2519 1470 Docet
2547 1411 2704 1469 enim
2747 1413 2999 1482 vitiatas,
3051 1431 3123 1471 ne
3175 1431 3412 1488 sperare
3459 1414 3709 1472 debeant
3752 1415 3854 1472 ubi

2199 1501 2424 1557 fructus
2440 1501 2577 1560 boni
2589 1501 2864 1564 desiderii
2886 1521 3002 1560 non
3023 1506 3216 1577 potest
3231 1502 3658 1562 inveniri.Dicit
3673 1503 3854 1562 etiam

2201 1589 2273 1646 ad
2304 1590 2719 1664 pauperes,qui
2750 1589 3294 1649 necessitatevictus
3306 1591 3587 1648 furtivum
3612 1591 3855 1666 aliquod

2199 1679 2642 1752 concupiscunt.
2676 1680 2746 1736 Et
2773 1679 3010 1753 rapinas
3038 1680 3216 1738 nolite
3256 1680 3703 1754 concupiscere;
3735 1698 3854 1738 non

439 1769 582 1826 bant
609 1786 727 1840 ore,
760 1770 862 1842 qui
891 1769 1080 1845 legem
1111 1769 1300 1828 fallaci
1345 1771 1750 1828 emendatione
1801 1775 2092 1844 pertrans-
2119 1804 2170 1872 Β
2199 1769 2356 1871 enim
2377 1773 2578 1870 potest
2605 1769 2828 1826 crimen
2879 1769 3094 1872 rapipze
3143 1769 3464 1846 indigentia
3491 1767 3715 1872 tpllere,
3746 1787 3856 1828 nec

438 1863 601 1928 eunt,
635 1863 692 1916 et
737 1875 854 1916 non
895 1859 1007 1916 hoc
1059 1861 1334 1934 operibus
1361 1862 1767 1918 demonstrant
1795 1861 1951 1933 quod
1990 1876 2092 1930 ore

437 1947 1029 2022 pronuntiant.Corde
1057 1949 1216 2006 enim
1247 1949 1681 2008 maledicebant
1702 1949 1804 2024 qui
1837 1949 2094 2024 Scriptu-

437 2054 534 2096 ras
563 2042 800 2095 sanctas
830 2037 1034 2096 vitiose
1055 2038 1484 2113 intelligebant.

437 2128 474 2183 5
549 2133 937 2186 Verumtamen
967 2131 1070 2186 Deo
1097 2129 1336 2201 subjecta
1365 2137 1472 2186 esto
1495 2130 1685 2186 anima
1715 2145 1839 2185 mea
1869 2147 1888 2185 :

550 2218 822 2296 Quoniam
847 2217 916 2273 ab
944 2218 1058 2290 ipso
1081 2219 1355 2290 patientia
1382 2234 1522 2274 mea.

437 2319 472 2328 "
513 2307 555 2364 C
582 2305 750 2362 Nunc
786 2306 997 2379 repetit
1047 2305 1334 2379 Propheta
1381 2307 1534 2380 quod
1593 2307 1869 2379 superius
1927 2305 2091 2373 dixit,

443 2396 705 2454 animam
733 2411 905 2452 suam
935 2395 1052 2452 Deo
1083 2411 1211 2452 esse
1236 2396 1653 2468 subjectam,ut
1677 2395 1808 2468 ipsa
1828 2395 2094 2470 repetitio

443 2485 626 2544 menti
639 2490 848 2544 nostrae
864 2485 1080 2543 creduli
1090 2489 1268 2542 tatem
1281 2485 1698 2558 inﬁgeret.Pati
1704 2484 1861 2541 entia
1878 2485 2094 2558 quippe

443 2579 647 2634 nostra
675 2574 946 2632 Christus
975 2577 1332 2648 est,pro-pter
1362 2590 1537 2646 quem
1566 2577 1623 2630 et
1644 2573 1887 2630 adversa
1915 2572 2095 2630 liben-

441 2669 532 2722 ter
559 2665 840 2738 patimur,
875 2668 934 2722 et
963 2668 1244 2737 susceptae
1275 2663 1488 2738 regulae
1518 2662 1918 2720 observatione
1950 2679 2092 2737 gau-

438 2753 670 2812 demus.

436 2845 474 2900 6
561 2851 617 2910 σέ-
645 2845 804 2914 Quia,
839 2844 952 2916 ipse
991 2851 1047 2910 υέ-
1072 2844 1214 2900 Deus
1252 2859 1404 2900 meus
1447 2849 1460 2909 ξ
1503 2851 1555 2900 et
1579 2842 1832 2900 Salvator
1875 2859 2028 2900 meus
2072 2861 2092 2900 .·

543 2933 776 3008 Adjutor
801 2949 972 3000 meus,
1001 2950 1115 2990 non
1142 2933 1440 3004 emigrabo.

509 3023 550 3079 C
578 3023 860 3098 Superius
890 3023 1189 3079 Christum
1220 3021 1564 3096 patientiam
1587 3021 2091 3080 nominavit.nunc

439 3113 652 3171 iterum
683 3112 1006 3182 dicit,Deus
1036 3129 1226 3180 meus,
1258 3116 1316 3169 et
1345 3111 1622 3168 salutaris
1653 3111 1988 3185 meus,quia
2008 3129 2092 3169 re-

2202 1857 2302 1931 qui
2338 1857 2608 1916 vindicta:
2639 1859 2904 1932 subjacet
2932 1859 3182 1933 culpam
3201 1876 3496 1918 excusare.
3511 1859 3676 1917 Nunc
3703 1861 3858 1918 redit

2203 1949 2276 2005 ad
2307 1947 2536 2016 divites,
2568 1947 2770 2006 dicens
2801 1966 2814 2005 :
2847 1948 3066 2006 Divitiae
3097 1949 3146 2006 si
3178 1949 3441 2020 afﬂuant.
3473 1949 3673 2006 Merito
3715 1967 3856 2024 ergo

2202 2037 2476 2111 praecepit
2486 2037 2764 2094 divitibus
2780 2055 2881 2094 cor
2896 2055 3012 2096 non
3025 2055 3318 2112 apponere
3331 2044 3532 2114 etquae
3553 2039 3862 2114 possident

2202 2144 2320 2184 non
2351 2143 2706 2197 amare,cum
2731 2127 2950 2186 Paulus
2979 2128 3136 2186 dicat
3169 2147 3183 2186 :
3215 2129 3344 2186 Non
3371 2145 3606 2212 sperare
3655 2130 3716 2185 in
3764 2129 3862 2186 in-

2203 2219 2360 2272 certo
2391 2215 2746 2286 divitiarum,
2781 2217 2884 2274 sed
2917 2216 2974 2273 in
3008 2217 3125 2275 Deo
3155 2217 3281 2275 vivo
3309 2220 3360 2289 (Ι
3386 2221 3524 2276 Tim.
3564 2221 3666 2290 v1).

2202 2305 2262 2361 Η
2345 2305 2521 2364 Semel
2547 2307 2758 2363 locutus
2785 2311 2866 2364 est
2893 2308 3036 2363 Deus
3071 2325 3083 2362 :
3117 2307 3222 2368 duo
3250 2309 3369 2366 haec
3395 2308 3614 2364 audivi.‘

2344 2395 2489 2464 Quia
2503 2403 2747 2468 potestas
2774 2397 2875 2453 Dei
2898 2405 2979 2454 est
3001 2404 3055 2454 et
3080 2397 3202 2464 tibi,
3256 2399 3504 2466 Domine,
3546 2399 3859 2458 misericor-

2413 2485 2508 2541 dia
2540 2503 2554 2541 :

2346 2575 2490 2642 Quia
2519 2578 2580 2630 tu
2603 2575 2792 2632 reddes
2821 2575 3120 2650 unicuique
3138 2576 3308 2650 juxta
3337 2593 3498 2651 opera
3527 2593 3646 2636 sua.

2272 2663 2314 2719 C
2345 2664 2598 2720 Locutus
2627 2669 2716 2720 est
2743 2665 3082 2738 frequenter
3111 2665 3377 2740 patribus
3409 2665 3627 2725 nostris
3675 2671 3857 2736 Deus,

2201 2751 2304 2808 sed
2335 2753 2516 2809 semel
2546 2752 2776 2810 locutus
2795 2759 2887 2812 est
2915 2754 3060 2812 Filio
3092 2754 3460 2824 suo,dicens:
3482 2755 3665 2814 Filius
3684 2772 3862 2814 meus

2199 2857 2262 2898 es
2293 2845 2379 2912 tu,
2411 2857 2518 2914 ego
2547 2841 2720 2899 hodie
2750 2843 2925 2918 genui
2956 2847 3014 2900 te
3043 2844 3236 2916 (Hebr.
3272 2843 3330 2917 l),
3361 2843 3472 2901 hoc
3503 2845 3662 2902 enim
3701 2843 3859 2901 nulli

2199 2929 2364 2987 alteri
2395 2930 2626 2987 Patrem
2653 2931 2837 2988 fuisse
2866 2931 3131 2989 locutum
3161 2932 3540 2990 manifestum
3585 2937 3692 2990 est.
3724 2933 3860 2990 Duo

2198 3019 2321 3076 haec
2346 3020 2538 3076 audivi
2565 3020 2624 3076 in
2656 3020 2966 3094 Evangelio
2981 3038 2993 3076 :
3011 3021 3364 3102 Potestatem
3391 3021 3579 3078 habeo
3599 3021 3862 3094 ponendi

2199 3108 2458 3166 animam
2490 3113 2766 3179 meam,et
2794 3110 3007 3167 iterum
3038 3109 3310 3167 sumendi
3339 3111 3606 3180 eam(Job.
3638 3110 3716 3183 x).
3751 3111 3859 3168 Se-

437 3218 574 3259 vera
602 3202 810 3259 animae
828 3179 946 3260 sua:
963 3201 1214 3259 salutem
1239 3203 1364 3274 jam
1383 3206 1524 3258 tunc
1540 3201 2087 3274 perincarnandum
2117 3179 2160 3248 (ἶ
2199 3199 2400 3272 quitur
2429 3199 2575 3256 illud
2607 3201 2956 3270 secundum,
2979 3203 3040 3257 et
3065 3200 3194 3268 tibi,
3227 3199 3495 3268 Domine,
3528 3200 3858 3260 misericor-

436 3291 695 3347 Verbum
724 3292 1028 3364 provenire
1055 3291 1350 3347 noscebat.
1384 3291 1518 3346 Non
1541 3289 2091 3363 emigrabo,scilicet

441 3379 513 3436 de
540 3379 651 3436 hac
677 3379 1023 3436 credulitate
1053 3395 1230 3452 quam
1261 3383 1429 3435 teneo
1457 3377 1548 3435 vel
1601 3395 1780 3435 suasu
1809 3377 1963 3436 malo
1992 3395 2089 3436 ve-

438 3471 581 3538 stro,
603 3467 692 3525 vel
719 3467 1144 3542 persecutione.

433 3559 470 3614 7
539 3558 606 3615 In
630 3557 737 3616 Deo
765 3557 1008 3614 salutare
1033 3571 1217 3612 meum
1241 3565 1296 3614 et
1319 3556 1496 3627 gloria
1519 3573 1642 3613 mea
1665 3575 1684 3611 :

538 3647 680 3704 Deus
707 3647 918 3704 auxilii
940 3646 1052 3702 mei
1080 3649 1134 3702 et
1161 3662 1279 3718 spes
1297 3649 1424 3702 ‘mea
1454 3647 1512 3702 in
1539 3647 1646 3702 Deo
1691 3651 1746 3712 -ἓ
1772 3649 1874 3704 est.

503 3735 546 3794 C
575 3733 958 3809 Congeminat
1002 3733 1063 3790 in
1111 3735 1228 3790 Deo
1277 3733 1526 3791 salutem
1577 3750 1727 3803 esse,
1759 3751 1875 3790 non
1921 3739 1985 3790 ut
2021 3735 2082 3791 in

430 3825 697 3900 gentium
729 3823 844 3881 diis
873 3826 1214 3898 perpetuam
1245 3823 1592 3880 mortem.Et
1619 3823 1806 3897 gloria
1833 3839 1984 3894 mea,
2019 3829 2084 3882 ut

429 3931 545 3972 non
576 3915 770 3972 solum
801 3912 1092 3982 salus,sed
1118 3913 1295 3970 etiam
1317 3911 1402 3968 illi
1423 3912 1745 3970 credidisse
1775 3912 1855 3969 sit
1873 3912 2076 3986 gloria.

427 4003 584 4062 Deus
615 4001 816 4062 auxilii
847 4001 985 4073 mei,
1007 4019 1081 4060 ne
1103 4001 1216 4059 sibi
1247 4001 1466 4074 aliquid
1497 4001 1804 4075 deputaret
1819 4002 2082 4061 humana

426 4092 759 4153 inﬁrmitas.
785 4091 940 4150 Dixit
968 4095 1262 4165 postremo
1295 4108 1309 4147 :
1341 4108 1476 4164 spes
1505 4107 1636 4148 mea
1663 4090 1724 4147 in
1753 4095 1867 4148 Deo
1897 4097 2080 4164 est,ut

425 4187 484 4242 et
509 4182 613 4241 illa
641 4181 1085 4258 praeteritaque:
1117 4184 1471 4254 perceperat,
1500 4179 1742 4238 Domino
1772 4183 2078 4256 deputaret

425 4277 484 4332 et
512 4275 772 4332 futuram
805 4287 977 4330 suam
1001 4269 1422 4327 beatitudinem
1454 4268 1566 4342 ipsi
1593 4269 1930 4343 applicaret.

426 4365 462 4420 8
533 4364 760 4436 Sperate
787 4363 848 4418 in
873 4377 934 4418 eo
963 4361 1140 4418 omnis
1169 4361 1516 4430 congregatio
1539 4362 1732 4432 populi
1765 4377 1777 4416 :
1809 4359 2076 4436 eﬁ’undite

602 4468 782 4508 csram
809 4451 908 4506 illo
937 4449 1099 4506 corda
1126 4457 1300 4506 vestra
1332 4465 1345 4503 :

533 4541 674 4610 Quia
700 4541 842 4595 Deus
867 4538 1088 4610 adjutor
1115 4541 1296 4594 noster
1338 4543 1394 4604 ι-ξ-
1423 4537 1482 4592 in
1507 4544 1778 4594 aeternum
1818 4544 1836 4609 ζ
1878 4557 1892 4594 :

530 4629 872 4702 Diapsalma.

491 4719 532 4776 C
561 4719 802 4794 Sperate
832 4717 892 4774 in
921 4733 1008 4786 ea,
1033 4715 1093 4772 id
1142 4719 1232 4773 est
1278 4715 1337 4772 in
1380 4715 1571 4788 illum,
1623 4717 1846 4775 scilicet
1895 4737 2071 4792 quem

418 4808 532 4867 sibi
582 4813 640 4866 et
683 4809 858 4866 Deum
903 4805 1203 4881 professus
1250 4805 1440 4862 fuerat
1487 4811 1543 4863 et
1588 4805 1837 4864 salutem
1878 4809 2071 4868 omnis

417 4903 738 4956 conventus
759 4896 967 4970 plebis.
985 4895 1240 4953 Ell‘undit
1261 4899 1396 4952 ante
1422 4895 1733 4954 Dominum
1755 4915 1854 4954 cor
1869 4916 2064 4970 suum,

417 4987 518 5060 qui
549 4991 786 5059 peccata
817 5003 925 5042 sua
953 4985 1268 5042 uberrimis
1295 4983 1569 5059 lacrymis
1595 4986 1929 5044 conﬁtetur.
1959 4989 2069 5046 Cor

416 5073 586 5130 aliter
613 5074 836 5130 elI'undi
867 5091 981 5129 non
1014 5078 1222 5146 potest,
1253 5070 1364 5130 nisi
1396 5074 1746 5132 creberrimo
1772 5075 1960 5134 imbre
1987 5075 2069 5133 la-

414 5177 770 5236 crymarum.

413 5250 450 5305 9
523 5251 897 5309 Verumtamen
927 5252 1060 5306 vani
1101 5251 1212 5322 ﬁlii
1258 5253 1543 5309 hominum
1577 5269 1590 5308 :
1622 5254 1906 5312 mendaces
1955 5257 2066 5328 ﬁlii

591 5341 878 5397 hominum
907 5341 968 5395 in
994 5343 1212 5397 stateris
1245 5357 1259 5395 :

519 5431 584 5489 Ut
611 5429 890 5502 decipiant
917 5429 1027 5502 ipsi
1053 5427 1119 5484 de
1145 5431 1388 5486 vanitate
1411 5432 1472 5486 in
1502 5431 1758 5505 idipsum.

477 5518 948 5576 CVerumtamen
965 5515 1110 5576 dicit
1138 5515 1272 5575 vani
1290 5517 1392 5575 ﬁlii
1421 5519 1822 5591 hominum,ut
1849 5521 2056 5580 vitium

400 5625 578 5676 suum
610 5623 970 5689 cognoscens
999 5607 1362 5682 humanitas,
1396 5609 1466 5667 ad
1500 5615 1796 5670 auctorem
1845 5612 2056 5673 salutis

2101 4559 2152 4624 D

2197 3289 3356 3362 dia,subaudiendum,placet,utrumque
3384 3289 3617 3347 deitatis
3646 3294 3854 3360 est,ut,

2195 3377 2418 3436 scilicet
2435 3377 2893 3436 misericorditer
2912 3379 3100 3452 possit
3114 3382 3172 3435 et
3187 3381 3456 3452 potenter
3474 3379 3852 3436 misereatur.

2195 3467 2264 3524 Et
2295 3471 2361 3523 ut
2389 3467 2498 3524 hoc
2526 3468 2598 3524 de
2627 3467 2858 3524 Christo
2881 3468 3104 3524 dictum
3130 3466 3366 3541 planius
3405 3467 3722 3542 intelligas,
3755 3484 3855 3524 se-

2193 3556 2398 3629 quitur
2427 3560 2664 3630 tempus
2685 3555 2896 3629 judicii
2931 3573 2945 3613 :
2980 3557 3120 3630 quia
3146 3561 3210 3612 tu
3244 3557 3470 3626 reddis;
3513 3555 3682 3613 Pater
3730 3573 3856 3612 non

2185 3645 2416 3718 judicat
2445 3662 2831 3719 quemquam,
2867 3645 2968 3702 sed
3001 3661 3174 3702 omne
3191 3645 3484 3718 judicium
3514 3645 3676 3702 dedit
3704 3644 3858 3702 Filio

2189 3735 2308 3805 (Job
2337 3735 2415 3807 v).
2449 3733 2789 3792 Ostenditur
2819 3751 2957 3809 ergo
2986 3751 3057 3792 ex
3088 3733 3218 3792 istis
3243 3733 3434 3791 tribus
3477 3733 3706 3790 Christo
3761 3739 3857 3790 at-

2190 3823 2448 3894 tributis,
2481 3825 2693 3881 scilicet
2723 3824 2998 3882 locutione
3043 3824 3322 3896 singulari
3362 3827 3420 3881 et
3467 3827 3754 3897 potestate
3799 3827 3867 3880 et

2190 3913 2610 3982 misericordia,
2645 3913 2920 3970 similiter
2943 3913 3168 3986 judicio
3201 3929 3337 3970 eum
3369 3929 3556 3982 unum
3587 3929 3718 3969 esse
3754 3929 3866 3969 ve-

2189 4019 2321 4060 rum
2353 4019 2489 4059 cum
2522 4002 2692 4060 Patre
2721 4001 2930 4058 Deum.

2698 4109 2903 4148 ORATIO
2939 4109 3011 4148 EX
3051 4109 3201 4149 PSAL.
3235 4109 3348 4148 LXI.

2256 4181 2451 4238 Subde
2480 4180 2608 4252 tibi,
2641 4182 2906 4251 Domine,
2941 4181 3172 4239 animas
3203 4180 3746 4254 nostras,quoniam
3775 4185 3852 4239 tu

2183 4287 2246 4326 es
2273 4270 2554 4343 patientia
2581 4287 2737 4343 vera,
2767 4275 2830 4327 ut
2856 4274 3169 4328 renuentes
3215 4271 3440 4328 incerta
3477 4270 3852 4340 divitiarum,

2181 4362 2237 4414 te
2262 4358 2818 4432 solum,contempta
2838 4359 2998 4416 omni
3021 4359 3324 4417 mundana
3341 4357 3852 4433 vanitate,sequa-

2181 4464 2336 4504 mur.
2371 4447 2478 4504 Per
2505 4447 2815 4506 Dominum
2847 4451 3113 4506 nostrum
3148 4448 3372 4517 Jesum,
3403 4453 3514 4506 etc.

2737 4555 3068 4612 PSALMUS
3109 4556 3282 4613 LXII.

2621 4642 3027 4685 ARGUMENTUM
3065 4643 3224 4684 PSAL.
3263 4643 3397 4685 LXII.

2251 4715 2294 4772 C
2323 4714 2582 4772 Ecclesia
2624 4715 2968 4774 desiderans
3015 4715 3249 4773 Domini
3296 4715 3493 4774 videre
3534 4715 3849 4787 virtutem,

2179 4806 2300 4880 agit
2327 4803 2566 4879 gratias,
2599 4804 2740 4878 quia
2769 4805 2879 4862 sub
2909 4805 3266 4880 protectione
3294 4804 3528 4862 Domini
3553 4805 3856 4880 procellas

2179 4894 2386 4952 mundi
2416 4893 2626 4950 evasit.

2247 4982 2626 5040 TTJ’salmus
2650 4983 2826 5040 David
2853 5000 2979 5041 cum
3004 4992 3138 5042 esset
3165 4985 3227 5041 in
3254 4981 3462 5042 deserto
3481 4983 3766 5043 Idumaeas.

2245 5077 2285 5128 C
2313 5072 2570 5129 Idumaaa
2597 5071 2757 5130 enim
2784 5072 2950 5130 locus
2978 5077 3070 5131 est
3097 5073 3199 5130 ubi
3231 5073 3408 5132 David
3441 5073 3676 5148 fugiens
3707 5089 3847 5148 per.

2173 5163 2533 5220 secutionem
2564 5160 2866 5232 Saulis,ibi
2895 5162 3139 5221 latuisse
3170 5163 3844 5238 cognosciturJdumea

2171 5253 2594 5325 interpretatur
2621 5258 2858 5320 terrena,
2890 5257 2949 5310 et
2977 5252 3271 5327 signiﬁcat
3315 5257 3582 5310 terrenos
3635 5255 3842 5324 actus,

2171 5341 2272 5416 qui
2295 5339 2468 5398 bonis
2499 5339 2913 5414 spiritualibus
2943 5341 3182 5399 omnino
3213 5342 3420 5400 nudati
3451 5344 3610 5400 sunt.

2171 5434 2198 5488 1
2274 5435 2441 5498 Deus,
2477 5433 2626 5486 Deus
2652 5445 2807 5487 meus
2840 5447 2854 5486 :

2270 5520 2348 5576 Ad
2375 5529 2426 5576 te
2451 5518 2518 5576 de
2543 5521 2662 5576 luce
2689 5521 2887 5592 vigilo.

2235 5609 2277 5672 C
2307 5609 2482 5684 Deus,
2507 5609 2662 5674 Deus
2693 5611 2952 5671 meus.1n
2983 5610 3098 5671 ista
3128 5610 3476 5690 repetitione
3505 5608 3838 5670 venerandi
