4112 6176
80 3252 91 3259 ,
192 3193 421 3250 faciat?

209 300 336 360 237

1462 300 1878 362 EXPOSITIO
1922 298 2448 364 PSALMORUM.

3547 316 3665 388 238

206 429 477 488 nominis
509 430 784 487 aﬁ’ectum
836 429 946 504 piae
995 432 1428 505 deprecationis
1481 433 1755 490 ostendit.
1804 434 1889 489 Ad
1920 433 1975 500 Α
2005 432 2103 489 bia
2121 433 2754 495 exsultationiszsicca
2774 438 2930 497 labia
2972 441 3673 517 ariditatepeccatiDcum

200 520 413 594 ipsum
442 519 743 594 vigilatur,
773 521 1010 593 quoties
1050 521 1112 577 in
1143 523 1355 577 mundi
1402 522 1725 579 ambitione
1755 524 1888 580 dor-

200 609 601 666 mitur.Addit
629 609 1166 684 diluculo,quando
1189 612 1503 668 Dominicze
1520 613 1890 669 resurrectio-

196 698 299 756 nis
331 703 570 772 tempus
601 697 812 767 eluxit,
846 703 914 755 ut
942 704 1085 756 tunc
1122 700 1335 758 laudes
1364 706 1616 769 caneret,
1652 703 1886 775 quando

190 805 395 863 genus
425 788 763 846 humanum
816 788 1087 863 exemplo
1119 807 1239 847 suae
1283 790 1729 848 resurrectionis
1761 791 1885 848 ani-

193 877 420 936 mavit.

224 970 269 1022 2
342 968 537 1024 Silivit
561 967 620 1022 in
644 974 695 1024 te
724 969 925 1024 anima
951 986 1075 1026 mea
1103 987 1123 1024 :

343 1060 534 1129 Quam
559 1056 962 1129 multiplicitee
987 1058 1094 1113 tibi
1118 1074 1247 1114 caro
1275 1074 1417 1115 mea.

267 1146 312 1202 C
340 1146 482 1201 Sitit
505 1161 646 1219 ergo
675 1146 884 1202 anima
916 1146 1184 1202 ﬁdelium
1211 1148 1419 1215 Dcum,
1452 1149 1689 1220 quando
1716 1166 1884 1204 man-

187 1235 333 1290 data
365 1234 499 1306 ejus
529 1238 589 1290 et
617 1233 876 1290 virtutes
909 1234 1157 1291 eximias
1188 1235 1569 1308 concupiscit,
1601 1240 1658 1291 et
1687 1238 1883 1310 ipsum

183 1323 499 1380 desiderat
545 1323 768 1392 videre,
804 1341 841 1378 a
871 1340 990 1396 quo
1036 1324 1328 1379 bonorum
1368 1324 1636 1380 omnium
1667 1327 1885 1384 ﬂuenta

186 1415 432 1470 constat
460 1428 765 1468 emanare.
806 1413 871 1468 ll.
910 1413 1045 1468 Ideo
1089 1412 1495 1485 multipliciter
1532 1431 1666 1471 caro
1698 1415 1883 1472 Deum

189 1500 440 1574 quer-it,
474 1501 619 1574 quia
648 1500 862 1556 multis
893 1501 1150 1556 afﬁcitur
1176 1500 1434 1574 injuriis.

223 1591 264 1644 3
340 1582 703 1659 [ayK-terra
743 1595 759 1655 ζ
802 1589 1092 1655 σξιάεδενία
1134 1596 1149 1656 ζ
1194 1591 1348 1646 invia
1396 1599 1447 1647 et
1496 1593 1760 1663 inaquosa
1807 1594 1887 1648 sic

344 1680 411 1734 in
438 1666 637 1738 sancto
665 1680 945 1751 apparrui
976 1680 1078 1734 tibi
1104 1697 1127 1733 .-

345 1769 417 1824 Ut
446 1773 479 1833 1
515 1767 764 1825 viderem
789 1768 1055 1824 virtutem
1084 1777 1235 1824 tuam
1264 1775 1317 1825 et
1343 1759 1578 1840 gloriain
1599 1774 1774 1826 tuam.

265 1859 305 1914 C
330 1856 400 1913 In
429 1860 593 1912 terra
625 1857 871 1914 deserta
902 1856 1058 1914 sicut
1086 1856 1299 1914 titulus
1330 1857 1560 1924 dixit,id
1591 1863 1682 1915 est
1727 1858 1879 1915 indi-

190 1947 395 2022 gentia
424 1946 613 2018 hujus
644 1946 863 2002 mundi
895 1949 954 2002 et
981 1945 1291 2005 sterilitate
1324 1947 1551 2018 jejuna.
1584 1952 1649 2002 In
1701 1946 1880 2019 invia,

189 2038 336 2110 quia
349 2037 619 2092 mundus
640 2037 701 2091 in
722 2054 788 2092 se
806 2052 925 2092 non
939 2036 1115 2093 habet
1130 2035 1283 2093 viam
1304 2035 1419 2091 nisi
1439 2038 1752 2093 Dominum
1764 2038 1883 2097 Sal-

186 2126 592 2198 ναῖοι-ραι,ᾳυὶ
608 2125 726 2182 iter
737 2124 1603 2198 estczecorum.Etinaquosa,id
1618 2131 1707 2182 est
1719 2128 1884 2185 arida

184 2213 659 2288 atqueinfertili,
697 2217 763 2269 ut
805 2213 1015 2269 merito
1037 2214 1167 2285 ejus
1188 2214 1389 2270 anima
1416 2214 1597 2271 nimia
1618 2215 1880 2273 siccitate

190 2305 500 2361 durescat.
525 2302 694 2359 Unde
734 2319 842 2375 per
862 2302 985 2359 hac
1010 2303 1124 2359 tria
1173 2303 1437 2370 nomina,
1470 2306 1674 2360 mundi
1707 2304 1879 2362 istius

192 2393 529 2450 necessitas
551 2392 1041 2448 indicatur.’l‘unc
1069 2408 1130 2447 se
1154 2393 1498 2465 apparuisse
1516 2393 1657 2448 dicit
1676 2399 1882 2452 sancta

188 2480 457 2537 Ecclesia
516 2481 578 2536 in
652 2485 860 2538 sancto
919 2479 1200 2554 ﬁdelique
1260 2481 1580 2553 proposito,
1642 2484 1878 2556 quando

184 2571 505 2627 Christum
537 2587 743 2626 verum
800 2574 985 2626 Deum
1036 2586 1167 2627 esse
1197 2571 1487 2642 cognovit.
1520 2571 1671 2628 Dicit
1699 2589 1832 2630 vero
1860 2589 1876 2630 :

183 2660 460 2733 Apparui
494 2658 699 2727 tibi,ut
726 2658 992 2715 viderem
1022 2657 1301 2713 virtutem
1329 2663 1387 2714 et
1406 2658 1655 2731 gloriam
1688 2664 1875 2731 tuam’,

187 2748 343 2821 quia
373 2763 551 2803 nemo
581 2747 891 2803 veritatem
922 2745 1224 2815 videt,nisi
1256 2751 1372 2802 Deo
1398 2746 1564 2818 prius
1599 2765 1879 2821 apparere

184 2837 481 2911 potuerit.
514 2836 663 2892 Nam
715 2836 767 2890 si
802 2835 890 2892 sol
919 2835 1037 2909 iste
1063 2834 1262 2891 videre
1313 2853 1419 2892 nos
1450 2835 1606 2906 facit,
1642 2838 1878 2909 quando

193 2925 381 2982 nobis
406 2924 893 2998 fulserit,quanto
925 2923 1118 2998 magis
1150 2924 1335 2980 virtus
1365 2924 1561 2981 divina
1582 2926 1731 2994 (sine
1763 2943 1881 3000 qua

192 3032 311 3071 nec
343 3013 611 3088 accipere
643 3030 747 3071 nec
779 3017 973 3070 tenere
1004 3012 1230 3085 aliquid
1263 3012 1398 3068 boni
1428 3016 1770 3089 possumus)
1801 3017 1881 3071 vi-

1998 521 2247 578 laudare
2280 540 2395 580 non
2428 530 2803 598 possunt,sed
2836 546 2969 585 cum
3002 530 3417 606 pinguedinem
3459 535 3666 592 divinae

1999 611 2420 668 misericordiae
2448 619 2651 672 antma
2699 619 3229 691 perceperit,labiis
3260 623 3666 681 exsultationis

1997 699 2369 757 laudabit.H.
2401 702 2525 772 Hic,
2554 706 2883 776 orationes;
2916 708 2977 763 in
3020 710 3207 782 patria
3245 711 3664 773 exsultationes

1996 791 2055 844 et
2075 788 2289 845 laetitia
2314 792 2670 864 sempiterna
2699 800 2858 852 sunt.

2030 879 2066 931 7
2140 877 2240 934 Sic
2267 897 2477 937 memor
2503 884 2593 954 fui
2620 886 2705 940 tui
2728 902 2892 958 super
2918 894 3154 945 stratum
3177 893 3449 959 meum,in
3478 900 3659 949 matu-

2216 969 2354 1024 tinis
2371 970 2674 1029 meditabor
2700 975 2761 1029 in
2790 982 2839 1032 te
2868 993 2888 1031 :

2139 1057 2288 1125 Quia
2315 1060 2477 1129 fuisti
2502 1060 2722 1133 adjutor
2738 1080 2911 1122 meus.

2067 1143 2109 1199 C
2140 1146 2294 1202 Nam
2348 1165 2482 1204 cum
2539 1150 2679 1206 dicit
2726 1153 3000 1227 Ecclesia,
3049 1157 3134 1214 sic
3177 1174 3402 1217 memor
3431 1158 3514 1216 fui
3544 1154 3653 1218 tui.

1994 1235 2261 1290 ostendit
2286 1253 2347 1292 se
2369 1239 2824 1298 recordationem
2851 1243 3083 1302 Domini
3106 1264 3336 1321 semper
3354 1246 3655 1309 habuisse,

1993 1339 2101 1378 nec
2132 1323 2379 1381 oblitam
2408 1327 2592 1384 fuisse
2619 1329 2679 1385 in
2712 1332 2888 1388 rebus
2929 1335 3244 1408 prosperis,
3275 1337 3515 1408 quando
3563 1346 3658 1386 80-

1993 1410 2117 1467 lent
2139 1412 2406 1472 humana
2425 1417 2602 1472 corda
2626 1418 2835 1477 collata
2854 1422 3139 1480 beneﬁcia
3153 1424 3213 1479 in
3233 1423 3527 1480 memoria
3546 1435 3664 1479 non

1994 1500 2353 1560 habere.Per
2381 1509 2634 1562 stratum
2664 1508 2960 1582 significat
2989 1512 3380 1585 quietem,ubi
3404 1510 3673 1570 solemus

1995 1605 2245 1662 corpora
2276 1598 2478 1650 nostra
2507 1593 2567 1651 in
2600 1613 2838 1655 somnos
2886 1602 3203 1660 remittere.
3237 1602 3309 1657 In
3360 1598 3682 1664 matutinis

1994 1677 2177 1734 etiam
2210 1681 2403 1737 fidelis
2429 1683 2656 1758 vigilat,
2672 1689 2948 1759 quoniam
2980 1708 3084 1748 nec
3114 1691 3177 1747 in
3213 1690 3539 1765 prosperis
3566 1697 3692 1763 suis

1995 1767 2214 1862 poterit
2257 1769 2715 1862 obliviscilucis
2764 1781 3081 1836 auctorem.
3118 1781 3187 1836 In
3246 1781 3546 1852 periculis
3591 1793 3700 1862 fuit

1993 1855 2496 1932 adjutor,quando
2530 1861 2640 1918 fuit
2670 1863 2727 1919 in
2751 1864 2904 1923 invio
2937 1868 3203 1926 deserto.

2027 1946 2061 1998 8
2135 1948 2231 2051 Et,
2245 1950 2307 2003 in
2342 1950 2651 2051 .velarueuto
2681 1953 2901 2010 alarum
2939 1964 3181 2013 tuarum
3225 1968 3535 2038 επις-ωηαὸο
3555 2007 3575 2051 ;
3603 1992 3702 2051 αα-

2209 2037 2371 2094 Ιιιῖδὶι
2402 2042 2593 2096 anima
2620 2058 2741 2098 mea
2767 2052 2890 2115 post
2911 2053 2963 2100 te
2984 2064 3003 2102 :
3502 2032 3525 2038 ⁷
3555 2032 3569 2056 ’

2140 2129 2229 2182 Me
2256 2129 2493 2201 suscepit
2522 2128 2748 2187 dextera
2770 2140 2892 2201 tua.

2062 2211 2214 2323 quj‘ft
2243 2214 2304 2270 in
2336 2216 2744 2323 velamentodd
2779 2226 2868 2277 est
2999 2228 3386 2323 protegtione
3434 2256 3694 2323 caelestis

1990 2300 2193 2407 auxilii
2225 2305 2462 2407 sendicit
2494 2306 2748 2364 Ecclesia
2777 2310 3142 2370 exsultare.C
3176 2316 3250 2377 Et
3270 2344 3335 2383 se
3360 2300 3689 2407 adhibitis;

1990 2389 2241 2496 Domino
2265 2392 2498 2496 dicitzut
2518 2413 2823 2469 nunquam
2847 2402 3080 2458 recedat
3109 2420 3146 2459 a
3167 2405 3328 2469 bono
3346 2389 3656 2496 propb-e};

1989 2481 2241 2590 gestare
2269 2482 2455 2590 Patris
2487 2484 2755 2543 Christus
2799 2492 2887 2544 est
2917 2492 3229 2563 Dominus,
3263 2478 3367 2573 qui
3407 2478 3676 2590 adscepit

1988 2566 2309 2625 Ecclesiam
2343 2570 2570 2629 alarum
2590 2591 2833 2631 suarum
2858 2577 3186 2641 velamento
3207 2566 3665 2666 protegendgg:

2022 2656 2057 2709 9
2095 2659 2213 2727 Ipsi
2240 2675 2363 2717 vero
2395 2662 2455 2716 in
2483 2679 2687 2719 vanum
2711 2668 3054 2735 quaesierunt
3080 2673 3333 2731 animam
3361 2656 3593 2745 tuemur

2129 2749 2449 2806 Introibunt
2478 2753 2538 2807 in
2570 2754 2838 2824 inferiora
2869 2762 3037 2817 terra?
3063 2778 3084 2815 :

2136 2836 2442 2894 Tradentur
2470 2841 2529 2896 in
2556 2858 2752 2898 manus
2788 2845 2970 2913 gladii
2990 2855 3175 2920 partes
3200 2852 3451 2925 vulpium
3470 2871 3653 2918 erunt.

2060 2921 2106 2976 H
2138 2927 2178 2977 C
2211 2925 2325 2998 lpsi
2356 2944 2512 2995 vero,
2546 2928 2654 2985 hoc
2694 2935 2783 2987 est
2814 2932 3063 3005 inimici,
3098 2938 3157 2992 in
3206 2921 3356 3013 vano
3405 2950 3652 3016 quasie-

1988 3015 2128 3066 runt
2157 3013 2416 3071 animam
2430 3016 2642 3074 Christi
2668 3037 2681 3074 :
2707 3022 2945 3092 quando
2967 3024 3133 3082 falsis
3148 3013 3497 3089 criminibus
3513 3051 3649 3090 san-

191 3106 341 3161 dere
369 3122 435 3163 se
468 3103 685 3174 facit,si
716 3108 851 3160 ante
899 3120 1008 3160 nos
1060 3101 1426 3170 illuminans,
1455 3103 1566 3159 sibi
1600 3121 1878 3178 apparere
1913 3174 1950 3188 Α
1987 3099 2229 3172 guinem
2256 3120 2318 3164 se
2347 3106 2642 3163 eﬂ‘undere
2672 3108 3071 3169 decreverunt.
3095 3117 3135 3168 C
3164 3115 3442 3188 Sequitur
3467 3136 3480 3175 :
3502 3123 3647 3187 Quia

232 3285 269 3338 4
351 3284 628 3351 Quoniam
652 3284 852 3339 melior
878 3287 959 3339 est
978 3278 1366 3338 misericordia
1386 3289 1478 3338 tua
1507 3299 1671 3354 super
1698 3285 1878 3354 vitas;

350 3371 527 3428 Labia
553 3388 675 3427 mea
705 3371 1014 3428 laudabunt
1035 3379 1107 3427 te.

274 3464 320 3516 C
376 3460 846 3517 Misericordiam
917 3460 1082 3527 dicit,
1146 3460 1389 3532 praemia
1442 3460 1699 3529 Domini,
1754 3480 1879 3535 quae

188 3550 425 3608 sanctis
472 3549 600 3609 suis
645 3550 934 3624 promittit
982 3550 1151 3623 larga
1200 3549 1412 3622 pietati
1464 3567 1638 3623 ;quae
1698 3550 1870 3626 longe

199 3640 424 3696 melior
451 3644 543 3697 est
570 3640 689 3696 vita
712 3641 1005 3713 praesenti.
1044 3638 1226 3695 Labia
1278 3655 1410 3694 mea
1449 3638 1774 3696 laudabunt
1801 3648 1877 3709 te,

199 3735 341 3803 post
374 3730 661 3786 beneﬁcia
706 3748 834 3804 quae
866 3728 1163 3803 promisit,
1198 3729 1417 3785 devotae
1468 3727 1660 3784 laudis
1712 3731 1877 3788 obse-

202 3818 423 3889 quium
477 3815 802 3890 pollicetur,
833 3818 990 3891 quod
1023 3817 1143 3873 Deo
1175 3819 1413 3873 noverat
1457 3833 1584 3873 esse
1614 3817 1878 3890 gratissi-

202 3923 403 3962 mum.
427 3905 476 3961 H
530 3906 925 3964 Misericordia
967 3911 1073 3963 tua
1103 3905 1283 3962 vitam
1315 3909 1551 3979 praestat
1576 3911 1874 3977 aeternam,

202 3994 327 4051 vita
357 4010 622 4067 praesens
652 4013 801 4069 saepe
828 4000 1083 4052 mortem
1123 3998 1417 4067 operatur.
1443 3996 1483 4050 G
1516 3995 1638 4065 Vel,
1671 3996 1880 4053 melior

201 4088 294 4140 est
322 4083 735 4141 misericordia
762 4089 865 4142 tua
892 4102 1074 4159 quam
1105 4083 1307 4154 vita,id
1343 4087 1432 4141 est
1463 4084 1622 4140 modi
1649 4084 1877 4143 vivendi

202 4178 743 4247 quantumcunque
772 4175 985 4244 sancti,
1007 4175 1164 4247 .quia
1204 4172 1405 4230 nullus
1437 4190 1546 4231 sua
1570 4175 1877 4234 sanctitate

200 4261 432 4318 salvari
463 4264 740 4335 posset,si
771 4262 1177 4321 misericordia
1206 4263 1435 4319 deesset
1459 4264 1580 4320 Dei.

235 4353 276 4407 5
349 4353 457 4413 Sic
488 4352 799 4409 benedicam
830 4362 879 4411 te
910 4356 970 4410 in
994 4354 1110 4409 vita
1139 4369 1257 4408 mea
1292 4369 1304 4408 :

353 4445 415 4503 σξ-
433 4441 514 4495 Et
553 4447 566 4505 ξ
611 4443 667 4496 in
696 4444 914 4499 nomine
941 4450 1032 4499 tuo
1059 4443 1242 4498 levabo
1271 4459 1475 4498 manus
1502 4458 1671 4500 meas.

1864 3214 1871 3218 ο
1908 3174 1951 3240 C
1990 3205 2105 3245 non
2137 3192 2209 3246 ad
2243 3191 2418 3249 cmlos
2449 3196 2628 3251 evecti
2659 3202 2821 3267 sunt,
2855 3201 2956 3256 sed
2988 3174 3273 3260 deorsum
3295 3222 3394 3262 eos
3423 3208 3647 3268 viscera

1986 3281 2151 3334 terrae
2183 3280 2636 3340 absorbuerunt.
2667 3274 2912 3344 Tradita
2957 3294 3046 3346 est
3091 3290 3150 3346 in
3198 3310 3415 3352 manus
3462 3297 3644 3371 gladii

1986 3382 2131 3438 gens
2159 3369 2381 3440 Judaaa,
2435 3375 2673 3444 quando
2717 3391 2846 3432 eam
2905 3378 3200 3453 principes
3248 3369 3644 3445 Romanorum

1986 3455 2387 3529 Vespasianus
2418 3465 2475 3516 et
2505 3462 2672 3518 Titus
2702 3466 2858 3521 caede
2900 3466 3286 3545 incendioque
3314 3476 3642 3534 vastabant.

1985 3546 2172 3637 Judaei
2225 3565 2459 3622 quoque
2510 3550 2771 3609 cmlestia
2817 3557 3049 3615 credere
3103 3558 3389 3633 nolentes,
3447 3570 3644 3637 partes

1987 3634 2252 3707 vulpium
2285 3639 2419 3694 facti
2452 3645 2592 3697 sunt
2625 3659 2637 3697 :
2673 3643 2812 3700 dum
2849 3663 2911 3702 se
2935 3646 3154 3706 dolosis
3176 3656 3233 3708 et
3255 3634 3645 3712 fraudulentis

1986 3740 2165 3795 prava
2186 3726 2480 3816 voluntate
2512 3731 2961 3803 coniunxerunt,
2996 3742 3099 3793 aut
3126 3739 3184 3794 in
3216 3740 3421 3811 talium
3451 3749 3644 3816 potes-

1986 3815 2167 3868 tatem
2200 3815 2420 3872 redacti
2452 3823 2611 3873 sunt.
2659 3820 2790 3877 Sive
2837 3840 2969 3878 cum
3031 3825 3089 3880 in
3121 3815 3646 3904 Hierosolymitana

1987 3903 2309 3960 vastatione
2339 3907 2621 3964 cadavera
2666 3925 2871 3966 eorum
2922 3928 3066 3969 escae
3115 3916 3351 3974 fuerunt
3379 3903 3643 3992 vulpium

1986 3991 2361 4066 ferarumque
2392 3994 2775 4068 reliquarum.

1986 4082 2054 4135 10
2129 4082 2240 4137 Rea?
2266 4100 2389 4140 vero
2421 4085 2710 4142 laetabitur
2748 4088 2808 4143 in
2854 4089 2961 4143 Deo
2992 4107 3012 4144 :
3043 4091 3417 4150 laudabuntur
3461 4112 3646 4154 omnes

2196 4173 2294 4243 qui
2312 4174 2516 4245 jurant
2544 4175 2603 4228 in
2627 4191 2687 4229 eo
2722 4193 2734 4230 :

2123 4265 2178 4325 σξη
2200 4260 2341 4328 Quia
2370 4263 2700 4318 obstructum
2728 4273 2806 4319 est
2837 4280 2894 4321 os
2924 4266 3262 4339 loquentium
3291 4273 3486 4344 iniqua
3530 4281 3545 4340 ζ

2056 4344 2095 4403 C
2125 4349 2361 4421 Regem,
2408 4350 2549 4406 dicit
2597 4351 2977 4422 Salvatorem,
3030 4356 3155 4430 ipse
3220 4360 3375 4419 enim
3434 4380 3531 4427 rex
3579 4364 3639 4420 in

1984 4441 2290 4508 aeternum,
2324 4439 2425 4510 qui
2477 4437 2770 4497 laetabitur
2802 4442 2861 4499 in
2892 4444 3135 4504 Domino
3163 4453 3274 4505 Deo
3306 4450 3493 4507 Patre.
3524 4453 3642 4509 Ad-

274 4533 322 4587 c
353 4529 662 4586 Benedieit
689 4532 841 4588 enim
871 4533 934 4588 in
954 4532 1077 4589 vita
1108 4548 1217 4587 sua
1239 4532 1490 4603 perfecte
1539 4531 1745 4599 Deum,
1776 4532 1873 4602 qui
1906 4547 1953 4612 D
1976 4525 2121 4600 jecit
2167 4526 2571 4583 laudabuntur
2625 4546 2850 4602 omnes,
2897 4534 2990 4590 cui
3047 4534 3291 4594 laudant
3344 4540 3640 4599 Christum

202 4617 392 4675 bonis
422 4618 701 4691 operibus
730 4620 788 4676 in
820 4620 930 4677 hac
977 4619 1109 4676 luce
1139 4625 1422 4677 versatur.
1460 4621 1635 4677 Levat
1667 4637 1877 4679 manus

200 4724 360 4764 suas
392 4707 452 4761 in
488 4708 722 4765 nomine
750 4710 1004 4777 Domini,
1038 4709 1139 4782 qui
1171 4709 1445 4783 operibus
1488 4711 1709 4767 sanctis
1734 4711 1877 4767 insi-

205 4795 646 4863 stendo,tensis
676 4799 949 4855 manibus
971 4802 1101 4855 orat
1128 4798 1465 4866 Dominum,
1497 4803 1563 4855 ut
1594 4800 1722 4872 ipsa
1751 4816 1878 4856 ora-

204 4886 293 4939 tio
329 4882 604 4957 designet
629 4886 878 4961 efﬁgiem
909 4896 1125 4945 sanctae
1156 4888 1365 4961 crucis.

242 4974 283 5027 6
360 4972 522 5029 Sicut
548 4977 709 5049 apipe
735 4986 785 5034 et
803 4978 1145 5051 pinguedine
1172 4979 1449 5051 repleatur
1476 4979 1666 5034 anima
1710 4996 1830 5035 mea
1860 4998 1880 5036 :

359 5063 429 5118 Et
458 5062 624 5120 labiis
649 5068 1030 5124 exsultationis
1059 5068 1312 5124 laudabit
1341 5084 1396 5123 os
1424 5085 1624 5124 meum.

282 5150 330 5207 C
357 5151 582 5225 Adipes
633 5161 771 5212 sunt
818 5157 1113 5214 viseerum
1161 5172 1360 5212 crassa
1407 5156 1718 5226 velamina,
1751 5175 1878 5231 quae

209 5239 454 5296 interna
473 5241 693 5312 jecoris
722 5245 1014 5318 operiunt.
1029 5245 1327 5319 Pinguedo
1338 5261 1474 5302 vero
1487 5250 1577 5302 est
1600 5247 1878 5320 saginatas

210 5329 466 5402 pecudis
513 5333 735 5390 nutrita
773 5335 919 5391 cibis
968 5334 1260 5403 obesitas;
1294 5333 1408 5390 ista
1460 5336 1695 5391 luerunt
1744 5335 1880 5409 apta

213 5418 532 5476 sacriﬁciis
562 5420 837 5480 olim.Sed
868 5418 1160 5497 pinguedo
1191 5424 1398 5479 animae
1425 5422 1757 5480 divinarum
1788 5441 1878 5480 re-

212 5524 352 5564 rum
385 5507 637 5567 scientia
656 5517 829 5583 est,et
852 5518 1011 5571 recta
1031 5512 1175 5569 ﬁdes
1197 5529 1261 5569 ac
1283 5512 1635 5572 inconcussa
1654 5513 1878 5588 patien-

213 5596 319 5668 tia,
353 5601 471 5661 διο.
507 5597 670 5663 Unde
700 5602 896 5663 seculi
928 5602 1099 5663 istius
1129 5600 1342 5661 macies
1369 5602 1772 5681 superatur.Et
1800 5601 1880 5661 la-

1985 4616 2172 4672 sancti
2201 4614 2340 4672 Dei:
2374 4615 2486 4689 ipsi
2530 4617 2681 4675 ﬁunt
2724 4621 2850 4678 sine
2892 4623 3255 4684 dubitatione
3292 4626 3639 4702 laudabiles,

1988 4705 2126 4777 quia
2155 4723 2269 4761 non
2303 4710 2550 4778 possunt
2596 4708 2803 4766 laudes
2847 4714 2975 4784 ejus
3026 4715 3198 4788 digne
3238 4734 3496 4786 narrare,
3529 4720 3642 4776 nisi

1988 4794 2088 4865 qui
2123 4795 2193 4849 ad
2228 4794 2483 4866 palmam
2515 4796 2896 4871 indulgentia
2942 4808 3281 4860 meruerunt
3320 4808 3637 4878 pervenire.

1989 4881 2078 4937 llli
2094 4883 2300 4953 jurant
2322 4884 2378 4937 in
2396 4900 2461 4939 eo
2480 4902 2490 4939 :
2509 4886 2610 4956 qui
2624 4887 2675 4941 ei
2696 4890 2912 4944 mentis
2934 4889 3282 4962 obsequium
3306 4893 3640 4952 inviolabile

1990 4971 2363 5044 promittunt.
2379 4972 2423 5025 H
2447 4973 2827 5031 Obstructum
2860 4981 2948 5032 est
2970 4994 3035 5033 os
3055 4979 3392 5038 Judaeorum
3410 4988 3469 5040 et
3487 4985 3644 5057 prin-

1990 5060 2185 5133 cipum
2218 5060 2607 5132 sacerdotum,
2625 5070 2961 5137 resurgente
2989 5067 3319 5136 Domlno,et
3347 5080 3644 5133 crescente

1990 5148 2326 5206 testimonio
2382 5149 2662 5207 veritatis.
2698 5154 2737 5206 C
2769 5151 2836 5209 Et
2882 5170 2948 5209 os
3003 5157 3268 5214 omnium
3299 5160 3640 5237 iniquorum

1988 5239 2327 5295 obstruetur
2356 5235 2413 5290 in
2439 5237 2684 5310 judicio,
2719 5258 2834 5297 non
2865 5242 2924 5298 in
2954 5243 3065 5302 isto
3094 5247 3329 5306 saeculo.

2468 5344 2670 5384 ORATIO
2710 5347 2779 5385 EX
2820 5349 2977 5389 PSAL.
3023 5352 3154 5391 LXII.

2058 5416 2141 5471 Ad
2174 5418 2229 5471 te
2260 5412 2532 5507 diluculo
2548 5416 2926 5490 vigilantibus
2965 5422 3162 5482 lumen
3192 5425 3405 5503 largire
3434 5448 3638 5507 perpe-

1988 5510 2155 5565 tuum
2182 5504 2391 5560 ductor
2419 5502 2569 5562 lucis
2612 5511 2859 5580 aeterna,
2893 5515 2959 5568 ut
3004 5518 3058 5571 te
3087 5513 3243 5574 labia
3277 5502 3475 5578 nostra
3502 5502 3634 5581 lau-

1989 5597 2148 5667 dent,
2176 5597 2233 5651 te
2265 5592 2383 5652 vita
2412 5593 2737 5672 benedicat,
2770 5603 2826 5661 te
2852 5601 3152 5669 meditatio
3190 5609 3479 5673 matutina
3506 5608 3633 5687 glo-
