4112 6176
485 334 606 399 239

1390 337 1454 397 S.
1498 335 1902 398 BBUNONIS
1947 334 2571 398 HERBII’OLENSIS
2615 324 2996 396 EPISCOPI.

3779 329 3911 391 240

488 467 1134 528 riticet.PerDominum
1149 468 1418 524 nostrum
1433 466 1638 524 Jesum
1669 466 1988 538 Christum,
2022 448 2132 527 etc.
2166 468 2221 536 Α
2320 467 2361 523 C
2391 466 2763 523 Consuetudo
2784 464 3153 539 peccantium
3166 467 3347 533 est,ut
3363 462 3464 537 qui
3488 462 3691 520 dolum
3717 462 3919 537 parati

1044 572 1374 632 PSALMUS
1409 574 1591 632 LXIII.

914 660 1316 704 ARGUMENTUM
1356 663 1515 703 PSAL.
1562 665 1691 703 LXIII
1701 689 1714 702 .

558 742 603 796 C
632 737 897 796 Christus
925 748 1029 810 per
1055 738 1245 794 totum
1273 735 1434 793 hunc
1465 736 1760 809 psalmum
1778 736 1849 794 de
1880 753 1987 794 sua
2006 752 2147 809 pas-

489 828 652 885 sione
676 824 957 900 loquitur.

861 914 983 972 TT.
1023 915 1090 971 In
1116 915 1284 986 ﬁnem
1308 916 1556 987 psalmus
1583 914 1776 972 David.

558 1008 599 1059 C
630 1003 809 1061 Tituli
840 1003 1021 1076 hujus
1068 1004 1253 1061 verba
1274 1004 1450 1077 (sicut
1478 1021 1631 1078 saepe
1674 1005 1897 1061 dictum
1920 1004 2031 1076 est)
2056 1020 2144 1059 re-

487 1094 754 1150 feruntur
810 1092 884 1148 ad
941 1091 1260 1150 Dominum
1318 1091 1637 1162 Christum,
1669 1093 1771 1166 qui
1824 1110 1928 1167 per
1957 1098 2146 1149 totum

485 1171 784 1255 psalmum
831 1180 1065 1238 locutus
1095 1182 1205 1249 est,
1238 1183 1340 1256 qui
1387 1186 1587 1240 sextus
1618 1200 1746 1240 esse
1776 1181 2148 1256 cognoscitur

484 1269 698 1328 horum
736 1269 839 1344 qui
868 1270 1204 1343 passionem
1240 1271 1849 1344 resurrectionemque
1886 1269 2150 1328 Domini-

486 1374 619 1418 eam
639 1359 806 1416 brevi
836 1359 1187 1416 revelatione
1217 1359 1587 1434 contingunt.

520 1449 548 1507 4
628 1440 869 1515 Exaudi,
899 1449 1064 1518 Deus,
1086 1450 1393 1507 orationem
1416 1465 1597 1506 meam
1621 1465 1748 1505 cum
1774 1449 2029 1523 deprecor
2058 1466 2071 1504 :

628 1538 670 1594 Α
702 1538 899 1594 timore
926 1538 1146 1594 inimici
1172 1539 1322 1611 eripe
1347 1541 1597 1595 animam
1625 1555 1825 1596 meam.

559 1620 602 1681 C
629 1627 677 1682 Α
697 1629 863 1700 parte
888 1625 1283 1684 humanitatis
1314 1631 1637 1702 assumpta,
1665 1627 2005 1702 postulabat
2035 1631 2149 1684 Do-

488 1706 692 1773 minus
716 1714 1003 1784 Christus,
1029 1720 1096 1772 ut
1140 1716 1270 1789 ejus
1298 1717 1647 1774 exaudiatur
1674 1718 1880 1785 oratio,
1913 1716 2148 1791 quando

488 1803 627 1861 totis
656 1804 881 1863 viribus
909 1805 1147 1878 petitur,
1182 1806 1340 1879 quod
1387 1808 1665 1880 prodesse
1695 1806 1966 1864 sentitur.
1996 1808 2044 1863 A
2073 1806 2147 1862 ti-

489 1910 649 1951 more
676 1893 923 1963 inimici,
955 1893 1015 1950 id
1045 1898 1135 1951 est
1159 1895 1420 1965 δυόωῌὶ
1437 1894 1525 1952 vel
1554 1894 1772 1953 diaboli
1787 1914 1809 1953 .:
1830 1912 1971 1952 suos
2004 1896 2140 1952 lide-

486 1982 571 2040 les
600 1982 746 2057 eripi
774 1982 1129 2057 postulabat.

520 2074 558 2127 2
631 2075 934 2131 Protexisti
957 2090 1045 2131 me
1074 2092 1110 2130 a
1130 2079 1404 2132 conventu
1423 2072 1853 2149 malignantium
1884 2092 1897 2131 :

626 2164 669 2244 Α
697 2163 1053 2221 multitudine
1080 2167 1423 2236 aperantium
1455 2167 1827 2237 iniquitatem.

558 2250 602 2307 C
621 2251 921 2309 Protectus
943 2257 1035 2310 est
1063 2250 1237 2324 plane
1258 2268 1294 2309 a
1323 2258 1608 2310 conventu
1638 2253 2145 2326 Judaeorum,quia

488 2339 632 2398 dum
657 2338 745 2396 illi
774 2355 911 2398 eum
940 2341 1243 2398 crederent
1272 2342 1665 2398 communiter
1693 2341 1865 2412 mori,
1895 2343 2023 2414 ejus
2055 2358 2142 2398 re-

490 2427 871 2487 surrectionis
898 2428 1085 2503 gloria
1123 2429 1449 2503 probantur
1478 2447 1607 2488 esse
1632 2431 1881 2487 confusi.
1914 2431 2142 2487 Protec-

488 2522 587 2575 tus
615 2522 708 2576 est
730 2518 949 2591 itaque,
984 2519 1126 2592 quia
1154 2517 1551 2593 malignorum
1583 2518 1830 2577 insidias
1873 2518 2144 2594 potentiae

490 2623 611 2665 sua
637 2607 852 2665 virtute
880 2608 1248 2681 superavit.A
1264 2608 1643 2665 multitudine
1672 2608 1918 2677 dixit,ut
1947 2612 2143 2665 actum

489 2696 838 2770 eXprimeret
864 2696 1178 2770 passionis,
1224 2699 1498 2772 superius
1544 2697 1702 2754 enim
1752 2697 1899 2755 dixit
1928 2715 1963 2753 a
2014 2716 2148 2754 con-

489 2790 668 2843 ventu
688 2785 1329 2860 malignantium,quod
1353 2788 1425 2844 ad
1445 2786 1691 2844 consilia
1714 2791 1907 2860 potest
1924 2787 2145 2855 referri,

489 2870 600 2931 hoc
630 2876 828 2932 autem
850 2874 921 2932 ad
944 2880 1143 2934 actum
1166 2875 1526 2945 eorum,ideo
1547 2876 1693 2933 dixit
1724 2893 1737 2932 :
1766 2876 2146 2950 Operantium

488 2962 886 3037 iniquitatem.

523 3052 559 3107 3
633 3053 773 3122 Quia
801 3060 1136 3111 exacuerunt
1161 3061 1223 3110 ut
1248 3053 1500 3125 gladium
1529 3054 1748 3125 linguas
1764 3072 1892 3112 suas
1923 3072 1937 3112 :

627 3140 987 3200 Intenderunt
1030 3159 1221 3199 arcum
1256 3159 1375 3199 rem
1404 3160 1655 3199 amaram
1706 3150 1767 3199 ut
1802 3145 2060 3215 sagittent
2090 3145 2149 3199 in

699 3232 921 3288 occultis
951 3231 1391 3288 immaculatum.
1459 3233 1465 3239 ’

555 3322 598 3374 C
625 3319 758 3376 Jam
790 3319 1056 3376 redditur
1088 3337 1286 3388 causa,
1320 3338 1427 3378 cur
1455 3325 1752 3394 protectus
1783 3322 1859 3378 sit
1898 3322 1971 3379 ab
2003 3338 2144 3395 ope-

487 3408 759 3465 rantibus
774 3407 1309 3479 iniquitatem,nam
1334 3413 1625 3482 quantum
1645 3409 1730 3465 illi
1747 3410 1981 3484 linguas
2003 3428 2144 3469 suas

486 3494 646 3552 velut
675 3495 1041 3552 mortiferum
1088 3495 1351 3570 gladium
1381 3504 1752 3567 exacuerant,
1784 3504 2017 3556 tantum
2047 3516 2143 3557 eo-

490 3599 624 3644 rum
653 3582 937 3658 iniquitas
962 3585 1360 3658 frangebatur,
1393 3590 1451 3641 et
1487 3585 1572 3642 eis
1622 3587 1811 3661 magis
1857 3589 2144 3645 nocebant

490 3688 671 3747 quam
699 3672 949 3729 Christo.
981 3672 1211 3729 Etenim
1237 3690 1367 3731 mos
1393 3678 1486 3729 est
1514 3676 1903 3747 peccantium,
1935 3682 2002 3733 ut
2033 3677 2146 3750 pri-

493 3777 662 3820 mum
693 3761 806 3820 sibi
852 3766 1119 3831 noceant,
1152 3763 1253 3836 qui
1285 3762 1535 3819 alterum
1566 3780 1805 3837 gravare
1838 3765 2139 3822 festinant.

490 3852 750 3926 Linguae
798 3855 1172 3920 exacuerunt,
1218 3853 1454 3925 quando
1497 3869 1635 3909 voce
1672 3871 1790 3910 una
1819 3853 2090 3911 dixerunt
2122 3874 2136 3913 :

479 3940 1177 4016 CruciﬁgeJntenderunt
1206 3941 1504 4011 arcum,id
1536 3946 1626 3998 est
1667 3942 1915 3999 insidias
1944 3944 2137 4000 occul-

481 4036 604 4089 tas:
626 4031 671 4089 Ο
701 4048 795 4088 res
844 4047 1047 4087 amara
1074 4033 1133 4087 et
1161 4031 1322 4089 omni
1361 4030 1492 4087 felle
1520 4031 1793 4089 deterior.
1826 4033 2135 4090 Convivam

480 4121 557 4179 ad-
584 4117 998 4195 proditionem,
1029 4119 1387 4193 discipulum
1417 4120 1489 4177 ad
1511 4137 1733 4190 necem,
1767 4126 2135 4179 conservato-

477 4220 602 4268 rem
631 4208 889 4283 pecuniae
918 4209 1157 4283 praemio
1186 4207 1448 4282 pecunias
1476 4209 1659 4266 fuisse
1687 4215 2050 4285 corruptum.
2068 4215 2133 4267 In

474 4298 720 4362 occultis
746 4316 761 4357 :
795 4298 881 4356 sic
907 4297 1316 4372 accipiendum
1346 4301 1456 4366 est,
1487 4301 1553 4354 ut
1578 4298 1767 4354 Judaei
1797 4303 2081 4371 putarunt
2114 4319 2127 4357 :

472 4392 749 4446 ceterum
799 4391 952 4445 actus
991 4403 1195 4444 eorum
1245 4386 1511 4444 occultus
1559 4404 1688 4444 esse
1734 4387 1963 4445 Christo
2013 4406 2130 4445 non

472 4476 784 4550 potuit,qui
815 4477 1149 4549 frequenter
1166 4479 1301 4532 ante
1314 4476 1627 4548 praedictus
1657 4480 1748 4533 est
1766 4493 1945 4550 quam
1969 4478 2126 4534 fiere.

2251 556 2554 613 hominem
2581 571 2644 611 se
2672 559 2838 628 putet
2866 553 3065 612 fallere
3094 570 3287 627 posse,
3320 553 3406 611 sic
3432 553 3617 610 Judaei
3642 552 3921 622 confusi,

2251 645 2553 701 Christum
2574 644 2982 700 tantummodo
3010 643 3310 699 hominem
3333 640 3930 716 putantes,maligni-

2252 736 2434 791 tatem
2461 750 2632 789 suam
2667 748 2784 788 non
2816 731 3133 789 credebant
3160 731 3400 805 agnosci
3421 731 3495 789 ab
3523 729 3750 801 illo,cui
3768 746 3931 788 cun-

2253 826 2347 880 cta
2376 826 2599 895 patent.
3252 814 3265 823 ‘

2287 914 2323 967 6
2395 912 2641 968 Scrutati
2667 915 2795 966 sunt
2823 912 3143 982 iniquitates
3175 927 3188 966 :

2395 1003 2719 1073 Defecerunt
2745 1008 3051 1056 scrutantes
3079 1000 3375 1057 scrutinio.

2327 1090 2368 1146 C
2399 1090 2653 1146 Scrutati
2685 1092 2825 1144 sunt
2852 1089 3038 1145 Judaei
3087 1088 3426 1161 iniquitates
3457 1107 3471 1145 :
3504 1105 3653 1162 quas
3709 1089 3935 1162 utique

2256 1179 2703 1254 praetermittere
2731 1177 3095 1246 debuissent,
3119 1178 3259 1233 dum
3291 1177 3522 1234 nullum
3544 1178 3621 1234 ibi
3654 1180 3931 1253 fructum

2258 1284 2376 1325 suae
2418 1266 2627 1324 salutis
2672 1270 2941 1339 poterant
2988 1267 3266 1323 invenire.
3300 1267 3581 1324 Dixerunt
3611 1268 3827 1341 enimp:
3861 1268 3932 1324 Si

2257 1355 2617 1411 dimittimus
2641 1369 2778 1410 cum
2808 1354 2891 1410 sic
2919 1355 3096 1427 (Joan.
3127 1354 3228 1427 x1),
3259 1355 3493 1411 venient
3522 1354 3931 1423 Romani,etc.

2258 1444 2640 1502 Defecerunt:
2677 1443 2817 1516 quia
2846 1458 3081 1516 semper
3108 1443 3169 1500 in
3213 1442 3562 1518 cogitatione
3608 1443 3933 1513 deficiunt,

2260 1533 2361 1607 qui
2394 1533 2466 1589 ad
2496 1549 2591 1589 res
2620 1532 2909 1606 pessimas
2940 1532 3240 1605 pervenire
3269 1532 3659 1589 contendunt.

2290 1625 2329 1678 7
2401 1622 2639 1680 Accedet
2666 1620 2823 1678 homo
2848 1621 2919 1677 ad
2941 1637 3036 1678 cor
3062 1622 3239 1678 altum
3267 1639 3286 1677 :-

2400 1713 2466 1767 Et
2494 1712 2833 1767 exaltabitur
2860 1712 3021 1767 Deus.

2302 1802 2337 1854 8
2409 1801 2649 1871 Sagittae
2672 1801 3032 1872 parvulorum
3057 1794 3221 1871 facta
3249 1802 3376 1857 sunt
3399 1801 3588 1874 plagae
3610 1818 3807 1859 eorum
3840 1822 3860 1858 :

2408 1890 2476 1945 Et
2504 1890 2803 1961 inﬁrmata?
2829 1894 2960 1945 sunt
2987 1898 3179 1946 contra
3205 1905 3294 1947 eos
3319 1890 3530 1961 linguae
3554 1907 3771 1949 eorum.

2283 1979 2320 2032 9
2396 1979 2717 2036 Conturbati
2741 1984 2871 2035 sunt
2898 1995 3083 2036 omnes
3112 1981 3209 2053 qui
3237 1980 3495 2037 videbant
3521 1997 3620 2037 cos
3650 2000 3672 2036 :

2392 2069 2459 2124 Et
2486 2070 2672 2124 timuit
2702 2070 2881 2125 omnis
2910 2068 3087 2126 homo.

2255 2159 2324 2213 10
2394 2160 2461 2214 Et
2488 2160 2959 2214 annuntiaverunt
2988 2174 3153 2230 opera
3182 2161 3287 2215 Dei
3317 2178 3337 2215 :

2395 2249 2462 2304 Et
2487 2249 2635 2319 facta
2663 2248 2781 2319 ejus
2812 2248 3224 2305 intellexerunt.

2325 2335 2367 2391 C
2391 2339 2499 2392 Cor
2527 2336 2686 2396 enim
2717 2335 2902 2393 altum
2915 2341 3178 2407 esttunc,
3195 2337 3433 2410 quando
3458 2336 3635 2395 homo
3657 2338 3935 2397 caelestia

2253 2424 2471 2499 cogitat
2500 2428 2558 2482 et
2587 2429 2818 2482 terrena
2845 2426 3081 2482 devitat.
3116 2430 3231 2483 Iste
3262 2443 3377 2483 non
3408 2427 3602 2484 deficit
3629 2428 3795 2485 sicut
3824 2427 3931 2485 ille

2255 2514 2358 2589 qui
2415 2515 2789 2572 scrutabatur
2834 2514 3140 2586 scrutinio,
3202 2516 3304 2573 sed
3355 2517 3547 2590 magis
3603 2516 3930 2591 magisque

2254 2605 2486 2674 crescit,
2521 2604 2659 2678 quia
2687 2604 2748 2660 in
2797 2605 2926 2677 ejus
2976 2607 3149 2662 corde
3188 2604 3540 2662 exaltabitur
3584 2604 3767 2673 Deus,
3804 2623 3932 2663 non

2255 2692 2315 2750 in
2349 2710 2430 2752 se.
2468 2694 2622 2751 Deus
2651 2695 2809 2751 enim
2864 2695 2926 2751 in
2975 2711 3042 2752 eo
3073 2695 3429 2769 grandescit,
3473 2696 3573 2769 qui
3605 2696 3935 2753 sanctitate

2256 2782 2483 2841 crescit.

2326 2876 2367 2928 C
2398 2872 2779 2930 Parvulorum
2812 2871 3037 2947 sagitta
3072 2891 3084 2930 :
3118 2873 3319 2930 inania
3346 2872 3464 2931 tela
3487 2878 3648 2939 sunt,
3670 2874 3779 2947 qui
3802 2879 3937 2931 stu-

2258 2961 2355 3019 dio
2384 2962 2625 3019 ludendi
2657 2961 2893 3037 fragiles
2924 2980 3142 3021 cannas
3163 2964 3363 3035 jacere
3394 2970 3833 3021 consueverunt
3868 2966 3933 3022 in

2259 3052 2503 3108 modum
2534 3052 2906 3126 sagittarum.
2937 3052 3033 3109 Sic
3073 3052 3412 3109 Judzeorum
3463 3058 3597 3110 vota
3628 3052 3931 3110 inefﬁcaci

2258 3140 2623 3215 malignitate
2680 3140 3048 3198 saevissima:
3096 3159 3211 3199 non
3259 3141 3587 3199 intulerunt
3634 3142 3927 3212 ﬂendum,

2170 3217 2213 3285 C
2255 3235 2525 3300 mortem,
2541 3231 2641 3287 sed
2656 3229 3144 3303 gloriosissimam
3164 3230 3578 3303 passionem.H
3601 3232 3929 3289 Inﬁrmata

2255 3325 2397 3377 sunt
2422 3319 2808 3394 linguae,quia
2828 3319 3052 3376 nullam
3075 3320 3230 3392 cepit
3249 3318 3633 3377 stabilitatem
3660 3319 3925 3378 elocutio

2253 3410 2588 3475 eorum,sed
2619 3408 2788 3466 dolus
2819 3425 3023 3489 eorum
3053 3409 3305 3465 reddidit
3335 3425 3436 3467 eos
3474 3409 3770 3469 infirmos.

2325 3503 2364 3554 C
2392 3499 2732 3555 Conturbati
2793 3501 2934 3554 sunt
2990 3515 3059 3554 ex
3110 3497 3225 3554 illis
3282 3499 3921 3574 quidamcreden‘tes,

2253 3588 2487 3661 quando
2506 3590 2791 3644 venerunt
2817 3592 2875 3643 et
2905 3587 3177 3644 diaerunt
3195 3587 3266 3643 ad
3290 3588 3587 3661 apostolos
3619 3588 3807 3656 :Quid
3831 3592 3922 3647 fa-

2252 3677 2476 3733 ciemus
2504 3676 2613 3732 viri
2636 3676 2881 3733 fratres?
2903 3677 3038 3749 (Act.
3070 3677 3157 3740 ιι.)
3182 3676 3250 3733 Et
3268 3676 3470 3733 timuit
3489 3678 3687 3734 omnis
3710 3678 3921 3735 homo.

2251 3766 2402 3822 Dicit
2430 3770 2617 3821 totum
2635 3783 2739 3839 pro
2758 3770 3014 3838 parte,ut
3033 3765 3227 3821 omnis
3248 3764 3610 3839 intelligatur
3631 3768 3736 3840 qui
3751 3768 3919 3840 judi-

2249 3855 2409 3911 cium
2456 3854 2689 3910 Domini
2719 3855 2985 3910 l‘uturum
3017 3853 3613 3923 formidabat:timuit,
3648 3856 3797 3927 quia
3813 3857 3921 3928 ju-

2248 3943 2468 4000 dicium
2495 3944 2762 4001 futurum
2792 3943 2906 4000 sibi
2938 3942 3247 4001 imminere
3274 3943 3650 4001 formidabat.

2317 4035 2357 4089 C
2384 4032 3145 4099 Annuntiaverunt,scilicet
3173 4031 3417 4105 gloriam
3434 4032 3916 4102 resurrectionis,

2244 4125 2303 4178 et
2325 4121 2519 4195 priora
2549 4120 2834 4178 miracula
2865 4138 2993 4195 quae
3024 4120 3252 4178 fecit.Et
3272 4121 3424 4178 facta
3439 4122 3568 4195 ejus
3597 4121 3916 4179 intellexe-

2243 4214 2403 4283 runt,
2435 4209 2657 4267 scilicet
2685 4227 2813 4268 esse
2858 4211 3076 4279 divina,
3128 4210 3268 4284 quia
3312 4209 3456 4266 talia
3494 4209 3743 4283 implere
3787 4226 3912 4269 non

2242 4304 2468 4371 poterat
2490 4300 2752 4356 humana
2780 4298 3140 4373 fragilitas.H
3171 4299 3516 4373 Compuncti
3545 4300 3705 4356 enim
3729 4301 3913 4357 corde

2241 4387 3041 4458 intellexerunt,etintellecta
3053 4387 3185 4445 aliis
3199 4388 3568 4457 nuntiarunt,
3587 4389 3690 4462 qui
3713 4388 3909 4446 Deum

2238 4476 2508 4551 religiose
2535 4477 2883 4533 timuerunt.

473 4563 841 4622 lmmaculati
854 4563 1137 4620 dicuntur
1158 4565 1336 4620 etiam
1353 4564 1453 4637 qui
1471 4564 1653 4621 abluti
1687 4583 1723 4622 a
1750 4566 2005 4638 peccatis
2026 4566 2125 4623 Dei
2156 4587 2203 4651 D
2239 4567 2299 4622 11
2376 4568 2680 4624 Laetabitur
2697 4567 2881 4638 justus
2910 4568 2969 4623 in
3000 4568 3228 4625 Domino
3256 4576 3307 4625 et
3335 4566 3579 4642 sperabit
3604 4568 3667 4623 in
3695 4581 3761 4624 eo
3790 4585 3814 4623 :

471 4657 611 4711 sunt
639 4652 1169 4720 misericordia,sed
1196 4652 1758 4711 vereimmaculatus
1790 4654 1951 4712 solus
1967 4654 2123 4711 Chri-

470 4747 602 4802 stus
621 4742 852 4817 est,qui
883 4739 1112 4798 nullam
1143 4740 1439 4798 maculam
1472 4745 1778 4799 contraxit.

502 4836 532 4889 4
609 4833 801 4891 Subito
826 4830 1173 4903 sagittabunt
1191 4847 1317 4887 eum
1345 4835 1399 4887 et
1426 4847 1534 4887 non
1566 4832 1830 4888 timebunt
1862 4850 1875 4890 :

608 4925 997 4980 Firmaverunt
1020 4922 1131 4979 sibi
1155 4937 1456 4978 sermonem
1483 4938 1739 4993 nequam.
1855 4989 1859 4993 Α

540 5013 748 5069 Subito
778 5011 950 5085 quasi
979 5011 1152 5068 invisi
1182 5010 1270 5067 vel
1301 5028 1370 5068 ex
1397 5009 1734 5083 improviso.
1757 5011 1803 5068 H
1834 5011 1907 5069 Ut
1935 5013 2123 5070 Judaei

470 5100 899 5158 dementissimi
932 5105 1300 5173 putaverunt.
1330 5099 1492 5165 Quod
1522 5116 1656 5156 vero
1687 5100 1852 5171 dixit,
1888 5103 2127 5176 sagitta-

466 5188 617 5245 bunt
644 5190 704 5245 et
731 5205 848 5245 non
865 5189 1160 5245 timebunt
1190 5206 1204 5244 :
1229 5189 1484 5245 ostendit
1505 5189 1775 5263 maligna:
1806 5190 2125 5248 voluntatis

462 5276 722 5334 velocem
751 5279 1044 5334 eﬂ'ectum.
1079 5277 1483 5334 Firmaverunt
1509 5278 1642 5347 sibi,
1676 5280 1913 5351 quando
1961 5281 2124 5338 dixe-

465 5370 641 5423 runt:
676 5365 832 5423 Reus
866 5369 956 5422 est
1002 5365 1249 5434 mortis;
1283 5356 1403 5423 sive
1428 5385 1441 5423 :
1470 5368 1723 5441 Sanguis
1771 5370 1900 5441 ejus
1949 5388 2126 5443 super

465 5471 575 5513 nos
608 5458 669 5513 et
696 5470 877 5527 super
904 5452 1057 5511 ﬁlios
1087 5459 1323 5512 nostros
1354 5457 1561 5528 (Matth.
1594 5459 1791 5531 xxvn).

497 5545 539 5604 5
605 5545 989 5603 Narraverunt
1013 5549 1078 5600 ut
1098 5543 1485 5601 absconderem
1515 5547 1736 5621 laqueos
1765 5567 1786 5606 .·

604 5635 883 5701 Dixerunt
911 5651 928 5695 :
961 5632 1094 5710 Qui:
1121 5632 1329 5695 videbit
1351 5639 1477 5695 eos!

2374 4659 2451 4711 Et
2482 4656 2859 4711 laudabuntur
2886 4672 3068 4713 omnes
3094 4659 3235 4713 recti
3259 4656 3438 4714 corde.

2308 4745 2355 4800 H
2385 4744 2703 4801 Laetabitur
2742 4745 2965 4817 justus.
3001 4744 3165 4801 Sicut
3193 4746 3352 4802 enim
3407 4744 3629 4818 impius
3660 4749 3912 4818 propter

2234 4833 2638 4890 infidelitatem
2664 4851 2833 4892 suam
2846 4834 3232 4904 formidat,ita
3245 4836 3448 4908 justus
3469 4837 3711 4908 propter
3731 4849 3911 4907 spem

2234 4920 2574 4978 aeternitatis
2605 4940 2724 4979 sua:
2757 4922 3011 4979 exsultat
3057 4922 3118 4980 in
3149 4923 3418 4981 Domino.
3452 4922 3493 4979 C
3526 4921 3689 4979 Beati
3724 4922 3912 4978 corde

2233 5016 2374 5068 sunt
2403 5013 2502 5085 qui
2537 5029 2640 5086 per
2667 5013 2910 5069 semitas
2941 5013 3175 5069 Domini
3199 5011 3678 5087 gradiuntur,qui
3710 5015 3771 5067 et
3788 5009 3911 5067 Do-

2232 5100 2462 5157 minum
2510 5100 2773 5168 laudant,
2806 5106 2863 5168 et
2922 5100 2995 5158 ab
3055 5102 3185 5175 ipsa
3240 5102 3482 5160 veritate
3536 5098 3911 5156 laudantur?

2233 5190 2382 5257 Quid
2413 5190 2775 5247 laudabilius
2807 5207 2985 5263 quam
3018 5191 3091 5248 ab
3119 5191 3249 5266 ipso
3280 5191 3484 5249 audire
3518 5208 3531 5247 :
3563 5188 3916 5257 Venite,be-

2235 5278 2476 5349 nedicti,
2509 5284 2618 5336 etc.
2634 5279 2663 5336 ?

2698 5386 2902 5427 ORATIO
2948 5387 3017 5426 EX
3066 5387 3221 5427 PSAL.
3266 5382 3425 5428 ικιιι.

2302 5457 2511 5515 Tutela
2538 5457 2801 5514 omnium
2833 5458 3402 5528 credentium,Deus,
3434 5457 3664 5515 custodi
3697 5455 3910 5514 Ecclei

2232 5544 2378 5603 siam
2412 5552 2578 5603 tuam
2608 5565 2644 5603 a
2672 5552 2958 5604 conventu
2982 5548 3459 5622 malignantium,
3491 5546 3594 5619 qui
3630 5556 3761 5602 eam
3794 5561 3914 5602 οι)ὁ

2232 5635 2408 5697 cultis
2443 5636 2661 5713 jaculis
2696 5636 3046 5717 impugnare
3091 5638 3381 5712 nituntur,
3435 5641 3500 5697 ut
3561 5640 3616 5695 te
3670 5632 3915 5693 salubri
