4112 6176
175 321 292 384 241

1421 314 1838 376 EXPOSITIO
1881 307 2414 376 PSALMORUM.

3514 317 3630 382 2'42

171 461 454 529 rectoque
484 452 748 510 retinens
780 447 1108 515 intellectu,
1132 445 1438 520 justorum
1469 445 1857 520 meritisper-
1884 447 1942 518 Α
1971 449 2060 505 est
2090 444 2276 504 homo
2309 444 2406 504 ille
2436 463 2610 522 quem
2642 447 2932 510 inhabitat
2956 447 3256 526 plenitudo
3284 450 3634 526 divinitatis,

169 546 493 620 petualiter
520 541 986 600 collaatetunPer
1015 538 1338 595 Dominum
1364 541 1633 595 nostrum
1656 539 1861 594 Jesum

174 635 504 700 Christum,
540 637 650 687 etc.

737 717 1094 774 PSALMUM
1137 717 1325 772 LXIV.

627 807 1042 847 ARGUMENTUM
1086 806 1246 844 PSAL.
1289 804 1434 843 LXIV.

244 890 287 941 C
319 884 582 958 Populus
612 900 646 938 a
675 884 923 954 peccato
971 878 1280 944 liberatus,
1317 877 1642 932 orationem
1696 891 1863 931 suam

174 977 449 1053 postulat
478 971 1013 1043 exaudiri,diversa
1033 968 1241 1024 laudes
1264 966 1499 1022 Domini
1523 965 1866 1039 potentiam-

175 1085 300 1142 que
325 1064 668 1124 enuntians.

173 1160 378 1214 TT.In
410 1157 580 1226 ﬁnem
609 1147 1087 1226 psalmusDavid
1217 1145 1508 1226 canticum
1548 1154 1594 1226 ζ.
1625 1151 1678 1208 +
1706 1145 1863 1198 Jere-

241 1231 381 1283 mite
410 1215 467 1282 et
499 1215 824 1282 Ezechielis
857 1222 928 1276 de
957 1219 1159 1289 populi
1183 1215 1721 1288 transmigratione,
1735 1230 1866 1271 cum

251 1299 581 1369 inciperent
611 1294 913 1365 proﬁcisci
954 1297 1000 1356 ζ.

256 1390 298 1444 C
335 1392 401 1444 In
435 1389 616 1442 ﬁnem
649 1382 928 1457 psalmus
964 1379 1360 1447 David,verba
1381 1379 1507 1450 jam
1537 1379 1674 1431 nota
1705 1377 1864 1429 sunt.

185 1478 506 1534 Canticum
530 1474 830 1547 signiﬁcat
855 1469 1225 1544 prophetiam
1249 1465 1513 1522 Jcremite
1538 1469 1594 1520 et
1608 1463 1871 1520 Ezechie-

168 1570 268 1633 lis,
291 1567 398 1638 qui
421 1562 865 1638 prophetabant
898 1559 969 1614 de
987 1553 1750 1630 populotransmigrationis
1768 1553 1871 1607 Ba-

171 1656 458 1729 byloniae,
495 1670 597 1709 eos
625 1655 762 1724 post
788 1651 863 1704 70
896 1664 1084 1703 annos
1116 1646 1174 1700 in
1208 1645 1459 1716 patriam
1483 1659 1610 1698 esse
1648 1640 1864 1696 reditu-

170 1764 294 1801 ros.
318 1743 633 1818 Signiﬁcat
659 1738 922 1813 populus
952 1735 1183 1792 rediens
1208 1751 1241 1789 a
1264 1731 1581 1805 Babylonia
1606 1749 1617 1786 :
1644 1748 1742 1786 eos
1765 1730 1865 1801 qui

173 1833 389 1890 mundi
421 1832 608 1902 hujus
631 1827 984 1886 confusione
1005 1822 1384 1888 damnata,ad
1411 1819 1703 1876 caelestem
1730 1818 1857 1874 Hie-

173 1923 441 1980 rusalem
473 1919 677 1976 venire
708 1915 1094 1972 contendunt.

178 2016 204 2070 1
288 2019 370 2070 Te
403 2013 566 2068 decet
598 2013 874 2080 hymnus,
910 2005 1080 2074 Deus,
1113 2003 1174 2058 in
1201 2001 1346 2058 Sion
1379 2022 1396 2054 .-

284 2107 356 2158 Et
383 2101 492 2157 tibi
515 2099 802 2155 reddetur
829 2103 1024 2150 votnm
1069 2096 1124 2156 -j~
1148 2091 1207 2146 in
1237 2090 1603 2146 Hierusalem
1636 2105 1653 2141 :

250 2192 293 2247 C
325 2192 588 2247 Reversa
618 2186 790 2260 plebs
822 2183 896 2240 ad
928 2181 1251 2238 Dominum
1273 2181 1345 2235 de
1366 2177 1696 2250 captivitate
1727 2191 1860 2248 pec-

175 2281 314 2349 cati,
350 2280 410 2334 in
445 2293 730 2349 magnam
780 2270 1235 2330 exsultationem
1288 2269 1555 2341 prorupit
1601 2265 1801 2320 dicens
1845 2281 1858 2320 :

175 2372 384 2428 Dicere
404 2369 701 2441 hymnum
725 2361 921 2418 solum
935 2361 1267 2426 Deum,non
1282 2357 1615 2412 daemonum
1633 2354 1858 2420 turbas,

176 2477 283 2517 nec
319 2457 489 2524 alibi,
522 2454 638 2510 nisi
670 2453 732 2508 in
764 2452 924 2521 Sion,
960 2449 1005 2505 H
1056 2448 1114 2503 id
1168 2451 1280 2513 est,
1311 2445 1373 2500 in
1416 2444 1689 2500 Ecclesia.
1723 2444 1763 2499 C
1791 2444 1862 2498 Et

175 2549 427 2605 reddere
460 2549 729 2617 oportere
762 2544 965 2596 votum
1015 2537 1076 2591 in
1127 2534 1489 2591 Hierusalem
1539 2550 1656 2588 non
1710 2531 1860 2587 sicut

173 2640 246 2694 ab
281 2633 634 2692 inﬁdelibus
666 2634 801 2686 vota
832 2628 1162 2684 redduntur
1182 2624 1351 2680 Marti
1383 2628 1439 2678 et
1461 2621 1858 2686 Veneri,czete-

169 2728 384 2800 risque
415 2720 810 2786 daemonibus,
846 2717 947 2772 sed
979 2717 1098 2772 Deo
1131 2713 1237 2770 soli
1272 2713 1331 2768 in
1379 2711 1762 2777 Hierusalem,
1797 2711 1854 2765 id

168 2798 296 2883 est;
318 2814 381 2869 in
409 2811 634 2867 visione
666 2805 914 2881 pacis,in
946 2821 1065 2876 qua
1096 2808 1296 2858 manet
1328 2818 1555 2873 semper
1585 2801 1700 2855 ﬁxa
1731 2798 1856 2854 feli-

169 2893 395 2962 licitas.

166 3001 204 3052 2
280 2990 524 3050 E-Jzaudi
551 2987 879 3044 orationem
907 2999 1102 3039 meam
1136 3000 1154 3036 :

283 3066 375 3122 Ad
406 3074 466 3119 te
491 3061 682 3118 ontnis
709 3073 851 3114 caro
881 3056 1090 3112 veniet.

242 3160 288 3211 C
317 3159 454 3227 Ipse
503 3149 760 3225 populus
792 3146 892 3220 qui
938 3144 1105 3219 prius
1137 3141 1381 3208 dixerat,
1413 3143 1470 3196 te
1495 3140 1660 3194 decet
1687 3138 1854 3211 hym-

175 3264 298 3302 nus
316 3264 329 3299 :
346 3259 507 3298 nunc
528 3242 602 3296 ad
625 3237 940 3295 Dominum
975 3232 1259 3308 hymnica
1287 3228 1709 3301 supplicatione
1730 3244 1858 3299 pro-

177 3335 408 3391 clamat
438 3331 640 3386 dicens
672 3346 684 3383 :
717 3325 939 3383 Exaudi
971 3323 1301 3379 orationem
1333 3334 1544 3383 meam,
1577 3321 1858 3389 rogatque

178 3426 297 3480 hoc
331 3428 400 3477 ut
429 3421 480 3476 ei
513 3419 873 3492 parceret,ne
906 3415 968 3468 in
1000 3414 1204 3468 futuro
1237 3426 1298 3465 se
1329 3406 1705 3463 damnaret.H
1729 3406 1859 3461 Om-

183 3513 296 3568 nis
329 3525 490 3575 caro,
523 3524 590 3563 ac
639 3505 687 3562 si
735 3505 993 3560 diceret:
1026 3501 1116 3556 Ad
1167 3501 1222 3554 te
1274 3498 1638 3553 convertatur
1667 3495 1859 3550 omnis

183 3602 442 3657 homo.C
468 3595 574 3652 Vel
605 3594 797 3651 omnis
827 3593 1006 3649 homo
1039 3590 1121 3646 ad
1147 3593 1202 3644 te
1234 3588 1292 3642 in
1319 3585 1615 3658 judicium
1645 3583 1855 3651 veniet,

185 3689 489 3761 recipiens
521 3689 692 3758 prout
719 3682 904 3758 gessit
927 3682 1006 3750 (II
1033 3680 1158 3736 Cor.
1189 3677 1265 3750 v),
1298 3676 1428 3731 ideo
1459 3691 1619 3747 rogo,
1652 3678 1717 3728 ut
1764 3672 1858 3728 hic

181 3795 403 3853 parcas
436 3793 448 3830 :
476 3773 790 3830 exaudiens
821 3771 1150 3828 orationem
1181 3782 1394 3822 meam.

177 3872 215 3926 3
299 3867 497 3925 Verba
526 3865 854 3935 iniquorum
882 3859 1324 3930 praevaluerunt
1353 3869 1534 3924 super
1561 3869 1663 3908 nos
1695 3870 1714 3906 :

291 3963 368 4014 Et
401 3953 798 4023 impietatibus
827 3949 1049 4006 nostris
1074 3957 1138 4003 tu
1167 3943 1600 4016 propitiaberis.

257 4051 297 4100 C
329 4041 775 4101 Praevalue‘runt
802 4041 981 4096 verba
1003 4037 1343 4108 iniquorum
1361 4051 1373 4088 :
1391 4033 1625 4104 quando
1648 4031 1858 4104 pagani

183 4140 475 4211 parentes
509 4133 926 4203 persuaserunt
957 4126 1100 4186 {iliis
1131 4123 1278 4188 suis,
1312 4127 1379 4178 ut
1407 4121 1680 4192 antiquos
1711 4120 1861 4176 ritus

186 4210 243 4282 et
273 4221 598 4292 sacrilegia
627 4219 897 4276 colerent.
933 4217 1048 4273 Sed
1101 4215 1198 4270 his
1230 4211 1527 4269 erroribus
1556 4210 1741 4282 pietas
1773 4211 1859 4265 di-

189 4315 328 4370 vina
364 4308 665 4377 subvenit,
689 4307 921 4380 quando
943 4305 1198 4362 salutem
1231 4301 1453 4358 mundo
1483 4300 1733 4355 adventu
1757 4300 1865 4355 Do-

190 4402 345 4459 m’ini
381 4397 656 4466 indulsit,
685 4401 741 4454 et
768 4413 899 4452 eum
931 4395 991 4451 in
1024 4409 1197 4449 cruce
1229 4391 1483 4447 hostiam
1533 4389 1670 4444 fecit
1715 4405 1727 4444 :
1762 4406 1864 4460 per

194 4507 390 4565 quam
425 4487 717 4543 mundum
748 4486 858 4542 sibi
891 4481 1286 4540 reconciliavit
1316 4483 1541 4553 (Ephes.
1569 4478 1646 4550 v).

191 4584 223 4638 li
304 4585 536 4636 Beatus
565 4591 730 4649 quem
753 4574 976 4646 elegisti
1005 4580 1062 4628 et
1090 4569 1456 4640 assumpsisti
1481 4587 1500 4624 :

307 4665 672 4724 lnhabltabit
700 4664 760 4718 in
784 4663 958 4718 atriis
979 4661 1111 4717 tuis.

267 4762 314 4812 C
347 4757 569 4812 Beatus
601 4757 688 4808 est
718 4769 889 4824 quem
919 4749 1204 4807 Dominus
1232 4748 1426 4822 elegit,
1459 4761 1564 4803 nec
1593 4763 1719 4802 eam
1753 4745 1864 4802 ele-

192 4850 464 4905 ctionem
498 4843 625 4899 suis
653 4842 880 4898 meritis
916 4841 1144 4896 tribuit.
1175 4837 1414 4893 Assumi
1460 4854 1592 4893 vero
1641 4840 1729 4892 est
1762 4854 1774 4890 :
1808 4835 1866 4889 in

199 4943 430 4994 aeterna
480 4931 680 5004 requie
727 4929 1015 4987 collocari.
1067 4929 1114 4984 H
1162 4929 1312 5000 Ergo
1371 4926 1468 4999 qui
1519 4943 1580 4982 se
1625 4926 1868 4998 dignum

202 5024 424 5082 Christi
461 5021 742 5078 electione
772 5015 1564 5092 praebuerit,inhabitat-cum
1593 5013 1873 5087 aposwlis

203 5112 436 5172 sanctis
467 5112 527 5166 in
559 5106 951 5165 tabernaculis
982 5105 1372 5178 sempiternis.

204 5206 243 5259 5
316 5200 698 5269 Replebimur
725 5199 784 5254 in
815 5197 973 5254 bonis
1003 5196 1207 5251 domus
1237 5204 1349 5269 tua:
1381 5213 1398 5269 ;

314 5266 606 5330 Sanctum
631 5275 715 5326 est
747 5270 1022 5339 templum
1045 5277 1208 5323 tuum
1222 5267 1490 5322 mirabile
1507 5267 1566 5322 in
1589 5266 1872 5337 (equitate.

282 5368 324 5418 C
371 5359 775 5432 Replebimur,
821 5358 988 5431 quasi
1038 5358 1110 5413 ad
1159 5373 1500 5413 mensuram
1556 5359 1816 5412 nostram
1860 5373 1873 5411 :

212 5455 510 5523 quantum
545 5464 868 5520 possumus
897 5462 1102 5518 capere
1136 5462 1148 5500 :
1184 5445 1609 5517 potabimur,ut
1641 5445 1876 5516 Paulus,

213 5539 541 5610 unicuique
576 5538 713 5593 data
739 5541 829 5593 est
859 5535 1046 5608 gratia
1072 5535 1395 5590 secundum
1422 5551 1761 5591 mensuram
1784 5535 1884 5590 do-

216 5630 479 5687 nationis
508 5626 724 5685 Ghristi
754 5627 924 5699 (Rom.
959 5623 1085 5696 xu).
1120 5625 1165 5681 H
1216 5629 1490 5682 Sanctum
1545 5623 1830 5696 templum
1865 5641 1877 5678 :

1973 538 2194 610 (Ephes.
2229 537 2329 609 IV).
2362 542 2401 592 C
2432 540 2593 606 Quod
2627 540 2774 598 dixit
2807 558 2819 598 :
2855 541 3145 612 mirabile,
3172 544 3244 603 ad
3292 543 3635 617 praedictum

1971 625 2168 682 virum
2203 627 2570 701 respicit,qui
2591 629 2650 684 in
2674 631 2945 702 aequitate
2966 633 3342 704 judicaturus
3362 638 3452 691 est
3471 653 3642 692 mun-

1975 716 2199 770 dum.H
2224 715 2327 771 Vel
2352 718 2490 788 quia
2511 718 2856 776 mirabiliter
2878 721 3177 780 veritatem
3200 722 3516 782 incredulis
3538 726 3639 782 Ju-

1975 804 2120 860 daeis
2147 805 2400 875 aperuit.
2434 809 2474 862 Ο
2501 808 2697 864 Potest
2727 808 2903 864 etiam
2952 809 3208 868 Ecclesia
3256 811 3504 885 intelligi
3542 829 3645 886 per

1977 893 2216 949 Domini
2255 895 2706 969 templum,quas
2737 901 2827 952 est
2855 898 3142 955 mirabilis
3173 899 3232 954 in
3265 901 3506 968 sanctis,
3541 899 3644 973 qui

1975 980 2278 1054 aequitatis
2306 982 2626 1041 virtutibus
2655 985 3114 1045 inscrutahiliter
3143 990 3282 1047 sunt
3310 989 3558 1060 praediti.

1975 1073 2010 1127 6
2088 1073 2323 1128 Exaudi
2346 1090 2465 1140 nos,
2502 1077 2672 1142 Deus,
2703 1077 2980 1134 salutaris
3009 1086 3204 1134 noster
3235 1092 3248 1132 :

2081 1165 2231 1230 Spes
2260 1164 2518 1220 omnium
2541 1165 2743 1235 ﬁnium
2773 1174 2968 1223 terrae.
3000 1168 3068 1224 El
3097 1168 3157 1225 in
3186 1168 3344 1223 mari
3373 1169 3557 1238 longe.

2049 1254 2088 1304 C
2119 1251 2412 1308 Salutaris
2446 1257 2643 1309 noster
2671 1255 2885 1311 dicitur
2911 1256 3087 1326 Deus,
3119 1255 3217 1329 qui
3246 1255 3510 1312 humano
3539 1265 3644 1322 ge-

1980 1340 2104 1396 neri
2140 1358 2254 1398 sua
2284 1342 2498 1414 pietate
2527 1344 2778 1401 salutem
2810 1347 3233 1421 contulitzspes
3263 1346 3423 1404 enim
3442 1337 3645 1401 Domi-

1979 1429 2035 1484 ni
2053 1447 2172 1485 non
2187 1430 2625 1498 estlocalis,nec
2638 1435 2812 1490 unius
2825 1436 3139 1508 gentis,sed
3153 1435 3424 1491 omnium
3436 1429 3650 1490 ﬁnium

1979 1521 2167 1575 terrai.
2203 1521 2276 1575 Et
2300 1521 2362 1577 in
2391 1523 2539 1578 mari
2588 1521 2780 1596 longe,
2831 1524 2951 1582 sive
2999 1527 3072 1582 ad
3121 1523 3354 1581 insulas
3383 1515 3658 1591 respicit,

1979 1624 2054 1679 qu
2063 1625 2128 1663 as
2162 1609 2384 1666 ﬁnibus
2413 1612 2708 1683 pradictis
2724 1613 3031 1671 videbatur
3048 1632 3167 1672 non
3184 1609 3666 1677 inelusisse,sive

1979 1697 2050 1750 ad
2083 1697 2271 1754 totius
2301 1699 2498 1755 saeculi
2529 1700 2970 1765 habitationem.
3005 1721 3134 1777 quae
3194 1717 3368 1758 mare
3412 1700 3672 1782 longum

1888 1818 1935 1883 Β
1978 1784 2385 1883 vel-magnum
2413 1793 2569 1883 recte
2594 1790 2828 1857 dicitur,
2859 1793 2999 1864 quia
3040 1791 3326 1850 mundus
3353 1791 3476 1855 iste
3509 1798 3683 1868 falsi.

1973 1874 2205 2020 :atSilLu:
2237 1877 2544 1936 diaboliois
2574 1883 2631 1935 et
2651 1880 2930 1938 ﬂuctibus
2950 1882 3511 1956 perturbationum
3539 1917 3690 1968 ama.

2005 1981 2042 2018 u
2145 1982 2174 2019 s
2209 2007 2222 2019 .

2145 1982 2222 2019 ει.

1971 2052 2007 2105 7
2082 2058 2438 2200 Prfpprans
2467 2067 2687 2116 montes
2715 2060 2776 2116 in
2802 2061 3017 2120 virtnte
3063 2071 3192 2120 tua
3253 2075 3555 2148 αδείηειω
3577 2111 3684 2166 ρο,

2179 2160 2249 2200 en
2281 2162 2338 2200 ia
2359 2163 2377 2199 :

2179 2160 2338 2200 entia
2359 2163 2377 2199 .'

2077 2233 2520 2336 Quiconturbas
2540 2239 2894 2310 profundum
2913 2241 3357 2313 maris,sonum
3383 2259 3675 2332 ﬂuctuum

2150 2340 2299 2394 ejus.
2360 2358 2369 2369 -

2042 2410 2455 2509 (lPraaparans
2504 2420 2773 2509 montes,
2805 2418 3003 2509 idest
3057 2429 3391 2500 apostolos,
3427 2441 3530 2509 qui
3582 2449 3658 2503 ad

1967 2498 2679 2598 verbumpreedicationis
2727 2507 2910 2598 electi,
2936 2515 3077 2566 sunt
3111 2527 3124 2565 :
3159 2511 3270 2570 hos
3300 2498 3657 2593 praeparavit

1967 2592 2277 2686 in_virtu_te
2319 2609 2429 2648 sua
2480 2594 2779 2662 Dominus,
2814 2597 2956 2668 quia
2985 2617 3090 2672 per
3118 2616 3220 2658 eos
3246 2604 3384 2662 fecit
3424 2592 3647 2686 magna

1968 2679 2300 2775 miracula.-
2346 2682 2674 2775 Accinctus,
2743 2685 2804 2741 id
2861 2691 2970 2756 est,
3031 2688 3300 2754 indutus,
3352 2679 3618 2766 potentia

1968 2763 2024 2818 id
2059 2769 2152 2821 est
2183 2769 2488 2840 majestate
2519 2747 2967 2833 suasTurbavit'
3003 2794 3108 2850 per
3153 2747 3638 2850 prtedidationen-i

1967 2855 2368 2925 apostolorum
2411 2861 2771 2931 profundum
2822 2865 3026 2933 maris,
3059 2866 3119 2922 id
3170 2872 3264 2924 est
3315 2873 3630 2942 gentilium

1966 2944 2162 3042 corda,
2197 2946 2298 3042 qui
2331 2947 2527 3042 saeculi
2559 2949 2739 3042 hujus
2769 2951 2956 3042 (quod
3011 2969 3173 3042 mare
3222 2955 3458 3027 dicitur)
3488 2973 3621 3032 pro-

1965 3030 2229 3089 funditas
2259 3035 2283 3088 Γ
2281 3037 2657 3109 uerunt,quia
2679 3039 3030 3110 profundius
3052 3041 3111 3098 in
3133 3059 3357 3101 errores
3377 3030 3622 3106 dimersi

1965 3119 2222 3179 fuerunt.
2255 3124 2458 3181 Merito
2509 3128 2680 3184 corde
2726 3129 2946 3186 turbati
2998 3126 3157 3200 sunt,
3195 3135 3431 3204 quando
3481 3137 3621 3194 deos

1889 3191 1930 3258 C
1962 3225 2101 3266 suos
2132 3212 2486 3270 conticuisse
2528 3221 2850 3273 cernerent.
2883 3222 3071 3276 Sonus
3121 3191 3345 3291 eorum,
3400 3223 3461 3280 id
3508 3191 3621 3292 est,

1967 3298 2124 3354 dicta
2149 3302 2410 3359 crudelia
2433 3309 3032 3380 persecutorum,quc's
3054 3309 3292 3366 fuerunt
3311 3328 3496 3370 sonus
3514 3315 3624 3370 ﬂu-

1968 3389 2253 3455 ctuum,id
2288 3396 2376 3455 est
2406 3395 2882 3465 persecutionum
2913 3398 3116 3468 maris,
3148 3399 3206 3455 id
3256 3404 3346 3457 est
3393 3403 3623 3473 mundi,

1968 3481 2017 3620 :1
2049 3476 2148 3620 V;el
2180 3481 2536 3551 profundum
2570 3483 2749 3539 maris
2796 3489 2887 3540 est
2929 3487 3222 3558 profunda
3268 3489 3465 3546 saeculi
3498 3492 3624 3564 jac-

1996 3583 2068 3620 an
2101 3584 2175 3621 1a.

3669 3616 3685 3646 ι

1967 3656 2002 3709 8
2079 3659 2491 3718 Turbabuntur
2521 3669 2715 3731 gentes
2741 3671 2799 3720 et
2817 3663 3101 3722 timebunt
3119 3666 3218 3739 qui
3235 3665 3496 3726 habitant
3517 3677 3628 3726 ter-

2145 3749 2330 3803 minos
2355 3766 2392 3804 a
2414 3749 2592 3820 signis
2623 3755 2736 3807 tuis
2767 3770 2785 3806 :

2093 3837 2299 3893 Exitus
2330 3839 2603 3895 matutini
2632 3849 2688 3894 et
2718 3856 2950 3910 vespere
2977 3841 3305 3902 delectabis.

2040 3931 2079 3984 C
2104 3928 2373 3984 Turbata
2405 3932 2543 3984 sunt
2573 3930 3036 4000 gentes,quando
3066 3932 3445 3990 ﬁdelissimos
3475 3933 3628 3992 vids-

1969 4020 2111 4076 bant
2140 4023 2197 4074 et
2224 4018 2386 4073 vivos
2415 4017 2658 4072 virtutes
2689 4017 2963 4085 facere,et
2993 4024 3257 4077 mortuos
3287 4021 3625 4094 supplican-

1970 4111 2117 4165 tium
2148 4111 2282 4163 vota
2310 4105 2948 4178 complere.Timebunt
2976 4124 3182 4165 omnes
3212 4127 3246 4165 a
3275 4109 3464 4183 signis
3480 4111 3622 4168 tuis.

1969 4199 2015 4253 H
2049 4198 2110 4253 Id
2155 4199 2243 4252 est
2273 4212 2306 4251 a
2335 4194 2548 4250 virtute
2596 4194 2788 4249 crucis
2837 4211 2964 4265 quae
3011 4194 3330 4254 incredulis
3374 4197 3627 4256 stultitia

1971 4292 2114 4342 erat.
2139 4290 2178 4340 C
2207 4284 2336 4340 Sive
2366 4301 2400 4338 a
2429 4281 2699 4355 signis,id
2734 4286 2822 4338 est
2851 4283 3153 4340 miraculis
3182 4286 3582 4359 apostolorum
3609 4306 3623 4345 :

1975 4393 2103 4449 qua;
2137 4373 2301 4447 prius
2334 4387 2638 4443 nunquam
2664 4369 2751 4426 vel
2774 4371 3045 4428 viderunt
3062 4373 3151 4430 vel
3183 4375 3628 4433 audierunt.Ex-

1975 4467 2093 4522 itus
2125 4461 2398 4519 matutini
2428 4463 2534 4525 est,
2569 4460 2804 4531 quando
2837 4461 2970 4533 quis
2999 4477 3070 4517 ex
3100 4462 3372 4522 felicitate
3419 4467 3624 4524 mundi

1898 4571 1956 4635 Di
1975 4556 2046 4610 ad
2079 4553 2264 4610 Deum
2297 4547 2917 4622 convertiturzvespere
2938 4549 3233 4624 signiﬁcat
3255 4555 3630 4612 maerentium

1973 4642 2296 4710 tristitiam,
2329 4655 2508 4712 quam
2538 4635 2711 4695 vertit
2763 4638 2821 4694 in
2865 4639 3147 4712 gaudium
3196 4641 3374 4700 Deus.
3410 4644 3454 4699 Η
3498 4643 3630 4701 Per-

1978 4747 2150 4787 mane
2184 4747 2196 4784 :
2229 4728 2449 4794 laetitia,
2485 4743 2587 4800 per
2627 4743 2932 4800 vesperam
2981 4727 3222 4786 tristitia
3263 4730 3630 4804 intelligitur.

1980 4823 2026 4874 Α
2052 4819 2308 4875 Delectat
2339 4816 2537 4890 igitur.
2571 4817 2630 4872 id
2664 4820 2772 4872 est.
2806 4816 3176 4874 delectabiles
3211 4817 3349 4874 facit
3378 4835 3549 4876 mane
3577 4823 3636 4876 et

1980 4924 2301 4980 vesperam,
2345 4907 2488 4960 dum
2545 4913 2601 4960 et
2633 4921 2707 4960 ea:
2736 4903 3121 4976 prosperitate
3171 4908 3231 4962 et
3285 4906 3634 4965 adversitate

1983 5000 2216 5055 sanctos
2247 4993 2520 5065 acquirit.

1981 5087 2017 5142 9
2094 5083 2357 5143 Visitasti
2386 5091 2609 5138 terram
2638 5091 2694 5138 et
2717 5081 3019 5138 inebriasti
3049 5099 3176 5140 eam
3206 5101 3226 5141 :

2090 5172 2486 5244 Multiplicasti
2516 5173 2868 5242 locupletare
2894 5188 3042 5229 eam.

2029 5257 2102 5323 Ἠ
2132 5262 2397 5319 Visitavit
2445 5265 2659 5316 terram
2695 5276 2708 5316 :
2744 5263 3100 5319 assumenda
3144 5262 3406 5335 corporis
3452 5270 3636 5323 mate-

1987 5355 2155 5421 riam,
2190 5353 2242 5408 ei
2271 5351 2580 5408 inebriavit
2609 5367 2738 5406 eam
2771 5367 2886 5408 non
2918 5351 3050 5407 vino
3081 5350 3454 5424 luxurite,sed
3477 5355 3638 5412 infu-

1989 5445 2149 5501 sione
2179 5441 2363 5498 sancti
2421 5439 2687 5512 Spiritus.
2735 5439 3130 5513 Locupletavit
3183 5459 3314 5500 eam
3365 5460 3378 5501 :
3429 5445 3638 5517 opibus

1990 5534 2349 5589 diversarum
2371 5529 2760 5603 gratiarum.C
2791 5530 3073 5603 Locuples
3094 5530 3309 5589 dicitur
3327 5533 3454 5591 loca
3473 5532 3641 5606 plura

1992 5627 2216 5679 tenens.
