4054 6168
182 340 287 402 240

1399 335 1496 397 EX
1511 333 1822 398 POSITIO
1870 334 2382 434 PSAL‘MORUM.

3466 334 3612 400 23οτ

178 488 393 547 semper
412 466 768 546 apponitur.
791 466 1101 551 Signiﬁcat
1140 465 1298 527 enim
1328 484 1526 527 rerum
1556 474 1731 543 caput
1759 471 1816 527 et
1842 468 1899 537 Α
1930 468 2001 528 de
2030 482 2145 544 quo
2175 473 2238 529 et
2267 468 2404 528 alibi
2435 467 2668 545 legitur,
2697 468 2920 546 pupillo
2951 472 3008 528 et
3034 470 3227 528 vidum
3253 470 3460 529 tueris
3489 472 3590 529 ad-

184 562 438 621 aternale
466 560 854 636 paincipium,
878 561 1032 617 sicut
1052 560 1181 633 ipse
1208 558 1354 616 dixit
1381 560 1440 615 in
1469 558 1776 633 Evangelio
1804 577 1817 615 :

179 656 317 726 Ergo
373 650 730 724 principium
775 651 1123 720 (Ioanuvm).
1169 650 1215 705 H
1271 650 1561 713 Psalmus,
1612 665 1821 722 opera;

174 741 449 798 canticum
480 738 948 813 intelligentiam
996 738 1211 794 mentis
1259 738 1570 810 significat.
1594 742 1634 793 Ο
1664 738 1823 794 Psal-

171 844 293 884 mus
318 831 517 883 autem
549 826 770 882 cantici
801 830 892 881 est
914 830 1004 897 (ut
1025 827 1152 898 jam
1180 826 1402 881 dictum
1434 831 1567 898 est),
1591 828 1691 900 qui
1724 826 1828 881 hu-

183 932 344 972 mana
370 919 603 971 tantum
633 914 785 971 solet
812 931 948 970 voce
978 914 1225 970 cantari.

213 1008 238 1061 1
306 1004 577 1076 Exsurgat
605 1009 749 1061 Deus
776 1012 829 1061 et
853 1004 1189 1076 dissipentur
1225 1005 1446 1060 inimici
1473 1005 1590 1078 ejus
1619 1024 1639 1062 :

304 1096 369 1150 Et
392 1095 617 1165 fugiant
645 1094 744 1166 qui
771 1094 1004 1149 oderunt
1033 1109 1158 1148 eum
1190 1110 1225 1148 α
1253 1094 1397 1164 facie
1424 1094 1561 1165 ejus.

250 1185 292 1238 A
316 1183 469 1240 Petit
496 1182 787 1255 Propheta
825 1182 1311 1238 resurrectionem
1354 1182 1588 1249 Christi,
1621 1182 1681 1238 in
1713 1200 1831 1256 qua

180 1272 595 1344 dissiparentur
641 1271 982 1337 adversarii,
1038 1270 1259 1327 scilicet
1304 1271 1511 1327 Judaei.
1554 1273 1833 1345 Sequitur

172 1360 584 1417 inaestimabilis
615 1378 788 1434 paena
827 1360 1277 1432 maledictionis,
1318 1364 1382 1416 ut
1422 1362 1493 1416 ab
1524 1362 1654 1433 ejus
1683 1362 1830 1418 facie

173 1450 400 1523 fugiant,
425 1450 601 1522 cujus
630 1451 851 1522 ubique
872 1455 1252 1506 constetesse
1289 1443 1832 1522 pmnitentiamﬂui

172 1539 401 1595 oderunt
428 1555 590 1607 eum,
622 1556 723 1595 eos
775 1539 1072 1611 signiﬁcat
1100 1539 1201 1612 qui
1252 1537 1314 1594 in
1368 1556 1478 1595 sua
1512 1539 1836 1613 pertinacia

188 1629 585 1684 constiterant.

217 1721 250 1773 2
312 1718 473 1773 Sicut
498 1717 683 1787 deﬁcit
705 1719 897 1790 fumus
927 1717 1184 1791 deﬁciant
1212 1736 1233 1774 :

301 1806 457 1863 Sicut
480 1808 612 1877 ﬂuit
638 1823 763 1863 cera
802 1826 838 1863 a
859 1809 1004 1879 facie
1032 1810 1181 1879 ignis
1207 1810 1287 1864 sic
1309 1818 1539 1880 pereant
1579 1816 1824 1882 peccato-

312 1912 399 1951 res
427 1912 464 1951 a
491 1897 637 1967 facie
665 1897 787 1953 Dei.

234 1986 272 2041 Β
296 1985 521 2042 Fumus
552 1989 643 2042 est
670 2002 741 2041 ex
768 1985 1010 2042 ﬂamma
1052 2003 1301 2061 surgens
1345 1988 1710 2061 corruptibili
1742 1993 1826 2045 te-

193 2076 430 2131 nebrosa
457 2074 850 2147 conglobatio,
890 2091 1018 2147 quae
1052 2080 1342 2149 quantum
1374 2077 1509 2150 plus
1538 2077 1833 2136 extollitur

174 2168 384 2219 tantum
403 2162 703 2237 perinane
737 2168 1045 2220 tenuatur:
1062 2164 1145 2221 sic
1168 2170 1500 2238 peccatores
1523 2167 1831 2239 producun

173 2252 467 2309 fumiferas
487 2253 772 2320 actiones,
790 2269 918 2325 quae
950 2254 1085 2310 licet
1106 2254 1180 2310 ad
1204 2254 1411 2311 altiora
1437 2257 1713 2328 superbia
1744 2258 1833 2313 fa—

176 2342 350 2398 ciente
372 2345 760 2415 consurgant,
781 2358 1021 2399 necesse
1042 2347 1132 2399 est
1152 2347 1219 2398 ut
1248 2344 1308 2399 in
1334 2361 1444 2400 sua
1473 2345 1721 2402 elatione
1739 2347 1836 2403 de-

177 2431 379 2488 ﬁciant.
402 2431 503 2488 Sic
540 2431 719 2486 etiam
752 2431 812 2486 in
833 2432 1063 2503 judicio
1093 2433 1415 2504 depereunt
1444 2438 1774 2505 peccatores
1803 2453 1839 2491 a

176 2521 309 2576 faeie
339 2521 495 2592 ejus,
525 2521 1031 2592 quemadmodum
1054 2537 1184 2576 cera
1209 2539 1244 2577 a
1270 2521 1415 2578 facie
1445 2523 1600 2595 ignis
1628 2541 1840 2582 consu-

182 2610 369 2665 mitur.
394 2609 532 2665 Non
564 2609 706 2665 dicit
745 2614 940 2665 autem
972 2627 1074 2667 eos
1101 2610 1369 2667 consumi
1399 2628 1571 2683 posse
1600 2614 1840 2689 penitus

177 2699 268 2770 qui
304 2703 593 2771 perpetuo
632 2697 767 2772 igne
816 2699 1127 2771 torquendi
1177 2704 1334 2767 sunt,
1363 2701 1463 2756 sed
1496 2717 1530 2756 a
1562 2701 1706 2757 facie
1736 2701 1840 2758 Dei

180 2787 484 2844 tollendos.
507 2788 557 2843 Η
578 2788 721 2844 Cera
743 2788 922 2855 enim,
946 2786 1082 2844 licet
1113 2790 1184 2844 ab
1214 2789 1347 2862 igne
1371 2789 1651 2857 solvatur,
1676 2796 1864 2846 natu-1

179 2893 294 2932 ram
327 2893 449 2933 non
483 2875 694 2950 perdit,
719 2876 803 2933 ita
830 2882 1164 2948 peccatores
1195 2877 1541 2934 mollescant
1561 2896 1595 2934 a
1621 2879 1841 2952 peccati

178 2965 384 3022 duritia
413 2969 473 3022 et
496 2966 828 3037 poenitentia
866 2966 1073 3034 ﬂuant,
1105 2971 1170 3023 ut
1199 2965 1517 3023 salventur.

203 3055 234 3110 3
300 3057 369 3111 Et
406 3056 554 3127 justi
580 3056 871 3128 eputentur
900 3060 951 3111 et
975 3057 1251 3112 exsultent
1280 3058 1343 3111 in
1374 3066 1660 3129 conspectu
1695 3061 1801 3115 Dei
1821 3098 1841 3136 ε

302 3145 373 3201 Et
402 3144 746 3201 delectentur
770 3146 833 3200 in
864 3145 1084 3202 laetitia.

1923 563 2090 634 jutor
2103 562 2293 634 ‘(PsaL
2326 565 2427 631 lx).

1967 652 2003 706 6
2072 655 2219 707 Deus
2250 652 2310 707 in
2342 653 2453 707 loco
2481 659 2670 707 sancto
2697 666 2814 707 suo.

2072 741 2224 797 Deus
2242 739 2559 796 inhabitare
2586 742 2720 812 facit
2751 742 2917 796 unius
2941 742 3112 797 moris
3141 741 3199 795 in
3229 740 3408 797 domo.

2006 831 2045 882 C
2074 829 2226 884 Deus
2257 828 2315 883 in
2349 828 2475 884 loco
2520 834 2721 885 sancto
2773 846 2899 896 suo,
2951 829 3426 886 subaudiendum
3476 836 3583 898 est,

1936 916 2037 988 qui
2064 916 2496 973 immutabilem
2530 921 2721 974 servat
2745 916 3114 986 sententiam,
3140 921 3206 972 ut
3234 922 3474 975 sanctus
3495 920 3588 975 fir-

1938 1022 2073 1062 mus
2102 1006 2350 1075 dicatur,
2376 1006 2476 1078 qui
2522 1010 2709 1062 mutat
2738 1011 3023 1079 tempora,
3058 1023 3173 1062 non
3218 1011 3410 1062 mutat
3450 1023 3586 1064 con-

1938 1093 2089 1150 silia.
2114 1095 2159 1150 il
2189 1094 2291 1151 Vel
2327 1100 2476 1151 Deus
2513 1094 2573 1149 in
2620 1093 2746 1151 loco
2777 1098 2978 1151 sancto
3008 1111 3135 1161 suo,
3167 1094 3223 1149 id
3257 1099 3346 1151 est
3392 1097 3590 1152 anima

1939 1183 2115 1253 fideli,
2140 1183 2475 1256 ubicunque
2507 1184 2663 1239 enim
2713 1183 2998 1240 sanctitas
3026 1188 3133 1251 est,
3156 1183 3238 1240 ibi
3282 1184 3587 1241 habitacu-

1939 1271 2062 1328 lum
2097 1271 2193 1329 Dei
2240 1276 2348 1328 est.
2373 1271 2479 1337 Qui
2530 1270 2860 1328 inhabitare
2918 1272 3058 1327 facit
3111 1272 3172 1327 in
3217 1272 3493 1341 Ecclesia,
3529 1273 3589 1328 in

1942 1377 2058 1435 qua
2088 1361 2334 1417 fideliter
2359 1360 2840 1429 consistentibus,
2866 1359 3138 1432 spiritum
3169 1359 3473 1418 charitatis
3506 1362 3594 1420 in-

1942 1450 2153 1520 fundit,
2186 1451 2287 1523 qui
2328 1450 2506 1506 unius
2554 1449 2736 1505 moris
2794 1452 2952 1515 sunt,
2985 1451 3042 1504 et
3098 1465 3213 1504 non
3266 1454 3621 1520 mutantur,'

1943 1540 2246 1613 Siquidem
2270 1541 2475 1612 justus
2497 1556 2612 1595 non
2639 1541 2924 1597 mutatur.
2947 1537 3088 1609 quia
3107 1537 3287 1593 semel
3310 1538 3597 1610 judicavit

1943 1627 2003 1684 in
2027 1628 2263 1700 justitia
2287 1646 2397 1685 sua
2420 1643 2782 1700 permanere.
2806 1627 2870 1683 In
2891 1625 3130 1682 Hebraeo
3154 1641 3288 1681 vero
3307 1625 3592 1684 habetur:

1945 1717 2231 1773 Dominus
2262 1716 2589 1772 inhabitare
2633 1715 2772 1771 facit
2814 1714 3135 1770 monachos
3166 1714 3243 1787 (id
3276 1717 3367 1771 est
3396 1714 3596 1771 solita-

1946 1806 2085 1873 rios,
2119 1806 2241 1879 qui,
2275 1804 2498 1862 scilicet
2526 1803 2654 1869 soli,
2689 1803 2978 1877 segregati
3007 1807 3149 1860 sunt
3176 1821 3212 1860 a
3238 1803 3418 1871 vitiis,
3450 1809 3509 1861 et
3538 1804 3597 1860 in

1939 1895 2158 1969 quibus
2188 1911 2303 1951 non
2343 1893 2570 1950 habitat
2610 1893 2936 1966 peccatum)
2967 1892 3026 1947 in
3059 1893 3253 1948 domo.
3287 1892 3597 1949 Solitarius

1939 1984 2095 2042 enim
2149 1983 2448 2040 monachus
2507 1982 2942 2054 interpretatur,
2975 1984 3041 2038 ut
3097 1981 3175 2037 sit
3231 1979 3393 2038 solus
3432 1982 3597 2039 etab

1941 2074 2100 2130 omni
2133 2077 2366 2146 peccato
2396 2070 2642 2127 divisus.

1974 2166 2010 2218 7
2080 2170 2135 2229 σξ-
2174 2163 2279 2231 Qui
2321 2168 2334 2229 ζ
2376 2162 2559 2217 educit
2586 2161 2791 2216 vinctos
2820 2160 2881 2215 in
2908 2159 3238 2232 fortitudine
3268 2179 3286 2216 :

2084 2251 2354 2309 Similiter
2379 2267 2466 2308 eos
2495 2252 2592 2324 qui
2636 2253 2970 2323 exasperant
2998 2251 3095 2323 qui
3121 2250 3371 2307 habitant
3420 2251 3481 2307 in
3527 2265 3606 2307 se-

2154 2342 2387 2414 pulcris.

2016 2431 2058 2486 C
2086 2431 2298 2486 Eduxit
2340 2429 2585 2497 vinctos,
2630 2428 2769 2502 quia
2821 2428 3056 2504 alligato
3105 2429 3335 2487 diabolo
3380 2430 3606 2489 vinctos

1948 2520 2021 2575 ab
2077 2520 2305 2576 inferno
2360 2517 2647 2588 liberavit,
2671 2523 2729 2575 et
2792 2520 2863 2575 ad
2918 2520 3136 2593 gaudia
3186 2520 3383 2577 aeterni
3441 2522 3606 2596 regni

1948 2610 2208 2666 elevavit.
2257 2608 2543 2665 Similiter
2592 2625 2692 2665 eos
2747 2608 2848 2681 qui
2908 2613 3273 2682 exasperant,
3306 2610 3365 2666 id
3411 2615 3500 2667 est
3549 2611 3606 2667 in

1949 2699 2096 2754 iram
2141 2701 2459 2771 provocant
2507 2698 2819 2754 Dominum
2880 2697 3268 2771 blasphemia.
3303 2700 3418 2773 Ipsi
3470 2704 3609 2756 sunt

1950 2789 2048 2861 qui
2082 2787 2353 2843 habitant
2398 2786 2458 2842 in
2496 2785 2814 2858 sepulcris.
2847 2786 2908 2842 Id
2940 2790 3031 2843 est
3067 2787 3170 2860 qui
3220 2788 3279 2843 in
3331 2787 3510 2846 fetida
3552 2793 3611 2846 et

1950 2875 2167 2933 carnali
2201 2875 2426 2931 actione
2450 2873 2663 2947 sepulti
2688 2877 2845 2931 sunt.
2870 2874 2916 2930 H
2942 2874 3042 2931 Vel
3062 2874 3288 2933 vinctos
3319 2876 3379 2932 in
3410 2893 3611 2951 pecca-

1948 2964 2026 3021 tis
2057 2964 2268 3038 ligatos
2299 2963 2517 3035 accipe.

1981 3055 2016 3110 8
2094 3056 2251 3120 Deus,
2274 3068 2399 3108 cum
2424 3051 2720 3121 egredieris
2748 3053 2811 3107 in
2839 3061 3123 3124 conspectu
3148 3055 3342 3127 populi
3369 3057 3454 3112 tui
3482 3074 3500 3109 :

2094 3144 2229 3199 Cum
2253 3142 2647 3215 pertransieris
2676 3142 2734 3196 in
2763 3141 2990 3197 deserto.
3022 3143 3369 3215 Diapsalma.

237 3234 276 3289 il
308 3232 815 3306 Epulenturjusti
839 3233 941 3305 qui
974 3237 1323 3306 permanent
1352 3235 1413 3290 in
1450 3253 1559 3291 sua
1581 3237 1838 3318 justitia,
1870 3214 1915 3283 (ἶ
2002 3234 2067 3297 ,(1
2097 3214 2405 3305 Egreditur
2446 3230 2605 3286 enim
2650 3245 2849 3286 coram
2899 3214 3143 3304 populo,
3158 3234 3394 3304 quando
3446 3250 3610 3291 resu-

176 3326 228 3377 et
252 3324 354 3396 qui
384 3323 535 3379 vitia
562 3339 681 3379 non
711 3321 951 3379 habent.
979 3324 1081 3379 Del
1094 3331 1338 3380 celentur
1368 3326 1428 3380 in
1457 3325 1704 3383 Domino.
1738 3327 1846 3383 Ex-

176 3410 397 3468 sultent
426 3412 490 3467 in
520 3415 836 3486 conspectu
860 3412 981 3469 Dei.
1006 3412 1048 3468 C
1069 3412 1145 3468 Ut
1174 3411 1344 3468 illum
1373 3430 1549 3486 quem
1580 3414 1849 3487 hicjuste

174 3504 463 3567 metuunt,
496 3500 690 3573 ipsius
720 3516 964 3556 munere
995 3499 1255 3568 liberari,
1279 3503 1390 3557 sub
1426 3503 1554 3574 ejus
1584 3505 1847 3577 potentia

178 3591 490 3661 gaudeant.
516 3590 580 3646 In
604 3589 835 3658 laetitia,
846 3589 985 3662 quia
1005 3590 1149 3645 dum
1171 3588 1436 3647 laetitiam
1459 3608 1630 3647 suam
1652 3593 1849 3649 sciunt

178 3677 326 3733 nullo
358 3678 479 3734 ﬁne
513 3678 926 3745 claudendum,
954 3677 1196 3735 suavius
1227 3683 1287 3735 in
1319 3696 1387 3735 ea
1416 3679 1801 3736 delectantur.

202 3767 233 3821 4
266 3768 507 3824 Caritate
532 3770 660 3833 Deo,
688 3768 968 3840 psalmum
996 3767 1164 3823 dicite
1193 3768 1411 3824 nomini
1440 3769 1558 3840 ejus
1589 3785 1608 3822 :

297 3858 416 3912 lter
441 3858 617 3927 facite
651 3857 706 3911 ei
735 3857 835 3928 qui
865 3855 1109 3912 ascendit
1137 3873 1304 3928 super
1333 3872 1584 3913 occasum
1611 3876 1630 3912 :
1662 3859 1843 3915 Domi-

385 3961 495 4000 nus
526 3960 727 4001 nomen
756 3944 867 4000 illi.

234 4034 517 4091 CCantat
534 4032 695 4090 enim
717 4032 986 4102 Domino,
1010 4032 1112 4105 qui
1129 4038 1259 4106 ejus
1281 4034 1832 4107 contemplationem

176 4138 309 4193 puro
332 4138 574 4196 semper
595 4127 655 4179 et.
678 4121 835 4179 ﬁdeli
858 4124 1059 4179 animo
1080 4126 1412 4179 contuetur.
1436 4122 1738 4180 Psalmum
1763 4126 1847 4181 di-

176 4210 263 4279 cit,
294 4212 400 4284 qui
432 4227 609 4285 opera
638 4213 779 4268 facit
808 4228 936 4285 quas
966 4210 1065 4268 ille
1096 4212 1389 4284 pracepit.
1418 4211 1530 4268 Iter
1563 4214 1841 4296 faciteei,

179 4297 229 4354 id
255 4303 349 4356 est
379 4301 558 4356 corda
587 4303 783 4356 vestra
813 4299 1122 4373 puriﬁeata
1140 4304 1464 4371 praeparate
1484 4318 1614 4373 qum
1642 4301 1843 4377 digne-

175 4389 263 4443 tur
292 4393 449 4445 Deus
479 4389 747 4455 introire,
770 4389 873 4461 qui
923 4389 1190 4445 ascendit
1232 4404 1410 4460 super
1457 4406 1755 4448 occasum.
1789 4392 1837 4448 H

173 4476 405 4535 Scilicet
433 4478 666 4545 mortis,
692 4483 751 4534 et
778 4479 962 4534 victor
1001 4478 1281 4535 remeavit
1310 4494 1378 4534 ex
1409 4477 1655 4536 inferno.
1680 4480 1722 4536 C
1749 4480 1841 4535 Di-

1956 3322 2245 3379 scitantur
2291 3319 2392 3392 qui
2436 3319 2498 3374 in
2548 3318 2834 3391 sepulcris
2883 3319 3169 3376 habitant.
3203 3321 3401 3394 Ipsum
3450 3323 3609 3379 enim

1954 3416 2265 3468 contuetur
2294 3407 2505 3474 fidelis,
2538 3409 2773 3481 quando
2818 3408 2879 3464 in
2910 3408 3186 3490 cperibus
3220 3411 3451 3484 magnis
3481 3413 3610 3485 ejus

1956 3502 2231 3575 pietatem
2290 3497 2607 3572 cognoscit.
2655 3498 3087 3572 Transgressus
3153 3504 3243 3557 est
3295 3501 3356 3556 in
3414 3501 3612 3559 deser-

1956 3596 2104 3659 tum,
2139 3589 2375 3663 quando
2400 3589 2474 3644 ad
2517 3589 2720 3661 gentes
2762 3588 2940 3657 venit,
2975 3604 3123 3661 quae,
3156 3589 3316 3646 velut
3355 3602 3609 3660 eramus,

1955 3678 2229 3737 desolata:
2259 3696 2293 3734 a
2319 3678 2497 3734 verbo
2545 3676 2648 3733 Dei
2695 3677 3093 3734 reddebantur
3134 3677 3353 3747 aliena),
3386 3683 3444 3736 et
3470 3683 3612 3737 tunc

1955 3768 2373 3842 (supplendum
2420 3767 2531 3839 est)
2571 3767 2808 3839 quando
2858 3766 2980 3823 haec
3026 3767 3254 3837 feceris,
3286 3785 3611 3843 cognosce-

1955 3874 2059 3915 P18.

1989 3947 2025 4004 9
2102 3949 2266 4004 Terra
2292 3954 2439 4003 mota
2467 3952 2547 4002 est
2575 3965 2593 4001 :
2611 3953 2667 4011 σὲ·
2701 3947 2905 4003 etenim
2946 3952 2960 4012 ζ
2995 3946 3118 4003 cteli
3143 3946 3552 4007 distillaverunt
3578 3966 3615 4005 a

2166 4037 2310 4108 facie
2337 4036 2435 4090 Dei
2462 4034 2624 4090 Sinai
2653 4053 2670 4089 ε

2096 4128 2133 4182 Α
2165 4127 2310 4199 facie
2342 4126 2443 4180 Dei
2471 4124 2660 4179 Israel.

2024 4217 2066 4273 C
2087 4218 2265 4273 Terra
2284 4216 2445 4268 mota
2468 4215 2575 4279 est,
2599 4211 2657 4267 id
2691 4215 2781 4268 est
2809 4212 3023 4268 terreni
3054 4212 3326 4271 homines
3357 4214 3609 4272 videndo

1955 4311 2074 4363 tam
2107 4320 2323 4377 magna
2363 4300 2649 4356 miracula
2694 4300 3085 4357 crediderunt.
3110 4301 3244 4358 Caeli
3291 4303 3607 4361 distillave-

1953 4399 2110 4451 runt.
2134 4393 2180 4448 H
2202 4391 2436 4447 Scilicet
2455 4406 2692 4446 manna.
2717 4389 2899 4457 Sinai,
2922 4390 3342 4464 interpretatur
3360 4396 3605 4451 tentatio.

1951 4485 1993 4541 Ο
2026 4485 2135 4554 Qui
2176 4482 2436 4553 ﬁrmavit,
2470 4479 2686 4552 quando
2714 4480 2797 4536 ibi
2825 4481 3024 4553 Moyses
3057 4483 3121 4537 in
3148 4481 3362 4540 duabus
3407 4485 3611 4541 tabulis

176 4564 282 4621 cit:
306 4562 601 4623 Dominus
620 4582 835 4624 nomen
860 4566 966 4635 illi,
994 4571 1061 4623 ut
1090 4583 1265 4625 nemo
1296 4567 1611 4635 dubitaret,
1634 4569 1832 4625 Domi-
1864 4586 1911 4653 ι)
1941 4580 2114 4648 legem
2141 4572 2365 4643 accepit.
2399 4571 2447 4626 Η
2471 4570 2536 4625 Et
2574 4570 2671 4625 ille
2709 4571 2808 4642 qui
2848 4578 2980 4626 tunc
3022 4570 3316 4629 Iudaicum
3342 4575 3609 4647 pupulum

177 4671 313 4710 num
344 4668 475 4711 esse
494 4653 855 4712 Salutarem
878 4660 937 4712 et
957 4655 1164 4723 Deum,
1179 4669 1357 4727 quem
1387 4654 1571 4711 Judaei
1593 4662 1659 4713 ut
1678 4673 1833 4714 com-

182 4758 418 4799 munem
448 4742 752 4800 hominem
781 4744 1165 4802 occiden-dum
1197 4745 1504 4817 putabant.

207 4833 243 4886 6
410 4834 478 4888 Et
511 4840 526 4899 ζ
567 4834 839 4891 exsultate
881 4836 943 4889 in
971 4842 1254 4907 conspectu
1278 4835 1506 4907 ᾐωρε-
1543 4835 1842 4893 turbabun-

390 4927 489 4976 tur
514 4938 552 4977 a
580 4923 725 4993 facie
747 4922 867 4994 ejus
900 4928 915 4989 ζ
961 4938 975 4978 :

313 5012 499 5067 Patris
524 5010 902 5083 orphanorum
929 5019 983 5069 et
995 5011 1207 5084 judicis
1236 5010 1551 5067 viduarum.

243 5097 285 5153 Ο
313 5098 621 5155 Exsultare
650 5116 769 5156 non
817 5101 880 5157 in
922 5101 1104 5174 hujus
1134 5100 1332 5157 seculi
1363 5101 1586 5157 caduca
1616 5100 1835 5173 laetitia,

180 5187 273 5241 sed
303 5188 363 5243 in
392 5192 716 5261 concpectu
748 5188 896 5260 ejus,
927 5190 1029 5245 ubi
1066 5194 1164 5246 est
1198 5188 1422 5263 jugiter
1450 5207 1586 5247 vera
1614 5190 1836 5249 latitia.

190 5274 429 5333 Turbati
457 5281 658 5335 autem
690 5282 748 5335 et
784 5276 1035 5335 nimium
1066 5279 1472 5350 formidantes,
1496 5297 1529 5335 a
1558 5280 1704 5339 facis
1734 5281 1838 5338 Dei

185 5365 685 5441 expellunturtqui
707 5367 1004 5442 orphanos
1022 5372 1080 5427 et
1098 5368 1328 5437 viduas,
1349 5385 1499 5426 saeva
1519 5371 1837 5442 cupiditate

180 5451 517 5533 dilacerant)
548 5472 685 5513 cum
726 5458 1062 5515 audierint:
1092 5458 1176 5517 Ite
1206 5459 1265 5515 in
1297 5459 1496 5533 ignem
1529 5463 1831 5517 aeternum.

179 5541 315 5605 Quis
332 5549 529 5603 autem
560 5547 642 5603 sit
667 5547 800 5616 iste,
824 5566 860 5604 a
885 5550 1055 5622 cujus
1086 5549 1231 5606 facie
1251 5548 1640 5621 expelluntur,
1665 5566 1835 5623 expo-

180 5629 281 5701 nit,
302 5634 365 5690 id
393 5640 485 5692 est
508 5632 705 5709 patrie
726 5638 1126 5711 orphanorum
1158 5643 1216 5697 et
1249 5638 1470 5710 judicia
1497 5638 1829 5697 viduarum.

1934 4663 2216 4738 praecessit
2243 4662 2303 4716 in
2341 4659 2566 4727 deserto,
2600 4658 2760 4715 hodie
2800 4660 2863 4714 in
2904 4658 3205 4731 Evangelia
3232 4661 3447 4719 deserta
3474 4680 3608 4734 gen-

1950 4754 2091 4809 tium
2118 4750 2386 4815 uisitauit,
2416 4755 2469 4804 et
2496 4749 2593 4821 qui
2631 4755 2761 4805 tunc
2798 4765 3026 4819 manna,
3059 4751 3157 4807 ille
3183 4751 3341 4808 hodie
3369 4754 3609 4824 corporis

1948 4842 2339 4914 sanguinisque
2367 4853 2578 4893 manna
2606 4837 2773 4893 dedit.

1952 4931 2020 4986 10
2092 4928 2349 4985 Pluviam
2378 4926 2751 4981 voluntariam
2776 4926 3100 4997 segregabis,
3122 4928 3264 4983 Deus
3293 4926 3608 4985 haereditati

2164 5025 2277 5074 tua?
2307 5033 2326 5070 :
2364 5020 2420 5079 ’ἐκ
2441 5021 2494 5070 et
2536 5020 2550 5078 ζ
2589 5013 2870 5084 inﬁrmata
2897 5017 3022 5070 est:

2094 5109 2169 5163 Tu
2196 5113 2250 5172 ρί-
2286 5119 2411 5160 vero
2453 5108 2468 5167 ζ
2496 5104 2780 5174 perfecisti
2794 5108 2850 5169 -ξη
2885 5119 3006 5159 eam
3043 5110 3058 5172 ζ
3103 5119 3117 5159 :

2020 5197 2061 5251 Ο
2092 5192 2337 5267 Exponit
2384 5188 2530 5246 illud
2581 5190 2738 5262 quod
2777 5191 2905 5261 jam
2955 5191 3147 5249 dixit:
3180 5194 3308 5252 coeli
3356 5194 3601 5257 distilla-

1945 5289 2172 5343 verunt.
2209 5280 2409 5339 Pluvia
2459 5278 2791 5335 voluntaria
2847 5280 2995 5354 ipsa,
3038 5282 3149 5341 fuit
3204 5281 3443 5354 manna,
3485 5302 3602 5343 non

1945 5376 2060 5433 ista
2101 5389 2228 5448 quae
2277 5368 2624 5444 generaliter
2669 5368 2886 5443 ubique
2934 5372 3301 5430 diffunditur.
3325 5376 3488 5442 Quod
3519 5393 3605 5433 se-

1943 5463 2223 5540 gregavit,
2257 5459 2395 5534 quia
2442 5475 2555 5514 non
2607 5457 2717 5514 hoc
2766 5456 2899 5516 aliis
2944 5463 3218 5534 gentibus
3266 5464 3442 5521 dedit.
3474 5465 3598 5521 Hse-

1943 5553 2161 5609 reditas
2204 5550 2389 5624 ipsius
2435 5548 2565 5612 fuit,
2615 5547 2868 5620 populus
2917 5549 3311 5623 Hebraeorum,
3344 5570 3475 5624 quae
3522 5554 3594 5610 ad

1941 5646 2176 5716 tempus
2209 5638 2505 5695 infirmata
2550 5641 2658 5705 est,
2693 5637 2939 5697 Domino
2989 5640 3233 5700 minime
3282 5643 3594 5712 credendo,
