4054 6168
414 289 528 358 251

1328 291 1393 356 S.
1439 291 1832 357 BRUNONIS
1878 292 2495 358 HERBIPOLENSIS
2538 291 2918 358 EPISCOPI.

3709 294 3833 357 252

414 442 595 502 quam
623 422 886 501 perfecit,
907 424 1144 501 quando
1191 430 1396 500 gentes
1439 425 1693 500 reliquas
1736 425 1796 484 in
1828 425 2063 502 supple-
2094 426 2147 498 Α
2180 428 2247 486 15
2318 432 2463 488 Dum
2502 426 2771 487 discernit
2825 426 3053 488 calestis
3098 443 3249 502 reges
3294 444 3461 504 super
3503 428 3627 488 eam
3653 446 3676 485 .-
3704 429 3837 487 nive

418 520 686 577 mentum
717 516 1080 574 credulitatis
1110 516 1371 574 admisit.

417 608 478 664 11
557 606 839 664 Animalia
870 614 968 663 tua
991 605 1315 662 habitabant
1346 607 1407 663 in
1433 623 1499 662 ea
1528 624 1547 663 :

555 698 774 753 Parasti
802 698 863 752 in
890 695 1178 752 dulcedine
1204 702 1300 751 tua
1324 696 1578 768 pauperi,
1612 695 1771 752 Deus.

484 786 526 841 C
554 785 823 843 Ostendit
854 801 1008 840 nunc
1040 785 1194 841 unde
1224 784 1531 858 perfecerit
1562 785 1918 843 inﬁrmatam
1952 784 2068 839 ha-

413 875 897 947 reditatem,quia
928 875 999 930 de
1028 874 1327 948 gentibus.
1351 873 1641 932 Animalia
1669 873 1907 930 fuerunt
1935 891 2071 948 gen-

410 968 522 1032 tes,
543 981 678 1020 vera
719 962 998 1037 religione
1030 967 1306 1032 vacuata,
1330 963 1451 1019 hac
1480 963 1829 1020 habitabunt
1873 961 1933 1019 in
1977 980 2068 1020 ea,

410 1054 518 1111 hoc
567 1056 658 1115 est
703 1052 762 1108 in
804 1052 1082 1121 Ecclesia,
1105 1069 1239 1108 cum
1298 1052 1523 1123 cultum
1582 1051 1881 1125 religionis
1938 1070 2066 1125 per-

408 1145 705 1216 ceperunt.
732 1141 975 1208 Parasti,
1012 1140 1305 1214 signiﬁcat
1336 1140 1800 1215 pradestinatos.
1838 1141 1899 1197 In
1932 1140 2065 1197 dul-

406 1231 609 1288 cedine
640 1235 761 1299 tua,
794 1230 851 1286 id
884 1235 973 1287 est
1004 1230 1061 1285 in
1094 1229 1197 1287 illa
1224 1230 1533 1299 suavitate,
1558 1230 1619 1285 in
1642 1247 1760 1303 qua
1780 1247 2066 1303 pauperes

404 1320 507 1378 Dei
559 1336 726 1392 reges
783 1318 1109 1376 ditissimos
1162 1318 1538 1386 antecellunt,
1571 1336 1685 1375 non
1749 1319 1809 1375 in
1869 1318 2065 1375 saculi

403 1411 586 1483 hujus
616 1407 940 1477 dulcedine,
975 1408 1074 1465 ubi
1119 1407 1307 1465 sancti
1342 1408 1531 1482 magis
1580 1425 1782 1466 amara
1829 1409 2063 1482 patiun-

404 1503 521 1556 tur.

404 1589 475 1644 12
550 1590 814 1646 Dominus
841 1587 993 1644 dabit
1018 1588 1240 1644 verbum
1268 1606 1287 1642 :

545 1677 1063 1749 Evangelizantibus
1096 1694 1109 1732 :
1143 1678 1372 1734 virtutes
1398 1678 1619 1734 multas.

472 1768 514 1824 C
542 1765 828 1824 Dominus
875 1766 1037 1822 dabit
1084 1767 1326 1822 verbum
1385 1765 1942 1840 evangelizantibus,
1998 1766 2055 1822 id

400 1860 491 1913 est
527 1854 829 1930 apostolis,
853 1855 951 1927 qui
982 1856 1225 1911 verbum
1275 1856 1404 1927 ejus
1445 1856 1777 1911 veneranda
1825 1855 2058 1912 confes-

400 1944 563 2001 sione
586 1943 1264 2019 pradicabant.Virtutes
1286 1943 1524 2013 multas,
1548 1944 1784 2017 quando
1807 1944 1893 2001 eis
1918 1960 2055 2000 con-

398 2052 633 2092 cessum
656 2037 746 2092 est
766 2034 970 2090 turbas
994 2034 1400 2108 languentium
1423 2049 1650 2090 sanare.
1680 2033 1827 2090 Nam
1858 2033 2056 2106 ipsum

397 2140 631 2197 quoque
660 2122 1038 2197 Evangelium
1080 2122 1403 2179 multarum
1441 2126 1672 2180 constat
1714 2138 1842 2179 esse
1870 2122 2055 2178 virtu-

396 2218 547 2270 tum.
580 2212 728 2278 Quid
760 2212 917 2269 enim
950 2210 1158 2269 fortius
1200 2229 1379 2285 quam
1424 2212 1683 2269 animam
1715 2211 1984 2269 salvere?
2012 2213 2060 2266 A

396 2302 570 2360 Dabit
613 2301 791 2357 etiam
838 2300 1123 2357 Dominus
1151 2302 1393 2356 verbum
1441 2300 1837 2374 evangelizare
1868 2299 2058 2356 multa

397 2389 816 2448 miraculorum
846 2388 1081 2456 virtute,
1112 2387 1202 2444 vel
1247 2388 1437 2445 multa
1475 2389 1818 2447 fortitudine
1849 2406 2059 2446 secun-

396 2482 542 2537 dum
572 2478 747 2536 aliam
768 2477 1235 2544 translationem,
1258 2494 1387 2550 qua
1412 2477 1586 2535 habet
1614 2494 1626 2533 :
1654 2478 1936 2535 Dominus
1964 2479 2061 2535 da.

395 2571 484 2626 bit
521 2566 1076 2641 evangelizantibus,
1101 2567 1345 2623 verbum
1394 2566 1758 2623 fortitudinis
1807 2567 1894 2623 vel
1943 2567 2061 2622 vir-

395 2659 545 2716 tutis
575 2656 796 2715 multa.

398 2750 465 2805 13
536 2750 651 2824 Rea;
677 2748 945 2804 virtutum
973 2745 1162 2802 dilecti
1191 2746 1279 2824 ox-
1298 2744 1489 2801 dilecti
1532 2752 1546 2811 ζ
1621 2761 1633 2801 :

538 2839 605 2893 Et
632 2836 834 2909 speciei
861 2835 1054 2891 domus
1078 2834 1325 2891 dividere
1358 2834 1556 2906 spolia.

467 2928 509 2984 C
538 2926 678 2994 Rex,
703 2928 872 2998 pater
900 2924 1207 2991 virtutum,
1230 2923 1341 2980 hoc
1382 2927 1471 2980 est
1500 2921 1866 2996 angelorum.
1891 2922 1935 2979 D
1957 2922 2062 2996 Vel

395 3020 735 3074 sanctorum
767 3013 957 3087 ipsius
986 3012 1183 3069 dilecti
1207 3011 1357 3080 Filii,
1380 3016 1446 3069 ut
1473 3016 1563 3069 est
1589 3011 1772 3069 Filius
1793 3029 1962 3071 meus
1979 3011 2062 3069 di-

394 3105 665 3163 lectus.C
699 3104 772 3160 Et
810 3102 1026 3176 speciei
1074 3103 1306 3171 domus,
1340 3102 1400 3158 id
1457 3105 1549 3158 est
1600 3102 2062 3175 pulchritudinis

2389 520 2793 577 dealbabuntur
2821 520 2881 576 in
2909 521 3125 578 Selmon
3155 539 3178 576 .-

2320 608 2466 666 Hons
2495 611 2612 677 Dei,
2641 627 2797 667 mons
2821 611 3067 753 pinguis.

2320 698 2435 753 Rex
2465 715 2500 753 a
2531 699 2782 753 regendo
2813 698 2906 753 dic
2936 716 3007 753 us
3032 715 3063 753 e

2248 700 2288 752 C
2318 698 2435 754 Rex
2465 715 2500 755 a
2531 699 2782 773 regendo
2813 696 3007 755 dictus
3032 701 3141 765 est,
3165 697 3323 754 unde
3347 712 3513 771 reges
3536 696 3839 772 signiﬁcat

2178 786 2492 859 apostolos.
2516 788 2561 844 D
2584 790 2739 855 Quos
2758 788 3041 844 discernit
3075 787 3359 844 Dominus
3395 786 3668 856 ccclesiis,
3692 804 3835 843 cum

2178 874 2423 932 Paulum
2454 876 2515 932 in
2553 881 2756 950 gentes
2789 876 2929 950 (Gal.
2962 876 3049 947 ιι),
3078 876 3313 932 Petrum
3346 876 3406 931 in
3438 875 3839 931 circumcisio-

2177 981 2311 1020 nem
2333 966 2641 1037 separavit,
2659 967 2760 1037 qui
2778 982 2956 1039 super
2975 965 3165 1021 nivem
3188 963 3692 1021 dealbabuntur.C
3711 965 3837 1021 Hoc

2175 1058 2266 1109 est
2293 1072 2472 1127 super
2498 1055 2809 1112 candorem
2834 1054 2983 1111 nivis
3004 1054 3363 1124 elucescunt,
3387 1053 3490 1126 qui
3509 1053 3834 1110 Ecclesiam

2174 1160 2373 1216 regere
2404 1148 2729 1200 noscuntur
2757 1142 3024 1200 fideliter.
3043 1142 3280 1199 Selmon
3313 1143 3524 1198 umbra
3543 1141 3834 1215 interpre-

2173 1236 2349 1301 tatur,
2374 1251 2501 1307 qua
2549 1232 2646 1288 hic
2694 1249 2949 1306 congrue
2978 1232 3174 1288 divina
3220 1232 3410 1288 virtus
3461 1229 3838 1304 intelligitur,

2172 1322 2303 1395 ipsa
2332 1323 2405 1379 ab
2435 1326 2577 1379 aestu
2599 1320 2874 1378 vitiorum
2905 1337 3012 1377 nos
3040 1319 3318 1378 defendit.
3343 1319 3513 1376 Mons
3536 1319 3634 1376 Dei
3658 1336 3839 1376 mons

2171 1410 2431 1485 pinguis,
2455 1410 2726 1470 Christus
2755 1426 2884 1468 esse
2913 1408 3266 1483 intelligitur
3303 1425 3372 1466 ex
3401 1424 3518 1481 quo
3549 1411 3838 1482 perpetua
3874 1470 3879 1475 ,

2171 1504 2229 1555 et
2254 1500 2457 1557 suavia
2486 1501 2707 1556 ﬁuenta
2732 1499 3113 1555 descendunt.

2172 1590 2241 1645 16
2316 1589 2464 1646 Mons
2491 1590 2812 1659 coagulatus
2839 1604 2996 1644 mons
3018 1588 3251 1660 pinguis
3281 1605 3301 1643 :

2315 1680 2379 1736 Ut
2409 1678 2542 1750 quid
2569 1678 2932 1750 suspieamini
2959 1684 3164 1732 montes
3192 1674 3507 1747 coagulatus
3526 1680 3552 1729 .'

2169 1768 2237 1823 17
2309 1771 2470 1824 Mons
2500 1768 2557 1823 in
2590 1783 2699 1840 quo
2726 1766 3126 1838 beneplacitum
3145 1768 3225 1822 est
3248 1769 3356 1821 Deo
3376 1763 3626 1821 habitare
3648 1764 3710 1820 in
3728 1780 3792 1821 eo
3812 1782 3834 1820 :

2309 1857 2522 1913 Etenim
2555 1857 2819 1913 Dominus
2847 1854 3121 1910 habitabit
3147 1861 3202 1921 σξη
3222 1854 3283 1909 in
3311 1855 3479 1926 ﬁnem
3519 1859 3534 1918 ζ

2239 1945 2280 2002 C
2310 1945 2476 2002 Mons
2508 1945 2722 2001 dicitur
2742 1943 3011 2000 Christus
3032 1941 3375 2016 coagulatus
3403 1959 3416 1998 :
3437 1945 3679 2016 propter
3703 1959 3838 2015 par-

2167 2033 2333 2091 vulos
2363 2031 2880 2105 enutriendos,qui
2903 2049 3019 2088 non
3041 2048 3197 2100 esca,
3220 2031 3323 2088 sed
3354 2029 3658 2105 coagulato
3683 2029 3839 2088 lacte

2168 2122 2405 2196 potandi
2428 2124 2588 2177 sunt.
2607 2119 2871 2195 Pinguis,
2886 2120 3026 2193 quia
3046 2118 3342 2176 fertilitate
3363 2136 3474 2176 sua
3495 2118 3834 2175 uberrimus

2169 2216 2279 2269 est.
2312 2210 2469 2268 Dixit
2515 2210 2790 2283 superius
2839 2213 3104 2266 montem
3152 2207 3399 2282 intelligi
3447 2207 3833 2278 Salvatorem,

2168 2316 2325 2357 nunc
2347 2298 2507 2368 dicit,
2523 2303 2587 2355 ut
2618 2298 2757 2371 quid
2783 2297 3165 2371 suspieamini
3190 2296 3529 2371 coagulatos
3552 2297 3832 2353 montes?

2168 2389 2280 2446 hoc
2308 2393 2418 2461 est,
2443 2406 2548 2445 cur
2572 2392 2831 2445 montem
2862 2387 3047 2444 istum
3070 2386 3365 2460 apostolos
3394 2383 3716 2459 intelligere
3738 2402 3837 2441 vo-

2170 2478 2406 2535 luistis?
2438 2477 2563 2535 Non
2594 2482 2735 2535 sunt
2763 2477 2922 2534 enim
2966 2476 3080 2549 ipsi
3127 2475 3235 2532 iste
3280 2491 3451 2531 mons
3480 2473 3833 2548 coagulatus

2169 2567 2440 2641 quamvis
2480 2570 2539 2624 et
2582 2566 2743 2640 ipsos
2768 2583 2873 2641 per
2903 2565 3003 2622 Dei
3032 2564 3284 2639 gratiam
3315 2564 3516 2621 doctos
3563 2579 3694 2621 esse
3733 2579 3833 2620 co-

2170 2656 2484 2731 gnoscatis.
2520 2656 2915 2729 Reprehendit
2941 2671 3078 2729 ergo
3111 2653 3398 2727 Propheta
3424 2652 3487 2709 in
3516 2652 3626 2709 hoc
3655 2651 3833 2710 illum

2171 2744 2686 2817 intellectum,'quo
2712 2743 2929 2818 aliquis
2959 2760 3062 2818 per
3093 2746 3376 2813 montem,
3407 2740 3705 2815 apostolos
3739 2742 3835 2798 in-

2170 2834 2431 2910 telligere
2460 2833 2761 2901 voluisset,
2795 2834 3109 2890 ostendens
3140 2832 3235 2888 hic
3279 2848 3384 2906 per
3427 2834 3707 2903 montem,
3731 2847 3832 2889 so-

2168 2924 2294 2981 lum
2325 2924 2621 2981 Christum
2667 2922 3136 2997 intelligendum,
3170 2921 3438 2995 quamvis
3478 2920 3655 2978 etiam
3685 2937 3833 2994 apo-

2172 3013 2303 3072 stoli
2334 3018 2561 3071 montes
2594 3012 2869 3069 dicantur
2896 3011 3208 3085 coagulati,
3242 3010 3372 3068 ideo
3402 3010 3621 3068 subdit.

2242 3102 2284 3159 C
2314 3103 2502 3170 Mons,
2526 3100 2748 3158 scilicet
2776 3102 2888 3158 iste
2907 3105 2999 3158 est
3024 3100 3085 3157 in
3110 3116 3227 3174 quo
3251 3100 3366 3157 Deo
3392 3094 3834 3173 beneplacitum

392 3196 607 3252 domus
635 3192 864 3262 divina,
889 3191 946 3248 id
978 3195 1070 3249 est
1098 3190 1390 3259 Ecclesia,
1420 3207 1550 3247 esse
1569 3192 1943 3265 cognoscitur
1967 3208 2066 3266 au_
2093 3178 2137 3246 C
2170 3196 2279 3249 est.
2303 3191 2574 3248 Christus
2603 3190 2760 3247 enim
2795 3194 2885 3247 est
2921 3189 3083 3247 solus
3115 3205 3284 3247 mons
3309 3207 3322 3246 :
3346 3188 3450 3262 qui
3478 3187 3634 3248 Patri
3664 3204 3831 3244 com-

394 3288 521 3341 ctor
551 3281 753 3351 Filius,
779 3281 1014 3355 quando
1060 3279 1249 3352 spolia
1286 3278 1527 3349 diaboli,
1554 3280 1612 3334 id
1644 3284 1738 3337 est
1766 3280 2062 3365 homines,

396 3372 729 3439 sceleratos,
761 3368 823 3426 in
870 3368 1189 3425 Ecclesium
1229 3368 1473 3424 adduxit
1524 3370 1597 3425 ad
1647 3368 1846 3425 fidem.
1880 3369 1927 3426 H
1960 3368 2063 3427 Vel

397 3458 632 3534 quando
663 3455 911 3531 apostoli
941 3457 1000 3513 in
1031 3455 1289 3537 Ecclesia
1316 3455 1524 3529 spolia,
1551 3456 1609 3512 id
1641 3461 1731 3512 est
1760 3456 2057 3524 homines,

395 3546 735 3605 dividebant
767 3564 780 3603 :
815 3563 943 3618 qua
992 3549 1342 3617 acceperunt
1371 3545 1443 3601 de
1475 3544 1671 3613 idolis,
1700 3562 1856 3602 unus
1902 3545 2061 3602 enim

394 3636 701 3703 Achaiam,
723 3633 878 3691 alius
907 3632 1335 3707 Cappadociam
1378 3632 1439 3690 in
1485 3639 1704 3691 sortem
1734 3635 1961 3708 accepit
1991 3651 2061 3693 ex

395 3724 621 3801 spoliis,
649 3728 758 3782 etc.
786 3722 1057 3797 Duplicat
1084 3740 1217 3780 vero
1262 3722 1517 3796 Spiritus
1551 3727 1815 3795 sanctus,
1839 3724 2060 3805 dilecti,

395 3819 634 3891 propter
661 3828 923 3871 amorem
967 3828 1143 3886 quem
1191 3811 1369 3868 habet
1398 3811 1458 3868 in
1490 3811 1723 3880 Filium,
1758 3812 1866 3878 Qui
1901 3814 2058 3871 enim

395 3903 654 3977 aliquem
684 3901 896 3975 diligit,
921 3918 1155 3974 semper
1181 3917 1317 3957 eum
1348 3900 1407 3958 in
1436 3918 1534 3958 ore
1565 3900 1762 3958 habet.

397 3995 466 4051 14
537 3994 599 4051 Si
624 3992 913 4049 dormiatis
947 3993 1096 4048 inter
1122 3990 1325 4048 medios
1353 3992 1525 4049 cteros
1558 4007 1762 4064 pennae
1790 3992 2056 4049 columbae

607 4082 981 4154 deargentata
1013 4098 1027 4137 :

536 4173 603 4228 Et
641 4171 945 4244 posteriora
1000 4169 1152 4226 dorsi
1203 4170 1323 4242 ejus
1373 4170 1435 4224 in
1479 4170 1692 4242 pallore
1747 4172 1895 4226 auri.
1925 4172 2055 4227 Dia-

516 4296 543 4304 —
605 4260 843 4333 psalmo.

467 4350 509 4407 C
536 4349 597 4407 Si
625 4347 955 4418 dormiatis,
978 4348 1037 4404 id
1065 4351 1175 4414 est,
1197 4347 1248 4404 si
1278 4346 1598 4421 quiescatis
1640 4348 1698 4404 in
1753 4350 2057 4423 praeceptis

394 4440 498 4497 Dei
528 4439 682 4495 inter
721 4438 838 4494 duo
886 4441 1258 4494 testamenta.
1282 4437 1329 4493 H
1359 4437 1400 4493 C
1432 4435 1581 4493 Cleri
1630 4438 1908 4495 dicuntur
1936 4440 2053 4497 duo

395 4530 787 4585 Testamenta.
808 4525 856 4581 Η
886 4525 957 4582 Et
1002 4524 1220 4598 singuli
1266 4523 1401 4581 libri
1429 4525 1655 4582 Veteris
1685 4531 1743 4583 et
1768 4527 1911 4584 Novi
1942 4529 2050 4584 Te-

397 4615 692 4675 stamenti.
715 4618 755 4672 C
777 4615 982 4671 Penna
1005 4614 1341 4689 signiﬁcant
1362 4614 1649 4672 virtutum
1671 4616 2050 4687 celeritatem,

396 4723 525 4780 qua
557 4722 664 4764 nos
698 4704 758 4761 in
789 4703 952 4761 illam
984 4705 1238 4777 patriam
1263 4704 1506 4761 ducunt.
1532 4704 1581 4761 si
1605 4704 1701 4762 hic
1723 4705 1783 4762 in
1804 4705 1929 4780 lege
1949 4707 2053 4764 Dci

395 4796 699 4871 quiescere
724 4810 1074 4852 mereamur.
1099 4792 1391 4850 Columba
1428 4792 1838 4867 deargentata,
1858 4794 2053 4853 Eccle-

395 4885 545 4944 siam
570 4884 696 4941 vult
724 4882 998 4957 intelligi,
1026 4881 1165 4958 quia
1192 4881 1591 4940 innocentiam
1621 4882 1799 4940 habet
1827 4884 2052 4942 colum-

395 4975 503 5043 ba,
527 4978 584 5031 et
602 4973 816 5031 divinis
836 4972 1108 5046 eloquiis,
1130 4976 1407 5047 argenteo
1429 4973 1678 5049 candore
1701 4974 2050 5048 resplendet,

396 5079 562 5135 quam
590 5061 650 5117 in
681 5060 784 5118 illa
828 5062 1027 5122 futura
1067 5062 1491 5120 resurrectione
1530 5063 1660 5119 auri
1691 5063 1883 5137 specie
1912 5063 2055 5120 dicit

396 5166 525 5208 esse
545 5150 967 5207 adornandum.
983 5150 1044 5206 Si
1065 5152 1263 5225 itaque
1285 5151 1370 5209 sic
1386 5151 1716 5222 dormiatis,
1730 5152 2054 5226 posteriora

396 5238 556 5296 dorsi
578 5238 636 5294 in
663 5237 881 5311 pallore
910 5238 1037 5295 auri
1060 5239 1557 5312 (subaudiendum
1586 5244 1697 5311 est)
1730 5242 2055 5315 suscipient

396 5346 519 5384 vos.
543 5327 707 5384 Unde
735 5325 994 5384 Ecclesia
1022 5328 1082 5384 in
1113 5327 1224 5384 hoc
1254 5330 1474 5387 mundo
1502 5348 1515 5387 :
1552 5334 1795 5404 argento
1823 5348 2055 5405 compa-

398 5421 585 5485 ratur,
610 5416 671 5473 in
718 5416 1142 5474 resurrectione
1190 5434 1324 5476 vero
1373 5418 1629 5477 ultima:
1663 5437 1826 5490 auro,
1860 5425 2054 5493 poste-

398 5507 554 5565 riora
581 5522 717 5581 ergo
748 5504 1014 5565 Ecclesia
1048 5524 1062 5565 :
1098 5508 1418 5567 novissima
1448 5513 1588 5567 sunt
1620 5509 1888 5568 Ecclesia
1922 5528 2051 5568 mu-

399 5613 558 5685 11C“.

2170 3278 2410 3354 placuit,
2450 3283 2516 3337 ut
2560 3280 2622 3336 in
2674 3280 2879 3336 eodem
2926 3277 3236 3335 habitaret.
3263 3277 3492 3335 Etenim
3542 3276 3834 3336 Dominus

2170 3368 2459 3427 habitabit
2486 3370 2663 3427 etiam
2710 3369 2769 3425 in
2819 3369 3021 3437 ﬁnem,
3043 3367 3266 3425 scilicet
3310 3366 3371 3424 in
3419 3366 3722 3440 apostolis,
3755 3368 3831 3424 de

2169 3458 2289 3515 illis
2319 3459 2477 3516 enim
2518 3475 2677 3515 nunc
2719 3458 3001 3531 loquitur,
3024 3458 3181 3530 quod
3213 3456 3275 3513 in
3305 3457 3393 3514 eis
3421 3456 3500 3513 sit
3526 3455 3831 3513 habitatu-

2169 3564 2270 3606 rus
2302 3564 2488 3622 usque
2510 3548 2583 3605 ad
2604 3545 3098 3621 perfectissimum
3135 3546 3458 3603 terminum
3497 3546 3832 3619 majestatis

2169 3654 2309 3707 sua,
2342 3637 2443 3710 qui
2474 3640 2566 3694 est
2595 3635 2730 3694 ﬁnis
2760 3635 2887 3693 sine
2917 3636 3054 3692 ﬁne.

2170 3728 2238 3783 18
2312 3727 2515 3785 Curras
2545 3728 2649 3785 Dei
2674 3726 2856 3784 decem
2882 3725 3131 3783 millibus
3159 3726 3451 3800 multiplex
3471 3743 3491 3783 :
3509 3725 3694 3783 millia
3744 3739 3833 3783 .2-

2383 3802 2623 3873 tantium
2652 3834 2669 3871 :

2311 3908 2573 3963 Dominus
2605 3908 2667 3962 in
2696 3907 2775 3962 eis
2808 3907 2869 3962 in
2896 3905 3034 3963 Sina
3065 3906 3125 3961 in
3151 3914 3356 3963 sancto.

2237 3997 2279 4053 C
2308 3996 2527 4053 Currus
2558 3996 2680 4064 Dei,
2717 3999 2806 4052 est
2833 3994 3141 4052 hominum
3172 3995 3455 4052 charitate
3487 3996 3696 4067 juncta
3727 4012 3833 4053 co-

2166 4083 2407 4158 pulatio.
2427 4086 2776 4142 Sanctorum
2798 4100 2934 4159 ergo
2955 4084 3318 4144 unanimitas
3338 4101 3548 4141 currus
3569 4083 3672 4141 Dei
3692 4088 3786 4141 est
3810 4104 3828 4143 :

2165 4188 2343 4246 quem
2364 4172 2461 4231 ille
2475 4174 2635 4231 velut
2653 4172 2860 4247 auriga
2880 4172 3185 4241 insidet,et
3202 4172 3444 4231 salutari
3467 4172 3592 4246 lege
3606 4172 3680 4229 ad
3700 4190 3829 4230 sua

2162 4262 2483 4321 voluntatis
2512 4260 2912 4320 ministerium
2960 4263 3316 4320 moderatur.
3339 4262 3412 4319 Ut
3452 4278 3588 4320 vero
3638 4261 3828 4318 istum

2163 4368 2402 4410 currum
2426 4369 2543 4409 non
2559 4352 2749 4425 equis,
2764 4351 2866 4409 sed
2887 4350 3166 4409 humanis
3183 4350 3640 4425 cogitationibus
3663 4350 3834 4408 attri-

2163 4443 2373 4498 butum
2415 4440 2772 4509 ostenderet,
2796 4439 2877 4496 ait
2925 4441 3128 4497 decem
3176 4439 3441 4497 millibus
3486 4439 3827 4513 multiplex,

2083 4551 2131 4616 Β
2162 4532 2317 4604 quod
2340 4531 2412 4589 ad
2434 4530 2776 4588 innumeros
2796 4529 3046 4604 populos
3070 4547 3187 4587 non
3208 4546 3391 4604 equos
3410 4529 3677 4587 noscitur
3694 4544 3830 4603 per-

2159 4620 2365 4678 tinere.
2398 4619 2583 4678 Millia
2607 4618 2933 4678 latentium
2964 4635 2980 4675 :
3014 4620 3167 4693 quod
3200 4619 3407 4692 utique
3435 4619 3508 4676 de
3545 4618 3827 4676 ﬁdelibus

2163 4710 2334 4767 debet
2362 4708 2630 4783 intelligi.
2652 4709 2938 4767 Dominus
2969 4708 3029 4767 in
3060 4708 3200 4775 illis,
3224 4709 3334 4766 hoc
3363 4712 3454 4765 est
3493 4707 3556 4764 in
3601 4708 3828 4766 sanctis

2162 4799 2307 4856 suis.
2336 4800 2398 4855 In
2431 4798 2592 4855 Sinai
2624 4796 2687 4854 in
2717 4802 2940 4855 sancto.
2962 4798 3104 4855 Sina
3135 4798 3554 4871 interpretatur
3574 4797 3828 4854 manda-

2161 4891 2310 4945 tum.
2335 4887 2420 4945 lbi
2451 4886 2787 4961 requiescit,
2810 4886 2910 4943 ubi
2943 4887 3073 4959 ejus
3104 4887 3385 4944 mandata
3413 4885 3824 4959 perﬁciuntur,

2162 4978 2232 5033 19
2301 4977 2603 5034 Ascendisti
2631 4978 2693 5033 in
2714 4976 2909 5033 altum.
2943 4975 3146 5048 Cepisti
3171 4978 3568 5050 captivitatem.

2303 5067 2569 5140 Accepisti
2595 5066 2741 5122 dona
2770 5066 2830 5121 in
2858 5066 3196 5122 hominibus.

2232 5155 2274 5212 C
2304 5153 2637 5211 Ascendisti
2681 5154 2740 5209 in
2770 5152 2977 5209 altum.
3009 5154 3286 5212 Ascendit
3312 5152 3581 5210 Christus
3611 5150 3828 5225 utique

2161 5245 2262 5319 qui
2292 5247 2529 5318 propter
2556 5260 2665 5300 nos
2693 5243 2994 5300 descendit
3022 5243 3330 5302 eruendas.
3354 5243 3419 5300 In
3451 5242 3636 5300 altum
3665 5240 3831 5298 acili-

2160 5338 2251 5391 cet
2307 5349 2484 5408 super
2537 5331 2712 5391 cales
2769 5330 3069 5390 calorum.
3096 5333 3144 5390 Η
3179 5331 3495 5406 Captivasti
3551 5346 3679 5399 nos,
3713 5330 3827 5403 qui

2160 5423 2370 5497 captivi
2397 5421 2745 5479 tenebamur
2765 5438 2800 5477 a
2819 5419 3071 5480 diabolo.
3095 5423 3137 5480 C
3166 5423 3331 5480 Dona
3354 5425 3553 5479 autem
3583 5417 3825 5477 Domini

2160 5514 2417 5583 fuerunt,
2449 5528 2627 5585 super
2674 5510 2970 5585 apostolos
2997 5512 3254 5587 Spiritus
3302 5510 3489 5568 sancti
3537 5524 3828 5567 concessa

2159 5602 2474 5677 magnalia.
2507 5600 2658 5672 Sive,
2692 5604 2759 5657 ut
2807 5600 3120 5675 Apottolus
3170 5600 3252 5659 ait
3283 5619 3296 5661 :
3329 5599 3655 5673 Unicuique
3705 5614 3826 5656 no-
