  <div class='ocr_page' id='page_1' title='image "/cluster/home/n/w/nwhite01/storage/ocr_20150623/142/hvd.32044054760020/132.png"; bbox 0 0 4054 6168; ppageno 0'>
   <div class='ocr_carea' id='block_1_1' title="bbox 225 307 344 369">
    <p class='ocr_par' dir='ltr' id='par_1_1' title="bbox 225 307 344 369">
     <span class='ocr_line' id='line_1_1' title="bbox 225 307 344 369; baseline -0.017 -1"><span class='ocrx_word' id='word_1_1' title='bbox 225 307 344 369; x_wconf 77' lang='lat'><strong>253</strong></span> 
     </span>
    </p>
   </div>
   <div class='ocr_carea' id='block_1_2' title="bbox 1447 301 2424 368">
    <p class='ocr_par' dir='ltr' id='par_1_2' title="bbox 1447 301 2424 368">
     <span class='ocr_line' id='line_1_2' title="bbox 1447 301 2424 368; baseline -0.007 0"><span class='ocrx_word' id='word_1_2' title='bbox 1447 306 1861 368; x_wconf 83' lang='lat' dir='ltr'><strong>EXPOSITIO</strong></span> <span class='ocrx_word' id='word_1_3' title='bbox 1908 301 2424 366; x_wconf 77' lang='lat' dir='ltr'><strong>PSALMORUM.</strong></span> 
     </span>
    </p>
   </div>
   <div class='ocr_carea' id='block_1_3' title="bbox 3525 308 3646 369">
    <p class='ocr_par' dir='ltr' id='par_1_3' title="bbox 3525 308 3646 369">
     <span class='ocr_line' id='line_1_3' title="bbox 3525 308 3646 369; baseline 0.008 -1"><span class='ocrx_word' id='word_1_4' title='bbox 3525 308 3646 369; x_wconf 72' lang='grc'><strong>254</strong></span> 
     </span>
    </p>
   </div>
   <div class='ocr_carea' id='block_1_4' title="bbox 225 436 3255 515">
    <p class='ocr_par' dir='ltr' id='par_1_4' title="bbox 225 436 3255 515">
     <span class='ocr_line' id='line_1_4' title="bbox 225 436 3255 515; baseline -0 -16"><span class='ocrx_word' id='word_1_5' title='bbox 225 445 412 499; x_wconf 87' lang='lat' dir='ltr'><strong>strum</strong></span> <span class='ocrx_word' id='word_1_6' title='bbox 443 438 582 498; x_wconf 88' lang='lat' dir='ltr'><strong>data</strong></span> <span class='ocrx_word' id='word_1_7' title='bbox 610 444 702 498; x_wconf 85' lang='lat' dir='ltr'><strong>est</strong></span> <span class='ocrx_word' id='word_1_8' title='bbox 730 440 918 515; x_wconf 87' lang='lat' dir='ltr'><strong>gratia</strong></span> <span class='ocrx_word' id='word_1_9' title='bbox 949 441 1274 500; x_wconf 88' lang='lat' dir='ltr'><strong>secundum</strong></span> <span class='ocrx_word' id='word_1_10' title='bbox 1324 458 1663 500; x_wconf 82' lang='lat' dir='ltr'><strong>mensuram</strong></span> <span class='ocrx_word' id='word_1_11' title='bbox 1696 441 1875 499; x_wconf 88' lang='lat' dir='ltr'><strong>dona-</strong></span> <span class='ocrx_word' id='word_1_12' title='bbox 1908 439 1962 508; x_wconf 77' lang='grc' dir='ltr'><strong>Α</strong></span> <span class='ocrx_word' id='word_1_13' title='bbox 1990 439 2063 496; x_wconf 84' lang='grc'><strong>25</strong></span> <span class='ocrx_word' id='word_1_14' title='bbox 2139 438 2201 496; x_wconf 91' lang='lat' dir='ltr'><strong>Ut</strong></span> <span class='ocrx_word' id='word_1_15' title='bbox 2234 436 2542 510; x_wconf 86' lang='lat' dir='ltr'><strong>intingatur</strong></span> <span class='ocrx_word' id='word_1_16' title='bbox 2567 453 2662 510; x_wconf 88' lang='lat' dir='ltr'><strong>pes</strong></span> <span class='ocrx_word' id='word_1_17' title='bbox 2694 444 2819 495; x_wconf 88' lang='lat' dir='ltr'><strong>tuus</strong></span> <span class='ocrx_word' id='word_1_18' title='bbox 2849 439 2910 494; x_wconf 83' lang='lat' dir='ltr'><strong>in</strong></span> <span class='ocrx_word' id='word_1_19' title='bbox 2937 440 3206 512; x_wconf 74' lang='lat' dir='ltr'><strong>sanguine</strong></span> <span class='ocrx_word' id='word_1_20' title='bbox 3235 457 3255 498; x_wconf 90' lang='lat'><strong><em>:</em></strong></span> 
     </span>
    </p>
   </div>
   <div class='ocr_carea' id='block_1_5' title="bbox 226 530 1023 604">
    <p class='ocr_par' dir='ltr' id='par_1_5' title="bbox 226 530 1023 604">
     <span class='ocr_line' id='line_1_5' title="bbox 226 530 1023 604; baseline -0.001 -16"><span class='ocrx_word' id='word_1_21' title='bbox 226 531 402 588; x_wconf 80' lang='lat' dir='ltr'><strong>tionis</strong></span> <span class='ocrx_word' id='word_1_22' title='bbox 432 530 647 587; x_wconf 81' lang='lat' dir='ltr'><strong>Christi</strong></span> <span class='ocrx_word' id='word_1_23' title='bbox 681 532 890 604; x_wconf 83' lang='lat' dir='ltr'><strong>(Ephes.</strong></span> <span class='ocrx_word' id='word_1_24' title='bbox 926 535 1023 602; x_wconf 82' lang='grc' dir='ltr'><strong>ιν).</strong></span> 
     </span>
    </p>
   </div>
   <div class='ocr_carea' id='block_1_6' title="bbox 222 622 1076 679">
    <p class='ocr_par' dir='ltr' id='par_1_6' title="bbox 222 622 1076 679">
     <span class='ocr_line' id='line_1_6' title="bbox 222 622 1076 679; baseline 0.004 -3"><span class='ocrx_word' id='word_1_25' title='bbox 222 622 294 676; x_wconf 85' lang='grc'>20</span> <span class='ocrx_word' id='word_1_26' title='bbox 367 622 583 677; x_wconf 77' lang='lat' dir='ltr'><strong><em>Etenim</em></strong></span> <span class='ocrx_word' id='word_1_27' title='bbox 613 638 725 677; x_wconf 83' lang='lat' dir='ltr'><strong>non</strong></span> <span class='ocrx_word' id='word_1_28' title='bbox 755 623 1031 678; x_wconf 77' lang='lat' dir='ltr'><strong><em>credentes</em></strong></span> <span class='ocrx_word' id='word_1_29' title='bbox 1063 641 1076 679; x_wconf 92' lang='lat'>:</span> 
     </span>
    </p>
   </div>
   <div class='ocr_carea' id='block_1_7' title="bbox 366 711 1222 769">
    <p class='ocr_par' dir='ltr' id='par_1_7' title="bbox 366 711 1222 769">
     <span class='ocr_line' id='line_1_7' title="bbox 366 711 1222 769; baseline 0.004 -4"><span class='ocrx_word' id='word_1_30' title='bbox 366 711 688 766; x_wconf 84' lang='lat' dir='ltr'><strong>Inhabitare</strong></span> <span class='ocrx_word' id='word_1_31' title='bbox 713 712 1005 768; x_wconf 86' lang='lat' dir='ltr'><strong>Dominum</strong></span> <span class='ocrx_word' id='word_1_32' title='bbox 1034 714 1222 769; x_wconf 86' lang='lat' dir='ltr'><strong>Deum.</strong></span> 
     </span>
    </p>
   </div>
   <div class='ocr_carea' id='block_1_8' title="bbox 290 799 1881 868">
    <p class='ocr_par' dir='ltr' id='par_1_8' title="bbox 290 799 1881 868">
     <span class='ocr_line' id='line_1_8' title="bbox 290 799 1881 868; baseline 0 -13"><span class='ocrx_word' id='word_1_33' title='bbox 290 803 330 855; x_wconf 94' lang='lat' dir='ltr'>C</span> <span class='ocrx_word' id='word_1_34' title='bbox 359 799 587 856; x_wconf 79' lang='lat' dir='ltr'><strong>Etenim</strong></span> <span class='ocrx_word' id='word_1_35' title='bbox 621 817 733 856; x_wconf 93' lang='lat' dir='ltr'><strong>non</strong></span> <span class='ocrx_word' id='word_1_36' title='bbox 760 801 1083 868; x_wconf 81' lang='lat' dir='ltr'><strong>credentes,</strong></span> <span class='ocrx_word' id='word_1_37' title='bbox 1111 801 1208 857; x_wconf 90' lang='lat' dir='ltr'><strong>hic</strong></span> <span class='ocrx_word' id='word_1_38' title='bbox 1241 801 1711 860; x_wconf 83' lang='lat' dir='ltr'><strong>subaudiendum</strong></span> <span class='ocrx_word' id='word_1_39' title='bbox 1745 805 1834 856; x_wconf 89' lang='lat' dir='ltr'><strong>est</strong></span> <span class='ocrx_word' id='word_1_40' title='bbox 1869 817 1881 854; x_wconf 89' lang='lat'>:</span> 
     </span>
    </p>
   </div>
   <div class='ocr_carea' id='block_1_9' title="bbox 221 889 1883 962">
    <p class='ocr_par' dir='ltr' id='par_1_9' title="bbox 221 889 1883 962">
     <span class='ocr_line' id='line_1_9' title="bbox 221 889 1883 962; baseline -0.001 -16"><span class='ocrx_word' id='word_1_41' title='bbox 221 907 318 946; x_wconf 88' lang='lat' dir='ltr'><strong>eos</strong></span> <span class='ocrx_word' id='word_1_42' title='bbox 351 889 654 957; x_wconf 80' lang='lat' dir='ltr'><strong>convertit,</strong></span> <span class='ocrx_word' id='word_1_43' title='bbox 685 906 822 945; x_wconf 89' lang='lat' dir='ltr'><strong>nam</strong></span> <span class='ocrx_word' id='word_1_44' title='bbox 856 891 956 962; x_wconf 87' lang='lat' dir='ltr'>qui</span> <span class='ocrx_word' id='word_1_45' title='bbox 989 907 1105 946; x_wconf 91' lang='lat' dir='ltr'><strong>non</strong></span> <span class='ocrx_word' id='word_1_46' title='bbox 1159 892 1406 946; x_wconf 88' lang='lat' dir='ltr'><strong>credunt</strong></span> <span class='ocrx_word' id='word_1_47' title='bbox 1444 890 1794 955; x_wconf 79' lang='lat' dir='ltr'><strong>inhabitare,</strong></span> <span class='ocrx_word' id='word_1_48' title='bbox 1827 890 1883 944; x_wconf 92' lang='lat' dir='ltr'><strong>id</strong></span> 
     </span>
    </p>
   </div>
   <div class='ocr_carea' id='block_1_10' title="bbox 221 978 1886 1062">
    <p class='ocr_par' dir='ltr' id='par_1_10' title="bbox 221 978 1886 1062">
     <span class='ocr_line' id='line_1_10' title="bbox 221 978 1886 1062; baseline -0.001 -28"><span class='ocrx_word' id='word_1_49' title='bbox 221 983 308 1034; x_wconf 89' lang='lat' dir='ltr'><strong>est</strong></span> <span class='ocrx_word' id='word_1_50' title='bbox 340 978 442 1050; x_wconf 88' lang='lat' dir='ltr'><strong>qui</strong></span> <span class='ocrx_word' id='word_1_51' title='bbox 474 979 544 1032; x_wconf 86' lang='lat' dir='ltr'><strong>ad</strong></span> <span class='ocrx_word' id='word_1_52' title='bbox 584 978 811 1034; x_wconf 90' lang='lat' dir='ltr'><strong>Domini</strong></span> <span class='ocrx_word' id='word_1_53' title='bbox 845 978 1167 1051; x_wconf 78' lang='lat' dir='ltr'><strong>penetralia</strong></span> <span class='ocrx_word' id='word_1_54' title='bbox 1211 979 1520 1053; x_wconf 88' lang='lat' dir='ltr'><strong>negligunt</strong></span> <span class='ocrx_word' id='word_1_55' title='bbox 1563 979 1886 1062; x_wconf 59' lang='lat' dir='ltr'><strong>pervenire,</strong></span> 
     </span>
    </p>
   </div>
   <div class='ocr_carea' id='block_1_11' title="bbox 223 1067 1886 1140">
    <p class='ocr_par' dir='ltr' id='par_1_11' title="bbox 223 1067 1886 1140">
     <span class='ocr_line' id='line_1_11' title="bbox 223 1067 1886 1140; baseline 0.001 -17"><span class='ocrx_word' id='word_1_56' title='bbox 223 1072 286 1123; x_wconf 90' lang='lat' dir='ltr'><strong>ut</strong></span> <span class='ocrx_word' id='word_1_57' title='bbox 315 1067 378 1122; x_wconf 91' lang='lat' dir='ltr'><strong>in</strong></span> <span class='ocrx_word' id='word_1_58' title='bbox 407 1067 582 1123; x_wconf 90' lang='lat' dir='ltr'><strong>domo</strong></span> <span class='ocrx_word' id='word_1_59' title='bbox 613 1068 741 1139; x_wconf 82' lang='lat' dir='ltr'><strong>ejus</strong></span> <span class='ocrx_word' id='word_1_60' title='bbox 773 1083 908 1122; x_wconf 89' lang='lat' dir='ltr'><strong>cum</strong></span> <span class='ocrx_word' id='word_1_61' title='bbox 935 1067 1206 1124; x_wconf 81' lang='lat' dir='ltr'><strong>ﬁdelibus</strong></span> <span class='ocrx_word' id='word_1_62' title='bbox 1227 1068 1492 1124; x_wconf 82' lang='lat' dir='ltr'><strong>habitare</strong></span> <span class='ocrx_word' id='word_1_63' title='bbox 1518 1069 1886 1140; x_wconf 69' lang='lat' dir='ltr'><strong>praevaleant,</strong></span> 
     </span>
    </p>
   </div>
   <div class='ocr_carea' id='block_1_12' title="bbox 223 1154 1886 1231">
    <p class='ocr_par' dir='ltr' id='par_1_12' title="bbox 223 1154 1886 1231">
     <span class='ocr_line' id='line_1_12' title="bbox 223 1154 1886 1231; baseline 0.002 -20"><span class='ocrx_word' id='word_1_64' title='bbox 223 1154 510 1212; x_wconf 86' lang='lat' dir='ltr'><strong>Dominus</strong></span> <span class='ocrx_word' id='word_1_65' title='bbox 543 1173 642 1212; x_wconf 90' lang='lat' dir='ltr'><strong>eos</strong></span> <span class='ocrx_word' id='word_1_66' title='bbox 673 1156 1082 1230; x_wconf 88' lang='lat' dir='ltr'><strong>convertit,qui</strong></span> <span class='ocrx_word' id='word_1_67' title='bbox 1108 1158 1280 1213; x_wconf 81' lang='lat' dir='ltr'><strong>fidem</strong></span> <span class='ocrx_word' id='word_1_68' title='bbox 1301 1175 1470 1214; x_wconf 88' lang='lat' dir='ltr'><strong>suam</strong></span> <span class='ocrx_word' id='word_1_69' title='bbox 1504 1158 1762 1214; x_wconf 89' lang='lat' dir='ltr'><strong>humano</strong></span> <span class='ocrx_word' id='word_1_70' title='bbox 1792 1175 1886 1231; x_wconf 86' lang='lat' dir='ltr'><strong>ge-</strong></span> 
     </span>
    </p>
   </div>
   <div class='ocr_carea' id='block_1_13' title="bbox 223 1243 1886 1320">
    <p class='ocr_par' dir='ltr' id='par_1_13' title="bbox 223 1243 1886 1320">
     <span class='ocr_line' id='line_1_13' title="bbox 223 1243 1886 1320; baseline 0.002 -20"><span class='ocrx_word' id='word_1_71' title='bbox 223 1244 342 1300; x_wconf 85' lang='lat' dir='ltr'><strong>neri</strong></span> <span class='ocrx_word' id='word_1_72' title='bbox 378 1244 697 1301; x_wconf 80' lang='lat' dir='ltr'><strong>miseratus</strong></span> <span class='ocrx_word' id='word_1_73' title='bbox 726 1243 1010 1318; x_wconf 82' lang='lat' dir='ltr'><strong>indulget,</strong></span> <span class='ocrx_word' id='word_1_74' title='bbox 1042 1244 1170 1320; x_wconf 91' lang='lat' dir='ltr'><strong>ipsa</strong></span> <span class='ocrx_word' id='word_1_75' title='bbox 1201 1250 1292 1302; x_wconf 87' lang='lat' dir='ltr'><strong>est</strong></span> <span class='ocrx_word' id='word_1_76' title='bbox 1327 1245 1487 1303; x_wconf 90' lang='lat' dir='ltr'><strong>enim</strong></span> <span class='ocrx_word' id='word_1_77' title='bbox 1519 1246 1709 1319; x_wconf 90' lang='lat' dir='ltr'><strong>gratia</strong></span> <span class='ocrx_word' id='word_1_78' title='bbox 1757 1265 1886 1320; x_wconf 68' lang='lat' dir='ltr'><strong>quas</strong></span> 
     </span>
    </p>
   </div>
   <div class='ocr_carea' id='block_1_14' title="bbox 218 1334 634 1408">
    <p class='ocr_par' dir='ltr' id='par_1_14' title="bbox 218 1334 634 1408">
     <span class='ocr_line' id='line_1_14' title="bbox 218 1334 634 1408; baseline -0.002 -19"><span class='ocrx_word' id='word_1_79' title='bbox 218 1334 404 1408; x_wconf 80' lang='lat' dir='ltr'><strong>gratis</strong></span> <span class='ocrx_word' id='word_1_80' title='bbox 436 1335 634 1389; x_wconf 88' lang='lat' dir='ltr'><strong>datur.</strong></span> 
     </span>
    </p>
   </div>
   <div class='ocr_carea' id='block_1_15' title="bbox 215 1423 1412 1496">
    <p class='ocr_par' dir='ltr' id='par_1_15' title="bbox 215 1423 1412 1496">
     <span class='ocr_line' id='line_1_15' title="bbox 215 1423 1412 1496; baseline 0.001 -16"><span class='ocrx_word' id='word_1_81' title='bbox 215 1425 276 1480; x_wconf 85' lang='lat' dir='ltr'><strong>2t</strong></span> <span class='ocrx_word' id='word_1_82' title='bbox 357 1423 680 1479; x_wconf 71' lang='lat' dir='ltr'><strong>Benalictus</strong></span> <span class='ocrx_word' id='word_1_83' title='bbox 713 1424 980 1480; x_wconf 86' lang='lat' dir='ltr'><strong>Dominus</strong></span> <span class='ocrx_word' id='word_1_84' title='bbox 1008 1425 1098 1480; x_wconf 89' lang='lat' dir='ltr'><strong>die</strong></span> <span class='ocrx_word' id='word_1_85' title='bbox 1125 1425 1368 1496; x_wconf 76' lang='lat' dir='ltr'><strong>quotidie</strong></span> <span class='ocrx_word' id='word_1_86' title='bbox 1399 1443 1412 1481; x_wconf 88' lang='lat'><strong>:</strong></span> 
     </span>
    </p>
   </div>
   <div class='ocr_carea' id='block_1_16' title="bbox 354 1512 1888 1585">
    <p class='ocr_par' dir='ltr' id='par_1_16' title="bbox 354 1512 1888 1585">
     <span class='ocr_line' id='line_1_16' title="bbox 354 1512 1888 1585; baseline 0.003 -17"><span class='ocrx_word' id='word_1_87' title='bbox 354 1514 689 1585; x_wconf 83' lang='lat' dir='ltr'><strong>Prosperum</strong></span> <span class='ocrx_word' id='word_1_88' title='bbox 716 1512 821 1570; x_wconf 84' lang='lat' dir='ltr'><strong>iter</strong></span> <span class='ocrx_word' id='word_1_89' title='bbox 845 1515 1009 1585; x_wconf 80' lang='lat' dir='ltr'><strong>faciet</strong></span> <span class='ocrx_word' id='word_1_90' title='bbox 1039 1514 1196 1570; x_wconf 82' lang='lat' dir='ltr'><strong>nobis</strong></span> <span class='ocrx_word' id='word_1_91' title='bbox 1223 1519 1369 1571; x_wconf 89' lang='lat' dir='ltr'><strong>Deus</strong></span> <span class='ocrx_word' id='word_1_92' title='bbox 1408 1515 1739 1572; x_wconf 70' lang='lat' dir='ltr'><strong>salutarium</strong></span> <span class='ocrx_word' id='word_1_93' title='bbox 1767 1532 1888 1573; x_wconf 87' lang='lat' dir='ltr'><strong>nos-</strong></span> 
     </span>
    </p>
   </div>
   <div class='ocr_carea' id='block_1_17' title="bbox 427 1603 1064 1675">
    <p class='ocr_par' dir='ltr' id='par_1_17' title="bbox 427 1603 1064 1675">
     <span class='ocr_line' id='line_1_17' title="bbox 427 1603 1064 1675; baseline 0 -17"><span class='ocrx_word' id='word_1_94' title='bbox 427 1610 692 1659; x_wconf 84' lang='lat' dir='ltr'><strong>strorum.</strong></span> <span class='ocrx_word' id='word_1_95' title='bbox 718 1603 1064 1675; x_wconf 86' lang='lat' dir='ltr'><strong>Diapsalma.</strong></span> 
     </span>
    </p>
   </div>
   <div class='ocr_carea' id='block_1_18' title="bbox 285 1691 1887 1765">
    <p class='ocr_par' dir='ltr' id='par_1_18' title="bbox 285 1691 1887 1765">
     <span class='ocr_line' id='line_1_18' title="bbox 285 1691 1887 1765; baseline 0.004 -19"><span class='ocrx_word' id='word_1_96' title='bbox 285 1693 326 1745; x_wconf 91' lang='lat' dir='ltr'>C</span> <span class='ocrx_word' id='word_1_97' title='bbox 359 1691 708 1747; x_wconf 80' lang='lat' dir='ltr'><strong>Benedictus</strong></span> <span class='ocrx_word' id='word_1_98' title='bbox 741 1691 1047 1761; x_wconf 90' lang='lat' dir='ltr'><strong>Dominus,</strong></span> <span class='ocrx_word' id='word_1_99' title='bbox 1083 1691 1138 1747; x_wconf 92' lang='lat' dir='ltr'><strong>id</strong></span> <span class='ocrx_word' id='word_1_100' title='bbox 1171 1695 1259 1749; x_wconf 90' lang='lat' dir='ltr'><strong>est</strong></span> <span class='ocrx_word' id='word_1_101' title='bbox 1287 1693 1516 1751; x_wconf 89' lang='lat' dir='ltr'><strong>cunctis</strong></span> <span class='ocrx_word' id='word_1_102' title='bbox 1531 1694 1887 1765; x_wconf 86' lang='lat' dir='ltr'><strong>diebus,om-</strong></span> 
     </span>
    </p>
   </div>
   <div class='ocr_carea' id='block_1_19' title="bbox 222 1781 1884 1857">
    <p class='ocr_par' dir='ltr' id='par_1_19' title="bbox 222 1781 1884 1857">
     <span class='ocr_line' id='line_1_19' title="bbox 222 1781 1884 1857; baseline 0.003 -21"><span class='ocrx_word' id='word_1_103' title='bbox 222 1781 396 1852; x_wconf 88' lang='lat' dir='ltr'><strong>nique</strong></span> <span class='ocrx_word' id='word_1_104' title='bbox 417 1785 682 1853; x_wconf 86' lang='lat' dir='ltr'><strong>tempore</strong></span> <span class='ocrx_word' id='word_1_105' title='bbox 711 1781 1152 1837; x_wconf 88' lang='lat' dir='ltr'><strong>benedicendus</strong></span> <span class='ocrx_word' id='word_1_106' title='bbox 1200 1787 1308 1838; x_wconf 90' lang='lat' dir='ltr'><strong>est.</strong></span> <span class='ocrx_word' id='word_1_107' title='bbox 1347 1784 1457 1839; x_wconf 88' lang='lat' dir='ltr'><strong>lter</strong></span> <span class='ocrx_word' id='word_1_108' title='bbox 1505 1785 1722 1857; x_wconf 88' lang='lat' dir='ltr'><strong>quippe</strong></span> <span class='ocrx_word' id='word_1_109' title='bbox 1754 1803 1884 1841; x_wconf 86' lang='lat' dir='ltr'><strong>cur-</strong></span> 
     </span>
    </p>
   </div>
   <div class='ocr_carea' id='block_1_20' title="bbox 224 1867 1882 1944">
    <p class='ocr_par' dir='ltr' id='par_1_20' title="bbox 224 1867 1882 1944">
     <span class='ocr_line' id='line_1_20' title="bbox 224 1867 1882 1944; baseline 0.003 -19"><span class='ocrx_word' id='word_1_110' title='bbox 224 1885 352 1925; x_wconf 87' lang='lat' dir='ltr'><strong>sum</strong></span> <span class='ocrx_word' id='word_1_111' title='bbox 377 1867 512 1923; x_wconf 69' lang='lat' dir='ltr'><strong>vitze</strong></span> <span class='ocrx_word' id='word_1_112' title='bbox 543 1869 858 1942; x_wconf 82' lang='lat' dir='ltr'><strong>signiﬁcat,</strong></span> <span class='ocrx_word' id='word_1_113' title='bbox 895 1869 994 1942; x_wconf 91' lang='lat' dir='ltr'><strong>qui</strong></span> <span class='ocrx_word' id='word_1_114' title='bbox 1039 1871 1166 1942; x_wconf 89' lang='lat' dir='ltr'><strong>jam</strong></span> <span class='ocrx_word' id='word_1_115' title='bbox 1207 1888 1452 1944; x_wconf 89' lang='lat' dir='ltr'><strong>prosper</strong></span> <span class='ocrx_word' id='word_1_116' title='bbox 1500 1873 1740 1930; x_wconf 69' lang='lat' dir='ltr'><strong>effectus</strong></span> <span class='ocrx_word' id='word_1_117' title='bbox 1771 1879 1882 1942; x_wconf 89' lang='lat' dir='ltr'><strong>est,</strong></span> 
     </span>
    </p>
   </div>
   <div class='ocr_carea' id='block_1_21' title="bbox 2140 530 3469 604">
    <p class='ocr_par' dir='ltr' id='par_1_21' title="bbox 2140 530 3469 604">
     <span class='ocr_line' id='line_1_21' title="bbox 2140 530 3469 604; baseline 0.003 -20"><span class='ocrx_word' id='word_1_118' title='bbox 2140 530 2350 599; x_wconf 84' lang='lat' dir='ltr'><strong>Lingua</strong></span> <span class='ocrx_word' id='word_1_119' title='bbox 2380 545 2579 584; x_wconf 88' lang='lat' dir='ltr'><strong>canum</strong></span> <span class='ocrx_word' id='word_1_120' title='bbox 2607 537 2827 584; x_wconf 87' lang='lat' dir='ltr'><strong>tuor-um</strong></span> <span class='ocrx_word' id='word_1_121' title='bbox 2855 545 2928 585; x_wconf 70' lang='lat' dir='ltr'><strong>ex</strong></span> <span class='ocrx_word' id='word_1_122' title='bbox 2951 530 3198 586; x_wconf 87' lang='lat' dir='ltr'><strong>inimicis</strong></span> <span class='ocrx_word' id='word_1_123' title='bbox 3237 530 3305 587; x_wconf 86' lang='lat' dir='ltr'><strong>ab</strong></span> <span class='ocrx_word' id='word_1_124' title='bbox 3335 533 3469 604; x_wconf 86' lang='lat' dir='ltr'><strong>ipso.</strong></span> 
     </span>
    </p>
   </div>
   <div class='ocr_carea' id='block_1_22' title="bbox 2066 617 3648 696">
    <p class='ocr_par' dir='ltr' id='par_1_22' title="bbox 2066 617 3648 696">
     <span class='ocr_line' id='line_1_22' title="bbox 2066 617 3648 696; baseline 0.004 -23"><span class='ocrx_word' id='word_1_125' title='bbox 2066 618 2106 673; x_wconf 87' lang='lat' dir='ltr'>C</span> <span class='ocrx_word' id='word_1_126' title='bbox 2138 617 2509 689; x_wconf 89' lang='lat' dir='ltr'><strong>Intinguatur</strong></span> <span class='ocrx_word' id='word_1_127' title='bbox 2524 633 2627 689; x_wconf 86' lang='lat' dir='ltr'><strong>pes</strong></span> <span class='ocrx_word' id='word_1_128' title='bbox 2652 618 2872 685; x_wconf 89' lang='lat' dir='ltr'><strong>tuus,id</strong></span> <span class='ocrx_word' id='word_1_129' title='bbox 2904 622 2992 674; x_wconf 89' lang='lat' dir='ltr'><strong>est</strong></span> <span class='ocrx_word' id='word_1_130' title='bbox 3008 619 3157 675; x_wconf 90' lang='lat' dir='ltr'><strong>actio</strong></span> <span class='ocrx_word' id='word_1_131' title='bbox 3179 619 3315 676; x_wconf 92' lang='lat' dir='ltr'><strong>boni</strong></span> <span class='ocrx_word' id='word_1_132' title='bbox 3343 623 3648 696; x_wconf 86' lang='lat' dir='ltr'><strong>propositi,</strong></span> 
     </span>
    </p>
   </div>
   <div class='ocr_carea' id='block_1_23' title="bbox 1996 706 3648 782">
    <p class='ocr_par' dir='ltr' id='par_1_23' title="bbox 1996 706 3648 782">
     <span class='ocr_line' id='line_1_23' title="bbox 1996 706 3648 782; baseline 0.005 -21"><span class='ocrx_word' id='word_1_133' title='bbox 1996 723 2184 778; x_wconf 89' lang='lat' dir='ltr'><strong>usque</strong></span> <span class='ocrx_word' id='word_1_134' title='bbox 2224 707 2294 762; x_wconf 88' lang='lat' dir='ltr'><strong>ad</strong></span> <span class='ocrx_word' id='word_1_135' title='bbox 2352 706 2700 780; x_wconf 87' lang='lat' dir='ltr'><strong>sanguinem</strong></span> <span class='ocrx_word' id='word_1_136' title='bbox 2733 707 2968 779; x_wconf 84' lang='lat' dir='ltr'><strong>gloriosi</strong></span> <span class='ocrx_word' id='word_1_137' title='bbox 3019 709 3279 782; x_wconf 77' lang='lat' dir='ltr'><strong>martyrii</strong></span> <span class='ocrx_word' id='word_1_138' title='bbox 3332 714 3648 782; x_wconf 89' lang='lat' dir='ltr'><strong>perveniat.</strong></span> 
     </span>
    </p>
   </div>
   <div class='ocr_carea' id='block_1_24' title="bbox 1998 794 3648 868">
    <p class='ocr_par' dir='ltr' id='par_1_24' title="bbox 1998 794 3648 868">
     <span class='ocr_line' id='line_1_24' title="bbox 1998 794 3648 868; baseline 0.004 -17"><span class='ocrx_word' id='word_1_139' title='bbox 1998 795 2096 851; x_wconf 91' lang='lat' dir='ltr'><strong>Isti</strong></span> <span class='ocrx_word' id='word_1_140' title='bbox 2128 794 2282 850; x_wconf 89' lang='lat' dir='ltr'><strong>enim</strong></span> <span class='ocrx_word' id='word_1_141' title='bbox 2314 811 2485 851; x_wconf 84' lang='lat' dir='ltr'><strong>canes</strong></span> <span class='ocrx_word' id='word_1_142' title='bbox 2511 811 2613 868; x_wconf 90' lang='lat' dir='ltr'><strong>pro</strong></span> <span class='ocrx_word' id='word_1_143' title='bbox 2665 795 2902 852; x_wconf 90' lang='lat' dir='ltr'><strong>domino</strong></span> <span class='ocrx_word' id='word_1_144' title='bbox 2950 796 3164 853; x_wconf 86' lang='lat' dir='ltr'><strong>latrare</strong></span> <span class='ocrx_word' id='word_1_145' title='bbox 3203 815 3315 854; x_wconf 92' lang='lat' dir='ltr'><strong>non</strong></span> <span class='ocrx_word' id='word_1_146' title='bbox 3351 801 3648 868; x_wconf 88' lang='lat' dir='ltr'><strong>desinunt,</strong></span> 
     </span>
    </p>
   </div>
   <div class='ocr_carea' id='block_1_25' title="bbox 1996 884 3650 960">
    <p class='ocr_par' dir='ltr' id='par_1_25' title="bbox 1996 884 3650 960">
     <span class='ocr_line' id='line_1_25' title="bbox 1996 884 3650 960; baseline 0.004 -21"><span class='ocrx_word' id='word_1_147' title='bbox 1996 885 2099 956; x_wconf 91' lang='lat' dir='ltr'>qui</span> <span class='ocrx_word' id='word_1_148' title='bbox 2131 901 2305 940; x_wconf 89' lang='lat' dir='ltr'><strong>canes</strong></span> <span class='ocrx_word' id='word_1_149' title='bbox 2327 884 2604 940; x_wconf 90' lang='lat' dir='ltr'><strong>dicuntur</strong></span> <span class='ocrx_word' id='word_1_150' title='bbox 2632 903 2696 941; x_wconf 83' lang='lat' dir='ltr'><strong>ex</strong></span> <span class='ocrx_word' id='word_1_151' title='bbox 2730 885 2984 942; x_wconf 90' lang='lat' dir='ltr'><strong>inimicis</strong></span> <span class='ocrx_word' id='word_1_152' title='bbox 3019 903 3030 942; x_wconf 93' lang='lat'>:</span> <span class='ocrx_word' id='word_1_153' title='bbox 3065 887 3203 959; x_wconf 90' lang='lat' dir='ltr'><strong>quia</strong></span> <span class='ocrx_word' id='word_1_154' title='bbox 3233 889 3397 960; x_wconf 88' lang='lat' dir='ltr'><strong>prius</strong></span> <span class='ocrx_word' id='word_1_155' title='bbox 3426 889 3650 946; x_wconf 89' lang='lat' dir='ltr'><strong>inimici</strong></span> 
     </span>
    </p>
   </div>
   <div class='ocr_carea' id='block_1_26' title="bbox 1999 973 3649 1046">
    <p class='ocr_par' dir='ltr' id='par_1_26' title="bbox 1999 973 3649 1046">
     <span class='ocr_line' id='line_1_26' title="bbox 1999 973 3649 1046; baseline 0.005 -18"><span class='ocrx_word' id='word_1_156' title='bbox 1999 973 2356 1046; x_wconf 82' lang='lat' dir='ltr'><strong>fuerunt,qui</strong></span> <span class='ocrx_word' id='word_1_157' title='bbox 2389 978 2590 1045; x_wconf 86' lang='lat' dir='ltr'><strong>postea</strong></span> <span class='ocrx_word' id='word_1_158' title='bbox 2619 974 2960 1031; x_wconf 89' lang='lat' dir='ltr'><strong>clamorosis</strong></span> <span class='ocrx_word' id='word_1_159' title='bbox 2992 975 3300 1032; x_wconf 84' lang='lat' dir='ltr'><strong>latratibus</strong></span> <span class='ocrx_word' id='word_1_160' title='bbox 3331 977 3649 1036; x_wconf 86' lang='lat' dir='ltr'><strong>Ecclesiam</strong></span> 
     </span>
    </p>
   </div>
   <div class='ocr_carea' id='block_1_27' title="bbox 1997 1063 3651 1139">
    <p class='ocr_par' dir='ltr' id='par_1_27' title="bbox 1997 1063 3651 1139">
     <span class='ocr_line' id='line_1_27' title="bbox 1997 1063 3651 1139; baseline 0.003 -20"><span class='ocrx_word' id='word_1_161' title='bbox 1997 1063 2097 1119; x_wconf 91' lang='lat' dir='ltr'><strong>Dei</strong></span> <span class='ocrx_word' id='word_1_162' title='bbox 2129 1063 2534 1119; x_wconf 80' lang='lat' dir='ltr'><strong>defendebant.</strong></span> <span class='ocrx_word' id='word_1_163' title='bbox 2562 1063 2644 1118; x_wconf 79' lang='lat' dir='ltr'><strong>Ab</strong></span> <span class='ocrx_word' id='word_1_164' title='bbox 2679 1064 2824 1136; x_wconf 85' lang='lat' dir='ltr'><strong>ipso,</strong></span> <span class='ocrx_word' id='word_1_165' title='bbox 2861 1064 3061 1137; x_wconf 87' lang='lat' dir='ltr'><strong>utique</strong></span> <span class='ocrx_word' id='word_1_166' title='bbox 3095 1070 3226 1134; x_wconf 91' lang='lat' dir='ltr'><strong>Deo,</strong></span> <span class='ocrx_word' id='word_1_167' title='bbox 3251 1067 3348 1139; x_wconf 92' lang='lat' dir='ltr'>qui</span> <span class='ocrx_word' id='word_1_168' title='bbox 3382 1083 3651 1124; x_wconf 87' lang='lat' dir='ltr'><strong>amarum</strong></span> 
     </span>
    </p>
   </div>
   <div class='ocr_carea' id='block_1_28' title="bbox 1995 1151 3655 1231">
    <p class='ocr_par' dir='ltr' id='par_1_28' title="bbox 1995 1151 3655 1231">
     <span class='ocr_line' id='line_1_28' title="bbox 1995 1151 3655 1231; baseline 0.005 -25"><span class='ocrx_word' id='word_1_169' title='bbox 1995 1152 2167 1207; x_wconf 82' lang='lat' dir='ltr'><strong>vertit</strong></span> <span class='ocrx_word' id='word_1_170' title='bbox 2199 1152 2258 1208; x_wconf 91' lang='lat' dir='ltr'><strong>in</strong></span> <span class='ocrx_word' id='word_1_171' title='bbox 2289 1151 2683 1219; x_wconf 89' lang='lat' dir='ltr'><strong>dulcedinem,</strong></span> <span class='ocrx_word' id='word_1_172' title='bbox 2717 1153 2790 1208; x_wconf 92' lang='lat' dir='ltr'><strong>ab</strong></span> <span class='ocrx_word' id='word_1_173' title='bbox 2821 1153 2948 1226; x_wconf 89' lang='lat' dir='ltr'><strong>ipso</strong></span> <span class='ocrx_word' id='word_1_174' title='bbox 2984 1158 3041 1210; x_wconf 89' lang='lat' dir='ltr'><strong>et</strong></span> <span class='ocrx_word' id='word_1_175' title='bbox 3070 1155 3234 1211; x_wconf 91' lang='lat' dir='ltr'><strong>nullo</strong></span> <span class='ocrx_word' id='word_1_176' title='bbox 3265 1155 3401 1224; x_wconf 89' lang='lat' dir='ltr'><strong>alio,</strong></span> <span class='ocrx_word' id='word_1_177' title='bbox 3453 1155 3655 1231; x_wconf 83' lang='lat' dir='ltr'><strong>lingua</strong></span> 
     </span>
    </p>
   </div>
   <div class='ocr_carea' id='block_1_29' title="bbox 1994 1240 3364 1301">
    <p class='ocr_par' dir='ltr' id='par_1_29' title="bbox 1994 1240 3364 1301">
     <span class='ocr_line' id='line_1_29' title="bbox 1994 1240 3364 1301; baseline 0.004 -6"><span class='ocrx_word' id='word_1_178' title='bbox 1994 1240 2096 1296; x_wconf 90' lang='lat' dir='ltr'><strong>illa</strong></span> <span class='ocrx_word' id='word_1_179' title='bbox 2122 1258 2336 1297; x_wconf 89' lang='lat' dir='ltr'><strong>canum</strong></span> <span class='ocrx_word' id='word_1_180' title='bbox 2366 1259 2433 1298; x_wconf 86' lang='lat' dir='ltr'><strong>ex</strong></span> <span class='ocrx_word' id='word_1_181' title='bbox 2465 1241 2720 1299; x_wconf 90' lang='lat' dir='ltr'><strong>inimicis</strong></span> <span class='ocrx_word' id='word_1_182' title='bbox 2753 1259 2766 1298; x_wconf 88' lang='lat'>:</span> <span class='ocrx_word' id='word_1_183' title='bbox 2803 1243 2953 1300; x_wconf 86' lang='lat' dir='ltr'><strong>facta</strong></span> <span class='ocrx_word' id='word_1_184' title='bbox 2978 1250 3066 1300; x_wconf 89' lang='lat' dir='ltr'><strong>est</strong></span> <span class='ocrx_word' id='word_1_185' title='bbox 3088 1245 3364 1301; x_wconf 89' lang='lat' dir='ltr'><strong>salubris.</strong></span> 
     </span>
    </p>
   </div>
   <div class='ocr_carea' id='block_1_30' title="bbox 1995 1331 3070 1402">
    <p class='ocr_par' dir='ltr' id='par_1_30' title="bbox 1995 1331 3070 1402">
     <span class='ocr_line' id='line_1_30' title="bbox 1995 1331 3070 1402; baseline 0.003 -16"><span class='ocrx_word' id='word_1_186' title='bbox 1995 1332 2066 1386; x_wconf 86' lang='lat'><strong>26</strong></span> <span class='ocrx_word' id='word_1_187' title='bbox 2142 1331 2402 1388; x_wconf 85' lang='lat' dir='ltr'><strong>Viderunt</strong></span> <span class='ocrx_word' id='word_1_188' title='bbox 2435 1333 2711 1402; x_wconf 86' lang='lat' dir='ltr'><strong>ingressus</strong></span> <span class='ocrx_word' id='word_1_189' title='bbox 2731 1339 2850 1388; x_wconf 84' lang='lat' dir='ltr'><strong>tuos</strong></span> <span class='ocrx_word' id='word_1_190' title='bbox 2877 1335 3020 1389; x_wconf 88' lang='lat' dir='ltr'><strong>Deus</strong></span> <span class='ocrx_word' id='word_1_191' title='bbox 3051 1352 3070 1388; x_wconf 75' lang='lat'><strong>.-</strong></span> 
     </span>
    </p>
   </div>
   <div class='ocr_carea' id='block_1_31' title="bbox 2141 1421 3655 1496">
    <p class='ocr_par' dir='ltr' id='par_1_31' title="bbox 2141 1421 3655 1496">
     <span class='ocr_line' id='line_1_31' title="bbox 2141 1421 3655 1496; baseline 0.004 -21"><span class='ocrx_word' id='word_1_192' title='bbox 2141 1421 2419 1492; x_wconf 85' lang='lat' dir='ltr'><strong>Ingressus</strong></span> <span class='ocrx_word' id='word_1_193' title='bbox 2473 1423 2577 1478; x_wconf 87' lang='lat' dir='ltr'><strong>Dei</strong></span> <span class='ocrx_word' id='word_1_194' title='bbox 2633 1423 2762 1478; x_wconf 89' lang='lat' dir='ltr'><strong>mei.</strong></span> <span class='ocrx_word' id='word_1_195' title='bbox 2820 1423 2973 1494; x_wconf 82' lang='lat' dir='ltr'><strong>Regis</strong></span> <span class='ocrx_word' id='word_1_196' title='bbox 3028 1424 3359 1496; x_wconf 70' lang='lat' dir='ltr'><strong>mei,+qui</strong></span> <span class='ocrx_word' id='word_1_197' title='bbox 3385 1433 3462 1480; x_wconf 90' lang='lat' dir='ltr'><strong>est</strong></span> <span class='ocrx_word' id='word_1_198' title='bbox 3521 1435 3535 1493; x_wconf 76' lang='grc' dir='ltr'>ζ</span> <span class='ocrx_word' id='word_1_199' title='bbox 3595 1428 3655 1481; x_wconf 88' lang='lat' dir='ltr'><strong>in</strong></span> 
     </span>
    </p>
   </div>
   <div class='ocr_carea' id='block_1_32' title="bbox 2209 1517 2413 1566">
    <p class='ocr_par' dir='ltr' id='par_1_32' title="bbox 2209 1517 2413 1566">
     <span class='ocr_line' id='line_1_32' title="bbox 2209 1517 2413 1566; baseline 0.005 -1"><span class='ocrx_word' id='word_1_200' title='bbox 2209 1517 2413 1566; x_wconf 88' lang='lat' dir='ltr'><strong>sancto.</strong></span> 
     </span>
    </p>
   </div>
   <div class='ocr_carea' id='block_1_33' title="bbox 2071 1598 3656 1676">
    <p class='ocr_par' dir='ltr' id='par_1_33' title="bbox 2071 1598 3656 1676">
     <span class='ocr_line' id='line_1_33' title="bbox 2071 1598 3656 1676; baseline 0.003 -20"><span class='ocrx_word' id='word_1_201' title='bbox 2071 1599 2112 1656; x_wconf 93' lang='lat' dir='ltr'>C</span> <span class='ocrx_word' id='word_1_202' title='bbox 2140 1598 2428 1655; x_wconf 86' lang='lat' dir='ltr'><strong>Viderunt</strong></span> <span class='ocrx_word' id='word_1_203' title='bbox 2452 1599 2756 1672; x_wconf 88' lang='lat' dir='ltr'><strong>ingressus</strong></span> <span class='ocrx_word' id='word_1_204' title='bbox 2783 1603 2914 1656; x_wconf 89' lang='lat' dir='ltr'><strong>tuos</strong></span> <span class='ocrx_word' id='word_1_205' title='bbox 2939 1600 3060 1658; x_wconf 89' lang='lat' dir='ltr'><strong>sive</strong></span> <span class='ocrx_word' id='word_1_206' title='bbox 3081 1601 3374 1674; x_wconf 88' lang='lat' dir='ltr'><strong>assumpti</strong></span> <span class='ocrx_word' id='word_1_207' title='bbox 3394 1604 3656 1676; x_wconf 90' lang='lat' dir='ltr'><strong>corporis</strong></span> 
     </span>
    </p>
   </div>
   <div class='ocr_carea' id='block_1_34' title="bbox 1999 1688 3656 1763">
    <p class='ocr_par' dir='ltr' id='par_1_34' title="bbox 1999 1688 3656 1763">
     <span class='ocr_line' id='line_1_34' title="bbox 1999 1688 3656 1763; baseline 0.003 -19"><span class='ocrx_word' id='word_1_208' title='bbox 1999 1689 2247 1745; x_wconf 89' lang='lat' dir='ltr'><strong>formam</strong></span> <span class='ocrx_word' id='word_1_209' title='bbox 2282 1706 2295 1743; x_wconf 88' lang='lat'>:</span> <span class='ocrx_word' id='word_1_210' title='bbox 2331 1689 2451 1744; x_wconf 91' lang='lat' dir='ltr'><strong>sive</strong></span> <span class='ocrx_word' id='word_1_211' title='bbox 2481 1688 2725 1762; x_wconf 87' lang='lat' dir='ltr'><strong>vestigia</strong></span> <span class='ocrx_word' id='word_1_212' title='bbox 2741 1689 3192 1761; x_wconf 68' lang='lat' dir='ltr'><strong>praedicationis,</strong></span> <span class='ocrx_word' id='word_1_213' title='bbox 3217 1689 3434 1763; x_wconf 86' lang='lat' dir='ltr'><strong>quibus</strong></span> <span class='ocrx_word' id='word_1_214' title='bbox 3467 1691 3526 1748; x_wconf 91' lang='lat' dir='ltr'><strong>in</strong></span> <span class='ocrx_word' id='word_1_215' title='bbox 3549 1692 3656 1749; x_wconf 89' lang='lat' dir='ltr'><strong>hoc</strong></span> 
     </span>
    </p>
   </div>
   <div class='ocr_carea' id='block_1_35' title="bbox 1999 1777 3653 1853">
    <p class='ocr_par' dir='ltr' id='par_1_35' title="bbox 1999 1777 3653 1853">
     <span class='ocr_line' id='line_1_35' title="bbox 1999 1777 3653 1853; baseline 0.003 -20"><span class='ocrx_word' id='word_1_216' title='bbox 1999 1778 2218 1834; x_wconf 90' lang='lat' dir='ltr'><strong>mundo</strong></span> <span class='ocrx_word' id='word_1_217' title='bbox 2250 1777 2472 1834; x_wconf 88' lang='lat' dir='ltr'><strong>sanctis</strong></span> <span class='ocrx_word' id='word_1_218' title='bbox 2501 1778 2804 1849; x_wconf 86' lang='lat' dir='ltr'><strong>gressibus</strong></span> <span class='ocrx_word' id='word_1_219' title='bbox 2835 1778 3176 1835; x_wconf 87' lang='lat' dir='ltr'><strong>ambulavit.</strong></span> <span class='ocrx_word' id='word_1_220' title='bbox 3196 1779 3295 1836; x_wconf 89' lang='lat' dir='ltr'><strong>Dei</strong></span> <span class='ocrx_word' id='word_1_221' title='bbox 3319 1780 3433 1835; x_wconf 91' lang='lat' dir='ltr'><strong>mei</strong></span> <span class='ocrx_word' id='word_1_222' title='bbox 3478 1780 3653 1853; x_wconf 87' lang='lat' dir='ltr'><strong>regis,</strong></span> 
     </span>
    </p>
   </div>
   <div class='ocr_carea' id='block_1_36' title="bbox 1997 1866 3658 1941">
    <p class='ocr_par' dir='ltr' id='par_1_36' title="bbox 1997 1866 3658 1941">
     <span class='ocr_line' id='line_1_36' title="bbox 1997 1866 3658 1941; baseline 0.002 -18"><span class='ocrx_word' id='word_1_223' title='bbox 1997 1866 2137 1939; x_wconf 85' lang='lat' dir='ltr'><strong>quia</strong></span> <span class='ocrx_word' id='word_1_224' title='bbox 2185 1867 2308 1938; x_wconf 90' lang='lat' dir='ltr'><strong>ipse</strong></span> <span class='ocrx_word' id='word_1_225' title='bbox 2337 1871 2427 1923; x_wconf 89' lang='lat' dir='ltr'><strong>est</strong></span> <span class='ocrx_word' id='word_1_226' title='bbox 2476 1883 2594 1933; x_wconf 86' lang='lat' dir='ltr'><strong>rex,</strong></span> <span class='ocrx_word' id='word_1_227' title='bbox 2645 1868 2744 1939; x_wconf 91' lang='lat' dir='ltr'>qui</span> <span class='ocrx_word' id='word_1_228' title='bbox 2790 1868 2850 1923; x_wconf 92' lang='lat' dir='ltr'><strong>in</strong></span> <span class='ocrx_word' id='word_1_229' title='bbox 2882 1867 3055 1924; x_wconf 89' lang='lat' dir='ltr'><strong>titulo</strong></span> <span class='ocrx_word' id='word_1_230' title='bbox 3085 1868 3342 1941; x_wconf 88' lang='lat' dir='ltr'><strong>scriptus</strong></span> <span class='ocrx_word' id='word_1_231' title='bbox 3378 1874 3505 1927; x_wconf 88' lang='lat' dir='ltr'><strong>est:</strong></span> <span class='ocrx_word' id='word_1_232' title='bbox 3539 1871 3658 1927; x_wconf 80' lang='lat' dir='ltr'><strong>Rex</strong></span> 
     </span>
    </p>
   </div>
   <div class='ocr_carea' id='block_1_37' title="bbox 225 1955 3657 2035">
    <p class='ocr_par' dir='ltr' id='par_1_37' title="bbox 225 1955 3657 2035">
     <span class='ocr_line' id='line_1_37' title="bbox 225 1955 3657 2035; baseline 0.001 -23"><span class='ocrx_word' id='word_1_233' title='bbox 225 1958 504 2030; x_wconf 89' lang='lat' dir='ltr'><strong>quoniam</strong></span> <span class='ocrx_word' id='word_1_234' title='bbox 539 1958 987 2032; x_wconf 81' lang='lat' dir='ltr'><strong>Redemptorem</strong></span> <span class='ocrx_word' id='word_1_235' title='bbox 1034 1977 1210 2015; x_wconf 88' lang='lat' dir='ltr'><strong>suum</strong></span> <span class='ocrx_word' id='word_1_236' title='bbox 1259 1962 1517 2017; x_wconf 91' lang='lat' dir='ltr'><strong>mundus</strong></span> <span class='ocrx_word' id='word_1_237' title='bbox 1550 1963 1801 2035; x_wconf 78' lang='lat' dir='ltr'><strong>agnovit.</strong></span> <span class='ocrx_word' id='word_1_238' title='bbox 1837 1965 1882 2020; x_wconf 87' lang='grc' dir='ltr'><em>Η</em></span> <span class='ocrx_word' id='word_1_239' title='bbox 1994 1956 2355 2012; x_wconf 66' lang='lat' dir='ltr'><strong>Judaeorum.</strong></span> <span class='ocrx_word' id='word_1_240' title='bbox 2393 1956 2540 2011; x_wconf 80' lang='lat' dir='ltr'><strong>Dicit</strong></span> <span class='ocrx_word' id='word_1_241' title='bbox 2570 1972 2704 2011; x_wconf 88' lang='lat' dir='ltr'><strong>vero</strong></span> <span class='ocrx_word' id='word_1_242' title='bbox 2737 1957 2995 2012; x_wconf 88' lang='lat' dir='ltr'><strong>secundo</strong></span> <span class='ocrx_word' id='word_1_243' title='bbox 3017 1955 3497 2030; x_wconf 87' lang='lat' dir='ltr'><strong>ingressus,quia</strong></span> <span class='ocrx_word' id='word_1_244' title='bbox 3529 1959 3657 2032; x_wconf 87' lang='lat' dir='ltr'><strong>ipse</strong></span> 
     </span>
    </p>
   </div>
   <div class='ocr_carea' id='block_1_38' title="bbox 224 2044 3654 2124">
    <p class='ocr_par' dir='ltr' id='par_1_38' title="bbox 224 2044 3654 2124">
     <span class='ocr_line' id='line_1_38' title="bbox 224 2044 3654 2124; baseline 0.001 -22"><span class='ocrx_word' id='word_1_245' title='bbox 224 2047 521 2102; x_wconf 82' lang='lat' dir='ltr'><strong>Benedicit</strong></span> <span class='ocrx_word' id='word_1_246' title='bbox 565 2047 913 2104; x_wconf 86' lang='lat' dir='ltr'><strong>salutarium</strong></span> <span class='ocrx_word' id='word_1_247' title='bbox 961 2048 1281 2120; x_wconf 86' lang='lat' dir='ltr'><strong>pluraliter,</strong></span> <span class='ocrx_word' id='word_1_248' title='bbox 1307 2068 1342 2106; x_wconf 88' lang='lat' dir='ltr'><strong>a</strong></span> <span class='ocrx_word' id='word_1_249' title='bbox 1406 2068 1521 2124; x_wconf 89' lang='lat' dir='ltr'><strong>quo</strong></span> <span class='ocrx_word' id='word_1_250' title='bbox 1553 2056 1638 2107; x_wconf 86' lang='lat' dir='ltr'><strong>tot</strong></span> <span class='ocrx_word' id='word_1_251' title='bbox 1666 2052 1888 2109; x_wconf 79' lang='lat' dir='ltr'><strong>salutes</strong></span> <span class='ocrx_word' id='word_1_252' title='bbox 1997 2045 2056 2100; x_wconf 91' lang='lat' dir='ltr'><strong>in</strong></span> <span class='ocrx_word' id='word_1_253' title='bbox 2089 2045 2199 2100; x_wconf 91' lang='lat' dir='ltr'><strong>hoc</strong></span> <span class='ocrx_word' id='word_1_254' title='bbox 2230 2045 2451 2100; x_wconf 92' lang='lat' dir='ltr'><strong>mundo</strong></span> <span class='ocrx_word' id='word_1_255' title='bbox 2483 2044 2816 2116; x_wconf 89' lang='lat' dir='ltr'><strong>specialiter</strong></span> <span class='ocrx_word' id='word_1_256' title='bbox 2843 2049 2932 2100; x_wconf 89' lang='lat' dir='ltr'><strong>est</strong></span> <span class='ocrx_word' id='word_1_257' title='bbox 2959 2044 3283 2118; x_wconf 88' lang='lat' dir='ltr'><strong>ingressus.</strong></span> <span class='ocrx_word' id='word_1_258' title='bbox 3319 2046 3364 2101; x_wconf 90' lang='lat' dir='ltr'>H</span> <span class='ocrx_word' id='word_1_259' title='bbox 3415 2047 3519 2102; x_wconf 90' lang='lat' dir='ltr'><strong>Vel</strong></span> <span class='ocrx_word' id='word_1_260' title='bbox 3564 2047 3654 2104; x_wconf 85' lang='lat' dir='ltr'><strong>in-</strong></span> 
     </span>
    </p>
   </div>
   <div class='ocr_carea' id='block_1_39' title="bbox 225 2133 3653 2213">
    <p class='ocr_par' dir='ltr' id='par_1_39' title="bbox 225 2133 3653 2213">
     <span class='ocr_line' id='line_1_39' title="bbox 225 2133 3653 2213; baseline -0.001 -17"><span class='ocrx_word' id='word_1_261' title='bbox 225 2136 538 2205; x_wconf 76' lang='lat' dir='ltr'><strong>habemus,</strong></span> <span class='ocrx_word' id='word_1_262' title='bbox 576 2142 718 2208; x_wconf 84' lang='lat' dir='ltr'><strong>quot</strong></span> <span class='ocrx_word' id='word_1_263' title='bbox 747 2143 983 2209; x_wconf 83' lang='lat' dir='ltr'><strong>peccata</strong></span> <span class='ocrx_word' id='word_1_264' title='bbox 1008 2139 1440 2211; x_wconf 88' lang='lat' dir='ltr'><strong>commisimus,</strong></span> <span class='ocrx_word' id='word_1_265' title='bbox 1469 2140 1540 2196; x_wconf 90' lang='lat' dir='ltr'><strong>ab</strong></span> <span class='ocrx_word' id='word_1_266' title='bbox 1572 2141 1697 2213; x_wconf 89' lang='lat' dir='ltr'><strong>ipso</strong></span> <span class='ocrx_word' id='word_1_267' title='bbox 1728 2143 1885 2197; x_wconf 90' lang='lat' dir='ltr'><strong>enim</strong></span> <span class='ocrx_word' id='word_1_268' title='bbox 1997 2149 2237 2207; x_wconf 85' lang='lat' dir='ltr'><strong>gressus</strong></span> <span class='ocrx_word' id='word_1_269' title='bbox 2270 2134 2328 2189; x_wconf 90' lang='lat' dir='ltr'><strong>in</strong></span> <span class='ocrx_word' id='word_1_270' title='bbox 2379 2133 2591 2189; x_wconf 75' lang='lat' dir='ltr'><strong>cmlum</strong></span> <span class='ocrx_word' id='word_1_271' title='bbox 2621 2134 2893 2190; x_wconf 90' lang='lat' dir='ltr'><strong>viderunt</strong></span> <span class='ocrx_word' id='word_1_272' title='bbox 2946 2133 3004 2188; x_wconf 90' lang='lat' dir='ltr'><strong>in</strong></span> <span class='ocrx_word' id='word_1_273' title='bbox 3055 2138 3274 2202; x_wconf 88' lang='lat' dir='ltr'><strong>sancto,</strong></span> <span class='ocrx_word' id='word_1_274' title='bbox 3318 2134 3541 2192; x_wconf 87' lang='lat' dir='ltr'><strong>scilicet</strong></span> <span class='ocrx_word' id='word_1_275' title='bbox 3593 2138 3653 2193; x_wconf 90' lang='lat' dir='ltr'><strong>in</strong></span> 
     </span>
    </p>
   </div>
   <div class='ocr_carea' id='block_1_40' title="bbox 228 2222 3650 2303">
    <p class='ocr_par' dir='ltr' id='par_1_40' title="bbox 228 2222 3650 2303">
     <span class='ocr_line' id='line_1_40' title="bbox 228 2222 3650 2303; baseline 0 -23"><span class='ocrx_word' id='word_1_276' title='bbox 228 2224 812 2281; x_wconf 87' lang='lat' dir='ltr'><strong>salvamur.Sccurus</strong></span> <span class='ocrx_word' id='word_1_277' title='bbox 841 2231 966 2282; x_wconf 87' lang='lat' dir='ltr'><strong>esto</strong></span> <span class='ocrx_word' id='word_1_278' title='bbox 998 2228 1409 2299; x_wconf 87' lang='lat' dir='ltr'><strong>peccator,noli</strong></span> <span class='ocrx_word' id='word_1_279' title='bbox 1444 2229 1712 2286; x_wconf 88' lang='lat' dir='ltr'><strong>dubitare</strong></span> <span class='ocrx_word' id='word_1_280' title='bbox 1731 2233 1884 2303; x_wconf 89' lang='lat' dir='ltr'><strong>quod</strong></span> <span class='ocrx_word' id='word_1_281' title='bbox 1998 2223 2320 2288; x_wconf 85' lang='lat' dir='ltr'><strong>homine,id</strong></span> <span class='ocrx_word' id='word_1_282' title='bbox 2354 2226 2444 2278; x_wconf 88' lang='lat' dir='ltr'><strong>est</strong></span> <span class='ocrx_word' id='word_1_283' title='bbox 2465 2222 2690 2278; x_wconf 88' lang='lat' dir='ltr'><strong>Christo</strong></span> <span class='ocrx_word' id='word_1_284' title='bbox 2724 2227 2926 2279; x_wconf 88' lang='lat' dir='ltr'><strong>sancto</strong></span> <span class='ocrx_word' id='word_1_285' title='bbox 2960 2222 3229 2278; x_wconf 82' lang='lat' dir='ltr'><strong>viderunt</strong></span> <span class='ocrx_word' id='word_1_286' title='bbox 3260 2239 3570 2280; x_wconf 89' lang='lat' dir='ltr'><strong>ascensum</strong></span> <span class='ocrx_word' id='word_1_287' title='bbox 3595 2225 3650 2280; x_wconf 94' lang='lat' dir='ltr'><strong>in</strong></span> 
     </span>
    </p>
   </div>
   <div class='ocr_carea' id='block_1_41' title="bbox 231 2313 2232 2392">
    <p class='ocr_par' dir='ltr' id='par_1_41' title="bbox 231 2313 2232 2392">
     <span class='ocr_line' id='line_1_41' title="bbox 231 2313 2232 2392; baseline 0.004 -23"><span class='ocrx_word' id='word_1_288' title='bbox 231 2315 492 2386; x_wconf 84' lang='lat' dir='ltr'><strong>quotidie</strong></span> <span class='ocrx_word' id='word_1_289' title='bbox 523 2314 716 2388; x_wconf 89' lang='lat' dir='ltr'><strong>possis</strong></span> <span class='ocrx_word' id='word_1_290' title='bbox 748 2320 926 2370; x_wconf 90' lang='lat' dir='ltr'><strong>Deum</strong></span> <span class='ocrx_word' id='word_1_291' title='bbox 953 2316 1886 2392; x_wconf 84' lang='lat' dir='ltr'><strong>benedicereoperibus,quoniam</strong></span> <span class='ocrx_word' id='word_1_292' title='bbox 1999 2313 2232 2368; x_wconf 69' lang='lat' dir='ltr'><strong>coelum-</strong></span> 
     </span>
    </p>
   </div>
   <div class='ocr_carea' id='block_1_42' title="bbox 231 2402 3578 2483">
    <p class='ocr_par' dir='ltr' id='par_1_42' title="bbox 231 2402 3578 2483">
     <span class='ocr_line' id='line_1_42' title="bbox 231 2402 3578 2483; baseline 0.001 -26"><span class='ocrx_word' id='word_1_293' title='bbox 231 2420 583 2477; x_wconf 84' lang='lat' dir='ltr'><strong>prosperum</strong></span> <span class='ocrx_word' id='word_1_294' title='bbox 631 2403 743 2459; x_wconf 87' lang='lat' dir='ltr'><strong>iter</strong></span> <span class='ocrx_word' id='word_1_295' title='bbox 786 2409 952 2460; x_wconf 90' lang='lat' dir='ltr'><strong>tuum</strong></span> <span class='ocrx_word' id='word_1_296' title='bbox 986 2406 1159 2461; x_wconf 81' lang='lat' dir='ltr'><strong>faciet</strong></span> <span class='ocrx_word' id='word_1_297' title='bbox 1203 2411 1352 2463; x_wconf 89' lang='lat' dir='ltr'><strong>Deus</strong></span> <span class='ocrx_word' id='word_1_298' title='bbox 1383 2406 1757 2477; x_wconf 88' lang='lat' dir='ltr'><strong>salutarium,</strong></span> <span class='ocrx_word' id='word_1_299' title='bbox 1789 2412 1888 2483; x_wconf 84' lang='lat' dir='ltr'><strong>qui</strong></span> <span class='ocrx_word' id='word_1_300' title='bbox 1995 2404 2066 2457; x_wconf 88' lang='lat'><strong>27</strong></span> <span class='ocrx_word' id='word_1_301' title='bbox 2140 2407 2535 2459; x_wconf 65' lang='lat' dir='ltr'><strong>Praevenerunt</strong></span> <span class='ocrx_word' id='word_1_302' title='bbox 2560 2402 2838 2474; x_wconf 76' lang='lat' dir='ltr'><strong>principes</strong></span> <span class='ocrx_word' id='word_1_303' title='bbox 2867 2402 3144 2474; x_wconf 78' lang='lat' dir='ltr'><strong>conjuncti</strong></span> <span class='ocrx_word' id='word_1_304' title='bbox 3163 2404 3530 2474; x_wconf 81' lang='lat' dir='ltr'><strong>psallentibus</strong></span> <span class='ocrx_word' id='word_1_305' title='bbox 3563 2425 3578 2460; x_wconf 91' lang='lat'><strong><em>:</em></strong></span> 
     </span>
    </p>
   </div>
   <div class='ocr_carea' id='block_1_43' title="bbox 233 2493 1888 2567">
    <p class='ocr_par' dir='ltr' id='par_1_43' title="bbox 233 2493 1888 2567">
     <span class='ocr_line' id='line_1_43' title="bbox 233 2493 1888 2567; baseline 0.005 -21"><span class='ocrx_word' id='word_1_306' title='bbox 233 2493 386 2547; x_wconf 90' lang='lat' dir='ltr'><strong>enim</strong></span> <span class='ocrx_word' id='word_1_307' title='bbox 422 2493 690 2564; x_wconf 85' lang='lat' dir='ltr'><strong>quotidie</strong></span> <span class='ocrx_word' id='word_1_308' title='bbox 720 2493 969 2564; x_wconf 84' lang='lat' dir='ltr'><strong>proficit,</strong></span> <span class='ocrx_word' id='word_1_309' title='bbox 994 2499 1182 2566; x_wconf 90' lang='lat' dir='ltr'><strong>potest</strong></span> <span class='ocrx_word' id='word_1_310' title='bbox 1212 2495 1469 2567; x_wconf 89' lang='lat' dir='ltr'><strong>quotidie</strong></span> <span class='ocrx_word' id='word_1_311' title='bbox 1504 2501 1685 2554; x_wconf 90' lang='lat' dir='ltr'><strong>Deum</strong></span> <span class='ocrx_word' id='word_1_312' title='bbox 1715 2499 1888 2555; x_wconf 88' lang='lat' dir='ltr'><strong>bene-</strong></span> 
     </span>
    </p>
   </div>
   <div class='ocr_carea' id='block_1_44' title="bbox 224 2580 1886 2653">
    <p class='ocr_par' dir='ltr' id='par_1_44' title="bbox 224 2580 1886 2653">
     <span class='ocr_line' id='line_1_44' title="bbox 224 2580 1886 2653; baseline 0.005 -18"><span class='ocrx_word' id='word_1_313' title='bbox 224 2581 438 2636; x_wconf 87' lang='lat' dir='ltr'><strong>dicere.</strong></span> <span class='ocrx_word' id='word_1_314' title='bbox 475 2580 570 2636; x_wconf 86' lang='lat' dir='ltr'><strong>Nil</strong></span> <span class='ocrx_word' id='word_1_315' title='bbox 600 2596 736 2636; x_wconf 90' lang='lat' dir='ltr'><strong>vero</strong></span> <span class='ocrx_word' id='word_1_316' title='bbox 781 2582 1039 2653; x_wconf 87' lang='lat' dir='ltr'><strong>prodest,</strong></span> <span class='ocrx_word' id='word_1_317' title='bbox 1073 2582 1198 2639; x_wconf 91' lang='lat' dir='ltr'><strong>heri</strong></span> <span class='ocrx_word' id='word_1_318' title='bbox 1251 2584 1617 2644; x_wconf 78' lang='lat' dir='ltr'><strong>benedixissc</strong></span> <span class='ocrx_word' id='word_1_319' title='bbox 1659 2591 1837 2644; x_wconf 87' lang='lat' dir='ltr'><strong>Deum</strong></span> <span class='ocrx_word' id='word_1_320' title='bbox 1873 2606 1886 2644; x_wconf 90' lang='lat'><strong>:</strong></span> 
     </span>
    </p>
   </div>
   <div class='ocr_carea' id='block_1_45' title="bbox 221 2669 658 2726">
    <p class='ocr_par' dir='ltr' id='par_1_45' title="bbox 221 2669 658 2726">
     <span class='ocr_line' id='line_1_45' title="bbox 221 2669 658 2726; baseline 0 -1"><span class='ocrx_word' id='word_1_321' title='bbox 221 2675 274 2725; x_wconf 82' lang='lat' dir='ltr'><strong>et</strong></span> <span class='ocrx_word' id='word_1_322' title='bbox 302 2669 487 2726; x_wconf 89' lang='lat' dir='ltr'><strong>hodie</strong></span> <span class='ocrx_word' id='word_1_323' title='bbox 518 2687 658 2725; x_wconf 90' lang='lat' dir='ltr'><strong>non.</strong></span> 
     </span>
    </p>
   </div>
   <div class='ocr_carea' id='block_1_46' title="bbox 221 2760 1389 2832">
    <p class='ocr_par' dir='ltr' id='par_1_46' title="bbox 221 2760 1389 2832">
     <span class='ocr_line' id='line_1_46' title="bbox 221 2760 1389 2832; baseline 0.003 -18"><span class='ocrx_word' id='word_1_324' title='bbox 221 2763 285 2814; x_wconf 78' lang='lat'><strong>2‘2</strong></span> <span class='ocrx_word' id='word_1_325' title='bbox 367 2762 515 2815; x_wconf 80' lang='lat' dir='ltr'><strong>Deus</strong></span> <span class='ocrx_word' id='word_1_326' title='bbox 544 2767 726 2815; x_wconf 85' lang='lat' dir='ltr'><strong>noster</strong></span> <span class='ocrx_word' id='word_1_327' title='bbox 751 2760 930 2816; x_wconf 88' lang='lat' dir='ltr'><strong>salvos</strong></span> <span class='ocrx_word' id='word_1_328' title='bbox 955 2763 1274 2832; x_wconf 64' lang='lat' dir='ltr'><strong>{—faciendi</strong></span> <span class='ocrx_word' id='word_1_329' title='bbox 1316 2769 1330 2828; x_wconf 76' lang='grc' dir='ltr'>ζ</span> <span class='ocrx_word' id='word_1_330' title='bbox 1377 2781 1389 2818; x_wconf 91' lang='lat'><strong>:</strong></span> 
     </span>
    </p>
   </div>
   <div class='ocr_carea' id='block_1_47' title="bbox 362 2847 1552 2920">
    <p class='ocr_par' dir='ltr' id='par_1_47' title="bbox 362 2847 1552 2920">
     <span class='ocr_line' id='line_1_47' title="bbox 362 2847 1552 2920; baseline 0.005 -17"><span class='ocrx_word' id='word_1_331' title='bbox 362 2847 440 2904; x_wconf 76' lang='grc' dir='ltr'><strong>ει</strong></span> <span class='ocrx_word' id='word_1_332' title='bbox 467 2849 688 2905; x_wconf 84' lang='lat' dir='ltr'><strong>Domini</strong></span> <span class='ocrx_word' id='word_1_333' title='bbox 712 2849 784 2920; x_wconf 66' lang='grc'><strong>39(</strong></span> <span class='ocrx_word' id='word_1_334' title='bbox 810 2851 1038 2906; x_wconf 82' lang='lat' dir='ltr'><strong>Domini</strong></span> <span class='ocrx_word' id='word_1_335' title='bbox 1079 2858 1093 2918; x_wconf 73' lang='grc' dir='ltr'><em>ζ</em></span> <span class='ocrx_word' id='word_1_336' title='bbox 1134 2853 1313 2908; x_wconf 75' lang='lat' dir='ltr'><strong>exitus</strong></span> <span class='ocrx_word' id='word_1_337' title='bbox 1341 2854 1552 2909; x_wconf 86' lang='lat' dir='ltr'><strong>mortis.</strong></span> 
     </span>
    </p>
   </div>
   <div class='ocr_carea' id='block_1_48' title="bbox 293 2936 1890 3016">
    <p class='ocr_par' dir='ltr' id='par_1_48' title="bbox 293 2936 1890 3016">
     <span class='ocr_line' id='line_1_48' title="bbox 293 2936 1890 3016; baseline 0.006 -24"><span class='ocrx_word' id='word_1_338' title='bbox 293 2936 337 2992; x_wconf 90' lang='lat' dir='ltr'>C</span> <span class='ocrx_word' id='word_1_339' title='bbox 367 2937 534 2992; x_wconf 87' lang='lat' dir='ltr'><strong>Deus</strong></span> <span class='ocrx_word' id='word_1_340' title='bbox 567 2941 785 3004; x_wconf 90' lang='lat' dir='ltr'><strong>noster,</strong></span> <span class='ocrx_word' id='word_1_341' title='bbox 827 2938 1275 3011; x_wconf 87' lang='lat' dir='ltr'><strong>subaudiamus,</strong></span> <span class='ocrx_word' id='word_1_342' title='bbox 1307 2940 1402 2997; x_wconf 87' lang='lat' dir='ltr'><strong>hic</strong></span> <span class='ocrx_word' id='word_1_343' title='bbox 1432 2941 1609 3000; x_wconf 87' lang='lat' dir='ltr'><strong>habet</strong></span> <span class='ocrx_word' id='word_1_344' title='bbox 1638 2948 1890 3016; x_wconf 88' lang='lat' dir='ltr'><strong>potesta-</strong></span> 
     </span>
    </p>
   </div>
   <div class='ocr_carea' id='block_1_49' title="bbox 227 3025 1891 3103">
    <p class='ocr_par' dir='ltr' id='par_1_49' title="bbox 227 3025 1891 3103">
     <span class='ocr_line' id='line_1_49' title="bbox 227 3025 1891 3103; baseline 0.005 -23"><span class='ocrx_word' id='word_1_345' title='bbox 227 3029 336 3081; x_wconf 90' lang='lat' dir='ltr'><strong>tem</strong></span> <span class='ocrx_word' id='word_1_346' title='bbox 362 3025 566 3082; x_wconf 84' lang='lat' dir='ltr'><strong>salvos</strong></span> <span class='ocrx_word' id='word_1_347' title='bbox 597 3026 846 3082; x_wconf 76' lang='lat' dir='ltr'><strong>faciendi</strong></span> <span class='ocrx_word' id='word_1_348' title='bbox 881 3044 1007 3084; x_wconf 89' lang='lat' dir='ltr'><strong>nos.</strong></span> <span class='ocrx_word' id='word_1_349' title='bbox 1041 3029 1243 3086; x_wconf 78' lang='lat' dir='ltr'><strong>Exitus</strong></span> <span class='ocrx_word' id='word_1_350' title='bbox 1275 3030 1607 3098; x_wconf 89' lang='lat' dir='ltr'><strong>mortis,est</strong></span> <span class='ocrx_word' id='word_1_351' title='bbox 1641 3033 1891 3103; x_wconf 90' lang='lat' dir='ltr'><strong>Domini,</strong></span> 
     </span>
    </p>
   </div>
   <div class='ocr_carea' id='block_1_50' title="bbox 226 3113 1889 3180">
    <p class='ocr_par' dir='ltr' id='par_1_50' title="bbox 226 3113 1889 3180">
     <span class='ocr_line' id='line_1_50' title="bbox 226 3113 1889 3180; baseline 0.007 -11"><span class='ocrx_word' id='word_1_352' title='bbox 226 3113 330 3170; x_wconf 92' lang='lat' dir='ltr'><strong>hoc</strong></span> <span class='ocrx_word' id='word_1_353' title='bbox 361 3119 462 3170; x_wconf 85' lang='lat' dir='ltr'><strong>est</strong></span> <span class='ocrx_word' id='word_1_354' title='bbox 489 3115 840 3172; x_wconf 88' lang='lat' dir='ltr'><strong>resurrectio</strong></span> <span class='ocrx_word' id='word_1_355' title='bbox 867 3116 1060 3173; x_wconf 88' lang='lat' dir='ltr'><strong>votiva</strong></span> <span class='ocrx_word' id='word_1_356' title='bbox 1095 3117 1378 3174; x_wconf 80' lang='lat' dir='ltr'><strong>fidelium.</strong></span> <span class='ocrx_word' id='word_1_357' title='bbox 1428 3121 1645 3177; x_wconf 83' lang='lat' dir='ltr'><strong>Revera</strong></span> <span class='ocrx_word' id='word_1_358' title='bbox 1700 3123 1889 3180; x_wconf 79' lang='lat' dir='ltr'><strong>exitus</strong></span> 
     </span>
    </p>
   </div>
   <div class='ocr_carea' id='block_1_51' title="bbox 223 3187 1962 3286">
    <p class='ocr_par' dir='ltr' id='par_1_51' title="bbox 223 3187 1962 3286">
     <span class='ocr_line' id='line_1_51' title="bbox 223 3187 1962 3286; baseline 0.007 -30"><span class='ocrx_word' id='word_1_359' title='bbox 223 3201 302 3258; x_wconf 86' lang='lat' dir='ltr'><strong>illi</strong></span> <span class='ocrx_word' id='word_1_360' title='bbox 327 3203 661 3276; x_wconf 81' lang='lat' dir='ltr'><strong>singularis</strong></span> <span class='ocrx_word' id='word_1_361' title='bbox 694 3203 978 3278; x_wconf 85' lang='lat' dir='ltr'><strong>fuit,quia</strong></span> <span class='ocrx_word' id='word_1_362' title='bbox 1009 3206 1134 3278; x_wconf 91' lang='lat' dir='ltr'><strong>ipse</strong></span> <span class='ocrx_word' id='word_1_363' title='bbox 1158 3207 1230 3263; x_wconf 89' lang='lat' dir='ltr'><strong>ab</strong></span> <span class='ocrx_word' id='word_1_364' title='bbox 1261 3207 1463 3265; x_wconf 83' lang='lat' dir='ltr'><strong>inferis</strong></span> <span class='ocrx_word' id='word_1_365' title='bbox 1485 3225 1758 3282; x_wconf 88' lang='lat' dir='ltr'><strong>egressus</strong></span> <span class='ocrx_word' id='word_1_366' title='bbox 1777 3217 1886 3286; x_wconf 88' lang='lat' dir='ltr'><strong>est,</strong></span> <span class='ocrx_word' id='word_1_367' title='bbox 1919 3187 1962 3256; x_wconf 68' lang='grc' dir='ltr'>Ο</span> 
     </span>
    </p>
   </div>
   <div class='ocr_carea' id='block_1_52' title="bbox 223 3293 1126 3366">
    <p class='ocr_par' dir='ltr' id='par_1_52' title="bbox 223 3293 1126 3366">
     <span class='ocr_line' id='line_1_52' title="bbox 223 3293 1126 3366; baseline 0.004 -19"><span class='ocrx_word' id='word_1_368' title='bbox 223 3296 274 3347; x_wconf 84' lang='lat' dir='ltr'><strong>et</strong></span> <span class='ocrx_word' id='word_1_369' title='bbox 303 3293 450 3348; x_wconf 84' lang='lat' dir='ltr'><strong>inde</strong></span> <span class='ocrx_word' id='word_1_370' title='bbox 481 3309 590 3348; x_wconf 89' lang='lat' dir='ltr'><strong>nos</strong></span> <span class='ocrx_word' id='word_1_371' title='bbox 617 3295 923 3366; x_wconf 65' lang='lat' dir='ltr'><strong>prestabit</strong></span> <span class='ocrx_word' id='word_1_372' title='bbox 950 3295 1126 3352; x_wconf 82' lang='lat' dir='ltr'><strong>exire.</strong></span> 
     </span>
    </p>
   </div>
   <div class='ocr_carea' id='block_1_53' title="bbox 219 3382 1891 3458">
    <p class='ocr_par' dir='ltr' id='par_1_53' title="bbox 219 3382 1891 3458">
     <span class='ocr_line' id='line_1_53' title="bbox 219 3382 1891 3458; baseline 0.007 -22"><span class='ocrx_word' id='word_1_373' title='bbox 219 3382 283 3436; x_wconf 83' lang='lat'><strong>23</strong></span> <span class='ocrx_word' id='word_1_374' title='bbox 360 3382 751 3438; x_wconf 77' lang='lat' dir='ltr'><strong>Verumtamen</strong></span> <span class='ocrx_word' id='word_1_375' title='bbox 778 3387 927 3440; x_wconf 87' lang='lat' dir='ltr'><strong>Deus</strong></span> <span class='ocrx_word' id='word_1_376' title='bbox 972 3387 1282 3456; x_wconf 83' lang='lat' dir='ltr'><strong>confringet</strong></span> <span class='ocrx_word' id='word_1_377' title='bbox 1311 3387 1492 3458; x_wconf 89' lang='lat' dir='ltr'><strong>capita</strong></span> <span class='ocrx_word' id='word_1_378' title='bbox 1539 3389 1891 3447; x_wconf 85' lang='lat' dir='ltr'><strong>inimicorum</strong></span> 
     </span>
    </p>
   </div>
   <div class='ocr_carea' id='block_1_54' title="bbox 441 3487 717 3528">
    <p class='ocr_par' dir='ltr' id='par_1_54' title="bbox 441 3487 717 3528">
     <span class='ocr_line' id='line_1_54' title="bbox 441 3487 717 3528; baseline 0.007 -2"><span class='ocrx_word' id='word_1_379' title='bbox 441 3487 669 3526; x_wconf 84' lang='lat' dir='ltr'><strong>suorum</strong></span> <span class='ocrx_word' id='word_1_380' title='bbox 697 3490 717 3528; x_wconf 84' lang='lat'><strong>.&#39;</strong></span> 
     </span>
    </p>
   </div>
   <div class='ocr_carea' id='block_1_55' title="bbox 363 3560 1884 3633">
    <p class='ocr_par' dir='ltr' id='par_1_55' title="bbox 363 3560 1884 3633">
     <span class='ocr_line' id='line_1_55' title="bbox 363 3560 1884 3633; baseline 0.007 -19"><span class='ocrx_word' id='word_1_381' title='bbox 363 3561 635 3615; x_wconf 76' lang='lat' dir='ltr'><strong>l&#39;erticem</strong></span> <span class='ocrx_word' id='word_1_382' title='bbox 661 3560 864 3633; x_wconf 84' lang='lat' dir='ltr'><strong>capilli</strong></span> <span class='ocrx_word' id='word_1_383' title='bbox 887 3564 1396 3633; x_wconf 83' lang='lat' dir='ltr'><strong>perambulantium</strong></span> <span class='ocrx_word' id='word_1_384' title='bbox 1415 3566 1476 3620; x_wconf 88' lang='lat' dir='ltr'><strong>in</strong></span> <span class='ocrx_word' id='word_1_385' title='bbox 1505 3565 1721 3623; x_wconf 79' lang='lat' dir='ltr'><strong>delictis</strong></span> <span class='ocrx_word' id='word_1_386' title='bbox 1749 3570 1884 3625; x_wconf 86' lang='lat' dir='ltr'><strong>suis.</strong></span> 
     </span>
    </p>
   </div>
   <div class='ocr_carea' id='block_1_56' title="bbox 286 3648 1889 3730">
    <p class='ocr_par' dir='ltr' id='par_1_56' title="bbox 286 3648 1889 3730">
     <span class='ocr_line' id='line_1_56' title="bbox 286 3648 1889 3730; baseline 0.007 -27"><span class='ocrx_word' id='word_1_387' title='bbox 286 3649 328 3704; x_wconf 88' lang='lat' dir='ltr'><strong><em>C</em></strong></span> <span class='ocrx_word' id='word_1_388' title='bbox 359 3648 576 3722; x_wconf 84' lang='lat' dir='ltr'><strong>Capita</strong></span> <span class='ocrx_word' id='word_1_389' title='bbox 602 3648 1000 3719; x_wconf 88' lang='lat' dir='ltr'><strong>inimicorum,</strong></span> <span class='ocrx_word' id='word_1_390' title='bbox 1035 3656 1174 3708; x_wconf 86' lang='lat' dir='ltr'><strong>sunt</strong></span> <span class='ocrx_word' id='word_1_391' title='bbox 1195 3653 1510 3726; x_wconf 64' lang='lat' dir='ltr'><strong>Judaei,qui</strong></span> <span class='ocrx_word' id='word_1_392' title='bbox 1543 3655 1732 3727; x_wconf 90' lang='lat' dir='ltr'><strong>primo</strong></span> <span class='ocrx_word' id='word_1_393' title='bbox 1763 3674 1889 3730; x_wconf 86' lang='lat' dir='ltr'><strong>per-</strong></span> 
     </span>
    </p>
   </div>
   <div class='ocr_carea' id='block_1_57' title="bbox 221 3738 1888 3814">
    <p class='ocr_par' dir='ltr' id='par_1_57' title="bbox 221 3738 1888 3814">
     <span class='ocr_line' id='line_1_57' title="bbox 221 3738 1888 3814; baseline 0.007 -22"><span class='ocrx_word' id='word_1_394' title='bbox 221 3738 406 3794; x_wconf 79' lang='lat' dir='ltr'><strong>secuti</strong></span> <span class='ocrx_word' id='word_1_395' title='bbox 441 3743 586 3794; x_wconf 86' lang='lat' dir='ltr'><strong>sunt</strong></span> <span class='ocrx_word' id='word_1_396' title='bbox 608 3739 952 3808; x_wconf 72' lang='lat' dir='ltr'><strong>Ecclesium,</strong></span> <span class='ocrx_word' id='word_1_397' title='bbox 985 3741 1073 3797; x_wconf 91' lang='lat' dir='ltr'><strong>vel</strong></span> <span class='ocrx_word' id='word_1_398' title='bbox 1101 3741 1295 3814; x_wconf 84' lang='lat' dir='ltr'><strong>capita</strong></span> <span class='ocrx_word' id='word_1_399' title='bbox 1336 3743 1715 3802; x_wconf 89' lang='lat' dir='ltr'><strong>inimicorum</strong></span> <span class='ocrx_word' id='word_1_400' title='bbox 1748 3754 1888 3804; x_wconf 85' lang='lat' dir='ltr'><strong>sunt</strong></span> 
     </span>
    </p>
   </div>
   <div class='ocr_carea' id='block_1_58' title="bbox 220 3826 1886 3904">
    <p class='ocr_par' dir='ltr' id='par_1_58' title="bbox 220 3826 1886 3904">
     <span class='ocr_line' id='line_1_58' title="bbox 220 3826 1886 3904; baseline 0.007 -23"><span class='ocrx_word' id='word_1_401' title='bbox 220 3826 637 3883; x_wconf 66' lang='lat' dir='ltr'><strong>hereticorum</strong></span> <span class='ocrx_word' id='word_1_402' title='bbox 667 3829 956 3898; x_wconf 89' lang='lat' dir='ltr'><strong>doctores,</strong></span> <span class='ocrx_word' id='word_1_403' title='bbox 991 3830 1091 3903; x_wconf 88' lang='lat' dir='ltr'><strong>qui</strong></span> <span class='ocrx_word' id='word_1_404' title='bbox 1121 3831 1180 3886; x_wconf 91' lang='lat' dir='ltr'><strong>in</strong></span> <span class='ocrx_word' id='word_1_405' title='bbox 1208 3831 1337 3904; x_wconf 85' lang='lat' dir='ltr'><strong>ipsa</strong></span> <span class='ocrx_word' id='word_1_406' title='bbox 1357 3833 1535 3889; x_wconf 90' lang='lat' dir='ltr'><strong>etiam</strong></span> <span class='ocrx_word' id='word_1_407' title='bbox 1558 3835 1628 3898; x_wconf 89' lang='lat' dir='ltr'><strong>(si</strong></span> <span class='ocrx_word' id='word_1_408' title='bbox 1661 3835 1776 3892; x_wconf 91' lang='lat' dir='ltr'><strong>dici</strong></span> <span class='ocrx_word' id='word_1_409' title='bbox 1799 3837 1886 3892; x_wconf 89' lang='lat' dir='ltr'><strong>fas</strong></span> 
     </span>
    </p>
   </div>
   <div class='ocr_carea' id='block_1_59' title="bbox 221 3917 1888 4001">
    <p class='ocr_par' dir='ltr' id='par_1_59' title="bbox 221 3917 1888 4001">
     <span class='ocr_line' id='line_1_59' title="bbox 221 3917 1888 4001; baseline 0.006 -30"><span class='ocrx_word' id='word_1_410' title='bbox 221 3917 326 3984; x_wconf 86' lang='lat' dir='ltr'><strong>est)</strong></span> <span class='ocrx_word' id='word_1_411' title='bbox 392 3917 611 3972; x_wconf 87' lang='lat' dir='ltr'><strong>deitate</strong></span> <span class='ocrx_word' id='word_1_412' title='bbox 663 3917 1006 3974; x_wconf 69' lang='lat' dir='ltr'><strong>desaeviunt.</strong></span> <span class='ocrx_word' id='word_1_413' title='bbox 1066 3919 1274 4001; x_wconf 50' lang='lat' dir='ltr'><strong>Verte‘x</strong></span> <span class='ocrx_word' id='word_1_414' title='bbox 1320 3921 1512 3994; x_wconf 90' lang='lat' dir='ltr'><strong>capilli</strong></span> <span class='ocrx_word' id='word_1_415' title='bbox 1549 3941 1560 3979; x_wconf 94' lang='lat'>:</span> <span class='ocrx_word' id='word_1_416' title='bbox 1595 3925 1888 3997; x_wconf 84' lang='lat' dir='ltr'><strong>significat</strong></span> 
     </span>
    </p>
   </div>
   <div class='ocr_carea' id='block_1_60' title="bbox 220 4005 1887 4086">
    <p class='ocr_par' dir='ltr' id='par_1_60' title="bbox 220 4005 1887 4086">
     <span class='ocr_line' id='line_1_60' title="bbox 220 4005 1887 4086; baseline 0.009 -29"><span class='ocrx_word' id='word_1_417' title='bbox 220 4005 517 4062; x_wconf 72' lang='lat' dir='ltr'><strong>versutias</strong></span> <span class='ocrx_word' id='word_1_418' title='bbox 564 4005 834 4063; x_wconf 88' lang='lat' dir='ltr'><strong>inanium</strong></span> <span class='ocrx_word' id='word_1_419' title='bbox 868 4009 1256 4081; x_wconf 83' lang='lat' dir='ltr'><strong>quaestionum</strong></span> <span class='ocrx_word' id='word_1_420' title='bbox 1312 4028 1515 4068; x_wconf 87' lang='lat' dir='ltr'><strong>eorum</strong></span> <span class='ocrx_word' id='word_1_421' title='bbox 1567 4013 1668 4086; x_wconf 91' lang='lat' dir='ltr'>qui</span> <span class='ocrx_word' id='word_1_422' title='bbox 1719 4015 1887 4072; x_wconf 90' lang='lat' dir='ltr'><strong>utilia</strong></span> 
     </span>
    </p>
   </div>
   <div class='ocr_carea' id='block_1_61' title="bbox 221 4093 1888 4176">
    <p class='ocr_par' dir='ltr' id='par_1_61' title="bbox 221 4093 1888 4176">
     <span class='ocr_line' id='line_1_61' title="bbox 221 4093 1888 4176; baseline 0.008 -29"><span class='ocrx_word' id='word_1_423' title='bbox 221 4093 525 4162; x_wconf 85' lang='lat' dir='ltr'><strong>deserunt,</strong></span> <span class='ocrx_word' id='word_1_424' title='bbox 548 4098 608 4150; x_wconf 87' lang='lat' dir='ltr'><strong>et</strong></span> <span class='ocrx_word' id='word_1_425' title='bbox 629 4112 745 4152; x_wconf 91' lang='lat' dir='ltr'><strong>non</strong></span> <span class='ocrx_word' id='word_1_426' title='bbox 772 4099 1102 4155; x_wconf 88' lang='lat' dir='ltr'><strong>necessaria</strong></span> <span class='ocrx_word' id='word_1_427' title='bbox 1129 4099 1461 4156; x_wconf 87' lang='lat' dir='ltr'><strong>detestabili</strong></span> <span class='ocrx_word' id='word_1_428' title='bbox 1488 4101 1888 4176; x_wconf 87' lang='lat' dir='ltr'><strong>disputatione</strong></span> 
     </span>
    </p>
   </div>
   <div class='ocr_carea' id='block_1_62' title="bbox 221 4183 1887 4261">
    <p class='ocr_par' dir='ltr' id='par_1_62' title="bbox 221 4183 1887 4261">
     <span class='ocr_line' id='line_1_62' title="bbox 221 4183 1887 4261; baseline 0.007 -25"><span class='ocrx_word' id='word_1_429' title='bbox 221 4183 595 4255; x_wconf 84' lang='lat' dir='ltr'><strong>perquirunt,</strong></span> <span class='ocrx_word' id='word_1_430' title='bbox 627 4184 688 4240; x_wconf 89' lang='lat' dir='ltr'><strong>in</strong></span> <span class='ocrx_word' id='word_1_431' title='bbox 722 4185 951 4243; x_wconf 88' lang='lat' dir='ltr'><strong>delictis</strong></span> <span class='ocrx_word' id='word_1_432' title='bbox 981 4187 1108 4244; x_wconf 87' lang='lat' dir='ltr'><strong>suis</strong></span> <span class='ocrx_word' id='word_1_433' title='bbox 1136 4189 1524 4261; x_wconf 86' lang='lat' dir='ltr'><strong>perdurantes</strong></span> <span class='ocrx_word' id='word_1_434' title='bbox 1558 4208 1571 4246; x_wconf 93' lang='lat'><strong>:</strong></span> <span class='ocrx_word' id='word_1_435' title='bbox 1604 4196 1670 4247; x_wconf 91' lang='lat' dir='ltr'><strong>ut</strong></span> <span class='ocrx_word' id='word_1_436' title='bbox 1699 4193 1887 4250; x_wconf 88' lang='lat' dir='ltr'><strong>Mani-</strong></span> 
     </span>
    </p>
   </div>
   <div class='ocr_carea' id='block_1_63' title="bbox 220 4270 1886 4342">
    <p class='ocr_par' dir='ltr' id='par_1_63' title="bbox 220 4270 1886 4342">
     <span class='ocr_line' id='line_1_63' title="bbox 220 4270 1886 4342; baseline 0.008 -17"><span class='ocrx_word' id='word_1_437' title='bbox 220 4270 366 4327; x_wconf 68' lang='lat' dir='ltr'><strong>chaei</strong></span> <span class='ocrx_word' id='word_1_438' title='bbox 399 4276 456 4328; x_wconf 88' lang='lat' dir='ltr'><strong>et</strong></span> <span class='ocrx_word' id='word_1_439' title='bbox 506 4272 698 4328; x_wconf 68' lang='lat' dir='ltr'><strong>caeteri</strong></span> <span class='ocrx_word' id='word_1_440' title='bbox 756 4274 1031 4342; x_wconf 71' lang='lat' dir='ltr'><strong>haeretici,</strong></span> <span class='ocrx_word' id='word_1_441' title='bbox 1081 4276 1226 4333; x_wconf 89' lang='lat' dir='ltr'><strong>tales</strong></span> <span class='ocrx_word' id='word_1_442' title='bbox 1257 4277 1414 4334; x_wconf 91' lang='lat' dir='ltr'><strong>enim</strong></span> <span class='ocrx_word' id='word_1_443' title='bbox 1457 4279 1886 4340; x_wconf 90' lang='lat' dir='ltr'><strong>calumniarum</strong></span> 
     </span>
    </p>
   </div>
   <div class='ocr_carea' id='block_1_64' title="bbox 220 4360 1886 4443">
    <p class='ocr_par' dir='ltr' id='par_1_64' title="bbox 220 4360 1886 4443">
     <span class='ocr_line' id='line_1_64' title="bbox 220 4360 1886 4443; baseline 0.007 -27"><span class='ocrx_word' id='word_1_444' title='bbox 220 4360 508 4417; x_wconf 85' lang='lat' dir='ltr'><strong>minutias</strong></span> <span class='ocrx_word' id='word_1_445' title='bbox 537 4367 832 4433; x_wconf 65' lang='lat' dir='ltr'><strong>quierunt,</strong></span> <span class='ocrx_word' id='word_1_446' title='bbox 867 4368 931 4420; x_wconf 92' lang='lat' dir='ltr'><strong>ut</strong></span> <span class='ocrx_word' id='word_1_447' title='bbox 973 4364 1136 4438; x_wconf 91' lang='lat' dir='ltr'><strong>ipsos</strong></span> <span class='ocrx_word' id='word_1_448' title='bbox 1164 4382 1397 4438; x_wconf 90' lang='lat' dir='ltr'><strong>quoque</strong></span> <span class='ocrx_word' id='word_1_449' title='bbox 1427 4369 1673 4425; x_wconf 89' lang='lat' dir='ltr'><strong>vertices</strong></span> <span class='ocrx_word' id='word_1_450' title='bbox 1706 4371 1886 4443; x_wconf 91' lang='lat' dir='ltr'><strong>capil-</strong></span> 
     </span>
    </p>
   </div>
   <div class='ocr_carea' id='block_1_65' title="bbox 220 4447 1882 4528">
    <p class='ocr_par' dir='ltr' id='par_1_65' title="bbox 220 4447 1882 4528">
     <span class='ocr_line' id='line_1_65' title="bbox 220 4447 1882 4528; baseline 0.007 -24"><span class='ocrx_word' id='word_1_451' title='bbox 220 4447 413 4506; x_wconf 88' lang='lat' dir='ltr'><strong>lorum</strong></span> <span class='ocrx_word' id='word_1_452' title='bbox 446 4450 858 4522; x_wconf 87' lang='lat' dir='ltr'><strong>perambulare</strong></span> <span class='ocrx_word' id='word_1_453' title='bbox 888 4457 945 4508; x_wconf 90' lang='lat' dir='ltr'><strong>et</strong></span> <span class='ocrx_word' id='word_1_454' title='bbox 977 4454 1332 4526; x_wconf 84' lang='lat' dir='ltr'><strong>perscrutari</strong></span> <span class='ocrx_word' id='word_1_455' title='bbox 1355 4473 1530 4528; x_wconf 88' lang='lat' dir='ltr'><strong>posse</strong></span> <span class='ocrx_word' id='word_1_456' title='bbox 1556 4457 1882 4516; x_wconf 88' lang='lat' dir='ltr'><strong>videantur.</strong></span> 
     </span>
    </p>
   </div>
   <div class='ocr_carea' id='block_1_66' title="bbox 218 4539 1501 4602">
    <p class='ocr_par' dir='ltr' id='par_1_66' title="bbox 218 4539 1501 4602">
     <span class='ocr_line' id='line_1_66' title="bbox 218 4539 1501 4602; baseline 0.009 -11"><span class='ocrx_word' id='word_1_457' title='bbox 218 4539 286 4592; x_wconf 72' lang='grc'><strong>24</strong></span> <span class='ocrx_word' id='word_1_458' title='bbox 361 4539 520 4594; x_wconf 74' lang='lat' dir='ltr'><strong>Dicit</strong></span> <span class='ocrx_word' id='word_1_459' title='bbox 549 4541 815 4597; x_wconf 86' lang='lat' dir='ltr'><strong>Dominus</strong></span> <span class='ocrx_word' id='word_1_460' title='bbox 843 4558 912 4598; x_wconf 71' lang='lat' dir='ltr'><strong>ea:</strong></span> <span class='ocrx_word' id='word_1_461' title='bbox 938 4548 1116 4600; x_wconf 88' lang='lat' dir='ltr'><strong>Basan</strong></span> <span class='ocrx_word' id='word_1_462' title='bbox 1147 4552 1460 4600; x_wconf 84' lang='lat' dir='ltr'><strong>convertam</strong></span> <span class='ocrx_word' id='word_1_463' title='bbox 1489 4564 1501 4602; x_wconf 91' lang='lat'>:</span> 
     </span>
    </p>
   </div>
   <div class='ocr_carea' id='block_1_67' title="bbox 365 4628 1375 4704">
    <p class='ocr_par' dir='ltr' id='par_1_67' title="bbox 365 4628 1375 4704">
     <span class='ocr_line' id='line_1_67' title="bbox 365 4628 1375 4704; baseline 0.007 -21"><span class='ocrx_word' id='word_1_464' title='bbox 365 4628 474 4683; x_wconf 87' lang='lat' dir='ltr'><strong>Con</strong></span> <span class='ocrx_word' id='word_1_465' title='bbox 485 4637 695 4685; x_wconf 82' lang='lat' dir='ltr'><strong>vertam</strong></span> <span class='ocrx_word' id='word_1_466' title='bbox 724 4633 786 4686; x_wconf 84' lang='lat' dir='ltr'><strong>in</strong></span> <span class='ocrx_word' id='word_1_467' title='bbox 813 4633 1153 4704; x_wconf 78' lang='lat' dir='ltr'><strong>profundum</strong></span> <span class='ocrx_word' id='word_1_468' title='bbox 1180 4634 1375 4691; x_wconf 83' lang='lat' dir='ltr'><strong>maris.</strong></span> 
     </span>
    </p>
   </div>
   <div class='ocr_carea' id='block_1_68' title="bbox 291 4695 1914 4800">
    <p class='ocr_par' dir='ltr' id='par_1_68' title="bbox 291 4695 1914 4800">
     <span class='ocr_line' id='line_1_68' title="bbox 291 4695 1914 4800; baseline 0.007 -29"><span class='ocrx_word' id='word_1_469' title='bbox 291 4716 334 4772; x_wconf 90' lang='lat' dir='ltr'>C</span> <span class='ocrx_word' id='word_1_470' title='bbox 369 4717 523 4772; x_wconf 83' lang='lat' dir='ltr'><strong>Dixit</strong></span> <span class='ocrx_word' id='word_1_471' title='bbox 552 4695 860 4786; x_wconf 81' lang='lat' dir='ltr'><strong>Dominus,</strong></span> <span class='ocrx_word' id='word_1_472' title='bbox 887 4695 1222 4794; x_wconf 81' lang='lat' dir='ltr'><strong>quaeramus</strong></span> <span class='ocrx_word' id='word_1_473' title='bbox 1267 4723 1408 4796; x_wconf 89' lang='lat' dir='ltr'><strong>quid</strong></span> <span class='ocrx_word' id='word_1_474' title='bbox 1467 4723 1698 4792; x_wconf 82' lang='lat' dir='ltr'><strong>dixerit,</strong></span> <span class='ocrx_word' id='word_1_475' title='bbox 1745 4695 1914 4800; x_wconf 18' lang='lat' dir='ltr'><strong>quia.</strong></span> 
     </span>
    </p>
   </div>
   <div class='ocr_carea' id='block_1_69' title="bbox 143 4805 1882 4886">
    <p class='ocr_par' dir='ltr' id='par_1_69' title="bbox 143 4805 1882 4886">
     <span class='ocr_line' id='line_1_69' title="bbox 143 4805 1882 4886; baseline 0.009 -28"><span class='ocrx_word' id='word_1_476' title='bbox 143 4807 150 4814; x_wconf 87' lang='lat'><strong>&#39;</strong></span> <span class='ocrx_word' id='word_1_477' title='bbox 226 4805 420 4861; x_wconf 87' lang='lat' dir='ltr'><strong>nescio</strong></span> <span class='ocrx_word' id='word_1_478' title='bbox 456 4824 636 4879; x_wconf 89' lang='lat' dir='ltr'><strong>quam</strong></span> <span class='ocrx_word' id='word_1_479' title='bbox 669 4825 952 4882; x_wconf 87' lang='lat' dir='ltr'><strong>magnum</strong></span> <span class='ocrx_word' id='word_1_480' title='bbox 999 4815 1091 4868; x_wconf 90' lang='lat' dir='ltr'><strong>est</strong></span> <span class='ocrx_word' id='word_1_481' title='bbox 1137 4813 1293 4884; x_wconf 92' lang='lat' dir='ltr'><strong>quod</strong></span> <span class='ocrx_word' id='word_1_482' title='bbox 1346 4814 1635 4886; x_wconf 89' lang='lat' dir='ltr'><strong>promisit.</strong></span> <span class='ocrx_word' id='word_1_483' title='bbox 1695 4817 1882 4874; x_wconf 88' lang='lat' dir='ltr'><strong>Basan</strong></span> 
     </span>
    </p>
   </div>
   <div class='ocr_carea' id='block_1_70' title="bbox 228 4891 1886 4978">
    <p class='ocr_par' dir='ltr' id='par_1_70' title="bbox 228 4891 1886 4978">
     <span class='ocr_line' id='line_1_70' title="bbox 228 4891 1886 4978; baseline 0.011 -32"><span class='ocrx_word' id='word_1_484' title='bbox 228 4891 646 4967; x_wconf 80' lang='lat' dir='ltr'><strong>interpretatur</strong></span> <span class='ocrx_word' id='word_1_485' title='bbox 673 4898 927 4970; x_wconf 87' lang='lat' dir='ltr'><strong>siccitas,</strong></span> <span class='ocrx_word' id='word_1_486' title='bbox 961 4918 1088 4973; x_wconf 69' lang='lat' dir='ltr'><strong>qua:</strong></span> <span class='ocrx_word' id='word_1_487' title='bbox 1119 4901 1447 4958; x_wconf 87' lang='lat' dir='ltr'><strong>humanum</strong></span> <span class='ocrx_word' id='word_1_488' title='bbox 1475 4920 1663 4976; x_wconf 90' lang='lat' dir='ltr'><strong>genus</strong></span> <span class='ocrx_word' id='word_1_489' title='bbox 1690 4922 1886 4978; x_wconf 90' lang='lat' dir='ltr'><strong>posse-</strong></span> 
     </span>
    </p>
   </div>
   <div class='ocr_carea' id='block_1_71' title="bbox 227 4980 1888 5070">
    <p class='ocr_par' dir='ltr' id='par_1_71' title="bbox 227 4980 1888 5070">
     <span class='ocr_line' id='line_1_71' title="bbox 227 4980 1888 5070; baseline 0.01 -36"><span class='ocrx_word' id='word_1_490' title='bbox 227 4980 391 5036; x_wconf 85' lang='lat' dir='ltr'><strong>derat</strong></span> <span class='ocrx_word' id='word_1_491' title='bbox 413 4983 689 5041; x_wconf 86' lang='lat' dir='ltr'><strong>ariditate</strong></span> <span class='ocrx_word' id='word_1_492' title='bbox 713 4988 961 5070; x_wconf 84' lang='lat' dir='ltr'><strong>peccati,</strong></span> <span class='ocrx_word' id='word_1_493' title='bbox 997 4991 1099 5046; x_wconf 88' lang='lat' dir='ltr'><strong>sed</strong></span> <span class='ocrx_word' id='word_1_494' title='bbox 1131 5007 1260 5046; x_wconf 89' lang='lat' dir='ltr'><strong>eam</strong></span> <span class='ocrx_word' id='word_1_495' title='bbox 1291 4991 1578 5049; x_wconf 90' lang='lat' dir='ltr'><strong>Dominus</strong></span> <span class='ocrx_word' id='word_1_496' title='bbox 1604 4996 1888 5051; x_wconf 85' lang='lat' dir='ltr'><strong>convertit</strong></span> 
     </span>
    </p>
   </div>
   <div class='ocr_carea' id='block_1_72' title="bbox 226 5070 1882 5146">
    <p class='ocr_par' dir='ltr' id='par_1_72' title="bbox 226 5070 1882 5146">
     <span class='ocr_line' id='line_1_72' title="bbox 226 5070 1882 5146; baseline 0.011 -24"><span class='ocrx_word' id='word_1_497' title='bbox 226 5070 295 5124; x_wconf 83' lang='lat' dir='ltr'><strong>ad</strong></span> <span class='ocrx_word' id='word_1_498' title='bbox 326 5070 688 5130; x_wconf 88' lang='lat' dir='ltr'><strong>viriditatem</strong></span> <span class='ocrx_word' id='word_1_499' title='bbox 720 5079 1163 5146; x_wconf 90' lang='lat' dir='ltr'><strong>suam,dumilli</strong></span> <span class='ocrx_word' id='word_1_500' title='bbox 1186 5080 1395 5137; x_wconf 82' lang='lat' dir='ltr'><strong>fluvios</strong></span> <span class='ocrx_word' id='word_1_501' title='bbox 1416 5081 1624 5138; x_wconf 79' lang='lat' dir='ltr'><strong>salutis</strong></span> <span class='ocrx_word' id='word_1_502' title='bbox 1647 5083 1882 5141; x_wconf 82' lang='lat' dir='ltr'><strong>infudit.</strong></span> 
     </span>
    </p>
   </div>
   <div class='ocr_carea' id='block_1_73' title="bbox 227 5157 1885 5246">
    <p class='ocr_par' dir='ltr' id='par_1_73' title="bbox 227 5157 1885 5246">
     <span class='ocr_line' id='line_1_73' title="bbox 227 5157 1885 5246; baseline 0.011 -34"><span class='ocrx_word' id='word_1_503' title='bbox 227 5157 270 5212; x_wconf 83' lang='grc' dir='ltr'><em>Η</em></span> <span class='ocrx_word' id='word_1_504' title='bbox 299 5159 371 5215; x_wconf 82' lang='lat' dir='ltr'><strong>Et</strong></span> <span class='ocrx_word' id='word_1_505' title='bbox 401 5159 543 5216; x_wconf 89' lang='lat' dir='ltr'><strong>item</strong></span> <span class='ocrx_word' id='word_1_506' title='bbox 577 5167 860 5222; x_wconf 88' lang='lat' dir='ltr'><strong>convertit</strong></span> <span class='ocrx_word' id='word_1_507' title='bbox 880 5168 1128 5242; x_wconf 90' lang='lat' dir='ltr'><strong>populos</strong></span> <span class='ocrx_word' id='word_1_508' title='bbox 1151 5169 1220 5224; x_wconf 91' lang='lat' dir='ltr'><strong>de</strong></span> <span class='ocrx_word' id='word_1_509' title='bbox 1243 5161 1550 5241; x_wconf 83' lang='lat' dir='ltr'><strong>prefundis</strong></span> <span class='ocrx_word' id='word_1_510' title='bbox 1575 5170 1733 5230; x_wconf 83' lang='lat' dir='ltr'><strong>vitiis</strong></span> <span class='ocrx_word' id='word_1_511' title='bbox 1755 5191 1885 5246; x_wconf 89' lang='lat' dir='ltr'><strong>pec-</strong></span> 
     </span>
    </p>
   </div>
   <div class='ocr_carea' id='block_1_74' title="bbox 226 5249 1882 5336">
    <p class='ocr_par' dir='ltr' id='par_1_74' title="bbox 226 5249 1882 5336">
     <span class='ocr_line' id='line_1_74' title="bbox 226 5249 1882 5336; baseline 0.01 -35"><span class='ocrx_word' id='word_1_512' title='bbox 226 5249 490 5322; x_wconf 82' lang='lat' dir='ltr'><strong>catisque</strong></span> <span class='ocrx_word' id='word_1_513' title='bbox 522 5253 726 5324; x_wconf 90' lang='lat' dir='ltr'><strong>maris,</strong></span> <span class='ocrx_word' id='word_1_514' title='bbox 761 5255 818 5312; x_wconf 91' lang='lat' dir='ltr'><strong>id</strong></span> <span class='ocrx_word' id='word_1_515' title='bbox 851 5261 941 5313; x_wconf 89' lang='lat' dir='ltr'><strong>est</strong></span> <span class='ocrx_word' id='word_1_516' title='bbox 989 5257 1260 5315; x_wconf 71' lang='lat' dir='ltr'><strong>saeculi.A</strong></span> <span class='ocrx_word' id='word_1_517' title='bbox 1289 5262 1632 5317; x_wconf 89' lang='lat' dir='ltr'><strong>Convertam</strong></span> <span class='ocrx_word' id='word_1_518' title='bbox 1681 5263 1882 5336; x_wconf 88' lang='lat' dir='ltr'><strong>igitur,</strong></span> 
     </span>
    </p>
   </div>
   <div class='ocr_carea' id='block_1_75' title="bbox 225 5337 1883 5424">
    <p class='ocr_par' dir='ltr' id='par_1_75' title="bbox 225 5337 1883 5424">
     <span class='ocr_line' id='line_1_75' title="bbox 225 5337 1883 5424; baseline 0.011 -32"><span class='ocrx_word' id='word_1_519' title='bbox 225 5337 447 5394; x_wconf 82' lang='lat' dir='ltr'><strong>scilicet</strong></span> <span class='ocrx_word' id='word_1_520' title='bbox 496 5358 591 5397; x_wconf 90' lang='lat' dir='ltr'><strong>me</strong></span> <span class='ocrx_word' id='word_1_521' title='bbox 635 5343 722 5400; x_wconf 89' lang='lat' dir='ltr'><strong>vel</strong></span> <span class='ocrx_word' id='word_1_522' title='bbox 770 5363 960 5404; x_wconf 86' lang='lat' dir='ltr'><strong>meam</strong></span> <span class='ocrx_word' id='word_1_523' title='bbox 993 5347 1454 5406; x_wconf 87' lang='lat' dir='ltr'><strong>misericordiam</strong></span> <span class='ocrx_word' id='word_1_524' title='bbox 1492 5367 1505 5406; x_wconf 93' lang='lat'>:</span> <span class='ocrx_word' id='word_1_525' title='bbox 1539 5351 1598 5406; x_wconf 91' lang='lat' dir='ltr'><strong>in</strong></span> <span class='ocrx_word' id='word_1_526' title='bbox 1643 5353 1883 5424; x_wconf 85' lang='lat' dir='ltr'><strong>profun-</strong></span> 
     </span>
    </p>
   </div>
   <div class='ocr_carea' id='block_1_76' title="bbox 225 5424 1881 5513">
    <p class='ocr_par' dir='ltr' id='par_1_76' title="bbox 225 5424 1881 5513">
     <span class='ocr_line' id='line_1_76' title="bbox 225 5424 1881 5513; baseline 0.011 -34"><span class='ocrx_word' id='word_1_527' title='bbox 225 5424 365 5483; x_wconf 86' lang='lat' dir='ltr'><strong>dum</strong></span> <span class='ocrx_word' id='word_1_528' title='bbox 399 5429 602 5499; x_wconf 90' lang='lat' dir='ltr'><strong>maris,</strong></span> <span class='ocrx_word' id='word_1_529' title='bbox 636 5433 694 5489; x_wconf 91' lang='lat' dir='ltr'><strong>id</strong></span> <span class='ocrx_word' id='word_1_530' title='bbox 727 5440 818 5493; x_wconf 78' lang='lat' dir='ltr'><strong>est</strong></span> <span class='ocrx_word' id='word_1_531' title='bbox 848 5438 1044 5494; x_wconf 67' lang='lat' dir='ltr'><strong>steculi</strong></span> <span class='ocrx_word' id='word_1_532' title='bbox 1096 5439 1189 5495; x_wconf 83' lang='lat' dir='ltr'><strong>vel</strong></span> <span class='ocrx_word' id='word_1_533' title='bbox 1217 5443 1610 5513; x_wconf 89' lang='lat' dir='ltr'><strong>peccatorum,</strong></span> <span class='ocrx_word' id='word_1_534' title='bbox 1646 5446 1709 5497; x_wconf 86' lang='lat' dir='ltr'><strong>ut</strong></span> <span class='ocrx_word' id='word_1_535' title='bbox 1740 5441 1881 5498; x_wconf 88' lang='lat' dir='ltr'><strong>libe-</strong></span> 
     </span>
    </p>
   </div>
   <div class='ocr_carea' id='block_1_77' title="bbox 223 5518 1880 5590">
    <p class='ocr_par' dir='ltr' id='par_1_77' title="bbox 223 5518 1880 5590">
     <span class='ocr_line' id='line_1_77' title="bbox 223 5518 1880 5590; baseline 0.011 -19"><span class='ocrx_word' id='word_1_536' title='bbox 223 5532 347 5572; x_wconf 87' lang='lat' dir='ltr'><strong>rem</strong></span> <span class='ocrx_word' id='word_1_537' title='bbox 376 5518 586 5577; x_wconf 78' lang='lat' dir='ltr'><strong>exinde</strong></span> <span class='ocrx_word' id='word_1_538' title='bbox 617 5521 907 5585; x_wconf 86' lang='lat' dir='ltr'><strong>homines.</strong></span> <span class='ocrx_word' id='word_1_539' title='bbox 943 5529 1010 5585; x_wconf 89' lang='lat' dir='ltr'><strong>Et</strong></span> <span class='ocrx_word' id='word_1_540' title='bbox 1060 5528 1143 5586; x_wconf 87' lang='lat' dir='ltr'><strong>ita</strong></span> <span class='ocrx_word' id='word_1_541' title='bbox 1189 5533 1523 5586; x_wconf 85' lang='lat' dir='ltr'><strong>convertam</strong></span> <span class='ocrx_word' id='word_1_542' title='bbox 1559 5547 1571 5587; x_wconf 95' lang='lat'>:</span> <span class='ocrx_word' id='word_1_543' title='bbox 1608 5535 1672 5587; x_wconf 90' lang='lat' dir='ltr'><strong>ut</strong></span> <span class='ocrx_word' id='word_1_544' title='bbox 1700 5531 1880 5590; x_wconf 90' lang='lat' dir='ltr'><strong>intin-</strong></span> 
     </span>
    </p>
   </div>
   <div class='ocr_carea' id='block_1_78' title="bbox 225 5609 694 5681">
    <p class='ocr_par' dir='ltr' id='par_1_78' title="bbox 225 5609 694 5681">
     <span class='ocr_line' id='line_1_78' title="bbox 225 5609 694 5681; baseline 0.021 -21"><span class='ocrx_word' id='word_1_545' title='bbox 225 5609 398 5674; x_wconf 78' lang='lat' dir='ltr'><strong>gatur</strong></span> <span class='ocrx_word' id='word_1_546' title='bbox 425 5625 551 5681; x_wconf 90' lang='lat' dir='ltr'><strong>pes,</strong></span> <span class='ocrx_word' id='word_1_547' title='bbox 587 5615 694 5669; x_wconf 90' lang='lat' dir='ltr'><strong>etc.</strong></span> 
     </span>
    </p>
   </div>
   <div class='ocr_carea' id='block_1_79' title="bbox 2143 2491 3652 2564">
    <p class='ocr_par' dir='ltr' id='par_1_79' title="bbox 2143 2491 3652 2564">
     <span class='ocr_line' id='line_1_79' title="bbox 2143 2491 3652 2564; baseline 0.003 -17"><span class='ocrx_word' id='word_1_548' title='bbox 2143 2493 2204 2547; x_wconf 89' lang='lat' dir='ltr'><strong>In</strong></span> <span class='ocrx_word' id='word_1_549' title='bbox 2245 2491 2421 2547; x_wconf 87' lang='lat' dir='ltr'><strong>medio</strong></span> <span class='ocrx_word' id='word_1_550' title='bbox 2451 2492 2880 2562; x_wconf 84' lang='lat' dir='ltr'><strong>juvencularum</strong></span> <span class='ocrx_word' id='word_1_551' title='bbox 2928 2494 3462 2564; x_wconf 83' lang='lat' dir='ltr'><strong>tympanistriarum.</strong></span> <span class='ocrx_word' id='word_1_552' title='bbox 3520 2497 3652 2553; x_wconf 88' lang='lat' dir='ltr'><strong>Dia-</strong></span> 
     </span>
    </p>
   </div>
   <div class='ocr_carea' id='block_1_80' title="bbox 2209 2582 2442 2653">
    <p class='ocr_par' dir='ltr' id='par_1_80' title="bbox 2209 2582 2442 2653">
     <span class='ocr_line' id='line_1_80' title="bbox 2209 2582 2442 2653; baseline 0.009 -19"><span class='ocrx_word' id='word_1_553' title='bbox 2209 2582 2442 2653; x_wconf 77' lang='lat' dir='ltr'><strong>psalmo.</strong></span> 
     </span>
    </p>
   </div>
   <div class='ocr_carea' id='block_1_81' title="bbox 2070 2668 3653 2744">
    <p class='ocr_par' dir='ltr' id='par_1_81' title="bbox 2070 2668 3653 2744">
     <span class='ocr_line' id='line_1_81' title="bbox 2070 2668 3653 2744; baseline 0.005 -21"><span class='ocrx_word' id='word_1_554' title='bbox 2070 2668 2110 2723; x_wconf 89' lang='lat' dir='ltr'>C</span> <span class='ocrx_word' id='word_1_555' title='bbox 2141 2669 2549 2725; x_wconf 73' lang='lat' dir='ltr'><strong>Praavenerunt</strong></span> <span class='ocrx_word' id='word_1_556' title='bbox 2579 2669 2892 2744; x_wconf 90' lang='lat' dir='ltr'><strong>principes,</strong></span> <span class='ocrx_word' id='word_1_557' title='bbox 2929 2669 2984 2725; x_wconf 91' lang='lat' dir='ltr'><strong>id</strong></span> <span class='ocrx_word' id='word_1_558' title='bbox 3025 2674 3115 2726; x_wconf 90' lang='lat' dir='ltr'><strong>est</strong></span> <span class='ocrx_word' id='word_1_559' title='bbox 3161 2671 3408 2744; x_wconf 86' lang='lat' dir='ltr'><strong>apostoli</strong></span> <span class='ocrx_word' id='word_1_560' title='bbox 3448 2689 3653 2731; x_wconf 91' lang='lat' dir='ltr'><strong>omnes</strong></span> 
     </span>
    </p>
   </div>
   <div class='ocr_carea' id='block_1_82' title="bbox 2000 2757 3654 2835">
    <p class='ocr_par' dir='ltr' id='par_1_82' title="bbox 2000 2757 3654 2835">
     <span class='ocr_line' id='line_1_82' title="bbox 2000 2757 3654 2835; baseline 0.004 -23"><span class='ocrx_word' id='word_1_561' title='bbox 2000 2763 2403 2830; x_wconf 70' lang='lat' dir='ltr'><strong>praevenerunt</strong></span> <span class='ocrx_word' id='word_1_562' title='bbox 2434 2757 2492 2813; x_wconf 90' lang='lat' dir='ltr'><strong>in</strong></span> <span class='ocrx_word' id='word_1_563' title='bbox 2523 2758 2830 2815; x_wconf 88' lang='lat' dir='ltr'><strong>sanctitate</strong></span> <span class='ocrx_word' id='word_1_564' title='bbox 2855 2759 3654 2835; x_wconf 75' lang='lat' dir='ltr'><strong>doctrinac,conjunctamque</strong></span> 
     </span>
    </p>
   </div>
   <div class='ocr_carea' id='block_1_83' title="bbox 2001 2847 3650 2924">
    <p class='ocr_par' dir='ltr' id='par_1_83' title="bbox 2001 2847 3650 2924">
     <span class='ocr_line' id='line_1_83' title="bbox 2001 2847 3650 2924; baseline 0.003 -21"><span class='ocrx_word' id='word_1_565' title='bbox 2001 2848 2145 2903; x_wconf 90' lang='lat' dir='ltr'><strong>dicit</strong></span> <span class='ocrx_word' id='word_1_566' title='bbox 2173 2847 2290 2903; x_wconf 84' lang='lat' dir='ltr'><strong>illis</strong></span> <span class='ocrx_word' id='word_1_567' title='bbox 2321 2864 2448 2904; x_wconf 86' lang='lat' dir='ltr'><strong>esse</strong></span> <span class='ocrx_word' id='word_1_568' title='bbox 2483 2847 2918 2904; x_wconf 87' lang='lat' dir='ltr'><strong>multitudinem</strong></span> <span class='ocrx_word' id='word_1_569' title='bbox 2967 2848 3365 2920; x_wconf 87' lang='lat' dir='ltr'><strong>psallentium,</strong></span> <span class='ocrx_word' id='word_1_570' title='bbox 3401 2851 3498 2924; x_wconf 93' lang='lat' dir='ltr'><strong>qui</strong></span> <span class='ocrx_word' id='word_1_571' title='bbox 3523 2852 3650 2922; x_wconf 88' lang='lat' dir='ltr'><strong>jam</strong></span> 
     </span>
    </p>
   </div>
   <div class='ocr_carea' id='block_1_84' title="bbox 1999 2937 3651 3011">
    <p class='ocr_par' dir='ltr' id='par_1_84' title="bbox 1999 2937 3651 3011">
     <span class='ocr_line' id='line_1_84' title="bbox 1999 2937 3651 3011; baseline 0.003 -19"><span class='ocrx_word' id='word_1_572' title='bbox 1999 2937 2206 2993; x_wconf 88' lang='lat' dir='ltr'><strong>laudes</strong></span> <span class='ocrx_word' id='word_1_573' title='bbox 2237 2937 2465 2992; x_wconf 91' lang='lat' dir='ltr'><strong>Domini</strong></span> <span class='ocrx_word' id='word_1_574' title='bbox 2492 2954 2605 2993; x_wconf 87' lang='lat' dir='ltr'><strong>non</strong></span> <span class='ocrx_word' id='word_1_575' title='bbox 2625 2954 2762 2993; x_wconf 86' lang='lat' dir='ltr'><strong>voce</strong></span> <span class='ocrx_word' id='word_1_576' title='bbox 2796 2939 3152 3005; x_wconf 84' lang='lat' dir='ltr'><strong>tantum,sed</strong></span> <span class='ocrx_word' id='word_1_577' title='bbox 3175 2938 3346 2994; x_wconf 91' lang='lat' dir='ltr'><strong>bonis</strong></span> <span class='ocrx_word' id='word_1_578' title='bbox 3377 2939 3651 3011; x_wconf 88' lang='lat' dir='ltr'><strong>operibus</strong></span> 
     </span>
    </p>
   </div>
   <div class='ocr_carea' id='block_1_85' title="bbox 2001 3025 3654 3100">
    <p class='ocr_par' dir='ltr' id='par_1_85' title="bbox 2001 3025 3654 3100">
     <span class='ocr_line' id='line_1_85' title="bbox 2001 3025 3654 3100; baseline 0.001 -18"><span class='ocrx_word' id='word_1_579' title='bbox 2001 3030 2400 3099; x_wconf 88' lang='lat' dir='ltr'><strong>personarent.</strong></span> <span class='ocrx_word' id='word_1_580' title='bbox 2451 3026 2626 3081; x_wconf 87' lang='lat' dir='ltr'><strong>Addit</strong></span> <span class='ocrx_word' id='word_1_581' title='bbox 2662 3025 3136 3096; x_wconf 84' lang='lat' dir='ltr'><strong>juvencularum,</strong></span> <span class='ocrx_word' id='word_1_582' title='bbox 3195 3025 3253 3081; x_wconf 90' lang='lat' dir='ltr'><strong>id</strong></span> <span class='ocrx_word' id='word_1_583' title='bbox 3311 3030 3402 3082; x_wconf 90' lang='lat' dir='ltr'><strong>est</strong></span> <span class='ocrx_word' id='word_1_584' title='bbox 3460 3027 3654 3100; x_wconf 89' lang='lat' dir='ltr'><strong>prima</strong></span> 
     </span>
    </p>
   </div>
   <div class='ocr_carea' id='block_1_86' title="bbox 2001 3113 3647 3188">
    <p class='ocr_par' dir='ltr' id='par_1_86' title="bbox 2001 3113 3647 3188">
     <span class='ocr_line' id='line_1_86' title="bbox 2001 3113 3647 3188; baseline 0.001 -17"><span class='ocrx_word' id='word_1_585' title='bbox 2001 3120 2167 3172; x_wconf 68' lang='lat' dir='ltr'><strong>astate</strong></span> <span class='ocrx_word' id='word_1_586' title='bbox 2191 3115 2677 3188; x_wconf 57' lang='lat' dir='ltr'><strong>florentiumque:</strong></span> <span class='ocrx_word' id='word_1_587' title='bbox 2701 3119 2978 3187; x_wconf 79' lang='lat' dir='ltr'><strong>tympana</strong></span> <span class='ocrx_word' id='word_1_588' title='bbox 3000 3113 3240 3181; x_wconf 88' lang='lat' dir='ltr'><strong>sua,hoc</strong></span> <span class='ocrx_word' id='word_1_589' title='bbox 3266 3118 3355 3170; x_wconf 90' lang='lat' dir='ltr'><strong>est</strong></span> <span class='ocrx_word' id='word_1_590' title='bbox 3376 3131 3647 3188; x_wconf 89' lang='lat' dir='ltr'><strong>corpora:</strong></span> 
     </span>
    </p>
   </div>
   <div class='ocr_carea' id='block_1_87' title="bbox 2001 3203 3648 3277">
    <p class='ocr_par' dir='ltr' id='par_1_87' title="bbox 2001 3203 3648 3277">
     <span class='ocr_line' id='line_1_87' title="bbox 2001 3203 3648 3277; baseline -0.001 -14"><span class='ocrx_word' id='word_1_591' title='bbox 2001 3207 2074 3263; x_wconf 83' lang='lat' dir='ltr'><strong>ad</strong></span> <span class='ocrx_word' id='word_1_592' title='bbox 2107 3203 2338 3261; x_wconf 90' lang='lat' dir='ltr'><strong>Domini</strong></span> <span class='ocrx_word' id='word_1_593' title='bbox 2371 3203 2574 3260; x_wconf 89' lang='lat' dir='ltr'><strong>laudes</strong></span> <span class='ocrx_word' id='word_1_594' title='bbox 2599 3207 3282 3270; x_wconf 87' lang='lat' dir='ltr'><strong>verterunt,macerantes</strong></span> <span class='ocrx_word' id='word_1_595' title='bbox 3306 3222 3367 3260; x_wconf 90' lang='lat' dir='ltr'><strong>se</strong></span> <span class='ocrx_word' id='word_1_596' title='bbox 3379 3204 3648 3277; x_wconf 87' lang='lat' dir='ltr'><strong>jejuniis,</strong></span> 
     </span>
    </p>
   </div>
   <div class='ocr_carea' id='block_1_88' title="bbox 2000 3291 3652 3367">
    <p class='ocr_par' dir='ltr' id='par_1_88' title="bbox 2000 3291 3652 3367">
     <span class='ocr_line' id='line_1_88' title="bbox 2000 3291 3652 3367; baseline -0.001 -16"><span class='ocrx_word' id='word_1_597' title='bbox 2000 3293 2309 3367; x_wconf 88' lang='lat' dir='ltr'><strong>carnisque</strong></span> <span class='ocrx_word' id='word_1_598' title='bbox 2329 3293 2640 3350; x_wconf 84' lang='lat' dir='ltr'><strong>afﬂictione</strong></span> <span class='ocrx_word' id='word_1_599' title='bbox 2655 3291 3306 3366; x_wconf 87' lang='lat' dir='ltr'><strong>gaudentes,tensiones</strong></span> <span class='ocrx_word' id='word_1_600' title='bbox 3336 3292 3512 3349; x_wconf 87' lang='lat' dir='ltr'><strong>etiam</strong></span> <span class='ocrx_word' id='word_1_601' title='bbox 3532 3311 3652 3350; x_wconf 91' lang='lat' dir='ltr'><strong>cor-</strong></span> 
     </span>
    </p>
   </div>
   <div class='ocr_carea' id='block_1_89' title="bbox 2000 3381 3653 3458">
    <p class='ocr_par' dir='ltr' id='par_1_89' title="bbox 2000 3381 3653 3458">
     <span class='ocr_line' id='line_1_89' title="bbox 2000 3381 3653 3458; baseline -0.002 -17"><span class='ocrx_word' id='word_1_602' title='bbox 2000 3385 2157 3458; x_wconf 90' lang='lat' dir='ltr'><strong>poris</strong></span> <span class='ocrx_word' id='word_1_603' title='bbox 2179 3385 2250 3440; x_wconf 91' lang='lat' dir='ltr'><strong>ad</strong></span> <span class='ocrx_word' id='word_1_604' title='bbox 2283 3383 2487 3439; x_wconf 88' lang='lat' dir='ltr'><strong>laudes</strong></span> <span class='ocrx_word' id='word_1_605' title='bbox 2504 3381 2736 3439; x_wconf 91' lang='lat' dir='ltr'><strong>Domini</strong></span> <span class='ocrx_word' id='word_1_606' title='bbox 2768 3381 3363 3455; x_wconf 83' lang='lat' dir='ltr'><strong>vertentes,martyrio</strong></span> <span class='ocrx_word' id='word_1_607' title='bbox 3385 3399 3653 3440; x_wconf 88' lang='lat' dir='ltr'><strong>consum-</strong></span> 
     </span>
    </p>
   </div>
   <div class='ocr_carea' id='block_1_90' title="bbox 2001 3477 2326 3530">
    <p class='ocr_par' dir='ltr' id='par_1_90' title="bbox 2001 3477 2326 3530">
     <span class='ocr_line' id='line_1_90' title="bbox 2001 3477 2326 3530; baseline -0.006 0"><span class='ocrx_word' id='word_1_608' title='bbox 2001 3477 2326 3530; x_wconf 87' lang='lat' dir='ltr'><strong>maverunt.</strong></span> 
     </span>
    </p>
   </div>
   <div class='ocr_carea' id='block_1_91' title="bbox 1995 3559 2994 3619">
    <p class='ocr_par' dir='ltr' id='par_1_91' title="bbox 1995 3559 2994 3619">
     <span class='ocr_line' id='line_1_91' title="bbox 1995 3559 2994 3619; baseline -0.002 -1"><span class='ocrx_word' id='word_1_609' title='bbox 1995 3565 2066 3618; x_wconf 84' lang='lat'><strong>28</strong></span> <span class='ocrx_word' id='word_1_610' title='bbox 2140 3565 2200 3619; x_wconf 88' lang='lat' dir='ltr'><strong>In</strong></span> <span class='ocrx_word' id='word_1_611' title='bbox 2231 3563 2489 3618; x_wconf 86' lang='lat' dir='ltr'><strong>Ecclesiis</strong></span> <span class='ocrx_word' id='word_1_612' title='bbox 2517 3559 2813 3616; x_wconf 82' lang='lat' dir='ltr'><strong>benedicite</strong></span> <span class='ocrx_word' id='word_1_613' title='bbox 2841 3561 2946 3617; x_wconf 90' lang='lat' dir='ltr'><strong>Deo</strong></span> <span class='ocrx_word' id='word_1_614' title='bbox 2975 3579 2994 3616; x_wconf 89' lang='lat'><em>:</em></span> 
     </span>
    </p>
   </div>
   <div class='ocr_carea' id='block_1_92' title="bbox 2139 3651 2947 3722">
    <p class='ocr_par' dir='ltr' id='par_1_92' title="bbox 2139 3651 2947 3722">
     <span class='ocr_line' id='line_1_92' title="bbox 2139 3651 2947 3722; baseline -0.002 -14"><span class='ocrx_word' id='word_1_615' title='bbox 2139 3654 2366 3709; x_wconf 91' lang='lat' dir='ltr'><strong>Domino</strong></span> <span class='ocrx_word' id='word_1_616' title='bbox 2395 3653 2459 3708; x_wconf 85' lang='lat' dir='ltr'><strong>de</strong></span> <span class='ocrx_word' id='word_1_617' title='bbox 2487 3651 2730 3722; x_wconf 82' lang='lat' dir='ltr'><strong>fontibus</strong></span> <span class='ocrx_word' id='word_1_618' title='bbox 2761 3651 2947 3707; x_wconf 85' lang='lat' dir='ltr'><strong>Israel.</strong></span> 
     </span>
    </p>
   </div>
   <div class='ocr_carea' id='block_1_93' title="bbox 2068 3737 3649 3807">
    <p class='ocr_par' dir='ltr' id='par_1_93' title="bbox 2068 3737 3649 3807">
     <span class='ocr_line' id='line_1_93' title="bbox 2068 3737 3649 3807; baseline -0.001 -10"><span class='ocrx_word' id='word_1_619' title='bbox 2068 3742 2108 3797; x_wconf 88' lang='lat' dir='ltr'>C</span> <span class='ocrx_word' id='word_1_620' title='bbox 2135 3743 2219 3797; x_wconf 90' lang='lat' dir='ltr'><strong>Ad</strong></span> <span class='ocrx_word' id='word_1_621' title='bbox 2254 3741 2452 3796; x_wconf 82' lang='lat' dir='ltr'><strong>fideles</strong></span> <span class='ocrx_word' id='word_1_622' title='bbox 2483 3741 2565 3796; x_wconf 87' lang='lat' dir='ltr'><strong>ait</strong></span> <span class='ocrx_word' id='word_1_623' title='bbox 2601 3757 2613 3795; x_wconf 92' lang='lat'><strong>:</strong></span> <span class='ocrx_word' id='word_1_624' title='bbox 2648 3740 2709 3795; x_wconf 88' lang='lat' dir='ltr'><strong>ln</strong></span> <span class='ocrx_word' id='word_1_625' title='bbox 2761 3738 3032 3796; x_wconf 89' lang='lat' dir='ltr'><strong>Ecclesiis</strong></span> <span class='ocrx_word' id='word_1_626' title='bbox 3078 3737 3404 3796; x_wconf 88' lang='lat' dir='ltr'><strong>benedicite</strong></span> <span class='ocrx_word' id='word_1_627' title='bbox 3445 3743 3649 3807; x_wconf 89' lang='lat' dir='ltr'><strong>Deum,</strong></span> 
     </span>
    </p>
   </div>
   <div class='ocr_carea' id='block_1_94' title="bbox 1996 3828 3654 3904">
    <p class='ocr_par' dir='ltr' id='par_1_94' title="bbox 1996 3828 3654 3904">
     <span class='ocr_line' id='line_1_94' title="bbox 1996 3828 3654 3904; baseline -0.001 -16"><span class='ocrx_word' id='word_1_628' title='bbox 1996 3848 2111 3888; x_wconf 88' lang='lat' dir='ltr'><strong>non</strong></span> <span class='ocrx_word' id='word_1_629' title='bbox 2145 3831 2200 3886; x_wconf 92' lang='lat' dir='ltr'><strong>in</strong></span> <span class='ocrx_word' id='word_1_630' title='bbox 2233 3829 2519 3904; x_wconf 89' lang='lat' dir='ltr'><strong>perversis</strong></span> <span class='ocrx_word' id='word_1_631' title='bbox 2536 3828 2955 3886; x_wconf 89' lang='lat' dir='ltr'><strong>conventiculis</strong></span> <span class='ocrx_word' id='word_1_632' title='bbox 2978 3845 3341 3902; x_wconf 88' lang='lat' dir='ltr'><strong>paganorum</strong></span> <span class='ocrx_word' id='word_1_633' title='bbox 3369 3829 3454 3885; x_wconf 92' lang='lat' dir='ltr'><strong>vel</strong></span> <span class='ocrx_word' id='word_1_634' title='bbox 3478 3829 3654 3886; x_wconf 59' lang='lat' dir='ltr'><strong>haere-</strong></span> 
     </span>
    </p>
   </div>
   <div class='ocr_carea' id='block_1_95' title="bbox 1995 3917 3653 3986">
    <p class='ocr_par' dir='ltr' id='par_1_95' title="bbox 1995 3917 3653 3986">
     <span class='ocr_line' id='line_1_95' title="bbox 1995 3917 3653 3986; baseline -0.001 -9"><span class='ocrx_word' id='word_1_635' title='bbox 1995 3922 2265 3986; x_wconf 90' lang='lat' dir='ltr'><strong>ticorum,</strong></span> <span class='ocrx_word' id='word_1_636' title='bbox 2299 3920 2397 3976; x_wconf 88' lang='lat' dir='ltr'><strong>sed</strong></span> <span class='ocrx_word' id='word_1_637' title='bbox 2448 3919 2505 3974; x_wconf 91' lang='lat' dir='ltr'><strong>in</strong></span> <span class='ocrx_word' id='word_1_638' title='bbox 2551 3918 2802 3974; x_wconf 88' lang='lat' dir='ltr'><strong>Ecclesia</strong></span> <span class='ocrx_word' id='word_1_639' title='bbox 2832 3918 3141 3986; x_wconf 88' lang='lat' dir='ltr'><strong>catholica,</strong></span> <span class='ocrx_word' id='word_1_640' title='bbox 3170 3917 3269 3974; x_wconf 91' lang='lat' dir='ltr'><strong>ubi</strong></span> <span class='ocrx_word' id='word_1_641' title='bbox 3318 3922 3474 3974; x_wconf 89' lang='lat' dir='ltr'><strong>recta</strong></span> <span class='ocrx_word' id='word_1_642' title='bbox 3508 3920 3653 3976; x_wconf 85' lang='lat' dir='ltr'><strong>fides</strong></span> 
     </span>
    </p>
   </div>
   <div class='ocr_carea' id='block_1_96' title="bbox 1994 4007 3654 4076">
    <p class='ocr_par' dir='ltr' id='par_1_96' title="bbox 1994 4007 3654 4076">
     <span class='ocr_line' id='line_1_96' title="bbox 1994 4007 3654 4076; baseline -0.002 -10"><span class='ocrx_word' id='word_1_643' title='bbox 1994 4014 2084 4066; x_wconf 89' lang='lat' dir='ltr'><strong>est</strong></span> <span class='ocrx_word' id='word_1_644' title='bbox 2110 4013 2168 4065; x_wconf 89' lang='lat' dir='ltr'><strong>et</strong></span> <span class='ocrx_word' id='word_1_645' title='bbox 2195 4026 2330 4064; x_wconf 89' lang='lat' dir='ltr'><strong>vera</strong></span> <span class='ocrx_word' id='word_1_646' title='bbox 2360 4007 2668 4064; x_wconf 83' lang='lat' dir='ltr'><strong>confessio.</strong></span> <span class='ocrx_word' id='word_1_647' title='bbox 2702 4007 2781 4063; x_wconf 90' lang='lat' dir='ltr'><strong>De</strong></span> <span class='ocrx_word' id='word_1_648' title='bbox 2832 4007 3191 4076; x_wconf 88' lang='lat' dir='ltr'><strong>fontibus,de</strong></span> <span class='ocrx_word' id='word_1_649' title='bbox 3223 4007 3510 4076; x_wconf 90' lang='lat' dir='ltr'><strong>doctrina,</strong></span> <span class='ocrx_word' id='word_1_650' title='bbox 3545 4009 3654 4063; x_wconf 87' lang='lat' dir='ltr'><strong>sci-</strong></span> 
     </span>
    </p>
   </div>
   <div class='ocr_carea' id='block_1_97' title="bbox 1993 4093 3648 4168">
    <p class='ocr_par' dir='ltr' id='par_1_97' title="bbox 1993 4093 3648 4168">
     <span class='ocr_line' id='line_1_97' title="bbox 1993 4093 3648 4168; baseline -0.002 -14"><span class='ocrx_word' id='word_1_651' title='bbox 1993 4098 2127 4154; x_wconf 91' lang='lat' dir='ltr'><strong>licet</strong></span> <span class='ocrx_word' id='word_1_652' title='bbox 2158 4096 2372 4154; x_wconf 87' lang='lat' dir='ltr'><strong>Christi</strong></span> <span class='ocrx_word' id='word_1_653' title='bbox 2387 4111 2695 4168; x_wconf 82' lang='lat' dir='ltr'><strong>ma,quam</strong></span> <span class='ocrx_word' id='word_1_654' title='bbox 2719 4094 2992 4168; x_wconf 86' lang='lat' dir='ltr'><strong>gentibus</strong></span> <span class='ocrx_word' id='word_1_655' title='bbox 3014 4093 3262 4167; x_wconf 90' lang='lat' dir='ltr'><strong>apostoli</strong></span> <span class='ocrx_word' id='word_1_656' title='bbox 3284 4094 3648 4150; x_wconf 83' lang='lat' dir='ltr'><strong>infuderunt.</strong></span> 
     </span>
    </p>
   </div>
   <div class='ocr_carea' id='block_1_98' title="bbox 1994 4182 3652 4258">
    <p class='ocr_par' dir='ltr' id='par_1_98' title="bbox 1994 4182 3652 4258">
     <span class='ocr_line' id='line_1_98' title="bbox 1994 4182 3652 4258; baseline -0.005 -14"><span class='ocrx_word' id='word_1_657' title='bbox 1994 4189 2144 4244; x_wconf 90' lang='lat' dir='ltr'><strong>Fons</strong></span> <span class='ocrx_word' id='word_1_658' title='bbox 2175 4187 2390 4258; x_wconf 89' lang='lat' dir='ltr'><strong>quippe</strong></span> <span class='ocrx_word' id='word_1_659' title='bbox 2421 4203 2454 4239; x_wconf 88' lang='lat' dir='ltr'><strong>a</strong></span> <span class='ocrx_word' id='word_1_660' title='bbox 2483 4185 2725 4240; x_wconf 80' lang='lat' dir='ltr'><strong>fovendo</strong></span> <span class='ocrx_word' id='word_1_661' title='bbox 2775 4183 2969 4239; x_wconf 91' lang='lat' dir='ltr'><strong>dictus</strong></span> <span class='ocrx_word' id='word_1_662' title='bbox 3015 4186 3122 4248; x_wconf 85' lang='lat' dir='ltr'><strong>est,</strong></span> <span class='ocrx_word' id='word_1_663' title='bbox 3156 4199 3222 4238; x_wconf 90' lang='lat' dir='ltr'><strong>eo</strong></span> <span class='ocrx_word' id='word_1_664' title='bbox 3254 4182 3408 4254; x_wconf 92' lang='lat' dir='ltr'><strong>quod</strong></span> <span class='ocrx_word' id='word_1_665' title='bbox 3451 4187 3652 4238; x_wconf 88' lang='lat' dir='ltr'><strong>nostra</strong></span> 
     </span>
    </p>
   </div>
   <div class='ocr_carea' id='block_1_99' title="bbox 1995 4269 3652 4348">
    <p class='ocr_par' dir='ltr' id='par_1_99' title="bbox 1995 4269 3652 4348">
     <span class='ocr_line' id='line_1_99' title="bbox 1995 4269 3652 4348; baseline -0.004 -16"><span class='ocrx_word' id='word_1_666' title='bbox 1995 4292 2238 4348; x_wconf 89' lang='lat' dir='ltr'><strong>corpora</strong></span> <span class='ocrx_word' id='word_1_667' title='bbox 2266 4274 2464 4330; x_wconf 88' lang='lat' dir='ltr'><strong>labore</strong></span> <span class='ocrx_word' id='word_1_668' title='bbox 2491 4273 2645 4328; x_wconf 89' lang='lat' dir='ltr'><strong>fessa</strong></span> <span class='ocrx_word' id='word_1_669' title='bbox 2669 4271 2940 4327; x_wconf 89' lang='lat' dir='ltr'><strong>refoveat.</strong></span> <span class='ocrx_word' id='word_1_670' title='bbox 2958 4269 3087 4326; x_wconf 90' lang='lat' dir='ltr'><strong>Sive</strong></span> <span class='ocrx_word' id='word_1_671' title='bbox 3109 4287 3152 4326; x_wconf 88' lang='lat' dir='ltr'><strong>.a</strong></span> <span class='ocrx_word' id='word_1_672' title='bbox 3183 4270 3481 4326; x_wconf 88' lang='lat' dir='ltr'><strong>fundendo</strong></span> <span class='ocrx_word' id='word_1_673' title='bbox 3511 4269 3652 4343; x_wconf 89' lang='lat' dir='ltr'><strong>quia</strong></span> 
     </span>
    </p>
   </div>
   <div class='ocr_carea' id='block_1_100' title="bbox 1995 4358 3574 4434">
    <p class='ocr_par' dir='ltr' id='par_1_100' title="bbox 1995 4358 3574 4434">
     <span class='ocr_line' id='line_1_100' title="bbox 1995 4358 3574 4434; baseline -0.003 -13"><span class='ocrx_word' id='word_1_674' title='bbox 1995 4364 2243 4422; x_wconf 72' lang='lat' dir='ltr'><strong>effundit</strong></span> <span class='ocrx_word' id='word_1_675' title='bbox 2270 4361 2614 4434; x_wconf 88' lang='lat' dir='ltr'><strong>aquas,fons</strong></span> <span class='ocrx_word' id='word_1_676' title='bbox 2637 4359 2792 4416; x_wconf 88' lang='lat' dir='ltr'><strong>enim</strong></span> <span class='ocrx_word' id='word_1_677' title='bbox 2823 4358 3055 4432; x_wconf 90' lang='lat' dir='ltr'><strong>proprie</strong></span> <span class='ocrx_word' id='word_1_678' title='bbox 3088 4364 3177 4416; x_wconf 89' lang='lat' dir='ltr'><strong>est</strong></span> <span class='ocrx_word' id='word_1_679' title='bbox 3219 4359 3320 4433; x_wconf 91' lang='lat' dir='ltr'><strong>qui</strong></span> <span class='ocrx_word' id='word_1_680' title='bbox 3352 4365 3574 4416; x_wconf 88' lang='lat' dir='ltr'><strong>manat.</strong></span> 
     </span>
    </p>
   </div>
   <div class='ocr_carea' id='block_1_101' title="bbox 1993 4450 3044 4522">
    <p class='ocr_par' dir='ltr' id='par_1_101' title="bbox 1993 4450 3044 4522">
     <span class='ocr_line' id='line_1_101' title="bbox 1993 4450 3044 4522; baseline -0.006 -12"><span class='ocrx_word' id='word_1_681' title='bbox 1993 4458 2064 4510; x_wconf 82' lang='lat'><strong>29</strong></span> <span class='ocrx_word' id='word_1_682' title='bbox 2138 4453 2220 4509; x_wconf 88' lang='lat' dir='ltr'><strong>lbi</strong></span> <span class='ocrx_word' id='word_1_683' title='bbox 2243 4451 2531 4522; x_wconf 87' lang='lat' dir='ltr'><strong>Bcnjamin</strong></span> <span class='ocrx_word' id='word_1_684' title='bbox 2563 4450 3044 4506; x_wconf 86' lang='lat' dir='ltr'><strong>adolescentulus:</strong></span> 
     </span>
    </p>
   </div>
   <div class='ocr_carea' id='block_1_102' title="bbox 2137 4542 2690 4598">
    <p class='ocr_par' dir='ltr' id='par_1_102' title="bbox 2137 4542 2690 4598">
     <span class='ocr_line' id='line_1_102' title="bbox 2137 4542 2690 4598; baseline -0.007 0"><span class='ocrx_word' id='word_1_685' title='bbox 2137 4543 2198 4598; x_wconf 81' lang='lat' dir='ltr'><strong>In</strong></span> <span class='ocrx_word' id='word_1_686' title='bbox 2225 4542 2423 4597; x_wconf 87' lang='lat' dir='ltr'><strong>mentis</strong></span> <span class='ocrx_word' id='word_1_687' title='bbox 2453 4556 2690 4596; x_wconf 75' lang='lat' dir='ltr'><strong>excessu.</strong></span> 
     </span>
    </p>
   </div>
   <div class='ocr_carea' id='block_1_103' title="bbox 2068 4627 3647 4703">
    <p class='ocr_par' dir='ltr' id='par_1_103' title="bbox 2068 4627 3647 4703">
     <span class='ocr_line' id='line_1_103' title="bbox 2068 4627 3647 4703; baseline -0.001 -15"><span class='ocrx_word' id='word_1_688' title='bbox 2068 4633 2113 4688; x_wconf 88' lang='grc' dir='ltr'>Η</span> <span class='ocrx_word' id='word_1_689' title='bbox 2146 4635 2185 4687; x_wconf 90' lang='lat' dir='ltr'>C</span> <span class='ocrx_word' id='word_1_690' title='bbox 2215 4631 2296 4687; x_wconf 90' lang='lat' dir='ltr'><strong>Ibi</strong></span> <span class='ocrx_word' id='word_1_691' title='bbox 2327 4629 2632 4702; x_wconf 89' lang='lat' dir='ltr'><strong>Benjamin</strong></span> <span class='ocrx_word' id='word_1_692' title='bbox 2660 4646 2672 4684; x_wconf 90' lang='lat'>:</span> <span class='ocrx_word' id='word_1_693' title='bbox 2699 4627 2914 4686; x_wconf 88' lang='lat' dir='ltr'><strong>Paulus</strong></span> <span class='ocrx_word' id='word_1_694' title='bbox 2931 4627 3361 4703; x_wconf 86' lang='lat' dir='ltr'><strong>apostolus,qui</strong></span> <span class='ocrx_word' id='word_1_695' title='bbox 3391 4630 3463 4686; x_wconf 90' lang='lat' dir='ltr'><strong>de</strong></span> <span class='ocrx_word' id='word_1_696' title='bbox 3490 4631 3647 4686; x_wconf 91' lang='lat' dir='ltr'><strong>tribu</strong></span> 
     </span>
    </p>
   </div>
   <div class='ocr_carea' id='block_1_104' title="bbox 1993 4718 3646 4794">
    <p class='ocr_par' dir='ltr' id='par_1_104' title="bbox 1993 4718 3646 4794">
     <span class='ocr_line' id='line_1_104' title="bbox 1993 4718 3646 4794; baseline -0.004 -14"><span class='ocrx_word' id='word_1_697' title='bbox 1993 4721 2296 4794; x_wconf 86' lang='lat' dir='ltr'><strong>Benjamin</strong></span> <span class='ocrx_word' id='word_1_698' title='bbox 2355 4718 2674 4776; x_wconf 88' lang='lat' dir='ltr'><strong>descendit.</strong></span> <span class='ocrx_word' id='word_1_699' title='bbox 2708 4719 2749 4775; x_wconf 79' lang='grc' dir='ltr'>Ο</span> <span class='ocrx_word' id='word_1_700' title='bbox 2796 4719 3282 4775; x_wconf 84' lang='lat' dir='ltr'><strong>Adolescentulus</strong></span> <span class='ocrx_word' id='word_1_701' title='bbox 3329 4719 3552 4774; x_wconf 84' lang='lat' dir='ltr'><strong>exstitit</strong></span> <span class='ocrx_word' id='word_1_702' title='bbox 3586 4718 3646 4774; x_wconf 90' lang='lat' dir='ltr'><strong>in</strong></span> 
     </span>
    </p>
   </div>
   <div class='ocr_carea' id='block_1_105' title="bbox 1995 4806 3713 4882">
    <p class='ocr_par' dir='ltr' id='par_1_105' title="bbox 1995 4806 3713 4882">
     <span class='ocr_line' id='line_1_105' title="bbox 1995 4806 3713 4882; baseline -0.006 -13"><span class='ocrx_word' id='word_1_703' title='bbox 1995 4812 2211 4869; x_wconf 89' lang='lat' dir='ltr'><strong>mentis</strong></span> <span class='ocrx_word' id='word_1_704' title='bbox 2242 4809 2745 4882; x_wconf 84' lang='lat' dir='ltr'><strong>excessu,quando</strong></span> <span class='ocrx_word' id='word_1_705' title='bbox 2778 4808 3008 4864; x_wconf 91' lang='lat' dir='ltr'><strong>Domini</strong></span> <span class='ocrx_word' id='word_1_706' title='bbox 3031 4823 3169 4863; x_wconf 90' lang='lat' dir='ltr'><strong>voce</strong></span> <span class='ocrx_word' id='word_1_707' title='bbox 3194 4806 3430 4875; x_wconf 86' lang='lat' dir='ltr'><strong>corruit,</strong></span> <span class='ocrx_word' id='word_1_708' title='bbox 3466 4806 3566 4880; x_wconf 89' lang='lat' dir='ltr'><strong>qui</strong></span> <span class='ocrx_word' id='word_1_709' title='bbox 3592 4812 3649 4862; x_wconf 91' lang='lat' dir='ltr'><strong>et</strong></span> <span class='ocrx_word' id='word_1_710' title='bbox 3703 4853 3713 4858; x_wconf 91' lang='lat'><strong>-</strong></span> 
     </span>
    </p>
   </div>
   <div class='ocr_carea' id='block_1_106' title="bbox 1995 4895 3648 4968">
    <p class='ocr_par' dir='ltr' id='par_1_106' title="bbox 1995 4895 3648 4968">
     <span class='ocr_line' id='line_1_106' title="bbox 1995 4895 3648 4968; baseline -0.004 -10"><span class='ocrx_word' id='word_1_711' title='bbox 1995 4902 2310 4958; x_wconf 89' lang='lat' dir='ltr'><strong>miseratus</strong></span> <span class='ocrx_word' id='word_1_712' title='bbox 2343 4897 2596 4955; x_wconf 91' lang='lat' dir='ltr'><strong>intonuit</strong></span> <span class='ocrx_word' id='word_1_713' title='bbox 2623 4915 2636 4952; x_wconf 89' lang='lat'><strong>:</strong></span> <span class='ocrx_word' id='word_1_714' title='bbox 2670 4896 2863 4963; x_wconf 85' lang='lat' dir='ltr'><strong>Saule,</strong></span> <span class='ocrx_word' id='word_1_715' title='bbox 2905 4895 3080 4952; x_wconf 89' lang='lat' dir='ltr'><strong>Saule</strong></span> <span class='ocrx_word' id='word_1_716' title='bbox 3125 4898 3260 4968; x_wconf 80' lang='lat' dir='ltr'><strong>(Aet.</strong></span> <span class='ocrx_word' id='word_1_717' title='bbox 3289 4900 3392 4963; x_wconf 82' lang='lat' dir='ltr'><strong>1x),</strong></span> <span class='ocrx_word' id='word_1_718' title='bbox 3425 4896 3648 4952; x_wconf 89' lang='lat' dir='ltr'><strong>adoles-</strong></span> 
     </span>
    </p>
   </div>
   <div class='ocr_carea' id='block_1_107' title="bbox 1996 4984 3649 5053">
    <p class='ocr_par' dir='ltr' id='par_1_107' title="bbox 1996 4984 3649 5053">
     <span class='ocr_line' id='line_1_107' title="bbox 1996 4984 3649 5053; baseline -0.005 -4"><span class='ocrx_word' id='word_1_719' title='bbox 1996 5008 2132 5049; x_wconf 89' lang='lat' dir='ltr'><strong>cens</strong></span> <span class='ocrx_word' id='word_1_720' title='bbox 2163 4989 2376 5045; x_wconf 86' lang='lat' dir='ltr'><strong>dicitur</strong></span> <span class='ocrx_word' id='word_1_721' title='bbox 2404 4987 2477 5043; x_wconf 89' lang='lat' dir='ltr'><strong>ab</strong></span> <span class='ocrx_word' id='word_1_722' title='bbox 2517 4985 2823 5053; x_wconf 87' lang='lat' dir='ltr'><strong>adolendo,</strong></span> <span class='ocrx_word' id='word_1_723' title='bbox 2875 4985 2933 5040; x_wconf 91' lang='lat' dir='ltr'><strong>id</strong></span> <span class='ocrx_word' id='word_1_724' title='bbox 2983 4989 3073 5040; x_wconf 90' lang='lat' dir='ltr'><strong>est</strong></span> <span class='ocrx_word' id='word_1_725' title='bbox 3113 4985 3446 5041; x_wconf 88' lang='lat' dir='ltr'><strong>crescendo.</strong></span> <span class='ocrx_word' id='word_1_726' title='bbox 3481 4985 3526 5040; x_wconf 85' lang='grc' dir='ltr'>Η</span> <span class='ocrx_word' id='word_1_727' title='bbox 3559 4984 3649 5040; x_wconf 91' lang='lat' dir='ltr'><strong>Di-</strong></span> 
     </span>
    </p>
   </div>
   <div class='ocr_carea' id='block_1_108' title="bbox 1997 5073 3646 5147">
    <p class='ocr_par' dir='ltr' id='par_1_108' title="bbox 1997 5073 3646 5147">
     <span class='ocr_line' id='line_1_108' title="bbox 1997 5073 3646 5147; baseline -0.005 -10"><span class='ocrx_word' id='word_1_728' title='bbox 1997 5085 2126 5137; x_wconf 90' lang='lat' dir='ltr'><strong>ctus</strong></span> <span class='ocrx_word' id='word_1_729' title='bbox 2140 5078 2315 5136; x_wconf 89' lang='lat' dir='ltr'><strong>etiam</strong></span> <span class='ocrx_word' id='word_1_730' title='bbox 2329 5073 2834 5146; x_wconf 88' lang='lat' dir='ltr'><strong>adolescens,quia</strong></span> <span class='ocrx_word' id='word_1_731' title='bbox 2846 5073 3204 5130; x_wconf 87' lang='lat' dir='ltr'><strong>novissimus</strong></span> <span class='ocrx_word' id='word_1_732' title='bbox 3215 5073 3481 5131; x_wconf 90' lang='lat' dir='ltr'><strong>omnium</strong></span> <span class='ocrx_word' id='word_1_733' title='bbox 3507 5091 3646 5147; x_wconf 88' lang='lat' dir='ltr'><strong>apo-</strong></span> 
     </span>
    </p>
   </div>
   <div class='ocr_carea' id='block_1_109' title="bbox 1996 5162 3644 5238">
    <p class='ocr_par' dir='ltr' id='par_1_109' title="bbox 1996 5162 3644 5238">
     <span class='ocr_line' id='line_1_109' title="bbox 1996 5162 3644 5238; baseline -0.005 -11"><span class='ocrx_word' id='word_1_734' title='bbox 1996 5169 2279 5227; x_wconf 88' lang='lat' dir='ltr'><strong>stolorum</strong></span> <span class='ocrx_word' id='word_1_735' title='bbox 2315 5184 2326 5222; x_wconf 95' lang='lat'>:</span> <span class='ocrx_word' id='word_1_736' title='bbox 2361 5163 2751 5220; x_wconf 89' lang='lat' dir='ltr'><strong>conversusin</strong></span> <span class='ocrx_word' id='word_1_737' title='bbox 2773 5179 3014 5220; x_wconf 81' lang='lat' dir='ltr'><strong>excessu</strong></span> <span class='ocrx_word' id='word_1_738' title='bbox 3037 5180 3210 5236; x_wconf 90' lang='lat' dir='ltr'><strong>quem</strong></span> <span class='ocrx_word' id='word_1_739' title='bbox 3235 5162 3472 5238; x_wconf 88' lang='lat' dir='ltr'><strong>pertulit</strong></span> <span class='ocrx_word' id='word_1_740' title='bbox 3500 5164 3644 5219; x_wconf 89' lang='lat' dir='ltr'><strong>dum</strong></span> 
     </span>
    </p>
   </div>
   <div class='ocr_carea' id='block_1_110' title="bbox 1995 5259 2592 5316">
    <p class='ocr_par' dir='ltr' id='par_1_110' title="bbox 1995 5259 2592 5316">
     <span class='ocr_line' id='line_1_110' title="bbox 1995 5259 2592 5316; baseline -0.013 0"><span class='ocrx_word' id='word_1_741' title='bbox 1995 5261 2104 5316; x_wconf 90' lang='lat' dir='ltr'><strong>iret</strong></span> <span class='ocrx_word' id='word_1_742' title='bbox 2129 5259 2188 5312; x_wconf 92' lang='lat' dir='ltr'><strong>in</strong></span> <span class='ocrx_word' id='word_1_743' title='bbox 2221 5261 2592 5312; x_wconf 88' lang='lat' dir='ltr'><strong>Damascum.</strong></span> 
     </span>
    </p>
   </div>
   <div class='ocr_carea' id='block_1_111' title="bbox 1992 5341 3041 5417">
    <p class='ocr_par' dir='ltr' id='par_1_111' title="bbox 1992 5341 3041 5417">
     <span class='ocr_line' id='line_1_111' title="bbox 1992 5341 3041 5417; baseline -0.008 -11"><span class='ocrx_word' id='word_1_744' title='bbox 1992 5351 2062 5406; x_wconf 87' lang='lat'>30</span> <span class='ocrx_word' id='word_1_745' title='bbox 2135 5347 2420 5417; x_wconf 84' lang='lat' dir='ltr'><strong>Principes</strong></span> <span class='ocrx_word' id='word_1_746' title='bbox 2447 5342 2588 5400; x_wconf 79' lang='lat' dir='ltr'><strong>Iuda</strong></span> <span class='ocrx_word' id='word_1_747' title='bbox 2618 5341 2778 5398; x_wconf 88' lang='lat' dir='ltr'><strong>duces</strong></span> <span class='ocrx_word' id='word_1_748' title='bbox 2805 5358 2993 5399; x_wconf 86' lang='lat' dir='ltr'><strong>eorum</strong></span> <span class='ocrx_word' id='word_1_749' title='bbox 3023 5363 3041 5398; x_wconf 88' lang='lat'><strong><em>:</em></strong></span> 
     </span>
    </p>
   </div>
   <div class='ocr_carea' id='block_1_112' title="bbox 2137 5433 3355 5506">
    <p class='ocr_par' dir='ltr' id='par_1_112' title="bbox 2137 5433 3355 5506">
     <span class='ocr_line' id='line_1_112' title="bbox 2137 5433 3355 5506; baseline -0.003 -12"><span class='ocrx_word' id='word_1_750' title='bbox 2137 5437 2419 5506; x_wconf 85' lang='lat' dir='ltr'><strong>Principes</strong></span> <span class='ocrx_word' id='word_1_751' title='bbox 2449 5433 2690 5489; x_wconf 84' lang='lat' dir='ltr'><strong>Zabulon</strong></span> <span class='ocrx_word' id='word_1_752' title='bbox 2715 5435 2994 5506; x_wconf 86' lang='lat' dir='ltr'><strong>principes</strong></span> <span class='ocrx_word' id='word_1_753' title='bbox 3022 5433 3355 5506; x_wconf 81' lang='lat' dir='ltr'><strong>Nephtalim.</strong></span> 
     </span>
    </p>
   </div>
   <div class='ocr_carea' id='block_1_113' title="bbox 2061 5522 3643 5597">
    <p class='ocr_par' dir='ltr' id='par_1_113' title="bbox 2061 5522 3643 5597">
     <span class='ocr_line' id='line_1_113' title="bbox 2061 5522 3643 5597; baseline -0.004 -13"><span class='ocrx_word' id='word_1_754' title='bbox 2061 5533 2100 5584; x_wconf 90' lang='lat' dir='ltr'>C</span> <span class='ocrx_word' id='word_1_755' title='bbox 2131 5525 2431 5597; x_wconf 88' lang='lat' dir='ltr'><strong>Principes</strong></span> <span class='ocrx_word' id='word_1_756' title='bbox 2486 5522 2660 5590; x_wconf 87' lang='lat' dir='ltr'><strong>Juda,</strong></span> <span class='ocrx_word' id='word_1_757' title='bbox 2713 5523 3027 5580; x_wconf 91' lang='lat' dir='ltr'><strong>Dominum</strong></span> <span class='ocrx_word' id='word_1_758' title='bbox 3083 5522 3302 5581; x_wconf 90' lang='lat' dir='ltr'><strong>indicat</strong></span> <span class='ocrx_word' id='word_1_759' title='bbox 3347 5540 3359 5580; x_wconf 93' lang='lat'><strong>:</strong></span> <span class='ocrx_word' id='word_1_760' title='bbox 3412 5523 3510 5596; x_wconf 89' lang='lat' dir='ltr'><strong>qui</strong></span> <span class='ocrx_word' id='word_1_761' title='bbox 3573 5524 3643 5579; x_wconf 89' lang='lat' dir='ltr'><strong>de</strong></span> 
     </span>
    </p>
   </div>
   <div class='ocr_carea' id='block_1_114' title="bbox 1988 5609 3641 5685">
    <p class='ocr_par' dir='ltr' id='par_1_114' title="bbox 1988 5609 3641 5685">
     <span class='ocr_line' id='line_1_114' title="bbox 1988 5609 3641 5685; baseline -0.004 -10"><span class='ocrx_word' id='word_1_762' title='bbox 1988 5618 2147 5675; x_wconf 88' lang='lat' dir='ltr'><strong>tribu</strong></span> <span class='ocrx_word' id='word_1_763' title='bbox 2168 5615 2198 5674; x_wconf 86' lang='lat' dir='ltr'><strong>J</strong></span> <span class='ocrx_word' id='word_1_764' title='bbox 2205 5614 2321 5673; x_wconf 89' lang='lat' dir='ltr'><strong>uda</strong></span> <span class='ocrx_word' id='word_1_765' title='bbox 2339 5609 2711 5669; x_wconf 87' lang='lat' dir='ltr'><strong>descendit.H</strong></span> <span class='ocrx_word' id='word_1_766' title='bbox 2729 5611 2990 5685; x_wconf 88' lang='lat' dir='ltr'><strong>Apostoli</strong></span> <span class='ocrx_word' id='word_1_767' title='bbox 3013 5611 3168 5670; x_wconf 91' lang='lat' dir='ltr'><strong>enim</strong></span> <span class='ocrx_word' id='word_1_768' title='bbox 3192 5615 3330 5670; x_wconf 90' lang='lat' dir='ltr'><strong>sunt</strong></span> <span class='ocrx_word' id='word_1_769' title='bbox 3349 5609 3641 5685; x_wconf 82' lang='lat' dir='ltr'><strong>principes</strong></span> 
     </span>
    </p>
   </div>
  </div>
