4054 6168
259 313 379 371 257

1499 308 1912 374 EXPOSITIO
1956 313 2440 377 PSALMORUM
2453 359 2464 373 .

3550 319 3671 385 258

257 443 508 500 rectione
539 443 758 500 confisa
792 463 806 501 :
839 445 1160 518 petensque
1191 462 1251 503 se
1283 463 1317 502 a
1343 445 1478 502 luto
1499 445 1679 518 hujus
1709 444 1907 502 saeculi
1935 447 1990 514 Α
2017 448 2053 502 6
2151 447 2467 520 Confortati
2489 457 2618 505 sunt
2644 452 2742 522 qui
2767 453 3036 522 persecuti
3054 461 3180 509 sunt
3209 471 3297 510 me
3327 455 3545 514 inimici
3564 473 3672 514 me:

251 532 995 608 liberari,pronuutiatquaz
1017 535 1276 592 inimicis
1288 535 1625 607 contingam
1647 537 1905 591 noverat.

320 640 436 696 TT.
467 639 531 694 In
558 640 727 710 ﬁnem
749 657 852 712 pro
890 640 976 697 his
1005 643 1612 715 qui‘commutabuntur
1639 640 1834 697 David.

320 747 362 802 C
392 751 499 802 Pro
520 745 615 802 his
636 747 735 820 qui
765 749 1428 806 commutabantur.lsta
1449 749 1628 823 igitur
1648 766 1910 805 commu-

251 835 390 892 tatio
420 836 715 909 signiﬁcat
743 829 992 909 populos
1018 839 1400 907 Christianos,
1435 839 1546 911 qui
1565 832 1777 895 veteris
1810 837 1910 894 ho-

253 924 430 982 minis
471 919 754 998 pravitate
801 925 1085 999 deposita,
1138 927 1196 982 in
1247 944 1404 982 nova:
1453 923 1913 1000 regenerationis

255 1019 393 1071 sunt
421 1031 665 1071 munere
696 1009 1062 1072 commutati.
1097 1015 1260 1080 Quod
1291 1021 1489 1072 autem
1541 1010 1758 1072 dicitur
1809 1033 1912 1088 pro

256 1104 348 1160 his
377 1105 634 1160 ostendit
665 1122 771 1177 pro
801 1104 980 1172 his,id
1011 1110 1101 1160 est
1128 1103 1355 1161 cunctis
1385 1098 1659 1162 ﬁdelibus
1691 1105 1912 1161 Christi

257 1193 590 1266 passionem
625 1193 1052 1249 factam.David
1069 1210 1303 1266 quoque
1333 1195 1714 1266 subjunctum
1737 1198 1919 1264 est,ut

257 1283 390 1338 ﬁnis
421 1287 480 1338 et
506 1282 745 1340 initium
779 1282 931 1338 tituli
964 1282 1208 1340 Domino
1263 1283 1494 1340 Christo
1541 1289 1911 1358 congrueret,

257 1371 352 1443 qui
381 1375 475 1426 est
502 1394 536 1425 α
566 1375 623 1426 et
653 1397 710 1440 ω,
744 1371 800 1427 id
833 1376 923 1428 est
953 1370 1306 1445 principium
1339 1377 1395 1428 et
1427 1373 1582 1429 ﬁnis.
1620 1375 1682 1429 In
1736 1375 1913 1430 ﬁnem

256 1455 505 1531 δηίωίηῖ
534 1459 863 1532 saepissime
894 1461 1116 1516 dictum
1140 1466 1251 1530 est)
1269 1461 1565 1518 Christum
1597 1462 1914 1536 significat,

255 1555 308 1605 et
335 1547 520 1604 David
553 1549 827 1605 eumdem
859 1547 1159 1606 Christum
1192 1549 1447 1607 denotat.

258 1658 281 1711 1
391 1656 626 1712 Saluum
653 1672 740 1712 me
783 1663 839 1723 -ξι
863 1657 954 1728 fac
994 1661 1009 1720 ζ
1054 1657 1196 1714 Deus
1224 1676 1246 1712 .·
1276 1659 1540 1731 quoniam
1570 1661 1921 1717 intraverunt

471 1760 662 1818 aqua:

397 1823 577 1907 Usque
603 1834 675 1890 ad
705 1836 953 1890 animam
978 1853 1177 1893 meam.

322 1933 361 1988 C
379 1931 728 1988 Postulabat
749 1932 1088 1990 humanitas
1111 1951 1146 1989 a
1169 1934 1336 1990 Patre
1357 1933 1640 1992 auxilium
1664 1949 1917 1992 resurre-

257 2021 492 2077 ctionis.
525 2023 726 2094 Aquas
757 2039 859 2094 pro
887 2019 1280 2080 seditionibus
1302 2023 1490 2096 plebis
1518 2030 1718 2097 mctuq
1730 2043 1798 2081 ue
1819 2043 1918 2099 po-

261 2111 534 2183 pulorum
591 2111 803 2168 debere
860 2111 1103 2184 suscipi,
1161 2113 1375 2186 saepius
1423 2114 1620 2171 divina
1666 2119 1917 2171 testatur

259 2200 582 2273 Scriptura,
641 2205 707 2257 ut
759 2201 837 2255 ibi
891 2219 904 2256 ε
957 2201 1224 2258 Forsitan
1254 2219 1418 2275 aqua
1467 2204 1916 2260 absorbuissent

261 2289 592 2346 nos.Unum
614 2294 673 2346 et
696 2289 791 2345 hic
817 2290 1154 2346 Judmorum
1175 2290 1430 2364 populus
1456 2291 1707 2348 intrasse
1731 2311 1918 2365 usque

260 2380 327 2434 ad
359 2378 630 2435 animam
655 2379 971 2435 Salvatoris
1001 2379 1234 2447 dicitur,
1265 2381 1502 2452 quando
1552 2397 1688 2438 eum
1729 2382 1914 2439 cruci-

261 2467 442 2541 ﬁgere
467 2467 752 2524 scelerata
780 2472 975 2524 mente
1004 2470 1400 2542 praesumpsit.

253 2577 286 2629 2
391 2575 612 2645 Infirus
640 2590 760 2630 sum
790 2576 851 2629 in
881 2576 1012 2630 limo
1039 2575 1304 2648 profundi
1333 2595 1353 2633 :

383 2666 467 2720 Et
496 2679 608 2719 non
640 2673 719 2720 est
746 2663 1075 2720 substantia.

316 2762 358 2817 C
386 2762 556 2818 Facti
585 2768 726 2819 sunt
757 2761 1028 2819 homines
1057 2761 1237 2820 limus
1268 2764 1564 2837 profundi,
1589 2767 1825 2837 quando
1856 2772 1912 2823 et

250 2850 527 2924 originali
557 2856 615 2907 et
643 2851 1004 2923 quotidianis
1035 2854 1288 2924 peccatis
1332 2859 1607 2910 tenentur
1643 2855 1902 2914 obnoxii.

253 2939 352 2996 Per
369 2940 538 2996 hunc
553 2939 763 2995 limum
786 2940 1000 2997 inﬁxus
1025 2940 1654 3016 estChriStus,quando
1676 2946 1912 3002 demen-

250 3027 391 3084 tium
424 3029 610 3084 turba
634 3027 926 3085 clamabat
959 3046 970 3085 :
1005 3030 1309 3103 Cruciﬁge.
1344 3030 1564 3101 Limus,
1599 3033 1791 3090 dictus
1821 3040 1912 3090 est

253 3118 411 3188 quasi
432 3117 633 3189 ligans
649 3117 974 3174 humum.H
993 3118 1118 3174 Non
1142 3122 1232 3174 est
1252 3120 1584 3177 substantia
1602 3123 1906 3189 evadendi,

2235 537 2435 610 injuste
2465 555 2478 594 :

2161 628 2306 698 Quae
2332 643 2445 682 non
2473 629 2637 699 rapui
2664 635 2792 684 tunc
2816 631 3173 688 cxsolvebam.

2091 714 2131 769 C
2161 714 2478 771 Confortati
2528 719 2670 772 sunt
2718 717 2924 784 Judaei,
2977 719 3212 790 quando
3267 723 3323 778 id
3371 724 3530 796 quod
3577 736 3671 781 θοι

2023 803 2320 859 nabantur
2350 805 2598 874 efﬁcere,
2634 805 2978 878 implebant.
3052 809 3282 881 Injusti,
3337 829 3536 868 revera
3583 814 3672 868 inh-

2013 892 2248 962 justum
2282 893 2434 949 fuit:
2469 899 2533 949 ut
2564 894 2662 966 qui
2709 903 2944 951 venerat
2987 898 3059 953 ad
3105 899 3379 955 Judaicos
3426 901 3674 974 populos

2021 980 2352 1052 salvandos,
2386 999 2484 1038 eos
2504 984 2700 1055 potius
2730 984 3048 1042 invenisset
3087 988 3377 1045 inimicos.
3411 989 3676 1047 Christus

2022 1077 2257 1142 peccata
2291 1087 2402 1126 non
2436 1064 2650 1144 rapuit,
2685 1074 2784 1145 qui
2834 1075 3048 1131 delicta
3098 1082 3299 1134 nostra
3349 1079 3555 1148 abluit,
3585 1086 3675 1135 ta-

2024 1171 2158 1216 men
2190 1175 2420 1215 crucem
2453 1162 2696 1233 excepit,
2731 1168 2788 1217 et
2817 1163 2988 1219 solvit
3018 1181 3122 1237 pro
3154 1167 3342 1236 nobis,
3360 1169 3516 1240 quod
3551 1185 3678 1240 pro-

2023 1266 2085 1304 se
2108 1249 2269 1320 juste
2301 1266 2416 1305 non
2448 1251 2705 1322 pertulit.

2168 1339 2324 1404 Deus,
2361 1347 2421 1394 tu
2447 1341 2550 1395 scis
2579 1342 2957 1413 insipientiam
2984 1360 3160 1400 meam
3195 1361 3209 1400 :

2165 1427 2230 1483 Et
2254 1427 2452 1484 delicta
2478 1443 2599 1484 mea
2618 1446 2652 1485 a
2682 1437 2730 1486 te
2757 1447 2868 1487 non
2896 1437 3024 1489 sunt
3053 1434 3391 1490 abscondita.

2093 1518 2134 1570 C
2162 1516 2312 1572 Dum
2337 1517 2482 1573 dicit
2529 1518 2684 1575 Deus
2735 1523 2798 1576 tu
2844 1521 2966 1579 scis
3014 1521 3414 1595 insipientiam
3463 1541 3676 1592 meam,

2022 1605 2285 1677 loquitur
2314 1623 2418 1678 pro
2448 1611 2612 1679 parte
2643 1609 3362 1684 membrorum,insipiens
3383 1612 3540 1669 enim
3563 1631 3678 1670 non

2023 1699 2213 1766 potest
2243 1711 2373 1751 esse
2401 1695 2707 1753 Christus:
2733 1713 2870 1754 cum
2896 1699 2999 1755 Dei
3023 1700 3312 1772 sapientia
3334 1717 3464 1758 esse
3482 1701 3683 1775 digno-

1945 1819 1991 1884 B
2029 1783 2232 1839 scitur.
2266 1783 2537 1840 Conversi
2570 1785 2752 1884 igitur
2779 1788 2852 1842 ad
2885 1788 3061 1844 ﬁdem
3097 1805 3110 1844 :
3143 1793 3276 1846 ante
3322 1795 3492 1847 erant
3537 1791 3682 1847 insi-

2027 1873 2436 1946 pientes,nunc
2466 1874 2523 1928 in
2557 1873 2786 1932 Christo
2819 1877 3240 1949 sapientes,isti
3266 1879 3426 1935 enim
3448 1884 3590 1936 sunt
3610 1881 3682 1937 de

2025 1959 2242 2031 quibus
2273 1959 2419 2015 dixit
2451 1960 2680 2030 titulus,
2714 1963 2869 2034 quod
2895 1967 3432 2036 commutabantur,
3456 1967 3681 2024 scilicet

2025 2047 2362 2120 insipientia
2388 2048 2752 2106 inﬁdelitatis
2781 2051 2868 2107 vel
2902 2057 3275 2124 peccatorum
3324 2056 3398 2110 ad
3445 2055 3676 2127 sapien-

2024 2137 2167 2192 tiam
2198 2137 2599 2194 Cbristi.ldem
2629 2139 2945 2196 dicendum
2966 2143 3143 2198 estde
3160 2143 3538 2216 delictis,qu:s
3560 2161 3677 2201 non

2026 2230 2166 2282 sunt
2195 2227 2423 2300 capitis,
2457 2228 2558 2283 sed
2589 2229 2989 2285 membrorum
3015 2231 3247 2288 Christi.

2023 2315 2058 2368 8
2166 2313 2282 2370 Non
2332 2315 2652 2371 erubescant
2703 2317 2763 2371 in
2817 2334 2904 2374 me
2945 2320 3044 2390 qui
3088 2324 3402 2392 exspectant
3451 2329 3523 2390 te,
3568 2326 3680 2380 Do-

2234 2407 2386 2460 mine
2419 2420 2432 2458 :

2166 2495 2394 2550 Domine
2420 2495 2705 2550 virtutum.

2095 2579 2140 2638 Η
2174 2587 2450 2639 Precatur
2494 2599 2631 2656 ergo
2679 2583 2949 2641 Christus
3000 2604 3013 2642 :
3069 2601 3141 2641 ne
3191 2587 3264 2642 de
3313 2588 3507 2660 seipso
3539 2604 3678 2646 eru-

2024 2672 2282 2740 bescant,
2311 2672 2411 2744 qui
2445 2691 2472 2727 r
2492 2675 2930 2730 isurrectionem
2960 2677 3090 2746 ejus
3137 2693 3352 2749 magno
3390 2678 3678 2734 desiderii)

2021 2763 2460 2834 exspectabant.
2489 2762 2634 2817 Cum
2667 2763 2808 2818 dicit
2839 2780 2853 2820 :
2890 2764 3156 2831 Domine,
3203 2765 3448 2822 Domine
3493 2763 3677 2823 virtu-

2019 2854 2168 2919 tum,
2203 2851 2461 2906 ostendit
2492 2851 2640 2907 nihil
2670 2851 3035 2925 impossibile
3066 2869 3193 2909 esse
3243 2853 3676 2927 omnipotentis

2021 2939 2229 3010 ipsius.

2018 3030 2052 3082 9
2160 3028 2274 3083 Non
2309 3027 2716 3100 confundantur
2743 3045 2908 3100 super
2933 3046 3020 3086 me
3050 3047 3064 3086 :

2163 3118 2270 3185 Qui
2296 3125 2556 3188 qum-runt
2582 3125 2632 3174 te
2660 3121 2795 3173 Deus
2824 3120 3012 3174 Israel.

253 3204 358 3259 nisi
390 3210 461 3262 tu
491 3188 712 3272 salvos,
744 3205 1088 3277 Pater,quia
1117 3206 1332 3264 inﬁxus
1362 3225 1495 3264 sum
1526 3210 1584 3265 in
1612 3211 1906 3268 veteribus
1939 3188 1981 3256 Ο
2087 3205 2133 3261 Η
2163 3207 2288 3261 Non
2318 3207 2773 3273 confundantur,
2809 3207 2867 3261 id
2912 3212 3021 3274 θείαν
3056 3223 3127 3263 ηε
3174 3213 3487 3266 "acuetur
3518 3203 3667 3285 ἐρθε

250 3293 509 3365 peccatis
529 3293 709 3365 hujus
731 3293 930 3367 populi
952 3293 1234 3352 scelerata
1258 3296 1572 3354 calliditate
1593 3298 1905 3357 sevientis.

255 3401 284 3454 3
391 3401 536 3457 Veni
561 3402 621 3456 in
652 3401 1008 3458 altitudinem
1037 3405 1210 3459 maris
1233 3422 1256 3459 ,ο

384 3492 453 3546 Et
483 3495 772 3562 tempestas
801 3491 1050 3548 dimersit
1081 3508 1184 3548 me.

318 3591 418 3646 Hic
463 3587 716 3646 altitudo
763 3589 964 3657 maris,
999 3591 1234 3664 copiosa
1274 3593 1362 3649 est
1407 3593 1605 3665 populi
1653 3593 1906 3652 insania.

251 3675 463 3736 Eadem
501 3682 820 3752 tempestas
849 3685 936 3734 est
967 3680 1255 3737 concitata
1283 3683 1644 3738 dementium
1676 3684 1902 3743 seditio.

251 3769 374 3843 Ipsa
403 3767 695 3825 demersit
725 3767 1064 3838 Dominum,
1097 3771 1332 3842 quando
1363 3788 1497 3826 eum
1530 3772 1724 3828 venire
1773 3773 1909 3829 fecit

254 3860 315 3913 ad
347 3877 612 3916 crucem.

250 3967 278 4020 4
386 3967 668 4023 Laboravi
693 3967 940 4022 clamans
955 3968 1186 4024 :Raucae
1213 3971 1372 4040 factae
1391 3973 1522 4025 sunt
1539 3971 1724 4040 fauces
1745 3985 1905 4028 meae:

382 4057 714 4127 Defecerunt
741 4057 889 4112 oculi
916 4059 1026 4113 mei
1052 4057 1184 4113 dum
1210 4073 1362 4130 spero
1393 4059 1454 4113 in
1491 4060 1662 4114 Deum
1700 4076 1900 4116 meum.

313 4165 354 4218 C
383 4163 718 4218 Laborabat
745 4179 881 4236 ergo
912 4163 1196 4235 clamans,
1220 4165 1455 4237 quando
1498 4165 1729 4222 dicebat
1760 4183 1773 4223 :
1809 4165 1904 4222 Vas

249 4251 431 4320 vobis,
467 4250 683 4308 Scriba
708 4256 766 4308 et
793 4251 1092 4309 Pharisaei.
1123 4252 1278 4310 Dicit
1306 4253 1484 4311 etiam
1532 4270 1663 4310 esse
1695 4271 1904 4312 raucas

249 4338 446 4396 fauces
479 4356 641 4410 suas,
673 4339 816 4412 quia
835 4341 993 4398 dicta
1015 4342 1146 4413 ejus
1176 4357 1549 4414 nequaquam
1583 4343 1904 4417 sacrilegus

250 4427 505 4500 populus
534 4429 827 4487 audiebat.
859 4430 1072 4488 Oculos
1101 4431 1271 4498 istos,
1302 4431 1567 4489 carnales
1611 4433 1906 4507 intelliga-

249 4532 398 4584 mus,
425 4519 534 4590 qui
561 4518 621 4574 in
646 4513 832 4576 morte
853 4518 1146 4592 passionis
1185 4519 1369 4578 clausi
1393 4522 1824 4595 sunt.Speravit
1841 4523 1903 4580 in

249 4620 401 4674 eum,
429 4606 492 4661 id
521 4611 613 4663 est
640 4607 700 4662 in
732 4608 981 4664 Patrem.
1015 4609 1165 4665 Nota
1192 4626 1327 4665 vero
1377 4615 1533 4667 recte
1571 4611 1706 4680 dici,
1742 4611 1902 4669 labo-

250 4695 551 4768 ravi,quod
582 4695 916 4753 inauditum
946 4697 1241 4770 signiﬁcat
1267 4697 1902 4758 elamorem.Laborare

249 4783 399 4840 enim
431 4782 603 4840 illum
635 4784 911 4854 dicimus,
945 4786 1046 4858 qui
1094 4789 1295 4844 votum
1339 4787 1614 4844 clamoris
1665 4805 1782 4845 non
1812 4794 1902 4845 est

251 4877 574 4943 assecutus,
608 4873 668 4929 id
699 4879 790 4930 est
820 4874 922 4931 ubi
952 4875 1142 4932 audiri
1173 4881 1496 4933 recusatur.

249 4979 283 5031 5
386 4979 742 5052 Hultiplicati
767 4987 898 5038 sunt
922 4998 1086 5055 super
1110 4983 1336 5056 capillos
1364 4984 1561 5055 capitis
1587 4986 1698 5041 mei
1728 5003 1746 5041 :

390 5069 497 5136 Qui
521 5068 868 5127 oderunt‘me
883 5074 1078 5142 gratis.

315 5168 355 5219 C
384 5165 534 5240 Ergo
564 5170 630 5224 ut
653 5168 988 5227 ostenderet
1018 5169 1151 5243 plus
1181 5185 1310 5227 esse
1341 5187 1654 5228 numerum
1695 5172 1901 5230 inﬁde-

250 5251 411 5321 lium,
444 5263 624 5330 quam
647 5259 1166 5331 devotorum,dicit
1197 5258 1617 5332 multiplicatos
1647 5262 1901 5334 perﬁdos

249 5342 476 5402 Iudaeos
507 5364 685 5421 super
715 5365 1032 5406 numerum
1063 5349 1432 5423 capillorum,
1455 5348 1514 5405 id
1545 5354 1635 5407 est
1658 5351 1899 5408 creden-

249 5429 630 5493 tium.'(¥ratis
658 5430 819 5494 enim
871 5437 1066 5495 odisse
1112 5437 1384 5505 dicimur,
1418 5440 1656 5511 quando
1693 5455 1896 5513 quem-

249 5521 402 5592 piam
433 5524 557 5582 sine
590 5527 889 5601 aliquibus
920 5527 1344 5586 o'ﬁ‘ensiOnibus
1391 5544 1784 5599 exsecramur,
1823 5530 1899 5587 si-

248 5618 342 5670 cut
369 5615 548 5674 Judaei
579 5616 812 5679 Christo
837 5617 1120 5682 fecerunt.

2019 3294 2379 3351 credentium
2411 3294 2482 3350 de
2512 3294 2784 3366 passione
2817 3312 2988 3351 mea:
3009 3297 3109 3352 sed
3139 3301 3669 3373 cognoscant-,qu-ia

2014 3383 2376 3440 voluntatem
2406 3388 2570 3439 tuam
2600 3383 2729 3439 veni
2761 3384 2968 3440 facere.
3004 3390 3045 3440 C
3068 3384 3169 3442 Vel
3218 3404 3333 3443 non
3376 3388 3668 3446 humanas

2015 3472 2426 3529 insultationes
2457 3472 2682 3528 diutius
2699 3473 2772 3528 de
2789 3489 2920 3530 mea
2940 3475 3291 3532 dormitione
3317 3477 3666 3548 sustineant,

2017 3563 2119 3635 qui
2151 3566 2422 3634 quaerunt
2451 3567 2506 3617 te
2537 3567 2688 3618 Deus
2717 3561 2914 3619 Israel.

2015 3652 2088 3706 10
2161 3654 2439 3724 Quoniam
2466 3659 2687 3723 propter
2715 3659 2765 3707 te
2791 3654 3034 3708 sustinui
3056 3653 3408 3727 opprobrium
3439 3675 3456 3709 :

2159 3742 2384 3812 Operuit
2412 3742 2661 3811 confusio
2689 3742 2888 3812 faciem
2916 3758 3114 3799 meam.

2087 3830 2383 3886 Sustinuit
2426 3829 2582 3884 enim
2628 3829 2899 3885 Christus
2949 3833 3332 3904 opprobrium
3368 3849 3380 3888 :
3414 3849 3550 3890 cum
3582 3833 3673 3890 di-

2014 3919 2258 3975 cebatur
2303 3937 2337 3975 a
2383 3918 2622 3987 Judzsis,
2674 3919 2732 3973 in
2781 3919 3098 3975 Beelzebub
3158 3922 3318 3993 ejicit
3387 3923 3676 3980 daemonia

2015 4009 2228 4077 (Matth.
2263 4011 2386 4077 xu).
2421 4011 2468 4061 Η
2499 4007 2742 4079 Operuit
2769 4007 3036 4065 confusio
3059 4011 3266 4066 faciem
3286 4028 3674 4085 meam,quan-

2013 4095 2088 4153 do
2120 4101 2477 4171 negaverunt
2505 4094 2777 4169 apostoli.

2017 4187 2077 4244 11
2155 4188 2462 4243 Extraneus
2489 4188 2667 4257 factus
2694 4203 2816 4242 sum
2841 4186 3111 4259 fratribus
3136 4189 3273 4244 meis
3304 4206 3323 4244 :

2154 4277 2221 4332 Et
2243 4278 2572 4347 peregrinus
2593 4275 2731 4344 ﬁliis
2759 4277 2958 4330 matris
2986 4291 3144 4333 meas.

2085 4366 2126 4422 G
2157 4367 2480 4422 Extraneus
2509 4364 2778 4420 Christus
2811 4364 3002 4420 factus
3033 4369 3123 4421 est
3162 4363 3401 4433 Judaais,
3436 4365 3671 4438 quando

2011 4456 2065 4512 ei
2097 4455 2330 4511 credere
2363 4452 2701 4521 noluerunt,
2735 4470 2884 4526 quos
2916 4453 3010 4510 hic
3043 4455 3253 4510 fratres
3283 4454 3554 4528 appellat.
3581 4455 3671 4510 Fi-

2013 4544 2124 4601 lios
2155 4543 2381 4612 matris,
2414 4543 2574 4615 ipsos
2605 4542 2748 4598 dicit
2773 4560 2921 4615 quos
2952 4544 3225 4617 superius
3255 4545 3462 4601 fratres
3483 4544 3670 4601 nomi-

2015 4634 2194 4690 navit.
2227 4633 2339 4689 Sed
2373 4631 2424 4687 si
2471 4631 2578 4686 ﬁlii
2625 4632 2745 4688 veri
2799 4633 3055 4690 fuissent
3097 4633 3301 4690 matris
3341 4649 3668 4708 synagogas,

2010 4741 2126 4780 non
2159 4727 2224 4778 ut
2249 4722 2650 4796 peregrinum,
2683 4723 2780 4779 sed
2817 4728 2881 4779 ut
2912 4724 3149 4779 fratrem
3199 4723 3616 4780 charissimum
3652 4739 3664 4776 :

2008 4811 2307 4869 Christum
2339 4810 2757 4882 suscepissent.

2010 4904 2078 4957 l2
2152 4901 2423 4969 Quoniam
2450 4901 2601 4956 nelus
2629 4899 2822 4956 domus
2854 4907 2968 4957 tuae
2989 4898 3218 4956 comedit
3246 4913 3368 4953 me:

2149 4992 2215 5047 Et
2243 4991 2536 5063 opprobria
2567 4989 2990 5064 exprobantium
3018 4988 3121 5044 tibi
3148 4987 3458 5044 ceciderunt
3502 5004 3668 5060 super

2225 5095 2329 5136 me.

2086 5171 2126 5226 Η
2158 5169 2420 5225 Comedit
2448 5184 2582 5224 eum
2614 5166 2774 5223 zelus
2805 5167 3018 5224 domus
3049 5165 3170 5235 Dei,
3195 5167 3432 5240 quando
3462 5184 3562 5225 eos
3592 5168 3665 5224 de
3755 5209 3758 5212 -

2008 5257 2226 5332 templo
2256 5257 2590 5330 ejecit,quia
2619 5257 2862 5312 domum
2883 5273 3013 5313 eam
3036 5257 3296 5313 fecerunt
3319 5256 3661 5330 speluncam

2008 5349 2304 5405 latronum
2330 5349 2545 5418 (Matth.
2578 5346 2781 5417 xxvn).
2823 5350 2862 5401 C
2900 5346 3325 5419 Exprobratum
3370 5351 3461 5404 est
3508 5347 3662 5403 Patri

2009 5439 2080 5496 ab
2112 5439 2217 5507 eis,
2251 5436 2486 5510 quando
2521 5433 2794 5491 dicebant
2826 5451 2838 5490 :
2868 5435 2935 5491 Hi
2968 5439 3108 5492 sunt
3138 5435 3219 5492 dii
3247 5436 3334 5492 tui
3365 5436 3466 5510 qui
3506 5437 3659 5493 edu-

2004 5532 2215 5583 xerunt
2271 5531 2326 5582 te
2383 5524 2573 5595 (Exod.
2629 5528 2830 5595 XXXII.)
2867 5521 2918 5580 Η
2969 5524 3082 5589 Qui
3129 5542 3262 5582 vero
3309 5525 3661 5598 exprobrant

2007 5618 2186 5691 Patri,
2227 5615 2581 5696 exprobrant
2633 5613 2796 5676 Filio.
2844 5617 2886 5674 Ο
2930 5614 3279 5677 Ceciderunt
3338 5629 3517 5694 super
3563 5627 3658 5672 me
