4054 6168
377 295 506 355 259

1291 287 1353 349 S.
1399 284 1798 349 BRUNONIS
1845 282 2467 344 HERBIPOLENSIS
2513 280 2889 344 EPlSCOPl.

3685 281 3809 339 260

391 429 554 490 dixit,
593 429 656 482 ut
687 424 955 480 effectum
990 422 1195 478 mortis
1238 421 1591 486 ostenderet,
1623 433 1797 491 quem
1847 417 2038 473 crucis
2067 414 2122 483 Α
2153 431 2526 489 nequaquam
2557 415 2766 472 redimi
2816 418 3153 490 poteramus
3199 413 3452 470 obnoxii.
3484 412 3608 468 Non
3648 411 3808 469 enim

388 517 723 591 dignatione
777 511 1053 585 suscepit.
1099 508 1538 583 Exprobrabant
1586 507 1761 564 etiam
1818 506 1973 562 Patri
2025 521 2038 560 :

388 624 520 661 cum
553 604 851 661 Christum
881 601 1139 658 dicerent
1165 598 1382 671 Joseph
1417 597 1565 654 fabri
1595 612 1723 654 esse
1750 595 1960 663 filium,
1983 597 2042 651 et

387 693 742 753 daemonium
791 690 972 746 habes
1025 690 1243 762 (Matth.
1275 691 1420 758 xm),
1453 685 1834 761 opprobrium
1882 685 2040 742 enim

387 783 531 842 Filio
562 782 807 847 dictum,
840 777 989 834 redit
1017 777 1076 832 in
1101 777 1351 834 Patrem.

387 875 455 931 13
527 874 592 928 Et
620 870 812 942 operui
839 869 897 923 in
923 867 1139 939 jejunio
1168 868 1418 923 animm
1444 882 1623 921 meam
1656 883 1674 919 :

524 963 590 1016 Et
618 962 826 1032 factum
855 965 935 1014 est
964 959 1024 1013 in
1053 958 1408 1029 opprobrium
1431 956 1591 1011 mihi.

454 1051 495 1107 C
525 1048 768 1123 Operuit
789 1046 1017 1119 jejunio
1049 1045 1479 1118 animam,quia
1506 1043 1815 1100 hominum
1837 1041 2039 1109 fidem,

384 1158 560 1215 quam
589 1137 759 1195 valde
789 1135 1104 1205 esuriebat,
1138 1134 1386 1190 minime
1413 1136 1642 1206 poterat
1670 1131 1952 1197 invenire,
1985 1134 2043 1185 et

380 1231 509 1286 ideo
526 1227 692 1302 quasi
713 1225 907 1298 aliquo
925 1223 1100 1298 pallio
1121 1223 1373 1279 tristitiae
1391 1221 1754 1278 circumdedit
1777 1219 2037 1276 animam

382 1337 550 1376 suam
574 1315 802 1390 jejunio
833 1314 933 1370 tali
964 1313 1515 1385 afﬂictam.Semper
1543 1311 1680 1367 boni
1731 1309 1905 1365 malis
1935 1325 2038 1381 op-

381 1407 685 1481 probrium
710 1407 871 1470 sunt,
905 1402 1044 1475 quia
1075 1401 1317 1457 minime
1346 1416 1549 1456 eorum
1583 1397 1902 1455 sceleribus
1942 1413 2037 1452 ac-

383 1497 777 1570 quiescunt,et
806 1491 925 1547 illis
955 1491 1215 1547 studiose
1247 1489 1583 1552 detrahunt,
1618 1489 1833 1560 quibus
1875 1484 2040 1544 nulla

382 1586 656 1643 societate
677 1584 1036 1654 junguntur.

383 1676 454 1730 14
525 1675 591 1729 Et
615 1672 776 1744 posui
802 1672 1189 1726 vestimentum
1215 1684 1398 1724 meum
1425 1667 1672 1723 cilicium
1698 1685 1714 1720 :

526 1765 589 1818 Et
617 1763 794 1834 factus
824 1777 945 1815 sum
977 1759 1092 1814 illis
1122 1760 1181 1814 in
1208 1757 1552 1830 parabolam.

454 1853 494 1910 C
521 1852 627 1909 Per
655 1848 913 1906 cilicium
945 1847 1187 1905 tristitia
1225 1846 1592 1920 significatur
1639 1849 1697 1900 et
1745 1843 2033 1917 lacrymae,

382 1942 616 2016 quando
647 1939 932 1997 Dominus
961 1937 1206 1993 humani
1238 1932 1888 2010 generisimbecillitate
1904 1950 2036 2005 per-

383 2037 598 2096 motus,
650 2028 1046 2085 suscitaturus
1094 2031 1376 2082 Lazarum
1426 2024 1580 2080 ﬂevit
1610 2024 1785 2097 (Joan.
1818 2025 1920 2092 x1),
1949 2021 2034 2077 di-

379 2117 878 2179 centibusJudaais
903 2135 916 2173 :
941 2117 1084 2172 Ecce
1107 2113 1644 2188 quomodoamabat
1660 2113 2035 2168 eum.Factus

381 2215 470 2267 est
499 2224 731 2281 quoque
759 2206 978 2261 Judaeis
1009 2204 1069 2259 in
1101 2201 1460 2275 parabolam,
1485 2200 1718 2273 quando
1751 2217 1853 2274 per
1875 2201 2037 2256 simi-

380 2299 658 2356 litudines
688 2296 972 2368 quasdam
1005 2292 1298 2348 carnalem
1332 2290 1616 2364 populum
1646 2290 1851 2346 docere
1882 2289 2036 2345 vide-

380 2389 554 2444 batur
587 2404 599 2442 :
634 2385 786 2442 sicut
816 2384 875 2438 in
907 2381 1215 2454 Evangelio
1249 2380 1482 2453 legitur,
1507 2378 1651 2435 dixit
1678 2379 1852 2436 Jesus
1872 2395 2037 2451 para-

381 2476 577 2535 bolam
644 2475 716 2531 ad
774 2473 1028 2528 turbam.
1088 2472 1190 2526 Est
1254 2473 1447 2525 autem
1508 2467 1786 2542 parabole.
1822 2472 2034 2523 natura

380 2563 844 2638 discrepantium
877 2576 1094 2627 rerum,
1128 2559 1238 2615 sub
1268 2556 1467 2630 aliqua
1496 2555 1882 2613 similitudine
1913 2557 2028 2612 fac-

376 2658 438 2712 ta
466 2650 984 2727 comparatio.ldeo
1012 2665 1145 2704 vero
1179 2647 1262 2704 sic
1291 2647 1659 2718 loquebatur,
1693 2649 1758 2701 ut
1786 2645 1884 2717 qui
1913 2662 2029 2701 cae-

377 2743 548 2799 lestia
576 2757 783 2814 capere
811 2755 925 2794 non
959 2742 1246 2811 poterant,
1264 2752 1367 2809 per
1396 2741 1656 2793 terrenas
1687 2734 2028 2790 similitudi-

375 2849 483 2889 nes
509 2829 922 2902 intelligerent.

373 2921 445 2978 45
516 2921 814 2993 Adversum
837 2934 922 2974 me
953 2916 1312 2988 loquebantur
1340 2916 1439 2988 qui
1465 2913 1717 2969 sedebant
1748 2915 1806 2968 in
1832 2920 2027 2984 porta:

515 3011 582 3065 Et
623 3016 678 3074 νέα
702 3009 761 3063 in
790 3022 875 3062 me
915 3009 930 3074 ζ
971 3005 1280 3078 psallebant
1307 3005 1404 3076 qui
1434 3003 1686 3059 bibebant
1714 3004 1925 3058 vinum.

443 3098 484 3154 C
516 3098 686 3155 Porta
717 3094 932 3168 quippe
961 3093 1115 3149 dicta
1139 3096 1246 3160 est,
1280 3109 1347 3148 eo
1378 3091 1532 3163 quod
1566 3090 1700 3146 inde
1721 3094 2028 3163 portantur

2063 1792 2114 1857 B

2148 521 2326 577 parva
2355 505 2758 564 misericordia
2788 505 2919 572 fuit,
2951 522 3084 578 quas
3110 508 3232 560 tam
3264 501 3524 576 ingentia
3571 507 3814 574 peccata

2149 594 2466 668 superavit.
2501 593 2720 652 Exaudi
2752 611 2865 661 me,
2915 597 3081 668 rogat
3132 594 3380 661 Patrem,
3431 608 3548 648 non
3598 596 3813 648 natura

2149 683 2530 756 deitatis,qua
2561 683 2613 740 ei
2645 682 2888 756 aequalis
2919 687 3009 740 est
3042 700 3054 737 :
3091 683 3193 738 scd
3225 698 3296 739 ex
3323 680 3669 738 infirmitate
3697 679 3812 737 bu-

2149 789 2343 829 mana.
2378 772 2436 828 in
2471 790 2588 845 qua
2617 771 2810 828 minor
2841 775 2929 829 est
2959 773 3147 828 Patre.

2148 861 2173 918 4
2184 864 2217 917 8
2290 862 2454 934 Eripe
2482 879 2567 917 me
2594 862 2660 917 de
2689 862 2802 917 luto
2831 870 2893 918 ut
2918 877 3028 918 non
3059 861 3303 933 inﬁgar:

2293 951 2489 1006 Libera
2515 967 2602 1008 me
2626 951 2693 1007 ab
2725 950 2812 1006 his
2843 953 2938 1024 qui
2961 950 3191 1007 oderunt
3219 966 3306 1007 me
3348 957 3401 1006 et
3440 949 3505 1005 de
3529 950 3812 1022 pro/antis

2361 1057 2658 1112 aquarum.

2219 1130 2260 1186 C
2316 1129 2589 1202 Exposcit
2637 1129 2905 1185 Christus
2956 1145 3024 1185 ex
3071 1133 3234 1201 parte
3283 1129 3705 1194 membrorum,
3739 1133 3808 1184 ut

2148 1218 2346 1274 anima
2374 1220 2503 1290 ejus
2535 1235 2568 1274 a
2597 1217 2903 1274 desideriis
2934 1215 3131 1285 luteis,
3158 1217 3215 1272 id
3249 1221 3338 1273 est
3376 1217 3555 1288 hujus
3595 1217 3807 1272 mundi

2147 1307 2569 1381 cupiditatibus
2603 1308 2885 1364 reddatur
2911 1306 3340 1363 aliena.Libera
3373 1322 3465 1362 me
3487 1307 3560 1362 ab
3581 1306 3678 1362 bis
3702 1306 3806 1379 qui

2148 1414 2240 1453 me
2271 1397 2603 1464 oderunt,id
2634 1401 2723 1453 est
2753 1415 2786 1452 a
2815 1396 3139 1452 Judaais.De
3171 1397 3460 1468 profundo
3492 1413 3806 1469 aquarum,

2147 1487 2218 1542 ad
2251 1485 2416 1542 illum
2450 1485 2732 1560 populum
2767 1485 3038 1558 pertinet,
3074 1486 3172 1558 qui
3215 1490 3272 1541 et
3319 1484 3651 1559 profundus
3682 1492 3810 1542 erat

2145 1575 2389 1632 consilio
2420 1574 2803 1649 malignitatis
2833 1579 2892 1631 et
2919 1575 3307 1632 seditionibus
3336 1573 3713 1631 turbulentis.

2145 1664 2214 1719 19
2287 1665 2404 1721 Νοη
2434 1681 2521 1721 me
2547 1664 2824 1736 demerget
2855 1671 3137 1737 tempestas
3165 1681 3320 1737 aquae
3345 1682 3365 1720 :
3394 1679 3568 1737 neque
3617 1664 3808 1722 absor-

2363 1755 2482 1810 beat
2509 1771 2594 1810 me
2618 1753 2955 1827 profundum
2979 1773 2996 1808 :

2290 1845 2472 1916 Neque
2499 1852 2692 1914 urgeat
2721 1860 2885 1917 super
2912 1860 2999 1899 me
3021 1850 3220 1915 putem
3249 1859 3306 1898 os
3332 1859 3512 1899 suum.

2217 1933 2262 1988 H
2294 1933 2417 1988 Non
2448 1949 2540 1989 me
2571 1934 2888 2004 demerget,
2917 1932 2976 1987 id
3008 1937 3098 1989 est
3127 1932 3245 1987 haec
3272 1931 3564 2004 passionis
3585 1936 3808 2005 tempe-

2147 2027 2268 2101 stas
2296 2039 2411 2078 non
2444 2038 2571 2078 eam
2603 2021 2662 2077 in
2695 2022 3093 2101 profunditate
3122 2021 3317 2095 abyssi
3353 2022 3598 2078 retineat
3624 2021 3806 2077 infer-

2146 2098 2318 2166 nalis.
2351 2111 2391 2166 C
2422 2111 2782 2166 Profundum
2834 2098 3032 2184 itaque
3079 2116 3169 2167 est
3215 2115 3609 2184 peccatorum,
3643 2112 3805 2182 quod

2145 2199 2394 2272 deglutit
2423 2199 2653 2255 animas
2682 2199 3018 2272 impiorum,
3055 2200 3136 2255 ita
3168 2204 3232 2254 ut
3261 2201 3328 2255 ad
3374 2199 3802 2273 pmnitudincm

2144 2289 2332 2344 redire
2362 2294 2676 2361 nequeant.
2710 2289 3215 2363 Urgere,dicimus
3243 2288 3663 2345 concludere.H
3697 2290 3801 2345 Pe-

2141 2377 2214 2433 tit
2238 2393 2373 2451 ergo
2405 2383 2471 2433 ut
2501 2379 2696 2434 aditus
2725 2378 3031 2436 infernalis
3051 2396 3165 2434 non
3192 2379 3503 2435 concludat
3531 2395 3598 2434 os
3619 2395 3800 2434 suum

2141 2484 2320 2539 super
2347 2484 2482 2524 eum
2515 2467 2634 2524 sive
2659 2467 2948 2524 diabolus.

2212 2556 2253 2611 C
2283 2557 2499 2612 Puteus
2533 2560 2730 2612 autem
2761 2561 3033 2614 excavata
3079 2561 3243 2613 terra:
3275 2557 3646 2629 profunditas
3678 2561 3793 2625 est,

2140 2644 2240 2717 qui
2270 2649 2327 2700 et
2354 2644 2414 2700 in
2444 2645 2596 2702 bono
2626 2650 2682 2701 et
2721 2646 2876 2702 malo
2925 2647 2984 2702 in
3033 2645 3335 2720 Scriptura
3376 2646 3645 2719 ponitur;
3698 2646 3797 2702 hic

2137 2751 2270 2790 vero
2301 2734 2361 2789 in
2393 2734 2548 2790 malo
2577 2734 2880 2808 accipitur.

2135 2825 2206 2878 2O
2279 2824 2497 2880 Exaudi
2523 2841 2631 2892 me,
2662 2825 2908 2893 Domine,
2942 2825 3202 2898 quoniam
3233 2824 3469 2895 benigna
3507 2833 3584 2882 est
3626 2827 3794 2881 mise-

2348 2912 2589 2969 ricordia
2616 2917 2711 2969 tua
2743 2930 2757 2968 :

2276 3002 2583 3058 Secundum
2637 3002 3050 3059 multitudinem
3104 3004 3508 3060 miserationem
3563 3013 3789 3060 tuarum

2348 3093 2552 3163 respice
2583 3093 2642 3147 in
2669 3109 2774 3148 me.

372 3185 590 3244 omnia.
625 3185 687 3241 In
721 3163 888 3257 porta
916 3186 1110 3240 autem
1144 3182 1366 3249 sedent,
1397 3179 1495 3252 qui
1526 3179 1906 3235 conventibus
1928 3179 2025 3234 ho-
2055 3163 2097 3231 C
2207 3181 2252 3236 H
2285 3181 2414 3236 ΙΙωο
2436 3181 2761 3238 secundum
2779 3181 3102 3238 humanam
3128 3182 3502 3255 fragilitatem
3527 3182 3792 3256 postulat

372 3277 603 3333 minum
633 3273 838 3330 sedula
867 3271 1200 3328 curiositate
1218 3269 1712 3340 miscentur.Ergo
1729 3268 1872 3323 dicit
1897 3285 2027 3340 pas-

373 3366 598 3421 sionem
612 3379 778 3419 suam
803 3361 961 3434 genti
979 3360 1238 3415 Judaiczs
1254 3358 1436 3414 fuisse
1454 3357 1734 3413 fabulam.
1757 3357 1816 3412 In
1843 3360 2025 3412 Deum

373 3453 636 3526 psallunt
665 3451 715 3506 si
746 3450 803 3504 in
837 3450 1060 3504 bonum
1091 3447 1392 3518 accipitur,
1426 3446 1526 3518 qui
1553 3446 1780 3502 actione
1812 3446 2026 3517 proba-

372 3541 473 3596 bili
505 3537 1084 3612 diriguntur.Vinum
1118 3535 1418 3602 similiter;
1453 3551 1569 3590 non
1599 3533 2026 3602 ebrietatis,sed

372 3628 653 3702 spiritale.
691 3626 806 3699 Ipsi
855 3624 1010 3680 enim
1053 3623 1399 3697 psallebant,
1429 3623 1528 3696 qui
1562 3640 1665 3696 per
1692 3623 2025 3696 intelligen-

371 3717 513 3774 tiam
548 3732 863 3789 supernam
881 3713 1124 3770 salutari
1143 3712 1410 3769 doctrina
1444 3712 1816 3784 potabantur.
1841 3713 1912 3767 Et
1947 3713 2028 3769 ita

372 3806 754 3864 Cassiodorus
776 3803 1026 3878 psallere
1057 3803 1127 3858 de
1161 3800 1431 3857 fidelibus
1480 3806 1538 3856 et
1592 3801 1760 3858 bonis
1791 3802 2028 3874 eXponit

375 3901 439 3950 ut
469 3893 911 3967 sequentia.Sed
947 3891 1269 3950 secundum
1295 3890 1706 3963 Hieronymum
1735 3890 1947 3947 Scriba:
1972 3896 2029 3947 et

372 3984 650 4040 Pharisaei
682 3984 742 4051 in
774 3985 940 4056 porta
969 3981 1374 4054 (Matth.xxtu),
1408 3979 1467 4034 id
1497 3983 1587 4036 est
1605 3979 1831 4050 judicio
1861 3980 2027 4037 sede-

371 4074 639 4146 bant,qui
673 4071 893 4128 clavem
925 4070 1180 4127 scientiae
1211 4069 1515 4134 habentes,
1551 4085 1655 4124 nec
1685 4068 2026 4136 introibant,

371 4179 475 4220 nec
507 4162 652 4220 alios
677 4161 916 4217 introire
949 4159 1239 4216 sinebant.
1276 4157 1362 4214 llli
1391 4156 1596 4230 repleti
1626 4157 1758 4214 vino
1809 4158 2025 4230 iniqui-

370 4251 528 4323 tatis,
563 4249 814 4324 qualiter
841 4267 977 4306 eum
1008 4248 1401 4304 interficerent
1430 4246 1825 4304 continebant.
1849 4249 1890 4302 Η
1927 4247 2025 4303 Vel

369 4339 516 4396 ebrii
547 4343 714 4396 erant
738 4339 892 4406 vino,
927 4338 1161 4410 quando
1193 4337 1449 4392 velantes
1481 4336 1689 4393 faciem
1720 4337 1849 4408 ejus
1880 4337 2029 4394 dice-

367 4430 511 4486 bant
545 4445 559 4484 :
593 4427 935 4499 Prophetiza
960 4423 1542 4498 nobis,Christe,quis
1571 4429 1662 4482 est
1695 4425 1796 4497 qui
1830 4430 1883 4482 te
1905 4444 2030 4500 per-

371 4516 598 4574 cussit?
629 4515 779 4587 (Luc.
813 4517 974 4582 xxu).

373 4606 442 4662 16
513 4608 626 4674 Ego
653 4620 776 4660 vero
805 4605 1106 4660 orationem
1137 4618 1314 4657 meam
1342 4601 1412 4657 ad
1438 4609 1506 4673 te,
1539 4603 1764 4660 Domine
1795 4622 1813 4660 :

519 4695 741 4766 Tempus
773 4693 1098 4764 beneplaciti
1113 4693 1272 4746 Deus.

441 4784 482 4840 C
514 4782 662 4839 Illud
693 4786 930 4855 tempus
959 4785 1048 4837 est
1079 4779 1424 4851 beneplaciti
1473 4781 1707 4852 quando
1750 4781 2020 4838 lncarna-

368 4873 547 4932 tionis
577 4891 696 4930 sua:
728 4871 1028 4939 beneﬁcio,
1054 4869 1479 4944 periclitantem
1503 4871 1792 4927 mundum
1816 4872 1889 4928 ab
1910 4871 2019 4929 im-

369 4965 628 5020 minente
656 4962 829 5019 exitio
860 4961 1142 5028 liberavit.
1179 4959 1225 5015 H
1256 4958 1358 5016 Vel
1391 4963 1626 5032 tempus
1651 4959 2020 5034 beneplaciti,

369 5057 602 5124 tempus
629 5055 718 5106 est
743 5051 1058 5123 passionis,
1093 5066 1207 5122 quo
1238 5053 1499 5121 tempore
1528 5049 1748 5105 Judaeis
1794 5051 2022 5106 cruciﬁ-

371 5141 645 5214 gentibus
671 5139 940 5195 Christus
970 5139 1156 5195 oravit
1187 5139 1319 5208 (Luc
1347 5138 1623 5207 xxm).Ne
1652 5143 1878 5196 statuas
1907 5140 2024 5198 illis

371 5232 536 5301 pater
554 5227 665 5284 hoc
694 5231 1022 5300 peccatum,
1043 5231 1400 5286 etc.summe
1430 5227 1588 5283 enim
1619 5226 1772 5285 Patri
1803 5229 2026 5302 placuit

375 5317 688 5373 hominum
722 5315 1062 5388 redemptio.

373 5405 441 5466 47
517 5407 581 5462 In
611 5405 965 5462 multitudine
993 5405 1391 5464 misericordiae
1416 5415 1529 5464 tuae
1556 5425 1574 5461 :

517 5493 740 5552 Exaudi
768 5510 854 5552 me
884 5497 944 5552 in
972 5497 1196 5552 veritate
1222 5496 1416 5552 salutis
1447 5502 1577 5553 tuae.

448 5585 488 5653 Ο
510 5585 655 5646 Nam
679 5583 728 5649 si
751 5583 1160 5648 multitudines
1183 5583 1590 5647 misericordia
1611 5600 1728 5644 non
1750 5585 2020 5666 fuissent,

2134 3269 2488 3339 dicens:Qui
2517 3269 2663 3326 alios
2696 3287 2826 3327 mea
2855 3270 3125 3343 passione
3157 3271 3517 3340 redimis,me
3554 3288 3792 3345 quoque

2135 3364 2524 3431 prmeurrente
2556 3359 2956 3416 misericordia
2977 3360 3391 3434 contemplare.

2133 3450 2196 3503 21
2277 3451 2352 3504 Et
2378 3464 2447 3504 ne
2475 3457 2688 3505 avertas
2715 3450 2916 3520 [aciem
2946 3457 3100 3504 tuam
3124 3468 3157 3504 a
3182 3466 3353 3522 puero
3383 3459 3492 3520 tuo,

2352 3538 2624 3606 Quo-niam
2653 3539 2905 3605 tribulor,
2939 3539 3190 3595 velociter
3218 3541 3422 3596 exaudi
3449 3556 3535 3596 me
3563 3558 3575 3596 :

2207 3629 2246 3680 Ο
2273 3628 2422 3682 Puer
2451 3628 2608 3682 enim
2644 3628 2975 3700 frequenter
3001 3629 3205 3699 legitur
3233 3631 3492 3684 Dominus
3522 3629 3594 3684 ab
3621 3630 3796 3686 inno-

2137 3715 2338 3770 centiae
2369 3716 2642 3790 puritate,
2674 3733 2806 3772 cum
2840 3717 3088 3790 simplex
3117 3722 3258 3773 aetas
3290 3717 3398 3773 hoc
3437 3717 3793 3776 beneﬁcium

2133 3803 2436 3877 largiatur,
2497 3809 2562 3860 ut
2613 3806 2754 3861 vitia
2799 3807 3004 3861 mundi
3057 3824 3170 3863 non
3222 3806 3446 3879 diligat.
3498 3806 3796 3864 Velociter

2135 3893 2341 3949 exaudi
2375 3894 2541 3950 me.H
2575 3894 2648 3950 Ut
2678 3911 2974 3952 resumam
3008 3896 3485 3970 spiritum,quem
3519 3896 3635 3951 tuis
3663 3913 3788 3953 ma-

2137 3982 2313 4038 nibus
2344 3983 2770 4038 commendavi.

2134 4073 2204 4125 22
2278 4071 2499 4128 Intende
2527 4073 2734 4130 anim?
2758 4087 2892 4129 meas
2920 4081 2972 4128 et
3002 4074 3176 4130 libera
3208 4090 3348 4129 eam.

2280 4166 2508 4232 Propter
2531 4162 2785 4217 inimicos
2812 4177 2958 4217 meo:
2986 4164 3136 4233 eripe
3164 4178 3267 4217 me.
3371 4148 3384 4158 ’

2205 4250 2247 4305 C
2278 4249 2518 4305 Intende
2549 4248 2756 4306 anima:
2787 4254 3021 4319 meae,ut
3051 4267 3250 4307 revera
3278 4249 3460 4306 libera
3498 4250 3619 4306 ﬁat.
3652 4267 3794 4308 cum

2135 4355 2265 4394 eam
2298 4338 2576 4394 divinitas
2586 4338 2904 4410 prepitiata
2917 4339 3498 4412 respexerit.Propter
3516 4339 3797 4397 inimicos

2135 4427 2312 4483 etiam
2345 4427 2580 4500 petebat
2610 4425 2981 4483 celerrimum
3012 4427 3456 4484 resurrectionis
3481 4428 3794 4497 auxilium,

2055 4535 2103 4603 D
2133 4520 2199 4572 ut
2227 4516 2328 4588 qui
2359 4520 2831 4589 contempserant
2859 4517 3223 4585 crucifixum,
3257 4517 3428 4572 tertia
3457 4517 3551 4573 die
3590 4534 3728 4574 resu
3740 4536 3794 4573 r-

2139 4611 2370 4679 gentem
2393 4605 2714 4662 crederent.

2129 4675 2202 4751 Q3
2281 4696 2355 4750 Tu
2369 4697 2474 4750 scis
2487 4697 2880 4767 improperium
2902 4711 3085 4751 meum
3111 4703 3162 4751 et
3179 4697 3552 4768 confusionem
3575 4675 3792 4752 meam:

2272 4785 2339 4840 Et
2367 4786 2728 4841 reverentiam
2754 4801 2952 4842 meam.

2203 4873 2244 4930 C
2275 4873 2725 4946 Improperium,
2756 4873 3160 4931 confusionem
3187 4879 3245 4929 et
3269 4873 3649 4930 reverentiam
3684 4891 3794 4946 pro

2131 4963 2390 5019 humano
2420 4978 2628 5036 genere
2650 4962 2734 5018 sic
2765 4963 3026 5036 suscepit
3051 4960 3315 5019 Salvator
3339 4962 3529 5018 libens
3549 4967 3614 5018 ut
3630 4979 3792 5018 mor-

2134 5055 2272 5107 tem.
2299 5051 2420 5107 Non
2455 5051 2611 5108 enim
2643 5051 2757 5106 ista
2805 5069 2909 5124 pro
2958 5069 3063 5108 suo
3112 5055 3276 5108 reatu
3325 5050 3632 5121 sustinuit,
3683 5052 3791 5108 sed

2133 5140 2330 5197 omnia
2358 5157 2461 5212 pro
2493 5140 2660 5196 nobis
2693 5139 3023 5212 pertulit,ut
3054 5157 3158 5196 nos
3190 5141 3381 5196 bonus
3414 5139 3698 5213 magister
3731 5140 3794 5196 in

2131 5228 2347 5286 talibus
2379 5229 2556 5285 rebus
2586 5229 2831 5302 positos,
2865 5228 3127 5302 exemplo
3153 5246 3272 5285 sua:
3301 5228 3594 5301 patientiae
3619 5227 3799 5285 mise~

2132 5323 2296 5375 ratus
2328 5318 2661 5374 instrueret.

2130 5409 2201 5464 24
2273 5409 2336 5464 In
2364 5411 2650 5481 conspectu
2680 5416 2772 5464 tuo
2800 5416 2927 5464 sunt
2946 5425 3129 5465 omnes
3161 5410 3258 5482 qui
3287 5407 3564 5465 tribulant
3590 5422 3712 5464 nte:

2273 5499 2668 5571 Improperium
2697 5501 3024 5571 exspectavit
3053 5515 3145 5555 eor
3172 5515 3356 5554 meum
3392 5503 3447 5554 et
3474 5497 3789 5554 miseriam.

2203 5587 2248 5645 Η
2281 5588 2365 5646 Tu
2399 5586 2578 5657 vides,
2612 5587 2798 5658 Pater,
2834 5589 3035 5662 quales
3066 5587 3209 5647 mihi
3241 5586 3649 5646 tribulationes
3692 5588 3791 5649 in-
