4112 6176
235 214 348 275 261

1447 204 1909 272 EXPOSITIO
1955 211 2471 279 PSALMORUM.

3572 228 3694 288 262

236 346 431 401 ferant
459 347 517 399 et
546 341 846 398 illusiones
886 338 1279 431 ostendantnC
1308 339 1777 431 Improperium
1826 357 1921 397 ex-
1950 343 2006 410 Α
2040 341 2155 400 leta
2183 352 2293 403 est.
2328 350 2748 423 Tabernacula,
2787 355 2884 412 Dei
2919 356 3204 430 templum
3237 360 3292 412 et
3322 355 3477 431 regis
3526 359 3691 431 pala-

237 433 527 507 spectavit
547 449 644 487 cor
663 431 711 503 ej
723 449 810 495 us,
829 430 1061 504 quando
1089 416 1432 501 iniquitates
1448 427 1845 498 Judaeorum,
1862 435 1921 486 et

235 524 470 580 diversa
498 539 626 595 quae
659 537 868 594 passus
890 525 977 576 est
1005 535 1104 591 pro
1127 535 1230 574 sua
1248 517 1568 576 voluntate
1593 521 1918 590 sustinuit,

232 619 294 670 et
324 612 597 686 passione
629 609 917 683 benignus
947 608 1182 680 excepit.
1215 607 1260 662 H
1299 606 1406 662 Vel
1457 606 1920 681 improperium

234 701 533 776 passionis
555 705 610 756 et
640 699 962 766 miseriam,
994 698 1049 752 id
1079 702 1166 753 est
1191 697 1640 753 contumeliam
1696 699 1918 756 crucis.

230 793 312 846 25
379 792 449 846 Et
463 789 714 846 sustinui
726 789 829 860 qui
841 786 1048 844 simul:
1064 788 1538 843 contristaretur
1555 793 1614 844 et
1627 804 1745 843 non
1759 787 1831 862 fu
1840 790 1918 846 it:

383 881 503 950 Qui
528 877 939 934 consolaretur
959 883 1012 932 et
1033 893 1142 932 non
1170 877 1391 932 inveni.

313 969 359 1024 Η
389 969 461 1024 Et
489 966 889 1036 sustinui,non
922 965 1030 1021 fuit
1050 964 1200 1021 ullus
1227 965 1298 1022 de
1319 968 1500 1022 tanta
1525 966 1920 1026 multitudine

237 1058 602 1130 iniquorum,
635 1060 735 1112 aut
764 1072 1106 1128 compassus
1134 1053 1449 1111 doloribus
1483 1056 1648 1125 ejus,
1681 1061 1783 1112 aut
1815 1057 1918 1131 qui

237 1145 464 1203 exstitit
482 1144 828 1201 consolator.
853 1145 894 1200 C
915 1144 1037 1200 Non
1057 1143 1212 1200 enim
1243 1145 1319 1200 de
1355 1144 1670 1210 fidelibus,
1691 1147 1795 1202 sed
1828 1147 1917 1203 in-

239 1234 517 1290 fidelibus
547 1233 806 1306 loquitur
834 1233 1338 1306 persecutoribus;
1365 1233 1586 1290 ﬁdeles
1619 1235 1777 1290 enim
1812 1255 1914 1292 au-

237 1325 480 1391 ditores,
519 1323 812 1378 doctorem
862 1321 1258 1389 consolantur,
1293 1323 1444 1378 dum
1487 1323 1550 1377 in
1605 1323 1691 1379 eis
1738 1326 1916 1382 verba

238 1413 726 1485 praedicationum
757 1411 1089 1484 proﬁciunt.
1121 1411 1484 1467 Judaaorum
1518 1412 1704 1486 igitur
1732 1414 1915 1486 perti-

242 1501 414 1556 nacia
440 1500 739 1556 Christum
766 1518 880 1556 non
911 1500 1357 1570 consolabatur,
1383 1501 1531 1573 quia
1582 1503 1710 1574 ejus
1741 1502 1917 1560 verba

245 1607 359 1645 non
394 1589 672 1662 suscepit.

242 1680 313 1733 26
393 1683 461 1735 Bt
487 1679 777 1736 dederunt
806 1681 868 1736 in
895 1697 1076 1737 escam
1107 1697 1305 1736 meam
1340 1679 1436 1754 fet
1469 1697 1484 1736 :

393 1769 473 1822 Et
505 1768 565 1822 in
592 1769 702 1824 siti
721 1785 848 1824 mea
871 1775 1227 1841 potaverunt
1261 1786 1358 1825 me
1389 1773 1575 1826 aceto.

313 1857 356 1911 C
391 1855 664 1912 Oblatum
694 1861 782 1912 est
810 1857 890 1913 illi
942 1858 1010 1914 fel
1056 1875 1194 1915 cum
1231 1862 1408 1914 aceto
1441 1858 1706 1927 mistum,
1740 1864 1804 1916 ut
1837 1877 1918 1916 re-

239 1963 383 2001 vera
410 1945 567 2002 facta
592 1946 921 2003 Judaeorum
951 1949 1291 2004 amaritudo
1320 1947 1582 2020 potionis
1614 1949 1911 2007 indicaret.

241 2035 378 2107 Ipse
406 2036 568 2091 enim
601 2035 742 2092 dixit
760 2055 772 2093 :
792 2036 926 2092 Sitio
943 2036 1297 2117 (Joan.x1x),
1319 2037 1468 2109 quia
1489 2037 1662 2093 ﬁdem
1687 2037 1744 2093 in
1772 2039 1914 2112 ipsis

237 2123 603 2180 desideravit
641 2124 913 2191 invenire,
947 2125 1028 2182 illi
1079 2125 1450 2182 obtulerunt
1506 2127 1915 2186 amarissimos

235 2230 442 2270 mores
474 2215 748 2286 suos,qui
778 2214 936 2271 nulla
964 2215 1440 2288 compunctione
1466 2217 1725 2272 conversi
1753 2224 1912 2274 sunt.

230 2305 306 2357 27
388 2305 534 2360 Fiat
561 2304 759 2363 mensa
784 2321 978 2362 eorum
997 2322 1208 2362 coram
1245 2305 1400 2377 ipsis
1431 2305 1494 2360 in
1527 2305 1794 2379 laqueum
1827 2325 1839 2365 ;

391 2397 461 2449 Et
493 2394 555 2448 in
583 2394 993 2450 retributiones
1023 2401 1078 2450 et
1113 2397 1179 2451 in
1209 2393 1600 2450 scandalum.

313 2482 360 2536 C
387 2481 518 2536 Non
553 2481 922 2540 maledicendi
947 2487 1098 2553 voto,
1121 2484 1226 2540 sed
1255 2483 1630 2556 praescientis
1649 2502 1809 2543 more
1831 2504 1918 2543 se-

238 2569 498 2642 quentia
519 2575 875 2643 promuntur.
897 2573 1100 2629 Mensa
1127 2572 1378 2629 Domini
1406 2583 1495 2629 est
1516 2573 1821 2648 utriusque
1843 2575 1918 2632 le-

241 2659 346 2730 gis
377 2658 786 2718 intellectualis
815 2662 1097 2735 epulatio,
1138 2679 1333 2735 quam
1368 2661 1557 2733 primo
1584 2662 1917 2722 habuerunt

238 2747 462 2815 Judaei,
481 2749 710 2820 quando
730 2751 1002 2806 mandata
1026 2751 1130 2808 Dei
1154 2749 1914 2826 custodierunt,postquam

245 2854 393 2893 vero
425 2855 462 2892 a
493 2838 605 2893 ﬁde
626 2839 884 2910 jejunare
915 2845 1237 2913 ceperunt,
1256 2855 1459 2894 coram
1475 2839 1621 2912 ipsis
1642 2842 1916 2914 gentibus

246 2926 481 2982 tradita
528 2931 636 2992 est,
668 2933 728 2983 ut
769 2930 998 3003 gravius
1057 2928 1338 2986 dolerent
1384 2927 1720 2986 videntibus
1771 2933 1915 3005 ipsis

248 3016 541 3088 adempta
565 3015 847 3075 felicitate.
881 3019 944 3074 In
975 3018 1288 3091 laqueum,
1325 3016 1386 3070 id
1416 3021 1505 3072 est
1533 3019 1604 3074 de
1635 3019 1914 3090 littera,in

1945 1721 1994 1786 B

2030 433 2202 503 tium,
2236 436 2360 494 sine
2388 440 2610 498 cultore
2640 451 3068 502 remanserunt.
3099 448 3164 502 Et
3199 450 3359 515 nota,
3390 449 3547 518 quod
3578 447 3693 520 pri-

2029 524 2181 580 vatis
2212 526 2487 584 domibus
2519 533 2715 604 posuit
2744 534 3307 601 habitationem,sed
3342 535 3442 590 Dei
3473 537 3691 609 templo

2032 610 2540 685 inhabitationem,
2565 620 2703 692 quia
2756 622 2838 677 ibi
2887 623 3229 678 habitamus
3279 640 3549 696 corpore;
3597 625 3693 681 hic

2032 705 2230 757 autem
2261 702 2686 778 inhabitamus,
2720 711 2822 766 ubi
2854 711 3069 768 devota
3103 710 3317 767 mentis
3348 713 3555 770 affectu
3598 713 3689 771 lo—

2031 805 2171 846 cum
2203 792 2672 865 frequentamus.

2028 879 2094 933 31
2172 883 2463 950 Quoniam
2492 903 2659 958 quem
2699 898 2764 944 tu
2807 891 3152 960 percussisti
3187 893 3483 962 persecuti
3507 901 3641 948 sunt
3668 914 3688 948 .-

2173 971 2249 1024 Et
2264 986 2441 1043 super
2455 974 2534 1030 do
2543 974 2726 1031 torem
2743 978 3045 1038 vulnerum
3067 995 3271 1034 eorum
3289 980 3688 1036 addiderunt.

2101 1057 2146 1112 H
2179 1063 2254 1113 De
2285 1076 2346 1114 se
2379 1061 2499 1118 haec
2530 1063 2797 1122 Chrisius
2828 1066 2899 1121 ad
2931 1066 3157 1122 Patrem
3182 1066 3464 1139 loquitur,
3483 1070 3552 1125 de
3583 1086 3693 1125 sua

2027 1146 2298 1218 passione
2328 1149 2549 1219 dicens,
2575 1153 2862 1225 scriptum
2892 1158 2980 1209 est
3004 1172 3015 1210 :
3044 1155 3369 1214 Percutiam
3389 1163 3689 1231 pastorem

2025 1237 2210 1305 (Zach.
2243 1242 2391 1306 xm);
2427 1243 2484 1295 et
2530 1241 2590 1296 in
2636 1242 2750 1298 alio
2783 1243 3069 1314 propheta
3116 1262 3185 1300 ex
3227 1262 3482 1318 persona
3503 1247 3695 1304 Patris

2023 1324 2590 1401 loquentis,propter
2611 1335 2857 1404 peccata,
2881 1333 3080 1405 populi
3115 1335 3229 1390 mei
3265 1336 3534 1408 percussi
3558 1355 3695 1395 eum

2031 1415 2160 1486 (Isa.
2195 1417 2336 1488 xm),
2371 1417 2614 1475 dicitur.

2097 1504 2143 1559 Η
2177 1505 2322 1570 Quia
2371 1522 2750 1577 percussum,
2784 1508 2843 1564 id
2890 1514 2979 1566 est
3000 1527 3370 1584 concessum,
3406 1517 3700 1588 persecuti

2026 1598 2187 1658 sunt,
2223 1593 2452 1667 sibique
2485 1597 2776 1653 traditum
2799 1599 3131 1656 detestabili
3182 1602 3409 1661 feritate
3458 1623 3704 1665 necave-

2025 1686 2183 1737 runt.
2219 1682 2265 1737 H
2296 1683 2673 1741 Addiderunt
2702 1703 2879 1759 super
2907 1688 3188 1761 dolorem,
3225 1709 3360 1750 cum
3381 1694 3474 1750 vel
3507 1696 3707 1755 Eccle-

2026 1771 2176 1828 siam
2205 1771 2294 1827 vel
2326 1773 2632 1844 apostolos
2656 1778 2942 1846 persecuti
2975 1784 3132 1836 sunt.

2025 1864 2095 1916 32
2168 1862 2396 1933 Appone
2429 1864 2822 1936 iniquitatem
2849 1884 3023 1941 super
3041 1871 3421 1943 iniquitatem
3457 1893 3662 1936 eorum
3687 1901 3707 1938 .·

2166 1955 2235 2007 Et
2264 1966 2378 2006 non
2411 1953 2644 2009 intrent
2676 1955 2737 2010 in
2752 1957 3058 2026 justitiam
3090 1965 3279 2017 tuam.

2097 2039 2461 2113 CIniquitas
2522 2042 2717 2114 prima
2785 2046 2894 2101 fuit
2964 2047 3203 2117 Judaeis,
3265 2056 3329 2106 ut
3382 2056 3704 2128 prophetas

2025 2129 2492 2201 exstinguerent.
2528 2133 2810 2204 Apposita
2839 2139 2924 2190 est
2957 2136 3238 2208 iniquitas
3265 2156 3447 2212 super
3478 2144 3702 2218 iniqui-

2025 2223 2205 2274 tatem
2239 2235 2470 2286 eorum,
2490 2221 2770 2291 quoniam
2805 2224 2998 2296 ipsum
3019 2225 3333 2284 Dominum
3357 2233 3702 2308 crucifigere

2027 2307 2382 2363 maluerunt.
2415 2309 2676 2365 Additur
2724 2328 2896 2384 pmna
2945 2315 3189 2386 peccati,
3225 2334 3295 2372 ne
3353 2307 3588 2378 intrent,
3635 2323 3695 2381 in

2027 2396 2323 2468 Iustitiam
2356 2396 2482 2465 Dei,
2520 2398 2574 2454 id
2607 2404 2697 2456 est
2726 2417 2798 2457 ne
2829 2402 3144 2475 participes
3174 2405 3402 2462 Christo
3434 2409 3600 2483 fiant,
3636 2413 3696 2470 in

2029 2485 2130 2541 illo
2154 2501 2334 2558 regno
2359 2486 2628 2556 justitize.

2026 2576 2096 2630 33
2175 2574 2501 2630 Deteantur
2529 2577 2597 2632 de
2631 2576 2785 2634 libro
2817 2581 3138 2637 viventium
3170 2600 3188 2638 :

2170 2667 2248 2719 Et
2278 2679 2407 2719 cum
2422 2668 2613 2737 justis
2640 2685 2756 2723 non
2774 2669 3140 2725 scribantur.

2099 2753 2140 2807 C
2171 2751 2324 2808 Dicit
2353 2768 2492 2826 ergo
2521 2754 2742 2810 Judaeis
2776 2773 2788 2811 :
2823 2756 3141 2813 Deleantur
3181 2760 3253 2815 de
3295 2760 3444 2818 libro
3488 2764 3687 2822 viven-

2026 2843 2325 2910 tium,non
2361 2840 2498 2912 quia
2528 2843 2730 2916 scripti
2761 2849 2946 2911 erant,
2977 2847 3076 2901 sed
3107 2848 3249 2919 quia
3276 2851 3526 2922 scriptos
3557 2870 3688 2911 esse

2029 2947 2091 2986 se
2111 2929 2480 3002 judicabant.
2514 2930 2596 2986 Ibi
2631 2933 2787 2986 enim
2820 2932 2976 3003 quod
3009 2933 3306 3004 scribitur,
3340 2937 3519 2993 deleri
3568 2959 3686 2999 non

2029 3017 2386 3090 potest,quia
2404 3023 2592 3073 totum
2615 3020 2674 3074 in
2697 3020 3207 3092 praedestinatione
3231 3024 3546 3082 solidatum
3571 3035 3681 3087 est.

250 3122 376 3177 qua
410 3104 564 3161 alios
593 3105 905 3179 astringere
936 3108 1334 3173 conabantur,
1372 3106 1486 3177 ipsi
1517 3107 1575 3162 in
1607 3125 1675 3164 ea
1718 3111 1913 3182 potius
1945 3097 1987 3164 C
2026 3109 2094 3163 Et
2121 3123 2254 3163 cum
2277 3107 2460 3177 justis
2495 3123 2606 3163 non
2640 3109 2996 3179 scribantur,
3029 3109 3138 3165 hoc
3169 3111 3256 3168 eis
3286 3113 3551 3171 acciderc
3583 3135 3686 3173 ne-

246 3194 536 3250 caderent
583 3193 831 3267 obligati.
867 3197 1197 3252 Retrihutio
1249 3193 1545 3251 malorum
1595 3198 1724 3267 fuit,
1759 3202 1913 3272 quod

245 3282 562 3338 subtracta
589 3282 690 3338 illa
725 3297 928 3341 mensa
972 3285 1108 3352 fuit,
1139 3275 1199 3340 et
1256 3282 1533 3356 gentibus
1579 3289 1811 3345 tradita.
1846 3291 1914 3346 Et

244 3371 628 3443 scandalum,
662 3374 796 3444 quia
837 3373 1170 3430 deserentes
1220 3373 1388 3446 pacis
1437 3378 1757 3447 auctorem,
1801 3379 1912 3434 sibi

245 3460 636 3517 concitabant
665 3462 844 3518 rixam
876 3468 932 3518 et
962 3477 1139 3535 prava
1169 3461 1394 3519 studia.

314 3551 790 3610 280bscurentur
819 3552 983 3608 oculi
1010 3569 1234 3621 eorum,
1267 3568 1342 3606 ne
1373 3552 1620 3611 videant
1647 3575 1666 3609 :

393 3643 470 3696 Et
499 3641 734 3696 dorsum
761 3657 961 3696 eorum
987 3657 1217 3711 semper
1245 3643 1515 3697 incurva.

318 3728 361 3783 C
397 3729 834 3786 Praenuntiatur
857 3730 1034 3802 digna
1060 3747 1252 3802 poma,
1289 3745 1360 3785 ne
1392 3728 1625 3786 videant
1668 3732 1727 3788 in
1757 3734 1911 3790 Serio

246 3823 385 3873 tura
437 3835 550 3874 sua
597 3818 964 3875 verissimum
1007 3819 1254 3891 justitiae
1303 3818 1517 3887 Solem,
1551 3825 1606 3875 et
1653 3821 1762 3880 hoc
1794 3823 1910 3880 illis

242 3906 461 3975 evenit,
495 3907 598 3978 qui
631 3907 805 3964 etiam
835 3908 1018 3963 nimio
1064 3909 1324 3981 pondere
1369 3907 1717 3967 delictorum
1765 3931 1908 3986 prae-

239 3996 496 4069 gravati,
532 3997 809 4052 cervicem
849 4013 1016 4052 suam
1048 3998 1107 4052 in
1163 4000 1378 4053 terram
1429 4000 1628 4054 cernui
1680 4018 1911 4074 semper

239 4086 702 4152 incurvant,nec
721 4085 803 4141 eis
825 4087 894 4141 ad
929 4085 1141 4143 ccnlum
1174 4085 1526 4159 respiciendi
1547 4090 1909 4160 possibilitas

239 4174 446 4228 datur.
481 4176 727 4229 Dorsum
754 4174 999 4242 dictum,
1020 4176 1190 4247 quasi
1212 4175 1577 4238 descendens
1607 4179 1905 4238 deorsum.

243 4263 284 4317 Η
320 4261 430 4318 Vel
481 4262 740 4330 incurva,
775 4266 841 4318 ut
890 4264 1172 4320 Romanis
1223 4265 1481 4320 serviant
1537 4283 1786 4341 semper,
1817 4269 1905 4325 vel

238 4350 363 4406 sub
394 4366 571 4406 onere
600 4349 747 4424 legis
775 4356 1268 4425 maneant,quam
1292 4355 1620 4410 secundum
1651 4355 1905 4415 litteram

237 4439 396 4495 ferre
426 4455 604 4496 nemo
624 4445 872 4513 poterat.

235 4528 313 4584 29
389 4527 644 4602 E/funde
671 4547 846 4602 super
871 4548 975 4588 nos
1005 4533 1160 4590 iram
1193 4537 1358 4589 tuam
1392 4549 1405 4589 :

387 4621 467 4674 Et
492 4617 668 4693 furor
698 4623 810 4679 irae
831 4627 948 4679 tuae
975 4621 1434 4696 comprehendat
1463 4639 1578 4680 eos.

314 4709 357 4764 C
372 4708 526 4765 Dum
539 4709 1381 4785 dicitur,eﬂ‘unde,magnitudo
1402 4712 1500 4768 ira:
1513 4713 1898 4786 significatur;

241 4814 370 4870 quae
389 4798 454 4856 in
477 4815 699 4856 morem
715 4800 980 4856 ﬂuminis
995 4802 1230 4873 copiosa
1245 4801 1901 4878 descendit.Apprehen-

242 4887 328 4943 dit
349 4905 454 4945 eos
477 4889 659 4959 furor,
677 4890 846 4963 quasi
877 4891 1190 4949 damnatos
1220 4896 1278 4948 et
1307 4893 1667 4965 perterritos,
1689 4899 1753 4950 ut
1782 4913 1898 4954 non

241 4976 414 5033 liceat
436 4978 712 5052 effugere,
728 4982 882 5052 quod
905 4981 1080 5036 datur
1111 4999 1214 5054 pro
1245 4980 1564 5039 sceleribus
1587 4983 1896 5043 sustinere.

241 5065 310 5120 30
379 5067 514 5123 Fiat
546 5067 846 5126 habitatio
873 5085 1073 5126 eorum
1105 5072 1340 5127 deserta
1374 5088 1393 5125 :

398 5161 458 5219 -ἐ-
487 5161 558 5213 Et
599 5163 613 5221 ζ
660 5159 723 5214 in
753 5159 1156 5216 tabernaculis
1183 5176 1385 5218 eorum
1417 5178 1531 5217 non
1560 5163 1640 5219 sit
1668 5165 1772 5237 qui
1801 5166 1895 5221 in-

455 5245 710 5303 habitet.

309 5334 348 5390 C
377 5333 509 5391 Fiat
526 5334 814 5395 habitatio
834 5353 1036 5395 eorum
1054 5338 1366 5406 desertam
1394 5338 1452 5394 in
1471 5340 1891 5412 tabernaculis,

241 5427 369 5490 etc.,
403 5423 516 5482 hoc
550 5429 870 5501 utrumque
900 5427 1120 5484 Judaais
1152 5427 1468 5502 contigisse
1517 5430 1894 5496 manifestum

241 5518 342 5586 est,
367 5531 505 5573 cum
537 5514 741 5577 civitas
761 5517 1122 5578 Hierusalem
1143 5518 1432 5596 frequenti
1449 5520 1777 5598 captivitate
1803 5522 1897 5582 de~

2022 3201 2141 3269 gat,
2176 3195 2276 3268 qui
2309 3212 2422 3250 non
2455 3201 2594 3251 sunt
2620 3199 2706 3269 (ut
2736 3197 2945 3253 titulus
2975 3198 3078 3267 ait)
3101 3199 3215 3271 piis
3261 3201 3677 3261 satisfactioni-

2024 3285 2136 3341 bus
2168 3284 2484 3340 immutati.

2021 3376 2092 3430 34
2167 3379 2286 3448 Ego
2309 3390 2436 3428 sum
2455 3389 2685 3446 pauper
2713 3381 2768 3430 et
2797 3373 3044 3432 dote-ns!

2163 3462 2339 3520 Sal-us
2370 3467 2478 3520 tua
2508 3469 2657 3519 Deus
2679 3465 2930 3536 suscepit
2960 3481 3070 3521 me.

2107 3553 2148 3608 C
2176 3553 2294 3624 Ego
2326 3568 2457 3606 sum
2489 3568 2730 3624 pauper,
2764 3552 2916 3608 hanc
2949 3552 3364 3625 praprietatem
3405 3555 3514 3612 sibi
3565 3557 3682 3614 vin-

2019 3640 2411 3712 dicavit,quia
2441 3657 2612 3696 nemo
2644 3641 2793 3697 alter
2820 3641 2970 3696 hanc
3001 3648 3405 3715 paupertatem
3437 3649 3493 3700 et
3523 3645 3681 3702 hunc

2020 3730 2422 3800 dolorem,pro
2448 3731 2627 3784 totius
2659 3729 2866 3785 mundi
2889 3728 3063 3803 culpa
3093 3731 3394 3789 sustinuit.
3411 3734 3682 3807 Suscepit

2022 3819 2216 3891 itaque
2247 3817 2675 3874 humanitatem
2703 3817 2884 3885 salus,
2903 3817 2957 3872 id
2982 3824 3071 3874 est
3093 3820 3279 3876 forma
3310 3820 3458 3889 Filii,
3484 3821 3543 3876 in
3562 3839 3680 3895 qua

2019 3907 2262 3981 aequalis
2313 3912 2402 3962 est
2449 3907 2622 3975 Patri,
2656 3908 2890 3980 quando
2941 3909 3337 3966 reconciliavit
3384 3912 3675 3967 mundum

2020 3996 2197 4054 Patri.
2231 3996 2278 4052 Η
2308 3996 2433 4064 Vel,
2468 4013 2692 4069 pauper
2719 4000 2777 4053 et
2807 3995 3013 4053 dolens
3035 3998 3144 4052 fuit
3177 3999 3234 4053 in
3267 3999 3564 4070 passione,
3591 4017 3677 4056 sa-

2018 4087 2112 4142 lus
2143 4090 2338 4142 autem
2369 4100 2504 4140 eum
2536 4084 2596 4139 in
2630 4084 3055 4141 resurrectione
3091 4087 3366 4158 suscepit.

2016 4177 2087 4232 35
2160 4175 2440 4232 Laudabo
2472 4191 2678 4231 nomen
2708 4177 2813 4231 Dei
2842 4192 2974 4230 cum
3005 4179 3233 4232 cantico
3263 4192 3276 4232 :

2159 4270 2229 4321 Et
2252 4263 2631 4335 magni/icabo
2650 4280 2779 4320 eum
2810 4265 2874 4320 in
2911 4264 3114 4322 laude.

2068 4354 2129 4409 'C
2158 4354 2384 4411 Laudat
2411 4353 2566 4408 enim
2599 4357 2774 4427 caput
2822 4359 3090 4410 nostrum
3139 4369 3352 4410 nomen
3404 4352 3506 4408 Dei
3538 4369 3671 4408 cum

1939 4473 1985 4536 D
2018 4442 2515 4516 cantico,quando
2545 4442 2603 4498 in
2634 4442 2892 4500 Ecclesia
2920 4441 3671 4536 hymnidica‘easultatione

2018 4533 2280 4590 ﬁdelium
2311 4533 2376 4588 ﬁt
2405 4532 2714 4602 adunatio;
2748 4533 2872 4605 ipse
2904 4534 3062 4589 enim
3094 4533 3155 4589 in
3187 4532 3359 4589 nobis
3388 4531 3590 4588 laudat
3614 4535 3672 4587 et

2016 4623 2372 4696 magniﬁcat,
2407 4622 2564 4694 quod
2595 4639 2701 4677 nos
2730 4623 3010 4679 veraciter
3059 4622 3298 4679 laudare
3343 4621 3668 4694 cognoscit.

2008 4711 2078 4767 36
2151 4714 2229 4769 Et
2258 4710 2518 4782 placebit
2549 4717 2666 4768 Deo
2692 4729 2866 4785 super
2891 4710 3146 4769 vitulum
3183 4708 3476 4766 novellum
3505 4730 3524 4764 :

2150 4805 2385 4859 Cornua
2413 4803 2830 4870 producentem
2851 4807 2907 4857 et
2936 4800 3214 4873 ungulas.

2077 4895 2117 4946 C
2145 4890 2327 4947 Multo
2357 4891 2512 4946 enim
2535 4895 2623 4946 est
2652 4891 2943 4963 acceptior
2957 4889 3146 4946 effusa
3164 4887 3296 4943 laus
3312 4903 3459 4958 puro
3482 4885 3657 4942 corde

2006 4981 2142 5047 Deo,
2159 4996 2334 5052 quam
2368 4983 2554 5051 potest
2574 4979 2864 5052 pecudum
2887 4977 3115 5050 placere
3135 4974 3347 5034 veteris
3369 4975 3516 5049 legis
3540 4991 3661 5031 ma-

2003 5069 2197 5127 ctatio.
2232 5069 2278 5123 H
2311 5067 2412 5123 Vel
2444 5067 2694 5140 placebit
2723 5069 2838 5124 Deo
2870 5067 3028 5124 Patri
3061 5084 3238 5140 super
3271 5062 3524 5121 vitulum
3557 5081 3662 5120 no-

2002 5157 2310 5226 vellum,id
2343 5160 2431 5213 est
2450 5157 3008 5223 Christum,cornua
3041 5154 3548 5230 producentem,id
3571 5158 3661 5211 est

2004 5247 2407 5305 fortitudinem
2437 5245 2706 5302 Ecclesiae
2738 5247 2997 5314 dantem,
3033 5251 3092 5303 et
3135 5243 3394 5319 ungulas
3443 5243 3660 5316 quibus

2004 5336 2308 5410 sacrilegia
2323 5332 2624 5392 conculcet
2644 5336 2905 5409 gentium
2937 5353 3002 5392 ac
3026 5333 3286 5392 divellat.
3301 5332 3540 5391 Vitulus
3561 5350 3657 5390 no-

2003 5427 2186 5485 vellus
2219 5424 2435 5480 dicitur
2458 5423 2752 5495 Christus,
2786 5427 2886 5500 qui
2920 5422 3182 5500 seips'um
3237 5421 3391 5480 Patri
3423 5423 3656 5480 obtulit.

2006 5520 2119 5582 Nec
2150 5531 2326 5592 super
2369 5515 2605 5573 denotat
2647 5517 3166 5593 comparationem,
3200 5513 3302 5581 sed
3351 5513 3664 5580 materiam
