4054 6168
455 292 572 352 263

1363 290 1428 351 S.
1479 292 1872 353 BRUNONIS
1921 288 2536 357 IIERBIPOLENSIS
2580 295 2949 358 EPISCOPI.

3747 296 3868 358 264

458 430 616 480 notat
651 425 1010 492 oblatam,ut
1041 423 1118 480 sit
1146 425 1510 492 sensus,Dco
1542 425 1652 480 erit
1681 427 2104 500 complacentia
2131 427 2188 494 Α
2220 428 2334 484 ΤΤ.
2371 433 2436 485 In
2464 429 2640 502 ﬁnem
2673 430 2851 487 David
2899 432 2963 486 in
3002 433 3489 488 rememorationc
3524 438 3664 495 -j-eo
3711 431 3872 506 quod
3901 397 3906 408 ³

453 515 522 571 de
553 515 651 570 tali
682 513 862 570 vitulo
894 530 1059 581 novo,
1091 529 1208 569 non
1256 513 1496 581 carnali,
1532 515 1634 570 sed
1682 515 1950 588 mystico,
1983 533 2100 574 non

454 604 630 660 veteri
663 603 962 675 ﬁguranti,
994 603 1095 659 sed
1131 613 1276 659 novo
1304 603 1577 676 ﬁgurato.

450 694 520 749 37
598 693 854 748 Videant
877 708 1170 765 pauperes
1187 698 1244 748 et
1276 691 1546 749 latentur
1565 713 1584 748 :

593 784 850 851 Qua’rite
880 787 1054 839 Deum
1087 790 1149 851 et
1170 783 1326 838 vivet
1355 783 1561 839 animo.
1590 787 1810 839 vestra.

522 871 563 926 C
591 871 838 925 Videant
870 887 1176 943 pauperes,
1211 871 1350 942 quia
1397 871 1554 927 Deus
1596 872 1821 943 respuit
1862 872 2103 928 oblatio-

453 978 582 1016 nem
619 960 931 1032 pecudum,
966 965 1022 1016 et
1051 959 1514 1016 mundissimum
1545 977 1644 1016 cor
1677 962 1948 1033 requirit;
1973 961 2102 1018 ideo

450 1049 738 1117 laetentur,
764 1049 904 1121 quia
927 1049 986 1104 in
1019 1048 1234 1104 mentis
1265 1049 1472 1104 ali'ectu
1507 1050 1696 1120 posita
1725 1055 1815 1106 est
1860 1050 2099 1116 oblatio,

448 1139 547 1194 ubi
579 1143 635 1194 et
666 1143 886 1211 pauper
915 1143 1104 1210 potest
1131 1154 1260 1194 esse
1313 1136 1660 1194 ditissimus.
1693 1140 1939 1204 Quaerite
1987 1139 2101 1195 Do-

446 1229 697 1293 minum,
730 1228 1006 1283 admonet
1037 1243 1320 1298 pauperes
1362 1231 1425 1282 ut
1457 1243 1652 1282 escam
1687 1229 1899 1283 mentis
1945 1246 2100 1300 quaa-

450 1321 605 1385 rant,
638 1317 793 1372 unde
825 1315 1023 1372 anima
1054 1315 1374 1387 saginetur.
1405 1314 1554 1370 Illud
1588 1332 1824 1388 quoque
1871 1316 2102 1389 proprie

2568 519 2798 575 salvum
2828 533 2959 574 eum
2989 519 3136 593 feeit
3168 520 3449 576 Dominus
3489 530 3502 584 ξ

2281 608 2322 662 C
2352 606 2510 662 Finis
2544 612 2603 664 et
2632 606 2833 674 David,
2867 606 3166 663 Christum
3219 607 3533 680 signiﬁcat.
3566 613 3630 664 In
3679 623 3868 664 reme-

2212 695 2555 762 moratione,
2581 713 2746 768 spem
2780 693 3074 768 signiﬁcat
3105 695 3468 752 liberationis
3489 700 3547 751 et
3565 696 3870 752 certitudi-

2212 799 2345 839 nem
2380 783 2559 838 futuri
2592 783 2837 857 praemii,
2860 800 2986 855 qua:
3018 785 3143 840 suis
3174 785 3398 840 sanctis
3427 783 3728 856 pollicitus
3754 791 3868 842 est.

2213 875 2240 927 1
2356 877 2507 928 Deus
2535 875 2597 928 in
2627 874 3006 938 adiutorium
3037 889 3228 928 meum
3272 880 3328 939 -ἐο
3355 874 3593 929 intende
3621 896 3641 929 .-

2495 962 2737 1017 Domine
2767 982 2787 1016 .·
2810 961 2896 1018 ad
2922 962 3311 1033 adjuvandum
3342 979 3433 1018 me
3459 962 3700 1037 festina.

2282 1049 2322 1104 C
2353 1051 2516 1105 Tunc
2547 1049 2701 1105 enim
2734 1048 3092 1120 adjutorium
3120 1049 3683 1122 poscimus,quando
3717 1053 3873 1123 peri-

2209 1138 2358 1194 culis
2389 1139 2868 1209 subjacemus,ut
2896 1137 2998 1193 tali
3029 1138 3288 1194 remedio
3318 1135 3873 1204 sublevati,calami-

2209 1231 2356 1283 tates
2387 1229 2748 1283 diversarum
2783 1227 3121 1299 passionum
3150 1227 3382 1284 vincere
3423 1228 3746 1300 possimus.
3783 1229 3873 1284 In-

2215 1317 2406 1382 tende,
2443 1315 2500 1370 id
2533 1320 2623 1370 est
2675 1315 2962 1386 propitius
3004 1316 3250 1388 respice,
3283 1317 3422 1388 quia
3469 1318 3672 1372 omnia
3710 1315 3869 1373 Deus

445 1406 634 1462 vivere
675 1405 949 1472 dicimus,
980 1405 1136 1476 quod
1186 1404 1246 1459 in
1304 1403 1684 1460 beatitudinis
1733 1405 2102 1476 jocunditate
2209 1403 2683 1477 agnoscit,etiam
2715 1421 2847 1460 cum
2884 1421 2998 1460 non
3031 1407 3289 1476 rogatur.
3317 1405 3551 1460 Festina
3597 1405 3681 1461 sic
3723 1406 3868 1461 dici-

449 1494 736 1550 consistit.

445 1585 516 1640 38
589 1585 881 1654 Quoniam
908 1582 1223 1638 exaudivit
1247 1599 1541 1654 pauperes
1570 1584 1854 1640 Dominus
1879 1602 1899 1640 :

588 1675 668 1728 Et
697 1672 910 1728 vinctos
934 1687 1068 1726 suos
1094 1685 1208 1726 non
1237 1672 1530 1744 despexit.

2207 1497 2324 1561 tur,
2341 1493 2508 1566 quasi
2541 1493 2946 1548 misericordia
2977 1491 3173 1548 divina
3199 1493 3479 1560 tardaret,
3497 1494 3598 1549 sed
3629 1495 3869 1550 tardum

2205 1583 2435 1639 videtur
2463 1581 2512 1638 ei
2543 1581 2848 1648 auxilium,
2870 1581 2969 1654 qui
3003 1581 3075 1637 de
3095 1581 3276 1653 hujus
3307 1582 3504 1638 saeculi
3536 1581 3701 1638 clade
3725 1581 3870 1640 libe-

2209 1672 2323 1728 rari
2356 1671 2614 1727 festinat.
3123 1681 3140 1686 '

517 1761 558 1817 C
587 1761 877 1859 Pauper-es
907 1764 1047 1858 sunt
1069 1758 1408 1859 Christiani,
1443 1761 1543 1832 qui
1565 1761 1899 1833 despiciunt
1927 1761 2098 1817 volu-
2133 1796 2179 1862 Β
2207 1764 2242 1814 2
2349 1760 2804 1835 Confundantur
2823 1765 2879 1817 et
2909 1765 3294 1816 revereantur
3321 1780 3340 1815 :

459 1854 652 1923 ptates
679 1854 735 1906 et
763 1848 996 1904 divitias
1027 1847 1232 1904 mundi
1267 1849 1460 1918 istius,
1481 1854 1536 1904 et
1559 1849 1785 1921 eligunt
1813 1850 2100 1907 humana-

446 1956 576 1994 rum
609 1954 805 1994 rerum
838 1937 1246 2010 indigentiam,
1278 1942 1345 1994 ut
1373 1938 1561 2010 epulis
1594 1940 1958 2012 spiritalibus
1989 1941 2100 1996 im-

446 2027 987 2100 pleantur.Vinctos
1017 2044 1154 2083 suos
1183 2027 1393 2083 liberat
1423 2046 1457 2084 a
1488 2029 1714 2101 laqueis
1741 2029 2096 2096 carnalibus,

445 2133 592 2188 quos
616 2115 740 2172 suis
772 2115 988 2188 regulis
1020 2132 1310 2172 connexos
1339 2118 1690 2189 cognoverit.

450 2206 520 2260 39
595 2205 863 2260 Laudent
885 2203 1066 2260 illum
1096 2203 1238 2260 caeli
1264 2211 1319 2260 et
1349 2211 1516 2262 terra
1545 2227 1564 2262 :

591 2297 765 2349 Mare
791 2299 847 2348 et
875 2295 1072 2349 omnia
1099 2294 1354 2364 reptilia
1386 2296 1446 2350 in
1475 2298 1578 2352 eis.

516 2383 556 2438 C
589 2387 652 2437 In
703 2382 830 2438 οωιί
879 2383 1438 2440 commemoratione
1499 2385 1672 2440 datur
1731 2385 1976 2459 intelligi
2035 2391 2100 2442 ut

445 2471 644 2528 omnia
691 2471 940 2527 debeant
995 2470 1254 2527 coelestia
1309 2471 1570 2528 laudare.
1619 2474 1807 2529 Terrae
1863 2492 2098 2548 quoque

444 2559 998 2617 commemoratione
1041 2559 1300 2632 intelligo
1352 2561 1683 2628 terrestria;
1720 2563 1918 2629 .naris,
1965 2565 2096 2619 uni-

443 2667 610 2706 versa
639 2649 929 2718 natantia;
962 2653 1019 2704 et
1047 2647 1128 2704 ita
1167 2649 1240 2704 ad
1287 2649 1518 2705 Domini
1567 2650 1770 2708 laudes
1817 2653 2098 2710 invitatur

444 2738 731 2811 quidquid
762 2743 1164 2794 creaturarum
1194 2753 1325 2794 esse
1346 2741 1736 2812 cognoscitur.

444 2827 514 2882 40
587 2829 876 2898 Quoniam
908 2829 1056 2883 Deus
1082 2826 1310 2883 salvam
1340 2827 1528 2902 faciet
1546 2829 1690 2884 Sion
1719 2850 1739 2885 .-

587 2921 656 2973 Et
686 2915 1142 2989 (edi/icabuntur
1169 2919 1447 2972 civitates
1462 2919 1649 2975 Judcu.

514 3007 555 3062 C
584 3006 721 3061 Sion
755 3005 912 3062 enim
962 3023 1176 3079 parvus
1224 3004 1530 3062 colliculus
1575 3012 1683 3078 est,
1719 3009 1816 3080 qui
1848 3008 2097 3066 cohaeret

442 3096 964 3170 Hierosolymitano
983 3094 1329 3167 templo,sed
1356 3091 1612 3152 nominis
1633 3097 1914 3169 qualitate
1926 3115 2096 3171 gran-

2350 1852 2466 1920 Qui
2484 1855 2746 1923 quarunt
2777 1850 3048 1905 animam
3077 1865 3292 1904 meam.

2230 1941 2321 1995 'C
2375 1938 2856 2001 Confundantur,
2915 1953 3026 1992 vox
3083 1940 3409 2008 martyrum
3480 1937 3864 2009 expostulatis

2208 2027 2678 2084 emendationem
2710 2025 3088 2081 inimicorum
3113 2042 3378 2081 suorum.
3411 2026 3699 2081 Confundi
3753 2033 3866 2092 est,

2209 2117 2444 2188 quando
2480 2115 2654 2170 homo
2687 2115 2957 2170 turbatur
2986 2115 3058 2170 de
3088 2113 3257 2169 factis
3291 2131 3411 2169 suae
3442 2115 3865 2186 perversitatis,

2211 2205 2474 2261 Revereri
2527 2208 2636 2270 est,
2669 2203 2902 2276 quando
2954 2202 3364 2275 cognoscimus
3418 2208 3617 2260 nostra
3663 2221 3870 2276 Opera-

2205 2295 2364 2350 tione
2386 2293 2682 2365 justitiam
2711 2293 2930 2360 laesam,
2963 2296 3018 2348 et
3065 2309 3168 2364 pro
3217 2292 3311 2348 his
3356 2293 3630 2364 operibus
3661 2309 3867 2365 poenas

2208 2383 2502 2438 incurrere
2535 2381 2943 2437 formidamus.
2971 2382 3316 2446 Quarebant
3347 2381 3570 2437 inimici
3599 2383 3865 2438 animam

2206 2471 2491 2540 ﬁdelium,
2516 2488 2631 2527 non
2662 2469 2722 2526 in
2754 2471 2926 2539 bono,
2959 2471 3060 2528 sed
3093 2475 3158 2526 ut
3182 2488 3314 2527 eam
3335 2488 3370 2527 a
3397 2488 3636 2544 corpore
3667 2489 3865 2545 segre-

2207 2563 2430 2633 garent.

2205 2652 2240 2704 3
2348 2651 2700 2706 Avertantur
2730 2658 3044 2705 retrorsum
3075 2654 3130 2703 et
3159 2652 3498 2706 erubescant
3531 2670 3550 2705 :

2345 2739 2460 2809 Qui
2489 2738 2695 2795 volunt
2725 2737 2879 2794 mihi
2908 2737 3091 2794 mala.

2276 2829 2317 2884 C
2346 2831 2698 2884 Avertantur
2726 2841 3068 2898 retrorsum,
3095 2827 3236 2900 quia
3257 2845 3292 2882 a
3315 2845 3492 2900 prava
3512 2828 3866 2903 cogitatione

2205 2918 2587 2981 descendens,
2610 2917 2783 2988 jussa
2813 2916 3040 2972 Domini
3074 2917 3472 2990 subsequitur.
3515 2917 3622 2981 Qui
3657 2918 3866 2974 volunt

2205 3005 2348 3062 mibi
2382 3005 2556 3073 mala,
2577 3005 2728 3061 hanc
2760 3005 3203 3062 retributionem
3227 3005 3652 3078 suscipiant,ne
3673 3006 3734 3062 in
3760 3024 3866 3063 sua

2205 3096 2518 3168 iniquitate
2550 3096 2888 3169 persistant.
2916 3095 2959 3150 Ο
2990 3096 3088 3167 pia
3113 3101 3452 3152 sanctorum
3501 3097 3680 3152 etiam
3732 3098 3863 3168 ipsa

442 3167 722 3254 descensi
761 3185 1053 3258 signiﬁcat
1106 3183 1262 3240 enim
1319 3167 1669 3242 Ecclesium:
1724 3186 1769 3242 Η
1818 3167 2094 3244 Civitates
2125 3167 2166 3234 (ἶ
2206 3167 2332 3258 (ιυώ
2367 3167 2604 3258 putatur
2649 3183 2992 3251 adversitas,
3015 3183 3227 3240 melius
3258 3186 3539 3257 optabant
3581 3167 3864 3255 inimicis,

439 3267 603 3331 Judaa
634 3275 846 3330 animae
878 3278 1017 3329 sunt
1057 3277 1412 3339 sanctorum,
1440 3291 1567 3346 qua:
1620 3292 1722 3347 per
1770 3277 2090 3332 confessio-

442 3379 577 3418 nem
608 3362 668 3416 in
701 3361 985 3433 templum
1009 3365 1276 3417 sanctum
1302 3367 1582 3434 tanquam
1607 3364 1716 3418 vivi
1746 3363 1968 3437 lapides
1999 3367 2094 3422 de-

442 3451 729 3506 feruntur.

444 3539 507 3592 41
584 3540 660 3592 Et
696 3537 1115 3594 inhabitabant
1148 3539 1282 3594 ibi:

588 3629 653 3682 ΕΙ
686 3618 1028 3681 Iwreditate
1057 3629 1358 3699 acquirent
1391 3645 1543 3683 eam.

513 3717 552 3770 C
584 3714 741 3769 Hanc
770 3715 927 3770 enim
961 3714 1275 3770 Ecclesiam
1317 3716 1411 3772 hic
1442 3716 1709 3771 habitant
1750 3718 2088 3787 Christiani,

440 3804 774 3860 haereditate
805 3820 939 3860 vero
968 3803 1274 3875 nequirent
1303 3821 1455 3873 eam,
1488 3807 1722 3877 quando
1775 3810 1846 3863 ad
1895 3809 2092 3874 Hiero-

442 3893 728 3966 solymam
761 3891 920 3948 illam
952 3897 1226 3948 aeternam
1260 3894 1359 3950 Dei
1394 3895 1768 3951 miseratione
1820 3915 2091 3970 pervene-

441 3982 578 4038 rint.

439 4073 510 4126 42
581 4072 647 4128 Et
675 4087 866 4127 semen
889 4087 1186 4128 servorum
1217 4076 1344 4146 ejus
1361 4074 1690 4145 possidebit
1720 4092 1844 4133 eam
1876 4097 1895 4132 .-

582 4163 658 4216 Et
687 4175 788 4234 qut
811 4162 1070 4235 diligunt
1103 4179 1309 4219 nomen
1338 4163 1465 4233 ejus
1494 4165 1845 4222 habitabant
1873 4167 1936 4222 in
1959 4183 2053 4223 ea.

511 4252 550 4307 C
579 4254 788 4306 Semen
817 4251 974 4306 enim
1030 4251 1125 4306 hic
1171 4269 1320 4322 opus
1373 4253 1718 4324 pertectu'm,
1752 4272 1867 4312 non
1900 4256 2094 4312 carnis

441 4338 777 4413 progeniem
797 4339 1079 4394 debemus
1097 4339 1569 4414 acccipere,quod
1595 4341 1851 4399 futuram
1876 4348 2092 4400 terram

441 4426 926 4502 possidebit,quaa
961 4427 1122 4482 nullo
1145 4429 1272 4499 jam
1304 4430 1418 4485 ﬁne
1448 4431 1734 4488 mutanda
1764 4437 1882 4501 est;
1907 4433 2008 4489 sed
2032 4435 2092 4489 in

2202 3291 2380 3346 quam
2411 3272 2635 3329 inimici
2668 3272 2781 3328 sibi
2812 3272 2958 3344 ipsis
2987 3271 3047 3327 in
3085 3273 3379 3345 prosperis
3410 3274 3734 3330 constituti.

2201 3365 2233 3418 4
2342 3364 2694 3420 Avertantur
2717 3363 2922 3418 statim
2949 3349 3336 3419 erubescentes
3362 3385 3382 3418 :

2341 3453 2458 3522 Qui
2483 3452 2689 3508 dicunt
2718 3450 2868 3506 mihi
2899 3467 2911 3504 :
2943 3454 3120 3524 Euge,
3153 3467 3315 3522 euge.

2272 3541 2312 3596 C
2342 3543 2708 3610 Avertantur,
2731 3539 2876 3613 petit
2905 3545 2988 3609 ut,
3007 3557 3041 3594 a
3066 3557 3173 3596 suo
3196 3539 3492 3612 proposito
3514 3540 3860 3596 erubescen-

2203 3629 2595 3698 tes,velociter
2623 3647 2684 3684 se
2716 3633 3076 3684 convertant.
3098 3630 3206 3695 Qui
3230 3629 3435 3684 dicunt
3465 3646 3477 3684 :
3503 3630 3859 3703 Euge,euge.

2202 3720 2378 3790 Euge,
2415 3735 2606 3774 sermo
2639 3717 2933 3773 laudantis
2959 3723 3068 3784 est,
3101 3719 3201 3774 sed
3234 3717 3328 3773 hic
3379 3719 3566 3774 ironia
3601 3723 3712 3774 est.
3749 3727 3861 3775 Seu

2203 3807 2332 3864 illos
2365 3807 2626 3879 increpat
2656 3807 2756 3879 qui
2789 3807 3134 3862 afﬁictiones
3167 3814 3486 3880 martyrum
3537 3825 3862 3880 pinnasque

2201 3896 2558 3964 collaudant,
2590 3902 2645 3952 et
2689 3913 2804 3953 non
2853 3897 2924 3951 ad
2974 3896 3230 3952 auctoris
3273 3895 3519 3968 gloriam
3571 3899 3857 3965 referunt,

2202 3986 2358 4058 quod
2390 3985 2474 4041 eis
2505 3984 2668 4057 larga
2699 3985 2911 4056 pietate
2939 3989 3027 4040 est
3057 4001 3426 4040 concessum.

2201 4077 2237 4131 5
2343 4073 2632 4131 Exultent
2662 4079 2718 4130 et
2749 4075 3023 4131 laetentur
3052 4076 3114 4130 in
3145 4080 3200 4130 te
3230 4091 3426 4130 omnes
3467 4076 3564 4147 qui
3599 4079 3864 4147 quaerunt

2417 4170 2522 4219 te:

2347 4255 2415 4310 Et
2462 4254 2664 4310 dicant
2706 4269 2930 4325 semper
2976 4252 3395 4327 magniﬁcetur
3432 4253 3719 4309 Dominus
3757 4255 3863 4325 qui

2413 4342 2670 4416 diligunt
2697 4341 2968 4399 salutare
2996 4351 3180 4398 tuum.

2274 4433 2320 4490 H
2350 4433 2484 4488 Post
2513 4432 2990 4504 persequentium
3020 4431 3389 4504 iniquitatem
3422 4436 3479 4488 et
3523 4429 3856 4486 conversio-

444 4533 513 4573 ea
542 4514 914 4606 habitabant.
941 4515 1324 4606 quidiligunt
1361 4534 1572 4574 nomen
1613 4520 1761 4591 ejus,
1790 4526 1846 4577 et
1893 4538 2092 4595 perpe-
2124 4540 2171 4606 Ι)
2204 4539 2360 4591 nem,
2395 4521 2466 4577 ad
2498 4521 2744 4594 gloriam
2776 4521 3128 4577 convertitur
3157 4521 3566 4589 beatorum,ut
3591 4519 3856 4575 exultent

443 4607 619 4679 petua
649 4601 923 4658 felicitate
946 4604 1258 4674 potientur.

898 4735 1102 4775 ORATIO
1133 4737 1203 4776 EX
1243 4737 1398 4777 PSAL.
1443 4739 1633 4779 LXVIII.

515 4835 947 4910 Benignissime
977 4835 1466 4903 Domine,exaudi
1501 4855 1608 4893 nos
1638 4837 1697 4892 in
1727 4839 1964 4898 veritate
1996 4861 2091 4899 sa-

444 4926 582 4982 lutis
612 4931 745 4996 tuaz,
778 4930 843 4980 ut
873 4925 1021 4980 eruti
1049 4925 1368 4997 asqualore
1396 4926 1636 4998 peccati,
1671 4943 2002 4986 mereamur
2031 4933 2090 4988 in

444 5015 592 5070 libro
623 5015 748 5068 vitae
793 5012 974 5087 digito
1023 5013 1243 5070 caelesti
1288 5015 1594 5070 conscribi.
1627 5015 1731 5072 Per
1777 5017 2092 5077 Dominum

447 5109 714 5159 nostrum
744 5102 945 5158 Jesum
980 5103 1298 5171 Christum,
1331 5108 1439 5160 etc.

1001 5263 1326 5321 PSALMUS
1366 5265 1553 5322 LXIX.

876 5366 1279 5409 ARGUMENTUM
1321 5371 1476 5409 PSAL.
1520 5372 1665 5411 LXIX.

519 5493 562 5548 C
591 5493 718 5550 Vox'
740 5499 1063 5568 martyrum
1095 5500 1150 5552 et
1181 5497 1582 5555 confessorum
1628 5499 2093 5572 deprecantium,

449 5587 516 5644 ut
545 5601 578 5641 a
602 5584 1080 5663 persequentium
1113 5585 1384 5664 periculis
1415 5585 1754 5648 liberentur.

2202 4611 2301 4683 qui
2334 4628 2435 4682 per
2464 4609 2753 4680 lacrymas
2807 4609 3156 4682 pmnitentia:
3203 4609 3523 4666 Dominum
3555 4613 3852 4681 quaerunt.

2198 4705 2238 4757 C
2269 4701 2676 4773 Magniﬁcatur
2705 4703 2898 4756 autem
2932 4699 3215 4756 Dominus
3249 4699 3307 4755 in
3339 4699 3531 4765 nobis,
3563 4697 3755 4770 quiin
3791 4715 3855 4753 se

2200 4807 2316 4847 non
2346 4789 2523 4844 habet
2553 4791 2616 4843 ut
2645 4793 2883 4856 crescat,
2912 4805 3046 4844 cum
3080 4787 3282 4843 laudes
3313 4787 3430 4844 Deo
3478 4803 3628 4861 pura
3655 4792 3857 4842 mente

2199 4877 2927 4952 persolvimus,nostraque
2957 4877 3313 4933 conscientia
3332 4893 3564 4949 semper
3582 4880 3858 4947 augetur,

2201 4985 2336 5024 cum
2361 4967 2658 5022 Christum
2688 4966 2863 5039 digne
2891 4965 3225 5022 laudamus.
3262 4964 3411 5021 Illud
3460 4981 3695 5038 quoque
3733 4979 3860 5019 ver-

2205 5059 2367 5128 bum,
2399 5055 2829 5129 magniﬁcetUr,
2863 5055 2934 5111 ab
2969 5054 3230 5112 humana
3258 5052 3680 5111 consuetudine
3723 5069 3858 5108 mu‘

2205 5151 2432 5203 tuatum
2465 5149 2582 5213 est;
2618 5142 3030 5216 magniﬁcatur
3076 5143 3232 5200 enim
3282 5142 3401 5209 ille,
3427 5142 3532 5216 qui
3578 5140 3861 5198 laudibus

2204 5235 2431 5302 crescit,
2465 5233 2565 5305 qui
2598 5234 2752 5290 bona
2781 5233 3054 5306 opinione
3084 5232 3440 5306 grandescit.

2202 5327 2238 5380 6
2346 5327 2464 5396 Ego
2494 5339 2626 5378 vero
2656 5338 2866 5392 egenus
2895 5332 2949 5379 et
2976 5339 3208 5396 pauper
3243 5328 3296 5387 -:-
3323 5335 3451 5378 sum

2346 5417 2498 5468 Deus
2525 5411 2752 5481 adjuva
2782 5417 2896 5466 me:

2274 5501 2316 5558 C
2345 5502 2571 5574 Egenos
2599 5504 2655 5556 et
2683 5514 2968 5573 pauperes
3016 5517 3116 5557 eos
3165 5500 3449 5567 nominat,
3478 5499 3581 5572 qui
3623 5511 3863 5570 semper

2206 5592 2502 5673 acquirere
2525 5589 2772 5666 gratiam
2797 5591 2895 5651 Dei
2920 5595 3210 5670 exoptant.
3229 5591 3402 5662 Deus,
3422 5589 3636 5665 adjuva
3666 5603 3781 5659 me,
3797 5587 3860 5648 id
