4112 6176
243 288 366 348 265

247 528 503 585 gnamus
536 509 896 566 adversitate.

243 603 281 654 7
391 600 616 672 Adjutor
641 615 793 654 meus
817 607 868 654 et
899 599 1152 654 liberator
1175 613 1324 652 meus
1355 612 1415 652 es
1445 602 1521 652 tu
1550 615 1563 652 :

390 691 641 757 Domine,
671 705 740 743 ne
768 689 1014 744 moreris.

317 779 358 834 C
387 778 632 849 Adjutor
678 793 845 833 meus
893 776 950 832 in
999 775 1472 844 necessitatibus,
1512 780 1576 832 et
1618 776 1690 830 de
1722 774 1923 832 saeculi

245 868 410 922 clade
441 866 732 922 liberator.
765 866 846 921 Ne
879 865 1208 921 tardaveris.
1243 865 1373 920 Mos
1426 869 1528 920 est
1582 863 1921 937 periclitan-

247 957 692 1028 tium,judicare
716 956 948 1010 tardum
972 954 1268 1021 auxilium,
1295 953 1592 1026 quamvis
1617 952 1923 1010 celerrime

244 1051 568 1121 praestetur.
599 1045 863 1100 Christus
911 1045 1062 1100 enim
1109 1047 1456 1100 mensurate
1501 1043 1647 1098 facit
1677 1043 1916 1112 omnia;

243 1137 344 1192 sed
373 1154 476 1192 nos
497 1137 728 1191 tardum
754 1138 1048 1208 putamus,
1071 1133 1225 1205 quod
1253 1149 1483 1204 magno
1517 1131 1814 1188 desiderio
1839 1150 1919 1189 rc-

244 1225 558 1298 quirimus.

718 1357 915 1396 ORATIO
954 1356 1020 1394 EX
1059 1356 1213 1394 PSAL.
1262 1355 1421 1393 LXIX.

314 1457 648 1515 lnexhausti
670 1454 1123 1528 adjutorii,Deus
1137 1459 1384 1520 aeterne,
1410 1454 1484 1509 ad
1510 1455 1910 1524 adjuvandum

240 1548 476 1604 familia:
491 1546 734 1620 supplici
759 1545 1000 1601 festinus
1021 1561 1289 1610 occurre,
1307 1549 1378 1598 ut
1394 1544 1600 1599 evictis
1619 1543 1909 1600 malorum

239 1637 591 1710 opprobriis,
642 1635 757 1690 tuis
805 1651 1032 1707 semper
1081 1632 1332 1688 auxiliis
1385 1631 1752 1688 muniamur.
1805 1634 1912 1689 Per

241 1728 556 1785 Dominum
584 1728 841 1780 nostrum
871 1724 1068 1780 Jesum
1101 1723 1446 1790 Christum,
1476 1726 1584 1776 etc.

806 1875 1115 1932 PSALMUS
1158 1874 1334 1932 LXX.

678 1999 1020 2039 ARGUMENTU
1029 1999 1071 2038 Μ
1113 1999 1284 2038 PSAL.
1335 1997 1464 2037 LXX.

303 2121 350 2176 C
379 2119 504 2174 Vox
533 2119 882 2185 devotorum,
915 2115 1011 2189 qui
1043 2116 1118 2172 ab
1152 2114 1454 2171 humanis
1494 2114 1904 2186 iniquitatibus

229 2228 298 2267 se
322 2213 531 2282 petunt
550 2207 873 2274 liberari,ut
894 2206 1139 2262 Domino
1163 2204 1408 2279 gratias
1430 2203 1670 2260 liberius
1694 2207 1904 2262 referre

229 2299 492 2372 possint.

420 2389 535 2444 TT.
583 2393 636 2452 μέ
693 2387 934 2442 Psalmus
993 2383 1182 2440 David
1245 2372 1503 2455 ﬁliorum
1553 2384 1796 2441 Ionadab
1853 2394 1904 2440 et

486 2478 733 2549 priorum
761 2478 1096 2548 captivorum
1142 2481 1156 2542 ζ

303 2567 351 2624 C
377 2566 1090 2638 Jonadab,interpretatur
1119 2569 1470 2637 span-laneus
1500 2564 1599 2618 Dei
1623 2589 1636 2630 ;
1668 2563 1768 2636 qui
1793 2563 1901 2618 fuit

224 2658 337 2712 Dei
369 2656 662 2722 sacerdos,
693 2659 746 2711 et
773 2654 1041 2727 praecepit
1093 2652 1238 2708 ﬁliis
1293 2651 1422 2707 suis
1462 2651 1519 2705 in
1553 2651 1651 2708 Dei
1683 2653 1898 2726 templo

224 2748 470 2818 degere,
503 2759 571 2800 ac
598 2743 779 2800 sobrie
810 2743 1021 2799 servire
1054 2743 1190 2814 (Jer.
1226 2739 1427 2810 xxxv),
1463 2742 1616 2812 quod
1647 2759 1746 2798 eos
1768 2759 1900 2798 con-

221 2839 353 2891 stat
384 2833 614 2897 fecisse,
647 2833 743 2905 qui
795 2849 946 2887 nunc
995 2848 1101 2904 pro
1160 2828 1446 2886 fidelibus
1478 2835 1794 2902 ponuntur.
1829 2833 1899 2888 Et

224 2922 501 2995 priorum
536 2920 924 2992 captivorum;
959 2920 1062 2992 qui
1103 2919 1452 2990 frequenter
1499 2919 1800 2988 admoniti,
1835 2937 1896 2978 se

224 3010 554 3074 emendarr
593 3007 917 3076 noluerunt,
949 3009 1053 3064 sed
1109 3011 1495 3063 contumaces
1541 3009 1726 3065 eﬁ‘ecti
1757 3015 1892 3082 Deo,

224 3100 462 3172 primae,
497 3099 758 3153 secunde
789 3103 843 3153 et
873 3098 1055 3154 tertiae
1107 3095 1439 3168 captivitati
1490 3097 1891 3169 subjacebant.

1455 284 1906 347 EXPOSITIO
1953 287 2475 356 PSALMORUM.

245 429 337 478 est
368 423 429 478 in
460 417 834 476 tribulatione
866 415 1283 487 mundana,ubi
1315 431 1458 470 cum
1495 418 1792 474 vitiorum
1822 436 1928 492 pu-
1955 420 2012 488 Α
2043 422 2074 475 4

3579 304 3700 364 266

2187 424 2453 491 Quoniam
2481 429 2890 499 ﬁrmamentum
2917 448 3097 488 meum
3128 451 3148 490 :

2182 514 2248 570 Et
2277 519 2556 588 refugium
2582 536 2762 576 meum
2792 538 2847 578 es
2878 529 2956 578 tu.

2111 619 2152 676 C
2186 622 2649 682 Firmamentum
2669 627 2726 682 in
2759 628 2867 684 hoc
2898 628 3110 684 saeculo
3142 628 3428 690 Dominus
3454 633 3694 706 dicitur,

2039 709 2138 764 ubi
2159 713 2214 764 et
2231 711 2510 782 patientia
2542 716 2840 786 quaeritur.
2876 717 3186 790 Refugium
3217 718 3276 775 in
3310 719 3410 776 illa
3440 723 3692 782 beatitu-

2036 796 2190 866 dine,
2227 800 2323 854 ubi
2349 802 2476 873 jam
2505 803 2742 876 aliquod
2774 805 3098 878 periculum
3131 823 3246 864 non
3278 809 3536 868 timetur.

2033 887 2070 942 5
2179 889 2316 944 Deus
2345 908 2514 962 meus,
2546 896 2696 966 eripe
2720 911 2806 951 me
2833 895 2898 951 de
2927 912 3102 951 manu
3124 900 3425 968 peccatoris
3453 918 3474 954 :

2175 978 2240 1032 Et
2269 979 2333 1035 de
2359 997 2532 1036 manu
2561 993 2752 1040 contra
2783 986 2951 1056 legem
2978 987 3187 1054 agentis
3215 994 3268 1043 et
3302 989 3506 1061 iniqui.

2103 1067 2143 1122 C
2173 1068 2385 1123 Contra
2415 1069 2605 1144 legem
2639 1075 2758 1146 agit
2788 1072 2909 1145 qui,
2935 1078 3170 1146 accepta
3198 1075 3343 1149 lege,
3378 1078 3518 1134 facit
3549 1095 3689 1136 con-

2030 1162 2120 1212 tra
2141 1157 2373 1230 regulas
2407 1163 2845 1229 mandatorum,
2871 1167 2936 1218 ut
2957 1169 3096 1219 sunt
3115 1165 3320 1222 Judzei.
3336 1168 3530 1240 Iniqui
3555 1184 3690 1224 vero

2029 1251 2168 1302 sunt
2200 1249 2434 1320 pagani,
2468 1251 2573 1320 qui
2622 1251 2786 1306 nulla
2833 1251 2959 1325 lege
3006 1253 3240 1312 Domini
3291 1256 3688 1326 refrenantur,

2027 1336 2128 1392 sed
2158 1352 2317 1391 more
2348 1337 2607 1394 ferarum
2633 1341 2854 1395 faciunt
2881 1342 3273 1417 quodcunque
3302 1345 3544 1402 libuerit
3569 1365 3583 1416 ;
3606 1346 3691 1404 sic

2025 1441 2258 1481 omnem
2291 1431 2660 1498 peccatorem
2691 1429 2925 1486 duabus
2970 1429 3062 1486 his
3095 1434 3363 1506 partibus
3397 1436 3693 1510 complec-

2023 1514 2186 1571 titur.

2017 1633 2052 1685 6
2167 1633 2436 1699 Quoniam
2473 1640 2535 1688 tu
2565 1650 2620 1689 es
2648 1635 2914 1705 patientia
2942 1653 3084 1709 mea,
3118 1642 3353 1697 Domine
3385 1659 3400 1697 :

2163 1722 2409 1786 Domine,
2444 1738 2570 1793 spes
2597 1739 2720 1778 mea
2749 1741 2783 1778 a
2803 1725 3086 1795 juventute
3114 1745 3256 1785 mea.

1939 1802 1986 1866 Β
2155 1826 2322 1917 Prius
2343 1827 2510 1882 enim
2538 1831 2628 1885 est
2650 1832 2717 1884 ut
2737 1845 2867 1887 cum
2900 1831 2996 1889 Dei
3028 1835 3218 1906 gratia
3248 1837 3578 1910 probemur
3595 1859 3702 1917 per

2017 1914 2382 1989 patientiam,
2400 1919 2462 1970 et
2492 1921 2638 1972 tunc
2673 1917 2832 1975 illam
2866 1921 3226 1981 fructuosam
3259 1943 3428 1999 spem
3448 1929 3580 2002 ipso
3596 1914 3700 1990 do-

2017 2008 2192 2060 nante
2242 2004 2465 2060 habere
2523 2007 2904 2077 merebimur,
2935 2012 3004 2067 de
3049 2029 3166 2084 qua
3211 2015 3292 2070 ait
3317 2018 3692 2090 Apostolus:

2015 2093 2340 2150 Tribulatio
2393 2095 2746 2165 patientiam
2795 2104 3087 2171 Operatur,
3138 2103 3424 2174 patientia
3475 2112 3690 2181 proba-

2012 2184 2252 2250 tionem,
2290 2182 2565 2255 probatio
2593 2202 2756 2257 spem
2795 2189 2965 2257 (Rom.
2989 2189 3068 2258 v).
3099 2193 3144 2247 A
3166 2193 3478 2263 juventute
3510 2199 3691 2272 signi-

2013 2273 2167 2339 ﬁcat,
2199 2289 2270 2328 ex
2299 2287 2414 2342 quo
2461 2274 2702 2346 cmperit
2749 2275 2923 2334 homo
2973 2283 3174 2335 contra
3220 2282 3522 2342 diabolum
3575 2304 3686 2360 pu-

2011 2378 2212 2434 gnare,
2249 2361 2387 2433 quia
2418 2363 2560 2418 astas
2589 2363 2691 2419 illa
2721 2365 2794 2420 ad
2845 2372 3140 2424 certamen
3191 2371 3506 2446 dirigitur;
3542 2393 3680 2435 nam

2012 2466 2366 2523 quocunque
2397 2455 2662 2524 tempore
2695 2455 2766 2510 ad
2798 2454 2994 2528 ipsum
3028 2458 3314 2531 veniatur,
3348 2464 3679 2536 meritoju-

2009 2545 2219 2596 ventus
2252 2539 2487 2609 dicitur,
2510 2541 2648 2614 quia
2673 2547 2812 2599 tunc
2844 2544 2901 2599 in
2934 2545 3060 2618 ipso
3091 2547 3434 2618 plenissimo
3467 2553 3676 2612 robore

2011 2629 2352 2687 solidamur.

2006 2750 2041 2766 α

2015 2750 2041 2801 7
2150 2748 2212 2802 1η
2240 2755 2292 2801 te
2319 2749 2669 2818 conﬁrmatus
2699 2765 2819 2804 sum
2849 2764 2918 2804 ex
2948 2756 3097 2806 utero
3127 2769 3149 2805 .·

2148 2839 2225 2892 De
2254 2843 2434 2891 ventre
2462 2839 2659 2892 matris
2687 2853 2821 2892 mete
2848 2845 2905 2893 tu
2936 2854 2989 2894 es
3011 2847 3284 2909 protector
3311 2859 3482 2900 meus.

2078 2945 2119 3000 C
2148 2943 2310 2999 Tunc
2329 2941 2485 2998 enim
2507 2943 2872 2998 conﬁrmatio
2897 2947 3099 2999 nostra
3118 2950 3208 3002 est
3231 2947 3406 3015 Deus,
3427 2953 3666 3021 quando

2007 3034 2080 3090 ad
2111 3049 2245 3090 eum
2279 3030 2412 3086 ﬁdei
2445 3047 2688 3087 munere
2715 3031 3004 3088 venimus.
3030 3032 3344 3106 Protector,
3383 3038 3665 3108 quoniam

2009 3124 2287 3179 adversus
2319 3119 2533 3175 diaboli
2563 3121 2855 3193 nequitias
2888 3121 3011 3193 ipse
3044 3139 3152 3178 nos
3184 3125 3438 3198 protegit
3464 3143 3532 3183 ac
3563 3129 3668 3185 de-

229 3189 555 3279 mum
581 3203 711 3259 ergo
731 3187 846 3279 ise
873 3186 1063 3279 ιίιυιρ,
1090 3185 1514 3279 υμιπψεειηιυε
1539 3186 1891 3245 voluntatem
1927 3173 1970 3240 α
2009 3173 3668 3279 tua;senatustua;negasset;agat.

229 3283 292 3334 et
314 3277 685 3332 devotionem
717 3277 968 3332 ﬁliorum
999 3275 1292 3344 Jonadab,
1319 3290 1436 3329 non
1468 3279 1897 3334 contumaciam

224 3367 605 3432 Judaeorum,
636 3366 732 3437 qui
764 3367 973 3438 captivi
1005 3382 1134 3422 esse
1167 3368 1533 3420 meruerunt.
1701 3421 1704 3424 ,

224 3461 252 3514 1
369 3459 436 3513 In
457 3464 529 3521 te,
545 3457 786 3526 Domine,
799 3456 1018 3527 speravi
1045 3472 1156 3511 non
1177 3451 1496 3524 confundor
1515 3455 1575 3508 in
1593 3463 1863 3513 aeternum
1880 3480 1899 3519 .-

366 3547 433 3601 In
457 3545 681 3617 justitia
712 3552 804 3600 tua
835 3545 1011 3600 libera
1039 3560 1128 3600 me
1156 3551 1207 3600 et
1237 3544 1389 3615 eripe
1419 3559 1521 3598 me.

297 3635 343 3690 H
379 3634 523 3690 Orat
568 3649 702 3706 ergo
750 3633 1038 3690 mediator
1085 3637 1306 3700 noster,
1341 3635 1406 3686 ut
1448 3631 1569 3689 haec
1624 3636 1895 3694 confusio

225 3723 438 3780 mortis
483 3738 599 3778 non
632 3722 705 3777 sit
735 3723 821 3794 (ut
851 3726 1193 3778 caeterorum
1225 3720 1558 3793 hominum)
1596 3723 1896 3781 diuturna.

221 3812 467 3869 Justitia
493 3811 588 3866 Dei
609 3813 718 3879 est,
741 3811 841 3882 qui
868 3811 1067 3867 fecerit
1098 3810 1460 3866 voluntatem
1484 3813 1613 3883 ejus
1637 3818 1903 3877 transeat

222 3905 293 3958 de
326 3905 520 3957 morte
553 3900 623 3954 ad
663 3899 864 3966 vitam,
900 3917 1003 3972 per
1053 3915 1232 3972 quam
1286 3897 1385 3953 hic
1439 3898 1707 3959 Christus
1755 3905 1898 3976 erip,

222 3995 523 4064 precatur.
551 3989 593 4044 C
623 3988 722 4044 Vel
754 3989 1155 4045 membrorum
1191 3987 1413 4043 Christi
1450 4005 1558 4045 vox
1590 3997 1678 4046 est
1707 3975 1901 4071 peten:

221 4078 530 4146 tium,etsi
552 4077 645 4133 hic
667 4076 1065 4150 temporaliter
1085 4081 1142 4134 et
1173 4076 1400 4132 utiliter
1435 4079 1895 4158 confundantur.

224 4185 344 4224 non
382 4173 580 4222 tamen
613 4165 670 4221 in
703 4169 984 4222 aeternum
1036 4166 1340 4223 confundi.
1375 4167 1445 4222 Et
1477 4169 1628 4239 quod
1661 4170 1805 4229 dicit
1843 4171 1900 4227 in

226 4265 330 4312 tua
352 4255 616 4327 justitia,
649 4255 905 4311 ostendit
930 4255 1423 4329 suamjustitiam
1456 4273 1570 4312 non
1605 4259 1896 4327 sufﬁcere,

225 4347 332 4403 sed
369 4345 763 4401 necessariam
795 4361 923 4401 esse
968 4346 1078 4401 sibi
1131 4345 1618 4404 misericordiam.
1653 4348 1901 4405 Justitia

228 4435 335 4491 Dei
367 4438 476 4502 est,
510 4449 746 4506 parcere
777 4433 1101 4506 pamitenti.

227 4527 264 4577 2
378 4523 600 4579 lnclina
628 4521 698 4577 ad
721 4539 808 4578 me
835 4539 1025 4579 aurem
1052 4527 1223 4580 tuam.

378 4614 443 4667 Et
475 4612 628 4667 salva
651 4627 756 4668 me.

307 4701 353 4758 Η
383 4705 576 4758 Aures
609 4700 840 4757 Domini
893 4701 1190 4769 dicuntur,
1226 4703 1462 4773 quando
1506 4705 1776 4761 exaudire
1807 4705 1893 4761 di-

235 4795 456 4864 gnatur
502 4789 812 4859 humilem,
843 4791 1238 4863 postulantem
1270 4791 1500 4847 veniam
1534 4811 1636 4865 pro
1667 4794 1892 4851 delictis

235 4899 384 4937 SUIS.

233 4973 267 5025 3
376 4972 507 5026 Esto
539 4971 681 5026 mihi
710 4972 770 5025 in
801 4971 967 5027 Deum
1011 4977 1362 5042 protectorem
1389 4974 1441 5025 et
1472 4970 1529 5025 in
1562 4969 1735 5026 locum
1764 4990 1891 5028 mu-

451 5063 635 5116 nitum
659 5078 678 5116 :

380 5152 447 5208 Ut
478 5150 693 5206 salvum
724 5166 807 5206 me
835 5151 1026 5221 facias.

308 5241 349 5296 ll
387 5239 524 5296 Esto
559 5237 705 5294 mihi
750 5239 810 5294 in
842 5239 1026 5295 Deum
1059 5242 1466 5312 protectorem,
1501 5239 1640 5311 quia
1673 5241 1895 5315 absque

243 5347 304 5384 eo
328 5346 521 5402 neque
551 5328 869 5401 refugium,
894 5344 1082 5399 neque
1113 5327 1382 5396 munitio,
1402 5345 1588 5400 neque
1617 5333 1895 5401 proiectio

243 5436 272 5474 a
293 5435 598 5492 quoquam
632 5417 891 5490 praestari
924 5421 1132 5489 potest.
1165 5418 1276 5473 Nec
1312 5417 1438 5473 ideo
1487 5418 1702 5474 dicitur
1735 5419 1897 5479 locus

245 5509 530 5575 munitus,
559 5512 627 5564 ut
653 5507 730 5562 sit
758 5505 984 5577 localis,
1019 5505 1156 5578 quia
1183 5505 1399 5579 ubique
1431 5507 1714 5566 Dominus
1736 5512 1898 5571 est.C

245 5599 349 5658 Sed
382 5598 550 5658 locus
581 5598 692 5654 iste
722 5597 919 5654 divina
944 5597 1223 5671 protectio
1249 5601 1356 5656 est.

560 5726 826 5792 PATROL.
873 5724 1105 5790 CXLII.

2011 3302 2291 3374 aecipere,
2335 3298 2433 3353 ubi
2483 3298 2740 3371 primum
2790 3316 2895 3372 per
2944 3297 3281 3358 rudimenta
3336 3302 3470 3359 ﬁdei
3527 3321 3666 3364 con-

2011 3391 2282 3463 cipimur,
2312 3387 2519 3444 deinde
2550 3405 2619 3444 ex
2650 3406 2804 3461 aqua
2833 3393 2887 3445 et
2915 3388 3137 3462 Spiritu
3169 3396 3372 3450 sancto
3417 3408 3668 3468 regene-

2010 3497 2232 3536 ramur.

2010 3589 2044 3641 8
2151 3589 2211 3643 In
2245 3593 2294 3640 te
2321 3584 2555 3640 cantatio
2583 3600 2705 3640 mea
2732 3601 2942 3657 semper
2970 3603 2991 3639 ,ο

2156 3676 2432 3746 Tanquam
2458 3672 2772 3745 prodigium
2800 3676 2979 3746 factus
3008 3692 3130 3732 sum
3160 3677 3372 3746 multis,
3404 3682 3458 3735 et
3478 3686 3537 3736 tu
3561 3680 3660 3737 ad-

2213 3765 2368 3837 jutor
2395 3765 2575 3834 fortis.

2081 3872 2122 3927 C
2152 3869 2456 3942 Signiﬁcat
2475 3868 2631 3924 enim
2655 3870 2906 3926 cantatio
2931 3888 3182 3944 semper,
3207 3877 3263 3929 et
3286 3891 3540 3946 praesens
3561 3893 3660 3931 saa-

2011 3960 2208 4018 culum
2237 3963 2293 4014 et
2317 3960 2604 4026 futurum,
2625 3958 2720 4014 hic
2749 3959 2908 4014 enim
2932 3959 3016 4015 illi
3039 3979 3143 4033 pro
3164 3961 3506 4020 liberatione
3526 3981 3658 4020 can-

2008 4055 2225 4116 tamus,
2245 4048 2324 4102 ibi
2355 4052 2550 4103 autem
2581 4048 2798 4120 gratias
2823 4064 2924 4120 pro
2956 4053 3171 4105 {eterna
3192 4051 3658 4108 remuneratione

2010 4137 2365 4211 peregimus.
2403 4135 2732 4208 Prodigium
2769 4136 2826 4191 in
2871 4136 2980 4193 hoc
3029 4137 3240 4195 saeculo
3287 4138 3397 4194 erit
3444 4138 3656 4206 ﬁdelis,

2008 4229 2242 4301 quando
2266 4225 2383 4281 alia
2405 4229 2660 4280 sectatur
2686 4242 2863 4297 quam
2892 4242 3089 4282 amare
3118 4231 3308 4300 potest
3339 4227 3657 4284 multitudo

2008 4317 2416 4390 peccantium;
2459 4319 2726 4386 quaerunt
2773 4319 3104 4387 peccatores
3149 4315 3402 4383 divitias,
3454 4315 3656 4373 ﬁdeles

2010 4406 2347 4480 pauperiem
2375 4423 2388 4472 ;
2422 4410 2692 4475 quaerunt
2717 4409 3050 4477 peccatores
3080 4404 3308 4478 epulas,
3331 4406 3480 4478 justi
3503 4407 3658 4478 jeju-

2009 4496 2108 4552 nia
2132 4514 2145 4563 ;
2178 4498 2448 4567 quaerunt
2471 4493 2722 4565 denique
2743 4492 2827 4549 illi
2850 4493 3086 4566 gaudia,
3110 4495 3207 4550 isti
3229 4493 3551 4551 tristitiam.
3571 4494 3655 4551 Ne

2003 4589 2196 4641 autem
2229 4585 2517 4640 bonorum
2542 4583 2812 4639 semitam
2833 4584 2917 4640 ire
2949 4584 3127 4640 nimis
3151 4582 3387 4642 difﬁcile
3411 4583 3657 4641 aestime-

2003 4681 2120 4741 tur,
2153 4673 2335 4743 addit,
2369 4677 2425 4729 et
2449 4677 2509 4728 tu
2543 4673 2776 4744 adjutor
2804 4673 2990 4730 fortis.

2003 4783 2038 4836 9
2147 4781 2439 4854 Repleatur
2467 4797 2523 4837 os
2553 4796 2733 4836 meum
2767 4781 2926 4836 laude

2142 4877 2196 4935 -ξ
2248 4871 2312 4927 Ut
2329 4877 2538 4925 cantem
2572 4871 2806 4940 gloriam
2839 4875 3046 4934 tuam—5
3091 4877 3201 4925 tota
3218 4868 3655 4940 diemagnitudi~

2215 4976 2336 5016 nem
2371 4967 2539 5014 tuam.

2073 5068 2114 5122 C
2147 5066 2292 5122 Nam
2329 5066 2378 5122 si
2411 5065 2676 5120 Christus
2724 5082 2838 5120 non
2887 5062 3106 5138 repleat
3131 5083 3196 5123 os
3227 5070 3516 5137 nostrum,
3549 5082 3655 5124 nec

2004 5158 2206 5230 lingua
2220 5160 2502 5222 movetur,
2526 5172 2626 5210 nec
2646 5154 2934 5210 desideria
2945 5155 3190 5214 honesta
3210 5155 3656 5214 inﬂammantur

2005 5252 2225 5303 nostra.
2258 5248 2400 5299 Cum
2448 5259 2580 5299 vero
2627 5242 2810 5315 ponit,
2843 5247 2963 5298 tota
3011 5244 3125 5317 die,
3160 5244 3452 5318 signiﬁcat
3482 5260 3655 5302 omne

2005 5341 2260 5408 tempus,
2293 5336 2349 5388 et
2380 5348 2684 5403 nunquam
2729 5349 2763 5386 a
2810 5331 3084 5390 laudibus
3131 5333 3362 5390 Domini
3413 5350 3654 5392 cessan-

2005 5426 2170 5481 dum.
2194 5422 2381 5478 Causa
2409 5420 2587 5494 igitur
2617 5437 2720 5476 cur
2747 5425 2906 5493 petat
2937 5439 3004 5478 os
3033 5423 3263 5497 repleri,
3297 5427 3406 5491 est,
3431 5427 3498 5480 ut
3517 5441 3654 5482 can-

2005 5519 2088 5570 tet
2116 5512 2216 5570 Dei
2246 5510 2659 5587 gloriam,sine
2681 5511 2809 5585 ejus
2834 5512 3021 5587 gratia
3051 5529 3254 5571 omnes
3280 5513 3486 5571 laudes
3508 5514 3661 5578 indi-

2009 5621 2134 5684 gnae
2165 5606 2323 5661 sunt.

3296 5731 3334 5810 9
