4054 6168
3715 356 3842 418 268

2098 497 2153 564 Α
2183 493 2396 566 adjecit
2434 492 2740 550 cumulum
2770 491 3048 549 laudibus
3075 490 3316 564 plenum
3342 507 3357 560 ;
3387 488 3470 546 ita
3499 487 3628 546 laus
3659 503 3845 564 super

2189 583 2425 640 laudem
2455 583 2750 655 adjicitur.

2193 673 2260 728 16
2333 673 2402 728 0s
2430 689 2613 729 nicum
2640 670 3000 729 annuntiabit
3017 669 3302 743 justitiam
3328 675 3500 727 tuam.

2340 763 2465 818 Tota
2493 762 2580 818 die
2608 763 2852 818 salutare
2880 769 3056 817 tuum.

421 340 544 428 Ξ(ῗῖ
1356 364 1420 424 S.
1468 363 1862 426 BRUNONIS
1906 361 2528 425 HERBIPOLENSIS
2571 361 2950 424 EPISCOPI.

430 499 499 557 10
569 502 652 558 Ne
674 495 935 571 projicias
966 511 1053 551 me
1078 497 1140 551 in
1168 502 1404 567 tempore
1430 497 1719 552 senectutis
1747 513 1768 551 .-

573 589 711 646 Gum
737 587 948 659 deﬁciet
975 587 1150 641 virtus
1175 599 1298 641 mea
1325 601 1396 641 ne
1425 583 1782 658 derelinquas
1810 600 1916 641 me.

501 681 542 734 Ο
569 676 874 751 Supplicat
911 674 1101 731 fidelis
1131 690 1205 730 ne
1234 674 1575 747 projiciatur
1603 673 1665 729 in
1695 679 1959 747 tempore
1988 681 2078 730 se-

433 766 684 825 nectutis
705 781 822 823 ειιεε
845 780 879 820 a
898 763 1034 833 Deo,
1061 763 1295 835 quando
1319 763 1473 818 fessa
1491 763 1679 820 virtus
1700 763 1959 836 corporis
1989 761 2081 818 sui

435 855 569 930 plus
598 855 822 927 indiget
850 852 1314 924 adjuvari.Tunc
1341 869 1574 925 quoque
1589 869 1652 908 se
1674 853 1819 925 petit
1850 869 1965 908 non
1984 852 2085 907 de-

435 945 572 1002 bere
606 941 952 1015 derelinqui,
975 957 1108 998 cum
1135 941 1411 997 defecerit
1438 941 1624 998 virtus
1650 941 1964 1014 patientiae,
1997 938 2086 996 vel

436 1032 726 1090 mollescit
740 1032 852 1088 sub
878 1047 1054 1088 onere
1079 1029 1499 1097 tribulationis,
1522 1031 1663 1088 dum
1693 1029 2087 1086 tribulationi—

436 1122 550 1180 bus
563 1120 784 1178 crebris
796 1125 972 1194 atque
984 1119 1277 1194 martyriis
1291 1120 1468 1177 robur
1481 1120 1688 1176 animus
1702 1118 2086 1186 consenescit,

439 1211 579 1286 quia
607 1226 744 1270 cum
775 1209 1006 1268 Christo
1035 1213 1223 1266 totum
1255 1209 1466 1282 poterit
1487 1209 1794 1279 sustinere,
1819 1207 2091 1280 sineipso

437 1317 574 1359 vero
603 1299 776 1357 nihil.

442 1392 504 1447 11
583 1390 733 1461 Quia
755 1389 1032 1446 dixerunt
1063 1389 1286 1446 inimici
1312 1389 1428 1444 mei
1447 1389 1592 1446 mihi
1624 1405 1638 1444 :

589 1483 654 1537 Et
668 1479 768 1553 qui
779 1478 1178 1537 custodiebant
1195 1479 1459 1536 animam
1477 1495 1660 1535 meam
1689 1477 1990 1535 consilium
2007 1479 2093 1550 fe-

663 1576 870 1626 cerunt
900 1568 960 1624 in
991 1583 1188 1625 unum.

499 1659 558 1714 -C
579 1657 867 1714 Redditur
883 1672 1082 1723 causa,
1097 1672 1202 1714 cur
1221 1656 1290 1712 ad
1314 1656 1777 1712 subveniendum
1795 1654 1982 1730 pietas
1996 1655 2097 1712 Dei

447 1745 656 1803 debeat
685 1745 1003 1818 provocari,
1024 1745 1304 1817 quoniam
1327 1744 1628 1802 debilitate
1645 1749 1896 1818 captata,
1911 1745 2102 1800 fervor

448 1834 862 1891 insidiantium
902 1850 1182 1891 accensus
1213 1838 1321 1901 est,
1353 1835 1495 1890 dum
1526 1835 1774 1891 credunt
1805 1833 1970 1890 facile
1999 1834 2098 1889 de-

448 1920 586 1996 cipi,
611 1940 644 1978 a
673 1939 788 1995 quo
821 1939 934 1978 non
959 1927 1150 1996 potest
1175 1923 1398 1979 viribus
1419 1923 1659 1980 defectis
1681 1923 1920 1980 obviari.
1955 1923 2102 1978 Tru-

449 2010 737 2068 culentior
760 2015 850 2067 est
869 2010 1243 2068 inimicorum
1274 2027 1506 2085 semper
1535 2013 1792 2068 adunata
1821 2010 2101 2080 collectio,

449 2105 508 2158 et
537 2100 690 2174 quod
722 2116 839 2156 non
869 2099 1170 2169 dividitur,
1202 2101 1438 2173 gravius
1468 2118 1585 2158 uno
1617 2102 1774 2157 fasce
1815 2105 2101 2174 portatur.

453 2189 652 2248 Innuit
671 2205 808 2262 ergo
830 2206 946 2246 non
969 2189 1123 2246 leves
1147 2205 1277 2246 esse
1298 2189 1592 2246 inimicos.
1610 2189 1953 2262 Cujusmodi
1969 2205 2104 2246 vero

453 2277 765 2338 consilium
799 2277 1058 2346 inierint,
1092 2283 1408 2351 sequenter
1434 2279 1640 2352 aperit.

454 2368 525 2425 12
595 2368 888 2428 Dicentes:
910 2369 1058 2424 Deus
1085 2368 1394 2441 dereliquit
1425 2385 1588 2424 eum:
1621 2368 2032 2442 persequimini
2050 2377 2104 2425 et

665 2457 1143 2528 comprehendite
1171 2473 1303 2514 eum

597 2547 750 2618 Quia
769 2562 891 2604 non
921 2556 1002 2604 est
1034 2547 1134 2620 qui
1161 2546 1396 2617 eripiat.

527 2637 570 2693 C
601 2637 809 2692 Hostes
840 2635 997 2692 enim
1028 2635 1291 2692 carnales
1316 2654 1329 2705 ;
1363 2652 1496 2692 cum
1527 2636 1779 2692 viderint
1807 2635 2106 2692 hominem

459 2725 661 2782 crebra
708 2723 1041 2781 calamitate
1091 2724 1424 2798 fatigatum,
1457 2726 1702 2781 credunt
1747 2742 1882 2780 eum
1927 2743 1962 2780 a
1997 2730 2107 2781 Deo

459 2812 826 2871 derelictum.
861 2813 969 2880 Qui
1017 2813 1276 2870 divinam
1324 2814 1572 2887 gratiam
1623 2818 1834 2887 putant
1876 2815 1936 2870 in
1967 2813 2108 2870 solis

461 2902 720 2976 corporis
762 2903 985 2960 viribus
1015 2902 1416 2972 constitutam,
1449 2903 1708 2960 dicentes
1742 2921 1754 2960 :
1789 2903 2112 2976 Dereliquit

459 3008 596 3050 eum
627 2993 804 3062 Deus,
833 2991 1276 3066 persequimini,
1300 2992 1438 3066 quia
1468 2993 1668 3066 fugere
1696 3009 1811 3049 non
1843 2991 2029 3061 valet;
2055 2995 2112 3048 et

461 3081 960 3156 comprehendite,
1008 3081 1148 3156 quia
1195 3081 1365 3137 nobis
1411 3081 1680 3138 reluctari
1733 3099 1849 3139 non
1898 3080 2113 3156 poterit

460 3171 921 3231 violentissimis.

467 3261 536 3318 13
606 3261 772 3328 Deus,
801 3277 874 3318 ne
901 3261 1188 3332 elongeris
1217 3277 1254 3316 a
1283 3278 1376 3320 me
1407 3280 1424 3316 :

608 3351 755 3406 Deus
781 3365 963 3418 meus,
995 3351 1056 3406 in
1086 3350 1374 3407 auxilium
1401 3367 1595 3407 meum
1622 3352 1863 3422 respice.

540 3437 811 3496 Humana
865 3442 1032 3510 putat
1087 3439 1402 3495 inﬁrmitas
1459 3439 1730 3512 elongare
1785 3457 1848 3497 se
1905 3441 2112 3510 Deum,

471 3527 708 3600 quando
756 3527 807 3584 ei
852 3527 1050 3584 venire
1097 3527 1291 3583 tardat
1331 3527 1652 3598 auxilium;
1681 3529 1810 3586 ideo
1848 3529 2010 3604 petit,
2043 3546 2116 3586 ne

467 3616 658 3690 gratia
684 3617 814 3688 ejus
841 3617 914 3673 ab
952 3616 1082 3689 ipsa
1109 3615 1388 3686 discedat,
1419 3621 1476 3672 et
1508 3623 1635 3674 orat
1665 3623 1730 3674 ut
1759 3635 1860 3691 per
1883 3620 2113 3692 adjuto-

467 3704 623 3762 rium
654 3705 776 3773 Dei,
807 3706 859 3762 ei
889 3705 1069 3778 digna
1098 3705 1380 3778 patientia
1410 3705 1722 3764 tribuatur.

470 3795 539 3850 14
613 3795 1053 3867 Confundantur
1080 3805 1136 3852 et
1177 3795 1442 3868 deﬁciant
1488 3796 1860 3854 detrahentes
1907 3798 2116 3856 animae

679 3901 867 3942 inea:

607 3973 966 4044 Operiantur
993 3974 1328 4048 confusione
1355 3985 1410 4032 et
1435 3969 1684 4046 'pudore,
1714 3977 1812 4049 qui
1852 3985 2116 4050 quaerunt

677 4065 843 4122 mala
867 4065 1040 4122 mihi.
1611 4112 1623 4122 .

535 4153 578 4210 C
607 4152 1054 4210 Confundantur
1080 4153 1238 4210 enim
1259 4154 1422 4223 dicit,
1447 4172 1581 4211 cum
1606 4159 1705 4210 tua
1725 4155 1974 4211 viderint
2001 4155 2114 4212 dis-

464 4243 658 4316 posita
713 4259 830 4300 non
889 4243 1124 4300 mutari.
1159 4243 1439 4300 Deﬁciunt
1485 4243 1879 4314 detrahentes,
1919 4245 1979 4302 id
2027 4249 2117 4302 est

467 4331 851 4405 obloquentes
881 4332 1152 4390 inaniter.
1187 4332 1553 4406 Operiantur,
1577 4334 1742 4405 dixit,
1777 4335 1946 4408 quasi
1979 4352 2116 4408 quo-

467 4422 605 4479 dam
624 4421 771 4490 velo,
796 4438 900 4479 seu
923 4422 1272 4480 verecundia
1291 4422 1536 4497 obtegan
1547 4428 1640 4480 tur
1674 4441 1876 4481 eorum
1898 4424 2072 4481 facies
2097 4444 2111 4495 ;

469 4511 627 4584 quod
665 4510 813 4570 solet
849 4511 1077 4568 evenire
1110 4511 1224 4578 his,
1257 4513 1357 4586 qui
1388 4513 1644 4569 actiones
1673 4514 1954 4586 pristinas
1985 4531 2113 4572 me-

469 4599 778 4692 liorevita
823 4601 1233 4692 condemnant.
1265 4601 1420 4692 Mala
1465 4607 1753 4674 quaerunt,
1787 4603 1888 4676 qui
1920 4605 2114 4677 pravis
2151 4627 2197 4692 Β

468 4687 1155 4758 blandimentis,occulto
1185 4690 1442 4760 vulnere,
1473 4695 1698 4748 mentes
1719 4692 1989 4750 videntur
2019 4694 2122 4750 im-

467 4783 686 4854 petere,
714 4775 858 4836 dum
907 4781 1100 4837 carnis
1149 4779 1398 4838 salutem
1433 4781 1682 4838 suadent
1711 4781 1784 4838 ad
1818 4782 2122 4840 interitum

471 4870 708 4928 animae.

469 4961 540 5016 15
612 4965 731 5030 Ego
757 4965 954 5017 autem
982 4977 1212 5032 semper
1233 4963 1480 5032 sperabo
1511 4976 1525 5019 :

611 5051 677 5104 Et
705 5050 982 5120 adjiciam
1007 5066 1187 5120 super
1213 5067 1439 5107 omnem
1469 5051 1699 5107 laudem
1733 5061 1914 5108 tuam.

543 5135 584 5191 C
614 5137 871 5194 Dccursa
900 5141 1305 5196 emendatione
1335 5142 1812 5213 peccantium,ad
1844 5158 2008 5198 suam
2030 5143 2124 5198 de-

469 5225 840 5282 lectationem
871 5227 1210 5302 bonumque
1254 5230 1628 5298 convertitur,
1661 5234 1726 5286 ut
1757 5231 1910 5287 sicut
1934 5231 2017 5287 illi
2050 5231 2122 5288 de

471 5314 664 5372 divina
686 5317 946 5388 potentia
967 5317 1374 5390 despcrabant,
1397 5319 1476 5374 ita
1500 5319 1750 5392 pepulus
1776 5319 1962 5377 ﬁdelis
1995 5337 2121 5394 spe-

472 5421 600 5461 rare
621 5420 683 5461 se
708 5419 942 5478 semper
971 5405 1114 5461 dicit
1145 5405 1204 5460 in
1241 5411 1373 5463 Deo.
1406 5408 1686 5478 Adjiciam
1715 5409 1957 5476 laudem,
1983 5427 2119 5466 nam

471 5509 606 5551 cum
662 5494 796 5568 quis
849 5493 991 5551 dicit
1038 5493 1294 5551 Verbum
1345 5496 1530 5552 Patris
1579 5497 1785 5553 fecisse
1824 5498 2036 5554 coelum
2065 5503 2124 5555 et

470 5588 709 5654 terram,
740 5584 997 5659 perfecta
1037 5585 1342 5642 devotione
1372 5585 1558 5641 Deum
1589 5586 1808 5642 laudat.
1841 5587 1952 5644 Sed
1985 5605 2120 5645 cum

467 5674 1210 5753 adjunxerit,incarnatum
1234 5690 1361 5731 esse
1393 5690 1496 5750 pro
1528 5673 1718 5732 salute
1749 5683 2120 5753 cunctorum,

2265 850 2306 906 C
2336 851 2574 908 Justitia
2605 851 2791 908 Patris
2820 849 3084 907 Salvator
3102 853 3213 916 est,
3234 851 3292 906 et
3320 845 3576 908 salutare
3608 847 3851 914 dicitur,

2196 939 2336 1012 quia
2354 939 2490 996 inde
2511 939 2672 997 salus
2690 939 2918 1012 mundi,
2931 955 3034 1012 per
3047 937 3362 1012 gloriosam
3381 937 3851 994 incarnationem

2197 1029 2481 1102 provenit.
2529 1030 2674 1086 Tota
2715 1029 2828 1098 die,
2880 1026 3226 1084 continuum
3277 1031 3514 1100 tempus
3565 1025 3850 1084 ostendit.

2199 1117 2465 1175 Ostendit
2482 1117 2666 1192 igitur
2683 1135 2746 1174 se
2767 1117 3282 1192 pronuntiaturum
3303 1116 3579 1190 gentibus
3597 1113 3856 1173 Salvato-

2200 1223 2347 1264 rem.
2380 1207 2428 1264 Η
2459 1205 2562 1263 Vel
2593 1207 2652 1263 in
2685 1223 2937 1280 persona
2975 1205 3188 1264 Christi
3219 1205 3452 1280 capitis,
3484 1204 3585 1278 qui
3617 1203 3676 1260 in
3708 1220 3854 1278 apo-

2203 1295 2368 1354 stolis
2399 1313 2463 1353 se
2493 1295 2881 1353 annuntiavit.

2204 1388 2270 1443 17
2345 1385 2626 1456 Quoniam
2655 1402 2770 1444 non
2797 1385 3030 1456 cognovi
3055 1384 3453 1442 litteraturam
3475 1401 3495 1439 :
3526 1382 3783 1442 introibo
3801 1383 3858 1440 in

2211 1457 2236 1476 ’
2416 1475 2734 1546 potentiam
2767 1475 2996 1532 Domini
3026 1490 3040 1530 :

2345 1565 2600 1635 Domine,
2629 1566 2998 1623 memorabor
3017 1563 3264 1636 justitiaz
3292 1571 3407 1622 tua:
3435 1563 3632 1620 solius.

2279 1655 2320 1711 C
2349 1654 2475 1711 Non
2507 1655 2749 1728 cognovi
2779 1653 3188 1722 litteraturam,
3221 1653 3278 1710 id
3310 1658 3402 1710 est
3421 1651 3727 1710 scientiam
3750 1670 3864 1708 saa-

2209 1743 2486 1813 cularem,
2519 1747 2576 1800 et
2603 1743 2998 1817 eloquentiam
3043 1757 3277 1812 vanam,
3308 1741 3482 1799 malis
3511 1740 3744 1799 actibus
3774 1741 3864 1798 in-

2211 1833 2530 1906 quinatam.
2560 1833 2694 1890 Ideo
2725 1833 2976 1889 introibo
3004 1833 3063 1888 in
3085 1830 3407 1906 potentiam
3429 1829 3552 1899 Dei,
3573 1831 3685 1887 hoc
3701 1831 3866 1888 estin

2214 1921 2576 1980 Hierusalem
2626 1921 2943 1980 caelestem.
2977 1923 3143 1978 Tunc
3183 1921 3572 1990 memorabor,
3603 1937 3742 1979 cum
3772 1938 3866 1979 se-

2214 2019 2462 2085 questrat
2491 2027 2675 2086 agnos
2701 2012 2774 2067 ab
2803 2010 2988 2068 haedis
3019 2015 3077 2068 et
3101 2009 3314 2085 impios
3345 2027 3380 2068 a
3406 2009 3701 2068 ﬁdelibus.

2215 2103 2283 2158 18
2355 2103 2517 2168 Deus,
2549 2101 2796 2159 docuisti
2821 2117 2916 2157 me
2943 2117 3018 2157 ea:
3057 2101 3360 2174 juventute
3409 2116 3540 2158 mea
3585 2109 3640 2158 et
3687 2115 3870 2173 usque

2425 2206 2623 2248 nunc:

2359 2281 2748 2337 Pronuntiabo
2777 2279 3076 2337 mirabilia
3101 2287 3223 2336 tua.

2286 2370 2328 2424 C.
2361 2369 2616 2426 Docuisti
2646 2368 3002 2436 autem,sive
3023 2369 3094 2426 ad
3128 2367 3310 2426 libros
3341 2367 3595 2442 pertinet
3617 2368 3871 2437 divinos,

2218 2457 2336 2516 sive
2366 2459 2437 2514 ad
2467 2457 2726 2514 infusam
2759 2457 2986 2515 ccelitus
3015 2457 3212 2514 ﬁdem.
3246 2457 3534 2515 Juventus
3564 2457 3774 2531 incipit
3801 2473 3872 2514 ex

2218 2564 2333 2621 quo
2355 2547 2524 2620 coepit
2545 2547 2719 2604 homo
2741 2547 2814 2602 ad
2836 2545 3091 2604 divinam
3119 2547 3369 2621 gratiam
3401 2547 3722 2621 pervenire.
3747 2545 3876 2603 Uti-

2217 2654 2330 2710 que
2362 2635 2654 2694 mirabilia
2681 2635 2940 2706 fuerunt,
2970 2640 3038 2692 ut
3065 2637 3374 2694 doceretur
3399 2637 3691 2704 indoctus,
3725 2641 3786 2692 et
3805 2653 3876 2693 ex

2215 2727 2436 2800 perfido
2467 2727 2630 2782 ﬁeret
2659 2725 2921 2795 devotus,
2957 2730 3014 2782 et
3041 2741 3109 2782 ex
3143 2729 3448 2798 peccatore
3467 2725 3874 2797 justissimus.

2217 2816 2285 2872 19
2357 2816 2422 2871 Et
2447 2831 2616 2887 usque
2643 2817 2703 2871 in
2729 2823 3000 2871 senectam
3026 2823 3079 2871 et
3102 2817 3321 2872 senium
3352 2831 3366 2870 :

2289 2921 2314 2940 ε’
2360 2905 2498 2961 Deus
2527 2921 2594 2960 ne
2616 2903 2966 2976 derelinquas
2993 2920 3100 2961 me.

2289 2998 2330 3048 C
2359 2993 2526 3066 Apud
2559 2992 2785 3050 Graecos
2835 2993 2949 3049 duo
2999 2992 3241 3049 nomina
3278 2993 3394 3050 ista
3421 2993 3652 3050 diversa
3681 2997 3826 3050 sunt
3857 3011 3872 3050 :

2220 3086 2536 3151 senectam,
2569 3083 2892 3158 gravitatem
2919 3086 3127 3139 vocant
3151 3100 3164 3151 ;
3190 3083 3446 3152 senium,
3478 3085 3708 3140 aetatem
3739 3082 3873 3139 tini-

2219 3171 2678 3230 timam.Latinae
2697 3188 2831 3229 vero
2862 3170 3032 3244 quasi
3058 3169 3238 3228 simili
3261 3172 3501 3229 nomine
3530 3187 3879 3246 nuncupan-

2141 3249 2184 3317 C
2221 3267 2336 3319 tur.
2366 3261 2516 3319 Petit
2553 3261 2751 3334 itaque
2797 3259 3052 3334 populus
3097 3260 3308 3331 ﬁdelis,
3343 3267 3410 3318 ut
3438 3277 3627 3335 neque
3655 3261 3718 3317 in
3749 3277 3878 3317 ma-

2223 3357 2374 3421 tura,
2417 3367 2606 3424 neque
2646 3349 2707 3407 in
2754 3349 2924 3408 senili
2974 3353 3142 3407 aetate
3189 3351 3497 3409 deseratur
3538 3369 3572 3407 a
3600 3351 3878 3408 Domino.

2223 3441 2370 3498 Cum
2400 3439 2556 3498 enim
2588 3457 2622 3497 a
2643 3441 2952 3514 juventute
3001 3457 3063 3496 se
3103 3439 3368 3498 docuerit
3413 3445 3471 3498 et
3509 3440 3877 3508 custodierit,

2223 3531 2367 3604 petit
2397 3531 2457 3586 id
2487 3529 2815 3586 continuari
2844 3529 2906 3585 in
2935 3532 3254 3586 senectute.
3429 3605 3432 3609 ‘

2221 3621 2294 3675 20
2364 3623 2554 3677 Donec
2569 3619 2906 3678 annuntiem
2936 3619 3238 3677 brachium
3268 3627 3432 3676 tuum
3461 3637 3480 3673 :

2367 3708 2735 3766 Generationi
2757 3709 2921 3766 omni
2947 3723 3073 3782 quae
3099 3716 3346 3765 ventura
3372 3717 3478 3764 est.

2295 3797 2337 3853 C
2367 3797 2678 3854 Brachium
2710 3797 2919 3865 Patris,
2951 3796 3218 3854 Salvator
3246 3797 3532 3854 Dominus
3563 3801 3672 3854 est.
3707 3799 3774 3852 Et
3806 3814 3879 3854 ne

2223 3889 2460 3960 putares
2483 3885 2600 3943 illis
2619 3890 2850 3943 tantum
2870 3887 3340 3943 denuntiandum
3359 3885 3539 3944 fuisse
3551 3885 3876 3952 Christum,

2224 3975 2325 4048 qui
2358 3991 2425 4032 eo
2453 3979 2715 4049 tempore
2745 3975 3001 4045 fuerunt,
3033 3991 3170 4032 cum
3201 3974 3300 4032 ille
3344 3990 3450 4048 pro
3481 3975 3650 4032 nobis
3681 3975 3877 4032 incar-

2225 4064 2351 4121 nari
2381 4065 2656 4138 dignatus
2683 4068 2792 4135 est,
2809 4064 3054 4134 addidit,
3073 4081 3202 4138 qua
3221 4068 3467 4121 ventura
3489 4067 3610 4121 est:
3627 4067 3693 4120 ut
3719 4064 3880 4120 hanc

2223 4153 2696 4228 praedicationem
2729 4170 2918 4226 usque
2949 4153 3021 4210 ad
3053 4153 3228 4210 tinem
3265 4151 3463 4211 saeculi
3495 4168 3879 4226 cognosceres

2223 4260 2351 4302 esse
2379 4243 2724 4300 faciendam.
2758 4243 2907 4299 Petit
2938 4259 3074 4316 ergo
3106 4242 3362 4300 Ecclesia
3390 4257 3455 4299 se
3483 4258 3597 4299 non
3623 4240 3878 4298 derelin-

2222 4333 2322 4407 qui
2353 4349 2542 4406 usque
2570 4333 2641 4389 ad
2674 4333 2850 4390 finem
2883 4331 3108 4390 seculi.

2219 4425 2284 4479 21
2361 4423 2683 4480 Potentiam
2701 4430 2863 4479 tuam
2878 4431 2933 4479 et
2941 4421 3238 4493 justitiam
3258 4431 3418 4479 tuam
3447 4424 3600 4479 Deus
3624 4437 3805 4495 usque
3821 4421 3881 4477 in

2432 4514 2718 4570 altissima
2741 4527 2866 4586 qua:
2885 4503 3078 4584 fecisti
3101 4512 3396 4586 magnalia
3421 4529 3442 4568 :

2370 4603 2518 4658 Deus
2547 4602 2678 4674 quis
2705 4601 2924 4658 similis
2954 4601 3109 4658 tibi?

2300 4691 2342 4746 C
2371 4690 2694 4747 Potentiam
2725 4695 2889 4746 tuam
2923 4707 2936 4746 :
2971 4689 3068 4746 hic
3105 4707 3341 4764 quoque
3371 4690 3734 4746 reddendum
3767 4694 3880 4760 est,

2232 4780 2415 4837 donec
2447 4779 2793 4836 annuntiem
2821 4780 3145 4853 potentiam
3169 4785 3356 4846 tuam,
3381 4778 3650 4837 etc.Nam
3682 4785 3888 4853 poten-

2231 4871 2315 4926 tia
2335 4870 2405 4926 ad
2427 4869 2676 4944 gratiam
2699 4869 3124 4927 Incarnationis
3153 4869 3412 4945 respicit.
3435 4869 3679 4926 Justitia
3698 4868 3773 4926 ad
3788 4870 3888 4942 ju-

2231 4959 2449 5016 dicium
2476 4959 2535 5014 in
2558 4975 2674 5032 quo
2695 4960 2878 5016 Adam
2893 4958 3198 5032 judicatus
3217 4963 3326 5029 est,
3351 4959 3410 5016 id
3431 4962 3540 5028 est,
3560 4961 3748 5015 morte
3779 4975 3890 5032 pu-

2230 5049 2392 5106 nitus
2420 5065 2554 5105 cum
2577 5048 2915 5122 posteritate
2945 5065 3072 5106 sua.
3089 5049 3284 5124 Usque
3303 5048 3364 5106 in
3397 5048 3716 5106 altissima:
3741 5047 3891 5122 quia

2229 5142 2383 5195 Deus
2403 5139 2580 5195 homo
2605 5139 2769 5195 sedet
2791 5139 2861 5194 ad
2885 5139 3180 5196 dexteram
3211 5139 3423 5212 Patris,
3443 5153 3700 5212 regnans
3747 5153 3892 5194 cum

2230 5245 2297 5286 eo
2329 5244 2432 5303 per
2459 5228 2691 5284 infinita
2721 5227 2952 5285 saecula.
2983 5228 3338 5303 Magnalia,a
3366 5227 3780 5302 magnitudine
3793 5244 3896 5284 vo—

2231 5322 2440 5374 cantur
2472 5336 2484 5374 :
2519 5317 2796 5390 quoniam
2829 5318 2901 5374 ad
2930 5317 3350 5375 vindicandum
3391 5317 3562 5374 fortis
3591 5321 3681 5374 est
3709 5315 3890 5384 Deus,

2231 5407 2384 5466 sicut
2415 5407 2473 5464 in
2505 5409 2691 5464 Adam
2727 5425 2740 5464 :
2769 5411 2827 5465 et
2856 5409 2930 5464 ad
2960 5407 3331 5466 liberandum
3364 5405 3568 5464 nullus
3590 5405 3641 5462 ei
3669 5405 3895 5462 similis

2231 5497 2708 5565 invenitur,sicut
2735 5497 2793 5554 in
2827 5497 3072 5556 latrone.
3090 5498 3245 5555 Deus
3267 5512 3502 5572 quoque
3523 5495 3583 5552 in
3608 5494 3896 5569 operibus

2231 5587 2356 5644 suis
2387 5587 2758 5662 cognoscitur
2785 5605 2914 5644 esse
2944 5587 3283 5662 singularis,
3315 5586 3447 5644 ideo
3474 5585 3682 5642 subdit
3706 5600 3720 5640 :
3750 5585 3896 5658 quis

2231 5676 2444 5735 similis
2475 5677 2631 5734 tibi?
2661 5677 2813 5756 quod
2846 5694 2980 5734 cum
3012 5676 3400 5736 admiratione
3427 5675 3746 5754 legendum
3772 5678 3895 5736 est.
