4112 6176
149 335 259 396 269

1387 329 1802 399 EXPOSITIO
1848 331 2365 397 PSALMORUM.
3469 333 3546 392 27

144 478 209 530 22
280 470 546 540 Quantas
578 463 868 523 ostendisti
904 464 1049 521 mihi
1095 464 1482 525 tribulationes
1525 463 1734 521 multas
1771 471 1823 521 et
1849 466 1902 533 Α
1934 482 2150 539 semper
2179 466 2662 525 meditationibus
2703 467 2996 535 bonorum
3027 468 3361 535 insinuator
3389 480 3593 531 exerce

344 556 571 615 inulas?
600 563 654 612 et
680 570 973 612 conversus
1001 555 1296 626 viviﬁcasti
1327 571 1412 611 me
1430 572 1450 611 .·

267 652 339 706 Et
366 649 437 706 de
466 648 683 720 abyssi:
711 653 880 703 terra?
909 647 1111 702 iterum
1141 644 1416 701 reduxisti
1441 660 1546 701 me.

198 742 238 798 C
266 741 564 806 Quantas,
594 735 709 793 sub
740 735 1129 793 admiratione
1159 733 1475 808 legendum
1505 736 1619 799 est,
1642 731 1813 804 quasi

138 825 605 889 innumerabiles
622 826 963 898 passiones;
984 824 1124 897 quia
1142 823 1416 879 fidelibus
1432 823 1502 879 ad
1524 838 1810 895 praesens,

135 923 309 979 duras
339 915 766 975 tribulationes
815 914 1095 971 ostendit.
1119 912 1338 969 Multas
1384 929 1540 985 ergo,
1576 911 1811 985 quanti-

134 1015 307 1066 tatem
337 1023 352 1061 :
377 1004 595 1073 malas,
615 1002 838 1058 indicat
857 1000 1585 1074 qualitatem.Conversus,
1606 998 1664 1053 id
1697 1003 1808 1066 est,

134 1096 389 1156 converti
445 1111 544 1150 me
601 1092 824 1161 fecisti;
868 1092 1011 1164 quia
1054 1091 1340 1147 distortus
1398 1091 1622 1146 fueram
1680 1087 1809 1162 lege

134 1188 375 1262 peccati.
401 1184 729 1241 Sciendum
761 1181 969 1254 utique
1000 1184 1108 1248 est,
1136 1180 1294 1236 idem
1319 1180 1531 1236 iterum
1561 1178 1806 1244 dictum,

134 1283 187 1333 ut
213 1275 528 1333 medicina
556 1271 800 1337 Christi,
832 1270 1196 1343 frequentior
1230 1269 1538 1332 indicetur,
1568 1269 1668 1341 qui
1701 1284 1810 1325 nos

130 1368 191 1423 de
214 1365 468 1438 abysso,
496 1363 562 1418 id
592 1365 703 1429 est,
735 1360 810 1416 de
854 1359 1254 1443 profunditate
1295 1362 1665 1431 peccatorum
1707 1375 1811 1431 per

134 1454 350 1511 multas
384 1452 775 1509 remissiones
807 1450 1032 1506 eduxit.

130 1560 192 1614 23
262 1557 660 1630 Multiplicasti
687 1554 1164 1626 magniﬁcentiora
1193 1562 1345 1609 tuam
1376 1571 1393 1608 :

262 1648 335 1704 Et
363 1660 664 1703 comrersus
691 1643 1004 1700 consolatus
1029 1660 1086 1700 es
1110 1659 1215 1699 me.

191 1738 234 1793 C
266 1734 635 1808 Multiplicat
670 1732 1200 1806 magniﬁcentiam,
1229 1732 1465 1805 quando
1504 1731 1674 1787 nobis
1704 1747 1807 1804 per

133 1828 396 1883 diversas
445 1840 664 1896 causas
710 1821 1103 1878 alﬂictionum
1150 1820 1460 1876 subvenire
1507 1821 1803 1894 dignatur.

132 1922 460 1972 Conversus
480 1911 826 1969 consolatus
851 1928 914 1967 es
942 1926 1057 1979 me,
1082 1909 1191 1966 hoc
1214 1914 1325 1977 est,
1354 1914 1608 1966 mentem
1632 1926 1807 1966 sanas

132 2006 380 2061 diversis
411 2002 804 2076 languoribus
846 2000 1173 2056 sauciatam
1210 2018 1222 2055 :
1256 2015 1434 2054 sanas
1463 2015 1596 2056 vero
1641 2016 1807 2054 men-

130 2101 241 2152 tem
278 2093 596 2151 revelando
627 2094 686 2148 et
715 2089 1054 2147 divinarum
1085 2090 1521 2161 Scripturarum
1551 2087 1806 2162 alloquio

129 2182 515 2242 consolando.

127 2294 188 2347 24
267 2293 411 2348 Nam
442 2297 493 2345 et
522 2305 619 2361 ego
651 2287 956 2360 conﬁtebor
980 2287 1084 2342 tibi
1114 2287 1173 2341 in
1203 2286 1347 2342 vasis
1372 2286 1577 2357 psalmi
1604 2288 1805 2343 verita-

346 2389 456 2435 tem
480 2388 655 2446 tuam,
688 2379 833 2433 Deus
865 2395 884 2431 :

270 2469 523 2526 Psallam
556 2467 664 2524 tibi
682 2468 752 2523 in
782 2467 1002 2522 cithara
1027 2470 1249 2521 sanctus
1279 2465 1469 2520 Israel.

192 2564 237 2616 Ο
272 2559 377 2615 Hic
403 2560 530 2631 jam
555 2558 763 2629 justus
794 2555 893 2611 iile
932 2554 1102 2610 laetus
1132 2553 1434 2609 veritatem
1467 2570 1528 2609 se
1558 2554 1807 2627 psallere

131 2648 469 2706 conﬁtetur.
494 2648 559 2704 In
582 2647 761 2715 vasis,
790 2645 838 2701 H
871 2644 983 2701 hoc
1007 2648 1095 2700 est
1122 2644 1178 2698 in
1206 2642 1477 2698 ﬁdelibus
1498 2642 1765 2700 Ecclesiae
1789 2661 1803 2699 :

130 2745 179 2796 et
208 2740 278 2794 in
308 2737 556 2805 cithara,
581 2738 621 2794 C
642 2736 702 2792 id
733 2739 826 2791 est
855 2735 1085 2791 actione
1115 2733 1295 2806 digna
1319 2749 1332 2789 :
1363 2748 1466 2804 per
1484 2732 1803 2804 psalmum,

128 2834 292 2885 recta
322 2828 469 2883 ﬁdes
503 2844 518 2883 :
548 2842 654 2898 per
694 2825 1006 2893 citharam,
1044 2826 1201 2877 recta
1239 2819 1497 2893 operatio
1529 2821 1805 2895 designa-

132 2923 262 2981 tur;
296 2915 437 2990 quia
466 2914 735 2989 psalmus
764 2914 837 2969 de
866 2910 1294 2986 superioribus,
1317 2910 1388 2963 de
1426 2909 1806 2967 inferioribus

129 3007 379 3071 cithara,
430 3004 615 3061 melos
665 3003 736 3059 ad
789 3019 1049 3075 superna
1100 2999 1469 3055 transmittit.
1501 2998 1605 3055 Vel
1665 3018 1807 3057 vasa

130 3095 368 3169 psalmi,
391 3092 655 3167 psalmos
677 3091 818 3149 dicit
838 3091 1011 3164 quasi
1045 3087 1377 3162 spiritualia
1406 3086 1580 3157 dolia,
1596 3091 1806 3146 vinum

127 3185 369 3241 Domini
400 3184 739 3255 incorrupto
778 3196 987 3253 sapore
1018 3177 1331 3234 servantia.
1356 3177 1402 3231 H
1431 3176 1534 3232 Vel
1560 3177 1695 3236 illos
1726 3178 1805 3235 si-

131 3273 511 3348 gniﬁcat,,qui
542 3272 615 3328 de
642 3272 800 3339 vino,
824 3266 1173 3342 evangelicae
1215 3265 1664 3339 apostoliczeque
1692 3270 1799 3325 do-

134 3364 329 3419 ctrina:
366 3379 520 3419 novo
567 3360 794 3434 repleti,
842 3360 903 3415 in
954 3353 1532 3433 psalmisChristum
1580 3357 1800 3414 intelli-

134 3456 281 3527 gunt
308 3456 732 3527 praeconatum.

133 3563 207 3616 25
280 3560 659 3616 Exsultabunt
690 3559 841 3614 labia
869 3574 994 3613 mea
1024 3572 1151 3611 cum
1178 3557 1468 3610 cantavero
1499 3554 1603 3609 tibi
1632 3573 1650 3611 :

282 3652 360 3705 Et
383 3650 578 3704 anima
607 3664 727 3703 mea
756 3664 919 3719 quam
945 3644 1248 3702 redemisti.

212 3743 253 3796 C
282 3739 489 3810 Labia,
512 3755 578 3794 os
608 3736 902 3793 interioris
931 3733 1195 3791 hominis
1239 3730 1378 3787 dicit
1403 3749 1415 3787 :
1445 3731 1619 3789 habet
1648 3734 1805 3790 enim

142 3835 197 3884 et
226 3844 398 3885 mens
426 3842 627 3883 vocem
659 3842 985 3898 suam,qua
1030 3823 1207 3878 tacite
1237 3820 1453 3876 clamat
1494 3821 1565 3877 ad
1608 3822 1808 3879 Domi-

146 3936 283 3975 num
313 3933 518 3973 suum.
543 3915 770 3972 Gaudet
797 3931 935 3988 ergo
966 3913 1167 3970 anima
1192 3927 1464 3982 sua.qu:e
1496 3927 1557 3966 se
1587 3913 1810 3969 redem-

144 4015 305 4080 ptam
339 4022 475 4062 esse
502 4003 797 4078 cognoscit
820 4021 833 4060 :
860 4006 926 4060 ut
946 4001 1105 4060 enim
1128 4001 1200 4056 de
1221 3999 1396 4057 labiis
1418 3999 1623 4056 animae
1645 4001 1811 4058 intel-

138 4094 384 4170 ‘ligeres,
409 4093 622 4165 adjecit
651 4096 707 4148 et
736 4092 937 4150 anima
967 4106 1119 4156 mea,
1154 4091 1262 4145 etc.

140 4203 213 4255 26
286 4199 400 4257 Sed
427 4203 483 4255 et
506 4200 698 4270 lingua
727 4216 853 4256 mea
882 4182 993 4256 tota
1030 4197 1121 4255 die
1160 4194 1518 4253 meditabitur
1535 4196 1812 4269 justitiam

369 4298 526 4345 tuam
556 4307 576 4344 :

293 4380 434 4436 Cum
453 4379 671 4450 confusi
690 4383 742 4436 et
766 4378 993 4436 reucriti
1019 4376 1235 4450 fuerint
1261 4377 1361 4448 qui
1380 4383 1637 4449 quwrunt
1663 4377 1815 4433 mala

366 4468 532 4524 mihi.

219 4563 263 4616 C
292 4556 676 4615 Meditabitur
722 4561 858 4614 tunc
910 4556 1115 4631 lingua
1169 4555 1374 4612 laudes
1430 4555 1661 4612 Domini
1710 4573 1813 4628 per

150 4666 329 4705 omne
358 4652 617 4721 tempus,
632 4645 865 4722 quando
895 4664 1142 4720 regnum
1176 4647 1306 4718 ejus
1336 4645 1397 4700 in
1425 4644 1525 4700 illa
1548 4661 1809 4701 resurre-

152 4738 348 4795 ctione
386 4737 730 4811 perceperit.
762 4736 1004 4793 Duobus
1047 4735 1239 4792 modis
1285 4734 1728 4791 confunduntur
1758 4738 1815 4789 et

154 4831 502 4884 reverentur
554 4825 792 4895 inimici,
818 4826 1050 4899 quando
1108 4828 1210 4882 aut
1266 4823 1357 4879 hic
1416 4823 1814 4896 pmnitentiam

156 4920 389 4991 gerunt,
416 4920 521 4971 aut
573 4917 722 4972 certe
776 4915 835 4971 in
889 4915 1140 4971 adventu
1189 4913 1314 4979 Dei,
1345 4913 1485 4968 dum
1539 4912 1641 4967 illa
1695 4912 1818 4968 suis

159 5005 343 5063 oculis
376 5002 693 5062 manifesta
738 5003 955 5070 vident,
981 5020 1109 5076 qua;
1143 5003 1262 5059 ﬁeri
1317 5019 1432 5057 non
1483 5002 1817 5058 credebant.

162 5094 321 5151 Tunc
352 5110 497 5168 ergo
530 5109 748 5149 securas
780 5088 1191 5150 exsultationis
1214 5096 1447 5163 tempus
1473 5095 1561 5147 est
1583 5090 1821 5162 sanctis,

172 5184 400 5257 quando
425 5186 554 5256 jam
585 5181 777 5238 locum
809 5181 1228 5238 dominationis
1258 5181 1424 5254 impii
1477 5198 1593 5237 non
1643 5180 1820 5237 habe-

174 5271 333 5330 bunt.

604 5388 607 5391 '
651 5377 856 5418 ORATIO
893 5377 964 5417 EX
1011 5377 1169 5416 PSAL.
1213 5376 1340 5415 LXX.

232 5468 457 5526 Excelsi
487 5467 647 5536 solii,
674 5472 948 5543 regnator
973 5468 1278 5533 immense,
1302 5466 1403 5539 qui
1435 5468 1738 5539 sperantes
1761 5466 1819 5521 in

174 5562 241 5623 te,
258 5557 537 5615 damnari
575 5560 794 5615 interna
829 5555 1171 5614 confusione
1202 5573 1317 5612 non
1349 5556 1565 5627 pateris
1596 5572 1610 5612 :
1642 5554 1820 5628 reple,

178 5663 535 5726 quaesumus,
568 5645 727 5705 labia
772 5650 974 5706 nostra
1023 5645 1194 5704 laude
1224 5650 1345 5716 tua,
1378 5649 1436 5703 et
1474 5644 1537 5702 in
1577 5645 1669 5702 his
1717 5662 1823 5704 nos

1924 555 2032 611 Per
2067 557 2379 613 Dominum
2410 561 2681 614 nostrum
2710 557 2916 616 Jesum
2946 558 3268 627 Christum,
3302 561 3408 613 etc.

2479 664 2808 721 PSALMUS
2848 666 3036 722 LXXI.

2362 753 2766 794 ARGUMENTUM
2806 752 2965 795 PSAL.
3007 753 3155 796 LXXI.

1994 826 2035 879 C
2064 824 2356 898 Propheta
2379 825 2595 881 Christi
2626 825 2942 884 adventum
2974 827 3295 900 praecluens
3323 839 3336 880 :
3371 822 3445 881 ab
3467 836 3590 880 om-

1922 911 2102 969 nibus
2126 913 2362 987 regibus
2382 932 2518 971 eum
2536 916 2679 973 dicit
2698 916 3083 988 adorandum,
3099 917 3239 993 quia
3253 913 3587 970 humanum

1921 1018 2112 1075 genus
2144 1021 2177 1059 a
2205 1004 2424 1060 diaboli
2454 1008 2740 1076 potestate
2771 1006 3037 1064 redemit.

2320 1095 2433 1150 TT.
2465 1095 2529 1149 In
2560 1094 2905 1152 Salomonem
2931 1098 3195 1168 psalmus.

1992 1183 2034 1235 C
2066 1180 2341 1238 Salomon
2391 1183 2814 1256 interpretatur
2859 1185 3157 1258 paciﬁcus,
3191 1185 3248 1239 et
3297 1177 3596 1253 signiﬁcat

1920 1268 2246 1339 Christum,
2263 1272 2333 1327 de
2351 1288 2465 1344 quo
2486 1272 2802 1345 Apostolus
2826 1272 2945 1330 ait:
2971 1275 3101 1348 Ipse
3133 1275 3221 1331 est
3249 1284 3371 1343 pax
3396 1274 3599 1333 nostra

1920 1359 2024 1431 qui
2056 1358 2193 1415 fecit
2224 1364 2472 1433 utraque
2502 1378 2687 1417 unum
2715 1362 2931 1435 (Ephes.
2956 1366 3040 1437 ii).
3069 1363 3270 1439 Ipsius
3304 1359 3493 1425 verba
3517 1366 3602 1424 ts-

1921 1452 2161 1504 stantur
2179 1466 2314 1505 eum
2343 1467 2474 1507 esse
2497 1451 2830 1523 paciﬁcum,
2849 1452 2950 1525 qui
2977 1453 3151 1524 dixit,
3176 1465 3397 1525 pacem
3421 1468 3613 1523 meam

1920 1536 1995 1593 do
2026 1538 2193 1595 vobis
2224 1539 2414 1612 (Joan.
2437 1543 2575 1611 xxv).

1958 1628 1984 1683 1
2065 1633 2229 1695 Deus,
2254 1629 2535 1701 judicium
2560 1638 2717 1687 tuum
2746 1632 2866 1703 regi
2892 1631 2962 1689 da
2993 1651 3011 1687 :

2061 1717 2129 1772 Et
2147 1719 2437 1790 justitiam
2466 1722 2619 1776 tuam
2647 1722 2765 1792 [ilio
2789 1723 2955 1793 regis.

2060 1805 2363 1899 P_r0pheta_
2394 1808 2684 1899 desiderio
2737 1808 3182 1878 inﬂammatus,
3204 1820 3380 1885 petit
3403 1846 3439 1888 α
3465 1830 3633 1899 patre

1912 1894 2210 1985 judicium
2241 1897 2368 1952 dari
2418 1896 2584 1968 Filio,
2609 1899 2762 1970 quod
2797 1899 3019 1956 sciebat
3073 1915 3214 1958 esse
3261 1894 3620 1985 ventum";

1911 1982 2209 2074 judicium
2232 1984 2389 2041 enim
2414 1985 2636 2042 dictum
2661 1991 2769 2055 est,
2788 1987 2957 2060 quasi
2976 1987 3143 2060 juris
3164 1989 3423 2074 dicium,
3440 1982 3502 2067 id
3525 1982 3619 2073 est

1919 2073 2075 2145 quod
2118 2074 2178 2129 in
2211 2091 2277 2131 eo
2318 2075 2421 2147 jus
2451 2076 2700 2146 dicatur,
2728 2076 2817 2133 vel
2847 2078 3019 2149 quasi
3064 2078 3226 2149 juris
3254 2073 3555 2155 indicium
3588 2117 3603 2156 :

1918 2162 2074 2234 quod
2108 2163 2170 2219 in
2203 2180 2269 2220 eo
2302 2165 2405 2235 jus
2436 2165 2746 2223 indicetur.
2771 2166 2840 2222 Et
2871 2170 2938 2222 ut
2965 2167 3356 2231 veracissima
3383 2181 3599 2250 proba-

1917 2255 2080 2307 retur
2095 2268 2226 2309 esse
2247 2255 2469 2326 petitio,
2485 2255 2687 2311 eadem
2712 2255 2924 2312 iterum
2944 2255 3357 2333 ingeminavit,
3378 2264 3490 2322 hoc
3505 2272 3596 2331 est

1916 2341 2073 2397 enim
2106 2343 2264 2415 quod
2296 2343 2438 2399 dicit
2466 2348 2525 2401 et
2551 2344 2851 2417 justitiam
2892 2350 3057 2403 tuam
3090 2344 3207 2403 lilio
3236 2351 3589 2425 regis,quod

1917 2430 2192 2502 superius
2226 2433 2373 2488 dixit
2405 2451 2418 2489 :
2451 2434 2747 2506 judicium
2779 2437 2949 2499 tuum
2988 2435 3110 2510 regi
3143 2436 3239 2505 da,
3266 2442 3325 2494 et
3348 2438 3459 2497 hoc
3488 2458 3589 2499 se-

1916 2519 2179 2575 cundum
2210 2521 2533 2581 humanam
2566 2526 2836 2580 naturam
2869 2540 2989 2596 qua
3014 2525 3182 2582 Patre
3212 2526 3409 2587 minor
3435 2533 3544 2587 est.

1950 2611 1986 2661 2
2056 2608 2316 2667 Judicare
2342 2614 2606 2684 papulum
2634 2617 2791 2668 tuum
2821 2613 2880 2668 in
2902 2614 3123 2686 justitia
3154 2632 3174 2673 .'

2056 2701 2126 2754 Et
2149 2716 2415 2773 pauperes
2446 2706 2565 2759 tuos
2594 2703 2654 2758 in
2674 2700 2910 2774 judicio.

1987 2788 2026 2840 C
2057 2786 2307 2860 Exponit
2350 2807 2589 2847 causam
2622 2808 2803 2863 quare
2846 2792 3082 2864 petierit
3119 2792 3242 2855 ﬁlio
3280 2793 3576 2867 judicium

1917 2874 2062 2947 dari,
2091 2876 2317 2934 icilicet
2344 2882 2410 2935 ut
2431 2880 2662 2951 judicet
2690 2880 2891 2937 orbem
2922 2886 3212 2938 terrarum
3259 2899 3364 2955 per
3397 2882 3575 2955 justi-

1915 2964 2059 3021 tiam
2092 2965 2298 3022 Patris.
2323 2968 2612 3040 Pauperes
2636 2968 2734 3024 Dei
2757 2975 2915 3038 sunt,
2932 2971 3033 3042 qui
3056 2970 3359 3027 mundana
3378 2987 3577 3043 super.

1916 3054 2012 3110 hia
2027 3054 2394 3125 derelicta,se
2415 3056 2734 3113 humilitati
2751 3074 2856 3129 per
2875 3058 3074 3117 omnia
3094 3057 3576 3117 subdidere.Nam

1915 3146 1973 3198 et
1997 3141 2048 3198 si
2079 3160 2304 3216 pauper
2333 3145 2655 3218 superbiat,
2682 3162 2795 3201 non
2820 3150 2911 3203 est
2932 3146 3035 3203 Dei
3058 3162 3300 3219 pauper,
3329 3146 3459 3205 etsi
3488 3145 3578 3205 lo-

1920 3229 2119 3303 cuples
2144 3231 2537 3290 humilitatem
2560 3232 2783 3307 diligat,
2808 3252 2925 3291 non
2952 3239 3040 3292 est
3060 3234 3259 3294 saeculi
3279 3235 3461 3307 dives,
3486 3253 3579 3295 vo-

1910 3319 2166 3377 luntates
2187 3322 2343 3377 enim
2368 3322 2574 3379 talium
2599 3322 2976 3396 inspiciendas
2991 3327 3151 3395 sunt,
3177 3341 3293 3382 non
3314 3326 3573 3385 nomina.

1946 3411 1981 3465 3
2052 3409 2370 3482 Suscipiunt
2396 3416 2607 3468 montes
2630 3427 2825 3484 pacem
2849 3413 3052 3485 populo
3082 3431 3101 3468 :

2055 3501 2133 3554 Et
2161 3500 2324 3556 colles
2343 3500 2645 3573 justitiam.

1985 3592 2025 3643 C
2054 3588 2162 3644 Per
2190 3592 2421 3646 montes
2451 3589 2864 3663 significantur
2893 3590 3142 3664 apostoli
3168 3596 3226 3648 et
3254 3590 3574 3670 prophetas,

1917 3678 2020 3750 qui
2041 3694 2264 3751 pacem,
2292 3678 2349 3734 id
2373 3683 2462 3735 est
2482 3678 2777 3735 Christum
2802 3680 3152 3754 suscipiunt,
3180 3680 3341 3737 ﬁdeli
3361 3679 3576 3755 populo

1917 3767 2380 3839 praedicandum.
2410 3767 2597 3825 Colles
2624 3769 2767 3824 dicit
2795 3775 3034 3829 caeteros
3064 3769 3405 3843 beatos,qui
3425 3772 3577 3827 recte

1918 3856 2192 3912 videntur
2221 3857 2452 3913 Domini
2495 3858 2810 3930 praedicare
2858 3859 3157 3916 mandata.
3189 3859 3260 3916 Et
3308 3859 3577 3916 Christus

1912 3945 2149 4018 justitia
2194 3946 2429 4014 dicitur,
2456 3946 2736 4020 quoniam
2781 3946 3081 4004 diabolum
3129 3964 3235 4020 per
3280 3948 3577 4020 justitiam

1920 4034 2057 4090 vicit
2086 4035 2274 4107 magis
2300 4052 2480 4108 quam
2511 4051 2616 4107 per
2653 4035 2994 4108 potentiam,
3022 4039 3081 4092 et
3122 4035 3324 4092 orbem
3349 4034 3579 4107 judicat

1922 4122 1982 4179 in
2004 4123 2261 4195 justitia.

1959 4214 1992 4267 4
2063 4213 2350 4272 Judicabit
2370 4228 2641 4286 pauperes
2665 4213 2876 4286 populi.
2910 4217 2979 4272 Et
3024 4214 3203 4272 salvos
3240 4213 3409 4286 faciet
3432 4212 3577 4284 ﬁlios

2132 4317 2442 4375 pauperum
2467 4319 2487 4358 :

2065 4393 2131 4448 Et
2158 4391 2481 4447 humiliabit
2505 4392 2982 4450 calumniatorem.

1995 4485 2035 4537 C
2061 4481 2350 4554 Pauperes
2379 4480 2604 4556 populi,
2637 4482 2696 4537 id
2735 4486 2824 4539 est
2869 4481 3127 4540 humiles
3175 4481 3410 4557 spiritu,
3440 4486 3581 4541 sunt

1926 4569 2193 4645 apostoli.
2220 4570 2346 4626 Filii
2370 4587 2500 4627 vero
2522 4587 2871 4645 pauperum,
2887 4571 2990 4628 ﬁlii
3013 4577 3154 4629 sunt
3174 4572 3464 4642 Ecclesiae,
3480 4589 3583 4646 per

1923 4660 2325 4734 apostolorum
2370 4660 2840 4734 praedicationem
2874 4662 2933 4717 in
2963 4661 3190 4719 Christo
3233 4660 3579 4737 regenerati.

1923 4751 2341 4819 Calumniator,
2366 4750 2659 4820 diabolus,
2687 4751 2903 4808 Christi
2928 4751 3187 4824 potentia
3212 4750 3580 4807 humiliatus.

1925 4840 2325 4898 Calumniator
2353 4840 2567 4913 quippe
2595 4840 2810 4896 dicitur
2836 4844 2892 4897 et
2920 4843 3027 4909 est,
3054 4840 3154 4912 qui
3187 4839 3581 4905 innocentiam

1929 4929 2201 4996 alienam,
2229 4930 2290 4984 in
2322 4933 2551 4985 reatum
2584 4929 2790 4984 nititur
2827 4928 3116 5001 exquisita
3152 4928 3582 4986 machinatione

1931 5020 2265 5093 perducere,
2289 5018 2445 5090 quod
2489 5017 2790 5074 diabolum
2823 5019 2893 5076 ab
2945 5018 3112 5075 initio
3164 5017 3361 5075 saeculi
3395 5035 3583 5091 usque

1934 5110 1992 5164 in
2027 5110 2201 5164 ﬁnem
2232 5111 2461 5164 constat
2490 5108 2696 5164 facere.

1964 5200 2000 5255 5
2069 5199 2137 5254 Et
2160 5198 2509 5270 permanebit
2538 5214 2660 5275 cum
2695 5198 2807 5253 sole
2833 5205 2885 5255 et
2911 5204 3039 5255 ante
3067 5199 3260 5255 lunam
3288 5218 3310 5255 .·

2071 5289 2134 5344 ιη
2162 5288 2510 5358 generatione
2532 5295 2972 5360 generatiomm.

2001 5378 2042 5434 C
2070 5376 2166 5434 Sol
2198 5377 2415 5450 quippe
2457 5375 2671 5450 legitur
2698 5376 2941 5434 verbum
2985 5376 3195 5446 Patris,
3216 5377 3318 5452 qui
3347 5377 3504 5435 Deus
3532 5383 3593 5436 et

1930 5467 2126 5535 homo,
2143 5483 2301 5523 unus
2331 5482 2400 5522 ex
2429 5466 2660 5522 duabus
2686 5467 2915 5524 naturis
2940 5468 3237 5531 distinctis
3261 5472 3434 5541 atque
3453 5485 3593 5542 per-

1930 5557 2075 5631 ectis
2095 5560 2401 5631 permanet
2414 5554 2707 5613 Christus:
2738 5556 3078 5614 humanitas
3092 5557 3249 5614 enim
3293 5574 3428 5614 cum
3451 5558 3596 5627 sols,

1931 5629 2013 5706 fid
2039 5629 2465 5720 est,diviuitate
2494 5662 2727 5725 semper
2756 5648 2923 5706 unita
2948 5652 3271 5724 permanet.
3297 5646 3607 5709 Permanet
