4112 6176
511 407 624 466 271

1419 401 1485 463 S.
1531 397 1927 464 BRUNONIS
1969 394 2592 460 HERBIPOLENSIS
2636 394 3010 459 EPISCOPI.

3810 391 3938 452 272

504 545 640 597 ante
670 537 895 607 lunam,
919 537 978 593 id
1010 539 1100 594 est
1122 539 1254 592 ante
1284 539 1660 608 conspectum
1689 532 2156 605 Ecclesiae,quem
2185 533 2237 599 Α
2271 532 2337 584 12
2413 532 2552 600 Quia
2583 532 2836 586 liberavit
2859 542 3158 602 pauperem
3183 542 3218 583 a
3241 529 3460 599 potente
3488 544 3508 581 :

502 628 698 685 cordis
719 626 1046 683 luminibus
1069 640 1301 698 semper
1321 627 1648 681 contuetur.
1671 622 1930 680 Ecclesia
1949 621 2104 678 enim
2127 637 2162 676 a

503 715 734 774 Christo
764 715 982 784 lumen,
1009 713 1160 770 sicut
1190 712 1334 770 luna
1362 731 1394 768 a
1425 712 1565 781 sole,
1589 711 1816 786 recipit.

540 809 576 862 6
649 805 936 863 Descendit
961 804 1106 860 sicut
1126 802 1323 876 pluvia
1353 804 1414 858 in
1440 803 1614 858 vellus
1643 820 1664 858 :

647 897 715 950 Et
741 896 883 950 sicut
910 892 1202 950 stillicidia
1230 892 1504 948 stillantia
1529 908 1693 964 super
1721 896 1945 947 terram.

578 986 618 1039 C
645 981 894 1056 Exponit
938 982 1286 1055 mysterium
1327 980 1592 1055 gloriosae
1634 979 1982 1037 Nativitatis.
2014 979 2162 1036 Nam

507 1073 794 1130 Dominus
821 1071 1130 1138 virtutum,
1157 1074 1291 1126 ante
1321 1071 1492 1142 cujus
1529 1069 1740 1126 faciem
1769 1073 1926 1126 terra
1953 1073 2165 1125 treme-

508 1161 663 1218 facta
692 1160 1044 1230 concutitur,
1068 1158 1253 1215 voluit
1299 1158 1506 1215 leniter
1535 1159 1594 1214 in
1630 1163 1862 1215 uterum
1910 1157 2168 1232 virgina-

509 1251 648 1320 lem,
672 1250 799 1306 sine
828 1250 1025 1322 aliquo
1068 1249 1317 1321 strepitu
1355 1252 1636 1322 tanquam
1668 1248 1865 1322 pluvia
1893 1247 1953 1302 in
1982 1246 2168 1304 vellus

513 1355 698 1414 agnas,
731 1338 1181 1396 descenderet!
1224 1337 1403 1394 Arida
1459 1339 1617 1394 enim
1670 1342 1796 1394 erat
1851 1343 2004 1394 terra
2059 1338 2168 1394 hu-

517 1429 674 1484 mani
707 1428 988 1501 corporis,
1025 1443 1158 1482 cum
1219 1426 1469 1494 advenit,
1507 1443 1614 1483 nec
1669 1427 1856 1483 ullum
1913 1427 2169 1482 fructum

515 1517 788 1574 exhibere
816 1520 1043 1588 poterat
1073 1514 1422 1583 sanctitatis,
1451 1517 1554 1572 sed
1597 1515 1722 1589 ipse
1763 1533 1915 1583 eam,
1939 1515 2171 1572 stillici-

517 1605 632 1660 diis
662 1605 1092 1676 przedicationis
1123 1621 1244 1660 suze
1284 1605 1675 1674 fecundatam,
1708 1604 1939 1662 aeternis
1969 1604 2170 1662 fructi-

519 1693 630 1751 bus
653 1692 938 1767 implevit.

553 1785 590 1838 7
665 1782 884 1840 0rietur
940 1786 998 1839 in
1053 1784 1243 1840 diebus
1297 1785 1413 1856 ejus
1457 1785 1681 1857 justitia
1734 1793 1787 1840 et
1835 1785 2176 1842 abundantia

730 1873 890 1945 pacis
913 1891 930 1927 :

665 1964 839 2019 Donec
865 1964 1160 2034 auferatur
1190 1963 1344 2020 luna.

591 2054 631 2105 C
671 2050 923 2118 Orietur,
975 2069 1043 2108 ex
1113 2056 1374 2125 tempore
1444 2057 1658 2109 sancta:
1726 2053 2174 2121 lncarnationis,

525 2140 760 2212 quando
788 2145 912 2196 erat
942 2145 1113 2213 partu
1146 2141 1389 2214 virginis
1411 2143 1724 2198 nascitura.
1751 2142 1992 2199 Justitia
2019 2143 2176 2199 enim

523 2227 767 2283 verbum
797 2233 887 2286 est
917 2229 1123 2286 Patris.
1150 2230 1523 2286 Abundantia
1547 2248 1680 2287 vero
1709 2231 1872 2305 pacis
1900 2235 2007 2299 est,
2033 2231 2176 2286 dum

525 2315 728 2388 religio
747 2317 1210 2374 Christianorum
1234 2322 1352 2374 toto
1374 2321 1512 2375 orbe
1532 2319 1844 2377 dilatabur.
1870 2325 2059 2376 Donec
2081 2338 2180 2377 au-

524 2404 765 2473 feratur,
791 2405 848 2460 id
869 2409 978 2472 est,
1001 2405 1313 2462 extollatur
1340 2407 1499 2475 luna,
1527 2409 1582 2462 id
1614 2414 1722 2475 cst,
1750 2410 2010 2482 quandiu
2045 2426 2177 2482 pro-

524 2493 798 2549 tendatur
826 2499 883 2550 et
919 2499 1207 2568 augeatur
1255 2495 1530 2566 Ecclesia,
1553 2497 1639 2554 vel
1683 2515 1991 2571 quousque
2033 2515 2176 2572 pre-

526 2581 954 2638 destinatorum
985 2601 1271 2641 numerus
1298 2585 1680 2658 compleatur.

557 2673 592 2725 8
665 2673 731 2727 Et
759 2671 1139 2730 dominabitur
1163 2691 1197 2728 a
1227 2675 1374 2731 mari
1402 2691 1571 2747 usque
1600 2676 1671 2732 ad
1699 2693 1896 2733 mare:

669 2762 734 2816 Et
761 2777 796 2815 a
829 2762 1061 2832 ﬂumine
1109 2779 1274 2836 usque
1321 2763 1391 2818 ad
1440 2765 1702 2821 terminos
1729 2770 1784 2831 εξ-
1820 2767 1967 2822 orbis
2007 2773 2022 2831 ξ
2068 2775 2180 2822 ter-

742 2866 954 2906 rarum.

599 2939 647 2994 Η
671 2939 1095 3009 Dominabitur,
1119 2944 1306 2998 totum
1331 2943 1488 2998 hunc
1513 2944 1802 3000 mundum
1823 2945 2182 3017 acquisitum

533 3045 640 3083 sua
670 3029 944 3102 passione
967 3034 1142 3102 atque
1173 3031 1504 3104 subjectum
1527 3033 1754 3090 Christo
1785 3033 2031 3090 Domino
2052 3033 2186 3090 Pro-

534 3118 709 3190 pheta
737 3122 1004 3175 testatur.
1027 3120 1069 3176 C
1098 3123 1142 3176 A
1169 3120 1432 3189 ﬂumine,
1471 3121 1693 3179 scilicet
1733 3123 2005 3190 Jordane,
2029 3123 2184 3180 unde

531 3222 635 3278 per
666 3211 856 3264 totum
877 3209 1078 3265 orbem
1101 3213 1392 3266 terrarum
1415 3210 1803 3268 saluberrima
1823 3212 2026 3284 regula
2047 3213 2186 3284 bap-

2202 1906 2252 1972 B

2411 621 2479 674 Et
2504 635 2822 692 pauperem,
2853 619 2948 674 cui
2972 632 3082 674 non
3108 623 3228 673 erat
3255 613 3492 688 adjutor.

2339 708 2381 764 C
2410 707 2698 764 Liberavit
2726 723 3063 782 pauperem,
3088 705 3146 762 id
3169 709 3277 776 est,
3301 704 3534 762 ﬁdelem
3560 702 3886 778 populum,
3909 721 3946 761 a

2270 801 2506 871 potente
2535 796 2788 866 diabolo,
2813 800 2870 852 et
2895 793 3346 870 pauperem,cui
3376 810 3495 850 non
3525 797 3650 851 erat
3669 793 3944 866 adjutor,

2273 887 2412 961 quia
2451 885 2780 942 humanum
2828 902 3014 960 genus
3061 885 3136 942 ad
3181 882 3473 942 idolorum
3521 882 3831 940 culturam
3885 899 3949 940 se

2272 975 2617 1032 contulerat.
2643 975 2710 1030 Et
2750 975 2892 1047 quid
2939 974 3010 1030 ab
3057 973 3144 1030 eis
3191 973 3454 1046 adjuvari
3501 974 3808 1045 poterant,
3842 971 3948 1044 qui

2272 1063 2360 1120 vel
2392 1079 2633 1120 sensum
2665 1063 2958 1135 pecudum
2988 1078 3108 1122 non
3137 1061 3475 1118 habebant?

2276 1153 2346 1208 13
2417 1153 2610 1208 Parcet
2638 1153 2874 1224 pauperi
2897 1155 2952 1208 et
2979 1152 3136 1224 inopi
3163 1167 3178 1207 :

2420 1241 2486 1297 Et
2510 1241 2727 1296 animas
2753 1256 3060 1314 pauperum
3081 1239 3263 1296 salvas
3289 1241 3477 1312 faciet.

2347 1329 2389 1385 C
2419 1330 2562 1386 Cum
2595 1329 2737 1386 dicit
2775 1333 2990 1402 parcet,
3014 1328 3362 1402 generaliter
3405 1344 3610 1385 omnes
3663 1327 3948 1384 homines

2278 1422 2608 1492 peccatores
2637 1418 2916 1486 osteadit;
2947 1417 3066 1474 illis
3095 1419 3252 1474 enim
3295 1417 3574 1491 parcitur,
3598 1417 3704 1490 qui
3738 1417 3805 1472 in
3840 1415 3948 1473 ali-

2280 1524 2394 1581 quo
2425 1511 2590 1564 reatu
2634 1507 2988 1564 detinentur.
3021 1507 3137 1581 Ipsi
3181 1511 3376 1564 autem
3431 1506 3577 1564 salvi
3635 1506 3822 1572 fiunt,
3845 1507 3948 1579 qui

2282 1612 2526 1671 regnum
2555 1597 2655 1653 Dei
2682 1596 3088 1670 possidebunt.

2285 1687 2351 1742 14
2423 1687 2518 1742 Ex
2548 1687 2732 1742 usuris
2769 1690 2822 1744 et
2865 1686 3156 1758 iniquitate
3182 1685 3410 1742 redimet
3433 1687 3658 1742 animas
3701 1701 3904 1742 eorum
3934 1704 3948 1742 :

2425 1777 2492 1831 Et
2519 1775 2842 1832 honorabile
2862 1790 3057 1832 nomen
3087 1791 3275 1832 eorum
3303 1790 3489 1832 coram
3515 1775 3638 1833 illo.

2356 1865 2399 1921 C
2427 1863 2618 1921 Usura
2649 1865 2721 1922 ab
2751 1881 2863 1921 usu
2895 1881 3109 1922 nomen
3151 1864 3392 1938 accepit,
3413 1881 3542 1938 quin
3575 1865 3822 1922 credite
3855 1881 3955 1940 po-

2285 1953 2472 2010 cuniaz
2501 1957 2776 2028 procurat
2799 1969 3032 2027 semper
3048 1958 3452 2028 augmentum.
3476 1954 3571 2010 Sic
3595 1955 3661 2011 in
3688 1955 3956 2029 peccatis

2283 2042 2614 2098 viventibus
2643 2059 2824 2099 usura
2852 2043 3061 2100 crescit
3089 2042 3400 2111 malorum,
3433 2043 3673 2117 quando
3696 2045 3867 2118 quod
3897 2044 3957 2100 in

2283 2131 2590 2204 temporali
2619 2131 3059 2188 conversatione
3079 2131 3448 2205 delinquunt,
3470 2133 3532 2188 in
3555 2137 3781 2190 eterna
3799 2132 3959 2191 cala-

2285 2221 2488 2276 mitate
2519 2221 2824 2294 recipiunt.
2847 2220 2934 2276 Ab
2964 2221 3096 2277 istis
3125 2238 3262 2296 ergo
3287 2221 3485 2278 usuris
3515 2221 3855 2279 liberantur
3883 2223 3959 2279 ti-

2285 2308 2445 2366 deles
2477 2309 2709 2378 animae,
2739 2311 2973 2382 quando
3021 2327 3126 2383 per
3171 2311 3571 2383 paenitentiam
3611 2311 3958 2368 redduntur

2287 2397 2590 2455 absolutae.
2619 2398 2878 2462 Quorum
2908 2415 3122 2456 nomen
3155 2399 3524 2469 honorabile;
3567 2418 3773 2458 revera
3800 2419 3954 2476 pra-.-

2287 2486 2514 2544 clarum
2535 2504 2772 2557 nomen,
2797 2493 2862 2544 ut
2882 2488 3200 2546 Christiani
3223 2490 3513 2559 dicantur,
3538 2496 3594 2547 et
3617 2507 3652 2547 a
3679 2507 3794 2548 suo
3816 2506 3958 2565 rego

2287 2575 2698 2650 resplendeant
2726 2577 2993 2634 vocabuli
3019 2579 3323 2653 dignitate.
3356 2578 3596 2636 Addidit
3621 2580 3832 2648 etiam,
3858 2597 3955 2637 co-

2288 2682 2414 2722 ram
2447 2665 2566 2732 illo,
2591 2666 2648 2722 id
2681 2671 2769 2723 est
2797 2683 2994 2724 coram
3030 2668 3141 2724 Deo
3179 2669 3460 2742 quoniam
3490 2674 3626 2726 ante
3657 2668 3867 2743 ipsum
3901 2675 3961 2727 et

2289 2755 2350 2810 in
2377 2754 2564 2827 ipsius
2594 2771 2772 2829 regno
2801 2756 3009 2812 victuri
3041 2761 3201 2814 sunt.

2292 2844 2360 2900 15
2431 2845 2498 2901 Et
2523 2847 2669 2900 vivet
2694 2853 2746 2901 et
2773 2845 2998 2902 dabitur
3033 2848 3086 2903 ei
3126 2845 3192 2903 de
3214 2845 3352 2904 duro
3393 2847 3620 2906 drabiae
3661 2855 3718 2905 et
3752 2847 3959 2905 adora-

2506 2934 2639 2990 bunt
2666 2933 2732 2990 de
2760 2935 2875 3007 ipso
2902 2951 3114 3008 semper
3144 2952 3160 2992 :

2436 3024 2563 3080 Tota
2592 3023 2681 3080 die
2713 3023 3028 3081 benedicent
3053 3027 3125 3082 ei.

2361 3117 2401 3168 C
2431 3113 2576 3168 Nam
2623 3129 2758 3168 cum
2789 3113 2950 3181 dicit,
2978 3119 3035 3170 et
3063 3115 3230 3184 vivet,
3257 3115 3516 3172 ostendit
3561 3117 3957 3174 aeternitatem

2294 3201 2528 3269 Christi,
2552 3218 2670 3274 qua
2700 3218 2813 3258 non
2846 3202 2967 3258 vita
2995 3208 3206 3269 creata,
3229 3203 3330 3262 sed
3361 3204 3723 3261 beatitudine
3746 3211 3961 3263 sancta

529 3295 785 3353 tismatis
829 3297 1152 3366 emanavit;
1187 3298 1434 3370 pulchra
1483 3301 1722 3372 quidem
1773 3283 2042 3368 brevitas,
2078 3283 2178 3357 sed
2210 3283 2254 3351 C
2287 3290 2543 3347 Trinitas
2593 3290 2750 3347 vivit.
2790 3293 3014 3348 Aurum
3063 3292 3306 3361 Arabiae,
3357 3309 3474 3366 prie
3518 3293 3730 3350 ceteris
3774 3295 3955 3350 terris

526 3381 784 3455 ingentia
815 3385 986 3440 nobis
1016 3392 1385 3443 sacramenta
1415 3389 1690 3459 prol'udit.

557 3469 594 3523 9
668 3471 864 3528 Coram
891 3473 990 3530 illo
1015 3474 1298 3546 procident
1327 3477 1600 3548 xEthiopes
1631 3496 1650 3532 .·

661 3558 726 3612 Et
755 3559 976 3614 inimici
1005 3560 1124 3632 ejus
1153 3569 1358 3617 terram
1383 3563 1615 3632 lingent.

587 3648 628 3700 C
656 3645 973 3720 .Ethiopes,
1005 3648 1286 3705 debemus
1337 3657 1669 3723 peccatores
1718 3655 2036 3722 advertere,
2073 3656 2173 3728 qui

520 3738 656 3791 ante
684 3733 852 3791 illum
885 3737 1218 3810 procidunt,
1243 3741 1476 3810 quando
1525 3758 1586 3796 se
1616 3743 1966 3814 poenitentiae
1987 3745 2176 3800 humi-

520 3823 683 3879 litate
697 3831 1098 3896 prosternunt.
1117 3827 1340 3884 Inimici
1360 3829 1673 3903 Judazi,qui
1697 3836 1908 3888 terram
1928 3833 2172 3906 lingent,

519 3910 580 3967 id
605 3915 715 3980 est,
730 3916 944 3970 terram
968 3915 1224 3988 sapiunt,
1245 3921 1301 3974 et
1323 3917 1619 3975 Christum
1645 3937 1759 3976 non
1782 3923 2045 3990 credunt,
2065 3922 2174 3978 hoc

521 4001 678 4057 enim
702 4003 857 4076 sapit
877 4006 1284 4080 unusquisque
1306 4008 1460 4080 quod
1488 4007 1675 4082 lingit.
1701 4009 1833 4067 Illos
1854 4015 2049 4067 autem
2071 4011 2174 4068 Ju-

519 4091 674 4147 dzeos
705 4091 996 4166 intelligit,
1021 4095 1122 4168 qui
1153 4095 1213 4150 in
1245 4113 1352 4153 sua
1383 4096 1702 4170 pertinacia
1727 4101 2172 4172 permanebunt.

519 4179 589 4234 10
660 4183 823 4253 Reges
853 4183 1068 4240 Tharsis
1098 4192 1151 4240 et
1180 4185 1383 4243 insulse
1409 4203 1641 4244 munera
1673 4188 1921 4261 oﬁ‘ermt.

657 4271 822 4340 Reges
845 4272 1086 4328 Arabum
1113 4281 1164 4329 et
1191 4274 1337 4331 Saba
1367 4274 1510 4332 dona
1537 4276 1827 4334 adducent.

585 4356 628 4412 Ο
657 4357 843 4432 Reges
874 4377 1011 4434 ergo
1052 4361 1316 4431 Tharsis,
1351 4364 1406 4420 id
1447 4370 1555 4432 est,
1579 4366 1973 4424 dominatores
2003 4367 2174 4424 vitio-

513 4461 645 4501 rum
668 4447 824 4504 dona
851 4449 1104 4507 oll‘erunt
1126 4455 1260 4521 Deo,
1278 4453 1514 4525 quando
1545 4455 1592 4510 ei
1624 4456 1948 4528 probantur
1975 4457 2172 4514 animo

513 4535 728 4591 servire
749 4537 973 4594 devoto.
1002 4539 1210 4596 Insula:
1241 4558 1374 4598 vero
1401 4545 1677 4616 sunt,qui
1705 4545 2174 4603 circumfluentia

2285 3381 2471 3436 fertur
2499 3396 2629 3437 esse
2659 3379 3066 3454 purissimum,
3099 3381 3254 3454 quod
3292 3381 3365 3438 ad
3413 3382 3765 3455 sapientiam
3801 3382 3954 3439 bene

2285 3469 2551 3526 refertur.
2573 3469 2618 3526 H
2641 3469 2982 3526 Otl'eruntur
3005 3469 3162 3528 enim
3191 3470 3243 3526 ei
3276 3475 3501 3528 mentes
3528 3469 3788 3544 puritate
3819 3488 3957 3528 san-

2285 3562 2396 3626 cta,
2411 3563 2692 3632 tanquam
2714 3575 2922 3616 aurum
2947 3558 3262 3616 Arabicum
3283 3559 3594 3633 splendore
3619 3558 3950 3633 pulcherri-

2285 3663 2381 3704 mo
2414 3647 2740 3704 rutilantes.
2763 3649 2834 3704 Et
2861 3649 3190 3706 adorabunt
3217 3649 3288 3706 de
3317 3649 3465 3722 ipso,
3489 3648 3599 3705 hoc
3621 3649 3694 3705 ad
3724 3648 3952 3707 huma-

2285 3737 2527 3792 nitatem
2560 3737 2750 3810 ipsius
2789 3742 3018 3793 constat
3061 3737 3282 3805 referri,
3307 3737 3540 3810 quando
3571 3755 3672 3794 ore
3703 3739 3949 3812 proprio

2285 3825 2784 3898 quemadmodum
2815 3831 3082 3883 oraretur
3127 3827 3402 3883 instituit.
3427 3828 3572 3884 Tota
3619 3826 3736 3894 die,
3758 3828 3949 3885 totius

2281 3914 2410 3968 vitae
2442 3918 2652 3970 nostrae
2684 3918 2916 3987 tempus
2949 3915 3224 3972 ostendit.

2285 4004 2352 4058 16
2425 4004 2556 4059 Erit
2581 4003 2996 4074 ﬁrmamentum
3025 4005 3084 4059 in
3113 4011 3261 4061 terra
3287 4021 3300 4062 :
3331 4007 3388 4061 in
3419 4007 3650 4062 summis
3667 4008 3949 4062 montium

2458 4093 2916 4164 supcrextolletur
2940 4109 3105 4166 super
3133 4095 3406 4150 Libanum
3516 4097 3732 4166 fructus
3749 4096 3874 4167 ejus
3917 4102 3930 4162 ζ

2422 4181 2488 4237 Et
2516 4184 2790 4252 ﬂorebunt
2816 4181 2883 4240 de
2909 4185 3128 4240 civitate
3155 4185 3298 4240 sicut
3324 4185 3514 4256 fenum
3543 4193 3730 4242 terrae.

2351 4269 2394 4326 C
2425 4270 2884 4331 Firmamentum
2932 4273 3222 4328 montium
3267 4272 3529 4330 Christus
3559 4277 3669 4330 est.
3693 4274 3946 4330 Summa

2283 4359 2570 4416 montium
2589 4359 2988 4417 excellentiam
3009 4362 3304 4436 significat
3319 4362 3760 4436 prophetarum.
3775 4362 3824 4422 Η
3837 4364 3944 4420 Su-

2279 4448 2710 4520 perextolletur,
2737 4449 2958 4507 scilicet
2985 4453 3172 4525 gratia
3204 4451 3700 4525 baptismi,super
3731 4468 3946 4510 omnes

2280 4537 2618 4594 altitudines
2635 4537 2852 4608 saeculi,
2869 4555 2974 4612 per
2988 4557 3164 4612 quam
3185 4547 3422 4614 peccata
3437 4540 3796 4598 tolluntur.C
3818 4540 3945 4598 Flo-

515 4623 722 4679 mundi
753 4626 915 4694 vitia,
941 4643 974 4682 a
1003 4629 1129 4684 suis
1174 4632 1515 4702 corporibus
1560 4632 1953 4691 excluserunt.
1987 4636 2172 4710 Reges

2292 4625 2494 4682 rebunt
2517 4643 2653 4700 ergo
2681 4628 2752 4684 de
2782 4628 3013 4686 civitate
3027 4631 3199 4702 justi,
3223 4631 3282 4687 id
3305 4636 3398 4688 est
3423 4631 3494 4686 de
3521 4629 3786 4688 Ecclesia
3816 4629 3938 4699 Dei,

513 4713 770 4769 Arabum
791 4717 950 4784 sunt,
967 4717 1066 4788 qui
1089 4717 1494 4776 blandimenta
1515 4737 1824 4795 corporum
1848 4724 2172 4796 subjiciunt
2201 4713 2241 4721 ’
2280 4714 2433 4770 Sicut
2452 4716 2681 4784 fenum;
2707 4717 2877 4788 cujus
2891 4723 3030 4774 ωΐθε
3049 4736 3164 4776 non
3182 4723 3556 4792 comparat“?
3573 4719 3822 4787 sanctis,
3837 4720 3943 4777 ⁸θά

513 4801 714 4876 rigida:
763 4804 1110 4878 disciplinae.
1144 4809 1297 4864 Saba
1336 4809 1514 4880 (unde
1565 4811 1772 4882 Sabaei)
1831 4812 1970 4870 dicti
2029 4818 2170 4870 sunt

511 4908 738 4960 omnes,
766 4895 866 4968 qui
911 4896 1064 4953 dona
1091 4897 1375 4954 virtutum
1416 4899 1664 4956 offerunt
1708 4901 1826 4957 Deo
1876 4904 2166 4974 suaviora,

507 4998 686 5053 quam
718 5000 846 5056 quae
875 4985 949 5040 in'
967 4986 1069 5042 illa
1098 4991 1252 5044 terra
1282 4993 1423 5044 sunt
1452 4994 1716 5046 aromata
1745 4989 2064 5048 redolcant.

509 5071 570 5124 11
651 5073 718 5126 Et
735 5075 1042 5132 adorabunt
1071 5093 1193 5134 eum
1225 5094 1408 5135 omnes
1436 5095 1588 5149 reges
1621 5099 1638 5135 :

649 5159 845 5217 Omnes
873 5173 1056 5232 gentes
1079 5169 1317 5224 servient
1343 5170 1416 5224 ei.

573 5252 614 5302 C
645 5249 752 5304 Per
779 5267 984 5309 omnes
1017 5271 1198 5327 reges,
1226 5262 1475 5331 cunctas
1489 5257 1673 5314 voluit
1704 5259 1970 5317 nationes
1991 5259 2161 5316 intel-

503 5335 705 5411 ligere.
729 5337 945 5396 Omnes
975 5347 1197 5414 gentes,
1238 5345 1461 5402 scilicet
1501 5363 1628 5419 quae
1678 5366 1781 5422 per
1821 5349 2160 5408 universum

2278 4803 2488 4860 decora
2519 4803 2798 4861 viriditas.
2823 4807 2894 4862 Et
2937 4807 3167 4880 inspice
3207 4808 3364 4882 quod
3405 4807 3564 4876 dicit,
3589 4808 3660 4864 de
3703 4807 3944 4864 civitate

2277 4893 2587 4961 ﬂorebunt,
2612 4911 2727 4950 non
2760 4895 2817 4951 in
2841 4895 3092 4965 civitate,
3118 4897 3258 4970 quia
3278 4899 3349 4954 de
3371 4897 3482 4955 ista
3501 4896 3736 4954 civitate
3756 4897 3946 4971 hujus

2277 4982 2471 5038 saeculi
2499 4982 2838 5052 laborando,
2864 4986 2922 5040 in
2953 4984 3056 5042 illa
3079 4986 3373 5043 ﬂorebunt
3396 4986 3762 5043 beatitudine
3783 5004 3946 5045 sem-

2275 5073 2503 5146 piterna
2528 5073 2881 5130 coronando.

2278 5163 2346 5216 17
2417 5162 2500 5218 Sit
2523 5179 2721 5219 nomen
2752 5164 2872 5237 ejus
2901 5169 2956 5230 -j—~
2995 5163 3337 5222 benedictum
3377 5171 3392 5232 ζ
3426 5167 3484 5221 in
3515 5165 3724 5224 secula
3760 5181 3775 5220 :

2421 5251 2554 5308 Ante
2581 5253 2748 5308 solem
2775 5261 3062 5325 permanet
3084 5270 3280 5310 nomen
3313 5255 3452 5327 ejus.

2343 5339 2384 5395 C
2411 5339 2497 5396 Sit
2526 5358 2740 5398 nomen
2773 5343 2926 5414 ejus,
2959 5359 3024 5399 ac
3057 5343 3106 5399 si
3139 5343 3380 5412 diceret,
3410 5342 3470 5398 in
3504 5346 3795 5400 aeternum
3825 5342 3955 5417 glo.

505 5427 797 5483 mundum
833 5432 891 5484 et
932 5427 1152 5503 linguis
1183 5433 1525 5490 dividuntur
1572 5441 1629 5492 et
1676 5439 1963 5509 partibus.
1989 5439 2163 5496 Nulla
2271 5429 2532 5486 Piﬁcetur
2562 5430 2740 5503 Βθιιε,
2763 5430 3042 5504 quoniam
3087 5436 3364 5488 aeternam
3411 5431 3663 5506 gloriam
3695 5437 3953 5504 praesta-

504 5531 650 5588 gens
680 5520 788 5588 est,
813 5533 940 5590 qua:
971 5519 1030 5574 in
1083 5525 1246 5593 parte
1299 5522 1495 5594 populi
1545 5525 1657 5593 sui,
1693 5527 1993 5600 proprium
2042 5545 2159 5584 ῃοη
2268 5523 2438 5575 turus
2461 5535 2590 5576 esse
2621 5521 3011 5594 cognoscitur.
3035 5521 3183 5577 Ante
3211 5536 3447 5578 omnem
3469 5521 3805 5577 creaturam
3839 5537 3955 5578 no-

503 5605 708 5662 adoret
736 5610 1053 5666 auctorem.
1077 5609 1148 5666 Et
1174 5609 1323 5679 vide,
1358 5612 1457 5684 qui
1507 5630 1672 5687 reges
1703 5615 1845 5673 dicit
1887 5616 2158 5675 adoratu-

504 5711 622 5771 ros,
656 5695 758 5772 qui
788 5697 1148 5773 putabantur
1176 5701 1480 5769 adorandi.

2267 5625 2404 5664 men
2435 5608 2566 5680 ejus
2597 5625 2940 5682 permanere
2971 5610 3274 5683 professus
3303 5613 3394 5667 est
3422 5609 3600 5684 (sicut
3629 5609 3860 5666 dicitur
3890 5611 3956 5667 in

2266 5697 2578 5773 Evangelio
2605 5715 2616 5754 :
2644 5699 2708 5758 In
2740 5699 3032 5778 principio
3068 5705 3192 5758 erat
3223 5698 3528 5775 Verbum),
3562 5715 3636 5757 ne
3663 5704 3958 5768 sanctum
