4054 6168
217 263 332 329 273

1431 263 1844 329 EXPOSITIO
1890 266 2396 334 PSALMORUM.

3509 270 3627 357 274

216 391 942 470 DeiFillum,temporalem
960 394 1174 471 aliquis
1187 394 1858 474 blephemacogitatione
1885 404 1938 473 Α
1969 403 2097 476 ejus
2128 403 2363 463 animus
2393 404 2780 481 discrepabat.
2811 406 3060 466 Gressus
3109 406 3402 483 significat
3454 412 3619 468 actus

217 487 701 548 sentiret.Nomen
729 489 927 543 autem
955 486 1179 545 dictum
1211 490 1482 561 est,quod
1510 495 1709 547 notam
1735 508 1858 548 rem

217 580 403 637 faciat.
434 578 504 634 Et
530 576 628 633 hic
658 575 863 642 solem,
894 594 997 649 pro
1027 577 1303 636 omnibus
1342 580 1628 639 creaturis
1672 581 1858 654 ponit,

217 667 489 743 quoniam
548 666 958 739 conspectibus
1003 667 1222 723 nostris
1268 668 1489 741 gratior
1552 668 1856 738 illucescit,

216 758 313 815 ubi
342 762 399 814 et
419 755 777 829 sugillantur
804 754 1158 829 philosOpbi,
1192 757 1292 829 qui
1343 757 1524 814 solem
1565 759 1863 831 ponebant

216 853 515 904 aeternum.

218 939 281 994 18
352 938 429 993 Et
458 935 841 993 benedicentur
869 936 934 991 in
962 937 1077 1008 ipso
1122 941 1178 1001 νέ-
1206 952 1389 993 omnes
1418 939 1592 994 tribus
1622 941 1792 996 terra:
1831 944 1845 1005 ζ

352 1026 548 1082 Omnes
577 1032 759 1095 gentes
786 1025 1223 1097 magniﬁcabunt
1253 1043 1397 1082 eum.

282 1113 324 1171 Β
350 1116 419 1171 Et
445 1113 864 1170 benedicentur
891 1113 950 1169 in
982 1114 1129 1187 ipso.
1161 1115 1407 1172 Domino
1427 1116 1694 1173 videlicet
1721 1118 1861 1174 Jesu

214 1205 457 1262 Christo.
480 1207 625 1259 Cum
654 1201 797 1259 dicit
826 1204 1641 1276 magnificabuntdaudabunt
1662 1206 1862 1281 utique

216 1293 520 1367 signiﬁcat.
551 1291 734 1349 Aliter
758 1292 917 1348 enim
948 1292 1314 1367 magnificari
1365 1312 1479 1351 non
1520 1299 1733 1368 potest,
1767 1295 1861 1352 eui

216 1400 414 1441 omnes
441 1381 813 1439 summitates
842 1382 1195 1438 deserviunt.

218 1473 281 1530 19
349 1471 677 1530 Benedictus
705 1471 989 1537 Dominus,
1022 1475 1170 1528 Deus
1199 1474 1387 1529 Israel.

351 1563 460 1631 Qui
483 1562 628 1632 facit
652 1561 940 1617 mirabilia
967 1562 1133 1618 solus.

278 1656 318 1708 C
346 1653 504 1709 Deus
535 1650 734 1718 Israel,
761 1650 820 1706 id
859 1654 967 1718 est,
1017 1651 1172 1708 Deus
1214 1652 1497 1709 universas
1544 1657 1708 1709 terrae
1757 1653 1861 1708 be-

216 1741 573 1799 nedicendus
603 1755 836 1813 semper
862 1743 986 1809 est;
1020 1740 1120 1812 qui
1153 1741 1291 1797 facit
1338 1740 1632 1798 mirabilia
1676 1741 1856 1807 solus,

215 1831 345 1906 quia
390 1829 555 1887 nullo
600 1829 823 1902 indiget
870 1829 1180 1901 adjutorio.
1214 1830 1358 1886 Nam
1407 1830 1543 1887 licet
1588 1830 1776 1904 angeli
1805 1836 1862 1888 et

215 1921 381 1979 multi
404 1920 555 1993 justi
589 1919 806 1975 faciant
852 1918 1165 1987 mirabilia,
1199 1937 1314 1977 non
1347 1919 1456 1977 soli
1504 1926 1723 1991 tamen,
1756 1922 1858 1978 sed

215 2012 523 2084 adjuvante
548 2009 795 2067 Domino
824 2007 1204 2081 perﬁciunt.H
1236 2009 1418 2066 Debet
1438 2026 1572 2066 vero
1604 2010 1696 2067 his
1723 2011 1860 2084 poni

214 2100 383 2169 Deus,
418 2098 560 2173 quia
588 2103 648 2155 et
674 2098 933 2155 Trinitas
962 2097 1022 2153 in
1050 2114 1220 2155 versu
1251 2100 1595 2157 ostenditur.

214 2192 280 2245 20
347 2190 415 2245 ει
442 2188 789 2245 benedictum
814 2204 1013 2245 nomen
1026 2189 1325 2261 majestatis
1345 2190 1462 2262 ejus
1482 2191 1542 2245 in
1556 2194 1858 2248 aeternum:

348 2281 416 2336 Et
445 2278 748 2351 replebitur
774 2278 1061 2351 majestate
1086 2278 1203 2350 ejus
1226 2280 1403 2335 omnis
1432 2283 1580 2336 terra
1610 2296 1628 2336 :

420 2369 544 2440 ﬁat,
573 2369 690 2439 ﬁat.

280 2458 325 2516 Η
355 2457 739 2519 Benedictum
772 2473 983 2514 nomen
1014 2464 1111 2527 est,
1140 2459 1349 2515 scilicet
1375 2459 1513 2532 quia
1532 2461 1604 2517 de
1633 2458 1861 2516 Christo

210 2549 524 2605 Christiani
555 2554 696 2604 sunt
723 2547 889 2617 dicti,
934 2548 1089 2619 quod
1136 2548 1485 2604 vocabulum
1535 2553 1721 2605 totum
1770 2565 1860 2604 or-

211 2638 336 2696 hem
368 2655 545 2695 sacra
573 2636 942 2716 veneratione
969 2635 1298 2711 complevit.
1325 2638 1560 2694 Terram
1592 2638 1748 2694 enim
1770 2637 1865 2693 hic

210 2733 444 2784 sanctos
478 2726 640 2793 dicit,
674 2727 812 2799 quia
840 2724 1027 2800 ipsius
1074 2725 1338 2783 claritate
1395 2726 1653 2801 replendi
1703 2731 1862 2783 sunt.

210 2816 482 2890 Optantis
511 2820 602 2873 est
631 2817 824 2872 dicere
854 2816 973 2885 fiat,
1007 2817 1107 2872 sed
1158 2816 1409 2872 nimium
1455 2816 1864 2885 desiderantis,

211 2906 401 2979 ipsum
431 2909 698 2979 repetere
722 2910 780 2962 et
810 2904 1000 2962 dicere
1031 2923 1044 2963 :
1078 2906 1201 2975 fiat,
1234 2907 1355 2971 fiat.

695 3011 893 3053 ORATIO
932 3012 1003 3051 EX
1042 3012 1199 3052 PSAL.
1241 3014 1386 3051 LXII.

274 3087 505 3144 Nomen
539 3089 732 3152 tuum,
767 3084 1139 3158 omnipotens
1170 3086 1493 3151 Deus,ante
1523 3089 1734 3149 cuncta
1763 3102 1868 3141 sae-

1966 492 2279 562 humanos,
2314 496 2414 568 qui
2447 513 2625 571 prope
2654 498 2824 555 effusi
2854 502 3012 568 sunt,
3049 516 3184 556 cum
3217 517 3252 557 a
3279 516 3416 556 vera
3462 500 3619 574 cogi-

1966 582 2183 641 tatione
2215 585 2544 659 discrepare
2564 594 2884 661 coeperunt.

1968 672 2003 727 3
2147 676 2287 744 Quia
2317 678 2494 733 celavi
2520 695 2684 751 super
2708 681 2925 752 iniquos
2950 699 2970 735 :

2110 767 2301 822 Pacem
2328 776 2672 839 peccatorum
2699 769 2910 826 videns.
3166 822 3177 833 .

2039 853 2080 909 Ο
2110 853 2319 910 Secuta
2348 860 2439 912 est
2467 873 2644 913 causa
2693 875 2796 914 cur
2841 876 3081 931 gressus
3112 860 3240 932 ejus
3287 860 3626 917 viderentur

1969 940 2357 1015 etl‘undi,quia
2388 946 2792 1016 peccatoribus
2824 946 3214 1020 incongruum
3246 946 3437 1005 zelum
3460 946 3627 1003 adhi-

1970 1029 2098 1085 buit
2127 1035 2192 1086 ut
2217 1047 2316 1087 eos
2347 1036 2576 1104 putaret
2602 1034 2817 1104 felices,
2852 1053 3000 1108 quos
3031 1040 3255 1093 certum
3290 1040 3379 1093 est
3409 1040 3627 1092 aeterna

1970 1115 2344 1177 damnatione
2375 1120 2591 1192 puniri.
2627 1122 3469 1196 Pacem,inquit,peccatorum,
3496 1140 3623 1196 quae

1969 1206 2228 1276 putatur,
2257 1207 2359 1263 sed
2391 1225 2587 1266 revera
2618 1227 2731 1265 non
2764 1215 2853 1267 est
2882 1229 3011 1284 pax.
3045 1212 3190 1268 Nam
3235 1229 3367 1268 cum
3420 1227 3622 1284 pecca-

1970 1297 2125 1349 tores
2154 1294 2428 1352 videntur
2457 1296 2797 1371 locupletes,
2830 1305 2887 1355 et
2926 1300 3071 1356 nihil
3111 1318 3240 1358 esse
3291 1300 3351 1356 in
3400 1299 3621 1356 mundo

1971 1382 2126 1454 quod
2156 1383 2421 1461 timeant,
2449 1391 2734 1459 putantur
2760 1388 2974 1446 habere
3003 1391 3335 1463 pacem,sed
3367 1407 3479 1462 pax
3509 1389 3622 1445 ista

1970 1486 2105 1526 cum
2136 1474 2493 1532 conscientia
2522 1493 2753 1550 semper
2778 1477 2988 1552 litigat,
3019 1484 3076 1536 et
3100 1478 3455 1536 intrinsecus
3476 1478 3621 1534 rixa-

1971 1562 2067 1616 tur
2095 1578 2414 1637 secumque
2445 1567 2724 1624 decertat.

1969 1649 2001 1704 4
2112 1651 2251 1719 Quia
2279 1670 2390 1710 non
2418 1663 2495 1712 est
2525 1665 2790 1729 respectus
2820 1661 2987 1715 morti
3012 1674 3200 1715 eorum
3232 1674 3246 1713 :

1891 1786 1938 1852 Β
2108 1742 2175 1796 Et
2201 1743 2609 1813 ﬁrmamentum
2641 1748 2700 1802 in
2726 1749 2892 1821 plaga
2919 1765 3126 1805 eorum.

2040 1830 2079 1885 C
2106 1830 2312 1885 Adhuc
2334 1832 2475 1885 dicit
2504 1834 2574 1885 de
2608 1837 3095 1885 nmsneritatihna

2106 1830 2312 1887 Adhuc
2334 1832 2475 1889 dicit
2504 1834 2574 1890 de
2605 1837 3095 1909 prosperitatibus
3126 1834 3461 1908 impiorum,
3481 1833 3623 1907 quia

1968 1934 2083 1973 non
2116 1924 2205 1975 est
2235 1926 2536 1994 respectus
2567 1926 2761 1993 morti,
2795 1926 2851 1980 id
2886 1930 2976 1982 est
3003 1926 3143 1998 quia
3171 1929 3417 1981 mortem
3449 1940 3619 1980 suam

1970 2025 2087 2063 non
2118 2010 2529 2082 praevident,ad
2563 2015 2997 2071 emendandum
3021 2032 3083 2071 se
3108 2032 3222 2071 non
3254 2017 3616 2070 convertunt.

1970 2098 2039 2153 Et
2064 2098 2500 2157 firmamentum
2531 2103 3007 2160 subaudiendum
3057 2122 3172 2162 non
3221 2108 3329 2171 est,
3380 2102 3518 2174 quia
3566 2100 3617 2157 si

1969 2188 2256 2261 contingit
2285 2206 2383 2245 eos
2414 2192 2743 2266 praestringi
2775 2192 2973 2266 aliqua
3001 2193 3371 2259 adversitate,
3403 2208 3519 2246 non
3556 2188 3619 2245 in

1969 2277 2053 2334 eis
2080 2278 2309 2334 videtur
2337 2279 2568 2337 diutina
2596 2298 2936 2354 permanere
2965 2282 3224 2352 tristitia,
3256 2286 3314 2338 et
3342 2280 3470 2336 ideo
3501 2295 3617 2335 non

1970 2366 2168 2422 statim
2200 2369 2270 2423 ad
2304 2369 2594 2427 medicum
2625 2387 2826 2427 verum
2847 2375 3175 2428 recurrunt.

1969 2459 2005 2512 5
2112 2458 2175 2512 ιη
2206 2458 2389 2514 labore
2415 2460 2699 2516 hominum
2728 2478 2834 2517 non
2861 2470 2991 2518 sunt
3018 2481 3036 2519 :

2113 2549 2176 2603 Et
2204 2566 2329 2603 cum
2356 2548 2668 2606 hominibus
2699 2568 2805 2606 non
2833 2553 3282 2622 ﬂagellabantur.

2043 2641 2083 2692 C
2113 2637 2409 2701 Homines,
2443 2638 2535 2694 hic
2584 2645 2818 2696 sanctos
2862 2639 3017 2695 viros
3066 2639 3486 2713 intelligamus,
3522 2638 3624 2712 qui

1974 2731 2033 2783 et
2060 2727 2290 2783 labores
2306 2726 2364 2783 in
2394 2728 2501 2783 hoc
2515 2727 2726 2784 saeculo
2748 2729 3377 2797 sustinent,etdiversa
3400 2727 3631 2802 ﬂagella

1976 2818 2301 2889 patiuntur,
2338 2822 2401 2873 ut
2428 2817 2670 2873 correcti
2719 2819 2791 2874 ad
2841 2818 3157 2875 Dominum
3212 2819 3471 2885 redeant,
3524 2818 3633 2875 hoc

1977 2906 2377 2979 peccatoribus
2408 2924 2523 2962 non
2556 2907 2840 2980 provenit,
2874 2909 3031 2979 quod
3064 2909 3135 2964 ad
3168 2907 3420 2964 salutem
3458 2908 3632 2963 datur

1977 2995 2219 3063 devotis,
2270 2996 2410 3067 quia
2468 2996 2524 3051 in
2575 2997 2796 3052 mundo
2841 3013 3130 3070 congruas
3179 3013 3294 3052 non
3346 2993 3635 3067 recipiunt

1946 3076 1955 3085 ’
1977 3084 2251 3141 ultiones.

210 3176 334 3234 cuia
362 3175 749 3233 benedictum
780 3174 1134 3241 invocantes,
1165 3192 1404 3231 oramus
1452 3179 1518 3231 ut
1558 3173 1866 3230 humiliato
1897 3166 1939 3232 C
1973 3175 2009 3228 6
2118 3173 2237 3230 Ideo
2267 3177 2438 3230 tenuit
2465 3190 2552 3231 eos
2579 3177 2837 3246 superbia
2866 3193 2885 3230 :

213 3265 865 3337 calumniatore,paccm
883 3263 1098 3337 populo
1114 3264 1529 3336 justitiam‘que
1558 3263 1756 3337 largiri
1778 3263 1869 3318 di-

214 3356 550 3429 gneris.Per
578 3353 894 3410 Dominum
926 3358 1193 3409 nostrum
1214 3354 1420 3410 Jesum
1438 3353 1733 3409 Christum
1758 3357 1866 3409 etc.

752 3460 1084 3517 PSALMUS
1126 3460 1335 3516 LXXII.

647 3548 1040 3588 ABGUMENTUM
1081 3549 1236 3589 PSAL.
1273 3548 1438 3588 LXXII.

278 3630 316 3681 C
343 3623 479 3680 Vox
511 3621 809 3695 Prophetas
841 3620 1189 3678 admirantis
1219 3639 1325 3677 cur
1356 3620 1613 3678 inimicis
1663 3622 1768 3677 Det
1814 3626 1873 3679 et

216 3712 467 3785 paganis
499 3708 860 3784 prosperitas
890 3712 1054 3766 tanta
1084 3709 1330 3767 eveniat.

515 3801 851 3870 Defecerunt
882 3799 1068 3855 laudes
1093 3800 1265 3854 David
1293 3800 1402 3871 ﬁlii
1427 3801 1587 3856 Jesse.

721 3888 835 3944 TT.
879 3888 1129 3944 Psalmus
1163 3889 1373 3960 Asaph.

283 3982 323 4037 ll
358 3978 719 4037 Defecerunt
745 3975 949 4033 laudes
976 3977 1155 4033 David
1208 3976 1310 4032 ﬁlii
1360 3977 1546 4044 Jesse,
1578 3978 1650 4033 ad
1695 3978 1871 4043 ﬁnem

220 4066 643 4142 septuagesimi
670 4065 845 4139 primi
875 4065 1088 4138 psalmi
1125 4066 1393 4139 pertinet.
1429 4066 1489 4122 ld
1533 4084 1667 4123 vero
1718 4067 1874 4140 quod

220 4159 514 4232 sequitur,
559 4154 827 4229 psalmus
875 4155 1092 4229 Asaph,
1126 4154 1361 4211 initium
1421 4156 1499 4211 sit
1553 4157 1872 4228 sequentis.

220 4249 259 4304 C
285 4247 489 4321 Asapb
520 4262 658 4302 vero
686 4261 968 4316 synagoga
1005 4244 1440 4318 interpretatur,
1473 4245 1573 4318 qui
1625 4263 1693 4301 ex
1740 4249 1876 4318 typo

222 4353 535 4411 synagoga:
565 4352 671 4407 per
700 4338 888 4390 totum
922 4332 1182 4407 loquitur
1208 4333 1880 4407 psalmum.Defecerunt

221 4444 353 4483 vero
403 4425 619 4482 laudes
670 4423 874 4489 David,
906 4424 960 4479 id
1002 4427 1093 4480 est
1138 4424 1403 4480 fecerunt
1447 4424 1879 4481 immolationes

2122 3262 2305 3336 Operti
2333 3273 2458 3320 sunt
2484 3266 2773 3337 iniquitate
2802 3272 2852 3321 et
2885 3266 3159 3337 impietate
3178 3281 3301 3320 sua.

2048 3356 2089 3409 Ο
2118 3353 2332 3408 Tenuit
2363 3358 2579 3418 autem,
2614 3354 2779 3421 dixit,
2810 3354 2868 3409 id
2916 3359 3005 3409 est
3052 3353 3220 3425 quasi
3270 3352 3622 3425 quibusdam

1978 3442 2363 3515 apprehendit
2393 3443 2667 3499 manibus
2698 3461 2795 3499 eos
2824 3444 3118 3516 superbia,
3152 3447 3217 3499 ut
3246 3442 3485 3498 evadere
3526 3457 3625 3496 ne-

1979 3532 2373 3604 queant.Dicit
2394 3549 2625 3604 quoque
2644 3534 2965 3588 secundum
2985 3532 3161 3588 aliam
3184 3530 3628 3588 translationem

1981 3622 2255 3695 superbia
2284 3621 2654 3694 corum,quia
2683 3639 2881 3679 revera
2911 3622 3124 3679 diaboli
3159 3621 3383 3690 est,hoo
3400 3620 3628 3675 facinus

1980 3716 2333 3785 perpetrare.
2364 3710 2559 3783 Operti
2591 3716 2731 3766 sunt
2757 3711 3087 3785 iniquitate,
3117 3728 3233 3767 non
3264 3709 3408 3766 dixit
3431 3707 3629 3765 amicti

1982 3801 2248 3871 sunt,sed
2280 3800 2557 3873 operti,ut
2588 3818 2686 3856 eos
2716 3799 3114 3873 intelligamus
3156 3804 3309 3856 totos
3356 3814 3484 3855 esse
3530 3798 3630 3854 dc-

1982 3907 2228 3946 mersos.
2262 3890 2503 3945 Addidit
2532 3889 2851 3961 impietate,
2884 3907 3010 3962 quae
3044 3888 3331 3945 malorum
3365 3887 3633 3944 omnium

1983 3979 2263 4051 probatur
2290 3983 2568 4043 extrema,
2618 3978 2901 4052 iniquitas
2931 3978 3088 4034 enim
3146 3977 3457 4034 mediocris
3506 3991 3635 4032 esse

1983 4073 2195 4141 potest.

1982 4160 2017 4212 7
2125 4157 2339 4214 Prodiit
2367 4160 2528 4229 quasi
2552 4173 2622 4213 ex
2649 4156 2809 4229 adipe
2834 4158 3096 4229 iniquitas
3125 4171 3313 4211 eorum
3340 4171 3353 4208 ε

2128 4248 2483 4302 Transierunt
2502 4248 2559 4300 in
2585 4246 2837 4317 affectum
2865 4244 3063 4301 cordis.

2057 4336 2098 4392 C
2129 4337 2209 4392 Ex
2240 4336 2411 4407 adipe
2440 4334 2699 4408 procedit
2723 4334 3023 4406 iniquitas,
3057 4332 3291 4405 quando
3330 4331 3519 4404 hi,qui
3551 4330 3635 4386 af-

1988 4424 2228 4481 ﬂuentia
2257 4424 2561 4497 praisentis
2580 4423 2775 4479 saeculi
2790 4426 3101 4496 praestante
3118 4426 3230 4478 Deo
3249 4420 3451 4494 repleti
3477 4424 3635 4488 sunt,

225 4516 523 4590 pecudum
554 4517 614 4569 et
643 4511 1108 4581 immolationes;
1133 4511 1558 4585 nunccorporis
1575 4516 1632 4569 et
1648 4513 1881 4586 sangui-
1912 4535 1957 4600 Β
1992 4515 2046 4569 in
2079 4514 2274 4569 divina
2302 4513 2661 4568 detractione
2688 4512 3174 4585 peccant.Pingue
3203 4510 3359 4567 enim
3391 4513 3477 4567 est
3507 4526 3640 4583 pcc-

224 4605 315 4661 nis
345 4603 594 4669 Christi,
627 4608 833 4658 sancta
861 4601 1088 4674 peragit
1117 4600 1390 4658 Ecclesia.

226 4696 251 4749 1
364 4695 552 4764 Quam
579 4692 750 4748 bonus
778 4691 947 4747 Israel
974 4691 1137 4757 Deus,

364 4784 465 4840 His
492 4783 593 4855 qui
618 4784 764 4838 recto
790 4784 921 4836 sunt
945 4780 1105 4837 corde
1135 4799 1155 4836 :

292 4873 568 4929 CBonus
597 4869 755 4927 enim
798 4869 974 4938 Deus,
1007 4868 1100 4925 bis
1151 4868 1251 4941 qui
1302 4874 1455 4925 recto
1504 4874 1644 4925 sunt
1690 4870 1881 4936 corde,

228 4963 282 5017 id
311 4966 429 5029 est,
459 4960 563 5033 qui
593 4975 771 5033 Opera
800 4959 928 5031 ejus
960 4958 1155 5014 studio
1187 4958 1418 5030 pietatis
1451 4957 1803 5032 intelligunt.
1841 4959 1882 5014 ll

227 5051 296 5107 Et
351 5067 497 5108 eum
550 5048 735 5104 visuri
789 5050 950 5113 sunt,
995 5047 1148 5104 sicut
1196 5047 1280 5103 ait
1327 5047 1613 5104 Dominus
1659 5064 1671 5103 :
1726 5049 1885 5104 Beati

231 5140 461 5197 mundo
541 5137 737 5205 corde,
805 5136 1085 5209 quoniam
1160 5136 1274 5210 ipsi
1351 5141 1536 5193 Deum
1609 5137 1889 5194 videbunt

233 5228 450 5301 (quit.
484 5227 562 5297 v.)

232 5322 268 5374 2
372 5318 496 5376 Hei
523 5323 709 5372 autem
732 5331 872 5389 pene
897 5317 1032 5373 moti
1053 5323 1182 5373 sunt
1204 5316 1366 5389 pedes
1395 5334 1413 5371 :

376 5408 530 5463 Pene
554 5407 718 5477 effusi
742 5413 876 5461 sunt
901 5422 1116 5475 gressus
1143 5407 1273 5463 mei.

1991 4609 2209 4670 catum,
2242 4604 2399 4674 quod
2431 4602 2619 4676 magis
2652 4601 2891 4658 arbitrio
2919 4619 3096 4675 quam
3118 4601 3466 4658 necessitate
3489 4616 3642 4656 com-

1994 4692 2608 4749 mittitur.Peccatores
2638 4691 3002 4748 transierunt
3029 4690 3088 4746 in
3122 4690 3394 4747 allectum
3425 4689 3639 4757 cordis,

1976 4772 2051 4837 ’id
2083 4786 2191 4849 est,
2223 4785 2580 4846 erraverunt,
2614 4780 2848 4852 quando
2879 4778 3194 4836 insensatis
3224 4776 3396 4833 idolis
3426 4776 3642 4833 servie-

1993 4871 2208 4927 bant.H
2239 4870 2339 4926 Vel
2370 4870 2429 4925 in
2461 4870 2819 4938 all'ectum,id
2852 4873 2941 4924 est
2969 4865 3525 4938 concupiscentiam,
3577 4868 3643 4920 ut

1995 4978 2166 5016 suam
2199 4977 2313 5016 non
2345 4959 2446 5015 Dei
2480 4959 2735 5015 facerent
2762 4957 3141 5012 voluntatem.

1993 5053 2028 5104 8
2140 5050 2527 5118 flagitaverunt
2555 5052 2607 5102 ei
2638 5048 2805 5102 locuti
2838 5049 2969 5099 sunt
2991 5046 3299 5118 nequitiam
3328 5060 3342 5099 :

2138 5139 2487 5210 lniquitatem
2516 5138 2575 5192 in
2602 5136 2809 5191 excelso
2838 5135 3004 5191 locuti
3025 5137 3172 5189 sunt.

2070 5227 2110 5282 C
2141 5226 2363 5299 Duplex
2393 5224 2612 5281 malum
2643 5228 2733 5279 est
2762 5223 3083 5296 nequitiam
3115 5222 3388 5296 cogitare,
3404 5238 3650 5293 eamque

1998 5321 2278 5387 tanquam
2314 5316 2533 5370 bonum
2560 5313 2797 5385 aliquod
2828 5312 3021 5384 palam
3053 5314 3331 5385 proferre.
3367 5311 3649 5384 Iniquita-

2000 5410 2117 5461 tem
2150 5404 2209 5460 in
2231 5403 2455 5460 excelso
2488 5402 2665 5459 locuti
2696 5407 2857 5470 sunt,
2888 5402 2997 5458 hoc
3023 5408 3111 5458 est
3141 5404 3297 5475 quod
3330 5418 3496 5457 mens
3519 5417 3652 5473 per-

303 5501 345 5551 G
386 5501 507 5554 Pes
549 5495 843 5571 signiﬁcat
887 5494 1197 5552 arbitrium
1246 5494 1490 5562 mentis;
1539 5495 1695 5551 hunc
1755 5496 1895 5553 dicit
2004 5497 2119 5551 fida
2151 5494 2606 5568 parturiebat,ut
2635 5498 2836 5550 contra
2856 5497 3154 5550 auctorem
3185 5508 3360 5549 suum
3389 5489 3657 5562 blasphe-

234 5603 385 5659 pene
419 5587 604 5646 fuisse
634 5589 1019 5656 commotum,
1053 5585 1288 5659 quando
1336 5602 1370 5642 a
1418 5602 1552 5643 vero
1595 5584 1892 5644 intellectu

2009 5603 2108 5643 ma
2139 5585 2313 5643 verba
2341 5583 2697 5658 loqueretur.
