4112 6176
432 288 563 353 275

439 417 480 481 9
586 423 898 483 Posuerunt
926 423 989 481 in
1015 420 1209 480 cretum
1229 437 1287 479 os
1315 436 1481 478 suum
1509 438 1529 477 :

461 523 472 528 ‘
589 513 656 572 Et
683 515 880 585 lingua
906 529 1096 570 eorum
1127 512 1387 568 transivit
1414 511 1475 566 in
1505 514 1674 568 terra.

517 608 556 660 C
586 603 756 662 Ponit
786 604 847 661 in
877 603 1088 660 caelum
1137 619 1203 660 os
1247 616 1448 669 suum,
1481 599 1583 674 qui
1621 601 1843 669 Jovem,
1879 599 2106 656 Mercu-

442 693 600 750 rium
634 696 956 764 caeteraque
987 693 1277 764 portenta,
1311 690 1426 748 Deo
1475 693 1641 763 putat
1688 705 1819 746 esse
1863 687 2102 744 similia.

447 783 519 840 Et
546 780 751 854 lingua
777 796 980 836 eorum
1011 779 1283 836 transivit
1311 777 1372 834 in
1407 783 1581 848 terra,
1615 777 1716 852 qui
1748 777 1904 834 ultra
1925 793 2104 850 quam

443 869 609 929 decet
634 870 980 944 loquuntur,
1013 873 1091 937 et,
1125 869 1264 925 dum
1298 873 1438 924 sunt
1467 868 1579 942 ipsi
1621 867 1876 942 fragiles,
1910 872 2105 924 tenere

439 973 502 1014 se
531 956 894 1014 immortales
926 956 1222 1012 aestimant
1251 955 1593 1030 dignitates;
1627 955 1716 1012 vel
1766 955 1868 1028 qui
1919 959 2102 1011 Deum

435 1049 672 1121 peccata
700 1063 818 1103 non
849 1045 1060 1119 punire
1090 1049 1321 1119 putant.
1355 1045 1402 1101 Η
1431 1047 1546 1102 Aut
1594 1045 1696 1118 qui
1746 1062 1849 1118 per
1897 1061 2101 1118 super-

433 1135 593 1193 biam
625 1135 882 1194 scientias
910 1135 1089 1192 locuti
1123 1139 1266 1193 sunt
1293 1138 1496 1191 contra
1524 1135 1919 1191 [labitatorem
1945 1133 2100 1216 caeli;

435 1221 522 1282 illi
553 1229 873 1298 posuerunt
905 1225 966 1280 in
997 1223 1208 1280 coelum
1241 1241 1306 1280 os
1337 1241 1534 1293 suum,
1569 1222 2099 1280 sed'humiliatum

437 1312 521 1371 esi
545 1313 820 1388 iniquum
849 1313 1150 1387 eloquium
1201 1329 1404 1370 eorum
1456 1329 1644 1386 usque
1674 1314 1735 1368 in
1769 1317 2010 1381 terram,
2044 1317 2102 1368 et

437 1403 796 1478 pertransiit,
831 1403 970 1476 quia
1001 1404 1232 1460 ﬁrmam
1267 1401 1584 1460 stationem
1615 1419 1730 1458 non
1762 1401 1988 1458 habuit.

440 1493 509 1550 10
579 1491 702 1551 Ideo
727 1495 1069 1550 convertatur
1091 1494 1327 1566 populus
1359 1509 1507 1548 meus
1536 1493 1625 1547 hic
1649 1508 1662 1546 :

582 1584 646 1638 Et
673 1582 788 1638 dies
811 1581 968 1654 pleni
997 1583 1350 1638 invenientur
1377 1583 1439 1637 in
1471 1583 1568 1637 cis.

511 1673 552 1726 C
578 1673 915 1744 Congruum
945 1675 1035 1728 est
1065 1669 1197 1727 illos
1225 1670 1476 1745 populos
1506 1671 1602 1727 hic
1642 1670 1960 1737 advertere,
1993 1669 2093 1743 qui

439 1759 752 1833 aliquando
765 1759 824 1814 in
843 1762 1078 1832 accepta
1099 1757 1195 1814 Dei
1236 1758 1362 1832 lege
1375 1763 1741 1825 manserunt,
1770 1760 1871 1816 sed
1889 1776 1989 1832 per
2006 1777 2096 1814 va-

437 1849 525 1905 ria
553 1847 843 1906 desideria
869 1847 1141 1922 dispersi,
1185 1848 1398 1904 iterum
1431 1865 1566 1904 vero
1598 1849 1864 1918 correcti,
1898 1849 1970 1904 ad
2001 1848 2104 1904 Dei

438 1940 726 2012 praecepta
757 1937 1078 1996 redierunt.
1116 1937 1249 1994 Dies
1279 1937 1457 2011 pleni,
1492 1943 1650 2002 sunt,
1687 1939 1922 2011 quando
1942 1937 2104 1995 Chri-
2161 1995 2165 1999 ,

440 2031 570 2085 stus
605 2027 894 2085 Dominus
922 2027 981 2086 in
1013 2026 1378 2101 plenitudine
1408 2026 1690 2101 temporis
1721 2028 1994 2084 advenire
2027 2027 2111 2083 di-

438 2119 656 2192 gnatus
687 2117 862 2174 est.'H
891 2117 994 2174 Vel
1027 2118 1102 2172 de
1129 2115 1494 2188 quibuslibet
1525 2116 1696 2174 bonis
1717 2114 2109 2190 loquitur.qui

437 2206 584 2264 visis
613 2205 709 2262 his
741 2222 869 2280 qua:
901 2207 1056 2262 dicta
1087 2209 1248 2275 sunt,
1279 2205 1415 2278 plus
1447 2205 1519 2262 ad
1553 2209 1737 2262 Deum
1769 2210 2112 2262 convertun-

442 2295 510 2352 tu
524 2311 570 2353 r.

452 2385 515 2442 11
595 2388 664 2442 Ει
689 2383 992 2441 dixerunt:
1026 2383 1294 2453 Quomodo
1321 2385 1424 2440 scit
1452 2386 1591 2441 Deus
1625 2398 1638 2438 ε

593 2477 666 2532 Et
691 2473 745 2530 si
768 2477 849 2530 est
867 2473 1100 2530 scientia
1129 2474 1191 2528 in
1218 2473 1456 2531 Excelsa.

529 2563 576 2620 H
602 2566 884 2637 Ignorant
913 2561 1071 2619 enim
1103 2566 1440 2636 peccatores
1484 2563 1670 2618 Deum
1721 2562 1920 2618 omnia
1947 2577 2119 2636 posse

461 2667 833 2727 cognoscere,
867 2653 1214 2722 nescientes,
1251 2651 1472 2721 miseri,
1501 2651 1642 2724 quia
1679 2651 1821 2707 nihil
1871 2651 1943 2708 ab
1991 2653 2118 2725 ejus

467 2741 655 2800 oculis
681 2741 1081 2800 absconditur.

463 2833 536 2889 12
609 2835 743 2890 Ecce
771 2832 880 2905 ipsi
901 2837 1206 2904 peccatores
1233 2839 1284 2888 et
1312 2831 1649 2888 abundantes
1677 2830 1732 2888 ia
1761 2831 1962 2888 swculo
1995 2847 2008 2886 :

607 2919 1002 2978 Obstinuerunt
1030 2919 1276 2977 divitias.

534 3009 581 3068 Η
614 3009 756 3067 Ecce
784 3009 898 3082 ipsi
929 3014 1282 3084 peccatores,
1325 3010 1692 3066 abundantes
1739 3008 1957 3065 divitiis
2011 3025 2114 3066 saa-

457 3098 982 3173 culi,perdiderunt
1003 3099 1156 3154 dona
1175 3097 1502 3172 paradisi.C
1528 3099 1819 3155 Putabant
1838 3097 2118 3172 insipien-

1361 287 1426 348 S.
1469 285 1867 350 BRUNONIS
1911 284 2536 350 HERBIPOLENSIS
2581 285 2958 348 EPISCOPI.

2125 421 2180 490 Α
2210 423 2268 478 et
2296 418 2775 492 sanctorum,qui
2800 418 3074 476 dixerunt
3097 421 3154 475 et
3183 415 3547 493 scripserunt
3575 421 3633 476 te
3657 417 3887 476 buma-

3731 285 3740 292 ’
3763 279 3888 346 276

2216 527 2292 566 na
2321 527 2526 567 curare
2555 509 2612 580 et
2632 510 2866 582 justum
2895 525 3024 566 esse
3055 508 3115 564 in
3146 507 3423 582 prtemiis.

2216 601 2285 656 16
2359 601 2425 656 Et
2449 599 2832 656 existimabam
2859 606 2921 654 ut
2943 611 3315 669 cognoscerem
3346 613 3360 654 :

2357 689 2466 744 Hoc
2495 689 2649 744 labor
2675 691 2754 744 est
2782 695 2910 744 ante
2937 703 3046 742 me.

2285 777 2332 834 ll
2364 777 2467 834 Hic
2514 777 2801 851 propheta
2848 776 3109 849 loquitur
3158 791 3171 831 :
3215 774 3668 842 Existimabam,
3704 776 3763 832 id
3799 781 3896 834 est

2214 870 2617 941 perscrutatus
2643 883 2779 922 sum
2809 869 3106 934 cuncta,et
3137 865 3407 937 quamvis
3435 864 3892 933 laboriose,exi-

2213 954 2446 1013 stimavi
2472 959 2669 1011 tamen
2696 971 2832 1010 cum
2862 950 3162 1028 Apostolo,
3196 954 3352 1027 quod
3376 958 3492 1010 non
3515 959 3658 1010 sunt
3681 955 3895 1012 condi-

2211 1063 2339 1120 gnae
2373 1045 2678 1119 passiones
2707 1045 2890 1117 hujus
2921 1043 3202 1116 temporis
3232 1043 3303 1099 ad
3337 1043 3596 1099 futuram
3626 1043 3894 1116 gloriam

2212 1137 2388 1206 (Rom.
2421 1135 2562 1207 vm).
2595 1137 2635 1189 C
2675 1133 2776 1190 Vel
2825 1133 2990 1206 prius
3017 1131 3343 1190 existimavi
3389 1148 3486 1188 me
3531 1131 3890 1207 intelligere,

2213 1241 2350 1281 cum
2376 1223 2552 1280 stulte
2582 1224 2922 1298 cogitarem,
2957 1223 3059 1279 sed
3088 1239 3242 1278 nunc
3288 1221 3664 1278 illuminatus
3719 1223 3892 1279 video

2209 1331 2338 1371 esse
2369 1311 2630 1370 laborem
2659 1329 2939 1387 magnum
2971 1311 3222 1369 scrutari
3249 1327 3356 1367 cur
3386 1311 3548 1368 Deus
3601 1311 3720 1368 ista
3755 1329 3892 1386 per-

2209 1403 2434 1459 mittat.

2209 1493 2276 1548 17
2350 1494 2528 1549 Donec
2555 1494 2757 1550 intrem
2787 1494 2848 1547 in
2875 1493 3256 1548 sanctuarium
3279 1491 3379 1547 Dei
3406 1509 3428 1546 :

2363 1583 2494 1647 υξιΕι
2535 1588 2548 1648 ζ
2569 1582 2883 1654 intelligam
2896 1583 2954 1636 in
2975 1581 3288 1636 novissimis
3305 1594 3516 1636 eorum.
3539 1579 3888 1654 Diapsulma.

2281 1674 2321 1724 C
2351 1669 2766 1726 Sanctuarium
2798 1669 2898 1726 Dei
2930 1673 3021 1725 est
3051 1667 3142 1725 lex
3181 1667 3302 1738 Dei,
3359 1669 3516 1742 quod
3569 1673 3893 1727 contuetur

2217 1765 2282 1816 ut
2313 1759 2665 1832 intelligeret
2697 1758 3018 1815 novissima
3047 1763 3438 1832 peccatorum,
3488 1759 3776 1832 quoniam
3824 1761 3886 1817 in

2217 1849 2415 1906 futuro
2439 1847 2666 1921 judicio
2685 1847 2932 1904 felicitas
2944 1847 3208 1904 humana
3227 1847 3766 1920 damnabitur,quae
3788 1848 3884 1905 hic

2217 1939 2290 1994 ad
2322 1943 2555 2011 tempus
2586 1938 2789 1993 ﬂorere
2816 1941 3198 1994 monstratur.
3231 1937 3313 1993 Ex
3362 1935 3494 1994 istis
3535 1936 3883 1995 novissimis

2219 2027 2462 2102 quaestio
2493 2025 2684 2084 soluta
2713 2029 2934 2092 est,cur
2962 2026 3151 2082 malos
3181 2026 3386 2082 ﬂorere
3414 2024 3512 2082 hic
3543 2026 3703 2083 Deus
3745 2043 3876 2100 per-

2223 2118 2497 2186 mittat,et
2519 2118 2716 2189 justos
2747 2115 2936 2172 vexari
2971 2115 3031 2171 in
3063 2110 3353 2190 paucis,in
3402 2115 3726 2172 novissimo
3757 2132 3880 2173 aevo

2221 2207 2440 2280 optime
2461 2205 2692 2280 disponi
2718 2205 2978 2280 praemio.

2227 2298 2293 2352 18
2369 2296 2748 2353 Verumtamen
2773 2303 2996 2369 propter
3023 2295 3173 2353 dolos
3195 2297 3433 2368 posuisti
3459 2297 3540 2352 eis

2369 2386 2624 2459 Dejecisti
2649 2403 2736 2442 eos
2764 2385 2897 2442 dum
2927 2386 3316 2442 allevarentur.

2297 2477 2342 2530 A
2371 2475 2788 2530 Verumtamen
2808 2478 3048 2548 propter
3067 2473 3369 2541 dolos,hoc
3399 2477 3490 2531 est
3519 2473 3660 2547 quia
3681 2473 3888 2530 dolum

2229 2564 2470 2630 faciunt,
2503 2563 2702 2620 dolum
2737 2563 3054 2636 patiantur,
3093 2568 3159 2620 ut
3205 2563 3454 2637 decepti,
3505 2567 3741 2621 terrena
3782 2563 3892 2621 eli-

2227 2657 2370 2726 gant
2419 2656 2476 2708 et
2523 2651 2864 2726 relinquant
2911 2656 3144 2709 aaterna.
3198 2653 3362 2720 Quod
3414 2653 3707 2726 contingit
3748 2670 3892 2711 cum

2227 2741 2543 2798 traduntur
2572 2741 2802 2815 reprobi
2835 2741 2893 2798 in
2927 2741 3218 2800 desideria
3242 2743 3435 2799 cordis
3463 2743 3786 2812 (Rom.1),ut
3807 2743 3893 2800 fa-

2227 2831 2384 2889 ciant
2411 2847 2539 2904 quae
2569 2848 2684 2888 non
2718 2831 3087 2888 conveniunt.
3121 2831 3163 2888 C
3193 2833 3452 2898 Quorum
3481 2831 3749 2904 elevatio,
3782 2833 3891 2890 de-

2219 2920 2398 2993 jectio
2418 2925 2648 2995 est,quo
2678 2919 2834 2977 enim
2871 2919 3072 2976 celsim
3102 2919 3342 2976 ruinosa
3372 2921 3886 2987 conscendunt,eo

2225 3011 2354 3083 ipso
2386 3009 2772 3082 periculosius
2802 3013 3001 3077 ruunt,
3036 3008 3119 3066 sic
3143 3008 3302 3066 enim
3345 3009 3564 3080 efferri;
3607 3012 3736 3083 jam
3792 3027 3888 3067 ca-

2225 3099 2328 3155 dre
2355 3102 2465 3155 est.

453 3191 544 3246 tes
571 3194 756 3246 Deum
784 3187 1010 3245 nescire
1057 3189 1213 3260 quod
1265 3189 1518 3263 agebant
1563 3187 1722 3256 mali,
1757 3203 1826 3244 ex
1872 3205 1940 3244 eo
1973 3187 2110 3260 quia
2141 3175 2186 3240 C
2226 3188 2294 3243 19
2369 3187 2639 3257 Quomodo
2666 3189 2803 3260 facti
2826 3195 2956 3245 sunt
2984 3189 3040 3244 in
3072 3183 3496 3245 desolationem?
3519 3188 3702 3245 subito
3729 3188 3885 3261 defe-

457 3281 794 3350 peccatores
821 3275 1058 3334 divitias
1089 3276 1490 3348 possidebant,
1525 3281 1582 3333 et
1602 3277 1750 3351 justi
1784 3293 1900 3332 non
1921 3278 2111 3350 ;quasi

445 3365 630 3436 justis
655 3369 714 3420 et
743 3363 1018 3421 fidelibus
1045 3365 1188 3420 talia
1217 3365 1296 3422 sit
1323 3365 1640 3438 pollicitus,
1671 3371 1727 3423 et
1775 3385 1890 3423 non
1921 3367 2112 3440 magis

456 3467 744 3526 pauperes
773 3451 832 3508 in
865 3453 1086 3509 mundo
1114 3469 1242 3510 esse
1270 3453 1517 3511 voluerit
1565 3455 1782 3528 quibus
1831 3455 2110 3513 ccelcrum

453 3556 637 3614 regna
665 3539 957 3614 promisit.

453 3629 526 3686 13
597 3633 670 3688 Et
686 3629 864 3696 edixi
903 3636 918 3696 ζ
949 3633 1092 3700 Ergo
1119 3631 1240 3687 sine
1264 3648 1430 3688 causa
1449 3633 1753 3706 justiﬁcavi
1787 3651 1880 3690 cor
1907 3651 2108 3692 meum.

597 3719 665 3775 Et
689 3719 805 3776 lavi
832 3720 980 3778 inter
1006 3722 1320 3778 innocentes
1349 3737 1546 3777 manus
1569 3739 1739 3778 meas.

527 3807 570 3866 Ο
597 3807 725 3865 Vox
753 3807 962 3865 animas
994 3809 1331 3867 ﬂuctuantis
1351 3813 1408 3867 et
1432 3811 1613 3867 anxias
1637 3812 1707 3868 de
1729 3813 2112 3886 prosperitate

455 3900 854 3971 peccatorum,
904 3901 962 3954 et
1010 3898 1312 3956 afﬂuentia
1358 3916 1581 3957 eorum.
1629 3901 1979 3960 Justiﬁcatio
2023 3907 2114 3960 est

457 3986 677 4055 cordis;
709 3985 1090 4060 cogitationes
1119 3987 1600 4058 mundae,ablutio
1625 4006 2114 4066 manuum,opera

455 4075 850 4132 rectitudinis.
902 4075 1095 4134 Causa
1137 4079 1334 4134 autem
1382 4095 1417 4133 a
1461 4094 1594 4134 casu
1643 4078 1799 4136 dicta
1845 4085 1954 4150 est,
1983 4097 2112 4154 quae

453 4181 605 4239 stupe
634 4165 789 4222 bona
820 4163 918 4232 sit,
950 4181 1104 4238 saepe
1135 4165 1323 4236 mala;
1358 4168 1512 4240 quod
1547 4183 1731 4240 genus
1780 4185 1970 4226 causae
2007 4188 2109 4227 an-

453 4269 590 4328 ceps
620 4252 856 4323 dicitur,
890 4255 1170 4328 quoniam
1201 4254 1417 4312 dubius
1448 4261 1537 4313 est
1566 4256 1802 4315 animus
1832 4257 1975 4331 quid
2021 4277 2110 4317 se-

451 4346 688 4416 quatur.

453 4431 522 4488 14
596 4432 661 4488 Et
688 4433 780 4504 fui
805 4433 1118 4504 ﬂagellatus
1149 4437 1261 4490 tota
1287 4433 1378 4490 die
1408 4451 1422 4490 :

600 4519 665 4576 Et
686 4522 976 4594 castigatio
1001 4538 1127 4578 mea
1154 4524 1215 4578 in
1244 4523 1567 4579 matutinis?

413 4625 418 4629 '
527 4608 568 4665 Ο
598 4608 808 4666 Anima
835 4613 1110 4682 aestuans,
1139 4612 1330 4668 adhuc
1359 4613 1430 4668 de
1462 4613 1839 4673 tribulatione
1885 4635 1994 4673 sua
2022 4617 2107 4674 lo-

456 4695 675 4771 quitur,
709 4714 889 4774 quam
919 4698 980 4755 in
1011 4701 1285 4774 presenti
1309 4701 1708 4770 saeculo,velut
1728 4707 1848 4762 tota
1866 4706 1958 4763 die
1981 4725 2109 4764 sus-

453 4785 651 4862 tinuit,
683 4787 852 4862 quasi
881 4789 1042 4846 irrite
1074 4789 1438 4860 sustinuerit,
1470 4792 1612 4848 dum
1647 4792 1878 4850 divitias
1909 4795 2107 4852 seaculi

449 4875 715 4952 (propter
733 4877 890 4936 bona
915 4895 1089 4953 opera
1108 4882 1166 4936 et
1184 4879 1737 4954 tribulationes)non
1768 4883 2103 4942 obtinuerit.

455 4966 524 5021 15
591 4969 658 5024 Si
685 4968 934 5026 dicebam
965 4989 983 5026 :
1013 4969 1262 5028 Narrabo
1288 4971 1372 5027 sic
1398 4989 1417 5026 :

592 5057 726 5114 Ecce
751 5061 1038 5116 nationem
1057 5061 1303 5132 ﬁliorum
1333 5065 1554 5117 tuorum
1578 5063 1880 5134 reprobari.

523 5142 570 5199 Η
601 5145 820 5203 Sensus
847 5146 959 5204 iste
989 5153 1098 5216 est,
1133 5166 1199 5206 ac
1230 5150 1278 5206 si
1323 5151 1480 5206 dicat
1509 5151 1706 5208 anima
1747 5169 1760 5208 :
1817 5154 1965 5210 Dum
2016 5171 2109 5212 me

449 5247 662 5290 accuso
691 5232 751 5290 in
783 5234 1148 5293 orationibus
1178 5238 1506 5308 matutinis,
1541 5240 1588 5296 si
1631 5241 1867 5300 voluero
1917 5241 2109 5301 taliter

449 5319 726 5390 dicere,et
753 5323 839 5381 sic
869 5323 971 5381 Dei
1001 5327 1230 5382 occulta
1256 5328 1479 5398 rimari,
1513 5327 1730 5403 incipio
1761 5347 1794 5387 a
1823 5331 1962 5387 ﬁliis
1989 5333 2107 5388 tuis

450 5407 679 5468 alienus
710 5412 856 5479 ﬁeri,
892 5414 990 5484 qui
1026 5430 1128 5486 per
1155 5432 1349 5472 meam
1379 5418 1849 5490 przndicationem
1881 5421 1968 5476 tui
2002 5421 2106 5477 ﬁlii

453 5497 590 5554 facti
645 5505 806 5556 sunt.
865 5503 913 5557 A
957 5501 1061 5560 Vel
1130 5505 1428 5578 reprobavi
1500 5507 1792 5564 nationem
1853 5509 2105 5566 ﬁliorum

455 5590 780 5660 tuorum,id
792 5591 1174 5662 est,omnium
1195 5594 1681 5669 patriarcharum,
1689 5599 2106 5674 prephetarum

2435 3285 2628 3334 ccrunt
2655 3297 2672 3332 :

2362 3367 2656 3423 Perierunt
2680 3375 2903 3440 propter
2931 3367 3288 3440 iniquitatem
3315 3383 3495 3424 suam.

2291 3459 2332 3512 Ο
2361 3457 2683 3522 Quomodo,
2715 3453 3066 3514 admirantis
3097 3461 3188 3512 est
3217 3471 3345 3524 vox,
3379 3461 3444 3513 ut
3473 3455 3668 3514 subito
3718 3457 3890 3514 deso-

2218 3543 2376 3602 latus
2407 3550 2706 3619 appareat,
2740 3545 2838 3618 qui
2871 3549 3035 3602 tanta
3066 3544 3338 3603 felicitate
3383 3545 3660 3618 pollebat.
3693 3547 3886 3620 Expo-

2221 3632 2307 3691 nit
2336 3633 2510 3690 etiam
2543 3635 2785 3690 modum
2830 3633 3228 3700 desolationis,
3262 3635 3403 3708 quia
3427 3635 3620 3692 subito
3651 3635 3886 3693 defece-

2219 3726 2386 3791 runt;
2420 3725 2576 3796 quod
2610 3723 2905 3796 signiﬁcat
2928 3723 3241 3797 repentinae
3282 3723 3490 3781 mortis
3535 3725 3882 3782 adventum.

2219 3811 2544 3882 Perierunt,
2578 3813 2718 3886 quia
2767 3811 2906 3870 mali
2939 3813 3023 3870 sic
3055 3812 3114 3869 in
3145 3813 3254 3870 hoc
3303 3813 3517 3870 saeculo
3572 3812 3882 3882 deﬁciunt,

2219 3905 2286 3958 ut
2313 3900 2526 3958 iterum
2560 3905 2839 3976 perpetua
2868 3902 3033 3960 clade
3063 3903 3408 3960 moriantur.

2217 3993 2290 4046 20
2367 3993 2517 4048 Velut
2537 3993 2814 4049 somnium
2841 3994 3186 4065 surgentium
3213 4011 3236 4048 :
3346 3991 3350 3996 ⁷
3551 4015 3560 4024 ε
3723 4037 3726 4040 .

2361 4083 2613 4150 Domine,
2648 4083 2708 4136 in
2752 4083 2972 4139 civitate
3017 4079 3116 4138 tua
3164 4083 3468 4153 imaginem
3515 4085 3760 4156 ipsorum
3810 4084 3886 4140 ad

2429 4170 2673 4226 nihil-um
2700 4169 2932 4242 redigas.

2291 4258 2332 4314 C
2363 4258 2612 4315 Pulchra
2641 4259 3073 4332 comparatione
3103 4259 3279 4318 talem
3300 4259 3444 4316 dicit
3472 4275 3602 4316 esse
3631 4259 3887 4324 felicita-

2219 4351 2338 4404 tem
2367 4348 2652 4406 malorum
2674 4348 2845 4422 quale
2863 4349 3160 4406 somnium
3171 4347 3696 4424 evigilantium.Sic
3716 4349 3884 4408 enim

2210 4438 2339 4510 jam
2371 4438 2586 4494 mortui
2626 4437 2860 4495 divitias
2909 4438 3207 4512 possidere
3253 4455 3370 4496 non
3418 4441 3690 4512 possunt,
3723 4439 3887 4498 sicut

2141 4547 2187 4612 ι)
2217 4526 2557 4602 evigilantes
2608 4545 2717 4584 sua
2762 4529 2981 4602 gaudia
3021 4527 3420 4602 perdiderunt.
3455 4527 3608 4584 Perit
3636 4545 3883 4603 quoque

2217 4615 2411 4690 imago
2443 4619 3118 4691 pecccatorum,quando
3149 4635 3210 4674 se
3241 4617 3324 4674 eis
3344 4617 3476 4690 ipsa
3499 4617 3717 4674 veritas
3739 4618 3887 4676 alie-

2217 4710 2355 4762 nata
2383 4705 2737 4766 subtraxerit
2781 4706 2842 4762 in
2890 4705 3110 4762 caelesti
3160 4705 3552 4777 Hierusalem;
3585 4705 3668 4761 ibi
3714 4707 3881 4764 enim

2215 4811 2419 4852 eorum
2449 4793 2672 4868 efﬁgies
2701 4811 2817 4850 non
2847 4792 3265 4869 videbitur,qui
3286 4794 3346 4851 in
3368 4794 3647 4870 gehennae
3667 4810 3887 4870 seque-

2215 4883 2558 4941 strationem
2590 4883 2856 4940 mittendi
2890 4888 3048 4940 sunt.

2215 4975 2280 5029 21
2361 4974 2501 5043 Quia
2525 4974 2932 5044 inﬂammatum
2973 4981 3054 5030 est
3099 4989 3190 5031 cor
3232 4990 3418 5031 meum
3448 4989 3462 5030 :
3494 4981 3548 5030 et
3576 4990 3734 5032 renes
3765 4977 3889 5032 mei

2427 5064 2748 5120 commutati
2773 5067 2904 5118 sunt
2935 5080 2949 5120 :

2358 5153 2422 5207 Et
2451 5169 2544 5223 ego
2573 5151 2643 5208 ad
2675 5151 2916 5208 nihilum
2942 5151 3196 5209 redactus
3223 5169 3346 5208 sum
3371 5154 3427 5210 et
3452 5153 3680 5209 nescivi.

2288 5242 2335 5298 Η
2364 5241 2630 5298 Christus
2660 5239 2947 5297 Dominus
2978 5258 3136 5297 nunc
3166 5240 3448 5314 loquitur,
3469 5241 3609 5316 quia
3637 5241 3886 5298 inﬂam-

2217 5335 2468 5398 matum,
2500 5333 2608 5386 etc.
2643 5329 3082 5388 lnﬂammatum
3113 5334 3202 5388 est
3229 5331 3387 5388 enim
3419 5345 3522 5387 cor
3547 5329 3792 5400 Christi,
3815 5337 3889 5388 ut

2215 5419 2390 5476 faciat
2417 5418 2776 5476 voluntatem
2801 5419 3201 5477 Patris.Renes
3231 5418 3578 5476 commutati
3611 5422 3780 5487 sunt,
3806 5437 3886 5477 ne

2216 5507 2360 5565 mihi
2375 5507 2708 5582 praevaleret
2721 5508 3178 5584 ullainquinatio
3191 5508 3854 5584 cogitationishumanaa
3866 5553 3883 5567 .

2215 5597 2603 5655 Humiliatum
2629 5613 2862 5672 quoque
2891 5615 2953 5658 se
2983 5599 3144 5672 dicit,
3177 5603 3244 5656 ut
3273 5597 3629 5656 monstraret
3648 5613 3710 5656 se
3739 5613 3884 5658 esse
