4054 6168
232 262 345 326 977

1458 263 1865 331 EXPOSITIO
1910 267 2423 333 PSALMOBUM.

3525 268 3648 341 2'18

233 411 433 457 verum
465 389 1115 472 hominem.lgnorasse
1141 416 1277 457 vero
1308 417 1370 458 se
1400 400 1562 471 dicit,
1596 400 1735 474 quia
1751 417 1882 475 pec-
1911 409 1966 478 Α
1993 404 2065 459 27
2137 404 2288 462 Mihi
2313 407 2501 462 autem
2522 402 2806 464 adhaerere
2834 405 2937 463 Deo
2968 404 3171 464 bonum
3199 413 3277 465 est
3307 425 3324 463 :

235 490 456 543 catores
503 489 563 541 et
610 489 849 559 peccata
899 480 1287 564 ignorat,'qui
1317 489 1483 551 nulla
1520 490 1888 566 ignoratione

235 574 480 632 fallitur.
512 578 554 630 C
580 574 683 630 Vel
712 575 975 648 loquitur
1002 578 1157 634 idem
1188 578 1405 635 zelator
1432 581 1535 653 qui
1562 580 1749 636 doluit
1787 597 1885 637 su-

234 682 332 738 per
360 662 669 737 temporali
686 664 1048 723 abundantia
1066 667 1376 735 malorum,
1398 686 1621 743 ponens
1649 686 1885 726 causam

227 754 543 826 curimago
564 770 773 811 eorum
796 755 869 810 ad
895 754 1042 811 nihil
1066 756 1532 831 redigatur,quia
1553 759 1887 816 inﬂamma-

232 849 355 900 tum
385 848 479 899 est
508 860 608 900 cor
627 859 827 901 meum
859 844 1031 901 noxia
1060 845 1380 903 invidentia
1410 865 1514 920 per
1534 866 1652 916 eos,
1687 849 1742 903 id
1775 855 1883 917 est,

233 933 342 1007 ipsi
372 934 564 990 bonos
592 931 814 989 faciunt
835 950 1092 1006 peccare,
1126 940 1191 991 ut
1219 938 1573 1011 quandoque
1621 938 1889 995 dubitent

232 1023 300 1078 de
330 1021 528 1078 divina
547 1022 930 1095 providentia,
954 1030 1012 1079 et
1041 1040 1229 1094 renes,
1264 1025 1324 1081 id
1346 1032 1454 1096 est,
1480 1028 1696 1085 mentis
1726 1044 1889 1085 cous-

232 1111 418 1168 tantia
436 1112 1021 1177 bouorum,movetur
1042 1114 1114 1169 ad
1138 1116 1520 1185 quaerendum
1543 1116 1889 1189 temporalia

235 1218 335 1274 pro
365 1200 496 1257 suis
522 1200 846 1269 laboribus,
877 1202 1095 1274 quibus
1125 1204 1413 1261 debentur
1441 1209 1676 1273 aeterna,
1703 1212 1761 1261 et
1807 1207 1889 1263 ita

232 1291 303 1345 ad
337 1288 507 1358 nihil,
537 1289 596 1348 id
627 1294 735 1357 est,
769 1295 1077 1363 peccatum
1109 1293 1386 1350 redactus
1416 1311 1571 1364 sum,
1606 1299 1715 1351 etc.

230 1400 300 1452 22
376 1401 452 1455 Ut
464 1399 799 1469 jumentum
829 1398 1030 1472 factus
1055 1415 1181 1455 sum
1212 1400 1381 1472 apud
1409 1406 1464 1457 te
1494 1419 1513 1456 :

372 1491 446 1543 Et
475 1488 582 1558 ego
607 1502 836 1561 semper
863 1490 1066 1545 tecum.

303 1576 349 1632 Η
380 1576 455 1633 Ut
462 1577 805 1649 jumentum
824 1577 1011 1635 factus
1033 1595 1167 1635 sum
1191 1578 1333 1635 dicit
1351 1579 1887 1654 Christus,portaus

234 1665 292 1721 in
321 1681 497 1723 carne
528 1669 765 1739 peccata
793 1666 1018 1739 populi,
1052 1672 1109 1723 et
1155 1685 1260 1742 ego
1312 1685 1547 1742 semper
1574 1676 1789 1739 tecum,
1824 1675 1889 1725 ut

231 1760 321 1853 est
346 1754 519 1822 illud,
553 1771 658 1829 ego
776 1759 835 1811 te
865 1760 923 1853 et
950 1759 1014 1812 tu
1039 1757 1104 1853 in
1138 1760 1325 1853 nisi;
1355 1758 1589 1853 Velille
1626 1758 1889 1853 loquitur
1918 1788 1965 1853 Β

210 1846 404 1917 cujus
434 1860 583 1919 pene
606 1844 751 1901 moti
777 1849 919 1901 sunt
948 1846 1269 1918 pedes.Qui
1293 1848 1432 1917 jure
1455 1848 1795 1919 jumentum
1828 1864 1890 1905 se

232 1934 682 2007 dicit,quoniam
709 1934 963 1992 carnalis
983 1933 1279 1992 aemulatio
1302 1953 1461 2005 eum,
1481 1938 1647 2009 quasi
1670 1936 1890 1993 animal

236 2023 654 2093 irrationabile,
690 2023 981 2080 insidebat
1028 2041 1206 2097 super
1262 2026 1648 2100 prosperitate
1706 2026 1889 2083 malo-

236 2129 364 2170 rum
402 2130 417 2169 :
451 2117 510 2170 et
538 2117 735 2171 tamen
759 2112 951 2170 adhuc
978 2117 1171 2170 tecum
1195 2131 1328 2171 sum
1359 2114 1419 2171 in
1451 2116 1564 2172 ﬁde
1592 2114 1728 2172 licet
1755 2132 1888 2190 pec-

236 2209 416 2260 sator.

234 2311 299 2366 23
380 2309 647 2368 Tenuiin
674 2325 908 2366 manum
937 2311 1248 2369 dexteram
1292 2328 1489 2370 meam
1523 2329 1535 2369 :
1579 2319 1636 2380 ε-ει
1659 2319 1714 2369 et
1758 2321 1771 2378 ζ
1818 2313 1880 2369 in

449 2398 754 2457 voluntate
781 2405 885 2456 tua
914 2400 1229 2458 deduxisti
1256 2418 1343 2458 me
1376 2419 1389 2457 :

375 2490 448 2545 Et
476 2506 607 2545 cum
636 2488 843 2564 gloria
868 2491 1180 2560 suscepisti
1209 2508 1318 2546 me.

300 2578 376 2635 Η.
410 2577 627 2635 Tenuit
654 2579 953 2635 dexteram
982 2579 1152 2636 Pater
1200 2579 1364 2647 Filio,
1388 2596 1454 2636 eo
1504 2581 1891 2638 descendente

196 2675 201 2679 ’
230 2668 289 2727 in
318 2667 649 2736 infernum,
681 2668 823 2740 quia
853 2667 1093 2724 sinistra
1139 2667 1357 2724 diaboli
1387 2670 1810 2726 adversabatur
1838 2672 1890 2726 ei

233 2758 291 2815 in
321 2757 524 2815 terris.
552 2757 805 2813 Deduxit
829 2756 893 2812 in
921 2757 1220 2813 voluntate
1247 2763 1670 2831 resurgentem,
1695 2775 1890 2816 susce-

231 2847 320 2920 pit
348 2847 414 2902 in
443 2845 635 2919 gloria
661 2847 734 2902 ad
782 2834 958 2902 coélos
991 2847 1351 2903 redeuntem.
1385 2847 1426 2903 Ο
1454 2847 1577 2916 Vel,
1612 2864 1715 2921 per
1765 2865 1888 2905 ma-

233 2952 381 2991 num
427 2936 725 2992 dexteram
775 2934 1043 2992 remissio
1090 2939 1460 3007 peccatorum
1510 2937 1794 3009 accipitur
1833 2942 1890 2994 et

225 3025 363 3082 ﬁdei
382 3025 576 3080 virtus
608 3029 665 3080 et
693 3023 1019 3082 emlsstium
1043 3023 1419 3093 desiderium,
1440 3030 1497 3081 et
1517 3025 1770 3099 gratuita
1790 3043 1888 3083 vo-

225 3114 455 3171 luntate
482 3130 604 3169 non
634 3114 782 3169 meis
813 3112 1041 3169 meritis
1063 3113 1355 3169 deduxisti
1386 3131 1499 3182 me,
1526 3118 1583 3171 et
1613 3119 1882 3172 naturam

224 3219 420 3260 meam
453 3202 854 3259 incarnatione
872 3205 977 3258 tua
994 3201 1244 3277 gloriose
1265 3202 1575 3275 suscepisti
1597 3205 1668 3259 ad
1692 3205 1887 3260 dexte-

228 3309 351 3350 ram
380 3292 594 3349 Patris.

227 3402 291 3457 24
370 3401 534 3473 Quid
562 3401 720 3457 enim
752 3399 901 3457 mihi
929 3408 1010 3455 est
1042 3401 1104 3456 in
1132 3398 1301 3456 cceto.

368 3491 437 3545 Et
468 3507 503 3544 a
532 3499 588 3546 te
616 3489 760 3563 quid
787 3487 958 3545 volui
984 3505 1159 3560 super
1185 3491 1449 3545 terram?

294 3581 341 3635 Η
380 3578 532 3644 Quid
563 3579 721 3634 enim
749 3576 892 3634 mihi
918 3580 1025 3646 est,
1056 3577 1114 3634 id
1147 3581 1253 3647 est,
1289 3579 1362 3634 ad
1392 3579 1886 3651 comparationem

230 3667 485 3725 caelestis
510 3667 731 3741 gratiae,
753 3684 930 3740 quam
960 3667 1163 3724 electis
1191 3666 1310 3724 tuis
1341 3668 1888 3742 praeparasti,quam

231 3757 368 3813 vilia
395 3761 453 3813 et
484 3757 708 3813 caduca
736 3760 895 3826 sunt,
914 3773 1039 3830 qua:
1070 3774 1104 3812 a
1134 3760 1188 3812 te
1217 3756 1399 3813 voluit
1428 3757 1691 3814 humana
1721 3776 1889 3814 mens

234 3862 412 3921 super
470 3846 733 3901 terram?
763 3844 964 3913 Aliter,
1016 3862 1207 3919 neque
1265 3846 1324 3901 in
1384 3846 1546 3916 coelo,
1580 3863 1769 3920 neque
1827 3846 1889 3902 in

234 3940 409 4008 terra,
442 3934 626 3991 alium
680 3937 887 4009 praeter
933 3938 988 3990 te
1038 3935 1277 4007 quassivi
1312 3952 1325 3991 :
1360 3953 1393 3991 a
1425 3940 1480 3992 te
1528 3937 1764 4009 impleta
1802 3940 1893 3994 est

235 4025 509 4081 voluntas
542 4039 694 4091 mea,
726 4028 791 4079 ut
821 4023 966 4079 mihi
997 4025 1231 4080 ﬂectant
1251 4024 1450 4081 omnia
1479 4042 1669 4099 genua
1698 4025 1892 4082 cccles-

238 4115 405 4181 tium,
440 4111 812 4169 terrestrium
844 4116 899 4168 et
926 4111 1291 4170 infernorum
1320 4114 1565 4187 (Philip.
1599 4115 1681 4186 II).

238 4222 306 4277 25
375 4220 600 4293 Defecit
631 4235 775 4276 caro
806 4235 939 4277 mea
968 4225 1022 4276 et
1048 4237 1144 4277 cor
1163 4237 1354 4277 meum
1375 4242 1393 4275 .-

376 4314 540 4369 Deus
568 4309 767 4367 cordis
792 4310 916 4366 mei
958 4314 1017 4365 et
1056 4325 1202 4382 pars
1247 4327 1378 4366 mea
1420 4314 1575 4368 Deus
1618 4310 1676 4366 in
1721 4316 1892 4370 teter-

456 4415 617 4454 num.

308 4489 356 4545 Η
385 4487 513 4545 Vox
538 4486 831 4545 Ecclesiae.
864 4485 907 4544 Ο
934 4487 1165 4557 defecit,
1190 4505 1289 4544 cor
1321 4487 1526 4561 utique
1560 4506 1594 4545 a
1615 4488 1772 4545 mala
1799 4506 1895 4545 co—

238 4577 550 4652 gitatione.
582 4576 738 4633 Deus
763 4575 976 4645 cordis,
999 4577 1222 4634 bonum
1263 4576 1624 4634 intellectum
1674 4577 1897 4651 signiﬁ-

247 4671 356 4736 cat,
389 4683 527 4723 cum
557 4683 619 4723 se
650 4682 876 4723 errasse
906 4666 1216 4724 sentiebat.
1249 4666 1411 4723 Illius
1456 4666 1713 4729 hominis
1761 4684 1899 4739 pars

246 4755 401 4813 Deus
431 4760 541 4825 est,
572 4755 674 4827 qui
706 4770 770 4811 se
796 4755 1091 4828 maiestati
1120 4754 1307 4828 ipsius
1337 4756 1676 4813 crudelitate
1698 4773 1899 4812 conso-

247 4844 362 4903 ciat
393 4864 407 4900 :
443 4846 509 4900 In
543 4848 824 4900 aeternum
851 4860 914 4901 se
941 4844 1055 4918 ipsi
1087 4844 1381 4908 adhaerere
1426 4846 1715 4919 promisit,
1745 4845 1898 4918 quod

251 4939 339 4992 est
366 4934 780 5011 perfectorum.

249 5041 321 5098 se
390 5044 551 5113 Quia
575 5056 717 5117 εσσε,
732 5042 836 5114 qui
864 5042 1145 5115 elongant
1171 5057 1230 5097 se
1260 5058 1301 5098 α
1336 5051 1392 5098 te
1417 5042 1695 5114 peribunt
1727 5058 1740 5099 :

392 5131 718 5189 Perdidisti
741 5147 970 5188 omnem
996 5132 1102 5203 qui
1128 5130 1470 5206 fornicatur
1494 5132 1599 5189 abs
1627 5139 1704 5188 te.

324 5224 366 5275 Ο
394 5221 512 5294 Ipsi
543 5220 703 5276 enim
752 5236 815 5277 se
860 5219 1279 5293 elongaverunt
1324 5220 1395 5275 ab
1444 5238 1531 5286 eo,
1578 5222 1679 5292 qui
1732 5221 1903 5277 idolis

256 5309 607 5365 serviebant.
640 5308 937 5365 Fornicari
967 5313 1058 5366 est
1084 5325 1120 5364 a
1148 5308 1534 5380 Deo,quando
1558 5309 1904 5366 adulterinis

2137 497 2345 552 Ponere
2375 497 2434 551 in
2466 497 2693 565 Domino
2720 496 2825 552 Deo
2848 512 2999 570 spem
3026 513 3227 553 meam.

2067 583 2127 639 C.
2163 583 2217 639 Is
2248 584 2405 639 enim
2437 583 2725 641 divinitati
2760 584 3033 653 adhaeret,
3051 586 3151 659 qui
3183 603 3245 643 se
3274 584 3358 642 illi
3382 603 3517 644 vera
3532 586 3647 646 ﬁde

1997 676 2173 744 atque
2198 690 2440 746 operum
2475 674 2762 746 probitate
2810 675 3136 748 conjungit,
3173 680 3230 731 et
3276 676 3440 749 ponit
3481 693 3647 749 spem

1996 778 2164 817 suam
2198 779 2427 834 semper
2457 763 2517 818 in
2541 763 2825 836 Deo,quia
2856 763 3001 818 nihil
3026 768 3219 836 potest
3240 781 3369 821 esse
3391 765 3644 835 beatius,

1997 868 2171 923 quam
2210 850 2293 906 illi
2325 853 2523 907 omnia
2553 853 2937 922 committere,
2970 852 3072 924 qui
3103 853 3268 910 novis
3296 854 3422 910 suis
3462 853 3649 911 culto-

1996 940 2161 997 ribus
2190 942 2497 1013 profutura
2526 946 2818 1014 praestare.

1994 1031 2065 1085 28
2143 1031 2207 1087 Ut
2234 1033 2561 1087 annuntiem
2589 1048 2769 1088 omnes
2795 1031 3221 1105 praadicationes
3247 1038 3369 1089 tuas
3398 1050 3416 1087 .-

2138 1122 2200 1175 In
2224 1123 2400 1192 portis
2424 1122 2563 1192 ﬁlia:
2586 1122 2740 1178 Sion.

2066 1212 2106 1263 C
2133 1209 2269 1266 Sion
2311 1211 2607 1281 speculatio
2648 1210 3081 1283 interpretatur.
3117 1210 3292 1269 Istius
3338 1228 3474 1285 ergo
3520 1228 3652 1268 con-

1997 1297 2395 1370 templationis
2426 1299 2632 1366 ﬁliam,
2666 1299 3016 1356 catholicam
3043 1304 3274 1356 constat
3303 1316 3432 1357 esse
3462 1300 3653 1366 Eccle-

1996 1387 2168 1456 siam,
2202 1387 2300 1442 ubi
2348 1404 2544 1444 revera
2602 1388 2806 1445 laudes
2856 1389 3083 1446 Domini
3126 1389 3337 1458 reddit,
3372 1391 3472 1462 qui
3504 1407 3652 1463 pura

1998 1482 2192 1532 mente
2222 1476 2549 1533 crediderit.
2582 1478 2646 1534 In
2678 1479 2882 1550 portis,
2904 1478 3102 1550 ipsum
3133 1477 3462 1551 ingressum
3486 1477 3650 1535 Chri-

1997 1565 2316 1622 stianitatis
2346 1566 2505 1633 dicit,
2540 1568 2777 1639 quando
2811 1568 2882 1622 ad
2929 1567 3107 1623 ﬁdem
3148 1558 3347 1623 veram
3399 1566 3650 1640 populus

1998 1671 2156 1711 novae
2190 1654 2645 1728 regenerationis
2680 1657 3014 1712 adducitur.

2473 1780 2678 1819 ORALIO
2716 1781 2787 1819 EX
2826 1780 2961 1820 PSAL
3001 1780 3171 1819 LXXII.

2071 1869 2181 1925 Fac
2208 1885 2336 1940 nos,
2370 1869 2634 1937 Domine,
2658 1871 2764 1925 tibi
2787 1871 3012 1943 jugiter
3040 1869 3354 1937 adhaerere,
3388 1869 3449 1925 in
3481 1873 3535 1926 te
3563 1873 3653 1925 to-

1998 1961 2119 2014 tam
2167 1958 2441 2014 virtutem
2490 1958 2612 2031 spei
2662 1962 2871 2015 nostrae
2921 1959 3194 2031 deﬁgere,
3228 1963 3293 2014 ut
3321 1975 3654 2015 mereamur

1997 2047 2201 2102 laudes
2233 2051 2364 2103 tuas
2394 2047 2452 2102 in
2478 2048 2661 2121 portis
2687 2047 3062 2105 zeternalibus
3087 2048 3377 2104 nuntiare.
3411 2048 3517 2105 Per
3549 2046 3654 2103 Do-

1999 2137 2225 2193 minum
2257 2140 2526 2193 nostrum
2555 2137 2759 2194 Jesum
2792 2136 3112 2207 Christum,
3146 2140 3255 2192 etc.

2524 2271 2850 2328 PSALMUS
2892 2269 3128 2328 LXXIII.

2407 2377 2813 2418 ARGUMENTUM
2844 2377 3001 2417 PSAL.
3046 2376 3237 2416 LXXIII.

2068 2463 2126 2516 Ο.
2161 2461 2468 2534 Synagoga
2522 2458 2807 2533 deplorat,
2870 2476 2976 2515 cur
3029 2458 3119 2515 sui
3184 2457 3385 2514 traditi
3436 2457 3655 2515 fuerint

1996 2549 2295 2622 gentibus.

2141 2639 2257 2694 TT.
2292 2638 2601 2695 Intellectus
2630 2638 2831 2710 Asaph.

2068 2733 2107 2782 Ο
2136 2726 2474 2783 Intellectus
2525 2727 2818 2801 signiﬁcat
2861 2726 3321 2800 speculationem
3372 2724 3659 2796 divinam,

1998 2833 2175 2889 quam
2208 2816 2473 2889 psalmus
2497 2815 2608 2873 iste
2638 2816 2967 2873 denuntiat.
2991 2815 3185 2888 Asaph
3234 2815 3656 2887 interpretatur

1993 2908 2359 2978 congregatio,
2390 2923 2517 2979 quae
2550 2923 2706 2962 nunc
2736 2909 2975 2962 vocatur
3003 2904 3281 2963 Ecclesia.

2140 2996 2202 3053 Ut
2231 2994 2380 3067 quid,
2412 2997 2575 3063 Deus,
2606 2995 2861 3067 repulisti
2892 2996 2949 3049 in
2980 2994 3145 3065 ﬁnem
3176 3008 3192 3048 :

2135 3080 2317 3139 Iratus
2341 3092 2418 3140 est
2446 3086 2606 3155 furor
2635 3092 2761 3139 tuus
2789 3099 2952 3156 super
2978 3098 3098 3139 oves
3125 3096 3350 3154 pascuae
3379 3084 3537 3139 tuae?

1916 3166 1958 3233 C
2066 3177 2106 3227 Ο
2135 3171 2536 3229 Israelitarum
2567 3172 2819 3245 papulus
2848 3188 2950 3244 per
2980 3174 3175 3226 totum
3212 3170 3479 3242 loquitur
3503 3168 3659 3243 psal-

1991 3279 2175 3331 mum,
2210 3262 2307 3334 qui
2342 3262 2638 3334 quzerebat
2674 3262 2930 3328 territus,
2963 3276 3070 3315 cur
3099 3258 3502 3316 sanctuarium
3543 3257 3657 3314 Do-

1992 3350 2138 3407 mini
2170 3368 2486 3424 passurum
2518 3354 2669 3406 esset
2700 3349 3186 3406 uefandissimam
3205 3346 3661 3405 vanitatem.Re-

1996 3439 2219 3512 pulisti,
2252 3438 2313 3495 id
2347 3443 2438 3495 est
2468 3438 2752 3509 abjecisti,
2776 3437 2948 3509 quasi
2994 3435 3215 3493 alienos
3248 3452 3283 3492 a
3310 3438 3413 3491 tua
3460 3433 3659 3492 defen-

1996 3530 2159 3586 sioue
2208 3528 2315 3585 feci
2358 3529 2503 3584 ti.In
2536 3529 2713 3582 ﬁnem
2742 3544 2755 3581 :
2790 3524 3185 3599 captivitatem
3217 3523 3662 3599 signiﬁcat,quaa

1996 3619 2186 3675 fuerat
2232 3620 2345 3674 sub
2394 3621 2657 3690 tempore
2686 3613 3029 3688 Vespasiani
3077 3617 3136 3669 et
3164 3613 3301 3670 Titi.
3335 3613 3481 3670 Oves
3515 3610 3661 3671 dicit

1999 3708 2285 3782 populum
2311 3708 2690 3766 Judaaorum-

1998 3798 2033 3854 2
2144 3799 2344 3854 Memor
2373 3804 2482 3853 esto
2506 3795 2943 3867 congregationis
2974 3801 3081 3850 tute
3102 3811 3121 3849 :
3170 3786 3175 3791 ’

2139 3890 2325 3957 Quam
2354 3886 2645 3959 possedisti
2663 3884 2729 3939 ab
2760 3885 2942 3940 initio.
3330 3932 3335 3938 .
3570 3934 3575 3939 ,

2071 3975 2113 4033 C
2134 3974 2521 4049 Congregatio
2537 3974 2875 4032 Judaaorum
2899 3971 3272 4028 vehementer
3307 3967 3611 4042 praevaluit
3644 3984 3656 4022 :

2001 4081 2138 4121 cum
2169 4082 2269 4123 eos
2300 4065 2411 4121 sub
2441 4063 2668 4137 ngypti
2718 4060 2932 4135 populo
2974 4074 3229 4115 crescere
3275 4056 3543 4112 faciebat.
3574 4056 3659 4111 Ab

2001 4152 2169 4209 initio
2203 4153 2346 4208 dicit
2378 4152 2532 4221 ﬁdei,
2566 4151 2788 4208 scilicet
2817 4148 3056 4205 culturae
3090 4144 3338 4212 tradita,
3358 4160 3537 4216 quam
3562 4159 3664 4229 per

2005 4242 2241 4315 Moysen
2271 4242 2495 4313 accepit
2519 4239 2773 4312 populus
2804 4237 3099 4293 Hebrmus.
3312 4309 3317 4315 .

2003 4332 2037 4387 3
2147 4330 2443 4387 Redemisti
2478 4330 2695 4398 virgam
2722 4324 3065 4383 haereditatis
3093 4331 3205 4380 tuae
3234 4340 3253 4378 :

2149 4419 2295 4476 Mons
2327 4419 2459 4475 Sion
2488 4419 2548 4473 in
2578 4432 2682 4488 quo
2713 4416 2974 4472 habitasti
3020 4419 3074 4478 ’ἐι
3104 4414 3163 4470 in
3191 4427 3251 4469 eo
3292 4417 3307 4477 ξ

2081 4508 2122 4564 C
2152 4508 2471 4564 Hiero-ditas
2499 4507 2611 4562 fuit
2625 4504 2724 4562 Dei
2747 4503 3000 4577 populus
3020 4503 3376 4569 Iudaeorum,
3396 4497 3660 4571 quandiu

2011 4598 2063 4655 ei
2098 4614 2244 4671 puro
2276 4598 2473 4653 animo
2504 4596 2827 4652 serviebat:
2853 4594 3004 4650 hanc
3033 4590 3434 4648 hereditatem
3463 4585 3662 4660 appel-

2009 4687 2151 4743 lavit
2178 4691 2236 4742 et
2264 4685 2507 4760 virgam,
2540 4688 2776 4758 propter
2805 4684 3042 4757 Moysen
3074 4679 3364 4739 famulum
3394 4678 3542 4749 ejus,
3561 4675 3662 4747 qui

2010 4794 2113 4849 per
2139 4776 2362 4849 virgam
2394 4792 2498 4848 pro
2531 4774 2744 4847 populo
2766 4770 3060 4847 magnalia
3086 4769 3240 4826 fecit.
3264 4767 3379 4824 .Per
3403 4768 3661 4827 montem

2009 4867 2169 4934 Sion,
2204 4863 2663 4937 Hierosolymam
2722 4861 3014 4934 signiﬁcat
3067 4857 3381 4921 civitatem,
3430 4852 3490 4909 in
3547 4867 3665 4924 qua

2009 4954 2367 5012 Israeliticus
2396 4951 2649 5025 populus
2681 4950 3000 5006 habitabat.

2010 5046 2043 5099 4
2154 5044 2290 5099 Leva
2318 5057 2516 5097 manus
2548 5048 2669 5096 tuas
2698 5040 2759 5094 in
2784 5036 3070 5109 superbius
3117 5050 3306 5091 eorum
3348 5035 3408 5089 in
3448 5033 3614 5104 ﬁnem
3641 5048 3665 5087 :

2156 5132 2371 5199 Quanta
2399 5128 2743 5196 malignatus
2773 5133 2847 5181 est
2879 5125 3139 5180 inimicus
3170 5124 3230 5178 in
3257 5126 3466 5179 sancto.

2083 5223 2123 5273 C
2151 5218 2382 5275 Elevata
2410 5221 2499 5273 est
2528 5232 2664 5288 ergo
2697 5215 2756 5269 in
2789 5213 2933 5286 ipsis
2969 5212 3201 5285 populis
3232 5212 3492 5285 potentia
3519 5210 3621 5267 Dei
3647 5224 3661 5264 :

2014 5309 2248 5382 quando
2267 5305 2603 5379 superbiam
2624 5320 2823 5359 eorum
2844 5302 3032 5375 gratia
3044 5300 3397 5358 humilitatis
3408 5315 3668 5356 commu-

258 5397 715 5470 cogitationibus
745 5398 819 5454 ab
866 5399 995 5471 ejus
1042 5402 1205 5454 casto
1255 5414 1452 5454 amore
1484 5399 1815 5467 deviamus;
1851 5403 1907 5456 et
2014 5400 2160 5455 tavit
2190 5414 2202 5452 :
2239 5396 2562 5468 perducens
2593 5410 2691 5449 eos
2724 5391 2784 5448 in
2812 5392 3013 5458 ﬁnem,
3042 5390 3102 5446 id
3131 5395 3220 5447 est
3255 5389 3316 5445 in
3346 5388 3663 5446 Dominum

258 5486 545 5560 quidquid
578 5491 785 5544 contra
809 5486 1159 5546 catholicam
1184 5488 1360 5545 ﬁdem
1379 5488 1652 5554 creditur,
1670 5487 1906 5560 pollutis
2017 5487 2398 5545 Salvatorem.
2415 5482 2697 5539 Inimicus
2724 5500 2737 5537 :
2763 5481 3058 5555 signiﬁcat
3081 5478 3361 5554 populum
3380 5479 3665 5534 Romano-

258 5576 529 5636 sensibus
558 5576 900 5641 fornicatur.

2017 5576 2279 5648 rum,qui
2302 5575 2360 5631 in
2384 5573 2481 5630 illo
2498 5577 2757 5646 tempore
2781 5570 3031 5645 insignis
3047 5568 3340 5628 idolorum
3359 5565 3546 5651 cultor
3560 5564 3663 5622 ha-
