4054 6168
424 258 565 351 279

1335 285 1397 348 S.
1444 285 1838 349 BRUNONIS
1883 285 2505 349 HERBIPOLENSIS
2552 284 2930 348 EPISCOPI.

3717 284 3846 347 280

427 421 694 490 bebatur,
716 419 819 497 qui
849 417 1207 495 malignatus
1237 423 1327 476 est
1366 418 1426 476 in
1467 418 1612 476 lOOlS
1632 419 1848 479 sanctis
1873 418 2075 477 Hieru-
2105 420 2160 489 Α
2194 419 2260 476 10
2331 418 2509 496 Signa
2538 426 2725 477 nostra
2745 436 2855 477 non
2874 415 3113 476 vidimus
3135 435 3155 475 :
3166 416 3289 493 jam
3305 433 3418 475 non
3437 424 3518 476 est
3535 420 3844 494 propheta:

430 510 637 578 salem,
656 510 892 583 quando
910 509 1239 567 sacerdotes
1261 512 1497 581 totaque
1522 508 1849 566 ministeria
1871 509 2075 584 templi

428 601 490 658 in
519 600 774 675 praedam
818 598 1003 656 missa
1047 602 1382 671 patuerunt,
1415 603 1740 672 cunctaque
1787 615 1931 673 gens
1969 600 2076 656 Ju-

429 691 712 760 dmorum,
745 694 847 747 aut
873 688 1068 763 gladio
1099 689 1414 761 subjacuit,
1449 692 1549 745 aut
1580 689 1900 762 captivitati
1941 691 2077 747 sub-

422 781 633 855 jugata
657 780 788 837 fuit.

427 871 465 925 5
572 870 637 926 Et
661 869 889 938 gloriati
913 874 1045 924 sunt
1072 868 1170 939 qui
1197 866 1428 924 oderunt
1449 875 1498 924 te
1529 887 1548 923 :

571 959 636 1015 In
661 957 838 1015 medio
867 958 1225 1014 solemnitatis
1254 965 1385 1014 tuae.

500 1047 547 1105 Il
579 1046 916 1106 Glorientur
946 1049 1450 1121 peccatores,cum
1469 1045 1750 1103 instinctu
1780 1046 1995 1104 diaboli
2015 1063 2083 1104 ex

428 1136 526 1194 Dei
559 1135 711 1206 odio,
745 1139 983 1193 sanctos
1032 1139 1319 1208 martyres
1366 1136 1555 1207 poenis
1585 1136 1875 1209 afﬂigunt.
1911 1140 1950 1192 C
1978 1137 2081 1192 Vel

428 1225 661 1301 gloriati
694 1229 834 1283 sunt
863 1224 1134 1293 Romani,
1168 1226 1308 1280 dum
1340 1224 1516 1281 etiam
1547 1225 1605 1279 in
1636 1225 1854 1299 templo
1884 1225 1983 1283 Dei
2024 1225 2082 1281 in

428 1314 791 1373 Hierusalem
823 1314 1197 1387 sacrilegium
1230 1314 1681 1370 committerent.

427 1406 464 1464 6
572 1410 879 1462 Posuerunt
910 1406 1074 1474 signa
1097 1419 1199 1459 sua
1242 1408 1298 1468 -:-
1323 1405 1484 1475 signa
1527 1412 1539 1467 ζ
1584 1413 1637 1460 et
1677 1420 1785 1461 non
1827 1421 2083 1478 cognove-

646 1501 777 1550 runt
803 1510 826 1552 :

577 1584 731 1641 Sicut
760 1584 819 1639 in
849 1583 1004 1639 exitu
1029 1598 1195 1654 super
1212 1598 1508 1638 summum.
1554 1650 1555 1653 η

507 1675 547 1727 C
576 1671 778 1728 Posuit
807 1672 1107 1727 Romanus
1128 1670 1414 1727 exercitus
1443 1670 1634 1744 signa,
1664 1671 1889 1729 scilicet
1917 1674 2083 1746 aqui-

434 1760 544 1830 las,
577 1761 876 1830 dracones,
909 1763 1229 1833 caateraque
1260 1760 1477 1832 quibus
1509 1762 1569 1816 in
1596 1760 1795 1833 przelio
1826 1763 1911 1818 uti
1943 1762 2087 1820 sole-

436 1849 558 1907 bat.
588 1850 766 1906 Addit
796 1850 985 1923 signa,
1017 1853 1082 1904 ut
1113 1849 1243 1922 ipsa
1273 1849 1537 1923 repetitio
1577 1856 1966 1909 commoveret
1985 1853 2084 1924 ju-

436 1939 627 1996 dicem
657 1939 728 1995 ad
756 1937 1074 1995 vindictam
1106 1937 1374 2008 celerem,
1409 1941 1467 1995 et
1503 1956 1619 1995 non
1669 1945 2086 2013 cognoverunt,

410 2028 591 2102 ’quod
620 2028 670 2084 si
701 2026 1131 2100 cognovissent,
1166 2026 1274 2083 tibi
1327 2027 1530 2102 utique
1582 2026 2000 2102 sacrificarent,
2032 2034 2089 2086 et

434 2134 551 2174 non
580 2115 894 2190 elegissent
924 2117 996 2172 ad
1028 2116 1362 2173 daemonum
1394 2116 1582 2173 redire
1612 2117 1895 2176 culturas.
1921 2120 1988 2176 Et
2016 2120 2089 2176 si-

433 2222 552 2280 gna
580 2223 687 2262 sua
711 2222 889 2279 super
918 2222 1245 2273 summum,
1280 2206 1340 2261 in
1366 2209 1466 2262 tuo
1497 2206 1718 2280 templo
1751 2198 1952 2264 sancto
1984 2226 2086 2282 po-

437 2294 629 2352 suisse
658 2298 1080 2367 memorantur,
1116 2296 1619 2367 quemadmodum
1651 2296 1841 2353 solent
1870 2297 2088 2372 princi-

438 2400 581 2459 pum
612 2387 819 2441 statuae
854 2401 869 2442 :
901 2384 961 2439 in
993 2382 1204 2457 plateis
1234 2400 1336 2457 per
1365 2383 1493 2441 loca
1517 2385 1688 2442 mdita
1720 2386 2090 2457 collocari,ut

438 2472 725 2531 memoria
752 2472 1039 2529 viantium
1069 2472 1397 2529 instruatur
1423 2472 1566 2530 visis
1597 2474 1838 2532 talibus.

435 2564 473 2618 7
584 2563 754 2633 Quasi
784 2564 844 2618 in
871 2562 1013 2618 silva
1044 2563 1321 2633 lignorum
1346 2565 1631 2621 securibus
1658 2566 1977 2623 exciderunt
1997 2568 2087 2637 ja-

650 2668 791 2708 nuas
818 2652 936 2724 ejus
966 2651 1027 2708 in
1059 2651 1294 2725 idipsum
1325 2670 1337 2708 :

580 2746 652 2800 In
678 2743 860 2799 securi
887 2750 937 2798 et
967 2743 1118 2798 ascia
1145 2741 1455 2815 defecerunt
1497 2749 1553 2810 -:—
1579 2760 1701 2800 eam
1741 2750 1755 2807 ζ

511 2829 553 2887 C
581 2829 773 2886 Janua
802 2830 959 2887 enim
993 2848 1027 2887 a
1054 2830 1202 2887 Jano
1232 2831 1391 2888 dicta
1418 2836 1527 2902 est,
1561 2834 1715 2905 quod
1746 2850 1851 2907 per
1894 2835 2088 2907 ipsum

438 2921 578 2977 anni
594 2920 685 2993 (ut
703 2919 993 2994 putabant
1014 2918 1350 2993 idololatrm)
1373 2922 1729 2994 praeberetur
1762 2922 2086 2997 ingressus.

436 3010 583 3084 Ergo
600 3012 667 3066 ut
686 3006 976 3065 civitatem
996 3008 1248 3078 illam,in
1263 3011 1503 3067 modum
1525 3010 1806 3069 silvarum
1828 3014 2092 3072 ostende-

435 3102 525 3156 ret
552 3096 821 3155 funditus
871 3114 1001 3156 esse
1045 3101 1355 3171 vastatam,
1385 3116 1489 3173 per
1538 3100 1660 3156 hinc
1698 3101 2092 3161 instrumenta

2328 511 2392 566 Et
2420 526 2518 566 nos
2546 527 2658 565 non
2685 513 2968 579 cognoscet
2996 509 3256 582 amplius.

2258 598 2300 654 C
2326 598 2532 655 Adhuc
2563 599 2678 655 ista
2706 599 2881 677 verba
2930 602 3071 655 sunt
3119 598 3559 671 desperantium
3608 598 3845 656 Judaao-

2187 687 2681 757 rum,dicentium
2707 688 2894 761 signa,
2912 705 3037 761 quae
3074 687 3342 761 patribus
3370 704 3572 744 eorum
3604 688 3847 746 fuerunt

2188 776 2418 846 collata,
2452 777 2799 850 semetipsos
2832 795 2948 833 non
2978 776 3197 834 vidisse
3224 776 3285 832 in
3325 776 3446 833 illis
3492 776 3846 835 calamitati-

2189 868 2321 933 bus,
2355 884 2421 923 ac
2470 866 2805 940 prophetas,
2840 868 2910 922 de
2959 866 3178 939 quibus
3223 866 3675 932 instruerentur,
3720 885 3844 925 non

2189 956 2489 1023 habuisse,
2520 960 2579 1012 et
2601 955 2728 1012 ideo
2759 972 2820 1012 sc
2852 974 2887 1012 a
2914 956 3031 1012 Deo
3065 955 3246 1012 fuisse
3276 954 3603 1013 derelictos.

2192 1048 2254 1102 11
2337 1047 2634 1118 Usquequo,
2667 1047 2827 1114 Deus,
2862 1046 3253 1118 improperabit
3282 1046 3541 1101 inimicus
3570 1064 3588 1100 :

2332 1136 2522 1191 Irritat
2548 1134 2896 1191 adversarius
2926 1151 3123 1191 nomen
3154 1143 3312 1190 tuum
3336 1135 3398 1190 in
3425 1135 3635 1207 ﬁnem?

2260 1227 2310 1278 H
2343 1224 2519 1280 Facta
2549 1224 2849 1293 sunthaec,
2877 1241 3003 1297 qua:
3028 1225 3154 1297 jam
3182 1227 3417 1280 narrata
3447 1228 3605 1292 sunt,
3639 1241 3849 1283 secun-

2192 1314 2332 1369 dum
2367 1312 2689 1382 historiam,
2724 1329 2857 1369 cum
2889 1313 3425 1371 Nabuchodonosor
3464 1314 3709 1371 abduxit
3737 1315 3846 1371 Ju-

2193 1403 2348 1459 daeos
2380 1402 2438 1457 in
2469 1402 2841 1476 Babylonem,
2873 1402 2961 1459 vel
2991 1418 3125 1459 cum
3158 1402 3328 1459 Titus
3359 1406 3417 1459 et
3444 1402 3845 1476 Vespasianus

2194 1508 2476 1548 succensa
2523 1492 2753 1548 civitate
2804 1491 3022 1549 multos
3069 1491 3450 1565 perimerunt.
3481 1495 3522 1547 C
3560 1492 3776 1561 lrritat,
3810 1512 3847 1549 a

2194 1580 2441 1638 canibus
2459 1585 2711 1637 tractum
2735 1584 3102 1654 est,quorum
3124 1580 3520 1650 latratibus,id
3542 1585 3635 1638 est
3650 1581 3851 1639 littera

2194 1669 2515 1743 plurimum
2547 1674 2737 1727 sonat.
2770 1670 2852 1728 De
2880 1670 3098 1727 Judaais
3127 1670 3325 1743 itaque
3366 1687 3436 1727 ex
3478 1671 3851 1745 impatientia

2195 1763 2398 1815 contra
2422 1760 2736 1816 Dominum
2768 1758 3146 1833 loquentibus
3194 1760 3422 1833 quarit.
3455 1760 3726 1827 Quandiu
3767 1760 3854 1817 ita

2195 1867 2296 1907 eos
2325 1850 2720 1923 improperare
2741 1850 2929 1906 sinis?
2946 1850 3208 1923 quandiu
3230 1848 3536 1906 inimicum
3565 1854 3624 1905 et
3650 1851 3855 1906 adver-

2195 1941 2418 1997 sarium
2450 1938 2617 1995 illum
2651 1938 2758 1996 tibi
2789 1938 3070 2013 populum
3106 1956 3224 1995 non
3267 1939 3557 1996 convertis
3605 1940 3680 1996 ad
3709 1956 3852 1996 con-

2196 2028 2511 2085 fessionem
2569 2046 2765 2085 veram
2818 2028 3011 2085 laudis
3066 2030 3219 2085 tusa?
3245 2029 3308 2085 In
3367 2029 3568 2101 finem,
3628 2027 3857 2086 scilicet

2196 2118 2424 2186 mundi,
2460 2120 2695 2192 quando
2725 2135 2869 2191 gens
2893 2116 2995 2174 illa
3014 2121 3400 2175 convertatur.
3634 2172 3639 2177 .

2199 2207 2266 2262 12
2342 2207 2405 2263 Ut
2429 2206 2560 2279 quid
2588 2208 2793 2262 avertis
2820 2223 3053 2262 manum
3081 2214 3237 2262 tuam
3263 2213 3315 2263 et
3339 2205 3623 2263 dexteram
3650 2213 3806 2263 tuam
3834 2224 3858 2263 :

2336 2298 2412 2352 De
2436 2294 2615 2352 medio
2643 2297 2773 2352 sinu
2803 2299 2895 2372 tuo
2927 2298 2983 2351 in
3014 2296 3221 2367 finem?

2268 2384 2664 2457 Spiritualiter
2681 2384 2777 2441 hic
2791 2384 3049 2442 Ecclesia
3064 2386 3243 2442 Deum
3256 2386 3485 2442 Patrem
3508 2386 3859 2459 deprecatur

2197 2474 2268 2529 de
2301 2474 2599 2548 unigenito
2631 2474 2794 2544 Filio,
2813 2474 2912 2548 qui
2944 2474 3005 2531 in
3026 2474 3161 2532 sinu
3191 2474 3381 2532 Patris
3411 2475 3625 2549 est,qui
3640 2479 3697 2533 et
3718 2476 3857 2532 dex-

2196 2566 2323 2619 tera
2346 2562 2756 2637 appellatur,et
2777 2581 3089 2632 manus,ne
3112 2565 3303 2621 tardet
3329 2581 3467 2621 eum
3486 2564 3856 2622 transmitte-

2199 2670 2260 2709 re
2291 2652 2352 2709 in
2384 2652 2574 2709 terris.
2596 2653 2641 2709 H
2673 2655 2712 2709 C
2742 2654 2908 2710 Tunc
2934 2658 3129 2711 autem
3163 2657 3418 2712 avertere
3440 2671 3681 2712 manum
3702 2655 3856 2712 dioi-

2198 2747 2313 2798 tur.
2348 2759 2482 2799 cum
2517 2759 2625 2799 nos
2654 2759 2893 2817 peccare
2923 2743 3081 2800 sinit.
3115 2747 3155 2799 C
3183 2745 3347 2801 Tunc
3385 2760 3520 2800 vero
3567 2743 3858 2801 convertit

2200 2848 2467 2902 manum,
2502 2849 2634 2889 cum
2666 2836 2902 2906 peccata
2930 2832 3026 2889 hic
3055 2832 3314 2907 corrigit.
3347 2833 3395 2890 Η
3427 2833 3602 2890 Sinus
3651 2837 3856 2890 antem

2179 2920 2322 2991 'Dei,
2356 2922 2759 2978 sanetuarium
2787 2922 2917 2995 ejus
2946 2926 3057 2989 est,
3089 2922 3376 2996 templum
3419 2923 3570 2995 ejus,
3599 2922 3689 2980 vel
3719 2923 3859 2995 ejus

2198 3010 2485 3067 custodia.
2509 3010 2550 3067 C
2578 3010 2682 3067 Vel
2703 3012 2774 3091 ad
2806 3010 3195 3079 litteram,cur
3214 3028 3249 3067 a
3270 3011 3489 3078 sinu,id
3519 3016 3609 3068 est
3627 3011 3859 3069 Iudaeis

2198 3099 2408 3157 avertis
2439 3117 2704 3166 manum,
2734 3101 2792 3157 id
2822 3104 2911 3158 est
2954 3100 3280 3172 Christum,
3312 3117 3501 3174 usque
3548 3101 3619 3157 ad
3642 3101 3855 3170 ,ﬁnem

434 3186 665 3245 fabrilia
693 3186 835 3244 dicit
864 3203 993 3244 esse
1024 3187 1330 3260 dejectam.
1364 3190 1505 3262 Ejus
1533 3206 1669 3248 vero
1702 3206 1716 3245 :
1750 3192 1953 3266 templi
1998 3193 2085 3249 in-
2119 3173 2162 3243 C
2196 3189 2436 3247 saeculi?
2465 3191 2702 3263 quando
2733 3190 2945 3246 iterum
2978 3190 3050 3246 ad
3100 3190 3299 3246 sinum
3348 3173 3517 3247 tuum
3557 3190 3857 3247 convertis

436 3274 652 3349 tellige.

436 3364 472 3417 8
579 3362 950 3419 Incenderunt
980 3365 1099 3435 igni
1125 3368 1505 3423 sanctuarium
1533 3375 1691 3424 tuum
1721 3385 1734 3425 :

582 3452 643 3507 ιη
666 3458 813 3507 terra
835 3452 1154 3524 polluerunt
1182 3454 1598 3513 tabernaculum
1630 3460 1868 3516 nominis
1897 3461 1998 3518 tui.

512 3538 554 3594 C
581 3538 802 3596 Crescit
829 3539 995 3597 dolor
1025 3555 1038 3595 :
1072 3542 1172 3596 ubi
1217 3541 1522 3601 calamitas
1569 3547 1885 3605 eversionis
1917 3566 2088 3624 auge-

437 3630 555 3685 tur.
587 3627 998 3685 Sanctuarium
1028 3627 1173 3685 illud
1206 3646 1219 3685 ε
1253 3631 1539 3705 templum
1566 3634 1678 3690 fuit
1729 3638 1884 3709 quod
1932 3637 2088 3696 Salo-

439 3732 577 3773 mon
626 3716 882 3773 mirabili
924 3716 1309 3776 aedificatione
1337 3723 1681 3780 construxit.
1718 3724 1876 3782 Istud
1929 3727 2085 3784 enim

435 3804 745 3878 templum,
794 3806 950 3878 quod
998 3805 1274 3865 visitabat
1318 3809 1506 3867 virtus
1540 3811 1794 3871 caelestis
1827 3832 1840 3871 :
1876 3832 2086 3874 manus

432 3891 643 3965 polluit
669 3893 999 3963 vastatoris,
1034 3898 1094 3951 et
1124 3913 1309 3969 usque
1339 3898 1410 3954 ad
1442 3902 1659 3956 terram
1690 3900 1950 3960 culmina
1986 3905 2085 3961 de-

429 3980 642 4038 duxit:
675 3997 803 4054 qua
870 3982 944 4039 ad
1004 3982 1237 4041 laudem
1286 3985 1519 4042 Domini
1576 3990 1902 4061 probantur
1957 4010 2086 4051 esse

429 4072 789 4126 constructa.
825 4070 1045 4127 Crescit
1097 4076 1295 4129 autem
1346 4074 1442 4130 hic
1496 4077 1775 4136 atrocitas
1830 4080 1965 4138 facti
2024 4082 2085 4141 in

430 4157 765 4215 narratione
795 4158 1115 4233 prophetas,
1148 4164 1215 4217 ut
1243 4166 1364 4220 tam
1392 4163 1733 4224 immaniter
1775 4170 2088 4229 excidenti-

430 4245 550 4304 bus
596 4249 654 4303 et
691 4247 1057 4306 vastantibus
1104 4249 1314 4308 debeat
1345 4252 1417 4309 ab
1469 4254 1858 4330 omnipotenti
1883 4261 2087 4332 judice

438 4334 680 4393 obviari.

431 4422 469 4477 9
580 4426 852 4483 Dixerunt
880 4428 941 4482 in
966 4428 1125 4485 corde
1151 4446 1248 4487 suo
1276 4434 1524 4502 cognatio
1549 4449 1736 4492 eorum
1760 4439 1929 4496 simul
1961 4458 1974 4496 :

573 4522 629 4581 οξ·
676 4516 962 4583 Quiescere
1027 4521 1042 4579 ζ
1084 4519 1358 4589 faciamus
1386 4538 1571 4579 omnes
1600 4524 1716 4580 dies
1744 4532 1908 4599 festos

572 4603 681 4659 Dei
702 4619 739 4659 a
766 4610 930 4660 terra.

507 4693 548 4745 C
576 4690 681 4747 Hic
708 4690 885 4748 verba
914 4693 1247 4751 referuntur
1284 4695 1664 4757 irascentium
1694 4701 2028 4764 Judaeorum
2065 4726 2078 4766 :

436 4779 714 4854 quoniam
744 4779 1017 4840 viderunt
1045 4788 1308 4842 sanctam
1364 4787 1679 4859 civitatem,
1712 4796 1769 4848 et
1816 4795 1913 4851 Dei
1945 4815 2080 4855 san-

428 4870 657 4927 ctuaria
712 4870 928 4939 diruta,
979 4871 1198 4932 furiose
1244 4878 1300 4931 et
1356 4875 1704 4951 insipienter
1758 4883 2075 4945 dixerunt:

421 4957 785 5031 Abjiciamus
841 4959 1029 5033 legem
1088 4962 1219 5034 Dei;
1271 4968 1328 5021 et
1385 4982 1458 5023 ne
1514 4970 1685 5041 pauci
1743 4973 2081 5034 viderentur

422 5062 571 5139 esse,
605 5047 754 5103 dixit
804 5050 1076 5124 cognatio
1132 5069 1336 5110 eorum
1376 5055 1573 5114 simul.
1607 5059 1679 5115 Et
1729 5062 1883 5119 mala
1908 5082 2077 5139 supe-

421 5132 546 5189 rius
576 5141 918 5193 enumerata
947 5140 1279 5213 potuissent
1327 5142 1562 5201 Domini
1590 5132 2074 5211 'misericordiam

421 5238 807 5293 commovere,
841 5224 953 5281 nisi
1010 5229 1202 5287 adhuc
1245 5231 1305 5287 in
1354 5234 1576 5292 Judaais
1629 5236 1838 5295 fuisset
1896 5241 2075 5300 obsti-

421 5314 561 5367 nata
609 5311 903 5385 superbia.
938 5313 1069 5371 Ideo
1118 5322 1175 5374 et
1220 5321 1612 5394 impoenitenti
1657 5327 1816 5384 cordi
1864 5331 2070 5388 merito

421 5416 536 5457 non
595 5400 706 5456 fuit
761 5399 1064 5460 calamitas
1123 5408 1438 5481 abstracta,
1486 5416 1765 5486 quoniam
1826 5435 1860 5473 a
1914 5419 2068 5478 blas-

418 5488 671 5590 phemiis
727 5505 929 5547 eorum
1005 5493 1241 5554 animus
1286 5517 1399 5557 non
1451 5504 1711 5574 recessit,
1773 5506 1949 5565 etiam
2008 5510 2067 5567 in

416 5595 625 5654 poenis.
1838 5610 1841 5613 »

2196 3296 2460 3346 manum,
2492 3278 2551 3335 id
2583 3283 2672 3336 est
2697 3278 2930 3337 Judeos
2961 3282 3259 3337 convertes
3288 3278 3361 3336 ad
3391 3279 3712 3336 Christum.

2197 3369 2264 3424 13
2338 3369 2477 3425 Deus
2506 3376 2691 3425 autem
2719 3385 2822 3424 rex
2843 3372 3029 3425 noster
3057 3376 3185 3425 ante
3210 3370 3413 3427 saecula
3447 3389 3466 3425 :

2338 3458 2600 3530 Operatus
2644 3464 2700 3524 ~+
2726 3465 2804 3514 est
2869 3463 2884 3523 ζ
2928 3458 3163 3514 salutem
3192 3459 3250 3515 in
3280 3458 3459 3515 medio
3487 3466 3674 3515 terrae.

2266 3549 2305 3602 C
2332 3546 2554 3603 Saecula
2583 3550 2780 3603 autem
2810 3546 2967 3604 dicta
2988 3552 3146 3616 sunt,
3180 3547 3333 3620 quod
3367 3548 3425 3603 in
3457 3562 3520 3605 se
3550 3546 3858 3605 revolvant

2194 3640 2477 3710 tempora.
2511 3637 2591 3693 Ne
2621 3637 2882 3694 crederet
2927 3637 3062 3710 quis
3091 3636 3473 3710 temporalem
3505 3635 3851 3705 Dominum,

2192 3724 2321 3782 ideo
2352 3725 2493 3781 dicit
2519 3742 2654 3783 eum
2686 3742 2815 3782 esse
2845 3742 3040 3800 regem
3093 3729 3226 3782 ante
3270 3725 3503 3781 saecula.
3537 3726 3600 3782 In
3647 3726 3850 3783 medio

2193 3814 2445 3881 terrae,id
2476 3818 2567 3872 est
2592 3815 2899 3872 hominum
2933 3815 3034 3888 qui
3063 3819 3227 3871 terra;
3250 3815 3488 3871 nomine
3510 3814 3856 3889 significan-

2193 3906 2316 3971 tur;
2349 3903 2597 3973 cunctis,
2627 3903 2846 3961 scilicet
2874 3904 3248 3961 cernentibus
3286 3903 3539 3977 populis,
3572 3910 3857 3975 operatus

2194 3997 2285 4050 est
2314 3991 2567 4050 salutem
2599 3993 2845 4050 humani
2879 3992 3141 4067 generis;
3174 3993 3221 4050 Η
3251 3992 3362 4062 vel,
3394 3992 3455 4049 in
3484 3992 3859 4069 Judssa,qua

2195 4082 2456 4139 medium
2490 4086 2656 4139 terris
2687 4083 2923 4139 dicitur.

2192 4171 2264 4230 44
2337 4176 2446 4228 Aut
2469 4175 2803 4245 conﬁrmasti
2831 4175 2888 4228 in
2922 4175 3121 4229 virtute
3150 4178 3246 4229 tua
3268 4188 3423 4229 mare
3452 4190 3472 4229 :

2339 4262 2729 4319 Contribulasti
2757 4264 2941 4336 capita
2969 4262 3266 4319 draconum
3290 4263 3352 4317 in
3379 4263 3558 4335 aquis.

2264 4351 2306 4408 C
2335 4350 2604 4407 Ostendit
2635 4367 2789 4407 nunc
2819 4351 3093 4408 eumdem
3141 4350 3499 4407 Salvatorem
3548 4367 3676 4409 esse
3708 4368 3853 4410 eum

2194 4440 2295 4512 qui
2326 4440 2622 4513 quondam
2656 4440 2790 4496 fecit
2821 4439 3133 4496 mirabilia.
3165 4440 3541 4497 Confirmavit
3568 4440 3729 4497 enim
3776 4440 3853 4498 li-

2117 4551 2163 4615 ι)
2194 4529 2404 4601 quidas
2427 4528 2609 4585 Rubri
2632 4529 2813 4585 maris
2833 4529 3339 4603 abyssos,quando
3360 4528 3420 4585 in
3450 4529 3680 4586 duobus
3706 4529 3854 4588 late-

2197 4618 2362 4675 ribus
2379 4618 2459 4674 ita
2479 4621 2569 4675 est
2588 4618 2938 4687 defixum,ut
2958 4634 3119 4674 mare
3136 4618 3475 4692 navigerum
3495 4617 3609 4675 iter
3632 4619 3852 4678 faceret

2192 4723 2321 4764 esse
2349 4710 2669 4763 terrenum.
2713 4708 2914 4780 Capita
2944 4708 3289 4777 draconum,
3320 4706 3595 4780 superbia
3623 4709 3849 4767 daemo-

2191 4796 2444 4864 niorum,
2478 4814 2604 4869 quas
2637 4797 3039 4870 perducuntur
3067 4797 3140 4853 ad
3169 4795 3443 4866 nihilum,
3464 4797 3700 4870 quando
3722 4800 3853 4855 ani-

2189 4903 2317 4943 mas
2349 4904 2494 4960 quas
2525 4885 2609 4942 illi
2642 4886 3034 4959 inquinabant
3061 4886 3192 4943 fons
3231 4886 3510 4944 salutaris
3557 4888 3854 4946 emundat

2186 4975 2486 5049 baptismi.
2513 4976 2577 5031 1n
2608 4974 2719 5031 hoc
2747 4975 2907 5032 enim
2935 4993 3107 5033 versu
3142 4976 3490 5048 mysterium
3522 4977 3648 5049 jam
3698 4977 3850 5035 dicti

2185 5065 2453 5122 miraculi
2478 5065 2745 5138 exponit;
2781 5064 3152 5139 significabat
3174 5064 3329 5121 enim
3349 5066 3636 5123 transitus
3658 5066 3852 5126 maris

2184 5155 2363 5210 Rubri
2417 5153 2779 5227 baptismum
2829 5157 2887 5210 et
2932 5154 3151 5211 diaboli
3203 5153 3528 5211 victoriam.
3565 5154 3730 5213 Unde
3780 5156 3851 5214 in

2182 5244 2374 5317 aquis,
2408 5242 2630 5300 scilicet
2661 5242 2964 5318 baptismi,
2990 5242 3272 5319 intellige.

2183 5335 2250 5390 l5
2326 5335 2402 5391 Tu
2428 5335 2748 5406 confregisti
2772 5336 2958 5407 capita
2990 5333 3247 5391 draconis
3276 5352 3298 5390 :

2321 5423 2526 5480 Dedisti
2553 5440 2677 5479 eum
2705 5440 2883 5479 escam
2906 5425 3122 5496 populis
3160 5424 3494 5497 Ethiopian.

2248 5516 2288 5567 C
2317 5513 2687 5570 Confractum
2721 5517 2810 5569 est
2859 5516 3037 5586 caput
3075 5513 3367 5579 draconis,
3402 5513 3459 5570 id
3502 5517 3592 5571 est
3633 5516 3843 5584 Satan,

2179 5601 2412 5676 quando
2435 5601 2711 5675 superbia
2731 5602 2861 5675 ejus
2882 5602 2953 5659 de
2973 5602 3115 5661 ccelo
3136 5603 3364 5677 dejecta
3393 5606 3567 5675 est,et
3595 5602 3844 5677 quando
