4054 6168
409 269 528 335 283

411 405 439 463 1
555 405 944 480 Conﬁtebimur
970 407 1092 478 tibi,
1125 413 1289 479 Deus,
1312 408 1734 483 conﬁtebimur:

555 497 621 554 Et
647 497 1018 557 invocabimus
1045 515 1242 558 nomen
1269 508 1441 558 tuum.

411 587 448 642 2
553 587 914 646 Narrabimus
942 591 1228 646 mirabilia
1257 595 1353 647 tua
1385 609 1399 648 :

554 679 694 735 Cum
719 694 969 754 accepero
999 683 1206 752 tempus
1232 696 1331 750 ego
1347 681 1600 752 justitias
1619 682 1896 756 judicabo.

483 765 524 823 C
555 766 758 840 Erupit
781 766 1322 841 populusJudaicus
1349 769 1404 826 in
1425 787 1624 828 vocem
1652 771 2055 830 confessionis.

415 855 691 928 Sequitur
717 855 950 912 iterum:
971 858 1398 928 cenﬁtebimur,
1423 857 1540 916 ista
1568 861 1833 934 repetitio
1853 861 2059 918 solidi-

409 947 592 1000 tatem
623 945 1031 1018 promissionis
1059 952 1326 1006 testatur.
1357 948 1473 1006 Deo
1511 950 1668 1006 enim
1698 951 2062 1024 frequentata

413 1032 699 1090 confessio
753 1052 868 1092 non
931 1037 1182 1110 parturit
1229 1036 1576 1112 periculum,
1625 1041 1726 1097 sed
1786 1039 2057 1110 salutem,

413 1123 681 1196 quamvis
710 1128 940 1182 terreno
959 1126 1148 1198 judici
1178 1127 1265 1183 vel
1297 1127 1478 1185 semel
1499 1129 1758 1198 conﬁteri
1789 1129 2058 1198 crimina,

413 1211 762 1286 plerumque
809 1219 1056 1272 mortem
1108 1223 1364 1292 generet.
1399 1219 1499 1275 Est
1549 1224 1746 1277 autem
1795 1221 2058 1278 conﬁteri

412 1301 734 1359 multorum
767 1305 1129 1362 confessione
1159 1305 1378 1379 aliquid
1409 1309 1690 1380 proﬁteri.

485 1391 531 1446 C
558 1391 893 1449 Introducta
921 1398 1011 1450 est
1048 1411 1156 1450 vox
1205 1395 1488 1466 ﬁdelium,
1523 1397 1623 1472 qui
1671 1416 1820 1472 pura
1869 1403 2064 1458 mente

413 1480 531 1537 Deo
563 1485 865 1538 merentur
891 1483 1378 1544 mireMutatio
1405 1501 1665 1561 personae
1695 1488 1902 1546 deinde
1932 1493 2058 1556 est;

414 1566 678 1641 loquitur
705 1569 862 1626 enim
893 1570 1077 1628 Deus:
1111 1589 1244 1630 cum
1277 1591 1554 1650 accepero
1581 1578 2065 1653 tempus,scilicet

413 1673 518 1730 per
544 1657 601 1713 id
629 1659 784 1731 quod
819 1659 1006 1717 factus
1035 1667 1126 1718 est
1155 1662 1428 1733 homo,se
1450 1667 1745 1738 justitiam
1769 1668 2067 1741 judicatu-

415 1763 568 1815 rum,
603 1749 668 1804 ut
709 1755 1060 1824 compuncta
1109 1754 1282 1809 corda
1335 1755 1602 1812 mortalia
1649 1763 1782 1815 ante
1828 1761 2064 1834 tempus

405 1833 618 1908 judicii
648 1852 710 1892 se
742 1844 1118 1910 precarentur
1146 1838 1388 1912 absolvi,
1419 1861 1490 1900 ne
1513 1843 1578 1921 in
1625 1843 1824 1902 futuro
1853 1848 2062 1905 duram

414 1924 764 1982 sententiam
787 1927 1009 1998 judicis
1039 1930 1414 1988 sustinerent.
1445 1932 1490 1989 Η
1521 1934 1686 1992 Nunc
1716 1952 1831 1992 non
1861 1941 1950 1992 est
1971 1937 2067 2010 ju-

413 2012 542 2082 dex,
575 2014 676 2072 sed
707 2015 838 2074 erit.
871 2015 930 2074 Si
951 2017 1108 2075 enim
1137 2025 1293 2076 esset
1317 2039 1475 2080 nunc
1497 2023 1699 2096 judex,
1733 2030 2066 2098 peccatores

413 2119 529 2160 non
559 2103 941 2180 erigerentur,
975 2111 1032 2165 et
1062 2108 1122 2166 in
1152 2110 1362 2168 seculo
1396 2129 1512 2170 non
1552 2113 1883 2172 obtinerent
1929 2115 2068 2206 divi-

419 2191 554 2250 tias.

417 2281 452 2338 3
559 2284 882 2358 Liquefacta
911 2293 990 2344 est
1018 2296 1169 2346 terra
1197 2299 1248 2346 et
1278 2307 1460 2349 omnes
1488 2296 1586 2366 qui
1604 2294 1856 2352 habitant
1877 2297 1937 2351 in
1961 2309 2062 2362 ea:

557 2375 676 2446 Ego
700 2376 1024 2448 conﬁrmavi
1048 2379 1332 2437 columnas
1357 2381 1493 2454 ejus.
1528 2383 1771 2456 Diapsal.

487 2463 529 2519 C
578 2462 863 2520 Dominus
911 2465 1073 2535 dicit,
1132 2467 1448 2527 adventum
1502 2489 1698 2543 suum,
1761 2489 1890 2532 esse
1951 2480 2066 2534 ter-

415 2567 540 2608 ram
573 2551 970 2625 liquefactam,
1001 2555 1060 2612 id
1091 2561 1200 2624 est,
1231 2575 1418 2632 genus
1464 2559 1814 2633 humanum,
1839 2566 1920 2635 ab
1966 2565 2070 2624 illa

417 2639 710 2698 soliditate
737 2644 1001 2702 veritatis
1030 2645 1088 2702 in
1121 2653 1492 2720 peccatorum
1522 2651 1711 2710 labem
1743 2653 2066 2714 resolutum

417 2743 568 2797 esse,
597 2731 867 2789 nefandis
897 2733 1074 2792 Idolis
1106 2737 1754 2800 serviendo.Columnas
1774 2745 2068 2816 apostolos

418 2818 560 2875 dicit
589 2819 690 2892 qui
716 2824 1046 2880 conﬁrmati
1077 2829 1218 2882 sunt
1247 2827 1307 2883 in
1355 2832 1780 2890 resurrectione
1827 2833 2063 2905 Christi,

417 2908 696 2980 quoniam
727 2908 788 2966 in
813 2911 1084 2992 passione
1113 2915 1242 2986 ejus
1265 2922 1637 2976 mutaverunt.

417 2997 450 3052 4
555 2999 689 3056 Dixi
715 2999 926 3074 iniquis
959 3020 972 3058 :
1003 3004 1183 3060 Nolite
1213 3007 1400 3081 ἰηίᾳυθ
1427 3025 1591 3078 agere
1619 3028 1640 3066 :

557 3089 634 3144 Et
659 3088 1103 3162 delinquentibus
1135 3112 1156 3150 :
1181 3095 1362 3153 Nolite
1385 3099 1634 3156 exaltare
1655 3117 1844 3158 cornu.

1323 273 1387 337 S.
1433 274 1826 338 BRUNONIS
1871 275 2492 340 HERBIPOLENSIS
2535 276 2913 342 EPISCUPI.

2083 411 2139 480 Α
2165 413 2202 467 7
2310 411 2464 470 Hune
2490 413 2755 470 humiltat
2781 418 2836 470 et
2860 411 3011 470 hune
3035 409 3282 470 exultat:

3699 277 3820 342 284

2309 503 2452 572 Quia
2479 505 2633 560 calix
2673 505 2735 560 in
2780 519 2955 559 manu
3001 502 3230 561 Domini
3271 502 3397 558 vini
3439 499 3585 558 meri
3624 501 3823 575 plenus

2377 595 2558 650 misto.

2238 680 2280 738 C
2309 680 2590 738 Humiliat
2621 681 2825 754 utique
2867 681 3214 755 superbum,
3248 678 3466 738 exultat
3509 679 3820 749 humilem,

2168 771 2310 842 quia
2341 769 2436 828 ille
2464 770 2526 826 in
2558 787 2640 838 se,
2669 771 2778 828 iste
2805 771 2865 828 in
2899 771 3083 828 Deum
3113 769 3375 826 conﬁdit.
3402 769 3464 826 Η
3487 767 3649 826 Calix
3685 787 3824 827 vero

2168 859 2474 916 retributio
2500 865 2616 929 est;
2641 860 2864 934 plenus
2880 861 2997 917 vini
3027 857 3260 926 meri,id
3291 863 3382 914 est
3407 858 3668 926 veritate,
3683 875 3828 932 quo-

2169 949 2330 1006 niam
2359 949 2420 1006 in
2450 950 2544 1006 die
2580 949 2789 1022 judicii
2840 949 3158 1023 unicuique
3210 947 3616 1022 propinabitur
3662 949 3824 1021 quod

2171 1042 2463 1108 meretur;
2497 1041 2712 1096 mistus
2746 1043 2837 1096 est
2864 1041 3062 1096 autem
3084 1037 3484 1094 misericordia
3499 1037 3820 1109 ctjudicio.

2168 1129 2204 1183 8
2309 1131 2376 1186 Et
2404 1130 2696 1186 inclinavit
2726 1146 2796 1186 ex
2819 1129 2918 1186 hoc
2941 1135 2998 1196 σξ-
3044 1131 3107 1185 in
3135 1129 3234 1186 hoc
3277 1134 3290 1196 ξ
3370 1134 3372 1136 ’

2318 1223 2704 1276 Verumtamen
2730 1221 2826 1292 fex
2853 1219 2972 1292 ejus
2997 1235 3110 1276 non
3137 1225 3216 1276 est
3241 1217 3569 1274 exinanita:

2313 1309 2508 1365 Bibent
2531 1324 2716 1366 omnes
2741 1313 3053 1382 peccatores
3083 1315 3267 1366 terrae.
3470 1360 3472 1362 ,

2242 1397 2283 1453 C
2313 1397 2416 1454 Hic
2445 1399 2594 1454 duos
2625 1399 2872 1472 populos
2899 1396 3562 1472 signiﬁcatJudmorum
3587 1399 3650 1452 et
3677 1411 3825 1470 geu-

2169 1487 2342 1554 tium,
2369 1487 2646 1560 quoniam
2677 1485 2815 1544 tulit
2835 1505 2908 1544 ex
2931 1503 3032 1543 ore
3055 1504 3173 1543 non
3203 1485 3569 1542 credentium
3598 1485 3830 1542 Judae-

2171 1591 2324 1632 rum.
2357 1577 2519 1642 Quod
2552 1578 2876 1650 potandum
2907 1574 3212 1633 inclinavit
3249 1573 3547 1632 conversis
3591 1573 3828 1648 populis

2171 1663 2472 1738 gentium;
2506 1665 2660 1723 feces
2688 1667 2845 1724 enim
2877 1665 2972 1722 hic
3002 1683 3118 1722 non
3146 1664 3369 1732 sordes,
3404 1663 3508 1720 sed
3552 1661 3829 1720 ultimam

2171 1755 2346 1811 ﬁdem
2375 1755 2660 1813 debemus
2691 1754 2970 1828 accipere,
3003 1755 3238 1828 quando
3275 1753 3463 1811 Judaei
3510 1769 3646 1810 cum
3693 1751 3830 1810 aliis

2171 1844 2577 1916 peccatoribus
2604 1845 2842 1903 credere
2869 1843 3232 1913 meruerint;
3261 1841 3436 1900 multi
3464 1858 3598 1900 vero
3623 1859 3829 1916 pecca-

2173 1938 2328 1990 tores
2357 1932 2417 1989 in
2447 1951 2559 1990 sua
2585 1933 2978 1992 obstinatione
3001 1933 3265 1991 mansuri
3296 1935 3456 1988 sunt.

2172 2021 2208 2076 9
2312 2025 2424 2093 Ego
2452 2031 2638 2082 autem
2663 2025 3010 2080 annuntiabu
3037 2025 3101 2080 in
3123 2021 3432 2082 malum:

2317 2113 2552 2171 Cantabo
2582 2112 2689 2172 Deo
2713 2113 2906 2172 Jacob.

2245 2201 2286 2259 C
2313 2201 2438 2260 Vox
2465 2202 2731 2261 Ecclesiae
2761 2203 2834 2260 de
2863 2201 3058 2260 futuro
3101 2199 3328 2274 judicio
3371 2199 3431 2257 in
3481 2199 3672 2261 Deum
3699 2197 3830 2275 glo-

2175 2290 2402 2348 riantis.
2433 2292 2642 2350 Cantat
2669 2291 2786 2350 Deo
2814 2291 3019 2358 Jacob,
3047 2291 3193 2348 dum
3243 2288 3645 2364 psalmodiam,
3683 2287 3834 2347 dicit

2175 2379 2455 2439 Ecclesia.

2178 2469 2246 2525 10
2316 2471 2382 2527 Ει
2411 2473 2600 2528 omnia
2625 2487 2833 2529 cornua
2849 2477 3196 2544 peccatorum
3221 2469 3572 2541 eonfringam
3601 2483 3622 2522 :

2316 2563 2386 2618 Et
2411 2562 2808 2619 excitabuntur
2833 2577 3040 2618 cornua
3059 2561 3220 2634 justi.
3564 2639 3566 2641 p

2245 2653 2288 2708 C
2317 2649 2548 2708 Cornua
2573 2655 2944 2724 peccatorum
2973 2653 3114 2708 sunt
3143 2661 3324 2722 regna
3348 2646 3834 2720 superborum.et

2177 2736 2371 2798 omnis
2401 2737 2605 2797 eorum
2637 2743 2980 2814 potestas,et
2999 2737 3286 2812 jactantia
3313 2737 3374 2792 in
3391 2735 3588 2793 futuro
3609 2732 3831 2807 iudicio

2173 2831 2546 2888 contemndo.
2581 2829 2812 2888 Cornua
2838 2846 2973 2889 vero
2994 2826 3166 2902 justi,
3191 2839 3442 2884 munera
3472 2829 3613 2882 sunt
3640 2820 3831 2882 futuri

2165 2919 2398 2991 judicii,
2431 2935 2557 2992 qua:
2587 2936 2785 2976 revera
2811 2916 3408 2992 ﬁrmitereriguntur,
3441 2913 3726 2988 quoniam
3765 2911 3828 2969 in

2173 3012 2388 3066 aeterna
2413 3007 2850 3082 pulchritudine
2873 3005 3321 3082 permanebunt.

2625 3111 2830 3155 OBA’HO
2867 3114 2940 3153 EX
2976 3113 3138 3153 PSAL.
3180 3109 3368 3152 LXXiV.

486 3175 528 3234 C
557 3176 710 3234 Dixit
760 3179 917 3237 enim
947 3197 1051 3254 per
1079 3177 1394 3258 prophetas
1423 3191 1480 3245 et
1507 3189 1800 3262 apostolos
1841 3193 2064 3250 monita
2089 3167 2136 3236 ο
2247 3186 2450 3245 Pastor
2475 3185 2754 3260 bone,qui
2776 3191 3013 3260 propter
3027 3181 3368 3241 mortalium
3387 3179 3586 3238 ovium
3605 3178 3832 3236 redem-

411 3265 698 3333 veritatis,
731 3284 804 3324 ne
842 3269 1108 3328 scelerati
1156 3273 1309 3331 male
1358 3282 1614 3350 agerent.
1653 3278 2068 3354 Delinquentes

407 3357 579 3443 sunt,
607 3355 708 3426 qui
733 3355 812 3443 de
842 3359 1078 3431 propria
1097 3361 1334 3432 justitia
1365 3372 1805 3438 praesumentes,
1825 3374 1883 3426 et
1913 3371 2066 3426 exal-

415 3442 610 3498 tantes
639 3457 702 3498 se
728 3442 786 3498 in
817 3447 1112 3516 superbia,
1144 3449 1360 3506 collum
1393 3469 1568 3510 suum
1618 3457 1888 3514 submitti
1927 3459 2068 3532 jugo

418 3527 636 3619 Christi
663 3536 1067 3592 contemnunt.
1102 3539 1202 3596 Vel
1235 3557 1416 3597 cornu
1447 3543 1724 3612 exaltant,
1752 3548 1852 3619 qui
1903 3527 1966 3604 se
1999 3527 2068 3604 in

419 3618 676 3707 peccatis
705 3626 1186 3692 excusant,modo
1216 3628 1518 3687 diabolum
1549 3618 1879 3707 arguentes,
1898 3637 2069 3694 modo

419 3705 604 3763 alium
632 3707 970 3768 incusantes
994 3729 1318 3773 suasorem.

417 3795 456 3851 5
560 3797 738 3854 Nolite
765 3800 1024 3858 extollere
1052 3805 1114 3860 in
1135 3805 1311 3862 altum
1335 3823 1508 3866 cornu
1535 3819 1775 3870 vestrum
1801 3831 1822 3869 :

657 3888 838 3946 Nolite
879 3895 894 3960 ξ
943 3893 1099 3966 loqui
1124 3895 1380 3954 adversus
1403 3903 1582 3972 Deum
1612 3902 1982 3975 iniquitatem.

493 3973 534 4032 C
564 3973 665 4033 Ille
689 3994 922 4052 quoque
946 3981 1007 4039 in
1040 3982 1227 4041 altum
1259 3987 1430 4064 erigit
1483 4006 1684 4060 cornu,
1705 3973 1819 4066 qui
1868 3999 2071 4054 contra

421 4063 608 4121 Deum
637 4066 942 4143 (concepta
970 4072 1299 4148 iniquitate)
1339 4063 1754 4139 remurmurat:
1788 4083 2072 4157 Loquitur

423 4157 619 4212 autem
650 4162 852 4216 contra
880 4160 1064 4218 Deum
1093 4163 1729 4242 iniquitatem,quando
1760 4171 1978 4246 aliquis
2008 4193 2072 4232 se

422 4243 506 4300 sic
531 4244 784 4303 aestimat
807 4250 1191 4309 constitutum
1216 4271 1250 4310 a
1281 4255 1418 4323 Deo,
1447 4262 1511 4313 ut
1561 4263 1794 4331 peccata
1827 4243 2072 4320 minime

422 4331 713 4392 declinare
737 4337 1046 4410 potuisset,
1077 4342 1282 4400 dicens
1313 4361 1428 4401 non
1461 4345 1636 4420 culpa
1673 4365 1802 4422 sua,
1835 4352 1938 4408 sed
1970 4369 2068 4409 ne-

423 4421 694 4514 cessitate
724 4427 795 4514 a_d
827 4426 1064 4501 aliquod
1094 4448 1158 4488 se
1195 4433 1486 4507 ﬂagitium
1533 4421 1868 4509 pervenisse
1913 4442 2071 4514 quod

421 4510 658 4582 propria
683 4511 982 4572 voluntate
1011 4520 1288 4590 peccavit.

2177 3276 2435 3348 ptionem
2464 3273 2716 3331 hausisti
2758 3272 3002 3331 calicem
3050 3271 3367 3346 passionis,
3399 3285 3612 3327 nomen
3657 3272 3834 3324 tuum

2178 3363 2475 3438 supplices
2505 3364 2871 3431 invocamus,
2903 3367 2970 3420 ut
3013 3379 3120 3420 nos
3165 3378 3346 3436 super
3387 3358 3696 3456 columnas
3737 3373 3836 3456 sa-

2177 3451 2408 3526 pientiai
2439 3451 2730 3509 stabiliter
2759 3451 3119 3526 septiformis
3141 3449 3397 3524 Spiritus
3425 3445 3840 3508 sanctiﬁcatio-

2178 3557 2252 3598 ne
2278 3541 2608 3599 confirmes.
2637 3541 2746 3608 Qui
2778 3558 2912 3599 cum
2943 3542 3133 3608 Patre,
3163 3543 3273 3596 etc.

2710 3647 3038 3706 PSALMUS
3087 3646 3296 3704 LXXV.

2595 3736 3002 3779 ARGUMENTUM
3041 3736 3202 3778 PSAL.
3243 3734 3407 3776 LXXV.

2249 3810 2292 3866 C
2321 3811 2444 3867 Vox
2469 3808 2761 3880 Ecclesia,
2791 3808 3083 3868 hortantis
3114 3811 3184 3868 ut
3212 3807 3328 3865 Deo
3373 3802 3594 3878 potenti
3641 3800 3839 3860 ﬁdelis

2177 3899 2380 3956 anima
2404 3917 2653 3956 munera.
2681 3899 2904 3958 oﬂ'erat.
3372 3902 3378 3907 ’

2321 3989 2435 4046 TT.
2463 3993 2534 4046 In
2561 3991 2730 4062 ﬁnem
2753 3991 2816 4046 in
2844 3989 3098 4046 laudibus
3124 3987 3372 4061 psalntus
3419 3982 3601 4055 Αθαρή
3643 3981 3836 4037 αιηεί-

2390 4085 2599 4146 cum-9
2643 4079 2713 4135 ad
2745 4079 3004 4152 dssyrios
3049 4084 3064 4144 ζ
3110 4118 3124 4132 .
3533 4077 3538 4082 ’

2242 4165 2292 4224 C
2323 4169 2470 4226 Nota
2499 4172 2641 4226 sunt
2666 4169 2846 4225 verba
2873 4167 3048 4224 istius
3092 4163 3275 4258 tituli,
3317 4163 3420 4220 sed
3461 4161 3536 4220 de
3573 4155 3839 4258 Assyriis

2180 4257 2466 4314 dicemus.
2500 4257 2610 4325 Qui
2654 4255 3114 4330 interpretantur
3159 4248 3629 4347 dirigentes;qui
3675 4247 3840 4347 des-i1

2179 4351 2364 4420 guant
2387 4347 2626 4436 Judaaos
2667 4345 2902 4436 fideles;
2937 4345 3040 4420 (Ιυί
3063 4339 3416 4436 jam_d°9t'_i_
3443 4338 3650 4436 regam

2182 4435 2356 4493 rectis
2383 4435 2614 4494 semitis
2642 4434 2948 4493 ambulare
2975 4429 3486 4491 contenduntﬂos
3511 4425 3837 4500 alloquitur

2101 4538 2148 4602 D
2177 4523 2396 4599 Asaph,
2427 4525 2664 4582 laudem
2693 4524 2798 4582 Dei
2825 4521 3177 4581 mirabiliter
3201 4521 3542 4578 decantatis.

421 4599 457 4653 6
568 4600 910 4693 Quia‘neque
937 4605 1006 4662 ab
1035 4610 1242 4667 oriente
1285 4628 1456 4685 neque
1485 4613 1552 4670 ab
1599 4617 1866 4675 occidente
1901 4635 2074 4693 neque
2101 4599 2137 4602 —
2183 4615 2211 4672 1
2321 4617 2490 4672 Notus
2519 4615 2581 4672 in
2602 4614 2798 4674 Iudae
2821 4615 2966 4672 Deus
2995 4631 3015 4670 :

634 4705 670 4746 a
696 4689 922 4750 desertis
949 4697 1230 4754 montibus
1256 4717 1276 4756 :

535 4781 838 4858 Quoniam
871 4788 1016 4843 Deus
1031 4787 1209 4860 judea:
1237 4798 1332 4846 est.

493 4869 535 4928 C
563 4871 762 4946 Neque
791 4874 862 4931 ab
909 4875 1151 4946 oriente,
1182 4882 1315 4950 etc.,
1363 4882 1700 4941 addendum
1739 4901 1750 4942 :
1785 4885 2073 4945 Dominus

421 4960 609 5030 deest,
639 4966 706 5018 ut
733 4967 788 5018 te
820 4981 936 5022 non
982 4968 1170 5039 possit
1199 4985 1533 5042 agnoscere.
1567 4973 1862 5032 Orientem
1909 4976 2070 5046 dicit,

421 5048 691 5106 homines
723 5051 921 5110 divina
956 5056 1221 5115 claritate
1268 5061 1655 5136 conspicuos;
1687 5065 2070 5136 occidentem,

423 5141 756 5208 peccatores
785 5143 1002 5213 quibus
1035 5146 1227 5205 adhuc
1259 5147 1460 5207 lumen
1490 5151 1750 5210 veritatis
1769 5155 2074 5212 abscondi-

421 5228 551 5293 tur;
585 5226 845 5287 desertos
875 5239 1124 5304 montes,
1161 5235 1337 5294 falsos
1391 5240 1818 5313 praedicatores,
1849 5243 1908 5300 id
1959 5249 2070 5312 est,

421 5313 900 5392 haereticosErgo
917 5338 1051 5378 cum
1068 5323 1161 5380 his
1189 5327 1468 5385 omnibus
1491 5329 1644 5387 Deus
1674 5349 1931 5405 praesens
1943 5349 2072 5390 esse

421 5407 478 5458 et
503 5404 766 5478 cognitor
781 5413 836 5463 et
856 5411 881 5480 j
891 5411 1037 5467 udex
1040 5413 1065 5484 j
1075 5418 1242 5472 ustus
1265 5404 1725 5489 monstratur,ne
1753 5421 2071 5494 quisquam

419 5499 740 5638 gressumat
769 5497 956 5556 facere
989 5503 1144 5572 quod
1175 5519 1310 5561 cum
1342 5507 1529 5578 possit
1547 5506 1607 5565 in
1626 5509 1822 5568 futuro
1845 5511 2072 5583 judicio

463 5598 722 5638 amnare.

463 5598 722 5644 amnare.

1603 4766 1633 4780 θ

2321 4705 2386 4762 In
2413 4705 2880 4776 Israelmugnum
2905 4719 3107 4761 nomen
3132 4703 3270 4775 ejus.
3360 4791 3363 4792 ν
3613 4782 3629 4792 ⁸
3775 4781 3788 4792 .

2251 4792 2294 4850 C
2321 4795 2528 4852 Judma
2553 4794 2713 4852 enim
2745 4795 3004 4866 conﬁtens
3031 4791 3467 4859 interoretatur,
3498 4782 3744 4842 credens
3771 4782 3837 4838 in

2179 4881 2350 4940 illum
2384 4883 2720 4958 regem,qui
2749 4899 2856 4958 per
2883 4882 3129 4940 Mariam
3157 4878 3447 4954 virginem
3463 4889 3536 4932 ex
3564 4872 3726 4931 tribu
3744 4885 3840 4940 ve-

2181 4971 2269 5029 nit
2293 4973 2480 5044 Juda;
2514 4972 2812 5043 Israel,oir
2837 4971 3029 5030 videns
3075 4973 3244 5028 Deam
3295 4966 3735 5040 interpretatur.
3770 4958 3842 5016 Et

2181 5061 2253 5118 ad
2284 5061 2420 5118 illos
2451 5061 2844 5152 loquituriqui
2873 5077 3010 5152 vero
3037 5058 3260 5117 lumine
3280 5053 3505 5152 radiati
3525 5069 3562 5111 u
3589 5049 3842 5152 perﬁdo-

2179 5167 2313 5207 rum
2342 5151 2653 5224 iniquitate
2681 5151 2918 5210 discreti
2945 5155 3106 5220 sunt,
3133 5153 3440 5240 etnomen
3461 5139 3843 5240 Domininpu-

2180 5257 2246 5298 ro
2289 5241 2462 5298 corde
2510 5241 2882 5310 conﬁtentur,
2928 5256 3039 5299 non
3081 5239 3155 5296 ad
3199 5253 3299 5294 eos
3337 5233 3448 5308 qui
3487 5231 3551 5290 in
3591 5229 3842 5305 perﬁdia

2181 5333 2444 5400 manent,
2473 5329 2598 5388 solo
2627 5329 2866 5388 nomine
2889 5330 3128 5388 Judaos
3153 5331 3214 5384 et
3238 5323 3442 5383 Israel.

2177 5423 2216 5476 2
2322 5420 2388 5476 Et
2415 5421 2592 5492 factus
2623 5428 2701 5477 est
2733 5421 2794 5476 in
2817 5435 2952 5493 pace
2977 5421 3127 5476 locus
3154 5417 3271 5492 eius
3303 5432 3317 5471 :

2321 5511 2389 5566 Et
2417 5510 2684 5568 habitatio
2713 5510 2834 5583 ejus
2862 5512 2927 5566 in
2953 5509 3108 5598 Sion.
3225 5595 3238 5598 _
3559 5589 3600 5598 _
3720 5585 3732 5598 .

2247 5594 2293 5658 Ο
2325 5599 2426 5660 Ille
2453 5599 2610 5660 enim
2639 5615 2846 5676 pacem
2877 5597 3094 5660 habere
3114 5595 3326 5673 probat
3371 5607 3510 5671 cum
3559 5589 3841 5658 Domitio.
