4112 6176
296 206 414 285 285

1534 210 1953 274 EXPOSITIO
1998 210 2149 272 PSA
2161 210 2509 275 LMORUM
2523 255 2538 271 .

296 354 398 431 qui
428 350 700 429 sequitur
723 351 902 426 jussa
949 348 1316 409 dominantis
1339 364 1479 423 ;pax
1517 345 1678 403 enim
1711 362 1848 403 vera
1878 348 1972 403 est
2000 347 2057 414 Α
2122 346 2161 400 9
2243 346 2381 403 Cum
2412 350 2737 419 exsurgeret
2768 350 2829 405 in
2844 349 3131 423 judicium
3156 355 3294 408 Deus
3322 366 3342 406 .-

293 442 676 503 concordiam
694 441 914 499 habere
940 458 1077 498 cum
1100 441 1367 498 moribus
1391 436 1643 513 propriis
1668 440 1724 493 et
1740 435 1977 510 litigare

291 550 426 591 cum
460 532 648 590 vitiis.
680 530 825 588 Sion
854 532 1160 604 speculatio
1190 530 1625 603 interpretatur,
1659 543 1762 600 per
1791 541 1976 598 quam

292 624 449 681 Deus
482 621 754 679 fidelium
778 622 960 677 corda
993 618 1528 693 prospicitur.Nam
1558 621 1616 673 et
1644 616 1771 689 ipse
1802 632 1979 672 mons

289 712 357 769 ﬁt
381 712 531 769 Sion
576 711 680 785 qui
711 727 852 768 eum
884 709 1170 766 meruerit
1217 708 1444 765 sincera
1489 710 1683 763 mente
1737 705 1981 779 conspi-

295 818 448 859 cere.

323 894 360 948 3
434 891 460 947 Ι
465 891 526 947 bi
553 890 836 966 confregit
862 890 1130 962 potentias
1158 902 1392 944 arcuum
1421 905 1442 941 :

432 978 672 1036 Seutum
699 986 751 1034 et
778 977 1032 1047 gladium
1061 985 1112 1033 et
1144 978 1361 1033 bellum.
1400 976 1742 1048 Diapsalma.

366 1068 412 1125 C
437 1067 554 1136 Ibi,
595 1068 656 1123 in
690 1066 794 1122 illa
826 1065 1050 1123 scilicet
1079 1066 1350 1139 pace,ubi
1379 1063 1663 1120 Dominus
1686 1063 1857 1137 pacis
1880 1063 1985 1119 ha-

286 1160 486 1215 bitare
520 1157 846 1231 dignatur;
880 1156 1013 1211 istic
1041 1154 1126 1211 ita
1174 1156 1539 1228 franguntur.
1584 1153 1859 1211 Potentia
1889 1167 1984 1210 ar‘

286 1246 815 1321 cuum,significat
847 1245 1134 1301 malitiam
1168 1243 1858 1316 superborum.Scutum,
1888 1241 1984 1298 hic

284 1336 599 1411 signiﬁcat
630 1333 1101 1392 concertationes
1133 1332 1419 1390 diabolica
1456 1332 1657 1389 fraude
1688 1347 1957 1406 praesum

284 1432 465 1500 ptas;
505 1424 768 1500 gladius,
804 1423 1120 1480 manifesta
1145 1421 1404 1487 vulnera,
1425 1421 1646 1478 bellum
1680 1426 1986 1478 monstra‘

279 1520 385 1571 tur
413 1513 719 1586 essepadi
751 1511 1138 1569 contrarium.
1172 1512 1302 1568 Haec
1330 1512 1527 1568 omnia
1564 1512 1752 1568 tracta
1785 1514 1983 1579 erunt,

274 1604 564 1661 veniente
598 1607 840 1661 auctore
872 1601 1053 1676 pacis.

318 1713 349 1768 4
436 1711 779 1767 Illuminans
809 1716 869 1765 tu
897 1710 1235 1766 mirabiliter
1256 1727 1289 1765 a
1316 1709 1590 1766 montibus
1618 1710 1856 1767 aeternis
1888 1726 1906 1763 .-

437 1800 674 1855 Turbati
702 1806 835 1854 sunt
858 1806 914 1864 σξ-
934 1815 1118 1855 omnes
1159 1806 1173 1865 ξ
1204 1800 1533 1871 insipientes
1558 1799 1741 1856 corde.

358 1890 405 1944 C
442 1874 799 1945 llluminare
816 1888 963 1943 dixit
986 1887 1296 1945 Dominum
1327 1906 1431 1961 per
1450 1892 1700 1944 aeternos
1723 1888 1978 1951 montes,

289 1980 442 2051 quia
476 1978 605 2051 ipse
636 1995 743 2052 per
776 1977 1098 2051 prophetas
1125 1981 1297 2049 atque
1311 1976 1607 2051 apostolos
1630 1976 1797 2033 dedit
1826 1974 1988 2031 Chri'

297 2068 574 2124 stianum
608 2065 900 2139 populum
936 2082 1139 2122 eorum
1170 2068 1577 2139 praedicatione
1630 2065 1980 2122 illuminari.

296 2157 599 2214 Dicuntur
630 2162 831 2212 autem
859 2154 949 2211 illi
985 2160 1212 2211 montes
1233 2156 1601 2229 mterni,quia
1633 2159 1986 2229 perpetuast
2056 2184 2069 2193 ι

2251 437 2316 493 Ut
2372 437 2549 509 salvos
2606 436 2811 510 faceret
2869 456 3054 497 omnes
3106 448 3416 498 mansuetos
3474 442 3658 497 terrae.
3692 443 3749 506 σξη

2322 527 2549 599 Diapsal
2595 535 2608 594 ζ
2642 520 2667 584 ’.
3768 538 3773 539 '

2170 614 2219 670 C
2249 615 2574 689 Exsurgere
2602 621 2856 675 tractum
2888 623 2977 676 est
3009 618 3364 691 ajudicibus
3397 614 3761 689 mundi,qui,

2091 705 2344 777 quando
2376 704 2596 779 aliquid
2629 724 2761 763 cum
2794 708 3097 766 severitate
3128 706 3767 775 consuerint,dicuntur

2089 806 2439 865 exsurgere,
2471 794 2611 865 quia
2655 797 2931 852 commoti
2980 798 3253 853 videntur
3287 784 3605 853 commissa
3652 790 3765 847 cri-

2093 879 2271 936 mina
2320 882 2636 940 vindicare.
2690 884 2978 941 Mansueti
3026 889 3213 954 terrae,
3267 888 3405 941 sunt
3450 882 3549 953 qui
3584 878 3765 959 nullis

2090 969 2263 1026 vitiis
2292 970 2465 1028 istius
2492 973 2693 1028 mundi
2728 974 3189 1032 inﬂammantur.

2094 1059 2172 1113 10
2250 1061 2522 1129 Quoniam
2550 1064 2802 1133 cogitatio
2832 1066 3071 1121 hominis
3098 1065 3446 1137 conﬁtebitur
3477 1059 3581 1115 tibi
3613 1073 3627 1111 :

2248 1151 2314 1205 Et
2343 1151 2598 1223 reliquiae
2625 1155 2975 1222 cogitationis
2995 1155 3140 1211 diem
3165 1156 3368 1226 festum
3384 1154 3552 1219 agent
3581 1146 3682 1203 tibi
3710 1166 3731 1203 :

2175 1238 2217 1294 C
2248 1239 2532 1316 Cogitatio
2590 1247 2793 1298 nostra
2839 1245 3151 1300 conﬁtetur
3207 1239 3482 1305 Domino,
3534 1240 3768 1310 quando

2096 1333 2340 1400 peccata
2368 1329 2660 1401 prmterita
2681 1333 3077 1389 satisfactione
3097 1326 3775 1406 damnaveritjieliquim
3800 1388 3803 1391 ,

2097 1417 2525 1491 cogitationum
2559 1423 2717 1488 sunt,
2732 1426 2868 1495 post
2910 1424 3130 1479 eflusas
3156 1421 3495 1494 lacrymast
3527 1427 3783 1499 praterb-

2065 1527 2074 1535 ·
2098 1509 2296 1562 torum
2328 1506 2643 1565 criminum
2671 1513 2977 1568 recordata
3007 1510 3305 1584 pernicies
3323 1512 3405 1567 et.
3431 1508 3787 1583 lamentatio.

2097 1595 2231 1652 Haec
2261 1596 2381 1671 agit
2410 1596 2563 1654 diem
2596 1599 2810 1656 festum
2842 1600 2982 1668 Deo,
3017 1600 3255 1673 quando
3295 1614 3381 1657 se
3421 1605 3494 1666 ab
3521 1609 3619 1675 illo
3646 1614 3796 1679 inte-

2017 1723 2061 1788 Β
2098 1685 2217 1788 ritu
2250 1690 2619 1759 peccatorum
2653 1690 2831 1746 sentit
2859 1707 2992 1747 esse
3019 1688 3405 1754 liberatum.

2097 1775 2159 1830 11
2244 1781 2439 1833 Vovete
2465 1784 2516 1833 et
2542 1778 2749 1834 reddite
2779 1781 3016 1836 Domino
3046 1781 3151 1836 Deo
3184 1787 3396 1843 vestro
3428 1813 3450 1848 ,ο

2236 1866 2437 1924 Omnes
2465 1868 2564 1938 qui
2584 1868 2643 1921 in
2671 1869 2917 1924 circuitu
2947 1869 3064 1941 ejus
3091 1877 3242 1936 sunt,
3261 1872 3515 1944 θῆὶινεηι
3544 1907 3793 1953 munem.

2098 1954 2165 2009 12
2240 1956 2495 2048 ζεννίᾲίζί
2521 1964 2572 2011 et
2599 1959 2778 2048 eigqui
2809 1960 2998 2030 aufert
3027 1961 3298 2032 spiritum
3327 1972 3677 2048 ρηήσφιηη,

2244 2045 2499 2101 Teriibili
2524 2046 2670 2119 apud
2701 2063 2857 2119 reges
2891 2056 3072 2108 terrae.

2165 2133 2206 2188 C
2240 2133 2389 2190 Sunt
2409 2136 2675 2209 quaedam
2700 2137 2980 2209 quae,nisi
2998 2145 3593 2221 voveamus,implere
3610 2157 3778 2216 nulla

297 2248 758 2303 ineommutabili
780 2244 1147 2302 sublimitate
1159 2221 1811 2303 consistunt.Turbatos
1842 2244 1964 2300 dici

2094 2221 2220 2295 lege
2251 2225 2811 2298 constringimur,ut
2823 2226 3218 2303 virginitatem
3245 2249 3772 2307 servare,eremum

295 2335 680 2408 insipientes,
713 2334 1000 2407 quoniam
1033 2335 1365 2392 recedentes
1396 2353 1431 2392 a
1466 2352 1604 2392 vero
1637 2334 1866 2391 lumine
1900 2338 1982 2392 te-

2092 2315 2573 2401 petere,quotidie
2585 2316 2873 2388 jejunare
2895 2337 2908 2386 ;
2934 2321 3035 2377 sed
3059 2339 3191 2379 cum
3211 2326 3506 2396 promissa
3525 2330 3766 2401 fuerint,

290 2400 558 2481 nebrosa
586 2400 797 2480 mundi
818 2423 1113 2480 desideria
1140 2424 1318 2479 secuti
1368 2430 1530 2492 sunt,
1563 2429 1622 2480 et
1650 2424 1811 2480 unde
1832 2422 1961 2495 just

2094 2400 2255 2495 jubet
2283 2419 2413 2461 esse
2437 2403 2969 2495 reddendaiDean
3002 2412 3250 2470 circuitu
3282 2416 3500 2490 quippe
3530 2435 3622 2476 res
3640 2400 3765 2495 agi¥

288 2519 441 2570 sunt
468 2512 822 2581 illuminati,
856 2513 995 2569 inde
1024 2512 1124 2568 isti
1155 2519 1292 2569 sunt
1320 2514 1563 2571 turbati.

320 2624 357 2677 ὅ
442 2624 808 2678 Dormiernnt
832 2622 1113 2677 somnium
1140 2636 1295 2701 suum
1329 2640 1346 2678 :
1377 2630 1427 2678 et
1455 2623 1603 2679 nihil
1650 2625 1983 2679 invenerunt

517 2726 707 2766 omnes
739 2711 868 2765 viri.

440 2801 793 2855 Diuitiarum
825 2801 885 2855 in
914 2798 1174 2854 manibus
1200 2801 1334 2855 suis.

358 2889 411 2944 C
441 2887 825 2944 Dormierunt
856 2892 1153 2971 tanquam
1172 2880 1477 2961 vigilantes
1508 2889 1797 2948 habentes
1827 2905 1978 2947 som-

287 2976 463 3033 nium
495 2976 555 3032 in
587 2976 763 3033 bonis
793 2978 1047 3033 actibus.
1081 2976 1432 3051 Nihilquein
1458 2979 1975 3038 manibussuisin-

284 3066 618 3122 veniuntur
645 3066 928 3123 habuisse
967 3067 1029 3121 in
1062 3066 1278 3134 futuro,
1311 3059 1671 3141 untlivitias
1702 3085 1844 3127 suas
1870 3070 1966 3127 hic
1996 3096 2039 3164 α

285 3155 656 3229 relinquunt,
687 3172 835 3228 quas
864 3171 1107 3230 erogare
1136 3172 1239 3228 pro
1265 3148 1712 3216 sedebuerunt.

317 3264 354 3318 6
427 3263 515 3320 Ab
543 3264 920 3336 increpatione
949 3263 1210 3327 tua,Deus
1234 3266 1396 3321 Iacob
1431 3282 1450 3318 :
1542 3260 1545 3263 ’
1679 3330 1684 3335 ,

425 3355 883 3414 Dormitaverunt
914 3353 1013 3426 qui
1040 3353 1401 3410 ascenderunt
1427 3370 1614 3427 equos.

355 3444 397 3499 C
429 3441 793 3499 Dormitasse
820 3430 969 3497 dicit
1001 3441 1354 3507 incredulos,
1390 3442 1491 3514 qui
1516 3451 1723 3502 sancta
1741 3447 1965 3504 monita

288 3530 525 3586 Domini
557 3529 685 3604 (qui
716 3534 805 3586 est
832 3530 990 3586 Deus
1010 3529 1212 3600 Jacob)
1231 3530 1437 3586 audire
1456 3532 1960 3608 contempserunt.

286 3619 402 3691 Ipsi
431 3619 829 3697 ascenderunt
858 3634 1065 3690 equos,
1095 3618 1308 3691 quiain
1329 3608 1615 3692 superbia
1642 3624 1848 3682 elevati
1860 3643 1965 3699 per

284 3707 593 3765 illecebras
621 3708 796 3764 istius
818 3708 1027 3765 mundi
1059 3712 1370 3781 vagantur,
1414 3712 1590 3789 quasi
1623 3713 1793 3788 equis
1824 3733 1961 3772 cur-

284 3796 558 3855 rentibus
588 3796 938 3853 insiderent.

314 3904 350 3957 7
430 3905 507 3959 T-u
535 3904 807 3963 terribilis
831 3919 888 3961 es
916 3913 970 3961 et
991 3906 1113 3978 quis
1144 3906 1359 3961 resistet
1393 3905 1498 3960 tibi
1519 3907 1550 3962 ?

436 3996 656 4048 Επαιηο
684 3995 776 4050 ἱνα
804 3997 924 4049 tua.
1778 4062 1781 4065 δ

357 4072 712 4139 Terribilem
772 4081 917 4139 dicit
972 4097 1103 4139 esee
1133 4082 1437 4139 Christum
1488 4084 1547 4140 in
1590 4086 1957 4161 illojudicio,

288 4170 527 4242 quando
555 4168 618 4226 in
650 4171 789 4227 sede
815 4188 934 4227 sua
965 4171 1297 4244 majestatis
1327 4176 1755 4245 apparebit,ubi
1788 4195 1958 4238 nemo

285 4262 484 4331 potest
510 4259 1333 4331 reproborumoresisterembi
1367 4273 1729 4336 cognoscunt
1763 4269 1957 4327 Domi-

288 4362 439 4404 num
469 4349 669 4404 omnia
701 4347 982 4405 scelerata
1012 4350 1555 4409 damnare.Extunc
1586 4355 1743 4426 dicit,
1778 4358 1836 4413 id
1868 4363 1959 4416 est

2089 2492 2205 2560 tur,
2240 2509 2374 2550 cum
2428 2509 2677 2551 munera
2726 2494 2995 2555 ﬁdelium
3052 2503 3236 2560 sacris
3282 2504 3569 2565 altaribus
3620 2492 3761 2568 ofi'e-

2088 2584 2439 2651 runtur,hoc
2468 2588 2559 2641 est
2582 2585 3008 2645 circumeundo
3040 2592 3224 2650 altare
3253 2595 3599 2655 offeruntur.

2159 2670 2201 2726 C
2225 2672 2553 2746 Terribilis,
2588 2675 2802 2731 dicitur
2859 2677 3016 2736 Deus
3067 2699 3185 2738 non
3216 2686 3499 2757 reprobis,
3535 2705 3673 2745 nam
3706 2689 3756 2747 si

2086 2761 2271 2818 Deum
2304 2768 2632 2821 metuerent
2671 2764 2850 2822 vitam
2884 2771 3396 2842 emendarent,sed
3420 2776 3641 2834 devotis
3663 2782 3755 2835 est

2084 2849 2364 2909 terribilis
2412 2856 2471 2909 et
2526 2853 2743 2911 suavis.
2788 2856 2895 2921 Qui
2943 2860 3138 2915 aufert
3179 2861 3476 2934 spiritum,
3528 2864 3752 2922 scilicet

2084 2941 2372 3011 superbiae
2403 2940 2489 2997 vel
2520 2942 2793 3008 tumoris,
2826 2946 3032 3018 utique
3062 2950 3135 3004 ab
3168 2949 3288 3005 illis
3336 2951 3594 3024 regibus,
3644 2954 3746 3026 qui

2081 3041 2295 3100 corpus
2326 3046 2499 3087 suum
2532 3046 2730 3104 regere
2751 3050 2822 3089 ac
2845 3036 3135 3091 moderari
3154 3037 3255 3093 Dei
3271 3055 3511 3096 munere
3524 3057 3744 3097 merue-

2077 3119 2236 3185 runt,
2270 3117 2329 3172 id
2359 3122 2449 3174 est
2480 3118 2564 3173 illi
2596 3124 2791 3177 vovete
2821 3126 2880 3178 et
2902 3123 3255 3197 reddite,qu,i
3279 3126 3609 3199 principum
3624 3129 3742 3201 spi-

2074 3203 2254 3260 ritum
2285 3208 2578 3275 auferens,
2612 3208 2833 3266 scilicet
2862 3212 3172 3286 superbiaa,
3203 3215 3306 3270 dat
3326 3213 3445 3272 illis
3469 3215 3740 3289 principi-

2072 3293 2185 3349 bus
2216 3294 2387 3352 elatis
2416 3297 2703 3354 humilem
2752 3300 3049 3372 spiritum,
3102 3306 3167 3358 ut
3197 3302 3475 3375 deinceps
3510 3309 3734 3361 contre-

2073 3382 2327 3439 miscunt
2355 3386 2428 3441 ad
2460 3403 2759 3444 sermones
2787 3388 2914 3458 Dei,
2940 3394 2999 3446 et
3044 3390 3165 3446 sint
3188 3407 3322 3448 vere
3352 3409 3518 3465 reges
3548 3396 3735 3465 terrea,

2072 3470 2131 3527 id
2163 3478 2252 3529 est
2280 3474 2541 3548 corporis
2570 3478 2663 3534 sui
2695 3481 2753 3534 et
2781 3478 3030 3537 aliorum
3057 3500 3071 3550 ;
3120 3482 3208 3538 vel
3261 3481 3440 3539 etiam
3471 3483 3735 3556 reprobis

2071 3562 2352 3627 terribilis
2384 3565 2442 3621 in
2465 3566 2714 3639 judicio,
2746 3571 2986 3641 quando
3011 3570 3124 3643 piis
3155 3571 3348 3630 dulcis
3386 3575 3516 3630 erit.
3743 3557 3754 3570 λ

2554 3700 2757 3742 ORATIO
2787 3701 2856 3742 ET
2887 3702 3043 3744 PSAL.
3081 3704 3245 3746 LXXV.

2141 3794 2606 3879 Cogitationibus
2638 3804 2693 3856 te
2719 3802 3139 3861 conﬁtentibus
3168 3794 3440 3863 effectum
3492 3798 3728 3881 largire,

2068 3882 2348 3941 terribilis
2382 3885 2556 3955 Deus,
2592 3891 2655 3942 ut
2685 3905 2720 3943 a
2749 3890 3052 3947 montibus
3093 3892 3325 3949 cateruis
3385 3893 3725 3965 illuminati,

2068 3971 2208 4026 dum
2242 3974 2688 4033 resurrectionis
2715 3980 2829 4033 tua;
2854 3978 3103 4051 gloriam
3137 3981 3515 4053 suscipimus,
3544 3984 3726 4041 futuri

2060 4057 2269 4130 judicii
2300 4059 2626 4134 ignominia
2656 4079 2982 4122 careamus.
3014 4067 3121 4132 Qui
3150 4084 3286 4124 cum
3320 4069 3505 4136 Patre,
3536 4074 3649 4128 etc.

2594 4224 2921 4283 PSALMUS
2957 4228 3196 4284 LXXVI.

2485 4328 2889 4371 ARGUMENTUM
2920 4333 3076 4373 PSAL.
3110 4336 3273 4375 LXXVI
3282 4363 3294 4376 .

288 4440 553 4542 tempore
574 4435 976 4542 ju‘di‘ciizlquaa
1006 4438 1182 4495 etiam
1214 4438 1339 4542 dies
1374 4440 1477 4542 ira;
1522 4442 1734 4542 dicitur
1762 4448 1945 4542 (septi.
1983 4463 2027 4528 ι)
2137 4455 2176 4506 C
2206 4452 2476 4509 Psalmus
2505 4454 2598 4511 hic
2621 4457 2691 4511 ad
2724 4455 2985 4516 fidelium
3015 4465 3523 4539 congregationem
3546 4470 3719 4542 perti—

288 4527 367 4592 i):
408 4525 546 4598 quia
574 4524 725 4581 nihil
757 4524 1004 4583 ulterius
1034 4544 1137 4600 per
1166 4528 1511 4600 patientiam
1551 4532 1950 4595 dissimulabi-

289 4614 412 4682 tur,
444 4614 680 4686 quando
705 4614 834 4686 jam
865 4614 924 4669 in
956 4615 1172 4689 impios
1200 4615 1549 4676 vindicatur.

326 4720 362 4775 8
431 4720 507 4777 De
532 4722 672 4780 calo
701 4720 957 4778 auditum
984 4724 1164 4795 fecisti
1180 4723 1462 4796 judicium
1494 4745 1511 4782 :

436 4811 600 4867 Terra
631 4814 859 4869 tremuit
886 4820 937 4869 et
963 4813 1192 4885 quievit.

362 4896 443 4954 De
453 4898 597 4956 cmlo
612 4896 771 4956 Deus
781 4900 1249 4974 Paterjudicium
1271 4902 1540 4963 auditum
1554 4905 1948 4982 fecit,quando

287 4984 498 5043 Filium
528 5000 710 5044 suum
725 4994 961 5062 propter
981 4990 1444 5064 redemptionem
1456 4992 1700 5053 humani
1712 5001 1946 5072 generis

292 5073 351 5130 in
384 5078 674 5134 mundum
710 5077 893 5135 misit.
929 5080 1108 5137 Terra
1150 5082 1410 5152 tremuit,
1445 5084 1584 5156 quia
1613 5092 1945 5158 peccatores

291 5161 352 5219 in
382 5166 631 5223 adventu
664 5167 794 5239 eius
823 5168 1138 5241 perterriti,
1180 5186 1285 5243 pro
1334 5173 1585 5244 peccatis
1617 5176 1740 5235 suis
1764 5179 1943 5250 paeni-

291 5250 531 5312 tentiam
565 5260 835 5330 egerunt,
867 5261 925 5314 et
963 5257 1035 5314 de
1094 5257 1290 5315 futuro
1343 5277 1377 5316 a
1430 5262 1625 5335 pravis
1662 5268 1943 5339 operibus

294 5340 658 5412 quieverunt.
707 5344 750 5400 C
804 5344 933 5414 Vel,
985 5345 1045 5402 in
1101 5352 1358 5406 extremo
1405 5351 1629 5423 judicio
1687 5354 1757 5411 de
1799 5357 1942 5415 coelo

288 5426 559 5526 Christus
587 5431 826 5491 veniens
856 5434 1123 5492 auditum
1174 5437 1341 5508 fecit,-
1359 5438 1415 5496 id
1454 5444 1543 5498 est
1588 5442 1759 5501 faciet
1778 5447 1939 5518 judi-

296 5531 515 5575 οιαω..
596 5552 601 5557 ν
684 5554 689 5557 έ
776 5554 781 5559 ε

2061 4545 2179 4611 net,
2207 4558 2334 4614 quae
2365 4542 2505 4599 vitia
2534 4543 2715 4618 hujus
2754 4547 2948 4604 saeculi
3006 4552 3365 4625 transiliens,
3417 4559 3490 4614 ad
3544 4557 3713 4619 illum

2064 4630 2239 4687 finem
2265 4632 2528 4704 pervenit
2555 4635 2647 4691 cui
2680 4635 2825 4692 nihil
2857 4642 3048 4711 potest
3076 4641 3270 4701 simile
3308 4647 3566 4719 reperiri.

2200 4721 2314 4777 TT.
2348 4721 2409 4777 In
2435 4722 2601 4793 ﬁnem
2624 4741 2726 4796 pro
2755 4726 2979 4784 Idithuu
3005 4736 3061 4795 σξ-
3077 4734 3322 4803 psalmus
3350 4736 3525 4807 Asaph
3570 4743 3584 4806 ζ
3631 4780 3643 4795 .

2097 4810 2121 4864 1
2204 4810 2333 4868 Voce
2361 4828 2481 4868 mea
2510 4813 2581 4869 ad
2607 4814 2901 4872 Dominum
2921 4819 3162 4877 clamavi
3183 4840 3196 4878 :

2204 4902 2333 4957 Voce
2359 4917 2482 4957 mea
2507 4901 2579 4958 ad
2605 4906 2767 4959 Deum
2797 4913 2849 4961 et
2876 4906 3110 4966 intendit
3134 4913 3294 4969 mihi.

2125 4990 2167 5045 C
2198 4988 2299 5046 Ille
2320 4990 2477 5080 enim
2508 4995 2736 5080 tantum
2770 4993 2984 5052 clamat
3026 4999 3098 5055 ad
3148 5001 3355 5075 Deum,
3410 5007 3511 5080 qui
3565 5009 3707 5070 talia

2055 5093 2189 5169 cum
2220 5078 2365 5169 petit
2392 5079 2592 5153 qualia
2623 5096 2684 5136 se
2716 5081 2990 5142 fidelibus
3038 5089 3316 5151 daturum
3374 5078 3701 5169 pollicetur.

2052 5166 2197 5259 liam
2231 5168 2331 5242 qui
2362 5185 2496 5226 eum
2527 5187 2631 5245 pro
2663 5171 2838 5230 rebus
2868 5177 3220 5239 transitoriis
3263 5166 3447 5259 rogat,
3482 5205 3597 5245 non
3631 5192 3703 5248 ad

2052 5254 2234 5353 Deum
2263 5257 2515 5317 clamare
2544 5264 2933 5336 cognoscitur,
2964 5274 3235 5342 quamvis
3263 5254 3456 5350 ipsum
3513 5284 3706 5353 petere

2048 5345 2335 5440 videatur.
2376 5349 2446 5405 Et
2474 5350 2723 5408 intendit
2748 5353 2915 5424 mihi,
2946 5357 3108 5418 illius
3132 5345 3348 5440 quippe
3380 5345 3698 5438 intendere,

2050 5433 2298 5494 liberare
2319 5441 2429 5509 est,
2460 5444 2518 5497 et
2547 5443 2887 5515 tammagna
2917 5433 3175 5508 conferre
3207 5433 3529 5529 q-ii-alianon
3563 5433 3703 5531 prie;

2050 5536 2205 5595 valet
2233 5537 2437 5598 avidus
2465 5540 3022 5615 precatorcxpetere.
