4112 6176
369 265 486 331 28⁸7

1289 266 1352 327 S.
1386 261 1779 326 BRUNONIS
1824 261 2444 326 HEBBIPOLENSIS
2491 260 2860 325 EPISCOPI.

3674 262 3794 324 288

367 403 404 457 2
509 405 580 460 In
607 399 695 458 die
724 401 1096 460 tribulationis
1113 415 1249 458 mem
1283 401 1451 456 Deum
1478 397 1772 472 exquisivi,
1831 397 2012 454 mani-
2043 396 2100 464 Α
2129 398 2165 452 7
2271 396 2532 471 Nunquid
2552 399 2612 454 in
2641 407 2913 457 aeternum
2937 397 3194 471 projieict
3218 395 3357 453 Deus
3388 413 3408 454 :

591 491 687 548 bus
711 495 820 549 mei
847 497 1000 548 nocte
1023 499 1205 549 contra
1235 506 1360 548 eum
1391 506 1405 545 :

518 584 596 638 Et
621 599 731 640 non
757 599 875 638 sum
905 582 1168 655 deceptus.

449 690 495 746 H
528 691 646 745 Ista
675 690 962 746 sententia
985 688 1120 745 talis
1151 693 1260 756 est,
1301 706 1368 744 ac
1416 688 1466 745 si
1511 688 1727 746 diceret
1759 705 1772 743 :
1808 688 2019 744 Filium

379 777 604 851 perdidi
633 794 852 850 pauper
881 778 1066 833 factus
1088 777 1490 845 sum,incensa
1512 783 1600 835 est
1629 779 1839 834 domus
1871 794 2020 844 mea,

380 883 495 922 non
529 883 721 938 quaero
753 865 893 921 illud
919 868 1069 937 quod
1097 867 1450 938 perdidi,sed
1467 867 2022 938 Dominumquaero;

376 954 427 1011 si
455 953 622 1010 illum
653 954 899 1022 invenio,
932 954 988 1010 in
1034 955 1159 1028 ipso
1191 955 1388 1011 omnia
1419 956 1624 1011 habeo.
1654 957 1694 1011 C
1726 956 2022 1021 Manibus,

381 1043 653 1115 operibus
683 1043 822 1098 dicit
847 1045 1015 1099 bonis
1047 1063 1060 1110 ;
1097 1052 1281 1111 nocte,
1309 1046 1511 1100 mundi
1536 1045 1714 1118 hujus
1737 1045 2028 1117 signiﬁcat

380 1131 580 1188 vitam.
614 1132 711 1189 llle
743 1151 942 1188 revera
972 1151 1086 1189 non
1119 1134 1424 1206 decipitur,
1458 1134 1550 1190 cui
1602 1135 1890 1207 promissa
1927 1135 2029 1190 Dei

383 1210 768 1293 complentur.
803 1222 848 1277 Η
879 1223 1003 1288 Vel,
1041 1241 1153 1278 non
1182 1240 1315 1279 sum
1347 1224 1625 1296 deceptus
1684 1225 1757 1278 ab
1800 1223 2033 1280 insidiis

383 1309 638 1377 diaboli;
674 1315 728 1366 et
755 1311 902 1366 vide.
942 1312 1054 1368 Isto
1086 1311 1145 1366 in
1179 1310 1553 1368 tribulatione
1569 1313 2036 1369 Deummanibus

385 1398 628 1471 quaerit;
665 1417 790 1465 nos,
827 1401 1061 1471 quando
1101 1400 1472 1469 tribulamur,
1504 1400 1650 1456 nihil
1706 1401 1861 1458 aliud
1924 1402 2034 1458 nisi

387 1488 459 1543 de
479 1487 856 1544 tribulatione
885 1489 1212 1562 cogitamus
1242 1495 1298 1546 et
1327 1490 1760 1562 conquerimur.

389 1611 423 1668 3
532 1615 729 1669 [tenuit
745 1615 1019 1670 consolari
1041 1617 1226 1670 anima
1257 1632 1378 1671 mea
1409 1632 1422 1670 :
1479 1633 1688 1672 memor
1722 1619 1810 1688 fui
1857 1619 1954 1672 Dei
1991 1625 2042 1673 et

602 1702 898 1759 delectatus
924 1721 1042 1758 sum
1066 1721 1078 1758 :

537 1794 601 1846 Et
628 1795 955 1848 exercitatus
983 1810 1103 1848 sum
1133 1799 1183 1850 et
1211 1795 1404 1867 defecit
1429 1798 1660 1867 spiritus
1694 1813 1861 1853 meus.

534 1882 870 1952 Diapsalma.

465 1990 504 2042 C
533 1988 825 2046 Consolari
859 1990 1044 2047 noluit
1077 1991 1136 2047 in
1167 1994 1434 2064 praesenti
1458 1994 1528 2049 de
1561 1995 1733 2050 rebus
1762 1991 2036 2049 transito-

395 2075 498 2132 riis
529 2082 585 2133 et
615 2078 951 2145 caducis,ut
979 2084 1255 2137 aeternam
1278 2081 1732 2138 consolationem
1759 2083 2047 2154 acciperet

394 2165 455 2221 in
489 2166 704 2222 futuro.
739 2166 1067 2224 Delectatus
1097 2186 1250 2226 sum.
1282 2171 1427 2226 Nam
1460 2187 1593 2226 cum
1623 2170 1725 2227 Dei
1755 2187 2047 2227 memores

399 2272 628 2322 sumus,
660 2255 1161 2312 totiussuavitatis
1193 2275 1434 2314 munere
1491 2259 1787 2332 replemur
1819 2277 1832 2314 :
1883 2259 2044 2324 Quod

397 2342 490 2399 bis
521 2343 710 2399 evenit
739 2345 840 2416 qui
862 2345 1218 2401 transitoriis
1251 2347 1456 2402 nolunt
1487 2348 1794 2404 consolari.
1817 2349 2044 2404 Exerci-

399 2435 590 2488 tatum
621 2449 682 2488 se
712 2433 852 2487 dicit
880 2433 938 2488 in
972 2433 1070 2489 illa
1097 2436 1585 2508 contemplatione
1637 2437 1833 2492 divina
1867 2455 1878 2493 :
1914 2455 2048 2493 eum

401 2525 676 2578 tractaret
706 2522 862 2594 quali
895 2523 1182 2596 sapientia
1208 2524 1308 2580 Dei
1340 2529 1550 2581 cuncta
1578 2526 1868 2598 disponat,
1903 2526 2052 2582 deie-

403 2611 480 2666 cit
509 2609 752 2684 spiritus
782 2611 841 2666 in
866 2611 992 2684 ipsa
1021 2613 1622 2681 considerationetali,
1643 2620 1761 2672 tam
1790 2615 2054 2672 innume-

403 2700 613 2757 rabilia
641 2717 815 2774 opera
843 2700 964 2772 Dei,
994 2707 1113 2758 tam
1148 2702 1411 2776 ingentia
1431 2705 1921 2778 comprehendere
1938 2721 2052 2761 non

401 2789 622 2847 valens.

405 2899 436 2954 4
545 2898 990 2971 Autieipaverunt
1020 2902 1240 2971 vigilias
1270 2901 1416 2958 oculi
1444 2904 1554 2957 mei
1577 2920 1596 2958 :

551 2990 818 3045 Turbatus
847 3007 970 3046 sum
1005 2995 1056 3047 et
1086 3007 1197 3046 non
1225 3008 1349 3047 sum
1378 2992 1608 3048 locutus.

2271 494 2324 559 ἐ·
2365 492 2458 559 Et:
2528 508 2639 548 non
2667 498 2899 564 apponet
2924 494 2988 546 ut
3032 489 3405 560 complacitior
3461 488 3536 544 sit
3562 484 3796 542 adhuc?

2204 583 2244 635 C
2271 581 2546 655 Nunquid
2578 580 2859 654 proﬁciet,
2893 578 3114 636 scilicet
3141 593 3326 651 genus
3353 577 3804 642 bumanum,ut

2132 685 2250 724 non
2272 671 2552 728 adventus
2584 671 2675 726 sui
2710 669 3082 726 miseratione
3106 667 3302 740 ipsum
3333 667 3592 738 adjuvet.
3629 665 3800 721 Istud

2135 760 2404 832 nunquid
2435 776 2550 815 non
2588 764 2678 815 est
2720 758 2986 832 negantis
3018 758 3119 814 sed
3166 757 3513 823 afﬁrmatis;
3541 761 3808 829 apponet

2135 847 2313 915 enim,
2347 849 2403 903 id
2435 853 2523 905 est
2554 847 2926 921 praestabitut
2951 847 3001 902 ei
3017 845 3446 918 beneplacitum
3478 844 3558 901 sit
3589 843 3807 899 huma-

2138 955 2279 993 num
2311 955 2517 1011 genus.
2549 938 2753 993 Adhuc
2782 935 3174 1008 exspectantis
3209 938 3298 990 est
3343 950 3462 990 non
3518 931 3804 989 dolentis.

2139 1027 2184 1084 Η
2218 1027 2346 1083 ΗίΒο
2377 1032 2501 1082 erat
2532 1030 2652 1082 tota
2679 1024 2947 1098 cogitatio
2979 1039 3146 1079 mea:
3182 1023 3335 1078 Deus
3376 1020 3681 1077 hominem
3717 1019 3809 1075 fe-

2139 1117 2238 1183 cit,
2273 1121 2329 1172 et
2357 1115 2534 1171 vitam
2568 1114 2838 1188 promisit
2865 1113 2917 1169 ei
2962 1117 3277 1180 aeternam;
3332 1110 3630 1184 quomodo
3662 1125 3808 1179 ergo

2141 1205 2213 1262 de
2242 1205 2512 1278 paradiso
2547 1208 2634 1261 est
2665 1204 2906 1275 ejectus,
2942 1206 3006 1258 ut
3038 1219 3150 1258 non
3202 1199 3439 1273 adjiciat
3487 1204 3552 1254 ut
3591 1199 3643 1254 ei
3681 1197 3811 1269 pla-

2144 1299 2271 1351 ceat
2299 1294 2490 1351 adhuc
2511 1294 2538 1350 ?

2145 1405 2180 1458 8
2293 1408 2408 1458 Aut
2441 1404 2496 1457 in
2527 1403 2691 1472 ﬁnem
2719 1399 3165 1456 misnricordiam
3191 1415 3350 1454 suam
3377 1396 3618 1454 abscidet
3651 1415 3669 1449 :

2292 1493 2330 1547 Α
2361 1492 2710 1560 generatione
2740 1491 2801 1545 in
2829 1489 3230 1560 generationem
3253 1492 3278 1542 .9

2221 1582 2262 1636 G
2321 1579 2721 1635 Misericordia
2752 1577 2849 1634 Dei
2902 1581 2991 1633 est
3045 1577 3200 1648 quod
3257 1576 3329 1631 de
3360 1575 3543 1631 Maria
3581 1572 3817 1646 virgine

2153 1669 2312 1727 nasci
2343 1669 2619 1742 dignatus
2648 1673 2755 1724 est.
2781 1667 2939 1722 Hanc
2966 1665 3249 1722 Dominus
3263 1681 3376 1720 non
3391 1662 3644 1720 abscidit
3674 1678 3821 1734 age-

2072 1769 2120 1834 B
2153 1759 2470 1824 neratione,
2500 1756 2749 1814 Judaica
2776 1755 3061 1824 videlicet,
3096 1755 3154 1810 in
3185 1753 3618 1828 generationem
3669 1767 3820 1824 gen-

2152 1849 2322 1904 tium.
2356 1848 2401 1902 H
2433 1845 2490 1902 id
2523 1851 2631 1914 est,
2665 1839 3818 1914 necaJudaaismecagentibusabscidit.

2153 1941 2193 1993 C
2225 1937 2286 1994 In
2319 1937 2496 1992 ﬁnem
2527 1951 2660 1990 vero
2691 1933 2983 2006 signiﬁcat
3032 1931 3452 2006 plenitudinem
3503 1929 3819 2002 temporis,

2154 2027 2225 2083 de
2256 2043 2372 2099 quo
2428 2026 2685 2081 Joannes
2743 2023 2826 2078 ait
2859 2041 2872 2078 :
2934 2021 3143 2091 Filioli,
3178 2020 3495 2077 novissima
3539 2019 3689 2076 hora
3726 2022 3824 2075 est

2157 2117 2340 2186 (Joan.
2377 2116 2461 2186 ιι).

2153 2205 2189 2259 9
2298 2205 2403 2261 Aut
2429 2204 2775 2261 obltviscetur
2800 2202 3050 2258 misereri
3077 2201 3215 2258 Deus
3237 2205 3262 2254 .9

2298 2296 2404 2352 Aut
2429 2294 2724 2351 continebit
2748 2294 2807 2348 in
2837 2294 2924 2347 ira
2945 2308 3048 2347 sua
3067 2290 3468 2347 misericordias
3496 2305 3625 2344 suas
3647 2292 3673 2342 ?

2303 2385 2645 2457 Diapsalma.

2231 2479 2272 2530 C
2302 2473 2445 2530 Hinc
2477 2471 2893 2545 pronuntiabat
2929 2469 3193 2527 misereri
3255 2474 3456 2535 Deum,
3517 2467 3659 2539 quia
3689 2467 3827 2538 ejus

2162 2563 2518 2638 praevidebat
2545 2563 2882 2618 adventum.
2916 2561 3040 2616 Non
3091 2559 3264 2615 etiam
3296 2558 3354 2614 in
3387 2557 3472 2613 ira
3493 2557 3834 2612 continebit

2164 2654 2319 2711 Deus
2348 2651 2810 2708 misericordiam
2833 2667 3025 2718 suam,
3059 2649 3157 2706 sed
3195 2649 3250 2704 in
3283 2647 3687 2704 misericordia
3718 2663 3836 2702 sua

2165 2744 2238 2800 ab
2270 2743 2357 2798 ira
2386 2759 2448 2797 se
2481 2741 2676 2814 potius
2703 2737 3042 2796 abstinebit.

2169 2854 2238 2908 10
2314 2853 2376 2908 Ut
2405 2850 2528 2905 dici
2559 2867 2576 2903 :
2609 2848 2765 2903 Num:
2791 2848 2966 2918 cazpi:

2308 2943 2436 2997 Haec
2463 2939 2690 2994 mutatio
2718 2935 2959 2993 dextera
2987 2935 3220 2991 Ea'celsi.

2237 3036 2279 3087 C
2303 3027 2454 3086 Dicit
2477 3027 2683 3084 etiam:
2715 3041 2870 3081 nunc
2901 3024 3070 3098 ccepi,
3097 3023 3320 3080 scilicet
3367 3037 3572 3097 sapere
3618 3020 3711 3079 vel
3743 3023 3838 3077 in-

476 3096 522 3152 H
553 3095 1048 3169 Anticipaverunt,
1084 3096 1141 3152 id
1172 3101 1262 3153 est
1290 3101 1603 3171 antequam
1620 3097 1834 3171 aliquis
1863 3097 2064 3172 vigila-

2178 3119 2454 3192 telligere,
2485 3120 2542 3171 et
2572 3113 2712 3187 qui
2743 3113 2819 3170 sit
2850 3095 3008 3168 illud
3027 3113 3180 3185 quod
3231 3129 3387 3168 nunc
3433 3095 3609 3185 coepit
3659 3128 3842 3184 expo-

406 3190 495 3242 ret
516 3202 621 3258 ego
651 3185 983 3259 vigilabam.
1018 3187 1166 3259 Ergo
1199 3188 1522 3243 monachus
1555 3187 1654 3260 qui
1698 3205 1812 3244 non
1859 3186 2064 3260 vigilat

375 3275 564 3332 hunc
593 3292 828 3330 versum
877 3293 994 3330 non
1056 3281 1249 3348 potest
1304 3277 1541 3333 dicere:
1600 3277 1871 3333 turbatus
1928 3292 2063 3332 sum

409 3363 576 3434 quasi
610 3361 784 3418 homo
809 3381 821 3424 ;
848 3380 962 3418 non
993 3381 1125 3419 sum
1159 3364 1414 3429 locutus,
1449 3370 1513 3420 ut
1539 3364 1940 3421 Christianum
1971 3365 2067 3419 de-

412 3455 538 3518 cet;
573 3450 935 3505 iracundiam
966 3451 1025 3506 in
1057 3454 1229 3508 corde
1254 3453 1456 3519 habui,
1508 3455 1609 3510 sed
1643 3471 1771 3509 eam
1803 3454 1862 3508 in
1893 3454 2066 3508 verbo

413 3556 529 3594 non
563 3537 795 3610 protuli.
831 3539 878 3593 H
903 3539 1028 3604 Vel,
1052 3541 1493 3611 turbatussum,
1524 3541 1918 3597 recordatione
1942 3558 2069 3614 pec-

413 3625 676 3683 cantium
708 3644 810 3698 pro
834 3626 1048 3700 quibus
1080 3629 1308 3684 crucior
1336 3628 1758 3686 condolens.Et
1777 3629 1907 3686 ideo
1939 3647 2070 3686 cau-

416 3733 544 3772 sam
571 3715 926 3772 turbationis
957 3717 1266 3789 subjungit
1301 3737 1317 3773 :

415 3824 452 3878 5
561 3823 804 3893 Cogitavi
830 3821 944 3879 dies
962 3825 1211 3897 antiquos

560 3911 626 3966 Et
657 3928 829 3967 annos
859 3912 1091 3968 aelernos
1127 3921 1180 3979 έ-
1231 3915 1289 3968 in
1319 3923 1496 3971 mente
1517 3916 1688 3972 habui
1730 3919 1744 3984 ζ
1792 3960 1802 3972 .

489 4016 530 4073 C
560 4017 819 4091 Cogitavi
849 4017 974 4075 dies
1006 4019 1303 4092 antiquos,
1334 4022 1468 4077 Adae
1509 4021 1794 4090 videlicet,
1857 4023 2074 4096 quibus

419 4105 745 4163 humanum
777 4123 963 4181 genus
993 4109 1245 4181 peccatis
1276 4111 1588 4166 tenebatur
1630 4113 1970 4170 obnoxium.
2006 4114 2077 4169 Et

419 4212 606 4252 annos
626 4201 892 4263 aeternos,
922 4199 1061 4270 quia
1090 4199 1244 4255 sicut
1273 4198 1368 4256 isti
1404 4200 1529 4257 dies
1560 4201 1809 4276 antiqui,
1851 4202 1911 4257 in
1945 4204 2077 4276 qui-

421 4283 532 4340 bus
553 4302 781 4351 sumus,
814 4291 1110 4343 momento
1161 4293 1424 4361 pereunt,
1477 4289 1562 4346 sic
1609 4292 1788 4346 futuri
1841 4292 1964 4348 dies
2022 4295 2080 4348 et

423 4373 560 4428 anni
591 4375 648 4429 in
682 4373 823 4431 caelo
854 4375 1094 4447 perenni
1126 4376 1488 4450 longtevitate
1518 4380 1868 4436 consistunt.
1912 4381 1973 4436 In
2004 4379 2079 4436 is-

421 4461 498 4516 tis
549 4479 708 4518 mors
739 4463 1115 4534 dominatur;
1170 4466 1230 4521 in
1275 4465 1392 4522 illis
1440 4467 1557 4524 vita
1618 4474 1820 4542 regnat
1875 4485 2077 4542 perpe-

422 4555 482 4606 tu
493 4568 544 4606 a.

423 4661 460 4714 6
566 4659 630 4715 Et
657 4658 945 4716 meditatus
971 4677 1092 4716 sum
1122 4670 1272 4718 nocte
1301 4678 1424 4718 eum
1447 4663 1604 4720 corde
1628 4681 1742 4721 meo
1773 4683 1794 4720 :

565 4755 620 4816 σξη
666 4750 731 4804 Et
772 4755 788 4819 ζ
855 4749 1198 4806 arereitabar
1223 4759 1274 4808 et
1303 4752 1580 4808 seobebam
1617 4754 2082 4825 spiritummeum.

497 4857 539 4913 C
571 4857 881 4914 Meditatur
910 4856 1087 4914 etiam
1121 4874 1252 4914 cum
1290 4858 1463 4914 corde
1495 4875 1620 4925 suo,
1676 4860 1774 4932 qui
1828 4859 2084 4916 animam

431 4947 570 5003 facit
600 4964 767 5003 suam
799 4947 1020 5020 aliquid
1045 4965 1177 5003 cum
1207 4946 1430 5004 ratione
1456 4950 2090 5006 tractare.Exercemur

427 5052 582 5104 vero,
599 5040 835 5107 quando
858 5054 962 5110 per
983 5035 1363 5110 cogitationes
1388 5036 1732 5095 innumeras
1746 5043 2084 5095 aestuamus.

430 5125 476 5180 H
525 5125 846 5182 Scobebam
904 5126 1203 5199 spiritum,
1257 5127 1367 5183 hoc
1421 5130 1510 5182 est
1563 5127 1856 5184 fodiebam
1911 5128 2082 5201 quasi

432 5229 662 5286 agrum,
696 5217 761 5268 ut
792 5213 869 5269 ibi
904 5214 1195 5270 mitterem
1230 5232 1429 5272 semen
1464 5217 1740 5273 doctrinae
1762 5217 1884 5274 Dei.
1919 5218 1984 5272 Et
2007 5217 2089 5273 ita

431 5301 572 5356 dicit
599 5301 775 5357 etiam
807 5302 864 5356 in
898 5302 1228 5373 epistolaad
1257 5305 1542 5360 Sunniam
1567 5309 1622 5360 et
1650 5305 1939 5361 Fretulam
1963 5306 2092 5362 Hie-

435 5407 736 5462 ronymus,
771 5389 1083 5446 dicendum
1115 5407 1243 5446 esse
1275 5397 1331 5447 et.
1363 5393 1738 5450 scribendum
1761 5411 1907 5464 esse,
1942 5393 2094 5449 scili-

434 5483 524 5535 cet
555 5479 885 5547 scobebam,
921 5478 975 5532 id
1009 5483 1099 5536 est
1130 5483 1434 5539 scrutabar
1463 5487 1520 5540 et
1577 5484 1888 5551 fodiebam,
1923 5483 2091 5556 quasi

436 5568 536 5643 qui
567 5569 626 5627 in
657 5585 796 5643 agro
827 5568 1038 5628 herbas
1069 5569 1300 5642 quaerit.

2110 4515 2158 4580 D

2173 3209 2280 3274 nit,
2312 3206 2451 3278 quia
2480 3204 2589 3260 hoc
2620 3203 2765 3275 ccepi
2797 3201 3120 3276 intelligere
3147 3202 3307 3274 quod
3357 3205 3622 3258 sanctam
3670 3217 3843 3257 com-

2174 3295 2557 3353 mutationem
2590 3293 2824 3348 dextera
2851 3291 3106 3359 Domini,
3136 3290 3194 3346 id
3241 3294 3331 3347 est
3387 3288 3659 3346 Christus
3699 3307 3843 3346 con-

2174 3383 2363 3442 suevit
2409 3383 2469 3438 in
2501 3381 2670 3438 nobis
2727 3379 2974 3454 operari,
3017 3385 3080 3435 ut
3135 3380 3207 3435 de
3255 3378 3585 3436 conditione
3636 3378 3842 3435 saeculi

2175 3471 2540 3535 commutati,
2576 3487 2906 3526 mereamur
2933 3470 3063 3540 ejus
3102 3468 3204 3524 ﬁlii
3238 3468 3584 3540 nuncupari.
3627 3467 3675 3523 H
3735 3467 3838 3524 Vel

2176 3564 2298 3620 hinc
2331 3559 2600 3625 mutatio,
2633 3559 2789 3633 quod
2811 3559 2971 3630 juste
2997 3558 3244 3631 perditio
3267 3558 3359 3631 pie
3391 3557 3728 3614 miseretur.

2181 3671 2236 3728 ll
2320 3674 2528 3730 Memor
2553 3668 2642 3740 fui
2670 3682 2894 3738 operum
2914 3667 3139 3722 Domi-ni
3171 3683 3187 3719 :

2323 3759 2465 3827 Quia
2492 3771 2702 3812 memor
2729 3771 2819 3811 ero
2849 3754 2916 3810 ab
2947 3756 3110 3810 initio
3141 3753 3492 3810 mirabilium
3523 3759 3768 3810 tuorum.

2253 3848 2298 3903 ll
2330 3848 2550 3902 Memor
2581 3844 2662 3899 fui
2697 3859 2938 3916 operum
2966 3843 3067 3899 Dei
3101 3859 3228 3914 qua:
3260 3843 3472 3899 fecerat
3518 3842 3727 3916 Moysi,
3756 3843 3848 3900 vel

2183 3936 2316 3994 aliis
2343 3934 2581 3992 sanctis.
2616 3933 2657 3988 C
2689 3932 3017 3988 Memorero
3037 3933 3108 3987 ab
3136 3931 3304 3988 initio
3323 3931 3477 4004 quod
3494 3931 3628 3988 fecit
3656 3933 3851 3988 Adam

2184 4026 2254 4082 ad
2313 4022 2628 4096 imaginem
2664 4037 2855 4088 suam,
2889 4020 3099 4076 deinde
3131 4021 3288 4093 quod
3320 4019 3674 4077 oblationem
3704 4021 3852 4076 Abel

2176 4114 2326 4188 justi
2358 4113 2760 4184 susceperat,et
2790 4111 2945 4182 qnod
2978 4110 3036 4165 in
3071 4126 3208 4166 arca
3236 4111 3354 4166 Noe
3373 4110 3586 4166 diversi
3610 4110 3851 4182 generis

2186 4203 2464 4261 animalia
2491 4199 2550 4257 in
2584 4200 2858 4275 mysterio
2889 4199 3156 4257 Ecclesia:
3177 4199 3435 4267 salvavit,
3453 4201 3608 4272 quod
3641 4203 3852 4272 typum

2157 4301 2162 4304 ’
2187 4295 2471 4349 adventus
2502 4289 2666 4346 suiin
2700 4288 3163 4346 Isaacoblatione
3183 4287 3399 4343 cmlesti
3427 4288 3641 4360 pietate
3655 4305 3857 4346 mons—

2187 4380 2379 4449 travit,
2412 4385 2467 4448 et
2507 4377 2725 4435 similia
2755 4394 2882 4450 qum
2931 4379 3002 4432 ab
3053 4376 3220 4433 initio
3266 4377 3557 4433 mirabilia
3588 4377 3853 4444 fuerunt,

2191 4472 2249 4526 in
2273 4470 2490 4544 quibus
2521 4471 2718 4524 tamen
2741 4465 3018 4523 omnibus
3044 4464 3143 4522 Dei
3176 4466 3576 4523 misericordia
3621 4465 3856 4523 homini

2191 4559 2538 4617 ostenditur.

2200 4667 2269 4723 12
2346 4673 2410 4724 Et
2435 4662 2739 4720 meditabor
2768 4663 2828 4718 in
2857 4635 3109 4718 omnibus
3137 4664 3392 4735 operibus
3420 4663 3566 4718 tuis:

2341 4757 2405 4811 Et
2427 4751 2910 4808 adinve—ntionibus
2936 4752 3045 4807 tuis
3073 4753 3381 4809 exercebar.

2267 4845 2312 4901 Η
2345 4844 2493 4900 Tota
2525 4857 2654 4898 mea
2681 4840 2952 4914 cogitatio
2983 4841 3055 4896 de
3105 4840 3421 4897 virtutibus
3475 4841 3595 4897 tuis
3655 4845 3767 4909 est,
3803 4845 3868 4896 et

2196 4932 2522 4998 exercebor,
2557 4930 2598 4986 C
2625 4930 2680 4985 id
2712 4929 2887 4998 est,in
2919 4929 3354 5002 praceptistuis
3383 4928 3869 4986 salutaribushu’

2198 5023 2322 5080 mili
2350 5020 2652 5077 devotione
2681 5019 2976 5085 versabor,
3007 5019 3095 5074 vel
3128 5019 3454 5075 meditabor
3489 5019 3550 5075 in
3582 5018 3868 5076 omnibus

2200 5111 2497 5187 operibus,
2529 5109 2588 5165 id
2617 5113 2705 5164 est
2736 5108 3054 5180 Scripturis
3087 5107 3320 5166 divinis.

2201 5221 2268 5275 12
2341 5222 2486 5274 Deus
2519 5218 2579 5271 in
2607 5223 2790 5272 sancto
2816 5217 2929 5271 vita
2961 5222 3091 5272 tua:
3126 5218 3249 5289 quis
3277 5220 3414 5274 Deus
3439 5231 3672 5288 magnus
3725 5217 3873 5272 sicut

2411 5309 2621 5371 Deus-j—
2668 5312 2849 5363 noster
2891 5310 2905 5374 ζ
2970 5311 2994 5362 P

2350 5397 2423 5451 Tu
2452 5410 2507 5451 es
2538 5401 2680 5452 Deus
2707 5397 2806 5468 qui
2829 5397 2970 5468 facis
2999 5394 3306 5452 mirabilia.

2204 5485 2269 5541 14
2344 5486 2542 5540 Notam
2571 5484 2759 5558 fecisti
2789 5488 2848 5540 in
2871 5486 3092 5558 populis
3122 5485 3378 5541 virtutem
3405 5491 3561 5539 tuam
3580 5500 3597 5537 :
3629 5481 3875 5540 redemi-

2419 5573 2490 5628 sti
2517 5573 2578 5628 in
2608 5572 2828 5630 brachio
2857 5579 2912 5641 -ί-
2959 5580 3048 5630 tuo
3070 5573 3336 5648 populum
3364 5578 3516 5630 tuum
3559 5576 3574 5642 ζ
3617 5613 3632 5627 .
