4112 6176
412 359 525 456 291

416 495 448 548 4
558 493 677 547 I'I'un
702 497 832 546 sunt
852 487 1116 544 occultata
1141 501 1178 542 a
1203 484 1316 558 ﬁlii
1341 499 1530 541 eorum
1560 502 1578 541 :

551 581 614 636 In.
641 579 992 649 generatione
1019 577 1218 632 altera.
1875 629 1890 638 ί

493 672 535 727 C
561 671 687 729 Non
718 673 858 726 sunt
885 665 1424 736 occultata,scilicet
1452 681 1488 721 a
1517 663 1881 739 spiritalibus
1910 662 2070 732 ﬁliis,

405 762 507 836 qui
537 777 741 819 eorum
773 757 1100 814 imitatores
1131 755 1388 812 fuerunt.
1405 753 1601 810 Altera
1625 754 2071 828 generatio,non

366 849 798 934 _Hebrmorum,
852 845 954 902 sed
1012 845 1278 918 gentium
1327 843 1621 918 signiﬁcat
1665 843 2070 918 congregatio-

404 954 567 996 nem.

395 1029 434 1084 5
537 1027 837 1084 Narrantes
867 1024 1054 1082 laudes
1083 1024 1316 1080 Domini
1341 1027 1395 1080 et
1427 1025 1654 1080 virtutes
1683 1023 1800 1096 ejus
1833 1039 1848 1078 :

537 1121 608 1174 Et
632 1115 923 1173 mirabilia
952 1115 1072 1187 ejus
1097 1129 1221 1186 qua:
1249 1113 1400 1185 fecit.

397 1208 438 1264 C
564 1206 813 1263 Narrare
862 1203 1080 1277 quippe
1127 1219 1305 1275 opera
1351 1200 1584 1258 Domini
1635 1200 1909 1257 laudasse
1954 1203 2062 1256 est.

396 1296 578 1370 Cujus
607 1295 762 1352 facta
793 1294 936 1349 dum
967 1289 1496 1365 narrantur,gloria
1525 1307 1759 1364 semper
1794 1292 2060 1362 augetur,

394 1382 1064 1449 Virtutes,liberationes
1096 1380 1411 1452 dicit,quas
1433 1379 1568 1435 fecit
1587 1379 1648 1434 in
1673 1377 1889 1452 populo
1921 1393 2062 1434 cum

395 1493 496 1532 eos
520 1475 593 1530 de
623 1473 923 1529 Pharaone
954 1469 1224 1526 liberavit
1255 1487 1268 1525 :
1303 1467 1600 1524 mirabilia
1621 1467 1938 1540 vero,quod
1960 1483 2060 1524 eos

395 1565 455 1620 in
487 1565 722 1620 deserto
767 1576 985 1616 manna
1034 1558 1210 1632 pavit,
1267 1562 1326 1614 et
1375 1555 1608 1614 modica
1651 1561 1711 1613 et
1757 1555 2062 1614 levissima

395 1652 827 1709 concertatione
857 1655 1062 1722 gentes
1083 1647 1523 1721 potentissimas
1549 1647 1821 1718 subjecit.

393 1743 431 1798 6
537 1741 601 1797 Et
630 1741 916 1796 suscitavit
941 1739 1317 1794 testimonium
1344 1738 1406 1792 in
1433 1735 1602 1796 Jacob
1637 1753 1650 1791 :

535 1831 601 1887 Et
629 1831 800 1901 legem
829 1829 1010 1901 posuit
1040 1829 1098 1883 in
1129 1826 1323 1884 Israel.

462 1920 504 1976 C
533 1919 892 1976 Suscitatum
923 1932 1050 1974 esse
1080 1913 1488 1972 testimonium
1539 1914 1598 1969 in
1647 1911 1828 1970 Jacob
1858 1911 2000 1968 dicit
2031 1929 2044 1968 :

391 2009 626 2083 quando
657 2023 792 2066 cum
823 2005 1031 2080 angelo
1063 2002 1408 2076 colluctans,
1441 2007 1632 2060 tactus
1663 2019 1780 2059 uno
1829 2003 2048 2058 temore

389 2097 738 2157 claudicavit
792 2095 946 2170 (Gen.
1014 2094 1190 2166 χχχιι)
1259 2093 1415 2166 quod
1463 2091 1759 2165 signiﬁcat
1814 2089 2045 2148 Israeli-

387 2189 571 2245 ticum
615 2184 919 2258 populum,
970 2182 1183 2256 partim
1238 2181 1373 2238 ﬁdei
1425 2180 1726 2247 ﬁrmitate,
1775 2185 2043 2236 constare

387 2277 601 2349 partim
627 2291 661 2330 a
680 2291 790 2332 sua
813 2271 1000 2329 salute
1017 2268 1743 2341 discedere.Posuitlegem
1762 2269 1822 2324 in
1840 2267 2038 2336 Israel,

386 2369 454 2422 ut
476 2381 576 2421 eos
606 2364 842 2419 devotos
869 2375 998 2416 esse
1048 2376 1157 2416 suo
1214 2359 1456 2415 Domino
1481 2360 1898 2426 commoneret,
1931 2356 2040 2412 hoc

385 2456 477 2509 est
523 2449 678 2524 quod
729 2447 1000 2521 superius
1047 2445 1209 2513 dicit,
1263 2445 1522 2519 aperiam
1553 2445 1613 2500 in
1646 2444 1940 2518 parabolis
1981 2450 2041 2500 et

384 2541 595 2614 loquar
624 2537 1073 2613 propositiones,
1105 2536 1246 2608 quia
1275 2536 1386 2592 iste
1415 2550 1619 2592 versus
1667 2535 1914 2608 ﬁgurate
1961 2532 2038 2588 lo-

383 2631 606 2704 quitur.

378 2721 415 2775 7
525 2721 753 2792 Quanta
778 2716 1056 2772 mendavit
1077 2713 1330 2788 patribus
1357 2714 1560 2770 nostris

446 2835 451 2840 τ
521 2809 658 2865 Nota
689 2810 872 2879 facere
899 2820 964 2862 ea
993 2805 1127 2876 ﬁliis
1155 2805 1274 2860 suis
1303 2821 1324 2860 .-

527 2899 591 2955 Ut
612 2903 896 2967 cognoscat
924 2895 1201 2967 generatio
1229 2893 1425 2949 altera.

450 2985 738 3043 CVersus
793 2984 903 3041 iste
952 2982 1264 3056 signiﬁcat,
1319 2997 1422 3054 per
1467 2980 1873 3054 generationes
1928 2980 2030 3037 ho-

377 3077 607 3133 minum
656 3074 838 3130 fuisse
889 3072 1169 3128 mandata
1217 3071 1319 3128 Dei
1367 3071 1740 3138 transmissa,
1782 3085 1854 3126 ne
1897 3070 2032 3143 quis

375 3168 608 3238 putaret
628 3163 730 3220 uni
761 3163 966 3218 datum
998 3161 1153 3234 quod
1203 3159 1482 3216 omnibus
1529 3164 1620 3216 est
1662 3175 2026 3216 concessum.

373 3235 568 3310 Altera
594 3253 691 3308 hic
721 3250 1038 3325 generatio,
1067 3254 1373 3306 extraneos
1404 3248 1696 3322 signiﬁcat
1728 3266 1843 3304 non
1890 3265 2025 3320 pro-
2059 3235 2103 3302 C

375 3341 648 3414 pinquos,
681 3345 740 3396 et
763 3344 966 3413 gentes
995 3355 1112 3394 non
1140 3337 1394 3394 Judaaos.

374 3433 408 3484 8
518 3429 652 3485 Filii
679 3431 777 3500 qui
804 3435 1102 3484 nascentur
1128 3435 1180 3482 et
1207 3436 1500 3499 exsurgent
1529 3447 1549 3482 :

517 3522 586 3574 Et
613 3517 924 3573 narrabant
949 3515 1085 3587 ﬁliis
1103 3517 1239 3570 suis.

443 3607 486 3662 C
514 3605 644 3662 Filii
673 3604 990 3663 Christiani
1023 3605 1289 3677 sunt,qui
1322 3605 1760 3676 pradicationes
1789 3609 2024 3663 sanctas

372 3697 447 3752 ad
479 3695 811 3751 animarum
843 3692 1095 3750 salutem
1147 3693 1555 3750 conferendam
1610 3694 1734 3750 suis
1773 3695 2024 3768 posteris

370 3784 761 3841 tradiderunt.

367 3874 404 3928 9
515 3875 581 3930 Et
603 3881 812 3946 ponant
843 3873 905 3929 in
935 3876 1046 3928 Deo
1073 3887 1222 3944 spem
1248 3889 1406 3928 suam
1438 3888 1452 3928 :
1485 3880 1535 3928 et
1563 3889 1674 3930 non
1702 3873 2026 3931 obliviscan-

583 3972 676 4020 tur
704 3978 932 4036 operum
959 3962 1060 4018 Dei
1086 3981 1106 4018 :

511 4056 578 4112 Et
605 4052 872 4109 mandata
899 4052 1018 4124 ejus
1046 4053 1360 4127 exquirant.

435 4148 477 4200 C
500 4144 789 4200 Admonet
818 4142 936 4210 hic,
969 4145 1035 4199 ut
1065 4141 1281 4215 posteri
1327 4159 1492 4216 spem
1543 4159 1714 4199 suam
1761 4160 1879 4200 non
1916 4160 2020 4218 po-

363 4238 509 4291 nant
540 4234 600 4289 in
623 4233 835 4306 legem,
887 4248 1014 4304 qua:
1062 4231 1253 4304 punit,
1287 4231 1389 4288 sed
1418 4231 1477 4288 in
1509 4231 1761 4306 gratiam
1790 4249 2022 4290 conces-

363 4339 652 4397 sam,qum
682 4321 924 4378 liberat:
944 4325 1002 4377 et
1031 4338 1146 4377 non
1179 4319 1602 4377 obliviscantur
1625 4337 1870 4395 operum
1892 4322 2019 4393 Dei,

363 4413 410 4468 H
445 4413 502 4468 id
530 4417 620 4468 est
646 4414 1044 4478 contemnant,
1079 4411 1232 4466 sicut
1277 4411 1538 4467 fecerunt
1575 4411 1782 4484 perﬁdi
1807 4412 2015 4480 Judaei,

363 4501 466 4558 sed
497 4500 779 4556 mandata
806 4501 937 4572 ejus
968 4499 1278 4571 exquirant
1306 4504 1372 4555 ut
1395 4499 1730 4559 Christiani.

360 4593 432 4649 40
504 4591 582 4647 Ne
609 4591 748 4662 ﬁant
773 4592 914 4645 sicut
939 4597 1118 4661 patres
1147 4607 1336 4647 eorum
1368 4608 1381 4646 :

505 4679 794 4738 Generatio
815 4694 921 4751 pra
929 4695 994 4734 va
1020 4685 1071 4734 et
1093 4695 1446 4752 exasperans.

428 4769 476 4827 Η
509 4768 611 4826 Hic
634 4772 873 4825 notatur
900 4768 1146 4840 perﬁdia
1172 4768 1650 4843 Judazorum,qui
1681 4787 2013 4830 murmura-

355 4860 497 4916 bant
529 4860 761 4932 semper
789 4857 846 4915 in
873 4859 1102 4915 deserto
1134 4862 1336 4915 contra
1373 4859 1711 4916 Dominum.
1745 4861 1787 4916 C
1832 4860 2016 4918 Prava

356 4949 550 5006 dicta:
587 4949 726 5022 quia
771 4949 1076 5005 veritatem
1127 4947 1379 5022 recipere
1423 4948 1757 5006 noluerunt.
1792 4949 1838 5006 H
1867 4951 2010 5006 Exa-

355 5043 660 5112 spsrantes
693 5055 706 5094 :
741 5039 881 5110 quia
930 5042 1135 5095 contra
1175 5037 1489 5095 Dominum
1524 5035 2014 5114 blasphemabant

352 5127 656 5184 irritantes
687 5127 760 5183 ad
789 5126 1131 5184 vindictam.

354 5218 415 5274 11
498 5217 784 5274 Generatio
815 5232 934 5289 quae
961 5232 1071 5273 non
1100 5216 1309 5274 direxit
1333 5233 1428 5274 cor
1455 5235 1620 5275 suum
1653 5238 1672 5276 .-

491 5307 558 5362 Et
587 5321 696 5362 non
727 5313 804 5361 est
833 5304 1070 5362 creditus
1100 5323 1224 5362 cum
1251 5309 1356 5364 Deo
1383 5309 1614 5380 spiritus
1643 5309 1786 5382 ejus.

421 5393 469 5454 Η
500 5392 696 5468 Usque
726 5393 899 5450 hodie
928 5408 1235 5466 perversus
1281 5399 1372 5451 est
1417 5395 1616 5464 Israel,
1658 5400 1716 5452 et
1757 5398 1846 5452 est
1895 5413 2014 5452 non

349 5484 606 5542 directus
637 5499 772 5540 cum
820 5482 936 5538 Deo
981 5481 1232 5555 Spiritus
1281 5485 1432 5556 ejus,
1463 5489 1522 5541 et
1551 5485 1829 5558 quoniam
1894 5505 2012 5545 non

343 5573 567 5647 recepit
601 5572 833 5640 Filium,
867 5577 1173 5645 propterea
1203 5589 1317 5629 non
1349 5575 1556 5648 recipit
1574 5575 1864 5648 Spiritum
1883 5595 2014 5636 san-

345 5669 508 5729 tum.
527 5663 568 5726 Ο
599 5662 700 5724 Ille
729 5662 934 5740 dirigit
962 5677 1061 5722 cor
1090 5663 1398 5740 suum,qui
1429 5664 1502 5724 ad
1547 5665 1784 5725 divinas
1809 5683 1871 5726 se
1891 5685 2012 5728 cor-

1325 353 1389 413 S.
1436 349 1832 413 BRUNONIS
1877 348 2496 412 HERBIPOLENSIS
2540 349 2917 412 EPISCOPI.

2095 487 2153 555 Α
2182 483 2660 558 rigitjussiones.
2693 485 2738 538 A
2781 481 2945 539 Illius
2989 497 3124 538 vero
3169 481 3423 554 Spiritus
3451 478 3717 538 creditus
3753 483 3852 537 est

3718 345 3851 413 292.

2183 589 2320 628 cum
2342 573 2483 642 Deo,
2515 571 2618 646 qui
2648 571 2709 628 in
2739 571 2924 628 Deum
2955 569 3157 627 credit.

2181 663 2252 719 12
2324 664 2459 720 Filii
2484 662 2722 735 Ephrem
2740 659 3084 718 intendentes
3106 663 3160 716 et
3188 659 3460 715 mittentes
3486 673 3682 714 arcum
3716 673 3730 714 :

2325 752 2582 809 Conversi
2609 755 2737 808 sunt
2767 753 2828 807 in
2855 751 2944 808 die
2975 750 3125 806 belli.

2249 845 2292 898 C
2319 841 2573 915 Ephrem
2616 839 2705 898 vel
2755 839 3030 914 Ephraim
3079 839 3496 911 interpretatur
3541 836 3845 909 frugifer:

2177 931 2275 989 hic
2304 931 2415 988 fuit
2443 930 2602 988 ﬁlius
2623 930 2838 1004 Joseph
2861 929 3264 1002 junior,quem
3287 944 3430 984 avus
3451 944 3599 984 suus
3620 927 3854 1000 prima-

2177 1022 2264 1078 rio
2292 1019 2418 1079 loco
2449 1019 2745 1078 benedixit
2760 1038 2773 1076 :
2788 1021 2915 1092 ejus
2933 1035 3067 1076 vero
3087 1016 3189 1074 ﬁlii
3215 1022 3457 1091 paterna
3480 1015 3846 1076 benedictio-

2176 1128 2249 1169 ne
2283 1113 2610 1169 crescentes
2641 1109 2792 1185 (Gen.
2836 1109 3053 1182 XLVIII),
3085 1108 3156 1164 de
3183 1107 3372 1164 fructu
3417 1105 3552 1162 ﬁdei
3595 1121 3843 1164 corrue-

2177 1205 2335 1258 runt.
2371 1200 2755 1258 Intenderunt
2783 1213 2986 1256 arcum
3019 1215 3032 1254 :
3067 1215 3200 1254 cum
3233 1196 3586 1253 admonente
3631 1195 3844 1268 Moyse

2173 1292 2468 1361 dixerunt,
2497 1306 2856 1366 quaecunque
2901 1288 3132 1346 locutus
3179 1291 3269 1344 est
3313 1285 3471 1343 Deus
3515 1285 3841 1342 faciemus.

2172 1380 2445 1438 Conversi
2474 1397 2607 1438 vero
2638 1383 2816 1438 sunt:
2846 1378 3080 1454 quando
3125 1380 3316 1433 Aaron
3358 1375 3634 1432 dixerunt
3667 1392 3681 1430 :
3720 1373 3839 1431 Fac

2171 1469 2342 1527 nobis
2369 1471 2510 1527 deos
2539 1486 2687 1542 quos
2712 1469 3024 1525 adoremus
3055 1467 3208 1540 (Gen.
3241 1467 3437 1537 χχχιι).

2169 1560 2238 1617 13
2309 1560 2429 1620 Non
2457 1558 2830 1616 custodierunt
2857 1559 3241 1614 testamentum
3267 1556 3382 1612 Dei.

2307 1651 2374 1706 Et
2400 1651 2461 1706 in
2491 1649 2607 1720 lege
2635 1649 2753 1720 ejus
2783 1648 3076 1704 noluerunt
3104 1645 3404 1702 ambulare.

2236 1738 2278 1795 C
2307 1738 2433 1796 Non
2465 1737 2869 1795 custodierunt
2898 1739 3317 1793 testamentum
3344 1733 3437 1791 Dei
3473 1750 3486 1788 :
3516 1732 3650 1792 ideo
3682 1749 3829 1789 con-

2161 1828 2313 1885 versi
2345 1832 2485 1884 sunt
2511 1828 2570 1882 in
2595 1827 2691 1884 die
2720 1824 2878 1884 belli.

2161 1919 2229 1974 14
2301 1919 2367 1974 Et
2390 1918 2550 1975 obliti
2571 1924 2698 1972 sunt
2727 1917 3134 1988 benefactorum
3163 1915 3279 1988 ejus
3309 1929 3324 1968 :

2298 2007 2364 2062 Et
2391 2004 2741 2062 mirabilium
2769 2005 2886 2076 ejus
2913 2019 3038 2076 quae
3057 2003 3289 2059 ostendit
3317 2003 3416 2059 eis.

2227 2097 2267 2152 C
2297 2094 2475 2152 Obliti
2506 2097 2648 2151 sunt
2665 2093 2852 2152 Judaei
2883 2093 3301 2150 beneﬁciorum
3326 2089 3427 2148 Dei
3457 2093 3514 2146 et
3539 2086 3823 2145 omnium

2155 2185 2460 2259 signorum
2491 2185 2640 2257 ejus.

2153 2275 2221 2330 15
2297 2275 2494 2331 Coram
2528 2274 2781 2346 patribus
2827 2288 3016 2330 eorum
3060 2272 3193 2344 fecit
3244 2269 3530 2326 mirabilia
3570 2269 3635 2324 in
3664 2275 3821 2324 terra

2361 2364 2589 2436 ﬁgypti
2611 2378 2624 2417 :

2289 2454 2353 2509 In.
2381 2469 2570 2525 campo
2605 2453 2825 2510 Taneos.

2218 2541 2260 2597 C
2303 2543 2514 2598 Narrat
2558 2541 2715 2598 enim
2763 2542 2916 2598 facta
2961 2537 3248 2596 miracula
3287 2553 3482 2594 coram
3535 2535 3812 2609 patribus

2144 2648 2370 2700 eorum,
2403 2631 2462 2687 id
2493 2635 2584 2688 est
2613 2631 3028 2704 Moyse,Aaron
3055 2632 3113 2686 et
3141 2627 3274 2684 aliis
3300 2626 3730 2693 senioribus,ut
3752 2629 3814 2680 et

2146 2720 2473 2777 manifestis
2516 2719 2693 2776 rebus
2741 2717 3112 2775 constantias’
3144 2716 3376 2774 credere
3408 2714 3758 2772 debuissent
3793 2731 3808 2769 :

2143 2817 2202 2868 et
2229 2810 2358 2868 ideo
2387 2809 2568 2866 etiam
2591 2807 2948 2882 provinciam
2989 2805 3138 2862 dixit
3185 2809 3242 2862 et
3283 2804 3500 2874 locum,
3532 2801 3634 2858 ubi
3679 2801 3808 2858 haec

2142 2900 2297 2956 facta
2325 2899 2743 2972 sunt.Campus
2775 2895 2955 2954 Tanis
2985 2893 3275 2969 signiﬁcat
3301 2889 3526 2950 humile
3548 2891 3799 2947 manda-

2143 2993 2269 3046 tum
2299 2989 2456 3061 quod
2483 2987 2541 3044 in
2571 2986 2744 3043 terris
2775 2985 3003 3060 positus
3025 2982 3292 3040 Christus
3319 2982 3516 3038 docuit
3541 2981 3748 3037 dicens
3783 2998 3799 3037 :

2141 3078 2356 3134 Discite
2381 3095 2416 3134 a
2441 3093 2555 3144 me,
2583 3077 2722 3149 quia
2753 3076 2914 3132 mitis
2939 3090 3074 3130 sum
3099 3077 3156 3129 et
3175 3071 3430 3149 humilis
3455 3071 3665 3146 (Matth.
3692 3070 3800 3144 χι).

2141 3168 2210 3222 16
2282 3166 2583 3238 Interrupit
2606 3181 2764 3224 mare
2788 3169 2840 3220 et
2859 3162 3121 3237 perduxit
3148 3178 3236 3219 eos
3267 3179 3280 3218 :

2281 3257 2348 3312 Et
2371 3257 2564 3312 statuit
2588 3270 2759 3327 aquas
2786 3255 2946 3326 quasi
2967 3255 3028 3308 in
3056 3261 3254 3308 utrem.

2203 3349 2244 3400 C
2272 3345 2534 3418 Ruptum
2561 3347 2652 3400 est
2675 3359 2836 3400 mare
2868 3358 2881 3396 :
2915 3340 3151 3414 quando
3195 3340 3254 3395 in
3299 3338 3605 3413 geminum
3634 3334 3802 3392 latus

2132 3434 2477 3508 permansit,
2512 3437 2577 3488 ut
2607 3448 2722 3488 non
2752 3435 2875 3487 tam
2905 3429 3146 3504 pelagus
3175 3445 3351 3502 quam
3380 3427 3575 3484 excisa
3616 3441 3802 3498 rupes

2133 3527 2454 3598 putaretur.
2491 3519 2767 3578 Perduxit
2790 3536 2890 3577 eos
2915 3519 2989 3575 ad
3018 3517 3392 3592 promissam,
3428 3515 3654 3572 scilicet
3683 3520 3803 3572 ter-

2133 3630 2259 3670 ram
2294 3630 2307 3668 :
2339 3611 2548 3670 statuit
2578 3627 2783 3684 aquas,
2815 3609 2874 3665 id
2905 3611 3014 3676 est,
3040 3611 3106 3663 ut
3133 3607 3216 3664 sic
3247 3609 3427 3664 staret
3479 3604 3639 3661 unda
3679 3605 3798 3660 im-

2135 3701 2371 3758 mobilis
2407 3717 2420 3758 :
2453 3706 2735 3774 tanquam
2763 3697 2972 3756 fuisset
3000 3695 3229 3754 inclusa
3258 3697 3316 3752 in
3345 3693 3524 3752 vasis.

2133 3790 2202 3847 47
2274 3792 2342 3847 Et
2370 3788 2600 3845 deduxit
2628 3804 2716 3846 eos
2747 3789 2808 3845 in
2835 3786 2979 3843 nube
3004 3786 3118 3842 diei
3147 3802 3160 3841 :

2273 3882 2341 3936 Et
2370 3884 2482 3937 tota
2511 3884 2666 3935 nocte
2694 3879 2755 3934 in
2785 3878 3197 3934 illuminatione
3228 3877 3391 3950 ignis.

2203 3972 2243 4025 C
2271 3968 2470 4026 Nubes
2501 3967 2636 4038 diei,
2669 3967 2910 4040 mystice
2941 3965 3234 4040 signiﬁcat
3274 3964 3589 4022 Dominum
3620 3962 3792 4020 Chri-

2131 4063 2291 4116 stum
2323 4075 2336 4115 :
2365 4057 2504 4130 quia
2528 4061 2586 4114 et
2615 4057 2740 4130 ipse
2788 4059 2878 4112 est
2919 4071 3093 4112 verus
3138 4054 3284 4121 dies,
3315 4057 3510 4109 tamen
3543 4051 3790 4126 perﬁdis

2129 4147 2354 4206 celatus
2379 4151 2469 4204 est
2499 4146 2655 4203 nube
2683 4145 2878 4202 carnis
2907 4161 3048 4202 suae.
3081 4144 3150 4200 Et
3173 4148 3294 4202 tota
3323 4145 3490 4199 nocte
3523 4160 3536 4198 :
3572 4141 3672 4198 hic
3712 4141 3792 4197 si-

2128 4236 2370 4313 gniﬁcat
2397 4234 2784 4305 Christianos,
2817 4251 2968 4308 quos
2997 4233 3253 4292 custodit
3274 4232 3335 4289 in
3364 4235 3531 4288 nocte
3563 4229 3791 4297 saeculi,

2127 4325 2391 4382 claritate
2418 4325 2510 4382 sui
2537 4323 2803 4381 luminis.

2127 4416 2198 4473 18
2270 4415 2579 4488 Interrupit
2599 4423 2812 4487 petram
2845 4415 2904 4469 in
2932 4428 3110 4470 eremo
3141 4431 3160 4468 :

2269 4506 2336 4562 Et
2364 4504 2660 4579 adaquavit
2688 4519 2776 4561 eos
2803 4503 2952 4560 velut
2978 4502 3039 4558 in
3063 4502 3257 4575 abysso
3285 4501 3474 4558 malta.

2047 4611 2096 4676 D
2198 4599 2238 4651 C
2265 4594 2427 4652 Tunc
2453 4593 2782 4667 interrupta
2831 4596 2920 4648 est
2964 4596 3128 4665 petra
3174 4591 3233 4646 in
3276 4606 3469 4647 eremo
3502 4605 3515 4644 :
3547 4587 3786 4662 quando

2126 4683 2419 4758 percussit
2449 4687 2507 4740 et
2531 4683 2824 4739 ﬂuxerunt
2853 4680 3174 4754 aquae,ideo
3200 4679 3328 4750 hoc,
3356 4683 3423 4735 ut
3446 4679 3786 4736 ostenderet

2127 4773 2431 4831 universas
2453 4775 2751 4829 creaturas
2780 4770 2910 4842 ejus
2927 4768 3298 4842 jussionibus
3327 4767 3586 4836 obedire,
3617 4767 3784 4840 prius

2125 4861 2432 4937 aquas,’hic
2461 4859 3041 4934 petram.Adaquavit
3063 4859 3209 4915 dixit
3235 4876 3248 4916 :
3282 4863 3349 4914 ut
3369 4859 3644 4930 jumenta
3668 4873 3784 4913 ma-

2121 4953 2212 5025 gis
2239 4951 2535 5008 videretur
2563 4948 2914 5022 signiﬁcare,
2949 4947 3126 5020 quam
3157 4947 3446 5025 homines,
3472 4944 3574 5019 qui
3603 4944 3784 5002 tantis

2121 5023 2420 5098 beneﬂciis
2449 5038 2672 5112 gratias
2704 5053 2873 5111 agere
2895 5036 3298 5094 noluerunt.ln
3320 5023 3534 5110 abﬁsso
3555 5034 3746 5091 multa
3765 5053 3784 5090 :

2121 5131 2348 5204 copiam
2382 5127 2728 5202 largissimae
2756 5127 2924 5184 unda:
2953 5125 3302 5195 declaravit,
3339 5142 3466 5200 qua:
3509 5123 3675 5182 velut
3713 5124 3787 5181 de

2123 5221 2334 5294 abysso
2359 5216 2571 5292 palagi,
2605 5215 2687 5273 ita
2717 5216 2904 5273 multa
2927 5215 3221 5290 proﬂuxit.

2125 5311 2191 5365 19
2263 5311 2328 5366 Et
2357 5307 2551 5365 eduxit
2573 5323 2777 5381 aquam
2805 5307 2870 5364 de
2894 5315 3054 5379 petra
3083 5325 3102 5362 :

2262 5399 2329 5455 Et
2355 5396 2585 5454 deduxit
2615 5400 2880 5470 tanquam
2906 5397 3144 5467 ﬂumina
3171 5412 3364 5469 aquas.

2193 5489 2240 5547 Η
2271 5493 2311 5544 C
2336 5487 2507 5544 Petra
2532 5487 2627 5543 hic
2651 5487 2946 5560 signiﬁcat
2970 5485 3292 5554 Christum,
3316 5485 3376 5544 in
3401 5483 3562 5558 ligno
3587 5483 3783 5540 crucis

2120 5577 2324 5638 lancea
2368 5593 2740 5652 percussum,
2783 5575 2855 5632 de
2897 5575 3070 5650 cuius
3116 5574 3297 5634 latere
3343 5578 3783 5634 sacramentum

2121 5667 2495 5749 baptismatis
2525 5665 2824 5744 proﬂuxit.
