4054 6168
216 356 327 418 293

217 490 284 544 20
350 486 416 542 Et
439 484 778 557 apcsuerunt
803 480 981 539 adhuc
1002 496 1224 554 peccare
1247 482 1302 539 ei
1331 498 1351 539 :

350 576 413 632 In
439 576 525 631 ira
550 574 966 631 concitaverunt
991 573 1265 629 excelsum
1291 572 1352 627 in
1386 572 1666 646 inaquoso.

283 666 325 721 C
351 667 786 738 Apposuernnt,
816 662 876 719 id
905 665 995 719 est
1022 662 1383 735 adjecerunt,
1415 664 1484 718 ut
1511 660 1667 721 inter
1692 664 1859 719 tanta

218 754 495 812 miracula
522 770 640 811 non
669 752 1241 810 crederent.Peccare
1268 751 1417 809 dixit
1446 768 1562 809 non
1592 752 1855 808 credere:

217 845 366 919 quod
396 844 577 900 nimis
607 842 943 915 improbum
963 845 1334 900 constetesse
1355 839 1631 899 delictum
1645 840 1858 913 eis,qui

218 935 285 990 de
313 934 597 1006 perceptis
623 931 842 1002 gratias
870 947 988 986 non
1018 929 1363 989 retulerunt.
1395 929 1459 985 In
1490 929 1578 986 ira
1602 928 1859 986 concita-

218 1027 417 1081 verunt
446 1020 870 1094 excelsum,qui
900 1023 987 1076 tot
1017 1018 1322 1077 miraculis
1353 1016 1859 1092 irrigati,pertidize

216 1131 327 1171 sua:
357 1110 665 1169 sterilitate
694 1110 755 1165 in
784 1126 921 1166 eum
952 1110 1186 1165 credere
1230 1108 1507 1166 nolebant
1537 1125 1551 1165 :
1585 1112 1650 1164 ut
1687 1108 1770 1166 sic
1798 1107 1860 1164 in

218 1203 497 1275 inaquoso
524 1198 611 1257 vel
642 1199 818 1267 sicco,
852 1215 968 1253 non
1002 1202 1120 1253 tam
1152 1196 1350 1255 locum
1383 1198 1482 1255 ubi
1523 1198 1677 1256 facta
1724 1200 1864 1255 sunt

221 1290 516 1358 miracula,
548 1304 727 1361 quam
759 1293 1014 1345 mentem
1043 1302 1247 1343 eorum
1277 1285 1584 1360 significet.

214 1401 271 1455 2|
345 1399 416 1454 Et
442 1402 787 1453 tenuit-erunt
811 1395 980 1450 Deum
1001 1395 1060 1449 in
1083 1393 1337 1450 cordibus
1359 1396 1475 1450 suis
1504 1410 1523 1448 :

351 1489 420 1544 Ut
438 1492 686 1559 peterent
714 1500 862 1540 escas
893 1483 1184 1539 animabus
1212 1485 1349 1539 suis.

281 1576 320 1630 C
346 1576 996 1632 Tentaveruntztentare
1021 1571 1179 1628 enim
1212 1571 1467 1629 dicimus
1496 1571 1717 1645 aliquid
1749 1588 1865 1628 ser-

222 1666 490 1722 monibus
521 1662 742 1720 dolosis
793 1660 1110 1734 postulare,
1143 1666 1207 1717 ut
1250 1662 1521 1718 videatur
1566 1662 1627 1717 in
1670 1661 1864 1718 verbis

224 1755 584 1829 simplicitas,
617 1770 753 1810 cum
785 1751 862 1808 sit
887 1752 946 1807 in
977 1752 1150 1807 corde
1179 1751 1540 1809 malitia.lsti
1571 1768 1710 1825 ergo
1732 1752 1864 1808 ani-

1442 346 1858 412 EXPOSl'l‘lO
1902 345 2415 415 PSALMOltU-M.

1882 489 1939 557 Α
1966 484 2035 537 27
2109 485 2187 539 Et
2206 484 2491 540 mandavit
2520 483 2758 540 nubibus
2786 483 3017 558 desuper
3048 500 3062 541 :

3498 355 3617 416 294

2108 572 2172 628 Et
2189 574 2397 646 januas
2426 574 2550 630 σιειὶ
2578 575 2814 647 aperuit.

2036 660 2078 716 C
2109 661 2225 719 Hoc
2256 662 2412 735 quod
2445 662 2731 735 sequitur,
2750 663 2857 720 etsi
2891 680 2994 737 per
3019 664 3324 723 historiam
3352 667 3620 724 videatur

1968 749 2208 817 factum,
2240 754 2471 825 oportet
2501 756 2698 809 tamen
2734 753 2807 810 ad
2855 753 3151 811 Christum
3201 755 3422 813 referri.
3455 757 3619 813 Man-

1967 839 2170 896 datum
2200 844 2290 897 est
2343 840 2522 915 igitur
2566 841 2850 911 nubibus,
2882 843 2939 899 id
2978 848 3068 900 est
3115 845 3620 919 praedicatoribus,

1968 933 2033 984 ut
2060 946 2162 1002 per
2182 930 2401 1001 januas
2432 930 2580 999 ccsli,
2616 930 2724 988 hoc
2755 935 2846 989 est
2874 932 3203 1005 Scripturas
3236 951 3453 1004 sacras,
3475 952 3619 1009 prte-

1967 1017 2178 1076 dicatio
2208 1019 2463 1093 gloriosa
2492 1020 2809 1079 adventum
2837 1021 3157 1091 Salyatoris
3182 1024 3502 1081 nuntiaret.

1966 1109 2039 1162 28
2110 1110 2174 1165 Et
2195 1109 2345 1181 pluit
2377 1109 2493 1166 illis
2522 1126 2729 1167 manna
2758 1111 2827 1167 ad
2856 1112 3300 1171 manducandum
3331 1132 3349 1168 :

2109 1198 2177 1253 Et
2196 1214 2398 1270 panem
2428 1198 2552 1254 cali
2580 1198 2726 1255 dedit
2756 1201 2854 1255 eis.

2042 1285 2083 1340 C
2113 1287 2328 1343 Manna
2357 1286 2938 1361 interpretatur,quid
2969 1295 3059 1346 est
3088 1291 3387 1365 hoc7quod
3409 1296 3623 1351 sancta

1970 1373 2371 1432 communioni
2404 1375 2889 1449 corporisChristi
2904 1379 3173 1436 decenter
3185 1381 3627 1454 aptamuszquia

1971 1463 2114 1519 dum
2146 1463 2492 1520 admirando
2528 1464 2695 1522 cibus
2726 1466 3052 1523 assumitur
3093 1468 3223 1537 iste,
3256 1469 3628 1529 declarantur

1973 1569 2218 1609 munera
2247 1552 2536 1610 Dominici
2565 1556 2829 1627 corporis
2860 1555 3097 1613 Christi.
3122 1557 3296 1614 Panis
3318 1558 3442 1617 cceli
3464 1559 3627 1616 Chri-

1970 1645 2100 1697 stus
2130 1643 2402 1708 est,unde
2433 1642 2692 1700 cmlestia
2717 1661 2913 1701 escam
2948 1646 3273 1719 Spiritalem
3306 1649 3547 1721 capiunt
3574 1654 3631 1705 et

1972 1730 2352 1788 delectatione
2375 1732 2766 1790 intestimabili
2798 1735 3202 1807 perfruuntur.

225 1821 427 1902 melius
456 1844 604 1910 suis,
622 1859 741 1899 non
771 1840 1064 1915 spiritales
1089 1841 1190 1897 sed
1223 1840 1488 1898 carnales
1518 1857 1702 1909 escas,
1723 1841 1865 1898 sub-

2003 1821 2045 1874 !9
2119 1823 2326 1877 Panem
2355 1822 2677 1890 angelorum
2705 1821 3057 1882 manducavit
3080 1832 3137 1892 —:—
3176 1827 3332 1884 homo
3371 1828 3388 1894 ζ

224 1934 343 1991 dole
374 1936 794 2007 poposcerunt.

221 2044 287 2097 22
355 2043 425 2096 Et
450 2039 600 2095 male
630 2039 798 2094 locuti
823 2042 954 2093 sunt
981 2036 1046 2093 de
1068 2038 1173 2094 Deo
1205 2053 1223 2093 :

356 2131 632 2185 Dixerunt
660 2126 911 2201 nunquid
952 2129 1154 2199 poterit
1200 2132 1340 2184 Deus
1389 2142 1592 2201 parare
1626 2143 1873 2183 mensam

433 2221 494 2274 in
522 2217 776 2275 deserto?

291 2311 329 2365 C
360 2308 576 2381 Utique
609 2306 759 2363 male
786 2305 964 2362 locuti
1008 2310 1166 2374 sunt,
1201 2306 1343 2377 quia
1389 2305 1556 2372 falsa,
1591 2323 1705 2361 non
1751 2322 1875 2361 cre-

229 2399 425 2455 dentes
455 2412 630 2470 posse
658 2412 864 2470 parare
894 2411 1163 2451 mensam
1195 2394 1254 2450 in
1274 2394 1630 2467 deserto,qui
1661 2396 1761 2450 dat
1793 2412 1879 2451 es-

230 2504 346 2544 cam
376 2486 537 2544 omni
569 2487 728 2542 carni
765 2501 778 2541 :
812 2485 911 2540 sed
945 2501 1153 2541 mensa
1179 2483 1295 2539 ista
1326 2483 1618 2557 significat
1650 2484 1877 2556 passio-

229 2593 383 2644 nem,
416 2577 475 2631 in
508 2591 626 2648 qua
657 2573 955 2631 reﬁcimur
982 2572 1328 2630 esurientes.

231 2686 293 2740 23
371 2684 644 2753 Quoniam
667 2683 935 2755 peracssit
959 2690 1175 2754 petram
1202 2689 1255 2738 et
1280 2683 1564 2753 ﬂuxerunt
1591 2697 1753 2754 aqua:
1783 2700 1800 2735 :

368 2773 437 2828 Et
467 2778 729 2829 torrentes
762 2772 1189 2827 inundaverant.

297 2862 346 2918 Η
374 2864 575 2935 Aquae,
608 2860 854 2934 mystice
875 2859 1212 2933 signiﬁcant
1231 2859 1451 2917 donum
1482 2859 1737 2935 Spiritus
1754 2877 1884 2915 san-

236 2950 303 3005 cti
332 2955 397 3006 et
425 2950 645 3006 ﬂuenta
668 2949 875 3005 divinae
902 2948 1353 3021 praedicationis,
1387 2966 1421 3004 a
1451 2954 1634 3021 petra,
1657 2948 1768 3005 hoc
1798 2952 1887 3004 est

240 3056 273 3095 a
297 3038 535 3095 Christo
578 3036 804 3112 prolata
837 3056 850 3094 :
883 3036 969 3095 vel
1020 3055 1193 3111 aqua,
1226 3038 1522 3112 apostolos
1555 3056 1568 3095 :
1602 3042 1887 3096 torrentes

240 3145 393 3194 vero,
409 3126 669 3201 reliquos
700 3125 964 3184 Ecclesiae
994 3128 1365 3196 doctores,ex
1392 3144 1643 3201 quorum
1677 3128 1887 3200 pracdi-

2123 1909 2344 1966 Cibaria
2372 1913 2526 1967 misit
2549 1912 2629 1967 eis
2661 1914 2721 1968 in
2748 1913 3167 1973 abundantiam.

2050 2000 2091 2055 C
2123 1998 2298 2055 Panis
2326 2016 2464 2073 ergo
2494 2000 2838 2074 angelorum
2884 2002 3031 2060 bene
3078 2004 3294 2060 dicitur
3340 2005 3631 2076 Christus,

1981 2088 2119 2161 quia
2147 2086 2415 2145 videlicet
2446 2088 2633 2163 ipsius
2681 2090 2853 2149 laude
2886 2098 3209 2165 pascuntur
3242 2111 3255 2151 :
3288 2112 3490 2153 verum
3539 2096 3634 2153 hic

1986 2179 2178 2252 panis,
2214 2180 2271 2235 in
2300 2178 2444 2235 coelo
2474 2179 2658 2253 replet
2708 2181 2968 2255 angelos,
2996 2201 3103 2239 nos
3134 2184 3322 2257 pascit
3349 2186 3408 2242 in
3438 2187 3632 2244 terris.

1983 2268 2030 2324 H
2057 2268 2288 2326 Cibaria
2322 2269 2574 2338 misit,ut
2594 2270 2721 2342 jam
2755 2288 2870 2327 non
2900 2271 3103 2329 litteras
3137 2273 3494 2343 hordeo,sed
3523 2276 3640 2349 spi-

1985 2357 2176 2414 ritalis
2202 2357 2380 2415 tritici
2412 2359 2682 2432 dogmate
2714 2361 3020 2418 satientur.

1985 2448 2057 2502 30
2132 2448 2430 2505 Transtulit
2459 2449 2716 2505 Austrum
2743 2450 2808 2506 de
2835 2452 2966 2508 caelo
2997 2471 3016 2507 :

2132 2538 2196 2592 Et
2227 2535 2449 2593 induxit
2481 2539 2537 2593 in
2570 2540 2773 2596 virtute
2797 2556 2897 2595 sua
2926 2541 3191 2613 Africum.

2060 2626 2102 2681 C
2132 2628 2412 2682 Austrum
2444 2626 2598 2683 enim
2631 2632 2689 2684 et
2716 2628 2975 2686 Africum
3008 2636 3212 2690 ventos
3260 2634 3484 2692 scimus
3514 2652 3643 2692 esse

1992 2715 2351 2772 meridianos
2384 2733 2397 2771 :
2432 2715 2648 2788 quibus
2697 2718 2998 2786 ﬂantibus,
3030 2719 3263 2795 pigrum
3311 2723 3496 2797 frigus
3544 2741 3639 2780 ex-

1992 2802 2250 2877 pellitur,
2284 2808 2341 2861 et
2370 2806 2521 2862 aeris
2562 2810 3025 2880 temperamenta
3059 2816 3445 2883 praestantur;
3473 2814 3558 2871 sic
3588 2818 3645 2872 et

1989 2896 2169 2954 verba
2214 2893 2469 2961 Domini,
2522 2895 2825 2954 charitatis
2874 2898 3009 2971 igne
3058 2900 3385 2974 ﬂagrantia,
3425 2904 3643 2959 mundo

1996 2986 2315 3041 salutarem
2347 2984 2745 3057 praestiterunt
2773 2988 3243 3060 temperantiam.

1995 3076 2060 3130 31
2138 3076 2203 3129 Et
2225 3073 2373 3145 pluit
2401 3090 2563 3145 super
2589 3090 2674 3130 eos
2700 3076 2842 3131 sicut
2865 3076 3147 3148 pulverem
3172 3094 3363 3136 carnes
3394 3097 3413 3135 :

2142 3166 2216 3219 Et
2243 3166 2386 3219 sicut
2412 3179 2639 3220 arenam
2668 3168 2863 3221 matris
2895 3167 3143 3222 volatilia
3169 3173 3431 3240 pennata.

242 3218 464 3319 catione
495 3218 654 3329 sitim
688 3216 845 3274 verbi
874 3215 974 3273 Dei
1005 3215 1465 3329 restringimus‘:
1498 3216 1598 3329 vel
1616 3217 1885 3329 Christo,
1920 3234 1962 3300 ρ
2070 3253 2111 3309 C
2666 3215 3142 3322 gs";
3169 3215 3648 3329 ἀσωτί-

245 3307 339 3379 qui
364 3322 433 3362 ex
463 3310 649 3379 petra,
681 3322 957 3379 percusso
985 3309 1222 3380 propter
1248 3311 1486 3379 peccata
1531 3309 1749 3376 nostra,
1782 3306 1887 3362 ilu—

243 3399 454 3452 xerunt
478 3412 643 3467 aquae
673 3394 952 3467 baptismi
982 3398 1039 3451 et
1069 3396 1355 3469 martyrii.

243 3486 308 3540 24
380 3483 646 3557 Nunquid
674 3492 726 3540 et
747 3500 948 3556 panem
973 3486 1172 3556 poterit
1197 3484 1329 3541 dare
1358 3504 1377 3540 :

376 3576 491 3630 Aut
515 3589 719 3646 parare
748 3589 992 3629 mensam
1014 3575 1213 3646 popqu
1241 3592 1339 3630 suo
1362 3578 1388 3629 .9

310 3664 356 3720 Η
388 3662 732 3719 Difﬁdentia
762 3662 959 3736 populi
990 3663 1329 3720 Judzsorum
1374 3663 1535 3720 addit
1568 3681 1580 3719 :
1613 3663 1891 3737 Nunquid

247 3757 298 3807 et
323 3767 565 3826 panem,
595 3755 728 3819 etc.,
764 3751 863 3808 sed
894 3760 946 3808 et
965 3768 1167 3824 panem
1194 3754 1317 3809 ειειὶ
1342 3770 1494 3826 posse
1518 3755 1628 3809 sibi
1653 3752 1779 3809 dari
1804 3770 1896 3809 ne-

246 3850 452 3910 gantes,
485 3843 585 3915 qui
609 3849 689 3898 est
720 3841 986 3910 Christus,
1017 3841 1394 3915 itainquiunt
1426 3859 1439 3898 :
1474 3843 1775 3909 Quomodo
1801 3860 1899 3916 po-

248 3935 355 3987 test
384 3930 483 3986 hic
514 3930 687 3986 nobis
726 3930 863 3987 dare
913 3947 1083 3987 suam
1128 3948 1361 3987 carnem
1412 3932 1483 3988 ad
1533 3932 1892 3988 manducan-

251 4019 383 4075 dum
408 4018 438 4074 ‘t
469 4018 658 4092 (Joan.
688 4019 793 4092 γι.)

248 4126 314 4178 25
383 4124 507 4182 Ideo
535 4125 748 4182 audivit
767 4128 1031 4184 Dominus
1059 4134 1112 4184 et
1137 4127 1351 4184 distulit
1380 4146 1399 4184 :

383 4216 453 4271 Et
480 4216 628 4284 ignis
652 4232 905 4273 accensus
927 4224 1003 4274 est
1033 4219 1094 4273 in
1120 4218 1289 4276 Iacob
1321 4236 1341 4275 :
1371 4222 1423 4273 et
1454 4219 1538 4274 ira
1568 4217 1811 4275 ascendit
1837 4218 1899 4274 in

460 4305 654 4361 Israel.

319 4391 361 4447 C
388 4391 549 4450 Deus
567 4393 723 4450 enim
748 4394 1127 4468 cogitationes
1145 4413 1379 4453 murmu
1389 4397 1703 4466 rationum,
1721 4396 1899 4453 etiam

254 4479 451 4555 lingua
478 4486 729 4549 tacente,
759 4484 1063 4557 cognoscit
1094 4502 1108 4540 :
1142 4485 1244 4541 sed
1277 4489 1334 4541 et
1361 4483 1676 4541 vindictam
1711 4486 1902 4542 distu-

2001 3342 2270 3408 nte,unde
2302 3341 2565 3398 ﬁdelium
2598 3342 2805 3399 anima:
2836 3344 3208 3403 satiarentur.
3241 3347 3439 3403 Pulvis
3460 3346 3553 3403 hic
3570 3347 3647 3402 si-

2000 3430 2241 3504 gniﬁcat
2270 3429 2657 3488 subtilitatem
2688 3431 3304 3507 intelligentiaaArena
3319 3452 3453 3494 vero
3482 3436 3652 3493 innu-

2002 3519 2341 3577 merabilem
2377 3520 2751 3593 prudentiam
2769 3522 3227 3595 significat,salsi
3245 3525 3426 3585 maris
3445 3542 3651 3598 sapore

2001 3608 2443 3665 conditam.Sed
2474 3615 2731 3684 pennata
2758 3610 3041 3669 volatilia:
3063 3613 3319 3671 cmlestia
3341 3613 3651 3686 desideria,

2003 3698 2223 3770 quibus
2253 3699 2453 3755 anima
2482 3698 2641 3756 velut
2685 3700 2962 3757 carnibus
3016 3700 3238 3775 repleta
3285 3701 3648 3776 pinguescat.

2001 3790 2254 3845 Arenam
2287 3805 2520 3861 quoque
2550 3788 2728 3846 maris
2759 3790 2926 3859 dixit,
2957 3807 3085 3864 qua
3118 3790 3339 3848 salsum
3383 3808 3653 3865 saporem

2004 3876 2211 3932 habet:
2247 3894 2381 3932 nam
2412 3881 2501 3933 est
2521 3881 2578 3934 et
2607 3878 2920 3935 ﬂuviorum
2951 3896 3281 3953 arena,quzs
3313 3880 3470 3938 hunc
3490 3898 3656 3955 sapo-

2006 3982 2127 4022 rem
2160 3982 2274 4022 non
2306 3966 2500 4023 habet.
2533 3967 2678 4023 Vide
2708 3968 2904 4042 itaque
2934 3970 3133 4025 omnia
3161 3969 3372 4039 ista,ad
3401 3969 3654 4028 litteram

2007 4059 2163 4123 nota,
2194 4055 2253 4111 in
2285 4054 2580 4129 parabolis
2610 4056 2943 4127 dicta,dum
2974 4057 3046 4113 ad
3077 4056 3374 4115 Christum
3404 4059 3657 4116 referun-

2008 4149 2123 4200 tur.

2007 4235 2078 4288 32
2149 4235 2213 4291 Et
2242 4234 2556 4291 occiderunt
2582 4236 2642 4292 in
2666 4235 2847 4293 medio
2875 4244 3176 4294 castrorum
3204 4251 3392 4292 eorum
3425 4255 3442 4291 :

2153 4324 2311 4381 Circa
2339 4324 2694 4381 tabernacula
2721 4341 2929 4381 eorum.

2081 4413 2123 4470 C
2152 4415 2355 4472 Castra
2391 4414 2548 4471 enim
2598 4432 2631 4472 a
2680 4415 2947 4472 castitate
2993 4416 3148 4473 dicta
3195 4420 3354 4488 sunt,
3387 4433 3453 4473 eo
3501 4417 3656 4489 quod

2012 4502 2297 4559 exercitus
2327 4503 2496 4561 bellis
2526 4510 2867 4577 occupatus,
2885 4505 3036 4563 fmdo
3065 4506 3229 4564 luxui
3262 4523 3378 4563 non
3407 4512 3657 4564 vacaret.

254 4568 578 4675 m‘idfovne
608 4588 671 4628 se
698 4570 1018 4675 νίηάίοξπθι
1044 4574 1119 4675 ἃς
1149 4574 1903 4675 Ρηξέηενηοιξρξθξῖξτθξυν
1938 4610 1981 4675 ι)
2012 4593 2192 4650 Nobis
2224 4597 2418 4653 autem
2450 4568 3024 4669 signiﬁcatum-quod
3056 4596 3211 4654 intra
3252 4602 3421 4669 septa
3448 4601 3659 4654 sanctae

259 4660 515 4728 potuisse
546 4664 985 4719 murmurantes
1013 4663 1244 4719 satiare.
1265 4663 1484 4720 Iterum
1514 4662 1745 4720 distulit
1773 4664 1895 4719 vin-

260 4746 493 4818 dictam,
521 4753 588 4804 ut
618 4750 951 4807 ostenderet
976 4750 1420 4824 patientiam.Et
1440 4752 1594 4826 ignis
1623 4768 1904 4809 accensus

261 4842 344 4893 est
370 4838 430 4894 in
457 4838 665 4896 Jacob.
682 4839 993 4913 Jacob,qui
1021 4841 1442 4915 interpretatur
1472 4841 1904 4916 supplantator,

262 4925 547 4998 signiﬁcat
573 4931 799 5002 gentes,
832 4945 963 5002 quae
992 4929 1454 5004 supplantabant
1480 4931 1735 4999 Judasos,
1767 4930 1909 5004 quia

264 5012 376 5072 illis
402 5016 875 5086 intrantibus,illi
905 5018 1133 5094 expulsi
1163 5025 1339 5077 sunt:
1374 5019 1433 5076 in
1465 5021 1679 5095 quibus
1709 5036 1909 5078 accen-

262 5119 361 5161 sus
389 5111 479 5163 est
506 5107 662 5180 ignis
691 5107 1015 5179 charitatis;
1032 5110 1090 5165 in
1123 5109 1298 5167 Israel
1332 5109 1549 5183 vero,id
1580 5113 1669 5168 est
1693 5108 1908 5183 populo

261 5191 594 5254 .ludzeorum
625 5198 896 5255 ascendit
924 5197 1013 5255 ira
1037 5198 1444 5257 formidabilis.

264 5301 331 5355 215
399 5305 548 5376 Quia
576 5320 684 5361 non
716 5304 1066 5363 crediderunt
1094 5325 1117 5363 .'
1154 5309 1213 5363 in
1239 5315 1295 5372 i-
1337 5308 1444 5364 Deo
1489 5312 1503 5374 ζ

398 5393 504 5450 Nec
529 5404 892 5466 speraverant
920 5398 981 5453 in
1006 5397 1244 5454 salutari
1269 5397 1406 5470 ejus.

334 5479 373 5535 C
403 5480 549 5540 Dicit
580 5483 739 5541 enim
772 5501 889 5542 non
918 5485 1237 5544 credidisse
1264 5503 1365 5544 eos
1395 5486 1454 5541 in
1503 5484 1620 5542 Deo
1651 5501 1759 5542 suo
1792 5502 1806 5540 :
1843 5489 1907 5541 ut

266 5572 592 5631 ostenderet
618 5589 722 5632 eos
749 5574 1079 5648 pertinaces
1126 5576 1325 5635 fuisse.
1358 5575 1474 5632 Nec
1524 5578 1906 5648 speraverunt

268 5656 327 5715 in
358 5661 606 5721 salutare
630 5664 780 5739 ejus,
816 5664 873 5721 id
904 5668 994 5723 est
1020 5665 1080 5725 in
1110 5666 1467 5726 Salvatorem
1490 5663 1839 5731 Dominum.

2012 4682 2278 4738 Ecclesiae
2310 4682 2510 4740 omnia
2540 4699 2795 4757 superna
2822 4702 3071 4742 munera
3095 4703 3415 4758 possumus
3444 4685 3662 4758 accipe-

2014 4788 2097 4840 re,
2126 4772 2177 4827 si
2208 4770 2422 4845 expleri
2454 4773 2607 4829 bona
2638 4774 2927 4831 desideria
2955 4780 3159 4832 nostra
3188 4774 3382 4830 divino
3422 4790 3662 4830 munere

2015 4860 2406 4934 postulamus,

2015 4951 2085 5007 33
2156 4951 2224 5007 Et
2248 4951 2719 5008 manducaverunt
2748 4957 2801 5007 et
2818 4953 3059 5008 saturati
3082 4960 3212 5008 sunt
3240 4953 3408 5008 nimis
3441 4968 3453 5006 :

2157 5039 2225 5095 Et
2253 5039 2586 5097 desiderium
2612 5056 2799 5097 eorum
2830 5042 3018 5097 attulit
3047 5042 3127 5097 eis
3157 5058 3175 5095 :

2156 5130 2273 5185 Non
2302 5136 2432 5185 sunt
2456 5129 2706 5200 fraudati
2731 5147 2765 5185 a
2793 5129 3060 5188 desiderio
3084 5147 3202 5187 suo.

2015 5218 2084 5273 34
2158 5217 2344 5275 Adhuc
2371 5234 2503 5275 esca
2530 5234 2718 5276 eorum
2745 5226 2900 5276 erant
2929 5222 2988 5276 in
3012 5236 3105 5276 ore
3135 5222 3382 5292 ipsorum
3419 5237 3433 5276 :

2156 5309 2223 5364 Et
2245 5309 2333 5363 ira
2362 5308 2462 5364 Dei
2485 5307 2730 5364 ascendit
2758 5325 2924 5382 super
2952 5325 3061 5366 eos.

2013 5397 2085 5453 35
2156 5398 2221 5453 Et
2245 5396 2443 5453 occidit
2466 5399 2700 5469 pingues
2727 5414 2915 5455 eorum
2945 5416 2966 5455 ,ο

2156 5488 2220 5542 Et
2245 5487 2436 5543 electos
2468 5487 2632 5543 Israel
2661 5487 2967 5559 impedivit.

2083 5577 2123 5632 C
2150 5576 2533 5647 Expleverunt
2574 5576 2861 5635 desideria
2908 5579 3123 5648 carnis,
3186 5578 3408 5636 ratione
3457 5577 3668 5651 jejuni,

2009 5670 2211 5723 ventre
2258 5664 2435 5740 pleni,
2470 5666 2570 5724 sed
2620 5670 2816 5725 mente
2864 5669 3115 5729 vacasti.
3147 5667 3330 5728 Fraus
3372 5668 3534 5727 enim
3584 5666 3673 5725 di-
