4054 6168
271 310 396 370 297

1497 318 1914 383 EXPOSITIO
1958 322 2470 391 PSALMORUM.

3565 337 3691 398 298

276 460 405 543 quis
419 444 714 543 significat
729 445 1220 543 permutationem
1239 448 1591 543 populorum
1611 452 1668 507 in
1690 453 1926 522 melius,
1955 455 2011 525 Α
2040 456 2354 518 vindictam
2386 459 2713 520 infidelium
2745 463 3062 539 pervenire,
3086 463 3341 528 ostendit
3371 485 3486 532 non
3516 485 3691 543 posse

273 537 355 591 ita
384 535 501 600 hic,
528 552 809 592 conversa
836 535 896 592 in
927 537 1294 610 sanguinem,
1322 538 1614 613 signiﬁcat
1637 543 1922 623 populum

267 625 581 682 Iudaicum
627 625 686 681 in
736 626 992 682 deterius
1023 633 1443 700 permutatum.
1476 629 1727 688 Imbrem
1779 633 1923 689 dicit

267 715 559 772 ccelestem
582 715 1051 789 pradicationem
1077 734 1090 774 :
1116 735 1293 791 quam
1315 717 1588 776 similiter
1607 721 1692 776 ait
1710 721 1769 777 in
1791 738 1923 777 san-

260 807 504 882 guinem
533 823 788 878 versam,
812 810 877 862 ut
904 823 1002 863 eos
1051 807 1152 880 qui
1207 806 1547 881 spiritaliter
1595 809 1920 884 intelligere

259 900 571 965 deberent;
597 895 921 969 intelligere
937 895 1250 956 carnaliter
1265 898 1919 971 ostenderet,quomodo

257 989 423 1046 enim
455 986 800 1060 spiritaliter
822 984 1234 1059 intelligerent,
1257 986 1358 1059 qui
1387 987 1554 1043 erant
1583 988 1918 1046 carnalibus

255 1078 538 1137 sensibus
569 1073 837 1148 occupati
858 1075 886 1130 ‘2

253 1171 331 1226 50
405 1169 561 1226 Risit
593 1167 652 1220 in
684 1181 772 1223 eos
800 1166 1159 1237 emnomyiam
1185 1173 1238 1222 et
1263 1165 1496 1222 comedit
1524 1183 1613 1223 eos
1643 1183 1656 1222 :

405 1259 470 1316 Et
497 1273 698 1313 ranam
723 1263 777 1312 et
803 1254 1126 1326 disperdidit
1151 1271 1258 1312 eos.

328 1349 378 1404 Η
411 1348 472 1404 In
505 1361 805 1418 cmnomya
834 1344 1169 1416 cynicorum
1215 1348 1431 1400 sectam
1464 1345 1758 1412 indicavit,
1787 1361 1912 1418 quae

255 1438 563 1495 libidinem
597 1439 773 1508 atque
815 1433 1108 1490 luxuriam
1141 1450 1442 1493 summum
1490 1433 1765 1508 praedicat
1810 1435 1913 1490 bo-

256 1544 424 1584 num.
456 1528 499 1583 C.
527 1526 692 1582 Rana
731 1527 821 1580 est
867 1522 1289 1595 loquacissima
1333 1524 1564 1580 vanitas
1615 1524 1912 1580 haeretico-

251 1634 390 1675 rum
422 1633 435 1672 :
470 1633 602 1688 quae
627 1616 992 1671 commorata
1019 1613 1267 1670 coenosis
1297 1612 1592 1684 sensibus,
1625 1613 1911 1688 improbis

247 1705 616 1765 clamoribus
639 1702 863 1778 garrire
894 1719 1010 1758 non
1041 1701 1276 1761 desinit.

239 1797 312 1852 51
395 1797 460 1853 Et
483 1793 630 1851 dedit
651 1793 892 1863 aerugini
915 1792 1132 1864 fructus
1155 1808 1345 1848 eorum
1373 1808 1386 1846 :

391 1886 458 1941 Et
486 1884 701 1942 labores
728 1898 919 1939 eorum
945 1881 1178 1937 locusta.

309 1979 357 2030 Ο
382 1974 596 2045 Βιυεο
614 1973 703 2027 est
723 1986 888 2026 amor
907 1968 1119 2040 turpis,
1136 1968 1504 2024 honestatem
1529 1982 1909 2038 consumens,

244 2061 664 2123 imminutione
697 2058 941 2116 occulta.
966 2058 1216 2114 Locusta
1267 2060 1357 2114 est
1403 2053 1688 2113 malevola
1719 2056 1910 2114 detra-

241 2155 388 2221 ctio,
411 2156 576 2209 actus
601 2149 823 2206 alienos
854 2147 1053 2204 invida
1082 2146 1450 2204 oblocutione
1488 2146 1823 2203 corrodens.

237 2245 315 2299 52
391 2245 466 2298 Et
489 2239 687 2302 occidit
713 2239 777 2293 in
795 2235 1066 2310 grandine
1095 2236 1282 2292 vineas
1307 2251 1496 2292 eorum
1521 2252 1534 2290 :

392 2334 469 2387 Et
493 2344 668 2386 moros
697 2344 886 2384 eorum
910 2327 971 2382 in
994 2327 1220 2398 pruina.

309 2421 364 2479 Ο.
391 2420 623 2479 Grande
651 2423 740 2475 est
767 2415 1144 2474 comminatio
1175 2414 1298 2482 Dei,
1321 2431 1438 2488 qua
1468 2415 1734 2470 verberat
1761 2429 1898 2468 con-

229 2518 530 2568 tumaces.
561 2508 778 2566 Prnina
809 2525 822 2563 :
856 2520 1218 2579 praecurrens
1255 2503 1704 2576 anticipansque
1734 2500 1898 2557 mali-

227 2602 347 2664 tia.
371 2617 499 2674 qua
526 2598 755 2654 labores
793 2595 1015 2652 alienos
1058 2592 1358 2667 pervenire
1388 2592 1460 2646 ad
1493 2590 1747 2648 fructum
1778 2606 1894 2646 non

227 2687 548 2762 permittit.

220 2780 300 2836 53
383 2778 450 2834 Et
477 2775 701 2834 tradidit
713 2774 986 2845 grandim’
1002 2772 1258 2844 iumenta
1286 2786 1474 2828 eorum
1499 2785 1512 2823 :

381 2867 449 2924 Et
468 2865 849 2940 possessionem
870 2878 1059 2919 eorum
1087 2861 1225 2932 igni.

2032 546 2103 600 ad
2150 562 2248 604 eos
2279 548 2475 606 venire
2521 551 2864 622 vindictam,
2893 556 3005 611 nisi
3059 555 3278 613 fuerint
3329 555 3562 622 Domini
3593 559 3697 618 (le-

2030 634 2293 700 {ensione
2324 638 2533 710 privati
2569 657 2581 696 :
2619 657 2721 714 per
2749 646 3000 701 mortem
3030 661 3164 704 vero
3197 647 3558 716 animarum,
3590 648 3699 706 ho-
3812 643 3831 654 “

2030 722 2258 781 minum
2290 725 2549 802 intellige
2582 729 2881 789 interitum
2921 747 3145 805 eorum,
3173 733 3273 808 qui
3305 734 3365 791 in
3395 735 3498 792 illa
3527 736 3690 795 clade

2028 813 2204 893 occisi
2245 819 2403 871 sunt.

2026 901 2096 957 56
2168 905 2244 959 Et
2258 908 2529 975 percussit
2547 924 2705 966 omne
2721 912 3149 984 primogenitum
3173 913 3231 969 in
3255 921 3404 971 terra
3422 915 3648 990 [Egypti
3675 934 3690 974 :

2169 994 2456 1051 Primitias
2493 1000 2670 1055 omnis
2704 999 2910 1062 laboris
2957 1018 3147 1062 eorum
3201 1003 3263 1060 in
3313 1002 3689 1064 tabernaculis

2241 1081 2429 1139 Cham.

2100 1169 2141 1224 Η
2175 1169 2338 1227 Sicut
2367 1171 2488 1230 haec
2536 1180 2702 1247 gesta
2749 1175 2807 1234 in
2854 1182 3102 1254 Egypto
3131 1183 3480 1252 referuntur,
3515 1184 3598 1240 ita
3625 1189 3684 1243 et

2023 1255 2310 1355 Dominus
2369 1261 2730 1355 principatus
2777 1271 2835 1323 et
2882 1273 3200 1355 potestates
3230 1273 3678 1347 daemoniorum,

2023 1346 2144 1401 sive
2171 1346 2466 1418 vitiorum,
2493 1351 2554 1408 in
2584 1352 2694 1410 hoc
2720 1357 2940 1414 mundo
2971 1349 3183 1420 delevit
3211 1377 3318 1418 suo
3349 1365 3554 1419 sancto
3581 1346 3682 1420 ad;

2021 1438 2299 1504 ventu,_et
2327 1437 2710 1513 triumphavit
2739 1444 2798 1500 in
2830 1444 2988 1519 ligno
3031 1452 3244 1512 sancta)
3274 1450 3490 1520 crucis,
3517 1452 3576 1509 et
3606 1453 3679 1514 ab

2019 1539 2220 1602 eorum
2244 1527 2415 1585 corde
2435 1527 2660 1601 depulit
2683 1549 2696 1588 :
2723 1532 2823 1606 qui
2845 1533 3151 1593 calliditati
3173 1535 3473 1599 diabolica:
3496 1539 3677 1598 dediti

2018 1616 2201 1675 erant,
2238 1614 2378 1687 quia
2433 1616 2611 1675 (Ibam
2667 1621 2945 1680 calliditas
2998 1623 3434 1699 interpretatur.
3486 1631 3526 1684 C
3570 1627 3681 1688 Per

2014 1699 2318 1792 primitias
2337 1721 2471 1762 vero
2502 1723 2674 1767 omne
2724 1707 3185 1786 primogenitum
3233 1713 3676 1792 intellige:pr_i-

1938 1839 1986 1905 Β
2016 1789 2192 1905 mitia
2224 1791 2441 1868 quippe
2459 1793 2737 1905 laborum
2758 1799 2832 1905 ad
2853 1793 3042 1858 totum
3063 1803 3357 1875 pertinent
3378 1789 3668 1879 quidquid

2024 1876 2284 1938 humana
2313 1883 2674 1955 possibilitas
2703 1887 2916 1946 habere
2946 1894 3236 1962 potuerat.

2021 1967 2091 2022 57
2161 1969 2227 2026 Et
2256 1972 2483 2030 abstulit
2510 1975 2653 2032 sicut
2676 1992 2796 2033 oves
2819 1979 3086 2050 populum
3116 1997 3278 2042 suum
3313 1999 3328 2038 :

2158 2060 2224 2115 Et
2248 2061 2509 2134 perduxit
2528 2079 2614 2120 eos
2639 2069 2902 2140 tanquam
2929 2084 3148 2139 gregem
3176 2071 3237 2126 in
3261 2070 3486 2134 deserto.

2087 2147 2128 2202 Ο
2151 2147 2294 2205 Nam
2318 2168 2454 2208 cum
2475 2153 2621 2210 dixit
2639 2171 2774 2211 oves
2792 2159 2849 2212 et
2877 2173 3134 2230 gregem,
3159 2159 3454 2232 signiﬁcat
3483 2178 3670 2234 popa.-

2011 2232 2136 2292 lum
2167 2238 2585 2312 Christianum,
2617 2243 2717 2316 qui
2767 2245 2827 2300 in
2877 2245 2986 2309 hoc
3034 2247 3249 2312 szeculo
3280 2232 3578 2323 tanquam
3606 2250 3668 2320 in

2010 2324 2239 2385 deserto
2268 2330 2548 2402 pascitur,
2575 2332 2624 2390 si
2656 2334 3097 2398 mundanarum
3149 2354 3344 2396 rerum
3377 2335 3670 2400 desideria

2008 2411 2123 2470 non
2156 2423 2440 2490 sequatur
2461 2437 2474 2474 :
2499 2423 2769 2493 quamvis
2801 2425 2873 2480 ad
2904 2425 3160 2483 litteram
3190 2427 3427 2492 Judzeos
3459 2423 3518 2484 in
3555 2434 3666 2486 ter-

2005 2520 2132 2560 ram
2160 2507 2572 2579 promissionis
2617 2510 2914 2582 inductos,
2947 2531 3084 2574 oves
3132 2517 3396 2590 accipere
3437 2519 3664 2591 pessis;

2001 2593 2197 2652 tamen
2229 2597 2367 2669 quia
2393 2597 2452 2653 in
2495 2599 2792 2672 parabolis
2825 2618 2887 2658 se
2919 2602 3257 2666 locuturum
3310 2604 3476 2675 dixit,
3500 2604 3665 2663 Chri-

2000 2681 2258 2741 stianum
2291 2686 2573 2759 populum
2624 2688 2717 2750 his
2766 2690 3083 2766 signatum,
3110 2693 3300 2767 magis
3351 2711 3531 2768 quam
3583 2695 3663 2759 si-

1996 2788 2201 2917 gsum,
2233 2774 2532 2834 intellectu
2554 2776 2827 2851 amplecti
2857 2780 3064 2852 debes;
3098 2799 3236 2844 nam
3268 2785 3537 2857 sequitur
3561 2803 3574 2842 :
3594 2777 3667 2842 Et

1996 2877 2026 2916 e
2078 2862 2223 2917 uxit.
2256 2867 2369 2917 etc.

1995 2862 2223 2932 eduxit,
2256 2867 2369 2920 etc.

301 2958 362 3014 Η
387 2958 452 3014 In
499 2955 804 3030 grandine,
835 2951 1142 3025 castigatio
1190 2949 1386 3005 divina
1434 2951 1812 3005 monstratur.
1849 2950 1889 3002 C
1993 2950 2065 3004 58
2135 2953 2201 3007 Et
2220 2953 2413 3010 eduxit
2439 2970 2527 3011 eos
2555 2957 2615 3011 in
2645 2972 2737 3028 spe
2759 2965 2812 3013 et
2838 2975 2950 3014 non
2981 2961 3282 3022 timuerunt
3315 2978 3328 3019 :

221 3049 422 3105 Morte
452 3045 738 3120 pecudum
782 3042 1094 3100 stultorum
1135 3038 1503 3112 signiﬁcatur
1543 3054 1807 3094 occasus.
1843 3037 1886 3092 Η

221 3138 320 3193 Ab
360 3136 466 3192 bac
497 3140 688 3191 autem
711 3132 994 3207 grandine
1013 3134 1072 3187 et
1092 3129 1211 3184 haec
1227 3130 1499 3201 jumenta
1518 3126 1887 3196 occiduntur,

2131 3041 2196 3095 Et
2225 3042 2478 3098 inimicos
2506 3058 2695 3099 eorum
2725 3049 2942 3116 operuit
2969 3065 3155 3110 mare.

2061 3131 2101 3182 C
2130 3129 2331 3185 Educti
2362 3132 2518 3188 enim
2549 3149 2654 3193 nos
2683 3150 2894 3193 sumus
2925 3137 2984 3192 in
3017 3154 3122 3212 spe
3152 3155 3186 3195 a
3215 3142 3371 3198 terra
3399 3140 3649 3216 Egypti,

221 3231 288 3283 ut
331 3239 534 3281 eorum
563 3222 898 3296 insipientia
928 3223 1228 3294 arguatur,
1254 3217 1354 3290 qui
1385 3216 1650 3272 divinum
1674 3231 1884 3285 nomen
1915 3210 1961 3278 Β
1997 3216 2054 3286 id
2085 3222 2174 3274 est
2203 3235 2237 3274 a
2266 3220 2521 3278 tenebris
2553 3227 2947 3295 peccatorum,
2968 3210 3069 3298 qui
3101 3227 3235 3286 ﬁdei
3267 3210 3657 3290 lumenwacce—

217 3313 444 3373 bestiis
490 3312 848 3369 indiderunt.
878 3315 919 3366 G
967 3308 1125 3382 Ignis
1147 3323 1378 3380 quoque
1425 3304 1787 3372 immittitur,
1821 3308 1885 3361 ut
1989 3304 2212 3376 pimus.
2231 3308 2300 3363 Et
2321 3308 2593 3366 inimicos
2618 3312 2848 3383 operuit
2877 3329 3038 3370 mare
3058 3332 3071 3371 :
3093 3331 3228 3372 cum
3254 3334 3360 3377 nos
3379 3317 3659 3382 ablueba-

217 3403 644 3461 iilnminentur
663 3402 838 3458 corda
857 3395 1450 3464 credentium,etvitia
1465 3395 1879 3468 .depascantur.

218 3494 391 3550 Sicut
425 3491 510 3547 ait
534 3491 819 3547 Dominus
854 3504 866 3542 :
900 3488 1100 3561 Ignem
1130 3484 1260 3542 veni
1293 3485 1520 3541 mittere
1550 3483 1609 3539 in
1639 3487 1878 3552 terram,

219 3589 276 3639 et
307 3581 459 3656 quid
487 3579 616 3637 volo
643 3578 757 3635 nisi
784 3583 848 3632 ut
875 3575 1118 3636 ardeat?
1137 3576 1290 3647 (Luc.
1315 3574 1439 3646 xu).

215 3674 287 3729 54
362 3672 515 3728 Misit
543 3672 604 3724 in
635 3685 721 3724 eos
750 3669 894 3724 iram
922 3664 1323 3737 indignationis
1350 3678 1488 3721 suae.

443 3759 879 3830 indignationem
901 3763 952 3812 et
980 3756 1127 3811 iram
1149 3758 1202 3812 et
1231 3753 1649 3810 tribulationem
1676 3767 1688 3806 :

357 3849 766 3906 [amissionem
790 3860 888 3917 per
909 3844 1126 3916 angelos
1147 3843 1340 3899 malos.

281 3937 326 3994 Β
347 3936 510 3993 Ordo
538 3934 806 3992 vindictas
838 3933 1147 3990 verissima
1173 3925 1561 4004 descriptione
1587 3933 1880 3986 narratur.

281 4027 462 4083 Prius
485 4024 646 4083 enim
667 4023 952 4082 Dominus
983 4021 1234 4096 peccatis
1251 4019 1565 4076 hominum
1586 4019 1884 4093 irascitur,

213 4115 459 4187 quando
475 4113 641 4170 nulla
655 4111 1570 4186 compunctione-convertuntur:
1587 4125 1653 4166 ac
1675 4107 1884 4166 deinde

212 4204 512 4261 malitiam
543 4202 803 4261 hominis
833 4202 897 4260 in
925 4218 1036 4260 sua
1061 4199 1464 4273 indignatione
1495 4201 1552 4254 et
1577 4197 1666 4254 ira
1694 4199 1752 4255 et
1779 4197 1882 4253 tri-

211 4292 525 4348 bulatione
545 4290 987 4364 derelinquit,et
1003 4293 1301 4363 postremo
1323 4287 1526 4345 nudati
1548 4286 1886 4344 defensione

212 4381 500 4438 divinain
513 4381 780 4455 praedam
797 4381 1020 4438 cadunt
1041 4377 1280 4435 diaboli.
1296 4377 1537 4434 Constat
1558 4375 1714 4432 enim
1740 4392 1883 4432 cun-

211 4475 309 4528 cta
329 4487 462 4543 qua
483 4473 680 4528 creata
697 4473 857 4538 sunt,
871 4468 1159 4526 Creatoris
1178 4464 1554 4540 permi‘ssioni
1574 4469 1678 4522 aut
1699 4465 1884 4538 impe-

205 4559 297 4616 rio
327 4560 658 4631 subjacere.
687 4559 842 4614 Dicit
870 4575 1004 4614 vero
1033 4555 1470 4614 immissionem
1511 4554 1675 4611 illam
1706 4553 1885 4612 malo.
1916 4582 1963 4650 Β

210 4649 618 4718 rum,:fac|am
643 4665 756 4722 per
781 4646 1019 4721 angelos
1049 4645 1258 4714 malos,
1287 4643 1507 4702 scilicet
1531 4642 1882 4716 indignatio-

211 4754 376 4810 nem,
403 4739 458 4793 id
490 4742 600 4808 est,
630 4742 920 4794 tumorem
951 4735 1259 4810 superbiai,
1292 4734 1439 4790 iram
1472 4733 1749 4799 audaciae,
1771 4732 1875 4787 tri-

1989 3411 2122 3450 mur
2161 3397 2220 3452 in
2259 3398 2575 3470 baptismo,
2593 3399 2863 3457 diabolus
2908 3405 3285 3478 mergebatur
3335 3405 3394 3466 in
3448 3407 3658 3480 abysso

1990 3496 2125 3540 cum
2154 3485 2442 3542 ministris
2471 3487 2620 3546 suis.
2653 3489 2747 3546 Sic
2791 3489 2908 3547 illis
2939 3492 2998 3548 in
3030 3492 3221 3568 figura
3263 3497 3463 3554 omnia
3493 3491 3644 3553 facta

1989 3579 2130 3629 sunt
2160 3577 2208 3645 (ι
2230 3578 2354 3642 Cor,
2375 3576 2454 3648 x),
2479 3581 2545 3633 ut
2574 3578 2655 3634 ait
2683 3577 3012 3651 Apostolus,
3033 3598 3160 3655 quae
3192 3588 3402 3644 nostra:
3431 3583 3641 3642 salutis

1985 3663 2210 3723 indicia
2239 3664 2610 3724 nuntiabant.

1988 3753 2062 3808 59
2129 3754 2196 3810 Et
2225 3754 2447 3812 induxit
2472 3771 2559 3812 eos
2588 3759 2648 3812 in
2679 3766 2916 3814 montem
2941 3761 3389 3832 sanctiﬁcationis
3416 3761 3539 3826 sui?
3565 3785 3584 3820 :

2129 3845 2361 3903 Montem
2388 3863 2544 3919 quem
2570 3849 2862 3926 acquisivit
2888 3849 3118 3908 dextera
3145 3854 3284 3925 ejus.

2062 3933 2103 3988 C
2130 3933 2297 3991 Mons
2330 3936 2809 3993 sanctiﬁcationis
2839 3956 2852 3994 :
2886 3944 3090 3995 sancta
3122 3940 3378 3999 Ecclesia
3417 3942 3478 4006 in
3517 3939 3654 4001 lati-

1992 4023 2196 4090 tudine
2227 4023 2362 4080 ﬁdei
2394 4024 2736 4084 sublimata.
2771 4024 2903 4084 Sive
2947 4045 3204 4100 superna
3251 4029 3356 4092 illa
3401 4031 3652 4090 caelestis

1992 4111 2376 4180 Hierusalem,
2410 4113 2471 4169 in
2502 4132 2680 4187 quam
2711 4114 2994 4188 populum
3027 4116 3131 4174 Dei
3161 4133 3271 4174 sua
3301 4118 3493 4191 gratia
3522 4115 3648 4177 Sal-

1992 4204 2158 4258 vator
2186 4202 2526 4258 introduxit.
2558 4204 2644 4260 Ad
2686 4203 2940 4260 litteram
2972 4221 3107 4266 vero
3157 4222 3325 4269 mons
3355 4207 3513 4276 Sion,
3539 4207 3649 4276 ubi

1993 4290 2148 4347 circa
2174 4308 2346 4367 quem
2372 4291 2661 4364 templum
2686 4291 2796 4348 fuit
2821 4293 3194 4362 aediﬁcatum,
3218 4298 3307 4351 est
3327 4311 3496 4360 mons
3517 4314 3652 4355 san-

1993 4379 2382 4438 ctiﬁcationis.

1991 4470 2064 4525 60
2135 4472 2203 4526 Et
2227 4470 2384 4542 ejecit
2407 4486 2442 4528 a
2467 4469 2615 4541 facie
2629 4486 2829 4528 eorum
2853 4477 3034 4542 gentes
3058 4487 3078 4528 :

2136 4562 2206 4615 Et
2231 4565 2374 4614 sorte
2393 4557 2582 4614 divisit
2609 4560 2689 4616 eis
2726 4565 2782 4626 -ξ-
2807 4567 3014 4617 terram
3055 4565 3070 4628 ζ
3112 4561 3173 4618 in
3191 4551 3444 4634 funiculo
3462 4556 3648 4628 distri-

2208 4647 2469 4704 butiom's.

2055 4740 2095 4795 C
2124 4738 2297 4810 Ejicit
2317 4755 2350 4792 a
2381 4737 2525 4794 facie
2551 4742 2753 4818 nostra
2770 4743 2998 4819 gentes,
3015 4739 3248 4815 quando
3271 4757 3305 4796 a
3327 4738 3500 4801 nobis
3522 4737 3649 4796 bar-

213 4827 580 4884 bulationem
621 4827 1061 4901 desperationis.
1086 4827 1132 4881 Η
1174 4824 1246 4880 Ut
1275 4823 1376 4897 qui
1425 4822 1638 4879 divinis
1688 4820 1875 4895 plagis
1983 4825 2162 4883 barici
2194 4828 2252 4881 et
2282 4824 2540 4880 immites
2571 4813 2854 4901 fugantur
2877 4813 3150 4884 errores:
3177 4825 3386 4885 dividit
3413 4829 3630 4884 terram

211 4932 332 4974 non
363 4917 786 4990 arguebantur,
809 4913 1114 4973 diabolicis
1142 4911 1376 4970 insidiis
1405 4911 1810 4967 tunderentur.

209 5007 285 5065 55
364 5007 516 5063 rm
537 5007 674 5079 fecit
695 5007 908 5064 semitae
936 5007 1037 5062 ire
1058 5019 1213 5062 suae:
1248 5019 1358 5058 non
1384 5002 1623 5074 pepercit
1646 5017 1679 5055 a
1707 5005 1878 5056 morte

427 5097 1008 5154 meimei-immuni:

355 5186 422 5243 Et
436 5187 904 5258 jubentium
931 5185 992 5242 in
1023 5191 1196 5242 morte
1215 5181 1500 5240 conclusit.

286 5273 336 5330 Β
359 5274 530 5331 Viam
550 5273 946 5333 habetdivina
967 5273 1075 5345 ira,
1095 5289 1233 5329 cum
1262 5271 1320 5326 in
1347 5269 1570 5344 peccati
1597 5267 1881 5326 ultionem

210 5361 349 5435 guis
368 5363 650 5435 traditus,
675 5377 792 5422 non
816 5362 1026 5422 liberat
1048 5363 1308 5423 animam
1337 5376 1506 5417 suam
1538 5376 1572 5415 a
1593 5357 1883 5431 supplicio
1927 5407 1930 5410 .

215 5451 497 5526 gnhenne
529 5471 544 5509 :
579 5451 670 5510 vel
705 5469 853 5512 «cum
893 5451 1232 5526 insipientia
1281 5451 1430 5523 (quis
1473 5448 1766 5521 jumentis
1797 5447 1886 5504 est

213 5542 460 5612 similis)
508 5542 570 5600 in
619 5546 808 5602 morte
843 5542 1206 5616 sempiterna
1253 5538 1640 5598 concluditur.
1671 5541 1712 5592 Ο
1739 5540 1882 5594 Cum

208 5632 372 5710 gitur
397 5633 540 5691 dicit
567 5632 724 5691 viam
765 5632 972 5694 iecisse
1019 5632 1356 5701 Dominum,
1406 5645 1522 5705 qua
1585 5627 1773 5705 possit
1811 5628 1883 5685 ad

545 5761 812 5830 ΡΑτιιοι..
859 5761 1067 5826 CXLII

1984 4932 2120 4972 cum
2152 4931 2255 4987 pro
2287 4932 2394 4970 sua
2423 4915 2610 4988 gratia
2640 4913 2957 4986 unicuique
2998 4915 3230 4971 beatam
3261 4914 3488 4971 dederit
3519 4932 3627 4988 por

1986 5005 2206 5062 tionem
2238 5003 2400 5077 regni
2441 5003 2543 5058 Dei
2579 5021 2592 5058 :
2627 5001 2925 5059 funiculus
2969 5005 3166 5064 autem
3211 5002 3647 5071 distributionis

1986 5094 2071 5151 sic
2102 5091 2295 5148 dictus
2325 5095 2414 5147 est
2444 5091 2516 5148 ab
2547 5089 2686 5158 illis,
2710 5089 2810 5163 qui
2851 5093 3064 5146 terram
3115 5095 3280 5149 tenso
3330 5089 3466 5150 fune
3498 5091 3645 5150 divi-

1995 5181 2232 5238 debant.

1989 5272 2054 5326 61
2133 5271 2198 5326 Et
2228 5271 2478 5327 habitare
2503 5269 2634 5341 fecit
2660 5271 2717 5326 in
2751 5260 3119 5328 tabernaculis
3147 5287 3335 5330 eorum
3365 5289 3380 5330 :

2139 5359 2331 5416 Tribus
2357 5358 2548 5416 Israel.
3451 5432 3459 5436 Δ

2064 5448 2105 5505 C
2127 5449 2386 5522 Mystice,
2402 5447 2676 5506 tribubus
2694 5448 2892 5520 Israel,
2907 5449 2964 5506 id
2981 5454 3069 5508 est
3079 5444 3414 5509 videntibus
3435 5447 3644 5525 Deum,

1993 5538 2156 5597 dabit
2183 5537 2512 5594 inhaditare
2542 5537 2938 5609 tabernacula,
2957 5556 3084 5613 quea
3117 5544 3250 5602 ante
3281 5541 3514 5600 ruinam
3546 5557 3645 5600 su-

1993 5627 2204 5706 perbia:
2237 5626 2428 5686 adhuc
2459 5626 2798 5688 innocentes
2827 5627 3020 5705 angeli
3047 5625 3448 5706 possidebant.

3252 5756 3328 5820 10
