4112 6176
455 352 575 413 299

1363 351 1427 413 S.
1474 349 1873 413 BBUNONIS
1918 345 2541 410 HERBIPOLENSIS
2586 343 2962 408 EPISCOPI.

3750 346 3870 408 ’³00

3750 388 3782 407 υ

3749 388 3782 407 υ

464 487 538 540 62
608 491 677 544 Et
725 489 1072 543 tentaver—unt
1119 488 1170 542 et
1198 485 1662 541 exacerbaverunt
1707 485 1878 540 Deum
1923 482 2098 538 excel-
2133 483 2190 551 Α
2217 480 2372 536 intra
2397 479 2548 536 lares
2578 481 2980 549 monumenta,
3010 477 3163 535 sicut
3186 475 3444 551 antiquis
3475 494 3602 536 mos
3626 482 3754 536 erat
3777 494 3872 537 se-

669 593 792 632 sum
825 593 838 631 ζ

598 667 666 722 Et
691 666 999 742 testimonia
1027 663 1144 736 ejus
1171 679 1279 720 non
1310 664 1702 719 custodierunt.

529 753 570 808 C
601 753 764 810 Nunc
789 752 931 808 dicit
953 751 1380 808 contumaciam
1411 748 1878 822 Judteorum,qui
1909 745 2105 804 Domi-

441 859 599 922 .num
625 844 1012 908 tentaverunt,
1028 845 1084 896 et
1115 840 1336 896 monita
1366 841 1496 912 ejus
1526 857 1642 896 non
1663 838 2066 895 custodierunt
2091 852 2104 892 :

457 935 514 986 et
544 931 685 1002 quid
717 930 801 986 eis
833 931 979 986 irato
1009 930 1256 986 Domino
1289 930 1614 1002 contigerit,
1637 933 1705 984 ut
1743 927 1881 984 talia
1907 925 2107 982 inobe-

455 1019 682 1076 dientes
712 1020 962 1076 debeant
991 1020 1258 1092 exempla
1287 1024 1566 1076 metuere.

453 1109 525 1164 63
597 1113 668 1166 Et
709 1113 1026 1166 averterunt
1072 1126 1129 1166 se
1179 1118 1229 1164 et
1281 1125 1391 1166 non
1447 1116 1801 1164 servaverunt
1843 1114 2106 1179 pactum:

667 1198 1121 1270 quemadmodum
1147 1206 1329 1270 patres
1358 1213 1547 1254 eorum
1587 1199 1832 1253 conversi
1875 1203 2001 1251 sunt
2051 1196 2112 1250 in

666 1304 858 1343 arcum
879 1305 1134 1360 pravum.

527 1377 574 1432 H
603 1378 952 1433 Averterunt
990 1393 1070 1444 se,
1096 1393 1244 1448 quos
1295 1393 1399 1432 nec
1445 1373 1630 1430 virtus
1677 1391 1784 1430 nec
1829 1372 2114 1430 beneﬁcia

459 1461 799 1522 mollierunt
824 1464 1054 1532 divina;
1093 1460 1194 1522 sed
1225 1464 1380 1520 sicut
1408 1467 1604 1537 patres
1633 1463 1971 1519 occiderunt
1989 1479 2116 1534 pro-

455 1553 684 1624 phetas,
709 1553 792 1608 ita
815 1557 872 1608 et
898 1553 997 1609 isti
1021 1553 1216 1626 ipsum
1239 1553 1423 1608 Deum
1449 1555 1880 1625 persequuntur
1900 1551 2110 1623 (Matth.

455 1642 640 1714 χχιιι).
660 1641 701 1697 C
721 1644 904 1698 Arcus
925 1659 1140 1714 pravus
1165 1660 1178 1698 :
1209 1646 1298 1698 est
1324 1641 1550 1698 malitia
1581 1645 2111 1713 peccatorum,quae

456 1747 572 1787 non
603 1731 837 1786 eminus
870 1730 1110 1786 vulnera
1131 1731 1452 1804 jaculatur,
1477 1731 1576 1786 sed
1610 1731 1667 1785 in
1692 1746 1754 1785 se
1784 1729 1975 1801 magis
1998 1728 2113 1801 spi-

457 1817 590 1875 cula
617 1819 840 1875 directa
869 1820 1174 1888 convertit;
1201 1820 1339 1892 quia;
1361 1818 1600 1876 dolosus
1620 1820 1761 1874 dum
1788 1818 1999 1874 nititur
2027 1817 2111 1872 in-

455 1923 654 1979 gerere
674 1906 900 1981 plagas,
924 1907 984 1962 in
1009 1925 1070 1964 se
1093 1911 1428 1964 convertere
1452 1908 1646 1981 potius
1668 1925 1808 1962 suas
1834 1907 2115 1979 probatur

454 1995 722 2052 insidias.
748 1997 796 2052 H
828 1995 1046 2053 Pravus
1071 1996 1227 2052 enim
1253 2013 1422 2053 arcus
1445 1995 1679 2064 dicitur,
1705 1996 1806 2068 qui
1829 1994 2032 2068 jacula
2052 1995 2112 2050 in

455 2085 791 2141 tendentem
823 2101 886 2140 se
915 2085 1118 2152 mittit,
1140 2089 1198 2140 et
1228 2085 1369 2140 dum
1397 2090 1598 2141 contra
1629 2083 1899 2141 inimicos
1931 2083 2110 2157 sagit-

455 2178 576 2228 tam
609 2177 850 2245 putatur
873 2174 1086 2244 jacere,
1122 2173 1348 2229 sauciat
1380 2179 1694 2230 tenentem.

457 2263 525 2314 64
599 2261 663 2315 In
691 2263 780 2316 ira
803 2263 1210 2318 concitaverunt
1240 2279 1365 2316 eum
1389 2263 1450 2316 in
1478 2263 1706 2318 collibus
1733 2265 1849 2318 suis
1882 2279 1895 2318 :

599 2351 667 2406 Et
693 2351 756 2405 in
781 2351 1125 2422 sculptilibus
1154 2353 1271 2406 suis
1293 2351 1365 2406 ad
1395 2353 1799 2407 wmulationem
1827 2357 1881 2417 νέ-
1917 2367 2041 2407 eum
2081 2356 2096 2419 ξ

664 2447 1110 2512 prouocauerunt.

529 2528 571 2584 C
595 2528 801 2598 Colles,
827 2529 1110 2601 superbas
1141 2533 1199 2584 et
1245 2530 1505 2584 tumidas
1555 2529 1862 2584 hominum
1893 2529 2110 2602 cogita-

457 2617 646 2673 tiones
691 2617 1044 2690 signiﬁcant,
1069 2618 1286 2690 quibus
1318 2635 1551 2690 semper
1580 2618 1864 2674 Dominus
1888 2617 2111 2673 inveni-

455 2710 554 2762 tur
583 2707 882 2764 adversus.
905 2707 988 2762 Ad
1021 2705 1450 2762 aemulationem
1481 2723 1714 2780 quoque
1743 2723 1878 2762 eum
1910 2723 2112 2779 provo-

453 2797 688 2862 cubant,
711 2796 852 2852 dum
891 2813 1066 2852 suum
1117 2795 1397 2852 honorem
1446 2795 1619 2852 idolis
1669 2796 2106 2868 impendebant.

453 2885 501 2940 Η
532 2883 752 2940 Relicto
799 2885 956 2941 enim
1016 2885 1132 2940 Deo
1189 2885 1516 2941 servierunt
1572 2883 1763 2954 idolis,
1798 2885 2109 2941 adorantes

454 2973 630 3028 etiam
659 2972 720 3028 in
751 2973 1073 3030 montibus.

453 3063 526 3118 65
595 3062 817 3119 Audiuit
841 3065 983 3120 Deus
1010 3071 1061 3119 et
1086 3065 1286 3136 sprevit
1321 3081 1335 3118 :

598 3154 666 3208 Et
694 3151 764 3208 ad
792 3153 1037 3210 nihilum
1065 3153 1273 3224 redegit
1297 3153 1454 3208 valde
1483 3153 1668 3208 Israel.

2214 568 2413 642 pelire.

2211 659 2284 712 70
2355 657 2668 714 Sacerdotes
2697 673 2881 714 eorum
2913 661 2975 714 in
3003 659 3191 728 gladio
3217 659 3522 716 ceciderunt
3551 678 3570 714 :

2355 747 2424 801 Et
2453 747 2636 802 vidua?
2663 763 2852 802 eorum
2878 763 2988 804 non
3011 748 3395 820 plorabantur.

2287 839 2326 890 C
2355 835 2418 890 In
2449 833 2582 907 ipsa
2626 835 2807 908 igitur
2836 835 3168 908 captivitate
3199 836 3302 892 ﬁlii
3350 837 3477 894 Heli
3523 837 3876 908 sacerdotis,

2217 923 2290 979 ab
2339 922 2664 996 Allophylis
2711 923 2988 998 leguntur
3032 925 3227 999 gladio
3273 927 3539 982 exstincti
3573 943 3880 1000 :quorum

2219 1012 2396 1068 unius
2425 1030 2571 1070 uxor
2590 1013 2766 1070 vidua
2790 1014 2960 1082 facta,
2981 1018 3114 1086 post
3134 1015 3394 1071 subitum
3414 1019 3654 1089 partum
3685 1020 3880 1074 morte

2218 1105 2516 1172 praeventa
2543 1105 2632 1157 est
2661 1102 2708 1176 (Ι
2734 1103 2862 1172 Reg.
2888 1103 2964 1175 ιγ)
2991 1121 3003 1158 :
3029 1107 3086 1160 et
3113 1103 3198 1158 ita
3226 1104 3468 1178 contigit
3513 1110 3579 1160 ut
3627 1105 3881 1163 minime

2219 1189 2504 1263 ploratur,
2537 1191 2677 1246 dum
2725 1191 3028 1248 universos
3077 1191 3346 1250 interitus
3389 1195 3729 1252 communis
3778 1211 3880 1252 oo-

2219 1283 2480 1352 cuparet,
2511 1278 2644 1336 licet
2675 1284 2731 1336 et
2761 1280 2820 1336 id
2849 1279 2981 1336 aliis
3011 1280 3216 1337 multis
3245 1282 3526 1340 accidisse
3556 1301 3675 1340 non
3703 1285 3881 1342 dubi-

2219 1372 2464 1424 taretur.

2217 1458 2281 1512 71
2361 1458 2427 1513 Et
2454 1459 2723 1515 excitatus
2756 1463 2835 1514 est
2865 1467 3128 1530 tanquam
3154 1459 3426 1518 demicus
3459 1463 3731 1520 Dominus
3760 1482 3780 1521 :

2367 1548 2645 1619 Tanquam
2670 1556 2861 1620 potens
2887 1548 3206 1620 crapulatus
3233 1566 3268 1604 a
3295 1552 3439 1606 vino.

2291 1635 2332 1690 C
2359 1636 2654 1693 Excitatur
2683 1637 2838 1693 enim
2872 1636 3154 1693 Dominus
3183 1637 3256 1694 ad
3281 1623 3626 1708 vindictam,
3659 1643 3882 1701 nostris

2221 1723 2396 1780 malis
2425 1725 2657 1782 actibus
2701 1729 3075 1798 provocatus;
3119 1727 3290 1799 cujus
3337 1727 3622 1800 patientia
3649 1731 3882 1787 dormi-

2221 1817 2378 1869 tasse
2399 1815 2766 1870 credebatur.
2785 1815 3120 1889 Resurgens
3151 1815 3324 1872 etiam
3357 1817 3640 1876 Dominus
3664 1837 3701 1876 a
3730 1837 3888 1877 mor-

2223 1901 2360 1970 tuis,
2377 1906 2658 1975 tanquam
2675 1903 2808 1959 vino
2825 1904 3121 1976 passionis
3137 1904 3494 1978 crapulatus.
3510 1907 3596 1963 Ad
3617 1907 3884 1966 litteram

2220 1994 2415 2046 autem
2451 2007 2463 2046 :
2493 1992 2776 2064 crapulati
2807 1998 2864 2049 et
2895 1993 3039 2049 ebrii
3070 1993 3204 2048 vino
3237 1994 3408 2051 irasci
3448 2003 3888 2056 consueverunt.

2221 2079 2361 2134 dum
2388 2081 2733 2150 excitantur,
2756 2085 2812 2138 et
2843 2081 3022 2139 fortes
3053 2099 3116 2138 se
3145 2083 3449 2153 exhibere;
3482 2085 3564 2142 ita
3583 2103 3690 2160 per
3719 2087 3886 2145 simi-

2220 2166 2528 2225 litudinem
2558 2171 2630 2226 de
2659 2171 2775 2226 Deo
2807 2171 3034 2226 dictum
3063 2175 3173 2228 est.

2217 2259 2289 2310 72
2360 2260 2437 2314 Et
2461 2261 2732 2330 percussit
2760 2261 3013 2317 inimicos
3039 2276 3167 2316 suos
3196 2263 3256 2316 in
3279 2263 3582 2334 posteriora
3613 2282 3633 2320 :

2365 2349 2739 2420 0pprobrium
2765 2351 3161 2421 sempiternum
3189 2349 3333 2406 dedit
3361 2351 3498 2408 illis.

2291 2435 2332 2491 C
2363 2435 2659 2492 Percussit
2689 2431 3024 2510 Allophylos
3083 2437 3143 2492 in
3201 2440 3544 2512 posteriora,
3576 2446 3644 2498 ut
3699 2443 3886 2502 etiam

2219 2523 2350 2594 vivi,
2395 2543 2428 2580 a
2476 2525 2767 2582 soricibus
2825 2525 3167 2582 exsecrabili
3225 2529 3398 2585 sorde
3456 2529 3812 2588 roderentur
3841 2536 3894 2606 (Ι

2218 2615 2344 2685 Reg.
2376 2613 2430 2688 ν)
2467 2631 2478 2669 :
2515 2615 2670 2688 quod
2711 2615 3094 2688 opprobrium
3125 2621 3429 2689 permanet
3452 2619 3538 2674 eis
3567 2622 3891 2695 sempiter-

2219 2719 2384 2758 num.
2411 2703 2502 2758 Sic
2533 2707 2863 2776 peccatores
2895 2703 2953 2758 in
2989 2705 3312 2776 posteriora
3342 2709 3613 2779 percutit,
3642 2713 3890 2783 quando

2219 2793 2304 2850 eis
2335 2811 2444 2850 sua
2473 2794 2668 2850 debita
2704 2812 2820 2850 non
2869 2793 3180 2867 relinquit;
3217 2800 3275 2852 et
3317 2797 3490 2870 quasi
3525 2815 3560 2854 a
3589 2799 3890 2860 soricibus

2219 2886 2671 2954 consumuntur,
2695 2883 2838 2938 dum
2868 2899 2968 2940 eos
3001 2883 3219 2940 diaboli
3251 2884 3735 2946 cohors'inimica
3762 2889 3890 2948 val-

2217 2971 2440 3027 laverit.

2217 3061 2288 3115 75
2360 3062 2426 3116 Et
2455 3061 2659 3133 repulit
2686 3061 3104 3116 tabernaculum
3129 3063 3326 3135 Ioseph
3357 3083 3377 3118 :

2359 3153 2429 3206 Et
2456 3148 2662 3205 tribum
2689 3149 2922 3222 Ephrem
2955 3167 3068 3206 non
3097 3150 3274 3223 elegit.

527 3241 574 3298 H
603 3240 741 3298 Illos
771 3260 904 3299 vero
935 3242 1173 3315 sprevit,
1193 3243 1291 3314 qui
1335 3245 1564 3298 tantum
1605 3241 1840 3297 nomine
1887 3245 1944 3297 et
1987 3257 2102 3296 non
2133 3224 2176 3292 C
2290 3239 2334 3292 Η
2367 3241 2417 3293 C'
2443 3238 2546 3294 Hie
2594 3238 2922 3310 reprobatio
2967 3239 3304 3296 Judaaorum
3349 3243 3524 3314 atque
3573 3242 3884 3304 haeret-ico-

456 3330 682 3386 visione
710 3318 888 3386 Israel
919 3335 1102 3385 erant.

458 3421 530 3474 66
604 3423 670 3475 Et
697 3419 900 3490 repulit
931 3419 1344 3474 tabernaculum
1375 3419 1491 3474 Silo
1521 3435 1534 3472 :

605 3508 1036 3564 Tabernamlum
1085 3524 1246 3562 suum
1303 3507 1400 3561 ubi
1459 3507 1724 3564 habitavit
1774 3510 1834 3563 in
1891 3507 2110 3563 homili-

667 3596 784 3651 bus.

523 3685 565 3741 C
595 3683 715 3742 Silo
745 3684 950 3742 civitas
987 3687 1132 3752 erat,
1167 3685 1266 3740 ubi
1325 3699 1461 3740 arca
1508 3684 1607 3739 Dei
1658 3683 1841 3740 fuisse
1897 3683 2111 3758 legitur

449 3775 789 3832 constituta.
813 3772 932 3830 Silo
969 3774 1184 3829 avulsio
1211 3771 1300 3828 vel
1330 3773 1579 3827 dimissio
1613 3772 1731 3843 ejus
1762 3773 2105 3846 interpreta-

445 3868 563 3931 tur,
585 3867 643 3921 et
673 3861 966 3936 signiﬁcat
1005 3862 1396 3918 sacerdotium
1436 3861 1774 3916 Judzcorum
1807 3878 1842 3917 a
1871 3861 1986 3917 Deo
2017 3879 2104 3918 re-

441 3954 775 4026 probatum.

439 4043 511 4096 67
581 4044 648 4098 Et
677 4041 909 4098 tradidit
935 4042 994 4096 in
1025 4042 1400 4114 captivitatem
1431 4040 1686 4095 virtutem
1709 4055 1898 4096 eorum
1929 4057 1941 4095 :

579 4133 648 4187 Et
671 4130 1142 4203 pulchritudinem
1172 4147 1363 4186 eorum
1395 4131 1454 4185 in
1484 4146 1686 4185 manus
1715 4130 1952 4185 inimici.

507 4221 550 4277 C
577 4221 798 4277 Traditi
831 4225 972 4278 sunt
997 4219 1184 4276 Judaei
1214 4219 1274 4274 in
1307 4217 1730 4292 captivitatem,
1759 4217 1993 4290 quando
2023 4218 2096 4273 ab

432 4308 775 4384 Allophylis,
799 4309 859 4365 id
891 4313 980 4366 est
1018 4308 1347 4377 Philistzeis,
1377 4311 1548 4380 capta
1575 4325 1729 4375 arca,
1769 4310 1910 4364 sunt
1935 4305 2092 4364 victi.

432 4398 725 4455 Virtutem
757 4402 811 4454 et
842 4398 1270 4468 fortitudinem,
1303 4397 1446 4453 dicit
1489 4415 1683 4452 arcam
1735 4395 2090 4464 testamenti,

431 4503 536 4560 per
559 4503 737 4559 quam
769 4486 923 4544 inter
942 4492 1143 4560 gentes
1164 4487 1513 4542 videbantur
1535 4485 1754 4553 invicti,
1780 4490 1836 4540 et
1857 4501 2093 4542 summa

433 4574 660 4631 decoris
687 4575 860 4632 laude
890 4591 1018 4631 esse
1049 4575 1346 4648 praecipui.

428 4664 500 4719 68
570 4665 636 4720 Et
663 4665 934 4721 conclusit
967 4665 1028 4719 in
1051 4665 1235 4737 gladio
1261 4665 1528 4736 populum
1557 4679 1718 4718 suum
1753 4681 1764 4718 :

570 4755 639 4810 Et
666 4753 1043 4812 lwreditatem
1071 4769 1231 4809 suam
1255 4754 1480 4824 sprevit.

497 4844 537 4900 C
566 4844 944 4918 Consequens
975 4843 1085 4898 fuit
1116 4847 1179 4898 ut
1209 4841 1462 4914 populus
1483 4838 1678 4914 gladio
1699 4843 1996 4896 corrueret
2024 4840 2085 4896 in

424 4933 680 5001 ruinam,
705 4934 796 4989 cui
827 4950 972 4990 arcae
1005 4931 1264 5006 dignitas
1286 4931 1398 4987 fuit
1428 4930 1642 4988 ablata.
1671 4928 1898 5003 Sprevit
1918 4946 2084 4986 suam

2221 3343 2374 3394 rum,
2397 3331 2454 3384 et
2483 3325 2684 3383 electio
2728 3332 3002 3384 narratur
3030 3333 3240 3384 sancta:
3273 3329 3566 3387 Ecclesiae.
3587 3332 3630 3388 C
3659 3333 3886 3409 Joseph

2220 3415 2634 3489 interpretatur
2681 3421 3054 3488 augmentum,
3079 3418 3233 3490 quod
3279 3418 3374 3474 hic
3407 3419 3465 3475 in
3512 3424 3885 3481 contrarium

2219 3504 2626 3578 accipiendum
2673 3509 2784 3574 est,
2819 3506 2956 3578 quia
3001 3511 3230 3563 constat
3276 3524 3406 3564 esse
3453 3511 3877 3584 repudiatum;

2220 3594 2467 3666 Ephrem
2496 3595 2759 3666 frugifer,
2790 3611 2892 3651 seu
2919 3595 3158 3651 ubertas.

2214 3685 2284 3738 74
2357 3683 2460 3739 Sed
2487 3685 2652 3753 elegit
2679 3685 2884 3740 tribum
2910 3684 3058 3742 Juda
3091 3703 3110 3741 :

2356 3772 2584 3830 Montem
2610 3775 2744 3830 Sion
2775 3789 2936 3846 quem
2957 3773 3174 3830 dilexit.

2285 3861 2324 3917 C
2365 3861 2518 3917 Juda
2573 3861 2990 3934 interpretatur
3036 3865 3314 3935 conﬁtens,
3353 3865 3474 3922 sive
3529 3867 3877 3940 glori/team.

2213 3949 2380 4006 lllam
2412 3950 2634 4007 tribum
2656 3951 2867 4008 merita
2897 3951 3106 4026 diligit,
3129 3966 3255 4025 quae
3285 3959 3343 4009 et
3370 3954 3740 4012 c‘oufessione
3765 3958 3882 4014 fuit

2210 4038 2451 4095 humilis
2479 4043 2538 4096 et
2565 4040 2939 4098 conversione
2967 4041 3300 4098 laudabilis.
3330 4042 3376 4098 Η
3407 4047 3447 4098 C
3478 4042 3668 4114 Mons,
3691 4047 3881 4119 signi—

2207 4128 2344 4184 ficat
2373 4134 2640 4185 sanctam
2663 4129 3004 4186 Ecclesiam.

2205 4219 2276 4272 75
2347 4220 2413 4274 Et
2431 4218 2728 4290 aediﬁcavit
2743 4221 2885 4275 sicut
2907 4221 3260 4277 unieomium
3279 4224 3542 4294 sanctiﬁc:
3551 4240 3644 4280 um
3663 4241 3832 4281 suum
3849 4243 3874 4282 .-

2345 4309 2410 4380 In.
2438 4315 2583 4364 terra
2613 4323 2779 4380 quam
2806 4299 3064 4380 fundavit
3095 4311 3157 4365 in.
3184 4312 3401 4367 saecula.

2273 4375 2635 4453 H‘Unicorni
2678 4375 2998 4470 singularis
3049 4399 3310 4472 potentia
3354 4399 3590 4472 dicitur,
3620 4401 3668 4457 H
3713 4401 3758 4458 C
3810 4407 3872 4460 et

2202 4485 2436 4542 unicam
2455 4487 2666 4542 Christi
2689 4485 3032 4558 Ecclesium,
3048 4504 3226 4560 quam
3250 4489 3514 4546 fundavit
3540 4490 3600 4546 in
3622 4492 3866 4561 sucula,

2117 4595 2166 4659 D
2199 4574 2512 4648 signiﬁcat.

2196 4663 2266 4718 76
2337 4665 2405 4720 Et
2431 4666 2592 4735 elegit
2617 4665 2790 4722 David
2818 4683 3033 4723 servum
3061 4683 3226 4724 suum
3257 4685 3270 4724 :
3303 4675 3354 4724 et
3395 4669 3628 4725 sustulit
3647 4685 3782 4728 eum
3799 4669 3871 4728 de

2338 4755 2594 4824 gregibus
2617 4757 2797 4811 ovium
2831 4776 2850 4810 .-

2337 4843 2412 4898 De
2434 4847 2768 4916 poste/antes
2795 4847 3002 4917 accepit
3028 4862 3172 4902 eum.

2264 4931 2310 4986 H
2342 4932 2382 4988 C
2413 4932 2591 4988 David
2617 4933 3058 5006 (interpretatur
3085 4951 3256 4991 manu
3276 4937 3458 5008 fortis,
3490 4934 3614 4993 sive
3645 4937 3862 4996 deside-

422 5019 844 5092 haareditatem,
875 5023 1114 5094 quando
1145 5039 1248 5093 pro
1280 5019 1567 5078 scelerum
1597 5036 1839 5075 suorum
1872 5019 2082 5074 imma—

423 5107 606 5164 nitate
635 5111 879 5181 projecit
909 5111 1192 5182 pupulum
1227 5127 1402 5183 quem
1434 5109 1705 5182 elegerat.

419 5197 492 5252 79
560 5201 796 5254 Iuvenes
824 5215 1013 5254 eorum
1044 5200 1270 5255 comedit
1296 5201 1440 5271 ignis
1474 5217 1486 5255 :

561 5287 629 5341 Et
653 5288 897 5355 virgines
925 5289 1114 5343 eorum
1141 5305 1250 5344 non
1277 5294 1405 5344 sunt
1437 5290 1771 5344 lamentatze.

490 5375 531 5432 C
559 5376 760 5450 Ignem
779 5375 894 5442 hic,
926 5375 1072 5430 iram
1092 5377 1433 5433 bellantium
1452 5378 1739 5434 debemus
1757 5377 2075 5432 advertere.

419 5463 792 5534 Lamentare,
822 5463 1086 5520 vacantis
1133 5471 1220 5521 est
1251 5483 1264 5520 :
1299 5483 1435 5522 nam
1466 5483 1602 5522 eum
1629 5481 1834 5522 omnes
1880 5463 2076 5518 immi-

416 5553 618 5612 nentia
665 5551 928 5628 pericula
975 5553 1377 5624 formidarent,
1425 5555 1570 5612 nulli
1621 5553 1788 5611 licuit
1835 5552 2076 5610 alterius

413 5641 796 5723 funerijusta
833 5643 1184 5724 persolvere.
1217 5645 1498 5704 Lamenta
1527 5644 1684 5704 enim
1733 5644 1888 5702 dicta
1935 5647 2076 5702 sunt

2193 5020 2409 5091 rabilis)
2441 5020 2741 5078 Christum
2773 5021 3086 5096 signiﬁcat,
3120 5039 3189 5080 ex
3227 5023 3443 5097 populo
3487 5023 3861 5093 Judaeorum,

2191 5108 2347 5166 velut
2368 5109 2438 5166 de
2465 5110 2744 5184 gregibus
2765 5111 2982 5180 ovium,
3006 5113 3384 5186 desumptum
3406 5117 3584 5186 atque
3599 5115 3866 5181 translu-

2189 5203 2319 5254 tum
2351 5198 2422 5253 ad
2463 5199 2746 5272 populum
2793 5202 3156 5272 pascendum
3199 5201 3488 5259 Ecclesia.
3513 5203 3562 5260 Η
3588 5203 3718 5272 Vel,
3752 5205 3858 5278 qui

2190 5287 2260 5343 de
2289 5303 2464 5362 grege
2496 5288 2834 5345 mortalium
2863 5288 3083 5347 electus
3123 5295 3180 5347 et
3227 5291 3566 5349 sublevatus
3597 5297 3710 5363 est,
3737 5297 3777 5349 C
3799 5297 3860 5350 et

2188 5381 2462 5450 acceptus
2485 5379 2556 5434 de
2580 5383 2712 5451 post
2732 5380 3002 5448 fetantes,
3023 5381 3080 5436 id
3101 5385 3210 5450 est,
3241 5383 3314 5438 de
3332 5381 3460 5438 loco
3480 5383 3582 5454 qui
3603 5387 3698 5440 est
3726 5385 3860 5456 post

2187 5465 2456 5535 fetantes,
2481 5465 2540 5522 id
2563 5471 2652 5523 est
2679 5467 2960 5525 fecundas
2991 5474 3049 5526 et
3079 5469 3294 5528 fetosas
3333 5487 3489 5540 oves,
3514 5471 3658 5543 quia
3689 5470 3854 5528 Chri-

2185 5557 2313 5610 stus
2345 5559 2544 5628 pastor
2601 5561 2691 5612 est
2747 5556 2943 5614 ovium
2985 5559 3394 5633 fecundarum,
3436 5559 3855 5634 spiritualique

2183 5644 2370 5719 gratia
2407 5643 2625 5703 multos
2669 5644 2819 5704 ﬁlios
2862 5647 3271 5722 generantium
3293 5649 3362 5706 ain
3393 5653 3616 5707 sancta“
3648 5649 3765 5708 ﬁde
3795 5651 3856 5708 et
