4112 6176
239 320 369 379 301'-

1460 313 1931 401 EXPOSITIO
1976 322 2493 387 PSALMORUM.

3594 342 3712 403 302

238 451 500 507 ecclesia
533 469 546 507 :
582 454 785 523 pastor
813 453 1029 527 quippe
1058 454 1309 529 sequitur
1336 467 1501 518 oves,
1534 443 1694 505 ideo
1722 452 1942 511 dicitur
1969 455 2027 523 Α
2056 454 2403 530 pelire,quia
2427 459 2688 516 ofﬁcium
2720 465 2810 519 est
2842 461 3097 535 pietatis,
3127 464 3462 526 volatilibus
3492 488 3558 529 ac
3609 473 3710 531 bc-

239 545 385 614 post
412 540 689 609 fetantes,‘
717 558 838 597 non
870 548 1022 599 ante.

234 632 308 684 77
391 632 629 685 Pascere
653 630 819 686 Iacob
849 647 1067 686 servum
1094 647 1251 686 suum
1280 648 1295 685 :

390 723 466 774 Et
494 719 668 774 Israel
689 717 1076 776 hxreditatem
1098 737 1270 775 suam.

310 810 356 861 C
386 807 721 863 Possumus
749 823 856 879 per
882 806 1063 863 Jacob
1092 806 1409 880 intelligere
1434 802 1739 877 populum
1768 806 1934 863 Chri-

244 897 542 964 stianum,
577 896 681 967 qui
730 895 829 950 hic
874 896 1039 969 degit
1086 896 1144 951 in
1193 897 1382 962 terris,
1413 895 1460 950 H
1490 896 1545 949 et
1581 895 1939 969 supplantat

235 984 388 1039 vitia
414 989 475 1039 et
499 983 763 1040 carnalia
786 984 1560 1040 desideria.CHmreditatem
1588 1000 1733 1040 vero
1757 984 1936 1040 Israel

235 1074 518 1129 futuram
542 1072 1089 1145 congregationem,
1124 1089 1251 1145 qua:
1298 1071 1528 1128 Domini
1567 1073 1931 1146 contempla-

236 1164 407 1218 tione
441 1161 742 1234 pascenda
767 1165 878 1216 est.

235 1262 311 1314 78
388 1261 469 1314 Et
495 1261 656 1331 pavit
682 1275 772 1315 eos
803 1262 866 1314 in
897 1260 1223 1315 innocentia
1251 1259 1429 1316 cordis
1456 1261 1545 1315 sui
1575 1278 1594 1315 .-

388 1350 458 1403 Et
490 1350 551 1402 in
586 1349 966 1404 intellectibus
994 1365 1265 1404 manuum
1292 1366 1526 1404 suarum
1563 1349 1790 1405 deduxit
1819 1366 1927 1406 eos.

311 1448 356 1501 C
389 1446 560 1501 Pavit
585 1446 746 1502 enim
774 1449 1106 1517 Praeceptor
1135 1445 1582 1519 egregius,quos
1611 1448 1816 1503 docere
1845 1447 1930 1502 di-

234 1535 531 1608 dignatus
557 1536 831 1599 est,sicut
860 1534 990 1607 ipse
1017 1534 1332 1590 dixitzNon
1359 1536 1422 1590 in
1454 1534 1578 1591 solo
1607 1552 1755 1607 pane
1788 1536 1930 1591 vivit

237 1624 424 1679 homo
452 1625 668 1695 (Matth.
699 1626 798 1692 Iv).
829 1622 1172 1679 Intellectus
1211 1639 1344 1678 vero
1391 1640 1697 1693 manuum,
1728 1628 1927 1679 actua-

236 1712 360 1767 lem
414 1712 718 1785 signiﬁcat
765 1705 1166 1777 sanctitatem,
1202 1711 1272 1766 ad
1320 1728 1501 1783 quam
1550 1712 1749 1768 fideles
1788 1729 1927 1768 suos

241 1802 449 1873 (prout
474 1802 602 1874 ipse
633 1800 871 1867 tribuit)
903 1799 1165 1874 gloriosa
1189 1800 1517 1855 imitatione
1542 1802 1829 1872 perduxit.

700 1933 910 1972 ORATIO
950 1934 1022 1972 EX
1060 1933 1217 1971 PSAL.
1263 1933 1473 1972 LXXVII.

317 2033 513 2089 Reﬁce
551 2048 660 2088 nos
690 2048 925 2087 mannae
957 2030 1243 2103 Spiriialis
1275 2031 1573 2100 alimento,
1608 2032 1925 2106 opulentis-

230 2123 392 2178 sime
424 2120 690 2194 largitor.
719 2121 1129 2192 Omnipotens,
1163 2125 1231 2176 ut
1260 2120 1318 2175 in
1352 2138 1595 2177 sensum
1638 2139 1919 2178 manuum

226 2216 481 2267 tuarum
508 2210 736 2276 directi,
788 2225 1128 2266 mereamur
1176 2210 1235 2265 in
1286 2214 1485 2266 monte
1534 2214 1635 2266 tua
1669 2211 1920 2284 acquisi-

229 2306 364 2355 tum
400 2298 929 2372 dextera,gloriari.
966 2299 1072 2353 Per
1111 2298 1429 2354 Dominum
1480 2303 1766 2370 nostrum,
1808 2306 1915 2357 etc.

742 2413 1080 2470 PSALMUS
1122 2414 1416 2469 LXXVIII.

636 2518 1046 2559 ARGUMENTUM
1090 2519 1250 2558 PSAL.
1296 2520 1521 2559 LXXVIII.

300 2618 346 2674 C
379 2617 507 2674 Vox
532 2617 872 2673 Judaeorum
906 2616 1254 2684 dicentium,
1284 2621 1504 2689 quanta
1541 2619 1600 2674 in
1642 2637 1912 2692 persecu-

228 2709 401 2764 tione
423 2705 693 2764 Antiochi
721 2705 816 2761 vel
847 2705 1113 2778 gentium
1147 2705 1516 2777 pertulerint,
1546 2708 1764 2781 Deique
1809 2728 1908 2783 po-

222 2797 425 2852 tentia
456 2795 923 2870 supplicantium
950 2795 1331 2850 correctionis
1363 2799 1492 2851 voto
1522 2797 1828 2855 vindicari.
1862 2800 1907 2855 Η

221 2886 367 2950 Qua:
405 2890 603 2940 tamen
635 2883 965 2957 persecutio
996 2884 1071 2939 ad
1104 2883 1385 2952 animam,
1420 2902 1545 2957 quae
1578 2904 1729 2960 sape
1769 2888 1905 2944 civi-

220 2980 320 3031 tas
353 2973 657 3041 scribitur,
694 2973 1001 3030 referenda
1030 2975 1142 3028 est.

759 3072 874 3127 T'l‘.
916 3071 1171 3127 Psalmus
1196 3071 1395 3143 Asaph.

293 3172 340 3227 C
365 3168 568 3241 Asaph
600 3169 895 3241 signiﬁcat
921 3183 1299 3240 synagogam;
1325 3172 1413 3225 est
1436 3186 1571 3243 ergo
1596 3174 1754 3228 totus
1790 3173 1901 3230 iste

222 3259 508 3331 psalmus
536 3257 596 3312 in
626 3257 1046 3313 lamentatione
1076 3257 1328 3330 positus,
1379 3259 1478 3330 qui
1527 3260 1725 3316 futura
1752 3266 1900 3318 tem-

219 3364 378 3420 pora
391 3345 861 3418 velutprzeterita
882 3344 1450 3419 deplorat.Deplorat
1478 3365 1611 3403 vero
1631 3350 1901 3406 Antiochi

218 3434 726 3508 persecutionem,
787 3438 1052 3506 tempore
1102 3432 1603 3492 Macchabaeorum
1664 3438 1898 3506 factam,

221 3530 376 3578 tunc
406 3522 691 3589 futuram,
721 3523 824 3578 sed
855 3523 915 3577 in
948 3522 1163 3595 spiritu
1197 3522 1531 3595 prophetico
1558 3525 1726 3598 quasi
1757 3544 1901 3600 prai-

221 3612 495 3677 teritam,
527 3616 763 3684 propter
793 3611 1208 3667 certitudinem
1235 3616 1492 3669 eventus.

230 3713 255 3765 1
380 3711 539 3779 Deus,
591 3716 859 3764 venerunt
901 3716 1085 3779 gentes
1130 3710 1193 3763 in
1240 3709 1617 3767 ha’reditatem
1668 3716 1821 3768 tuam
1879 3731 1898 3767 :

451 3797 771 3870 polluerunt
793 3799 1057 3869 templum
1087 3801 1341 3853 sanctum
1371 3807 1527 3855 tuum
1557 3818 1569 3856 :

388 3891 696 3942 Posuerunt
727 3888 1083 3943 Hierusalem
1118 3888 1180 3942 in
1204 3902 1491 3957 pomorum
1520 3891 1858 3947 custodiam:

310 3985 359 4040 Η
392 3984 687 4056 Propheta
715 3985 787 4040 de
836 3983 1244 4056 persecutione
1274 3985 1582 4057 gentilium
1626 3989 1906 4047 adversus

227 4072 565 4131 Ecclesiam
594 4073 696 4129 Dei
725 4074 875 4146 (qua:
905 4077 995 4130 est
1024 4072 1334 4129 hereditas
1364 4076 1535 4146 ejus),
1569 4076 1686 4132 sive
1707 4077 1907 4134 Hieru-

228 4160 453 4228 salem,
484 4160 625 4216 dicit
657 4179 670 4217 :
704 4162 876 4230 Deus,
899 4161 1056 4217 etc.C
1086 4165 1240 4217 Gens
1270 4161 1427 4218 enim
1459 4163 1615 4219 dicta
1635 4167 1906 4239 est,quod

230 4267 357 4306 uno
390 4249 473 4306 sit
499 4265 713 4322 genere
763 4254 1084 4322 procreata.
1130 4249 1486 4320 Polluerunt,
1534 4269 1667 4309 cum
1713 4254 1906 4327 impia:

235 4345 458 4414 gentes
484 4339 541 4393 in
566 4338 957 4394 sanctissimis
982 4338 1343 4395 Hierusalem
1369 4344 1424 4395 et
1444 4341 1645 4414 templi
1666 4341 1810 4399 locis
1837 4342 1911 4400 si-

238 4428 523 4485 mulacra
568 4427 818 4483 nefanda
870 4430 1214 4499 posuerunt.
1248 4427 1292 4482 H
1325 4428 1485 4483 Sicut
1531 4430 1687 4486 enim
1709 4448 1904 4505 poma,

234 4534 382 4573 cum
423 4519 817 4572 maturescere
835 4514 1482 4589 coeperint,diligentius
1500 4519 1910 4575 custodiuntur

230 4611 599 4677 matureque
628 4603 859 4660 facilius
892 4604 1353 4672 devorantur,ita
1385 4606 1752 4664 adversarius
1780 4625 1912 4664 con-

230 4694 535 4752 scientem
564 4693 677 4748 sibi
710 4694 970 4750 animam
1012 4693 1289 4759 custodit,
1319 4694 1502 4750 donec
1552 4697 1623 4750 ad
1666 4696 1907 4769 plenum

229 4800 369 4840 eam
403 4781 597 4837 valeat
622 4782 1025 4838 devorare.Est
1055 4781 1211 4837 enim
1243 4781 1342 4837 Dei
1372 4782 1678 4840 haereditas
1711 4786 1910 4843 anima

227 4875 470 4930 sancta.
507 4869 572 4924 In
606 4871 776 4941 cujus
802 4870 1073 4944 ﬁguram,
1105 4873 1346 4925 terrente
1377 4870 1739 4929 Hierusalem
1771 4891 1906 4948 cap-

226 4962 536 5017 tivitatem
567 4958 834 5032 deplorat
854 4959 1160 5032 Propheta.

226 5063 263 5115 2
387 5061 702 5113 Posuerunt
761 5059 1059 5113 morticina
1123 5074 1405 5113 servorum
1472 5062 1691 5115 tuorum
1763 5079 1907 5120 escas

460 5146 787 5202 volatilibus
816 5147 941 5202 caeli
963 5164 975 5201 :

385 5224 602 5293 Carnes
630 5243 943 5291 sanctorum
973 5239 1190 5291 tuorum
1221 5236 1404 5292 bestiis
1427 5240 1612 5295 terrae.

309 5332 358 5387 C
428 5331 691 5388 Dicendo
761 5333 1048 5405 Propheta
1110 5350 1123 5388 :
1192 5338 1517 5406 posuerunt
1581 5336 1906 5406 morticina,

235 5425 544 5494 martyres
607 5421 921 5493 signiﬁcat,
977 5422 1075 5494 qui
1146 5421 1205 5477 in
1257 5422 1359 5478 illa
1423 5424 1756 5495 captivitate
1815 5445 1910 5483 co-

234 5513 417 5584 piosa
467 5511 874 5582 persecutione
922 5512 1265 5577 ﬂoruerunt,
1296 5516 1351 5567 et
1377 5511 1679 5585 elegerunt
1721 5518 1911 5591 magis

237 5600 422 5674 mori,
460 5608 643 5679 quam
673 5600 818 5658 cibis
850 5617 884 5658 a
914 5599 1160 5658 Domino
1182 5599 1376 5659 vetitis
1407 5601 1793 5678 coinquinari.
1813 5611 1909 5667 εθ-

2048 544 2176 600 stiis
2199 546 2451 617 abticere
2472 566 2694 622 magna;
2717 550 3076 610 crudelitatis
3099 561 3327 612 constat
3346 561 3705 634 exemplum.

2047 634 2081 687 3
2192 635 2515 707 Effuderunt
2560 642 2885 711 sanguinem
2914 658 3106 698 eorum
3132 652 3394 718 tanquam
3420 666 3620 724 aquam
3649 654 3708 710 in

2261 725 2501 782 circuitu
2521 730 2839 785 [Ierusalem
2867 750 2887 787 .-

2190 813 2260 867 Et
2288 831 2399 869 non
2428 820 2547 872 erat
2566 819 2663 889 qui
2680 821 2952 891 sepeliret.

2116 900 2158 990 ς.
2187 901 2524 961 Secundum
2546 906 2800 964 litteram
2832 911 2903 966 de
2928 912 3144 983 populo
3174 915 3315 971 dicit
3339 917 3699 990 Judaeorum,

2045 988 2147 1059 qui
2181 1007 2215 1043 a
2244 993 2516 1063 gentibus
2539 1012 2653 1051 non
2678 997 2868 1053 solum
2891 999 3049 1056 intra
3069 1003 3503 1073 urbem,verum
3524 988 3699 1066 etiam

2043 1075 2201 1167 circa
2231 1095 2434 1138 muros
2463 1082 2707 1141 civitstis
2736 1091 2825 1142 est
2853 1087 3558 1167 interemptus,quatenus
3579 1096 3701 1153 ofﬁ-

2041 1164 2203 1221 cium
2261 1170 2577 1242 sepulturae
2631 1173 2829 1231 nullus
2887 1176 3130 1250 implere
3184 1164 3482 1254 valuisset,
3554 1187 3698 1241 dum

2040 1270 2151 1344 par
2181 1258 2436 1316 conditio
2468 1278 2673 1319 omnes
2700 1268 2820 1320 tam
2848 1266 3002 1322 circa
3024 1285 3223 1327 muros
3243 1289 3424 1344 quam
3449 1276 3504 1332 in
3527 1273 3702 1331 corde

2040 1342 2299 1402 civttatis
2332 1348 2665 1407 involveret.
2701 1353 2747 1408 H
2778 1354 2909 1411 Haec
2941 1358 3177 1428 quidem
3201 1342 3333 1417 ante
3362 1363 3580 1421 Christi
3607 1361 3705 1418 ad-

2037 1437 2281 1524 ventum
2332 1437 2390 1493 in
2443 1439 2805 1498 Hierusalem
2857 1450 2985 1500 acta
3035 1452 3196 1515 sunt,
3230 1451 3330 1506 sed
3362 1454 3708 1524 passionem

2036 1518 2357 1581 infantium
2383 1528 2847 1600 ﬁgurarunt,ubi
2877 1537 2935 1589 et
2963 1550 3168 1594 carnes
3196 1518 3400 1596 eorum
3419 1538 3639 1598 bestiis
3658 1543 3717 1601 et

2035 1607 2374 1669 volucribus
2406 1616 2681 1686 expositae
2712 1624 2868 1687 sunt,
2898 1620 2955 1675 id
2999 1626 3088 1680 est
3115 1629 3636 1700 persecutoribus,
3665 1635 3722 1691 et

2035 1700 2203 1754 tanta
2231 1703 2540 1773 sanguinis
2574 1705 2889 1764 multitudo
2909 1710 3097 1769 effusa
3113 1718 3293 1783 est,ut
3315 1717 3409 1773 vix
3435 1719 3726 1786 omnium

1953 1825 2003 1890 B
2036 1794 2278 1890 possent
2307 1793 2657 1863 corpuscula
2685 1796 2940 1868 sepeliri.

2036 1875 2067 1927 4
2178 1880 2333 1934 Facti
2357 1897 2545 1937 sumus
2573 1885 2924 1955 opprobrium
2954 1890 3151 1946 vicinis
3180 1897 3382 1950 nostris
3415 1912 3432 1952 :

2175 1966 2548 2025 Subsannatio
2574 1975 2627 2026 et
2656 1973 2841 2028 illusio
2871 1975 2957 2029 his
2998 1979 3097 2047 qui
3141 1980 3199 2034 in
3246 1982 3499 2040 circuitu
3535 2005 3721 2057 nostra

2248 2065 2394 2113 sunt.

2103 2143 2143 2197 C
2173 2143 2327 2200 Dicit
2356 2148 2512 2203 enim
2544 2149 2810 2208 Hebraeos
2843 2152 3025 2211 fuisse
3052 2155 3113 2211 in
3145 2160 3537 2231 opprobrium
3562 2173 3703 2231 etin

2029 2231 2316 2301 derisum,
2351 2236 2451 2308 qui
2482 2238 2646 2309 prius
2674 2240 2903 2297 Inerant
2935 2242 3163 2300 Domini
3198 2247 3509 2308 devotione
3542 2272 3700 2316 reve-

2028 2320 2174 2415 di.H
2207 2322 2598 2415 Opprobrium
2632 2328 2804 2385 eiiam
2832 2331 2983 2387 ﬁunt
3010 2335 3197 2391 sancti
3236 2336 3329 2392 his
3374 2340 3477 2410 qui
3527 2347 3694 2415 prius

2026 2410 2239 2467 fratres
2267 2412 2531 2483 fuerunt;
2581 2417 2682 2487 qui
2732 2418 3001 2476 meliores
3045 2422 3228 2481 factos
3278 2426 3394 2481 odii
3443 2410 3689 2490 stimulo

2024 2506 2484 2573 persequuntur.

2021 2588 2058 2642 5
2171 2590 2468 2663 Usquequo,
2500 2595 2744 2662 Domine,
2781 2598 3037 2656 irasceris
3067 2603 3129 2657 in
3155 2604 3323 2673 ﬁnem
3352 2623 3369 2659 :

2164 2680 2501 2737 Accendetur
2529 2683 2677 2739 velut
2704 2686 2851 2754 ignis
2879 2688 3028 2744 zelus
3059 2696 3220 2748 tuus?

2091 2766 2130 2817 C
2152 2766 2339 2841 Rogat
2363 2769 2519 2825 enim
2551 2771 2715 2843 pium
2738 2774 3024 2846 judicem,
3074 2797 3147 2836 ne
3193 2798 3379 2854 usque
3403 2781 3464 2838 in
3499 2784 3680 2843 ﬁnem

2017 2852 2309 2912 irascatur
2336 2859 2495 2930 genti
2526 2858 2804 2930 Judaicas,
2836 2866 2938 2920 sed
2972 2871 3038 2922 ut
3061 2852 3472 2928 incenderetur
3514 2873 3675 2931 zelus

2014 2940 2174 3033 illius
2226 2945 2285 3000 in
2336 2947 2441 3016 eis,
2493 2946 2647 3002 sicut
2692 2949 2752 3005 in
2803 2951 3131 3011 Mathathia
3158 2957 3209 3027 (1
3235 2958 3486 3031 ﬂlaciam)
3523 2978 3536 3016 :
3570 2962 3673 3033 qui

2011 3030 2133 3087 zelo
2148 3037 2401 3104 paternae
2417 3034 2749 3093 traditionis
2762 3038 3381 3115 incensus,quemdam
3409 3030 3678 3104 Judaeum

2008 3120 2182 3178 idolis
2207 3122 2611 3180 immolantem
2638 3144 2819 3199 supra
2848 3129 3007 3202 ipsas
3037 3149 3167 3187 aras
3198 3133 3429 3189 occidit.

1940 3196 1982 3261 C
2009 3211 2045 3264 6
2154 3211 2384 3283 E/funde
2414 3216 2560 3269 iram
2588 3196 2737 3271 tuam
2766 3217 2827 3272 in
2856 3196 3040 3288 gentes
3087 3236 3213 3293 quae
3259 3226 3313 3278 te
3358 3239 3468 3280 non
3500 3241 3662 3282 nove-

2221 3309 2404 3359 runt:

2152 3389 2216 3445 Et
2246 3393 2305 3446 in
2334 3408 2501 3463 regna
2532 3408 2649 3465 quae
2678 3411 2875 3452 nomen
2907 3402 3065 3453 tuum
3103 3415 3214 3455 non
3254 3402 3672 3461 invocaverunt.

2081 3479 2120 3531 C
2149 3478 2393 3536 Etl'unde
2425 3480 2570 3535 iram
2598 3499 2776 3554 super
2805 3486 3171 3551 adversarios
3194 3489 3562 3561 Judzeorum;
3588 3493 3673 3549 in-

2011 3566 2412 3639 dignationem
2444 3574 2605 3624 tuam
2632 3571 3004 3631 abundanter
3027 3577 3252 3646 emitte,
3287 3583 3353 3635 ut
3401 3580 3556 3637 sicut
3581 3580 3668 3637 illi

2013 3671 2119 3710 nos
2150 3657 2565 3727 comprimunt,
2593 3658 2674 3715 ita
2705 3661 2825 3717 tuis
2850 3663 3074 3721 viribus
3096 3667 3530 3741 opprimantur.
3555 3670 3672 3728 Nec

2011 3748 2178 3799 vacat
2204 3746 2356 3817 quod
2384 3750 2518 3802 ante
2570 3747 2715 3803 dixit
2760 3748 2820 3804 in
2873 3757 3096 3823 gentes,
3130 3760 3339 3826 postea
3367 3756 3427 3814 in
3452 3774 3670 3832 regna;

2013 3832 2178 3905 prius
2210 3833 2366 3889 enim
2402 3834 2634 3907 populis
2666 3837 3027 3910 imprecatus
3057 3844 3382 3911 est,deinde
3414 3846 3561 3919 ipsis
3582 3863 3677 3905 re-

2013 3922 2165 3994 gnis,
2196 3940 2323 3995 quae
2353 3922 2497 3979 talia
2526 3925 2651 3980 ﬁeri
2685 3925 3072 3998 imperabant.

2010 4012 2046 4064 7
2157 4011 2297 4079 Quia
2324 4012 2671 4068 comederunt
2695 4017 2864 4072 Ιαωὸ
2896 4034 2915 4071 .-

2154 4101 2218 4155 Et
2249 4101 2425 4156 locum
2451 4103 2568 4173 ejus
2595 4101 2992 4160 desolaverunt.

2087 4189 2128 4244 C
2175 4189 2428 4245 Dicendo
2479 4189 2635 4245 enim
2694 4193 3095 4261 comederunt,
3142 4194 3425 4251 saevitiam
3474 4197 3668 4270 impiae

2016 4278 2206 4350 gentis
2238 4278 2533 4346 ostendis;
2569 4279 2947 4336 comederunt
2976 4298 3109 4338 vero
3131 4282 3423 4356 signiﬁcat
3443 4286 3671 4342 comedi

2016 4367 2295 4433 fecerunt,
2330 4366 2474 4421 dum
2505 4366 2786 4422 cadavera
2815 4372 3182 4426 mortuorum
3210 4371 3464 4428 ferarum
3518 4388 3671 4429 mor-

2017 4454 2183 4511 sibus
2211 4458 2621 4527 exposuerunt.
2658 4456 2871 4512 Locum
2904 4457 3332 4528 dcsolaverunt,
3370 4478 3506 4517 cum
3537 4461 3670 4534 pul-

1940 4565 1986 4629 Β
2019 4542 2369 4600 cherrimam
2421 4543 2714 4599 civitatem
2762 4544 2976 4603 civium
3030 4564 3274 4605 suorum
3312 4549 3673 4609 habitatione

2021 4633 2410 4689 nudaverunt.

2017 4724 2051 4777 8
2159 4722 2237 4778 Ne
2287 4724 2604 4779 memineris
2645 4725 3004 4796 iniquitatum
3052 4732 3369 4783 nostrarum
3416 4730 3671 4801 antiqua-

2232 4829 2359 4867 rum
2387 4814 2491 4868 cito
2520 4813 2825 4884 aniicipent
2849 4830 2945 4869 nos
2973 4816 3375 4872 misericordiae
3402 4824 3516 4873 mae
3548 4833 3561 4872 :

2163 4901 2303 4969 Quia
2330 4917 2597 4973 pauperes
2623 4902 2765 4972 facti
2785 4917 2978 4956 sumus
3006 4904 3194 4958 nimis.

2087 4990 2135 5045 H
2170 4990 2484 5045 Przcveniat
2514 5005 2639 5056 nos,
2678 5006 3037 5060 quaesumus,
3072 4990 3671 5062 Domine,misericor-

2016 5079 2113 5135 dia
2132 5077 2361 5149 tua,qui
2383 5081 2471 5133 est
2492 5076 2838 5149 Unigenitus
2868 5082 3003 5135 tuus
3042 5083 3108 5136 ut
3128 5080 3365 5139 veniens
3400 5082 3674 5157 propitie-

2017 5173 2114 5224 tur
2145 5166 2557 5238 iniquitatibus
2588 5166 2825 5233 nostris,
2876 5171 2933 5222 et
2979 5174 3147 5225 eruat
3191 5186 3298 5227 nos
3331 5188 3365 5227 a
3388 5171 3673 5244 peccatis;

2018 5272 2303 5330 pauperes
2333 5254 2489 5311 enim
2509 5254 2641 5310 facti
2662 5255 2945 5311 sumusin
2975 5260 3195 5315 mundo
3216 5264 3452 5334 propter
3478 5259 3669 5318 illum.

2018 5346 2059 5401 Ο
2090 5343 2459 5401 Confessione
2484 5343 2680 5415 itaque
2710 5344 3057 5403 delictorum
3074 5347 3396 5420 propitium
3413 5348 3526 5405 sibi
3543 5348 3671 5405 red-

2021 5433 2106 5488 dit
2128 5432 2410 5504 judicem,
2444 5436 2499 5488 et
2529 5430 2629 5504 qui
2662 5432 2829 5489 timet
2851 5434 3146 5506 judicium
3186 5436 3440 5507 Domini,
3468 5435 3671 5493 antici-

2021 5522 2147 5597 pari
2192 5539 2255 5579 se
2285 5522 2413 5594 ejus
2449 5520 2848 5579 misericordia
2869 5528 3027 5581 recte
3042 5526 3673 5599 desiderat,pauperes-

2023 5628 2136 5692 que
2168 5611 2352 5671 factos
2382 5608 2524 5669 dicit
2554 5608 2765 5683 nimis;
2796 5618 3111 5689 paupertas
3161 5619 3248 5674 est
3295 5614 3451 5672 enim
3501 5609 3671 5674 nobis
