4054 6168
223 333 342 399 305

1433 337 1874 403 EXPOSITIO-
1897 338 2410 408 PSALMORUM.

3505 347 3624 413 306

222 468 308 547 vel
337 467 607 535 ostendit,
638 482 776 524 cum
806 465 1147 526 incarnavit.
1181 468 1413 527 Nemini
1442 487 1574 528 vero
1604 471 1861 530 ostendit
1885 481 1943 548 Α
1971 472 2364 532 Christianam
2390 493 2402 545 ;
2427 478 2483 532 et
2513 493 2640 550 quis
2676 477 2748 534 de
2773 461 3017 536 Judaica
3047 477 3140 536 hic
3179 477 3474 550 dicuntur,
3507 479 3620 539 im-

221 560 371 617 Deus
400 558 628 626 faciem,
663 557 777 614 nisi
805 574 1101 615 converso.

216 662 254 716 5
357 659 588 726 Domine
614 659 754 713 Deus
781 658 1048 713 virtutum
1079 675 1098 713 :

355 751 643 821 Quousque
673 747 924 802 irasceris
951 763 1113 819 super
1131 750 1425 803 orationem
1456 751 1600 804 servi
1630 751 1753 804 tui?

284 849 325 903 C
349 847 513 903 Juste
545 845 728 902 Deum
758 845 1041 902 virtutum
1071 846 1428 918 vocavit,qui
1460 846 1620 903 solus
1651 864 1861 919 praeva-

214 939 292 994 let
321 938 390 993 de
419 938 604 993 morte
630 933 1056 990 incredulitatis
1081 933 1344 991 liberare.
1371 936 1416 994 Η
1435 936 1559 991 Νοη
1590 937 1861 993 irascitur

213 1028 384 1089 Deus,
419 1025 468 1081 si
493 1023 790 1096 justitiam
820 1027 1128 1096 petamus;
1161 1025 1262 1088 sed
1295 1029 1466 1096 putat
1502 1025 1859 1082 conscientia

212 1113 406 1172 delicti
437 1114 510 1170 ob
541 1113 864 1170 orationem
895 1117 1157 1170 nostram
1189 1113 1343 1170 Deus
1374 1113 1613 1169 irasci.C
1644 1114 1712 1168 Et
1742 1115 1854 1170 ira-

210 1209 331 1261 tum
383 1202 671 1275 Propheta
719 1201 1009 1274 credebat,
1041 1202 1320 1274 quoniam
1369 1202 1612 1258 humani
1659 1203 1854 1275 generi

209 1291 514 1349 subvenire
566 1290 877 1358 tardabat;
913 1307 982 1346 ex
1030 1307 1146 1363 quo
1198 1290 1511 1354 innotescit
1562 1290 1768 1364 pietas,
1797 1294 1856 1356 et

208 1397 487 1455 magnum
519 1378 876 1437 desiderium
908 1377 1223 1452 PrOphetaa.

205 1463 238 1534 6
345 1478 564 1536 Cibabis
592 1493 689 1534 nos
708 1492 853 1548 pane
881 1477 1250 1549 lacrymarum
1284 1495 1302 1532 :

338 1570 417 1623 Et
437 1574 630 1639 potum
656 1565 812 1621 dabis
841 1565 996 1622 nobis
1023 1567 1083 1620 in
1115 1566 1374 1637 lacrymis
1398 1567 1459 1620 in
1486 1583 1760 1624 mensura.

268 1667 310 1722 C
340 1665 519 1721 Panis
547 1663 704 1720 enim
734 1663 1148 1736 lacrymarum,
1173 1663 1295 1719 vita
1333 1668 1422 1720 est
1470 1663 1642 1736 plena
1689 1665 1849 1721 dolo-

201 1756 362 1811 ribus
390 1772 403 1821 ;
439 1752 542 1810 sed
575 1756 768 1808 tamen
799 1752 858 1814 in
891 1769 960 1808 ea
991 1752 1366 1808 miseratione
1415 1753 1514 1808 Dei
1558 1753 1846 1825 cibamur,

202 1843 437 1916 quando
469 1839 737 1898 cladibus
768 1845 826 1898 et
854 1839 1134 1896 aerumnis
1155 1857 1275 1897 non
1291 1840 1846 1916 exstinguimur,sed
1879 1849 1928 1915 Β

199 1932 390 2006 potius
418 1928 994 1993 erudimur.Nullum
1028 1929 1224 2002 itaque
1246 1933 1478 2002 tempus
1509 1948 1543 1986 a
1572 1930 1846 2005 lacrymis

198 2019 449 2088 ostendit
477 2034 648 2092 posse
678 2034 806 2077 esse
834 2034 1082 2074 vacuum
1115 2017 1330 2090 quibus
1361 2023 1417 2074 et
1446 2018 1575 2090 ipsa
1611 2019 1846 2077 refectio

199 2114 312 2166 erat
340 2107 684 2182 plorat_io.ln
716 2123 1152 2173 mensura,vero
1186 2105 1242 2161 in
1272 2107 1586 2164 distributo
1609 2108 1845 2164 modulo

197 2199 349 2264 dicit,
382 2197 694 2254 ostendere
721 2195 922 2254 volens
955 2193 1100 2250 illud
1145 2196 1403 2268 Apostoli
1437 2213 1449 2252 :
1486 2197 1643 2270 quod
1692 2197 1845 2255 Deus

197 2304 368 2362 supra
394 2285 555 2344 vires
585 2289 817 2343 nostras
845 2283 1060 2342 tentari
1088 2301 1194 2341 nos
1225 2289 1283 2341 et
1306 2285 1499 2342 vexari
1539 2303 1657 2342 non
1709 2303 1844 2360 per-

197 2367 370 2432 mittit
396 2377 448 2447 (ι
476 2378 601 2432 Cor.
634 2374 715 2446 x).

193 2475 226 2528 7
328 2475 579 2531 Posuisti
605 2489 704 2528 nos
733 2474 795 2528 in
821 2472 1306 2534 contradictionem
1335 2475 1532 2531 vicinis
1561 2476 1760 2538 nostris
1786 2493 1805 2530 :

323 2567 395 2620 Et
423 2563 646 2618 inimici
674 2563 849 2618 nostri
870 2562 1343 2619 subsannaverunt
1365 2579 1482 2619 nos.

251 2661 294 2727 C
324 2659 723 2718 Contradictio
755 2658 855 2715 illa
889 2659 1126 2732 gentilis
1173 2665 1317 2729 erat,
1351 2677 1480 2732 quas
1528 2661 1838 2718 adversum

190 2749 598 2824 praedicatores
627 2747 842 2805 Christi
871 2748 1067 2821 pravis
1082 2749 1462 2806 concionibus
1485 2749 1836 2823 erigebatur.

190 2840 229 2898 Η
256 2837 722 2905 Subsannabant
751 2836 973 2894 inimici
1005 2837 1088 2907 (id
1118 2842 1208 2894 est
1246 2838 1522 2908 haeretici)
1569 2840 1838 2898 doctores

189 2927 398 2984 Christi
431 2945 451 2982 :
487 2925 764 2984 similiter
788 2925 977 2989 Judaei
1004 2932 1061 2982 et
1089 2925 1356 2984 inﬁdeles
1385 2944 1610 2994 omnes,
1645 2929 1744 3001 qui
1776 2929 1837 2985 in

188 3017 433 3074 circuitu
470 3013 735 3072 Ecclesiae
764 3014 1132 3087 obstrepunt,
1160 3032 1392 3088 nosque
1413 3015 1783 3092 impugnant.

187 3118 217 3172 8
317 3123 463 3174 Deus
507 3116 793 3179 virtutum,
824 3120 1070 3170 converte
1112 3129 1208 3170 nos
1237 3132 1256 3170 :
1287 3123 1337 3170 et
1383 3116 1602 3173 ostende
1635 3119 1835 3188 faciem

391 3213 573 3260 tuam.

316 3297 394 3350 Et
419 3293 572 3349 salvi
598 3293 826 3349 erimus.

250 3382 289 3438 C
319 3379 566 3454 Repetit
590 3397 849 3446 versum,
885 3378 1023 3452 quia
1053 3379 1442 3438 desiderantis
1475 3398 1603 3438 mos
1651 3386 1740 3439 est
1769 3399 1836 3438 ea

189 3475 443 3544 repetere
478 3487 608 3542 quae
636 3468 932 3526 desiderat
979 3485 1333 3542 magnopere
1380 3469 1671 3528 advenire.
1705 3473 1838 3544 Ipsa

188 3565 267 3618 est
289 3571 441 3635 ergo
469 3558 670 3625 facies,
704 3559 760 3614 id
799 3562 889 3615 est
934 3558 1196 3630 potentia
1237 3558 1474 3627 Christi,
1507 3577 1610 3632 per
1656 3577 1834 3632 quam

188 3647 438 3722 loquacis
461 3647 672 3705 mortis
697 3647 1153 3720 evasimusﬁpsa
1173 3646 1435 3720 .denique
1484 3665 1611 3721 quas
1643 3649 1836 3722 dignis

186 3737 689 3796 etroonﬁtentibus
718 3734 995 3794 calorum
1025 3751 1205 3809 regna
1233 3734 1500 3810 largitur.

184 3836 216 3889 9
321 3838 559 3892 Vineam
585 3833 652 3891 de
678 3834 908 3907 Egypto
934 3835 1268 3890 transtulisti
1301 3853 1314 3891 :

317 3924 561 3998 Εἰσοϋᾶ
585 3931 768 3994 gentes
796 3927 849 3980 et
873 3925 1143 3996 plantasti
1171 3940 1291 3979 eam
1321 3943 1338 3979 :

227 4012 288 4078 VC
315 4021 575 4080 .Vineam
606 4020 752 4078 dicit
777 4021 1154 4078 Hebraeorum
1185 4025 1438 4094 gentem,
1473 4037 1650 4093 quam
1681 4021 1838 4093 posi-

187 4114 297 4167 ta'm
326 4111 387 4168 in
425 4115 568 4183 typo
595 4113 830 4168 constat
858 4109 1341 4169 EcclesiaeNinea
1371 4115 1566 4167 autem
1591 4127 1624 4166 a
1641 4111 1840 4166 vitibus

189 4199 334 4256 dicta
362 4203 478 4267 est;
496 4199 654 4256 hanc
683 4215 752 4256 ex
779 4200 1020 4273 Egypto
1052 4199 1292 4255 deduxit
1321 4199 1552 4273 magnis
1585 4199 1838 4256 miracu-

189 4286 277 4356 lis,
307 4293 366 4345 et
396 4288 689 4360 (expulsis
718 4288 1012 4362 gentibus,
1043 4288 1153 4344 hoc
1189 4293 1278 4344 est
1304 4288 1639 4345 Amorrheis
1671 4293 1838 4346 οωιθ-

189 4377 382 4450 risque
412 4375 688 4433 ﬁnitimis
723 4380 1246 4450 eorum)tanquam
1279 4377 1565 4434 mirabilis
1587 4377 1841 4451 agricola

191 4479 311 4522 eam
337 4465 652 4539 plantavit.
685 4465 792 4522 Per
817 4465 972 4521 hanc
1020 4470 1237 4536 autem,
1270 4465 1547 4531 Ecclesia,
1581 4469 1646 4521 ut
1697 4464 1839 4535 dixi,

1971 561 2126 635 pleta
2155 564 2449 638 intelligas
2481 565 2540 622 in
2573 567 2736 624 vinea
2769 567 3119 625 Christiana.

1971 653 2029 708 tl
2113 652 2337 725 Oper-uit
2363 663 2568 711 montes
2597 657 2797 712 umbra
2824 659 2983 729 ejus:

2110 744 2187 797 Et
2216 744 2440 799 arbusta
2469 747 2584 816 ejus
2611 745 2793 800 cedros
2823 748 2941 802 Dei.

2040 830 2086 885 H
2118 831 2233 887 Hos
2260 831 2516 888 Ecclesia
2553 835 2823 906 protegit,
2859 835 2957 906 qui
2990 833 3048 889 in
3081 837 3208 907 ejus
3239 853 3366 893 esse
3397 838 3622 909 gremio

1969 921 2516 992 comprobantur,id
2550 927 2638 977 est
2669 923 3030 995 patriarchas
3060 928 3117 979 et
3146 925 3403 981 diversos
3425 927 3621 984 docto-

1967 1024 2060 1063 res
2089 1013 2146 1063 et
2175 1009 2488 1080 apostolos.
2523 1010 2563 1064 C
2597 1011 2744 1068 Istos
2773 1012 2928 1068 enim
2982 1012 3187 1085 operit,
3218 1031 3364 1085 quos
3413 1016 3615 1084 nutrit,

1967 1095 2245 1167 quoniam
2278 1098 2407 1168 ejus
2448 1099 2660 1154 umbra
2706 1100 3040 1170 fructiﬁcat,
3072 1105 3128 1157 et
3177 1101 3432 1174 amplius
3481 1103 3620 1160 facit

1966 1199 2225 1241 crescere
2255 1203 2404 1257 quos
2437 1187 2625 1259 magis
2656 1189 2820 1260 tegit.
2857 1189 3016 1245 Unde
3050 1190 3251 1247 cedros
3281 1191 3405 1260 Dei,
3439 1191 3496 1246 id
3528 1197 3618 1248 est

1965 1277 2272 1346 martyres,
2305 1275 2406 1346 qui
2440 1275 2498 1330 in
2528 1275 2783 1332 Ecclesia
2812 1278 2964 1333 inter
2993 1278 3282 1335 altissima
3310 1280 3617 1338 cacumina

1963 1363 2269 1418 constituti
2302 1363 2619 1436 sunt,.ipsa
2651 1382 2882 1437 quoque
2911 1367 3164 1440 protegit
3188 1367 3468 1425 Ecclesia.

1964 1452 2031 1505 12
2104 1453 2361 1508 Emtendit
2377 1454 2631 1524 palmites
2659 1471 2780 1510 suos
2808 1471 2975 1526 usqne
3004 1456 3074 1511 ad
3104 1473 3256 1512 mare
3284 1474 3303 1512 :

2105 1545 2170 1597 Et
2199 1557 2362 1614 usque
2390 1541 2462 1597 ad
2488 1543 2689 1612 fin-men
2718 1545 3046 1614 propagines
3062 1546 3199 1616 ejus.

2031 1630 2071 1684 C
2101 1629 2378 1686 Palmites
2410 1631 2746 1702 signiﬁcant
2775 1631 3100 1703 discipulos
3130 1633 3616 1706 Domini,quibus

1959 1717 2084 1789 ipse
2113 1718 2260 1773 dixit
2292 1737 2304 1774 :
2340 1719 2458 1792 Ego
2505 1719 2658 1787 vitis,
2691 1737 2791 1777 vos
2824 1721 3098 1792 palmites
3130 1723 3311 1794 (Joan.
3343 1725 3457 1793 xv).
3493 1723 3613 1780 Ma-

1957 1824 2039 1873 re,
2069 1807 2334 1862 omnium
2379 1809 2642 1880 gentium
2695 1811 3132 1866 sanctissimam
3181 1812 3610 1878 credulitatem.

1957 1895 2228 1952 Extendit
2255 1913 2386 1952 vero
2418 1897 2579 1964 dicit,
2613 1898 2893 1969 quoniam
2927 1899 2999 1954 ab
3043 1899 3460 1972 Hierosolymis
3490 1901 3612 1956 haec

1957 1984 2290 2055 praedicatio
2324 1985 2383 2040 in
2413 1989 2655 2042 cunctas
2705 1991 2900 2058 partes
2951 1988 3159 2044 mundi
3206 1992 3448 2044 extensa
3496 1993 3605 2045 est.

1955 2071 2491 2145 Propagines,ﬁlios
2522 2074 2976 2147 regenerationis
3007 2075 3271 2148 dicit,qui
3303 2094 3337 2134 a
3369 2076 3609 2132 flumine

1951 2159 2206 2217 Jordane
2239 2163 2749 2228 manaverunt,uhi
2783 2164 3066 2220 Dominus
3095 2163 3378 2237 baptizari
3409 2165 3610 2237 digna-

1953 2251 2049 2304 tus
2081 2253 2170 2305 est
2200 2249 2259 2304 in
2291 2250 2626 2323 exemplum
2659 2255 2870 2308 nostrae
2901 2251 3131 2310 salutis.

1953 2338 2021 2392 13
2099 2340 2296 2409 thuid
2325 2339 2652 2396 destruxisti
2678 2342 2973 2396 maceriam
3003 2343 3120 2413 ejus
3151 2361 3168 2396 :

2093 2428 2157 2482 Et
2187 2427 2526 2484 vindemiant
2555 2445 2676 2485 eam
2723 2446 2902 2494 omnes
2936 2432 3034 2501 qui
3074 2432 3608 2502 prastergrediun-tur

2163 2533 2330 2573 vtam.

2020 2605 2062 2660 C
2093 2605 2258 2661 Nunc
2291 2606 2362 2662 de
2387 2606 2554 2662 vinea
2584 2607 2796 2678 prima,
2829 2607 2886 2662 id
2920 2611 3012 2663 est
3037 2608 3252 2664 Judaaae
3274 2607 3604 2682 gentis,mi-

1949 2697 2112 2749 ratur
2143 2711 2248 2750 cur
2275 2711 2404 2751 eam
2437 2695 2592 2752 Deus
2635 2695 3036 2767 dereliquerit,
3069 2701 3127 2751 et
3176 2699 3305 2769 ejus
3357 2697 3603 2756 munitio

1947 2798 2148 2840 eversa
2178 2783 2372 2851 fuerit,
2409 2784 2466 2839 id
2497 2788 2605 2851 est,
2639 2784 2740 2840 Dei
2793 2783 3052 2850 defensio
3095 2785 3307 2850 ablata.
3341 2787 3386 2848 Η
3437 2787 3602 2850 Tune

1947 2870 2100 2926 enim
2137 2871 2383 2928 munitio
2409 2889 2716 2945 synagogas
2741 2873 3264 2944 depositaest,cum
3297 2875 3346 2931 ei
3369 2875 3599 2934 caecitas

1947 2959 2208 3032 contigit,
2277 2961 2460 3016 donec
2530 2959 2832 3032 plenitudo
2906 2961 3171 3033 gentium
3237 2962 3598 3020 subintraret

1947 3049 2119 3119 (Rom.
2153 3048 2231 3120 x).
2267 3048 2307 3106 C
2337 3047 2711 3104 Vindemiant
2738 3048 2916 3117 enim,
2947 3049 3004 3104 id
3037 3054 3146 3117 est,
3177 3049 3462 3123 diripiunt
3491 3050 3594 3122 qui

1945 3136 2520 3209 praetergrediuntur,
2555 3137 2611 3191 id
2643 3141 2733 3191 est
2763 3140 2988 3209 gentes,
3022 3155 3150 3208 quae
3182 3137 3359 3205 viam,
3395 3138 3452 3194 id
3499 3142 3595 3202 est

1864 3208 1907 3275 C
1944 3208 2829 3297 Christum,pertranseuntes,in
2862 3224 3154 3281 idolorum
3177 3225 3478 3284 sacriﬁciis
3499 3228 3595 3300 ju-

1941 3313 2090 3386 giter
2121 3315 2558 3386 permanebant.
2592 3314 2754 3380 Quod
2784 3314 2959 3370 etiam
2993 3314 3176 3371 Isaias
3209 3315 3478 3388 praedixit
3507 3315 3594 3372 di-

1944 3418 2082 3458 cens
2113 3418 2124 3455 :
2153 3402 2460 3457 Destruam
2494 3401 2806 3457 maceriam
2837 3402 2988 3473 ejus,
3003 3405 3060 3458 et
3087 3402 3198 3459 erit
3225 3402 3285 3460 in
3313 3403 3594 3477 direptio-

1946 3506 2102 3558 nem,
2136 3494 2244 3546 etc.
2279 3491 2430 3562 (lsai.
2464 3493 2540 3559 v).

1948 3579 2014 3634 14
2087 3580 2491 3634 Exterminavit
2517 3595 2638 3635 eam
2659 3596 2792 3651 aper
2819 3579 2883 3636 de
2909 3581 3050 3636 silva
3081 3600 3099 3635 :

2087 3670 2152 3724 Et
2179 3668 2484 3738 singularis
2513 3671 2665 3738 ferus
2695 3669 2947 3740 depastus
2974 3677 3054 3725 est
3079 3686 3220 3725 eam.

2017 3755 2058 3811 C
2080 3757 2302 3829 Aprum
2334 3755 2490 3812 hunc
2513 3756 2943 3840 Vespasianum
2961 3757 3287 3830 principem
3311 3759 3600 3815 Romano-

1947 3861 2078 3901 rum
2112 3843 2377 3901 nonnulli
2412 3843 3144 3917 intelligunt.Aper,dictus
3175 3851 3264 3904 est
3293 3847 3364 3903 ah
3397 3864 3484 3916 eo,
3499 3847 3602 3920 qui

1949 3933 2007 3988 in
2039 3933 2180 3988 locis
2210 3933 2433 4005 asperis
2465 3934 3260 4007 commoratur.Singularem
3291 3941 3486 3992 autem
3518 3937 3600 3992 le-

1949 4039 2101 4089 rum,
2137 4021 2334 4076 Titum
2361 4022 2488 4093 ejus
2521 4021 2710 4080 {ilium
2744 4026 3049 4078 memorat.
3069 4023 3116 4078 H
3137 4024 3178 4079 C
3210 4022 3602 4094 Spiritualiter

1949 4115 2166 4181 autem,
2199 4127 2407 4182 aprum
2456 4109 2839 4182 singularem,
2882 4110 2976 4164 dic
3025 4110 3349 4175 diabolum,
3381 4111 3482 4182 qui
3531 4112 3602 4166 de

1949 4197 2093 4256 silva
2122 4196 2433 4271 gentilium
2465 4214 2758 4269 egressus,
2793 4198 3026 4265 plebem
3071 4197 3379 4254 Judaicam
3409 4203 3600 4254 exter-

1949 4286 2194 4344 minavit
2223 4290 2456 4358 propter
2477 4286 2968 4343 incredulitatem.

1952 4377 2018 4433 15
2087 4378 2230 4432 Deus
2259 4377 2546 4440 virtutum,
2579 4383 2920 4432 convertere:

2089 4465 2312 4535 Respice
2339 4463 2403 4519 de
2433 4464 2562 4519 ca'lo
2588 4471 2640 4519 et
2669 4463 2788 4520 vide
2818 4472 2870 4521 et
2899 4465 3066 4522 visita
3097 4466 3312 4521 vineam
3350 4467 3531 4520 istam.

189 4552 561 4640 intelligitur,
589 4552 840 4627 quaa'hic
871 4553 929 4608 in
961 4554 1182 4610 sanctis
1210 4554 1465 4627 optimos
1498 4555 1723 4610 fructus
1754 4555 1838 4611 af-
1870 4575 1918 4640 Ι)
2018 4554 2060 4609 C
2111 4552 2260 4608 Petit
2310 4551 2406 4640 hic
2457 4552 2654 4624 Asaph
2707 4557 2772 4607 ut
2816 4552 3114 4626 supplices
3175 4553 3407 4610 Judseos
3463 4569 3603 4610 suos

189 4639 312 4710 l’e'rt,
361 4642 470 4716 qui
518 4641 1001 4700 tribulationibus
1050 4642 1256 4715 pressi,
1293 4659 1562 4715 saporem
1608 4643 1839 4699 dulcem

191 4735 492 4800 emanant,
528 4736 585 4787 et
613 4731 958 4804 passionum
991 4730 1220 4787 sarculo
1251 4731 1393 4787 fossi
1440 4736 1498 4787 et
1525 4732 1735 4805 putati,
1769 4731 1845 4788 si-

190 4825 284 4875 cut
309 4821 488 4886 vites,
524 4818 1012 4892 multiplicantur.
1045 4820 1180 4876 Sola
1207 4819 1365 4876 enim
1397 4820 1506 4876 hoc
1535 4821 1841 4894 proprium

191 4907 366 4968 habet
393 4907 678 4977 Ecclesia,
715 4913 778 4964 ut
807 4908 1313 4981 persecutionibus
1344 4913 1583 4965 crescat.

191 4997 257 5052 £0
323 5000 459 5055 Dux
487 4999 709 5054 itineris
737 4998 900 5069 fuisti
930 4998 993 5052 in
1019 4993 1304 5069 conspectu
1334 4998 1450 5068 ejus
1481 5015 1499 5053 :

327 5091 402 5145 Bt
423 5087 701 5159 plant'asti
725 5085 936 5143 radices
963 5087 1102 5158 ejus,
1126 5093 1178 5142 et
1207 5086 1454 5158 implevit
1475 5093 1701 5140 terram.

256 5174 299 5229 C
327 5175 466 5232 Dux
495 5179 588 5231 est
616 5172 886 5230 Christus
916 5178 1127 5230 sanctae
1161 5172 1426 5231 Ecclesia:
1457 5173 1576 5229 Dei.
1603 5173 1848 5230 Radices

195 5263 316 5334 ejus
346 5268 496 5321 sunt
523 5263 819 5336 propheta
848 5263 1100 5320 caelestis
1139 5261 1292 5335 regis
1323 5262 1656 5334 operatione
1689 5262 1850 5334 plan—

195 5353 325 5420 tati;
360 5353 684 5425 exquibus
710 5352 810 5409 illa
841 5351 1035 5409 felices
1054 5351 1326 5424 palmites
1351 5350 1851 5420 tendens,univer-

199 5451 326 5497 sum
359 5442 857 5514 mundum,quasi
879 5441 1126 5502 ammnis
1149 5441 1281 5496 ﬁdei
1301 5440 1852 5506 umbraculis,occu-

200 5531 504 5600 pa‘vitﬂoc
531 5534 625 5588 est
651 5531 808 5604 quod
841 5529 1048 5586 titulus
1079 5529 1320 5600 dicit,de
1348 5529 1726 5585 commutatis
1753 5529 1853 5584 Ju-

197 5617 448 5691 ‘dssismt’
467 5619 695 5678 vineam
719 5619 1030 5678 Judaioam
1047 5623 1466 5677 commutatam
1480 5617 1772 5691 intelligas
1795 5617 1854 5674 in

1951 4640 2142 4715 operis
2171 4639 2438 4713 Agricola
2468 4657 2710 4697 serenus
2740 4643 3110 4714 aspiceret,et
3137 4642 3605 4715 periclitantibus

1953 4730 2306 4786 subveniret.
2339 4729 2545 4797 Visita,
2581 4731 2898 4787 adventum
2933 4735 3146 4787 sancte:
3187 4729 3607 4795 incarnationis

1954 4817 2376 4896 expostulatmt
2405 4823 2689 4891 prasente
2720 4819 3158 4887 Cultore,vinea
3185 4817 3448 4889 plantata
3477 4833 3606 4888 pro-

1954 4908 2129 4964 ﬁciat.
2165 4907 2208 4962 H
2240 4907 2390 4962 Dicit
2420 4907 2600 4979 igitur
2632 4923 2645 4961 :
2681 4909 2946 4973 Domine,
2967 4907 3122 4962 Deus
3152 4905 3456 4973 virtutum,
3476 4921 3608 4962 con-

1953 5001 2175 5052 vertere
2206 4996 2278 5051 ab
2311 4996 2398 5051 ira
2427 4999 2548 5064 tua,
2582 5000 2638 5051 et
2666 4999 2934 5050 converte
2984 5008 3342 5066 synagogam
3390 4993 3464 5049 ad
3502 4993 3603 5050 Ec-

1955 5083 2216 5140 clesiam.

1959 5174 2026 5228 16
2098 5175 2174 5228 Et
2199 5172 2395 5242 perﬁce
2423 5187 2544 5227 eam
2575 5187 2739 5244 quam
2765 5171 3039 5242 plantavit
3067 5169 3291 5226 dextera
3320 5178 3416 5227 tua
3445 5187 3464 5226 :

2099 5262 2165 5315 Et
2187 5277 2350 5332 super
2376 5261 2557 5330 ﬁlium
2585 5261 2828 5315 hominis
2850 5275 3009 5331 quem
3037 5260 3370 5331 conﬁrmasti
3400 5259 3522 5315 tibi.

2032 5349 2078 5404 Η
2105 5350 2170 5404 Et
2199 5349 2410 5420 perﬁce
2443 5365 2570 5404 eam
2603 5347 2823 5404 scilicet
2849 5347 3169 5404 Ecclesiam
3215 5366 3391 5421 quam
3443 5348 3608 5421 plan-

1960 5439 2106 5493 tavit
2134 5439 2370 5492 dextera
2388 5437 2476 5492 vel
2494 5438 2698 5502 virtus,
2725 5437 2833 5494 hoc
2849 5443 2957 5505 est,
2980 5438 3163 5493 Filius
3186 5442 3325 5493 tuus
3343 5437 3399 5492 in
3423 5454 3612 5493 resur-

1966 5526 2217 5582 rectione
2249 5543 2355 5581 sua
2388 5527 2672 5582 fundavit.
2707 5529 2776 5583 Et
2809 5545 2984 5600 super
3013 5527 3202 5582 ﬁlium
3243 5526 3520 5591 hominis,
3554 5525 3611 5580 id

1965 5621 2056 5675 est
2087 5616 2270 5672 ﬁlium
2303 5615 2764 5689 Virginis,quem
2792 5616 2900 5674 tibi
2930 5615 3290 5675 conﬁrmasti
3309 5632 3375 5674 ac
3391 5613 3615 5672 devicta
