4054 6168
387 309 504 376 307

1311 307 1376 370 S.
1422 300 1818 367 BRUNONIS
1865 290 2485 360 HERBIPOLENSIS
2530 287 2912 351 EPISCOPI.

3681 275 3799 340 308

389 448 580 504 morte
609 441 668 502 in
699 446 804 502 tua
832 442 1066 501 dextera
1094 439 1476 498 collocasti.H
1505 435 1868 507 Perﬁceergo
1885 447 2035 500 eam,
2065 431 2122 498 Α
2149 425 2396 502 populos
2439 423 2772 480 commonet
2820 417 3042 488 fideles,
3075 417 3143 507 ut
3185 431 3304 472 non
3349 410 3622 507 desinant
3667 426 3804 507 cum

389 535 454 593 in
481 552 618 592 vera
646 535 966 608 ﬁde,super
995 537 1050 589 te
1079 534 1135 588 et
1155 529 1368 586 Filium
1398 534 1569 584 tuum
1599 523 1916 582 Dominum
1942 537 2044 576 no-

391 627 582 682 strum
623 625 830 680 Jesum
877 621 1176 678 Christum
1226 619 1531 675 fundatam
1586 613 1838 680 vineam,
1871 625 2046 684 quem

391 711 753 770 conﬁrmasti
784 711 918 767 tibi.

395 803 466 858 17
534 804 758 859 Incensa
787 801 911 870 igni
939 803 991 856 et
1013 799 1245 872 suffossa
1276 816 1294 852 :

538 891 614 946 Ab
639 890 1009 961 increpatione
1037 889 1221 944 vultus
1251 887 1337 943 tui
1359 885 1644 958 peribunt.

469 979 511 1036 C
539 977 872 1035 Incenditur
894 977 1028 1051 igne
1058 975 1272 1048 aliquis
1299 967 1914 1047 cupiditatis,quando
1940 963 2049 1021 cri-

401 1083 536 1124 men
559 1066 876 1123 nefandum
903 1063 1514 1122 commiseritEli‘ossa
1529 1075 1664 1118 vero
1683 1073 1858 1114 manu
1891 1055 2050 1120 sunt,

401 1173 536 1212 cum
566 1171 669 1228 per
696 1153 1094 1228 operationem
1128 1151 1469 1208 sceleratam
1499 1147 1630 1204 aliis
1657 1159 2054 1219 preparamus

398 1243 668 1311 insidias,
699 1246 752 1300 et
783 1241 1050 1314 decipere
1081 1241 1353 1297 volumus
1387 1236 1735 1299 nescientes,
1772 1235 1914 1290 dum
1947 1247 2052 1287 nos

400 1331 592 1406 magis
619 1330 679 1388 in
709 1330 900 1404 ipsam
933 1331 1156 1386 foveam
1189 1343 1572 1390 corruamuss
1589 1325 1719 1380 Haec
1749 1338 1885 1394 ergo
1917 1335 2052 1393 pec-

403 1425 534 1478 cata
561 1419 838 1493 peribunt
869 1419 942 1474 ab
974 1417 1372 1489 increpatione
1398 1413 1597 1470 vultus
1627 1411 1749 1479 Dei,
1781 1411 1924 1466 dum
1967 1407 2053 1464 di-

405 1509 486 1567 cit
515 1525 530 1565 :
565 1509 646 1564 Ite
677 1507 736 1562 in
761 1506 959 1580 ignem
990 1510 1271 1562 aeternum
1303 1503 1520 1577 (Matth.
1552 1504 1704 1571 xxv).
1738 1500 1786 1556 H
1833 1497 1934 1554 Vel
1964 1497 2053 1552 in-

397 1613 585 1672 censa
613 1599 672 1652 et
701 1594 972 1652 suffossa.
1005 1594 1310 1666 Synagoga
1341 1597 1430 1649 est
1459 1608 1574 1648 non
1605 1589 1867 1646 crcdens.

410 1695 480 1750 18
551 1695 677 1751 Fiat
702 1708 900 1748 manus
930 1695 1027 1748 tua
1055 1708 1222 1764 super
1243 1693 1426 1747 virum
1454 1689 1694 1746 dexterae
1721 1695 1870 1744 tuae:

552 1782 619 1838 Et
639 1797 804 1854 super
829 1779 1018 1853 ﬁlium
1045 1782 1285 1837 hominis
1315 1795 1474 1852 quem
1501 1777 1837 1850 conﬁrmasti
1864 1775 1984 1831 tibi.

479 1879 522 1936 C
549 1878 676 1936 Fiat
704 1895 916 1936 manus
944 1883 1066 1947 tua,
1097 1878 1156 1934 id
1188 1877 1561 1952 est,operatio
1591 1878 1794 1932 sancta
1825 1873 1896 1928 ad
1925 1871 2060 1927 etre-

409 1972 571 2027 ctum
601 1969 894 2042 promissa
922 1967 1412 2042 perducat.Filius
1443 1965 1722 2034 hominis,
1739 1964 1866 2038 ipse
1893 1959 2058 2017 Chri-

410 2061 540 2116 stus
568 2062 676 2128 est,
707 2057 810 2131 qui
839 2057 1016 2115 etiam
1049 2057 1284 2114 dextera
1313 2055 1502 2112 Patris
1531 2059 1639 2122 est,
1672 2057 1730 2110 et
1757 2051 2064 2108 conﬁrma-

409 2150 510 2204 tus
539 2147 695 2220 apud
725 2145 1015 2214 homines,
1031 2145 1186 2202 sicut
1211 2145 1354 2202 dicit
1383 2144 1443 2200 in
1472 2141 1782 2216 Evangelio
1805 2157 1819 2196 :
1845 2139 1947 2196 Hic
1975 2140 2066 2194 est

411 2234 595 2292 Filius
624 2250 791 2290 meus
812 2233 1060 2290 dilectus
1091 2234 1297 2306 (Matth.
1329 2232 1490 2304 xvu).
1525 2230 1932 2304 Operationem
1962 2226 2066 2282 ita-

412 2337 528 2397 que
557 2325 771 2380 sancta:
801 2321 1220 2380 incarnationis
1249 2321 1528 2395 exposcit.

415 2413 485 2468 19
556 2414 623 2469 Et
648 2428 762 2468 non
789 2411 1116 2468 discedimus
1144 2429 1179 2468 a
1207 2419 1254 2468 te
1277 2427 1300 2470 .°

560 2501 871 2572 Viviﬁcabis
899 2517 998 2557 nos
1027 2508 1079 2558 et
1101 2517 1301 2558 nomen
1330 2508 1487 2556 tuum
1513 2495 1904 2554 invocabimus.

486 2589 536 2646 H
563 2589 690 2646 Non
707 2587 1156 2658 discedimus,id
1177 2588 1344 2656 est,si
1365 2587 1471 2643 tibi
1491 2587 1606 2643 ﬁde
1623 2581 2064 2648 adhaeserimus,

415 2681 558 2736 tunc
585 2693 735 2751 pane
766 2677 1070 2750 illo,quem
1102 2678 1174 2732 de
1201 2675 1342 2732 ccclo
1372 2675 1586 2732 misisti
1609 2676 1785 2743 (Joan.
1803 2671 1904 2743 v1),
1931 2669 2068 2725 reﬁ-

417 2767 626 2826 cimur.
655 2767 696 2822 C
728 2767 796 2822 Et
824 2767 1005 2838 ipsum
1033 2781 1246 2822 nomen
1277 2762 1678 2820 invocabimus
1717 2761 1777 2816 in
1811 2757 2069 2816 oratione

418 2855 746 2928 Dominica,
779 2855 827 2911 H
859 2855 917 2911 id
949 2857 1056 2924 est,
1089 2869 1223 2910 eum
1256 2853 1348 2908 cui
1379 2850 1592 2908 dedisti
1630 2865 1842 2905 nomen
1891 2863 2070 2919 supra

421 2959 596 3002 omne
625 2959 840 3000 nomen
872 2944 1103 3016 (Philip.
1136 2942 1222 3014 ιι).
1255 2941 1297 2997 C
1327 2940 1426 2996 Vel
1475 2939 1528 2996 si
1574 2937 1805 2994 miseris
1855 2934 2068 2992 Filium

418 3035 591 3088 tuum
619 3031 1072 3100 incarnandum,
1099 3046 1213 3087 non
1245 3027 1609 3085 discedimus
1637 3045 1670 3082 a
1693 3024 1876 3098 te,qui
1907 3026 2070 3080 tanto

420 3120 710 3180 desiderio
741 3137 876 3178 eum
908 3119 1254 3194 petivimus;
1283 3122 1340 3174 et
1367 3117 1510 3174 dum
1540 3133 1656 3173 non
1688 3112 2070 3182 discedimus,

419 3208 739 3268 viviﬁcabis
769 3227 898 3279 nos,
931 3212 1040 3266 etc.
1507 3211 1516 3218 ’

419 3301 493 3354 20
563 3301 790 3356 Domine
816 3301 957 3355 Deus
983 3300 1268 3365 virtutum,
1299 3303 1544 3353 converte
1569 3310 1666 3351 nos
1697 3311 1716 3348 :

567 3391 638 3443 Et
657 3385 875 3442 ostende
899 3387 1099 3457 faciem
1127 3390 1302 3452 tuam,
1333 3393 1385 3440 et
1411 3385 1558 3440 salvi
1585 3385 1808 3438 erimus.

494 3475 536 3530 C
564 3475 629 3530 In
661 3473 776 3530 isto
803 3489 979 3530 versu
1009 3473 1270 3547 regulam
1303 3473 1483 3529 totius
1497 3470 1798 3544 religionis
1815 3467 2069 3541 exponit,

423 3562 524 3619 ubi
555 3561 812 3634 primum
843 3566 1026 3630 est,ut
1054 3579 1161 3618 nos
1191 3561 1477 3618 Dominus
1508 3563 1828 3624 convertat;
1843 3557 2071 3622 deinde,

335 3643 341 3647 ’
423 3654 491 3707 ut
519 3650 792 3707 ostendat
822 3649 1030 3706 faciem
1063 3667 1232 3706 suam
1257 3691 1271 3716 ,
1305 3649 1499 3716 tertio,
1527 3653 1589 3703 ut
1618 3647 1808 3702 salvos
1839 3645 2070 3702 efﬁciat.

423 3739 531 3796 Per
557 3737 740 3795 istum
771 3755 1004 3811 quoque
1055 3755 1290 3794 versum
1335 3738 1444 3793 sub
1495 3735 1772 3793 brevitate
1821 3734 2075 3808 petimus

423 3827 711 3901 quid’quid
743 3827 914 3884 nobis
943 3827 1214 3900 expedire
1241 3830 1621 3882 monstratur.

875 3933 1076 3972 ORATIO
1116 3933 1185 3971 EX
1225 3931 1388 3972 PSAL.
1439 3930 1624 3971 LXXIX.

494 4005 702 4074 Visita,
733 4005 999 4073 Domine,
1031 4004 1260 4062 vineam
1289 4008 1474 4071 tuam,
1510 4020 1690 4076 quam
1736 4003 1807 4058 de
1836 4003 2077 4074 Egypto

425 4094 874 4151 tribulationum
907 4094 1127 4166 potenti
1158 4094 1394 4150 dextera
1424 4091 1781 4160 liberasti;ut
1810 4094 2078 4163 respectu

425 4182 624 4240 vultus
651 4183 737 4238 tui
766 4181 1077 4248 viviﬁcata,
1110 4182 1400 4238 bonorum
1426 4180 1559 4237 vitae
1605 4179 1864 4236 fructum
1909 4179 2078 4234 uber-

425 4273 548 4328 tate
577 4271 820 4328 laatetur.
855 4271 964 4328 Per
991 4270 1309 4327 Dominum
1339 4273 1610 4327 nostrum
1638 4268 1863 4336 Jesum,
1897 4271 2006 4324 etc.

959 4357 1296 4416 PSALMUS
1345 4357 1552 4414 LXXX.

837 4463 1238 4504 ARGUMENTUM
1289 4464 1448 4504 PSAL.
1507 4464 1648 4502 LXXX
1657 4487 1670 4501 .

2151 498 2390 573 summa
2418 511 2619 569 laetitia
2647 511 2762 566 Deo
2809 507 3014 564 laudes
3046 505 3258 571 dicere,
3292 501 3393 576 qui
3433 517 3532 557 eos
3573 517 3610 556 a
3639 498 3808 554 savis

2153 603 2434 678 periculis
2466 599 2743 674 dignatus
2773 600 2863 654 est
2891 596 3132 668 eripere.
3157 593 3273 648 Deo
3300 589 3554 662 adjutori
3584 593 3808 654 nostro,

2155 696 2358 749 contra
2385 689 2623 746 fictitios
2659 688 2799 743 deos
2831 683 3138 759 gentilium
3169 678 3443 752 dicit,qui
3467 679 3674 750 juvare
3703 693 3814 733 nec

2157 799 2218 840 se
2250 783 2517 853 possunt.
2547 775 2813 832 Jubilare
2844 791 2878 830 a
2918 771 3185 845 juvando,
3220 769 3279 824 id
3327 771 3417 824 est
3444 765 3812 832 delectando,

2157 870 2378 926 dictum
2408 872 2515 924 est.
2546 866 2727 922 Jacob
2757 861 3041 936 populum
3073 857 3366 932 signiﬁcat
3387 854 3811 912 Christianum.

2159 961 2186 1015 1
2300 959 2508 1015 Sumite
2533 955 2813 1028 psalmum
2840 955 2892 1008 et
2911 951 3032 1006 date
3059 957 3380 1022 tympanum
3405 962 3419 1002 :

2299 1045 2632 1102 Psalterium
2652 1041 2962 1116 jucundum
2986 1055 3112 1094 cum
3141 1037 3374 1092 cithara.

2231 1135 2272 1192 C
2303 1133 2576 1191 Psalmus
2607 1131 2763 1188 enim
2796 1130 2868 1186 ad
2919 1127 3117 1184 divina
3164 1125 3341 1181 verba
3383 1121 3635 1196 pertinet
3675 1121 3816 1180 inti-

2161 1223 2396 1280 manda.
2431 1223 2501 1278 Et
2531 1221 2664 1276 date
2689 1227 3035 1292 tympanum,
3065 1215 3122 1270 id
3151 1221 3226 1269 est
3261 1213 3597 1285 operationes
3623 1211 3815 1266 bonas.

2159 1312 2323 1370 Addit
2353 1331 2372 1368 :
2398 1311 2724 1383 psalterium
2744 1306 3055 1380 jucundum
3091 1303 3232 1370 date,
3267 1301 3325 1356 id
3378 1303 3486 1368 est,
3535 1299 3818 1372 praedica-

2160 1401 2380 1459 tionem
2413 1402 2674 1456 sanctam
2702 1413 2835 1452 cum
2867 1394 3114 1462 cithara,
3145 1391 3204 1447 id
3235 1394 3327 1447 est
3355 1389 3548 1446 carnis
3578 1389 3826 1446 mortifi-

2161 1492 2387 1548 catione
2453 1487 2542 1545 vel
2612 1485 2966 1560 operatione.
3027 1482 3174 1538 Nam
3241 1477 3589 1552 psalterium
3657 1477 3820 1534 idem

2163 1581 2319 1654 quod
2351 1577 2616 1652 psalmus
2651 1575 3029 1648 signiﬁcat,et
3058 1569 3284 1626 cithara
3311 1568 3468 1624 idem
3499 1567 3654 1641 quod
3675 1569 3826 1640 tym-

2164 1685 2404 1742 panum.

2165 1760 2198 1814 3
2309 1757 2604 1813 Buccinate
2634 1755 2694 1808 in
2724 1750 3009 1807 neomenia
3041 1748 3172 1804 tuba
3191 1766 3210 1802 :

2311 1848 2374 1902 In
2403 1843 2613 1915 insigni
2640 1841 2728 1896 die
2749 1839 3110 1897 solemnitatis
3138 1843 3363 1892 nostra}.

2241 1935 2287 1991 H
2319 1933 2614 1991 Canebant
2640 1928 2827 1986 Judaei
2855 1927 3001 1984 tuba
3029 1925 3090 1982 in
3121 1924 3364 1991 Pascha,
3393 1923 3750 1991 Pentecoste,
3768 1927 3834 1978 et

2170 2021 2530 2096 Scenopegia
2563 2037 2574 2076 :
2607 2036 2716 2076 nos
2765 2016 3056 2090 praecipue
3085 2013 3144 2070 in
3173 2011 3544 2069 inchoatione
3576 2028 3832 2086 evange-

2171 2111 2292 2168 licae
2325 2107 2756 2184 praedicationis
2789 2110 2964 2177 atque
2995 2103 3158 2159 initio
3191 2101 3346 2170 ﬁdei,
3381 2117 3510 2156 cum
3565 2100 3834 2174 resurgi-

2171 2217 2306 2258 mus
2335 2199 2396 2254 in
2425 2198 2675 2266 Christo,
2711 2211 2846 2253 cum
2879 2192 3287 2249 remissionem
3319 2191 3662 2263 accipimus,
3682 2195 3739 2245 et
3764 2190 3834 2246 in

2172 2288 2538 2346 dedicatione
2567 2286 2780 2342 domus
2825 2281 3076 2356 pectoris
3128 2279 3337 2349 nostri,
3369 2295 3505 2336 eum
3550 2279 3837 2335 innovate.

2173 2377 2351 2434 fuerit
2373 2379 2508 2450 post
2536 2375 2788 2430 ruinam.

2174 2469 2207 2522 4
2316 2468 2466 2537 Quia
2489 2469 2820 2538 prwceptum
2854 2463 2913 2516 in
2935 2459 3106 2516 Israel
3135 2465 3214 2515 est
3236 2477 3254 2512 :

2321 2559 2384 2611 Et
2403 2554 2680 2626 judicium
2710 2555 2822 2607 Deo
2849 2550 3032 2606 Iacob.

2246 2645 2288 2700 C
2318 2643 2514 2711 Israel,
2541 2641 2796 2714 pepulus
2817 2637 3176 2706 electus,fide
3195 2634 3436 2692 veniens
3459 2635 3838 2704 Deum;idem

2176 2737 2234 2790 et
2259 2734 2292 2790 J
2299 2733 2572 2804 acob,pro
2577 2734 2704 2803 pter
2724 2733 3032 2800 utramque
3047 2725 3272 2799 plebem
3284 2741 3371 2792 ,ex
3383 2723 3842 2780 circumcisione

2174 2823 2502 2878 venientem
2551 2823 2608 2876 et
2653 2817 2957 2890 praeputio.
2990 2815 3256 2871 Christus
3305 2813 3462 2869 enim
3509 2816 3844 2886 utrumque

2177 2911 2334 2980 fecit,
2366 2913 2423 2966 et
2450 2909 2639 2982 legem
2670 2905 2849 2972 dedit,
2883 2907 2939 2961 et
2959 2902 3254 2976 judicium
3285 2902 3547 2958 futurum
3581 2919 3700 2958 sua:
3732 2919 3844 2976 po-

2179 3000 2408 3057 testatis
2438 2995 2714 3053 innotuit.

2177 3089 2214 3144 5
2327 3086 2710 3144 Testimonium
2759 3083 2819 3138 in
2866 3081 3066 3152 Joseph
3107 3079 3291 3152 posuit
3328 3085 3384 3146 σ-ξη
3447 3079 3592 3135 illud
3631 3085 3646 3145 ζ
3705 3094 3844 3136 cum

2395 3177 2572 3232 exiret
2598 3174 2662 3230 de
2691 3179 2837 3229 terra
2865 3170 3090 3243 Egypii
3117 3187 3134 3223 :

2320 3267 2596 3333 Linguam
2624 3278 2786 3334 quam
2816 3276 2927 3316 non
2949 3261 3179 3315 noverat
3206 3256 3435 3313 audivit.

2251 3354 2292 3410 C
2319 3353 2536 3426 Joseph
2557 3351 2974 3424 interpretatur
2987 3345 3559 3420 augmentatio;cujus
3574 3343 3845 3402 nominis

2181 3441 2578 3516 interpretatio
2609 3438 3015 3496 testimonium
3041 3440 3130 3492 est
3154 3435 3375 3492 Hebraei
3399 3434 3732 3508 populi,qui
3765 3435 3845 3491 de

2180 3537 2336 3588 terra
2357 3529 2582 3604 .Egypti
2616 3527 3037 3600 multiplicatus
3066 3524 3253 3581 exivit.
3292 3525 3364 3580 Et
3411 3524 3565 3580 sicut
3593 3522 3693 3580 ille
3721 3539 3841 3597 per

2181 3619 2361 3678 maris
2374 3619 2588 3676 Rubris
2639 3617 2830 3673 undas
2857 3617 3080 3688 ejectus
3108 3613 3307 3684 est,sic
3336 3613 3850 3686 nosaterraIEgy-

2182 3709 2286 3782 pti,
2321 3709 2380 3763 id
2411 3712 2516 3778 est,
2551 3724 2585 3762 a
2609 3705 2769 3762 vitiis
2798 3704 3135 3762 carnalibus
3160 3701 3847 3774 absoluti,regenerante

2184 3802 2388 3855 sancta
2417 3796 2595 3864 unda,
2629 3793 3016 3852 renascimur.
3047 3793 3119 3848 Et
3150 3792 3305 3848 sicut
3339 3789 3482 3846 illud
3533 3805 3697 3844 mare
3731 3788 3856 3845 fuit

2185 3887 2451 3955 rubrum,
2485 3885 2567 3940 ita
2595 3901 2750 3957 aqua
2777 3881 3054 3956 baptismi
3086 3883 3240 3952 (quae
3271 3897 3406 3936 cum
3447 3875 3738 3951 sanguine
3773 3877 3851 3934 de

2186 3975 2365 4032 latere
2413 3973 2628 4030 Christi
2679 3971 2972 4046 proﬂuxit)
3023 3971 3205 4027 rubra
3249 3973 3439 4042 potest
3483 3967 3848 4040 nuncupari.

2185 4063 2423 4121 Audivit
2451 4063 2738 4135 linguam,
2772 4061 2819 4116 H
2849 4062 2889 4117 C
2940 4061 2998 4115 id
3039 4064 3128 4116 est
3159 4062 3450 4132 praecepta
3476 4055 3842 4130 evangelica,

2189 4171 2317 4227 qua:
2351 4153 2515 4225 prius
2537 4168 2652 4206 non
2687 4149 2864 4206 novit.

2187 4245 2222 4298 6
2331 4243 2564 4298 Diverlit
2590 4241 2658 4296 ab
2689 4239 2946 4296 oneribus
2974 4237 3195 4294 dorsum
3223 4236 3343 4309 ejus
3372 4257 3391 4291 .-

2331 4333 2520 4388 Manus
2550 4330 2666 4402 ejus
2697 4331 2758 4384 in
2784 4329 3014 4400 cophino
3042 4327 3370 4383 servierunt.

2261 4420 2302 4476 C
2330 4419 2550 4477 Evertit
2577 4419 2732 4474 Deus
2762 4435 2795 4474 a
2827 4417 3000 4473 dorso
3031 4414 3702 4472 Christianorum‘onera
3723 4428 3861 4486 pec-

499 4535 542 4592 c
571 4533 1092 4608 Prophetaﬁdeles
1125 4503 1400 4591 amona
1431 4539 1497 4590 ut
1526 4533 1898 4591 multimodis
1941 4532 2091 4592 voci-
2125 4536 2172 4602 ι)
2203 4515 2486 4608 Quonim,
2519 4507 2754 4608 quando
2787 4504 2937 4562 felici
2986 4503 3320 4608 humilitate}
3369 4505 3858 4608 ρνοειθνιιιωιιιξο

427 4623 540 4680 bus
570 4593 756 4681 Dedm
793 4622 1196 4695 magniﬁcent,
1227 4627 1285 4678 et
1313 4639 1386 4678 ne
1418 4623 1733 4695 quisquam
1782 4621 1958 4690 idola,
1989 4623 2091 4679 sed
2125 4593 2166 4602 -
2203 4599 2497 4695 C_°_Ph_in°‘3
2525 4596 2798 4695 (ξίξδίωυετ
2829 4611 2935 4693 Pef'
2963 4610 3110 4695 (ζυοε
3153 4593 3416 4695 ξοπάξυίη
3461 4593 3864 4695 ριξνεαωθξιια

428 4711 625 4770 solum
655 4712 841 4769 Deum
875 4711 1094 4768 adoret.

2201 4686 2752 4761 abjicimus.Manus
2783 4683 2842 4738 in
2873 4683 2960 4739 eis
2987 4680 3320 4754 tenent,qui
3343 4683 3722 4754 peccatorum
3755 4679 3871 4734 im-

714 4767 896 4874 ᾖηεηι
950 4816 1052 4873 pro
1111 4801 1478 4874 ιοτρτιιανίδας
1552 4799 1732 4872 Amph
1783 4806 1838 4867 ξ,
1911 4799 2093 4872 quin“
2199 4774 2507 4874 munditiis
2537 4775 2916 4874 occupantur.
2948 4771 3032 4828 Ab
3199 4769 3483 4870 servitute
3505 4767 3866 4837 liberamur,

1082 4871 1314 4928 Sabbati
1357 4878 1370 4938 ζ
1418 4912 1432 4926 .

503 4963 545 5019 C
575 4961 824 5020 Intentio
855 4959 1012 5018 tituli
1044 4963 1134 5017 est
1163 4963 1248 5026 ut,
1282 4959 1342 5015 in
1373 4960 1572 5029 ﬁnem,
1605 4958 1903 5016 Christum
1935 4957 2087 5015 dssi-

433 5053 604 5121 gnet;
638 5067 742 5122 pro
775 5048 1186 5116 torcularibus,
1221 5047 1568 5114 Ecclesium;
1602 5047 1822 5121 Asaph,
1853 5064 2090 5121 congre-

429 5135 724 5209 gationem
756 5137 1056 5206 fidelium;
1090 5136 1295 5210 quinta
1326 5137 2087 5210 Sabbati,baptizatos,nam

429 5223 637 5298 quinta
667 5222 758 5279 die
787 5239 855 5279 ex
884 5223 1053 5296 aquis
1084 5225 1238 5280 Deus
1270 5225 1594 5282 animantia
1629 5225 1783 5297 fecit,
1803 5229 1862 5280 et
1893 5225 1951 5280 in
1985 5225 2084 5280 ba-

429 5311 650 5385 ptismo
681 5328 867 5368 novus
899 5311 1077 5368 homo
1107 5317 1438 5384 generatur.

429 5402 456 5457 1
571 5399 855 5457 Exsultate
879 5401 985 5456 Deo
1015 5398 1255 5472 adjutori
1283 5410 1470 5458 nostro
1505 5421 1518 5458 :

572 5489 814 5546 lubilate
844 5491 954 5544 Deo
971 5487 1155 5544 Iacob.

499 5577 541 5634 C
568 5573 764 5652 Asaph
797 5575 928 5645 iste,
961 5591 1138 5650 quem
1185 5592 1339 5649 smpe
1387 5551 1645 5636 diximus
1698 5594 2080 5655 synagogam,

2199 4865 2431 4942 quando
2460 4862 2653 4922 scelus
2681 4864 2946 4918 nostrum
2977 4858 3248 4916 sordibus
3268 4857 3592 4931 expiamur.

2195 4957 2232 5010 7
2339 4956 2402 5010 In
2429 4951 2792 5008 tribulatione
2821 4949 3087 5005 invocasti
3108 4963 3200 5003 me
3228 4955 3280 5003 et
3311 4947 3550 5003 liberavi
3577 4951 3629 5001 te
3649 4962 3670 4998 :
3690 4959 3872 5000 mu-

2408 5043 2526 5098 divi
2554 5045 2604 5096 te
2637 5041 2700 5095 in
2729 5037 3040 5094 abscondito
3071 5037 3405 5108 tempestatis
3436 5053 3456 5091 :

2339 5131 2576 5188 Probavi
2615 5137 2665 5184 te
2693 5127 2838 5200 apud
2868 5143 3070 5200 aquam
3099 5124 3572 5182 contradictionis.
3603 5122 3867 5193 DiapsaL

2267 5221 2312 5276 II
2344 5220 2384 5276 C
2413 5219 2580 5274 Nunc
2611 5215 3006 5272 introducitur
3045 5231 3298 5288 persona
3345 5213 3448 5269 Dei
3501 5211 3755 5284 loquens
3785 5210 3870 5266 ad

2195 5305 2550 5384 populum.C
2564 5305 2692 5377 Ipse
2709 5303 2862 5360 enim
2881 5321 2989 5360 nos
3009 5304 3081 5359 de
3094 5299 3472 5360 tribulatione
3489 5295 3874 5368 liherat;ipse

2195 5400 2254 5456 in
2285 5395 2625 5454 abscondito
2659 5392 2996 5465 angustiam
3027 5395 3238 5448 nostra:
3268 5387 3637 5462 tempestatis
3667 5401 3864 5442 exau-

2193 5488 2280 5544 dit
2311 5505 2324 5544 :
2358 5487 2456 5542 sed
2491 5483 2700 5558 probat
2730 5498 2837 5538 nos
2869 5482 2926 5537 in
2957 5477 3518 5538 contradictionibus
3541 5474 3862 5533 baretico-

2196 5574 2456 5648 rum,qui
2484 5571 2844 5643 resistentes,
2879 5574 2936 5628 et
2967 5569 3330 5628 voluntatem
3377 5566 3696 5626 electorum
3727 5579 3881 5624 mu-
