4054 6168
235 287 345 352 309
1431 292 1841 356 EXPOSITIO
1886 292 2393 361 PSALMORUM.
3503 295 3626 368 310

3602 356 3635 393 7.

234 433 349 487 tare
367 428 652 497 conantes,
676 422 834 485 velut
856 425 1011 485 venti
1034 426 1240 485 ﬂantes
1262 429 1517 485 mentem
1541 428 1858 486 concitant.
1888 428 1945 497 Α
1972 428 2084 487 bus
2108 430 2194 488 vel
2225 431 2383 489 vitiis
2417 449 2430 490 :
2464 431 2565 490 sed
2596 435 2791 492 tamen
2822 435 2877 492 et
2895 432 3091 509 justos
3126 432 3476 510 quandoque
3495 438 3623 494 ten-

232 520 263 575 8
361 519 515 584 Audi,
543 519 779 590 populus
812 535 981 586 meus,
1010 526 1062 576 et
1100 518 1437 575 contestabor
1483 523 1553 585 te,
1587 520 1777 589 Israel,
1808 522 1858 576 si
1970 521 2081 577 tari
2112 522 2275 577 sinit.
2311 524 2422 579 Sed
2445 524 2643 595 justos
2675 524 2757 581 sic
2796 527 3007 582 tentari
3037 527 3274 599 patitur,
3296 532 3359 583 ut
3388 545 3501 584 non
3524 528 3624 585 de-

426 623 506 663 me
532 607 795 663 audieris.
827 609 945 663 Non
972 610 1083 663 erit
1108 610 1168 663 in
1197 616 1248 664 te
1274 608 1414 665 Deus
1444 624 1624 664 recens
1656 626 1673 663 :
1965 615 2121 667 serat
2156 630 2168 667 :
2204 611 2417 684 impios
2449 616 2645 669 autem
2678 615 2945 671 tributari
2978 617 3285 688 permittit,
3324 621 3389 673 ut
3434 632 3497 673 se
3547 617 3621 673 ab

353 697 523 768 Neque
552 695 810 751 adorabis
840 701 1016 752 Deum
1042 698 1308 753 alienum.
1961 700 2046 756 eis
2081 701 2287 757 reddat
2319 702 2597 758 alienum.

282 789 319 841 C
339 786 463 859 Ipse
481 789 569 842 est
589 783 845 857 populus
858 785 1437 858 Dei,quinescitcum
1460 785 1631 841 malis
1656 786 1853 859 aliqua
1964 791 2028 844 14
2101 792 2323 846 Inimici
2351 793 2571 849 Domini
2600 796 2817 850 mentiti
2845 802 2974 850 sunt
3002 798 3057 851 ei
3084 812 3104 852 :

223 874 481 931 mistione
501 890 730 929 morum
753 874 1438 931 confundi.Testiﬁcatur
1459 880 1653 931 autem
1674 876 1849 945 Deus,
2102 880 2167 934 Et
2196 883 2300 936 erit
2331 889 2537 953 tempus
2566 900 2755 939 eorum
2784 886 2845 939 in
2872 868 3098 941 saecula.

218 963 505 1037 quandoin
527 963 959 1036 futurojudicio
974 964 1528 1034 unicuiquedederit
1551 982 1655 1037 pro
1676 966 1852 1021 facto-
2029 969 2069 1024 C
2105 969 2470 1025 Mentiuntur
2498 972 2655 1027 enim
2688 973 2787 1044 qui
2821 990 2883 1029 se
2915 975 3084 1030 bonis
3114 974 3615 1047 promissionibus

220 1070 336 1110 rum
368 1070 606 1109 suorum
636 1053 919 1125 qualitate
941 1054 1289 1109 sententiam
1312 1054 1519 1125 (Matth.
1542 1054 1849 1124 xv:).Dixit
1958 1058 2305 1131 obligantes,
2338 1059 2397 1114 in
2432 1062 2722 1132 pessimos
2748 1062 2959 1117 iterum
2992 1064 3336 1120 relabuntur
3365 1081 3609 1122 errores.

219 1159 433 1215 quoque
464 1162 478 1199 :
511 1144 636 1198 Non
668 1142 780 1198 erit
826 1142 883 1199 in
932 1147 989 1198 te
1035 1143 1189 1199 Deus
1233 1158 1452 1211 recens,
1487 1161 1558 1200 ne
1589 1143 1844 1199 Verbum
1953 1148 2192 1203 Addidit
2226 1167 2238 1203 :
2270 1148 2327 1203 in
2362 1156 2641 1205 aeternum
2704 1151 2810 1206 erit
2858 1157 3089 1225 tempus
3137 1170 3361 1221 eorum,
3393 1153 3617 1210 scilicet

215 1231 384 1287 Patris
400 1229 713 1304 quisquam
739 1235 967 1304 putaret
986 1249 1114 1289 esse
1140 1232 1252 1287 sub
1274 1234 1845 1304 tempore.Quoniam
1954 1237 2555 1309 punitionis,quaudo
2588 1238 2703 1293 illis
2734 1240 2951 1295 dicitur
2983 1242 3099 1297 :Itc
3132 1242 3188 1296 in
3222 1242 3417 1315 ignem
3448 1248 3610 1298 aeter-

214 1323 323 1395 ipse
351 1324 439 1377 est
466 1320 566 1393 qui
589 1325 724 1376 ante
744 1336 918 1377 omne
940 1320 1292 1393 principium
1315 1321 1550 1394 genitus
1569 1322 1638 1376 de
1657 1322 1844 1377 Patris
1955 1342 2096 1380 num
2127 1328 2345 1398 (Matth.
2380 1328 2531 1399 xxv).
2568 1328 2613 1382 ΙΙ
2664 1328 2891 1383 Inimici
2936 1328 3032 1384 isti
3076 1330 3259 1385 Judmi
3306 1336 3466 1397 sunt,
3502 1333 3601 1403 qui

212 1410 541 1477 substantia,
575 1409 785 1481 aequali
815 1427 952 1465 cum
996 1427 1065 1466 eo
1113 1409 1503 1465 coaeternitate
1552 1409 1839 1465 consistit.
1955 1415 2184 1470 mentiti
2212 1419 2372 1483 sunt,
2398 1415 2455 1470 id
2488 1420 2576 1470 est
2621 1422 2981 1487 negaverunt
3012 1419 3347 1474 Dominum.
3383 1420 3451 1475 Et
3499 1421 3611 1475 erit

208 1502 305 1558 Nec
331 1499 889 1570 adorabis,ostendit
921 1503 985 1555 ut
1005 1515 1151 1572 pene
1182 1516 1288 1571 par
1319 1499 1396 1553 sit
1425 1498 1843 1567 scelus,recen-
1952 1507 2189 1576 tempus
2221 1504 2616 1560 conversionis
2648 1522 2849 1561 eorum
2882 1506 2941 1562 in
2964 1506 3197 1571 saecula,
3233 1508 3290 1563 id
3311 1512 3400 1564 est
3431 1508 3608 1564 linem

209 1595 310 1647 tem
335 1590 519 1646 Deum
552 1592 778 1661 putare,
804 1594 861 1644 et
890 1587 1158 1644 nefandis
1189 1586 1360 1643 idolis
1392 1588 1627 1643 servire.
1952 1592 2169 1661 saeculi,
2206 1594 2440 1665 quando
2471 1592 2664 1650 omnis
2695 1594 2875 1651 Israel
2904 1594 3246 1652 salvabitur.

208 1681 239 1734 9
331 1681 450 1749 Ego
495 1684 552 1744 νέα
576 1680 726 1734 enim
766 1685 779 1744 ζ
822 1694 946 1733 sum
962 1679 1227 1733 Dominus
1247 1679 1387 1732 Deus
1412 1685 1535 1732 tuus
1560 1677 1845 1750 quiedieri
1951 1683 2019 1738 15
2092 1685 2158 1738 Et
2184 1684 2387 1739 cibavit
2422 1683 2548 1737 illos
2578 1700 2647 1738 ex
2678 1683 2838 1756 adipe
2866 1685 3134 1755 frumenti
3162 1704 3179 1738 :

396 1777 449 1869 te
474 1768 541 1825 de
570 1772 719 1823 terra
748 1768 975 1868 χερειρίιί
1088 1857 1098 1869 Ι
1299 1856 1311 1869 ¹
1873 1804 1921 1869 Β
2092 1775 2167 1827 Et
2197 1772 2261 1827 de
2286 1780 2443 1843 petra
2468 1773 2629 1828 melle
2654 1775 2928 1828 saturavit
2950 1790 3060 1830 eos.

332 1859 527 1914 Dilata
555 1874 614 1913 os
642 1865 799 1914 tuum
826 1861 880 1912 et
910 1856 1142 1929 implebo
1170 1856 1330 1911 illud.
1873 1856 1921 1869 ”
2023 1862 2064 1917 C
2092 1861 2283 1932 Adeps
2341 1860 2640 1927 frumenti,
2701 1866 3136 1917 sacramentum
3192 1866 3282 1917 est
3345 1863 3609 1935 corporis

266 1951 303 2005 C
325 1950 438 2022 Ego
471 1948 619 2020 ipse,
639 1946 738 2019 qui
762 1946 989 2002 dudum
1017 1946 1191 2002 eduxi
1222 1949 1277 2001 te
1308 1946 1378 2000 de
1409 1949 1564 2000 terra
1590 1945 1839 2018 .‘Egypti,
1952 1949 2187 2005 Christi.
2212 1949 2358 2015 Quid
2402 1949 2559 2004 enim
2616 1950 2795 2021 adeps
2818 1950 2877 2004 in
2910 1950 3199 2005 frumento
3243 1950 3459 2023 signat,
3495 1951 3607 2007 uisi

211 2054 346 2094 nunc
372 2036 587 2094 adveni
619 2050 722 2108 per
745 2035 1063 2107 potentiam
1087 2034 1366 2101 carnis,et
1394 2034 1578 2089 educo
1599 2034 1668 2089 de
1688 2038 1843 2090 terra
1952 2038 2316 2094 divinitatem
2348 2037 2407 2092 in
2440 2038 2657 2093 carne?
2685 2042 2874 2105 Petra,
2891 2037 3188 2106 Christus;
3216 2037 3607 2105 mel,dulcedo

211 2127 434 2201 iﬁgypti,
454 2126 693 2199 quando
714 2118 818 2197 per
847 2121 1304 2196 regenerationis
1332 2122 1602 2195 gratiam,
1637 2140 1671 2177 a
1710 2139 1841 2195 pcc-
1951 2126 2158 2200 ipsius,
2193 2144 2226 2181 a
2255 2143 2369 2198 quo
2400 2143 2603 2181 omnes
2632 2127 2933 2183 credentes
2963 2126 3374 2199 praedicatione
3405 2131 3610 2182 sancta

210 2216 333 2275 catis
363 2214 682 2272 teterrimis
710 2213 970 2269 liberabo
991 2216 1067 2268 te.
1101 2211 1290 2267 Dilata
1312 2211 1470 2281 os,id
1493 2211 1844 2286 est,divulga
1952 2216 2269 2283 satiantur;
2304 2215 2405 2271 sed
2432 2215 2637 2287 perﬁdi
2659 2215 2849 2285 jejuni
2919 2215 3176 2281 fuerunt,
3210 2215 3307 2287 qui
3359 2216 3608 2271 auribus

210 2310 259 2363 et
281 2302 960 2371 dissemina,contitendo
988 2301 1077 2357 vel
1108 2301 1475 2356 admonendo
1507 2318 1633 2373 qua;
1665 2300 1845 2373 digna
1952 2305 2302 2379 aggravatis,
2337 2304 2564 2359 Christo
2611 2304 2890 2359 obaudire
2940 2304 3271 2361 noluerunt.
3302 2305 3387 2359 Acl
3442 2304 3603 2360 litte-

218 2393 643 2450 suntauditu.H
668 2392 769 2448 Vis
784 2392 1087 2447 comedere
1104 2390 1415 2446 Dominum
1439 2390 1620 2446 Deum
1636 2390 1847 2445 tuum?
1954 2411 2080 2451 ram
2117 2411 2130 2449 :
2164 2393 2376 2449 cibavit
2406 2410 2505 2448 eos
2537 2410 2774 2449 manna.

215 2484 374 2541 dilata
402 2501 477 2540 os
506 2487 711 2549 tuum;
742 2480 870 2553 ipse
899 2480 1167 2536 hortatur
1194 2496 1301 2534 nos
1322 2482 1389 2535 ut
1416 2496 1551 2535 cum
1574 2479 1845 2535 comeda-
2417 2518 2620 2557 ORATIO
2659 2519 2727 2555 εκ
2768 2518 2931 2557 pSAL.
2983 2516 3144 2556 LXXX.

214 2592 349 2630 mus.
379 2576 683 2640 Quantum
708 2570 885 2643 igitur
900 2569 1490 2639 dilataveris,tantum
1508 2568 1845 2640 accipies.Si

212 2663 473 2727 volucris,
504 2665 698 2717 totum
719 2658 999 2731 accipies;
1028 2658 1076 2714 si
1111 2656 1390 2726 nolueris,
1419 2657 1625 2714 saltem
1649 2657 1846 2730 accipe

212 2756 438 2825 partem.
480 2751 696 2806 Totum
728 2746 960 2819 accipit,
986 2746 1085 2819 qui
1113 2746 1313 2802 omnia
1336 2750 1572 2818 propter
1595 2762 1731 2802 eum
1766 2762 1850 2801 re-

210 2840 492 2914 linquens,
524 2837 794 2909 sequitur
821 2851 977 2891 eum.

2027 2608 2237 2675 Dilata,
2262 2607 2526 2676 Domine,
2543 2607 2875 2680 supplicum
2898 2625 3017 2674 ora,
3034 2609 3106 2663 ad
3137 2607 3608 2664 annuntiandum

1955 2699 2202 2775 gloriam
2236 2698 2793 2771 tuam,ut.’Egyptiis
2824 2697 3098 2770 operibus
3129 2701 3450 2753 retrorsum
3480 2697 3607 2753 reli-

1956 2790 2089 2858 ctis,
2120 2787 2377 2843 nominis
2409 2786 2492 2841 tui
2525 2787 2891 2843 confessione
2936 2787 3221 2842 lam-mur.
3256 2788 3363 2843 Per
3408 2787 3605 2842 Domi-

211 2875 492 2914 "‘“P‘W‘”
524 2875 782 2909 °°““'““
821 2875 977 2891 "““"
1957 2896 2099 2934 num
2131 2880 2401 2932 nostrum
2431 2876 2635 2931 Jesum
2667 2875 2965 2932 Christum
3023 2880 3132 2931 etc.

210 2930 267 2986 to
330 2932 393 2987 Et
418 2945 541 2985 non
570 2926 784 2983 audivit
809 2923 1045 2997 populus
1072 2940 1225 2980 meus
1254 2939 1434 2980 vocem
1460 2940 1638 2980 meam
1668 2943 1686 2978 :
2482 2982 2557 2997 Μ
2579 2983 2593 2997 ι
2614 2983 2636 2997 τ
2659 2982 2801 2997 mm
2856 2983 2878 2997 ,
2902 2919 3065 2997 m’m,

329 2982 391 3075 Et
418 2982 596 3075 itm:
626 3032 738 3072 non
766 2982 1001 3071 intendit
1026 3014 1187 3069 mihi.
1790 3047 1813 3061 .
2480 2982 2805 3038 PSALMUS
2856 2982 3086 3038 LXXXI.

267 3108 458 3165 CNon
510 3104 737 3162 audivit
785 3101 1038 3177 populus
1084 3102 1442 3171 Judaeorum,
1475 3103 1575 3175 qui
1620 3101 1845 3158 Christo
1894 3174 1922 3177 μ
2372 3105 2760 3145 ARGUMENTUM
2800 3106 2959 3144 PSAL.
3001 3106 3181 3144 LXXXI.

212 3197 335 3256 Filio
381 3197 487 3254 Dei
543 3174 1008 3251 credere—nobis.
1041 3192 1087 3247 ιι
1119 3192 1237 3264 Ego
1283 3196 1372 3247 sto
1420 3174 1509 3247 aa
1537 3191 1754 3247 ostium
1785 3195 1843 3247 et
1880 3174 1923 3241 C
2022 3204 2062 3257 ρ
2092 3198 2378 3271 Propheta
2436 3201 2640 3251 contra
2680 3195 3025 3251 Judasos‘de
3083 3194 3294 3250 Christi
3346 3195 3597 3251 adventu

213 3288 357 3359 pulso
386 3288 581 3360 (Apoc.
616 3283 701 3354 ιιι)
736 3300 749 3338 :
783 3280 911 3338 volo
943 3284 1010 3336 ut
1058 3280 1306 3353 aperias,
1337 3285 1395 3336 et
1440 3279 1754 3353 ingrediar,
1788 3284 1845 3336 et

1979 3290 2231 3363 oquitur,
2264 3302 2511 3341 monens
2544 3289 2607 3339 ut
2636 3282 2965 3355 intelligant
2994 3283 3189 3357 ipsum
3229 3300 3357 3340 esse
3400 3282 3600 3339 Chris-

213 3377 411 3449 aperire
444 3392 570 3431 nun
591 3372 697 3428 vis.
1951 3386 2100 3447 tum,
2132 3376 2231 3450 qui
2265 3376 2323 3431 in
2351 3374 2756 3447 assumptione
2785 3373 2976 3429 carnis
3015 3390 3236 3446 pauper
3281 3390 3409 3430 esse
3438 3372 3599 3429 vide-

212 3467 263 3521 tt
333 3468 395 3522 Et
418 3464 622 3520 dimisi
649 3478 742 3518 eos
769 3459 1065 3517 secundum
1093 3458 1365 3515 desideria
1400 3459 1577 3515 cordis
1607 3475 1794 3516 eorum
1826 3479 1844 3516 :
1954 3471 2145 3526 batur,

331 3556 494 3610 Ibunt
526 3554 590 3608 in
614 3550 1095 3606 adinventionibus
1127 3549 1256 3605 suis.
2470 3552 2582 3607 TT.
2617 3554 2871 3607 Psalmus
2901 3552 3098 3623 Asaph.

269 3644 306 3698 C
334 3640 621 3715 Sequitur
649 3637 794 3694 ultio
818 3637 997 3710 digna
1027 3636 1364 3709 peccatoris.
1398 3637 1522 3692 Non
1553 3637 1707 3693 cnim
1758 3638 1845 3693 di-
2026 3650 2065 3700 C
2094 3643 2287 3716 Asaph
2309 3643 2508 3715 (quem
2542 3659 2643 3713 pro
2671 3641 3096 3712 signiﬁcatione
3126 3640 3215 3695 sui
3270 3638 3604 3696 nominisin

212 3732 441 3787 mittitur
468 3727 825 3802 impunitus,
858 3726 958 3799 qui
991 3744 1026 3781 a
1058 3726 1284 3782 Domini
1316 3726 1652 3783 defensione
1683 3728 1846 3783 dese-

1984 3735 2127 3791 itulo
2145 3735 2374 3789 constat
2404 3730 2763 3803 appositum)
2794 3734 2997 3784 contra
3026 3730 3282 3797 Judzeos,
3307 3730 3380 3785 de
3401 3728 3613 3784 Christi

212 3822 356 3877 ritur.
387 3821 546 3888 Quia
575 3817 863 3873 malorum
898 3816 1162 3871 omnium
1195 3814 1505 3871 retributio
1538 3819 1647 3885 est,
1685 3820 1849 3872 tanta
1958 3827 2228 3889 adventu,
2265 3838 2365 3894 per
2394 3824 2578 3876 totum
2613 3818 2875 3890 loquitur
2917 3817 3236 3890 psalmum,
3272 3834 3520 3873 monens
3551 3823 3619 3873 ut

211 3909 448 3966 bonitate
480 3904 766 3963 fraudari.
801 3906 972 3960 Putat
1000 3904 1156 3960 enim
1188 3908 1457 3976 peccator
1485 3921 1671 3977 genus
1720 3921 1848 3963 esse
1956 3912 2289 3984 intelligant
2319 3910 2514 3980 ipsum
2546 3924 2674 3962 esse
2705 3906 3022 3976 Christum,
3059 3906 3160 3978 qui
3210 3905 3618 3978 assumptione

212 3998 479 4069 beneﬁcii,
516 3996 567 4052 si
600 3994 727 4051 suis
764 3992 1164 4066 voluptatibus
1210 3993 1566 4065 permittitur
1610 3994 1848 4066 expleri,
1960 4000 2153 4059 carnis
2183 4015 2408 4072 pauper
2436 4013 2566 4052 esse
2596 3996 2926 4051 videbatur.

214 4088 398 4143 cumin
426 4102 666 4160 pcenam
688 4099 890 4139 eorum
905 4081 1851 4153 dicatApostolus:Tradiditilios
1962 4092 1988 4145 1
2104 4089 2241 4142 Deus
2268 4086 2418 4139 stetit
2452 4086 2507 4139 in
2538 4098 2820 4155 synagoga
2845 4083 3075 4138 deorum
3112 4099 3125 4136 :

212 4175 349 4232 Deus
394 4176 456 4231 in
511 4170 1023 4245 concupiscentias
1071 4170 1266 4226 cordis
1315 4186 1517 4226 eorum
1551 4173 1724 4243 (Rom.
1758 4172 1849 4244 II).
2103 4178 2163 4231 In
2195 4161 2371 4230 medio
2426 4177 2481 4237 ο-ξ-
2508 4172 2631 4227 deos
2662 4170 2952 4242 dijudicat.

215 4264 253 4319 Η
281 4264 480 4322 Infelix
516 4262 617 4337 qui
672 4279 707 4317 a
747 4262 862 4317 Deo
913 4277 1027 4316 non
1078 4259 1404 4333 corripitur.
1442 4259 1500 4316 Si
1548 4261 1681 4333 quis
1721 4278 1853 4333 pec-
2033 4266 2074 4321 C
2105 4265 2186 4320 De
2207 4259 2492 4334 corporali
2516 4261 2634 4315 situ
2660 4259 3051 4314 humanitatis
3073 4258 3290 4314 Christi
3337 4259 3617 4331 loquitur.

213 4368 338 4409 cans
367 4372 485 4410 non
516 4351 856 4425 percutitur,
892 4349 1003 4404 iste
1055 4348 1234 4405 miser
1281 4353 1400 4413 est;
1435 4349 1563 4405 ideo
1614 4355 1670 4405 et
1722 4350 1855 4408 illos
1962 4356 2111 4411 Nam
2160 4369 2276 4407 non
2329 4354 2521 4422 potest
2571 4348 2686 4403 dici
2739 4365 2774 4403 a
2815 4352 3024 4402 natura
3065 4348 3321 4416 deitatis,
3353 4352 3508 4404 stare
3532 4347 3621 4404 vel

215 4442 440 4510 dimisit,
476 4441 622 4514 quia
678 4456 829 4511 saepe
889 4438 1174 4511 percussi,
1208 4442 1264 4494 et
1306 4437 1677 4511 disciplinam
1736 4457 1853 4496 non
1962 4444 2190 4508 Sedere,
2218 4439 2319 4512 qui
2353 4437 2513 4493 nulla
2547 4436 2653 4492 loci
2702 4436 3187 4492 determinatione
3234 4437 3620 4494 concluditur.

217 4535 572 4605 receperunt.
1884 4535 1931 4599 Ι)
1975 4530 2145 4588 Addit
2174 4529 2348 4585 etiam
2377 4528 2642 4591 deorum,
2678 4530 2743 4581 ut
2789 4525 3117 4582 evidentius
3164 4528 3237 4583 de
3282 4526 3623 4585 hominibus

216 4622 277 4674 12
342 4624 409 4678 Si
430 4620 673 4695 papulas
702 4633 852 4674 meus
882 4616 1121 4673 audisset
1145 4633 1233 4671 me
1262 4636 1281 4671 :
1973 4622 2193 4677 dictum
2218 4618 2565 4684 advertores,
2582 4616 2736 4672 inter
2757 4633 2905 4688 quos
2927 4616 3305 4689 corporaliter
3326 4616 3626 4673 habitasse

340 4709 508 4765 Israel
536 4709 588 4763 si
617 4709 675 4762 in
705 4707 811 4762 viis
840 4707 976 4763 meis
1005 4705 1355 4760 ατηῦυιαεςδειο
1969 4708 2344 4782 cognoscitur
2365 4704 2653 4762 Christus.
2679 4705 2724 4760 Η
2753 4706 2901 4762 Deos
2923 4705 3178 4778 appellat
3198 4722 3403 4761 omnes
3434 4704 3630 4777 praesi-

276 4797 317 4851 B
345 4798 479 4854 Ideo
510 4812 687 4852 suum
719 4794 865 4851 dixit
888 4793 1195 4868 populum,
1227 4792 1326 4865 qui
1358 4793 1407 4848 ei
1457 4791 1645 4866 legem
1699 4795 1859 4851 dedit
1969 4800 2073 4855 des
2106 4795 2524 4860 Ecclesiarum,
2549 4810 2697 4866 quos
2729 4794 2883 4850 Deus
2914 4794 3155 4850 deorum
3188 4810 3301 4848 non
3336 4809 3438 4863 per
3457 4792 3624 4858 alios,

217 4890 267 4941 et
294 4885 575 4942 miracula
603 4900 820 4956 magna
851 4882 1215 4949 monstravit,
1246 4887 1311 4936 ut
1349 4880 1521 4954 culpa
1551 4888 1853 4952 cresceret,
1966 4888 2067 4944 sed
2100 4904 2202 4959 per
2230 4884 2613 4955 semetipsum
2647 4882 2928 4937 discernit
2956 4899 3021 4937 ac
3044 4879 3351 4951 judicat.C
3374 4879 3472 4934 Vel
3495 4896 3628 4952 apo-

217 4990 339 5031 cum
367 4976 425 5030 in
459 4990 594 5031 eum
625 4972 794 5045 plebs
823 4971 1009 5028 electa
1036 4976 1355 5044 peccasset,
1376 4970 1479 5026 Ille
1510 4975 1707 5027 autem
1724 4990 1855 5027 am-
1967 4975 2147 5033 stolos
2176 4978 2233 5030 et
2254 4976 2451 5044 justos
2484 4970 2625 5026 dicit
2655 4971 2815 5039 deos,
2849 4986 2998 5040 quos
3028 4974 3181 5024 Deus
3223 4968 3531 5039 dijudicat,
3564 4964 3625 5023 id

218 5060 368 5120 bulat
388 5064 447 5119 in
476 5062 589 5118 viis
618 5062 769 5134 ejus,
804 5060 905 5133 qui
939 5059 1234 5116 mandatis
1264 5060 1391 5130 ejus
1423 5076 1539 5114 non
1571 5061 1860 5131 reperitur
1966 5069 2056 5120 est
2087 5061 2371 5118 discernit
2400 5060 2472 5115 ab
2505 5059 2656 5114 aliis.
2692 5059 2947 5113 Possunt
2976 5062 3033 5113 et
3056 5055 3250 5130 angeli
3282 5056 3363 5112 dii
3394 5056 3529 5112 dici.

218 5152 505 5209 adversus.
1965 5156 2000 5207 2
2113 5153 2390 5222 Usquequo
2411 5148 2679 5219 judicatis
2712 5148 3061 5217 iniquitatem
3091 5164 3109 5201 :

222 5241 279 5295 13
346 5247 458 5297 Pro
484 5242 664 5297 nihilo
692 5241 927 5311 forsitan
957 5240 1213 5293 inimicos
1234 5253 1423 5293 eorum
1448 5238 1853 5295 hamiliassem:
2107 5242 2170 5295 Et
2195 5241 2366 5310 facies
2391 5243 2737 5308 peccatorum
2764 5236 3017 5290 sumitis?
3049 5236 3388 5308 Diapsalma.

346 5331 411 5385 Et
476 5346 638 5402 super
718 5328 1045 5385 tribulantes
1128 5342 1216 5382 eos
1299 5326 1567 5382 misissem
1630 5344 1879 5402 manum
2040 5330 2080 5384 ll
2116 5329 2430 5399 Usquequo
2473 5323 2777 5395 judicatis,
2807 5324 3141 5380 Scribarum
3192 5328 3251 5381 et
3302 5323 3627 5380 Pharisaeo-

419 5400 619 5474 meam.
1868 5400 1879 5409 ’
1967 5418 2246 5483 rum,sive
2269 5413 2657 5487 quorumdam
2685 5413 2983 5485 redarguit
3003 5414 3411 5487 episcoporum
3434 5412 3621 5485 pravi-

280 5506 322 5561 C
347 5506 493 5564 Vide
512 5507 832 5581 ergo,quod
854 5505 903 5561 si
927 5506 1041 5562 Deo
1065 5504 1215 5560 male
1238 5506 1476 5576 agentes
1504 5503 1856 5571 resistimus,
1968 5512 2170 5574 tatem,
2199 5505 2297 5578 qui
2331 5518 2610 5577 personas
2642 5501 3014 5575 accipientes,
3039 5505 3365 5561 secundum
3389 5501 3615 5568 faciem,

219 5593 309 5671 ille
339 5596 554 5653 nostris
572 5613 685 5653 non
715 5594 1064 5653 contradicit
1093 5592 1431 5662 inimicis,irl
1468 5597 1551 5648 est
1586 5594 1859 5650 rlmmoni-
1966 5601 2023 5653 et
2054 5614 2167 5651 non
2216 5592 2542 5650 secundum
2591 5590 2777 5646 Deum
2818 5591 3108 5662 judicant.
3152 5594 3225 5649 Ac
3251 5594 3305 5649 si
3328 5592 3477 5648 dicat
3507 5609 3525 5644 :
3559 5588 3619 5644 Si
