4112 6176
393 259 551 358 311⁵

1302 291 1367 352 S.
1413 290 1814 354 BRUNONIS
1858 289 2477 352 HERBIPOLENSIS
2522 290 2903 354 EPISCOPI.

3696 293 3826 354 312
3853 299 3863 313 ’

393 397 623 458 venerit
651 411 872 474 pauper
900 396 1376 471 habensjrmtum
1404 396 1728 471 negotium,
1758 399 1818 454 et
1841 396 2052 452 iterum
2071 441 2074 443 λ
2081 395 2137 464 Α
2168 395 2544 454 cessitatibus
2573 395 2905 471 subvenire,
2926 400 2997 454 ut
3013 409 3358 456 mereamur
3383 397 3638 457 ﬁliorum
3677 403 3854 457 tuo»

397 489 561 548 dives
615 489 844 548 habens
891 502 1251 562 perversum,
1283 503 1384 544 vos
1429 502 1743 560 personam
1792 485 2055 559 aspicitis
2164 502 2296 541 rum
2330 502 2575 542 numero
2613 486 2899 560 copulari.
2923 488 3033 544 Per
3056 488 3374 546 Dominum
3413 492 3683 548 nostrum
3724 488 3832 546 Je-

399 595 518 637 nen
551 579 880 654 negotium;
898 577 1192 652 judicium
1223 592 1359 634 vero
1381 593 1497 633 non
1521 575 2052 644 consideratis,uou
2164 591 2297 632 sum
2328 574 2648 642 Christum,
2679 579 2795 632 etc.

400 685 662 738 causam,
687 669 788 726 sed
821 683 1104 740 personas
1133 682 1338 723 eorum
1369 665 1471 739 qui
1503 681 1713 721 causas
1741 665 1979 722 habent.

407 759 444 816 3
549 759 792 816 Judicale
821 770 984 830 egeno
1011 763 1062 812 el
1077 755 1292 828 pupillo
1322 773 1341 811 :

543 847 817 902 Humilem
845 852 897 902 et
919 860 1217 918 pauperem
1234 844 1553 917 justiﬁcate.

473 935 518 992 G
541 933 830 991 Admonet
859 933 1134 990 obnixius
1161 934 1391 994 Iudaeos
1418 937 1482 990 ut
1512 932 1856 990 debuissent
1884 931 2055 989 intel-

405 1023 586 1096 ligere
613 1023 936 1090 Christum,
965 1038 1143 1096 quem
1194 1022 1492 1090 videbant,
1524 1037 1775 1095 egenum
1824 1026 2060 1095 propter

2681 691 3010 749 PSALMUS
3050 693 3308 750 LXXXII.

2563 832 2970 874 ARGUMENTUM
3012 834 3168 874 PSAL.
3212 835 3418 875 LXXXII.

2234 929 2276 985 C
2305 929 2428 986 Vox
2477 931 2739 988 ﬁdelium
2787 933 3226 1006 deprecantium
3276 951 3350 990 ne
3380 951 3415 990 a
3462 934 3838 992 satellitibus

2165 1018 2512 1075 Antichristi
2560 1019 2785 1080 diutius
2834 1021 3094 1079 Ecclesia
3141 1027 3503 1096 torqueatur,
3547 1025 3649 1082 sed
3709 1025 3837 1082 cito

403 1128 514 1169 nos
544 1113 762 1170 factum
792 1117 853 1169 et
881 1127 1220 1185 pauperem,
1241 1112 1413 1183 cujus
1446 1116 1588 1168 sunt
1615 1111 1814 1168 omnia
1832 1111 1892 1166 in
1914 1111 2057 1167 cmlo
2164 1123 2369 1164 eorum
2400 1109 2774 1165 contumacia
2803 1111 3192 1183 opprimatur.

403 1205 460 1258 et
489 1202 550 1258 in
581 1206 752 1259 terra.
774 1199 1090 1275 Pupillum,
1113 1199 1209 1257 cui
1241 1205 1406 1274 pater
1429 1199 1682 1258 carnalis
1711 1199 1919 1258 solatia
1939 1217 2055 1256 non

405 1291 722 1364 prmbebat.

407 1382 440 1437 li
548 1383 760 1454 Eripite
785 1396 1084 1452 pauperem
1115 1395 1128 1436 :
1160 1384 1214 1436 et
1241 1395 1473 1452 egenum

547 1471 621 1526 De
649 1486 819 1525 manu
841 1471 1138 1542 peccatoris
1168 1469 1413 1526 liberale.

477 1559 520 1614 C
549 1559 1008 1615 Commonentur
1027 1558 1122 1614 hic
1143 1573 1302 1632 ergo,
1321 1558 1422 1631 qui
1445 1574 1655 1615 manus
1677 1574 1816 1614 suas
1838 1557 1898 1615 in
1921 1574 2060 1615 nece

408 1646 639 1704 Domini
661 1647 903 1703 minime
935 1645 1290 1719 polluerunt,
1305 1664 1376 1704 ne
1405 1648 1679 1704 desinant
1697 1647 1916 1721 injuste
1941 1652 2059 1703 tra-

409 1737 601 1793 ditum
634 1729 934 1792 sceleratis
959 1735 1204 1809 eripere,
1235 1736 1334 1808 qui
1366 1740 1772 1810 paupertatem
1815 1740 1873 1793 et
1901 1735 2059 1792 indi-

406 1824 665 1899 gentiam
695 1840 832 1882 cum
863 1823 1233 1883 humanitate
1261 1825 1549 1898 Suscepit;
1580 1825 1712 1882 ideo
1734 1830 1888 1883 recte
1917 1841 2060 1899 pau-

407 1901 511 1988 per
539 1913 753 1972 dicitur
780 1917 839 1970 et
867 1928 1116 1988 egenus.

403 2005 442 2061 5
549 2006 871 2062 Nescierunt
896 2019 1072 2079 neque
1115 2003 1530 2068 intellexerunt.
1562 2005 1622 2061 in
1672 2004 1905 2062 tenebris
1951 2019 2067 2060 uin-

626 2095 820 2150 bulant
848 2111 870 2151 -:

548 2183 899 2239 Movebunlur
927 2183 1115 2239 omnia
1145 2182 1510 2254 fundamenta
1541 2191 1722 2241 terrae.

453 2271 521 2327 ’ὓ
547 2271 702 2328 Vera
729 2270 1024 2328 sententia
1053 2275 1164 2339 est,
1201 2287 1329 2344 quae
1361 2271 1494 2328 illos
1541 2272 1684 2328 dicit
1731 2289 1844 2328 non
1889 2271 2064 2328 intel-

422 2359 635 2416 lexisse
665 2363 965 2415 auctorem
998 2358 1263 2426 luminis,
1295 2359 1395 2432 'qu'i
1429 2360 1486 2415 in
1513 2360 1773 2417 tenebris
1801 2360 2066 2417 ambula-

418 2449 582 2521 bant,
599 2448 738 2522 quia
757 2449 808 2505 si
839 2447 1583 2522 cognovissout,nunquam
1608 2447 1924 2506 Dominum
1947 2448 2069 2523 glo-

414 2537 516 2609 ria
578 2536 1005 2595 cruciﬁxissent
1035 2538 1080 2610 (1
1115 2537 1235 2610 cor.
1286 2540 1372 2608 ιι).
1420 2538 1805 2597 Movebudtur
1861 2539 2072 2594 funda-

415 2631 641 2698 menta,
674 2627 912 2700 signum
943 2625 1106 2695 dicit,
1139 2626 1295 2700 quod
1328 2627 1387 2682 in
1427 2625 1799 2683 crucifixiono
1841 2626 2073 2686 Domini

421 2718 653 2785 constat
697 2714 988 2788 evenisse.
1036 2717 1216 2772 Terra
1269 2718 1434 2772 mota
1489 2720 1597 2782 est,
1643 2719 1818 2788 petrae
1877 2715 2084 2775 scissae

419 2810 560 2863 sunt
591 2805 1030 2878 (Matih,xxvu).
1064 2804 1194 2862 Sive
1241 2803 1380 2879 quia
1428 2803 1526 2860 illo
1583 2808 1844 2880 tempore
1898 2805 2078 2871 multi

408 2899 770 2970 peccatores,
802 2893 860 2950 id
893 2898 986 2950 est
1012 2893 1388 2966 terreni,viso
1417 2893 1518 2951 tali
1555 2893 1860 2964 miraculo,
1895 2895 2076 2952 credi-

409 2985 644 3052 derunt,
675 2987 740 3040 ut
767 2981 1057 3040 centurio.
1259 2989 1273 3000 '

418 3075 456 3129 6
563 3074 673 3143 Ego
702 3072 828 3130 dixi
856 3087 871 3128 :
899 3073 997 3128 Dii
1023 3072 1148 3129 estis
1179 3088 1198 3128 :

554 3164 618 3218 Et
645 3163 756 3234 ﬁlii
783 3160 1002 3218 Επειςί
1025 3178 1228 3218 omnes.

487 3252 531 3306 Η
559 3251 606 3306 G
633 3249 836 3307 Videte
867 3250 1063 3323 qualis
1094 3250 1171 3306 sit
1201 3248 1460 3324 dignitas
1481 3249 1757 3308 ﬁdelibus
1776 3252 1854 3308 dii
1877 3252 2070 3309 vocari

420 3343 480 3397 et
508 3339 634 3394 ﬁlii.
664 3344 705 3394 C
733 3341 950 3396 Omnes
981 3341 1174 3395 autem
1196 3341 1327 3411 ejus
1357 3338 1461 3394 filii
1490 3345 1792 3409 vocantur,
1815 3341 1919 3414 qui
1945 3342 2072 3398 suis

406 3425 780 3500 jussionibus
811 3426 1218 3498 acquiescunt.
1254 3431 1369 3484 Iste
1401 3443 1538 3500 ergo
1568 3446 1770 3486 versus
1800 3431 1956 3487 solos
1978 3432 2075 3503 ju-

425 3520 550 3572 stos
579 3515 834 3587 respicit.

418 3606 456 3660 7
571 3604 666 3661 Vos
695 3608 880 3660 autem
908 3604 1049 3660 sicut
1077 3604 1323 3660 homines
1350 3606 1671 3662 moriemini
1701 3623 1715 3662 :

555 3694 621 3749 Et
642 3693 955 3750 sicui-unus
986 3692 1052 3749 de
1083 3693 1427 3765 principibus
1455 3694 1674 3752 cadetis.

482 3783 524 3839 Ο
555 3785 825 3856 Increpat
851 3780 1030 3838 etiam
1055 3780 1415 3851 incredulos,
1451 3783 1552 3854 qui
1584 3783 1733 3839 mori
1758 3785 1955 3858 potius
1971 3803 2077 3859 per

418 3870 761 3943 Superbiam
791 3870 1306 3943 voluerunt,quam
1329 3887 1434 3943 per
1452 3871 1844 3932 obedientiam
1867 3875 2075 3934 vivere.

421 3959 677 4017 Dicendo
697 3963 894 4016 autem
929 3975 942 4016 :
976 3957 1129 4015 sicut
1158 3959 1450 4029 homines,
1483 3959 1776 4034 significat
1813 3969 2080 4036 peccato-

435 4065 551 4115 res,
584 4047 684 4122 qui
718 4047 864 4104 nulli
897 4048 1083 4121 pretio
1112 4053 1252 4104 sunt
1283 4047 1706 4123 redempti,nec
1738 4052 1808 4107 de
1829 4054 2080 4124 peccatis

426 4136 592 4195 liberi
625 4141 861 4211 propter
889 4137 1397 4210 perﬁdiam.Unus
1417 4139 1491 4194 de
1524 4138 1888 4213 principibus
1906 4142 2080 4218 signi-

435 4227 569 4282 ficat
602 4225 938 4307 diabolum,
963 4226 1062 4299 qui
1106 4227 1178 4283 de
1225 4227 1366 4284 coelo
1415 4228 1711 4300 proiectus
1755 4233 1993 4302 corruit,
2027 4251 2082 4307 et

409 4319 798 4389 'poenamsues
829 4305 1228 4387 perversitatis
1256 4316 1478 4373 invenit
1507 4317 1690 4391 (Apoc.
1721 4321 1845 4390 xu).

411 4405 460 4460 -8
561 4405 760 4475 Surge,
785 4403 955 4468 ‘Deu’s,
978 4405 1171 4477 judico
1202 4412 1406 4462 terram
1436 4424 1456 4462 :
1582 4401 1586 4405 ”

2544 1196 2659 1253 TT.
2695 1197 2988 1256 Canticum
3012 1201 3221 1273 psalmi
3245 1199 3444 1274 Asapln.

2168 1287 2194 1342 1
2308 1288 2445 1342 Deus
2489 1293 2544 1352 σέο
2569 1289 2693 1358 quis
2719 1288 2920 1345 similis
2948 1291 3054 1345 erit
3081 1290 3186 1345 libi
3226 1294 3238 1355 ζ
3283 1307 3304 1346 :

2308 1379 2390 1432 Ne
2419 1382 2595 1432 necas
2623 1393 2800 1449 neque
2825 1380 3202 1450 compescaris,
3233 1383 3401 1436 Deus.

2239 1463 2280 1520 C
2310 1463 2452 1527 Quis
2472 1465 2630 1520 enim
2653 1465 2870 1524 similis
2890 1466 3001 1522 erit
3018 1466 3201 1540 ei,qui
3223 1467 3438 1525 calum
3459 1472 3835 1542 terramque,
3871 1524 3874 1526 ν

2165 1550 2255 1608 vel
2287 1556 2500 1608 cuncta
2531 1569 2659 1626 quae
2689 1553 2749 1609 in
2781 1555 2869 1611 eis
2897 1559 3060 1624 sunt,
3074 1573 3312 1614 summa
3330 1556 3620 1615 celeritate
3641 1559 3842 1631 perfe-

2169 1639 2288 1696 cit?
2311 1656 2487 1713 quem
2515 1641 2604 1697 vir
2624 1642 2736 1698 iste
2762 1645 3154 1701 contuebatur
3181 1645 3357 1704 talem
3389 1651 3448 1703 et
3476 1651 3736 1716 tantum,
3774 1653 3843 1704 et

2172 1728 2324 1795 ideo,
2357 1729 2564 1786 merito
2597 1730 2828 1788 nullum
2851 1732 2902 1788 ei
2933 1732 3190 1790 similem
3220 1750 3350 1793 esse
3388 1737 3712 1812 proﬁtetpr.
3748 1737 3842 1794 Ne

2171 1821 2385 1886 taceas,
2419 1819 2478 1873 in
2529 1818 2627 1876 illo
2678 1821 2877 1879 futuro
2925 1823 3199 1880 adventu.
3245 1823 3612 1898 Compescuit
3648 1825 3840 1883 etiam

2171 1907 2450 1966 virtutem
2477 1925 2668 1979 suam,
2701 1912 2938 1982 quando
2967 1927 3180 1984 passus
3210 1916 3319 1980 est,
3351 1915 3521 1988 quasi
3565 1928 3734 1974 reum
3772 1932 3842 1973 se

2170 1996 2354 2053 teneri
2383 2000 2446 2054 et
2473 1997 2676 2054 Pontio
2708 1999 2892 2056 Pilato
2922 2001 3096 2057 tradi.
3131 2001 3251 2058 Ista
3278 2002 3338 2066 in
3365 2002 3562 2060 futuro
3595 2003 3845 2074 judicio

2173 2087 2510 2154 cessabunt,
2539 2088 2640 2144 ubi
2673 2089 2934 2162 potentia
2965 2082 3291 2148 divinitatis
3321 2091 3625 2150 elucescet.

2173 2177 2213 2229 2
2319 2177 2589 2244 Quoniam
2615 2193 2734 2234 ecce
2759 2179 2982 2235 inimici
3003 2181 3089 2236 tui
3113 2189 3416 2237 sonuerunt
3443 2201 3462 2238 :

2317 2265 2382 2320 Et
2409 2267 2508 2337 qui
2533 2265 2767 2322 oderunt
2797 2271 2847 2323 te
2873 2269 3198 2326 extulerunt
3225 2275 3409 2341 caput.

2245 2351 2290 2407 Ο
2320 2352 2434 2410 Iste
2460 2353 2785 2411 versiculus
2813 2357 2888 2412 ad
2917 2359 3186 2431 tempora
3213 2358 3550 2417 Antichristi
3571 2365 3842 2434 aptatur,

2179 2444 2413 2514 quando
2446 2442 2667 2499 inimici
2690 2444 2787 2501 Dei
2819 2445 3205 2504 tumultuosis
3235 2449 3624 2508 seditionibus
3670 2452 3856 2509 ineo--

2179 2532 2424 2599 nabant.
2473 2537 2806 2590 Sonuerunt
2859 2551 2995 2592 vero
3037 2534 3204 2605 dixit,
3237 2540 3296 2594 et
3343 2553 3462 2594 non
3499 2538 3599 2607 ait,
3649 2537 3848 2601 locuti.

2181 2624 2342 2686 sunt,
2372 2625 2439 2676 ut
2465 2621 2552 2677 eis
2581 2627 2936 2696 negarentur
2964 2625 3143 2682 verba
3171 2624 3498 2695 hominum,
3530 2628 3630 2701 qui
3662 2646 3852 2688 voces

2181 2709 2557 2766 rationabiles
2583 2729 2700 2768 non
2731 2712 3048 2771 habebant.
3081 2714 3230 2772 Dicit
3259 2715 3592 2773 extulerunt
3631 2724 3849 2792 caput,

2181 2797 2324 2854 dum
2375 2799 2567 2871 capita
2621 2800 2908 2872 potuisset
2953 2801 3099 2872 dici;
3132 2804 3234 2860 sed
3284 2805 3559 2864 omnibus
3606 2805 3853 2865 insania

2182 2904 2368 2943 unum
2401 2892 2491 2944 est
2519 2894 2714 2962 caput,
2744 2890 3161 2948 Antichristus.

2179 2987 2215 3042 3
2322 2987 2509 3057 Super
2558 2987 2848 3062 populum
2891 2995 3061 3047 tuum
3103 2991 3592 3067 malignaoeruut
3647 2996 3848 3051 consi-

2395 3077 2540 3134 lium
2569 3097 2588 3133 :

2318 3167 2394 3220 Et
2415 3167 2833 3240 cogitaverunt
2863 3170 3144 3228 adversus
3165 3182 3400 3230 sanctos
3427 3179 3574 3231 (uos.

2251 3253 2508 3326 Pepulus
2539 3256 2638 3311 Dei
2673 3258 2899 3330 est,qui
2927 3265 3215 3335 praecepta
3242 3261 3505 3319 veritatis
3554 3264 3679 3320 toto
3701 3265 3851 3322 uisu

2179 3342 2424 3417 implere
2453 3345 2685 3420 satagit.
2710 3347 2752 3403 C
2779 3348 3019 3405 Addidit
3051 3350 3690 3421 adversus-sanctos,ut
3719 3371 3850 3412 non

2183 3431 2376 3489 solum
2407 3433 2819 3504 mediocribus,
2853 3453 3055 3494 verum
3087 3439 3261 3496 etiam
3301 3440 3449 3513 ipsis
3495 3441 3852 3501 cmlestibus

2181 3521 2322 3578 viris
2354 3522 2567 3580 inferre
2598 3530 2954 3583 conarentur
2972 3527 3236 3585 exitium.

2186 3621 2218 3676 4
2326 3622 2614 3678 Dixerunt
2638 3643 2656 3677 :
2675 3623 2970 3693 -Venile,ei
2985 3626 3262 3703 disperda
3271 3644 3398 3685 mus
3414 3645 3508 3685 eos
3527 3630 3602 3686 de
3615 3637 3794 3702 genie
3825 3654 3846 3688 :

2328 3713 2405 3765 Et
2425 3721 2541 3767 non
2576 3720 2940 3770 memoretur
2971 3732 3181 3772 nomen
3203 3717 3386 3774 Israel
3413 3717 3595 3776 ultra.
3668 3736 3673 3740 '

2258 3798 2300 3855 C
2331 3799 2532 3856 Talem
2584 3800 2970 3860 intentionem
3026 3804 3266 3863 habebit
3313 3807 3732 3876 Antichristus,
3787 3816 3857 3868 ut

2187 3888 2586 3947 Christianum
2610 3909 2822 3948 nomen
2859 3894 2930 3951 de
2960 3895 3098 3951 orbe
3126 3900 3414 3953 terrarum
3441 3898 3715 3954 funditus
3749 3887 3866 3957 de:

2185 3977 2400 4048 ieatur,
2433 3980 2700 4037 nesciens
2732 3999 2933 4051 miser,
2967 3983 3127 4056 quia,
3169 3985 3311 4042 dum
3365 4003 3566 4044 servos
3625 3987 3852 4046 Christi

2190 4083 2398 4124 necare
2427 4070 2606 4142 cupit,
2641 4076 2980 4129 sanctorum
3011 4090 3327 4131 numerum
3373 4075 3612 4132 assidua
3647 4093 3853 4149 perse-

2191 4156 2422 4213 cutione
2439 4157 2769 4232 complebit.
2788 4165 2864 4216 Dc
2885 4166 3055 4235 gente
3075 4161 3366 4236 significat
3384 4165 3670 4238 populum
3685 4166 3854 4222 Chri-

2191 4245 2473 4315 stianum,
2497 4247 2619 4320 qui,
2645 4249 2915 4322 quamvis
2943 4267 3013 4307 ex
3033 4249 3302 4325 pluribus
3326 4255 3599 4327 gentibuis
3615 4255 3700 4313 sit
3731 4256 3854 4312 col-

2191 4333 2397 4407 lectus,
2432 4339 2586 4393 'unus
2617 4339 2991 4414 tamen,quia
3021 4341 3092 4398 de
3125 4358 3241 4399 uno
3273 4343 3438 4401 fonte“
3461 4344 3852 4418 baptismatis

2193 4424 2455 4481 noscitur
2473 4432 2832 4498 procreatus.

558 4493 838 4564 Quoniam
888 4499 950 4548 tu
1005 4494 1359 4552 heredilabis
1404 4501 1461 4562 ι-ξ·
1489 4497 1548 4552 in
1598 4500 1852 4556 omnibus
1905 4504 2080 4573 genii-

2191 4516 2219 4572 5
2325 4518 2602 4586 Quoniam
2631 4518 3020 4590 cogitaverunt
3045 4524 3393 4579 unanimiter
3417 4524 3583 4578 simul
3619 4541 3632 4580 :

632 4580 751 4637 bus.

480 4671 522 4728 C
550 4673 755 4745 Surge,
784 4669 1000 4728 dicitur
1041 4670 1147 4739 illi,
1180 4671 1280 4745 qui
1329 4671 1390 4728 in
1441 4674 1712 4748 sepulcro
1773 4679 2074 4738 lriduanus

399 4762 628 4818 somno
660 4759 1048 4817 dormivit.Et
1064 4761 1270 4835 judica
1288 4763 1515 4836 eos,qui
1531 4767 1762 4822 terrena
1777 4768 2076 4840 sapiendo,

425 4850 640 4908 merito
668 4853 835 4907 terra:
865 4855 1303 4924 comparantur.
1337 4850 1719 4910 Haereditabis
1759 4854 1921 4914 illam
1969 4863 2081 4914 ter-

402 4942 570 5005 ‘ram,
603 4939 830 4998 scilicet
858 4955 1034 5013 quam
1067 4940 1220 4998 beati
1245 4941 1649 5014 possidebunt.
1683 4943 1729 4999 Η
1757 4943 2078 5015 Vel,ha3re-

430 5027 647 5084 ditabis
696 5047 801 5102 per
847 5029 1046 5097 ﬁdem,
1080 5029 1138 5086 in
1184 5029 1460 5086 omnibus
1502 5031 1795 5104 gentibus,
1824 5034 1962 5107 quia
2017 5037 2076 5094 in

414 5132 650 5196 omnem
683 5122 901 5174 terram
920 5119 1110 5176 exivit
1130 5137 1314 5177 sonus
1343 5120 1744 5192 apostolorum
1776 5125 1949 5192 (Rom.
1976 5130 2034 5196 κ)
2059 5143 2072 5180 :

414 5206 471 5260 et
499 5195 567 5260 ex
594 5206 871 5262 omnibus
920 5207 1194 5278 gentibus
1240 5207 1646 5267 besreditatem
1698 5213 1988 5286 recipient
2013 5195 2074 5274 in

396 5303 593 5367 regno
628 5293 933 5350 caelorum.

875 5397 1081 5439 ORATIO
1121 5400 1190 5440 EX
1230 5400 1388 5442 PSAL.
1431 5401 1616 5442 LXXXI.

491 5469 574 5525 Da
607 5469 794 5538 nobis,
829 5470 1093 5537 Domine,
1127 5474 1447 5528 secundum
1481 5479 1832 5548 praeceptum
1879 5483 2068 5551 tuum,

421 5559 855 5634 ab-iniquitatis
878 5559 1105 5634 judicio
1135 5559 1444 5632 declinare,
1478 5579 1920 5641 pauperumque
1970 5588 2069 5628 ne-

2323 4605 2622 4663 Adversum
2655 4612 2704 4664 te
2737 4612 3118 4668 testamentum
3160 4611 3546 4686 disposuerunt
3589 4612 3856 4670 taberna-

2401 4697 2527 4752 cula
2555 4695 2925 4754 Idumaeorum
2955 4705 3008 4756 et
3035 4702 3386 4761 Ismahelitaz.

2261 4783 2307 4838 Η
2339 4783 2382 4840 Ο
2413 4782 2754 4842 infelicitas!
2791 4785 2917 4843 Non
2949 4793 3139 4862 potest
3169 4790 3421 4864 populus
3450 4789 3559 4848 Dei
3609 4794 3853 4847 tantum

2189 4871 2248 4927 in
2281 4873 2431 4929 bono
2463 4873 2678 4930 habere
2705 4877 3074 4934 concordiam
3107 4883 3396 4952 quantum
3443 4878 3583 4936 mali
3623 4878 3854 4936 habent

2187 4959 2246 5016 in
2279 4961 2454 5018 malo.
2478 4961 2681 5019 Videte
2711 4979 2846 5037 ergo
2870 4965 3011 5038 quid
3036 4971 3256 5042 pugnet
3279 4969 3559 5026 adversus
3580 4973 3848 5025 sanctos.

2185 5049 2590 5107 Tabernacula
2637 5051 3027 5112 Idummorum
3051 5056 3172 5131 (qui
3193 5060 3411 5114 -lerreni
3454 5057 3853 5130 interpretan-

2184 5140 2699 5209 tur),Ismahelila3.
2721 5142 2819 5214 qui
2843 5144 3143 5212 obedienles
3161 5148 3274 5204 sibi
3292 5146 3708 5216 dicuntur,hoc
3731 5151 3845 5204 est.

2185 5229 2576 5301 quodcunque
2607 5247 2706 5286 cor
2735 5230 3005 5290 habuerit
3041 5239 3098 5292 et
3126 5235 3282 5292 mala
3313 5236 3588 5310 cogitatio
3637 5236 3847 5292 statim

2182 5317 2424 5374 faciunt.
2458 5319 2496 5374 C
2527 5319 2971 5378 Testamentum
2999 5324 3060 5380 in
3094 5323 3412 5399 Scripturis
3451 5323 3687 5392 divinis,
3723 5341 3845 5380 non

2181 5405 2325 5462 illud
2362 5405 2548 5462 solum
2583 5407 2978 5483 dicitur,quod
3010 5431 3125 5470 non
3143 5413 3292 5471 valet
3311 5414 3425 5470 nisi
3457 5412 3846 5469 testatoribus

2181 5487 2452 5555 mortuis,
2475 5487 2574 5542 sed
2603 5504 2777 5545 omne
2807 5494 3042 5562 pactum
3075 5499 3130 5550 et
3169 5493 3474 5568 placitum,
3509 5496 3843 5551 testamen-

2177 5578 2304 5630 tum
2333 5577 2590 5640 vocatur,
2624 5575 2798 5633 etiam
2829 5579 2982 5638 inter
3009 5582 3186 5640 vivos.
