4112 6176
200 282 341 344 313‘

1421 273 1898 342 EXPOSITIO
1941 276 2454 349 PSALMORUM.

3573 302 3705 372 3H,.
3739 330 3742 332 ·

235 415 278 470 7
357 411 517 472 Ιοαὸ
564 414 618 470 et
674 410 936 484 Agerent.
981 413 1148 472 Gebcl
1193 422 1242 471 ct
1299 415 1553 469 Ammon
1613 414 1691 466 et
1747 413 1912 471 Ama-
1944 412 2004 482 Α
2033 415 2102 473 13
2171 417 2326 476 Sicut
2354 422 2498 492 ignis
2525 439 2618 496 qui
2645 425 2917 487 comburit
2940 433 3180 493 silvam:

360 505 728 664 Atiifiigm
748 607 876 647 cum
899 592 1257 650 habitantibus
1285 595 1508 666 Tyrian-

283 684 335 740 Η
372 682 549 739 Moab
579 698 651 737 ex
679 697 682 701 '
691 684 858 753 patre
898 681 1327 754 interpretatur,
1357 681 1470 736 hoc
1504 677 1592 731 est
1627 679 1878 738 diabolo
1905 713 1920 763 ;

219 771 514 848 Agareni,
546 769 606 826 id
638 774 732 825 est
760 769 1013 858 advena,
1047 769 1267 858 scilicet
1302 765 1516 858 populo
1550 763 1672 858 pei
1707 770 1921 858 alieni;

212 859 432 929 Gebal,
478 859 655 916 vallis
705 867 877 925 vana,
910 856 995 914 Ge
1053 857 1266 914 dicitur
1309 857 1506 925 vallis;
1563 853 1702 928 bal,
1755 877 1904 918 vana

220 951 390 1025 quod
416 953 513 1006 est
541 963 808 1020 praesens
856 947 1238 1014 mundus,-in
1265 963 1379 1020 quo
1419 944 1659 1004 vanitas
1691 954 1920 1022 regnat.

222 1041 516 1104 Ammon,
551 1036 799 1109 populus
837 1035 1118 1101 turbidus,
1149 1035 1208 1092 id
1241 1039 1332 1092 est
1360 1035 1647 1107 haeretici;
1673 1035 1715 1094 C
1745 1039 1923 1095 Ama-

217 1127 338 1195 lec,
371 1127 616 1199 populus
677 1125 926 1194 (ingens,
977 1123 1037 1180 id
1091 1128 1183 1180 est
1237 1123 1522 1181 fallaciter
1568 1124 1918 1196 blandiens;

224 1218 274 1275 Β
307 1215 700 1289 Alienigena,
745 1213 806 1268 id
857 1215 952 1268 est
1001 1210 1319 1279 Philistini,
1350 1213 1451 1286 qui
1500 1213 1783 1270 dicuntur
1823 1233 1917 1273 ca-

229 1305 429 1363 ιιεηιεε
453 1305 701 1377 potione,
730 1300 843 1357 hoc
881 1304 973 1358 est
1003 1299 1107 1374 qui
1139 1300 1411 1358 inebriati
1437 1307 1577 1359 sunt
1623 1304 1696 1360 de
1742 1304 1921 1364 calice

217 1392 472 1452 diaboli.
503 1393 700 1465 Tyrus
729 1389 952 1447 dicitur
979 1406 1074 1446 sor
1103 1389 1342 1446 Hebraea
1371 1389 1601 1464 lingua,
1635 1395 1789 1466 quod
1821 1396 1913 1452 in-

218 1485 594 1557 terpretatur
634 1480 896 1551 angustia
923 1480 1136 1536 enim
1165 1497 1184 1533 :
1217 1477 1316 1552 qui
1363 1484 1709 1554 oppugnant
1733 1501 1922 1558 popu-

220 1572 357 1631 lum
382 1569 574 1629 Dei-bi
599 1567 887 1624 sunt.Sed
910 1567 1220 1624 videamus
1239 1585 1414 1640 quem
1443 1569 1741 1629 habebant
1761 1573 1917 1646 prin-

231 1662 458 1736 cipem.
480 1657 766 1734 Sequitur
791 1655 957 1713 enim
993 1672 1006 1710 :

256 1771 300 1824 7
373 1768 601 1828 Etenim
628 1766 798 1822 Assur
826 1763 978 1819 venit
1002 1779 1128 1818 cum
1158 1764 1275 1822 illis
1310 1779 1323 1818 :

372 1858 540 1915 Facti
560 1861 693 1910 sunt
723 1855 786 1909 in
813 1851 1163 1926 adjutorium
1190 1853 1324 1924 ﬁliis
1350 1853 1503 1910 Loth.

375 1945 722 2019 Diapsalma.

305 2035 354 2092 Η
385 2037 596 2101 Assur,
631 2047 736 2105 pro
776 2028 909 2103 ipso
942 2028 1175 2087 diabolo
1220 2030 1454 2104 positus
1478 2036 1584 2090 est.
1618 2034 1659 2090 C
1689 2034 1796 2100 Qui
1827 2053 1914 2094 re-

225 2141 372 2181 vera
402 2119 585 2179 simul
617 2137 752 2177 cum
785 2119 872 2176 eis
912 2118 1074 2175 venit
1121 2119 1195 2174 ad
1244 2121 1742 2194 Oppugnationem
1775 2126 1915 2183 fide.

230 2214 411 2270 lium.
445 2210 492 2267 Η
539 2209 684 2266 Loth
744 2208 1033 2265 declinans
1088 2207 1536 2283 interpretatur;
1590 2213 1696 2268 ﬁlii
1747 2211 1917 2284 Loth,

227 2299 539 2360 immundi
571 2297 887 2373 spiritusﬂ
900 2297 1066 2353 Unde
1095 2296 1304 2358 merito
1334 2298 1450 2355 tale
1480 2317 1692 2358 nomen
1723 2304 1781 2360 in
1804 2306 1919 2362 ﬁne

235 2391 508 2466 positum
537 2391 645 2456 est,
673 2387 830 2460 quod
859 2385 1312 2444 declinationem
1346 2387 1738 2461 signiﬁcaret:
1773 2411 1839 2452 ac
1868 2413 1920 2474 si

231 2481 462 2538 diceret
489 2496 502 2534 :
528 2475 732 2534 Omnis
765 2476 890 2544 haec
923 2476 1103 2532 turba
1137 2476 1503 2549 perditorum
1533 2480 1712 2538 simul
1741 2483 1919 2565 decli-

230 2569 400 2626 navit
429 2567 493 2623 in
524 2566 780 2634 malum;
818 2582 936 2622 non
962 2569 1053 2622 est
1079 2565 1183 2637 qui
1217 2565 1396 2623 faciat
1426 2566 1666 2628 bonum.

275 2679 311 2732 8
387 2677 495 2731 Fac
525 2675 641 2730 illis
667 2672 1072 2732 sicut.an
1105 2679 1159 2730 et
1184 2672 1396 2732 Sisara?
1425 2693 1443 2730 :

385 2765 544 2820 Sicut
569 2762 739 2819 Jabin
770 2764 833 2817 in
852 2769 1105 2820 torrente
1132 2761 1316 2818 Cison.

298 2858 346 2910 G
379 2851 639 2920 Madian,
671 2852 960 2909 declinans
988 2851 1313 2924 judicium;
1339 2852 1554 2923 Sisara,
1585 2858 1779 2928 gaudi:
1817 2877 1919 2918 ex-

237 2945 461 3008 clusio;
490 2940 683 3009 Jabin,
712 2942 936 3014 sapiens
975 2940 1208 3008 mundi,-
1239 2940 1434 3011 Cison,
1465 2943 1677 3002 duritia
1707 2964 1913 3006 eorum.

233 3034 595 3103 Qui-omnes
634 3029 693 3089 in
741 3033 1001 3087 torrente
1031 3029 1206 3088 Cison
1256 3033 1313 3087 et
1365 3029 1425 3088 in
1480 3033 1676 3092 Endor
1730 3038 1916 3110 perie-

239 3125 409 3182 nunt.

261 3213 307 3268 9
385 3210 774 3283 Βιψανιίνωί
801 3207 864 3264 in
891 3207 1080 3266 Endor
1111 3225 1125 3262 :

387 3300 547 3360 Facti
555 3306 693 3355 sunt
715 3301 1015 3357 utstercus
1044 3300 1236 3354 terrae.

309 3390 362 3448 Η
395 3387 613 3453 Endor,
647 3386 704 3443 id
741 3389 836 3444 est
874 3388 1000 3458 ﬂans
1035 3386 1425 3456 generationis,
1458 3389 1682 3450 scilicet
1707 3409 1914 3450 carna-

237 3479 340 3545 lis,
377 3493 499 3534 non
527 3475 921 3550 baptismatis.
951 3475 992 3531 C
1020 3473 1181 3530 Facti
1213 3479 1352 3532 sunt
1382 3482 1447 3534 ut
1470 3483 1696 3538 stercus
1727 3485 1910 3553 terrai,

241 3568 394 3623 dum
427 3565 710 3622 cadavera
760 3580 964 3621 eorum
1012 3563 1312 3636 corporali.
1361 3568 1669 3640 putredine
1720 3571 1914 3630 solve-

246 3659 483 3714 rentur.

247 3765 322 3820 10
397 3763 549 3817 Pone
566 3761 844 3833 principes
863 3776 1054 3818 eorum
1081 3760 1226 3817 sicut
1253 3763 1396 3824 Oreb
1425 3769 1479 3822 et
1494 3767 1605 3825 ‘Zeb
1635 3784 1654 3823 ':

395 3853 472 3911 ει
493 3850 660 3906 Zebee
685 3857 739 3906 et
765 3849 1056 3907 Salmana.

248 3940 301 4002 Η
333 3939 488 3998 Oreb
527 3941 776 4009 formes:
804 3937 1331 4011 interpretatur,in
1369 3945 1526 4015 quod
1557 3946 1795 4006 coluber
1823 3949 1912 4006 in-

242 4027 547 4107 peditur;
579 4027 710 4092 Zeb,
742 4027 937 4099 lupus,-
969 4026 1013 4082 C
1042 4027 1245 4096 Zebee,
1284 4031 1532 4100 victima,
1564 4035 1610 4092 H
1651 4036 1771 4095 sive
1818 4041 1914 4096 ho-

243 4118 381 4183 stia,
408 4113 636 4178 scilicet
651 4115 878 4174 diaboli
901 4115 1252 4186 ;.Salmana,
1269 4123 1548 4192 perfectus
1585 4127 1647 4182 in
1688 4130 1916 4186 malitia

247 4207 295 4266 ε
326 4205 464 4268 Hm
492 4204 696 4264 omnia
715 4204 995 4264 exercitui
1037 4208 1592 4279 aptatAntichri‘sti.
1615 4215 1722 4280 Qui
1752 4217 1916 4276 nulla

248 4292 637 4352 conversione
668 4292 1122 4360 salvandi-eunt.

253 4402 321 4458 11
365 4399 568 4456 Omnes
589 4399 866 4473 principes
893 4416 1085 4458 eorum
1113 4419 1135 4458 .-

391 4489 528 4597 Qui‘
943 4490 1264 4552 haereditate
1303 4500 1318 4562 ζ
1367 4498 1741 4569 possideam
1759 4523 1912 4562 san-
1944 4532 1993 4597 Β
2085 4535 2135 4595 ,ρ
2164 4535 2287 4593 vox
2315 4536 2388 4594 Ec

475 4579 756 4634 ctuarium
781 4580 899 4637 Dei.

325 4671 368 4722 ε
397 4665 505 4724 Isti
525 4667 819 4739 superius
856 4668 1146 4728 nominati
1171 4671 1920 4744 diuerunt'r‘Possideamus

241 4753 668 4816 sanctuarium
693 4756 916 4825 'Dei,.id
966 4763 1058 4817 est
1097 4761 1837 4836 populumﬂhﬁstiauum.
1869 4776 1917 4834 Η

241 4848 369 4905 ,δαί
418 4862 551 4939 gon.
569 4845 964 4919 perfecerunt,
977 4850 1126 4923 quia
1144 4851 1765 4933 Dominus'pugnabat
1810 4879 1916 4939 pro

249 4935 482 5012 populo
507 4951 639 4992 suo.

247 5045 326 5100 12
397 5044 552 5100 ‘Deus
581 5058 751 5112 meus,
777 5061 918 5118 pone
946 5047 1072 5105 illos
1099 5057 1162 5105 ut
1189 5054 1367 5108 rotam
1398 5069 1412 5109 :

401 5135 474 5189 Et
499 5134 644 5189 sicut
665 5136 923 5208 stipulam
949 5141 1078 5194 ante
1105 5140 1306 5212 faciem
1330 5146 1497 5200 venti.

327 5221 373 5312 ς
406 5220 592 5312 [mpii
614 5221 770 5280 enim
809 5225 950 5281 dum
983 5225 1138 5284 mala
1183 5231 1532 5304 cogitatione
1578 5235 1910 5312 volvuntur,

241 5311 402 5369 rotis
433 5311 851 5382 ﬂunbsimiles,
874 5313 928 5372 Ην
943 5332 1059 5372 non
1083 5316 1362 5377 habentes
1389 5319 1509 5378 ulla
1529 5311 1914 5388 fundamenta

249 5400 312 5457 in
347 5399 527 5493 malis
557 5401 988 5493 actibus-Sicut
1034 5405 1332 5482 stipulam,
1356 5409 1398 5466 α
1421 5415 1486 5468 ut
1527 5411 1730 5475 levitas
1780 5436 1911 5493 pec-

250 5488 743 5562 cantium,un
782 5496 950 5551 vento
995 5495 1230 5554 meabiii
1279 5501 1683 5562 transferatur.
1712 5488 1912 5572 Facies

257 5579 466 5634 autem
498 5577 673 5649 venti,
691 5581 1076 5654 presentius:
1097 5584 1228 5659 ejus
1253 5585 1566 5660 signiﬁcat.

2036 515 2105 568 Et
2127 513 2272 568 sicut
2293 517 2520 588 ﬂamma
2543 522 2860 585 comburens
2887 536 3110 587 montes.

2109 603 2151 658 C
2172 604 2374 700 Ignem
2395 624 2628 700 quoque
2651 615 2708 666 et
2728 613 3049 686 ﬂammam,
3073 622 3270 692 posuit
3288 625 3522 700 tempus
3534 625 3692 698 judi-

2038 692 2131 761 cii,
2149 696 2385 766 quando
2409 697 2562 754 silvae
2583 700 2948 760 densissimas
2979 692 3442 779 peccatorum,et
3464 692 3690 780 montes

2036 783 2326 855 superbiae
2351 795 2816 848 concrementur.
2837 794 2888 856 H
2908 793 3031 863 Vel,
3056 797 3261 856 silvam
3290 801 3437 866 dixit
3463 803 3688 866 steriles

2035 871 2331 968 homines,
2359 877 2456 948 qui
2504 877 2772 952 frugibus
2816 888 3033 939 carent.
3067 886 3355 948 Sterilitas
3385 891 3566 963 igitur
3587 907 3686 968 pe-

2034 966 2161 1018 reat
2190 964 2251 1018 in
2284 965 2387 1032 eis,
2422 971 2478 1022 et
2520 969 2812 1041 superbia,
2839 988 2968 1043 quae
3018 975 3306 1034 montium
3348 964 3689 1043 nomine'sis

2031 1051 2368 1125 gniﬁcatur.

2034 1141 2103 1197 14
2178 1143 2261 1198 Ita
2285 1148 2626 1218 persequeris
2655 1147 2780 1204 illos
2809 1150 2868 1203 in
2899 1156 3208 1224 tempestate
3239 1162 3332 1210 tua
3361 1173 3373 1211 :

2176 1235 2245 1289 Et
2272 1235 2334 1289 in
2362 1235 2452 1290 ira
2480 1243 2576 1291 tua
2605 1236 2849 1293 turbabis
2874 1254 2980 1296 eos.

2103 1332 2147 1388 Ο
2181 1333 2268 1388 lta
2298 1333 2665 1408 persequeris
2695 1351 2814 1402 eos,
2854 1336 2964 1393 hoc
3013 1339 3248 1414 respicit
3294 1343 3366 1399 ad
3413 1343 3535 1411 illa,
3561 1347 3691 1414 qua

2031 1421 2311 1494 superius
2339 1423 2487 1478 dixit
2512 1441 2523 1479 :
2550 1426 2615 1480 ut
2644 1424 2728 1482 sic
2770 1425 3021 1483 debeant
3062 1430 3458 1501 exterminari,
3481 1445 3696 1506 quem-

2029 1509 2354 1567 admodum
2399 1512 2896 1584 comparationem
2927 1519 3062 1572 ante
3107 1516 3315 1574 faciem
3344 1521 3502 1577 venti
3538 1533 3699 1578 com-

2029 1605 2342 1657 memorat.
2366 1602 2432 1656 ln
2464 1603 2831 1673 tempestate,
2864 1602 2976 1659 hoc
3019 1609 3109 1662 est
3145 1607 3356 1679 judicii
3403 1613 3705 1683 tempore,

2028 1691 2187 1760 quod
2217 1689 2552 1763 tempestati
2585 1691 2792 1749 merito
2821 1699 3216 1767 comparatur.
3241 1695 3558 1769 Primum,
3577 1701 3716 1776 quia

1941 1786 1990 1852 Β
2021 1779 2410 1853 improvisum
2446 1782 2563 1845 est;
2597 1779 2827 1846 deinde,
2851 1782 3006 1854 quod
3049 1784 3246 1842 subito
3275 1786 3524 1860 fragore
3566 1809 3715 1854 con-

2025 1871 2247 1927 turbat.
2287 1873 2448 1940 Saspe
2494 1867 2750 1958 diximus
2801 1869 2950 1925 iram
3005 1871 3293 1930 divinitati
3341 1893 3466 1935 non
3541 1902 3720 1958 posse

2025 1957 2516 2054 congruere,_sed
2573 1958 2651 2054 ab
2702 1956 3047 2054 hominibus
3101 1965 3350 2054 tractum
3412 1956 3564 2041 est,w
3609 1981 3710 2054 qui

2027 2048 2266 2121 quando
2293 2044 2604 2102 sceleratos
2625 2045 2917 2117 judicent,
2950 2047 3098 2129 irato
3127 2050 3324 2109 animo
3355 2044 3700 2126 moventﬁp,

2029 2138 2099 2192 15
2169 2137 2344 2210 Imple
2369 2135 2746 2207 facieseorum
2771 2137 3082 2206 ignominia
3112 2156 3126 2203 ;

2168 2232 2225 2292 .5.
2261 2228 2329 2281 Et
2352 2232 2598 2297 quaerent
2626 2240 2826 2281 nomen
2849 2229 3026 2296 tuum,
3063 2232 3291 2288 Domine
3329 2235 3346 2300 ξ

2097 2315 2138 2370 C
2168 2318 2338 2370 Nunc
2379 2313 2736 2370 convertitur
2782 2315 2854 2370 ad
2903 2315 3058 2384 illos,
3091 2320 3192 2392 qui
3242 2326 3391 2378 sunt.
3435 2322 3692 2390 Domino

2028 2403 2342 2473 credituri;
2375 2419 2515 2460 nam
2546 2401 2784 2461 illorum
2815 2404 2991 2464 facies
3028 2405 3312 2482 impletur
3337 2411 3683 2486 ignominia.

2029 2492 2130 2566 qui
2152 2499 2528 2566 peccatorum
2549 2508 2791 2550 suorum
2814 2511 2932 2551 non
2952 2495 3302 2558 invenerunt
3351 2501 3687 2567 laudatores

2027 2584 2086 2642 et
2115 2580 2320 2640 statim
2347 2585 2618 2654 quarunt
2645 2580 2911 2646 invocare
2942 2602 3156 2646 nomen
3187 2590 3440 2653 Domini.

2030 2669 2098 2729 16
2169 2671 2237 2727 E1
2249 2672 2507 2730 ubescant
2553 2677 2607 2732 et
2642 2673 3034 2756 conturbentur
3076 2680 3136 2735 in
3175 2681 3437 2746 saeculum
3461 2691 3519 2751 -ξο
3584 2702 3685 2748 sa:-

2241 2761 2357 2818 culi
2397 2767 2447 2827 ζ.

2173 2851 2237 2905 Et
2264 2848 2679 2922 confundantur
2705 2859 2756 2907 et
2777 2862 3025 2922 pereant.

2098 2936 2146 2993 H
2175 2938 2422 2996 Pereant
2451 2939 2775 3000 secundum
2808 2941 2918 2998 hoc
2947 2945 3104 3016 quod
3126 2948 3263 3009 mali
3295 2954 3452 3017 sunt,
3478 2956 3539 3010 ut
3573 2955 3684 3020 sal-

2024 3024 2328 3085 vantur'in
2357 3026 2468 3083 hoc
2499 3027 2656 3098 quod
2688 3028 2908 3088 bonum
2941 3036 3049 3092 est.
3070 3034 3318 3093 Perdi-tio
3348 3038 3503 3098 enim
3530 3043 3676 3114 haec,

1929 3131 1987 3222 Β
2027 3129 2143 3169 non
2175 3114 2558 3174 abolitionem
2589 3120 2778 3185 sonat,
2811 3119 2914 3175 sed
2945 3121 3215 3186 salutem.

2028 3203 2096 3257 17
2173 3204 2237 3261 Ut
2259 3209 2586 3274 cognoscant
2611 3208 2710 3277 qui
2735 3222 2935 3264 nomen
2958 3211 3065 3266 tibi
3082 3213 3347 3277 Dominus
3377 3234 3392 3273 :

2169 3293 2243 3348 Tu
2266 3293 2412 3348 solus
2437 3293 2744 3354 Altissimus
2772 3313 2937 3372 super
2963 3315 3173 3361 omnem
3204 3311 3428 3364 tim-am.

2094 3383 2135 3434 C
2167 3397 2373 3438 omnes
2403 3381 2562 3438 enim
2593 3393 2950 3456 cognoscent
2970 3388 3114 3462 (sive
3133 3391 3205 3448 ad
3233 3400 3678 3463 mortemdesti-

2022 3469 2146 3564 nati
2177 3485 2279 3525 seu
2311 3471 2384 3527 ad
2416 3471 2620 3564 vitam)
2643 3473 3127 3564 omnipotentiam
3151 3480 3249 3539 Dei
3275 3499 3290 3538 :
3313 3487 3369 3541 et
3388 3487 3527 3558 quia
3557 3488 3680 3564 ipse

2023 3556 2188 3614 solus
2235 3563 2326 3647 est
2373 3559 2738 3630 Altissimus,
2766 3563 2910 3622 dum
2958 3566 3155 3638 ipsum
3201 3556 3600 3646 cognoverint;
3625 3583 3683 3647 et

2023 3646 2322 3705 conversis
2345 3664 2600 3721 parcere,
2629 3653 2686 3706 et
2706 3651 3026 3712 obduratos
3048 3660 3262 3716 aeterna
3281 3660 3504 3722 ultione
3521 3646 3682 3728 dam?

2022 3749 2182 3794 nare.

2293 3901 2298 3907 ι
2487 3841 2693 3888 ORATIO
2717 3845 2789 3885 EX
2811 3846 2973 3889 PSAL.
3005 3851 3213 3893 m1.

2095 3911 2330 3969 Discute
2377 3932 2412 3970 a
2463 3916 2653 3984 nobis,
2686 3918 2954 3990 Domine,
2976 3939 3211 3982 omnem
3259 3917 3680 4002 superﬂuitatis

2023 4015 2303 4068 errorem,
2335 4007 2420 4070 ut,
2463 4002 2686 4062 relictis
2733 4009 3010 4080 gentibus
3056 4011 3352 4085 vitiorum,
3385 4022 3442 4074 te
3485 4022 3678 4084 solum

2021 4088 2148 4163 (qui
2179 4107 2357 4164 super
2395 4108 2635 4149 omnem
2690 4098 2906 4152 terram
2963 4098 3304 4160 Altissimus
3359 4104 3678 4185 inlhabitas)

2023 4181 2382 4238 metuamus.
2420 4181 2528 4237 Per
2577 4182 2892 4242 Dominum
2947 4191 3216 4247 nostrum
3255 4193 3464 4255 .Jesum
3511 4181 3681 4266 Cluvi.)

2023 4270 2207 4336 stum,
2240 4271 2351 4324 etc.
2673 4330 2679 4334 ,

2511 4359 2844 4420 PSALMUS
2897 4363 3183 4428 LXXXIII.

2413 4463 2819 4510 ARGUMEN'IUM
2857 4469 3018 4517 EBAL.
3055 4473 3283 4522 LXXXIII.

2391 4535 2585 4628 clesiaaﬁ
2630 4539 2814 4597 Deum
2843 4542 3218 4606 vehementer
3265 4551 3675 4628 desiderantis,

2025 4623 2262 4714 beatum
2293 4641 2423 4682 esse
2453 4627 2782 4699 proﬁtentis
2811 4631 2905 4688 cui
2931 4632 3227 4702 Dominus.
3248 4646 3488 4714 prestat
3513 4623 3678 4708 auxi;

2027 4709 2196 4774 lium.

2023 4801 2134 4892 TT,
2160 4805 2226 4860 In
2255 4805 2423 4876 ﬁnem
2461 4822 2562 4879 pro
2605 4809 2991 4887 torcularibus.
3023 4815 3189 4871 Filiis
3219 4817 3672 4892 Core..Psalmus,

2096 4891 2138 4948 Ο
2168 4893 2312 4954 Tres
2339 4897 2480 4950 sunt
2507 4894 2744 4975 psalmi,
2773 4898 2873 4970 qui
2906 4915 3024 4972 pro.
3043 4901 3434 4964 torcularibus
3464 4891 3678 4968 deseri;-

2023 4981 2264 5049 buntur,
2291 4981 2516 5072 scilicet
2555 4987 2812 5054 octavus,
2844 4991 2904 5042 et
2940 4990 3357 5068 octogesimus,
3382 4999 3560 5072 atque
3585 5017 3676 5060 σο-

2022 5068 2345 5142 togesimus
2366 5070 2594 5139 tertius,
2607 5076 2667 5128 et
2696 5073 2990 5152 signiﬁcat
3022 5079 3093 5134 ad
3126 5085 3390 5140 sanctam
3420 5068 3674 5147 Trinita-

2022 5161 2140 5216 tem
2172 5157 2283 5215 hoc
2313 5158 2658 5231 mysterium
2707 5161 2976 5222 Ecclesiae
3014 5167 3506 5246 _pertinere,quod
3535 5179 3673 5244 tnini

2024 5246 2255 5309 numeri
2287 5247 2629 5320 repetitione
2658 5256 2953 5308 sacratum
2978 5259 3088 5312 est.
3105 5257 3246 5316 Core
3265 5264 3480 5322 calvum
3504 5265 3676 5332 inter-

2023 5334 2238 5408 pretari
2260 5333 2538 5401 diximus,
2557 5337 2729 5409 cujus
2750 5341 3007 5400 nominis
3032 5344 3429 5422 interpretatio
3450 5354 3673 5413 denun-

2022 5422 2128 5483 tiat
2157 5423 2374 5490 locum,
2397 5423 2497 5480 ubi
2529 5424 2796 5484 Christus
2825 5431 3139 5496 cruciﬁxus
3167 5443 3257 5494 est
3281 5455 3294 5493 :
3319 5444 3377 5498 et
3401 5441 3534 5499 ideo
3567 5443 3668 5508 filii

2019 5510 2519 5606 Core,‘C_hristian_i
2541 5519 2841 5602 vocantur.
2865 5519 2944 5585 Ex
2965 5539 3214 5597 quorum
3243 5532 3671 5606 persona'psal-

2021 5617 2156 5660 mus
2183 5599 2294 5660 iste
2322 5600 2611 5662 cantatur.
2834 5600 2836 5602 ’
3165 5612 3174 5624 ’
3243 5599 3261 5605 ⁷
3633 5609 3640 5618 ’
