4112 6176
455 278 576 345 315

1365 272 1430 336 8.
1476 271 1872 337 BRUNONIS
1916 273 2530 360 HERBIPOLENSIS
2572 275 2948 344 EPISCOPI.

3742 279 3876 344 316

457 415 481 474 l
604 415 779 486 Quam
830 409 1032 470 dilecta
1086 405 1439 466 tabemacula
1487 413 1600 475 tua,
1647 408 1877 465 Domine
1924 415 2105 467 virtu-
2215 411 2699 482 futurum.0uem
2721 412 2914 471 locum
2939 417 3091 471 Deus
3113 411 3330 488 posuit,
3349 415 3415 471 ut
3434 412 3718 472 mandata
3736 415 3880 487 ejus

673 509 794 561 tum
819 522 841 558 .·

603 592 947 666 Concupiscit
973 594 1028 646 et
1055 589 1236 660 deﬁcit
1278 587 1470 644 anima
1516 603 1639 642 mea
1691 588 1751 642 in
1797 589 1942 643 atria
1994 593 2108 644 Do-

671 683 834 740 mini.

528 777 577 830 H
610 771 778 829 Multi
809 767 1143 825 desiderant
1165 765 1589 839 possessiones,
1613 764 1710 822 alii
1743 764 1940 820 sazculi
1961 764 2106 820 divi-

459 863 593 929 tias,
629 860 727 917 alii
777 873 1056 932 apparere
1104 855 1162 909 in
1195 853 1457 910 ecclesiis
1487 859 1546 910 et
1573 853 1819 927 gloriam
1851 853 2104 920 habere;

456 951 601 1008 mihi
623 949 813 1006 solum
837 947 945 1002 hoc
967 943 1323 1001 desiderium
1347 948 1434 999 est
1450 961 1462 998 :
1479 943 1901 999 videremterna
1923 943 2108 999 taber-

455 1037 686 1096 nacula.
719 1036 936 1093 Dilecta
969 1034 1172 1106 utique
1203 1036 1364 1099 sunt,
1391 1030 1491 1087 ubi
1523 1031 1892 1104 congregatio
1924 1030 2104 1086 virtu-

453 1133 579 1184 tum
612 1131 722 1194 est,
756 1142 870 1180 non
917 1123 1211 1178 vitiorum.
1247 1119 1614 1192 Concupiscit
1641 1119 1857 1186 anima,
1891 1119 1986 1174 hic
2015 1123 2107 1176 est

453 1215 614 1274 solus
631 1231 796 1271 amor
819 1229 986 1269 meus
1007 1229 1073 1268 ac
1097 1210 1454 1266 desiderium
1480 1214 1545 1265 ut
1569 1209 1792 1264 videam
1821 1207 2100 1264 atriatua.

451 1306 494 1363 C
523 1305 730 1362 Deﬁcit
770 1319 906 1358 vero
959 1317 1125 1356 mens
1169 1299 1499 1374 necessario
1548 1297 1606 1352 in
1658 1296 1824 1364 illud,
1859 1313 1973 1368 quo
2015 1297 2102 1352 di-

453 1400 608 1452 recta
628 1395 699 1450 ad
723 1407 980 1466 przrsens
1005 1407 1116 1444 non
1149 1387 1298 1443 valet
1329 1385 1649 1461 pervenire.
1683 1385 2103 1441 Considerabat

450 1483 607 1541 enim
640 1481 738 1537 ille
768 1479 1026 1536 coelestia
1053 1477 1288 1552 gaudia,
1323 1476 1423 1532 sed
1455 1474 1527 1531 ad
1558 1491 1624 1530 ea
1655 1492 1684 1530 e
1714 1473 1957 1546 vestigio
1983 1489 2099 1529 non

449 1575 676 1646 poterat
701 1568 1021 1644 pervenire.

447 1665 486 1718 2
591 1663 699 1718 Cor
724 1675 908 1714 meum
933 1665 986 1714 et
1011 1671 1138 1712 caro
1167 1671 1287 1710 mea
1320 1670 1334 1708 ε

589 1749 1020 1806 Exsultaverunt
1051 1747 1111 1800 in
1141 1747 1316 1800 Deum
1342 1745 1545 1798 vivum.

518 1839 560 1896 C
589 1839 694 1895 Hic
723 1835 1143 1893 advertendum
1175 1835 1282 1899 est,
1315 1835 1536 1904 quanta
1585 1829 1674 1885 vir
1720 1829 1828 1886 iste
1873 1827 2098 1885 sancti-

447 1931 563 1984 tate
613 1925 786 1983 fuerit
833 1923 1147 1998 prmelarus
1181 1939 1194 1978 :
1228 1925 1294 1976 ut
1333 1937 1448 1976 non
1493 1917 1682 1976 solum
1715 1919 1844 1990 ejus
1875 1917 2092 1986 anima,

443 2033 646 2072 verum
696 2013 872 2071 etiam
919 2029 1052 2068 caro
1089 2015 1239 2084 (qua:
1271 2009 1406 2084 plus
1436 2005 1926 2082 praevaricationis
1952 2005 2094 2063 vitio

443 2105 726 2179 probatur
754 2101 1024 2174 obnoxia)
1051 2101 1111 2156 in
1161 2096 1546 2156 exsultatione
1594 2095 1712 2161 Dei,
1745 2093 1896 2150 felici
1939 2099 2093 2151 sorte

443 2191 795 2266 proruperit,
810 2189 1133 2262 praevidens
1162 2187 1316 2243 bona
1344 2185 1523 2242 futuri
1555 2183 1772 2250 smculi,
1802 2199 1931 2256 qua:
1962 2200 2094 2239 con-

443 2280 660 2336 ﬁdebat
689 2295 751 2334 se
781 2277 970 2351 gratia
999 2274 1214 2332 Christi
1245 2272 1509 2346 adipisci.

441 2369 477 2426 3
585 2369 801 2424 Etenim
824 2381 1016 2440 passer
1045 2366 1256 2420 invenit
1296 2367 1351 2428 -ἑο
1373 2365 1484 2419 sibi
1549 2365 1564 2428 ζ
1609 2362 1828 2417 domum
1858 2379 1877 2416 :

585 2459 651 2513 Et
680 2463 864 2512 turtur
890 2453 1083 2509 nidum
1109 2453 1238 2519 sibi,
1273 2452 1370 2507 ubi
1395 2459 1626 2524 reponat
1652 2451 1833 2523 pullos
1861 2464 2002 2506 suos.

513 2545 555 2602 C
584 2545 794 2601 Passer
824 2546 913 2599 est
953 2541 1138 2597 nimia
1182 2540 1484 2597 velocitate
1533 2539 1892 2605 celerrimus,
1924 2537 2088 2593 habi-

441 2639 574 2692 tans
602 2635 662 2690 in
693 2630 1082 2688 foraminibus
1111 2630 1424 2704 parietum,
1455 2629 1577 2700 qui,
1606 2629 1749 2683 dum
1776 2627 2088 2682 habitatio-

441 2740 576 2780 nem
600 2721 902 2789 invenerit,
924 2719 1090 2776 valde
1111 2719 1280 2776 lzetus
1303 2717 1555 2775 exsultat
1579 2735 1592 2786 ;
1617 2717 1702 2773 sic
1723 2716 2087 2784 anima,dum

439 2813 498 2869 in
531 2828 708 2886 regno
737 2809 1017 2866 ccelorum
1047 2807 1416 2864 mansionem
1465 2823 1634 2863 suam
1684 2804 1933 2862 senserit
1961 2820 2090 2861 esse

441 2904 846 2976 praeparatam,
879 2899 1114 2972 gaudet.
1147 2897 1368 2952 Turtur
1412 2912 1546 2952 vero
1595 2894 1930 2952 castissima
1965 2893 2087 2950 avis

437 2993 546 3057 est,
575 2987 673 3062 qui
706 3004 826 3043 una
854 2989 1085 3042 tantum
1116 2989 1206 3041 est
1241 2984 1608 3059 copulatione
1657 2987 1984 3051 contentus,
2014 2983 2085 3038 ﬁ-

2216 503 2631 570 custodientes,
2665 503 2784 560 illic
2816 503 3168 562 collocemur
3189 503 3558 562 aeternaliter.

2214 592 2249 644 7
2359 593 2579 648 Etenim
2634 593 3025 650 benedictiones
3067 593 3220 650 dabit
3268 593 3548 666 legislator
3574 613 3594 651 :
3621 595 3786 652 ibunt
3812 595 3885 652 de

2429 683 2631 738 virtute
2658 685 2718 738 in
2743 684 3001 740 virtutem
3029 701 3048 739 :

2362 769 2641 826 Videbitur
2669 772 2808 827 Deus
2836 771 3062 829 deorum
3092 774 3152 828 in
3181 772 3335 829 Sion.

2290 857 2330 912 ll
2365 857 2688 932 Legislator
2715 859 2983 917 Christus
3013 864 3122 930 est,
3144 860 3247 934 qui
3276 861 3377 917 dat
3405 861 3891 920 benedictionem

2215 944 2310 1000 hic
2355 946 2504 1002 bene
2551 948 2970 1020 pugnantibus.
3002 950 3073 1006 Et
3119 950 3290 1006 ibunt
3318 951 3390 1006 de
3419 950 3631 1007 virtute
3662 952 3726 1007 in
3759 952 3885 1009 vir-

2216 1038 2398 1090 tutem
2434 1053 2446 1093 :
2483 1037 2580 1109 qui
2615 1037 2711 1094 hic
2743 1039 2918 1096 fortes
2960 1038 3360 1112 apparuerint,
3393 1039 3474 1095 ibi
3506 1041 3885 1100 robustiores

2214 1121 2381 1180 ﬁunt.
2415 1124 2456 1180 C
2485 1125 2638 1182 Deus
2688 1127 2930 1184 deorum
2981 1127 3217 1197 dicitur,
3249 1128 3402 1184 sicut
3430 1129 3548 1186 Rex
3575 1145 3791 1203 regum
3821 1135 3882 1186 et

2213 1212 2496 1269 Dominus
2526 1214 2935 1272 dominantim.
2968 1219 3017 1271 Η
3047 1219 3277 1283 Quanta
3319 1215 3519 1272 laetitia
3558 1221 3650 1274 est
3679 1217 3765 1275 ire
3801 1220 3877 1275 de

2211 1299 2423 1357 virtute
2453 1301 2512 1358 in
2545 1303 2841 1372 virtutem,
2863 1309 2919 1361 et
2939 1304 3048 1361 hoc
3077 1305 3274 1378 ipsum
3305 1305 3520 1366 habere
3549 1306 3874 1378 praemium

2212 1393 2277 1445 ut
2297 1389 2594 1448 Christum
2617 1393 2810 1451 videre
2832 1410 3162 1452 mereamur
3185 1413 3198 1451 :
3224 1395 3408 1452 Deum
3431 1395 3647 1469 quippe
3667 1396 3879 1454 videre

2211 1478 2442 1535 inﬁnita
2471 1498 2685 1537 corona
2713 1487 2824 1538 est.
2855 1483 2979 1539 Non
3009 1483 3154 1540 dicit
3179 1487 3379 1540 autem
3409 1501 3421 1540 :
3455 1483 3626 1540 ibunt
3654 1485 3730 1541 de
3761 1485 3882 1542 im-

2209 1565 2523 1625 becillitate
2554 1570 2614 1625 in
2647 1571 2944 1640 virtutem,
2977 1573 3078 1629 sed
3109 1573 3182 1628 de
3209 1572 3424 1628 virtute
3451 1573 3511 1628 in
3561 1573 3880 1641 virtutem,

2210 1655 2350 1728 quia
2399 1657 2508 1714 nisi
2559 1658 2654 1715 hic
2703 1659 3090 1718 habuerimus
3137 1659 3436 1727 virtutem,
3465 1661 3548 1716 ibi
3581 1663 3881 1734 majorem

2129 1788 2178 1855 Β
2208 1744 2422 1802 habere
2452 1763 2568 1804 non
2600 1764 2940 1820 possumus.
2971 1749 3073 1805 Vis
3103 1748 3186 1805 ibi
3214 1749 3614 1818 coronari,hic
3643 1767 3880 1824 pugna.

2209 1834 2240 1855 ο
2690 1841 2756 1855 η,
2954 1841 3016 1855 .,
3067 1846 3078 1855 ,
3441 1837 3480 1855 ..
3571 1829 3580 1835 -
3671 1841 3711 1855 ,.

2207 1834 2241 1888 8
2348 1835 2595 1905 Domine,
2676 1841 2824 1894 Deus
2907 1841 3194 1906 virtutum,
3273 1837 3480 1894 exaudi
3559 1834 3881 1897 Orationem

2415 1941 2596 1981 meam
2617 1944 2637 1982 .’

2343 2012 2580 2071 Auribus
2606 2017 2844 2090 percipe,
2871 2017 3014 2073 Deus
3040 2016 3224 2074 Iacob.
3257 2017 3580 2090 Diapsalma
3609 2035 3630 2074 :

2273 2100 2314 2156 C
2343 2101 2496 2160 Deus
2527 2103 2830 2175 virtutum,
2852 2109 2911 2162 et
2923 2105 3297 2176 DeusJacob,
3319 2105 3443 2178 ipse
3464 2109 3555 2163 est
3583 2105 3868 2166 Christus

2199 2187 2392 2258 Jesus,
2407 2192 2507 2266 qui
2534 2192 2907 2252 inimicorum
2929 2211 3172 2252 suorum
3195 2210 3322 2251 esse
3351 2193 3867 2252 clementissimus

2201 2279 2614 2353 supplantator
2637 2285 3027 2357 cognoscitur,
3062 2283 3297 2357 quando
3322 2300 3524 2340 eorum
3556 2283 3868 2358 nequitias

2201 2367 2273 2422 ad
2303 2368 2586 2427 virtutum
2617 2373 2858 2430 semitas
2901 2373 3040 2430 facit
3067 2373 3363 2446 pervenire
3391 2372 3662 2430 directas.
3697 2374 3866 2431 Dici-

2199 2459 2297 2510 tur
2323 2474 2455 2514 vero
2486 2459 2642 2516 Deus
2671 2460 2975 2533 virtutum,
2998 2463 3278 2534 quoniam
3309 2461 3382 2516 ab
3407 2459 3539 2534 ipso
3560 2459 3867 2518 habemus

2199 2548 2484 2604 uteamus
2513 2548 2584 2605 de
2613 2548 2823 2607 virtute
2844 2549 2903 2606 in
2934 2549 3292 2618 virtutem,ct
3320 2549 3393 2606 ab
3414 2547 3543 2622 ipso
3565 2552 3708 2606 sunt
3727 2548 3866 2606 solo

2198 2649 2404 2691 omnes
2431 2635 2693 2694 virtutes.

2197 2720 2234 2774 9
2341 2725 2614 2782 Protector
2640 2735 2841 2795 noster,
2873 2728 3072 2800 aspice,
3104 2729 3245 2784 Deus
3275 2746 3294 2783 :

2339 2814 2406 2869 Et
2433 2815 2638 2887 respice
2666 2817 2725 2872 in
2754 2819 2955 2889 faciem
2987 2818 3182 2874 christi
3207 2817 3308 2874 tui.

2273 2902 2312 2956 ll
2348 2902 2606 2977 Respicit
2637 2905 2793 2962 enim
2826 2906 2996 2963 Pater
3025 2906 3086 2963 in
3117 2907 3323 2963 faciem
3355 2905 3504 2975 Filii,
3528 2906 3776 2978 quando
3799 2906 3865 2963 in

2197 3007 2305 3047 nos
2356 3008 2460 3064 per
2513 3010 2684 3050 suam
2728 2994 2976 3068 gratiam
3028 2995 3315 3069 respicere
3374 2994 3672 3068 dignatur,
3713 2994 3872 3068 quia

436 3077 650 3152 liisque
679 3077 805 3134 suis
835 3075 1132 3132 nidiﬁcare
1163 3073 1553 3147 cognoscitur,
1585 3077 1644 3130 et
1671 3072 1962 3146 signiﬁcat
1990 3071 2090 3127 Ec-
2196 3077 2465 3138 Christus
2495 3088 2688 3156 caput,
2715 3101 2821 3141 nos
2853 3085 3118 3142 membra
3145 3083 3333 3158 ipsius
3365 3087 3670 3156 sumug,et
3689 3083 3869 3142 ειη-ί-

437 3167 700 3236 clesiam,
724 3183 873 3238 quae,
897 3169 1106 3238 praeter
1123 3163 1336 3220 Christi
1360 3162 1612 3232 Domini,
1634 3161 1876 3219 alterius
1903 3160 2091 3217 nescit
2117 3159 2161 3226 α
2200 3172 2329 3227 stus
2359 3170 2419 3226 in
2451 3171 2620 3229 nobis
2649 3177 2759 3230 εει,
2785 3173 2948 3230 unde
2968 3173 3094 3247 ipse
3117 3174 3198 3230 ait
3219 3190 3231 3228 ;
3255 3173 3364 3238 Qui
3387 3189 3486 3230 νοε
3510 3172 3740 3246 recipit,
3763 3191 3868 3231 me

435 3255 652 3313 habere
681 3253 1064 3310 consortium.

437 3345 471 3399 4
577 3343 792 3398 Altaria
821 3349 935 3408 tua,
967 3343 1193 3397 Domine
1217 3343 1480 3398 virtutum
1507 3359 1526 3397 :

580 3430 695 3485 Rex
720 3444 872 3484 meus
901 3433 954 3484 et
981 3435 1117 3486 Deus
1144 3446 1315 3485 meus.

509 3516 552 3572 C
578 3516 799 3572 Altaria
823 3522 942 3582 tua,
972 3517 1072 3572 ubi
1105 3517 1477 3590 jungendum
1509 3522 1600 3573 est
1627 3518 1780 3590 quod
1815 3517 1874 3572 in
1899 3516 2088 3590 primo

437 3621 609 3663 versu
641 3604 863 3661 dictum
895 3609 986 3660 est
1017 3622 1031 3660 :
1065 3623 1245 3678 quam
1293 3605 1570 3662 amabilia
1619 3610 1758 3662 sunt
1791 3611 1849 3662 et
1879 3605 2088 3661 dilecta

437 3697 579 3751 sunt
610 3710 624 3749 :
660 3693 758 3748 ubi
791 3693 1032 3750 satietas
1052 3710 1285 3766 semper
1314 3694 1504 3767 magis
1530 3693 1752 3762 incitat,
1783 3711 1888 3750 nec
1917 3695 2088 3750 beata

437 3781 661 3839 esuries
708 3781 1025 3854 aliquando
1075 3781 1344 3838 discedit.
1382 3783 1501 3838 Rex
1527 3800 1561 3838 a
1589 3781 1820 3854 regendo
1851 3782 2082 3852 dicitur,

436 3869 592 3925 Deus
621 3885 755 3924 vero
785 3886 820 3924 a
849 3869 1098 3938 creando,
1131 3869 1402 3942 quamvis
1448 3874 1506 3926 et
1551 3869 1821 3925 timorem
1873 3886 2086 3926 nomen

435 3956 581 4014 illud
614 3957 852 4016 indicet.

431 4047 470 4104 5
575 4049 736 4106 Beati
757 4050 857 4120 qui
881 4048 1132 4104 habitant
1163 4050 1219 4104 in
1252 4047 1406 4105 domo
1437 4056 1534 4104 tua
1561 4067 1579 4103 :

575 4137 641 4192 In
669 4137 873 4193 saecula
900 4137 1228 4194 saeculorum
1258 4137 1563 4194 laudabunt
1592 4145 1660 4193 te.
1693 4138 2026 4210 Diapsalma.

503 4225 546 4282 C
581 4224 782 4290 Qualis
813 4241 950 4297 ergo
979 4224 1140 4282 illius
1191 4225 1385 4282 saeculi
1441 4229 1686 4282 ventura
1731 4225 1931 4282 laetitia
1972 4232 2082 4294 est,

433 4313 532 4371 ubi
562 4315 736 4370 datur
759 4314 991 4388 copiose
1020 4316 1294 4389 gaudere,
1309 4320 1367 4371 et
1381 4331 1687 4388 nunquam
1709 4316 1783 4372 ab
1814 4332 1881 4372 ea
1911 4332 2083 4388 posse

431 4403 750 4484 discedere,
784 4407 841 4457 et
870 4403 998 4459 sine
1026 4405 1143 4460 ﬁne
1173 4405 1358 4460 Deum
1389 4403 1632 4460 laudare
1653 4405 1681 4461 ?

429 4493 466 4548 6
572 4496 778 4547 Beatus
805 4493 893 4547 vir
910 4493 1066 4564 cujus
1094 4502 1174 4550 est
1200 4493 1481 4549 auxilium
1506 4494 1602 4550 abs
1633 4498 1713 4550 te:
1743 4495 2082 4552 ascensiones
2112 4525 2162 4592 Ι)

646 4581 704 4635 in
733 4580 890 4636 corde
918 4597 1015 4637 suo
1043 4581 1308 4655 disposuit
1339 4584 1400 4638 in
1423 4584 1566 4639 valle
1596 4584 1972 4656 laerymarum
2001 4601 2020 4640 :

573 4670 634 4724 In
666 4669 780 4726 loco
810 4685 968 4742 quem
995 4673 1198 4743 posuit.

499 4757 541 4814 C
568 4757 768 4815 Prodit
795 4756 892 4816 hic
934 4757 1164 4816 labores
1203 4757 1762 4833 colluctationesque
1791 4759 2079 4830 difﬁciles,

427 4864 564 4905 cum
585 4845 748 4917 dicit,
775 4846 1059 4904 auxilium
1091 4849 1194 4905 abs
1225 4853 1302 4904 te.
1333 4849 1401 4905 Et
1421 4847 1560 4920 quia
1579 4865 1684 4921 per
1703 4849 1952 4906 liberum
1982 4867 2078 4907 vo-

425 4936 671 4994 luntatis
697 4937 1148 5006 arbitrium,Dei
1161 4937 1350 5012 gratia
1371 4937 1663 5010 adjutum,
1688 4938 1952 4995 ascensio
1969 4939 2082 4996 ista

427 5025 779 5098 disponitur,
813 5025 1027 5099 adjecit
1060 5043 1074 5082 :
1105 5043 1387 5084 ascensus
1417 5025 1477 5082 in
1516 5027 1687 5083 corde
1735 5028 1886 5100 ejus,
1919 5029 2078 5101 quia,

428 5129 563 5169 cum
610 5112 812 5169 vicerit
863 5116 998 5186 quis
1048 5116 1264 5173 auxilio
1315 5117 1415 5173 Dei
1459 5115 1786 5185 libidinem,
1820 5117 2083 5174 ascendit

427 5200 684 5274 primum
715 5204 964 5274 gradum
991 5223 1005 5274 ;
1039 5221 1172 5260 cum
1200 5205 1540 5263 dominatus
1572 5206 1746 5263 fuerit
1771 5207 2078 5280 superbiae,

427 5290 588 5347 subit
615 5289 862 5347 alterum
893 5309 908 5360 ;
941 5293 1081 5348 dum
1133 5295 1493 5368 superaverit
1544 5296 1871 5362 avaritiam,
1922 5296 2084 5352 subit

423 5377 683 5446 tertium,
717 5383 775 5434 et
806 5386 895 5436 tot
923 5382 1204 5454 gradibus
1253 5384 1518 5440 evehitur
1546 5389 1692 5457 quot
1720 5384 1876 5440 vitiis
1907 5384 2084 5440 fuerit

425 5465 754 5524 absolutus.
785 5468 970 5524 Vallis
998 5468 1414 5544 lacrymarum,
1445 5471 1755 5530 humilitas
1785 5477 1874 5529 est
1894 5473 2082 5546 pmni-

450 5555 604 5613 entis
633 5572 648 5625 ;
679 5554 846 5614 locus
899 5574 1072 5630 quem
1119 5561 1336 5633 posuit,
1369 5579 1616 5636 regnum
1657 5561 1759 5620 Dei
1791 5561 2084 5637 signiﬁcat

2197 3257 2400 3332 recipit
2432 3260 2582 3333 (Luc.
2613 3262 2694 3334 χ).
2730 3263 2798 3318 Et
2839 3262 3197 3335 Apostolus:
3244 3263 3333 3318 An
3380 3260 3864 3335 experimentum

2197 3349 2458 3418 quaeritis
2489 3350 2620 3422 ejus
2651 3351 2752 3424 qui
2779 3351 2840 3407 in
2863 3369 2955 3408 me
2974 3351 3239 3425 loquitur
3259 3350 3527 3408 Christus
3548 3350 3578 3406 ?
3605 3351 3685 3422 (II
3717 3353 3862 3408 Cor.

2194 3439 2338 3509 xm.)
2370 3438 2519 3505 Quia
2565 3439 2764 3514 itaque
2809 3439 3078 3496 Christus
3109 3441 3168 3497 in
3199 3440 3370 3497 nobis
3399 3443 3508 3507 est,
3537 3438 3600 3494 in
3633 3438 3864 3497 Christi

2195 3526 2403 3584 faciem
2434 3526 2650 3584 dicitur
2679 3530 2849 3586 Pater
2875 3529 3184 3603 respicere,
3204 3545 3338 3586 cum
3360 3529 3418 3584 in
3449 3543 3556 3585 nos
3586 3528 3863 3602 respicit,

2195 3615 2334 3688 quia
2361 3621 2599 3690 propter
2627 3635 2761 3674 eum
2792 3635 2900 3674 nos
2931 3618 3191 3690 respicit.

2197 3704 2265 3760 10
2339 3707 2609 3774 Quoniam
2636 3708 2832 3764 melior
2861 3715 2937 3764 est
2965 3707 3082 3764 dies
3127 3713 3182 3774 -j-
3209 3723 3324 3764 una
3363 3713 3378 3772 ξ
3423 3708 3484 3762 in
3509 3707 3676 3762 atriis
3705 3708 3866 3764 tuis:

2336 3793 2511 3866 Super
2537 3796 2742 3852 millia.

2265 3883 2306 3938 C
2336 3881 2469 3938 Dies
2491 3881 2606 3940 ista
2621 3889 2837 3942 aeterna
2863 3889 2973 3955 est,
2997 3901 3102 3942 nec
3131 3883 3369 3942 initium
3399 3883 3578 3940 habet
3607 3899 3718 3940 nec
3735 3884 3863 3943 ﬁne

2194 3969 2580 4028 concluditur.
2598 3973 2644 4029 H
2679 3973 2804 4030 Una
2831 3973 2956 4030 dies
2987 3978 3077 4031 est
3105 3977 3404 4048 perpetua,
3429 3973 3571 4046 quia
3600 3989 3722 4030 non
3755 3973 3866 4031 ha-

2193 4060 2291 4116 bet
2311 4065 2540 4118 noctem
2562 4078 2668 4120 nec
2689 4063 2961 4120 tenebras
2981 4063 3162 4136 (Apoc.
3180 4066 3318 4133 xxi).
3345 4063 3387 4119 C
3417 4063 3608 4135 Super
3635 4060 3859 4132 millia,

2194 4150 2484 4206 mundum
2501 4150 2682 4208 istum
2694 4152 3116 4226 signiﬁcat,ubi
3139 4151 3328 4209 millia
3346 4153 3573 4210 dierum
3591 4152 3864 4208 sustinet

2192 4237 2253 4292 in
2277 4238 2547 4306 ﬁnem,et
2567 4241 2640 4296 ab
2663 4257 2780 4297 uno
2801 4239 2899 4298 illo
2921 4241 3199 4309 vincitur,
3213 4241 3502 4315 quidquid
3520 4239 3579 4297 in
3593 4239 3863 4297 istorum

2193 4326 2782 4400 multiplicationibus
2815 4334 3183 4404 aggregatur.

2194 4417 2256 4471 11
2333 4417 2490 4488 Elegi
2517 4418 2759 4490 abjectus
2785 4434 2901 4475 esse
2930 4421 2994 4475 in
3019 4419 3175 4477 domo
3203 4421 3304 4476 Dei
3329 4419 3440 4476 mei
3470 4434 3483 4472 :

2333 4507 2506 4578 Magis
2556 4523 2722 4579 quam
2767 4507 3022 4565 habiiare
3065 4509 3128 4564 in
3176 4507 3544 4566 tabernaculis
3596 4513 3868 4578 peccato-

2405 4611 2548 4652 rum.

2263 4683 2305 4739 C
2332 4684 2608 4755 Abjectus
2628 4685 2784 4742 enim
2805 4684 2904 4743 ille
2925 4689 3034 4754 est,
3048 4686 3152 4760 qui
3171 4685 3433 4742 humana
3461 4682 3864 4740 aestimatione

2191 4771 2445 4829 habetur
2462 4777 2789 4846 extremus;
2807 4775 2912 4832 sed
2933 4775 3089 4849 apud
3115 4775 3300 4832 Deum
3317 4771 3687 4831 honorabilis
3701 4772 3871 4844 judi-

2190 4865 2376 4933 catur,
2392 4861 2495 4935 qui
2516 4867 2754 4937 propter
2774 4880 2986 4921 nomen
3010 4863 3202 4938 ipsius
3225 4864 3382 4920 intra
3401 4860 3680 4919 homines
3701 4861 3869 4918 vide-

2189 4954 2286 5006 tur
2316 4967 2444 5008 esse
2492 4951 2820 5025 despectus.
2855 4950 3257 5009 Tabernacula
3300 4953 3701 5024 peccatorum,
3734 4949 3868 5006 vita

2189 5055 2446 5112 praesens
2467 5055 2596 5096 esse
2619 5041 3002 5115 dignoscitur,
3015 5041 3106 5097 vel
3121 5039 3309 5116 gloria
3319 5036 3515 5096 saeculi
3532 5041 3591 5094 et
3609 5055 3862 5112 pompa.

2189 5127 2237 5184 H
2259 5126 2430 5185 Volui
2456 5128 2655 5202 itaque
2675 5133 2732 5186 et
2751 5129 2898 5204 elegi
2919 5146 3048 5187 esse
3073 5130 3359 5187 minimus
3377 5127 3440 5186 in
3460 5143 3645 5202 regno
3673 5126 3867 5184 ccelo-

2189 5234 2323 5273 rum
2353 5217 2543 5292 magis
2573 5233 2750 5291 quam
2783 5218 2842 5274 in
2872 5219 2986 5276 isto
3017 5219 3232 5277 saeculo
3265 5219 3516 5293 primus.

2191 5306 2260 5361 12
2333 5307 2475 5376 Quia
2493 5309 2928 5366 misericordiam
2943 5311 3291 5366 etveritatem
3320 5307 3571 5379 -j-diligit
3586 5307 3733 5362 Deus
3775 5311 3790 5371 ζ
3845 5322 3862 5361 :

2331 5398 2583 5453 Gratiam
2609 5401 2662 5453 ei
2689 5398 2928 5468 gloriam
2955 5397 3113 5454 dabit
3140 5399 3422 5455 Dominus.

2263 5485 2308 5539 Η
2339 5484 2738 5542 Misericordia
2770 5485 2865 5564 Dei
2892 5490 3000 5556 est,
3027 5486 3310 5559 quoniam
3341 5501 3411 5542 ex
3441 5481 3871 5558 peccatoribus

2187 5571 2365 5629 efﬁcit
2388 5573 2584 5646 justos
2610 5592 2624 5643 ;
2655 5573 2887 5647 veritas,
2922 5574 3060 5648 quia
3089 5591 3206 5654 non
3239 5573 3471 5649 negavit
3495 5571 3680 5646 justis
3702 5587 3860 5645 pre.-
