4054 6168
198 328 299 389 325

1335 318 1338 322 ’
1397 312 1813 397 Exposmo
1862 332 2371 402 PSALMORUM.

3480 349 3598 413 326

197 447 406 506 quoque
436 430 934 522 mortisclaustra
963 433 1264 508 confregit.
1300 436 1492 509 Ipsius
1517 440 1675 496 enim
1697 444 1824 496 tan-
1852 444 1909 510 Α
1939 441 2062 516 ligi,
2094 462 2242 518 quas
2272 447 2442 504 bonis
2472 449 2702 506 actibus
2731 464 2966 522 semper
3005 451 3252 508 tetendit
3281 454 3353 509 ad
3386 454 3593 513 Deum'

200 528 308 578 tum
339 537 495 576 mors
527 519 717 577 libera
767 521 899 592 fuit,
931 523 1032 594 qui
1080 528 1386 596 peccatum
1436 543 1553 583 non
1601 528 1753 597 fecit,
1777 535 1835 585 et
1876 594 1881 601 ,

196 628 334 667 mors
357 624 591 682 quoque
619 610 751 681 ejus
778 609 1109 668 voluntaria
1136 611 1289 669 fuit’:
1323 619 1380 669 et
1408 613 1543 671 licet
1573 616 1721 673 liber
1749 634 1835 674 es-

196 704 271 756 set
299 699 448 755 inter
475 701 766 765 mortuos,
797 702 996 755 tamen
1028 717 1063 756 a
1091 701 1466 759 dementibus
1508 706 1836 763 aestimatus

195 792 271 846 est
298 786 443 843 sicut
470 786 781 853 vulnerati,
816 794 925 843 etc.

195 881 227 934 5
318 877 471 933 Sicut
494 877 776 932 vulnerati
802 876 1131 935 dormientes
1180 881 1241 936 in
1288 883 1556 954 sepulcris
1604 900 1839 956 quorum

383 982 495 1022 non
520 981 576 1021 es
602 981 812 1022 memor
839 968 1080 1040 amplius
1111 987 1130 1024 .-

317 1060 383 1111 Et
411 1056 520 1127 ipsi
547 1055 613 1110 de
639 1071 815 1110 manu
844 1062 941 1111 tua
968 1058 1182 1128 repulsi
1202 1067 1346 1116 sunt.

258 1143 518 1200 C'Adbuc
549 1142 710 1199 enim
741 1144 813 1200 de
845 1143 962 1201 illis
990 1146 1331 1204 vanissimis
1367 1149 1636 1222 dicit,qui
1669 1154 1838 1224 puta-

201 1234 323 1289 bant
351 1237 555 1299 Deum,
588 1232 793 1288 lancea
819 1232 1211 1304 vulneratum,
1243 1238 1756 1311 occisum,pariter
1783 1244 1842 1296 et

207 1321 686 1395 sepultum,quasi
710 1338 895 1377 unum
926 1339 993 1378 ex
1012 1322 1351 1382 hominibus
1372 1327 1841 1393 sceleratis.Quo-

198 1427 310 1466 rum
335 1427 454 1467 non
483 1427 547 1466 es
589 1426 837 1479 memor,
863 1410 924 1466 id
954 1416 1062 1480 est,
1097 1413 1169 1469 de
1217 1414 1437 1486 quibus
1484 1432 1600 1472 non
1654 1417 1836 1474 habes

199 1516 397 1566 curam,
412 1497 693 1572 quoniam
728 1499 981 1573 peccatis
1008 1501 1422 1571 facientibus,a
1444 1508 1499 1559 te
1518 1506 1840 1563 reddeban-

198 1596 281 1644 tur
305 1587 495 1645 alieni.
537 1588 750 1643 Curam
800 1588 984 1661 igitur
1027 1590 1306 1664 intelligo,
1342 1593 1533 1663 quoad
1582 1594 1833 1651 salutem

197 1693 396 1733 eorum.
428 1676 498 1731 Et
527 1675 644 1747 ipsi
689 1676 910 1748 repulsi
948 1683 1090 1736 sunt
1125 1696 1138 1733 :
1173 1679 1282 1734 hoc
1312 1685 1420 1747 est,
1451 1682 1564 1753 ipsi
1592 1700 1625 1738 a
1657 1700 1837 1739 manu

1940 532 2084 588 Nam
2118 534 2166 590 si
2198 535 2319 593 haec
2346 537 2501 593 cruci
2526 538 2923 609 junxerimus,
2954 541 3260 613 sequentia
3300 542 3597 618 discrepa-

1943 711 2002 767 tl
2083 714 2346 785 Nunquid
2372 717 2607 772 mortuis
2632 717 2801 787 facies
2830 718 3120 774 mirabilia
3153 737 3168 776 :

2082 804 2188 856 Aut
2249 803 2450 859 medici
2513 806 2857 861 suseitabunt
2903 814 2956 862 et
3005 808 3408 878 conﬁtebuntur
3472 812 3595 868 tibi.

2157 892 2496 963 Diapsalma.

2015 981 2055 1035 C
2084 979 2465 1053 Nequaquam
2497 982 2633 1038 fecit
2662 982 2956 1039 mirabilia
2982 985 3316 1052 mortuis,id
3348 991 3454 1056 est,
3479 1006 3596 1046 non

1945 1068 2337 1124 credentibus.
2354 1069 2477 1125 Illis
2498 1068 2641 1126 solis
2671 1071 2970 1127 mirabilia
2996 1072 3274 1146 ﬁunt,qui
3302 1076 3601 1149 magnalia

1945 1155 2047 1211 Dei
2077 1158 2187 1211 sub
2217 1158 2558 1215 credulitate
2589 1160 3106 1232 conspiciunt.Aut
3126 1163 3337 1220 medici
3357 1167 3602 1223 suscita-

1946 1245 2111 1301 bunt.
2146 1245 2263 1302 Hoc
2293 1246 2508 1303 dicitur
2538 1248 2803 1320 negative
2836 1266 2849 1304 :
2885 1250 3024 1322 quia
3054 1251 3266 1308 medici
3306 1255 3448 1310 dum
3480 1271 3600 1311 cor-

1947 1334 2186 1407 poribus
2203 1336 2462 1407 prebent
2481 1337 2939 1403 curam,animas
2958 1343 3152 1396 tamen
3177 1343 3427 1412 peccatis
3450 1360 3598 1400 morb

1945 1428 2080 1479 tuas
2109 1424 2457 1481 resuscitare
2495 1441 2611 1481 non
2641 1426 2945 1483 valent:ut
2973 1428 3338 1489 confessione
3364 1431 3600 1488 verissi-

1947 1528 2045 1566 ma
2072 1511 2454 1579 vivilicentur,
2485 1514 2583 1585 qui
2609 1513 2973 1570 inﬁdelitatis
3004 1531 3123 1570 sua:
3143 1516 3383 1573 vulnera
3404 1510 3599 1591 pertu-

1946 1598 2421 1656 lerunt:verum
2477 1618 2583 1657 nec
2647 1602 2856 1658 medici
2924 1619 3257 1675 corporum,
3313 1606 3440 1662 sine
3498 1608 3599 1663 Dei

1946 1704 2207 1757 munere,
2239 1690 2409 1761 mgris
2441 1688 2691 1745 salutem
2722 1691 2863 1747 dare
2894 1697 3161 1763 possunt.

200 1767 284 1822 Dei
326 1766 673 1876 probantur.
697 1766 946 1839 expulsi,
1000 1769 1141 1823 dum
1173 1786 1206 1824 a
1236 1770 1657 1841 gubernatione
1702 1774 1831 1844 ejus
1866 1811 1912 1876 B
1951 1776 2015 1831 l2
2086 1777 2345 1850 Nunquid
2370 1780 2623 1834 narrabit
2651 1780 2858 1850 aliquis
2886 1783 2948 1835 in
2988 1782 3236 1852 sepulcro
3283 1768 3599 1841 miserit-or?

201 1856 574 1911 reddebantur
597 1854 796 1911 alieni.

198 1946 227 1998 6
319 1948 626 1999 Posuerunt
652 1961 739 2000 me
767 1947 830 2000 in
859 1946 983 2001 lacu
1013 1948 1271 2018 inferiori
1300 1965 1313 2003 :

317 2034 379 2088 In
406 2034 710 2088 tenebrosis
738 2041 791 2088 et
818 2035 1015 2090 umbra
1040 2037 1247 2092 mortis.

258 2125 293 2175 ϐ
320 2122 503 2177 Lacus
528 2139 636 2194 pro
670 2122 897 2179 inferno
928 2124 1186 2196 ponitur,
1213 2130 1269 2181 et
1300 2142 1403 2198 pro
1434 2127 1734 2199 sepultura
1756 2128 1834 2185 fo-

200 2208 345 2276 veali,
375 2214 431 2266 et
458 2227 567 2283 pro
596 2209 805 2266 mundi
837 2212 1011 2269 istius
1042 2214 1504 2286 profundissima
1532 2218 1831 2274 calamita-

202 2300 446 2372 te:quod
478 2299 575 2355 hic
604 2300 790 2356 voluit
818 2300 1159 2375 intelligi.ln
1187 2304 1462 2373 tenebris,
1490 2306 1545 2359 id
1578 2311 1686 2374 est,
1722 2308 1831 2363 sub

202 2378 488 2445 oblivionis
515 2390 790 2446 caecitate.
824 2390 1044 2447 Umbra
1086 2392 1313 2461 mortis,
1347 2399 1717 2466 peccatorum
1743 2397 1831 2452 in-

200 2478 332 2533 dicat
358 2478 579 2547 locum,
614 2478 756 2534 dum
788 2478 871 2534 eis
902 2480 1185 2552 gaudium
1214 2498 1329 2537 non
1374 2483 1610 2552 relucet,
1640 2485 1739 2558 qui
1775 2487 1831 2542 in

200 2572 462 2640 perpetua
489 2583 608 2622 suae
640 2568 890 2623 tristitiae
921 2568 1280 2626 obscuritate
1311 2573 1651 2630 manebunt.

196 2659 225 2711 7
320 2658 499 2730 Super
524 2674 613 2714 me
637 2659 986 2729 conﬁrmatus
1014 2663 1094 2714 est
1120 2661 1281 2732 furor
1309 2665 1436 2716 tuus
1466 2681 1486 2717 .·

316 2749 380 2802 Et
428 2762 613 2803 omnes
640 2748 838 2817 ﬂuctus
869 2755 989 2803 tuos
1035 2748 1313 2805 induxisti
1337 2766 1503 2823 super
1548 2769 1652 2809 me.
1706 2756 1834 2810 Dia-

380 2836 623 2908 psalma.
737 2834 741 2839 ’

253 2926 288 2980 C
308 2924 607 2981 Putabant
631 2924 817 2979 Judaei
846 2941 950 2999 per
978 2926 1236 2983 furorem
1271 2927 1389 2995 Dei,
1413 2928 1618 2986 Jesum
1669 2931 1832 2987 Chri-

197 3018 330 3069 stum
357 3014 436 3069 ad
466 3012 730 3085 pericula
757 3013 1048 3085 passionis
1072 3017 1405 3087 pervenisse
1439 3035 1452 3073 :
1486 3018 1639 3075 sicut
1675 3022 1833 3077 dice-

197 3101 575 3170 bant,Liberet
602 3118 737 3158 eum
768 3102 818 3157 si
848 3101 984 3159 vult'
1003 3105 1219 3176 (Matth.
1241 3107 1437 3179 xxvn).
1473 3108 1519 3163 H
1553 3108 1660 3165 Per
1686 3110 1832 3166 ﬂuc-

200 3192 446 3260 tus,iram
478 3191 700 3247 furoris
729 3191 852 3247 vult
871 3192 1323 3268 intelligi,quem
1346 3196 1515 3252 Pater
1535 3198 1833 3256 eﬂ‘usurus

198 3279 358 3338 uisset
379 3296 572 3354 super
603 3296 811 3336 omnes
858 3286 1084 3355 gentes.
1117 3287 1303 3356 Super
1350 3301 1443 3341 me
1491 3286 1776 3344 induxisti
1812 3305 1825 3344 :

202 3371 282 3441 qui
311 3375 553 3443 peccata
579 3386 783 3425 eorum
814 3371 1069 3443 suscepi,
1096 3371 1247 3428 sicut
1267 3372 1406 3428 alibi
1429 3375 1512 3430 ait
1543 3393 1557 3430 :
1590 3376 1832 3450 PrOpter

202 3464 410 3530 peccata
438 3457 647 3532 papuli
677 3459 793 3514 mei
820 3460 1083 3532 percussi
1114 3477 1248 3517 eum
1280 3462 1406 3534 (Isa.
1440 3465 1577 3536 LIII).

198 3548 225 3599 8
346 3551 530 3620 Longe
558 3548 741 3619 fecisti
770 3555 919 3604 notos
946 3564 1091 3605 meos
1119 3567 1152 3605 a
1180 3566 1268 3606 me
1294 3570 1314 3606 .-

344 3640 663 3694 Posuerunt
689 3653 778 3692 me
803 3639 1271 3695 abominationem
1296 3642 1425 3696 sibi.

196 3725 225 3778 9
350 3726 608 3783 Traditus
634 3742 756 3781 sum
784 3734 839 3783 et
861 3744 970 3783 non
999 3729 1319 3797 egrediebar
1348 3746 1363 3786 :

345 3815 509 3872 Oculi
536 3818 650 3871 mei
677 3815 1008 3887 languerunt
1030 3832 1153 3888 prae
1180 3820 1386 3891 inopia.

196 3903 251 3956 10
345 3906 607 3962 Clamavi
635 3904 707 3959 ad
734 3912 805 3973 te,
837 3906 1082 3973 Domine,
1113 3910 1225 3961 tota
1255 3907 1343 3964 die
1374 3924 1387 3963 :

343 3992 604 4066 Expandi
632 3993 703 4048 ad
731 4000 781 4049 te
806 4010 1008 4049 manus
1035 4011 1203 4050 meas.

250 4083 284 4137 C
306 4082 485 4139 Notos
514 4082 673 4138 enim
707 4083 1005 4154 apostolos
1036 4082 1418 4156 appellat.llle
1447 4086 1603 4142 enim
1624 4103 1828 4144 omnes

196 4175 339 4228 notos
366 4171 580 4228 habuit
610 4188 681 4227 ex
709 4170 1032 4239 divinitate,
1064 4171 1190 4245 ipse
1233 4176 1428 4229 autem
1480 4174 1772 4232 sciebatur
1796 4194 1830 4233 a

195 4260 387 4329 paucis.
419 4262 527 4318 Isti
562 4276 702 4333 ergo
732 4259 853 4315 noti
891 4259 1226 4333 specialiter
1266 4260 1438 4335 longe
1485 4262 1619 4319 facti
1663 4268 1824 4334 sunt,

196 4351 249 4402 ut
271 4355 350 4406 est
378 4351 672 4422 scriptum
696 4366 710 4405 :
737 4348 1066 4405 Percutiam
1100 4353 1479 4422 pastorem,et
1497 4352 1831 4427 dispergen-

194 4440 274 4491 tur
297 4455 422 4495 oves
450 4437 655 4513 gregis
684 4438 870 4510 (Zach.
897 4438 1043 4509 xm):
1078 4438 1142 4494 ln
1176 4439 1675 4498 abominationem
1699 4460 1828 4498 vero

2152 1866 2305 1921 diam
2332 1876 2484 1923 tuam
2513 1886 2532 1922 .-

2080 1956 2145 2009 Ει
2173 1957 2459 2011 veritatem
2489 1961 2642 2012 tuam
2670 1959 2731 2011 in
2755 1958 3081 2029 perditione.

2007 2047 2047 2099 (ὲ
2077 2043 2419 2116 Sepulcrum
2452 2046 2609 2100 enim
2629 2046 2920 2119 signiﬁcat
2935 2047 3264 2104 inﬁdelium
3290 2053 3598 2117 mentes,et

1940 2131 2145 2187 merito
2162 2133 2497 2205 sepulcrum
2515 2133 2858 2201 dicitur,ubi
2880 2136 3080 2191 anima
3096 2137 3348 2208 peccatis
3364 2143 3598 2194 mortua

1940 2220 2292 2276 continetur.
2320 2223 2436 2277 Aut
2466 2223 2768 2278 veritatem
2802 2228 2963 2278 tuam
2995 2230 3216 2293 narrat,
3251 2226 3351 2297 qui
3402 2231 3491 2282 est
3534 2226 3596 2283 in

1940 2310 2267 2381 perditione
2296 2311 2558 2383 peccati?
2589 2312 2728 2383 quia
2756 2311 2867 2367 vivi
2901 2317 2958 2368 et
3005 2312 3224 2379 fideles,
3258 2315 3316 2368 in
3366 2314 3597 2371 actibus

1943 2399 2404 2456 misericordiam
2438 2417 2674 2456 narrare
2704 2405 3149 2457 consueverunt.
3184 2403 3253 2458 Et
3292 2404 3596 2460 veritatem

1941 2485 2038 2543 ille
2069 2486 2285 2543 dicitur
2304 2503 2596 2557 enarrare,
2631 2489 2731 2561 qui
2777 2506 2906 2546 eam
2958 2490 3253 2547 invenitur
3277 2490 3337 2546 in
3369 2492 3598 2548 actibus

1941 2576 2396 2633 custodire.lllos
2424 2594 2562 2651 ergo
2588 2581 2754 2633 notat
2785 2578 2886 2650 qui
2915 2595 3031 2633 non
3062 2584 3203 2634 sunt
3231 2596 3363 2636 vere
3412 2580 3600 2637 credi-

1942 2664 2079 2733 turi,
2099 2681 2348 2736 quorum
2381 2670 2584 2738 guttur
2611 2671 2701 2722 est
2730 2667 3067 2739 sepulcrum
3100 2672 3306 2740 patens
3336 2668 3597 2740 (Psal.v).

1944 2754 2010 2807 13
2082 2755 2341 2827 Nunquid
2369 2762 2760 2823 cognoscentur
2788 2757 2849 2810 in
2879 2757 3114 2812 tenebris
3142 2757 3428 2813 mirabilia
3456 2765 3549 2814 tua
3580 2775 3594 2815 :

2084 2844 2149 2897 Et
2166 2844 2387 2915 justitia
2416 2847 2512 2898 tua
2541 2845 2599 2899 in
2630 2852 2778 2899 terra
2803 2845 3135 2900 oblivionis?

2014 2930 2054 2986 C
2080 2930 2354 3002 Nunquid
2412 2935 2796 3004 cognoscatur
2829 2950 2841 2987 :
2876 2930 3016 3003 quia
3065 2934 3258 2989 omnis
3316 2934 3416 3005 qui
3458 2934 3598 2991 facit

1942 3016 2242 3092 peccatum
2269 3018 2392 3074 odit
2419 3019 2632 3074 lucem.
2665 3020 2706 3074 C
2734 3019 2849 3074 Nec
2865 3019 3099 3090 justitia
3130 3020 3230 3076 Dei
3278 3024 3471 3093 potest
3498 3038 3594 3078 co-

1941 3106 2143 3180 gnosci
2174 3107 2248 3162 ab
2296 3107 2592 3179 oppressis
2643 3108 2701 3163 in
2751 3114 2984 3163 terrena
3034 3107 3345 3176 oblivione,
3379 3110 3437 3164 id
3482 3113 3592 3179 est,

1871 3180 1914 3247 C
1944 3195 2316 3252 crassissima
2340 3195 2531 3251 cordis
2561 3196 2836 3265 caecitate,
2855 3200 2912 3252 et
2934 3196 3211 3253 vitiorum
3239 3196 3594 3254 densissima

1939 3283 2206 3357 caligine.

1941 3373 2008 3426 14
2080 3374 2146 3427 Et
2171 3388 2268 3441 ego
2296 3368 2365 3427 ad
2394 3380 2465 3438 te,
2496 3374 2744 3441 Domine,
2774 3373 3010 3428 clamavi
3041 3389 3055 3428 :

2080 3463 2145 3517 Et
2170 3478 2330 3517 mane
2358 3462 2533 3518 Oratio
2560 3478 2685 3518 mea
2707 3463 3015 3534 praeveniet
3044 3470 3114 3517 te.

2009 3549 2050 3607 C
2081 3550 2334 3606 Dicendo
2366 3554 2585 3618 autem,
2604 3555 2661 3607 et
2688 3567 2814 3623 ego,
2836 3550 3129 3624 signiﬁcat
3151 3567 3286 3606 cum
3312 3552 3591 3610 membris

1937 3639 2063 3696 suis
2093 3656 2155 3695 se
2186 3637 2758 3711 clamasse,quorum
2791 3640 2919 3711 ipse
2949 3644 3124 3712 caput
3152 3640 3434 3697 est.Mane
3454 3657 3595 3714 quo-

1938 3745 2051 3801 que
2080 3727 2225 3784 dixit
2254 3728 2600 3801 praevenisse
2647 3729 2969 3784 orationem
3021 3746 3189 3785 suam
3221 3748 3238 3784 :
3271 3746 3407 3785 cum
3455 3733 3591 3787 ante
3634 3724 3637 3725 ⁷

1936 3816 2125 3873 multa
2155 3817 2367 3874 saecula
2392 3818 2626 3890 petebat
2657 3816 2929 3885 Ecclesia,
2962 3833 3091 3890 quae
3115 3818 3310 3874 adhuc
3353 3835 3591 3891 exspec-

1934 3910 2132 3963 tamus
2162 3924 2291 3963 esse
2320 3907 2714 3963 ventura.Non
2745 3923 2879 3962 vero
2901 3905 2984 3961 sic
3005 3906 3588 3980 intelligamus,quod

1936 3996 2120 4052 oratio
2150 3995 2402 4068 gratiam
2433 3996 2532 4051 Dei
2576 3996 2890 4067 praeveniat
2921 4013 2934 4050 :
2968 3995 3108 4066 quia
3152 4000 3210 4051 et
3253 3997 3408 4067 quod
3459 4014 3587 4052 ora-

1936 4100 2091 4154 mus,
2124 4102 2193 4141 ex
2217 4085 2405 4157 gratia
2434 4089 2542 4141 est.

1937 4174 2006 4229 15
2083 4174 2300 4246 thuid,
2331 4175 2578 4241 Domine,
2612 4173 2835 4245 repellis
2865 4174 3165 4229 orationem
3192 4187 3371 4228 meam
3399 4191 3417 4226 :

2077 4263 2288 4318 Avertis
2316 4264 2516 4333 faciem
2543 4269 2696 4317 tuam
2721 4268 2776 4329 οξ·
2821 4279 2855 4317 a
2881 4278 2970 4316 me
3012 4267 3025 4325 ζ
3072 4302 3084 4315 .

2007 4353 2047 4407 C
2079 4349 2301 4422 Repelli
2331 4355 2614 4423 putamus
2642 4349 2965 4405 orationem
3017 4352 3301 4417 nostram,
3334 4352 3391 4404 et
3420 4365 3587 4405 aver-

1936 4445 2058 4495 tere
2088 4439 2275 4495 Deum
2297 4439 2504 4494 faciem
2529 4456 2564 4494 a
2585 4438 3016 4511 nobis,quando
3035 4442 3167 4494 vota
3188 4442 3390 4493 nostra
3409 4436 3590 4495 distu-

195 4527 392 4597 positus
418 4533 511 4585 est
538 4533 703 4595 tunc,
738 4528 980 4600 quando
1002 4528 1286 4617 cruciﬁxo
1333 4529 1605 4586 dicebant
1633 4547 1645 4585 :
1678 4531 1825 4600 Vah,
1860 4553 1908 4617 ι)
1936 4528 2068 4584 lerit
2100 4546 2112 4585 :
2145 4533 2203 4584 et
2232 4529 2500 4600 quamvis
2533 4528 2629 4585 ille
2651 4528 2817 4584 utilia
2839 4527 3031 4596 faciat,
3062 4544 3170 4583 nos
3189 4532 3386 4584 tamen
3407 4526 3589 4617 dilata

200 4614 285 4683 qui
309 4616 565 4674 destruis
594 4615 883 4689 templum
914 4616 1015 4672 Dei
1048 4616 1438 4690 (Matth.xxvu)
1463 4634 1475 4674 :
1503 4622 1577 4681 et,
1591 4618 1827 4677 similia.

253 4705 289 4761 C
312 4706 586 4762 Traditus
615 4709 705 4762 est
736 4721 770 4761 a
788 4705 820 4762 J
827 4705 945 4761 uda
965 4704 1305 4762 cohortibus
1326 4707 1669 4765 insanorum
1695 4727 1709 4761 .-
1732 4726 1824 4766 vc-

196 4798 495 4852 rumtamen
530 4812 650 4852 non
678 4798 767 4850 est
794 4810 1088 4869 egressus,
1122 4796 1355 4867 quando
1385 4796 1628 4852 minime
1667 4799 1823 4870 quod

197 4883 495 4949 praevaleret
526 4884 807 4951 ostendit,
838 4883 897 4939 id
925 4885 1287 4956 est,quando
1321 4885 1595 4941 deitatem
1630 4885 1824 4941 occul-

195 4968 584 5044 tabat.Sive,de
606 4973 875 5030 custodia
896 4990 1013 5030 non
1039 4977 1129 5030 est
1147 4974 1825 5047 egressus.Languerunt

197 5058 345 5129 oculi,
370 5062 427 5118 id
453 5066 546 5120 est
574 5062 845 5137 apostoli.
878 5063 997 5118 Prae
1024 5063 1241 5136 inopia,
1275 5080 1413 5136 quia
1444 5064 1693 5120 necdum
1727 5082 1822 5122 ac-

198 5157 445 5220 ceperunt
475 5152 752 5225 spiritum
780 5156 1053 5209 sanctum
1086 5169 1101 5209 :-
1132 5152 1332 5225 inopia
1354 5176 1357 5179 ν
1377 5151 1593 5209 dicitur
1619 5170 1655 5209 a
1685 5171 1823 5210 con-

199 5237 369 5306 trario,
401 5240 503 5295 ubi
531 5240 696 5297 nulla
725 5244 815 5297 est
843 5240 1025 5314 copia.

256 5324 292 5379 C
313 5325 561 5386 Clamavi
592 5330 663 5385 ad
691 5334 768 5399 te,
799 5330 1058 5399 Domine,
1082 5334 1205 5387 tota
1227 5331 1321 5387 die
1354 5349 1366 5387 :
1400 5331 1496 5389 hic
1524 5332 1822 5388 distinctio

201 5417 275 5466 est
296 5419 579 5486 ponenda,
609 5425 676 5475 ut
707 5420 820 5476 ista
848 5419 1209 5477 continuatio
1238 5421 1419 5477 totius
1449 5421 1563 5477 diei
1590 5422 1663 5477 ad
1694 5438 1821 5477 ora-

200 5499 390 5562 tionem
420 5511 479 5563 et
509 5507 798 5566 bonorum
828 5513 1068 5565 actuum
1099 5524 1248 5582 opus
1276 5510 1486 5566 debeat
1506 5509 1820 5581 pertinere.

201 5586 434 5666 Expandi
461 5612 674 5657 manus
708 5617 722 5657 :
753 5614 859 5676 per
887 5614 1303 5675 manus,opera
1329 5599 1484 5659 bona
1508 5596 1634 5656 vult
1658 5597 1824 5657 intel-

1941 4619 2194 4691 graviter
2215 4618 2567 4675 contristent
2589 4636 2602 4673 :
2628 4618 2781 4691 quod
2804 4636 2871 4674 ex
2891 4633 3144 4691 persona
3164 4620 3486 4689 martyrum
3509 4615 3591 4672 di-

1938 4711 2096 4762 ctum
2129 4724 2245 4763 non
2270 4706 2742 4764 inconvenienter
2770 4706 3179 4779 accipitur,qui
3199 4705 3418 4761 talibus
3436 4704 3589 4760 desi-

1937 4796 2115 4852 deriis
2145 4797 2205 4853 in
2235 4797 2344 4853 hoc
2370 4798 2589 4852 mundo
2620 4797 2959 4869 fatigantur.

1934 4885 2002 4940 16
2074 4888 2296 4959 Pauper
2342 4903 2466 4942 sum
2496 4902 2611 4955 ego,
2645 4893 2695 4941 et
2724 4886 2785 4940 in
2845 4884 3122 4939 laboribus
3152 4899 3187 4937 α
3206 4883 3493 4953 juventute

2146 4992 2268 5031 mea
2313 4982 2325 5039 ζ
2374 4993 2387 5030 :

2074 5065 2360 5119 Exaltatus
2387 5070 2569 5118 autem
2612 5062 2938 5117 humiliatus
2986 5076 3109 5115 sum
3134 5064 3188 5116 et
3215 5057 3583 5116 conturbatus.

2003 5152 2044 5208 C
2076 5153 2298 5224 Pauper
2327 5168 2459 5208 sum
2491 5167 2621 5223 ego,
2652 5150 2759 5206 hoc
2782 5149 2989 5205 merito
3020 5148 3161 5204 dicit
3180 5147 3586 5220 Ecclesia.quae

1933 5242 1991 5296 in
2026 5245 2363 5313 paupertate
2394 5240 2599 5296 mundi
2640 5242 2698 5295 et
2738 5238 3040 5294 laboribus
3065 5255 3100 5294 a
3129 5255 3238 5294 sua
3276 5239 3585 5310 juventute

1934 5330 2230 5403 fatigatur.
2264 5329 2562 5387 Exaltatus
2597 5345 2609 5384 :
2643 5328 2877 5401 quando
2905 5328 3158 5401 quisque
3197 5326 3457 5383 fidelium
3489 5340 3584 5381 res

1932 5419 2223 5478 humanas
2252 5420 2479 5477 tumido
2502 5420 2673 5475 corde
2694 5417 3294 5492 cogitat.Humiliatus
3317 5433 3331 5471 :
3355 5431 3489 5471 cum
3508 5413 3583 5468 ad

1931 5510 2357 5567 confessionem
2388 5507 2670 5582 pervenit.
2704 5507 2998 5564 Confusus
3031 5525 3044 5565 :
3077 5522 3209 5564 cum
3260 5502 3417 5561 mala
3451 5518 3582 5577 qua
3612 5513 3631 5517 “

1930 5599 2112 5676 gessit
2139 5599 2198 5658 in
2230 5598 2571 5676 pcenitentia
2600 5596 2917 5658 damnavit.
