4112 6176
440 354 553 415 331

431 487 508 543 22
578 487 734 543 Nihil
758 484 1011 559 proﬁciet
1037 487 1279 542 ininicus
1310 487 1369 542 in
1399 502 1459 542 co
1494 503 1507 541 :

576 578 646 632 Et
672 578 829 648 ﬁlius
855 577 1165 648 iniquitatis
1190 592 1301 631 non
1329 584 1561 647 apponet
1592 592 1781 632 nocere
1799 592 1944 632 eum.

509 664 725 722 CNihil
755 665 1017 737 proﬁciet
1046 663 1343 733 inimicus,
1368 664 1425 721 id
1456 669 1546 723 est
1576 664 1969 738 diabolus,qui
2003 669 2092 721 est

438 758 741 827 protervus
771 752 1047 809 inimicus
1093 752 1500 810 humanitatis.
1534 753 1713 810 Filius
1759 754 2091 828 iniquitatis

436 842 549 899 fuit
572 843 604 900 J
612 843 757 899 udas
780 842 1045 917 traditor,
1080 843 1183 915 qui
1213 843 1373 900 filius
1402 843 1617 900 diaboli
1646 844 1852 901 merito
1871 861 2094 901 nuncu-

437 934 631 1004 patur,
665 930 764 1002 qui
794 933 886 987 est
912 935 1117 987 auctor
1146 932 1339 988 omnis
1367 932 1701 1006 iniquitatis
1736 950 1749 989 :
1784 934 1886 1007 qui
1907 933 2094 992 iuten-

435 1017 580 1074 tioni
611 1016 827 1074 Christi
852 1018 914 1074 in
946 1018 1106 1076 nullo
1140 1026 1484 1077 nocuerunt.

433 1108 506 1163 23
577 1108 641 1163 Et
670 1108 957 1164 concidam
984 1127 1019 1164 a
1046 1111 1192 1180 facie
1217 1111 1334 1183 ejus
1366 1112 1624 1167 inimicos
1651 1113 1770 1184 ejus
1794 1132 1816 1168 .·

577 1199 652 1252 Et
679 1196 921 1254 odientes
949 1214 1075 1254 eum
1103 1200 1163 1254 in
1191 1201 1385 1271 fugam
1413 1209 1743 1258 convertam.

505 1285 547 1341 C
575 1286 776 1342 Facies
823 1288 983 1343 enim
1031 1287 1269 1355 Christi,
1304 1305 1438 1345 cum
1482 1295 1812 1363 peccatores
1855 1292 2095 1365 dignata

433 1372 611 1430 fuerit
638 1375 874 1446 intueri,
892 1392 925 1431 a
944 1376 1068 1434 suis
1096 1376 1483 1449 parvitatibus
1515 1378 1921 1444 conciduntur.
1946 1383 2092 1437 Con-

430 1466 745 1527 vertuntur
769 1482 1000 1538 quoque
1026 1466 1083 1521 in
1111 1466 1310 1540 fugam
1345 1484 1358 1523 :
1387 1469 1621 1540 quando
1651 1468 1834 1542 impia
1854 1470 1969 1528 vita
1988 1471 2093 1527 de-

432 1550 733 1620 relicta,ad
767 1554 982 1611 Christi
1014 1555 1294 1628 cceperint
1320 1557 1599 1614 festinare"
1642 1559 1921 1615 remedia.
1954 1560 2093 1616 Pec-

432 1641 547 1697 cati
579 1643 739 1698 enim
770 1660 1062 1702 memores
1091 1662 1199 1702 sua
1228 1645 1380 1703 facta
1408 1647 1787 1722 refugiunt,et
1808 1649 1879 1704 ad
1903 1648 2093 1705 Domi-

431 1728 497 1787 ni
527 1729 813 1788 beneficia
836 1738 1272 1791 convertuntur.

431 1817 504 1875 24
577 1821 642 1877 Et
670 1824 870 1879 veritas
898 1841 1020 1880 mea
1047 1829 1101 1880 et
1127 1826 1506 1883 misericordia
1534 1844 1655 1883 mea
1682 1844 1809 1884 cum
1838 1830 1954 1901 ipso
1987 1845 2001 1883 :

573 1911 639 1966 Et
668 1913 728 1967 in
755 1914 981 1969 nomine
1006 1931 1124 1971 meo
1154 1916 1493 1972 exaltabitur
1520 1934 1693 1973 cornu
1721 1918 1858 1989 ejus.

501 1998 542 2053 C
575 1999 801 2057 Veritas
832 2003 1018 2060 Patris
1049 2009 1140 2061 est
1169 2004 1371 2061 Filius.
1407 2005 1663 2062 Pertinet
1691 2006 1800 2062 hoc
1831 2007 1902 2063 ad
1925 2006 2087 2080 judi-

427 2086 585 2144 cium
620 2108 639 2145 :
667 2090 1066 2149 misericordia
1095 2111 1227 2150 vero
1258 2095 1328 2150 ad
1361 2094 1657 2167 pietatem,
1682 2097 1820 2169 quia
1850 2102 2087 2170 peccata

427 2175 885 2236 dimittit.Cornu
910 2182 1204 2254 significat
1224 2184 1674 2241 invictissimam
1698 2190 2081 2258 potestatem:

428 2264 503 2320 de
534 2281 654 2337 qua
680 2267 842 2334 dicit,
876 2269 1021 2326 Data
1051 2274 1140 2327 est
1167 2271 1311 2327 mihi
1348 2273 1541 2329 omnis
1582 2277 1843 2346 potestas
1876 2275 2079 2348 (Matth.

426 2355 652 2425 xxvm).
688 2356 733 2411 Η
763 2356 864 2413 Vel
894 2359 1109 2414 veritas
1139 2360 1406 2419 Christus
1431 2379 1444 2416 :
1471 2379 1601 2434 quae
1622 2363 1838 2419 aPatre
1862 2363 2085 2420 audivit

426 2439 661 2500 locutus
687 2449 796 2500 est.
829 2445 1392 2521 Misericordia,quia
1412 2455 1584 2506 sanat
1603 2451 1869 2510 inﬁrmos
1890 2458 2084 2510 mente

428 2535 489 2589 et
517 2535 973 2607 corpore.Cornu
999 2552 1011 2591 :
1037 2536 1317 2593 fortitudo
1338 2538 1607 2595 Ecclesia:
1637 2541 1765 2612 ejus
1796 2542 2083 2615 sanguine

427 2625 741 2699 redemptag
767 2623 1001 2681 dicitur.

426 2716 501 2772 25
570 2718 636 2771 Et
661 2730 864 2787 ponam
892 2716 953 2770 in
980 2718 1128 2772 mari
1154 2733 1384 2775 manum
1408 2718 1527 2790 ejus
1555 2737 1574 2773 :

572 2806 637 2861 Et
664 2805 721 2860 in
746 2805 1071 2875 ﬂuminibus
1100 2806 1380 2863 dexteram
1406 2810 1541 2881 ejus.

500 2893 542 2949 C
573 2894 732 2950 Mare
761 2893 1055 2966 signiﬁcat
1084 2895 1390 2953 universas
1418 2899 1704 2970 gentes,in
1725 2900 1943 2972 quibus
1962 2901 2081 2958 Sal-

424 2985 592 3040 vator
622 2986 819 3039 noster
846 2982 1094 3055 gloriam
1126 2984 1544 3044 dominationis
1575 2989 1813 3062 accepit.
1848 2991 1893 3047 Η
1921 2996 1988 3047 Et
2016 2991 2075 3048 in

424 3072 791 3140 ﬂuminibus,
825 3073 883 3127 id
914 3077 1022 3140 est,
1053 3091 1219 3147 super
1255 3075 1619 3149 principatus
1661 3083 1718 3134 et
1758 3085 2077 3153 potestates

424 3159 614 3233 ipsius
645 3160 852 3215 mundi
884 3165 1229 3233 potestatem
1260 3166 1409 3236 ejus.
1436 3165 1539 3221 Vel
1580 3183 1738 3224 mare
1787 3170 2076 3227 mundum

426 3249 718 3323 signiﬁcat
752 3266 766 3305 :
800 3266 1032 3321 manus,
1056 3254 1451 3323 operationem
1474 3276 1487 3323 ς
1510 3255 1597 3312 vel
1621 3257 2077 3332 ﬂumina,aquas
2107 3237 2150 3305 (ἶ

426 3338 703 3411 baptismi
734 3340 1071 3397 ostendunt.

424 3427 497 3483 26
569 3430 684 3501 Ipse
714 3430 985 3485 invocabit
1010 3448 1096 3487 me
1123 3436 1291 3490 Pater
1317 3452 1468 3491 meus
1498 3452 1552 3491 es
1576 3444 1635 3493 tu
1666 3457 1685 3493 .-

567 3518 708 3572 Deus
736 3533 888 3573 meus
915 3526 966 3573 et
993 3529 1263 3592 susceptor
1284 3522 1484 3579 salutis
1512 3539 1669 3581 mete.

494 3604 542 3661 H
571 3605 796 3678 Saepius
824 3623 957 3662 eum
990 3606 1289 3667 invocasse
1321 3610 1549 3667 Patrem
1584 3614 1641 3667 in
1676 3614 1983 3688 Evangelia
2004 3614 2081 3673 le-

418 3695 616 3769 gimus
648 3698 821 3770 (Joan.
852 3701 990 3767 πίνη)
1022 3715 1035 3754 :
1068 3704 1135 3754 ut
1158 3704 1265 3771 est,
1300 3699 1568 3757 Clariﬁcu
1597 3719 1691 3759 me
1722 3703 1891 3760 Pater
1918 3707 2073 3779 apud

418 3786 800 3859 temetipsum
834 3804 847 3843 :
881 3792 939 3843 et
967 3787 1068 3856 ibi,
1096 3788 1263 3845 Pater
1291 3789 1352 3845 in
1379 3807 1592 3848 manus
1618 3797 1750 3849 tuas
1781 3810 2075 3853 commen-

414 3870 489 3930 do
520 3873 795 3947 spiritum
822 3892 1019 3933 meum
1050 3877 1198 3951 (Luc.
1231 3882 1413 3948 XXIII).

413 3962 484 4019 27
555 3966 634 4021 Et
660 3980 757 4034 ego
779 3968 963 4037 primo
992 3970 1238 4037 genitum
1264 3986 1465 4041 ponam
1495 3971 1655 4027 illum
1686 3988 1700 4028 :

555 4054 925 4121 Excelsumcﬁ-a
965 4072 1085 4128 prae
1127 4065 1143 4125 ζ
1211 4060 1433 4127 regibus
1462 4068 1648 4118 terrae.

482 4141 525 4198 C
555 4143 656 4201 Est
701 4160 838 4218 ergo
882 4145 1329 4219 primogenitus,
1374 4154 1439 4206 ut
1484 4148 1545 4205 in
1590 4152 1919 4226 Evangelio.
1949 4157 2069 4230 Ego

410 4247 545 4288 sum
576 4235 617 4279 Α
648 4236 708 4289 et
752 4237 813 4289 Ω.
845 4234 917 4290 Et
968 4233 1108 4290 dicit
1156 4252 1394 4308 ponam,
1428 4238 1486 4294 id
1542 4244 1633 4296 est
1690 4244 2064 4302 constituam.

409 4329 451 4375 Π
480 4319 787 4377 Excelsum
818 4339 934 4395 pra:
966 4323 1201 4397 regibus
1228 4330 1391 4383 terra:
1421 4346 1433 4383 :
1460 4326 1569 4385 hoc
1593 4334 1682 4386 est
1703 4348 1883 4406 regna
1904 4351 2069 4392 mun-

408 4406 469 4462 di
502 4406 553 4462 ei
585 4414 798 4465 cuncta
826 4412 1095 4482 subjicio.
1120 4412 1222 4469 Vel
1253 4414 1686 4490 primogenitus
1718 4438 1786 4476 ex
1816 4425 2067 4483 mortuis

406 4494 627 4552 dicitur
659 4514 672 4553 :
707 4496 1131 4571 primogenitus
1162 4517 1396 4575 quoque
1429 4504 1614 4563 Patris
1639 4509 1837 4565 aeterni
1868 4517 1925 4567 et
1950 4531 2068 4570 ma-

405 4584 515 4639 tris
544 4583 825 4656 Virginis.

402 4670 475 4727 28
544 4672 610 4728 In
636 4680 907 4730 aeternum
942 4677 1162 4734 servabo
1211 4680 1302 4735 illi
1344 4682 1787 4743 miseribordiam
1832 4706 2062 4751 meam:

544 4762 613 4817 Et
641 4770 1025 4822 testamentum
1051 4782 1235 4824 meum
1262 4768 1421 4839 ﬁdele
1450 4773 1574 4844 ipsi.

472 4853 512 4905 C
544 4850 612 4907 Et
643 4850 753 4908 hoc
792 4853 1010 4911 dicitur
1039 4873 1074 4913 a
1101 4857 1291 4914 forma
1338 4861 1510 4930 servi,
1544 4864 1685 4935 quia
1732 4867 2059 4928 misericor-

402 4940 562 4996 diam
596 4942 782 4999 Putris
813 4948 1027 5001 aeterno
1068 4945 1288 5004 honore
1336 4953 1596 5024 suscepit
1630 4972 1643 5010 :
1676 4957 1770 5012 cui
1802 4958 1941 5015 data
1969 4967 2059 5019 est

400 5032 659 5101 potestas
681 5031 739 5087 in
769 5033 912 5090 cmlo
935 5041 991 5091 et
1012 5034 1070 5115 in
1095 5040 1714 5100 terra.Testamentum
1744 5046 1910 5105 ﬁdele
1930 5055 2016 5106 est
2041 5068 2054 5106 :

340 5186 343 5189 γ
401 5118 541 5191 quia
570 5137 932 5197 quiscunque
964 5126 1256 5199 prophetae
1280 5128 1349 5184 de
1374 5129 1499 5202 ipso
1521 5135 2060 5206 praedixeruntpm-

398 5208 499 5264 nia
525 5210 815 5283 completa
845 5219 1005 5270 sunt.

397 5295 469 5352 29
541 5299 608 5354 Et
625 5316 832 5371 ponam
870 5304 931 5356 in
975 5304 1238 5359 sceculum
1264 5312 1318 5371 -ξη
1360 5312 1553 5367 ,ςπτεαιὶ
1595 5320 1609 5377 ς

537 5388 601 5443 Et
631 5390 890 5444 thronum
915 5390 1035 5460 ejus
1062 5394 1205 5448 sicut
1230 5394 1345 5450 dies
1374 5398 1513 5454 creti.

461 5474 505 5529 C
530 5475 824 5533 Saeculum
855 5477 1051 5553 seen];
1081 5481 1376 5554 significat
1405 5490 1810 5549 aeternitatem.
1837 5496 2047 5554 Semen

389 5561 866 5653 DavidCbristus
898 5568 1260 5636 est,thronus
1284 5575 1413 5646 ejus
1434 5581 1694 5648 potestas
1715 5587 1805 5639 est
1834 5584 2047 5653 futurri

380 5651 594 5733 judicii
629 5670 642 5712 :
672 5652 735 5713 in
759 5670 877 5734 qua
899 5655 1203 5745 fulgebunt
1225 5661 1374 5736 justi
1406 5664 1622 5726 caelesti
1655 5669 1935 5735 claritate.

1677 5332 1859 5372 semen
1886 5319 2003 5391 ejus
2033 5339 2053 5377 :

1350 353 1412 413 S.
1461 352 1855 417 BRUNONIS
1901 351 2522 413 IIERBIPOIENSIS
2571 348 2949 411 EPISCOPI.

2117 488 2172 556 Α
2203 484 2274 538 30
2336 485 2402 541 .Si
2475 490 2707 547 autem:
2748 480 3863 555 dereliquerintﬁliiejuslegemmeam:

3734 345 3867 408 332'

2334 574 2400 629 Et
2432 573 2492 630 in
2518 573 2759 642 iudiciis
2784 573 2927 629 meis
2956 587 3069 628 non
3097 567 3557 628 ambulaverint.

2270 662 2312 717 C
2343 664 2457 720 llos
2487 662 2636 718 duos
2667 679 2870 719 versus
2899 661 3042 717 dicit
3073 661 3143 717 de
3166 659 3387 735 populo
3408 656 3869 716 Cbristiano.Fi-

2198 750 2263 807 lii
2287 751 2443 808 enim
2476 752 2754 808 dicuntur
2778 750 3092 809 Christiani
3124 750 3402 824 quoniam
3433 747 3691 806 Ecclesia
3730 764 3868 805 ma-

2198 844 2286 897 tre
2316 858 2385 898 ex
2410 858 2565 915 aqua
2591 845 2649 898 et
2673 841 2894 915 Spiritu
2925 844 3128 898 saneto
3158 843 3593 914 regenerantur.

2198 931 2264 986 31
2339 931 2407 987 Si
2426 931 2697 1003 iustitias
2725 948 2888 988 meas
2910 930 3358 1006 profanaverint
3390 945 3405 985 :

2340 1022 2419 1075 Et
2452 1020 2739 1076 mandata
2768 1037 2891 1076 mea
2913 1036 3029 1076 non
3056 1018 3450 1076 custoeicrint.

2273 1107 2315 1164 C
2345 1107 2405 1164 Si
2454 1108 2724 1180 justitias
2751 1108 2984 1178 Christi,
3034 1109 3093 1165 id
3122 1113 3232 1177 est,
3273 1107 3552 1164 mandata
3579 1106 3710 1179 ejus
3741 1122 3872 1163 non

2182 1196 2588 1254 custodierint
2611 1215 2791 1271 supra
2811 1198 3094 1255 nominati
3120 1197 3244 1265 filii,
3274 1196 3335 1253 in
3357 1195 3875 1269 subsequentibus

2202 1285 2286 1342 eis
2317 1286 2496 1360 digna
2525 1288 2891 1360 promittitur
2916 1287 3146 1345 evenire
3172 1286 3448 1343 vindicta.

2200 1377 2271 1431 32
2348 1377 2610 1434 Visitabo
2639 1377 2699 1433 in
2727 1378 2895 1450 virga
2924 1377 3261 1451 iniquitates
3289 1392 3489 1433 eorum
3521 1392 3541 1429 .-

2347 1470 2413 1523 Et
2443 1466 2503 1523 in
2527 1468 2864 1525 verberibus
2881 1473 3130 1542 peccata
3152 1483 3377 1523 eorum.

2272 1554 2314 1611 C
2341 1555 2555 1612 Visitat
2600 1557 2657 1613 in
2706 1557 2889 1631 virga,
2921 1557 3158 1630 quando
3205 1555 3464 1612 districts
3507 1553 3771 1627 judicat,
3809 1557 3875 1610 ut

2198 1643 2514 1717 Apostolus
2535 1646 2635 1714 ait,
2659 1646 2810 1713 Quid
2840 1646 3040 1716 vultis,
3071 1646 3133 1704 in
3161 1646 3328 1718 virga
3350 1644 3580 1701 veniam
3610 1642 3685 1700 ad
3716 1641 3876 1699 vos?

2201 1734 2250 1805 (ι
2279 1734 2407 1791 Cor.
2442 1735 2541 1807 IV.)
2569 1734 2783 1793 Visitat
2813 1752 3049 1809 quoque
3075 1734 3138 1792 in
3167 1732 3789 1806 verberibus,quando
3809 1731 3874 1788 in

2121 1865 2169 1931 Β
2201 1822 2371 1879 nobis
2402 1821 2587 1923 levius
2616 1824 2946 1931 vindicatur
2964 1824 3120 1899 quod
3144 1820 3676 1897 delinquimus.Vel
3698 1822 3879 1896 virga

2199 1912 2472 1984 percutit,
2504 1913 2736 1987 ﬂagella
2758 1931 2892 1971 vero
2922 1916 3248 1972 verberant.

2194 2001 2266 2056 33
2303 2002 2771 2061 Miscricordiam
2783 2015 2974 2061 autem
2986 2020 3180 2061 meam
3193 2021 3309 2060 non
3323 2003 3663 2076 dispergam
3674 2000 3763 2059 ab
3773 2016 3870 2058 eo:

2302 2096 2493 2165 Neque
2520 2096 2732 2152 nocebo
2764 2095 2824 2150 in
2848 2096 3100 2151 veritate
3126 2110 3278 2150 mea.

2265 2184 2306 2235 C
2336 2180 2651 2255 Superiora
2678 2184 2749 2242 de
2780 2182 3062 2241 membris
3092 2183 3273 2239 dixit:
3308 2199 3464 2238 nunc
3491 2196 3627 2237 vero
3657 2180 3732 2237 de
3768 2197 3867 2237 ca-

2194 2268 2314 2342 pite
2368 2269 2654 2345 loquitur.
2715 2274 2866 2330 Dicit
2920 2272 3078 2330 enim
3136 2273 3348 2329 Pater:
3382 2269 3863 2327 misericordiam

2193 2374 2365 2416 suum
2393 2377 2506 2418 non
2539 2379 2601 2418 se
2629 2380 2664 2417 a
2685 2362 2913 2421 Christo
2944 2359 3408 2437 dispergere,sed
3437 2364 3561 2417 tota
3590 2358 3859 2433 plenitu-

2192 2449 2329 2506 dine
2360 2451 2709 2510 condonare.
2750 2454 2947 2526 Neque
2979 2452 3196 2510 nocebo
3229 2470 3242 2508 :
3276 2466 3414 2507 nam
3452 2455 3510 2506 et
3539 2449 3593 2506 si
3621 2447 3862 2506 inimici

2192 2539 2463 2611 permissi
2497 2546 2636 2598 sunt
2665 2559 2889 2611 nocere,
2922 2542 2982 2597 in
3008 2540 3248 2598 veritate
3278 2545 3477 2598 tamen
3507 2538 3698 2595 Patris
3731 2553 3860 2594 non

2190 2631 2282 2683 est
2310 2627 2497 2686 Filius
2526 2629 2722 2700 laesus,
2748 2632 2921 2705 cujus
2940 2634 3132 2687 totum
3154 2631 3443 2687 mundum
3464 2628 3698 2686 redemit
3718 2644 3863 2686 san-

2190 2716 2369 2790 guine
2393 2735 2406 2773 :
2429 2724 2489 2777 et
2518 2720 2658 2792 quia
2684 2719 2885 2777 omnia
2928 2720 3191 2778 veritatis
3240 2719 3444 2776 ordine
3473 2718 3707 2773 constat
3735 2717 3861 2772 im-

2188 2805 2347 2879 pleta
2383 2808 2443 2864 in
2491 2808 2743 2878 Christo,
2777 2826 2906 2883 qua:
2954 2809 3125 2865 Pater
3164 2824 3269 2883 per
3315 2806 3633 2882 prophetas
3680 2804 3859 2861 dixit.

2188 2894 2352 2953 Unde
2382 2902 2440 2954 et
2466 2898 2632 2955 addit
2661 2916 2674 2955 :
2706 2899 2832 2956 Non
2863 2898 3208 2973 profanabo,
3233 2901 3343 2955 etc.

2185 2986 2257 3041 34
2326 2988 2507 3061 Neque
2531 2989 2834 3061 profanabo
2863 2993 3250 3045 testamentum
3276 3003 3455 3043 meum
3486 3003 3507 3043 :

2326 3079 2394 3132 Et
2408 3094 2535 3151 quae
2542 3079 2845 3151 procedunt
2863 3077 2929 3134 de
2948 3078 3110 3135 labiis
3133 3079 3267 3134 meis
3286 3093 3398 3134 non
3414 3076 3626 3149 faciam
3661 3078 3861 3133 irrita.

2257 3165 2299 3221 C
2327 3167 2453 3223 Non
2497 3168 2823 3241 profanavit
2867 3169 3037 3225 Pater
3082 3170 3504 3225 testamentum
3554 3181 3764 3235 suum,
3798 3165 3859 3221 id

2186 3259 2296 3327 est,
2327 3256 2689 3330 Scripturam
2716 3262 2980 3316 sanctam
3007 3256 3468 3327 mentiendo,sed
3501 3272 3702 3312 rerum
3739 3254 3862 3313 fide

2186 3343 2527 3403 honorabile
2561 3346 2694 3405 fecit
2725 3366 2739 3404 :
2774 3349 2915 3405 dum
2934 3365 3064 3421 quae
3085 3363 3394 3422 progressa
3412 3349 3552 3403 sunt
3573 3346 3648 3402 de
3669 3343 3859 3403 labiis

2186 3435 2336 3507 ejus,
2371 3436 2428 3493 id
2457 3441 2567 3505 est,
2599 3454 2702 3511 per
2732 3442 2966 3496 sanctos
3008 3436 3340 3511 prophetas,
3373 3434 3540 3493 nulla
3588 3434 3861 3493 falsitate

2185 3524 2483 3582 destructa
2512 3532 2669 3583 sunt.

2183 3614 2255 3670 35
2326 3615 2504 3673 Semel
2520 3618 2717 3689 juravi
2743 3620 2801 3674 in
2829 3627 3011 3675 sancto
3038 3634 3176 3675 meo.

2325 3705 2387 3761 Si
2413 3707 2584 3763 David
2610 3710 2882 3765 mentiar:
2893 3725 3070 3765 semen
3083 3708 3202 3780 ejus
3214 3708 3555 3765 inaeternum
3574 3709 3854 3766 manebit.

2251 3795 2293 3851 C
2322 3795 2640 3852 Hominum
2670 3798 3029 3855 consuetudo
3058 3803 3149 3855 est
3178 3797 3759 3870 frequenterjurare,
3787 3803 3855 3856 ut

2179 3882 2265 3941 eis
2294 3883 2515 3958 aliquid
2542 3887 2731 3959 possit
2760 3888 2916 3945 credi
2948 3905 2962 3943 :
3000 3888 3156 3945 Deus
3185 3888 3380 3945 autem
3427 3886 3611 3944 semel
3650 3888 3850 3960 jurat,

2178 3973 2280 4046 qui
2312 3974 2473 4031 nulla
2500 3975 2775 4033 varietate
2802 3977 3084 4050 temporis
3120 3976 3488 4034 immutatur.
3519 3976 3853 4036 Juramen-

2178 4066 2307 4119 tum
2338 4068 2535 4121 autem
2562 4066 2693 4139 ejus
2721 4065 3253 4133 diximus,ventura
3271 4065 3704 4141 promittere.Si
3727 4067 3849 4124 Da-

2176 4152 2272 4208 vid
2303 4154 2572 4223 mentiar,
2598 4154 2659 4211 id
2690 4161 2780 4212 est
2807 4172 2925 4212 non
2956 4157 3231 4225 mentiar,
3263 4156 3313 4213 si
3339 4155 3498 4213 enim
3537 4161 3631 4213 est
3653 4172 3850 4231 nega-

2178 4241 2293 4298 tive
2317 4243 2760 4318 positum,quod
2785 4244 2961 4302 etiam
2991 4261 3136 4303 usus
3160 4245 3495 4302 communis
3522 4244 3728 4304 habet.

2245 4334 2452 4389 Semen
2484 4333 2700 4391 Christi
2731 4340 2869 4391 sunt
2897 4351 3101 4393 omnes
3149 4334 3337 4392 sancti
3377 4337 3436 4391 et
3462 4350 3597 4391 vere
3627 4334 3847 4393 Chris-

2174 4420 2319 4476 tiani
2356 4438 2369 4477 :
2404 4421 2506 4495 qui
2537 4422 2596 4477 in
2629 4426 2831 4479 sancta
2854 4424 3291 4481 conversatione
3340 4439 3526 4496 usque
3556 4422 3619 4479 in
3650 4424 3846 4483 ﬁnem

2175 4512 2606 4582 permanebunt
2636 4512 2816 4584 hujus
2842 4512 2970 4569 vitae
2999 4517 3059 4571 et
3084 4519 3219 4587 post
3245 4513 3305 4570 in
3336 4517 3642 4571 aeternum.

2095 4616 2143 4680 Ι)
2172 4599 2243 4654 36
2316 4602 2383 4657 Et
2411 4603 2638 4658 thronus
2665 4601 2786 4673 ejus
2804 4604 2947 4659 sicut
2970 4604 3051 4659 sol
3076 4611 3134 4660 tn
3161 4612 3447 4676 conspectu
3471 4618 3593 4661 meo
3613 4610 3695 4673 ευξ-
3712 4611 3802 4673 et:

2383 4692 2527 4747 sicut
2555 4692 2689 4746 luna
2713 4693 2953 4764 perfecta
2985 4694 3044 4747 in
3074 4700 3341 4751 aeternum
3370 4711 3391 4749 :

2312 4780 2376 4836 Et
2405 4782 2556 4836 testis
2585 4782 2641 4837 in
2675 4782 2805 4837 ccelo
2830 4781 3031 4854 ﬁdelis.
3063 4782 3398 4855 Diapsalma.

2240 4872 2281 4924 C
2311 4868 2583 4926 Thronus
2614 4869 2713 4926 Dei
2745 4869 2943 4927 anima
2981 4870 3172 4929 ﬁdelis
3217 4877 3327 4941 est,
3360 4872 3420 4928 in
3466 4889 3585 4945 qua
3630 4889 3848 4933 revera

2166 4956 2435 5014 Christus
2463 4958 2882 5031 insidet,atque
2914 4958 3071 5017 lucet
3090 4959 3242 5017 sicut
3259 4959 3346 5019 sol
3369 4977 3383 5016 :
3407 4966 3466 5017 et
3483 4959 3642 5018 sicut
3661 4962 3842 5034 luna,

2167 5046 2226 5102 id
2251 5052 2650 5123 est,compago
2679 5048 2939 5123 corporis
2970 5050 3155 5107 nostri
3180 5056 3315 5124 post
3335 5051 3841 5111 resurrectionem

2166 5132 2547 5193 clariﬁcata.C
2571 5138 2641 5193 Et
2670 5138 2837 5196 testis
2870 5138 3063 5197 ﬁdelis
3094 5157 3111 5197 :
3141 5139 3405 5198 Christus
3435 5144 3546 5210 est,
3581 5139 3688 5214 qui
3717 5145 3848 5200 tes-

2161 5224 2475 5281 timonium
2506 5225 2802 5299 perhibuit
2824 5228 2894 5285 de
2919 5230 3180 5302 veritate,
3208 5246 3335 5304 quae
3366 5233 3454 5286 est
3483 5229 3631 5303 ipse,
3664 5234 3723 5288 et
3759 5231 3844 5289 de

2161 5329 2334 5387 opere
2358 5315 2546 5372 Patris
2577 5316 2636 5371 in
2666 5316 3071 5376 mundo.Dicit
3092 5335 3227 5376 vero
3259 5335 3393 5377 eum
3424 5318 3485 5376 in
3508 5320 3640 5377 cato
3666 5336 3794 5379 esse
3816 5340 3839 5379 .-

2159 5406 2293 5477 quia
2316 5404 2397 5461 ibi
2423 5409 2545 5477 post
2570 5406 2951 5465 Ascensionem
2976 5425 3138 5466 suam
3161 5417 3259 5465 est.
3292 5409 3332 5466 C
3366 5410 3456 5465 νει
3486 5411 3547 5466 in
3575 5410 3730 5477 creto,
3773 5411 3840 5467 id

2159 5501 2236 5549 est
2263 5495 2466 5551 caelesti
2490 5495 2709 5552 homine
2737 5500 2796 5552 et
2827 5502 3030 5557 sancto
3054 5515 3068 5555 :
3102 5499 3161 5555 in
3190 5494 3291 5555 illo
3317 5499 3445 5572 ipsa
3474 5515 3610 5556 caro
3639 5499 3838 5574 glori-

2157 5582 2522 5651 ﬁcata,testis
2552 5590 2642 5641 est
2672 5585 2863 5643 fidelis
2897 5587 3079 5662 huius
3108 5588 3520 5663 promissionis
3541 5588 3835 5665 impletas,

2156 5689 2269 5731 non
2303 5674 2359 5731 in
2394 5674 2670 5732 damnato
2703 5675 2962 5751 bpmine.
