4054 6168
202 365 323 428 333

197 498 271 552 37
352 498 438 551 Tu
468 509 604 550 vero
634 491 913 562 repulisti
939 498 994 549 et
1024 492 1343 567 desperati
1375 511 1386 547 :

347 583 641 640 Distutisti
669 582 964 638 Christum
994 588 1180 638 tuum.

269 674 406 730 Haec
433 671 700 745 depulsio
731 674 790 727 et
819 672 1114 744 despectio
1169 672 1239 728 de
1289 689 1467 746 regno
1497 672 1849 742 Salomonis,

196 763 356 819 facta
384 766 474 818 est
500 762 560 817 in
591 761 843 834 posteris
873 761 1002 832 ejus
1037 778 1050 816 :

265 853 439 918 Quod
469 856 664 906 autem
693 849 774 906 ait
805 849 1110 920 distulisti,
1144 868 1261 907 non
1295 851 1364 907 de
1396 850 1725 919 Salomone,
1745 869 1851 908 nec

194 940 382 996 David
413 940 636 995 dictum
666 955 795 995 esse
828 939 1206 995 manifestum
1234 945 1342 1007 est,
1370 941 1470 996 sed
1503 941 1572 997 de
1601 941 1848 996 Christo.

191 1032 238 1086 Α
257 1032 451 1095 Quem
471 1045 505 1082 a
525 1027 737 1101 populo
759 1028 1094 1084 Judaeorum
1122 1029 1291 1084 Pater
1311 1029 1557 1097 distulit,
1583 1047 1696 1086 non
1720 1030 1852 1086 abs-

190 1117 338 1174 tulit
369 1135 384 1174 :
418 1117 554 1189 quia
584 1116 844 1189 reliquis:
875 1116 1046 1172 salvae
1077 1118 1216 1173 {ient
1244 1117 1305 1172 in
1337 1119 1471 1174 fine.

189 1208 259 1264 38
343 1207 634 1263 Avertisti
660 1213 1068 1263 testamentum
1094 1209 1255 1262 servi
1281 1209 1377 1262 tui
1397 1228 1418 1263 .°

187 1360 206 1376 .
341 1295 684 1368 Profanasti
713 1297 776 1351 in
803 1302 966 1352 terra
993 1297 1402 1352 sanctuarium
1427 1300 1574 1369 ejus.

255 1389 308 1442 C
337 1385 607 1442 Avertisti
636 1385 1152 1451 testamentum,id
1181 1389 1290 1453 est,
1324 1385 1383 1440 in
1410 1385 1586 1442 aliam
1619 1389 1844 1458 partem

186 1473 551 1532 transtulisti
585 1490 597 1528 :
636 1478 700 1528 ut
727 1474 883 1545 quod
912 1473 1132 1529 Judaeis
1162 1474 1352 1530 fuerat
1384 1475 1846 1547 promissum,ad

184 1564 462 1636 gentium
488 1561 799 1624 utilitatem
820 1562 1163 1635 perveniret.
1179 1563 1304 1620 Non
1327 1563 1484 1619 enim
1507 1565 1591 1620 eis
1612 1581 1843 1621 reman-

184 1652 260 1708 sit
296 1651 614 1724 templum,
643 1651 1053 1720 sacerdotium,
1077 1651 1290 1708 oblatio
1319 1651 1408 1708 vel
1439 1667 1715 1725 regnum:
1740 1653 1842 1709 sed

183 1741 508 1798 Christiani
539 1741 739 1798 omnia
767 1738 1106 1814 plenissime
1136 1747 1276 1797 sunt
1304 1741 1841 1798 consecuti.Testa-

1425 361 1840 424 EXPOSITIO
1883 363 2393 430 PSALMORUM.

1881 503 1936 566 Α
1969 495 2103 551 bere
2135 514 2249 555 non
2283 499 2516 554 meruit.
2549 499 2785 556 (ὶοηίυεὶ
2815 505 2956 557 sunt
2986 500 3421 570 etiam,scilicet
3449 507 3619 563 sorde
3714 571 3720 578 _

3501 372 3619 437 335

1965 583 2394 645 incredulitatis
2428 590 2727 657 suae,dum
2759 595 2961 662 gentes
2991 592 3063 648 ad
3095 609 3270 649 suum
3300 594 3616 651 Dominum

1964 676 2218 731 converti
2253 677 2472 745 vident,
2506 694 2681 749 quem
2713 679 2826 752 ipsi
2860 680 3220 737 occiderunt.

1963 764 2033 818 45
2111 766 2406 837 Usquequo,
2437 769 2683 836 Domine,
2717 770 2918 823 avertis
2947 770 3007 824 in
3035 771 3201 840 ﬁnem
3231 788 3250 826 :

2103 853 2429 911 Exardescet
2456 857 2597 912 sicut
2627 858 2775 925 ignis
2807 858 2895 912 ira
2922 865 3016 913 tua
3037 861 3062 911 .9

2031 941 2072 997 C
2103 942 2253 998 Petit
2284 960 2438 999 nunc
2469 945 2758 1017 Propheta
2804 946 3120 1002 Dominum
3151 950 3217 1002 ut
3243 947 3486 1005 Judaico
3509 966 3610 1022 po-

1959 1029 2094 1102 pulo
2113 1030 2829 1107 miseratusindulgeat.ln
2852 1035 3060 1092 finem:
3085 1035 3278 1092 saeculi
3291 1037 3610 1096 terminum

1959 1119 2272 1192 signiﬁcat,
2307 1122 2540 1194 quando
2569 1123 2756 1180 Judei
2806 1128 3234 1181 convertentur.
3269 1126 3610 1184 Exardesci-

1959 1224 2091 1264 mus
2113 1209 2218 1279 ira,
2234 1227 2367 1266 cum
2396 1211 2690 1268 vindicare
2711 1211 3079 1285 disponimus
3106 1231 3118 1270 :
3144 1213 3456 1271 irascimur
3473 1232 3609 1274 vero

1957 1297 2346 1367 mediocriter,
2380 1301 2614 1372 quando
2647 1300 2902 1373 aliquem
2935 1319 3207 1359 sermone
3232 1304 3606 1377 corripimus.

1954 1387 2180 1458 Adiecit
2211 1387 2430 1460 itaque,
2463 1389 2616 1445 sicut
2648 1389 2825 1463 ignis,
2859 1389 2959 1462 qui
2984 1392 3212 1462 objecta
3237 1395 3552 1449 consumit.

1956 1476 2024 1530 46
2095 1475 2390 1534 Memorare
2445 1494 2571 1551 quae
2623 1496 2745 1536 mea
2791 1481 3099 1537 substantia
3131 1501 3148 1537 :
3179 1482 3431 1555 nunquid
3459 1484 3608 1540 enim

2164 1581 2304 1621 vane
2331 1569 2664 1623 constituisti

2110 1659 2166 1718 νέ-
2195 1654 2389 1712 Omnes
2431 1662 2444 1721 ξ
2488 1658 2634 1728 ﬁlios
2664 1658 2991 1714 hominum!

2022 1744 2062 1796 C
2092 1742 2275 1816 Rogat
2306 1743 2612 1816 Propheta,
2638 1750 2702 1801 ut
2725 1745 2902 1802 istam
2933 1764 3190 1815 carnem,
3215 1748 3470 1822 peccatis
3499 1749 3609 1806 ob-

184 1835 461 1888 mentum
496 1847 509 1885 :
545 1829 653 1884 hoc
683 1833 772 1885 est
801 1828 1114 1902 promissio
1141 1829 1463 1886 nativitatis
1489 1829 1610 1886 Dei.
1644 1830 1842 1886 Profa-
1869 1875 1918 1942 Β
1953 1830 2507 1903 noxiam,_adventus
2537 1834 2627 1890 sui
2659 1834 2845 1908 gloria
2872 1835 3121 1892 liberare
3150 1837 3608 1911 dignetur;quia

184 1935 332 1942 ---μ
372 1919 582 1942 Δῖ-ι--...
613 1921 691 1942 --.ι
717 1917 1282 1942 2---13..2----....,.--3.-
1308 1918 1812 1942 ---..Σ--ι-Πι.-2-ι-
1952 1936 2060 1942 _-_
2103 1924 2182 1942 --Α
2215 1921 2280 1942 -.ι
2317 1921 2421 1942 ι.--
2481 1927 2654 1942 -,,__n_
2720 1927 2778 1942 ηι
3064 1941 3073 1942 ,
3187 1925 3246 1942 οιι
3359 1930 3370 1942 ι
3588 1927 3599 1938 ι

183 1919 587 1987 num,dictum
609 1921 696 1974 est
716 1917 1104 1991 irreligiosum
1122 1935 1134 1973 :
1151 1918 1290 1993 quia
1308 1918 1573 1974 veniente
1586 1918 1837 1986 Christo,

181 2007 516 2064 immolatio
546 2008 834 2080 pecudum
855 2012 913 2064 et
931 2007 1256 2066 observatio
1286 2008 1676 2065 Sabbatorum
1699 2009 1838 2063 sub-

183 2103 362 2153 motis
397 2100 536 2152 sunt
564 2097 625 2152 in
656 2100 832 2164 terra,
852 2097 959 2152 hoc
981 2100 1071 2152 est
1091 2097 1150 2152 in
1173 2101 1294 2154 toto
1314 2097 1472 2164 orbe,
1500 2097 1593 2153 ubi
1617 2103 1704 2153 est
1734 2098 1836 2153 Ec-

181 2185 369 2242 clesia
394 2185 629 2242 Christi.

175 2276 244 2330 39
331 2277 686 2331 vestras-isti
712 2292 907 2332 omnes
934 2292 1091 2348 sepes
1117 2280 1245 2349 ejus
1275 2297 1295 2331 .-

329 2365 589 2420 Posuisti
614 2362 1054 2436 ﬁrmamentum
1082 2371 1209 2438 ejus
1237 2366 1642 2440 formidinem.

244 2453 303 2509 H
333 2453 631 2509 Destruxit
660 2469 846 2526 sepes,
881 2454 938 2510 id
991 2458 1082 2510 est
1127 2455 1304 2512 verba
1344 2454 1511 2528 legis.
1545 2459 1585 2510 C
1616 2454 1837 2514 Firma-

178 2548 454 2597 mentum
484 2543 819 2597 Judaeorum
853 2561 867 2598 :
900 2542 1162 2599 defensio
1219 2546 1309 2599 est
1359 2543 1458 2599 Dei
1514 2549 1571 2598 et
1600 2544 1832 2611 Christi,

177 2647 365 2704 quam
390 2632 451 2686 in
474 2631 850 2687 formidinem
883 2632 1159 2703 posuisti:
1176 2638 1242 2688 ut
1258 2632 1446 2704 culpis
1465 2632 1835 2701 facientibus,

177 2721 382 2794 ipsum
405 2719 720 2776 Dominum
743 2720 1145 2791 formidarent,
1161 2723 1332 2794 cujus
1355 2720 1624 2780 solebant
1644 2722 1836 2778 muni-

174 2811 339 2867 tione
367 2807 592 2866 vallari.

178 2901 249 2954 40
328 2900 720 2972 Diripuerunt
749 2916 877 2956 eum
898 2916 1096 2957 omnes
1122 2906 1489 2958 transeuntes
1517 2905 1680 2958 viam
1709 2918 1725 2956 :
1807 2959 1810 2963 ,

323 2993 544 3045 Factus
566 2995 649 3043 est
670 2990 1056 3060 opprobrium
1084 2992 1290 3047 vicinis
1317 2993 1458 3046 suis.

248 3076 374 3132 AC
429 3075 810 3150 Diripuerunt
857 3079 1150 3136 civitatem
1203 3078 1567 3136 Hierusalem
1627 3097 1831 3137 omnes

173 3171 559 3222 transeuntes
587 3166 762 3235 viam,
795 3167 906 3224 hoc
937 3174 1024 3225 est
1048 3174 1271 3243 gentes.
1296 3173 1336 3223 C
1366 3169 1567 3224 Merito
1598 3186 1832 3242 quoque

1951 1936 2066 1974 non
2098 1924 2186 1976 est
2211 1921 2284 1977 ad
2317 1921 2426 1977 hoc
2473 1927 2686 1992 creata,
2719 1927 2787 1980 ut
2833 1942 2962 1981 eam
3013 1925 3400 1997 permitteret,
3432 1927 3603 2000 quasi

1948 2025 2164 2064 vanum
2193 2009 2439 2082 aliquid,
2474 2012 2730 2068 interire.

1947 2099 2017 2152 47
2093 2098 2222 2166 Quis
2251 2107 2329 2155 est
2368 2101 2524 2156 homo
2555 2102 2654 2173 qui
2679 2103 2821 2157 vivet
2849 2110 2899 2157 et
2927 2119 3032 2158 non
3065 2103 3270 2161 videbit
3319 2113 3546 2160 mortem
3580 2124 3601 2162 :

2087 2189 2251 2244 Eruet
2280 2191 2527 2245 animam
2553 2206 2714 2246 suam
2733 2190 2799 2248 de
2826 2207 3000 2246 manu
3029 2193 3200 2264 inferi
3215 2194 3600 2265 ?Diapsalma.

2018 2275 2058 2331 C
2084 2276 2225 2342 Quis
2256 2281 2345 2332 est
2386 2277 2603 2334 homo:
2639 2279 3050 2352 interrogative
3098 2279 3412 2354 legendum
3459 2287 3550 2340 est
3580 2299 3594 2339 :

1949 2364 2048 2420 ubi
2079 2365 2553 2422 subaudiendum
2584 2385 2596 2423 :
2631 2367 2849 2425 nullus.
2871 2373 3086 2425 Omnes
3117 2370 3274 2426 enim
3303 2369 3600 2444 homines,

1946 2453 2065 2509 sive
2085 2453 2256 2525 justi,
2285 2455 2408 2511 sive
2439 2461 2790 2528 peccatores,
2823 2462 3074 2514 mortem
3103 2457 3386 2516 videbunt
3419 2477 3432 2517 :
3469 2477 3595 2534 quis

1948 2542 2134 2615 primo
2180 2543 2403 2599 homini
2448 2544 2668 2602 inﬂicta
2713 2552 2802 2602 est
2829 2545 2955 2619 lege
2987 2548 3230 2618 peccati.
3264 2549 3442 2605 Eruet
3471 2549 3597 2606 ani-

1948 2632 2251 2688 mam?hic
2272 2633 2544 2689 similiter
2565 2635 3040 2691 subaudiendum
3061 2635 3368 2693 nullus.De
3392 2654 3595 2706 manu,

1947 2720 2005 2776 id
2035 2724 2144 2789 est,
2171 2721 2241 2777 de
2273 2726 2556 2794 potestate
2585 2722 2756 2779 inferi
2792 2739 2803 2779 ε
2838 2740 2968 2796 qua:
2997 2741 3032 2780 a
3059 2723 3219 2781 nullo
3252 2725 3323 2780 de
3354 2725 3469 2782 ista
3500 2743 3597 2800 po-

1933 2808 2150 2867 1testate
2179 2815 2371 2882 potest
2400 2811 2545 2884 eripi
2579 2828 2591 2866 :
2626 2811 2740 2868 nisi
2792 2829 2893 2885 per
2935 2812 3124 2882 illum,
3158 2813 3259 2887 qui
3290 2813 3592 2871 moriendo

1943 2899 2257 2971 prostravit
2289 2905 2556 2957 mortem.

1942 2989 2012 3042 48
2089 2990 2189 3046 Ubi
2215 2997 2343 3045 snnt
2367 2989 2764 3048 misericordiae
2792 2999 2904 3048 tuae
2931 2994 3202 3063 antiquae,
3236 2994 3472 3049 Domine
3500 3011 3522 3048 :

2084 3079 2236 3133 Sicut
2255 3079 2466 3149 jurasti
2494 3078 2667 3134 David
2706 3080 2762 3134 in
2798 3081 3021 3136 veritate
3051 3084 3148 3136 tua
3170 3082 3198 3134 ?

1932 3181 1944 3195 '
2010 3167 2052 3222 C
2081 3165 2187 3222 Ubi
2218 3171 2358 3222 sunt
2387 3167 2837 3224 misericordiae?
2858 3185 2972 3223 non
2997 3168 3108 3224 sub
3129 3167 3328 3224 dolore
3349 3168 3582 3236 dicitur,

173 3254 928 3327 populusJudaicusfactus
943 3259 1420 3330 estopprobrium
1435 3257 1671 3314 vicinis:
1693 3275 1832 3330 quo—
1860 3244 1902 3311 C
1938 3255 2036 3309 sed
2071 3255 2239 3326 quasi
2273 3255 2516 3311 tardans
2542 3255 2826 3313 Dominus
2855 3255 3288 3329 postulatur,ut
3305 3257 3418 3313 cito
3441 3274 3585 3329 pra-

176 3345 336 3400 niam
369 3343 602 3400 Christo
629 3345 863 3402 credere
893 3345 1100 3402 noluit.

175 3434 240 3490 41
320 3433 630 3490 Excitain
657 3435 964 3492 dexteram
993 3436 1435 3508 deprimentium
1459 3451 1590 3492 eum
1619 3457 1638 3490 :

321 3522 667 3596 latiﬁcasti
688 3539 884 3580 omnes
908 3526 1174 3582 inimicos
1201 3530 1349 3598 ejus.

250 3611 291 3665 C
319 3612 607 3667 Exaltavit
637 3612 932 3669 dexteram
964 3613 1696 3687 deprimentiumzquando
1727 3614 1832 3670 Ju-

179 3701 285 3755 daei
302 3701 577 3769 hostibus
595 3702 721 3758 suis
741 3703 1339 3770 traditi,vastissimas
1369 3705 1554 3761 cades
1585 3702 1834 3776 pertule-

181 3795 334 3846 runt.
367 3791 536 3846 Tunc
589 3791 744 3847 enim
787 3790 955 3849 laetus
985 3793 1237 3848 efﬁcitur
1269 3792 1562 3863 inimicus,
1595 3793 1831 3865 quando

182 3894 374 3934 coram
409 3895 479 3936 eo
512 3879 864 3936 humiliatur
893 3882 1282 3939 adversarius.

179 3968 254 4023 42
319 3970 597 4025 Avertisti
620 3969 980 4040 adjutorium
1007 3970 1211 4042 gladii
1236 3975 1364 4045 ejus
1393 3993 1411 4027 :

320 4059 387 4112 Et
415 4075 535 4114 non
563 4075 624 4114 es
649 4059 993 4117 auxitiatns
1018 4062 1079 4117 ei
1105 4061 1165 4117 in
1196 4060 1356 4119 bello
1384 4078 1404 4116 :

258 4148 294 4200 Ο
318 4148 538 4204 Avertit
566 4149 923 4220 adjutorium
949 4149 1128 4223 gladii
1159 4151 1287 4220 ejus
1317 4167 1328 4206 :
1361 4165 1496 4206 cum
1527 4148 1625 4207 ille
1655 4167 1836 4224 popu-

181 4232 282 4290 lus
308 4242 570 4294 armatus
602 4237 754 4295 sicut
779 4239 1024 4296 inermis
1053 4240 1242 4296 factus
1271 4245 1381 4308 est,
1409 4244 1475 4296 ut
1505 4256 1638 4295 cum
1671 4239 1834 4312 prius

177 4325 349 4395 pauci
373 4325 577 4398 plures
606 4327 938 4385 vincerent:
963 4327 1158 4402 plures
1179 4334 1311 4402 post
1338 4330 1543 4402 paucis
1564 4330 1834 4395 resistere

179 4428 300 4468 non
327 4414 606 4472 valerent.

179 4500 261 4554 43
325 4503 613 4560 Dedin-isti
638 4521 764 4560 eum
784 4507 852 4561 ab
879 4507 1262 4564 emundatione
1293 4525 1313 4564 :

319 4593 386 4647 Et
413 4593 595 4650 sedem
623 4595 742 4666 ejus
772 4597 834 4651 in
862 4604 1010 4653 terra
1035 4598 1308 4654 coltisisti.

253 4681 296 4734 A
325 4681 365 4735 Ο
390 4681 740 4740 Destruxisti
765 4701 922 4754 eum,
947 4685 1002 4741 id
1028 4691 1134 4756 est,
1161 4686 1457 4743 removisti
1479 4703 1578 4743 eos
1602 4687 1704 4760 qui
1725 4688 1826 4743 ob-

184 4767 490 4826 stinatione
505 4773 722 4828 mentis
743 4773 1043 4831 Christum
1066 4792 1340 4848 spernere
1360 4775 1831 4834 maluerunt.Eos

187 4858 336 4914 enim
384 4861 457 4916 ab
501 4863 942 4932 emundatione,
975 4863 1033 4919 id
1075 4869 1164 4921 est
1210 4866 1345 4931 ﬁde,
1379 4883 1505 4938 quae
1550 4867 1833 4922 emundat

188 4947 372 5017 corda,
403 4951 676 5019 destruit,
693 4968 840 5024 quos
861 4951 1036 5010 etiam
1059 4954 1341 5010 damnare
1363 4955 1637 5011 decrevit.
1657 4956 1833 5012 Sedes

189 5034 354 5092 etiam
383 5037 480 5094 hic
508 5057 614 5112 pro
641 5057 821 5114 regno
853 5042 1042 5114 posita
1071 5047 1195 5099 est:
1225 5060 1354 5116 qua:
1381 5044 1589 5100 merito
1619 5044 1836 5100 dicitur

191 5120 247 5178 in
280 5130 425 5184 terra
454 5127 682 5198 collisa,
698 5131 933 5202 quando
949 5130 1176 5187 divisus
1198 5131 1451 5204 populus
1476 5133 1536 5188 in
1557 5136 1677 5190 toto
1696 5134 1836 5190 orbe

190 5217 272 5267 est
297 5215 617 5291 dispersus,
649 5217 897 5288 ulterius
927 5235 1124 5293 regem
1154 5225 1211 5277 et
1239 5237 1484 5294 regnum
1518 5239 1634 5279 non
1665 5222 1832 5279 habi-

195 5304 370 5360 turus.

195 5388 257 5446 44
317 5393 605 5453 ιίηοναδεὶ
631 5396 748 5453 dies
777 5400 1039 5471 temporis
1069 5399 1190 5472 ejus
1222 5419 1242 5457 :

317 5485 625 5557 Per/adisti
651 5503 777 5544 eum
805 5489 1153 5564 confusione.
1187 5490 1531 5562 Diapsalma.

253 5569 289 5626 (Ξ
310 5571 580 5631 Minorati
601 5582 745 5634 sunt
759 5579 886 5634 dies
907 5579 1071 5652 regni
1093 5578 1355 5648 Judaici;
1381 5580 1522 5653 quia
1547 5580 1834 5654 pollicita-

201 5656 392 5726 tionem
423 5665 676 5724 Abraha
707 5666 1084 5742 promissam,
1112 5669 1182 5726 de
1200 5669 1363 5744 regni
1387 5670 1836 5742 mternitate,ha-

1859 4618 1908 4684 B

1941 3347 2096 3400 stet:
2131 3344 2285 3416 quod
2326 3361 2459 3400 cum
2511 3349 2748 3401 noverat
2796 3333 2924 3402 esse
2956 3345 3272 3402 facturum.
3302 3346 3588 3418 Antiquae

1940 3431 2082 3487 dicit
2113 3448 2125 3486 :
2161 3449 2306 3503 quas
2335 3432 2578 3487 Abrahae
2614 3433 2823 3490 fecisse
2850 3433 3070 3490 sciebat
3094 3451 3107 3502 ;
3131 3434 3408 3508 antiquas
3431 3435 3591 3490 enim

1941 3536 2056 3576 non
2089 3521 2323 3592 diceret,
2358 3521 2471 3577 nisi
2504 3526 2638 3578 ante
2667 3521 2939 3580 Davidica
2968 3526 3234 3596 tempora
3264 3524 3444 3580 factas
3465 3539 3595 3580 esse

1941 3613 2334 3682 cognosceret.

1940 3698 2010 3754 49
2080 3701 2282 3756 Memor
2309 3709 2438 3769 esto,
2460 3701 2705 3771 Domine,
2729 3703 3012 3775 opprobrii
3038 3718 3317 3759 servorum
3337 3710 3555 3760 tuorum
3572 3720 3592 3757 :

2085 3789 2234 3858 Quod
2262 3792 2512 3846 continui
2539 3792 2600 3846 in
2618 3792 2745 3847 sinu
2771 3809 2890 3848 meo
2919 3793 3222 3848 multarum
3250 3793 3518 3861 gentium.

2011 3881 2050 3933 C
2080 3878 2472 3951 Obprobrium
2503 3879 2748 3952 contigit
2777 3881 2961 3937 servis
2983 3881 3081 3936 Dei
3101 3897 3113 3936 :
3131 3881 3366 3958 quando
3389 3882 3593 3954 gentes

1941 3983 2140 4023 amore
2172 3967 2461 4024 idolorum
2492 3969 2996 4041 persequebantur
3047 3967 3410 4026 Christianos
3437 3985 3448 4023 :
3483 3967 3592 4023 hoc

1941 4060 2067 4113 erat
2086 4056 2147 4112 in
2169 4057 2301 4113 sinu
2323 4057 2808 4126 Christianorum,
2835 4058 2892 4112 id
2916 4062 3024 4124 est,
3047 4056 3107 4112 in
3131 4061 3354 4116 secreto
3378 4056 3592 4133 mentis

1941 4145 2150 4203 affectu
2166 4164 2179 4215 ;
2195 4147 2335 4218 quia
2357 4145 2552 4220 palam
2571 4146 2857 4203 timebant
2886 4145 3067 4218 loqui,
3092 4146 3247 4206 unde
3267 4144 3592 4219 probaban-

1941 4239 2038 4291 tur
2065 4235 2381 4308 exstingui.

1939 4325 2011 4380 50
2085 4324 2233 4393 Quod
2261 4325 2730 4397 exprobraveru-nt
2758 4326 2976 4381 inimici
3003 4326 3106 4396 tui,
3139 4323 3365 4382 Domine
3393 4340 3412 4376 :

2083 4413 2238 4484 Quod
2301 4413 2770 4486 exprobrauerunt
2839 4415 3315 4476 commutationem
3387 4409 3595 4468 Christi

2158 4505 2260 4559 tui.

2013 4592 2060 4648 H
2091 4591 2597 4665 Exprobraverunt
2629 4608 2642 4646 :
2675 4591 2859 4648 Judaei
2908 4591 3177 4649 videlicet
3205 4594 3262 4648 et
3298 4589 3592 4648 Pharisaei.

1939 4683 1979 4738 C
2006 4681 2137 4753 Ipsa
2157 4683 2246 4737 est
2267 4680 2650 4738 commutatio
2670 4680 2887 4738 Christi
2913 4698 2925 4738 :
2951 4698 3067 4754 qua
3088 4681 3412 4737 obstinatos
3435 4680 3595 4735 dese-

1941 4771 2083 4840 ruit,
2114 4775 2172 4827 et
2201 4769 2402 4826 ﬁdeles
2433 4771 2504 4827 ad
2538 4772 2692 4827 dona
2722 4788 2842 4827 suae
2873 4771 3107 4844 pietatis
3139 4769 3363 4826 ascivit.

1939 4859 2000 4916 5|
2082 4860 2404 4916 Benedictus
2434 4863 2698 4916 Dominus
2731 4863 2793 4916 in
2819 4869 3091 4918 aeternum
3122 4877 3141 4912 :

2082 4950 2230 5012 Fiat,
2264 4949 2384 5020 ﬁat.

2013 5041 2053 5092 Ο
2103 5035 2452 5092 Benedictus
2501 5035 2834 5092 Dominus:
2899 5038 3101 5090 contra
3156 5032 3596 5090 maledictiones

1943 5126 2251 5200 gentilium
2282 5127 2538 5198 positum
2562 5124 2962 5196 est,quoniam
2994 5140 3121 5196 quae
3152 5123 3357 5180 dicunt
3378 5122 3462 5179 illi
3497 5139 3600 5180 ca-

1941 5218 2093 5273 duca
2120 5219 2277 5270 sunt.
2314 5215 2466 5270 Laus
2497 5218 2694 5269 autem
2726 5212 2956 5268 Domini
2989 5217 3295 5286 permanet
3324 5211 3385 5268 in
3430 5215 3596 5268 aiter-

1943 5321 2107 5363 num.
2141 5303 2440 5376 Sequitur,
2473 5302 2712 5368 ﬁatﬁat
2735 5306 2849 5372 :_ut
2879 5302 2950 5357 de
2979 5302 3158 5358 tantis
3189 5299 3596 5375 promissioni-

1942 5397 2055 5452 bus
2086 5409 2257 5450 nemo
2288 5391 2603 5459 dubitaret,
2633 5390 2731 5448 ubi
2762 5391 3128 5448 confirmatio
3158 5391 3368 5448 iterata
3398 5405 3592 5447 succe-

1945 5486 2127 5542 deret.

2360 5587 2563 5628 ORATIO
2602 5587 2674 5628 EX
2715 5586 2871 5629 PSAL.
2916 5587 3184 5628 LXXXVIII.

2015 5667 2187 5734 Erue,
2223 5661 2490 5738 Domine,
2521 5660 2751 5719 animas
2801 5665 3054 5731 nostras,
3087 5661 3158 5716 de
3206 5676 3385 5716 manu
3435 5657 3586 5714 infer
