4054 6168
449 341 566 405 335

1364 341 1429 400 S.
1474 340 1867 403 BRUNONIS
1912 341 2534 404 HERBlPOLENSlS
2580 341 2958 404 EPISCOPI.

453 475 555 549 qui
587 488 691 549 pro
720 473 893 532 nobis
918 474 1151 531 inferna
1193 472 1420 529 fortiter
1450 473 1789 547 confregisti
1823 490 1836 530 :
1870 477 1936 530 ut
1966 477 2098 530 tuas
2131 476 2176 543 Α
2209 477 2244 528 7
2354 475 2503 546 Quia
2529 476 2840 548 defecimus
2870 477 2931 532 in
2955 475 3058 533 ira
3086 484 3190 532 tua
3221 491 3238 531 :

456 564 887 623 misericordias
936 564 1333 629 decantantes,
1365 567 1422 619 et
1451 579 1485 619 a
1515 562 1858 620 confusione
1905 561 2102 619 crimi-

457 671 623 725 num,
652 657 709 710 ct
735 671 770 711 a
799 658 984 710 morte
1014 655 1293 727 perpetua
1322 651 1664 709 liberemur.
1696 652 1807 721 Qui
1839 669 1973 709 cum
2004 653 2109 710 Pa-

458 747 545 801 tre
574 747 631 800 et
659 742 823 812 Filio,
856 747 962 801 etc.

958 874 1287 934 PSALMUS
1318 875 1625 934 LXXXIX.~

846 1010 1250 1052 ABGUMENTUM
1287 1010 1446 1050 PS‘AL.
1490 1010 1711 1050 LXXXIX.

522 1130 569 1183 Ο
604 1126 804 1185 Oratio
856 1126 1122 1183 ﬁdelium
1178 1126 1535 1200 pepulorum
1586 1140 1691 1200 pro
1732 1122 1989 1183 Ecclesia
2030 1124 2107 1181 ad

459 1212 666 1274 Deum.

809 1305 925 1363 TT.
959 1307 1147 1365 Oratio
1175 1306 1348 1377 Moysi
1375 1305 1614 1361 hominis
1645 1306 1766 1361 Dei.

398 1450 409 1463 ,
462 1398 488 1451 1
601 1395 847 1462 Domine,
878 1397 1161 1467 refugium
1202 1397 1291 1473 ᾤ
1339 1402 1399 1449 tu
1442 1400 1455 1459 ζ
1496 1396 1672 1463 factus
1699 1410 1754 1449 es
1781 1392 1974 1449 nobis:

602 1485 644 1539 A
674 1486 1025 1553 generatione
1054 1487 1107 1538 et
1134 1484 1503 1552 generatione.

533 1574 573 1629 C
605 1572 834 1645 Moyses
854 1571 952 1627 ille
971 1570 1404 1639 venerabilis,in
1429 1575 1563 1644 typo
1586 1574 1799 1627 sanctae
1820 1569 2110 1638 Ecclesiae,

466 1678 644 1733 quam
662 1661 1128 1734 prmﬁguratione
1144 1660 1430 1734 gestabat,
1444 1659 1690 1717 Domino
1709 1660 1839 1717 fusa
1856 1661 2113 1718 oratione

465 1749 683 1823 gratias
714 1749 853 1822 agit,
885 1748 985 1821 qui
1031 1749 1220 1806 factus
1270 1754 1360 1806 est
1387 1748 1471 1804 illi
1504 1749 1794 1822 refugium
1826 1766 1838 1805 :
1868 1764 2007 1807 cum
2041 1750 2113 1807 ab

2354 570 2424 622 Et
2456 565 2515 621 in
2541 566 2750 637 furore
2778 574 2878 622 tuo
2898 566 3130 623 turbati
3155 568 3372 622 suvius.

2284 654 2328 710 Ο
2357 653 2690 711 Defecimus
2744 653 2902 710 enim
2958 654 3186 717 dictum
3230 658 3343 723 est,
3374 654 3432 710 id
3464 658 3571 726 est,
3605 654 3869 713 humana

2216 760 2425 801 sumus
2446 742 2788 800 inﬁrmitate
2810 743 3405 818 fatigati.Gonturbati
3420 759 3632 803 sumus
3648 762 3670 801 ς
3701 744 3869 820 cogi-

2216 837 2341 889 tata
2356 833 2569 890 mortis
2588 831 2903 890 formidine
2920 849 3103 906 quam
3118 848 3331 891 omnes
3348 833 3702 891 timemusJi
3716 834 3872 891 Non-

2216 923 2410 996 gentis
2437 926 2496 979 et
2522 921 2779 995 amplius
2809 923 2980 979 annis
3004 922 3380 980 vivebamus:
3398 926 3462 980 et
3485 939 3616 981 ecce
3644 924 3706 979 in
3734 924 3874 980 bre-

2215 1027 2347 1068 vem
2367 1012 2547 1070 vitam
2572 1015 2776 1069 nostra
2795 1012 2916 1069 vita
2933 1016 3234 1070 contracta
3262 1017 3372 1082 est,
3391 1012 3530 1086 quia
3547 1012 3877 1071 defecimus

2218 1101 2278 1157 in
2310 1101 2398 1159 ira
2422 1106 2543 1158 tua.

2217 1192 2252 1247 8
2358 1191 2618 1249 Posuisti
2662 1192 2999 1264 iniquitates
3042 1202 3275 1250 nostras
3302 1193 3363 1250 in
3388 1201 3695 1263 conspectu
3716 1201 3822 1250 tuo
3849 1212 3872 1250 :

2430 1282 2703 1341 saeuiunt
2732 1288 2996 1339 nostrum
3024 1283 3085 1340 in
3106 1283 3531 1341 imminutione
3548 1287 3735 1341 vultus
3763 1283 3883 1359 ωε,

2290 1370 2337 1426 Η
2368 1371 2649 1439 Posuisti,
2672 1376 2782 1429 etc.
2810 1389 2824 1429 :
2848 1372 2959 1429 hoc
2980 1377 3091 1441 est,
3108 1377 3170 1429 te
3191 1371 3335 1430 latet
3357 1372 3505 1429 nihil
3524 1372 3601 1430 de
3618 1374 3881 1447 peccatis

2220 1459 2460 1517 nostris.
2492 1459 2784 1518 Secutum
2816 1465 3083 1519 nostrum
3112 1461 3175 1518 in
3206 1461 3880 1529 illuminatiane.CQuia

2220 1550 2421 1607 statim
2471 1554 2537 1606 ut
2584 1549 3006 1624 delinquimus,
3063 1551 3386 1610 vindictam
3437 1556 3876 1626 exspectamus.

2222 1637 2269 1695 H
2302 1639 2596 1712 Quidquid
2620 1640 2806 1697 etiam
2858 1641 2919 1697 in
2964 1645 3191 1698 secreto
3216 1657 3325 1698 nos
3353 1642 3542 1700 facere
3570 1647 3878 1716 putamus,

2224 1727 2653 1785 iliuminatione
2703 1733 2808 1786 tua
2855 1734 2914 1786 et
2959 1729 3018 1785 in
3067 1730 3254 1788 oculis
3294 1730 3422 1788 tuis
3466 1735 3646 1804 patet.
3692 1731 3885 1789 Habet

466 1817 757 1896 universis
783 1837 1061 1911 periculis
1092 1838 1356 1895 noscitur
1383 1854 1513 1895 esse
1543 1838 1851 1902 liberatus.
1898 1840 2116 1896 Verum
2146 1848 2149 1913 ς

2249 1817 2381 1874 ειιὶω
2412 1817 2651 1875 Hebraea
2678 1819 2896 1875 veritas
2929 1836 2944 1875 :
2979 1820 3097 1876 vita
3126 1825 3329 1877 nostra
3355 1820 3417 1877 in
3448 1819 3884 1879 illuminatiaae

467 1931 531 1985 ut
560 1926 667 1983 hoc
696 1944 815 1983 non
845 1931 1077 1984 tantum
1110 1928 1181 1984 de
1210 1944 1326 1983 uno
1361 1926 1619 1997 homine,
1653 1928 1755 1984 scd
1787 1928 1858 1984 de
1884 1929 2116 1984 univer-

467 2016 573 2073 sali
606 2016 866 2073 Ecclesia
913 2017 1241 2073 adverteres
1271 2017 1442 2073 nobis
1477 2018 1693 2090 posuit,
1725 2032 1843 2073 non
1866 2017 2041 2074 ‘mihi.
2064 2019 2120 2087 ⁴Α

466 2107 841 2180 generatione
868 2106 1011 2162 dicit
1039 2105 1186 2161 illud
1214 2110 1469 2178 tempus,
1496 2120 1569 2162 ex
1600 2123 1715 2179 quo
1748 2112 2002 2181 emptum
2034 2111 2124 2165 est

470 2210 657 2268 genus
686 2195 1036 2251 humanum.
1060 2195 1374 2268 Progenie:
1408 2210 1596 2267 usque
1629 2196 1686 2250 in
1722 2197 1897 2252 linem
1923 2196 2122 2253 saeculi

472 2285 785 2357 signiﬁcat,
819 2301 886 2340 ac
909 2284 960 2340 si
990 2284 1207 2340 diceret
1235 2299 1486 2356 semper.

469 2387 505 2446 2
615 2392 952 2464 Priusquam
977 2397 1184 2447 montes
1211 2390 1403 2462 ﬁerent
1424 2398 1520 2446 aut
1550 2393 1886 2463 [armaretur
1911 2400 2058 2447 terra
2076 2399 2128 2449 et

687 2480 833 2536 orbis
862 2498 881 2535 :

616 2570 655 2624 A
688 2567 891 2626 saeculo
913 2576 966 2625 et
992 2583 1164 2641 usque
1192 2568 1253 2624 in
1283 2568 1551 2626 saeculum
1579 2575 1640 2623 tu
1667 2584 1723 2623 es
1750 2571 1912 2624 Deus.

544 2662 583 2713 C
615 2658 860 2727 Montes,
892 2656 987 2714 hic
1020 2674 1311 2730 ponamus
1348 2661 1667 2730 potestates
1700 2656 1980 2714 ccelorum
2011 2658 2131 2715 exi-

473 2747 625 2805 mias
650 2764 663 2803 :
688 2763 755 2803 ac
778 2746 827 2803 si
850 2745 1005 2802 dicat
1029 2762 1040 2801 :
1066 2747 1155 2801 Tu
1174 2762 1236 2802 es
1259 2751 1579 2817 antequam
1601 2744 1861 2802 cmlestia
1882 2751 2138 2806 terrena.

473 2852 589 2910 que
621 2836 924 2892 formares.
956 2837 1003 2891 A
1032 2833 1243 2891 saeculo
1274 2839 1331 2890 et
1360 2851 1547 2907 usque
1569 2834 1632 2889 in
1664 2832 1947 2891 saeculum
1970 2841 2133 2892 aeter-

476 2927 720 2983 nitatem
773 2925 1056 2982 debemus
1113 2924 1432 2980 advertere.
1464 2925 1552 2979 Tu
1593 2940 1655 2979 es
1689 2942 1701 2980 :
1736 2929 2135 2998 competenter

473 3016 591 3074 Deo
605 3014 838 3081 dicitur,
854 3012 1120 3087 quianon
1134 3013 1313 3069 habet
1335 3011 1694 3086 prieteritum
1712 3030 1817 3070 nec
1831 3014 2097 3071 futurum
2118 3032 2131 3071 :

474 3103 558 3161 sic
586 3103 744 3161 enim
775 3101 959 3177 Moysi
989 3101 1136 3158 dixit
1171 3119 1183 3158 :
1216 3102 1335 3176 Ego
1368 3117 1499 3158 sum
1529 3100 1630 3174 qui
1662 3119 1795 3159 sum
1828 3103 2141 3178 (Exodnu),

483 3204 518 3268 3
628 3211 704 3266 Ne
731 3214 947 3268 avertas
978 3209 1255 3267 hominem
1284 3211 1342 3265 in
1371 3209 1742 3266 humilitatem
1771 3230 1790 3265 :

624 3302 692 3354 b’t
717 3299 918 3355 dixisti
946 3318 965 3355 :
995 3300 1399 3357 Convertimini
1424 3299 1551 3369 ﬁlii,
1585 3300 1890 3357 hominum.

550 3389 598 3442 (Σ
627 3386 708 3441 Ne
739 3390 966 3443 avertas
995 3387 1292 3443 hominem
1328 3387 1386 3442 in
1416 3386 1906 3457 humilitatem,id
1938 3394 2047 3461 est,
2067 3408 2138 3449 ne

488 3475 549 3532 in
592 3475 798 3532 mundi
839 3475 1011 3532 istius
1055 3474 1589 3548 concupiscentiam
1641 3477 2140 3552 ambitionemque

489 3564 784 3636 projicias.
802 3563 1007 3619 Merito
1020 3580 1156 3636 ergo
1169 3564 1330 3636 petit,
1352 3581 1423 3620 ne
1444 3565 1789 3622 deserantur
1800 3566 2140 3626 hominesin

480 3651 735 3709 .lubricis
764 3652 1287 3726 lapsibus,quibus
1308 3653 1528 3709 dictum
1555 3659 1643 3710 est
1666 3670 1679 3711 :
1703 3657 2137 3715 Convertimini.

491 3762 525 3816 4
633 3762 911 3833 Quoniam
933 3762 1090 3817 mitte
1116 3762 1255 3816 anni
1282 3767 1410 3816 ante
1436 3761 1616 3818 oculos
1645 3768 1762 3818 tuos
1789 3781 1808 3817 :

633 3852 912 3923 Tanquam
936 3849 1054 3907 dies
1084 3851 1338 3907 hesterna
1366 3864 1493 3923 qum
1514 3853 1808 3922 praeteriit.

560 3939 785 3996 CMille
813 3938 972 3997 enim
1005 3939 1165 4009 anni,
1200 3955 1316 3995 non
1372 3938 1563 3995 solum
1607 3939 1778 4011 pauci
1824 3946 1967 3998 sunt
2008 3946 2142 4000 ante

489 4028 691 4087 oculos
716 4030 843 4099 Dei,
876 4030 979 4085 sed
1008 4028 1249 4085 omnino
1278 4032 1561 4101 tanquam
1592 4029 1865 4087 hesterna
1896 4031 2022 4088 dies
2043 4032 2144 4088 ha-

478 4120 706 4177 bentur
720 4119 1291 4192 prateritiLFinitum
1312 4134 1661 4192 quoquepro
1681 4118 1911 4178 inﬁnito
1924 4122 2141 4194 posuit,

488 4209 547 4265 id
580 4214 690 4277 est,
722 4206 883 4264 mille
914 4224 1017 4281 pro
1047 4206 1343 4263 omnibus.

487 4301 524 4356 5
631 4300 697 4355 Et
723 4297 971 4355 custodia
987 4298 1061 4353 in
1084 4301 1242 4354 nocte
1269 4316 1290 4352 .-

630 4408 771 4476 Quee
793 4422 893 4478 pro
921 4404 1098 4462 nihilo
1124 4406 1396 4463 habentur
1423 4422 1609 4462 eorum
1640 4406 1779 4461 anni
1804 4414 1984 4462 erunt.

532 4494 602 4548 Ὀ
626 4493 872 4550 Pulchre
901 4498 1097 4550 autem
1128 4494 1450 4552 humanam
1473 4495 1650 4551 vitam
1676 4495 1979 4552 nocturnis
1992 4512 2146 4552 com-

2228 1906 2423 1963 vultus
2455 1908 2559 1962 tui.

2225 1996 2262 2051 9
2365 1996 2653 2067 Quoniam
2678 2012 2875 2055 omnes
2904 1998 3030 2055 dies
3056 2000 3249 2056 nostri
3266 2000 3604 2073 defecerunt
3635 2019 3655 2056 :

2388 2091 2442 2150 μετ
2471 2090 2539 2142 Et
2582 2091 2595 2151 ζ
2638 2086 2699 2143 in
2726 2087 2824 2144 ira
2851 2097 2959 2145 tua
2987 2089 3322 2160 defecimus.

2233 2175 2300 2230 10
2372 2175 2518 2232 Anni
2546 2177 2734 2233 nostri
2757 2178 2905 2235 sicut
2933 2194 3157 2235 aranea
3185 2179 3623 2237 meditabantur
3652 2198 3672 2235 :

2372 2265 2509 2322 Dies
2535 2280 2823 2323 annorum
2845 2276 3189 2325 nostrorum
3228 2269 3291 2325 in
3328 2270 3474 2340 ipsis
3513 2270 3890 2342 septuaginta

2434 2370 2606 2411 anni.
3072 2400 3075 2403 -

2305 2444 2346 2499 C
2376 2444 2723 2501 Brevitatem
2771 2445 3045 2503 humanis
3092 2446 3223 2504 vita
3270 2447 3416 2504 dicit
3460 2451 3699 2521 propter
3735 2448 3892 2505 iram

2237 2532 2468 2589 Domini
2499 2534 2857 2606 provenisse.
2890 2536 3037 2593 Nam
3095 2538 3251 2609 quod
3311 2537 3474 2607 dicit,
3507 2554 3714 2595 omnes
3760 2539 3896 2596 dies

2236 2622 2422 2678 nostri
2453 2623 2898 2693 defecerunt,ad
2914 2641 3106 2681 annos
3127 2625 3378 2699 pertinet
3396 2626 3892 2696 innumerabiles;

2240 2711 2397 2784 quod
2445 2716 2640 2768 autem
2693 2712 2979 2786 sequitur,
3011 2718 3069 2770 et
3106 2715 3165 2769 in
3195 2715 3282 2772 ira
3310 2718 3413 2772 tua
3439 2715 3783 2786 defecimus,
3813 2717 3895 2775 ad

2240 2800 2650 2858 tribulationes
2704 2819 3116 2876 aerumnasque
3172 2804 3427 2878 respicit,
3460 2810 3609 2878 quas
3646 2805 3716 2862 in
3752 2805 3900 2880 ipsa

2241 2890 2361 2946 vita
2388 2890 2737 2963 parvissima
2765 2892 3149 2950 sustinemus.

2315 2979 2357 3034 C
2383 2981 2718 3036 Aranea-est
2736 2980 2957 3037 animal
2972 2981 3167 3039 debile
3182 2999 3252 3038 ac
3268 2982 3708 3051 tenuissimum,
3722 2984 3900 3057 quod

2240 3068 2692 3127 transeuntibus
2716 3071 2960 3141 muscis,
2975 3071 3048 3127 ad
3062 3087 3262 3129 escam
3283 3073 3396 3130 sibi
3420 3074 3898 3147 mappas-audam,

2238 3158 2514 3231 quaedam
2546 3159 2691 3215 retia
2715 3159 2919 3218 dolosa
2935 3162 3193 3219 contexit
3212 3161 3335 3221 :sic
3365 3163 3503 3220 anni
3534 3178 3763 3231 eorum,
3789 3164 3903 3237 qui

2165 3219 2209 3286 Ο
2240 3219 2544 3304 sceleratis
2574 3249 2849 3322 operibus
2869 3250 3049 3307 dediti
3074 3219 3532 3321 sunt,’inanibus
3552 3219 3902 3331 εἰδυώᾶἰῆ

2244 3336 2778 3395 machinationibus
2806 3344 3187 3413 occupantur.
3208 3343 3435 3399 Aranea
3449 3343 3623 3410 dicta,
3637 3342 3800 3415 quod
3816 3342 3902 3399 sit

2245 3426 2427 3493 arida,
2458 3426 2754 3501 nimisque
2800 3429 3055 3486 subtilis.
3101 3430 3543 3487 Meditabuntur
3588 3447 3746 3503 vero,
3779 3447 3902 3488 non

2246 3516 2645 3589 operabuntur
2685 3517 2850 3587 dixit,
2883 3519 3161 3591 quoniam
3192 3521 3306 3577 sub
3332 3519 3498 3577 nullo
3529 3521 3725 3577 fructu
3760 3537 3902 3596 ope-

2242 3621 2400 3673 rum,
2433 3606 2535 3663 sed
2567 3606 2727 3663 inani
2758 3607 3135 3666 meditatione
3163 3610 3453 3666 vixerunt.

2238 3696 2311 3750 11
2387 3696 2453 3753 Si
2478 3705 2674 3753 autem
2703 3698 2761 3754 in
2787 3699 3179 3768 potentatibus
3202 3699 3497 3772 octoginta
3524 3700 3668 3756 anni
3696 3717 3719 3755 :

2388 3790 2459 3844 Et
2487 3788 2739 3857 amplius
2764 3803 2973 3845 eorum
3004 3789 3167 3846 labor
3190 3798 3246 3846 et
3268 3789 3460 3846 deter.

2319 3875 2365 3930 Η
2398 3875 2556 3932 Licet
2576 3876 2686 3933 hoc
2707 3877 3033 3934 secundum
3055 3876 3775 3948 histoﬁam,ede‘hrevitate
3793 3877 3905 3935 hu-

2250 3980 2437 4020 manae
2466 3964 2615 4034 vite,
2643 3983 2759 4021 non
2802 3965 3123 4040 incongrue
3174 3966 3363 4041 accipi
3407 3967 3616 4024 debeat
3646 3983 3660 4023 :
3694 3972 3901 4025 tamen

2251 4057 2495 4127 uterque
2522 4072 2805 4112 numerus
2831 4072 2865 4113 a
2894 4055 3145 4129 spiritali
3176 4070 3342 4115 sacro
3384 4071 3506 4113 non
3551 4061 3741 4113 vacat.
3774 4056 3823 4114 Η
3862 4056 3907 4114 C

2232 4144 3012 4218 'Septuagesimus-denique
3040 4158 3322 4202 numerus
3342 4145 3536 4221 legem
3567 4145 3902 4219 (Nurum,

2250 4233 2415 4306 Lxxx)
2471 4249 2485 4289 :
2545 4233 2994 4308 Octuagesimus
3046 4234 3428 4309 Evange‘lium
3484 4235 3803 4308 signiﬁcat.
3854 4232 3904 4291 ε

2249 4324 2526 4397 Quisquis
2557 4324 2714 4380 enim
2745 4324 2841 4379 hic
2870 4323 3017 4399 legis
3046 4327 3333 4397 praecepta
3360 4328 3416 4380 et
3440 4322 3791 4397 evangelica:
3813 4323 3903 4381 in.

2247 4412 2574 4473 stitutionis
2603 4412 2825 4469 excedit
2858 4430 2871 4468 :
2907 4412 3090 4469 labori
3123 4414 3182 4470 in
3215 4412 3506 4488 praesenti,
3532 4417 3592 4469 et
3621 4411 3811 4469 dolori
3832 4413 3901 4468 in

2249 4504 2448 4561 futuro
2479 4502 2831 4575 implicatur.

480 4578 721 4659 paravit
750 4582 1063 4639 1excubiis:
1110 4583 1212 4639 ubi
1268 4589 1457 4639 totum
1508 4585 1621 4640 sub
1677 4584 2031 4641 obscuritate
2088 4588 2320 4659 01])12
2390 4592 2673 4663 Quoniam
2698 4592 3030 4663 superveni:
3056 4594 3439 4651 mansuetudo

474 4671 876 4746 trepidatione
904 4672 1147 4745 geritur,
1180 4674 1414 4745 quando
1445 4689 1612 4729 mens
1643 4672 1949 4729 hominum
1982 4673 2140 4730 vitiis

489 4761 824 4821 carnalibus
854 4762 1216 4818 circumdata
1248 4762 1533 4835 pulsatur.
1566 4763 1842 4818 Custodia
1871 4778 2004 4819 vero
2035 4776 2137 4820 no-

490 4859 695 4910 cturna
722 4851 1104 4909 tribusihoris
1129 4849 1392 4924 expletur
1416 4868 1428 4905 :
1473 4856 1727 4923 quatuor
1754 4851 1912 4907 enim
1944 4856 2139 4909 custo-

489 4943 597 4997 dia:
629 4948 857 4998 noctem
890 4940 1204 5015 complent.

488 5049 526 5099 6
635 5054 802 5105 Mane
856 5052 999 5105 sicut
1056 5051 1224 5105 herba
1277 5057 1567 5106 transeat:
1625 5064 1789 5104 mane
1842 5050 2033 5119 ﬂoreat
2088 5057 2142 5107 et

707 5140 947 5191 transeat
975 5153 992 5189 :

627 5222 859 5292 'Vespere
886 5224 1121 5293 decidat,
1154 5225 1373 5281 induret
1404 5234 1455 5281 et
1483 5232 1713 5281 arescat.

565 5306 613 5363 Η
643 5308 684 5363 C
710 5308 877 5364 Mane
910 5326 922 5364 :
953 5310 1198 5367 infantia
1229 5318 1285 5369 et
1315 5313 1562 5386 pueritia
1594 5314 1715 5369 sive
1748 5313 2141 5370 adolescentia

496 5401 889 5469 nuncupatur,
921 5412 1226 5471 vesperum
1276 5419 1409 5461 vero
1464 5406 1827 5459 senectutem
1882 5401 2139 5457 hominis

494 5484 769 5559 appellat.
785 5485 833 5541 H
845 5486 1017 5544 Mane
1030 5493 1295 5544 nostrum
1310 5507 1423 5545 non
1441 5496 1577 5561 stat,
1592 5491 1693 5546 sed
1709 5489 1945 5561 transit,
1954 5489 2013 5545 id
2027 5494 2135 5559 est,

485 5575 767 5650 juventus
797 5578 1017 5646 nostra,
1032 5580 1090 5632 et
1118 5575 1319 5651 perita
1338 5585 1636 5636 senectute
1659 5596 1672 5634 :
1696 5590 1802 5635 nec
1824 5578 2019 5651 ipsum
2041 5595 2136 5636 ve-

490 5680 732 5747 sperum
766 5669 985 5737 manet,
1017 5665 1119 5725 sed
1152 5665 1386 5724 decidit.

2390 4685 2469 4737 Et
2494 4682 2914 4752 corripiemur.

2317 4772 2357 4826 C
2387 4771 2733 4844 Supervenit
2782 4776 2980 4828 autem
3026 4772 3450 4841 mansuetudo,
3482 4770 3541 4827 id
3585 4773 3677 4826 est
3724 4770 3903 4827 Jesus

2247 4858 2517 4916 Christus
2550 4872 2821 4933 :nosque
2849 4860 3090 4935 corripit
3118 4858 3560 4928 eteemendat,si
3585 4863 3906 4916 testamen-

2235 4952 2374 5004 tum
2400 4949 2529 5020 ejus
2558 4946 2800 5022 implere
2830 4966 2947 5006 non
2976 4949 3326 5024 satagimus.

2250 5038 2317 5093 13
2391 5038 2533 5110 Quis
2561 5038 2719 5094 novit
2745 5047 3088 5109 potestatem
3108 5040 3220 5097 irae
3246 5047 3362 5097 tua:
3390 5057 3412 5095 :

2390 5130 2460 5184 Et
2486 5141 2610 5197 pra:
2636 5128 2848 5185 timore
2874 5136 2974 5186 tuo
3000 5129 3155 5186 iram
3181 5128 3746 5185 tuam'dinumerare
3762 5126 3796 5182 ἲ

2236 5218 2319 5272 14
2386 5221 2710 5274 -υεωιεναπι
2739 5226 2901 5274 tuam
2928 5219 3014 5275 sic
3040 5227 3238 5276 notam
3265 5219 3365 5291 fac
3382 5236 3412 5275 -:

2391 5310 2462 5362 Et
2487 5307 2748 5364 eruditos
2776 5307 2949 5364 corde
2981 5307 3041 5364 in
3068 5307 3377 5379 sapientia.

2319 5400 2359 5451 C
2388 5395 2535 5453 Nam
2565 5396 2719 5453 sicut
2742 5396 2982 5470 praemia
3010 5396 3110 5454 Dei
3129 5395 3471 5471 plenissime
3490 5392 3909 5469 nequeunti:-

2248 5484 2429 5559 telligi
2465 5502 2478 5541 :
2512 5485 2596 5541 ita
2628 5500 2734 5543 nec
2762 5500 3043 5542 mensura
3067 5485 3337 5543 uindictae
3370 5484 3658 5560 praevalet
3688 5497 3905 5559 appre-

2232 5575 2610 5631 'hendi.iBene
2639 5592 2772 5631 vero
2800 5574 3048 5642 addidit,
3062 5575 3446 5648 praetimere:
3478 5572 3720 5631 sicut-Et
3746 5568 3908 5627 alius

2232 5663 2531 5739 propheta
2558 5665 2641 5723 ait
2673 5681 2685 5722 :
2718 5663 3095 5724 Consideravi
3127 5668 3435 5740 opera‘tua
3463 5667 3523 5721 et
3548 5660 3776 5738 expavi.
