4054 6168
223 288 342 356 337

1441 308 1849 373 EXPOSITIO
1894 313 2405 384 PSALMOBUM.

290 432 659 490 CDexteram
716 432 873 492 enim
922 435 1085 507 dicit,
1138 438 1457 499 Dominum
1506 442 1866 503 Salva-torem
1896 446 1952 517 Α

217 528 447 600 petens:
474 528 539 580 ut
559 523 687 598 ipse
707 523 826 581 illis
847 529 1025 584 notus
1048 525 1168 595 ﬁat,
1192 546 1297 602 per
1316 547 1493 604 quem
1517 534 1715 592 omnia
1735 554 1869 610 pro-

218 611 412 668 futura
439 611 751 669 discimus.
791 613 862 670 Et
890 615 1176 685 eruditos,
1225 621 1359 689 etc.,
1406 621 1464 678 id
1494 626 1603 693 est,
1637 624 1870 684 intelle-

214 704 371 759 ctum
402 700 685 758 habentes
713 702 774 758 in
806 703 1120 763 Dominum
1153 707 1469 767 Christum.
1489 713 1872 773 Eruditusdi-

3513 334 3633 399 338

2570 482 2894 545 PSALMUS
2931 486 3038 546 XC.

2434 617 2843 661 ARGUMENTUM
2883 621 3041 661 PSAL.
3084 622 3173 663 XC.

2046 718 2089 774 C
2139 719 2426 794 Propheta
2477 726 2739 797 praadicit
2787 744 3023 786 omnem
3080 730 3311 789 ﬁdelem
3367 733 3468 792 Dei
3526 736 3628 794 ad-

213 790 362 847 eitur
388 782 558 864 quasi
592 807 660 893 ex
689 792 873 893 omni
883 812 1017 852 rure
1046 796 1444 875 elicitus.lpse
1465 802 1620 860 enim
1653 810 1741 862 est
1765 793 1864 864 Del
1967 807 2194 879 jutorio
2227 782 2575 869 circumdari
2612 832 2623 872 :
2654 782 3625 893 laudemque:Christi—denuntiat.

209 881 393 938 virtus
422 885 481 937 et
508 880 800 954 sapientia
831 883 1041 952 Patris,
1069 903 1245 959 quem
1298 889 1393 946 hic
1436 894 1713 965 postulat,
1749 915 1863 956 non

214 970 505 1044 corporeis
535 970 741 1041 oculis,
778 975 878 1029 sed
911 976 1139 1032 erudito
1172 979 1346 1035 corde
1377 997 1745 1055 cognoscere.

212 1060 277 1116 15
349 1060 713 1128 Convertere,
752 1067 890 1120 Dom
898 1064 1011 1137 ine,
1043 1081 1334 1142 usquequo
1362 1087 1380 1124 :

344 1153 417 1207 Et
439 1149 823 1219 deprecabitis
852 1161 973 1211 esto
1000 1172 1177 1226 super
1205 1174 1397 1217 seruos
1427 1170 1572 1219 tuos.

2333 903 2447 959 T'l‘.
2498 909 2553 970 -Ξι
2584 908 2738 962 Laus
2775 910 2998 965 cantici
3024 911 3226 967 David
3251 931 3271 966 .-

2044 989 2084 1044 C
2113 989 2266 1047 Laus
2292 992 2505 1049 cantici
2558 997 2647 1050 est
2703 994 2902 1053 divina
2946 996 3227 1056 laudatio.
3258 1001 3435 1058 David
3467 1003 3625 1061 enim

1974 1075 2068 1133 hic
2100 1078 2295 1151 ipsum
2328 1081 2674 1155 prophetam
2699 1084 2858 1153 dicit,
2877 1086 2974 1159 qui
2995 1087 3246 1160 primam
3279 1093 3504 1162 partem
3520 1091 3629 1149 hu-

1963 1167 2068 1241 jus
2115 1169 2329 1241 psalmi
2377 1171 2543 1229 suavi
2601 1173 2883 1232 relatione
2931 1174 3195 1233 dicturus
3234 1182 3340 1235 est.
3374 1179 3444 1236 Et
3468 1179 3626 1237 hunc

271 1241 313 1338 ρ
340 1237 606 1342 Postulat
619 1240 924 1342 ‘Pr‘opheta
948 1243 1367 1316 Dominum,ut
1375 1251 1670 1325 justitiam
1691 1271 1859 1312 suam
1965 1237 2256 1331 hymnum
2288 1261 2656 1319 daemonibus
2683 1263 2780 1336 pia
2811 1265 3164 1323 conﬁdentia
3184 1284 3417 1342 semper
3442 1285 3623 1342 oppo-

206 1326 401 1400 aliqua
429 1326 677 1385 lenitate
700 1332 1004 1405 temperet,
1039 1340 1331 1407 quatenus
1361 1343 1586 1397 exorari
1620 1344 1807 1415 possit
1828 1363 1863 1402 a
1970 1346 2188 1415 nimus,
2213 1352 2280 1404 ut
2309 1366 2345 1406 a
2368 1351 2537 1407 nobis
2567 1352 2763 1424 potius
2793 1354 2932 1410 inde
2956 1355 3286 1426 vincantur,
3306 1359 3467 1415 unde
3484 1376 3621 1416 con—

208 1415 633 1491 peccatcribus,
657 1419 878 1492 quibus
901 1422 1067 1494 juste
1097 1426 1451 1503 noscebatur
1470 1428 1729 1489 iratus.H
1752 1434 1858 1491 Us-

210 1521 437 1580 quequo
459 1510 548 1579 tu,
571 1523 749 1580 quem
772 1511 1067 1584 prophetae
1089 1514 1360 1574 dixerunt
1378 1524 1713 1593 venturum,
1735 1527 1858 1580 tar-

209 1594 456 1663 daveris,
489 1595 734 1654 Domine
755 1599 784 1654 ?

212 1684 272 1740 16
341 1685 568 1754 Repteti
590 1701 789 1745 sumus
817 1705 989 1747 mane
1014 1692 1418 1753 misericordia
1448 1707 1551 1755 tua
1579 1718 1597 1754 :

337 1772 407 1828 Et
434 1775 855 1833 exsultantium
881 1786 938 1834 et
967 1778 1243 1837 delectati
1282 1799 1479 1841 sumus

409 1862 617 1920 diebus
641 1865 879 1923 nostris.

266 1955 309 2007 ο
336 1951 650 2026 Repletum
683 1971 749 2011 se
777 1954 920 2012 dicit
948 1972 983 2014 a
1012 1957 1415 2019 misericordia
1444 1980 1636 2035 mane,
1661 1966 1720 2023 id
1743 1974 1852 2037 est,

1967 1439 2059 1492 tra
2086 1437 2417 1494 Creatorem
2453 1439 2677 1513 aliquid
2709 1441 2914 1499 doloso
2940 1443 3131 1501 dicere
3159 1446 3546 1503 tentaVerunt.

1970 1525 1996 1580 1
2110 1529 2227 1598 Qui
2255 1528 2485 1585 habitat
2509 1531 2573 1586 in
2602 1531 2904 1604 adjutorio
2931 1532 3224 1590 Altissimi
3253 1554 3273 1590 .-

2108 1619 2179 1670 la
2195 1618 2564 1688 profectione
2588 1621 2700 1675 Dei
2743 1625 2799 1685 νέ-
2825 1619 2964 1677 casti
3005 1629 3019 1686 ξ
3062 1624 3535 1680 commorabitur.

2038 1703 2079 1758 C
2101 1704 2209 1770 Qui
2230 1705 2478 1773 habitat,
2493 1706 2761 1767 habitare
2781 1710 2938 1767 enim
2960 1715 3047 1767 est
3069 1712 3470 1783 permanentia
3500 1730 3616 1770 non

1510 1786 1568 1843 in
1595 1790 1857 1848 omnibus
1885 1825 1935 1892 Β
1965 1791 2338 1892 discedentia.
2372 1795 2480 1860 Qui
2515 1800 2754 1892 tantam
2799 1798 2981 1892 igitur
3014 1816 3367 1892 -sp_em,_non
3400 1803 3460 1858 in
3487 1820 3620 1877 pro-

1965 1882 2111 1955 priis
2140 1883 2362 1941 viribus
2391 1885 2575 1958 ponit,
2605 1887 2706 1942 sed
2739 1887 2799 1942 in
2829 1886 3114 1944 Altissimi
3157 1889 3458 1949 voluntate
3482 1908 3619 1949 cou-

1965 1969 2176 2040 stituit,
2204 1972 2341 2029 talis
2395 1973 2484 2030 vir
2535 1974 2861 2049 protegitur
2914 1993 2948 2031 a
2995 1977 3244 2034 Domino
3292 1979 3440 2035 cali.
3472 1979 3622 2038 Dicit

206 2038 390 2138 lucida
437 2042 936 2138 contemplatione
984 2046 1104 2102 Dei.
1148 2050 1432 2117 Quoniam
1478 2053 1568 2110 vir
1615 2061 1855 2116 sanctus
1965 2038 2271 2134 enim,iqui
2303 2060 2398 2118 hic
2430 2038 2675 2132 habitat,
2701 2038 2831 2120 illic
2862 2068 3339 2136 commorabitur,
3374 2068 3484 2126 hoc
3508 2074 3615 2138 est,

205 2130 429 2186 Domini
461 2130 830 2226 praevidebat‘
846 2135 1160 2226 adventum
1194 2156 1208 2194 :
1245 2156 1483 2199 necesse
1522 2143 1632 2200 fuit
1661 2150 1726 2202 ut
1757 2165 1856 2204 cor
1963 2149 2064 2222 qui
2096 2151 2154 2206 in
2188 2130 2299 2208 isto
2329 2152 2541 2209 saeculo
2570 2154 2643 2208 ab
2664 2130 2801 2226 ipso
2832 2171 2947 2209 non
2970 2130 3445 2225 discedit,in'illo
3469 2130 3619 2216 sem;

207 2220 323 2290 ejus
351 2219 683 2277 exsultaret
723 2221 784 2278 in
816 2222 1007 2294 laude,
1038 2230 1098 2283 et
1143 2227 1532 2289 delectaretur
1578 2236 1853 2295 omnibus

203 2308 402 2367 diebus
432 2310 567 2367 vitae
597 2326 738 2368 suae.

210 2398 268 2455 17
336 2401 551 2458 ωιαιί
576 2393 777 2458 simus
804 2418 914 2473 pro
938 2405 1142 2463 diebus
1170 2409 1374 2480 quibus
1392 2426 1495 2469 nos
1515 2416 1851 2474 humiliasti:

338 2489 531 2546 Annis
557 2491 761 2564 quibus
786 2493 1035 2552 vidimus
1063 2499 1237 2554 mata.

265 2578 307 2635 C
332 2579 556 2636 Narrat
584 2580 871 2655 Propheta
900 2600 963 2642 se
992 2600 1121 2643 esse
1148 2586 1346 2646 laetum
1376 2589 1437 2646 in
1470 2591 1585 2649 illis
1612 2595 1855 2652 tribula-

200 2667 485 2736 tionibus,
498 2684 605 2744 per
616 2688 763 2744 quas
774 2671 1102 2732 humiliand
1112 2694 1206 2733 um
1223 2679 1856 2754 populumsalutariter

202 2757 515 2815 sentiebat.
549 2758 779 2816 Sciebat
809 2762 966 2818 enim
999 2764 1271 2823 ﬁdelibus
1297 2768 1438 2825 viris
1461 2772 1854 2831 noxiam’esse

202 2847 542 2918 superbiam
578 2865 591 2903 :
624 2850 682 2905 et
712 2849 842 2906 ideo
889 2850 1121 2909 laetatur
1149 2855 1208 2911 in
1240 2857 1720 2920 tribulationibus
1750 2881 1856 2936 per

208 2952 344 3007 quas
372 2936 690 2996 humilitas
720 2941 1070 2999 custoditur.

211 3025 269 3080 18
340 3026 590 3096 Respice
611 3027 675 3082 in
698 3044 892 3086 servos
911 3036 1043 3088 tuos
1068 3041 1126 3090 et
1154 3035 1213 3090 in
1244 3051 1424 3107 opera
1452 3049 1552 3096 tua
1582 3060 1601 3096 :

335 3117 408 3171 Et
443 3116 638 3188 dirige
654 3118 815 3189 'ﬁtios
843 3136 1064 3179 eorum.

1964 2256 2070 2315 per
2094 2256 2416 2299 mansurus
2443 2246 2551 2299 est.

1960 2332 1997 2385 2
2107 2332 2276 2387 Dicet
2308 2332 2553 2389 Domino
2574 2352 2596 2388 :
2623 2335 2936 2406 Susceptor
2954 2348 3115 2391 meus
3149 2342 3276 2401 μέρει
3292 2341 3361 2392 tu
3400 2341 3415 2401 ζ
3459 2342 3517 2392 et
3536 2352 3620 2393 re-

2174 2421 2411 2495 fugium
2439 2436 2650 2490 meum,
2686 2427 2843 2479 Deus
2872 2438 3034 2480 meus
3062 2441 3081 2478 :

2102 2510 2364 2579 Sperabo
2394 2512 2457 2567 in
2485 2527 2636 2568 eum.

2034 2598 2075 2654 C
2118 2599 2237 2655 Hoc
2280 2598 2436 2657 dicet
2479 2598 2598 2668 ille,
2644 2602 2743 2673 qui
2796 2600 2906 2658 sibi
2967 2601 3158 2658 solum
3212 2601 3398 2659 credit
3452 2601 3616 2671 utile,

1963 2688 2120 2759 quod
2165 2688 2444 2762 dignatur
2473 2707 2730 2762 superna
2754 2691 2940 2764 pietas
2971 2695 3264 2763 praestare.
3299 2690 3443 2751 Cum
3475 2690 3617 2746 dicit

1962 2794 2117 2844 vero,
2161 2783 2465 2850 susceptor
2514 2797 2700 2847 meus,
2734 2784 2923 2837 totum
2958 2797 3020 2836 se
3050 2779 3361 2837 conﬁrmat
3390 2780 3450 2836 in
3485 2780 3613 2852 ejus

1963 2867 2245 2924 beneﬁcia
2284 2867 2615 2940 projecisse.
2655 2869 2958 2941 Refugium
3003 2886 3139 2929 cum
3192 2868 3352 2935 dicit,
3386 2867 3616 2925 nullum

1963 2955 2075 3012 sibi
2099 2956 2256 3015 aliud
2279 2973 2407 3014 esse
2428 2958 2736 3032 proﬁtetur
2765 2957 3081 3026 auxilium;
3106 2958 3207 3016 sed
3239 2958 3475 3030 quando
3504 2956 3616 3014 hu-

1956 3047 2059 3119 jus
2080 3046 2278 3103 seculi
2301 3046 2749 3120 tempestatibus
2773 3047 3133 3120 quatitur,ad
3150 3050 3386 3121 portum
3409 3044 3616 3103 divina

1908 3183 1925 3209 ._
1966 3135 2377 3193 misericordiae
2408 3152 2470 3194 se
2500 3136 2811 3209 confugere
2838 3133 2985 3192 velle
3014 3138 3281 3192 testatur.

222 3264 243 3305 ,-
267 3208 306 3259 C
330 3204 658 3305 Considera
681 3207 797 3277 hic,
831 3209 1049 3283 quibus
1078 3214 1271 3272 verbis
1301 3217 1578 3289 pietatem
1600 3221 1737 3277 boni
1763 3224 1855 3296 ju-
1880 3197 1927 3265 (ἶ
1965 3228 1999 3281 3
2106 3226 2394 3296 Quoniam
2442 3226 2561 3298 ipse
2607 3197 2893 3305 libErabit
2935 3241 3027 3280 me
3055 3225 3126 3282 dc
3160 3222 3370 3299 laqueo
3396 3237 3619 3283 venan—

203 3292 341 3349 dicis
366 3293 684 3352 invitavit:
709 3301 774 3353 ut
803 3298 995 3372 primo
1026 3301 1271 3360 diceret:
1296 3306 1536 3380 Respice
1565 3309 1625 3366 in
1658 3292 1857 3369 servos

208 3385 347 3451 tuos,
371 3382 597 3441 deinde
624 3384 684 3441 in
715 3402 890 3460 opera
919 3393 1056 3446 tua:
1082 3396 1374 3464 quatenus
1393 3401 1450 3452 et
1469 3397 1518 3454 si
1542 3399 1710 3457 factis
1732 3401 1857 3459 suis

205 3473 433 3530 veniam
487 3490 607 3530 non
655 3483 1022 3536 mererentur
1073 3481 1355 3555 accipere,
1387 3500 1513 3542 eam
1547 3505 1651 3562 per
1683 3507 1858 3563 opera

198 3560 498 3652 Creatoris
552 3563 954 3637 impetrarent.
1014 3572 1176 3637 Quod
1233 3560 1646 3647 argumentum
1702 3560 1855 3652 apud

200 3649 469 3709 rhetores
501 3652 723 3710 dicitur
750 3672 785 3711 a
816 3655 985 3713 laude
1006 3660 1249 3731 judicis.

212 3739 271 3793 19
337 3744 416 3798 Et
445 3742 531 3799 sit
550 3744 823 3811 splendor
852 3748 1080 3805 Domini
1109 3752 1214 3807 Dei
1240 3753 1429 3810 nostri
1451 3771 1627 3826 super
1646 3774 1775 3815 nos:
1805 3769 1859 3816 et

409 3847 600 3901 opera
630 3848 903 3891 manuum
931 3847 1264 3897 nostrarum
1295 3843 1484 3915 dirige
1512 3862 1690 3918 super
1720 3865 1854 3905 nos:

358 3914 451 3992 ox-
500 3922 582 3977 Et
604 3938 751 3993 opus
779 3942 1053 3984 manuum
1082 3914 1640 4006 nostrarumidiriee
1681 3943 1694 4002 ζ
1744 3979 1756 3993 .

274 4006 317 4063 C
342 4008 643 4082 Splendor
670 4010 903 4070 Domini
933 4032 1111 4090 super
1134 4036 1245 4076 nos
1270 4025 1377 4092 est,
1403 4026 1636 4096 quando
1668 4027 1858 4085 crucis

206 4095 329 4165 ejus
357 4098 754 4172 impressione
784 4103 1149 4162 decoramur.
1183 4108 1370 4181 Opera
1411 4095 1611 4170 nostra
1659 4115 1861 4189 dirigit

204 4199 380 4257 Imper
402 4204 539 4251 nos,
563 4191 796 4261 quando
816 4191 994 4249 donat
1014 4196 1184 4252 nobis
1212 4199 1440 4256 veniam
1464 4208 1857 4274 peccatorum,

215 4276 272 4327 ut
299 4291 433 4332 cum
467 4276 759 4335 fuerimus
798 4282 1075 4353 perversi,
1107 4285 1434 4344 emciamur
1487 4292 1616 4363 ejus
1664 4311 1860 4352 corre-

216 4363 395 4421 ctione
436 4367 853 4426 rectissimi.A
900 4371 1002 4428 Vel
1057 4391 1232 4447 opera
1288 4394 1570 4436 manuum
1630 4388 1860 4440 nostra-

218 4467 338 4509 rum
366 4454 715 4529 diriguntur
735 4475 913 4532 super
941 4478 1071 4534 nos,
1104 4467 1339 4536 quando
1369 4484 1436 4523 ea
1466 4486 1578 4526 non
1612 4488 1715 4543 pro
1746 4477 1859 4529 ter-

2180 3315 2329 3371 tium
2360 3330 2375 3370 :

2109 3407 2180 3461 Et
2212 3421 2251 3461 a
2280 3404 2455 3460 verbo
2484 3419 2711 3474 aspero.

2037 3493 2080 3550 C
2108 3493 2363 3567 Sperabo
2411 3494 2471 3548 in
2517 3509 2701 3550 eum:
2732 3509 2971 3549 causam
3022 3491 3165 3547 dicit
3215 3506 3320 3548 cur
3371 3488 3431 3546 in
3484 3504 3620 3546 eum

1966 3599 2201 3656 sperare
2232 3583 2439 3639 debeat
2464 3600 2478 3649 ;
2511 3582 2651 3655 quia
2675 3581 2800 3655 ipse
2831 3598 2940 3637 nos
2970 3582 3042 3636 ab
3072 3578 3468 3644 inimicorum,
3502 3575 3622 3635 sive

1967 3671 2388 3745 spiritualium,
2418 3670 2538 3735 sive
2566 3669 2914 3735 carnalium,
2947 3672 3143 3742 potest
3197 3666 3444 3724 liberare
3495 3682 3620 3722 ver-

1967 3759 2138 3817 sutiis
2173 3777 2186 3815 :
2234 3760 2336 3833 qui
2386 3759 2626 3833 laqueos
2672 3761 2900 3831 ponunt
2932 3758 3020 3829 (ut
3048 3757 3377 3823 venatores)
3403 3753 3622 3827 quibus

1968 3850 2198 3924 possint
2222 3849 2559 3923 ignorantes
2589 3848 2810 3904 dolosis
2839 3846 3072 3902 insidiis
3102 3843 3619 3903 irretire.Verbum

1948 3956 2242 4012 asperum
2274 3942 2384 4003 est,
2416 3954 2589 3993 omne
2620 3938 2861 3992 verbum
2884 3936 3038 4008 quod
3065 3938 3267 3990 contra
3287 3930 3519 4008 regulas
3541 3930 3623 3988 di-

1966 4030 2135 4085 vinas
2164 4028 2390 4083 dictum
2422 4029 2530 4082 est.

1969 4111 2002 4164 4
2181 4121 2247 4172 In
2314 4122 2327 4181 ζ
2368 4114 2638 4188 scapulis
2664 4115 2788 4169 suis
2815 4111 3185 4169 obumbrabit
3215 4109 3326 4166 tibi
3353 4130 3372 4163 .-

2115 4211 2180 4263 Et
2206 4208 2309 4260 sub
2336 4206 2545 4276 pennis
2573 4204 2699 4274 ejus
2732 4201 3022 4274 sperabis.

2040 4294 2082 4351 C
2109 4293 2368 4367 Scapulae
2394 4294 2489 4348 Dei
2515 4309 2526 4348 :
2555 4295 2694 4347 sunt
2725 4289 3094 4363 operationes
3121 4283 3502 4351 mirabilium,
3523 4299 3626 4355 per

1971 4401 2120 4458 quas
2149 4382 2306 4439 velut
2336 4381 2692 4454 quibusdam
2720 4377 2984 4436 humeris
3013 4375 3198 4431 virtus
3238 4370 3433 4431 divina
3457 4388 3624 4473 mon:

1971 4477 2212 4531 stratur.
2246 4473 2454 4528 Pennis
2488 4473 2627 4526 sunt
2655 4468 2884 4524 monita
2912 4466 3334 4540 prophetarum
3369 4479 3382 4519 :
3416 4478 3543 4534 quae
3576 4466 3627 4515 si

217 4556 484 4599 ranarum
519 4560 715 4602 rerum
748 4550 1015 4608 mercede
1037 4552 1562 4631 facimus.Etopus
1579 4575 1863 4620 manuum
1894 4570 1941 4636 D
1974 4563 2331 4635 recipiantur
2356 4578 2504 4634 pura
2547 4563 2761 4627 mente,
2795 4556 2996 4613 ﬁdeles
3056 4553 3286 4613 animas
3331 4551 3401 4608 ad
3450 4549 3626 4608 οωῙοε

220 4636 573 4703 nostrarum,
606 4634 665 4690 id
695 4640 786 4693 est
813 4637 1160 4698 charitatem
1197 4661 1210 4699 :
1243 4643 1430 4719 dirige
1459 4663 1636 4722 super
1665 4656 1866 4720 nos,ut
1895 4634 1923 4636 7
1974 4634 2163 4725 usque
2193 4650 2623 4725 perducunt.Et
2654 4651 2708 4705 si
2736 4664 2964 4721 quieras
2994 4645 3136 4718 quid
3168 4644 3282 4700 ista
3309 4640 3625 4698 obumbra-

219 4720 408 4777 cmnia
446 4738 631 4796 opera
669 4728 871 4782 nostra
917 4728 1039 4784 sint
1088 4748 1273 4788 unum
1322 4751 1470 4808 opus
1518 4720 1859 4799 charitatis:

220 4809 350 4878 quia
386 4811 518 4884 ipse
564 4816 652 4869 est
698 4814 837 4872 ﬁnis
885 4820 1156 4897 precepti
1204 4826 1262 4879 et
1309 4824 1573 4882 omnium
1621 4844 1865 4901 operum

221 4902 551 4957 nostrorum
584 4903 634 4975 (ι
664 4905 818 4962 Tim.
852 4906 913 4980 ι).

652 5053 857 5098 ουτω
894 5058 966 5098 EX
1003 5059 1161 5101 Ρελι..
1204 5062 1428 5103 LXXXIX.

273 5165 536 5224 Ἰριιοίῦυὶ
567 5168 777 5229 sideris
806 5176 982 5244 sator,
1016 5177 1388 5251 omnipotens
1421 5181 1595 5251 Deus,
1629 5185 1730 5256 qui
1762 5203 1865 5242 no-

224 5267 344 5309 vam
372 5258 597 5315 mundo
616 5259 1039 5339 lucem,fugata
1059 5269 1528 5335 nocte,restitues
1545 5289 1556 5327 :
1574 5273 1865 5341 satianos,

226 5356 580 5416 quaesumus,
616 5349 950 5410 remittente
981 5355 1386 5413 misericordia
1414 5363 1533 5428 tua,
1569 5366 1634 5416 ut
1663 5379 1868 5420 omnes

227 5438 588 5522 peccatorum
621 5439 1031 5513 obscuritates,
1062 5449 1118 5501 te
1149 5445 1537 5515 illuminante,
1558 5450 1866 5522 pellamus.

224 5516 326 5665 ἷξε
365 5521 687 5585 Dominum
737 5535 1003 5609 nostrum
1052 5534 1256 5592 Jesum
1306 5516 1606 5594 Christum
1657 5540 1869 5598 Filium

329 5616 554 5665 macto.

329 5625 413 5680 ω,
432 5616 554 5672 ιεω.

1975 4741 2057 4798 tio
2074 4744 2309 4814 praestet
2335 4757 2348 4796 :
2383 4739 2613 4807 dico,ut
2645 4754 2746 4811 per
2775 4737 2930 4793 diem
2953 4733 3040 4791 sol
3063 4750 3179 4790 non
3202 4734 3335 4788 urat
3352 4732 3410 4786 te
3436 4743 3628 4801 neque

1974 4829 2116 4886 luna
2143 4847 2247 4903 per
2277 4834 2528 4885 noctem.

1973 4920 2010 4975 5
2114 4923 2288 4977 Scuto
2317 4916 2716 4975 circumdabit
2744 4920 2800 4970 te
2828 4913 3053 4969 veritas
3080 4912 3209 4982 ejus
3236 4925 3256 4962 :

2115 5011 2244 5064 Non
2272 5007 2503 5062 timebis
2531 5022 2571 5061 a
2599 5006 2810 5060 timore
2836 5004 3141 5056 nocturno.
3568 5050 3577 5057 ,

2045 5098 2093 5153 Η
2122 5096 2460 5152 Circumdat
2497 5110 2605 5149 nos
2655 5091 2868 5147 veritas
2916 5091 3105 5153 scuto,
3130 5085 3188 5141 id
3219 5084 3329 5153 est,
3362 5080 3627 5139 Christus

1975 5204 2084 5244 sua
2107 5184 2484 5259 protectione,
2520 5200 2591 5239 ne
2624 5180 2968 5238 ardentibus
2999 5175 3227 5250 sagittis
3257 5171 3475 5230 diaboli
3497 5187 3627 5244 per-

1977 5276 2290 5332 cutiamur.
2306 5274 2432 5329 Non
2462 5271 2805 5328 timebimus
2827 5286 2861 5326 a
2879 5267 3088 5324 timore
3109 5268 3418 5331 nocturno,
3439 5261 3495 5316 id
3517 5262 3626 5325 est,

1978 5363 2275 5421 diabolum
2310 5363 2407 5435 qui
2450 5378 2681 5433 semper
2728 5360 2788 5415 in
2818 5358 3077 5415 tenebris
3108 5359 3197 5411 est
3225 5357 3291 5409 ut
3320 5348 3626 5425 percutiat.

1978 5454 2104 5510 Sive
2134 5453 2243 5509 hoc
2274 5452 2436 5521 dicit,
2469 5451 2604 5506 licet
2651 5450 2711 5505 in
2762 5465 2956 5505 errore
3004 5444 3202 5513 fueris,
3240 5442 3339 5517 qui
3373 5456 3487 5495 nox
3515 5440 3628 5505 est,

1982 5549 2175 5599 tamen
2205 5558 2318 5597 non
2350 5539 2583 5596 timebis
2619 5541 2728 5596 sub
2762 5542 2925 5596 scuto
2949 5532 3239 5593 veritatis:
3270 5530 3410 5604 quia
3438 5529 3629 5602 prote-

1989 5636 2085 5706 get
2112 5637 2169 5688 te
2197 5627 2364 5686 illud.
