4054 6168
369 291 486 356 339
1282 281 1347 340 s.
1395 267 1789 337 BRUNONIS
1834 259 2454 326 HEHBIPOLENSIS
2500 228 2880 320 EPISCOPI.
3673 235 3794 299 340

371 429 410 485 6
516 422 557 481 A
577 399 2024 497 sagittavolanteindie:anegotioperambuiante
2053 397 2109 465 Α
2140 395 2209 454 42
2279 397 2344 452 In
2371 394 2627 452 manibus
2650 390 2960 497 portabujnt-
2981 392 3031 442 te

1246 469 1254 471 ﬁ
1281 469 1291 470 ί
1347 469 1350 470 ν
1397 469 1426 486 υ
1570 469 1588 480 ⁸
2280 486 2356 552 Ne
2384 487 2523 558 forte
2551 481 2800 558 o/fendas
2831 478 2902 535 ad
2933 474 3173 569 lapidem
3200 469 3388 544 pedem

525 602 602 658 Ab
631 602 868 657 incursu
896 605 950 652 et
979 595 1252 651 dminonio
1284 589 1639 647 meridiano.
2213 576 2254 631 C
2283 575 2363 630 Ne
2384 552 2745 637 Votiend'asﬁd
2775 572 2884 638 est,
2905 582 2976 621 ne
2999 564 3059 619 in
3091 562 3279 635 legem
3313 575 3439 631 qua:
3467 556 3525 656 in
3549 552 3800 627 lapideis

457 693 499 750 C
525 644 1688 764 vvo'la'nswp'ermanifesta
1719 675 1807 728 est
1835 684 2034 742 perse-
2141 662 2360 720 tabulis
2392 660 2608 733 scripta
2637 658 2965 722 videbatur,
2998 653 3323 708 incurreret
3355 665 3368 702 :
3420 644 3520 718 qui
3560 645 3804 699 venerat

1646 763 1649 764 ,
2266 757 2275 764 .
2393 751 2406 764 ι
2663 752 2672 764 .
2740 741 3118 764 ηηᾼμ-ιε--...
3185 736 3505 764 Δ--ι-ε...η.η
3561 733 3803 764 ιιι-Ιιυυμ-ιι

1010 733 1317 844 lilegotium
1343 769 1401 824 in
1432 763 1736 823 tenebris:
1789 773 2035 832 pravum
2146 757 2351 827 gentes
2393 751 2582 822 legem
2625 752 2682 803 et
2729 741 3123 816 evangelicam
3182 736 3509 794 doctrinam
3561 733 3805 789 edocere

2181 842 2221 844 γ-
2311 841 2323 844 _
2429 843 2432 844 ,
2501 837 2554 844 --
2661 840 2669 844 -
2903 832 2915 844 ι
3000 836 3008 844 .
3052 829 3061 844 l
3297 825 3389 844 ne)
3427 821 3663 844 :____I--1

2149 821 2358 914 (Matth.
2388 821 2473 907 ν),
2499 837 2559 892 id
2590 840 2700 903 est,
2731 852 2804 889 ne
2835 832 3019 889 solvat
3051 829 3257 903 legem,
3292 825 3391 882 sed
3425 821 3686 896 impleat.

2151 933 2218 988 13
2290 930 2465 1002 Super
2494 925 2737 999 aspidem
2766 929 2819 980 et
2849 922 3169 979 basiliscum
3195 914 3505 973 ambulabis
3533 931 3552 968 :

2309 1024 2364 1091 -ξι
2389 1021 2455 1074 Et
2497 1024 2509 1083 ζ
2554 1014 2895 1072 conculcabis
2927 1012 3138 1067 leonem
3165 1011 3220 1064 et
3247 1005 3558 1061 draconem.

2224 1111 2265 1166 C
2293 1090 2440 1164 Nam
2472 1107 2586 1161 ista
2615 1102 2854 1160 nomina
2899 1097 3133 1156 diabolo
3181 1098 3474 1168 aptantur.
3512 1090 3687 1163 Aspis
3717 1093 3815 1146 est

2155 1199 2334 1266 enim,
2356 1199 2497 1254 dum
2525 1194 2746 1251 occulte
2775 1189 3057 1266 percutit:
3088 1185 3422 1251 basiliscus,
3451 1198 3584 1237 cum
3612 1177 3813 1252 palam

2155 1305 2376 1346 venena
2396 1283 2741 1342 disseminat
2773 1298 2787 1337 :
2823 1281 2936 1348 leo,
2968 1279 3111 1334 dum
3140 1272 3512 1349 persequitur
3543 1271 3819 1325 innocen-

2157 1384 2274 1435 tes:
2303 1378 2497 1444 draco,
2521 1391 2656 1430 cum
2681 1370 3044 1444 negligentes
3070 1365 3253 1438 impia
3272 1361 3526 1419 voracite
3541 1356 3818 1431 deglutit.

389 781 545 840 cutio
577 784 975 853 tyrannorum.

391 849 654 929 studium
677 881 878 923 eorum
907 861 1188 934 intellige.
1221 857 1585 915 Dzemonium
1620 849 2033 908 meridianum:

391 955 719 1034 periculum
750 951 1073 1009 maximum
1099 954 1207 1015 est,
1247 948 1466 1003 fervore
1500 937 1913 1016 persecutionis
1944 952 2041 992 ac-

393 1043 775 1113 censum,ubi
806 1041 979 1098 ruina
1009 1040 1356 1112 plerumque
1388 1033 1687 1098 metuitur,
1704 1025 2043 1102 quandoin-

395 1135 644 1192 ﬁrmitas
664 1133 926 1189 humana
947 1131 1276 1200 superatur.
1293 1123 1482 1182 Ruina
1497 1125 1692 1178 autem
1713 1120 1865 1174 certe
1890 1114 2046 1171 dicta

397 1229 506 1295 est,
540 1222 710 1297 quasi
738 1223 1005 1294 repetens
1034 1217 1174 1273 ima.

394 1334 431 1387 7
539 1329 760 1389 Cadent
777 1345 818 1385 α
835 1326 1027 1384 latere
1045 1331 1146 1380 tuo
1163 1323 1266 1378 mil
1275 1322 1328 1377 te
1341 1325 1428 1378 :et
1440 1320 1631 1376 decem
1645 1317 1732 1372 mi
1738 1313 1759 1370 ι
1767 1313 1897 1369 liaa
1911 1312 2050 1368 dea:-

617 1419 730 1475 tris
758 1418 878 1472 tuis
909 1433 922 1471 :

546 1509 630 1566 Ad
658 1515 708 1565 te
737 1511 937 1564 autem
967 1519 1081 1560 non
1109 1498 1624 1573 appropinquabit.

477 1599 518 1654 C
549 1596 707 1655 Mille
730 1614 764 1652 a
783 1595 962 1651 latere
991 1593 1119 1664 ejus
1146 1589 1286 1646 dicit
1315 1602 1589 1645 casuros:
1615 1585 1686 1642 ab
1709 1583 1810 1639 illa
1834 1580 2056 1638 scilicet

407 1685 747 1744 summitate
765 1679 1167 1756 judicationis,
1200 1696 1317 1751 qua
1337 1675 1693 1749 judicabunt
1712 1669 1898 1728 sancti
1919 1684 2055 1725 cum

407 1775 660 1840 Christo,
694 1778 759 1829 ut
785 1787 1132 1829 assessores.
1164 1767 1252 1825 Illi
1293 1767 1451 1822 enim
1503 1765 1638 1820 inde
1687 1762 1922 1825 cadunt,
1957 1759 2059 1831 qui
2091 1771 2138 1836 Β

411 1863 565 1920 falsa
593 1858 1049 1935 praisumptione
1080 1856 1225 1913 illud
1257 1855 1369 1911 sibi
1401 1852 1770 1926 promittunt.
1789 1849 1898 1904 Sed
1923 1862 2060 1918 quo-

411 1952 575 2010 niam
607 1950 778 2023 pauci
808 1949 918 2005 hoc
949 1947 1189 2014 faciunt,
1225 1945 1353 2001 ideo
1398 1941 1620 2007 subdit,
1653 1957 1686 1995 a
1715 1937 1933 1994 dextris
1963 1935 2062 1990 de-

412 2057 538 2098 cem
573 2021 760 2096 millia
791 2054 804 2095 :
841 2037 980 2111 quia
1010 2034 1180 2091 multi
1210 2035 1418 2105 putant
1444 2047 1507 2086 se
1537 2030 1609 2085 ad
1636 2029 1930 2084 dexteram
1951 2021 2065 2079 col-

414 2129 694 2187 locandos
733 2127 881 2182 falsa
910 2124 1262 2198 opinatione,
1290 2137 1424 2177 cum
1454 2120 1565 2176 hoc
1594 2118 1654 2173 in
1681 2117 1807 2174 suis
1839 2112 2067 2169 meritis

419 2234 535 2273 non
557 2217 829 2272 habeant.
855 2214 938 2269 Ad
960 2217 1015 2268 te
1038 2229 1153 2268 non
1177 2208 1689 2284 appropinquabit,
1713 2200 2069 2275 scilicetqui—

421 2305 566 2362 libet
597 2304 699 2376 qui
732 2302 843 2360 sibi
869 2317 1115 2375 regnum
1145 2299 1247 2356 Dei
1278 2297 1562 2354 fallaciter
1583 2294 1983 2368 pollicebatur,
2014 2293 2070 2346 et

423 2393 496 2451 ad
531 2392 852 2449 remedium
885 2388 1236 2462 paenitentiae
1269 2405 1384 2443 non
1415 2386 1715 2442 currebat:
1744 2382 1909 2456 ponit
1936 2397 2069 2436 vero

2306 1735 2598 1802 Protegam
2625 1746 2770 1794 eum,
2804 1726 3066 1800 quoniam
3093 1720 3342 1793 cognovit
3384 1730 3583 1773 nomen
3611 1730 3824 1771 meum.

2241 1827 2281 1878 C
2310 1824 2476 1878 Hunc
2501 1837 2636 1892 ergo
2664 1819 2901 1873 beatum
2932 1813 3145 1878 virum,
3181 1807 3280 1882 qui
3309 1805 3536 1862 habitat
3562 1803 3623 1859 in
3649 1803 3828 1875 adju-

2169 1913 2318 1969 torio
2333 1907 2642 1976 Altissimi,
2654 1906 2966 1962 liberatum
2982 1901 3122 1958 dicit
3135 1917 3150 1969 ;
3163 1897 3443 1972 quoniam
3465 1911 3629 1967 spem
3645 1909 3826 1950 suam

2172 2003 2230 2059 in
2264 2002 2451 2074 ipsius
2479 1998 2692 2054 virtute
2721 1992 3008 2067 reposuit:
3035 1995 3092 2046 et
3120 1990 3250 2045 ideo
3281 1986 3459 2043 etiam
3491 1986 3827 2056 protectum

2175 2093 2246 2149 ab
2273 2072 2548 2146 omnibus
2591 2083 2823 2142 insidiis
2867 2079 3104 2138 diaboli.
3133 2075 3444 2152 Cognoscit
3473 2090 3685 2130 nomen
3720 2072 3830 2129 Pa-

2173 2181 2303 2251 tris,
2336 2179 2436 2252 qui
2470 2176 2681 2234 Filium
2708 2190 2824 2228 non
2856 2174 3023 2245 putat
3053 2185 3182 2224 esse
3215 2164 3502 2221 minorem
3524 2163 3715 2219 Patre.

2177 2271 2246 2326 15
2319 2268 2589 2324 Clamavit
2634 2264 2704 2320 ad
2758 2279 2844 2318 me
2889 2269 2941 2317 et
2996 2257 3294 2316 exaudiam
3347 2271 3473 2311 eum
3503 2271 3522 2308 :
3555 2269 3680 2308 cum
3713 2252 3837 2322 ipso

2388 2374 2510 2413 sum
2538 2358 2597 2411 in
2621 2353 2978 2410 tribulatione
3007 2367 3026 2405 :

422 2499 530 2555 pro
561 2479 791 2538 inﬁnito
817 2495 1061 2535 numero
1091 2492 1402 2534 numerum
1434 2473 1688 2530 ﬁnitum.

419 2591 456 2644 8
569 2592 984 2645 Verumtamen
1013 2584 1205 2642 oculis
1231 2585 1351 2639 tuis
1380 2580 1778 2639 considerabis
1806 2597 1826 2634 .-

563 2681 630 2734 Et
661 2676 1109 2733 retributionem.
1131 2682 1503 2746 peccatorum
1534 2670 1784 2726 videbis.

492 2770 532 2822 C
563 2764 760 2822 Oculis
789 2765 907 2819 tuis
942 2781 954 2820 :
989 2762 1134 2819 dixit
1159 2761 1423 2818 divinum
1474 2759 1639 2815 illum
1671 2759 2072 2828 conspectum,

415 2873 539 2929 quo
561 2855 869 2912 hominum
901 2853 1107 2909 merita
1129 2850 1495 2923 judicantur.
1511 2849 1614 2905 Illa
1634 2846 1791 2904 enim
1815 2845 2074 2902 conside-

424 2945 597 3010 ratio,
632 2942 936 3000 retributio
967 2941 1076 2997 erit
1106 2939 1470 2996 meritorum.
1501 2937 1760 3004 Videbis,
1785 2935 1842 2990 id
1877 2938 1966 2990 est
1989 2933 2071 2989 vi-

423 3033 548 3090 deri
565 3031 760 3088 facies.
781 3029 884 3086 illa
901 3046 1039 3104 ergo
1059 3028 1404 3084 meritorum
1425 3027 1480 3081 in
1488 3025 1713 3098 judicio
1735 3022 1836 3080 Dei
1857 3021 2074 3079 discre-

424 3121 528 3190 tio,
560 3121 865 3180 oculorum
892 3119 992 3176 Dei
1023 3116 1410 3174 consideratio
1437 3115 1668 3181 dicitur.

429 3231 465 3284 9
571 3229 860 3300 Quoniam
890 3236 955 3284 tu
983 3243 1059 3293 es,
1093 3225 1357 3290 Domine,
1389 3239 1516 3295 spes
1544 3238 1676 3278 mea

572 3317 940 3402 altissimum
964 3315 1219 3388 posuisti
1245 3312 1543 3388 refugium
1572 3320 1755 3366 tuum.

507 3408 548 3462 C
572 3396 861 3472 Quoniam
890 3409 953 3459 tu
983 3421 1067 3472 es,
1100 3402 1366 3470 Domine,
1397 3417 1529 3473 spes
1576 3415 1707 3454 mea
1740 3415 1752 3452 :
1806 3396 1944 3469 quia
1990 3413 2078 3452 re-

438 3497 716 3568 surgente
739 3491 1012 3561 Domino,
1045 3507 1209 3564 spem
1240 3487 1639 3546 retributionis
1659 3486 1882 3558 reliqua
1901 3502 2081 3542 mem—

436 3585 544 3642 bra
568 3584 972 3657 perceperunt.
1001 3580 1221 3636 Verum
1253 3578 1432 3635 etiam
1481 3576 1760 3633 Dominus
1799 3575 2080 3642 Salvator,

434 3690 539 3748 per
559 3673 616 3728 id
640 3672 796 3744 quod
818 3673 1086 3726 mortuus
1108 3672 1215 3736 est,
1239 3667 1532 3740 refugium
1554 3683 1728 3722 suum
1747 3665 2078 3721 nosciturin

432 3760 736 3820 Altissimo
761 3758 1049 3832 posuisse,
1081 3756 1237 3812 unde
1267 3755 1473 3811 merito
1519 3752 1776 3810 Ecclesia
1818 3754 2083 3826 sequitur

435 3853 564 3924 ejus
593 3847 948 3922 exemplum,
981 3864 1115 3904 cum
1165 3845 1277 3902 sibi
1309 3844 1597 3918 refugium
1631 3860 1875 3916 ponens,
1905 3859 2079 3915 quem

432 3939 529 3997 ille
558 3938 784 3996 habuit.

436 4048 505 4104 10
578 4049 704 4103 Non
733 4045 973 4102 accedet
1002 4043 1086 4100 ad
1115 4050 1168 4098 te
1201 4040 1426 4098 malum
1457 4061 1477 4096 .-

543 4139 611 4193 Et
620 4132 936 4209 ﬂagellum
946 4149 1060 4189 non
1075 4128 1562 4204 appropinquabit
1573 4129 1947 4185 tabernaculo
1960 4137 2078 4185 tuo.

507 4225 549 4281 C
582 4223 736 4280 Licet
764 4223 1030 4280 Christus
1078 4239 1112 4277 a
1153 4219 1372 4276 Judaais
1423 4218 1681 4274 convicia
1726 4217 2080 4290 pertulisset,

433 4317 632 4370 tamen
664 4311 810 4369 nihil
841 4311 978 4367 mali
1011 4309 1237 4383 corpori
1260 4325 1368 4364 suo
1389 4306 1858 4380 appropinquare
1877 4305 2079 4363 valuit.

436 4402 541 4460 Hic
561 4402 718 4458 enim
752 4399 1048 4473 ﬂagellum
1079 4398 1336 4472 positum
1362 4400 1470 4465 est,
1494 4397 1648 4468 quod
1681 4395 1891 4452 delicta
1909 4394 2081 4451 casti-

434 4493 558 4572 gat,
591 4488 706 4546 tale
747 4487 978 4578 Christo
1027 4503 1143 4578 non
1197 4483 1688 4578 appropinquavit
1769 4485 1910 4578 quia
1939 4483 2084 4578 nihil
2117 4514 2164 4578 υ

433 4571 844 4652 castigandum
866 4581 923 4632 et
943 4574 1357 4647 ﬂagellandum
1379 4572 1769 4640 habuit,unde
1781 4571 2088 4646 hypallage

431 4671 548 4726 est:
567 4667 708 4740 quia
727 4665 854 4740 ipse
878 4663 1032 4720 malo
1055 4667 1156 4720 aut
1177 4661 1405 4735 flagello
1429 4679 1542 4716 non
1566 4660 2082 4734 apprOpinquavit:

432 4775 561 4832 quae
591 4754 838 4814 scientia
865 4754 926 4810 in
952 4753 1144 4809 littera
1177 4750 1390 4825 psalmi
1437 4751 1681 4806 vertitur
1712 4767 1724 4805 :
1762 4750 2082 4824 Flagellum

433 4863 668 4922 quoque
700 4863 805 4920 pro
835 4860 1010 4918 opere
1039 4840 1267 4916 ﬂagello
1301 4840 1475 4914 digno
1509 4839 1762 4912 ponitur.

438 4957 499 5012 11
576 4954 867 5024 Quoniam
897 4949 1130 5023 angelis
1174 4954 1229 5015 αξ·
1254 4949 1376 5005 suis
1410 4965 1422 5004 :
1459 4947 1761 5003 mandavit
1790 4947 1864 5004 de
1893 4953 1950 5003 te
1992 4953 2005 5013 ζ
2064 4968 2084 5004 :

584 5043 647 5100 Ut
677 5042 1019 5098 custodiant
1049 5048 1103 5095 te
1133 5040 1195 5095 in
1223 5038 1491 5094 omnibus
1521 5037 1638 5092 viis
1668 5037 1796 5092 tuis.

509 5131 552 5187 C
581 5131 727 5186 Nam
761 5130 915 5200 quod
958 5128 1170 5201 legitur
1199 5126 1423 5201 angelis
1450 5143 1578 5182 esse
1622 5126 1988 5188 mandatum,
2024 5127 2086 5179 ut

437 5235 574 5276 eum
623 5218 872 5274 debeant
927 5218 1240 5285 custodire,
1271 5217 1541 5272 humanae
1585 5214 1946 5270 infirmitatis
1976 5217 2081 5270 est.

437 5307 602 5365 Unde
628 5311 687 5363 et
711 5305 926 5362 dicitur
950 5305 1006 5359 in
1035 5304 1343 5377 Evangelio
1373 5322 1386 5360 :
1419 5304 1705 5377 Apparuit
1729 5302 1810 5358 illi
1844 5302 2085 5375 angelus

435 5397 508 5452 de
557 5395 700 5451 cmlo
749 5394 1083 5450 confortans
1135 5410 1269 5448 eum
1313 5398 1474 5462 (Luc.
1508 5395 1667 5463 χχιι).
1704 5393 1771 5448 Et
1805 5395 1868 5448 ut
1897 5391 2084 5464 ipsam

433 5484 822 5542 humanitatis
836 5486 1108 5538 naturam
1123 5482 1610 5554 perfectissimam
1629 5482 1972 5548 declararet,
1990 5482 2087 5537 ad-

423 5576 568 5648 jecit
600 5591 612 5631 :
648 5575 730 5634 Ne
762 5573 906 5630 forte
942 5570 1224 5630 offendas.

2251 2449 2292 2504 C
2323 2445 2663 2512 Exauditur,
2698 2442 2797 2515 qui
2851 2440 3065 2496 clamat
3113 2437 3185 2492 ad
3231 2434 3568 2501 Dominum,
3603 2431 3746 2486 dum
3776 2428 3836 2486 ei

2181 2537 2419 2611 praemia
2450 2535 2755 2608 profutura
2783 2527 3065 2588 concedit.
3099 2523 3252 2583 Dicit
3302 2540 3437 2580 cum
3491 2523 3619 2594 ipso
3671 2535 3837 2584 sum,

2180 2629 2344 2696 dum,
2377 2623 2600 2681 scilicet
2625 2638 2813 2686 mens,
2850 2619 2907 2674 in
2941 2615 3235 2690 angustiis
3266 2614 3470 2670 devota
3513 2608 3839 2666 ferventius

2180 2715 2515 2773 tribulatur.
2535 2713 2783 2785 Ereptus
2804 2709 3008 2780 utique
3028 2723 3097 2762 ex
3109 2705 3220 2761 hoc
3241 2702 3482 2768 mundo,
3497 2698 3838 2774 gloriﬁcan-

2181 2807 2293 2862 dus
2314 2809 2404 2861 est
2419 2805 2643 2876 justus,
2658 2799 2891 2873 quando
2915 2798 2976 2854 in
2993 2796 3096 2852 illa
3115 2791 3473 2851 beatitudine
3491 2788 3834 2846 collocatur:

2183 2895 2279 2951 ubi
2307 2895 2432 2965 jam
2463 2889 2763 2948 tribulatio
2794 2888 2987 2944 locum
3020 2902 3135 2941 non
3166 2881 3422 2939 habebit.

2185 2983 2251 3038 16
2323 2981 2573 3052 Eripiam
2600 2995 2726 3034 eum
2754 2981 2807 3033 et
2834 2973 3147 3048 glori/icabo
3191 2977 3246 3038 ri-
3274 2987 3397 3027 eum
3428 2987 3446 3026 :

2325 3067 2688 3140 Longitudine
2715 3066 2930 3122 dierum
2957 3063 3168 3136 replebo
3198 3077 3324 3118 eum
3353 3077 3372 3114 :

2329 3163 2394 3216 Et
2419 3157 2696 3215 ostendam
2725 3157 2816 3211 illi
2841 3154 3082 3210 salutare
3109 3166 3311 3207 meum.

2256 3251 2297 3305 C
2327 3247 2654 3320 Longitudo
2685 3245 2842 3300 enim
2875 3243 3102 3298 dierum
3135 3239 3255 3295 vita
3282 3240 3372 3294 est
3412 3241 3628 3292 aeterna
3651 3249 3839 3305 quam

2188 3337 2386 3394 nullus
2417 3335 2691 3393 terminat
2723 3333 2878 3389 finis.
2907 3330 3224 3387 Ostendam
3255 3326 3341 3382 illi
3389 3325 3646 3382 salutare
3676 3339 3691 3378 :
3725 3321 3842 3378 hoc

2187 3430 2276 3483 est
2301 3427 2459 3483 enim
2507 3425 2660 3498 quod
2706 3421 2977 3477 fidelibus
3009 3419 3068 3474 in
3100 3433 3338 3474 summa
3365 3411 3844 3470 remuneratione

2189 3515 2570 3591 promittitur,
2590 3512 2730 3585 quia
2761 3509 3017 3568 salutare
3046 3507 3342 3564 Christum
3374 3502 3688 3560 Dominum
3707 3517 3847 3556 con-

2188 3611 2449 3673 tuentur,
2480 3603 2579 3660 ubi
2609 3606 2798 3659 totum
2830 3597 3186 3656 desiderium
3217 3610 3501 3668 spemque
3532 3592 3843 3649 beatorum

2190 3695 2414 3768 implet.

2696 3839 2900 3880 ORATIO
2937 3839 3010 3878 EX
3049 3835 3206 3877 PSAL.
3246 3834 3336 3874 XC.

2260 3965 2476 4020 Przesta
2496 3959 2684 4030 nobis,
2709 3957 2974 4024 Domine,
2999 3972 3102 4027 per
3122 3950 3542 4009 invocationem
3579 3945 3848 4004 nominis

2190 4053 2296 4120 tui,
2329 4050 2550 4124 aspidis
2575 4054 2633 4104 et
2662 4046 2921 4103 basilisci
2955 4043 3194 4100 lethalia
3220 4057 3442 4097 venena
3470 4037 3692 4094 calcare
3724 4052 3740 4091 :
3775 4039 3851 4090 ut

2191 4146 2423 4199 ostenso
2441 4139 2612 4194 nobis
2628 4135 2870 4193 salutari
2892 4140 3011 4200 tuo,
3032 4133 3312 4189 adversus
3330 4127 3573 4185 insidias
3590 4124 3848 4192 inimici,

2190 4229 2473 4304 spiritalis
2485 4227 2669 4300 clypei
2684 4222 3028 4281 umbraculo
3043 4219 3513 4278 muniamur.l’er
3524 4215 3846 4273 Dominum

2192 4324 2459 4376 nostrum
2489 4316 2712 4383 Jesum,
2742 4319 2852 4369 etc.

2769 4433 3097 4492 PSALMUS
3136 4433 3270 4490 XCI.

2646 4569 3040 4611 ARGUMENTUM
3081 4567 3237 4607 PSAL.
3277 4567 3387 4606 XCI.

2264 4674 2304 4730 C
2332 4673 2452 4729 Vox
2488 4669 2774 4737 Ecclesiae,
2808 4670 2879 4725 de
2904 4667 3258 4741 exaltatione
3294 4667 3592 4738 justorum
3625 4668 3682 4720 et
3715 4679 3855 4736 per-

2193 4764 2411 4822 ditione
2443 4761 2780 4834 impiorum.

2460 4853 2576 4908 TT.
2613 4852 2863 4907 Psalmus
2891 4849 3096 4905 cantici
3127 4849 3186 4904 in
3209 4847 3299 4904 die
3325 4846 3573 4903 Sabbati.

2264 4947 2304 4998 C
2333 4941 2602 4999 Psalmus
2632 4938 2838 4996 cantici
2868 4956 2880 4994 :
2913 4939 3192 4994 admonet
3235 4953 3342 4993 nos
3372 4939 3436 4991 ut
3466 4935 3524 4990 in
3555 4932 3857 4989 universis

2195 5031 2423 5089 actibus
2455 5026 2995 5097 nostris,divinitati
3017 5026 3238 5100 gratias
3267 5025 3478 5081 referre
3502 5023 3856 5079 debeamus.

2194 5121 2329 5178 Dies
2349 5118 2587 5176 Sabbati
2613 5135 2625 5173 :
2652 5119 2862 5190 requies
2895 5117 3333 5188 interpretatur,
3363 5130 3466 5186 per
3485 5128 3662 5186 quam
3695 5128 3860 5168 com-

2146 5237 2151 5242 -
2195 5227 2503 5268 monemur
2533 5209 2604 5264 ab
2637 5206 2797 5263 omni
2828 5223 3005 5279 prava
3033 5203 3261 5262 actione
3294 5219 3542 5260 cessare.

2197 5304 2222 5357 1
2338 5305 2549 5355 Bonum
2575 5305 2652 5354 est
2678 5297 2922 5366 conﬁteri
2957 5297 3191 5351 Domino
3221 5314 3240 5350 :

2338 5390 2402 5444 Et
2429 5387 2662 5458 psallere
2688 5386 2904 5441 nomini
2931 5392 3040 5450 tuo,
3075 5385 3367 5440 Altissime.

2269 5478 2313 5532 H
2347 5478 2569 5532 Bonum
2599 5480 2688 5532 est
2716 5473 2977 5531 conﬁteri
3003 5491 3015 5528 :
3043 5473 3153 5530 hoc
3184 5478 3290 5538 est,
3312 5471 3568 5545 primum
3603 5485 3709 5542 age
3731 5484 3859 5540 pa!-

2203 5565 2512 5625 nitentiam
2543 5567 2598 5621 et
2629 5563 2754 5622 dele
2786 5567 3040 5638 peccata,
3075 5563 3288 5620 deinde
3312 5559 3498 5636 psalle
3528 5557 3860 5618 Altissimo.
