4112 6176
214 223 336 290 341

1475 212 1892 276 EXPOSITIO
1937 215 2080 278 PSA
2093 216 2449 280 LMORUM.

3570 221 3688 301 342

209 363 250 417 2
368 357 476 415 Λιι
504 351 980 414 annuntiandum
1011 368 1182 422 mane
1209 349 1679 408 misericordiam
1711 359 1915 408 tuam:
1947 351 2000 421 Α
2033 352 2172 410 dum
2209 357 2317 411 est.
2351 351 2499 419 Quid
2533 349 2689 410 enim
2723 352 2961 427 prodest
3006 353 3053 412 si
3081 358 3214 414 ante
3245 355 3399 429 diem
3454 373 3550 412 rex
3581 357 3684 424 fui,

363 453 438 506 Et
469 446 780 504 veritatem
802 451 970 500 tuam
1008 460 1118 516 per
1146 451 1389 499 noctem.

283 543 328 594 C
359 534 720 595 Mirabiliter
735 533 858 589 vita
889 536 1095 589 nostra
1111 532 1342 589 duobus
1367 529 1647 588 conclusa
1671 535 1760 588 est
1782 549 1904 589 ser-

210 628 525 686 monibus.
543 625 719 683 Mane
750 621 1052 696 signiﬁcat
1080 621 1362 694 gaudium
1390 636 1402 674 :
1427 624 1483 676 et
1513 624 1658 677 tunc
1681 621 1905 678 miseri-

208 719 456 777 condias
489 716 682 789 ipsius
716 708 1075 770 annuntiare
1107 710 1539 767 debemus.Nox
1564 710 1784 766 indicat
1805 711 1906 768 tri-

207 809 447 868 stitiam
485 824 498 861 :
534 810 594 862 et
624 803 906 862 similiter
939 807 1080 858 tunc
1105 801 1164 856 in
1186 799 1904 870 tribulationibus,verita-

207 904 333 956 tem
386 895 586 971 ipsius
636 892 1024 968 praecipimur
1053 890 1425 957 annuntiare,
1457 891 1597 963 quia
1635 891 1800 963 juste
1842 896 1903 949 et
1975 893 1996 902 ‘

208 987 431 1044 merito
464 985 756 1059 patimur.
775 982 946 1038 Sicut
975 979 1133 1036 enim
1160 979 1220 1035 in
1248 980 1543 1052 prosperis
1572 979 1901 1038 misericor-

203 1078 310 1133 dia
338 1073 836 1145 ostenditur,qua
858 1071 960 1126 dat
993 1069 1336 1143 indignis,et
1357 1069 1529 1126 malis
1551 1071 1741 1127 bonus
1764 1075 1856 1127 est
1883 1090 1896 1127 :

203 1167 289 1224 ita
320 1165 385 1221 in
414 1162 688 1220 adversis
717 1160 936 1217 veritas
968 1163 1353 1227 monstratur,
1379 1176 1494 1232 qua
1523 1159 1667 1216 dixit
1697 1175 1900 1232 pecca-

203 1260 370 1311 tores
402 1250 770 1326 puniendos.

200 1346 238 1400 3
350 1345 420 1400 In
451 1340 825 1399 decachordo
852 1339 1127 1409 psalterio
1156 1358 1174 1394 :

352 1437 504 1492 Cum
534 1430 770 1488 cantico
800 1429 860 1485 in
887 1429 1131 1486 cithara.

273 1525 316 1581 ϐ
347 1521 807 1580 Decachordum
831 1518 1403 1592 psalterium,decem
1429 1521 1725 1590 praecepta
1747 1517 1898 1590 legis

200 1619 370 1671 sunt.
393 1611 707 1669 Canticum
738 1613 794 1666 et
827 1608 1044 1664 cithara
1070 1613 1158 1664 est
1186 1607 1473 1681 gaudium
1499 1607 1650 1662 boni
1677 1607 1893 1679 operis,

2017 443 2194 501 hodie
2229 444 2290 499 in
2323 460 2555 500 carcere
2589 442 2807 499 morior
2839 460 2851 499 ε
2885 462 3057 502 omne
3089 447 3243 518 quod
3298 451 3386 502 est
3433 446 3685 520 praeteri-

2015 538 2142 590 tum
2175 538 2235 589 et
2267 535 2446 589 ﬁnem
2479 532 2675 598 habet,
2710 532 2856 588 nihil
2884 539 2995 590 est.

2011 624 2072 677 9-
2174 631 2230 690 -ξο
2257 624 2544 694 Quoniam
2587 627 2601 686 ζ
2635 639 2763 678 ecce
2785 625 3007 680 inimici
3030 627 3136 693 tui,
3174 627 3416 683 Domine
3546 643 3682 700 quo.

2228 715 2391 771 niam
2422 731 2549 772 ecce
2581 718 2804 774 inimici
2835 719 2921 773 tui
2946 717 3218 787 peribunt
3247 735 3264 771 :

2155 806 2224 859 Et
2256 805 2666 879 dispergentur
2693 825 2887 864 omnes
2915 807 3012 880 qui
3038 815 3359 877 operantur
3397 806 3685 880 iniquita-

2234 902 2372 950 tem.
3655 961 3660 968 η

2082 987 2122 1038 C
2150 983 2383 1040 Inimici
2413 985 2508 1042 Dei
2536 989 2676 1042 sunt
2705 988 3039 1043 daemonum
3073 986 3415 1058 cultores,et
3434 987 3680 1059 quicun-

2011 1090 2125 1146 que
2159 1075 2468 1147 praeceptis
2501 1077 2630 1147 ejus
2663 1076 2894 1132 obviare
2927 1080 3220 1148 satagunt.
3250 1075 3336 1131 llli
3369 1076 3524 1132 enim
3555 1076 3676 1134 dis-

2008 1167 2350 1235 pergcntur,
2382 1167 2617 1237 quando
2649 1183 2682 1221 a
2725 1182 2899 1240 grege
2941 1166 3170 1222 Domini
3211 1166 3428 1221 fuerint
3474 1182 3674 1239 segre-

2007 1253 2152 1325 gati.

2011 1343 2079 1397 10
2155 1343 2219 1399 Ει
2251 1345 2620 1400 exaltabitur
2648 1345 2797 1401 sicut
2827 1345 3121 1402 unicornis
3149 1360 3330 1402 cornu
3358 1361 3550 1400 meum
3581 1362 3593 1400 :

2152 1435 2222 1488 Et
2252 1444 2510 1491 senectus
2535 1451 2665 1491 mea
2694 1436 2754 1492 in
2774 1435 3180 1492 misericordia
3209 1435 3390 1491 uberi.

2079 1525 2120 1574 C
2154 1522 2258 1578 Hic
2281 1523 2436 1578 enim
2462 1525 3209 1591 unicornis,exaltationem
3233 1523 3670 1597 signiﬁcatuni-

2009 1609 2169 1665 tatis.
2207 1610 2315 1667 Illa
2345 1612 2501 1668 enim
2544 1613 2764 1684 unitas,
2798 1615 3079 1671 fortitudo
3130 1613 3403 1670 sublimis
3433 1617 3540 1678 est,
3569 1613 3668 1669 ubi

201 1705 264 1762 id
294 1708 393 1761 est
413 1702 927 1774 eleemosynarum
939 1699 1202 1770 jucunda
1221 1697 1474 1770 largitio.
1494 1694 1743 1752 Cithara
1763 1713 1898 1752 vero
1929 1730 1976 1796 B
2011 1703 2357 1756 sanctorum
2389 1701 2574 1775 gloria
2604 1703 2841 1759 decorat
2860 1703 3492 1761 Ecclesiam.Sencctus
3532 1719 3670 1758 can-

200 1798 425 1861 cantat,
455 1791 558 1866 qui
580 1807 762 1864 opera
789 1789 942 1846 bona
974 1788 1199 1861 perﬁcit
1228 1786 1353 1843 sine
1384 1783 1718 1859 asperitate
1749 1785 1883 1841 tris-

201 1885 378 1942 titius.

205 1977 240 2032 4
351 1974 514 2048 Quia
540 1969 845 2030 detectasti
871 1985 977 2037 me,
1004 1967 1265 2034 Domine,
1298 1967 1358 2023 in
1382 1969 1634 2036 factura
1663 1971 1767 2021 tua
1801 1981 1814 2021 :

351 2069 425 2122 Et
450 2064 515 2120 in
543 2062 823 2133 operibus
849 2073 1124 2116 manuum
1150 2065 1384 2114 tuarum
1413 2055 1750 2112 exsultabo.

277 2155 322 2212 C
356 2154 720 2211 Delectatam
753 2167 817 2208 se
849 2148 987 2206 dicit
1014 2151 1206 2204 mater
1251 2146 1531 2211 Ecclesia,
1571 2144 1631 2199 in
1663 2145 1890 2201 factura

204 2243 481 2302 Domini:
508 2241 795 2316 quoniam
829 2237 1112 2312 quidquid
1143 2237 1278 2292 boni
1301 2233 1738 2308 acceperit,non
1762 2234 1889 2290 suis

208 2334 465 2401 meritis,
489 2333 592 2389 sed
627 2348 736 2388 suo
774 2327 1019 2386 Domino
1049 2325 1372 2399 applicavit.
1395 2327 1466 2382 Et
1495 2323 1794 2398 exsultare
1826 2339 1887 2380 se

208 2425 273 2479 in
307 2423 409 2478 Dei
438 2421 740 2495 cperibus,
775 2435 893 2474 non
919 2433 1046 2472 vero
1089 2414 1150 2470 in
1194 2433 1301 2472 sua
1359 2414 1658 2482 felicitate,
1694 2415 1796 2470 sed
1827 2414 1886 2469 in

219 2513 415 2586 ipsius
443 2510 747 2567 voluntate
777 2506 1101 2580 proﬁtetur,
1117 2508 1181 2560 ut
1211 2507 1291 2561 ait
1309 2503 1630 2578 Apostolus
1657 2521 1669 2558 :
1696 2503 1889 2574 Ipsius

221 2603 384 2659 enim
414 2601 766 2673 figmentum
801 2612 1008 2652 sumus
1038 2595 1245 2667 (Ephes.
1279 2595 1359 2667 ιι).

223 2693 261 2747 5
377 2692 558 2759 Quam
585 2685 962 2758 magniﬁcam
989 2689 1120 2739 sunt
1157 2699 1331 2753 opera
1379 2693 1504 2750 tua,
1537 2681 1824 2738 Domine!

372 2779 557 2838 Nimis
582 2774 891 2850 profunda:
919 2773 1097 2846 facta?
1123 2783 1253 2830 sunt
1281 2773 1667 2846 cogitationes
1697 2780 1827 2827 tuae.

295 2875 340 2924 Ο
371 2865 750 2940 Obstupescit
772 2862 1061 2935 Propheta
1079 2863 1476 2920 vehementius
1497 2864 1627 2935 ipsa
1644 2877 1820 2934 Opera
1841 2865 1896 2917 et

216 2957 469 3016 Domini
494 2951 1017 3030 magniﬁcentiam.
1039 2950 1222 3008 Nimis
1247 2953 1547 3025 profundae
1573 2954 1712 3007 sunt
1733 2950 1895 3006 factae

216 3046 618 3121 cogitationes
649 3043 782 3114 ejus
807 3057 820 3096 :
857 3043 923 3096 ut
952 3039 1101 3096 sicut
1123 3041 1388 3098 diabolus
1421 3058 1526 3114 per
1558 3039 1894 3112 superbiam

217 3104 474 3200 εοῖτυὶῐ,
508 3134 588 3190 ita
616 3104 950 3189 hdmanum
981 3145 1164 3204 genus
1210 3104 1489 3188 beneﬁcio
1541 3104 1896 3185 humilitatis
1928 3104 1970 3172 (ἶ

213 3224 421 3300 possit
453 3221 694 3278 absolvi.
728 3219 872 3286 Quis
900 3219 1010 3275 hoc
1040 3223 1096 3274 et
1124 3219 1338 3275 similia
1368 3218 1790 3292 protundabit?

213 3317 254 3370 6
377 3313 481 3369 Vir
509 3311 790 3381 insipiens
816 3325 931 3367 non
959 3318 1252 3381 cognoscet
1279 3327 1291 3366 :

374 3405 443 3458 Et
472 3403 684 3457 stultus
710 3415 825 3456 non
856 3399 1135 3470 intelliget
1166 3401 1304 3457 haec.

301 3495 346 3547 C
373 3492 480 3548 Est
506 3490 597 3545 vir
625 3487 1050 3562 insipiens,qui
1082 3489 1298 3545 cmlesti
1329 3487 1621 3561 sapientia
1651 3503 1894 3542 evacua-

223 3585 421 3652 tus,et
444 3579 722 3635 humanis
734 3577 1008 3633 versutiis
1029 3578 1310 3650 probatur
1330 3595 1459 3634 esse
1477 3575 1859 3650 plenissimus
1880 3592 1892 3631 :

233 3673 353 3727 iste
380 3686 499 3725 non
532 3666 835 3741 cognoscit
882 3683 1056 3739 opera
1105 3666 1231 3734 Dei;
1263 3667 1402 3739 quia
1446 3664 1680 3722 casuale
1711 3664 1898 3720 credit

226 3760 394 3832 quod
429 3757 671 3831 geritur.
704 3757 867 3812 Sicut
916 3756 1156 3828 quidam
1200 3755 1534 3829 philosophi
1575 3755 1841 3810 dixerunt
1878 3772 1891 3809 :

225 3849 468 3905 Stultus
497 3850 693 3904 autem
728 3846 929 3918 utique
959 3849 1068 3913 est,
1093 3843 1194 3917 qui
1227 3861 1331 3901 nec
1362 3845 1562 3900 divina
1592 3859 1896 3915 recognos-

227 3941 336 4008 cit,
370 3953 478 3994 nec
529 3937 690 4008 ipsos
739 3933 936 3990 seculi
985 3940 1149 3990 actus
1194 3933 1490 4006 intelligit,
1524 3948 1672 4004 quos
1719 3931 1892 4006 vulgo

227 4030 444 4084 brutos
477 4041 774 4081 vocamus.

221 4120 259 4170 7
371 4116 513 4172 Cum
545 4113 746 4170 exorti
769 4113 995 4185 fuerint
1025 4121 1357 4183 peccatores
1385 4111 1531 4168 sicut
1551 4112 1751 4181 fenum
1784 4129 1798 4166 :

375 4207 446 4260 Et
456 4202 847 4273 apparuerint
857 4218 1051 4258 omnes
1062 4202 1163 4275 qui
1175 4206 1498 4272 operantur
1510 4199 1890 4271 iniquitatem.

305 4295 347 4350 C
378 4293 532 4348 Dicit
561 4291 716 4348 enim
746 4290 841 4347 hic
872 4291 1076 4347 ﬂorere
1099 4294 1428 4364 peccatores
1451 4289 1605 4345 sicut
1644 4290 1843 4345 fenum
1877 4307 1889 4346 :

225 4383 334 4440 sed
371 4383 432 4438 in
462 4380 562 4437 illo
576 4380 799 4453 judicio
819 4397 919 4437 eos
939 4381 1151 4436 asserit
1173 4379 1431 4436 celeriter
1462 4379 1781 4447 interire,et
1810 4379 1891 4434 ibi

2006 1787 2214 1844 didum
2271 1795 2449 1863 caput
2496 1791 2714 1848 habet:
2749 1808 2877 1863 quae
2927 1792 3256 1848 similitudo
3309 1794 3482 1848 datur
3513 1797 3668 1850 recte

1999 1877 2305 1949 Ecclesiae;
2338 1881 2616 1952 quoniam
2648 1881 2846 1937 omnia
2876 1881 3086 1937 merita
3132 1885 3491 1953 sanctorum,
3528 1886 3656 1938 tan-

1998 1984 2179 2040 quam
2213 1969 2343 2024 cani
2375 1970 2580 2041 capitis
2611 1970 2929 2042 purissima
2955 1971 3085 2026 luce
3125 1971 3454 2045 fulgebunt,
3490 1973 3662 2044 cujus

1998 2063 2274 2114 senectus
2307 2059 2379 2114 ad
2409 2059 2585 2116 vitam
2619 2061 2779 2116 ducit
2811 2064 3174 2133 perpetuam.

2001 2147 2057 2203 1-1
2141 2148 2208 2202 El
2237 2147 2500 2218 despexit
2530 2151 2727 2205 oculus
2758 2166 2919 2206 meus
2948 2151 3210 2208 inimicos
3239 2167 3393 2208 meos
3423 2169 3440 2205 :

2140 2229 2210 2292 Ei
2257 2237 2682 2310 insurgentibus
2727 2239 2786 2296 in
2831 2258 2920 2296 me
2962 2241 3408 2312 malignantibus
3456 2243 3654 2300 audiet

2213 2329 2378 2384 auris
2401 2345 2549 2385 mea.

2069 2420 2109 2472 C
2141 2417 2372 2475 Inimici
2406 2425 2563 2487 sunt,
2591 2419 2811 2476 scilicet
2831 2419 3117 2486 Ecclesiae,
3153 2421 3398 2494 operarii
3433 2421 3650 2493 iniqui-

2000 2506 2160 2587 tatis,
2198 2526 2348 2580 quos
2380 2513 2516 2564 tunc
2549 2509 2794 2582 despicit
2843 2511 3015 2579 Deus,
3051 2512 3284 2583 quando
3327 2511 3382 2564 iu
3419 2511 3659 2568 sinistra

2001 2599 2164 2669 parte
2196 2603 2532 2672 segregatos
2581 2616 2643 2654 se
2693 2614 2819 2654 esse
2866 2603 3245 2673 cognoscunt.
3279 2599 3654 2672 Insurgentes

2003 2690 2143 2742 sunt
2174 2687 2564 2760 malignantes
2595 2687 2937 2760 divites,qui
2970 2688 3066 2745 hic
3098 2692 3497 2762 paupertatem
3531 2689 3660 2745 des-

2003 2774 2250 2846 piciunt.
2287 2777 2402 2832 Hos
2460 2777 2701 2832 audient
2748 2793 2919 2832 aures
2969 2777 3278 2834 hominum
3341 2777 3648 2834 ﬁdelium:

2005 2867 2245 2937 quando
2273 2866 2495 2933 dicunt,
2516 2864 2662 2929 Quid
2687 2865 2854 2921 nobis
2886 2867 3107 2938 profuit
3127 2865 3403 2938 superbia
3425 2866 3661 2923 nostra?

2007 2955 2160 3026 (Sep.
2195 2955 2272 3026 v.)
3385 2947 3407 2970 τ·

2010 3045 2078 3097 12
2149 3047 2358 3100 Justus
2385 3052 2448 3098 ut
2478 3043 2673 3114 palma
2695 3043 2918 3116 ﬂorebit
2951 3061 2968 3097 :

2161 3139 2235 3189 Ut
2263 3134 2470 3190 cedrus
2504 3133 2704 3189 Libani
2730 3131 3242 3202 multiplicabitnr.

2077 3221 2356 3278 CJustus
2417 3227 2568 3278 recte
2623 3226 2998 3294 comparatur
3049 3219 3280 3294 palmae,
3333 3220 3453 3276 haec
3508 3220 3666 3278 enim

2007 3328 2186 3384 super
2213 3315 2401 3368 terras
2432 3312 2664 3383 hispida
2694 3315 2782 3368 est
2816 3327 2828 3367 :
2863 3313 2963 3368 sed
2999 3309 3098 3366 ubi
3130 3310 3204 3366 ad
3244 3327 3501 3383 superna
3528 3327 3664 3383 pro-

2006 3401 2264 3468 cesserit,
2300 3400 2777 3457 dulciSsimorum
2819 3401 3117 3456 fructuum
3169 3399 3454 3456 suavitate
3505 3416 3662 3456 com-

2006 3489 2218 3562 pletur.
2239 3492 2307 3546 Et
2336 3491 2492 3546 dicta
2520 3495 2607 3546 est
2638 3491 2835 3563 palma
2861 3507 2873 3546 ε
2899 3490 3066 3563 quasi
3091 3489 3252 3562 pacis
3282 3489 3543 3546 alumna.
3567 3489 3661 3546 Sic

2002 3579 2120 3636 vita
2142 3580 2442 3652 justorum
2479 3579 2642 3635 duris
2687 3583 2775 3635 est
2827 3579 2884 3635 in
2930 3580 3039 3635 hoc
3088 3579 3308 3634 mundo
3359 3578 3661 3635 laboribus

2003 3668 2195 3741 plena,
2231 3670 2332 3723 sed
2359 3668 2418 3724 in
2451 3668 2723 3741 supernis
2753 3673 2842 3724 cst
2890 3668 3302 3741 pulcherrima.
3335 3669 3551 3723 Cedrus
3598 3667 3664 3723 li-

2004 3775 2186 3831 gnum
2219 3757 2366 3813 bene
2389 3757 2572 3825 olens,
2592 3759 2659 3812 ad
2694 3759 2955 3829 pondera
2974 3757 3261 3830 portanda
3283 3755 3657 3828 aptissimum

2004 3851 2060 3902 et
2088 3846 2498 3913 fortissimum,
2533 3850 2590 3901 et
2632 3845 2883 3901 multum
2915 3845 3110 3917 palma
3135 3844 3350 3900 celsius
3394 3862 3660 3901 crescens

2003 3937 2180 4008 (quod
2212 3935 2464 3991 maxime
2498 3935 2555 3989 in
2588 3934 2809 3990 Libano
2861 3934 3073 3990 celsius
3123 3933 3438 4004 invenitur)
3459 3934 3660 4005 justos

2003 4024 2296 4098 signiﬁcat
2326 4023 2578 4095 repletos
2609 4023 2779 4078 bonis
2811 4023 3105 4095 operibus.

2006 4116 2072 4170 13
2144 4113 2407 4170 Plantati
2434 4113 2492 4167 in
2518 4113 2686 4167 domo
2713 4113 2940 4168 Domini
2963 4129 2980 4165 :

2144 4203 2207 4257 1η
2235 4202 2404 4258 atriis
2429 4202 2630 4257 domus
2663 4201 2767 4257 Dei
2796 4202 2985 4257 nostri
3011 4200 3314 4273 ﬂorebunt.

2073 4297 2112 4347 C
2141 4291 2447 4356 Plantatio,
2481 4290 2574 4344 hic
2625 4289 3056 4362 przedestinatio
3105 4287 3203 4343 Dei
3255 4286 3602 4360 intelligitur
3636 4304 3650 4343 :

2003 4381 2140 4455 quia
2194 4379 2308 4435 nisi
2357 4379 2490 4451 quis
2523 4379 2579 4433 in
2612 4396 2680 4434 ea
2709 4379 3008 4451 plantatus
3057 4377 3252 4444 fuerit,
3286 4381 3652 4434 crementum

228 4489 372 4530 cum
409 4473 482 4527 ad
505 4470 798 4544 judicium
841 4470 1124 4538 venerint,
1155 4468 1432 4525 humanis
1480 4468 1889 4541 conspectibus
1922 4477 1968 4542 D
2003 4469 2406 4526 felicissimum
2466 4484 2579 4522 non
2639 4467 2897 4523 habebit.
2930 4467 3161 4523 Atrium
3209 4467 3366 4524 enim
3409 4466 3649 4524 initium

229 4561 602 4636 apparebunt
632 4561 808 4618 corda
853 4546 1054 4616 eorum
1106 4557 1260 4628 aliis,
1295 4575 1420 4631 qua:
1470 4557 1563 4613 hic
1609 4575 1886 4631 apparere

231 4670 351 4708 non
387 4654 720 4724 potuerunt.

229 4743 267 4796 8
381 4745 457 4796 Ut
485 4740 776 4796 intereant
805 4738 865 4795 in
894 4740 1168 4796 saeculum
1213 4744 1268 4804 μξι
1293 4737 1488 4794 δέκευιί
1529 4747 1542 4809 ζ
1587 4755 1600 4792 :

384 4832 468 4885 Tu
496 4838 690 4885 autem
717 4828 1044 4886 Altissimus
1075 4827 1136 4883 in
1162 4837 1468 4894 aeternum,
1503 4827 1763 4884 Domine.

311 4923 353 4976 C
380 4919 656 4992 Sequitur
685 4935 865 4975 causa
893 4935 996 4974 eur
1025 4921 1345 4991 appareant
1377 4935 1389 4973 :
1424 4933 1539 4972 non
1570 4917 1771 4989 utique
1814 4919 1884 4974 ad

233 5008 614 5082 gloriam,sed
647 5011 712 5064 ut
735 5007 1042 5064 intereant.
1063 5006 1306 5062 Pulchre
1329 5007 1485 5062 enim
1514 5007 1774 5080 exposita
1801 5013 1890 5064 est

234 5114 406 5170 pinna
435 5098 848 5154 damnatorum
881 5114 896 5153 :
931 5113 1046 5152 non
1077 5096 1233 5151 enim
1267 5095 1352 5151 sic
1384 5100 1730 5167 pereunt,ut
1758 5114 1887 5154 esse

226 5189 351 5259 jam
379 5185 674 5252 desinant,
707 5186 806 5242 sed
841 5186 899 5241 in
933 5185 1215 5242 saeulum
1248 5183 1444 5240 saeculi
1476 5185 1884 5259 deﬁciunt,qui

1997 4559 2211 4615 dicitur
2268 4557 2595 4614 mansionis
2625 4573 2636 4612 :
2666 4556 2745 4612 ibi
2801 4557 3026 4613 ﬂorebit
3062 4558 3286 4629 justus,
3323 4557 3555 4629 quando
3588 4555 3648 4612 in

1996 4648 2098 4705 illo
2128 4647 2292 4703 initio
2325 4646 2767 4703 resurrectionis
2800 4647 2998 4702 audita
3028 4645 3300 4703 felicitate
3347 4644 3646 4718 gaudebit,

1997 4739 2057 4794 id
2115 4744 2223 4806 est,
2258 4737 2492 4809 quando
2542 4735 2731 4791 dicere
2788 4736 3029 4792 audiet:
3062 4734 3284 4802 Venite,
3333 4733 3646 4804 benedicti,

1997 4832 2104 4885 etc.

1999 4919 2067 4974 14
2141 4916 2330 4972 Adhuc
2358 4913 2903 4984 multiplicabuntur
2931 4912 2988 4967 in
3017 4919 3244 4968 senecta
3272 4911 3438 4966 uberi
3466 4927 3485 4968 :

2139 5009 2205 5061 Et
2236 5007 2371 5061 bene
2403 5005 2683 5073 patientes
2712 5012 2882 5057 erunt
2910 5011 2968 5056 ut
2999 5001 3362 5057 annuntient.

2068 5098 2108 5153 C
2136 5097 2381 5151 Senecta
2401 5093 2708 5148 hominum
2734 5091 2895 5146 arida
2913 5094 3001 5147 est
3033 5108 3044 5146 :
3081 5089 3337 5147 Ecclesia
3356 5108 3488 5148 vero
3513 5096 3651 5148 tunc

1997 5185 2183 5257 magis
2214 5182 2419 5254 incipit
2448 5198 2575 5236 esse
2609 5179 2922 5247 uberrima,
2955 5181 3188 5252 quando
3221 5181 3292 5236 ad
3325 5181 3502 5237 ﬁnem
3543 5199 3647 5238 saa-

238 5293 538 5350 nunquam
571 5293 606 5332 a
630 5273 753 5332 suis
784 5273 1201 5331 afflictionibus
1232 5277 1542 5330 exuuntur.
1575 5275 1661 5330 Tu
1685 5280 1883 5332 autem
1993 5274 2110 5332 culi
2141 5273 2316 5329 fuerit
2359 5270 2606 5328 Domino
2654 5270 2970 5325 miserante
3018 5271 3316 5342 perducta.
3351 5270 3504 5327 Bene
3552 5289 3650 5344 pa-

236 5366 571 5425 Altissimus
605 5383 618 5420 ε
654 5364 1127 5422 subaudiendum
1176 5367 1263 5419 est
1311 5364 1702 5436 per-manebis.
1736 5365 1782 5420 H
1817 5366 1883 5421 Et
1993 5366 2200 5421 tientes
2232 5365 2402 5418 erunt
2437 5378 2448 5417 :
2486 5360 2625 5432 quia
2656 5360 2957 5432 passiones
3010 5362 3308 5416 beatorum
3363 5360 3642 5417 caelorum

239 5457 378 5513 nihil
401 5461 492 5513 est
520 5458 742 5512 bonum
774 5455 885 5511 nisi
916 5455 1071 5527 quod
1107 5457 1385 5510 aternum
1424 5457 1528 5509 est.
1563 5455 1878 5518 Quodcun-

240 5563 346 5621 que
373 5547 597 5604 bonum
628 5546 805 5603 ﬁnem
837 5544 1033 5614 habet,
1067 5560 1171 5601 nec
1205 5544 1354 5601 inter
1384 5545 1538 5601 bona
1569 5559 1878 5600 numeran-

1992 5471 2164 5526 regna
2197 5450 2570 5523 conquirunt.
2593 5452 2655 5506 Et
2685 5457 2812 5506 tunc
2833 5449 3181 5506 annuntient
3213 5450 3487 5523 quoniam
3514 5452 3642 5522 jus-

1988 5547 2116 5600 stus
2148 5546 2235 5597 est
2265 5540 2570 5608 Dominus,
2599 5544 2656 5597 et
2687 5540 2964 5613 quoniam
2998 5544 3189 5597 rectus
3219 5543 3326 5608 est,
3362 5542 3470 5594 etc.
