4112 6176
449 331 570 396 343

453 447 524 524 Ϊ5
595 463 877 546 Quoniam
902 472 1079 524 rectus
1111 461 1372 522 Domi-nus
1394 465 1538 520 Deus
1565 469 1746 520 noster
1773 479 1794 520 :

595 557 664 612 Et
692 555 802 614 non
833 562 912 613 est
938 555 1206 633 iniquitas
1236 553 1298 610 in
1321 569 1404 610 eo.

485 711 492 718 ﬁ
525 643 882 724 QQuoniam
915 647 1109 701 rectus
1130 641 1418 699 Dominus
1443 657 1457 699 :
1480 637 1589 715 qui
1607 641 1791 698 servis
1813 640 1939 698 suis
1976 657 2112 714 pro-

453 726 642 791 mis‘sa
671 732 1001 807 complevit,
1023 736 1082 788 et
1100 749 1216 788 non
1248 735 1338 788 est
1366 731 1426 788 in
1473 747 1540 787 eo
1593 729 1874 804 iniquitas
1908 746 1920 785 :
1956 734 2022 786 ut
2049 728 2111 786 in

453 821 566 900 hoc
597 823 819 879 mundo
849 819 1217 894 permisisset
1265 819 1580 892 periclitari
1629 818 1930 893 martyrio,
1962 834 2113 892 quos

351 913 358 921 ’
451 899 535 968 ibi
567 899 686 968 non
717 901 1055 968 coronasset
1082 909 1343 983 praemio.

965 1015 1168 1055 ORATIO
1205 1016 1276 1054 EX
1315 1015 1474 1056 PSAL.
1506 1015 1618 1054 XCI.

470 1157 502 1162 η
528 1086 879 1173 Exsultatio
908 1076 1125 1172 interna
1179 1091 1542 1156 sanctorum,
1576 1077 1758 1163 Deus,
1782 1087 1884 1160 qui
1913 1087 2112 1160 justos

455 1163 702 1252 diversis
732 1163 1022 1234 bonorum
1045 1175 1288 1234 refectos
1308 1175 1644 1250 impendiis,
1670 1177 1877 1232 ﬂorere
1898 1175 1957 1232 in
1990 1175 2112 1249 pal-

456 1261 682 1323 miferis
703 1266 870 1322 atriis
901 1264 1480 1322 immarcessabiliter
1509 1265 2114 1338 facis,qumsumus.ut

458 1354 735 1438 remissis
757 1353 1024 1412 molibus
1052 1354 1637 1438 delictorum,eorum
1668 1353 1839 1412 nobis
1869 1343 2112 1410 societa-

457 1435 578 1500 tem
608 1431 922 1518 dignanter
968 1431 1292 1517 impertias.
1325 1445 1434 1500 Per
1479 1439 1794 1501 Dominum
1843 1432 2112 1502 nostrum

457 1531 662 1590 Jesum
688 1519 1008 1602 Christum,
1041 1524 1151 1589 etc.

1019 1656 1349 1716 PSAL'MUS
1385 1657 1548 1714 XCII.

899 1765 1302 1831 incensurum
1341 1769 1498 1830 r'SAL.
1538 1789 1674 1831 xcn.

536 1891 578 1946 Ο
611 1883 764 1946 Laus
800 1881 1090 1958 Ecclesiae,
1123 1891 1194 1946 de
1242 1883 1649 1948 Incarnatione
1697 1894 1757 1946 et
1812 1891 1884 1946 de
1935 1905 2113 1964 regno

461 1973 698 2037 Christi.

477 2069 574 2127 TT.
622 2075 679 2138 eo
703 2071 846 2128 Laus
872 2061 1080 2128 cantici
1107 2071 1218 2144 ipsi
1241 2063 1414 2128 David
1444 2072 1505 2127 in
1533 2071 1622 2127 die
1649 2063 1778 2128 ante
1821 2055 2120 2128 Sabbatuni

749 2214 754 2233 ί
915 2151 1133 2233 quando
1154 2159 1393 2232 fundata
1419 2167 1497 2216 est
1523 2167 1688 2217 terra.

489 2303 503 2333 λ
533 2251 576 2302 C
603 2231 912 2333 Canticum
925 2231 1012 2305 “ad
1045 2235 1282 2332 laudem
1327 2248 1576 2333 pertinet
1623 2245 1966 2306 divinitatis.
1999 2248 2120 2322 Ipsi

469 2329 647 2392 David
679 2352 692 2391 :
725 2330 952 2392 Christo
1007 2329 1262 2409 aptatur.
1295 2341 1360 2392 In
1413 2329 1508 2393 die
1563 2341 1698 2394 ante
1746 2337 2069 2396 Sabbatum
2103 2355 2116 2394 :

470 2427 637 2503 sexta
664 2423 807 2480 feria
825 2427 934 2492 est,
965 2441 1095 2500 quae
1127 2425 1445 2482 Sabbatum
1476 2427 1767 2498 praecedit.
1801 2427 1980 2483 Terra
2027 2427 2122 2483 hic

469 2497 772 2570 hominem
801 2497 1112 2588 significat,
1129 2513 1224 2570 cui
1254 2497 1514 2572 dicitur:
1545 2515 1726 2572 Terra
1753 2532 1816 2572 es
1837 2519 1896 2572 et
1924 2517 1983 2572 in
2013 2519 2123 2572 ter-

471 2599 599 2672 ram
629 2599 746 2660 ibis
774 2594 930 2677 (Gen.
957 2601 1086 2675 in):
1123 2597 1298 2676 quem
1321 2603 1472 2661 inter
1501 2604 1667 2661 initia
1715 2622 1910 2662 rerum
1961 2610 2122 2664 sexto

468 2686 708 2770 Qreator
737 2687 1017 2768 condidit.

470 2783 496 2838 1
610 2775 876 2840 Dominus
904 2781 1159 2854 regnavit
1185 2781 1429 2842 decorem
1452 2783 1675 2841 indutus
1701 2793 1782 2842 est
1809 2804 1827 2840 :

611 2861 841 2930 Indutu:
868 2880 948 2930 est
993 2874 1256 2930 Dominus
1301 2873 1687 2946 fortitudinem
1732 2883 1785 2932 et
1822 2865 2122 2948 praecinxit

679 2976 756 3019 88.

538 3055 580 3106 C
599 3049 989 3108 Considerans
1019 3051 1308 3132 Propheta
1323 3069 1450 3126 quae
1467 3055 1713 3132 ventura
1731 3057 2120 3128 erant,reg‘na-

463 3143 663 3198 turum
685 3155 814 3197 esse
832 3129 1314 3217 Dominum,cum
1336 3129 1553 3215 magna
1578 3141 1964 3199 exsultatione
1985 3160 2120 3200 con-

463 3228 742 3315 celebrat.
782 3228 1061 3315 Decorem
1112 3197 1323 3298 induit,
1357 3229 1415 3286 id
1435 3197 1575 3296 uest,
1618 3197 2115 3304 pulchritudinem
2147 3197 2191 3271 α

470 3303 602 3407 suis
623 3310 950 3402 majestatis
979 3317 1524 3407 ostenditigquando
1553 3303 2008 3396 transﬁguratus
2031 3325 2120 3379 est

465 3406 528 3482 i_n
559 3405 758 3463 monte
787 3421 984 3490 coram
1015 3405 1324 3479 discipulis
1345 3408 1727 3481 (Matth.xvu).
1754 3405 2000 3468 lndutus
2029 3415 2120 3467 est

465 3491 757 3559 Dominus
804 3493 1206 3552 fortitudinem
1243 3513 1257 3564 ;
1291 3493 1432 3568 quia
1482 3494 1782 3554 diabolum
1829 3499 2120 3572 oppressit

467 3581 516 3654 Η
539 3583 616 3666 [Et
643 3581 948 3658 praecinxit
975 3596 1039 3639 se
1071 3598 1085 3636 :
1115 3597 1252 3638 cum
1279 3583 1657 3642 multitudine
1695 3587 1960 3660 angelica
2005 3587 2116 3644 cir-

467 3667 784 3747 cumdatus
813 3671 1092 3727 remeavit
1110 3669 1185 3728 ad
1216 3671 1444 3730 Patrem
1476 3673 1610 3744 (Act.
1645 3675 1707 3745 ι).

466 3765 504 3818 2
609 3751 841 3819 Etenim
868 3759 1112 3832 firmavit
1141 3760 1325 3818 orbem
1370 3767 1426 3828 σέ·
1453 3770 1614 3820 terra:
1649 3770 1670 3830 ιζ
1715 3783 1734 3820 :

596 3851 729 3924 Qui
757 3866 870 3908 non
897 3851 1335 3907 commovebitur.

481 3993 487 3998 .
537 3940 578 3996 Ο
607 3939 887 4018 Firmavit
915 3939 1117 3996 orbem
1149 3933 1334 4010 terrae,
1363 3939 1420 3998 id
1453 3945 1562 4010 est,
1597 3941 1912 4000 Ecclesiam
1933 3943 2025 4018 (ut
2054 3945 2116 4002 in

466 4021 776 4102 Evangelia
811 4045 825 4084 :
858 4028 946 4084 Tu
991 4045 1054 4086 es
1097 4029 1300 4086 Petrus
1348 4033 1406 4086 et
1449 4047 1626 4112 super
1681 4026 1831 4089 hanc
1888 4037 2114 4105 petram

461 4117 760 4174 aediﬁcabo
809 4117 1127 4175 Ecclesiam
1177 4123 1369 4175 meam
1414 4121 1634 4192 [Ma-tth.
1659 4122 1799 4194 κνῆ)
1829 4139 1956 4196 qua:
1997 4139 2114 4180 non

459 4206 925 4265 commovebitur
951 4205 1270 4277 ullatenus,
1285 4208 1553 4282 quamvis
1572 4211 1977 4284 persecutione
2001 4212 2112 4270 fre-

457 4299 706 4372 quenter
732 4283 992 4364 vetetur,

456 4373 492 4444 3
598 4387 810 4442 Parata
835 4385 984 4444 sedes
1012 4393 1106 4442 tua
1131 4402 1202 4444 ex
1229 4373 1362 4444 tunc
1389 4405 1410 4444 :

602 4473 644 4531 Α
673 4474 878 4532 saeculo
905 4481 965 4530 tu
990 4491 1062 4532 es.

1361 330 1426 391 S.
1473 327 1868 390 BBUNONIS
1910 327 2528 392 BEBBIPOLENSIS
2574 327 2950 390 EPISCOPI.
3045 389 3052 398 ,

2123 445 2241 531 λδ

2143 1833 2192 1900 Β

3740 327 3856 392 3M

2355 464 2453 543 px-
2500 463 2865 544 Elevaverunt
2891 459 3128 536 ﬁumina
3155 449 3352 532 ﬂuctus
3381 447 3508 518 suos
3542 467 3579 528 ει
3603 479 3622 517 :

2361 554 2400 609 A
2428 555 2644 610 rocibus
2671 568 2947 626 aquarum
2972 551 3298 608 multarum.

2252 675 2254 678 ν
2290 643 2332 700 C
2362 642 2746 699 EleVaverunt
2793 640 3040 696 ﬂumina
3089 640 3326 707 ﬂuctus,
3358 629 3418 695 id
3465 643 3575 705 est,
3617 627 3868 713 apostoli

2221 749 2525 790 sermones
2579 731 2881 804 irriguos:
2915 729 3196 802 ipsosque
3242 727 3302 784 in
3361 728 3873 802 praedicationibus

2219 838 2452 878 erexere
2477 819 2892 877 sanctissimis.
2925 819 2972 876 A
3017 818 3260 878 vocibus
3303 834 3590 892 aquarum
3625 835 3639 872 :
3671 824 3874 892 gentes

2221 910 2680 984 signiﬁcat,quaa
2715 909 2787 966 ad
2820 906 3169 966 catholicam
3203 895 3379 964 fidem
3408 908 3593 964 Deum
3636 905 3874 966 laudan-

2219 998 2294 1055 do
2325 999 2700 1080 conveniunt.

2218 1088 2254 1144 6
2363 1087 2640 1144 Mirabites
2669 1087 2932 1143 elationes
2961 1086 3136 1142 maris
3169 1103 3188 1140 :

2363 1177 2634 1232 Mirabitis
2664 1177 2724 1233 in
2753 1177 2887 1233 altis
2915 1175 3198 1232 Dominus.

2292 1265 2334 1321 C
2363 1253 2656 1322 Elationes
2686 1264 2870 1321 maris
2894 1281 2906 1320 :
2932 1263 3227 1336 sapientes
3247 1263 3492 1337 populos
3517 1263 3576 1318 in
3615 1261 3874 1320 Ecclesia

2221 1355 2509 1412 catholica
2552 1353 2847 1428 significat
2889 1371 2902 1409 :
2945 1369 3197 1426 quorum
3245 1341 3546 1410 mirabiles
3597 1349 3874 1411 elationes

2219 1447 2362 1501 tunc
2393 1444 2562 1512 fiunt,
2596 1443 2832 1517 quando
2883 1441 2943 1497 in
2989 1441 3285 1517 mandatis
3335 1429 3432 1497 Dei
3477 1429 3656 1516 ﬁrma
3687 1447 3874 1498 mente

2221 1533 2573 1590 consistunt.
2604 1515 2892 1588 Mirabilis
2921 1530 2982 1586 in
3011 1529 3150 1586 altis
3193 1515 3500 1587 Dominus.
3540 1517 3590 1587 Η
3639 1529 3873 1595 Quando

2223 1606 2437 1679 residet
2463 1622 2536 1678 ad
2576 1621 2874 1678 dexteram
2906 1619 3113 1677 Patris.

2218 1713 2254 1766 7
2369 1710 2694 1768 Testimonia
2715 1714 2812 1766 tua
2840 1707 3131 1766 credibilia
3157 1699 3302 1781 facta
3332 1715 3464 1765 sunt
3490 1697 3667 1764 nimis
3697 1726 3714 1762 :

2362 1801 2592 1858 Domum
2623 1786 2776 1856 tuam
2803 1798 2950 1856 decet
2978 1794 3312 1864 sanctitudo,
3345 1791 3594 1866 Domine,
3621 1797 3681 1852 in
3707 1791 3875 1866 longi-

2437 1888 2686 1945 tudinem
2713 1887 2955 1945 dierum.

2295 1981 2336 2064 ς
2363 1976 2722 2034 Testimonia
2737 1976 2895 2034 enim
2917 1974 3338 2065 prophetarum
3378 1969 3879 2065 nimis'c‘m‘dibilia

2227 2055 2379 2122 facta
2408 2071 2580 2123 sunt:
2607 2063 2745 2140 quia
2767 2049 3172 2122 Incar'natione
3193 2053 3423 2120 Domini
3451 2049 3713 2119 revelata
3725 2049 3874 2132 sunt,

2228 2171 2356 2228 quae
2385 2147 2446 2211 in
2479 2139 2664 2212 sacris
2690 2153 2857 2210 libris
2887 2139 3238 2215 tenebantur
3262 2143 3506 2216 occulta.
3542 2148 3769 2208 Demus
3795 2154 3878 2207 est

2227 2243 2431 2318 utique
2456 2243 2803 2300 universalis
2835 2241 3110 2310 Ecclesia,
3142 2239 3296 2298 hanc
3325 2241 3490 2298 decet
3521 2235 3874 2308 sanctitudo,

2229 2333 2287 2390 id
2319 2339 2426 2403 est,
2468 2333 2704 2406 copiosa
2731 2326 3058 2390 benedictio
3088 2319 3303 2387 Christi
3333 2330 3770 2402 adventus,quo
3789 2329 3877 2384 ad-

2228 2428 2404 2480 ventu
2428 2440 2558 2480 eam
2581 2419 2663 2480 Sic
2685 2425 2946 2490 ornat,ut
2963 2411 3269 2494 nunquam
3291 2417 3874 2493 deseratLongitudo

2229 2510 2458 2569 dierum
2483 2528 2496 2568 :
2527 2511 2910 2568 aeternitatem
2943 2502 3256 2584 significat.
3281 2504 3626 2575 Nam,sicut
3644 2507 3876 2584 quidam

2229 2599 2394 2659 dixit.
2428 2601 2754 2676 Longitudo
2775 2617 2889 2656 non
2921 2605 3030 2668 est,
3061 2595 3121 2656 in
3152 2616 3270 2672 qua
3296 2602 3388 2655 est
3433 2595 3664 2671 aliquid
3695 2599 3876 2654 extre-

2231 2708 2418 2747 mum.

2728 2771 2935 2835 onA'rIo
2973 2795 3044 2834 ex
3084 2773 3240 2833 esse.
3281 2785 3416 2832 XCII.

2307 2887 2546 2944 Domine
2567 2885 2957 2958 omnipotens,
2993 2883 3096 2958 qui
3127 2864 3370 2958 paterna
3399 2883 3757 2956 praecinctus
3775 2881 3878 2938 vir-

2229 2981 2354 3035 tute
2372 2975 2607 3044 coelum,
2642 2991 2824 3043 mare,
2858 2977 3194 3049 terramque
3224 2963 3452 3042 locasti,
3487 2973 3702 3030 exaudi
3749 2989 3880 3044 sup-

2227 3067 2409 3142 plices
2439 3069 2594 3135 tuos,
2625 3069 2685 3120 et
2708 3065 2784 3120 da
2806 3061 3211 3119 credulitatem
3241 3060 3301 3117 in
3350 3059 3714 3119 testimoniis
3748 3061 3878 3125 tuis,

2229 3156 2406 3213 indue
2434 3171 2544 3214 nos
2575 3151 2979 3212 fortitudinem
3004 3156 3063 3210 et
3091 3151 3356 3208 decorem
3375 3149 3881 3208 sanctiﬁcationis.

2227 3243 2334 3313 Qui
2365 3261 2507 3302 cum
2533 3243 2698 3301 Patre
2722 3246 2780 3299 et
2810 3239 2974 3312 Filio,
3005 3244 3114 3297 etc.

2795 3355 3122 3414 PSALMUS
3159 3355 3340 3413 XCIII.

2687 3476 3094 3521 ARGUMENTUM
3131 3479 3286 3520 PSAL.
3321 3477 3482 3519 XCIII.

2297 3583 2338 3640 Ο
2367 3581 2561 3640 Oratio
2585 3580 2867 3647 ﬁdelium,
2885 3585 2949 3637 ut
2977 3598 3010 3638 a
3032 3577 3509 3654 persecutoribus
3536 3597 3550 3637 :
3576 3579 3686 3653 qui
3704 3577 3878 3636 Deum

2226 3664 2500 3747 ignorant
2531 3689 2544 3726 :
2579 3670 2922 3728 liberentur.
3288 3680 3296 3689 '

2422 3767 2477 3826 αξ-
2500 3758 2617 3817 TT.
2640 3761 2905 3817 Psalmus
2941 3757 3117 3816 David
3145 3765 3342 3832 quarta
3380 3757 3615 3814 Sabbati
3662 3766 3713 3822 ζ.

2297 3849 2339 3908 C
2385 3847 2657 3906 Psalmus
2711 3867 2724 3905 :
2777 3853 3042 3906 sanctam
3109 3847 3404 3923 signiﬁcat
3459 3848 3880 3921 operationem,

2225 3943 2434 4016 quarta
2456 3938 2692 3996 Sabbati
2716 3957 2728 3995 :
2755 3938 2899 3994 feria
2921 3941 3131 4010 quarta
3157 3936 3332 4008 est,in
3353 3953 3470 4010 quo
3501 3934 3596 3992 die
3635 3935 3880 3993 lumina-

2227 4029 2312 4086 ria
2340 4029 2398 4085 in
2447 4031 2883 4085 firmamentum
2929 4025 3058 4084 σωιί
3104 4023 3259 4084 facta
3305 4029 3646 4082 narrantur.
3693 4024 3786 4083 Sic
3827 4025 3880 4080 in

2225 4118 2479 4176 Ecclesia
2527 4122 2668 4174 sunt
2713 4115 2941 4173 fundati
2986 4115 3178 4186 electi,
3211 4115 3282 4173 de
3313 4130 3566 4188 quorum
3596 4113 3883 4188 patientia

2222 4199 2488 4288 psalmus
2519 4207 2628 4288 iste
2657 4205 2982 4281 plurimum
3017 4207 3238 4262 narrat.

2224 4289 2252 4356 1
2363 4285 2510 4356 Deus
2537 4285 2811 4354 ultionum
2839 4296 3098 4352 Dominus
3121 4289 3142 4350 t

2365 4388 2502 4444 Deus
2532 4387 2809 4443 ultionum
2837 4383 3007 4441 libere
3035 4385 3164 4457 egit.

2292 4477 2333 4534 C
2365 4481 2517 4533 Deus
2561 4473 2724 4552 enim.
2766 4470 3028 4530 terribile
3073 4489 3288 4531 nomen
3331 4474 3424 4530 est
3455 4488 3468 4527 :
3505 4471 3790 4546 quoniam
3815 4487 3877 4525 ex

533 4565 574 4618 C
603 4551 812 4620 Parata
840 4566 931 4634 est
960 4562 1153 4634 sedes,
1183 4563 1242 4620 id
1274 4569 1382 4631 est,
1425 4582 1594 4622 mens
1640 4567 1936 4636 fidelium;
1961 4570 2114 4628 sicut
2142 4577 2189 4642 D
2220 4564 2597 4638 Graeco,quod
2621 4551 2913 4637 signiﬁcat
2936 4555 3876 4632 timorem,descendit.Ultionum

461 4645 552 4710 est
609 4649 736 4726 (hu.
778 4653 929 4720 LXVI)
961 4669 975 4706 :
1009 4652 1196 4726 Super
1256 4669 1433 4726 quem
1489 4647 1805 4728 requiescit
1860 4659 2115 4732 Spiritus

465 4757 654 4828 meus,
671 4737 782 4814 nisi
815 4757 994 4814 super
1021 4740 1308 4800 humilem
1329 4747 1387 4800 et
1415 4747 1760 4802 trementem
1790 4747 1965 4806 verba
1985 4766 2118 4807 mea

458 4835 516 4889 et
543 4829 850 4904 quietum?
877 4831 950 4887 Et
979 4833 1140 4899 tunc,
1164 4829 1223 4888 id
1255 4834 1364 4901 est,
1397 4832 1470 4888 ab
1501 4834 1906 4893 Incarnatione
1951 4837 2115 4895 Chri-

457 4921 552 4979 sti.
600 4921 662 5002 A_
694 4919 907 5002 saeculo
940 4937 955 4977 :
990 4920 1268 4978 deitatem
1321 4925 1470 4994 (qua
1529 4927 1812 5002 coaeterna
1860 4917 2116 5002 regnans

457 5027 594 5068 cum
624 4998 814 5080 Patre,
841 4999 1031 5066 nescit
1081 5003 1210 5068 esse
1259 5011 1370 5067 sub
1430 5001 1713 5086 tempore)
1741 4998 1996 5074 ostendit
2053 5017 2116 5074 in

457 5097 712 5159 Christo.

459 5188 492 5243 4
599 5184 960 5242 Elevaverunt
982 5185 1238 5256 ﬂumina,
1270 5187 1516 5247 Domine.

599 5273 962 5332 Elevaverunt
988 5274 1233 5349 ﬂumina
1266 5295 1442 5335 vocem
1469 5297 1650 5339 suam.

423 5419 432 5434 ,
531 5365 574 5422 C
603 5362 875 5420 Flumina
906 5361 1137 5419 Domini
1179 5371 1340 5436 sunt,
1371 5367 1641 5427 videlicet
1688 5370 1960 5444 apostoli,
2011 5373 2112 5444 qui

462 5453 535 5533 de
582 5451 802 5526 Spiritu
851 5456 1054 5508 sancto
1086 5453 1266 5526 potati
1315 5461 1474 5525 sunt,
1507 5475 1639 5531 quae
1689 5459 1896 5517 merito
1945 5478 2113 5519 voces

463 5541 722 5628 elovasse
753 5539 910 5596 dicta
938 5545 1097 5609 sunt,
1126 5543 1408 5616 quoniam
1457 5547 1678 5604 auctori
1729 5566 1868 5608 suas
1909 5548 2114 5609 laudes

465 5629 804 5690 salutariter
832 5628 1186 5690 obtulerunt.

2224 4655 2510 4712 Dominus
2539 4657 2647 4722 est,
2663 4652 2762 4726 qui
2777 4649 3155 4724 judicaturus
3176 4651 3287 4708 erit
3310 4649 3692 4718 mun'dum,et
3712 4647 3874 4706 ultio-

2223 4744 2399 4801 nibus
2419 4743 2604 4816 justis
2634 4740 2854 4815 afﬂiget
2883 4739 3233 4796 obstinatos.
3264 4737 3467 4796 Libero
3496 4733 3639 4812 egit,
3671 4738 3733 4794 id
3774 4740 3876 4802 est,

2225 4832 2384 4891 nullo
2413 4821 2768 4908 impediente
2793 4831 2984 4908 totum
3015 4817 3308 4886 mundum
3331 4822 3647 4902 judicabit.

2220 4928 2258 4980 2
2363 4915 2642 4988 Exaltare,
2675 4921 2773 4992 qui
2787 4915 3008 4992 judicas
3035 4912 3241 4976 terram
3282 4914 3296 4984 ξ
3340 4937 3362 4975 .-

2365 5011 2540 5080 Redde
2563 5006 2980 5068 retributionem
3006 5005 3279 5082 superbis.

2291 5101 2334 5158 C
2361 5101 2522 5158 Tunc
2569 5097 2856 5156 exaltatus
2904 5091 2995 5154 est
3031 5114 3228 5154 coram
3254 5087 3563 5170 discipulis
3596 5111 3610 5150 :
3643 5092 3877 5168 quando

2221 5207 2358 5248 eum
2387 5190 2448 5246 in
2479 5189 2782 5262 majestate
2812 5203 2920 5244 sua
2951 5185 3022 5244 ad
3055 5183 3304 5260 gloriam
3349 5175 3578 5242 constat
3627 5185 3880 5240 resurre-

2219 5279 2375 5337 xisse
2405 5273 3080 5352 perpetuam.Judicahit
3110 5279 3365 5332 terram:
3389 5271 3629 5346 quando
3669 5271 3879 5344 majes-

2221 5369 2360 5426 tatis
2391 5385 2508 5424 suae
2538 5365 2755 5422 ditione
2784 5363 3078 5438 judicabit
3124 5365 3388 5422 terrenos
3434 5361 3734 5418 homines.
3768 5365 3878 5414 Su-

2221 5457 2383 5532 perbi
2406 5460 2604 5514 autem
2627 5455 2706 5510 illi
2755 5455 2912 5522 sunt,
2939 5453 3037 5527 qui
3072 5452 3132 5510 in
3163 5469 3273 5509 sua
3323 5450 3692 5525 malignitate
3739 5447 3877 5504 deii-

2221 5547 2402 5626 ciunt.
2429 5545 2552 5602 Illis
2583 5561 2718 5618 ergo
2751 5541 3054 5602 retributio
3085 5540 3370 5615 redditur,
3388 5559 3522 5598 cum
3546 5538 3875 5596 audierint:

2223 5633 2308 5694 Ite
2339 5635 2398 5692 in
2430 5635 2646 5710 ignem.
