4112 6176
269 247 399 308 345

263 379 304 435 3
390 377 678 451 Usquequo
701 382 1028 448 peccatores,
1061 375 1276 433 Domine
1308 393 1323 431 :

463 469 751 540 Usquequo
778 470 1084 537 peccatores
1111 457 1522 537 gloriabuntur?

343 558 404 614 Η·
429 574 551 612 non
584 555 813 612 sufﬁcit
841 553 928 610 eis
975 561 1300 626 peccatores
1342 565 1490 616 esse,
1519 547 1631 602 sed
1694 551 1880 608 etiam
1913 552 1977 610 in

263 647 540 721 peccatis
597 643 953 717 gloriantur.
989 644 1180 702 Prima
1220 643 1426 716 quippe
1473 635 1808 698 infelicitas
1861 647 1978 712 est,

265 752 525 809 peccare
561 753 574 790 :
611 734 902 801 secunda,
945 731 1009 788 in
1057 733 1170 789 ﬁne
1215 733 1340 788 vitae
1387 725 1805 803 penitentiam
1861 749 1981 788 non

265 835 474 900 agere,
511 823 672 896 quod
708 821 1125 895 gloriabundis
1154 822 1214 878 in
1242 821 1462 877 malitia
1506 818 1744 874 evenire
1803 821 1981 878 solet.

265 915 310 969 Ο
343 915 459 980 Qui
496 914 556 970 in
591 913 691 968 die
711 909 956 984 judicii,
991 911 1039 966 si
1074 910 1168 967 hic
1199 928 1313 968 non
1355 908 1690 976 emendant,
1724 908 1985 980 gloriari

265 1021 392 1060 non
455 1005 741 1076 possunt.
807 999 964 1056 Dicit
1024 1016 1182 1072 ergo,
1237 1014 1539 1072 quousque
1595 997 1989 1071 gloriantur?

265 1091 450 1167 quasi
511 1091 741 1148 diceret
787 1105 986 1160 usque
1040 1088 1111 1143 ad
1162 1089 1338 1144 ﬁnem
1387 1087 1536 1156 vitm,
1570 1086 1734 1160 quia,
1778 1093 1990 1162 postea

263 1181 548 1239 cessabit
579 1178 861 1254 gloriatio
889 1181 945 1232 et
975 1173 1219 1233 malitia.

264 1273 299 1327 4
382 1271 736 1342 Eﬁabuntiir
757 1273 814 1323 et
839 1268 1136 1339 loquentur
1164 1268 1510 1340 iniquitatem
1542 1285 1562 1321 :

376 1364 712 1432 Loquentur
739 1373 930 1413 omnes
959 1356 1058 1429 qui
1081 1364 1377 1429 operantur
1406 1356 1776 1426 injustitiam.

339 1450 382 1504 ϐ
415 1448 525 1522 qui
560 1450 709 1504 sunt
757 1445 860 1518 qui
908 1443 1236 1518 loquuntur
1282 1443 1684 1517 iniquitatem,
1728 1445 1846 1502 nisi
1898 1433 1983 1522 illi

267 1537 382 1610 qui
415 1517 678 1592 dicunt:
705 1517 855 1602 Quid
885 1517 1057 1591 nobis
1080 1533 1337 1606 proderit
1358 1534 1407 1588 si
1422 1533 1583 1604 juste
1608 1517 1990 1591 vixerimus?

267 1631 375 1683 aut
408 1627 564 1699 quid
601 1623 725 1680 illis
757 1621 1107 1697 profuit,qui
1133 1624 1192 1678 in
1215 1623 1326 1678 hac
1347 1621 1465 1678 vita
1487 1624 1826 1680 conversati
1851 1633 1992 1686 sunt

263 1717 659 1782 innocenter,
691 1713 795 1786 qui
827 1717 895 1767 ut
925 1711 1116 1768 ceteri
1150 1711 1368 1768 mortui
1399 1709 1575 1766 sunt?

257 1807 298 1862 5
374 1804 666 1876 Paputum
697 1810 878 1868 tuum,
912 1803 1162 1870 Domine,
1198 1801 1631 1857 humiliaverunt
1663 1819 1682 1854 :

374 1895 446 1948 Et
475 1890 872 1949 haereditatem
904 1894 1057 1945 tuam
1085 1896 1450 1948 vexaverant.

334 1983 379 2037 C
413 1981 528 2037 Per
578 1979 893 2053 populum,
951 1979 1100 2036 viros
1152 1977 1304 2036 dicit
1351 1976 1572 2044 ﬁdeles,
1625 1995 1780 2050 quos
1832 1982 1977 2040 dicit

261 2071 625 2128 humiliatos
661 2086 675 2124 :
710 2067 994 2140 quoniam
1024 2073 1146 2126 Deo
1195 2066 1589 2125 contumelias
1615 2068 1741 2123 ﬁeri
1773 2073 1973 2128 audie-

264 2162 438 2227 bant,
475 2175 718 2216 necesse
749 2161 840 2214 est
879 2156 1032 2212 enim
1083 2160 1381 2215 devotum
1432 2154 1723 2212 famulum
1775 2158 1972 2218 dolore

269 2249 556 2316 cruciari,
581 2248 822 2320 quando
853 2244 1066 2317 aliquid
1105 2244 1722 2304 irreverentissimum
1752 2247 1820 2303 de
1854 2249 1970 2306 Deo

271 2339 555 2397 audierit.
593 2333 989 2396 llaareditatem
1038 2337 1211 2394 dicit
1258 2333 1510 2408 populos
1558 2327 1965 2393 Christianos:

273 2423 428 2504 quos
460 2426 792 2485 innumeris
824 2425 1090 2483 cladibus
1119 2444 1162 2482 a
1187 2423 1463 2498 superbis
1493 2425 1966 2495 persecutoribus

274 2521 516 2577 constat
547 2533 679 2574 esse
707 2519 960 2572 vexatos.

273 2611 310 2664 6
395 2608 632 2666 Viduam
660 2615 710 2664 et
732 2605 993 2663 advenam
1023 2605 1437 2675 interfecerunt
1467 2620 1484 2655 :

391 2700 454 2753 Et
477 2695 728 2770 pupillos
759 2697 1088 2753 occiderunt.

347 2789 403 2844 Η
436 2786 630 2842 Vidua
664 2803 677 2842 :
709 2787 1033 2842 secundum
1065 2780 1467 2854 tropologiam
1500 2782 1588 2836 cst
1612 2780 1809 2838 anima
1831 2799 1959 2855 pec-

273 2877 500 2944 catrix,
537 2892 666 2947 qua:
697 2876 885 2931 Deum
931 2890 1132 2931 verum
1185 2869 1404 2926 amisit.
1460 2869 1667 2941 Pupilli
1715 2888 1846 2927 vero
1877 2872 1961 2928 illi

271 2971 452 3032 sunt,
485 2964 587 3037 qui
622 2963 854 3020 Patrem
887 2965 1069 3020 Deum
1105 2977 1224 3016 non
1253 2960 1471 3015 habent
1511 2976 1656 3031 quos
1706 2955 1959 3017 haeretici

274 3054 654 3112 interﬁciunt
687 3070 699 3109 :
737 3055 893 3110 sicut
923 3057 980 3108 et
1009 3048 1171 3124 pravi
1206 3048 1436 3116 divites,
1470 3052 1672 3105 cetera
1702 3048 1958 3108 humiles

279 3145 563 3217 affigunt.

274 3237 313 3286 7
396 3235 462 3288 Et
493 3233 757 3289 dixerunt
787 3251 806 3288 :
834 3233 956 3288 Non
989 3228 1193 3285 videbit
1222 3227 1484 3284 Dominus
1513 3245 1531 3281 :

391 3322 503 3378 Nec
526 3323 799 3392 intelliget
819 3323 962 3377 Deus
985 3319 1171 3375 Iacob.

358 3413 397 3468 C
425 3412 745 3468 mstimant
776 3409 936 3465 enim
988 3408 1312 3473 dementes,
1351 3409 1531 3461 Deum
1584 3424 1699 3464 non
1749 3408 1965 3465 vidisse

279 3500 446 3557 mala
478 3491 714 3556 illorum
741 3515 878 3554 cum
913 3498 1178 3570 peccant,
1205 3491 1440 3567 quando
1468 3512 1528 3551 se
1560 3493 1672 3553 non
1700 3497 1964 3553 sentiunt

273 3591 395 3646 sub
445 3589 739 3646 celeritate
789 3583 1072 3660 percelli:
1108 3584 1250 3639 dum
1301 3582 1398 3639 ille
1447 3584 1581 3656 pius
1628 3587 1962 3643 moderator

272 3679 574 3736 exclamat
607 3697 618 3734 ε
649 3677 792 3735 Nolo
838 3678 1091 3732 mortem
1140 3672 1464 3745 peccatoris
1489 3673 1698 3745 (Ezech.
1732 3673 1958 3748 XXXIII)-

279 3761 439 3826 Deus
472 3761 651 3825 Jacob
686 3784 699 3822 :
733 3765 956 3822 dicitur
985 3767 1138 3819 Deus
1164 3761 1480 3818 Christiani
1510 3765 1731 3837 populi.

276 3863 316 3915 8
393 3859 714 3930 lntelligite,
749 3849 1074 3927 insipientes
1111 3855 1169 3908 in
1199 3853 1400 3924 populo
1431 3871 1450 3908 .-

395 3950 465 4004 Et
492 3948 670 4013 stulti,
703 3943 1006 4017 aliquando
1037 3943 1228 4014 sapite.

355 4041 398 4094 C
434 4037 786 4110 lnsipientes
811 4033 946 4089 illos
973 4027 1248 4104 appellat,
1280 4029 1378 4102 qui
1412 4030 1470 4086 in
1523 4029 1774 4090 Ecclesia
1816 4051 1953 4090 con-

287 4125 512 4194 stituti,
544 4123 820 4182 felicitate
851 4121 1033 4193 hujus
1064 4118 1261 4176 saeculi
1311 4119 1585 4192 gaudent.
1623 4121 1798 4178 Stolti
1848 4140 1953 4178 au-

284 4223 406 4272 tem
467 4214 610 4270 dicit
665 4212 872 4286 sapite,
902 4211 958 4265 id
1011 4201 1118 4277 est,
1151 4226 1254 4265 vos
1303 4207 1404 4282 qui
1451 4226 1594 4266 verae
1655 4210 1951 4285 religionis

285 4308 576 4378 expertes,
608 4299 1034 4374 blasphematis
1076 4303 1292 4371 aperte,
1327 4298 1586 4356 dicentes
1630 4304 1812 4356 Deum
1847 4317 1950 4357 nec

286 4395 484 4451 videre
517 4409 620 4449 nec
651 4389 976 4462 intelligere
999 4381 1314 4444 hominum
1343 4383 1493 4445 taeta
1517 4405 1529 4443 :
1553 4387 1947 4462 vos,inquam,

289 4481 458 4540 stulti
492 4485 549 4538 et
574 4480 896 4546 dementes,
930 4476 1208 4533 advertite
1239 4477 1513 4549 pietatem
1545 4475 1662 4534 Dei.

285 4575 322 4628 9
397 4563 507 4640 Qui
531 4560 805 4643 plantavit
833 4583 1026 4623 aurem
1055 4573 1167 4624 non
1195 4566 1381 4622 audiet
1413 4583 1425 4621 :

396 4663 504 4717 Aut
532 4663 629 4732 qui
654 4660 821 4732 ﬁnxit
850 4657 1069 4713 oculum
1099 4672 1208 4711 non
1231 4653 1538 4713 considerat
1555 4649 1584 4711 7

358 4749 405 4805 C
435 4749 535 4806 Isti
563 4765 766 4805 versus
794 4743 1146 4818 increpative
1177 4743 1408 4818 legendi
1436 4742 1593 4801 sunt.
1619 4745 1946 4804 Ostendunt

286 4839 453 4895 enim
484 4837 545 4893 in
565 4837 680 4893 Deo
715 4853 843 4892 esse
874 4837 1118 4891 virtutes
1149 4833 1427 4890 audiendi
1456 4831 1842 4908 videndique;
1876 4854 1943 4895 ac

282 4928 335 4985 si
371 4926 528 4982 dicat
557 4943 571 4982 :
607 4926 712 4992 Qui
744 4921 849 4981 tibi
884 4923 1167 4997 plantavit
1195 4939 1396 4978 aurem
1429 4940 1543 4979 non
1576 4921 1813 4981 audiet?
1843 4943 1944 4983 au-

1533 235 1984 305 EXPOSITIO
2033 241 2558 307 PSALMORUM.

2008 385 2067 454 Α
2097 394 2206 452 per
2227 376 2423 452 legem
2457 394 2624 435 suam
2657 380 2716 434 et
2745 355 3083 452 prophetas,
3118 392 3235 433 non
3286 375 3534 451 arguet?
3563 381 3765 452 arguet

3645 233 3765 310 346

2093 468 2325 549 utique.
2359 467 2467 534 Qui
2527 469 2693 524 docet
2740 465 3038 523 hominem
3091 466 3425 535 scientiam,
3477 466 3600 541 ipSe
3648 485 3764 525 non

2093 556 2320 613 habet?
2354 556 2531 613 habet
2555 556 2827 614 videlicet
2859 572 2873 612 :
2911 555 3051 628 quia
3081 555 3382 629 plenitudo
3417 556 3674 614 scientiae
3705 557 3766 614 in

2093 643 2216 701 Deo
2247 649 2360 701 est.

2096 751 2156 808 Η
2206 755 2469 809 Domi-nus
2497 757 2600 810 scit
2629 755 2982 826 cogitationes
3015 753 3296 809 hominum
3332 773 3350 808 .-

2209 845 2493 912 Quoniam
2522 860 2683 901 vana?
2710 853 2856 899 sunt.

2170 932 2211 984 C
2243 929 2634 1004 Cogitationes
2659 932 2816 987 enim
2851 930 3056 986 talium
3081 930 3387 986 hominum
3412 929 3652 984 omnino
3672 945 3763 982 va-

2097 1017 2366 1076 nissimas
2393 1025 2566 1076 sunt:
2592 1038 2740 1094 quas
2771 1020 3054 1076 Dominus
3086 1019 3411 1092 novit,quia
3439 1017 3548 1090 ipsi
3573 1033 3675 1090 per
3699 1033 3761 1072 se

2098 1125 2279 1164 nosse
2311 1127 2425 1165 non
2460 1110 2842 1183 possunt,qui
2876 1108 3070 1183 pravis
3100 1108 3555 1182 cogitationibus
3585 1123 3758 1162 occu-

2095 1201 2336 1268 pantur.
2370 1202 2600 1256 Vanum
2631 1199 2788 1255 enim
2827 1199 3100 1263 dicimus,
3134 1197 3418 1270 quidquid
3452 1213 3485 1251 a
3513 1196 3758 1252 veritate

2096 1285 2367 1344 discedit.
2403 1289 2694 1362 quidquid
2727 1287 2928 1344 utilem
2961 1305 3076 1344 non
3108 1287 3283 1344 habet
3314 1286 3591 1341 fructum.

2098 1394 2170 1448 12
2205 1400 2404 1452 Beatus
2435 1398 2591 1452 homo
2615 1413 2774 1469 quem
2805 1401 2865 1452 tu
2888 1395 3179 1464 erudieris,
3213 1395 3436 1450 Domine
3468 1409 3480 1448 :

2208 1485 2275 1540 Et
2301 1485 2365 1540 de
2395 1487 2506 1558 lege
2536 1495 2632 1542 tua
2659 1487 2906 1543 docueris
2935 1499 3079 1542 eum.

2175 1573 2216 1629 Ο
2247 1578 2458 1630 Contra
2486 1591 2686 1645 vanos,
2719 1577 2866 1632 bene
2898 1575 3137 1648 ponitur
3167 1575 3394 1630 beatus.
3429 1571 3576 1640 Quia
3603 1571 3757 1627 sicut

2102 1661 2188 1718 illi
2221 1664 2457 1720 caducis
2487 1665 2936 1738 cogitationibus
2971 1663 3311 1731 eluduntur,
3338 1663 3420 1718 ita
3440 1661 3589 1734 justi
3619 1662 3754 1717 doc-

2015 1745 2062 1822 Β
2098 1752 2266 1808 trinae
2296 1753 2549 1810 cmlestis
2595 1755 2836 1812 veritate
2879 1755 3209 1820 ﬁrmantur,
3244 1754 3510 1825 ﬁuntque
3559 1766 3757 1807 revera

2090 1842 2559 1916 beati,quoniam
2593 1861 2839 1901 munera
2869 1843 3119 1901 scelestis
3150 1841 3450 1916 sapientiae
3481 1857 3751 1914 percepe-

2090 1932 2306 1988 runt.H
2341 1933 2504 1988 Unde
2535 1938 2687 1989 certe
2718 1933 2874 2001 felix,
2906 1932 3046 2004 quia
3077 1937 3190 1989 Deo
3233 1930 3516 2003 magistro
3546 1928 3749 1985 utitur.

2086 2026 2167 2076 De
2207 2021 2365 2094 lege,
2394 2021 2450 2078 id
2497 2027 2607 2089 est,
2639 2023 2954 2096 Scripturis
3003 2021 3242 2077 sanctis.
3277 2019 3472 2076 Lectio
3517 2034 3749 2090 quoque

2085 2109 2248 2168 illius
2280 2110 2594 2184 Scripturis
2627 2118 2844 2168 sanctis
2874 2111 3105 2186 mitigat
3125 2109 3534 2166 tribulationes
3556 2125 3570 2177 ;
3595 2108 3748 2164 unde

2084 2200 2362 2272 sequitur
2392 2219 2404 2258 :
2441 2201 2514 2259 Ut
2541 2202 2802 2275 mitiges,
2832 2206 2941 2258 etc.

2081 2305 2150 2362 13
2194 2309 2258 2364 Ut
2287 2311 2502 2380 mitiges
2525 2315 2580 2377 σξη
2623 2311 2678 2366 ei
2723 2316 2735 2376 ζ
2806 2327 2840 2365 a
2869 2309 3059 2365 diebus
3089 2309 3255 2364 malis
3289 2326 3302 2364 :

2187 2401 2364 2454 Donec
2390 2399 2640 2470 fodiatur
2666 2401 2942 2472 peccatori
2963 2401 3138 2471 fovea.

2151 2506 2190 2557 C
2220 2505 2463 2562 Constat
2492 2522 2620 2562 esse
2654 2506 3006 2563 beneﬁcium
3042 2511 3257 2562 sanctm
3290 2504 3457 2578 legis,
3483 2505 3624 2560 utin
3651 2502 3749 2559 ad-

2073 2591 2263 2648 versis
2290 2593 2462 2650 istius
2497 2595 2704 2650 mundi
2754 2595 3121 2652 Christianus
3170 2595 3325 2652 dicat
3374 2593 3740 2668 patientiam,

2076 2687 2195 2752 Qua
2224 2684 2425 2738 omnia
2455 2683 2504 2740 ei
2537 2683 2884 2755 mitigantur
2927 2686 3189 2742 adversa.
3229 2683 3356 2740 Dies
3403 2682 3542 2739 mali
3593 2699 3739 2755 prse-

2074 2783 2214 2824 sens
2246 2772 2506 2828 mundus
2536 2775 2644 2838 est,
2667 2773 2727 2828 in
2750 2790 2864 2846 quo
2884 2775 3086 2845 justus
3118 2775 3415 2846 exspectat
3434 2771 3738 2828 tolerando

2073 2873 2178 2928 per
2203 2859 2547 2932 patientiam
2579 2862 2839 2922 adversa,
2872 2863 3053 2917 donec
3093 2862 3368 2918 omnibus
3415 2858 3737 2934 peccatori-

2072 2945 2186 3002 bus
2219 2947 2382 3003 fovea
2410 2949 2806 3005 damnationis
2837 2956 3194 3022 praeparetur
3218 2954 3452 3004 aeterna.

2073 3054 2140 3109 14
2179 3056 2323 3124 Quia
2355 3072 2460 3111 non
2496 3057 2720 3127 repellet
2745 3056 3007 3112 Dominus
3032 3059 3245 3129 plebem
3273 3059 3432 3110 suam
3458 3073 3476 3110 :

2179 3146 2248 3200 Et
2273 3143 2648 3202 hwreditatem
2681 3162 2840 3202 suam
2868 3148 2980 3203 non
3008 3146 3368 3217 derelinquet.

2149 3249 2192 3306 C
2225 3251 2458 3308 Plebem
2509 3269 2702 3322 suam,
2731 3237 2876 3308 dicit
2925 3253 3299 3310 ﬁdelissimos
3346 3249 3733 3314 Christianos,

2075 3340 2177 3411 qui
2212 3341 2282 3396 ad
2317 3342 2632 3398 Dominum
2667 3347 2784 3398 tota
2813 3343 3031 3400 mentis
3062 3341 3385 3398 intentione
3431 3339 3732 3396 festinant.

2073 3428 2396 3488 Hazreditas
2427 3436 2517 3488 est
2545 3431 2960 3506 humanaque:
2983 3433 3056 3488 ad
3087 3446 3488 3489 successorem
3522 3427 3735 3506 prioris

2071 3516 2303 3575 Domini
2339 3525 2526 3577 morte
2555 3503 3038 3590 transfertur,sed
3071 3520 3206 3576 licet
3229 3517 3541 3574 haereditas
3572 3503 3734 3572 Chri-

2071 3605 2147 3661 sti
2175 3609 2252 3664 sit
2280 3627 2386 3667 suo
2419 3616 2620 3666 sancto
2652 3611 2940 3685 sanguine
2989 3610 3300 3684 acquisita,
3334 3611 3532 3664 tamen
3580 3605 3732 3660 nun-

2069 3711 2250 3767 quam
2279 3700 2470 3771 perdit
2501 3717 2678 3756 suum
2710 3705 3032 3767 auctorem,
3057 3700 3159 3756 sed
3178 3716 3312 3755 cum
3329 3697 3457 3769 ipso
3475 3691 3732 3767 posside-

2065 3786 2166 3842 tur
2193 3804 2442 3862 semper.

2067 3891 2138 3948 45
2177 3894 2538 3967 Quoadusque
2556 3895 2778 3966 justitia
2806 3903 3149 3952 convertatur
3179 3895 3236 3949 in
3256 3893 3539 3964 judicium
3567 3908 3585 3945 :

2172 3985 2237 4038 Et
2265 3986 2363 4054 qui
2381 3985 2548 4055 juxta
2579 3985 2778 4040 illam?
2806 4000 2992 4042 omnes
3022 3984 3121 4056 qui
3150 3985 3295 4038 recto
3323 3988 3448 4035 sunt
3474 3979 3632 4034 corde
3657 3985 3712 4044 {—

2242 4073 2563 4143 Diapsalma
2607 4079 2620 4137 ζ
2668 4113 2681 4126 .

2132 4176 2174 4231 C
2193 4178 2355 4233 Tunc
2373 4177 2992 4250 converteturjustitia
3008 4176 3315 4232 hominum
3335 4175 3393 4229 in
3404 4171 3722 4244 judicium,

2061 4266 2296 4337 quando
2327 4266 2669 4323 sedentibus
2697 4264 2982 4339 apostolis
3017 4280 3192 4338 super
3215 4261 3524 4319 duodecim
3548 4261 3723 4334 sedes

2059 4355 2357 4411 dabuntur
2376 4355 2558 4427 justis
2589 4357 2830 4426 praemia
2860 4359 3098 4425 interna,
3131 4350 3723 4426 etjustijudicabun’t

2059 4443 2368 4516 impios.Et
2397 4445 2495 4517 qui
2522 4445 2692 4517 juxta
2722 4445 2883 4502 illam
2914 4443 3353 4518 (interrogando
3405 4441 3565 4516 dicit)
3599 4441 3715 4497 sci-

2054 4533 2191 4589 licet
2212 4533 2551 4606 justitiam?
2583 4534 2938 4608 Respondet,
2971 4551 3176 4591 omnes
3209 4538 3364 4591 recto
3396 4533 3590 4590 corde.

2056 4641 2124 4696 16
2165 4641 2294 4712 Quis
2319 4649 2608 4698 consumet
2637 4642 2778 4698 mihi
2807 4642 3065 4699 adversus
3092 4642 3503 4714 malignantes?

2155 4739 2210 4799 ἐ·
2258 4735 2365 4789 Aut
2405 4739 2419 4798 ζ
2490 4734 2609 4804 quis
2656 4733 2819 4788 stabit
2867 4735 3080 4787 mecum
3124 4731 3381 4787 adversus
3428 4735 3713 4801 operari-tes

2230 4823 2576 4895 iniquitatem
2591 4819 2620 4874 ?

2123 4928 2162 4983 Ο
2192 4929 2466 4984 Testatur
2495 4925 2653 4983 enim
2683 4927 2949 4984 Christus
2981 4923 3094 4982 sibi
3139 4924 3331 4981 solum
3363 4927 3545 4980 Deum
3577 4937 3708 4981 esse

284 5017 408 5073 diet
435 5032 587 5071 vere.
619 5015 690 5071 Et
721 5009 821 5087 qui
866 5007 1032 5070 ﬁnxit
1078 5011 1312 5068 oculum
1360 5012 1433 5068 ad
1479 5009 1793 5071 videndum
1825 5033 1941 5073 non
2050 5017 2375 5089 adjutorem
2407 5021 2612 5071 contra
2641 5015 2930 5088 malignos
2980 5014 3245 5086 spiritus.
3278 5014 3347 5070 Et
3376 5013 3703 5086 interroga-

280 5101 484 5162 videt‘?
514 5095 555 5161 Η
589 5100 752 5161 Certe
775 5107 934 5160 totus
964 5097 1162 5159 oculos
1199 5104 1309 5167 est,
1342 5103 1440 5174 qui
1485 5105 1683 5159 omnia
1729 5101 1883 5161 videt
1915 5123 1928 5163 :
2040 5107 2155 5162 tive
2184 5105 2496 5178 legendum
2548 5109 2637 5161 est
2668 5123 2682 5161 :
2715 5104 2851 5177 quis
2899 5103 3254 5177 consurget?
3284 5103 3342 5160 id
3392 5107 3482 5160 est
3531 5115 3703 5160 nemo

283 5199 443 5252 totus
475 5211 686 5250 manus
711 5197 818 5263 est,
849 5191 986 5265 quia
1017 5186 1212 5248 omnia
1249 5195 1522 5262 operatur
1555 5210 1567 5248 :
1603 5196 1660 5248 et
1689 5189 1930 5265 qidquid
2043 5211 2146 5266 pro
2177 5212 2270 5250 me
2301 5194 2580 5250 adversus
2611 5194 2905 5250 dmmones
2932 5197 3262 5249 certaturus
3294 5193 3704 5261 assistet,dum

285 5279 550 5340 membra
582 5287 781 5339 nostra
809 5279 1020 5350 valent,
1049 5277 1172 5354 ipse
1198 5283 1489 5352 operatur.

290 5376 354 5430 10
392 5375 500 5442 Qui
523 5373 752 5444 corripit
782 5379 959 5441 gentes
987 5388 1091 5426 non
1125 5377 1325 5444 arguet
1352 5389 1372 5424 :

389 5464 505 5537 Qui
532 5461 683 5517 docet
711 5461 983 5518 hominem
1011 5459 1338 5516 scientiam?

353 5551 393 5609 C
425 5551 532 5619 Qui
564 5549 802 5623 corripit
845 5553 1064 5624 gentes,
1099 5545 1154 5608 id
1201 5547 1307 5620 est,
1342 5551 1442 5623 qui
1491 5547 1684 5608 erudit
1727 5550 1928 5625 gentes

2041 5282 2234 5356 potius
2263 5281 2530 5340 homines
2555 5301 2654 5340 eos
2681 5283 2853 5339 malis
2876 5283 3310 5340 imitationlbus
3337 5285 3703 5356 subsequan-

2041 5379 2157 5429 tur.
2193 5375 2305 5428 Aut
2335 5372 2469 5444 quis
2499 5371 2806 5428 stabit?id
2856 5378 2945 5430 est
2993 5369 3192 5429 nullus
3239 5374 3416 5430 stabit
3465 5376 3520 5430 in
3574 5376 3696 5434 acie

2042 5467 2392 5528 certaturus,
2426 5461 2592 5534 quasi
2633 5461 2878 5519 diversis
2918 5462 3134 5535 jaculis
3183 5463 3597 5534 vnlncrandus,
3633 5468 3696 5524 ut

2045 5571 2162 5611 non
2196 5551 2558 5611 defendendo
2592 5553 2690 5610 sed
2723 5553 2997 5626 patiendo
3029 5555 3160 5611 stet.
