4112 6176
429 217 546 279 347

435 353 501 410 17
574 353 698 411 Nisi
727 352 859 427 quia
887 351 1146 410 Dominus
1175 349 1387 424 adjuvit
1416 366 1501 405 me
1533 367 1551 404 :

575 445 937 501 Paulominus
965 441 1233 498 habitavit
1265 441 1319 495 in
1349 441 1564 511 inferno
1595 441 1785 503 anima
1811 455 1954 495 mea.

504 535 544 591 C
573 532 727 592 Dicit
758 533 915 589 enim
950 548 963 587 :
997 531 1111 587 nisi
1144 530 1283 602 quia
1310 529 1612 596 Dominus,
1645 546 1752 584 vox
1784 527 1997 584 Christi
2029 527 2089 584 in

433 641 685 698 persona
717 624 1138 688 membrorum,
1176 636 1240 675 ac
1272 619 1322 676 si
1351 619 1508 675 dicat
1540 636 1552 674 :
1581 620 1639 674 In
1673 618 1836 674 illam
1868 619 2089 675 foveam

432 713 703 787 protinus
734 711 1098 783 incidissem,
1130 709 1190 764 in
1222 726 1339 782 qua
1368 712 1701 782 peccatores
1744 712 1970 763 certum
2003 711 2092 764 est

434 819 606 876 posse
637 797 1316 872 demergi.Paulominus
1347 797 1728 866 habitaverat,
1761 797 1818 852 id
1851 801 1960 864 est,
1991 814 2088 852 va-

434 891 526 947 nis
576 890 1064 962 persuasionibus
1117 888 1406 960 potuisset
1455 886 1641 961 decipi
1691 886 1890 944 anima
1938 903 2087 954 mea,

434 978 548 1034 nisi
579 979 890 1034 meruisset
919 995 953 1033 a
984 977 1228 1033 Domino
1254 975 1511 1032 liberari.

436 1069 502 1124 18
576 1068 638 1124 Si
664 1069 911 1124 dicebam
936 1086 953 1122 :
986 1071 1164 1124 Motus
1193 1075 1270 1122 est
1295 1082 1388 1137 pes
1418 1081 1569 1121 meus
1602 1084 1621 1119 .-

576 1157 946 1214 lllisericordia
975 1161 1089 1222 tua,
1129 1157 1377 1223 Domine,
1408 1154 1702 1225 adj-uvabat
1727 1170 1831 1209 me.

427 1234 433 1239 ’
505 1248 546 1302 C
577 1248 678 1303 Hic
708 1245 1058 1304 beneﬁcium
1099 1244 1414 1301 celerrimae
1463 1243 1849 1299 confessionis
1896 1245 2088 1298 osten-

434 1336 685 1400 ditur,ut
715 1353 847 1391 eum
881 1352 941 1388 se
975 1335 1151 1390 homo
1181 1333 1414 1406 lapsum
1446 1333 1503 1387 in
1553 1331 1804 1404 peccatis
1853 1333 2090 1388 conﬁte-

433 1425 758 1494 tur,statim
785 1426 1030 1479 munera
1050 1422 1246 1478 divina
1265 1420 1599 1476 dimittendi
1620 1425 1856 1493 peccata
1886 1421 2090 1476 subse-

437 1512 786 1586 quuntur.Si
817 1513 1000 1585 igitur
1027 1511 1292 1567 dicebam
1319 1527 1332 1565 :
1356 1510 1550 1566 Motus
1581 1513 1671 1565 est
1701 1526 1804 1582 pes
1835 1509 2087 1577 meus,id

434 1606 526 1659 est
557 1601 808 1675 peccavi,
842 1616 1020 1673 quam
1053 1600 1253 1657 statim
1284 1599 1401 1654 dixi
1448 1616 1583 1655 vero
1630 1599 1822 1664 corde,
1856 1598 2089 1654 miseri-

435 1690 635 1748 cordia
661 1694 764 1748 tua
792 1691 1104 1762 adiuvabat
1134 1705 1245 1744 me.
1281 1690 1533 1744 Tantum
1575 1686 1724 1743 valet
1773 1685 2090 1742 accelerate

435 1780 743 1848 confessio,
778 1783 844 1835 ut
872 1783 1008 1836 ante
1037 1777 1370 1835 remittatur
1416 1780 1722 1850 peccatum
1771 1793 1950 1849 quam
1982 1793 2088 1848 pu-

433 1870 648 1926 niatur.

431 1957 503 2014 49
573 1958 881 2016 Secundum
908 1958 1318 2015 multitudinem
1344 1957 1593 2014 dolorum
1617 1971 1862 2012 meorum
1891 1957 1951 2011 in
1969 1971 2089 2012 cor-

645 2047 905 2106 demeo:

575 2138 977 2195 Consolationes
998 2145 1103 2193 tua?
1148 2138 1565 2209 leetiﬁeaverunt
1611 2138 1859 2192 animam
1906 2152 2087 2193 meam

504 2227 550 2284 Η
583 2228 918 2284 Secundum
951 2226 1415 2292 multitudinem,
1446 2226 1502 2282 id
1526 2230 1634 2294 est,
1663 2229 1950 2299 quantum
1973 2227 2086 2283 fuit

431 2317 662 2392 pondus
691 2316 1274 2389 poenitentiae,tantus
1307 2315 1416 2370 fuit
1437 2332 1719 2371 numerus
1743 2314 2086 2371 consolatio-

432 2405 761 2471 num.0uia
790 2405 1025 2477 quando
1051 2404 1142 2478 egi
1173 2404 1576 2478 pmnitentiam
1608 2408 1664 2460 et
1693 2403 1948 2460 sustinui
1980 2403 2083 2460 tri-

431 2493 795 2552 bulationem
824 2493 884 2550 in
917 2493 1191 2567 praesenti
1217 2494 1357 2560 vita,
1384 2498 1524 2550 tunc
1552 2490 1843 2550 consolari
1873 2494 2085 2566 gaude-

346 2601 358 2609 '
432 2581 566 2641 bam
599 2583 659 2641 in
693 2585 910 2650 futura,
945 2588 1002 2640 et
1033 2589 1251 2657 quanto
1283 2583 1472 2657 magis
1520 2583 1609 2656 egi
1660 2582 2080 2656 pcnnitentiam,

432 2678 592 2732 tanto
625 2675 814 2748 magis
845 2675 1181 2732 consolatus
1197 2691 1260 2731 es
1277 2673 1583 2732 me.Unam
1602 2674 1724 2730 fudi
1740 2674 2084 2746 lacrymam,

432 2781 614 2822 unam
646 2765 833 2821 merui
863 2765 1354 2834 consolationem;
1388 2765 1586 2821 decem
1622 2763 1744 2819 fudi
1772 2762 2080 2836 lacrymas,

430 2854 632 2922 decem
665 2853 849 2911 merui
881 2854 1328 2911 consolationes.
1354 2855 1504 2920 Quot
1532 2852 1794 2926 patimur
1819 2851 2082 2922 vulnera,

427 2947 514 3000 tot
532 2960 825 3004 meremur
839 2949 896 3001 et
915 2948 1244 3014 coronas,et
1265 2943 1608 3018 magnitudo
1631 2940 2082 2998 tribulationum

431 3033 774 3109 magnitudo
805 3033 1180 3108 prtemiorum
1211 3037 1318 3090 est.

429 3125 502 3179 20
573 3124 834 3198 Nunquid
861 3125 1108 3183 adhaeret
1134 3124 1239 3180 tibi
1265 3122 1414 3180 sedes
1441 3123 1748 3195 iniquitatis
1777 3140 1796 3178 :

575 3214 681 3282 Qui
708 3215 875 3286 ﬁngis
907 3215 1145 3271 laborem
1177 3216 1235 3269 in
1261 3212 1567 3286 praecepto?

499 3302 541 3356 C
571 3302 895 3374 Nunquid?
923 3301 1189 3376 negative
1235 3301 1549 3375 legendum
1600 3304 1707 3358 est.
1743 3301 1921 3357 Sedes
1971 3299 2081 3355 ini-

431 3389 672 3464 quitatis
697 3407 758 3446 es
790 3391 996 3446 mundi
1027 3391 1206 3462 hujus
1235 3390 1583 3462 voluptuosa
1611 3389 1925 3463 possessio,
1952 3406 2079 3462 quae

427 3478 676 3537 Domino
706 3480 957 3534 adserere
984 3497 1100 3536 non
1134 3483 1342 3552 potest.
1379 3479 1737 3551 Praeceptum
1781 3478 1937 3534 enim
1969 3479 2081 3535 Do-

429 3567 575 3624 mini
607 3567 784 3625 habet
814 3583 827 3621 :
862 3569 1021 3626 Beati
1055 3568 1155 3640 qui
1185 3567 1389 3641 lugent
1419 3572 1474 3623 et
1495 3568 1594 3640 qui
1617 3567 2083 3639 persecutionem

428 3657 735 3732 patiuntur
761 3661 999 3730 propter
1019 3657 1337 3729 justitiam,
1371 3656 1652 3728 quoniam
1700 3655 1947 3712 istorum
1993 3659 2084 3712 est

429 3763 676 3820 regnum
709 3745 987 3802 calorum
1017 3745 1223 3817 (Matth.
1258 3748 1333 3815 v).
1369 3745 1436 3800 Et
1464 3748 1817 3818 praeceptum
1849 3744 2078 3802 Domini

431 3836 490 3892 in
519 3837 789 3909 presenti
818 3835 1028 3892 saeculo
1060 3835 1320 3891 laborem
1345 3838 1402 3890 et
1431 3833 1690 3890 dolorem
1734 3833 1929 3902 habet,
1966 3852 2080 3891 non

429 3926 688 3998 requiem
722 3942 826 3982 nec
854 3924 1313 3999 gaudium.Quia
1342 3928 1503 3980 arcta
1533 3928 1594 3980 et
1611 3927 1862 3996 angusta
1880 3924 1974 3980 via
1993 3928 2083 3982 est

431 4033 558 4088 qua:
580 4015 741 4071 ducit.
759 4015 830 4070 ad
853 4013 1304 4088 vitam.Fingere
1319 4012 1476 4070 enim
1495 4013 1787 4086 plasmare
1804 4012 2078 4083 dicimus,

429 4108 487 4160 et
514 4104 616 4176 qui
647 4102 952 4171 mentitur,
986 4102 1206 4175 aliquid
1240 4102 1352 4159 sibi
1385 4102 1677 4176 plasmare
1705 4102 1954 4159 videtur.
1980 4103 2082 4160 Hic

425 4198 622 4250 autem
652 4193 871 4267 ﬁngere
891 4193 1008 4249 Deo
1030 4191 1494 4259 attribuitur,ille
1523 4191 1796 4248 formavit
1822 4191 2080 4248 laborem

425 4283 485 4339 in
518 4287 822 4356 praecepto.
856 4283 902 4338 H
935 4283 1114 4339 Nemo
1145 4283 1302 4339 enim
1330 4282 1631 4338 dormiens
1663 4285 1992 4338 coronatur.

423 4372 489 4428 21
572 4373 877 4444 Captabunt
907 4373 969 4427 in
995 4373 1244 4427 animam
1272 4371 1410 4439 iusti
1437 4389 1456 4426 :

565 4461 632 4516 Et
659 4463 986 4532 sanguinem
1014 4463 1352 4516 inaoeentem
1377 4460 1833 4516 condemnabunt.

496 4549 538 4606 C
564 4549 894 4622 Captabunt
937 4547 1093 4604 enim
1136 4549 1302 4616 dixit,
1343 4548 1512 4620 quasi
1561 4549 1818 4621 captiose
1866 4553 2078 4606 tracta-

424 4639 592 4705 bunt,
626 4637 765 4710 quia
794 4654 991 4694 veram
1023 4654 1264 4694 causam
1312 4636 1579 4694 criminis
1624 4636 1684 4693 in
1719 4639 2077 4712 martyribus

421 4732 823 4802 persecutores
851 4727 1112 4784 invenire
1151 4743 1268 4783 non
1316 4730 1583 4799 possunt.
1615 4725 1682 4782 Et
1728 4728 2076 4800 sanguinem

422 4819 793 4876 innocentem
827 4835 840 4874 :
875 4818 947 4873 ad
981 4816 1277 4874 Christum
1308 4815 1418 4872 hoc
1449 4817 1641 4888 potest
1684 4815 1908 4884 referri,
1942 4815 2080 4889 quia

419 4925 552 4966 vere
580 4907 862 4964 innocens
893 4923 999 4979 pro
1038 4911 1237 4963 nostra
1281 4903 1678 4977 redemptione
1728 4905 2078 4963 sententiam

421 4998 652 5070 injustas
681 4995 1090 5053 condemnatis
1120 4995 1362 5069 accepit.

419 5091 492 5144 22
564 5087 630 5142 Et
655 5089 834 5158 factus
859 5095 940 5142 vst
969 5087 1229 5142 Dominus
1257 5085 1403 5142 mihi
1426 5087 1486 5141 in
1517 5087 1795 5158 refugium
1826 5103 1846 5142 .'

565 5177 630 5230 Et
657 5177 797 5232 Deus
823 5190 977 5231 meus
1007 5176 1067 5230 in
1095 5174 1434 5246 adjutorium
1461 5176 1576 5247 spei
1603 5189 1761 5232 mw.

411 5287 425 5296 ο
494 5267 534 5320 C
549 5264 654 5320 Hic
675 5263 932 5319 ostendit
948 5262 1092 5318 nihil
1111 5263 1298 5320 valere
1314 5263 1747 5336 persecutiones
1767 5263 2074 5322 hominum

424 5357 625 5410 contra
645 5351 944 5408 Christum
975 5350 1061 5408 vel
1094 5357 1294 5408 contra
1320 5356 1687 5426 martyres,et
1717 5370 1783 5410 eo
1817 5357 2076 5427 tempore

425 5439 614 5511 magis
671 5441 814 5496 dicit
869 5439 1132 5496 divinum
1192 5441 1304 5496 sibi
1363 5442 1698 5514 provenisse
1757 5443 2070 5516 refugium,

426 5531 657 5604 quando
689 5530 965 5604 superbia
994 5529 1264 5587 humanae
1306 5531 1728 5604 persecutionis
1759 5535 1954 5592 studio
1982 5533 2070 5592 in-

1346 215 1411 278 S.
1456 214 1853 278 BRUNONIS
1901 213 2524 278 l-lERBlPOLENSlS
2568 211 2943 276 EPISCUPI.

2116 351 2170 416 Α
2201 349 2340 405 ﬂata
2359 347 2620 416 est.Quia
2648 363 2751 421 per
2780 346 2930 403 hanc
2958 345 3060 402 illa
3089 345 3390 402 beatitudo
3422 345 3711 405 coronalis
3731 347 3871 421 pal-

3721 213 3861 296 ass

2203 455 2310 494 mae
2342 441 2720 512 preparatur.
2757 435 2824 494 Et
2855 441 3004 493 Deus
3035 453 3202 492 meus
3233 435 3292 492 in
3340 436 3700 508 adjutorium
3730 436 3873 512 spei

2202 527 2668 594 mezeQuoniam
2699 526 2794 584 hic
2823 526 3014 582 adhuc
3043 542 3209 599 spem
3240 525 3549 595 habemus,
3583 544 3700 582 non
3734 544 3872 583 rem

2199 612 2514 674 tenemus:
2549 617 2650 673 sed
2701 633 2864 690 spem
2915 615 2976 672 in
3027 616 3225 671 futuro
3274 613 3691 689 relinquimus,
3721 616 3874 689 quia

2191 708 2320 778 jam,
2350 711 2615 763 nostrum
2647 704 3000 762 desiderium
3036 704 3431 778 possidemus.

2197 798 2267 852 23
2339 798 2406 852 Et
2428 796 2610 852 reddet
2627 797 2744 851 illis
2769 796 3115 868 iniquitatem
3147 795 3387 866 ipsorum
3417 813 3436 849 :

2342 891 2408 943 Et
2439 887 2497 941 in
2524 885 2744 940 malitia
2775 901 2962 941 eorum
2990 884 3264 957 disperdet
3290 901 3378 940 eos
3409 902 3428 940 :

2366 979 2456 1055 ᾤ
2505 974 2791 1046 Disperdet
2819 974 2944 1030 illos
2974 992 2993 1028 :
3025 975 3287 1030 Dominus
3316 974 3455 1029 Deus
3481 983 3685 1030 noster.

2205 1063 2214 1068 ’
2270 1066 2310 1121 C
2343 1067 2411 1122 Et
2439 1065 2641 1121 reddet
2670 1062 2870 1131 illis,id
2903 1067 2992 1120 est
3021 1063 3301 1119 retribuet
3329 1061 3502 1119 malis
3529 1062 3871 1120 secundum

2197 1159 2330 1212 vota
2361 1153 2634 1228 nequitiae
2663 1158 2868 1220 suaa,et
2893 1156 3027 1208 nota
3053 1152 3208 1225 quod
3235 1151 3346 1208 hoc
3369 1150 3872 1221 nomen,malitia,

2199 1248 2288 1302 est
2318 1261 2501 1318 capax
2530 1242 2794 1301 omnium
2825 1241 3161 1309 criminum,
3195 1241 3350 1298 sicut
3380 1241 3638 1298 charitas
3660 1245 3759 1298 est
3779 1259 3876 1298 ca-

2199 1351 2309 1408 pax
2340 1333 2607 1390 omnium
2636 1333 2940 1389 virtutum.
2976 1331 3283 1404 Disperdet
3312 1347 3429 1401 eos,
3463 1330 3524 1387 id
3555 1335 3670 1400 est,
3695 1348 3732 1386 a
3761 1348 3871 1388 suo

2200 1441 2377 1498 regno
2409 1422 2631 1480 alienos
2662 1421 2892 1478 efﬁciet.

2671 1529 2876 1568 ORATIO
2912 1529 2981 1566 EX
3022 1528 3179 1566 PSAL.
3222 1525 3376 1566 XCIII.

2271 1601 2448 1658 Erudi
2480 1618 2608 1669 nos,
2633 1599 3228 1667 Domine,secundum
3251 1597 3692 1655 benevolentiae
3713 1597 3869 1673 legis

2197 1696 2332 1759 tuae,
2364 1695 2422 1748 et
2449 1695 2574 1747 esto
2604 1689 2774 1746 nobis
2803 1688 2864 1744 in
2896 1687 3272 1744 tribulatione
3301 1687 3733 1762 refugium,qui
3768 1688 3871 1747 hoc

2199 1781 2462 1838 minibus
2491 1780 2812 1852 prudenter
2840 1777 3109 1834 insinuas
3140 1777 3466 1846 scientiam,
3499 1793 3575 1833 ne
3602 1776 3867 1836 derelin-

2199 1875 2404 1944 quant.
2439 1871 2546 1927 Per
2575 1868 2889 1926 Dominum
2922 1871 3190 1924 nostrum
3219 1867 3442 1934 Jesum,
3475 1870 3586 1923 etc.

2749 1992 3077 2051 PSALMUS
3114 1991 3301 2049 XCIV.

2623 2126 3025 2168 ARGUMENTUM
3074 2126 3232 2166 PSAL.
3271 2125 3422 2165 XCIV.

2265 2230 2306 2286 C
2331 2229 2622 2304 Propheta
2649 2227 2856 2284 incitat
2885 2225 3135 2300 populos
3165 2225 3237 2282 ad
3261 2225 3495 2282 laudem
3515 2223 3622 2283 Dei
3636 2225 3860 2283 venire.

2479 2319 2594 2375 TT.
2623 2325 2679 2385 ἐι
2721 2319 2864 2373 Laus
2893 2317 3124 2373 canticis
3156 2317 3266 2388 ipsi
3292 2313 3465 2372 David
3507 2320 3523 2381 ζ
3595 2333 3614 2368 :

2264 2409 2306 2465 C
2338 2409 2512 2476 Laus,
2542 2407 2699 2464 vocis
2746 2406 3039 2480 signiﬁcat
3084 2405 3483 2473 devotionem;
3526 2403 3858 2472 canticum,

2193 2497 2547 2555 hilaritatem
2580 2495 2810 2554 mentis.
2840 2495 3003 2561 Quod
3035 2499 3352 2567 utrumque
3383 2493 3441 2549 in
3484 2510 3661 2567 opere
3691 2493 3855 2567 psal-

2195 2587 2406 2648 modiis,
2433 2587 2605 2643 debet
2633 2602 2761 2643 esse
2809 2584 3117 2641 sociatum.
3153 2577 3266 2656 Ipsi
3315 2582 3516 2653 David,
3552 2582 3856 2657 signiﬁcat

2191 2677 2507 2746 Christum,
2541 2674 2634 2731 cui
2663 2673 2794 2731 laus
2825 2674 2938 2731 ista
2967 2676 3256 2729 cantatur.

2195 2768 2218 2823 1
2337 2767 2536 2834 Venite,
2566 2765 2897 2822 exsultemus
2924 2765 3171 2820 Domino.

2329 2856 2633 2913 Jubilemus
2659 2855 2765 2911 Deo
2792 2855 3030 2910 salutari
3055 2859 3257 2909 nostro.

2261 2945 2302 3002 C
2329 2944 2536 3002 Venite
2563 2943 2718 3000 enim
2751 2942 2868 3000 illis
2899 2941 3113 2998 dicitur
3158 2941 3260 3014 qui
3298 2941 3468 3015 longe
3498 2942 3678 3016 positi
3715 2961 3854 3000 sen-

2191 3033 2549 3106 tiuntur,qui
2574 3050 2636 3090 se
2667 3033 2918 3090 necdum
2939 3032 3073 3088 ﬁdei
3094 3029 3426 3105 integritate
3447 3031 3668 3104 populo
3690 3031 3855 3089 ﬁdeli

2113 3108 2155 3176 C
2186 3124 2530 3196 junxerunt.
2564 3124 2668 3181 Est
2695 3125 2892 3178 autem
2923 3119 3231 3178 exsultatio
3261 3120 3442 3193 hujus
3472 3121 3696 3189 saeculi,
3725 3138 3854 3195 quae

2193 3215 2438 3286 occupat
2467 3211 2695 3269 animas
2722 3210 3007 3268 inﬁdeles.
3042 3210 3176 3267 Ideo
3207 3209 3431 3266 addidit
3458 3209 3598 3281 Deo,
3632 3211 3708 3266 de
3740 3229 3855 3284 quo

2191 3319 2326 3359 vera
2355 3306 2444 3359 est
2472 3300 2804 3359 exsultatio.
2835 3299 3098 3357 Jubilare
3125 3316 3253 3356 esse
3284 3315 3569 3373 magnum
3603 3301 3854 3358 modum

2193 3390 2422 3457 laetitias,
2455 3391 2548 3447 cui
2580 3407 2772 3448 sermo
2805 3406 2919 3446 non
2951 3387 3190 3455 sufﬁcit,
3221 3405 3373 3461 saepe
3402 3386 3685 3482 diximus.

2189 3484 2226 3536 2
2333 3483 2781 3553 Prseoccupemus
2807 3478 3012 3554 faciem
3036 3479 3153 3550 ejus
3178 3479 3240 3534 in
3269 3479 3606 3548 confessione
3637 3478 3657 3535 ἐ

2332 3572 2397 3626 Et
2421 3573 2478 3626 in
2505 3571 2736 3642 psalmis
2755 3569 3059 3642 jubilemus
3085 3569 3156 3624 ei.

2263 3659 2304 3715 C
2338 3660 2756 3732 Prmoccupare,
2807 3662 2898 3715 est
2954 3656 3176 3730 aliquid
3235 3661 3369 3713 ante
3419 3657 3633 3728 facere,
3667 3675 3850 3731 quam

2193 3744 2289 3805 ille
2339 3748 2524 3821 possit
2569 3748 2763 3805 videre
2813 3746 2915 3819 qui
2959 3745 3217 3803 creditur
3264 3745 3554 3802 advenire.
3589 3747 3848 3814 Faciem,

2191 3837 2333 3894 dicit
2362 3842 2744 3911 conspectum
2774 3835 2988 3892 Christi
3011 3836 3068 3891 in
3093 3835 3338 3907 judicio,
3372 3835 3428 3890 id
3458 3839 3549 3892 est
3577 3841 3644 3892 ut
3673 3838 3852 3893 conﬁ-

2191 3931 2420 3984 teamur
2448 3926 2709 3984 facinora
2737 3929 2938 3983 nostra
2966 3930 3100 3981 ante
3123 3925 3461 3998 judicialem
3483 3925 3616 3996 ejus
3638 3926 3851 3982 adven-

2192 4020 2340 4073 tum.
2374 4016 2706 4074 Jubilemus
2737 4016 2795 4071 in
2829 4013 3093 4088 psalmis,
3127 4015 3173 4070 Η
3206 4014 3425 4070 scilicet
3465 4015 3527 4070 in
3568 4015 3848 4072 cordibus

2191 4106 2407 4163 nostris
2432 4104 2768 4179 psallentes,
2805 4103 2862 4159 id
2896 4107 2986 4160 est
3013 4102 3231 4178 gratias
3263 4107 3514 4178 agentes.

2188 4197 2224 4252 3
2335 4195 2606 4264 Quoniam
2635 4195 2775 4252 Deus
2804 4210 3042 4263 magnus
3067 4195 3203 4249 Dom
3215 4195 3334 4249 :‘nus
3363 4211 3375 4250 :

2331 4286 2398 4341 Et
2425 4301 2526 4341 rex
2549 4300 2778 4357 magnus
2807 4299 2972 4356 super
2999 4299 3180 4340 omnes
3209 4283 3351 4339 deos.

2260 4374 2302 4430 C
2332 4374 2586 4432 Dicendo
2615 4373 2793 4441 enim,
2827 4373 3107 4445 quoniam
3133 4376 3286 4429 Deus
3315 4387 3567 4445 magnus
3588 4373 3850 4430 ostendit

2107 4480 2156 4544 D
2189 4461 2356 4519 illum
2388 4480 2517 4520 esse
2565 4461 2987 4536 potentiorem;
3020 4478 3274 4535 magnus
3321 4461 3537 4535 quippe
3581 4460 3679 4519 hic
3731 4479 3847 4519 non

2189 4552 2422 4623 dicitur,
2451 4551 2566 4608 nisi
2606 4551 3002 4629 quilsummae
3049 4549 3355 4622 potestatis
3401 4566 3595 4607 arcem
3646 4553 3845 4607 tenere

2189 4645 2570 4698 monstratur.
2601 4640 2750 4697 Deos
2780 4640 2956 4696 etiam
3005 4639 3275 4696 homines
3322 4643 3555 4695 sanctos
3585 4638 3847 4712 appellat

2187 4747 2363 4804 super
2395 4747 2542 4804 quos
2571 4727 2858 4787 Dominus
2880 4746 2980 4786 rex
2999 4745 3250 4802 magnus
3272 4728 3663 4801 est,quoniam
3685 4732 3846 4787 creat

2187 4821 2384 4877 omnia
2413 4825 2469 4877 et
2497 4819 2649 4893 regit
2679 4818 2970 4876 universa.

2187 4911 2220 4966 4
2331 4911 2472 4979 Quia
2501 4911 2561 4965 in
2583 4925 2757 4964 manu
2783 4909 2900 4981 ejus
2926 4912 3056 4964 sunt
3083 4924 3266 4966 omnes
3293 4909 3430 4980 ﬁnes
3459 4915 3626 4965 terra:
3654 4924 3674 4962 :

2327 5001 2395 5055 Et
2425 4998 2747 5055 altitudines
2775 4999 3048 5055 montium
3073 4999 3250 5071 ipsius
3276 5001 3428 5054 sunt.

2256 5089 2298 5146 C
2326 5087 2496 5144 Fines
2521 5091 2690 5144 terrae
2721 5087 2794 5144 ad
2824 5091 3027 5162 gentes
3075 5087 3324 5162 pertinet
3355 5085 3679 5152 universas,
3713 5099 3842 5158 qua!

2184 5176 2412 5234 Christo
2444 5175 2601 5233 ﬁdeli
2631 5177 2932 5234 devotione
2973 5179 3250 5250 subjectis
3293 5180 3451 5232 sunt.
3485 5164 3840 5231 Altitudines

2185 5266 2822 5338 montium,potestates
2839 5265 3035 5322 saeculi
3053 5267 3422 5339 honoresque
3438 5262 3653 5320 terreni
3675 5266 3837 5329 sunt,

2184 5355 2286 5430 qui
2313 5359 2509 5412 tamen
2541 5355 2787 5412 Domino
2819 5356 3070 5428 subjecti
3103 5359 3328 5424 sunt,et
3348 5355 3478 5411 ideo
3497 5353 3686 5427 ipsius
3709 5367 3838 5408 esse

2182 5446 2476 5502 dicuntur.
2510 5445 2557 5501 Η
2591 5444 2812 5519 Pugillo
2844 5445 3022 5513 enim,
3046 5445 3104 5504 id
3128 5447 3525 5519 est,potestate
3543 5439 3839 5501 concludit

2182 5552 2416 5595 omnem
2447 5534 2821 5594 latitudinem
2852 5539 3039 5595 terrae.
