4112 6176
231 255 356 324 3.49
1191 261 1196 264 ’
1490 248 1910 314 EXPOSITIO
1957 249 2474 316 PSALMORUM.

223 390 263 445 5
377 388 663 462 Quoniam
692 387 868 459 ipsius
897 392 978 442 est
1006 399 1155 442 mare
1182 391 1235 441 et
1263 399 1383 457 ipse
1413 385 1548 457 fecit
1578 382 1729 440 illud
1763 399 1777 438 :

383 481 451 534 Et
479 478 683 533 siccam
712 492 919 531 manus
948 475 1067 546 ejus
1095 477 1508 547 formaverunt.

303 568 349 623 Ο
376 568 540 624 Mare
570 565 872 638 signiﬁcat
903 569 1128 638 gentes,
1162 580 1290 636 qua
1325 563 1388 618 in
1439 563 1550 619 hoc
1582 561 1806 618 saculo
1838 577 1940 616 va-

233 658 346 714 riis
374 657 656 712 vitiorum
691 654 933 710 ﬂatibus
954 657 1432 720 commoventur;
1457 652 1644 723 arida,
1672 649 1944 722 populus

234 746 436 805 ﬁdelis
467 749 578 813 est,
614 745 804 800 fontes
857 743 993 799 ﬁdei
1043 742 1233 798 adhuc
1283 741 1496 798 sitiens
1530 757 1542 795 :
1576 757 1736 813 quos
1784 739 1940 794 dono

233 854 361 893 sua
396 833 820 890 misericordia
869 833 1112 903 fundare
1159 833 1443 905 dignatus
1489 835 1577 886 est
1625 828 1943 885 Christus-

236 925 345 982 His
364 923 651 982 omnibus
671 920 1055 994 jungendum
1085 925 1172 976 est
1203 938 1216 975 :
1241 918 1575 992 jubilemus
1605 917 1683 974 ei.

3600 255 3722 322 θεοῦ

1959 382 2016 450 Α
2045 383 2113 438 12
2185 385 2251 440 Et
2279 385 2378 440 isti
2407 401 2520 442 non
2549 395 2922 456 cognoverunt
2955 388 3074 444 vias
3106 402 3254 446 meas
3286 406 3304 445 :

2273 482 2336 530 ut
2357 475 2553 546 juravi
2582 477 2639 531 in
2673 478 2760 533 ira
2793 494 2934 533 mea.

2201 564 2264 618 Si
2294 565 2603 622 introibant
2630 567 2689 622 in
2716 568 2958 639 requiem
2989 584 3187 623 meam.

2129 653 2168 704 C
2203 653 2272 708 Et
2302 653 2396 708 isti
2433 671 2548 710 non
2577 660 2975 728 cognoverunt
2994 657 3139 723 vias,
3159 658 3298 731 quia
3327 660 3722 734 quadraginta

2059 756 2351 796 annorum
2398 747 2658 817 tempore
2710 744 2994 802 beneﬁcia
3040 746 3139 802 Dei
3185 747 3332 804 scire
3380 749 3718 806 noluerunt.

2057 829 2300 886 Duobus
2331 832 2524 890 modis
2548 834 2750 904 jurare
2782 834 2998 889 dicitur
3045 834 3200 890 Deus
3227 837 3419 908 :jurat
3451 837 3718 910 placatus

2055 923 2233 991 atque
2263 919 2454 988 mitis;
2482 920 2576 978 hic
2622 927 2817 979 autem
2854 925 3054 996 jurare
3087 924 3300 981 dicitur
3331 926 3539 992 iratus,
3577 926 3720 999 quia

2050 1006 2378 1066 vindictam
2429 1012 2693 1068 noscitur
2743 1012 3110 1069 comminari.
3144 1014 3291 1079 Quid
3342 1019 3431 1072 est
3460 1013 3621 1072 aliud
3657 1015 3718 1072 in

2049 1097 2320 1169 requiem
2352 1098 2451 1155 Dei
2483 1118 2599 1156 non
2645 1101 2905 1169 introire,
2943 1102 3054 1157 nisi
3105 1107 3386 1176 perpetua
3422 1108 3718 1161 tormenta

2050 1187 2371 1260 suscipere.
2405 1189 2682 1262 Negative
2713 1191 2892 1262 igitur
2923 1191 3233 1264 legendum
3265 1197 3376 1261 est,
3408 1193 3457 1250 si
3509 1193 3718 1250 introi-

2048 1274 2219 1344 bunt,
2249 1277 2306 1333 id
2338 1281 2427 1333 est
2453 1295 2567 1334 non
2603 1278 2952 1335 introibant.

2529 1384 2733 1423 ORATIO
2772 1385 2842 1423 EX
2884 1385 3040 1425 PSAL.
3089 1387 3234 1426 XCIV.

2121 1453 2389 1511 Salutare
2420 1455 2706 1511 eximium
2749 1457 3015 1513 omnium
3047 1458 3424 1532 populorum,
3447 1461 3712 1530 Domine,

2045 1541 2274 1614 respice
2300 1543 2593 1615 propitius
2625 1562 2803 1618 super
2832 1561 2968 1604 oves
2997 1546 3192 1619 gregis
3221 1547 3328 1615 tni,
3363 1547 3567 1619 eisque
3603 1549 3712 1604 im-

2044 1631 2304 1702 pertiens
2363 1631 2449 1688 sal
2511 1634 2855 1705 prudentia,
2903 1634 3273 1692 introducere
3329 1637 3566 1693 easdem
3624 1638 3713 1694 in-

2042 1719 2248 1776 noxias
2279 1721 2698 1794 sempiternam
2732 1723 2991 1796 digneris
3021 1723 3082 1780 in
3113 1723 3394 1798 requiem.
3430 1725 3540 1792 Qui
3573 1743 3708 1785 cum

2043 1808 2213 1866 Patre
2246 1814 2304 1867 et
2334 1809 2474 1867 Filio
2505 1815 2561 1867 et
2590 1811 2832 1884 Spiritu,
2864 1817 2974 1869 etc.

234 1043 272 1096 6
391 1040 606 1104 Venite,
642 1036 940 1093 adoremus
969 1043 1023 1092 et
1043 1035 1393 1108 procidamus
1424 1052 1446 1088 .·

385 1131 454 1186 ΕΙ
476 1130 762 1200 ploremus
793 1134 925 1182 ante
953 1126 1245 1182 Dominum
1295 1125 1396 1196 qui
1445 1124 1573 1194 fecit
1619 1137 1719 1178 nos
1753 1141 1772 1176 :
1805 1125 1943 1194 quia

463 1220 580 1290 ipse
607 1223 686 1273 est
712 1217 982 1272 Dominus
1006 1216 1145 1271 Deus
1169 1220 1376 1268 noster.

310 1317 352 1371 C
384 1316 673 1372 Hortatur
703 1329 864 1369 nunc
893 1311 1297 1367 Christianum
1333 1307 1620 1382 populum
1642 1309 1938 1383 Propheta

237 1407 312 1462 ad
375 1403 855 1462 satisfactionem
911 1401 1290 1475 poenitentia.
1321 1399 1678 1469 Adoremus,
1715 1400 1777 1455 id
1823 1404 1934 1466 est,

239 1496 509 1568 corporis
572 1493 889 1549 inﬂexione
948 1490 1347 1546 incurvemus.
1411 1487 1820 1558 Procidamus,
1869 1495 1936 1546 ut

241 1589 378 1642 ante
414 1585 617 1656 ipsum
649 1599 756 1639 nos
781 1582 1500 1655 prosternamus,totaque
1523 1579 1931 1636 membrorum

241 1673 540 1729 effusione
569 1672 905 1728 tendamur.
938 1671 1084 1724 Ante
1131 1669 1322 1725 Deum
1374 1665 1622 1739 plorare,
1655 1673 1750 1723 est
1801 1667 1931 1740 pios

244 1763 426 1819 ﬂetus
449 1761 770 1829 eﬂundere,
804 1765 862 1815 et
882 1756 1144 1831 pessima
1173 1757 1331 1812 facta
1361 1755 1664 1811 damnare.
1697 1756 1847 1813 Nam
1879 1758 1928 1814 si
1962 1757 2010 1824 B

245 1856 373 1908 tota
401 1849 601 1907 cordis
627 1849 881 1922 puritate
912 1847 1320 1920 deprecemur,
1358 1843 1528 1900 facile
1559 1861 1666 1901 nos
1697 1846 1799 1917 qui
1847 1847 1933 1903 fe-

248 1941 417 2009 cit,et
446 1939 669 1996 refecit.
690 1939 760 1994 Et
787 1953 1028 1994 causam
1081 1933 1379 2009 triplicem
1412 1933 1594 2005 huius
1635 1935 1931 1994 adoratio-

249 2030 346 2086 nis
377 2028 643 2102 subjicit,
673 2026 951 2099 quoniam
983 2025 1110 2098 ipse
1143 2022 1284 2079 fecit
1313 2039 1446 2090 nos,
1479 2026 1586 2079 etc.

249 2145 287 2203 7
401 2146 470 2201 Et
497 2161 598 2201 nos
622 2143 853 2216 papulas
876 2156 1102 2215 pascuae
1129 2141 1250 2212 ejus
1281 2157 1299 2193 :

401 2236 479 2289 Et
507 2249 627 2289 oves
654 2247 852 2288 manus
881 2232 1020 2303 ejus.
1874 2299 1890 2304 ,-

324 2336 368 2386 C
397 2331 551 2386 Dicit
579 2329 736 2384 enim
769 2328 906 2401 quid
935 2327 1056 2384 sint
1086 2326 1318 2394 ﬁdeles,
1349 2325 1554 2398 utique
1601 2343 1736 2382 oves
1786 2344 1927 2400 pas-

251 2437 380 2476 cua
413 2418 664 2476 Domini.
698 2418 846 2482 Quia
876 2417 1111 2474 aternis
1171 2415 1403 2472 deliciis
1453 2414 1604 2471 felici
1647 2421 1803 2472 sorte
1835 2435 1927 2474 sa-

255 2511 510 2565 tiantur.

255 2629 290 2681 8
407 2625 573 2682 Hodie
602 2626 656 2680 si
684 2639 861 2680 vocem
888 2625 1002 2696 ejus
1031 2621 1340 2679 audieritis
1375 2638 1388 2674 :

408 2716 585 2772 Nolite
613 2715 874 2771 obdurare
900 2713 1064 2769 corda
1098 2715 1306 2768 vestra.

330 2814 379 2869 C
412 2813 514 2869 Hic
542 2813 738 2869 subdit
758 2829 930 2867 unam
948 2810 1354 2867 conditionem
1379 2808 1709 2865 necessario
1727 2827 1929 2881 prare-

251 2903 550 2975 quisitam
579 2902 650 2958 ad
685 2901 889 2968 hoc,ut
918 2901 1037 2956 sint
1075 2898 1356 2956 homines
1376 2913 1510 2953 vero
1537 2914 1668 2954 oves
1690 2897 1922 2968 Christi,

251 2994 471 3048 dicens
507 3009 518 3046 :
554 2990 732 3046 Hodie
781 2990 828 3044 si
870 3006 1069 3046 vocem
1123 2989 1258 3059 ejus
1284 2985 1612 3043 audieritis.
1647 2987 1792 3043 Nam
1823 2989 1923 3060 qui

2609 1946 2945 2004 PSALMUS
2985 1947 3150 2004 XCV.

2491 2079 2896 2122 ARGUMENTUM
2940 2081 3095 2121 ΡεΑι.
3137 2083 3264 2122 κεν.

2111 2177 2152 2232 C
2186 2177 2344 2233 Laus
2389 2176 2649 2234 ﬁdelium
2698 2180 2770 2235 de
2815 2179 3028 2236 Christi
3083 2181 3486 2239 incarnatione
3535 2188 3592 2239 et
3633 2183 3705 2240 de

2040 2264 2395 2322 exultatione
2423 2268 2713 2325 Ecclesia.

2111 2355 2226 2410 TT.
2269 2361 2326 2420 σέ·
2346 2357 2570 2425 Quando
2589 2359 2780 2415 domus
2799 2359 3180 2431 aediﬁcabatur
3191 2368 3311 2434 post
3325 2363 3707 2434 captivitatem

2488 2449 2765 2504 canticum
2795 2450 2925 2504 hinc
2953 2450 3132 2506 David
3174 2456 3188 2516 ζ
3239 2493 3251 2506 .

2111 2533 2156 2588 Η
2189 2534 2232 2589 C
2262 2539 2484 2592 Domus
2516 2537 2674 2592 enim
2705 2537 2820 2594 ista
2848 2543 2938 2594 est
2968 2539 3315 2596 universalis
3347 2539 3618 2608 Ecclesia,
3642 2540 3702 2597 in

2036 2639 2156 2694 qua
2185 2623 2460 2682 Christus
2491 2625 2801 2682 inhabitat.
2836 2630 2969 2693 Qua
3011 2629 3310 2685 destructa
3359 2630 3698 2697 aediﬁcatur,

2035 2713 2276 2782 quando
2307 2715 2505 2770 anima
2537 2719 2668 2787 post
2696 2716 3091 2789 captivitatem
3126 2717 3458 2791 peccati,ad
3486 2716 3700 2774 intelli-

2034 2801 2298 2872 gentiam
2346 2803 2607 2860 veritatis
2666 2804 2905 2876 cmperit
2962 2806 3210 2862 Domino
3258 2811 3569 2879 prastante
3610 2821 3698 2864 re-

2036 2905 2264 2959 meare;
2301 2909 2406 2949 nec
2437 2892 2711 2948 adiﬁcari
2757 2893 3006 2966 desinet,
3039 2896 3221 2952 donec
3272 2913 3460 2968 usque
3503 2897 3575 2958 ad
3629 2895 3697 2950 tl-

2035 2995 2168 3034 nem
2202 2981 2399 3038 sazculi
2433 2982 2978 3054 pradestinatorum
3022 3000 3306 3040 numerus
3358 2984 3693 3056 impleatur.

255 3097 471 3139 vocem
504 3079 732 3135 Domini
764 3095 877 3134 non
907 3079 1230 3147 audit,non
1261 3093 1404 3151 grex
1434 3075 1646 3131 dicitur
1664 3077 1925 3147 ejus,nec
1958 3129 1998 3151 η
2035 3067 2082 3123 Η
2114 3069 2330 3126 Totum
2365 3071 2582 3144 quippe
2613 3071 2958 3143 mysterium
2991 3072 3169 3144 hujus
3203 3071 3416 3145 psalmi
3440 3073 3498 3128 in
3523 3071 3694 3128 titulo

342 3129 1467 3242 350331533"gai;{u¥."ﬁgai:§;rs
1477 3129 1491 3130 id
1513 3129 1636 3236 pro“
1665 3129 1926 3237 quolibet
1955 3129 2000 3197 δ
2037 3161 2154 3226 est;
2190 3163 2313 3215 tota
2341 3129 2712 3216 vitanostra
2743 3129 3112 3218 sacramenta
3142 3129 3393 3248 et‘salus
3423 3161 3480 3219 in
3526 3159 3693 3218 titulo

259 3265 532 3333 tempore
552 3257 805 3331 positum
821 3256 1092 3326 est,velut
1106 3255 1342 3312 dicatur
1366 3273 1379 3310 :
1407 3254 1764 3327 Quocunque
1788 3259 1928 3313 tem-

261 3365 411 3422 pore
439 3346 528 3403 vel
555 3347 810 3418 die,ejus
833 3364 1033 3403 vocem
1065 3343 1404 3413 audieritis,
1431 3341 1609 3401 nolite
1637 3344 1926 3403 obdurare

260 3437 449 3495 corda
474 3441 686 3493 vestra.

257 3557 298 3610 9
411 3555 567 3609 Sicut
591 3555 648 3609 in
681 3554 991 3610 irritatione
1009 3572 1039 3628 _:

411 3642 721 3700 Secundum
751 3641 894 3698 diem
924 3641 1249 3698 tentationis
1283 3641 1346 3695 in
1376 3638 1604 3695 deserto.

339 3763 378 3814 C
407 3758 677 3814 Tentatio
733 3759 887 3814 enim
935 3758 1182 3816 Judaica
1225 3760 1432 3814 contra
1475 3754 1706 3828 Moysen
1765 3759 1923 3830 gravi

261 3847 737 3905 murmuratione
786 3848 1052 3915 surrexit,
1081 3848 1287 3903 dicens
1336 3860 1441 3899 nec
1491 3860 1683 3900 escam
1723 3845 1834 3902 sibi
1866 3846 1923 3901 in

263 3938 502 3993 deserto
533 3936 798 4004 dari,nec
830 3953 1042 4009 aquam
1074 3934 1398 4010 potabilem
1432 3932 1630 3991 divina
1659 3933 1925 4010 largitate

263 4026 531 4082 concedi.
549 4027 908 4098 Quapropter
927 4024 1100 4097 culpa
1119 4025 1438 4098 parentum
1471 4020 1600 4078 istis
1623 4024 1922 4097 repetitur,

265 4119 336 4170 ut
364 4112 567 4170 debita
592 4111 848 4169 vindicta
876 4113 1170 4169 timeatur.

271 4232 340 4286 10
421 4231 524 4287 Ubi
553 4237 893 4285 tentaverunt
919 4246 1004 4286 me
1029 4236 1209 4301 patres
1240 4227 1409 4283 vestri
1438 4244 1454 4280 :

415 4319 794 4375 Probaverunt
819 4323 871 4374 et
900 4319 1154 4375 viderunt
1182 4333 1350 4390 opera
1378 4331 1518 4372 mea.

342 4436 387 4491 C
417 4433 855 4508 Ubi,signiﬁcat
885 4433 944 4489 in
976 4435 1226 4491 deserto.
1256 4431 1344 4488 lbi
1365 4432 1637 4506 apparuit
1666 4438 1924 4506 potestas

2036 3251 2196 3302 sunt

2037 3337 2064 3391 1
2181 3337 2406 3395 Cantate
2433 3340 2660 3396 Domino
2686 3341 2964 3396 canticum
2991 3356 3192 3397 novum
3222 3358 3236 3396 ς

2182 3427 2407 3484 Cantate
2435 3429 2683 3495 Domino,
2717 3431 2893 3485 omnis
2924 3435 3092 3486 terra.

2107 3519 2147 3570 C
2176 3519 2387 3572 Cantat
2415 3516 2572 3574 enim
2608 3517 2850 3575 Domino
2874 3517 3168 3575 canticum
3201 3535 3415 3575 novum
3439 3521 3561 3593 qui,
3593 3537 3689 3578 ve-

2036 3607 2155 3659 tere
2186 3603 2422 3662 homine
2444 3606 2730 3678 deposito,
2764 3623 2867 3679 per
2894 3607 3144 3681 gratiam
3175 3608 3548 3680 baptismatis
3567 3609 3689 3666 feli-

2035 3691 2178 3747 citer
2204 3691 2538 3750 innovatur.
2571 3694 2779 3750 Omnis
2810 3698 2988 3764 terra,
3019 3695 3366 3754 catholicam
3401 3697 3694 3771 signiﬁcat

2034 3779 2377 3850 Ecclesiam,
2411 3800 2538 3855 qua
2569 3799 2672 3855 per
2713 3788 2993 3840 cunctum
3025 3785 3225 3841 orbem
3276 3785 3538 3844 noscitur
3565 3803 3695 3844 esse

2035 3869 2268 3926 diffusa.
2293 3871 2451 3926 Nova
2481 3873 2692 3927 domus
2715 3889 2933 3928 novum
2965 3878 3222 3930 meretur
3250 3875 3568 3932 canticum.
3598 3880 3694 3933 In-

2035 3964 2242 4015 novata
2271 3959 2469 4015 anima
2498 3960 2791 4017 canticum
2827 3961 3082 4020 innovat.

2033 4050 2069 4101 2
2179 4047 2401 4103 Cantate
2428 4051 2655 4105 Domino
2685 4058 2736 4105 et
2765 4050 3063 4106 benedicite
3081 4053 3297 4107 nomini
3325 4053 3441 4124 ejus
3476 4070 3489 4107 :

2177 4136 2517 4193 Annunliate
2544 4137 2610 4194 de
2637 4137 2728 4194 die
2750 4139 2809 4193 in
2838 4139 2984 4194 diem
3007 4140 3251 4194 saluta-re
3279 4141 3418 4212 ejus.

2107 4223 2148 4279 C
2170 4225 2392 4280 Nomen
2423 4227 2580 4282 enim
2608 4225 2708 4281 Dei
2728 4226 3397 4300 benedicimus,quando
3421 4233 3690 4286 nostrum

2035 4311 2289 4369 salutare
2320 4329 2422 4385 per
2444 4313 2644 4370 omnia
2665 4314 3034 4370 conﬁtemur.
3053 4314 3134 4370 De
3162 4315 3256 4371 die
3278 4315 3338 4372 in
3372 4315 3525 4373 diem
3548 4334 3693 4373 nun-

2035 4402 2236 4470 tiatur,
2261 4402 2495 4475 quando
2526 4403 2842 4459 adventum
2871 4403 3086 4460 Christi
3117 4408 3174 4460 et
3217 4405 3510 4479 propheta
3565 4423 3693 4480 pro-

269 4491 650 4598 Dei,quand;
676 4540 808 4580 esca
837 4523 994 4579 venit
1023 4541 1091 4580 ex
1122 4539 1253 4579 aere
1284 4491 1576 4596 potusque
1605 4491 1685 4579 ex.
1710 4523 1921 4597 lapide.
1957 4503 2003 4568 D
2036 4491 2428 4598 inifmmget
2459 4491 2846 4598 ,e‘iange‘i?“’,
2885 4493 3113 4598 vexisse
3159 4493 3551 4598 declararunt
3594 4499 3692 4598 ,Ita

272 4613 358 4670 Ibi
391 4613 780 4686 probaverunt
824 4628 1000 4692 opera
1028 4628 1159 4668 mea
1190 4628 1203 4668 :
1238 4611 1472 4685 quando
1518 4629 1736 4670 manna
1777 4613 1928 4687 pluit

271 4701 939 4775 esurientibus,quando
964 4701 1332 4758 coturnicum
1364 4699 1676 4758 multitudo
1696 4703 1855 4760 venit
1874 4708 1931 4760 et

273 4809 461 4865 aquas
490 4791 642 4864 lapis
671 4791 1035 4864 dedit(E.rod.
1057 4794 1198 4861 XVI).
1221 4791 1290 4846 Et
1318 4789 1619 4858 viderunt;
1645 4790 1754 4847 hoc
1782 4791 1928 4866 ipsis

272 4881 699 4955 improperium
732 4880 962 4936 dicitur.
994 4880 1143 4936 Nam
1173 4879 1448 4938 viderunt
1477 4883 1535 4935 et
1566 4883 1758 4937 tamen
1811 4899 1926 4939 non

271 4971 668 5029 crediderunt.

274 5091 337 5145 11
419 5088 796 5159 Quadraginta
825 5088 989 5142 annis
1017 5087 1252 5160 offensus
1278 5087 1370 5158 fui
1403 5089 1744 5158 generationi
1789 5088 1880 5144 illi
1907 5107 1926 5146 :

416 5177 485 5233 Et
513 5177 638 5232 dixi
665 5194 684 5233 :
713 5176 938 5248 Semper
965 5183 1154 5232 errant
1179 5174 1356 5232 corde.

343 5295 390 5350 Α
414 5292 814 5367 Quadraginta
838 5292 1243 5360 annis,omnes
1259 5296 1493 5366 tempus
1511 5293 1641 5350 vita
1672 5311 1925 5367 prasen-

273 5381 350 5438 tis
377 5381 700 5456 signiﬁcat;
733 5381 1011 5438 denarius
1056 5383 1271 5437 etenim
1323 5397 1603 5439 numerus
1633 5384 1924 5456 perfectus

274 5471 501 5545 est,qui
535 5471 675 5528 dum
708 5471 780 5527 ad
811 5475 1066 5544 quatuor
1097 5469 1299 5526 mundi
1331 5475 1526 5543 partes
1556 5472 1918 5547 adjungitur,

274 5562 342 5620 ad
367 5561 906 5640 quadragenarium
937 5577 1124 5635 usque
1153 5559 1430 5636 pervenit.

2035 4581 2254 4637 factum
2286 4584 2375 4638 est
2415 4585 2480 4637 ut
2509 4582 2624 4637 duo
2657 4580 2920 4638 caelestes
2969 4582 3093 4639 dies
3145 4585 3526 4642 annuntiasse
3557 4586 3686 4658 ejus

2037 4668 2283 4743 gloriam
2314 4670 3014 4744 comprobentur,scilicet
3034 4671 3214 4730 Vetus
3245 4674 3687 4734 Testamentum

2037 4763 2095 4814 et
2123 4759 2369 4815 Novum.
2393 4759 2439 4815 H
2462 4760 2734 4816 Christus
2760 4759 2916 4816 enim
2947 4761 3005 4816 in
3032 4765 3281 4834 utroque
3302 4761 3474 4818 lucet.
3501 4762 3689 4819 Nolite

2038 4864 2173 4903 eum
2205 4851 2436 4904 tantum
2465 4849 2523 4905 in
2550 4847 2746 4904 Veteri
2778 4849 3066 4915 nuntiare,
3085 4865 3155 4904 ne
3185 4848 3314 4904 sitis
3334 4849 3518 4905 Judai
3545 4867 3558 4905 :
3583 4866 3688 4908 nec

2039 4936 2232 4992 solum
2263 4937 2321 4992 in
2354 4935 2530 5002 Novo,
2565 4953 2637 4993 ne
2667 4935 2797 4993 sitis
2827 4936 3155 5005 Manichai,
3188 4937 3290 4993 sed
3339 4937 3400 4995 in
3438 4943 3688 5015 utroque

2037 5026 2272 5082 laudate
2303 5041 2462 5082 eum.

2033 5116 2068 5171 3
2177 5115 2517 5172 Annuntiate
2546 5116 2696 5170 inter
2720 5117 2906 5184 gentes
2934 5113 3174 5183 gloriam
3197 5117 3317 5190 ejus
3347 5137 3367 5174 :

2180 5209 2242 5260 In
2271 5205 2524 5260 omnibus
2547 5203 2765 5276 populis
2793 5202 3080 5259 mirabilia
3103 5205 3240 5276 ejus.

2105 5293 2146 5350 C
2176 5293 2462 5350 Dominus
2492 5293 2648 5350 enim
2679 5291 2933 5349 salvator
2961 5293 3324 5353 nuntiandus
3353 5300 3566 5364 erat,et
3584 5313 3690 5370 per

2031 5389 2234 5457 gentes
2278 5399 2508 5456 quoque
2561 5381 2930 5455 pradicanda
2988 5387 3112 5439 erat
3148 5383 3332 5457 gloria
3373 5387 3521 5457 ejus,
3551 5387 3690 5458 quia

2029 5473 2177 5528 tanti
2238 5471 2506 5528 miraculi
2576 5471 2970 5543 pradicabant
3027 5477 3346 5531 auctorem.
3399 5475 3689 5532 Mirabilia

2031 5563 2160 5634 ejus
2191 5579 2204 5619 :
2240 5560 2537 5636 signiﬁcat
2565 5577 2844 5619 arcanum
2877 5561 3298 5623 incarnationis
3327 5561 3560 5635 Christi,
3586 5563 3688 5641 qui
