  <div class='ocr_page' id='page_1' title='image "/cluster/home/n/w/nwhite01/storage/ocr_20150623/142/hvd.32044054760020/182.png"; bbox 0 0 4054 6168; ppageno 0'>
   <div class='ocr_carea' id='block_1_1' title="bbox 225 331 345 394">
    <p class='ocr_par' dir='ltr' id='par_1_1' title="bbox 225 331 345 394">
     <span class='ocr_line' id='line_1_1' title="bbox 225 331 345 394; baseline -0.017 0"><span class='ocrx_word' id='word_1_1' title='bbox 225 331 345 394; x_wconf 76' lang='lat'><strong>833</strong></span> 
     </span>
    </p>
   </div>
   <div class='ocr_carea' id='block_1_2' title="bbox 775 462 1324 524">
    <p class='ocr_par' dir='ltr' id='par_1_2' title="bbox 775 462 1324 524">
     <span class='ocr_line' id='line_1_2' title="bbox 775 462 1324 524; baseline -0.002 -3"><span class='ocrx_word' id='word_1_2' title='bbox 775 462 1098 521; x_wconf 77' lang='lat' dir='ltr'><strong>PSALMUS</strong></span> <span class='ocrx_word' id='word_1_3' title='bbox 1138 463 1324 524; x_wconf 80' lang='lat' dir='ltr'><strong>XCVI.</strong></span> 
     </span>
    </p>
   </div>
   <div class='ocr_carea' id='block_1_3' title="bbox 655 595 1452 644">
    <p class='ocr_par' dir='ltr' id='par_1_3' title="bbox 655 595 1452 644">
     <span class='ocr_line' id='line_1_3' title="bbox 655 595 1452 644; baseline -0.001 -7"><span class='ocrx_word' id='word_1_4' title='bbox 655 597 1059 638; x_wconf 68' lang='lat' dir='ltr'><strong>ARGUMENTUM</strong></span> <span class='ocrx_word' id='word_1_5' title='bbox 1097 595 1452 644; x_wconf 62' lang='lat' dir='ltr'><strong>PSAL.X£VL</strong></span> 
     </span>
    </p>
   </div>
   <div class='ocr_carea' id='block_1_4' title="bbox 299 692 1880 774">
    <p class='ocr_par' dir='ltr' id='par_1_4' title="bbox 299 692 1880 774">
     <span class='ocr_line' id='line_1_4' title="bbox 299 692 1880 774; baseline -0.004 -16"><span class='ocrx_word' id='word_1_6' title='bbox 299 699 340 758; x_wconf 92' lang='lat' dir='ltr'><strong>C</strong></span> <span class='ocrx_word' id='word_1_7' title='bbox 373 699 662 774; x_wconf 78' lang='lat' dir='ltr'><strong>Propheta</strong></span> <span class='ocrx_word' id='word_1_8' title='bbox 691 697 763 755; x_wconf 88' lang='lat' dir='ltr'><strong>de</strong></span> <span class='ocrx_word' id='word_1_9' title='bbox 794 699 982 772; x_wconf 87' lang='lat' dir='ltr'><strong>primo</strong></span> <span class='ocrx_word' id='word_1_10' title='bbox 1013 697 1227 754; x_wconf 84' lang='lat' dir='ltr'><strong>Christi</strong></span> <span class='ocrx_word' id='word_1_11' title='bbox 1286 697 1536 755; x_wconf 89' lang='lat' dir='ltr'><strong>adventu</strong></span> <span class='ocrx_word' id='word_1_12' title='bbox 1587 694 1746 763; x_wconf 80' lang='lat' dir='ltr'><strong>dicit,</strong></span> <span class='ocrx_word' id='word_1_13' title='bbox 1779 692 1880 757; x_wconf 83' lang='lat' dir='ltr'><strong>ad-</strong></span> 
     </span>
    </p>
   </div>
   <div class='ocr_carea' id='block_1_5' title="bbox 229 781 1882 860">
    <p class='ocr_par' dir='ltr' id='par_1_5' title="bbox 229 781 1882 860">
     <span class='ocr_line' id='line_1_5' title="bbox 229 781 1882 860; baseline -0.005 -10"><span class='ocrx_word' id='word_1_14' title='bbox 229 805 483 850; x_wconf 89' lang='lat' dir='ltr'><strong>monens</strong></span> <span class='ocrx_word' id='word_1_15' title='bbox 526 788 728 850; x_wconf 78' lang='lat' dir='ltr'><strong>fideles</strong></span> <span class='ocrx_word' id='word_1_16' title='bbox 770 788 829 844; x_wconf 91' lang='lat' dir='ltr'><strong>in</strong></span> <span class='ocrx_word' id='word_1_17' title='bbox 875 803 941 846; x_wconf 92' lang='lat' dir='ltr'><strong>eo</strong></span> <span class='ocrx_word' id='word_1_18' title='bbox 987 786 1192 857; x_wconf 75' lang='lat' dir='ltr'><strong>lzetari,</strong></span> <span class='ocrx_word' id='word_1_19' title='bbox 1223 792 1281 844; x_wconf 85' lang='lat' dir='ltr'><strong>et</strong></span> <span class='ocrx_word' id='word_1_20' title='bbox 1309 786 1618 860; x_wconf 83' lang='lat' dir='ltr'><strong>increpans</strong></span> <span class='ocrx_word' id='word_1_21' title='bbox 1649 801 1749 842; x_wconf 89' lang='lat' dir='ltr'><strong>eos</strong></span> <span class='ocrx_word' id='word_1_22' title='bbox 1779 781 1882 856; x_wconf 82' lang='lat' dir='ltr'><strong>qui</strong></span> 
     </span>
    </p>
   </div>
   <div class='ocr_carea' id='block_1_6' title="bbox 225 878 784 936">
    <p class='ocr_par' dir='ltr' id='par_1_6' title="bbox 225 878 784 936">
     <span class='ocr_line' id='line_1_6' title="bbox 225 878 784 936; baseline -0.005 0"><span class='ocrx_word' id='word_1_23' title='bbox 225 878 387 936; x_wconf 84' lang='lat' dir='ltr'><strong>idola</strong></span> <span class='ocrx_word' id='word_1_24' title='bbox 411 881 784 934; x_wconf 78' lang='lat' dir='ltr'><strong>venerantur.</strong></span> 
     </span>
    </p>
   </div>
   <div class='ocr_carea' id='block_1_7' title="bbox 229 963 1882 1040">
    <p class='ocr_par' dir='ltr' id='par_1_7' title="bbox 229 963 1882 1040">
     <span class='ocr_line' id='line_1_7' title="bbox 229 963 1882 1040; baseline -0.005 -14"><span class='ocrx_word' id='word_1_25' title='bbox 229 970 348 1026; x_wconf 81' lang='lat' dir='ltr'><strong>TT.</strong></span> <span class='ocrx_word' id='word_1_26' title='bbox 380 968 638 1028; x_wconf 72' lang='lat' dir='ltr'><strong>Psabnus</strong></span> <span class='ocrx_word' id='word_1_27' title='bbox 682 973 737 1034; x_wconf 60' lang='grc' dir='ltr'><strong>εξ·</strong></span> <span class='ocrx_word' id='word_1_28' title='bbox 777 969 887 1040; x_wconf 85' lang='lat' dir='ltr'><strong>ipsi</strong></span> <span class='ocrx_word' id='word_1_29' title='bbox 929 966 1104 1025; x_wconf 80' lang='lat' dir='ltr'><strong>David</strong></span> <span class='ocrx_word' id='word_1_30' title='bbox 1131 985 1152 1022; x_wconf 87' lang='lat'><em>:</em></span> <span class='ocrx_word' id='word_1_31' title='bbox 1201 966 1417 1040; x_wconf 84' lang='lat' dir='ltr'><strong>quando</strong></span> <span class='ocrx_word' id='word_1_32' title='bbox 1445 969 1613 1022; x_wconf 84' lang='lat' dir='ltr'><strong>terra</strong></span> <span class='ocrx_word' id='word_1_33' title='bbox 1650 963 1766 1037; x_wconf 87' lang='lat' dir='ltr'><strong>ejus</strong></span> <span class='ocrx_word' id='word_1_34' title='bbox 1791 977 1882 1018; x_wconf 82' lang='lat' dir='ltr'><strong>re-</strong></span> 
     </span>
    </p>
   </div>
   <div class='ocr_carea' id='block_1_8' title="bbox 900 1058 1220 1112">
    <p class='ocr_par' dir='ltr' id='par_1_8' title="bbox 900 1058 1220 1112">
     <span class='ocr_line' id='line_1_8' title="bbox 900 1058 1220 1112; baseline 0.003 -1"><span class='ocrx_word' id='word_1_35' title='bbox 900 1058 1095 1112; x_wconf 83' lang='lat' dir='ltr'><strong>stituta</strong></span> <span class='ocrx_word' id='word_1_36' title='bbox 1124 1064 1220 1112; x_wconf 87' lang='lat' dir='ltr'><strong>est.</strong></span> 
     </span>
    </p>
   </div>
   <div class='ocr_carea' id='block_1_9' title="bbox 299 1144 1886 1217">
    <p class='ocr_par' dir='ltr' id='par_1_9' title="bbox 299 1144 1886 1217">
     <span class='ocr_line' id='line_1_9' title="bbox 299 1144 1886 1217; baseline -0.006 -12"><span class='ocrx_word' id='word_1_37' title='bbox 299 1148 345 1204; x_wconf 91' lang='lat' dir='ltr'><strong>C</strong></span> <span class='ocrx_word' id='word_1_38' title='bbox 376 1147 557 1205; x_wconf 81' lang='lat' dir='ltr'><strong>Terra</strong></span> <span class='ocrx_word' id='word_1_39' title='bbox 586 1144 790 1213; x_wconf 87' lang='lat' dir='ltr'><strong>David,</strong></span> <span class='ocrx_word' id='word_1_40' title='bbox 823 1162 956 1204; x_wconf 89' lang='lat' dir='ltr'><strong>caro</strong></span> <span class='ocrx_word' id='word_1_41' title='bbox 989 1145 1203 1202; x_wconf 80' lang='lat' dir='ltr'><strong>Christi</strong></span> <span class='ocrx_word' id='word_1_42' title='bbox 1233 1147 1344 1212; x_wconf 88' lang='lat' dir='ltr'><strong>est,</strong></span> <span class='ocrx_word' id='word_1_43' title='bbox 1379 1161 1505 1217; x_wconf 83' lang='lat' dir='ltr'><strong>quae</strong></span> <span class='ocrx_word' id='word_1_44' title='bbox 1554 1147 1685 1217; x_wconf 89' lang='lat' dir='ltr'><strong>post</strong></span> <span class='ocrx_word' id='word_1_45' title='bbox 1713 1157 1886 1215; x_wconf 86' lang='lat' dir='ltr'><strong>sopo-</strong></span> 
     </span>
    </p>
   </div>
   <div class='ocr_carea' id='block_1_10' title="bbox 229 1229 1889 1309">
    <p class='ocr_par' dir='ltr' id='par_1_10' title="bbox 229 1229 1889 1309">
     <span class='ocr_line' id='line_1_10' title="bbox 229 1229 1889 1309; baseline -0.008 -11"><span class='ocrx_word' id='word_1_46' title='bbox 229 1254 356 1298; x_wconf 81' lang='lat' dir='ltr'><strong>rem</strong></span> <span class='ocrx_word' id='word_1_47' title='bbox 390 1234 599 1294; x_wconf 88' lang='lat' dir='ltr'><strong>mortis</strong></span> <span class='ocrx_word' id='word_1_48' title='bbox 627 1235 756 1309; x_wconf 76' lang='lat' dir='ltr'><strong>lege</strong></span> <span class='ocrx_word' id='word_1_49' title='bbox 781 1235 1080 1295; x_wconf 85' lang='lat' dir='ltr'><strong>communi</strong></span> <span class='ocrx_word' id='word_1_50' title='bbox 1125 1238 1455 1294; x_wconf 83' lang='lat' dir='ltr'><strong>restaurata</strong></span> <span class='ocrx_word' id='word_1_51' title='bbox 1491 1237 1586 1290; x_wconf 87' lang='lat' dir='ltr'><strong>est</strong></span> <span class='ocrx_word' id='word_1_52' title='bbox 1615 1232 1676 1288; x_wconf 86' lang='lat' dir='ltr'><strong>in</strong></span> <span class='ocrx_word' id='word_1_53' title='bbox 1703 1229 1889 1304; x_wconf 80' lang='lat' dir='ltr'><strong>gloria</strong></span> 
     </span>
    </p>
   </div>
   <div class='ocr_carea' id='block_1_11' title="bbox 229 1315 1887 1398">
    <p class='ocr_par' dir='ltr' id='par_1_11' title="bbox 229 1315 1887 1398">
     <span class='ocr_line' id='line_1_11' title="bbox 229 1315 1887 1398; baseline -0.005 -14"><span class='ocrx_word' id='word_1_54' title='bbox 229 1342 480 1384; x_wconf 87' lang='lat' dir='ltr'><strong>munere</strong></span> <span class='ocrx_word' id='word_1_55' title='bbox 511 1322 798 1398; x_wconf 82' lang='lat' dir='ltr'><strong>singulari</strong></span> <span class='ocrx_word' id='word_1_56' title='bbox 845 1323 1311 1382; x_wconf 83' lang='lat' dir='ltr'><strong>resurrectionis.</strong></span> <span class='ocrx_word' id='word_1_57' title='bbox 1350 1322 1454 1378; x_wconf 87' lang='lat' dir='ltr'><strong>Vel</strong></span> <span class='ocrx_word' id='word_1_58' title='bbox 1504 1315 1677 1388; x_wconf 76' lang='lat' dir='ltr'><strong>certe,</strong></span> <span class='ocrx_word' id='word_1_59' title='bbox 1712 1326 1887 1390; x_wconf 88' lang='lat' dir='ltr'><strong>terra,</strong></span> 
     </span>
    </p>
   </div>
   <div class='ocr_carea' id='block_1_12' title="bbox 229 1411 1885 1486">
    <p class='ocr_par' dir='ltr' id='par_1_12' title="bbox 229 1411 1885 1486">
     <span class='ocr_line' id='line_1_12' title="bbox 229 1411 1885 1486; baseline -0.002 -16"><span class='ocrx_word' id='word_1_60' title='bbox 229 1421 319 1476; x_wconf 82' lang='lat' dir='ltr'><strong>est</strong></span> <span class='ocrx_word' id='word_1_61' title='bbox 342 1413 626 1480; x_wconf 79' lang='lat' dir='ltr'><strong>Ecclesia,</strong></span> <span class='ocrx_word' id='word_1_62' title='bbox 653 1413 712 1470; x_wconf 91' lang='lat' dir='ltr'><strong>id</strong></span> <span class='ocrx_word' id='word_1_63' title='bbox 733 1417 824 1470; x_wconf 90' lang='lat' dir='ltr'><strong>est</strong></span> <span class='ocrx_word' id='word_1_64' title='bbox 846 1429 1055 1486; x_wconf 90' lang='lat' dir='ltr'><strong>corpus</strong></span> <span class='ocrx_word' id='word_1_65' title='bbox 1086 1412 1298 1472; x_wconf 82' lang='lat' dir='ltr'><strong>Christi</strong></span> <span class='ocrx_word' id='word_1_66' title='bbox 1327 1411 1660 1484; x_wconf 85' lang='lat' dir='ltr'><strong>mysticum,</strong></span> <span class='ocrx_word' id='word_1_67' title='bbox 1684 1425 1885 1475; x_wconf 78' lang='lat' dir='ltr'><strong>omnes,</strong></span> 
     </span>
    </p>
   </div>
   <div class='ocr_carea' id='block_1_13' title="bbox 228 1503 677 1575">
    <p class='ocr_par' dir='ltr' id='par_1_13' title="bbox 228 1503 677 1575">
     <span class='ocr_line' id='line_1_13' title="bbox 228 1503 677 1575; baseline -0.013 -11"><span class='ocrx_word' id='word_1_68' title='bbox 228 1507 442 1564; x_wconf 84' lang='lat' dir='ltr'><strong>scilicet</strong></span> <span class='ocrx_word' id='word_1_69' title='bbox 467 1503 677 1575; x_wconf 78' lang='lat' dir='ltr'><strong>ﬁdeles.</strong></span> 
     </span>
    </p>
   </div>
   <div class='ocr_carea' id='block_1_14' title="bbox 233 1592 1445 1668">
    <p class='ocr_par' dir='ltr' id='par_1_14' title="bbox 233 1592 1445 1668">
     <span class='ocr_line' id='line_1_14' title="bbox 233 1592 1445 1668; baseline -0.003 -17"><span class='ocrx_word' id='word_1_70' title='bbox 233 1598 258 1651; x_wconf 86' lang='grc'><strong>1</strong></span> <span class='ocrx_word' id='word_1_71' title='bbox 379 1595 647 1650; x_wconf 79' lang='lat' dir='ltr'><strong>Dominus</strong></span> <span class='ocrx_word' id='word_1_72' title='bbox 676 1594 950 1668; x_wconf 73' lang='lat' dir='ltr'><strong>regnavit,</strong></span> <span class='ocrx_word' id='word_1_73' title='bbox 983 1592 1218 1650; x_wconf 71' lang='lat' dir='ltr'><strong>exsultet</strong></span> <span class='ocrx_word' id='word_1_74' title='bbox 1247 1596 1394 1650; x_wconf 85' lang='lat' dir='ltr'><strong>terra</strong></span> <span class='ocrx_word' id='word_1_75' title='bbox 1424 1609 1445 1647; x_wconf 85' lang='lat'><strong><em>:</em></strong></span> 
     </span>
    </p>
   </div>
   <div class='ocr_carea' id='block_1_15' title="bbox 381 1681 1126 1742">
    <p class='ocr_par' dir='ltr' id='par_1_15' title="bbox 381 1681 1126 1742">
     <span class='ocr_line' id='line_1_15' title="bbox 381 1681 1126 1742; baseline -0.008 0"><span class='ocrx_word' id='word_1_76' title='bbox 381 1685 662 1742; x_wconf 69' lang='lat' dir='ltr'><strong>Lactentur</strong></span> <span class='ocrx_word' id='word_1_77' title='bbox 691 1682 892 1738; x_wconf 70' lang='lat' dir='ltr'><strong>insulse</strong></span> <span class='ocrx_word' id='word_1_78' title='bbox 916 1681 1126 1740; x_wconf 56' lang='lat' dir='ltr'><strong>multm.</strong></span> 
     </span>
    </p>
   </div>
   <div class='ocr_carea' id='block_1_16' title="bbox 303 1767 1890 1846">
    <p class='ocr_par' dir='ltr' id='par_1_16' title="bbox 303 1767 1890 1846">
     <span class='ocr_line' id='line_1_16' title="bbox 303 1767 1890 1846; baseline -0.004 -18"><span class='ocrx_word' id='word_1_79' title='bbox 303 1777 346 1828; x_wconf 91' lang='lat' dir='ltr'><strong>C</strong></span> <span class='ocrx_word' id='word_1_80' title='bbox 383 1772 665 1830; x_wconf 89' lang='lat' dir='ltr'><strong>Dominus</strong></span> <span class='ocrx_word' id='word_1_81' title='bbox 695 1770 1127 1846; x_wconf 88' lang='lat' dir='ltr'><strong>regnavit,quis</strong></span> <span class='ocrx_word' id='word_1_82' title='bbox 1149 1785 1287 1844; x_wconf 90' lang='lat' dir='ltr'><strong>ergo</strong></span> <span class='ocrx_word' id='word_1_83' title='bbox 1310 1769 1456 1827; x_wconf 82' lang='lat' dir='ltr'><strong>alter</strong></span> <span class='ocrx_word' id='word_1_84' title='bbox 1484 1767 1768 1824; x_wconf 87' lang='lat' dir='ltr'><strong>colendus</strong></span> <span class='ocrx_word' id='word_1_85' title='bbox 1781 1769 1890 1832; x_wconf 83' lang='lat' dir='ltr'><strong>est,</strong></span> 
     </span>
    </p>
   </div>
   <div class='ocr_carea' id='block_1_17' title="bbox 231 1839 1964 1937">
    <p class='ocr_par' dir='ltr' id='par_1_17' title="bbox 231 1839 1964 1937">
     <span class='ocr_line' id='line_1_17' title="bbox 231 1839 1964 1937; baseline -0.008 -17"><span class='ocrx_word' id='word_1_86' title='bbox 231 1865 350 1928; x_wconf 78' lang='lat' dir='ltr'><strong>nisi</strong></span> <span class='ocrx_word' id='word_1_87' title='bbox 387 1862 488 1920; x_wconf 85' lang='lat' dir='ltr'><strong>ille</strong></span> <span class='ocrx_word' id='word_1_88' title='bbox 511 1861 618 1937; x_wconf 83' lang='lat' dir='ltr'><strong>qui</strong></span> <span class='ocrx_word' id='word_1_89' title='bbox 650 1839 812 1918; x_wconf 64' lang='lat' dir='ltr'><strong>solus</strong></span> <span class='ocrx_word' id='word_1_90' title='bbox 861 1839 1245 1934; x_wconf 62' lang='lat' dir='ltr'><strong>cognoscitur</strong></span> <span class='ocrx_word' id='word_1_91' title='bbox 1264 1859 1550 1932; x_wconf 84' lang='lat' dir='ltr'><strong>imperare</strong></span> <span class='ocrx_word' id='word_1_92' title='bbox 1570 1857 1600 1913; x_wconf 84' lang='lat'><strong>?</strong></span> <span class='ocrx_word' id='word_1_93' title='bbox 1628 1855 1889 1914; x_wconf 81' lang='lat' dir='ltr'><strong>Exsultat</strong></span> <span class='ocrx_word' id='word_1_94' title='bbox 1917 1839 1964 1904; x_wconf 84' lang='lat' dir='ltr'><strong>D</strong></span> 
     </span>
    </p>
   </div>
   <div class='ocr_carea' id='block_1_18' title="bbox 236 1945 1888 2024">
    <p class='ocr_par' dir='ltr' id='par_1_18' title="bbox 236 1945 1888 2024">
     <span class='ocr_line' id='line_1_18' title="bbox 236 1945 1888 2024; baseline -0.007 -13"><span class='ocrx_word' id='word_1_95' title='bbox 236 1958 414 2020; x_wconf 83' lang='lat' dir='ltr'><strong>terra,</strong></span> <span class='ocrx_word' id='word_1_96' title='bbox 449 1952 507 2007; x_wconf 88' lang='lat' dir='ltr'><strong>id</strong></span> <span class='ocrx_word' id='word_1_97' title='bbox 539 1956 629 2008; x_wconf 90' lang='lat' dir='ltr'><strong>est</strong></span> <span class='ocrx_word' id='word_1_98' title='bbox 657 1967 844 2024; x_wconf 85' lang='lat' dir='ltr'><strong>genus</strong></span> <span class='ocrx_word' id='word_1_99' title='bbox 874 1949 1224 2016; x_wconf 85' lang='lat' dir='ltr'><strong>humanum,</strong></span> <span class='ocrx_word' id='word_1_100' title='bbox 1256 1948 1314 2004; x_wconf 91' lang='lat' dir='ltr'><strong>in</strong></span> <span class='ocrx_word' id='word_1_101' title='bbox 1362 1966 1470 2004; x_wconf 92' lang='lat' dir='ltr'><strong>sua</strong></span> <span class='ocrx_word' id='word_1_102' title='bbox 1508 1945 1888 2020; x_wconf 82' lang='lat' dir='ltr'><strong>reparatione.</strong></span> 
     </span>
    </p>
   </div>
   <div class='ocr_carea' id='block_1_19' title="bbox 239 2035 1894 2112">
    <p class='ocr_par' dir='ltr' id='par_1_19' title="bbox 239 2035 1894 2112">
     <span class='ocr_line' id='line_1_19' title="bbox 239 2035 1894 2112; baseline -0.007 -12"><span class='ocrx_word' id='word_1_103' title='bbox 239 2045 536 2100; x_wconf 63' lang='lat' dir='ltr'><strong>Laetamur</strong></span> <span class='ocrx_word' id='word_1_104' title='bbox 563 2037 792 2108; x_wconf 61' lang='lat' dir='ltr'><strong>insulae,</strong></span> <span class='ocrx_word' id='word_1_105' title='bbox 815 2039 874 2094; x_wconf 88' lang='lat' dir='ltr'><strong>id</strong></span> <span class='ocrx_word' id='word_1_106' title='bbox 896 2043 984 2096; x_wconf 90' lang='lat' dir='ltr'><strong>est</strong></span> <span class='ocrx_word' id='word_1_107' title='bbox 1005 2037 1259 2095; x_wconf 75' lang='lat' dir='ltr'><strong>ecclesiae</strong></span> <span class='ocrx_word' id='word_1_108' title='bbox 1279 2037 1562 2112; x_wconf 84' lang='lat' dir='ltr'><strong>gentium.</strong></span> <span class='ocrx_word' id='word_1_109' title='bbox 1587 2035 1740 2093; x_wconf 90' lang='lat' dir='ltr'><strong>Dicit</strong></span> <span class='ocrx_word' id='word_1_110' title='bbox 1762 2050 1894 2090; x_wconf 85' lang='lat' dir='ltr'><strong>vero</strong></span> 
     </span>
    </p>
   </div>
   <div class='ocr_carea' id='block_1_20' title="bbox 233 2125 1807 2207">
    <p class='ocr_par' dir='ltr' id='par_1_20' title="bbox 233 2125 1807 2207">
     <span class='ocr_line' id='line_1_20' title="bbox 233 2125 1807 2207; baseline -0.007 -19"><span class='ocrx_word' id='word_1_111' title='bbox 233 2132 442 2188; x_wconf 63' lang='lat' dir='ltr'><strong>multa:</strong></span> <span class='ocrx_word' id='word_1_112' title='bbox 474 2147 590 2187; x_wconf 89' lang='lat' dir='ltr'><strong>non</strong></span> <span class='ocrx_word' id='word_1_113' title='bbox 615 2145 849 2207; x_wconf 79' lang='lat' dir='ltr'><strong>omnes,</strong></span> <span class='ocrx_word' id='word_1_114' title='bbox 879 2132 1115 2204; x_wconf 85' lang='lat' dir='ltr'><strong>propter</strong></span> <span class='ocrx_word' id='word_1_115' title='bbox 1145 2127 1445 2184; x_wconf 75' lang='lat' dir='ltr'><strong>haereticus</strong></span> <span class='ocrx_word' id='word_1_116' title='bbox 1476 2125 1807 2199; x_wconf 74' lang='lat' dir='ltr'><strong>pravitates.</strong></span> 
     </span>
    </p>
   </div>
   <div class='ocr_carea' id='block_1_21' title="bbox 236 2217 1414 2290">
    <p class='ocr_par' dir='ltr' id='par_1_21' title="bbox 236 2217 1414 2290">
     <span class='ocr_line' id='line_1_21' title="bbox 236 2217 1414 2290; baseline -0.005 -13"><span class='ocrx_word' id='word_1_117' title='bbox 236 2227 273 2277; x_wconf 86' lang='lat'><strong>2</strong></span> <span class='ocrx_word' id='word_1_118' title='bbox 389 2221 578 2276; x_wconf 85' lang='lat' dir='ltr'><strong>Nubes</strong></span> <span class='ocrx_word' id='word_1_119' title='bbox 605 2227 657 2275; x_wconf 88' lang='lat' dir='ltr'><strong>et</strong></span> <span class='ocrx_word' id='word_1_120' title='bbox 683 2219 866 2290; x_wconf 83' lang='lat' dir='ltr'><strong>caligo</strong></span> <span class='ocrx_word' id='word_1_121' title='bbox 896 2220 952 2272; x_wconf 88' lang='lat' dir='ltr'><strong>in</strong></span> <span class='ocrx_word' id='word_1_122' title='bbox 983 2219 1219 2274; x_wconf 86' lang='lat' dir='ltr'><strong>circuitu</strong></span> <span class='ocrx_word' id='word_1_123' title='bbox 1248 2217 1366 2288; x_wconf 82' lang='lat' dir='ltr'><strong>ejus</strong></span> <span class='ocrx_word' id='word_1_124' title='bbox 1401 2233 1414 2271; x_wconf 91' lang='lat'>:</span> 
     </span>
    </p>
   </div>
   <div class='ocr_carea' id='block_1_22' title="bbox 384 2305 1597 2383">
    <p class='ocr_par' dir='ltr' id='par_1_22' title="bbox 384 2305 1597 2383">
     <span class='ocr_line' id='line_1_22' title="bbox 384 2305 1597 2383; baseline -0.006 -16"><span class='ocrx_word' id='word_1_125' title='bbox 384 2309 611 2367; x_wconf 77' lang='lat' dir='ltr'><strong>Iustitia</strong></span> <span class='ocrx_word' id='word_1_126' title='bbox 635 2317 690 2364; x_wconf 88' lang='lat' dir='ltr'><strong>et</strong></span> <span class='ocrx_word' id='word_1_127' title='bbox 708 2306 988 2383; x_wconf 78' lang='lat' dir='ltr'><strong>judicium</strong></span> <span class='ocrx_word' id='word_1_128' title='bbox 1014 2307 1270 2366; x_wconf 78' lang='lat' dir='ltr'><strong>correctio</strong></span> <span class='ocrx_word' id='word_1_129' title='bbox 1293 2305 1435 2362; x_wconf 86' lang='lat' dir='ltr'><strong>sedis</strong></span> <span class='ocrx_word' id='word_1_130' title='bbox 1462 2307 1597 2378; x_wconf 84' lang='lat' dir='ltr'><strong>ejus.</strong></span> 
     </span>
    </p>
   </div>
   <div class='ocr_carea' id='block_1_23' title="bbox 315 2391 1898 2475">
    <p class='ocr_par' dir='ltr' id='par_1_23' title="bbox 315 2391 1898 2475">
     <span class='ocr_line' id='line_1_23' title="bbox 315 2391 1898 2475; baseline -0.006 -19"><span class='ocrx_word' id='word_1_131' title='bbox 315 2400 361 2456; x_wconf 88' lang='lat' dir='ltr'><strong>C</strong></span> <span class='ocrx_word' id='word_1_132' title='bbox 388 2399 454 2458; x_wconf 88' lang='lat' dir='ltr'><strong>In</strong></span> <span class='ocrx_word' id='word_1_133' title='bbox 481 2399 594 2454; x_wconf 87' lang='lat' dir='ltr'><strong>hoc</strong></span> <span class='ocrx_word' id='word_1_134' title='bbox 619 2414 810 2475; x_wconf 85' lang='lat' dir='ltr'><strong>versu,</strong></span> <span class='ocrx_word' id='word_1_135' title='bbox 845 2395 1036 2470; x_wconf 87' lang='lat' dir='ltr'><strong>qualis</strong></span> <span class='ocrx_word' id='word_1_136' title='bbox 1065 2397 1144 2452; x_wconf 90' lang='lat' dir='ltr'><strong>sit</strong></span> <span class='ocrx_word' id='word_1_137' title='bbox 1172 2395 1457 2453; x_wconf 88' lang='lat' dir='ltr'><strong>Dominus</strong></span> <span class='ocrx_word' id='word_1_138' title='bbox 1474 2393 1672 2468; x_wconf 88' lang='lat' dir='ltr'><strong>impiis</strong></span> <span class='ocrx_word' id='word_1_139' title='bbox 1693 2391 1777 2449; x_wconf 87' lang='lat' dir='ltr'><strong>vel</strong></span> <span class='ocrx_word' id='word_1_140' title='bbox 1809 2409 1898 2448; x_wconf 54' lang='lat' dir='ltr'><strong>rev-</strong></span> 
     </span>
    </p>
   </div>
   <div class='ocr_carea' id='block_1_24' title="bbox 237 2482 1902 2564">
    <p class='ocr_par' dir='ltr' id='par_1_24' title="bbox 237 2482 1902 2564">
     <span class='ocr_line' id='line_1_24' title="bbox 237 2482 1902 2564; baseline -0.006 -16"><span class='ocrx_word' id='word_1_141' title='bbox 237 2489 476 2564; x_wconf 82' lang='lat' dir='ltr'><strong>ligiosis</strong></span> <span class='ocrx_word' id='word_1_142' title='bbox 506 2485 1127 2547; x_wconf 83' lang='lat' dir='ltr'><strong>narratur.l\&#39;ubilosus</strong></span> <span class='ocrx_word' id='word_1_143' title='bbox 1153 2489 1210 2542; x_wconf 89' lang='lat' dir='ltr'><strong>et</strong></span> <span class='ocrx_word' id='word_1_144' title='bbox 1239 2483 1596 2558; x_wconf 88' lang='lat' dir='ltr'><strong>caliginosus</strong></span> <span class='ocrx_word' id='word_1_145' title='bbox 1627 2486 1716 2540; x_wconf 90' lang='lat' dir='ltr'><strong>est</strong></span> <span class='ocrx_word' id='word_1_146' title='bbox 1747 2482 1902 2538; x_wconf 85' lang='lat' dir='ltr'><strong>inde-</strong></span> 
     </span>
    </p>
   </div>
   <div class='ocr_carea' id='block_1_25' title="bbox 242 2571 1904 2646">
    <p class='ocr_par' dir='ltr' id='par_1_25' title="bbox 242 2571 1904 2646">
     <span class='ocr_line' id='line_1_25' title="bbox 242 2571 1904 2646; baseline -0.005 -12"><span class='ocrx_word' id='word_1_147' title='bbox 242 2578 420 2646; x_wconf 82' lang='lat' dir='ltr'><strong>votis,</strong></span> <span class='ocrx_word' id='word_1_148' title='bbox 454 2577 599 2634; x_wconf 89' lang='lat' dir='ltr'><strong>dum</strong></span> <span class='ocrx_word' id='word_1_149' title='bbox 629 2577 937 2634; x_wconf 88' lang='lat' dir='ltr'><strong>tenebrosa</strong></span> <span class='ocrx_word' id='word_1_150' title='bbox 965 2576 1143 2636; x_wconf 86' lang='lat' dir='ltr'><strong>corda</strong></span> <span class='ocrx_word' id='word_1_151' title='bbox 1173 2573 1336 2632; x_wconf 86' lang='lat' dir='ltr'><strong>nulla</strong></span> <span class='ocrx_word' id='word_1_152' title='bbox 1359 2573 1618 2629; x_wconf 81' lang='lat' dir='ltr'><strong>claritate</strong></span> <span class='ocrx_word' id='word_1_153' title='bbox 1648 2571 1904 2644; x_wconf 78' lang='lat' dir='ltr'><strong>reSplen-</strong></span> 
     </span>
    </p>
   </div>
   <div class='ocr_carea' id='block_1_26' title="bbox 241 2663 1901 2739">
    <p class='ocr_par' dir='ltr' id='par_1_26' title="bbox 241 2663 1901 2739">
     <span class='ocr_line' id='line_1_26' title="bbox 241 2663 1901 2739; baseline -0.006 -14"><span class='ocrx_word' id='word_1_154' title='bbox 241 2667 674 2725; x_wconf 83' lang='lat' dir='ltr'><strong>dent.Justitia</strong></span> <span class='ocrx_word' id='word_1_155' title='bbox 704 2681 836 2722; x_wconf 87' lang='lat' dir='ltr'><strong>vero</strong></span> <span class='ocrx_word' id='word_1_156' title='bbox 868 2663 1252 2736; x_wconf 89' lang='lat' dir='ltr'><strong>etjudicium,</strong></span> <span class='ocrx_word' id='word_1_157' title='bbox 1277 2663 1370 2719; x_wconf 90' lang='lat' dir='ltr'><strong>his</strong></span> <span class='ocrx_word' id='word_1_158' title='bbox 1393 2663 1494 2739; x_wconf 86' lang='lat' dir='ltr'><strong>qui</strong></span> <span class='ocrx_word' id='word_1_159' title='bbox 1526 2663 1585 2718; x_wconf 90' lang='lat' dir='ltr'><strong>in</strong></span> <span class='ocrx_word' id='word_1_160' title='bbox 1617 2679 1751 2718; x_wconf 90' lang='lat' dir='ltr'><strong>eum</strong></span> <span class='ocrx_word' id='word_1_161' title='bbox 1773 2678 1901 2716; x_wconf 89' lang='lat' dir='ltr'><strong>cre-</strong></span> 
     </span>
    </p>
   </div>
   <div class='ocr_carea' id='block_1_27' title="bbox 237 2751 1906 2826">
    <p class='ocr_par' dir='ltr' id='par_1_27' title="bbox 237 2751 1906 2826">
     <span class='ocr_line' id='line_1_27' title="bbox 237 2751 1906 2826; baseline -0.007 -11"><span class='ocrx_word' id='word_1_162' title='bbox 237 2759 426 2822; x_wconf 76' lang='lat' dir='ltr'><strong>dunt,</strong></span> <span class='ocrx_word' id='word_1_163' title='bbox 455 2755 705 2814; x_wconf 75' lang='lat' dir='ltr'><strong>etsedes</strong></span> <span class='ocrx_word' id='word_1_164' title='bbox 731 2755 858 2826; x_wconf 83' lang='lat' dir='ltr'><strong>ejus</strong></span> <span class='ocrx_word' id='word_1_165' title='bbox 887 2752 1040 2809; x_wconf 79' lang='lat' dir='ltr'><strong>effici</strong></span> <span class='ocrx_word' id='word_1_166' title='bbox 1067 2755 1407 2826; x_wconf 83' lang='lat' dir='ltr'><strong>meruerunt</strong></span> <span class='ocrx_word' id='word_1_167' title='bbox 1431 2769 1444 2819; x_wconf 91' lang='lat'><strong>;</strong></span> <span class='ocrx_word' id='word_1_168' title='bbox 1479 2753 1575 2824; x_wconf 89' lang='lat' dir='ltr'><strong>qui</strong></span> <span class='ocrx_word' id='word_1_169' title='bbox 1611 2751 1755 2806; x_wconf 87' lang='lat' dir='ltr'><strong>bene</strong></span> <span class='ocrx_word' id='word_1_170' title='bbox 1783 2767 1906 2805; x_wconf 89' lang='lat' dir='ltr'><strong>cor-</strong></span> 
     </span>
    </p>
   </div>
   <div class='ocr_carea' id='block_1_28' title="bbox 243 2840 1906 2917">
    <p class='ocr_par' dir='ltr' id='par_1_28' title="bbox 243 2840 1906 2917">
     <span class='ocr_line' id='line_1_28' title="bbox 243 2840 1906 2917; baseline -0.004 -14"><span class='ocrx_word' id='word_1_171' title='bbox 243 2846 434 2908; x_wconf 77' lang='lat' dir='ltr'><strong>rectio</strong></span> <span class='ocrx_word' id='word_1_172' title='bbox 478 2848 776 2908; x_wconf 78' lang='lat' dir='ltr'><strong>vocantur,</strong></span> <span class='ocrx_word' id='word_1_173' title='bbox 811 2843 950 2917; x_wconf 83' lang='lat' dir='ltr'><strong>quia</strong></span> <span class='ocrx_word' id='word_1_174' title='bbox 1005 2842 1291 2916; x_wconf 80' lang='lat' dir='ltr'><strong>pravitate</strong></span> <span class='ocrx_word' id='word_1_175' title='bbox 1345 2841 1526 2905; x_wconf 85' lang='lat' dir='ltr'><strong>exuti,</strong></span> <span class='ocrx_word' id='word_1_176' title='bbox 1557 2845 1614 2896; x_wconf 91' lang='lat' dir='ltr'><strong>et</strong></span> <span class='ocrx_word' id='word_1_177' title='bbox 1659 2840 1819 2912; x_wconf 85' lang='lat' dir='ltr'><strong>recti,</strong></span> <span class='ocrx_word' id='word_1_178' title='bbox 1847 2843 1906 2904; x_wconf 78' lang='lat' dir='ltr'><strong>et</strong></span> 
     </span>
    </p>
   </div>
   <div class='ocr_carea' id='block_1_29' title="bbox 249 2933 918 3004">
    <p class='ocr_par' dir='ltr' id='par_1_29' title="bbox 249 2933 918 3004">
     <span class='ocr_line' id='line_1_29' title="bbox 249 2933 918 3004; baseline -0.009 -9"><span class='ocrx_word' id='word_1_179' title='bbox 249 2936 358 2994; x_wconf 84' lang='lat' dir='ltr'><strong>Dei</strong></span> <span class='ocrx_word' id='word_1_180' title='bbox 389 2935 559 3004; x_wconf 81' lang='lat' dir='ltr'><strong>sedes</strong></span> <span class='ocrx_word' id='word_1_181' title='bbox 590 2933 722 2990; x_wconf 71' lang='lat' dir='ltr'><strong>iacti</strong></span> <span class='ocrx_word' id='word_1_182' title='bbox 757 2936 918 2989; x_wconf 86' lang='lat' dir='ltr'><strong>sunt.</strong></span> 
     </span>
    </p>
   </div>
   <div class='ocr_carea' id='block_1_30' title="bbox 249 3029 1252 3104">
    <p class='ocr_par' dir='ltr' id='par_1_30' title="bbox 249 3029 1252 3104">
     <span class='ocr_line' id='line_1_30' title="bbox 249 3029 1252 3104; baseline -0.005 -13"><span class='ocrx_word' id='word_1_183' title='bbox 249 3037 286 3091; x_wconf 89' lang='lat'>3</span> <span class='ocrx_word' id='word_1_184' title='bbox 399 3035 550 3104; x_wconf 80' lang='lat' dir='ltr'><strong>Ignis</strong></span> <span class='ocrx_word' id='word_1_185' title='bbox 579 3039 704 3095; x_wconf 79' lang='lat' dir='ltr'><strong>ante</strong></span> <span class='ocrx_word' id='word_1_186' title='bbox 733 3032 912 3103; x_wconf 82' lang='lat' dir='ltr'><strong>ipsum</strong></span> <span class='ocrx_word' id='word_1_187' title='bbox 936 3029 1206 3103; x_wconf 71' lang='lat' dir='ltr'><strong>praecedet</strong></span> <span class='ocrx_word' id='word_1_188' title='bbox 1233 3047 1252 3086; x_wconf 89' lang='lat'><em>:</em></span> 
     </span>
    </p>
   </div>
   <div class='ocr_carea' id='block_1_31' title="bbox 396 3118 1672 3192">
    <p class='ocr_par' dir='ltr' id='par_1_31' title="bbox 396 3118 1672 3192">
     <span class='ocr_line' id='line_1_31' title="bbox 396 3118 1672 3192; baseline -0.006 -12"><span class='ocrx_word' id='word_1_189' title='bbox 396 3124 466 3180; x_wconf 77' lang='lat' dir='ltr'><strong>Et</strong></span> <span class='ocrx_word' id='word_1_190' title='bbox 493 3120 860 3192; x_wconf 73' lang='lat' dir='ltr'><strong>inﬂammabit</strong></span> <span class='ocrx_word' id='word_1_191' title='bbox 890 3122 948 3176; x_wconf 79' lang='lat' dir='ltr'><strong>in</strong></span> <span class='ocrx_word' id='word_1_192' title='bbox 978 3119 1214 3176; x_wconf 77' lang='lat' dir='ltr'><strong>circuitu</strong></span> <span class='ocrx_word' id='word_1_193' title='bbox 1247 3118 1500 3178; x_wconf 82' lang='lat' dir='ltr'><strong>inimicos</strong></span> <span class='ocrx_word' id='word_1_194' title='bbox 1536 3118 1672 3190; x_wconf 83' lang='lat' dir='ltr'><strong>ejus.</strong></span> 
     </span>
    </p>
   </div>
   <div class='ocr_carea' id='block_1_32' title="bbox 329 3205 1982 3281">
    <p class='ocr_par' dir='ltr' id='par_1_32' title="bbox 329 3205 1982 3281">
     <span class='ocr_line' id='line_1_32' title="bbox 329 3205 1982 3281; baseline -0.005 -14"><span class='ocrx_word' id='word_1_195' title='bbox 329 3212 374 3267; x_wconf 93' lang='lat' dir='ltr'><strong>C</strong></span> <span class='ocrx_word' id='word_1_196' title='bbox 402 3212 552 3267; x_wconf 84' lang='lat' dir='ltr'><strong>Ante</strong></span> <span class='ocrx_word' id='word_1_197' title='bbox 573 3211 886 3267; x_wconf 85' lang='lat' dir='ltr'><strong>adventum</strong></span> <span class='ocrx_word' id='word_1_198' title='bbox 909 3208 1139 3266; x_wconf 87' lang='lat' dir='ltr'><strong>Domini</strong></span> <span class='ocrx_word' id='word_1_199' title='bbox 1164 3207 1317 3281; x_wconf 82' lang='lat' dir='ltr'><strong>ignis</strong></span> <span class='ocrx_word' id='word_1_200' title='bbox 1340 3205 1656 3280; x_wconf 66' lang='lat' dir='ltr'><strong>praeessit,</strong></span> <span class='ocrx_word' id='word_1_201' title='bbox 1674 3205 1908 3277; x_wconf 87' lang='lat' dir='ltr'><strong>quando</strong></span> <span class='ocrx_word' id='word_1_202' title='bbox 1937 3205 1982 3273; x_wconf 73' lang='lat' dir='ltr'><strong>ﬂ</strong></span> 
     </span>
    </p>
   </div>
   <div class='ocr_carea' id='block_1_33' title="bbox 259 3294 1905 3374">
    <p class='ocr_par' dir='ltr' id='par_1_33' title="bbox 259 3294 1905 3374">
     <span class='ocr_line' id='line_1_33' title="bbox 259 3294 1905 3374; baseline -0.005 -16"><span class='ocrx_word' id='word_1_203' title='bbox 259 3320 294 3358; x_wconf 86' lang='lat' dir='ltr'><strong>a</strong></span> <span class='ocrx_word' id='word_1_204' title='bbox 319 3299 726 3374; x_wconf 61' lang='lat' dir='ltr'><strong>pradicatione</strong></span> <span class='ocrx_word' id='word_1_205' title='bbox 757 3298 1172 3372; x_wconf 86' lang='lat' dir='ltr'><strong>prophetarum</strong></span> <span class='ocrx_word' id='word_1_206' title='bbox 1205 3296 1380 3353; x_wconf 81' lang='lat' dir='ltr'><strong>corda</strong></span> <span class='ocrx_word' id='word_1_207' title='bbox 1426 3295 1754 3353; x_wconf 82' lang='lat' dir='ltr'><strong>inﬁdelium</strong></span> <span class='ocrx_word' id='word_1_208' title='bbox 1795 3294 1905 3350; x_wconf 83' lang='lat' dir='ltr'><strong>fre-</strong></span> 
     </span>
    </p>
   </div>
   <div class='ocr_carea' id='block_1_34' title="bbox 251 3385 1909 3457">
    <p class='ocr_par' dir='ltr' id='par_1_34' title="bbox 251 3385 1909 3457">
     <span class='ocr_line' id='line_1_34' title="bbox 251 3385 1909 3457; baseline -0.007 -7"><span class='ocrx_word' id='word_1_209' title='bbox 251 3395 565 3455; x_wconf 65' lang='lat' dir='ltr'><strong>muerunt,</strong></span> <span class='ocrx_word' id='word_1_210' title='bbox 586 3389 667 3450; x_wconf 80' lang='lat' dir='ltr'><strong>ita</strong></span> <span class='ocrx_word' id='word_1_211' title='bbox 684 3393 771 3457; x_wconf 74' lang='lat' dir='ltr'><strong>ut,</strong></span> <span class='ocrx_word' id='word_1_212' title='bbox 793 3389 1000 3444; x_wconf 83' lang='lat' dir='ltr'><strong>ardore</strong></span> <span class='ocrx_word' id='word_1_213' title='bbox 1023 3386 1336 3448; x_wconf 64' lang='lat' dir='ltr'><strong>iracundia:</strong></span> <span class='ocrx_word' id='word_1_214' title='bbox 1357 3385 1648 3453; x_wconf 87' lang='lat' dir='ltr'><strong>succensi,</strong></span> <span class='ocrx_word' id='word_1_215' title='bbox 1676 3385 1747 3440; x_wconf 90' lang='lat' dir='ltr'><strong>de</strong></span> <span class='ocrx_word' id='word_1_216' title='bbox 1768 3400 1909 3456; x_wconf 71' lang='lat' dir='ltr'><strong>prae-</strong></span> 
     </span>
    </p>
   </div>
   <div class='ocr_carea' id='block_1_35' title="bbox 250 3473 1910 3546">
    <p class='ocr_par' dir='ltr' id='par_1_35' title="bbox 250 3473 1910 3546">
     <span class='ocr_line' id='line_1_35' title="bbox 250 3473 1910 3546; baseline -0.003 -13"><span class='ocrx_word' id='word_1_217' title='bbox 250 3479 585 3540; x_wconf 79' lang='lat' dir='ltr'><strong>dicantinm</strong></span> <span class='ocrx_word' id='word_1_218' title='bbox 622 3493 760 3538; x_wconf 81' lang='lat' dir='ltr'><strong>nece</strong></span> <span class='ocrx_word' id='word_1_219' title='bbox 792 3480 1125 3542; x_wconf 80' lang='lat' dir='ltr'><strong>tractarent.</strong></span> <span class='ocrx_word' id='word_1_220' title='bbox 1149 3477 1217 3532; x_wconf 89' lang='lat' dir='ltr'><strong>Et</strong></span> <span class='ocrx_word' id='word_1_221' title='bbox 1245 3473 1655 3546; x_wconf 77' lang='lat' dir='ltr'><strong>inflammabit,</strong></span> <span class='ocrx_word' id='word_1_222' title='bbox 1688 3473 1910 3529; x_wconf 88' lang='lat' dir='ltr'><strong>scilicet</strong></span> 
     </span>
    </p>
   </div>
   <div class='ocr_carea' id='block_1_36' title="bbox 256 3561 1910 3644">
    <p class='ocr_par' dir='ltr' id='par_1_36' title="bbox 256 3561 1910 3644">
     <span class='ocr_line' id='line_1_36' title="bbox 256 3561 1910 3644; baseline -0.004 -18"><span class='ocrx_word' id='word_1_223' title='bbox 256 3570 473 3644; x_wconf 81' lang='lat' dir='ltr'><strong>impios</strong></span> <span class='ocrx_word' id='word_1_224' title='bbox 494 3566 1032 3628; x_wconf 85' lang='lat' dir='ltr'><strong>adversuselectos.</strong></span> <span class='ocrx_word' id='word_1_225' title='bbox 1049 3570 1112 3628; x_wconf 82' lang='lat' dir='ltr'><strong>In</strong></span> <span class='ocrx_word' id='word_1_226' title='bbox 1132 3565 1401 3632; x_wconf 81' lang='lat' dir='ltr'><strong>circuitu,</strong></span> <span class='ocrx_word' id='word_1_227' title='bbox 1415 3565 1555 3637; x_wconf 86' lang='lat' dir='ltr'><strong>quia</strong></span> <span class='ocrx_word' id='word_1_228' title='bbox 1573 3565 1715 3620; x_wconf 88' lang='lat' dir='ltr'><strong>dum</strong></span> <span class='ocrx_word' id='word_1_229' title='bbox 1739 3561 1910 3636; x_wconf 88' lang='lat' dir='ltr'><strong>pauci</strong></span> 
     </span>
    </p>
   </div>
   <div class='ocr_carea' id='block_1_37' title="bbox 254 3653 1909 3724">
    <p class='ocr_par' dir='ltr' id='par_1_37' title="bbox 254 3653 1909 3724">
     <span class='ocr_line' id='line_1_37' title="bbox 254 3653 1909 3724; baseline -0.007 -4"><span class='ocrx_word' id='word_1_230' title='bbox 254 3662 455 3720; x_wconf 74' lang='lat' dir='ltr'><strong>essent</strong></span> <span class='ocrx_word' id='word_1_231' title='bbox 474 3657 668 3724; x_wconf 83' lang='lat' dir='ltr'><strong>electi,</strong></span> <span class='ocrx_word' id='word_1_232' title='bbox 691 3660 816 3716; x_wconf 80' lang='lat' dir='ltr'><strong>erat</strong></span> <span class='ocrx_word' id='word_1_233' title='bbox 837 3655 1306 3713; x_wconf 85' lang='lat' dir='ltr'><strong>adversariorum</strong></span> <span class='ocrx_word' id='word_1_234' title='bbox 1344 3653 1717 3718; x_wconf 88' lang='lat' dir='ltr'><strong>circumdans</strong></span> <span class='ocrx_word' id='word_1_235' title='bbox 1737 3653 1909 3716; x_wconf 85' lang='lat' dir='ltr'><strong>innu-</strong></span> 
     </span>
    </p>
   </div>
   <div class='ocr_carea' id='block_1_38' title="bbox 254 3745 930 3810">
    <p class='ocr_par' dir='ltr' id='par_1_38' title="bbox 254 3745 930 3810">
     <span class='ocr_line' id='line_1_38' title="bbox 254 3745 930 3810; baseline -0.016 0"><span class='ocrx_word' id='word_1_236' title='bbox 254 3745 559 3810; x_wconf 75' lang='lat' dir='ltr'><strong>merabilia</strong></span> <span class='ocrx_word' id='word_1_237' title='bbox 590 3745 930 3804; x_wconf 80' lang='lat' dir='ltr'><strong>multitudo.</strong></span> 
     </span>
    </p>
   </div>
   <div class='ocr_carea' id='block_1_39' title="bbox 251 3842 1533 3916">
    <p class='ocr_par' dir='ltr' id='par_1_39' title="bbox 251 3842 1533 3916">
     <span class='ocr_line' id='line_1_39' title="bbox 251 3842 1533 3916; baseline -0.003 -14"><span class='ocrx_word' id='word_1_238' title='bbox 251 3849 291 3902; x_wconf 66' lang='grc'><strong>4</strong></span> <span class='ocrx_word' id='word_1_239' title='bbox 395 3846 742 3902; x_wconf 66' lang='grc' dir='ltr'><strong>Διὶιιωεηιηι</strong></span> <span class='ocrx_word' id='word_1_240' title='bbox 765 3843 996 3916; x_wconf 74' lang='lat' dir='ltr'><strong>fulgura</strong></span> <span class='ocrx_word' id='word_1_241' title='bbox 1023 3843 1142 3915; x_wconf 80' lang='lat' dir='ltr'><strong>ejus</strong></span> <span class='ocrx_word' id='word_1_242' title='bbox 1170 3842 1292 3898; x_wconf 83' lang='lat' dir='ltr'><strong>orbi</strong></span> <span class='ocrx_word' id='word_1_243' title='bbox 1319 3849 1484 3902; x_wconf 69' lang='lat' dir='ltr'><strong>terra:</strong></span> <span class='ocrx_word' id='word_1_244' title='bbox 1512 3861 1533 3898; x_wconf 93' lang='grc'><strong>.·</strong></span> 
     </span>
    </p>
   </div>
   <div class='ocr_carea' id='block_1_40' title="bbox 407 3933 1223 3990">
    <p class='ocr_par' dir='ltr' id='par_1_40' title="bbox 407 3933 1223 3990">
     <span class='ocr_line' id='line_1_40' title="bbox 407 3933 1223 3990; baseline -0.004 0"><span class='ocrx_word' id='word_1_245' title='bbox 407 3933 552 3990; x_wconf 70' lang='lat' dir='ltr'><strong>l’idit</strong></span> <span class='ocrx_word' id='word_1_246' title='bbox 577 3938 630 3990; x_wconf 90' lang='lat' dir='ltr'><strong>et</strong></span> <span class='ocrx_word' id='word_1_247' title='bbox 659 3940 922 3989; x_wconf 79' lang='lat' dir='ltr'><strong>conuuota</strong></span> <span class='ocrx_word' id='word_1_248' title='bbox 949 3940 1026 3988; x_wconf 87' lang='lat' dir='ltr'><strong>est</strong></span> <span class='ocrx_word' id='word_1_249' title='bbox 1057 3940 1223 3988; x_wconf 88' lang='lat' dir='ltr'><strong>terra.</strong></span> 
     </span>
    </p>
   </div>
   <div class='ocr_carea' id='block_1_41' title="bbox 330 4017 1916 4094">
    <p class='ocr_par' dir='ltr' id='par_1_41' title="bbox 330 4017 1916 4094">
     <span class='ocr_line' id='line_1_41' title="bbox 330 4017 1916 4094; baseline -0.002 -14"><span class='ocrx_word' id='word_1_250' title='bbox 330 4026 371 4081; x_wconf 93' lang='lat' dir='ltr'><strong>C</strong></span> <span class='ocrx_word' id='word_1_251' title='bbox 399 4022 749 4093; x_wconf 77' lang='lat' dir='ltr'><strong>Alluxarunt</strong></span> <span class='ocrx_word' id='word_1_252' title='bbox 778 4021 1030 4094; x_wconf 84' lang='lat' dir='ltr'><strong>.fulgura</strong></span> <span class='ocrx_word' id='word_1_253' title='bbox 1071 4021 1223 4092; x_wconf 88' lang='lat' dir='ltr'><strong>ejus,</strong></span> <span class='ocrx_word' id='word_1_254' title='bbox 1256 4020 1313 4077; x_wconf 84' lang='lat' dir='ltr'><strong>id</strong></span> <span class='ocrx_word' id='word_1_255' title='bbox 1358 4023 1448 4078; x_wconf 86' lang='lat' dir='ltr'><strong>est</strong></span> <span class='ocrx_word' id='word_1_256' title='bbox 1477 4017 1916 4092; x_wconf 65' lang='lat' dir='ltr'><strong>prndieationes</strong></span> 
     </span>
    </p>
   </div>
   <div class='ocr_carea' id='block_1_42' title="bbox 270 4107 1919 4186">
    <p class='ocr_par' dir='ltr' id='par_1_42' title="bbox 270 4107 1919 4186">
     <span class='ocr_line' id='line_1_42' title="bbox 270 4107 1919 4186; baseline -0.003 -18"><span class='ocrx_word' id='word_1_257' title='bbox 270 4112 692 4186; x_wconf 87' lang='lat' dir='ltr'><strong>prophetarum</strong></span> <span class='ocrx_word' id='word_1_258' title='bbox 711 4109 798 4166; x_wconf 86' lang='lat' dir='ltr'><strong>vel</strong></span> <span class='ocrx_word' id='word_1_259' title='bbox 821 4107 1812 4169; x_wconf 77' lang='lat' dir='ltr'><strong>miraculasanctorum.Commota</strong></span> <span class='ocrx_word' id='word_1_260' title='bbox 1830 4111 1919 4164; x_wconf 92' lang='lat' dir='ltr'><strong>est</strong></span> 
     </span>
    </p>
   </div>
   <div class='ocr_carea' id='block_1_43' title="bbox 266 4196 1917 4271">
    <p class='ocr_par' dir='ltr' id='par_1_43' title="bbox 266 4196 1917 4271">
     <span class='ocr_line' id='line_1_43' title="bbox 266 4196 1917 4271; baseline -0.003 -13"><span class='ocrx_word' id='word_1_261' title='bbox 266 4210 444 4268; x_wconf 78' lang='lat' dir='ltr'><strong>terra,</strong></span> <span class='ocrx_word' id='word_1_262' title='bbox 467 4201 576 4257; x_wconf 89' lang='lat' dir='ltr'><strong>hoc</strong></span> <span class='ocrx_word' id='word_1_263' title='bbox 597 4204 686 4257; x_wconf 87' lang='lat' dir='ltr'><strong>est</strong></span> <span class='ocrx_word' id='word_1_264' title='bbox 708 4199 918 4260; x_wconf 81' lang='lat' dir='ltr'><strong>terreni</strong></span> <span class='ocrx_word' id='word_1_265' title='bbox 949 4197 1237 4271; x_wconf 82' lang='lat' dir='ltr'><strong>perterriti</strong></span> <span class='ocrx_word' id='word_1_266' title='bbox 1270 4197 1328 4255; x_wconf 90' lang='lat' dir='ltr'><strong>in</strong></span> <span class='ocrx_word' id='word_1_267' title='bbox 1360 4199 1612 4254; x_wconf 86' lang='lat' dir='ltr'><strong>novitate</strong></span> <span class='ocrx_word' id='word_1_268' title='bbox 1635 4196 1917 4269; x_wconf 56' lang='lat' dir='ltr'><strong>prndicw</strong></span> 
     </span>
    </p>
   </div>
   <div class='ocr_carea' id='block_1_44' title="bbox 253 4285 1916 4362">
    <p class='ocr_par' dir='ltr' id='par_1_44' title="bbox 253 4285 1916 4362">
     <span class='ocr_line' id='line_1_44' title="bbox 253 4285 1916 4362; baseline -0.002 -18"><span class='ocrx_word' id='word_1_269' title='bbox 253 4290 469 4362; x_wconf 63' lang='lat' dir='ltr'><strong>dionis,</strong></span> <span class='ocrx_word' id='word_1_270' title='bbox 501 4293 568 4345; x_wconf 89' lang='lat' dir='ltr'><strong>ut</strong></span> <span class='ocrx_word' id='word_1_271' title='bbox 591 4305 658 4346; x_wconf 88' lang='lat' dir='ltr'><strong>se</strong></span> <span class='ocrx_word' id='word_1_272' title='bbox 685 4286 1079 4361; x_wconf 78' lang='lat' dir='ltr'><strong>intelligerent</strong></span> <span class='ocrx_word' id='word_1_273' title='bbox 1139 4285 1296 4347; x_wconf 82' lang='lat' dir='ltr'><strong>idola</strong></span> <span class='ocrx_word' id='word_1_274' title='bbox 1343 4285 1650 4347; x_wconf 80' lang='lat' dir='ltr'><strong>insensata</strong></span> <span class='ocrx_word' id='word_1_275' title='bbox 1701 4285 1916 4355; x_wconf 80' lang='lat' dir='ltr'><strong>colere,</strong></span> 
     </span>
    </p>
   </div>
   <div class='ocr_carea' id='block_1_45' title="bbox 249 4375 1831 4446">
    <p class='ocr_par' dir='ltr' id='par_1_45' title="bbox 249 4375 1831 4446">
     <span class='ocr_line' id='line_1_45' title="bbox 249 4375 1831 4446; baseline -0.004 -10"><span class='ocrx_word' id='word_1_276' title='bbox 249 4381 411 4437; x_wconf 66' lang='lat' dir='ltr'><strong>dum</strong></span> <span class='ocrx_word' id='word_1_277' title='bbox 439 4378 728 4446; x_wconf 75' lang='lat' dir='ltr'><strong>haberent</strong></span> <span class='ocrx_word' id='word_1_278' title='bbox 747 4375 1114 4436; x_wconf 76' lang='lat' dir='ltr'><strong>adorabilem</strong></span> <span class='ocrx_word' id='word_1_279' title='bbox 1145 4391 1450 4434; x_wconf 85' lang='lat' dir='ltr'><strong>summum</strong></span> <span class='ocrx_word' id='word_1_280' title='bbox 1480 4375 1831 4436; x_wconf 76' lang='lat' dir='ltr'><strong>Creatorem.</strong></span> 
     </span>
    </p>
   </div>
   <div class='ocr_carea' id='block_1_46' title="bbox 249 4475 1759 4544">
    <p class='ocr_par' dir='ltr' id='par_1_46' title="bbox 249 4475 1759 4544">
     <span class='ocr_line' id='line_1_46' title="bbox 249 4475 1759 4544; baseline -0.003 -11"><span class='ocrx_word' id='word_1_281' title='bbox 249 4478 304 4532; x_wconf 78' lang='lat'><strong>5</strong></span> <span class='ocrx_word' id='word_1_282' title='bbox 397 4478 611 4533; x_wconf 72' lang='lat' dir='ltr'><strong>lentes</strong></span> <span class='ocrx_word' id='word_1_283' title='bbox 634 4477 776 4531; x_wconf 80' lang='lat' dir='ltr'><strong>sicut</strong></span> <span class='ocrx_word' id='word_1_284' title='bbox 803 4475 1228 4544; x_wconf 62' lang='lat' dir='ltr'><strong>confluxerunt</strong></span> <span class='ocrx_word' id='word_1_285' title='bbox 1255 4490 1290 4530; x_wconf 88' lang='lat' dir='ltr'><strong>a</strong></span> <span class='ocrx_word' id='word_1_286' title='bbox 1318 4475 1462 4544; x_wconf 78' lang='lat' dir='ltr'><strong>facie</strong></span> <span class='ocrx_word' id='word_1_287' title='bbox 1485 4475 1711 4530; x_wconf 78' lang='lat' dir='ltr'><strong>Domini</strong></span> <span class='ocrx_word' id='word_1_288' title='bbox 1742 4492 1759 4528; x_wconf 91' lang='lat'><strong><em>:</em></strong></span> 
     </span>
    </p>
   </div>
   <div class='ocr_carea' id='block_1_47' title="bbox 428 4559 1500 4636">
    <p class='ocr_par' dir='ltr' id='par_1_47' title="bbox 428 4559 1500 4636">
     <span class='ocr_line' id='line_1_47' title="bbox 428 4559 1500 4636; baseline -0.001 -17"><span class='ocrx_word' id='word_1_289' title='bbox 428 4559 518 4635; x_wconf 41' lang='grc' dir='ltr'>ᾧ</span> <span class='ocrx_word' id='word_1_290' title='bbox 563 4566 605 4620; x_wconf 83' lang='grc' dir='ltr'><em>Α</em></span> <span class='ocrx_word' id='word_1_291' title='bbox 635 4566 778 4636; x_wconf 79' lang='lat' dir='ltr'><strong>[acie</strong></span> <span class='ocrx_word' id='word_1_292' title='bbox 805 4565 1028 4619; x_wconf 85' lang='lat' dir='ltr'><strong>Domini</strong></span> <span class='ocrx_word' id='word_1_293' title='bbox 1068 4569 1081 4629; x_wconf 78' lang='grc' dir='ltr'>ζ</span> <span class='ocrx_word' id='word_1_294' title='bbox 1127 4565 1304 4618; x_wconf 85' lang='lat' dir='ltr'><strong>omnis</strong></span> <span class='ocrx_word' id='word_1_295' title='bbox 1325 4570 1500 4618; x_wconf 78' lang='lat' dir='ltr'><strong>terra.</strong></span> 
     </span>
    </p>
   </div>
   <div class='ocr_carea' id='block_1_48' title="bbox 1444 325 2412 390">
    <p class='ocr_par' dir='ltr' id='par_1_48' title="bbox 1444 325 2412 390">
     <span class='ocr_line' id='line_1_48' title="bbox 1444 325 2412 390; baseline -0.005 0"><span class='ocrx_word' id='word_1_296' title='bbox 1444 325 1861 390; x_wconf 78' lang='lat' dir='ltr'><strong>EXPOSI&#39;I‘IH</strong></span> <span class='ocrx_word' id='word_1_297' title='bbox 1911 325 2412 388; x_wconf 73' lang='lat' dir='ltr'><strong>l‘SALMOltUM.</strong></span> 
     </span>
    </p>
   </div>
   <div class='ocr_carea' id='block_1_49' title="bbox 1903 457 3634 538">
    <p class='ocr_par' dir='ltr' id='par_1_49' title="bbox 1903 457 3634 538">
     <span class='ocr_line' id='line_1_49' title="bbox 1903 457 3634 538; baseline 0.003 -20"><span class='ocrx_word' id='word_1_298' title='bbox 1903 467 1958 532; x_wconf 74' lang='grc' dir='ltr'><strong>Α</strong></span> <span class='ocrx_word' id='word_1_299' title='bbox 1987 457 2151 518; x_wconf 82' lang='lat' dir='ltr'><strong>solet.</strong></span> <span class='ocrx_word' id='word_1_300' title='bbox 2184 459 2307 529; x_wconf 90' lang='lat' dir='ltr'><strong>Vel,</strong></span> <span class='ocrx_word' id='word_1_301' title='bbox 2341 465 2406 517; x_wconf 90' lang='lat' dir='ltr'><strong>ut</strong></span> <span class='ocrx_word' id='word_1_302' title='bbox 2435 459 2676 532; x_wconf 88' lang='lat' dir='ltr'><strong>quidam</strong></span> <span class='ocrx_word' id='word_1_303' title='bbox 2707 459 2928 530; x_wconf 78' lang='lat' dir='ltr'><strong>volunt&quot;,</strong></span> <span class='ocrx_word' id='word_1_304' title='bbox 2961 461 3230 519; x_wconf 90' lang='lat' dir='ltr'><strong>viderunt</strong></span> <span class='ocrx_word' id='word_1_305' title='bbox 3272 464 3542 538; x_wconf 86' lang='lat' dir='ltr'><strong>gloriam,</strong></span> <span class='ocrx_word' id='word_1_306' title='bbox 3573 465 3634 523; x_wconf 83' lang='lat' dir='ltr'><strong>id</strong></span> 
     </span>
    </p>
   </div>
   <div class='ocr_carea' id='block_1_50' title="bbox 1988 548 3108 622">
    <p class='ocr_par' dir='ltr' id='par_1_50' title="bbox 1988 548 3108 622">
     <span class='ocr_line' id='line_1_50' title="bbox 1988 548 3108 622; baseline 0.004 -17"><span class='ocrx_word' id='word_1_307' title='bbox 1988 553 2078 606; x_wconf 89' lang='lat' dir='ltr'><strong>est</strong></span> <span class='ocrx_word' id='word_1_308' title='bbox 2103 549 2403 606; x_wconf 78' lang='lat' dir='ltr'><strong>Christum</strong></span> <span class='ocrx_word' id='word_1_309' title='bbox 2431 549 2532 621; x_wconf 89' lang='lat' dir='ltr'><strong>qui</strong></span> <span class='ocrx_word' id='word_1_310' title='bbox 2564 553 2656 605; x_wconf 85' lang='lat' dir='ltr'><strong>est</strong></span> <span class='ocrx_word' id='word_1_311' title='bbox 2685 548 2873 622; x_wconf 84' lang='lat' dir='ltr'><strong>gloria</strong></span> <span class='ocrx_word' id='word_1_312' title='bbox 2903 551 3108 609; x_wconf 86' lang='lat' dir='ltr'><strong>Patris.</strong></span> 
     </span>
    </p>
   </div>
   <div class='ocr_carea' id='block_1_51' title="bbox 1987 637 3509 718">
    <p class='ocr_par' dir='ltr' id='par_1_51' title="bbox 1987 637 3509 718">
     <span class='ocr_line' id='line_1_51' title="bbox 1987 637 3509 718; baseline 0.004 -24"><span class='ocrx_word' id='word_1_313' title='bbox 1987 641 2020 694; x_wconf 91' lang='lat'>7</span> <span class='ocrx_word' id='word_1_314' title='bbox 2134 637 2555 711; x_wconf 75' lang='lat' dir='ltr'><strong>Con/tendantur</strong></span> <span class='ocrx_word' id='word_1_315' title='bbox 2579 655 2764 702; x_wconf 81' lang='lat' dir='ltr'><strong>omnes</strong></span> <span class='ocrx_word' id='word_1_316' title='bbox 2787 642 2904 712; x_wconf 77' lang='lat' dir='ltr'><strong>qut&quot;</strong></span> <span class='ocrx_word' id='word_1_317' title='bbox 2918 639 3151 698; x_wconf 86' lang='lat' dir='ltr'><strong>adorant</strong></span> <span class='ocrx_word' id='word_1_318' title='bbox 3179 643 3509 718; x_wconf 56' lang='lat' dir='ltr'><strong>sculptiliaZ:</strong></span> 
     </span>
    </p>
   </div>
   <div class='ocr_carea' id='block_1_52' title="bbox 3514 334 3636 399">
    <p class='ocr_par' dir='ltr' id='par_1_52' title="bbox 3514 334 3636 399">
     <span class='ocr_line' id='line_1_52' title="bbox 3514 334 3636 399; baseline 0.057 -7"><span class='ocrx_word' id='word_1_319' title='bbox 3514 334 3636 399; x_wconf 68' lang='grc'><strong>354</strong></span> 
     </span>
    </p>
   </div>
   <div class='ocr_carea' id='block_1_53' title="bbox 2135 728 3174 799">
    <p class='ocr_par' dir='ltr' id='par_1_53' title="bbox 2135 728 3174 799">
     <span class='ocr_line' id='line_1_53' title="bbox 2135 728 3174 799; baseline 0.004 -17"><span class='ocrx_word' id='word_1_320' title='bbox 2135 728 2241 795; x_wconf 80' lang='lat' dir='ltr'><strong>Qui</strong></span> <span class='ocrx_word' id='word_1_321' title='bbox 2267 728 2584 799; x_wconf 80' lang='lat' dir='ltr'><strong>gloriantur</strong></span> <span class='ocrx_word' id='word_1_322' title='bbox 2612 729 2673 782; x_wconf 88' lang='lat' dir='ltr'><strong>in</strong></span> <span class='ocrx_word' id='word_1_323' title='bbox 2701 729 3014 786; x_wconf 83' lang='lat' dir='ltr'><strong>simulacris</strong></span> <span class='ocrx_word' id='word_1_324' title='bbox 3040 733 3174 786; x_wconf 84' lang='lat' dir='ltr'><strong>suis.</strong></span> 
     </span>
    </p>
   </div>
   <div class='ocr_carea' id='block_1_54' title="bbox 2064 816 3638 890">
    <p class='ocr_par' dir='ltr' id='par_1_54' title="bbox 2064 816 3638 890">
     <span class='ocr_line' id='line_1_54' title="bbox 2064 816 3638 890; baseline 0.005 -18"><span class='ocrx_word' id='word_1_325' title='bbox 2064 816 2106 872; x_wconf 91' lang='lat' dir='ltr'><strong>C</strong></span> <span class='ocrx_word' id='word_1_326' title='bbox 2136 819 2402 890; x_wconf 84' lang='lat' dir='ltr'><strong>Increpat</strong></span> <span class='ocrx_word' id='word_1_327' title='bbox 2430 817 2525 874; x_wconf 89' lang='lat' dir='ltr'><strong>hic</strong></span> <span class='ocrx_word' id='word_1_328' title='bbox 2556 817 2808 874; x_wconf 81' lang='lat' dir='ltr'><strong>cultores</strong></span> <span class='ocrx_word' id='word_1_329' title='bbox 2839 817 3391 880; x_wconf 87' lang='lat' dir='ltr'><strong>idolorum.-Idolum</strong></span> <span class='ocrx_word' id='word_1_330' title='bbox 3415 823 3638 880; x_wconf 87' lang='lat' dir='ltr'><strong>dictum</strong></span> 
     </span>
    </p>
   </div>
   <div class='ocr_carea' id='block_1_55' title="bbox 1993 905 3640 978">
    <p class='ocr_par' dir='ltr' id='par_1_55' title="bbox 1993 905 3640 978">
     <span class='ocr_line' id='line_1_55' title="bbox 1993 905 3640 978; baseline 0.005 -16"><span class='ocrx_word' id='word_1_331' title='bbox 1993 909 2100 978; x_wconf 82' lang='lat' dir='ltr'><strong>est,</strong></span> <span class='ocrx_word' id='word_1_332' title='bbox 2128 907 2284 978; x_wconf 90' lang='lat' dir='ltr'><strong>quod</strong></span> <span class='ocrx_word' id='word_1_333' title='bbox 2314 906 2509 978; x_wconf 87' lang='lat' dir='ltr'><strong>ipsum</strong></span> <span class='ocrx_word' id='word_1_334' title='bbox 2532 907 2609 963; x_wconf 90' lang='lat' dir='ltr'><strong>sit</strong></span> <span class='ocrx_word' id='word_1_335' title='bbox 2630 905 2851 976; x_wconf 87' lang='lat' dir='ltr'><strong>dolum,</strong></span> <span class='ocrx_word' id='word_1_336' title='bbox 2873 908 2930 963; x_wconf 89' lang='lat' dir='ltr'><strong>id</strong></span> <span class='ocrx_word' id='word_1_337' title='bbox 2950 912 3040 964; x_wconf 91' lang='lat' dir='ltr'><strong>est</strong></span> <span class='ocrx_word' id='word_1_338' title='bbox 3057 908 3366 967; x_wconf 86' lang='lat' dir='ltr'><strong>hominum</strong></span> <span class='ocrx_word' id='word_1_339' title='bbox 3387 912 3640 971; x_wconf 78' lang='lat' dir='ltr'><strong>falsitate</strong></span> 
     </span>
    </p>
   </div>
   <div class='ocr_carea' id='block_1_56' title="bbox 1994 995 3642 1076">
    <p class='ocr_par' dir='ltr' id='par_1_56' title="bbox 1994 995 3642 1076">
     <span class='ocr_line' id='line_1_56' title="bbox 1994 995 3642 1076; baseline 0.003 -25"><span class='ocrx_word' id='word_1_340' title='bbox 1994 1000 2308 1068; x_wconf 86' lang='lat' dir='ltr'><strong>repertum.</strong></span> <span class='ocrx_word' id='word_1_341' title='bbox 2344 995 2753 1063; x_wconf 85' lang='lat' dir='ltr'><strong>Simulacrum,</strong></span> <span class='ocrx_word' id='word_1_342' title='bbox 2783 1013 2819 1051; x_wconf 88' lang='lat' dir='ltr'><strong>a</strong></span> <span class='ocrx_word' id='word_1_343' title='bbox 2843 998 3194 1064; x_wconf 74' lang='lat' dir='ltr'><strong>simulatione</strong></span> <span class='ocrx_word' id='word_1_344' title='bbox 3222 1017 3375 1057; x_wconf 88' lang='lat' dir='ltr'><strong>sacra</strong></span> <span class='ocrx_word' id='word_1_345' title='bbox 3404 1019 3642 1076; x_wconf 58' lang='lat' dir='ltr'><strong>compe—</strong></span> 
     </span>
    </p>
   </div>
   <div class='ocr_carea' id='block_1_57' title="bbox 1995 1083 3642 1164">
    <p class='ocr_par' dir='ltr' id='par_1_57' title="bbox 1995 1083 3642 1164">
     <span class='ocr_line' id='line_1_57' title="bbox 1995 1083 3642 1164; baseline 0.005 -23"><span class='ocrx_word' id='word_1_346' title='bbox 1995 1085 2198 1154; x_wconf 87' lang='lat' dir='ltr'><strong>situm,</strong></span> <span class='ocrx_word' id='word_1_347' title='bbox 2215 1101 2282 1141; x_wconf 93' lang='lat' dir='ltr'><strong>eo</strong></span> <span class='ocrx_word' id='word_1_348' title='bbox 2299 1085 2454 1157; x_wconf 87' lang='lat' dir='ltr'><strong>quod</strong></span> <span class='ocrx_word' id='word_1_349' title='bbox 2471 1083 2588 1141; x_wconf 80' lang='lat' dir='ltr'><strong>illis</strong></span> <span class='ocrx_word' id='word_1_350' title='bbox 2605 1085 2778 1141; x_wconf 84' lang='lat' dir='ltr'><strong>detur</strong></span> <span class='ocrx_word' id='word_1_351' title='bbox 2805 1085 2992 1142; x_wconf 90' lang='lat' dir='ltr'><strong>honor</strong></span> <span class='ocrx_word' id='word_1_352' title='bbox 3011 1087 3255 1146; x_wconf 83' lang='lat' dir='ltr'><strong>alienus.</strong></span> <span class='ocrx_word' id='word_1_353' title='bbox 3281 1090 3374 1146; x_wconf 91' lang='lat' dir='ltr'><strong>Sic</strong></span> <span class='ocrx_word' id='word_1_354' title='bbox 3394 1095 3642 1164; x_wconf 84' lang='lat' dir='ltr'><strong>utraque</strong></span> 
     </span>
    </p>
   </div>
   <div class='ocr_carea' id='block_1_58' title="bbox 1996 1174 3642 1250">
    <p class='ocr_par' dir='ltr' id='par_1_58' title="bbox 1996 1174 3642 1250">
     <span class='ocr_line' id='line_1_58' title="bbox 1996 1174 3642 1250; baseline 0.004 -19"><span class='ocrx_word' id='word_1_355' title='bbox 1996 1174 2274 1246; x_wconf 85' lang='lat' dir='ltr'><strong>fugienda</strong></span> <span class='ocrx_word' id='word_1_356' title='bbox 2303 1175 2566 1248; x_wconf 87' lang='lat' dir='ltr'><strong>ipsorum</strong></span> <span class='ocrx_word' id='word_1_357' title='bbox 2595 1175 2906 1231; x_wconf 86' lang='lat' dir='ltr'><strong>nominum</strong></span> <span class='ocrx_word' id='word_1_358' title='bbox 2937 1176 3417 1250; x_wconf 83' lang='lat' dir='ltr'><strong>interpretatione</strong></span> <span class='ocrx_word' id='word_1_359' title='bbox 3446 1179 3642 1238; x_wconf 66' lang='lat' dir='ltr'><strong>decla~</strong></span> 
     </span>
    </p>
   </div>
   <div class='ocr_carea' id='block_1_59' title="bbox 1997 1267 2221 1320">
    <p class='ocr_par' dir='ltr' id='par_1_59' title="bbox 1997 1267 2221 1320">
     <span class='ocr_line' id='line_1_59' title="bbox 1997 1267 2221 1320; baseline 0 -2"><span class='ocrx_word' id='word_1_360' title='bbox 1997 1267 2221 1320; x_wconf 87' lang='lat' dir='ltr'><strong>rantur.</strong></span> 
     </span>
    </p>
   </div>
   <div class='ocr_carea' id='block_1_60' title="bbox 1997 1352 3160 1428">
    <p class='ocr_par' dir='ltr' id='par_1_60' title="bbox 1997 1352 3160 1428">
     <span class='ocr_line' id='line_1_60' title="bbox 1997 1352 3160 1428; baseline 0.006 -22"><span class='ocrx_word' id='word_1_361' title='bbox 1997 1355 2031 1407; x_wconf 91' lang='lat'>8</span> <span class='ocrx_word' id='word_1_362' title='bbox 2140 1352 2370 1408; x_wconf 82' lang='lat' dir='ltr'><strong>Aderate</strong></span> <span class='ocrx_word' id='word_1_363' title='bbox 2397 1369 2542 1420; x_wconf 90' lang='lat' dir='ltr'><strong>eum,</strong></span> <span class='ocrx_word' id='word_1_364' title='bbox 2573 1369 2756 1410; x_wconf 88' lang='lat' dir='ltr'><strong>omnes</strong></span> <span class='ocrx_word' id='word_1_365' title='bbox 2779 1355 2971 1426; x_wconf 85' lang='lat' dir='ltr'><strong>angeli</strong></span> <span class='ocrx_word' id='word_1_366' title='bbox 2996 1357 3115 1428; x_wconf 86' lang='lat' dir='ltr'><strong>ejus</strong></span> <span class='ocrx_word' id='word_1_367' title='bbox 3147 1375 3160 1413; x_wconf 89' lang='lat'><strong>:</strong></span> 
     </span>
    </p>
   </div>
   <div class='ocr_carea' id='block_1_61' title="bbox 2141 1442 2946 1501">
    <p class='ocr_par' dir='ltr' id='par_1_61' title="bbox 2141 1442 2946 1501">
     <span class='ocr_line' id='line_1_61' title="bbox 2141 1442 2946 1501; baseline 0.001 -3"><span class='ocrx_word' id='word_1_368' title='bbox 2141 1442 2360 1498; x_wconf 80' lang='lat' dir='ltr'><strong>Audiuit</strong></span> <span class='ocrx_word' id='word_1_369' title='bbox 2388 1450 2442 1497; x_wconf 85' lang='lat' dir='ltr'><strong>et</strong></span> <span class='ocrx_word' id='word_1_370' title='bbox 2471 1443 2662 1500; x_wconf 65' lang='lat' dir='ltr'><strong>laetata</strong></span> <span class='ocrx_word' id='word_1_371' title='bbox 2689 1452 2766 1500; x_wconf 88' lang='lat' dir='ltr'><strong>est</strong></span> <span class='ocrx_word' id='word_1_372' title='bbox 2794 1445 2946 1501; x_wconf 78' lang='lat' dir='ltr'><strong>Sion.</strong></span> 
     </span>
    </p>
   </div>
   <div class='ocr_carea' id='block_1_62' title="bbox 2071 1530 3647 1609">
    <p class='ocr_par' dir='ltr' id='par_1_62' title="bbox 2071 1530 3647 1609">
     <span class='ocr_line' id='line_1_62' title="bbox 2071 1530 3647 1609; baseline 0.005 -23"><span class='ocrx_word' id='word_1_373' title='bbox 2071 1531 2113 1586; x_wconf 93' lang='lat' dir='ltr'><strong>C</strong></span> <span class='ocrx_word' id='word_1_374' title='bbox 2139 1531 2334 1588; x_wconf 90' lang='lat' dir='ltr'><strong>Bonus</strong></span> <span class='ocrx_word' id='word_1_375' title='bbox 2381 1530 2537 1588; x_wconf 88' lang='lat' dir='ltr'><strong>enim</strong></span> <span class='ocrx_word' id='word_1_376' title='bbox 2590 1532 2834 1605; x_wconf 83' lang='lat' dir='ltr'><strong>angelus</strong></span> <span class='ocrx_word' id='word_1_377' title='bbox 2883 1533 3081 1590; x_wconf 87' lang='lat' dir='ltr'><strong>adoret</strong></span> <span class='ocrx_word' id='word_1_378' title='bbox 3120 1535 3323 1605; x_wconf 91' lang='lat' dir='ltr'><strong>Deum,</strong></span> <span class='ocrx_word' id='word_1_379' title='bbox 3358 1536 3459 1609; x_wconf 89' lang='lat' dir='ltr'><strong>qui</strong></span> <span class='ocrx_word' id='word_1_380' title='bbox 3490 1542 3647 1595; x_wconf 90' lang='lat' dir='ltr'><strong>recto</strong></span> 
     </span>
    </p>
   </div>
   <div class='ocr_carea' id='block_1_63' title="bbox 2001 1620 3651 1694">
    <p class='ocr_par' dir='ltr' id='par_1_63' title="bbox 2001 1620 3651 1694">
     <span class='ocr_line' id='line_1_63' title="bbox 2001 1620 3651 1694; baseline 0.004 -18"><span class='ocrx_word' id='word_1_381' title='bbox 2001 1620 2172 1677; x_wconf 87' lang='lat' dir='ltr'><strong>corde</strong></span> <span class='ocrx_word' id='word_1_382' title='bbox 2203 1637 2378 1676; x_wconf 91' lang='lat' dir='ltr'><strong>suum</strong></span> <span class='ocrx_word' id='word_1_383' title='bbox 2409 1620 2710 1694; x_wconf 84' lang='lat' dir='ltr'><strong>cognoscit</strong></span> <span class='ocrx_word' id='word_1_384' title='bbox 2740 1627 3057 1692; x_wconf 87' lang='lat' dir='ltr'><strong>auctorem,</strong></span> <span class='ocrx_word' id='word_1_385' title='bbox 3083 1641 3187 1680; x_wconf 89' lang='lat' dir='ltr'><strong>nec</strong></span> <span class='ocrx_word' id='word_1_386' title='bbox 3209 1641 3269 1680; x_wconf 91' lang='lat' dir='ltr'><strong>se</strong></span> <span class='ocrx_word' id='word_1_387' title='bbox 3292 1625 3364 1680; x_wconf 92' lang='lat' dir='ltr'><strong>ab</strong></span> <span class='ocrx_word' id='word_1_388' title='bbox 3393 1625 3651 1682; x_wconf 89' lang='lat' dir='ltr'><strong>homini-</strong></span> 
     </span>
    </p>
   </div>
   <div class='ocr_carea' id='block_1_64' title="bbox 2001 1709 3650 1787">
    <p class='ocr_par' dir='ltr' id='par_1_64' title="bbox 2001 1709 3650 1787">
     <span class='ocr_line' id='line_1_64' title="bbox 2001 1709 3650 1787; baseline 0.005 -23"><span class='ocrx_word' id='word_1_389' title='bbox 2001 1710 2115 1766; x_wconf 86' lang='lat' dir='ltr'><strong>bus</strong></span> <span class='ocrx_word' id='word_1_390' title='bbox 2133 1709 2366 1766; x_wconf 87' lang='lat' dir='ltr'><strong>adorari</strong></span> <span class='ocrx_word' id='word_1_391' title='bbox 2387 1709 2704 1782; x_wconf 88' lang='lat' dir='ltr'><strong>permittit;</strong></span> <span class='ocrx_word' id='word_1_392' title='bbox 2730 1712 2830 1768; x_wconf 91' lang='lat' dir='ltr'><strong>sed</strong></span> <span class='ocrx_word' id='word_1_393' title='bbox 2856 1711 3048 1769; x_wconf 86' lang='lat' dir='ltr'><strong>malus</strong></span> <span class='ocrx_word' id='word_1_394' title='bbox 3069 1713 3313 1787; x_wconf 86' lang='lat' dir='ltr'><strong>angelus</strong></span> <span class='ocrx_word' id='word_1_395' title='bbox 3336 1730 3398 1772; x_wconf 88' lang='lat' dir='ltr'><strong>se</strong></span> <span class='ocrx_word' id='word_1_396' title='bbox 3421 1715 3650 1772; x_wconf 88' lang='lat' dir='ltr'><strong>adorari</strong></span> 
     </span>
    </p>
   </div>
   <div class='ocr_carea' id='block_1_65' title="bbox 2002 1798 3654 1872">
    <p class='ocr_par' dir='ltr' id='par_1_65' title="bbox 2002 1798 3654 1872">
     <span class='ocr_line' id='line_1_65' title="bbox 2002 1798 3654 1872; baseline 0.005 -19"><span class='ocrx_word' id='word_1_397' title='bbox 2002 1798 2216 1871; x_wconf 82' lang='lat' dir='ltr'><strong>satagit</strong></span> <span class='ocrx_word' id='word_1_398' title='bbox 2245 1799 2426 1872; x_wconf 77' lang='lat' dir='ltr'><strong>(Apoc.</strong></span> <span class='ocrx_word' id='word_1_399' title='bbox 2459 1800 2598 1871; x_wconf 77' lang='lat' dir='ltr'><strong>xix).</strong></span> <span class='ocrx_word' id='word_1_400' title='bbox 2631 1801 2866 1856; x_wconf 82' lang='lat' dir='ltr'><strong>Audivit</strong></span> <span class='ocrx_word' id='word_1_401' title='bbox 2919 1801 3078 1870; x_wconf 90' lang='lat' dir='ltr'><strong>Sion,</strong></span> <span class='ocrx_word' id='word_1_402' title='bbox 3129 1803 3186 1857; x_wconf 90' lang='lat' dir='ltr'><strong>id</strong></span> <span class='ocrx_word' id='word_1_403' title='bbox 3234 1807 3343 1872; x_wconf 85' lang='lat' dir='ltr'><strong>est,</strong></span> <span class='ocrx_word' id='word_1_404' title='bbox 3394 1805 3654 1862; x_wconf 83' lang='lat' dir='ltr'><strong>Ecclesia</strong></span> 
     </span>
    </p>
   </div>
   <div class='ocr_carea' id='block_1_66' title="bbox 2004 1887 3652 1966">
    <p class='ocr_par' dir='ltr' id='par_1_66' title="bbox 2004 1887 3652 1966">
     <span class='ocr_line' id='line_1_66' title="bbox 2004 1887 3652 1966; baseline 0.005 -23"><span class='ocrx_word' id='word_1_405' title='bbox 2004 1887 2290 1943; x_wconf 87' lang='lat' dir='ltr'><strong>catholica</strong></span> <span class='ocrx_word' id='word_1_406' title='bbox 2310 1906 2454 1960; x_wconf 92' lang='lat' dir='ltr'><strong>puro</strong></span> <span class='ocrx_word' id='word_1_407' title='bbox 2477 1889 2648 1944; x_wconf 91' lang='lat' dir='ltr'><strong>corde</strong></span> <span class='ocrx_word' id='word_1_408' title='bbox 2660 1889 2886 1960; x_wconf 86' lang='lat' dir='ltr'><strong>judicia</strong></span> <span class='ocrx_word' id='word_1_409' title='bbox 2909 1890 3140 1947; x_wconf 90' lang='lat' dir='ltr'><strong>Domini</strong></span> <span class='ocrx_word' id='word_1_410' title='bbox 3163 1894 3652 1966; x_wconf 86' lang='lat' dir='ltr'><strong>percepit,etideo</strong></span> 
     </span>
    </p>
   </div>
   <div class='ocr_carea' id='block_1_67' title="bbox 2003 1977 3650 2050">
    <p class='ocr_par' dir='ltr' id='par_1_67' title="bbox 2003 1977 3650 2050">
     <span class='ocr_line' id='line_1_67' title="bbox 2003 1977 3650 2050; baseline 0.004 -18"><span class='ocrx_word' id='word_1_411' title='bbox 2003 1977 2192 2034; x_wconf 65' lang='lat' dir='ltr'><strong>lectata</strong></span> <span class='ocrx_word' id='word_1_412' title='bbox 2219 1978 2488 2034; x_wconf 83' lang='lat' dir='ltr'><strong>est.Nam</strong></span> <span class='ocrx_word' id='word_1_413' title='bbox 2521 1977 2620 2050; x_wconf 89' lang='lat' dir='ltr'><strong>qui</strong></span> <span class='ocrx_word' id='word_1_414' title='bbox 2650 1979 2890 2034; x_wconf 79' lang='lat' dir='ltr'><strong>verbum</strong></span> <span class='ocrx_word' id='word_1_415' title='bbox 2921 1979 3024 2034; x_wconf 87' lang='lat' dir='ltr'><strong>Dei</strong></span> <span class='ocrx_word' id='word_1_416' title='bbox 3049 1981 3296 2036; x_wconf 88' lang='lat' dir='ltr'><strong>subdola</strong></span> <span class='ocrx_word' id='word_1_417' title='bbox 3325 1988 3518 2040; x_wconf 89' lang='lat' dir='ltr'><strong>mente</strong></span> <span class='ocrx_word' id='word_1_418' title='bbox 3549 2002 3650 2039; x_wconf 87' lang='lat' dir='ltr'><strong>au-</strong></span> 
     </span>
    </p>
   </div>
   <div class='ocr_carea' id='block_1_68' title="bbox 2004 2067 3653 2143">
    <p class='ocr_par' dir='ltr' id='par_1_68' title="bbox 2004 2067 3653 2143">
     <span class='ocr_line' id='line_1_68' title="bbox 2004 2067 3653 2143; baseline 0.003 -21"><span class='ocrx_word' id='word_1_419' title='bbox 2004 2067 2110 2137; x_wconf 89' lang='lat' dir='ltr'><strong>dit,</strong></span> <span class='ocrx_word' id='word_1_420' title='bbox 2137 2067 2276 2139; x_wconf 88' lang='lat' dir='ltr'><strong>quia</strong></span> <span class='ocrx_word' id='word_1_421' title='bbox 2303 2071 2506 2122; x_wconf 88' lang='lat' dir='ltr'><strong>contra</strong></span> <span class='ocrx_word' id='word_1_422' title='bbox 2533 2067 2890 2123; x_wconf 87' lang='lat' dir='ltr'><strong>voluntatem</strong></span> <span class='ocrx_word' id='word_1_423' title='bbox 2925 2085 3095 2125; x_wconf 88' lang='lat' dir='ltr'><strong>suam</strong></span> <span class='ocrx_word' id='word_1_424' title='bbox 3127 2071 3282 2143; x_wconf 89' lang='lat' dir='ltr'><strong>quod</strong></span> <span class='ocrx_word' id='word_1_425' title='bbox 3324 2087 3437 2128; x_wconf 90' lang='lat' dir='ltr'><strong>non</strong></span> <span class='ocrx_word' id='word_1_426' title='bbox 3470 2073 3653 2130; x_wconf 84' lang='lat' dir='ltr'><strong>credit</strong></span> 
     </span>
    </p>
   </div>
   <div class='ocr_carea' id='block_1_69' title="bbox 2007 2155 3068 2229">
    <p class='ocr_par' dir='ltr' id='par_1_69' title="bbox 2007 2155 3068 2229">
     <span class='ocr_line' id='line_1_69' title="bbox 2007 2155 3068 2229; baseline 0.002 -18"><span class='ocrx_word' id='word_1_427' title='bbox 2007 2157 2190 2226; x_wconf 84' lang='lat' dir='ltr'><strong>audit,</strong></span> <span class='ocrx_word' id='word_1_428' title='bbox 2227 2155 2411 2212; x_wconf 88' lang='lat' dir='ltr'><strong>tristis</strong></span> <span class='ocrx_word' id='word_1_429' title='bbox 2441 2155 2705 2212; x_wconf 86' lang='lat' dir='ltr'><strong>abscedit</strong></span> <span class='ocrx_word' id='word_1_430' title='bbox 2735 2157 2943 2229; x_wconf 82' lang='lat' dir='ltr'><strong>(Matth.</strong></span> <span class='ocrx_word' id='word_1_431' title='bbox 2971 2163 3068 2227; x_wconf 73' lang='grc' dir='ltr'><strong>ιν).</strong></span> 
     </span>
    </p>
   </div>
   <div class='ocr_carea' id='block_1_70' title="bbox 2003 2246 3020 2317">
    <p class='ocr_par' dir='ltr' id='par_1_70' title="bbox 2003 2246 3020 2317">
     <span class='ocr_line' id='line_1_70' title="bbox 2003 2246 3020 2317; baseline 0.002 -17"><span class='ocrx_word' id='word_1_432' title='bbox 2003 2246 2040 2299; x_wconf 81' lang='grc'>9</span> <span class='ocrx_word' id='word_1_433' title='bbox 2147 2247 2212 2301; x_wconf 83' lang='lat' dir='ltr'><strong>Et</strong></span> <span class='ocrx_word' id='word_1_434' title='bbox 2242 2246 2654 2301; x_wconf 78' lang='lat' dir='ltr'><strong>exsultaverunl</strong></span> <span class='ocrx_word' id='word_1_435' title='bbox 2677 2247 2815 2317; x_wconf 68' lang='lat' dir='ltr'><strong>ﬁliae</strong></span> <span class='ocrx_word' id='word_1_436' title='bbox 2841 2247 3020 2303; x_wconf 68' lang='lat' dir='ltr'><strong>Iudae.</strong></span> 
     </span>
    </p>
   </div>
   <div class='ocr_carea' id='block_1_71' title="bbox 2149 2334 3034 2406">
    <p class='ocr_par' dir='ltr' id='par_1_71' title="bbox 2149 2334 3034 2406">
     <span class='ocr_line' id='line_1_71' title="bbox 2149 2334 3034 2406; baseline 0.003 -18"><span class='ocrx_word' id='word_1_437' title='bbox 2149 2337 2374 2406; x_wconf 81' lang='lat' dir='ltr'><strong>Propter</strong></span> <span class='ocrx_word' id='word_1_438' title='bbox 2391 2334 2609 2406; x_wconf 82' lang='lat' dir='ltr'><strong>judicia</strong></span> <span class='ocrx_word' id='word_1_439' title='bbox 2640 2339 2757 2404; x_wconf 86' lang='lat' dir='ltr'><strong>tua,</strong></span> <span class='ocrx_word' id='word_1_440' title='bbox 2789 2336 3034 2392; x_wconf 87' lang='lat' dir='ltr'><strong>Domine.</strong></span> 
     </span>
    </p>
   </div>
   <div class='ocr_carea' id='block_1_72' title="bbox 2080 2422 3658 2502">
    <p class='ocr_par' dir='ltr' id='par_1_72' title="bbox 2080 2422 3658 2502">
     <span class='ocr_line' id='line_1_72' title="bbox 2080 2422 3658 2502; baseline 0.006 -23"><span class='ocrx_word' id='word_1_441' title='bbox 2080 2423 2121 2479; x_wconf 92' lang='lat' dir='ltr'><strong>C</strong></span> <span class='ocrx_word' id='word_1_442' title='bbox 2154 2422 2309 2480; x_wconf 72' lang='lat' dir='ltr'><strong>Filiae</strong></span> <span class='ocrx_word' id='word_1_443' title='bbox 2337 2424 2503 2480; x_wconf 81' lang='lat' dir='ltr'><strong>Judae</strong></span> <span class='ocrx_word' id='word_1_444' title='bbox 2537 2423 2872 2497; x_wconf 83' lang='lat' dir='ltr'><strong>signiﬁcant</strong></span> <span class='ocrx_word' id='word_1_445' title='bbox 2916 2425 3219 2498; x_wconf 88' lang='lat' dir='ltr'><strong>religiosas</strong></span> <span class='ocrx_word' id='word_1_446' title='bbox 3256 2433 3481 2486; x_wconf 88' lang='lat' dir='ltr'><strong>mentes</strong></span> <span class='ocrx_word' id='word_1_447' title='bbox 3520 2447 3658 2502; x_wconf 90' lang='lat' dir='ltr'><strong>pro-</strong></span> 
     </span>
    </p>
   </div>
   <div class='ocr_carea' id='block_1_73' title="bbox 2009 2513 3654 2591">
    <p class='ocr_par' dir='ltr' id='par_1_73' title="bbox 2009 2513 3654 2591">
     <span class='ocr_line' id='line_1_73' title="bbox 2009 2513 3654 2591; baseline 0.003 -21"><span class='ocrx_word' id='word_1_448' title='bbox 2009 2514 2294 2585; x_wconf 85' lang='lat' dir='ltr'><strong>batasque</strong></span> <span class='ocrx_word' id='word_1_449' title='bbox 2322 2529 2603 2584; x_wconf 88' lang='lat' dir='ltr'><strong>personas</strong></span> <span class='ocrx_word' id='word_1_450' title='bbox 2629 2538 2642 2581; x_wconf 90' lang='lat'><strong>;</strong></span> <span class='ocrx_word' id='word_1_451' title='bbox 2676 2531 2806 2585; x_wconf 69' lang='lat' dir='ltr'><strong>quae</strong></span> <span class='ocrx_word' id='word_1_452' title='bbox 2835 2513 2965 2571; x_wconf 88' lang='lat' dir='ltr'><strong>ideo</strong></span> <span class='ocrx_word' id='word_1_453' title='bbox 2996 2515 3128 2570; x_wconf 70' lang='lat' dir='ltr'><strong>tiliae</strong></span> <span class='ocrx_word' id='word_1_454' title='bbox 3162 2516 3328 2572; x_wconf 70' lang='lat' dir='ltr'><strong>Judze</strong></span> <span class='ocrx_word' id='word_1_455' title='bbox 3360 2517 3654 2591; x_wconf 88' lang='lat' dir='ltr'><strong>dicuntur,</strong></span> 
     </span>
    </p>
   </div>
   <div class='ocr_carea' id='block_1_74' title="bbox 2005 2601 3657 2680">
    <p class='ocr_par' dir='ltr' id='par_1_74' title="bbox 2005 2601 3657 2680">
     <span class='ocr_line' id='line_1_74' title="bbox 2005 2601 3657 2680; baseline 0.004 -23"><span class='ocrx_word' id='word_1_456' title='bbox 2005 2602 2287 2674; x_wconf 85' lang='lat' dir='ltr'><strong>quoniam</strong></span> <span class='ocrx_word' id='word_1_457' title='bbox 2321 2601 2550 2658; x_wconf 87' lang='lat' dir='ltr'><strong>Christo</strong></span> <span class='ocrx_word' id='word_1_458' title='bbox 2581 2603 2843 2658; x_wconf 84' lang='lat' dir='ltr'><strong>conﬁteri</strong></span> <span class='ocrx_word' id='word_1_459' title='bbox 2861 2608 2918 2658; x_wconf 89' lang='lat' dir='ltr'><strong>et</strong></span> <span class='ocrx_word' id='word_1_460' title='bbox 2946 2605 3178 2662; x_wconf 88' lang='lat' dir='ltr'><strong>credere</strong></span> <span class='ocrx_word' id='word_1_461' title='bbox 3207 2606 3542 2664; x_wconf 83' lang='lat' dir='ltr'><strong>maluerunt</strong></span> <span class='ocrx_word' id='word_1_462' title='bbox 3557 2608 3657 2680; x_wconf 90' lang='lat' dir='ltr'><strong>qui</strong></span> 
     </span>
    </p>
   </div>
   <div class='ocr_carea' id='block_1_75' title="bbox 2009 2691 3662 2769">
    <p class='ocr_par' dir='ltr' id='par_1_75' title="bbox 2009 2691 3662 2769">
     <span class='ocr_line' id='line_1_75' title="bbox 2009 2691 3662 2769; baseline 0.004 -23"><span class='ocrx_word' id='word_1_463' title='bbox 2009 2709 2081 2746; x_wconf 87' lang='lat' dir='ltr'><strong>ex</strong></span> <span class='ocrx_word' id='word_1_464' title='bbox 2127 2692 2282 2747; x_wconf 87' lang='lat' dir='ltr'><strong>Juda</strong></span> <span class='ocrx_word' id='word_1_465' title='bbox 2328 2691 2648 2749; x_wconf 89' lang='lat' dir='ltr'><strong>descendit.</strong></span> <span class='ocrx_word' id='word_1_466' title='bbox 2693 2692 2933 2764; x_wconf 86' lang='lat' dir='ltr'><strong>Propter</strong></span> <span class='ocrx_word' id='word_1_467' title='bbox 2972 2693 3217 2764; x_wconf 87' lang='lat' dir='ltr'><strong>judicia,</strong></span> <span class='ocrx_word' id='word_1_468' title='bbox 3259 2694 3480 2751; x_wconf 85' lang='lat' dir='ltr'><strong>scilicet</strong></span> <span class='ocrx_word' id='word_1_469' title='bbox 3519 2697 3662 2769; x_wconf 86' lang='lat' dir='ltr'><strong>quia</strong></span> 
     </span>
    </p>
   </div>
   <div class='ocr_carea' id='block_1_76' title="bbox 2013 2780 3658 2857">
    <p class='ocr_par' dir='ltr' id='par_1_76' title="bbox 2013 2780 3658 2857">
     <span class='ocr_line' id='line_1_76' title="bbox 2013 2780 3658 2857; baseline 0.004 -21"><span class='ocrx_word' id='word_1_470' title='bbox 2013 2780 2313 2836; x_wconf 83' lang='lat' dir='ltr'><strong>tristitiam</strong></span> <span class='ocrx_word' id='word_1_471' title='bbox 2341 2797 2640 2836; x_wconf 88' lang='lat' dir='ltr'><strong>servorum</strong></span> <span class='ocrx_word' id='word_1_472' title='bbox 2681 2784 2914 2837; x_wconf 90' lang='lat' dir='ltr'><strong>tuorum</strong></span> <span class='ocrx_word' id='word_1_473' title='bbox 2947 2783 3233 2838; x_wconf 89' lang='lat' dir='ltr'><strong>convertis</strong></span> <span class='ocrx_word' id='word_1_474' title='bbox 3265 2783 3324 2839; x_wconf 90' lang='lat' dir='ltr'><strong>in</strong></span> <span class='ocrx_word' id='word_1_475' title='bbox 3355 2785 3658 2857; x_wconf 85' lang='lat' dir='ltr'><strong>gaudium,</strong></span> 
     </span>
    </p>
   </div>
   <div class='ocr_carea' id='block_1_77' title="bbox 2013 2867 3662 2946">
    <p class='ocr_par' dir='ltr' id='par_1_77' title="bbox 2013 2867 3662 2946">
     <span class='ocr_line' id='line_1_77' title="bbox 2013 2867 3662 2946; baseline 0.003 -20"><span class='ocrx_word' id='word_1_476' title='bbox 2013 2873 2071 2926; x_wconf 88' lang='lat' dir='ltr'><strong>et</strong></span> <span class='ocrx_word' id='word_1_477' title='bbox 2100 2869 2419 2940; x_wconf 89' lang='lat' dir='ltr'><strong>superbum</strong></span> <span class='ocrx_word' id='word_1_478' title='bbox 2451 2870 2535 2924; x_wconf 89' lang='lat' dir='ltr'><strong>eis</strong></span> <span class='ocrx_word' id='word_1_479' title='bbox 2567 2867 2866 2925; x_wconf 89' lang='lat' dir='ltr'><strong>diabolum</strong></span> <span class='ocrx_word' id='word_1_480' title='bbox 2903 2870 3136 2927; x_wconf 88' lang='lat' dir='ltr'><strong>virtutis</strong></span> <span class='ocrx_word' id='word_1_481' title='bbox 3158 2871 3499 2930; x_wconf 49' lang='lat' dir='ltr'><strong>&quot;humilitate</strong></span> <span class='ocrx_word' id='word_1_482' title='bbox 3531 2892 3662 2946; x_wconf 86' lang='lat' dir='ltr'><strong>pro-</strong></span> 
     </span>
    </p>
   </div>
   <div class='ocr_carea' id='block_1_78' title="bbox 2015 2958 2248 3014">
    <p class='ocr_par' dir='ltr' id='par_1_78' title="bbox 2015 2958 2248 3014">
     <span class='ocr_line' id='line_1_78' title="bbox 2015 2958 2248 3014; baseline -0.004 -1"><span class='ocrx_word' id='word_1_483' title='bbox 2015 2958 2248 3014; x_wconf 88' lang='lat' dir='ltr'><strong>sternis.</strong></span> 
     </span>
    </p>
   </div>
   <div class='ocr_carea' id='block_1_79' title="bbox 2015 3047 3665 3121">
    <p class='ocr_par' dir='ltr' id='par_1_79' title="bbox 2015 3047 3665 3121">
     <span class='ocr_line' id='line_1_79' title="bbox 2015 3047 3665 3121; baseline 0.004 -19"><span class='ocrx_word' id='word_1_484' title='bbox 2015 3047 2086 3102; x_wconf 87' lang='grc'><strong>10</strong></span> <span class='ocrx_word' id='word_1_485' title='bbox 2161 3047 2433 3114; x_wconf 81' lang='lat' dir='ltr'><strong>Quoniam</strong></span> <span class='ocrx_word' id='word_1_486' title='bbox 2480 3051 2540 3102; x_wconf 83' lang='lat' dir='ltr'><strong>tu</strong></span> <span class='ocrx_word' id='word_1_487' title='bbox 2585 3048 2857 3102; x_wconf 83' lang='lat' dir='ltr'><strong>Dominus</strong></span> <span class='ocrx_word' id='word_1_488' title='bbox 2905 3048 3207 3105; x_wconf 88' lang='lat' dir='ltr'><strong>altissimus</strong></span> <span class='ocrx_word' id='word_1_489' title='bbox 3256 3065 3421 3121; x_wconf 86' lang='lat' dir='ltr'><strong>super</strong></span> <span class='ocrx_word' id='word_1_490' title='bbox 3451 3065 3665 3108; x_wconf 79' lang='lat' dir='ltr'><strong>omnem</strong></span> 
     </span>
    </p>
   </div>
   <div class='ocr_carea' id='block_1_80' title="bbox 2232 3139 2484 3192">
    <p class='ocr_par' dir='ltr' id='par_1_80' title="bbox 2232 3139 2484 3192">
     <span class='ocr_line' id='line_1_80' title="bbox 2232 3139 2484 3192; baseline 0.004 -2"><span class='ocrx_word' id='word_1_491' title='bbox 2232 3139 2435 3192; x_wconf 87' lang='lat' dir='ltr'><strong>terram</strong></span> <span class='ocrx_word' id='word_1_492' title='bbox 2466 3153 2484 3191; x_wconf 88' lang='lat'><strong><em>:</em></strong></span> 
     </span>
    </p>
   </div>
   <div class='ocr_carea' id='block_1_81' title="bbox 2161 3224 3288 3297">
    <p class='ocr_par' dir='ltr' id='par_1_81' title="bbox 2161 3224 3288 3297">
     <span class='ocr_line' id='line_1_81' title="bbox 2161 3224 3288 3297; baseline 0.001 -16"><span class='ocrx_word' id='word_1_493' title='bbox 2161 3226 2338 3282; x_wconf 79' lang='lat' dir='ltr'><strong>Nimis</strong></span> <span class='ocrx_word' id='word_1_494' title='bbox 2362 3224 2635 3280; x_wconf 70' lang='lat' dir='ltr'><strong>excitatus</strong></span> <span class='ocrx_word' id='word_1_495' title='bbox 2663 3241 2716 3280; x_wconf 88' lang='lat' dir='ltr'><strong>es</strong></span> <span class='ocrx_word' id='word_1_496' title='bbox 2742 3241 2908 3297; x_wconf 82' lang='lat' dir='ltr'><strong>super</strong></span> <span class='ocrx_word' id='word_1_497' title='bbox 2935 3242 3118 3281; x_wconf 85' lang='lat' dir='ltr'><strong>omnes</strong></span> <span class='ocrx_word' id='word_1_498' title='bbox 3146 3225 3288 3282; x_wconf 86' lang='lat' dir='ltr'><strong>deos.</strong></span> 
     </span>
    </p>
   </div>
   <div class='ocr_carea' id='block_1_82' title="bbox 2083 3306 3666 3386">
    <p class='ocr_par' dir='ltr' id='par_1_82' title="bbox 2083 3306 3666 3386">
     <span class='ocr_line' id='line_1_82' title="bbox 2083 3306 3666 3386; baseline 0.003 -16"><span class='ocrx_word' id='word_1_499' title='bbox 2083 3315 2128 3370; x_wconf 89' lang='lat' dir='ltr'><strong>C</strong></span> <span class='ocrx_word' id='word_1_500' title='bbox 2174 3306 2356 3370; x_wconf 83' lang='lat' dir='ltr'><strong>Terra</strong></span> <span class='ocrx_word' id='word_1_501' title='bbox 2403 3314 2518 3382; x_wconf 87' lang='lat' dir='ltr'><strong>hic,</strong></span> <span class='ocrx_word' id='word_1_502' title='bbox 2552 3317 2920 3386; x_wconf 89' lang='lat' dir='ltr'><strong>peccatores;</strong></span> <span class='ocrx_word' id='word_1_503' title='bbox 2955 3315 3114 3381; x_wconf 89' lang='lat' dir='ltr'><strong>deos,</strong></span> <span class='ocrx_word' id='word_1_504' title='bbox 3153 3315 3349 3386; x_wconf 87' lang='lat' dir='ltr'><strong>justos</strong></span> <span class='ocrx_word' id='word_1_505' title='bbox 3397 3316 3666 3374; x_wconf 88' lang='lat' dir='ltr'><strong>homines</strong></span> 
     </span>
    </p>
   </div>
   <div class='ocr_carea' id='block_1_83' title="bbox 2018 3403 3668 3478">
    <p class='ocr_par' dir='ltr' id='par_1_83' title="bbox 2018 3403 3668 3478">
     <span class='ocr_line' id='line_1_83' title="bbox 2018 3403 3668 3478; baseline 0.001 -18"><span class='ocrx_word' id='word_1_506' title='bbox 2018 3404 2301 3460; x_wconf 88' lang='lat' dir='ltr'><strong>debemus</strong></span> <span class='ocrx_word' id='word_1_507' title='bbox 2335 3403 2650 3458; x_wconf 85' lang='lat' dir='ltr'><strong>advertere.</strong></span> <span class='ocrx_word' id='word_1_508' title='bbox 2687 3403 2793 3458; x_wconf 89' lang='lat' dir='ltr'><strong>Per</strong></span> <span class='ocrx_word' id='word_1_509' title='bbox 2839 3403 2957 3458; x_wconf 64' lang='lat' dir='ltr'><strong>haec</strong></span> <span class='ocrx_word' id='word_1_510' title='bbox 3006 3405 3162 3459; x_wconf 87' lang='lat' dir='ltr'><strong>enim</strong></span> <span class='ocrx_word' id='word_1_511' title='bbox 3205 3405 3340 3471; x_wconf 89' lang='lat' dir='ltr'><strong>duo,</strong></span> <span class='ocrx_word' id='word_1_512' title='bbox 3375 3405 3668 3478; x_wconf 78' lang='lat' dir='ltr'><strong>signiﬁcat</strong></span> 
     </span>
    </p>
   </div>
   <div class='ocr_carea' id='block_1_84' title="bbox 2018 3491 3666 3568">
    <p class='ocr_par' dir='ltr' id='par_1_84' title="bbox 2018 3491 3666 3568">
     <span class='ocr_line' id='line_1_84' title="bbox 2018 3491 3666 3568; baseline 0.002 -20"><span class='ocrx_word' id='word_1_513' title='bbox 2018 3493 2315 3549; x_wconf 88' lang='lat' dir='ltr'><strong>Christum</strong></span> <span class='ocrx_word' id='word_1_514' title='bbox 2347 3499 2403 3548; x_wconf 87' lang='lat' dir='ltr'><strong>et</strong></span> <span class='ocrx_word' id='word_1_515' title='bbox 2433 3491 2678 3548; x_wconf 84' lang='lat' dir='ltr'><strong>terrenis</strong></span> <span class='ocrx_word' id='word_1_516' title='bbox 2717 3493 2997 3548; x_wconf 86' lang='lat' dir='ltr'><strong>creaturis</strong></span> <span class='ocrx_word' id='word_1_517' title='bbox 3029 3499 3086 3549; x_wconf 87' lang='lat' dir='ltr'><strong>et</strong></span> <span class='ocrx_word' id='word_1_518' title='bbox 3115 3493 3448 3550; x_wconf 73' lang='lat' dir='ltr'><strong>cmiestibus</strong></span> <span class='ocrx_word' id='word_1_519' title='bbox 3476 3494 3666 3568; x_wconf 86' lang='lat' dir='ltr'><strong>impe-</strong></span> 
     </span>
    </p>
   </div>
   <div class='ocr_carea' id='block_1_85' title="bbox 2021 3601 2169 3639">
    <p class='ocr_par' dir='ltr' id='par_1_85' title="bbox 2021 3601 2169 3639">
     <span class='ocr_line' id='line_1_85' title="bbox 2021 3601 2169 3639; baseline 0.007 -1"><span class='ocrx_word' id='word_1_520' title='bbox 2021 3601 2169 3639; x_wconf 87' lang='lat' dir='ltr'><strong>rare.</strong></span> 
     </span>
    </p>
   </div>
   <div class='ocr_carea' id='block_1_86' title="bbox 2024 3672 3332 3744">
    <p class='ocr_par' dir='ltr' id='par_1_86' title="bbox 2024 3672 3332 3744">
     <span class='ocr_line' id='line_1_86' title="bbox 2024 3672 3332 3744; baseline -0.001 -14"><span class='ocrx_word' id='word_1_521' title='bbox 2024 3674 2084 3730; x_wconf 91' lang='grc'><strong>11</strong></span> <span class='ocrx_word' id='word_1_522' title='bbox 2162 3674 2272 3744; x_wconf 82' lang='lat' dir='ltr'><strong>Qui</strong></span> <span class='ocrx_word' id='word_1_523' title='bbox 2299 3672 2534 3743; x_wconf 83' lang='lat' dir='ltr'><strong>diligitis</strong></span> <span class='ocrx_word' id='word_1_524' title='bbox 2560 3673 2874 3737; x_wconf 84' lang='lat' dir='ltr'><strong>Dominum,</strong></span> <span class='ocrx_word' id='word_1_525' title='bbox 2907 3673 3050 3729; x_wconf 83' lang='lat' dir='ltr'><strong>edite</strong></span> <span class='ocrx_word' id='word_1_526' title='bbox 3075 3673 3286 3729; x_wconf 81' lang='lat' dir='ltr'><strong>malum</strong></span> <span class='ocrx_word' id='word_1_527' title='bbox 3319 3690 3332 3729; x_wconf 88' lang='lat'><strong>:</strong></span> 
     </span>
    </p>
   </div>
   <div class='ocr_carea' id='block_1_87' title="bbox 2163 3761 3668 3828">
    <p class='ocr_par' dir='ltr' id='par_1_87' title="bbox 2163 3761 3668 3828">
     <span class='ocr_line' id='line_1_87' title="bbox 2163 3761 3668 3828; baseline 0.001 -9"><span class='ocrx_word' id='word_1_528' title='bbox 2163 3761 2407 3819; x_wconf 84' lang='lat' dir='ltr'><strong>Custodit</strong></span> <span class='ocrx_word' id='word_1_529' title='bbox 2430 3764 2766 3828; x_wconf 64' lang='lat' dir='ltr'><strong>+Dominus</strong></span> <span class='ocrx_word' id='word_1_530' title='bbox 2809 3768 2822 3827; x_wconf 76' lang='grc' dir='ltr'>ζ</span> <span class='ocrx_word' id='word_1_531' title='bbox 2865 3761 3079 3818; x_wconf 81' lang='lat' dir='ltr'><strong>animas</strong></span> <span class='ocrx_word' id='word_1_532' title='bbox 3095 3769 3668 3821; x_wconf 82' lang='lat' dir='ltr'><strong>sanctorumsuorum:</strong></span> 
     </span>
    </p>
   </div>
   <div class='ocr_carea' id='block_1_88' title="bbox 2234 3851 3292 3923">
    <p class='ocr_par' dir='ltr' id='par_1_88' title="bbox 2234 3851 3292 3923">
     <span class='ocr_line' id='line_1_88' title="bbox 2234 3851 3292 3923; baseline 0 -16"><span class='ocrx_word' id='word_1_533' title='bbox 2234 3853 2301 3907; x_wconf 87' lang='lat' dir='ltr'><strong>de</strong></span> <span class='ocrx_word' id='word_1_534' title='bbox 2326 3868 2500 3907; x_wconf 87' lang='lat' dir='ltr'><strong>manu</strong></span> <span class='ocrx_word' id='word_1_535' title='bbox 2527 3855 2870 3923; x_wconf 83' lang='lat' dir='ltr'><strong>peccatorum</strong></span> <span class='ocrx_word' id='word_1_536' title='bbox 2899 3851 3158 3907; x_wconf 80' lang='lat' dir='ltr'><strong>liberabit</strong></span> <span class='ocrx_word' id='word_1_537' title='bbox 3185 3867 3292 3909; x_wconf 82' lang='lat' dir='ltr'><strong>eos.</strong></span> 
     </span>
    </p>
   </div>
   <div class='ocr_carea' id='block_1_89' title="bbox 2094 3938 3676 4012">
    <p class='ocr_par' dir='ltr' id='par_1_89' title="bbox 2094 3938 3676 4012">
     <span class='ocr_line' id='line_1_89' title="bbox 2094 3938 3676 4012; baseline -0.001 -15"><span class='ocrx_word' id='word_1_538' title='bbox 2094 3942 2136 3997; x_wconf 93' lang='lat' dir='ltr'><strong>C</strong></span> <span class='ocrx_word' id='word_1_539' title='bbox 2165 3939 2267 3997; x_wconf 84' lang='lat' dir='ltr'><strong>Hic</strong></span> <span class='ocrx_word' id='word_1_540' title='bbox 2288 3941 2473 3996; x_wconf 88' lang='lat' dir='ltr'><strong>bonos</strong></span> <span class='ocrx_word' id='word_1_541' title='bbox 2493 3938 2813 4012; x_wconf 88' lang='lat' dir='ltr'><strong>alloquitur</strong></span> <span class='ocrx_word' id='word_1_542' title='bbox 2831 3944 2888 3995; x_wconf 90' lang='lat' dir='ltr'><strong>et</strong></span> <span class='ocrx_word' id='word_1_543' title='bbox 2909 3939 3128 4006; x_wconf 80' lang='lat' dir='ltr'><strong>ﬁdeles,</strong></span> <span class='ocrx_word' id='word_1_544' title='bbox 3155 3943 3270 3995; x_wconf 90' lang='lat' dir='ltr'><strong>uta</strong></span> <span class='ocrx_word' id='word_1_545' title='bbox 3300 3938 3527 3996; x_wconf 87' lang='lat' dir='ltr'><strong>malitia</strong></span> <span class='ocrx_word' id='word_1_546' title='bbox 3555 3939 3676 3996; x_wconf 89' lang='lat' dir='ltr'><strong>dia-</strong></span> 
     </span>
    </p>
   </div>
   <div class='ocr_carea' id='block_1_90' title="bbox 2025 4027 3676 4102">
    <p class='ocr_par' dir='ltr' id='par_1_90' title="bbox 2025 4027 3676 4102">
     <span class='ocr_line' id='line_1_90' title="bbox 2025 4027 3676 4102; baseline -0.001 -16"><span class='ocrx_word' id='word_1_547' title='bbox 2025 4030 2142 4087; x_wconf 88' lang='lat' dir='ltr'><strong>boli</strong></span> <span class='ocrx_word' id='word_1_548' title='bbox 2170 4033 2568 4102; x_wconf 87' lang='lat' dir='ltr'><strong>segregentur.</strong></span> <span class='ocrx_word' id='word_1_549' title='bbox 2599 4027 2727 4101; x_wconf 87' lang='lat' dir='ltr'><strong>Ipse</strong></span> <span class='ocrx_word' id='word_1_550' title='bbox 2755 4028 2910 4083; x_wconf 90' lang='lat' dir='ltr'><strong>enim</strong></span> <span class='ocrx_word' id='word_1_551' title='bbox 2935 4028 3072 4098; x_wconf 86' lang='lat' dir='ltr'><strong>jure</strong></span> <span class='ocrx_word' id='word_1_552' title='bbox 3097 4027 3314 4082; x_wconf 89' lang='lat' dir='ltr'><strong>dicitur</strong></span> <span class='ocrx_word' id='word_1_553' title='bbox 3341 4028 3556 4097; x_wconf 89' lang='lat' dir='ltr'><strong>malus,</strong></span> <span class='ocrx_word' id='word_1_554' title='bbox 3574 4046 3676 4101; x_wconf 88' lang='lat' dir='ltr'><strong>per</strong></span> 
     </span>
    </p>
   </div>
   <div class='ocr_carea' id='block_1_91' title="bbox 2023 4115 3674 4192">
    <p class='ocr_par' dir='ltr' id='par_1_91' title="bbox 2023 4115 3674 4192">
     <span class='ocr_line' id='line_1_91' title="bbox 2023 4115 3674 4192; baseline -0.001 -18"><span class='ocrx_word' id='word_1_555' title='bbox 2023 4136 2201 4192; x_wconf 88' lang='lat' dir='ltr'><strong>quem</strong></span> <span class='ocrx_word' id='word_1_556' title='bbox 2231 4119 2387 4174; x_wconf 90' lang='lat' dir='ltr'><strong>venit</strong></span> <span class='ocrx_word' id='word_1_557' title='bbox 2417 4134 2589 4174; x_wconf 84' lang='lat' dir='ltr'><strong>omne</strong></span> <span class='ocrx_word' id='word_1_558' title='bbox 2619 4115 2866 4171; x_wconf 89' lang='lat' dir='ltr'><strong>malum.</strong></span> <span class='ocrx_word' id='word_1_559' title='bbox 2897 4116 2964 4170; x_wconf 86' lang='lat' dir='ltr'><strong>Et</strong></span> <span class='ocrx_word' id='word_1_560' title='bbox 2994 4131 3065 4171; x_wconf 90' lang='lat' dir='ltr'><strong>ne</strong></span> <span class='ocrx_word' id='word_1_561' title='bbox 3108 4115 3241 4185; x_wconf 89' lang='lat' dir='ltr'><strong>quis</strong></span> <span class='ocrx_word' id='word_1_562' title='bbox 3270 4115 3571 4172; x_wconf 87' lang='lat' dir='ltr'><strong>diabolum</strong></span> <span class='ocrx_word' id='word_1_563' title='bbox 3601 4117 3674 4172; x_wconf 88' lang='lat' dir='ltr'><strong>ti-</strong></span> 
     </span>
    </p>
   </div>
   <div class='ocr_carea' id='block_1_92' title="bbox 2027 4203 3678 4276">
    <p class='ocr_par' dir='ltr' id='par_1_92' title="bbox 2027 4203 3678 4276">
     <span class='ocr_line' id='line_1_92' title="bbox 2027 4203 3678 4276; baseline -0.002 -11"><span class='ocrx_word' id='word_1_564' title='bbox 2027 4208 2277 4265; x_wconf 88' lang='lat' dir='ltr'><strong>muisset</strong></span> <span class='ocrx_word' id='word_1_565' title='bbox 2310 4203 2904 4276; x_wconf 81' lang='lat' dir='ltr'><strong>oil&#39;endere,sequitur</strong></span> <span class='ocrx_word' id='word_1_566' title='bbox 2927 4221 2939 4259; x_wconf 90' lang='lat'><strong>:</strong></span> <span class='ocrx_word' id='word_1_567' title='bbox 2963 4203 3220 4258; x_wconf 89' lang='lat' dir='ltr'><strong>custodit</strong></span> <span class='ocrx_word' id='word_1_568' title='bbox 3249 4203 3535 4259; x_wconf 84' lang='lat' dir='ltr'><strong>Dominus</strong></span> <span class='ocrx_word' id='word_1_569' title='bbox 3555 4205 3678 4263; x_wconf 84' lang='lat' dir='ltr'><strong>eni-</strong></span> 
     </span>
    </p>
   </div>
   <div class='ocr_carea' id='block_1_93' title="bbox 2029 4292 3679 4366">
    <p class='ocr_par' dir='ltr' id='par_1_93' title="bbox 2029 4292 3679 4366">
     <span class='ocr_line' id='line_1_93' title="bbox 2029 4292 3679 4366; baseline -0.001 -13"><span class='ocrx_word' id='word_1_570' title='bbox 2029 4314 2156 4353; x_wconf 89' lang='lat' dir='ltr'><strong>mas</strong></span> <span class='ocrx_word' id='word_1_571' title='bbox 2181 4299 2538 4352; x_wconf 85' lang='lat' dir='ltr'><strong>sanctorum.</strong></span> <span class='ocrx_word' id='word_1_572' title='bbox 2566 4294 2797 4349; x_wconf 81' lang='lat' dir='ltr'><strong>Liberet</strong></span> <span class='ocrx_word' id='word_1_573' title='bbox 2815 4293 2991 4348; x_wconf 89' lang='lat' dir='ltr'><strong>etiam</strong></span> <span class='ocrx_word' id='word_1_574' title='bbox 3015 4293 3244 4349; x_wconf 88' lang='lat' dir='ltr'><strong>animas</strong></span> <span class='ocrx_word' id='word_1_575' title='bbox 3264 4292 3336 4348; x_wconf 87' lang='lat' dir='ltr'><strong>de</strong></span> <span class='ocrx_word' id='word_1_576' title='bbox 3350 4309 3527 4349; x_wconf 90' lang='lat' dir='ltr'><strong>manu</strong></span> <span class='ocrx_word' id='word_1_577' title='bbox 3553 4309 3679 4366; x_wconf 80' lang='lat' dir='ltr'><strong>pec-</strong></span> 
     </span>
    </p>
   </div>
   <div class='ocr_carea' id='block_1_94' title="bbox 2028 4381 3680 4456">
    <p class='ocr_par' dir='ltr' id='par_1_94' title="bbox 2028 4381 3680 4456">
     <span class='ocr_line' id='line_1_94' title="bbox 2028 4381 3680 4456; baseline -0.003 -12"><span class='ocrx_word' id='word_1_578' title='bbox 2028 4391 2312 4452; x_wconf 87' lang='lat' dir='ltr'><strong>catorum,</strong></span> <span class='ocrx_word' id='word_1_579' title='bbox 2339 4383 2572 4456; x_wconf 90' lang='lat' dir='ltr'><strong>quando</strong></span> <span class='ocrx_word' id='word_1_580' title='bbox 2592 4399 2692 4438; x_wconf 86' lang='lat' dir='ltr'><strong>eas</strong></span> <span class='ocrx_word' id='word_1_581' title='bbox 2713 4399 2827 4439; x_wconf 90' lang='lat' dir='ltr'><strong>non</strong></span> <span class='ocrx_word' id='word_1_582' title='bbox 2850 4382 2995 4439; x_wconf 87' lang='lat' dir='ltr'><strong>sinit</strong></span> <span class='ocrx_word' id='word_1_583' title='bbox 3012 4381 3212 4454; x_wconf 90' lang='lat' dir='ltr'><strong>aliqua</strong></span> <span class='ocrx_word' id='word_1_584' title='bbox 3233 4382 3515 4454; x_wconf 81' lang='lat' dir='ltr'><strong>pravitate</strong></span> <span class='ocrx_word' id='word_1_585' title='bbox 3545 4383 3680 4439; x_wconf 88' lang='lat' dir='ltr'><strong>sub-</strong></span> 
     </span>
    </p>
   </div>
   <div class='ocr_carea' id='block_1_95' title="bbox 2028 4467 3679 4544">
    <p class='ocr_par' dir='ltr' id='par_1_95' title="bbox 2028 4467 3679 4544">
     <span class='ocr_line' id='line_1_95' title="bbox 2028 4467 3679 4544; baseline -0.002 -12"><span class='ocrx_word' id='word_1_586' title='bbox 2028 4474 2193 4532; x_wconf 91' lang='lat' dir='ltr'><strong>verti.</strong></span> <span class='ocrx_word' id='word_1_587' title='bbox 2215 4473 2297 4530; x_wconf 87' lang='lat' dir='ltr'><strong>Ne</strong></span> <span class='ocrx_word' id='word_1_588' title='bbox 2312 4489 2445 4529; x_wconf 90' lang='lat' dir='ltr'><strong>vero</strong></span> <span class='ocrx_word' id='word_1_589' title='bbox 2468 4471 2784 4529; x_wconf 88' lang='lat' dir='ltr'><strong>Dominum</strong></span> <span class='ocrx_word' id='word_1_590' title='bbox 2802 4488 3046 4543; x_wconf 86' lang='lat' dir='ltr'><strong>corpora</strong></span> <span class='ocrx_word' id='word_1_591' title='bbox 3069 4467 3412 4528; x_wconf 84' lang='lat' dir='ltr'><strong>sanctorum</strong></span> <span class='ocrx_word' id='word_1_592' title='bbox 3433 4490 3468 4528; x_wconf 88' lang='lat' dir='ltr'><strong>a</strong></span> <span class='ocrx_word' id='word_1_593' title='bbox 3491 4471 3679 4544; x_wconf 71' lang='lat' dir='ltr'><strong>poenis</strong></span> 
     </span>
    </p>
   </div>
   <div class='ocr_carea' id='block_1_96' title="bbox 1943 4560 3682 4645">
    <p class='ocr_par' dir='ltr' id='par_1_96' title="bbox 1943 4560 3682 4645">
     <span class='ocr_line' id='line_1_96' title="bbox 1943 4560 3682 4645; baseline -0.005 -19"><span class='ocrx_word' id='word_1_594' title='bbox 1943 4577 1996 4645; x_wconf 75' lang='lat'><strong>.1)</strong></span> <span class='ocrx_word' id='word_1_595' title='bbox 2027 4563 2324 4622; x_wconf 87' lang='lat' dir='ltr'><strong>custodire</strong></span> <span class='ocrx_word' id='word_1_596' title='bbox 2348 4561 2700 4635; x_wconf 86' lang='lat' dir='ltr'><strong>intelligeres</strong></span> <span class='ocrx_word' id='word_1_597' title='bbox 2723 4562 2847 4634; x_wconf 86' lang='lat' dir='ltr'><strong>(qui</strong></span> <span class='ocrx_word' id='word_1_598' title='bbox 2870 4560 3092 4634; x_wconf 88' lang='lat' dir='ltr'><strong>passim</strong></span> <span class='ocrx_word' id='word_1_599' title='bbox 3110 4561 3370 4618; x_wconf 87' lang='lat' dir='ltr'><strong>traditad</strong></span> <span class='ocrx_word' id='word_1_600' title='bbox 3388 4565 3682 4634; x_wconf 66' lang='lat' dir='ltr'><strong>pasnas,ut</strong></span> 
     </span>
    </p>
   </div>
   <div class='ocr_carea' id='block_1_97' title="bbox 340 4651 3679 4727">
    <p class='ocr_par' dir='ltr' id='par_1_97' title="bbox 340 4651 3679 4727">
     <span class='ocr_line' id='line_1_97' title="bbox 340 4651 3679 4727; baseline -0.001 -17"><span class='ocrx_word' id='word_1_601' title='bbox 340 4655 383 4710; x_wconf 90' lang='lat' dir='ltr'><strong>C</strong></span> <span class='ocrx_word' id='word_1_602' title='bbox 416 4654 641 4710; x_wconf 82' lang='lat' dir='ltr'><strong>Montes</strong></span> <span class='ocrx_word' id='word_1_603' title='bbox 663 4653 978 4720; x_wconf 80' lang='lat' dir='ltr'><strong>ﬂuxerunt,</strong></span> <span class='ocrx_word' id='word_1_604' title='bbox 996 4651 1107 4708; x_wconf 86' lang='lat' dir='ltr'><strong>hoc</strong></span> <span class='ocrx_word' id='word_1_605' title='bbox 1122 4655 1510 4724; x_wconf 80' lang='lat' dir='ltr'><strong>est,-potentes</strong></span> <span class='ocrx_word' id='word_1_606' title='bbox 1527 4651 1707 4723; x_wconf 91' lang='lat' dir='ltr'><strong>hujus</strong></span> <span class='ocrx_word' id='word_1_607' title='bbox 1723 4651 1917 4708; x_wconf 65' lang='lat' dir='ltr'><strong>saeculi</strong></span> <span class='ocrx_word' id='word_1_608' title='bbox 2029 4652 2388 4727; x_wconf 80' lang='lat' dir='ltr'><strong>martyribus</strong></span> <span class='ocrx_word' id='word_1_609' title='bbox 2399 4651 3306 4721; x_wconf 82' lang='lat' dir='ltr'><strong>reddatcoronas),dixit,animas</strong></span> <span class='ocrx_word' id='word_1_610' title='bbox 3320 4656 3679 4708; x_wconf 88' lang='lat' dir='ltr'><strong>sanctorum.</strong></span> 
     </span>
    </p>
   </div>
   <div class='ocr_carea' id='block_1_98' title="bbox 263 4738 1923 4816">
    <p class='ocr_par' dir='ltr' id='par_1_98' title="bbox 263 4738 1923 4816">
     <span class='ocr_line' id='line_1_98' title="bbox 263 4738 1923 4816; baseline -0.002 -16"><span class='ocrx_word' id='word_1_611' title='bbox 263 4744 504 4816; x_wconf 77' lang='lat' dir='ltr'><strong>cognito</strong></span> <span class='ocrx_word' id='word_1_612' title='bbox 535 4741 784 4798; x_wconf 84' lang='lat' dir='ltr'><strong>Domino</strong></span> <span class='ocrx_word' id='word_1_613' title='bbox 814 4738 1108 4796; x_wconf 89' lang='lat' dir='ltr'><strong>humiliati</strong></span> <span class='ocrx_word' id='word_1_614' title='bbox 1133 4739 1534 4796; x_wconf 83' lang='lat' dir='ltr'><strong>sunt.-Omnis</strong></span> <span class='ocrx_word' id='word_1_615' title='bbox 1563 4743 1738 4809; x_wconf 84' lang='lat' dir='ltr'><strong>terra,</strong></span> <span class='ocrx_word' id='word_1_616' title='bbox 1753 4741 1812 4796; x_wconf 90' lang='lat' dir='ltr'><strong>id</strong></span> <span class='ocrx_word' id='word_1_617' title='bbox 1831 4743 1923 4796; x_wconf 87' lang='lat' dir='ltr'><strong>est</strong></span> 
     </span>
    </p>
   </div>
   <div class='ocr_carea' id='block_1_99' title="bbox 273 4827 1920 4905">
    <p class='ocr_par' dir='ltr' id='par_1_99' title="bbox 273 4827 1920 4905">
     <span class='ocr_line' id='line_1_99' title="bbox 273 4827 1920 4905; baseline -0.004 -15"><span class='ocrx_word' id='word_1_618' title='bbox 273 4828 842 4905; x_wconf 72' lang='lat' dir='ltr'><strong>potestatessleeuli,</strong></span> <span class='ocrx_word' id='word_1_619' title='bbox 863 4828 1089 4902; x_wconf 79' lang='lat' dir='ltr'><strong>pagani</strong></span> <span class='ocrx_word' id='word_1_620' title='bbox 1120 4845 1224 4886; x_wconf 86' lang='lat' dir='ltr'><strong>seu</strong></span> <span class='ocrx_word' id='word_1_621' title='bbox 1264 4827 1541 4896; x_wconf 63' lang='lat' dir='ltr'><strong>heretici,</strong></span> <span class='ocrx_word' id='word_1_622' title='bbox 1575 4828 1700 4900; x_wconf 90' lang='lat' dir='ltr'><strong>qui,</strong></span> <span class='ocrx_word' id='word_1_623' title='bbox 1729 4829 1799 4884; x_wconf 89' lang='lat' dir='ltr'><strong>ab</strong></span> <span class='ocrx_word' id='word_1_624' title='bbox 1832 4845 1920 4884; x_wconf 90' lang='lat' dir='ltr'><strong>er—</strong></span> 
     </span>
    </p>
   </div>
   <div class='ocr_carea' id='block_1_100' title="bbox 261 4917 1921 4990">
    <p class='ocr_par' dir='ltr' id='par_1_100' title="bbox 261 4917 1921 4990">
     <span class='ocr_line' id='line_1_100' title="bbox 261 4917 1921 4990; baseline -0.003 -11"><span class='ocrx_word' id='word_1_625' title='bbox 261 4939 401 4979; x_wconf 59' lang='lat' dir='ltr'><strong>rore</strong></span> <span class='ocrx_word' id='word_1_626' title='bbox 445 4919 637 4979; x_wconf 69' lang='lat' dir='ltr'><strong>vocati</strong></span> <span class='ocrx_word' id='word_1_627' title='bbox 667 4937 720 4975; x_wconf 83' lang='lat' dir='ltr'><strong>.a</strong></span> <span class='ocrx_word' id='word_1_628' title='bbox 747 4917 1014 4987; x_wconf 88' lang='lat' dir='ltr'><strong>Domino,</strong></span> <span class='ocrx_word' id='word_1_629' title='bbox 1047 4918 1397 4976; x_wconf 83' lang='lat' dir='ltr'><strong>damnantes</strong></span> <span class='ocrx_word' id='word_1_630' title='bbox 1445 4917 1921 4990; x_wconf 86' lang='lat' dir='ltr'><strong>superstitiosum</strong></span> 
     </span>
    </p>
   </div>
   <div class='ocr_carea' id='block_1_101' title="bbox 267 5005 1924 5081">
    <p class='ocr_par' dir='ltr' id='par_1_101' title="bbox 267 5005 1924 5081">
     <span class='ocr_line' id='line_1_101' title="bbox 267 5005 1924 5081; baseline -0.003 -13"><span class='ocrx_word' id='word_1_631' title='bbox 267 5017 472 5068; x_wconf 70' lang='lat' dir='ltr'><strong>votum</strong></span> <span class='ocrx_word' id='word_1_632' title='bbox 507 5025 708 5078; x_wconf 89' lang='lat' dir='ltr'><strong>suum,</strong></span> <span class='ocrx_word' id='word_1_633' title='bbox 738 5006 927 5081; x_wconf 86' lang='lat' dir='ltr'><strong>magis</strong></span> <span class='ocrx_word' id='word_1_634' title='bbox 975 5007 1241 5070; x_wconf 85' lang='lat' dir='ltr'><strong>divinum</strong></span> <span class='ocrx_word' id='word_1_635' title='bbox 1288 5005 1514 5080; x_wconf 82' lang='lat' dir='ltr'><strong>eligunt</strong></span> <span class='ocrx_word' id='word_1_636' title='bbox 1550 5005 1758 5064; x_wconf 86' lang='lat' dir='ltr'><strong>subire</strong></span> <span class='ocrx_word' id='word_1_637' title='bbox 1801 5023 1924 5064; x_wconf 87' lang='lat' dir='ltr'><strong>ser-</strong></span> 
     </span>
    </p>
   </div>
   <div class='ocr_carea' id='block_1_102' title="bbox 275 5101 506 5157">
    <p class='ocr_par' dir='ltr' id='par_1_102' title="bbox 275 5101 506 5157">
     <span class='ocr_line' id='line_1_102' title="bbox 275 5101 506 5157; baseline -0.004 -2"><span class='ocrx_word' id='word_1_638' title='bbox 275 5101 506 5157; x_wconf 86' lang='lat' dir='ltr'><strong>vitium.</strong></span> 
     </span>
    </p>
   </div>
   <div class='ocr_carea' id='block_1_103' title="bbox 273 5191 1530 5270">
    <p class='ocr_par' dir='ltr' id='par_1_103' title="bbox 273 5191 1530 5270">
     <span class='ocr_line' id='line_1_103' title="bbox 273 5191 1530 5270; baseline -0.002 -17"><span class='ocrx_word' id='word_1_639' title='bbox 273 5200 307 5253; x_wconf 86' lang='grc'>6</span> <span class='ocrx_word' id='word_1_640' title='bbox 413 5191 1483 5270; x_wconf 66' lang='lat' dir='ltr'><strong>Annuntiavertmt.cazlijustitiamejus</strong></span> <span class='ocrx_word' id='word_1_641' title='bbox 1517 5211 1530 5250; x_wconf 90' lang='lat'><strong>:</strong></span> 
     </span>
    </p>
   </div>
   <div class='ocr_carea' id='block_1_104' title="bbox 415 5283 1622 5356">
    <p class='ocr_par' dir='ltr' id='par_1_104' title="bbox 415 5283 1622 5356">
     <span class='ocr_line' id='line_1_104' title="bbox 415 5283 1622 5356; baseline -0.006 -12"><span class='ocrx_word' id='word_1_642' title='bbox 415 5291 485 5344; x_wconf 78' lang='lat' dir='ltr'><strong>Et</strong></span> <span class='ocrx_word' id='word_1_643' title='bbox 514 5285 769 5341; x_wconf 84' lang='lat' dir='ltr'><strong>viderunt</strong></span> <span class='ocrx_word' id='word_1_644' title='bbox 797 5301 978 5342; x_wconf 86' lang='lat' dir='ltr'><strong>omnes</strong></span> <span class='ocrx_word' id='word_1_645' title='bbox 1004 5283 1198 5356; x_wconf 83' lang='lat' dir='ltr'><strong>pepuli</strong></span> <span class='ocrx_word' id='word_1_646' title='bbox 1225 5283 1460 5355; x_wconf 87' lang='lat' dir='ltr'><strong>gloriam</strong></span> <span class='ocrx_word' id='word_1_647' title='bbox 1486 5283 1622 5354; x_wconf 87' lang='lat' dir='ltr'><strong>ejus.</strong></span> 
     </span>
    </p>
   </div>
   <div class='ocr_carea' id='block_1_105' title="bbox 343 5371 1927 5447">
    <p class='ocr_par' dir='ltr' id='par_1_105' title="bbox 343 5371 1927 5447">
     <span class='ocr_line' id='line_1_105' title="bbox 343 5371 1927 5447; baseline -0.003 -16"><span class='ocrx_word' id='word_1_648' title='bbox 343 5375 385 5431; x_wconf 92' lang='lat' dir='ltr'><strong>C</strong></span> <span class='ocrx_word' id='word_1_649' title='bbox 413 5374 578 5442; x_wconf 74' lang='lat' dir='ltr'><strong>Coeli,</strong></span> <span class='ocrx_word' id='word_1_650' title='bbox 603 5372 858 5447; x_wconf 84' lang='lat' dir='ltr'><strong>apostoli</strong></span> <span class='ocrx_word' id='word_1_651' title='bbox 871 5372 960 5429; x_wconf 86' lang='lat' dir='ltr'><strong>vel</strong></span> <span class='ocrx_word' id='word_1_652' title='bbox 979 5372 1407 5445; x_wconf 68' lang='lat' dir='ltr'><strong>praedicatores,</strong></span> <span class='ocrx_word' id='word_1_653' title='bbox 1433 5387 1684 5443; x_wconf 90' lang='lat' dir='ltr'><strong>quorum</strong></span> <span class='ocrx_word' id='word_1_654' title='bbox 1709 5371 1927 5428; x_wconf 88' lang='lat' dir='ltr'><strong>sanctis</strong></span> 
     </span>
    </p>
   </div>
   <div class='ocr_carea' id='block_1_106' title="bbox 261 5459 1932 5537">
    <p class='ocr_par' dir='ltr' id='par_1_106' title="bbox 261 5459 1932 5537">
     <span class='ocr_line' id='line_1_106' title="bbox 261 5459 1932 5537; baseline -0.004 -15"><span class='ocrx_word' id='word_1_655' title='bbox 261 5463 811 5537; x_wconf 52' lang='lat' dir='ltr'><strong>llamentationibus,</strong></span> <span class='ocrx_word' id='word_1_656' title='bbox 830 5461 1068 5533; x_wconf 76' lang='lat' dir='ltr'><strong>jnstitia</strong></span> <span class='ocrx_word' id='word_1_657' title='bbox 1098 5461 1196 5517; x_wconf 88' lang='lat' dir='ltr'><strong>Dei</strong></span> <span class='ocrx_word' id='word_1_658' title='bbox 1230 5459 1490 5516; x_wconf 83' lang='lat' dir='ltr'><strong>innotuit</strong></span> <span class='ocrx_word' id='word_1_659' title='bbox 1507 5459 1932 5516; x_wconf 61' lang='lat' dir='ltr'><strong>mundoMide—</strong></span> 
     </span>
    </p>
   </div>
   <div class='ocr_carea' id='block_1_107' title="bbox 261 5547 1931 5618">
    <p class='ocr_par' dir='ltr' id='par_1_107' title="bbox 261 5547 1931 5618">
     <span class='ocr_line' id='line_1_107' title="bbox 261 5547 1931 5618; baseline -0.002 -10"><span class='ocrx_word' id='word_1_660' title='bbox 261 5552 752 5618; x_wconf 58' lang='lat' dir='ltr'><strong>mntcrhicvnon.</strong></span> <span class='ocrx_word' id='word_1_661' title='bbox 767 5547 1322 5612; x_wconf 53' lang='lat' dir='ltr'><strong>carnalibusxoculis</strong></span> <span class='ocrx_word' id='word_1_662' title='bbox 1347 5549 1453 5605; x_wconf 79' lang='lat' dir='ltr'><strong>sed</strong></span> <span class='ocrx_word' id='word_1_663' title='bbox 1484 5548 1693 5606; x_wconf 84' lang='lat' dir='ltr'><strong>cordis.</strong></span> <span class='ocrx_word' id='word_1_664' title='bbox 1710 5547 1931 5606; x_wconf 88' lang='lat' dir='ltr'><strong>lumine</strong></span> 
     </span>
    </p>
   </div>
   <div class='ocr_carea' id='block_1_108' title="bbox 276 5637 1930 5719">
    <p class='ocr_par' dir='ltr' id='par_1_108' title="bbox 276 5637 1930 5719">
     <span class='ocr_line' id='line_1_108' title="bbox 276 5637 1930 5719; baseline -0.002 -20"><span class='ocrx_word' id='word_1_665' title='bbox 276 5644 563 5701; x_wconf 79' lang='lat' dir='ltr'><strong>debemu</strong></span> <span class='ocrx_word' id='word_1_666' title='bbox 592 5641 888 5719; x_wconf 84' lang='lat' dir='ltr'><strong>accipere;</strong></span> <span class='ocrx_word' id='word_1_667' title='bbox 924 5637 1109 5716; x_wconf 85' lang='lat' dir='ltr'><strong>gloria</strong></span> <span class='ocrx_word' id='word_1_668' title='bbox 1138 5637 1296 5698; x_wconf 86' lang='lat' dir='ltr'><strong>enim</strong></span> <span class='ocrx_word' id='word_1_669' title='bbox 1340 5638 1530 5696; x_wconf 86' lang='lat' dir='ltr'><strong>audiri</strong></span> <span class='ocrx_word' id='word_1_670' title='bbox 1581 5655 1698 5696; x_wconf 89' lang='lat' dir='ltr'><strong>non</strong></span> <span class='ocrx_word' id='word_1_671' title='bbox 1751 5638 1930 5696; x_wconf 88' lang='lat' dir='ltr'><strong>videri</strong></span> 
     </span>
    </p>
   </div>
   <div class='ocr_carea' id='block_1_109' title="bbox 2022 4742 2774 4813">
    <p class='ocr_par' dir='ltr' id='par_1_109' title="bbox 2022 4742 2774 4813">
     <span class='ocr_line' id='line_1_109' title="bbox 2022 4742 2774 4813; baseline -0.003 -14"><span class='ocrx_word' id='word_1_672' title='bbox 2022 4746 2100 4799; x_wconf 69' lang='lat'><strong>12</strong></span> <span class='ocrx_word' id='word_1_673' title='bbox 2173 4749 2297 4799; x_wconf 77' lang='lat' dir='ltr'><strong>Lua:</strong></span> <span class='ocrx_word' id='word_1_674' title='bbox 2322 4747 2446 4800; x_wconf 85' lang='lat' dir='ltr'><strong>orta</strong></span> <span class='ocrx_word' id='word_1_675' title='bbox 2473 4747 2551 4799; x_wconf 85' lang='lat' dir='ltr'><strong>est</strong></span> <span class='ocrx_word' id='word_1_676' title='bbox 2573 4742 2724 4813; x_wconf 78' lang='lat' dir='ltr'><strong>justo</strong></span> <span class='ocrx_word' id='word_1_677' title='bbox 2756 4759 2774 4797; x_wconf 91' lang='lat'><strong><em>:</em></strong></span> 
     </span>
    </p>
   </div>
   <div class='ocr_carea' id='block_1_110' title="bbox 2172 4831 2870 4889">
    <p class='ocr_par' dir='ltr' id='par_1_110' title="bbox 2172 4831 2870 4889">
     <span class='ocr_line' id='line_1_110' title="bbox 2172 4831 2870 4889; baseline -0.004 -1"><span class='ocrx_word' id='word_1_678' title='bbox 2172 4835 2237 4888; x_wconf 84' lang='lat' dir='ltr'><strong>Et</strong></span> <span class='ocrx_word' id='word_1_679' title='bbox 2267 4834 2428 4889; x_wconf 85' lang='lat' dir='ltr'><strong>rectis</strong></span> <span class='ocrx_word' id='word_1_680' title='bbox 2459 4831 2618 4887; x_wconf 87' lang='lat' dir='ltr'><strong>corde</strong></span> <span class='ocrx_word' id='word_1_681' title='bbox 2649 4832 2870 4887; x_wconf 68' lang='lat' dir='ltr'><strong>laetitia.</strong></span> 
     </span>
    </p>
   </div>
   <div class='ocr_carea' id='block_1_111' title="bbox 2103 4916 3682 4984">
    <p class='ocr_par' dir='ltr' id='par_1_111' title="bbox 2103 4916 3682 4984">
     <span class='ocr_line' id='line_1_111' title="bbox 2103 4916 3682 4984; baseline -0.003 -6"><span class='ocrx_word' id='word_1_682' title='bbox 2103 4922 2144 4978; x_wconf 91' lang='lat' dir='ltr'><strong>C</strong></span> <span class='ocrx_word' id='word_1_683' title='bbox 2173 4921 2340 4979; x_wconf 87' lang='lat' dir='ltr'><strong>Justo</strong></span> <span class='ocrx_word' id='word_1_684' title='bbox 2363 4921 2503 4977; x_wconf 90' lang='lat' dir='ltr'><strong>dicit</strong></span> <span class='ocrx_word' id='word_1_685' title='bbox 2522 4924 2708 4976; x_wconf 84' lang='lat' dir='ltr'><strong>ortam</strong></span> <span class='ocrx_word' id='word_1_686' title='bbox 2731 4936 2859 4974; x_wconf 88' lang='lat' dir='ltr'><strong>esse</strong></span> <span class='ocrx_word' id='word_1_687' title='bbox 2881 4919 3092 4984; x_wconf 89' lang='lat' dir='ltr'><strong>lucem,</strong></span> <span class='ocrx_word' id='word_1_688' title='bbox 3116 4916 3172 4971; x_wconf 90' lang='lat' dir='ltr'><strong>id</strong></span> <span class='ocrx_word' id='word_1_689' title='bbox 3195 4919 3286 4972; x_wconf 88' lang='lat' dir='ltr'><strong>est</strong></span> <span class='ocrx_word' id='word_1_690' title='bbox 3314 4916 3682 4974; x_wconf 83' lang='lat' dir='ltr'><strong>verissimam</strong></span> 
     </span>
    </p>
   </div>
   <div class='ocr_carea' id='block_1_112' title="bbox 2032 5005 3688 5078">
    <p class='ocr_par' dir='ltr' id='par_1_112' title="bbox 2032 5005 3688 5078">
     <span class='ocr_line' id='line_1_112' title="bbox 2032 5005 3688 5078; baseline -0.002 -10"><span class='ocrx_word' id='word_1_691' title='bbox 2032 5011 2230 5078; x_wconf 83' lang='lat' dir='ltr'><strong>ﬁdem,</strong></span> <span class='ocrx_word' id='word_1_692' title='bbox 2256 5015 2320 5066; x_wconf 91' lang='lat' dir='ltr'><strong>ut</strong></span> <span class='ocrx_word' id='word_1_693' title='bbox 2340 5009 2705 5065; x_wconf 89' lang='lat' dir='ltr'><strong>illuminatus</strong></span> <span class='ocrx_word' id='word_1_694' title='bbox 2728 5006 2867 5062; x_wconf 87' lang='lat' dir='ltr'><strong>talia</strong></span> <span class='ocrx_word' id='word_1_695' title='bbox 2887 5005 3083 5062; x_wconf 89' lang='lat' dir='ltr'><strong>credat</strong></span> <span class='ocrx_word' id='word_1_696' title='bbox 3102 5021 3229 5076; x_wconf 72' lang='lat' dir='ltr'><strong>quae</strong></span> <span class='ocrx_word' id='word_1_697' title='bbox 3251 5021 3386 5060; x_wconf 90' lang='lat' dir='ltr'><strong>eum</strong></span> <span class='ocrx_word' id='word_1_698' title='bbox 3415 5007 3486 5061; x_wconf 85' lang='lat' dir='ltr'><strong>ad</strong></span> <span class='ocrx_word' id='word_1_699' title='bbox 3518 5006 3688 5064; x_wconf 64' lang='lat' dir='ltr'><strong>calo-</strong></span> 
     </span>
    </p>
   </div>
   <div class='ocr_carea' id='block_1_113' title="bbox 2026 5093 3682 5172">
    <p class='ocr_par' dir='ltr' id='par_1_113' title="bbox 2026 5093 3682 5172">
     <span class='ocr_line' id='line_1_113' title="bbox 2026 5093 3682 5172; baseline -0.002 -17"><span class='ocrx_word' id='word_1_700' title='bbox 2026 5116 2165 5156; x_wconf 78' lang='lat' dir='ltr'><strong>rum</strong></span> <span class='ocrx_word' id='word_1_701' title='bbox 2195 5114 2378 5172; x_wconf 88' lang='lat' dir='ltr'><strong>regna</strong></span> <span class='ocrx_word' id='word_1_702' title='bbox 2405 5097 2746 5170; x_wconf 90' lang='lat' dir='ltr'><strong>perducant.</strong></span> <span class='ocrx_word' id='word_1_703' title='bbox 2783 5093 2979 5150; x_wconf 83' lang='lat' dir='ltr'><strong>Rectis</strong></span> <span class='ocrx_word' id='word_1_704' title='bbox 3027 5093 3200 5151; x_wconf 89' lang='lat' dir='ltr'><strong>corde</strong></span> <span class='ocrx_word' id='word_1_705' title='bbox 3230 5093 3415 5150; x_wconf 87' lang='lat' dir='ltr'><strong>oritur</strong></span> <span class='ocrx_word' id='word_1_706' title='bbox 3433 5093 3682 5165; x_wconf 61' lang='lat' dir='ltr'><strong>laetitia;</strong></span> 
     </span>
    </p>
   </div>
   <div class='ocr_carea' id='block_1_114' title="bbox 2035 5182 3686 5262">
    <p class='ocr_par' dir='ltr' id='par_1_114' title="bbox 2035 5182 3686 5262">
     <span class='ocr_line' id='line_1_114' title="bbox 2035 5182 3686 5262; baseline -0.002 -16"><span class='ocrx_word' id='word_1_707' title='bbox 2035 5189 2272 5262; x_wconf 87' lang='lat' dir='ltr'><strong>quando</strong></span> <span class='ocrx_word' id='word_1_708' title='bbox 2291 5189 2416 5244; x_wconf 86' lang='lat' dir='ltr'><strong>-Deo</strong></span> <span class='ocrx_word' id='word_1_709' title='bbox 2446 5182 2924 5259; x_wconf 73' lang='lat' dir='ltr'><strong>praestante-talia</strong></span> <span class='ocrx_word' id='word_1_710' title='bbox 2954 5188 3163 5256; x_wconf 83' lang='lat' dir='ltr'><strong>gerunt</strong></span> <span class='ocrx_word' id='word_1_711' title='bbox 3183 5200 3312 5256; x_wconf 71' lang='lat' dir='ltr'><strong>qua:</strong></span> <span class='ocrx_word' id='word_1_712' title='bbox 3343 5184 3454 5241; x_wconf 89' lang='lat' dir='ltr'><strong>sibi</strong></span> <span class='ocrx_word' id='word_1_713' title='bbox 3485 5185 3686 5256; x_wconf 85' lang='lat' dir='ltr'><strong>profu-</strong></span> 
     </span>
    </p>
   </div>
   <div class='ocr_carea' id='block_1_115' title="bbox 2025 5279 2580 5351">
    <p class='ocr_par' dir='ltr' id='par_1_115' title="bbox 2025 5279 2580 5351">
     <span class='ocr_line' id='line_1_115' title="bbox 2025 5279 2580 5351; baseline -0.009 -17"><span class='ocrx_word' id='word_1_714' title='bbox 2025 5284 2168 5334; x_wconf 82' lang='lat' dir='ltr'><strong>tura</strong></span> <span class='ocrx_word' id='word_1_715' title='bbox 2197 5279 2580 5351; x_wconf 87' lang='lat' dir='ltr'><strong>cognoscunt.</strong></span> 
     </span>
    </p>
   </div>
   <div class='ocr_carea' id='block_1_116' title="bbox 2037 5364 3084 5436">
    <p class='ocr_par' dir='ltr' id='par_1_116' title="bbox 2037 5364 3084 5436">
     <span class='ocr_line' id='line_1_116' title="bbox 2037 5364 3084 5436; baseline -0.006 -12"><span class='ocrx_word' id='word_1_716' title='bbox 2037 5370 2106 5424; x_wconf 88' lang='grc'><strong>13</strong></span> <span class='ocrx_word' id='word_1_717' title='bbox 2179 5367 2498 5433; x_wconf 71' lang='grc' dir='ltr'><strong>ιίειατηίηί,</strong></span> <span class='ocrx_word' id='word_1_718' title='bbox 2520 5365 2680 5436; x_wconf 86' lang='lat' dir='ltr'><strong>justi,</strong></span> <span class='ocrx_word' id='word_1_719' title='bbox 2712 5365 2772 5419; x_wconf 79' lang='lat' dir='ltr'><strong>in</strong></span> <span class='ocrx_word' id='word_1_720' title='bbox 2795 5364 3033 5420; x_wconf 74' lang='lat' dir='ltr'><strong>Domino</strong></span> <span class='ocrx_word' id='word_1_721' title='bbox 3057 5381 3084 5418; x_wconf 70' lang='grc' dir='ltr'><strong>ιτ</strong></span> 
     </span>
    </p>
   </div>
   <div class='ocr_carea' id='block_1_117' title="bbox 2181 5453 3566 5526">
    <p class='ocr_par' dir='ltr' id='par_1_117' title="bbox 2181 5453 3566 5526">
     <span class='ocr_line' id='line_1_117' title="bbox 2181 5453 3566 5526; baseline -0.003 -14"><span class='ocrx_word' id='word_1_722' title='bbox 2181 5457 2244 5512; x_wconf 86' lang='lat' dir='ltr'><strong>Et</strong></span> <span class='ocrx_word' id='word_1_723' title='bbox 2273 5455 2612 5526; x_wconf 83' lang='lat' dir='ltr'><strong>conﬁtemini</strong></span> <span class='ocrx_word' id='word_1_724' title='bbox 2638 5455 2920 5510; x_wconf 77' lang='lat' dir='ltr'><strong>memoria:</strong></span> <span class='ocrx_word' id='word_1_725' title='bbox 2942 5453 3400 5524; x_wconf 72' lang='lat' dir='ltr'><strong>sanctificationis</strong></span> <span class='ocrx_word' id='word_1_726' title='bbox 3430 5453 3566 5525; x_wconf 83' lang='lat' dir='ltr'><strong>ejus.</strong></span> 
     </span>
    </p>
   </div>
   <div class='ocr_carea' id='block_1_118' title="bbox 2110 5539 3686 5613">
    <p class='ocr_par' dir='ltr' id='par_1_118' title="bbox 2110 5539 3686 5613">
     <span class='ocr_line' id='line_1_118' title="bbox 2110 5539 3686 5613; baseline -0.004 -12"><span class='ocrx_word' id='word_1_727' title='bbox 2110 5548 2151 5602; x_wconf 91' lang='lat' dir='ltr'><strong>C</strong></span> <span class='ocrx_word' id='word_1_728' title='bbox 2179 5546 2466 5600; x_wconf 82' lang='lat' dir='ltr'><strong>Admonet</strong></span> <span class='ocrx_word' id='word_1_729' title='bbox 2498 5541 2594 5598; x_wconf 87' lang='lat' dir='ltr'><strong>hic</strong></span> <span class='ocrx_word' id='word_1_730' title='bbox 2615 5543 2966 5613; x_wconf 87' lang='lat' dir='ltr'><strong>justos,non</strong></span> <span class='ocrx_word' id='word_1_731' title='bbox 2998 5542 3056 5598; x_wconf 86' lang='lat' dir='ltr'><strong>in</strong></span> <span class='ocrx_word' id='word_1_732' title='bbox 3070 5541 3347 5598; x_wconf 58' lang='lat' dir='ltr'><strong>thumano</strong></span> <span class='ocrx_word' id='word_1_733' title='bbox 3377 5539 3686 5607; x_wconf 84' lang='lat' dir='ltr'><strong>desiderio,</strong></span> 
     </span>
    </p>
   </div>
   <div class='ocr_carea' id='block_1_119' title="bbox 2043 5627 3689 5709">
    <p class='ocr_par' dir='ltr' id='par_1_119' title="bbox 2043 5627 3689 5709">
     <span class='ocr_line' id='line_1_119' title="bbox 2043 5627 3689 5709; baseline -0.007 -13"><span class='ocrx_word' id='word_1_734' title='bbox 2043 5635 2224 5696; x_wconf 86' lang='lat' dir='ltr'><strong>autin</strong></span> <span class='ocrx_word' id='word_1_735' title='bbox 2247 5634 2425 5709; x_wconf 87' lang='lat' dir='ltr'><strong>hujus</strong></span> <span class='ocrx_word' id='word_1_736' title='bbox 2449 5630 2645 5690; x_wconf 66' lang='lat' dir='ltr'><strong>seaculi</strong></span> <span class='ocrx_word' id='word_1_737' title='bbox 2669 5633 2908 5694; x_wconf 76' lang='lat' dir='ltr'><strong>ruinoso</strong></span> <span class='ocrx_word' id='word_1_738' title='bbox 2922 5630 3345 5707; x_wconf 83' lang='lat' dir='ltr'><strong>jactantia,sed</strong></span> <span class='ocrx_word' id='word_1_739' title='bbox 3363 5629 3420 5686; x_wconf 90' lang='lat' dir='ltr'><strong>in</strong></span> <span class='ocrx_word' id='word_1_740' title='bbox 3443 5627 3689 5686; x_wconf 88' lang='lat' dir='ltr'><strong>Domino</strong></span> 
     </span>
    </p>
   </div>
  </div>
