4068 6160
412 318 533 384 855
1329 309 1396 374 S.
1425 309 1822 373 BRUNONIS
1867 307 2486 372 HERBIPULENSIS
2530 304 2900 368 EPISGOPI.
3706 304 3828 366 356

415 451 621 507 hilari.
649 450 664 498 ί
673 449 1013 504 lonﬁtentur
1025 445 1170 518 justi
1193 445 1536 502 memoriam
1561 443 1891 500 sanctitatis
1911 445 2060 516 ejus,
2092 447 2148 512 Α
2246 443 2288 496 C
2316 442 2346 496 .l
2357 441 2594 507 ubilate,
2609 440 2854 510 dictum,
2867 441 2956 494 est
2970 452 3107 493 cum
3129 451 3343 510 magna
3371 434 3832 492 delectationeiu

419 540 655 612 quando
688 539 747 593 in
781 537 879 593 illo
913 553 1091 609 regno
1122 539 1397 608 perpetuo
1429 534 1647 589 fuerint
1677 531 2064 598 collocati,re-
2174 531 2457 604 gaudium
2489 530 2650 586 vocis
2679 527 2970 602 prosilire.
2983 526 3188 584 Omnis
3219 530 3392 594 terra,
3408 524 3680 599 designat
3697 525 3833 580 uni-

419 630 726 685 cordantes
756 627 826 682 de
851 631 1070 698 quanta
1112 622 1276 680 clade
1307 623 1486 695 hujus
1516 622 1710 678 saeculi
1742 623 1859 679 Deo
1889 621 2064 677 mise-
2171 635 2402 677 versam
2435 618 2774 676 Ecclesiam.
2805 617 3076 685 Cantare,
3103 620 3195 673 est
3221 615 3410 670 ofﬁcio
3460 615 3579 671 oris
3619 614 3836 670 laudes

418 724 583 776 ante
604 718 743 773 sunt
772 714 1074 770 subtracti.
2171 724 2521 781 personare;
2551 706 2860 777 exsultare,
2887 722 3022 762 cum
3047 721 3266 777 magno
3283 718 3480 762 amore
3498 701 3840 760 animivota

889 819 1088 858 οιΑτιο
1126 818 1198 858 ex
1236 818 1395 858 pssn.
1435 817 1584 856 xcvx.
2171 797 2504 865 declarare;
2539 796 2808 874 psallere,
2847 795 3018 852 bonis
3067 793 3346 867 operibus
3393 792 3496 850 Dei
3544 792 3840 850 mndata

487 895 693 951 Custos
713 892 1045 948 animarum
1066 893 1424 957 sanctarum,
1442 889 1795 961 Deus,cujus
1813 903 2064 961 regnum
2170 885 2484 959 complere.

413 987 504 1041 est
560 999 695 1055 pars
752 981 1004 1054 perfecta
1050 981 1372 1052 justorum,
1419 979 1670 1034 concede
1727 977 2064 1051 prophetiae
2168 977 2204 1030 7
2313 976 2546 1032 Psallite
2599 976 2828 1032 Domino
2876 976 2937 1030 in
2982 974 3217 1041 cithara,
3267 977 3323 1036 ι-Ξ-
3349 973 3409 1028 in
3453 971 3675 1028 cithara
3717 976 3734 1036 ζ
3786 978 3844 1026 et

413 1070 894 1144 evangelicasque
952 1067 1388 1126 coruscationes
1451 1067 1786 1139 pectoribus
1846 1065 2064 1122 nostris
2385 1080 2508 1120 voce
2533 1065 2780 1136 psalmi:

411 1160 613 1226 inseri,
640 1164 698 1216 et
746 1159 794 1214 si
845 1158 984 1231 quid
1030 1164 1119 1214 est
1174 1157 1470 1212 obtectum
1516 1155 1803 1213 velamine
1848 1155 2060 1227 prisco,
2317 1155 2378 1210 In
2413 1155 2556 1210 tubis
2601 1159 2656 1218 ι-Ξ·
2683 1153 2978 1208 ductilibus
3021 1157 3034 1217 ζ
3077 1156 3131 1208 et
3160 1167 3282 1208 voce
3310 1149 3452 1207 tubae
3480 1164 3718 1207 cornea}.

409 1248 628 1322 Spiritu
678 1253 880 1304 sancto
928 1247 1216 1303 revelante
1265 1245 1575 1318 pandetur.
1609 1249 1716 1300 Per
1749 1244 2063 1300 Dominum
2245 1243 2292 1299 H
2325 1242 2528 1298 Psallit
2543 1242 2789 1298 Domino
2809 1242 2867 1297 in
2891 1240 3518 1313 citharaquiomnibus
3542 1239 3840 1296 membris

414 1341 682 1394 nostrum
710 1338 915 1395 Jesum
945 1335 1243 1392 Christum
1272 1333 1506 1403 Filium,
1538 1338 1646 1390 etc.
2172 1347 2235 1388 se
2266 1335 2495 1387 castum
2526 1331 2866 1403 praebuerit;
2891 1347 3005 1386 non
3037 1335 3230 1402 potest
3260 1331 3457 1386 autem
3483 1346 3611 1386 esse
3643 1345 3842 1386 sonus

947 1457 1273 1515 pSALMUS
1309 1457 1526 1513 xcv".
2171 1419 2829 1515 citharzs‘perfectus,_si_
2853 1436 2978 1515 una
2999 1419 3218 1515 chorda
3247 1416 3626 1488 defuerit;sic
3645 1418 3841 1515 etiam

2171 1508 2366 1578 homo,
2391 1509 2442 1566 si
2463 1526 2580 1566 uno
2602 1508 2833 1565 crimini
2855 1505 3086 1582 capitali
3110 1508 3456 1580 subjacebit,
3482 1524 3598 1563 non
3625 1506 3843 1580 psallit

830 1591 1235 1631 ARGUMENTU‘“
1276 1591 1428 1631 95”“
1473 1589 1645 1630 xam'
2168 1599 2417 1655 Domino
2447 1599 2504 1656 in
2538 1597 2783 1666 cithara,
2815 1598 2957 1670 quia
2984 1615 3104 1654 una
3129 1597 3346 1653 chorda
3375 1598 3556 1665 deest,
3589 1613 3700 1652 nec
3745 1600 3843 1652 est

483 1693 526 1751 C
557 1690 842 1764 Propheta
862 1695 1192 1747 commonet
1215 1689 1908 1763 populumChristianum
1921 1705 2058 1744 can-
2169 1688 2457 1759 perfectus
2487 1687 2721 1744 citharae
2753 1703 2954 1744 sonus.
2989 1690 3028 1740 C
3057 1685 3180 1742 Vox
3220 1684 3434 1758 psalmi
3482 1701 3725 1758 quoque
3762 1685 3839 1740 ad

533 1781 671 1882 novi
716 1779 1103 1883 exsultatione
1151 1779 1352 1883 laetari,
1386 1779 1620 1850 quando
1652 1777 1940 1834 mirabilis
1971 1783 2062 1836 est
2088 1816 2136 1883 Β
2167 1774 2563 1883 laudationem
2592 1776 2850 1883 divipam
2869 1775 3136 1875 pertinet.
3156 1773 3842 1883 TubzsLductiles,.sig\ni-

411 1870 626 1928 Christi
662 1885 976 1926 concessus
1008 1868 1310 1923 adventus.
2088 1861 2136 1883 υ
2170 1866 2349 1922 ﬁcant
2378 1865 2599 1932 fideles,
2633 1864 2734 1938 qui
2765 1864 3008 1921 diversis
3069 1863 3444 1937 passionibus
3491 1862 3678 1929 tunsi,
3715 1861 3840 1919 Deo

793 1959 910 2013 TT.
942 1958 1192 2012 Psalmus
1238 1963 1292 2021 νέ-
1319 1957 1430 2028 ipsi
1457 1957 1631 2012 David
1660 1974 1678 2010 :
2168 1954 2473 2027 largiente,
2503 1953 2717 2010 clarius
2749 1959 3090 2010 sonuerunt.
3123 1953 3247 2010 Vox
3277 1953 3427 2009 tubae
3459 1967 3710 2020 cornea,
3748 1941 3844 2009 est

409 2051 436 2105 1
553 2050 778 2105 Cantatc
809 2048 1037 2104 Domino
1065 2049 1342 2102 canticum
1370 2063 1572 2104 novum
1601 2063 1620 2101 :
2169 2043 2283 2098 fixa
2311 2042 2618 2099 tolerantia
2647 2041 2960 2115 patientiae,
2987 2059 3115 2115 quae
3147 2047 3211 2098 ut
3243 2058 3422 2097 cornu
3467 2045 3838 2114 perseverat.

555 2139 696 2206 Quia
725 2137 1012 2192 mirabilia
1041 2137 1192 2212 fecit.
2169 2133 2204 2186 8
2308 2133 2548 2189 Jubilate
2598 2134 2655 2188 in
2704 2140 2988 2204 conspectu
3035 2133 3184 2201 regis
3227 2131 3492 2187 Domini:
3547 2137 3843 2186 moveatur

481 2227 522 2283 C
554 2228 748 2283 Novus
777 2225 934 2281 enim
969 2225 1143 2280 homo
1174 2226 1408 2280 cantare
1435 2223 1609 2278 debet
1637 2222 1931 2278 canticum
1964 2239 2062 2277 no-
2380 2237 2535 2276 mare
2565 2229 2615 2278 et
2640 2221 2928 2292 plenitudo
2957 2222 3074 2293 ejus
3107 2239 3120 2276 :

408 2333 570 2384 vum,
603 2332 719 2371 non
752 2313 845 2370 ille
875 2318 1162 2383 vetustus,
1197 2312 1298 2384 qui
1347 2312 1598 2368 necdum
1641 2312 1774 2367 Adae
1825 2316 2061 2384 peccata
2313 2311 2471 2366 Orbis
2515 2317 2570 2375 δέ·
2599 2319 2873 2366 terrarum
2903 2317 2955 2366 et
2980 2311 3079 2382 qui
3107 2310 3360 2366 habitant
3387 2310 3450 2364 in
3479 2325 3540 2366 eo
3576 2325 3589 2363 :

409 2406 706 2479 deponens
735 2404 794 2459 in
821 2403 904 2460 eis
938 2406 1285 2475 perseverat.
1301 2401 1525 2458 Novum
1555 2401 1850 2458 canticum
1873 2406 1962 2456 est
1989 2402 2059 2456 de
2239 2397 2281 2454 C
2312 2398 2464 2453 Dixit
2484 2399 2865 2470 jubilandum
2893 2415 3044 2463 esse,
3079 2413 3234 2454 nunc
3263 2397 3521 2454 ostendit
3551 2397 3841 2468 ubi,quia

405 2493 634 2550 Domini
680 2491 1083 2549 incarnatione
1134 2507 1371 2546 narrare
1402 2489 1489 2546 vel
1520 2495 1773 2548 cantare.
1811 2490 2056 2558 Novum,
2168 2492 2301 2543 ante
2332 2503 2548 2560 regem.
2580 2489 2988 2543 Commovetur
3038 2503 3217 2554 mare,
3251 2486 3487 2558 quando
3519 2485 3580 2540 in
3627 2485 3838 2542 futuro

407 2583 549 2656 quia
565 2598 871 2654 nunquam
894 2579 1116 2652 aliquid
1138 2579 1331 2636 simile
1361 2579 1620 2636 mundus
1652 2577 2061 2635 audivit.Fecit
2159 2576 2384 2649 judicio
2409 2576 2728 2649 impiorum
2751 2581 2987 2648 pectora
3005 2594 3040 2632 a
3059 2575 3456 2632 recordatione
3472 2573 3835 2631 delictorum

405 2671 722 2742 mirabilia,
738 2671 972 2743 quando
995 2668 1158 2725 caecis
1180 2668 1401 2736 lumen,
1425 2667 1651 2724 claudis
1676 2684 1946 2742 gressum
1964 2669 2060 2725 do-
2167 2670 2624 2721 commoventur.
2641 2665 2708 2720 Et
2723 2663 3027 2737 plenitudo
3049 2665 3198 2736 ejus,
3214 2664 3422 2720 merito
3439 2662 3838 2735 dicitur,quia

408 2763 586 2821 navit.
2167 2754 2347 2810 multa
2380 2759 2618 2826 peccata
2645 2753 3085 2810 commiserunt.
3119 2753 3287 2810 Orbis
3317 2757 3610 2809 terrarum
3634 2768 3836 2808 move-

403 2857 440 2908 2
548 2850 804 2906 Salvavit
823 2849 936 2905 sibi
963 2847 1189 2905 dextera
1217 2847 1335 2919 ejus
1365 2865 1384 2903 :
2165 2843 2345 2912 bitur,
2370 2845 2606 2915 quando
2628 2843 2686 2899 in
2711 2858 2920 2900 novam
2941 2842 3148 2900 faciem
3159 2843 3368 2911 veniet,
3383 2846 3451 2898 ut
3472 2841 3834 2915 pradictum

547 2941 614 2996 Et
646 2939 930 2995 brachium
957 2945 1203 2993 sanctum
1233 2938 1370 3010 ejus.
2166 2937 2255 2988 est
2279 2949 2291 2988 :
2316 2932 2426 2988 erit
2464 2931 2676 2988 coelum
2707 2948 2920 2989 novum
2965 2937 3022 2988 et
3059 2936 3216 2988 terra
3242 2947 3391 2988 nova
3421 2932 3505 3003 (11
3529 2931 3678 2987 Petr.
3720 2931 3836 3002 In).

476 3030 523 3086 H
549 3029 819 3086 Christus
851 3027 1034 3094 enim,
1065 3027 1302 3083 dextera
1348 3029 1404 3082 et
1451 3024 1760 3083 brachium
1820 3024 2054 3081 dicitur.
2167 3019 2232 3076 Et
2256 3019 2358 3093 qui
2389 3020 2678 3085 habitant,
2710 3019 2770 3076 id
2800 3025 2889 3078 est
2920 3020 3188 3076 homines
3214 3020 3272 3075 in
3303 3035 3394 3076 eo.

405 3120 650 3176 Dextera
679 3134 782 3191 pro
812 3117 1043 3197 virtute,
1061 3115 1368 3171 brachium
1400 3131 1502 3188 pro
1537 3114 1743 3170 robore
1773 3114 1866 3170 hic
1889 3113 2056 3186 poni-
2095 3189 2128 3197 _
2163 3112 2197 3165 9
2305 3110 2567 3166 Flumina
2576 3109 2840 3182 plaudent
2853 3111 3221 3167 monusimut:
3238 3117 3445 3166 montes
3461 3110 3837 3166 exsultabant

405 3213 518 3265 tur.
535 3209 662 3280 Ipse
680 3189 933 3263 isalvavit
965 3205 1264 3261 hominem
1295 3203 1533 3260 dextera
1554 3219 1663 3259 sua
1692 3203 1752 3258 in
1781 3203 2052 3268 salutem,
2086 3189 2129 3256 C
2381 3215 2412 3255 a
2444 3207 2730 3271 conspectu
2760 3200 2983 3256 Domini
3016 3216 3028 3255 :

402 3297 504 3369 qui
535 3313 642 3352 suo
670 3295 808 3350 vitio
839 3295 1106 3367 perierat.
1142 3293 1183 3348 C
1212 3293 1339 3348 Sive
1387 3293 1768 3364 semetipsum
1811 3291 2054 3347 salvavit
2301 3290 2579 3359 Quoniam
2606 3291 2755 3345 venit
2769 3289 3027 3360 judicare
3058 3297 3283 3344 terram.

403 3384 504 3455 qui
527 3383 1056 3449 dixit,Potestatem
1079 3381 1266 3436 habeo
1297 3379 1549 3452 ponendi
1581 3380 1840 3436 animam
1857 3395 2048 3436 meam
2229 3378 2271 3433 C
2302 3375 2575 3434 Flumina
2606 3393 2619 3435 :
2651 3382 2886 3434 sanctos
2943 3378 3098 3434 viros
3150 3376 3461 3450 signiﬁcat,
3500 3376 3609 3448 qui
3661 3377 3830 3432 bona

401 3475 458 3527 et
487 3471 699 3526 iterum
725 3467 996 3524 sumendi
1025 3484 1154 3524 eam
1189 3470 1366 3539 (toan.
1399 3467 1480 3538 x).
2161 3482 2338 3538 opera
2385 3465 2603 3523 caelesti
2643 3468 2908 3524 ubertate
2957 3470 3360 3523 manaverunt.
3390 3464 3599 3532 Simul,
3634 3465 3696 3522 id
3728 3472 3828 3522 est

400 3562 434 3614 3
542 3560 737 3615 Notum
765 3560 892 3630 fecit
923 3557 1184 3612 Dominus
1209 3557 1451 3612 salutare
1478 3572 1640 3611 suum
2160 3572 2294 3611 cum
2335 3555 2581 3612 Domino
2621 3556 2934 3626 Salvatore,
2965 3557 3059 3612 cui
3108 3555 3382 3629 praedicta
3429 3570 3608 3626 opera
3659 3554 3835 3610 exhi-

541 3649 603 3703 In
631 3654 913 3719 conspectu
941 3647 1186 3716 genti-um
1214 3645 1472 3701 reuelauit
1491 3646 1770 3714 justitiam
1797 3663 1974 3702 suam.
2158 3645 2434 3701 buerunt.
2467 3645 2513 3701 H
2544 3646 2789 3714 Montes,
2823 3645 3091 3719 apostoli.
3124 3647 3164 3702 C
3194 3644 3302 3710 Qui
3333 3643 3724 3700 exsultabant
3759 3644 3825 3700 in

469 3735 513 3791 B
544 3737 754 3792 Notum
781 3734 912 3790 fecit
935 3733 1220 3789 Dominus
1243 3733 1522 3799 salutare,
1547 3733 1604 3788 id
1621 3738 1711 3788 est
1733 3734 2048 3791 Dominum
2157 3740 2471 3806 conspectu
2500 3735 2753 3801 Domini,
2785 3734 2844 3791 in
2877 3734 3240 3807 judicatione
3270 3732 3486 3801 futura,
3519 3733 3817 3805 quoniam

397 3823 776 3891 Salvatorem,
809 3824 910 3896 qui
945 3821 1220 3878 salutaris
1255 3827 1404 3877 recte
1435 3821 1667 3890 dicitur,
1691 3823 1831 3895 quia
1859 3823 2049 3879 omnis
2157 3825 2335 3890 venit,
2359 3823 2579 3881 scilicet
2602 3824 2868 3896 judicare
2893 3827 3247 3896 peccatores,
3273 3823 3374 3896 qui
3405 3827 3640 3878 terrena
3662 3838 3828 3877 sem-

399 3911 608 3971 salutis
637 3918 724 3970 est
754 3912 1061 3969 auctor.Et
1086 3910 1358 3967 revelavit
1378 3911 1694 3982 justitiam,
1709 3910 1769 3968 id
1785 3916 1874 3969 est
1894 3911 2052 3968 Chri-
2158 3929 2262 3986 per
2289 3913 2429 3969 vitia
2454 3913 2897 3986 concupiscunt,
2911 3917 2969 3968 et
2983 3912 3110 3968 ideo
3138 3917 3295 3968 terra
3325 3915 3476 3966 recte
3503 3909 3817 3966 dicuntur.

399 4007 578 4072 stum,
611 4001 712 4074 qui
742 4001 908 4074 prius
937 4001 1048 4056 sub
1079 4000 1336 4072 quodam
1368 3998 1654 4056 velamine
1701 4001 2051 4074 praedicatus
2161 4004 2229 4060 10
2299 4003 2573 4060 Judicabit
2596 4003 2779 4060 orbem
2823 4007 2878 4068 -ξ-
2903 4009 3180 4058 terrarum
3220 4007 3233 4067 ζ
3280 4001 3340 4057 in
3359 3999 3606 4072 justitia.

398 4094 588 4148 fuerat
617 4107 651 4146 a
678 4089 1000 4164 prophetis.
1034 4089 1157 4154 Quo
1187 4088 1476 4145 subducto
1506 4087 1566 4143 in
1599 4089 1728 4161 ejus
1772 4091 2047 4160 adventu,
2305 4095 2383 4148 Et
2403 4093 2630 4164 populos
2659 4094 2722 4148 in
2750 4094 3034 4164 mquitate.

397 4180 526 4252 ipsa
554 4178 730 4235 facies
760 4177 1020 4234 veritatis
1050 4177 1342 4250 apparuit.
1375 4176 1422 4232 H
1452 4175 1552 4233 Vel
1569 4176 1866 4248 justitiam
1897 4177 2046 4247 vitae,
2232 4180 2274 4236 C
2305 4181 2406 4237 Isti
2429 4183 2539 4237 sub
2553 4180 2791 4253 justitia
2812 4179 3121 4253 judicandi
3139 4184 3299 4247 sunt,
3315 4179 3414 4251 qui
3436 4177 3600 4234 nulla
3617 4178 3854 4235 remisr

397 4285 524 4340 quae
555 4267 966 4324 incredulitate
987 4265 1305 4322 hominum
1332 4265 1442 4322 fuit
1469 4265 1797 4323 obscurata.
2159 4270 2325 4326 sione
2356 4270 2763 4327 liberabuntur
2790 4287 2825 4327 a
2850 4287 2961 4327 sua
2991 4267 3436 4343 pertindciaJlli
3457 4284 3592 4325 vero
3615 4266 3831 4341 populi

396 4359 428 4411 4
537 4356 864 4414 Recordatus
895 4363 974 4412 est
1002 4355 1402 4413 misericordiae
1426 4369 1549 4412 suae
1575 4374 1598 4411 .·
2160 4360 2219 4416 in
2250 4359 2520 4433 aequitate
2543 4359 2849 4432 judicandi
2875 4364 3034 4426 sunt,
3065 4359 3345 4431 quoniam
3371 4358 3454 4414 ibi
3475 4357 3723 4431 praemia
3742 4373 3834 4413 re-

537 4447 602 4501 Et
628 4447 875 4502 veritatis
905 4460 1023 4502 sua:
1050 4445 1237 4501 domui
1265 4446 1459 4501 Israel.
2161 4449 2406 4522 cipiunt,
2437 4451 2538 4522 qui
2568 4450 2662 4506 hic
2693 4454 2928 4523 propter
2957 4463 3172 4505 nomen
3198 4448 3430 4505 Domini
3462 4446 3832 4520 gravissima

469 4533 1562 4628 liDecomatus-est.misericordiae,in
1586 4533 2052 4628 pupulo,scilicet
2083 4562 2130 4628 Β
2163 4538 2422 4612 pericula
2452 4526 2838 4611 pertulerunt.

395 4622 683 4697 gentium.
717 4623 786 4677 Et
814 4621 1075 4678 veritatis
1109 4640 1246 4691 suae,
1282 4623 1473 4694 quoad
1506 4622 1790 4694 populum
1821 4623 2049 4681 Judaeo-
2083 4621 2122 4628 ⁷
2625 4645 2833 4684 ORATIO
2871 4645 2942 4684 xx
2980 4645 3138 4685 PSAL.
3179 4643 3353 4685 xcvn.

396 4729 552 4784 rum,
579 4711 801 4768 scilicet
825 4726 998 4784 opere
1027 4711 1328 4784 complens
1362 4711 1515 4783 quod
1546 4712 1893 4783 patriarcbis
1915 4731 2048 4786 pro-
2229 4717 3041 4784 Immitte,Domine,salutare
3062 4723 3233 4774 tuum
3255 4715 3553 4773 mentibus
3574 4715 3825 4782 nostris,

397 4802 657 4858 miserat.
2157 4809 2257 4882 qui
2290 4807 2556 4864 revelasti
2574 4808 2873 4880 justitiam
2905 4811 3070 4864 tuam
3100 4807 3377 4881 gentibus
3408 4805 3730 4874 universis,
3761 4809 3828 4861 ut

392 4893 428 4946 5
539 4891 799 4948 νίάεντιηε
827 4907 1011 4949 omnes
1041 4891 1269 4947 ιωηηίηί
1300 4897 1466 4947 terra?
1497 4907 1510 4944 ε
2158 4898 2259 4970 qui
2290 4898 2589 4970 quondam
2621 4897 2879 4968 judicari
2909 4897 3119 4953 venisti
3151 4914 3255 4969 pro
3287 4894 3552 4969 perditis,
3587 4893 3827 4950 miseri-

535 4981 788 5039 Salutare
817 4983 914 5038 Dei
939 4983 1139 5038 nostri.
2158 4987 2442 5057 cordiam,
2474 5003 2610 5043 cum
2640 4985 2966 5054 adveneris,
2999 5002 3103 5059 pro
3151 4985 3368 5059 quibus
3391 4984 3707 5057 judicatus
3737 5000 3824 5052 es,

465 5069 506 5125 C
535 5069 819 5126 Viderunt
848 5088 1072 5139 omnes,
1106 5069 1166 5126 id
1214 5073 1307 5126 est
1353 5073 1546 5126 mente
1595 5075 2046 5142 conspexerunt,
2159 5075 2448 5150 largiaris.
2482 5077 2588 5142 Qui
2622 5093 2756 5133 cum
2789 5076 2957 5133 Patre
2986 5081 3044 5134 et
3073 5076 3242 5144 Filio,
3272 5081 3382 5132 etc.

396 5159 550 5231 quod
571 5176 673 5259 per
684 5163 869 5259 totum
885 5160 1175 5259 mundum
1198 5164 1425 5259 constat
1448 5160 1884 5259 eﬂ‘ectum_.t)uze
1904 5160 2049 5259 visio
2679 5201 3011 5259 PSALMUS
3046 5201 3266 5259 XCVIII

398 5264 514 5303 non
546 5247 659 5303 nisi
694 5248 766 5303 ad
797 5249 972 5304 ﬁdem
1023 5255 1114 5305 est
1163 5250 1486 5320 reterenda,
1520 5253 1585 5304 ut
1631 5248 1803 5304 nobis
1862 5249 2049 5321 possit
2680 5244 2703 5257 ⁸
2728 5244 3011 5259 “mnu”
3046 5244 3136 5259 ““
3157 5244 3169 5256 ’
3191 5244 3286 5258 ’⁵⁵⁸

395 5336 608 5392 veritas
637 5340 904 5392 constare
932 5337 1278 5407 verborum;
1311 5355 1416 5411 per
1445 5337 1621 5395 ﬁdem
1652 5337 1808 5395 enim
1843 5355 2048 5396 omnes
2561 5335 2966 5376 ΑΒθυΜεΝτυΜ
3006 5335 3166 5375 ΡεΑῐι·
3208 5335 3401 5375 XCVI"-

394 5423 631 5483 termini
661 5431 827 5482 terrae
859 5425 1134 5482 Viderunt
1163 5427 1391 5483 Jesum.
2227 5433 2269 5491 C
2301 5434 2591 5508 Propheta
2617 5440 2950 5492 commonet
2980 5435 3232 5510 populos
3281 5433 3517 5492 Christo
3562 5432 3820 5490 Domino

393 5515 429 5571 6
535 5515 785 5574 Jubilate
812 5515 1061 5581 Domino,
1096 5516 1272 5572 omnis
1297 5524 1443 5572 terra
1473 5535 1491 5572 :

2210 5524 2442 5592 infiteri,
2473 5542 2727 5600 eumque
2755 5525 3021 5600 adorare,
3046 5526 3186 5600 quia
3215 5523 3342 5582 suis
3373 5521 3653 5580 ﬁdelibus
3682 5537 3816 5596 pro-

539 5605 764 5666 Cantate
790 5609 842 5664 et
870 5604 1140 5666 exsatiate
1164 5614 1215 5664 et
1235 5605 1475 5680 psallite.
2155 5614 2337 5691 pitius
2368 5613 2586 5674 existit.
