4054 6168
428 352 435 359 ’
462 348 582 415 363

459 483 681 549 orat,ut
727 483 800 534 ab
849 483 941 531 his
992 483 1188 528 divma
1217 483 1711 538 contemplatione
1742 483 2043 534 eripiatur.
2077 483 2116 512 υ

462 572 537 629 Et
555 570 683 642 jam
714 562 1102 624 conﬁdentius
1133 558 1296 633 petit,
1328 560 1394 613 ut
1419 554 1669 612 celerius
1700 554 1993 609 mereatur
2022 565 2120 604 au-

416 676 419 680 '
470 639 608 718 diri.
633 657 782 715 Nam
809 653 910 727 qui
936 650 1303 710 velocitatem
1333 643 1685 721 postulat,de
1715 643 1843 714 ejus
1876 639 2125 696 clemen-

474 750 560 807 tia
588 763 704 804 non
737 741 968 801 difﬁdit.

473 841 508 896 4
615 835 762 907 Quia
788 833 1099 905 defecerunt
1125 830 1266 885 sicut
1291 829 1479 900 fumus
1508 823 1625 880 dies
1654 822 1764 878 mei
1794 838 1813 876 :

433 995 436 998 ,
615 926 683 980 Et
711 939 834 981 ossa
860 935 985 978 mea
1010 921 1152 976 sicut
1180 917 1449 974 cremium
1476 918 1765 970 aruerunt.

546 1016 588 1073 C
618 1012 823 1070 Merito
855 1027 992 1084 ergo
1025 1008 1150 1065 dies
1181 1009 1570 1081 peccatorum,
1600 1000 1789 1075 globis
1839 994 2127 1053 fumiferis

477 1083 991 1177 comparantur.Et
1010 1098 1262 1155 maxime
1278 1095 1349 1151 ad
1368 1091 1703 1166 superbiam
1721 1085 1927 1145 mundi
1950 1083 2130 1156 respi-

479 1192 963 1265 cit,quae,quanto
994 1186 1129 1260 plus
1158 1183 1455 1242 extollitur
1487 1186 1551 1237 ut
1581 1179 1973 1247 fumus,tanto
2004 1190 2129 1265 arn-

478 1262 636 1357 plius
664 1262 1039 1338 evanescit.H
1071 1276 1218 1332 Ossa
1249 1290 1263 1330 :
1296 1271 1592 1345 signiﬁcat
1621 1266 1801 1324 animi
1837 1262 2131 1322 fortitudi-

478 1353 639 1441 nem,
669 1370 718 1427 si
766 1384 902 1441 ergo
952 1365 1107 1438 quod
1160 1367 1250 1419 est
1296 1361 1357 1416 in
1413 1376 1507 1415 me
1557 1358 1723 1426 forte,
1756 1356 1866 1412 hoc
1896 1353 2048 1410 aruit
2078 1356 2134 1408 et

480 1459 785 1516 inﬁrmum
815 1456 1032 1512 factum
1062 1458 1172 1521 est,
1207 1453 1426 1523 quanto
1457 1447 1647 1520 magis
1679 1463 1805 1518 quae
1837 1460 1940 1517 per
1969 1446 2135 1499 natu-

483 1564 611 1605 ram
638 1545 877 1602 inﬁrma
904 1546 1063 1609 sunt,
1095 1544 1161 1596 ut
1190 1556 1345 1596 caro.
1379 1538 1421 1593 C
1466 1536 1613 1592 Nam
1656 1534 1756 1607 qui
1788 1549 1850 1588 se
1880 1529 2138 1605 pavescit

484 1636 545 1692 in
576 1636 775 1692 futuro
805 1647 1102 1698 arsurum,
1133 1629 1321 1703 ipsius
1351 1625 1605 1683 incendii
1640 1639 1852 1696 pavore
1876 1622 2003 1693 jam
2035 1620 2135 1675 fri-

484 1726 644 1799 gitur
668 1723 839 1797 quasi
871 1723 932 1777 in
955 1720 1213 1776 frixorio.

484 1834 522 1888 5
628 1838 928 1889 Percussus
955 1844 1078 1885 sum
1104 1834 1165 1883 ut
1191 1828 1383 1899 fenum
1410 1831 1461 1881 et
1491 1824 1641 1878 aruit
1669 1836 1761 1876 cor
1786 1836 1965 1876 meum
2000 1835 2012 1873 :

633 1921 773 1992 Quia
802 1920 1005 1977 oblitus
1033 1931 1157 1972 sum
1184 1913 1457 1972 comedere
1482 1927 1681 1984 panem
1707 1924 1909 1965 meum.

559 2010 600 2069 C
624 2011 777 2067 Bene
807 2025 993 2083 genus
1016 2006 1347 2062 humanum
1394 2003 1524 2058 feno
1557 2002 1949 2071 comparatur,
1985 1995 2139 2070 quod

487 2105 546 2159 et
572 2098 886 2156 viriditatis
935 2096 1112 2153 habet
1158 2091 1443 2160 laetitiam,
1478 2093 1535 2147 et
1584 2104 1930 2162 percussum
1974 2085 2141 2142 facile

488 2190 668 2249 sentit
696 2187 996 2259 injuriam.
1028 2185 1124 2240 Sic
1154 2199 1290 2239 cum
1338 2181 1399 2236 in
1447 2181 1574 2253 lege
1607 2177 1702 2235 Dei
1732 2174 2138 2241 consistimus,

488 2282 775 2349 tanquam
805 2272 1232 2330 viridissimum
1263 2272 1463 2326 fenum
1491 2272 1865 2342 vegetamur:
1891 2280 2024 2320 mox
2044 2279 2139 2317 ve-

490 2383 554 2424 ro
581 2370 648 2423 ut
663 2366 735 2422 ab
757 2365 884 2436 ejus
905 2360 1210 2436 praeceptis
1226 2360 1512 2416 fuerimus
1541 2355 1829 2412 diabolica
1854 2351 1996 2410 falce
2017 2368 2144 2409 suc-

491 2456 618 2524 cisi,
653 2454 853 2511 statim
885 2449 1229 2509 arescimus.
1264 2447 1473 2504 Reddit
1502 2462 1733 2519 quoque
1762 2458 2001 2500 causam
2041 2457 2143 2496 cur

492 2546 622 2618 ejus
654 2560 755 2600 cor
779 2540 1103 2614 aruit,quia
1130 2555 1246 2595 non
1277 2535 1529 2595 comedit
1556 2551 1768 2608 panem
1794 2528 2139 2605 spiritalem,

495 2634 554 2690 id
586 2637 677 2690 est
704 2631 1028 2697 Christum,
1060 2631 1297 2702 propter
1329 2629 1653 2698 peccatum.
2029 2639 2031 2642 ‘

496 2742 533 2797 6
637 2745 679 2798 Α
714 2754 838 2796 voce
861 2738 1097 2808 gemitus
1124 2735 1237 2791 mei
1271 2751 1285 2789 :

637 2828 885 2886 Adhaesit
913 2843 972 2883 as
998 2840 1183 2881 meum
1207 2822 1370 2879 carni
1391 2835 1548 2878 mese.

563 2918 606 2975 C
633 2918 697 2974 In
728 2916 833 2975 Illo
863 2914 1021 2972 enim
1051 2911 1275 2987 gemitu
1326 2909 1698 2982 afﬂigebatur
1747 2907 1857 2963 iste
1902 2922 2142 2979 pauper,

491 3024 669 3081 quem
700 3004 907 3063 mundi
930 3007 1220 3061 amatores
1247 2998 1446 3074 potius
1473 2996 1956 3053 irridebant.ldeo
1987 2994 2146 3052 addi-

490 3096 580 3155 dit
625 3096 760 3166 mei,
793 3098 859 3151 ut
905 3109 969 3150 se
1008 3110 1042 3147 a
1070 3088 1388 3147 mundanis
1436 3085 1745 3143 desideriis
1792 3087 2146 3149 monstraret

497 3184 887 3277 abstractum.
913 3182 961 3239 H
984 3180 1235 3277 Discant
1264 3176 1608 3277 pmnitentes
1637 3175 1933 3277 quomodo
1969 3177 2146 3277 agant
2175 3209 2219 3277 ρ

496 3272 920 3347 paenitentiam,
948 3271 1021 3326 ab
1051 3269 1165 3326 isto
1195 3283 1472 3341 paupere.
1503 3265 1752 3321 Videant
1798 3263 1939 3336 quid
1970 3263 2146 3329 dicat,

394 3400 401 3403 ‹
498 3359 977 3429 adhaesit,etc.:ac
1005 3357 1055 3414 si
1086 3357 1331 3413 dixisset
1360 3372 1375 3411 ε
1410 3355 1522 3410 Iste
1553 3351 1881 3426 pauper,ita
1901 3367 2152 3408 macera-

496 3448 582 3507 vit
601 3446 1110 3520 memetipsum,ut
1132 3444 1258 3501 sine
1281 3460 1453 3500 carne
1472 3442 1758 3498 essem.Et
1782 3440 2027 3497 adhaesit
2047 3457 2149 3496 cu-

497 3538 576 3595 tis
606 3537 842 3594 ossibus
872 3534 1021 3592 meis
1055 3552 1068 3590 :
1104 3549 1362 3600 carnem,
1396 3548 1500 3604 pro
1522 3529 1670 3603 pelle
1700 3530 1864 3585 dixit.

493 3648 530 3701 7
570 3630 578 3637 '
639 3642 855 3701 Similis
883 3642 1060 3713 factus
1087 3656 1214 3696 simi
1239 3640 1490 3710 pelicano
1517 3636 1854 3693 solitudinis.

674 3733 866 3787 Factus
894 3745 1017 3784 sum
1043 3730 1188 3784 sicut
1213 3727 1532 3799 nycticoraa:
1554 3727 1614 3780 in
1637 3725 1934 3780 domicilio.

565 3820 607 3877 C
638 3817 967 3877 Pelicamus
997 3816 1119 3872 avis
1151 3818 1241 3873 est
1268 3814 1531 3888 Egyptia
1553 3812 1764 3870 similis
1819 3812 2061 3869 ciconiis
2088 3812 2146 3868 in

497 3908 838 3986 granditate
868 3906 1150 3981 corporis,
1184 3922 1312 3978 quae
1360 3902 1738 3960 delectatione
1786 3901 2048 3960 solitaria
2087 3919 2150 3959 se
2232 3926 2235 3930 ν

496 3997 853 4064 consolatur,
882 4001 941 4053 et
966 3994 1219 4053 naturali
1251 3993 1437 4050 macie
1489 4008 1720 4065 semper
1748 3992 2008 4048 confecta
2039 3996 2146 4059 est,

493 4091 661 4145 tenso
692 4086 850 4144 enim
879 4086 1160 4143 intestino
1189 4101 1292 4157 per
1322 4082 1859 4154 viscera,quidquid
1880 4098 2147 4140 escarum

496 4176 864 4250 accipit,sine
893 4175 1092 4249 aliqua
1121 4173 1455 4230 decoctione
1484 4172 1935 4228 transmittitzet
1966 4171 2147 4243 signi-

494 4266 634 4323 ﬁcat
698 4264 991 4322 eremitas.
1055 4263 1417 4336 Nycticorax,
1472 4261 1533 4316 id
1603 4264 1693 4317 est
1758 4259 2145 4327 nocticorvus,

496 4371 674 4428 quem
707 4353 945 4427 quidam
977 4353 1292 4419 bubonem,
1323 4350 1564 4424 quidam
1612 4355 1886 4405 noctuam
1914 4354 2144 4418 vocant,

458 4500 461 4501 ν
493 4460 627 4516 quis
655 4442 864 4515 quaerit
894 4458 1058 4498 escas
1086 4440 1145 4497 in
1178 4444 1346 4497 nocte
1380 4458 1393 4496 :
1428 4440 1507 4496 ita
1529 4443 1585 4495 et
1605 4441 1893 4512 paenitens
1914 4439 2026 4495 isto
2049 4456 2148 4494 no-

494 4536 703 4588 cturno
740 4535 1000 4603 tempore
1056 4546 1219 4586 escas
1262 4530 1472 4584 anima:
1527 4529 1734 4601 quierit
1768 4526 2144 4596 modulando,

456 4649 462 4654 ι
492 4619 754 4677 retinens
785 4637 847 4676 se
878 4618 1174 4677 domicilio
1206 4636 1240 4675 a
1270 4618 1505 4692 publica
1535 4604 1760 4673 visione
1791 4621 2102 4674 remotum.

500 4726 537 4783 3
648 4725 890 4796 Vigilavi
918 4741 933 4781 :

630 4817 699 4871 Et
724 4815 902 4887 factus
931 4831 1056 4872 sum
1081 4815 1221 4871 sicut
1241 4830 1432 4886 passer
1458 4814 1745 4869 solitarius
1775 4815 1833 4869 in
1865 4821 2017 4870 tecto.

557 4922 599 4979 C
629 4923 838 4978 Passer
866 4925 953 4978 est
983 4920 1105 4978 avis
1152 4938 1330 4994 parva
1379 4919 1695 4994 sagacitate
1727 4919 1994 4992 sollicita,
2036 4937 2139 4977 nec

485 5009 654 5065 facile
684 5009 946 5067 irretitur
973 5010 1234 5084 laqueis;
1271 5027 1398 5082 quae
1451 5010 1522 5065 ad
1573 5009 1882 5065 domorum
1910 5008 2143 5083 fastigia

486 5098 755 5169 cucurrit,
786 5115 859 5155 ne
889 5100 1041 5156 fetus
1071 5101 1299 5173 perdat.
1329 5098 1431 5155 Cui
1473 5104 1888 5171 comparantur
1931 5097 2033 5168 qui
2081 5114 2144 5154 se

488 5185 797 5243 conferunt
826 5188 897 5242 ad
932 5193 1101 5260 septa
1126 5187 1393 5244 Ecclesia:
1426 5186 1612 5255 Dei,et
1640 5186 1701 5242 in
1731 5187 1859 5259 ejus
1907 5185 2138 5261 fastigio

484 5272 751 5348 vigilant,
804 5291 869 5331 ac
918 5276 998 5331 ibi
1048 5276 1345 5333 tutissime
1390 5279 1780 5349 perseverant.
1813 5275 1907 5331 Hae
1941 5279 2136 5333 autem

487 5380 627 5422 aves
644 5379 858 5438 genere
869 5364 1266 5438 discrepantes
1278 5370 1334 5422 et
1349 5363 1842 5422 consuetudinum
1857 5364 2139 5437 qualitate

482 5452 937 5526 dissimiles,per
958 5453 1333 5529 hyperbolem
1357 5454 1699 5511 hominibus
1722 5459 2139 5527 comparantur

481 5542 648 5610 Quod
666 5547 1085 5617 argumentum
1102 5543 1317 5600 dicitur
1330 5560 1398 5600 ex
1421 5543 1641 5619 majore
1663 5543 1735 5600 ad
1761 5542 1960 5602 minus
1983 5559 1996 5601 :
2018 5560 2138 5602 ma-

474 5632 580 5767 jor
604 5636 693 5695 est
721 5631 898 5692 homo
928 5650 1106 5714 quam
1136 5648 1360 5713 passer.

1411 336 1476 396 S.
1522 325 1914 393 BRUNONIS
1960 312 2578 389 HERBIPOLENSIS
2624 309 3007 380 EPISCOPI.

727 478 800 534 ab
849 475 941 531 his
992 471 1188 528 divina
1217 465 1711 538 contemplatione
1742 461 2043 534 eripiatur.
2077 461 2116 512 C
2144 462 2199 528 Α
2226 456 2261 510 9
2374 456 2497 511 Tota
2527 452 2615 508 ilic
2643 447 3049 538 exprobrabant
3072 443 3211 499 mihi
3240 436 3460 538 inimici
3487 438 3634 538 mei:

2166 1839 2213 1904 B

3756 301 3891 363 364

2374 544 2445 598 Et
2472 540 2571 612 qui
2600 535 2905 595 laudabant
2929 548 3017 589 me
3033 545 3288 587 aversum
3312 543 3401 584 me
3417 525 3706 600 jurabant.

2303 631 2344 687 C
2372 611 2679 686 Diabolicis
2710 627 2940 682 constat
2968 637 3097 678 esse
3125 618 3384 686 malitiae,
3415 619 3484 671 ut
3533 629 3734 673 servos
3764 611 3892 682 (Dei

2235 737 2384 794 quos
2413 716 2630 791 apertis
2649 712 2972 771 terroribus
2986 708 3652 794 tyrannisuperarenon
3670 699 3893 794 valent)

2235 789 2519 879 derisoria
2544 803 2733 876 magis
2766 799 3162 872 increpatione
3191 796 3447 865 ﬂectant,
3490 792 3576 850 sic
3610 789 3774 849 enim
3805 792 3900 846 est

2235 877 2598 954 consuetudo
2630 889 3133 966 pervcrsis,bonos
3162 885 3329 960 prius
3360 883 3422 940 in
3462 883 3581 939 vita
3627 877 3903 938 saeculari

2236 985 2499 1053 laudare,
2533 986 2666 1056 post
2688 977 3077 1053 jurejurando
3107 972 3548 1044 detestari,cum
3578 986 3680 1028 eos
3709 967 3903 1042 pani-

2237 1074 2428 1132 tentia
2457 1070 2639 1145 affligi
2669 1066 3062 1141 conspiciunt.

2240 1173 2311 1231 40
2384 1172 2533 1243 Quia
2560 1170 2800 1226 cincrem
2827 1174 3092 1238 tanquam
3111 1153 3315 1236 panem
3341 1157 3746 1216 manducabam
3773 1173 3788 1211 :

2383 1262 2449 1317 Et
2471 1258 2732 1332 poculum
2759 1271 2944 1311 meum
2971 1269 3095 1309 cum
3119 1253 3253 1322 ﬂetu
3270 1250 3594 1327 miscebant.

2314 1346 2690 1406 Manducavit
2734 1343 3002 1400 Christus
3048 1341 3306 1397 cinerem
3356 1343 3420 1394 ut
3467 1353 3681 1411 panem
3717 1334 3911 1408 :quia

2219 1416 2578 1514 .peccatores
2597 1435 2946 1509 pcsnitentes
2966 1433 3040 1488 ad
3065 1447 3128 1488 se
3146 1414 3604 1486 convertit.CVel
3622 1426 3910 1494 cinerem,

2247 1530 2305 1586 id
2337 1525 2732 1599 est,reliquias
2762 1526 3133 1598 peccatorum
3155 1522 3212 1576 et
3233 1533 3411 1592 parva
3438 1518 3677 1590 peccata
3693 1531 3912 1571 consu-

2249 1618 2484 1674 mebam
2514 1632 2652 1671 vera
2680 1610 3021 1687 poenitentia
3051 1627 3064 1666 :
3098 1625 3170 1664 ne
3200 1607 3343 1682 quid
3374 1608 3532 1662 esset
3569 1604 3910 1673 residuum,

2250 1706 2403 1780 quod
2431 1702 2744 1777 impediret
2760 1700 3038 1756 meritum
3052 1696 3215 1771 regni
3232 1694 3609 1753 ccslorum.Et
3625 1692 3911 1768 poculum

2253 1812 2451 1852 meum
2486 1810 2498 1849 :
2532 1796 2673 1849 tunc
2704 1790 2863 1847 enim
2893 1789 3101 1845 animae
3136 1803 3276 1842 meis
3307 1781 3913 1858 penetralia,ccnlestis

2252 1884 2348 1941 ille
2370 1887 2543 1957 potus
2570 1877 3164 1954 ingreditur,quando
3191 1874 3306 1948 piis
3335 1873 3572 1930 ﬂetibus
3600 1871 3909 1946 irrigatur;

2250 1975 2298 2031 H
2327 1972 2417 2028 vel
2434 1971 2495 2028 in
2518 1970 2712 2028 cinere
2734 1967 3095 2041 intingebam
3112 1980 3324 2039 panem
3343 1965 3625 2034 meum,et
3644 1962 3731 2018 sic
3752 1976 3913 2017 com-

2249 2063 2517 2120 edebam.
2552 2060 2609 2117 Si
2642 2074 2780 2132 ergo
2812 2055 3097 2131 propheta
3134 2054 3244 2110 hoc
3284 2051 3420 2110 fecit
3452 2069 3466 2107 :
3499 2068 3610 2108 nos
3640 2050 3787 2124 quid
3821 2050 3906 2107 fa-

2249 2150 2517 2209 ciamus?
2548 2152 2605 2206 et
2632 2146 2913 2222 poculum
2929 2162 3065 2201 cum
3081 2141 3357 2216 lacrymis
3372 2140 3722 2197 miscebam:
3744 2144 3804 2196 et
3825 2140 3911 2195 ni-

2249 2241 2333 2298 hil
2363 2240 2509 2297 mihi
2541 2253 2721 2295 suave
2748 2240 2892 2305 erat,
2926 2250 3115 2306 neque
3144 2230 3336 2306 panis,
3368 2246 3556 2303 neque
3598 2228 3906 2303 poculum,

2249 2330 2350 2387 sed
2381 2331 2615 2384 tantum
2639 2325 2867 2382 veniam
2915 2326 2972 2380 et
3018 2320 3311 2379 caelestem
3359 2334 3570 2392 panem
3602 2316 3909 2374 Christum

2249 2417 2677 2475 desiderabam.

2249 2509 2314 2566 li
2393 2506 2435 2561 A
2457 2506 2599 2578 facie
2630 2506 2736 2561 irit
2760 2510 2810 2558 et
2840 2500 3241 2571 indignationis
3273 2502 3387 2556 tua:
3419 2515 3432 2555 :

2396 2595 2538 2664 Quia
2565 2594 2782 2650 elevans
2803 2591 3033 2648 allisisti
3058 2605 3164 2647 me.

2324 2685 2365 2740 C
2382 2686 2476 2740 Ira
2495 2687 2552 2738 et
2566 2680 2891 2755 indignatio
2910 2679 3117 2736 faciem
3139 2694 3258 2735 non
3273 2676 3491 2733 habent
3510 2672 3908 2748 corporalem:

2253 2773 2356 2832 sed
2387 2771 2733 2829 timentibus
2765 2770 2876 2827 sub
2906 2766 3327 2842 imaginatione
3348 2780 3581 2839 semper
3598 2767 3912 2838 apparent.

2253 2865 2345 2922 Ira
2374 2863 2448 2920 ad
2479 2861 2763 2918 ultionem
2792 2858 3044 2934 pertinet
3094 2875 3108 2915 :
3158 2854 3506 2930 indignatio,
3551 2853 3627 2909 ad
3675 2858 3914 2909 motum

2252 2951 2434 3010 animi
2465 2946 3048 3008 mediocrem.Elevat
3078 2948 3272 3002 autem
3290 2945 3443 3001 Deus
3460 2943 3586 3000 suis
3606 2941 3918 2998 beneﬂciis

2252 3045 2609 3117 peccatores,
2642 3038 2878 3112 quando
2910 3035 3028 3093 illis
3058 3051 3197 3108 opes
3227 3033 3469 3102 confert,
3502 3036 3561 3088 et
3596 3031 3915 3098 honorem,

2254 3129 2519 3188 concedit
2542 3145 2554 3184 :
2576 3132 2633 3185 et
2663 3127 2804 3184 dum
2834 3141 2903 3181 ex
2932 3123 3043 3181 hoc
3072 3122 3451 3191 extolluntur,
3481 3120 3684 3178 omnia
3711 3120 3916 3194 eripit,

2258 3224 2325 3276 ut
2354 3235 2468 3276 non
2499 3220 2739 3292 pereant
2767 3216 2871 3272 sed
2899 3212 3286 3271 humilientur
3312 3215 3371 3268 et
3411 3213 3770 3285 cognoscant
3803 3227 3921 3266 un-

2258 3309 2330 3365 de
2360 3312 2417 3365 et
2442 3307 2545 3364 illa
2572 3304 2907 3363 habuerint.

2257 3398 2327 3454 12
2403 3399 2531 3455 Dies
2553 3397 2667 3452 mei
2687 3396 2829 3452 sicut
2852 3392 3051 3450 umbra
3077 3392 3490 3450 declinaverunt
3518 3405 3533 3447 :

2400 3488 2468 3542 Et
2494 3501 2597 3560 ego
2621 3484 2762 3541 sicut
2788 3484 2982 3556 fenum
3006 3484 3155 3539 arui.

2328 3577 2371 3633 C
2400 3573 2798 3632 Pulcherrime
2816 3572 2964 3629 dixit
2978 3571 3088 3628 iste
3106 3571 3557 3646 pcnnitens,post
3578 3566 3925 3642 prevarica-

2257 3666 2478 3722 tionem
2502 3662 2790 3736 Adin,dies
2810 3660 3138 3719 declinasse
3158 3676 3298 3717 suos
3322 3676 3336 3715 :
3356 3659 3497 3733 quia
3519 3658 3644 3732 ipse
3661 3656 3925 3713 declina-

2255 3753 2387 3813 vita
2400 3752 2674 3811 Domino.
2689 3753 2875 3808 Tanto
2888 3750 3044 3807 enim
3064 3748 3315 3822 quisque
3332 3746 3925 3818 imminuitur,quan—

2257 3848 2316 3900 to
2342 3844 2414 3899 ab
2440 3841 2543 3899 illa
2573 3840 2938 3915 plenitudine
2967 3838 3118 3896 lucis
3145 3840 3924 3911 segregatur,consequens-

2259 3949 2375 4006 que
2397 3930 2597 4001 fuit,ut
2617 3931 2788 4003 cujus
2809 3927 3186 3985 declinabant
3204 3925 3513 3995 dies,sieut
3531 3925 3733 3981 fenum
3755 3940 3924 3981 ares-

2257 4038 2386 4078 cere
2406 4019 2703 4077 debuisset
2727 4037 2740 4075 :
2763 4017 3046 4075 beneﬁcio
3067 4015 3224 4072 enim
3242 4014 3399 4071 vitali
3425 4013 3578 4070 unde
3597 4012 3923 4086 vegetaba-

2256 4116 2354 4167 tur
2383 4107 2769 4176 subtracto,in
2800 4105 3135 4163 ariditatem
3164 4103 3504 4179 perducitur
3529 4101 3776 4174 peccati.

2258 4200 2325 4256 13
2403 4199 2479 4254 Tu
2507 4202 2687 4252 autem
2722 4197 2974 4261 Domine,
3007 4196 3069 4249 in
3097 4201 3371 4251 aeternum
3394 4206 3682 4265 permane:
3715 4207 3731 4246 :

2422 4291 2477 4351 σε·
2504 4285 2568 4342 Et
2608 4289 2623 4353 ζ
2664 4284 2983 4355 mempriale
3012 4291 3169 4340 tuum
3198 4284 3256 4338 in
3284 4282 3635 4356 generatione
3659 4287 3716 4337 et
3748 4295 3920 4350 gene-

2471 4378 2692 4433 tionem.

2326 4469 2366 4522 C
2397 4469 2537 4522 Post
2564 4462 2978 4537 dignissimam
3024 4459 3481 4527 satisfactionem
3512 4463 3918 4533 peccatorum,

2257 4556 2548 4629 paenitens
2575 4553 2734 4610 venit
2764 4554 2836 4609 ad
2868 4551 3072 4608 laudes
3113 4550 3237 4608 Dei.
3270 4550 3427 4607 Fecit
3471 4554 3670 4606 autem
3720 4549 3921 4605 laudis

2251 4643 2485 4700 initium
2517 4659 2739 4716 pauper
2767 4641 2898 4709 iste,
2931 4641 3005 4697 ab
3048 4641 3303 4698 adventu
3335 4638 3567 4696 Domini
3598 4654 3707 4712 per
3737 4655 3921 4711 quem

2254 4733 2544 4789 mundum
2604 4736 2841 4788 noverat
2894 4746 3022 4788 esse
3075 4730 3443 4787 salvandum.
3497 4726 3848 4786 Memoriale
3900 4744 3916 4783 :

2249 4823 2472 4879 dictum
2501 4825 2591 4879 est
2618 4820 2875 4903 salutare
2906 4820 3265 4893 promissum
3288 4819 3357 4875 de
3380 4816 3615 4875 Domini
3635 4817 3925 4874 lncarna-

2248 4912 2405 4969 tione
2434 4915 2752 4968 venturum
2779 4926 2792 4966 :
2819 4911 2974 4983 quod
2996 4926 3101 4983 per
3119 4909 3353 4966 inﬁnita
3372 4911 3708 4981 perseverat
3727 4924 3922 4963 secu-

2249 5001 2439 5067 la,nec
2468 4999 2669 5074 aliqua
2699 5004 2894 5073 potest
2923 5000 3242 5057 immutare
3270 4997 3503 5055 oblivio.

2253 5091 2322 5147 14
2399 5093 2474 5147 Tu
2504 5106 2803 5161 exsurgens
2833 5091 3179 5147 misereberis
3207 5090 3342 5146 Sion
3376 5104 3390 5145 :

2465 5182 2606 5251 Quia
2658 5184 2870 5254 tempus
2909 5178 3213 5239 miserendi
3257 5178 3377 5252 ejus
3446 5177 3523 5252 ἓξ
3569 5178 3707 5250 quia
3762 5177 3926 5235 venit

2537 5276 2745 5343 tempus
2786 5274 2801 5337 ζ
2823 5311 2837 5326 .

2315 5364 2357 5420 C
2387 5361 2718 5434 Exsurgens
2750 5358 2965 5415 dicitur
2998 5376 3011 5414 :
3036 5358 3209 5431 quasi
3236 5356 3573 5428 dormienti,
3606 5354 3750 5429 quia
3779 5355 3921 5411 diu~

2246 5453 2365 5509 tius
2396 5448 2704 5507 subvenire
2733 5446 3216 5505 distulerat.Sion
3248 5464 3420 5505 mons
3457 5440 3566 5517 est,
3599 5461 3707 5519 per
3735 5459 3927 5516 quem

2246 5540 2615 5616 signiﬁcatur
2643 5535 3045 5594 Ecclesiazcui
3077 5522 3356 5594 misertus
3373 5540 3464 5594 est
3492 5532 3929 5607 Deus,quando

2246 5646 2374 5690 eam
2406 5629 2477 5687 de
2508 5627 2789 5708 gentibus
2820 5624 3077 5704 collegit,
3100 5631 3159 5684 et
3186 5642 3295 5685 sua
3321 5624 3592 5685 doctrina
3619 5622 3926 5684 fundavit.
