4068 6160
208 262 316 365 ‘36s
960 294 963 295 '
1056 270 1064 277 ’
1108 274 1111 277 ’
1374 282 1814 370 EXPOSITIO
1857 310 2371 381 PSALMORUM.
3467 337 3599 402 ‘366

218 412 519 539 HLConildat
548 452 681 537 ergo
708 436 959 539 quiagit
979 436 1394 539 paenitentiam,
1420 439 1718 511 quoniam
1741 458 1830 497 ve-
1858 461 1914 526 Α
1942 448 2277 539 quebantur
2307 453 2555 525 apostoli
2588 456 2737 528 (Ασι.
2766 463 2850 528 11).
2882 460 3028 518 Hinc
3076 463 3292 522 factum
3324 474 3431 539 est,
3467 477 3530 527 ut
3559 491 3593 527 a

221 530 528 634 gittimpus
554 527 866 634 miserendi
897 531 954 634 c‘t
978 527 1301 634 sali/andi.
1549 618 1583 634 γ’
1643 633 1646 634 ν
1691 633 1696 634 7
1940 532 2111 591 locali
2158 539 2523 634 Hierusalem
2573 527 2678 618 per
2733 527 3045 608 Ecclesiam
3102 527 3433 626 generalem
3492 561 3592 634 pia

221 623 273 677 15
334 620 582 689 Quoniam
604 618 938 690 placuerunt
959 621 1124 674 servis
1146 620 1252 674 tuis
1282 616 1498 690 lapides
1528 618 1653 689 ejus
1687 633 1702 672 :
1939 631 2227 699 praecepta
2255 629 2355 686 Dei
2387 616 2783 692 decurrerent.

331 712 389 805 ξι
413 716 571 805 terra:
585 708 701 805 ejuf
729 708 1164 805 miserebantur:
1207 796 1237 805 μ
1290 796 1311 805 _
1355 796 1388 805 ‘-
1414 796 1428 805 ‘
1614 794 1631 805 ‘
1715 794 1746 805 Π
1935 713 2008 768 23
2078 720 2149 772 In
2178 721 2542 778 conveniendo
2566 726 2793 797 populos
2824 727 2886 782 in
2913 744 3088 785 unum
3117 740 3168 788 et
3198 749 3344 805 reges
3368 754 3386 790 :

270 801 305 857 C
329 802 518 858 Servos
536 797 763 857 Domini
788 797 1083 871 apostolos
1111 796 1266 853 dicit.
1290 796 1392 852 Isti
1414 794 1823 868 beneplacitos
2081 805 2145 863 Ut
2172 810 2413 865 serviant
2440 794 2688 870 Domino.
3254 794 3295 817 ’⁷

214 891 500 947 habuerunt
526 888 748 961 lapides
773 888 928 959 ejus,
962 887 1017 942 id
1045 891 1133 942 est
1159 885 1542 951 Christianos,
1580 884 1822 957 quando
1931 889 2004 947 24
2077 895 2367 967 Respondit
2392 900 2446 954 ei
2474 902 2534 956 in
2560 903 2653 958 υία
2680 905 2897 961 virtuti;
2919 922 3039 964 ,ςηω
3064 924 3080 965 ε

214 981 258 1036 in
282 980 354 1037 eis
378 978 837 1053 praedicationem
868 993 1041 1032 suam
1071 977 1422 1031 fructuosam
1444 989 1579 1031 esse
1611 989 1821 1029 cerne-
2072 985 2408 1043 Ρααείιαιετη
2434 988 2650 1046 diem,”
2678 1008 2927 1050 meorum
2953 998 3155 1052 nuntia
3181 999 3342 1056 mihi.

212 1071 522 1127 bant.Terr&
542 1070 670 1141 ejus
693 1066 1150 1159 miserebuntur,
1165 1065 1299 1159 quia
1314 1081 1416 1137 per
1435 1062 1696 1159 gratiam
1715 1062 1817 1159 Dei
1998 1070 2040 1126 Ο
2068 1070 2204 1130 Ideo
2251 1075 2394 1132 dicit
2437 1080 2625 1136 venire
2670 1080 2920 1153 populos
2957 1084 3018 1139 in
3049 1103 3253 1159 unum,
3299 1094 3365 1145 ut
3390 1091 3576 1148 virtus

211 1159 486 1216 mandandi
516 1161 706 1250 erant,
735 1156 839 1250 qui
873 1159 1104 1237 terrena
1131 1158 1355 1210 tantum
1387 1152 1724 1226 sepiebant,
1757 1156 1816 1209 et
1926 1159 2222 1250 cathgolicze
2254 1164 2499 1224 unitatis
2529 1170 2886 1227 ostendatur.
2922 1173 3099 1229 Addit
3125 1180 3183 1231 et
3210 1152 3396 1250 reges,
3430 1180 3573 1249 sive,

210 1250 309 1306 labe
334 1253 547 1304 terrena
576 1245 920 1302 sordebam-
1925 1251 1992 1303 ut
2016 1248 2133 1305 alia
2154 1250 2329 1308 habet
2347 1255 2680 1325 translatio,
2702 1274 2884 1333 regna
2903 1261 3212 1333 terrarum,
3235 1245 3305 1320 ut
3318 1245 3575 1325 serviant

211 1342 261 1395 16
317 1342 374 1395 Et
395 1338 650 1395 timebunt
676 1343 863 1407 gentes
889 1350 1089 1391 nomen
1117 1337 1288 1399 tuum,
1317 1333 1549 1388 Domine
1573 1348 1595 1387 .·

1964 1337 2169 1395 ιοιηὶηο
2199 1341 2499 1425 caelorum.
2534 1346 2698 1402 Tunc
2728 1347 2918 1419 magis
2942 1346 3126 1407 libera
3159 1368 3172 1408 :
3206 1355 3440 1424 quando
3466 1373 3570 1413 au-

314 1431 370 1485 Et
388 1444 562 1485 omnes
589 1442 741 1496 reges
770 1434 939 1481 terra:
966 1424 1197 1495 gloriam
1222 1430 1393 1479 tuam.
1565 1508 1570 1509 γ

1920 1427 2065 1482 ctori
2092 1445 2199 1485 suo
2216 1424 2450 1488 iuerint
2477 1433 2634 1489 ﬁdeli
2668 1435 2947 1492 servitute
2976 1436 3175 1509 ligata.

259 1519 292 1575 C
316 1520 609 1591 Postquam
632 1515 791 1572 enim
812 1511 1320 1605 adventustlhristi
1334 1508 1613 1605 salutaris
1633 1509 1807 1566 inful-
1987 1515 2029 1571 C
2061 1516 2385 1590 Respondit
2430 1521 2660 1578 Christo
2718 1525 2946 1580 vocanti
2978 1508 3051 1582 ad
3080 1526 3365 1585 virtutum
3395 1548 3571 1605 opera

206 1608 277 1673 sit.
290 1613 469 1683 gentes
492 1622 782 1662 conversae
814 1608 960 1659 sunt
986 1620 1090 1676 per
1116 1602 1401 1658 timorem.
1428 1601 1544 1673 Ipsi
1567 1616 1804 1673 quoque
1914 1609 2120 1661 sancta
2152 1607 2498 1678 Ecclesia,in
2526 1610 3005 1671 tribulationibus
3034 1617 3371 1676 constituta.
3396 1601 3570 1680 Invia

205 1697 398 1771 gloriam
411 1696 636 1753 Domini
649 1694 962 1751 verissime
980 1690 1801 1765 cognoscunt,quiinlirmita-
1911 1694 2169 1763 virtutis,
2184 1695 2242 1751 id
2274 1701 2363 1753 est
2390 1698 2694 1771 religionis
2725 1717 2875 1757 suae:
2904 1719 3019 1758 non
3052 1702 3275 1777 lingua,
3291 1708 3394 1763 sed
3419 1709 3564 1779 vita;

205 1785 917 1857 teﬁdeiconsistunt.Reges
929 1780 1142 1838 etenim
1156 1784 1293 1837 sunt
1308 1780 1406 1852 qui
1428 1795 1671 1852 corpora
1693 1796 1802 1836 sua
1829 1836 1876 1870 ι)
1911 1799 2029 1838 non
2061 1800 2218 1852 voce,
2244 1787 2344 1841 sed
2367 1787 2510 1855 fide;
2535 1804 2652 1843 non
2673 1788 2948 1857 clamore,
2974 1793 3075 1847 sed
3107 1794 3297 1865 corde,
3321 1798 3566 1870 cupiens

204 1877 283 1934 rite
305 1881 512 1949 regunt,
545 1873 759 1931 divinis
820 1889 892 1929 ea
938 1870 1151 1945 regulis
1208 1869 1587 1926 intrenantes.
1619 1868 1667 1923 H
1691 1867 1796 1925 Vel
1827 1867 1876 1901 ο
1907 1887 2222 1944 agnoscere
2236 1872 2411 1929 linem
2426 1867 3561 1954 saeculi,utcitoadillambeatitudinem,

202 1984 329 2041 ηερε
345 1968 435 2042 qui
453 1967 617 2041 Prius
639 1963 797 2020 ίάοια
817 1961 1158 2018 metuebant
1176 1962 1232 2016 et
1250 1958 1669 2015 daemoniorum
1693 1975 1796 2014 no-
1908 1975 2086 2032 quam
2119 1962 2405 2018 Dominus
2435 1962 2708 2035 promisit
2737 1965 3038 2037 pervenire
3066 1971 3378 2026 mereatur.
3409 1971 3562 2029 Dicit

202 2059 326 2114 mina
340 2056 692 2124 invocabant,
717 2068 881 2109 nunc
902 2066 1115 2107 nomen
1144 2051 1310 2104 tuum
1341 2048 1793 2105 vcnerabuntur.
1904 2064 2039 2104 vero
2069 2049 2195 2106 dies
2223 2066 2429 2107 omnes
2459 2050 2725 2107 Ecclesiae
2764 2069 2949 2125 usque
2991 2055 3065 2110 ad
3108 2055 3288 2113 linem
3335 2059 3558 2133 amomi,

201 2147 249 2201 17
308 2147 433 2215 ραεα
451 2145 747 2217 aediﬁcavit
780 2143 1054 2199 Dominus
1084 2139 1211 2195 Sion
1242 2156 1261 2194 :
1904 2137 2260 2209 paucitatem
2293 2139 2878 2212 dierum,respiciens
2903 2142 2976 2197 ad
3006 2143 3560 2220 aeternitatemquia

303 2241 363 2292 Et
384 2236 590 2293 videtur
617 2237 680 2292 in
705 2233 888 2307 gloria
916 2247 1040 2286 sua.
1906 2228 2299 2301 quodcunque
2356 2227 2683 2285 ﬁniendum
2742 2234 2849 2297 est,
2884 2246 2999 2287 non
3050 2232 3337 2291 debemus
3365 2235 3559 2293 dicere

248 2324 282 2379 Ο
304 2326 597 2382 ίΕάίίὶοὲιῒ-ἃί
615 2329 709 2381 est
736 2322 907 2387 Sion,
932 2320 1042 2376 hoc
1088 2321 1177 2374 est
1222 2321 1407 2374 mater
1434 2315 1693 2373 Ecclesia
1721 2316 1792 2373 de
1903 2314 2168 2389 longum.

195 2414 304 2469 vivis
329 2414 611 2487 lapidibus
642 2412 950 2469 fabricata.
978 2411 1095 2464 Iste
1135 2407 1304 2464 etiam
1350 2406 1656 2475 Dominus,
1690 2406 1791 2478 qui
1899 2407 1972 2461 25
2042 2411 2124 2465 Ne
2154 2423 2364 2464 revoces
2390 2424 2479 2464 me
2505 2409 2567 2464 in
2595 2408 2826 2466 dimidio
2855 2409 3072 2466 dierum
3101 2427 3346 2469 meorum
3376 2428 3392 2469 :

196 2503 449 2559 aediﬁcavit
473 2503 635 2573 Sion,
665 2499 966 2557 videbitur
992 2497 1051 2554 in
1078 2496 1261 2571 gloria
1289 2514 1414 2562 sua,
1448 2496 1705 2568 quando,
1731 2496 1791 2552 in
2042 2497 2103 2552 In
2135 2498 2486 2566 generatione
2513 2504 2567 2554 et
2591 2500 3003 2572 generationem
3028 2501 3168 2556 anni
3190 2503 3293 2557 tui.

195 2591 263 2647 die
280 2592 484 2664 judicii,
510 2592 716 2648 haedos
746 2596 1056 2662 sequestrat
1081 2587 1154 2643 ab
1183 2586 1349 2659 agnis
1374 2589 1427 2657 (l
1452 2591 1597 2642 Petr.
1632 2587 1717 2654 ιι).
1971 2584 2013 2640 C
2043 2586 2366 2641 Revocatur
2384 2585 2542 2642 enim
2559 2586 2619 2642 in
2640 2587 2886 2644 dimidio
2908 2586 3137 2645 dierum
3160 2605 3425 2660 suorum,
3451 2592 3552 2664 qui

195 2681 244 2735 18
299 2682 529 2754 Respexit
556 2684 621 2737 in
651 2681 960 2737 orationem
988 2677 1283 2734 humilium
1315 2691 1330 2730 :
1898 2674 1972 2729 ad
2004 2674 2249 2747 antiqua
2279 2672 2492 2730 delicta
2522 2677 2827 2732 revertitur
2859 2694 2872 2733 :
2901 2676 3194 2750 signiﬁcat
3220 2679 3379 2736 enim
3422 2680 3550 2737 die-

297 2772 355 2827 Et
378 2788 479 2827 non
507 2771 721 2844 sprevit
743 2783 963 2842 precem
987 2782 1192 2823 eorum.
1899 2779 2030 2817 rum
2059 2762 2397 2831 dimidium,
2424 2762 2616 2836 ipsam
2659 2765 3052 2836 juventutem,
3082 2764 3145 2821 in
3174 2782 3293 2839 qua
3321 2767 3550 2826 lubrica

243 2857 276 2913 C
305 2859 440 2916 Dicit
480 2860 665 2916 etiam
716 2855 1040 2929 respexisse
1092 2855 1405 2913 Dominum
1461 2853 1786 2911 orationem
1896 2849 2163 2923 voluptas
2193 2850 2506 2923 appetitur,
2539 2856 2596 2908 et
2623 2853 2811 2910 (etatis
2841 2853 3061 2910 fervore
3115 2854 3364 2913 crimina
3409 2856 3547 2929 plus

191 2962 480 3020 pauperum,
513 2948 577 3004 id
612 2952 703 3004 est
741 2945 1043 3014 ﬁdelium;
1078 2944 1215 3016 quia
1240 2943 1336 2999 ille
1366 2943 1571 2999 omnia
1594 2942 1784 2999 incor-
1895 2944 2187 2996 amantur.
2223 2940 2331 2995 Per
2358 2955 2543 2996 annos
2573 2941 2953 2997 aeternitatem
2985 2941 3234 3003 Domini.

190 3036 364 3105 paralia
390 3042 724 3105 contuetur,
759 3035 932 3106 cujus
980 3031 1161 3089 oculis
1204 3032 1347 3088 nihil
1380 3032 1664 3105 probatur
1688 3046 1784 3087 oc-
1891 3029 1964 3085 26
2035 3030 2204 3085 Initio
2247 3034 2303 3094 -ἓ
2328 3033 2408 3094 tu,
2441 3031 2677 3085 Domine
2717 3036 2731 3095 ζ
2776 3072 2794 3095 ,
2827 3039 3032 3087 terram
3055 3029 3307 3101 fundasti
3330 3050 3349 3087 :

190 3123 383 3199 cultum,
405 3126 507 3184 hoc
527 3130 628 3183 est
653 3128 851 3181 autem
879 3122 1066 3195 ipsius
1095 3122 1399 3194 respicere,
1426 3119 1647 3177 scilicet
1668 3136 1789 3175 non.
1984 3176 1989 3177 ί
2040 3118 2103 3172 Et
2129 3133 2294 3190 opera
2320 3132 2590 3172 manuum
2619 3124 2842 3173 tuarum
2886 3123 2942 3182 ι-ξ·
2966 3125 3098 3174 sunt
3136 3124 3150 3183 ζ
3193 3120 3336 3177 cesti.

188 3229 407 3283 spernere,
1817 3204 1871 3272 C-
1970 3208 2009 3261 C
2038 3206 2182 3262 Cum
2208 3204 2352 3261 dicit
2379 3204 2547 3261 initio
2578 3222 2591 3260 :
2625 3206 2881 3263 ostendit
2938 3204 3078 3279 quia
3131 3206 3368 3266 Creator
3407 3214 3545 3267 ante

190 3301 240 3356 49
294 3303 611 3362 Scribuntur
639 3304 758 3361 Ιιίεε
785 3303 846 3358 in
873 3302 1215 3374 generatione
1243 3301 1422 3358 altera
1452 3318 1469 3354 :
1899 3299 2197 3352 creaturas
2219 3310 2379 3365 suas,
2401 3293 2529 3350 sine
2548 3294 2746 3367 aliquo
2768 3294 2958 3363 initio,
2980 3296 3353 3370 cognoscitur
3370 3298 3546 3355 exsti-

294 3393 348 3448 Et
366 3396 604 3467 populus
634 3395 732 3467 qui
759 3392 1036 3448 creabitur
1064 3390 1308 3447 laudabit
1340 3390 1651 3446 Dominum.
1900 3384 2061 3441 tisse.
2094 3384 2203 3441 Per
2232 3400 2445 3439 manus
2478 3401 2492 3439 :
2527 3383 2622 3440 hic
2646 3383 2920 3442 virtutem
2943 3385 3234 3456 jussionis
3263 3386 3548 3445 debemus

238 3478 275 3535 H
297 3480 633 3540 Scribantur
660 3481 782 3537 haec
826 3480 885 3535 in
939 3480 1306 3552 generatione
1335 3478 1535 3545 altera,
1568 3477 1676 3533 hoc
1702 3479 1791 3532 est
1898 3471 2179 3546 accipere,
2212 3473 2366 3533 sicut
2421 3470 2707 3545 scriptum
2763 3477 2854 3529 est
2884 3491 2898 3532 :
2932 3474 3060 3546 Ipse
3111 3474 3259 3531 dixit
3304 3479 3364 3532 et
3395 3475 3551 3534 facta

186 3564 227 3620 in
245 3568 374 3627 Novo
393 3573 796 3638 Testamento,
818 3573 876 3625 et
896 3566 1375 3642 populus,utique
1395 3566 1787 3634 Christianus,
1898 3566 2058 3631 sunt,
2092 3562 2394 3619 mandavit
2422 3563 2479 3617 et
2508 3567 2701 3619 creata
2731 3567 2871 3619 sunt
2899 3562 3074 3635 (Psal.
3105 3564 3305 3638 mm).

186 3655 258 3726 qui
280 3660 425 3731 prius
453 3659 724 3734 peccatis
756 3662 1046 3723 mortuus,
1074 3657 1132 3711 in
1171 3674 1237 3713 eo
1284 3660 1376 3713 est
1406 3673 1508 3728 per
1536 3655 1786 3727 gratiam
1895 3652 1968 3704 27
2040 3653 2150 3723 Ipsi
2172 3652 2451 3723 peribunt,
2484 3660 2543 3708 tu
2571 3659 2756 3708 autem
2779 3667 3070 3724 permanes
3098 3671 3121 3709 :

186 3742 407 3816 baptismi
429 3746 875 3815 recreatus,iste
886 3743 1149 3801 videlicet
1168 3744 1431 3802 laudabit
1448 3744 1785 3799 Dominum.
2037 3742 2105 3796 Et
2130 3756 2316 3797 omnes
2343 3742 2487 3796 sicut
2512 3742 2894 3796 vestimentum
2922 3745 3270 3799 veterascent.

185 3829 214 3885 C
235 3832 380 3903 Novo,
410 3837 645 3894 scilicet
685 3835 910 3893 cantico
944 3852 956 3891 :
990 3838 1055 3891 ut
1100 3839 1206 3902 est,
1251 3834 1491 3890 Cantate
1541 3831 1787 3888 Domino
1968 3828 2015 3884 H
2047 3828 2161 3902 Ipsi
2183 3827 3085 3901 peribunt:juxtaillud,ccelum
3106 3835 3164 3887 et
3183 3835 3339 3888 terra
3357 3834 3547 3889 trans-

186 3925 424 3983 canticum
449 3943 702 3985 novum,
1896 3917 2069 3973 ibunt
2096 3919 2322 3987 (Matth.
2351 3921 2525 3987 xxw).
2576 3916 2625 3973 C
2666 3918 2754 3976 Tu
2801 3921 2997 3975 autem
3054 3920 3450 3992 permanebis,
3484 3920 3544 3977 in

184 4011 235 4063 20
291 4014 415 4081 Quia
438 4016 728 4088 prospexit
755 4014 820 4070 de
849 4013 1058 4070 excelso
1084 4022 1266 4069 sancto
1293 4029 1392 4069 suo
1423 4031 1442 4067 :
1897 4004 2083 4078 gloria
2110 4005 2458 4078 majestatis.
2485 4004 3022 4072 Vestimentum,ad
3043 4007 3237 4063 carnis
3262 4007 3544 4081 fragilita-

289 4103 529 4162 Dominus
565 4104 638 4160 de
665 4104 793 4161 aeto
834 4108 890 4168 -',—
917 4096 977 4157 in
1021 4107 1034 4166 ζ
1078 4111 1278 4159 terram
1305 4103 1536 4173 aspexit.
1895 4099 2015 4150 tem
2044 4095 2273 4151 videtur
2302 4093 2644 4168 aptandum,
2675 4095 2788 4151 hoc
2817 4094 2973 4153 enim
3018 4098 3358 4182 veterascet,
3386 4098 3543 4169 quod

236 4188 270 4242 Β
294 4190 581 4266 Prospexit
610 4194 687 4248 de
715 4191 964 4262 excelso,
996 4192 1052 4246 id
1082 4196 1170 4248 est
1199 4193 1270 4247 de
1296 4191 1439 4246 ccelo
1474 4207 1486 4244 :
1516 4190 1658 4245 dum
1681 4190 1790 4246 fra-
1897 4200 2058 4240 more
2089 4185 2265 4241 vestis
2296 4186 2482 4240 morte
2512 4182 2900 4242 consumitur.

186 4273 418 4345 gilitatem
443 4288 665 4339 nostra:
685 4280 1071 4337 humanitatis
1091 4278 1588 4352 assumpsit.lnde
1610 4278 1790 4351 igitur
1892 4275 1965 4329 28
2039 4277 2106 4331 Et
2147 4275 2289 4330 sicut
2334 4272 2668 4344 opertorium
2720 4273 2960 4329 mutabis
3007 4288 3095 4329 eos
3152 4280 3206 4330 et
3247 4272 3542 4331 mutabun-

187 4368 441 4436 aspexitin
463 4375 708 4438 terram,
733 4369 791 4424 id
816 4372 905 4425 est
925 4369 996 4423 ad
1019 4368 1202 4424 nostri
1223 4367 1482 4441 corporis
1505 4366 1789 4440 fragilita-
2111 4371 2202 4419 tur
2228 4381 2249 4418 .-

186 4454 297 4522 tem,
324 4472 442 4529 qua:
472 4458 686 4515 mundi
714 4457 873 4513 vitiis
902 4458 1208 4513 tenebatur
1235 4456 1503 4513 obnoxia.
2041 4454 2116 4509 Tu
2144 4460 2328 4510 autem
2369 4456 2423 4517 νέ-
2451 4451 2595 4509 idem
2636 4457 2650 4518 ζ
2690 4453 2807 4525 ipse
2851 4468 2952 4510 es:
3003 4461 3055 4511 et
3103 4455 3243 4509 anni
3296 4454 3380 4514 tui
3432 4468 3545 4510 non

184 4541 233 4594 21
299 4545 353 4601 Ut
379 4549 595 4605 audiret
623 4550 857 4618 gemitus
883 4546 1302 4618 eompeditorum
1331 4564 1353 4601 :
1819 4570 1865 4634 Ι)
1983 4632 1992 4634 4
2054 4632 2068 4634 _
2110 4542 2378 4634 deﬁcient.

300 4634 356 4690 Ut
378 4639 603 4695 solveret
634 4638 778 4709 ﬁlios
808 4638 1275 4707 interemptorum.
1819 4630 1856 4634 “
1970 4632 2012 4689 C
2040 4631 2411 4706 Opertorium
2447 4632 2622 4689 caelos
2656 4630 2899 4688 forsitan
2921 4633 3206 4690 debemus
3225 4631 3543 4698 advertere,

239 4719 274 4774 Ε
296 4722 375 4779 Illi
421 4732 619 4783 autem
665 4724 980 4799 compediti
1028 4724 1147 4780 sive
1183 4722 1480 4791 vinculati,
1515 4727 1656 4780 sunt
1685 4724 1789 4779 viri
1900 4722 2001 4793 qui
2035 4723 2105 4778 ad
2136 4721 2321 4778 vicem
2352 4720 2678 4787 velaminis,
2708 4724 2895 4777 terras
2924 4721 3226 4794 operiunt;
3258 4719 3360 4791 qui
3390 4720 3548 4783 simi—

189 4811 335 4866 sancti
355 4814 597 4872 vinculis
630 4816 1042 4872 mandatorum
1073 4813 1791 4885 astricti,quosgementes
1898 4810 2032 4867 liter
2060 4816 2127 4867 ut
2156 4811 2271 4867 alia
2314 4813 2773 4877 commutantur,
2805 4813 3008 4881 postea
3059 4808 3169 4864 sub
3227 4807 3557 4878 aeternitate.

191 4900 329 4968 atque
346 4905 409 4959 ad
433 4921 493 4975 se
511 4905 833 4961 clamantes
855 4902 1135 4959 Dominus
1158 4902 1358 4956 audire
1380 4901 1654 4973 dignatus
1679 4904 1786 4956 est:
1900 4900 2185 4957 mansuri.
2219 4901 2379 4955 Idem
2416 4917 2427 4955 :
2464 4899 2719 4970 positum
2750 4901 2839 4953 est
2872 4901 3074 4953 contra
3101 4896 3205 4952 illa
3234 4912 3363 4968 qua
3392 4894 3573 4953 dicta~

190 4988 240 5037 ut
264 4993 530 5050 mundum
564 4992 817 5068 propriis
867 4990 1119 5064 peccatis
1163 4990 1476 5056 irretitum,
1508 4988 1788 5044 beneﬁcio
1899 4993 2074 5057 sunt;
2106 4987 2406 5058 quoniam,
2438 4987 2580 5042 dum
2609 4985 2711 5041 illa
2734 4984 2852 5040 sint
2880 4982 3547 5055 commutabilia,Domi-

189 5086 282 5129 sua:
307 5080 693 5139 miserationis
740 5075 1106 5138 absolveret:
1140 5083 1196 5136 et
1225 5077 1378 5134 ﬁlios
1407 5076 1788 5150 interempto-
1899 5093 2011 5133 nus
2042 5092 2274 5148 semper
2301 5073 2689 5130 immutabilis
2719 5076 3070 5145 perseverat.

192 5174 294 5219 mm
317 5169 467 5240 (quia
489 5170 780 5228 diabolica
810 5170 1010 5226 fraude
1034 5168 1318 5242 perempti
1350 5168 1511 5239 sunt)
1541 5183 1575 5223 a
1603 5171 1790 5239 pater-
1896 5166 1967 5221 29
2039 5165 2179 5223 Filii
2201 5180 2483 5221 servorum
2510 5171 2728 5219 tuorum
2755 5162 3080 5219 habitabant
3107 5181 3126 5219 :

191 5248 262 5306 nis
283 5258 562 5316 erroribus
592 5261 787 5316 divina
816 5258 1155 5316 fortitudine
1184 5257 1476 5313 liberaret.
2042 5255 2105 5310 Et
2131 5270 2313 5311 semen
2343 5269 2531 5310 eorum
2563 5254 2623 5309 in
2647 5251 2913 5309 saeculum
2940 5251 3231 5323 dirigetur.

190 5336 245 5392 22
307 5344 361 5399 Ut
387 5352 719 5406 annuntient
748 5351 809 5404 in
838 5348 969 5405 Sion
1002 5363 1203 5403 nomen
1235 5346 1456 5402 Domini
1485 5342 1505 5400 ὲ
1971 5345 2012 5401 C
2042 5344 2219 5400 Filios
2250 5361 2263 5400 :
2292 5342 2434 5399 dicit
2463 5339 2787 5414 discipulos
2817 5339 3236 5415 apostolorum,
3267 5356 3416 5415 quos
3447 5357 3549 5414 per

303 5432 359 5487 Et
386 5434 598 5493 laudem
625 5440 741 5511 ejus
770 5440 832 5494 in
858 5437 1219 5494 Hierusalem.
1794 5463 1803 5469 -
1901 5434 2036 5490 fidei
2070 5434 2546 5504 utcrum,sancta
2576 5429 2984 5503 praedicatione
3011 5434 3359 5505 genuerunt.
3376 5428 3547 5487 lnba-

246 5516 280 5571 C
301 5520 711 5583 Annuntiatum
724 5531 1034 5584 estnomen
1049 5524 1281 5580 Domini
1296 5522 1513 5579 Christi
1533 5522 1592 5578 in
1615 5522 1788 5579 Sion:
1900 5523 2175 5580 bitabunt
2199 5539 2211 5579 :
2246 5520 2527 5578 habitatio
2552 5519 2674 5576 haec
2706 5518 2899 5577 locum
2929 5520 3310 5578 beatitudinis
3329 5517 3549 5591 s‘ignitl-
3642 5588 3645 5589 ν

194 5594 307 5665 dum
332 5607 407 5669 ibi
435 5612 693 5691 primum
718 5615 963 5674 diversis
992 5612 1214 5689 linguis
1253 5611 1549 5689 magnalia
1578 5613 1680 5671 Dei
1706 5612 1791 5671 lo-
1901 5616 1994 5675 cat
2020 5630 2034 5674 :
2070 5628 2294 5685 semen,
2326 5626 2502 5687 opera
2531 5609 2816 5682 ﬁdelium,
2836 5608 3050 5689 quae'in
3072 5610 3181 5670 hoc
3212 5607 3431 5668 mundo
3453 5621 3549 5686 ses.
