4054 6168
485 226 603 335 θεὲ-ι

1411 271 1475 331 S.
1524 269 1925 333 BRUNONIS
1968 266 2590 337 HERBIPOLENSIS
2632 265 3011 332 EPISGOPI.

3782 266 3908 341 868

492 406 814 471 minantur,
832 405 898 460 ut
916 402 975 462 in
996 402 1097 461 illa
1116 402 1665 470 mternitate,eorum
1687 402 2003 460 laudabilis
2021 404 2138 460 fru-
2164 410 2223 478 Α
2252 404 2289 457 5
2395 403 2508 475 Qui
2536 403 2706 476 reptet
2734 404 2795 458 in
2826 401 2982 458 bonis
3009 398 3343 458 desiderium
3373 407 3529 456 tuum
3558 417 3579 456 .-

494 500 622 552 ctus
654 499 953 569 appareat.

1001 643 1204 689 ORATIO
1242 644 1313 683 EX
1352 643 1508 684 PBAL.
1551 643 1624 684 CI.

564 768 901 838 Exorabilis,
926 768 1189 836 Domine,
1214 769 1453 838 intende
1476 768 1534 825 in
1557 768 1880 827 orationem
1910 767 2141 842 suppli-

493 875 626 915 cum
657 863 916 926 tuorum,
945 862 1013 925 ut
1041 858 1143 931 qui
1173 857 1234 914 in
1282 858 1539 931 peccatis
1585 857 1822 927 detenti,
1856 862 2142 929 tanquam

491 946 1278 1020 fenumaruimuswespectu
1302 946 1557 1005 caelestis
1569 946 1981 1003 misericordia:
2004 945 2143 1000 sub-

491 1038 767 1099 levemur.
807 1037 914 1094 Per
942 1036 1262 1103 Dominum
1295 1041 1564 1095 nostrum
1586 1037 1789 1093 Jesum
1821 1034 2143 1103 Christum,

488 1130 604 1185 etc.

1084 1250 1411 1307 PSALMUS
1450 1250 1565 1306 CII.

956 1355 1352 1396 ARGUMENTUM
1392 1356 1549 1395 PSAL.
1592 1355 1686 1395 Cll.

568 1475 608 1529 Ο
636 1471 926 1546 Propheta
956 1471 1394 1533 universitatem
1426 1472 1498 1528 ad
1540 1472 1641 1529 Dei
1667 1460 1870 1529 laudes
1900 1471 2146 1529 hortan-

490 1562 602 1625 do:
624 1562 699 1630 de
717 1560 1136 1631 beneficiorum
1158 1560 1705 1634 plurimorum,quaa
1728 1560 1852 1617 suis
1875 1559 2148 1622 ﬁdelibus

499 1650 893 1722 administrat,
918 1666 1164 1707 munere
1188 1650 1541 1723 gratulatur.

998 1740 1112 1796 TT.
1160 1744 1214 1806 ,ξι
1242 1741 1355 1812 Ipsi
1394 1746 1408 1805 :
1452 1739 1649 1796 David.

572 1830 615 1887 C
653 1829 771 1901 Ipsi
819 1829 998 1889 David
1041 1828 1295 1901 positum
1334 1834 1482 1909 \est:
1522 1845 1595 1885 ne
1625 1833 1922 1885 terrenum
1952 1843 2149 1901 regem

418 1932 423 1935 ‘
501 1918 681 1983 David
713 1918 1066 1987 intelligens.
1100 1916 1401 1990 Significat
1443 1918 1599 1973 enim
1645 1917 1967 1985 Christum,
1999 1917 2152 1973 sicut

464 2064 477 2074 ,
503 2023 655 2079 saepe
668 2007 796 2079 jam
817 2006 1040 2069 dictum
1062 2008 1358 2063 est.Totus
1381 2005 1475 2062 hic
1496 2006 1763 2081 psalmus
1786 2006 2013 2063 Domini
2030 2005 2152 2062 lau-

503 2096 575 2159 de
595 2095 849 2168 repletus
873 2100 980 2155 est.
1004 2096 1108 2152 Est
1127 2095 1282 2151 enim
1304 2095 1537 2167 lucidus
1560 2094 1716 2152 tituli
1747 2096 1837 2155 sui
1864 2095 2151 2162 claritate,

502 2183 829 2243 consimilis
858 2188 923 2251 ut
953 2184 1079 2241 sine
1110 2182 1452 2241 difﬁcultate
1477 2183 1894 2241 continentiam
1914 2186 2042 2256 ejus
2069 2184 2154 2241 iu-

502 2272 762 2347 telligere
792 2273 1133 2350 debeamus.

510 2362 536 2416 1
652 2361 905 2431 Benedic,
935 2363 1128 2419 anima
1156 2377 1299 2434 mea,
1329 2362 1556 2427 Domino
1587 2380 1607 2418 :

646 2452 713 2507 Et
760 2452 948 2518 omnia
989 2466 1116 2523 quae
1169 2453 1321 2509 intra
1375 2468 1462 2507 me
1516 2460 1648 2508 sunt
1700 2452 1919 2508 nomini
1970 2458 2153 2506 sancto

715 2544 856 2614 eius.

578 2630 621 2685 C
649 2629 934 2702 Loquitur
980 2629 1265 2702 propheta
1312 2630 1386 2686 ad
1417 2629 1675 2689 animam
1701 2646 1892 2699 suam,
1925 2632 1990 2685 ut
2018 2644 2153 2686 cum

510 2718 686 2775 fuerit
706 2717 950 2783 diversis
981 2717 1250 2787 cladibus
1279 2717 1542 2787 liberata,
1574 2718 1994 2774 beneﬁciorum
2027 2734 2155 2774 om-

2160 1785 2209 1852 B

2393 493 2763 549 [renovabitur
2790 499 2853 547 ut
2877 492 3086 565 aquilae
3099 493 3369 569 juventus
3401 497 3515 545 tua.

2320 580 2362 637 C
2392 579 2566 654 Reple
2593 598 2607 638 :
2642 597 2777 637 cum
2802 580 2896 639 eis
2927 578 3144 637 dicitur
3168 597 3181 636 :
3202 579 3429 650 Venite,
3452 579 3911 647 benedictildeo

2249 684 2384 726 vero
2415 668 2624 742 aquilas
2671 665 3003 743 exemplum
3035 667 3449 739 introducitur,
3483 667 3624 741 quia
3650 660 3797 733 huic
3826 668 3915 725 svi

2243 759 2371 831 jam
2403 761 2571 815 etate
2599 763 2888 833 provvcta,
2920 760 3153 814 tantum
3187 752 3511 831 supernum
3534 750 3765 813 labium
3786 774 3915 814 cor-

2252 863 2364 903 nea
2394 846 2705 904 inﬂexione
2734 851 3012 903 nasutum
3046 846 3275 915 crescit,
3300 849 3365 915 ut
3385 862 3548 907 escas
3573 862 3693 902 non
3718 845 3915 915 valeat

2254 933 2427 997 solita
2455 935 2723 999 libertate
2753 935 3080 1013 decerpere.
3116 937 3250 1003 Quae
3298 934 3634 1008 intelligens
3675 935 3836 991 unde
3862 934 3914 1005 ei

2254 1023 2582 1099 periculum
2612 1024 2741 1087 vitae
2770 1023 2959 1097 possit
2984 1025 3281 1093 accedere,
3314 1023 3528 1086 dicitur
3556 1041 3622 1080 os
3650 1038 3835 1089 suum
3857 1018 3914 1079 in

2256 1130 2395 1171 saxo
2424 1112 2700 1193 expolire,
2723 1129 3031 1197 usquequo
3061 1112 3250 1170 valeat
3281 1113 3734 1181 manducare,et
3749 1112 3835 1168 ita
3852 1113 3914 1168 in

2256 1202 2560 1275 antiquam
2590 1201 2986 1259 valetudinem
3030 1216 3301 1261 escarum
3344 1199 3515 1258 solita
3541 1201 3917 1275 perceptione

2257 1294 2579 1355 revocatur.
2610 1290 2704 1349 Sic
2732 1291 2951 1360 anima,
2985 1291 3035 1347 si
3078 1308 3195 1361 non
3245 1290 3463 1347 desinit
3518 1295 3760 1363 peccata
3810 1306 3918 1361 sua

2256 1378 2509 1451 expolire
2538 1379 2598 1435 in
2629 1380 2887 1453 petra,id
2917 1384 3007 1437 est
3036 1380 3095 1435 in
3126 1377 3378 1449 Christo,
3396 1379 3455 1435 in
3482 1379 3800 1453 pristinam
3822 1396 3913 1436 sa-

2259 1468 2504 1525 nitatem
2536 1458 2867 1539 revertitur,
2898 1469 3162 1544 recipere
3207 1469 3364 1526 enim
3403 1455 3541 1525 tunc
3572 1470 3728 1526 valet
3757 1470 3918 1528 cibos

2259 1556 2567 1627 salutares.
3448 1616 3451 1617 ν

2257 1648 2293 1702 6
2400 1649 2628 1704 Faciens
2656 1647 3073 1707 misericordias
3106 1648 3369 1707 Dominus
3401 1666 3415 1706 :

2400 1741 2469 1793 Et
2481 1736 2769 1810 judicium
2797 1738 3051 1801 omnibus
3079 1738 3356 1813 injuriam
3379 1738 3738 1812 patientibus.

2330 1822 2372 1879 Ο
2402 1822 2523 1882 Illis
2552 1829 2748 1881 autem
2779 1826 3213 1884 misericordias
3244 1828 3400 1895 facit,
3416 1828 3515 1905 qui
3549 1828 3780 1886 miser-ti
3804 1830 3919 1887 fue-

2260 1912 2398 1981 rint,
2430 1917 2493 1969 ut
2524 1914 2584 1969 in
2615 1914 2926 1988 Evangelio
2956 1916 3037 1972 ait
3057 1933 3070 1973 :
3091 1916 3248 1972 Beati
3283 1914 3917 1991 misericordeswatdi.

2226 2080 2231 2087 .
2261 2006 2335 2071 v),
2370 2006 2477 2058 etc.
2507 2002 2539 2058 J
2546 2002 2806 2059 udicium
2839 2002 2956 2059 illis
2986 2004 3298 2078 promittit,
3331 2006 3432 2081 qui
3462 2000 3757 2081 patientia:
3789 2024 3919 2064 mu-

2261 2106 2397 2146 nere
2423 2090 2791 2160 decorantur,
2822 2090 3039 2167 quibus
3070 2098 3129 2149 et
3167 2093 3400 2161 dicitur,
3430 2086 3572 2159 Mihi
3597 2094 3916 2153 vindictam

2261 2182 2318 2234 et
2346 2195 2451 2252 ego
2484 2179 2803 2236 retribuam
2835 2180 3027 2251 (Deut.
3060 2185 3259 2252 xxxix).
3292 2181 3591 2239 Judicium
3622 2182 3787 2241 enim
3816 2186 3918 2243 hic

2260 2267 2574 2335 vindictam
2603 2267 2885 2342 intellige.

2258 2360 2293 2413 7
2400 2358 2567 2435 Notas
2591 2359 2723 2431 fecit
2744 2359 2861 2414 vias
2887 2375 3017 2429 suas
3047 2362 3230 2435 Μοῃεί
3251 2379 3279 2418 τε

2405 2448 2571 2512 Filiis
2598 2446 2774 2504 Israel
2800 2448 3108 2507 voluntates
3134 2466 3282 2515 suas.

2334 2538 2374 2593 C
2403 2536 2581 2593 Notas
2610 2536 2745 2594 fecit
2769 2535 2951 2613 Moysi
2978 2540 3123 2609 vias,
3156 2544 3222 2596 ut
3249 2540 3511 2614 perfectae
3554 2540 3689 2610 ﬁdei
3718 2541 3919 2616 gradi-

2264 2626 2376 2682 bus
2399 2625 2522 2682 vias
2554 2626 2784 2693 Domini
2812 2627 3231 2699 ambulare’t,et
3243 2631 3371 2702 ejus
3383 2630 3679 2702 justitiam
3706 2626 3921 2705 legem-

2264 2731 2377 2786 que
2434 2714 2844 2787 conscriberet,
2878 2721 2936 2772 et
2993 2733 3185 2774 mores
3243 2708 3494 2784 doceret.
3526 2718 3692 2776 ﬁliis
3741 2721 3920 2778 Israel

509 2807 675 2863 nium
705 2807 1042 2864 recordetur
1058 2810 1395 2873 auctorem:
1421 2823 1491 2863 ne
1520 2806 1634 2862 sibi
1666 2810 1769 2862 aut
1797 2806 1963 2863 alteri
1995 2809 2158 2881 putet
2261 2803 2591 2860 voluntates
2621 2821 2760 2860 suas
2791 2805 3065 2875 innotuit,
3082 2823 3196 2862 non
3212 2807 3481 2880 viaszqui
3513 2807 3685 2864 multi
3712 2826 3920 2867 eorum

507 2912 637 2953 esse
666 2895 1044 2961 tribuendum
1076 2896 1231 2967 quod
1263 2913 1297 2952 a
1325 2895 1449 2953 solo
1480 2900 1591 2953 Deo
1636 2898 1868 2955 constat
1915 2911 2156 2952 conces-

507 3001 662 3042 sum.
688 2984 1003 3051 interiora:
1029 2989 1168 3045 sunt
1187 2982 1457 3059 cogitatio
1480 2988 1655 3059 recta,
1678 2984 2041 3057 virtutesque
2064 3000 2156 3041 ra-

504 3074 706 3139 tionis.

501 3164 538 3220 2
646 3163 902 3232 Benedic,
929 3163 1128 3221 anima
1156 3178 1304 3231 mea,
1331 3164 1562 3227 Domino
1589 3180 1610 3219 :

645 3254 710 3308 Et
734 3253 855 3310 noti
881 3251 1132 3309 oblivisci
1158 3267 1341 3309 omnes
1371 3254 1753 3310 retributiones
1779 3253 1918 3325 ejus.

574 3340 622 3398 Η
653 3339 871 3399 Multas
900 3339 1314 3407 retributiones
1340 3342 1615 3415 praestitit
1643 3341 1814 3399 nobis
1841 3340 2148 3398 Dominus.

502 3428 546 3485 C
574 3428 650 3486 Ut
679 3427 780 3500 qui
810 3444 1048 3486 eramus
1077 3427 1239 3500 digni
1267 3444 1457 3500 poena,
1492 3429 1702 3503 dignos
1727 3446 1833 3487 nos
1861 3429 1994 3485 fecit
2023 3445 2151 3486 esse

503 3517 722 3578 honore
754 3533 769 3573 :
796 3517 954 3589 quod
984 3515 1247 3572 oblivisci
1279 3516 1420 3573 nulli
1457 3518 1544 3574 fas
1574 3522 1682 3573 est.
1715 3521 1853 3586 Quae
1876 3534 2011 3577 vero
2032 3518 2152 3574 sint

502 3605 628 3662 ista:
659 3605 1072 3669 retributiones
1101 3608 1159 3660 et
1194 3605 1495 3672 beneficia,
1529 3609 1954 3679 consequenter
1975 3624 2149 3673 enar-

504 3698 613 3763 rat,
647 3696 705 3749 et
728 3697 798 3756 ut
823 3693 998 3751 homo
1027 3693 1291 3766 cogitans
1320 3693 1603 3750 beneﬁcia
1630 3694 1838 3767 ipsius,
1849 3698 1972 3752 tota
1991 3712 2150 3752 men-

504 3788 561 3840 te
588 3781 902 3840 collaudat.
934 3780 1038 3838 Ille
1064 3782 1224 3843 enim
1269 3780 1511 3839 laudare
1557 3800 1861 3856 nunquam
1908 3785 2144 3854 desinit,

505 3871 607 3944 qui
639 3870 849 3931 collata
876 3870 1157 3939 beneﬁcia
1184 3886 1302 3929 non
1331 3874 1524 3943 potest
1552 3872 1833 3931 oblivisci.

498 3961 535 4017 3
646 3959 752 4029 Qui
774 3960 1117 4031 propitiatur
1137 3959 1390 4017 omnibus
1418 3961 1805 4031 iniquitatibus
1829 3964 1940 4031 tuis
1970 3981 1987 4017 :

641 4050 749 4118 Qui
772 4056 934 4109 sanat
962 4064 1148 4113 omnes
1177 4049 1496 4119 inﬁmitates
1525 4057 1668 4106 tuas.

563 4138 604 4194 C
634 4137 828 4194 Primo
849 4137 1005 4193 enim
1029 4138 1093 4193 fit
1114 4137 1403 4211 propitius
1424 4138 1678 4213 peccatis
1698 4140 1914 4199 nostris
1929 4157 1942 4197 :
1959 4157 2141 4214 quan-

490 4227 585 4295 do,
611 4226 877 4283 remissis
896 4225 1210 4296 delictis,in
1231 4242 1373 4299 pace
1393 4225 1671 4300 dignatur
1689 4228 1986 4301 suscipere
2007 4246 2138 4304 pec-

487 4318 734 4371 catores.
748 4317 926 4370 Sanat
946 4315 1318 4370 inﬁrmitates
1334 4332 1347 4370 :
1363 4315 1505 4370 dum
1528 4316 1810 4373 securitas
1827 4317 2137 4373 etimmor-

486 4401 685 4459 talitas
716 4402 775 4467 in
805 4402 1228 4460 resurrectione
1257 4403 1597 4459 conceditur
1620 4404 1910 4463 ﬁdelibus.

489 4491 523 4545 4
632 4492 744 4561 Qui
779 4491 1006 4547 redimit
1030 4490 1096 4546 de
1124 4492 1350 4546 interitu
1379 4494 1549 4547 vitam
1580 4499 1730 4548 tuam
1759 4512 1778 4547 :

632 4580 740 4648 Qui
768 4586 989 4636 coronat
1012 4588 1064 4635 te
1107 4584 1162 4642 ’τι
1188 4580 1250 4633 in
1291 4582 1304 4643 ζ
1348 4580 1724 4636 misericordia
1752 4590 1804 4638 et
1832 4584 2136 4642 miseratio-

699 4668 885 4725 nibus.

555 4759 600 4817 Ο
629 4758 885 4816 Redimit
903 4758 976 4814 de
995 4754 1233 4814 interitu
1254 4756 1463 4813 vitam:
1488 4758 1723 4830 quando
1745 4775 1852 4815 nos
1872 4761 1945 4818 ab
1968 4765 2132 4818 aeter-

481 4866 557 4909 na
578 4852 765 4906 morte
784 4846 1236 4915 submoverit,ut
1257 4862 1372 4903 non
1395 4847 1734 4904 audiamus:
1759 4851 1841 4905 Ite
1862 4849 1920 4905 in
1934 4850 2129 4923 ignem

478 4940 1039 4995 aeternum.Coronat
1057 4936 1117 4992 in
1140 4935 1543 4992 misericordia
1567 4954 1579 4991 :
1605 4927 1837 5011 quando
1851 4939 1978 5012 jam
2000 4940 2131 4996 bea-

2264 2891 2416 2949 viam
2447 2892 2677 2949 Domini
2709 2893 3001 2950 declinare
3021 2895 3918 2971 presumpseruntﬁoluntatem

2265 2981 2482 3057 quippe
2511 2986 2817 3049 noverunt,
2850 2984 2949 3041 sed
2982 2988 3266 3062 praecepta
3296 3000 3547 3055 servare,
3575 2991 3634 3043 et
3656 2986 3810 3044 viam
3832 2987 3919 3045 ire

2265 3069 2596 3141 noluerunt,
2628 3072 2757 3135 ideo
2790 3089 2905 3128 non
2934 3072 3149 3133 dicitur
3174 3073 3296 3143 vias
3326 3075 3411 3131 eis
3440 3074 3915 3148 innotuisae,sed

2186 3149 2230 3216 C
2262 3159 2608 3217 voluntates.

2258 3248 2293 3301 8
2400 3248 2705 3305 Misericors
2733 3257 2785 3305 et
2812 3251 3109 3328 miserator
3135 3253 3401 3315 Dominus
3430 3270 3443 3309 :

2400 3338 2754 3410 Longaminis
2782 3346 2832 3395 et
2860 3340 3094 3417 multum
3119 3343 3451 3400 misericors.

2327 3429 2367 3481 C
2397 3424 2722 3484 Misericors
2752 3430 2860 3496 est,
2894 3427 2994 3501 qui
3025 3432 3235 3489 natura
3273 3446 3381 3497 sua
3410 3428 3914 3503 clementissimus

2256 3515 2649 3588 approbatur:
2686 3514 3132 3590 miserator,qui
3162 3518 3573 3581 misericordiae
3606 3536 3726 3578 sua:
3758 3518 3914 3579 dona

2256 3601 2519 3676 largitur.
2547 3600 2758 3659 Nullus
2801 3607 2997 3661 autem
3046 3606 3404 3675 misericors,
3436 3607 3547 3663 nisi
3572 3605 3682 3682 qui
3715 3614 3777 3666 et
3807 3627 3913 3683 pa-

2255 3691 2405 3748 tiens
2435 3708 2564 3749 esse
2592 3692 2892 3765 probatur.
2926 3693 3061 3753 Ideo
3092 3695 3255 3751 addit
3290 3694 3669 3770 longanimis,
3701 3696 3766 3754 id
3796 3704 3911 3768 est,

2253 3781 2481 3854 patiens
2502 3785 2556 3837 et
2578 3779 2876 3837 sustinens
2899 3787 3231 3861 peccatores
3253 3781 3425 3859 longo
3444 3786 3913 3859 tempore.Deni~

2253 3886 2367 3942 quo
2397 3869 2618 3940 subdit,
2652 3869 2904 3926 multum
2936 3872 3269 3929 misericors
3294 3889 3307 3941 ;
3331 3874 3470 3946 quia
3490 3875 3669 3930 etiam
3696 3890 3763 3931 se
3785 3876 3910 3932 bla-

2166 4018 2185 4039 ο
2252 3958 2719 4030 sphemantibus,
2756 3957 2940 4016 solem
2999 3959 3137 4016 oriri
3194 3961 3352 4029 facit,
3386 3966 3446 4018 et
3473 3962 3688 4020 tribuit
3735 3964 3823 4021 eis
3849 3970 3911 4021 et

2249 4051 2554 4105 conservat
2581 4047 2708 4103 vita:
2740 4048 3036 4121 spiritum.

2246 4136 2283 4191 9
2389 4139 2509 4194 Non
2537 4139 2599 4192 in
2622 4146 2948 4210 perpetuum,
2976 4140 3245 4196 irascetur
3273 4158 3293 4195 :

2386 4231 2571 4300 Neque
2600 4228 2660 4281 in
2682 4234 2954 4283 aeternum
2982 4229 3430 4289 com-minabitur.
3854 4280 3861 4295 ,

2315 4316 2356 4371 C
2384 4315 2511 4371 Non
2541 4315 2673 4370 ullis
2702 4314 2762 4369 in
2786 4319 3134 4389 perpetuum
3166 4317 3459 4386 irascitur,
3492 4318 3594 4392 qui
3627 4318 3817 4376 devoti
3834 4320 3899 4375 in

2244 4402 2638 4461 satisfactione
2666 4419 2794 4460 esse
2824 4411 3290 4479 cognoscuntur:
3322 4420 3426 4464 nec
3457 4409 3542 4464 eis
3572 4409 3902 4465 commina-

2163 4519 2210 4585 Β
2242 4493 2419 4561 bitur,
2453 4492 2554 4565 qui
2585 4508 2720 4551 eum
2747 4496 2870 4551 tota
2893 4497 3087 4550 mente
3118 4493 3394 4569 diligunt.

2246 4582 2312 4636 10
2383 4581 2501 4636 Νοη
2528 4581 2825 4638 secundum
2848 4586 3081 4654 peccata
3108 4591 3297 4649 nostra
3324 4585 3462 4658 fecit
3485 4586 3648 4642 nobis
3676 4604 3699 4642 :

2381 4673 2568 4743 Neque
2621 4670 2920 4729 secundum
2974 4673 3304 4746 iniquitates
3354 4683 3569 4731 nostras
3638 4675 3907 4747 retribuit

2451 4760 2628 4816 nobis.

2311 4848 2358 4905 H
2388 4848 2513 4905 Non
2538 4850 2862 4918 secundum
2879 4855 3117 4924 peccata
3147 4856 3350 4909 nostra
3380 4852 3699 4927 fecit;quia
3719 4870 3899 4928 quam

2238 4938 2628 5012 merebamur,
2660 4938 2829 4994 nobis
2860 4938 3103 4996 meliora
3129 4940 3396 5005 indulsit.
3420 4942 3535 4999 Nec
3566 4944 3899 4999 secundum

477 5024 556 5078 tis
589 5023 826 5095 praemia
871 5026 1050 5099 digna
1097 5024 1439 5081 restituerit.
1469 5024 1516 5080 H
1547 5024 1939 5085 Prmcurrente
1969 5029 2128 5086 enim
2236 5027 2575 5101 iniquitates
2600 5027 2901 5083 retribuet.
2927 5029 2966 5084 C
2987 5028 3271 5093 Quoniam
3298 5030 3378 5087 ita
3396 5030 3534 5104 pius
3562 5032 3657 5103 est
3674 5030 3904 5106 suppli-

476 5110 899 5183 misericordia,
932 5114 1032 5170 dat
1056 5113 1378 5182 victoriam,
1404 5117 1469 5168 ut
1497 5115 1719 5171 tribuat
1747 5115 2125 5190 palma,unde
2233 5117 2501 5175 cantibus
2547 5120 2613 5173 ut
2659 5116 3037 5190 poenitentem
3108 5119 3309 5185 statim
3355 5118 3608 5189 resolvat
3663 5138 3704 5178 ε.
3759 5120 3902 5195 pec-

475 5202 532 5254 et
550 5199 775 5267 dictum
805 5203 1113 5257 est:Scuto
1144 5203 1308 5259 bonae
1337 5202 1654 5259 voluntatis
1686 5208 1798 5264 tuae
1829 5208 2123 5264 coronasti
2233 5208 2401 5265 catis.

473 5303 581 5345 nos
612 5288 787 5361 (Psal.
818 5288 892 5359 v).
926 5293 1098 5345 Scuto
1146 5290 1343 5364 itaque
1392 5296 1650 5359 coronat,
1682 5294 1825 5350 dum
1871 5297 2122 5371 protegit

470 5379 529 5432 et
546 5375 827 5446 defendit,
857 5381 917 5435 et
938 5376 1023 5435 sic
1052 5383 1308 5435 coronat.
1333 5379 1576 5436 Scutum
1619 5398 1754 5455 ergo
1790 5384 2117 5443 misericor-

467 5465 568 5522 dia
595 5469 687 5526 est
717 5483 731 5524 :
764 5466 920 5539 quod
949 5464 1106 5523 enim
1130 5468 1400 5542 protegit,
1420 5486 1537 5527 non
1570 5470 1763 5529 meriti
1794 5475 1979 5532 nostri
2007 5480 2115 5546 est,

466 5552 571 5624 sed
600 5553 728 5631 ejus
756 5552 1191 5616 misericordiae.

2242 5298 2288 5355 Ii
2369 5299 2643 5368 Quoniam
2671 5297 2969 5354 secundum
2995 5297 3353 5367 altitudinem
3382 5299 3511 5357 caeli
3537 5317 3573 5357 a
3604 5305 3755 5358 terra
3780 5318 3805 5355 .-

2368 5387 2748 5446 Gorroboravit
2792 5388 3230 5451 misericordiam
3270 5401 3428 5455 suam
3473 5406 3639 5463 super
3685 5391 3889 5446 tim-

2439 5484 2639 5533 £6586:

2297 5564 2338 5625 Ο
2367 5566 2490 5634 Qua
2506 5564 2937 5645 comparatione
2954 5565 3489 5644 signiﬁcatur,quia
3503 5568 3659 5637 sicut
3672 5566 3901 5629 malum
