4068 6160
447 268 569 341 371;

1018 410 1349 471 PSALMUS
1387 413 1527 472 CIII.

844 566 855 575 ,
900 516 1297 559 assumamus:
1332 520 1487 561 PSAL.
1528 522 1645 563 CIII.

522 606 582 660 C.
614 604 737 662 Vox
766 605 1029 664 Ecclesia
1065 608 1501 681 magniﬁcantis
1533 613 1734 684 Deum,
1758 619 1816 671 et
1835 615 2101 674 innume-

450 692 661 750 rabilia
690 711 866 768 opera
890 696 1180 753 narrando
1210 697 1616 758 collaudantis.

945 795 1061 851 TT.
1091 803 1147 862 ἐς
1192 798 1303 869 Ipsi
1331 799 1504 855 David
1547 807 1561 866 ζ

462 908 469 913 -
516 889 557 945 C
586 888 765 946 David
796 889 892 946 hic
919 895 1152 950 tantum
1183 895 1252 950 ad
1287 912 1596 968 personam
1619 897 1913 971 loquentis
1934 902 2099 957 adhi-

443 976 631 1046 betur,
664 981 937 1037 caaterum
967 982 1168 1038 omnia
1195 988 1425 1041 constat
1445 987 1515 1043 de
1535 987 1781 1045 Domino
1803 990 2099 1048 Salvatore

441 1066 758 1134 narranda,
791 1068 893 1141 qui
925 1069 995 1126 in
1017 1070 1307 1145 principio
1348 1074 1484 1131 fecit
1529 1076 1737 1133 coelum
1770 1082 1827 1134 et
1857 1084 2107 1136 terram.’

442 1160 469 1217 1
583 1165 841 1235 Benedic,
871 1170 1063 1224 anima
1091 1186 1235 1237 mea,
1269 1171 1496 1229 Domino
1526 1191 1545 1230 :

652 1257 804 1311 Deus
831 1273 1007 1323 meus,
1036 1260 1424 1331 magniﬁcatus
1450 1279 1504 1319 es
1532 1265 1886 1323 vehementer.

511 1350 552 1408 C
580 1350 792 1409 Invitat
820 1354 1106 1427 prOpheta
1126 1359 1508 1432 semetipsum
1532 1362 1603 1417 ad
1629 1364 2093 1424 benedicendum

439 1437 626 1496 Deum
656 1456 670 1496 :
705 1440 1045 1501 benedicere
1073 1446 1280 1516 Deum,
1313 1452 1402 1505 est
1430 1450 1558 1521 ejus
1589 1453 1883 1525 magnalia
1913 1457 2095 1512 conﬁ-

438 1527 586 1595 teri;
620 1530 1035 1602 magniﬁcatur
1062 1534 1218 1611 Deus
1247 1538 1403 1609 apud
1434 1538 1976 1614 homines,quando
2007 1545 2094 1603 eis

441 1630 695 1687 magnus
725 1621 900 1691 atque
929 1621 1191 1679 excelsus
1220 1624 1515 1696 claruerit,
1551 1633 1615 1684 ut
1641 1629 1837 1703 ipsum
1868 1636 2095 1690 Creato-

436 1719 562 1760 rem
593 1720 660 1762 ac
697 1705 1145 1781 Redemptorem
1178 1717 1349 1786 atque
1366 1715 1630 1787 judicem
1660 1721 1917 1777 sentiant
1950 1740 1963 1778 :
1992 1740 2092 1780 ve-

437 1790 744 1851 hementer
767 1813 904 1853 vero
936 1800 1612 1878 magniﬁoatur,quando
1634 1807 1708 1863 ab
1734 1826 1802 1866 eo
1831 1810 1934 1883 qui
1967 1812 2091 1869 heri
2123 1802 2169 1867 Β

434 1878 819 1955 blasphemus
848 1887 958 1943 fuit
986 1887 1158 1946 hodie
1187 1901 1466 1950 cOnverso
1496 1878 1864 1967 praedicatur:

430 1977 473 2034 2
543 1980 944 2054 Confessionem
974 1995 1027 2043 et
1054 1987 1299 2046 decorem
1328 1992 1565 2050 induisti
1593 2013 1611 2050 :

606 2071 845 2130 Amictus
876 2075 1086 2133 lumine
1111 2078 1255 2135 sicut
1278 2083 1611 2140 vestimento.

501 2171 541 2222 C
572 2168 768 2224 Induit
825 2172 1089 2229 decorem
1126 2191 1139 2231 :
1184 2179 1418 2248 quando
1473 2186 1798 2257 assumpsit
1848 2203 2082 2246 carnem

429 2256 759 2313 mortalem.
793 2258 990 2317 Induit
1022 2279 1156 2319 vero
1206 2267 1654 2340 confessionem,
1688 2256 1850 2330 cum.
1873 2292 1940 2332 eo
1988 2295 2081 2335 ve-

428 2342 625 2401 niente
650 2353 1018 2406 recesserunt
1039 2353 1245 2424 perﬁdi
1277 2372 1312 2411 a
1340 2356 1499 2414 cultu
1533 2360 2005 2435 simulacrorum,
2024 2372 2083 2424 et

426 2431 717 2490 confessio
734 2436 815 2523 ad
837 2436 1016 2496 decus
1037 2457 1304 2514 supernae
1327 2446 1653 2517 majestatis
1670 2467 1773 2523 per
1788 2431 2077 2513 mundum

425 2519 702 2577 innotuit.
731 2522 953 2581 Lumen
993 2532 1189 2585 autem
1238 2532 1555 2592 Ecclesium
1605 2519 1916 2611 signiﬁcat,
1951 2562 2077 2617 quae

424 2613 579 2667 recte
606 2610 764 2668 velut
788 2615 969 2673 vestis
998 2618 1321 2677 advertitur
1347 2625 1573 2682 Domini
1604 2610 1941 2701 salvatoris,
1960 2610 2075 2692 non

420 2697 648 2758 habens
678 2703 970 2763 maculam
1000 2723 1189 2782 neque
1219 2727 1446 2786 rugam.

420 2796 457 2854 3
527 2799 833 2859 Extendens
859 2805 1056 2862 caelum
1082 2809 1223 2865 sicut
1242 2811 1441 2882 pellem
1476 2831 1490 2869 :

600 2890 718 2962 Qui
744 2894 883 2962 tegis
910 2898 1068 2968 aquis
1095 2903 1380 2971 superiora
1403 2905 1540 2975 ejus.

489 2975 531 3071 ς]
559 2976 780 3036 Oculum
802 2980 900 3071 hic
926 3000 1161 3042 omnem
1183 2989 1419 3060 justum
1449 2993 1732 3054 debemus
1753 2992 2071 3071 advertere,

417 3065 590 3163 cujus
617 3069 1004 3163 superiora,id
1027 3080 1119 3132 est
1147 3078 1336 3137 ﬁdelis
1365 3082 1759 3158 anima.aquis
1789 3065 2066 3163 baptismi

1360 279 1424 343 S.
1473 280 1876 347 BRUNONIS
1920 284 2541 367 HEHBIPOLENSIS
2584 289 2959 357 EPISCOPI.

3749 302 3875 385 372.

2128 434 2186 501 Α
2214 420 2509 495 sunt,'qui
2547 427 2744 482 tamen
2792 430 3004 485 natura
3051 427 3293 503 spiritus
3341 450 3472 491 esse
3514 442 3875 496 noscuntur.

2209 511 2373 568 Talis
2401 518 2493 569 est
2531 515 2670 570 ordo
2718 518 3028 576 verborum
3063 537 3076 576 :
3109 521 3209 593 qui
3258 522 3501 596 spiritus
3547 543 3699 595 suos,
3736 529 3879 587 facit

2209 600 2468 674 angelos.
2505 602 2769 662 Minister
2797 606 2895 663 Dei
2929 613 3019 665 est
3049 610 3241 668 omnis
3287 614 3387 685 qui
3432 614 3670 675 divinas
3709 636 3875 677 exse-

2209 690 2410 762 quitur
2439 691 2789 762 voluntates,
2821 695 2957 754 talis
2987 698 3144 755 enim
3170 701 3258 757 vir
3281 701 3431 775 ignis
3460 706 3725 764 cmlestis
3755 710 3876 765 effi-

2207 778 2381 848 citur,
2413 782 2648 852 quando
2679 784 2850 840 verbo
2880 787 3310 858 praedicationis
3361 795 3739 864 peccantium
3772 816 3874 856 ne-

2207 868 2426 939 quitias
2458 888 2623 927 urere
2653 877 2710 928 et
2739 890 3082 934 consumere
3112 896 3285 951 posse
3313 888 3703 942 monstratur.
3730 876 3733 879 ’

2204 956 2241 1010 6
2352 958 2457 1026 Qui
2482 960 2733 1031 fundasti
2760 970 2965 1019 terram
2992 982 3158 1038 super
3184 968 3538 1027 stabilitatem
3565 988 3733 1029 suam
3764 994 3785 1031 :

2344 1048 2461 1102 Non
2495 1049 2858 1107 inclinabitur
2886 1052 2946 1107 in
2975 1056 3243 1112 saeculum
3262 1060 3455 1115 saeculi

2276 1139 2315 1190 C
2349 1136 2631 1194 Fundavit
2689 1138 2956 1198 Christus
3009 1148 3248 1215 terram,
3300 1149 3535 1220 quando
3595 1148 3875 1211 solidavit

2204 1222 2542 1283 Ecclesium.
2571 1231 2756 1300 Super
2785 1230 3187 1301 stabilitatem,
3221 1235 3279 1291 id
3309 1242 3399 1294 est
3436 1255 3616 1312 super
3648 1259 3735 1312 se,
3767 1246 3871 1317 qui

2202 1317 2291 1369 est
2318 1312 2620 1372 immobile
2665 1317 3138 1377 fundamentum.
3173 1323 3296 1381 Non
3348 1326 3739 1386 inclinabitur
3769 1312 3869 1390 {si

2193 1402 2416 1475 jugiter
2452 1421 2633 1477 supra
2675 1423 2808 1464 eum
2859 1410 3275 1480 manserimus,
3308 1413 3650 1476 nullatenus
3699 1420 3870 1478 incli-

2202 1508 2437 1548 namur.

2197 1582 2235 1634 7
2343 1582 2578 1656 Abyssus
2604 1587 2750 1643 sicut
2775 1590 3155 1646 vestimentum
3184 1593 3416 1650 amictus
3446 1596 3562 1667 ejm
3595 1615 3618 1653 :

2339 1674 2519 1744 Super
2544 1682 2750 1731 montes
2777 1677 2997 1733 stabunt
3022 1695 3203 1751 aqua}.

2270 1759 2311 1815 C
2339 1761 2601 1834 Abyssus
2639 1763 2796 1821 enim
2842 1766 3077 1836 dicitur,
3110 1785 3401 1841 aquarum
3447 1774 3866 1848 copiosissima

2202 1847 2539 1917 multitudo,
2572 1869 2699 1924 quae
2731 1854 3024 1927 signiﬁcat
3061 1864 3481 1931 persecutores,
3515 1847 3661 1936 quia
3709 1866 3865 1925 sicut

2199 1936 2445 2008 pallium
2471 1940 2735 2013 subjecta
2764 1945 3041 2017 cooperit,
3075 1947 3161 2004 ita
3189 1948 3272 2004 illi
3298 1952 3589 2008 mundum
3630 1955 3863 2015 fetidis-

2198 2024 2350 2083 sima
2380 2031 2796 2102 superstitione
2826 2037 3112 2092 texerunt.
3146 2039 3442 2096 Steterunt
3482 2059 3652 2115 aqua:
3683 2061 3864 2119 super

2198 2120 2425 2173 montes
2459 2136 2472 2175 :
2504 2118 2562 2174 id
2588 2124 2679 2176 est
2708 2127 2942 2180 sanctos
2969 2126 3094 2198 (qui
3126 2132 3356 2185 montes
3404 2130 3539 2186 ﬁdei
3578 2118 3860 2193 ﬁrmitate

2194 2205 2378 2260 vocati
2412 2208 2573 2279 sunt)
2610 2211 2845 2281 quando
2875 2229 2974 2269 eos
3007 2213 3254 2273 diversis
3285 2219 3851 2296 pmnisafﬂigebant,

2193 2307 2357 2364 aquae
2391 2294 2549 2351 enim
2582 2297 2735 2354 sicut
2765 2304 2821 2356 et
2848 2301 3070 2376 abyssi,
3102 2303 3199 2361 hic
3229 2305 3441 2380 impios
3488 2294 3851 2384 signiﬁcant.

2189 2380 2225 2434 8
2333 2384 2412 2439 Ab
2441 2386 2811 2459 increpatione
2840 2398 2938 2446 tua
2962 2394 3179 2464 fugient
3209 2412 3229 2450 :

2334 2475 2373 2528 A
2409 2489 2529 2530 voce
2552 2479 2788 2534 tonitrui
2816 2482 2904 2535 tui
2923 2482 3323 2552 formidabant.

2261 2558 2302 2615 C
2335 2560 2582 2635 Fugient
2609 2566 2828 2639 abyssi,
2861 2567 2920 2624 id
2953 2574 3043 2626 est
3073 2573 3568 2644 superstitiosi,ab
3590 2578 3851 2660 increpa-

2186 2647 2345 2706 tione
2370 2653 2788 2723 apostolorum.
2815 2659 2861 2713 A
2890 2674 3028 2715 voce
3071 2661 3334 2733 tonitrui,
3368 2664 3425 2721 id
3455 2671 3547 2723 est
3572 2647 3847 2740 pradiea-

2185 2736 2383 2810 tionis,
2418 2743 2652 2813 quando
2674 2745 2973 2803 diabolum
3004 2750 3329 2822 periturum
3362 2755 3679 2815 audierunt
3706 2777 3841 2817 cum

2185 2829 2538 2900 sequacibus
2562 2833 2708 2890 suis.

2180 2916 2217 2970 9
2324 2921 2634 2978 Ascendunt
2662 2934 2871 2982 montes
2900 2931 2954 2989 et
2982 2927 3311 2987 descendunt
3338 2934 3523 3006 campi
3551 2953 3571 2990 :

2324 3009 2386 3063 In
2412 3009 2592 3067 locum
2621 3029 2781 3084 quem
2803 3016 3061 3087 fundasti
3085 3020 3182 3076 eis.

2251 3098 2291 3150 C
2319 3091 2657 3157 Ascendunt
2704 3108 2954 3173 montes,
2988 3105 3045 3161 id
3095 3112 3185 3164 est
3242 3111 3476 3182 superbi
3538 3116 3598 3169 et
3644 3113 3837 3188 impii,

1642 3152 1661 3158 _
1867 3152 1885 3163 .
2410 3152 2419 3153 κ
2446 3152 2453 3153 κ
2476 3152 2543 3154 κκη
2558 3152 2655 3157 --ν-ν
2704 3152 2954 3173 -ν-ν-.-ννγ
2990 3152 3045 3161 ιν-
3097 3152 3185 3164 νυν
3242 3152 3476 3182 aII-11Vle
3538 3152 3598 3169 νυ
3644 3152 3837 3188 ιιιιγιι,

407 3152 767 3215 salutaribus
798 3163 1449 3242 emundata,irrigatur.
1486 3174 1587 3230 Vel
1620 3175 1831 3234 caalum
1863 3185 2061 3237 exten-
2093 3172 2137 3241 C
2176 3185 2440 3255 quandiu
2498 3190 2769 3260 permisit
2826 3210 2926 3250 eos
2979 3194 3263 3253 Dominus
3309 3216 3321 3255 :
3364 3204 3540 3272 atque
3598 3202 3837 3273 iterum,

407 3242 568 3273 Ah..-
599 3261 612 3273 .
642 3262 774 3273 -..μ
808 3250 1106 3273 _--L|:-A_g
1164 3258 1203 3273 γ.
1427 3264 1437 3273 .
1483 3261 1495 3273 .
1702 3265 1717 3273 -
1791 3266 1849 3273 ,μ

406 3242 568 3300 ditur
599 3261 612 3299 :
640 3262 776 3303 cum
808 3250 1109 3322 publicani
1154 3258 1210 3329 et
1260 3261 1598 3319 meretrices
1647 3265 2069 3326 admittuntur.

406 3329 627 3388 Caelum
657 3335 815 3391 enim
845 3341 1075 3398 tantum
1089 3342 1392 3413 justorum
1417 3354 1506 3405 est
1526 3368 1629 3423 per
1639 3354 2071 3426 justitiam,sed

407 3418 627 3513 factum
657 3426 748 3513 est
776 3439 845 3479 ex
873 3428 1071 3498 gratia:
1122 3430 1392 3507 largitate
1440 3418 1619 3495 etiam
1640 3418 2067 3513 vpeccantium-

403 3507 450 3562 A
478 3506 579 3596 Vel
613 3509 849 3580 caelum,
882 3518 946 3569 ut
993 3516 1214 3575 dictum
1265 3527 1376 3591 est,
1411 3506 1819 3596 praedicatores
1873 3534 2017 3592 dicit
2052 3519 2066 3558 ³

403 3595 505 3668 qui
542 3599 605 3652 ut
629 3597 799 3670 pellis
826 3604 1042 3659 extenti
1077 3612 1347 3682 sunt,per
1363 3595 1836 3683 pradicationem
1861 3640 2065 3681 eorum

402 3683 461 3740 in
493 3685 655 3741 omni
675 3689 914 3756 terra,et
934 3691 1089 3749 sicut
1110 3702 1478 3758 mortuorum
1504 3705 1851 3765 animalium
1878 3714 2067 3785 major

400 3775 491 3873 est
536 3789 684 3873 uisus
733 3775 995 3849 pellium,
1027 3781 1127 3851 ita,
1162 3789 1411 3846 mortuis
1460 3795 1763 3864 apostolis,
1805 3775 2064 3873 amplius

398 3859 663 3919 doctrina
687 3880 887 3923 eorum
922 3871 1352 3942 praedicationis
1380 3877 1436 3934 in
1464 3899 1640 3940 usum
1676 3889 1838 3945 venit
1877 3859 2070 3950 Decle'

399 3948 734 4040 siaquuaa
763 3971 918 4023 vero,
952 3964 1095 4017 sunt
1122 3964 1324 4036 gratia:
1355 3967 1572 4028 infusio
1602 3977 1659 4030 et
1684 3975 1943 4039 charitas
1973 3948 2063 4040 vel

400 4037 727 4111 spiritualis
759 4059 993 4103 sensus.

396 4127 431 4183 4
507 4128 614 4196 Qui
636 4133 799 4203 ponis
826 4135 1027 4193 nubem
1056 4155 1340 4200 ascensum
1368 4154 1523 4205 tuum
1554 4168 1574 4206 .·

548 4219 683 4288 _Qui
709 4224 964 4281 ambulas
991 4243 1157 4301 super
1179 4248 1392 4304 pennas
1418 4247 1726 4300 ventorum.

464 4305 584 4406 lic
607 4308 1056 4406 Posuitnubem
1084 4334 1098 4373 :
1133 4323 1369 4392 quando
1396 4329 1679 4387 Dominus
1708 4340 1841 4406 post
1869 4354 2062 4397 resur‘

394 4395 714 4454 rectionem
744 4399 1082 4462 videntibus
1110 4411 1393 4481 apostolis
1423 4419 1689 4475 ascendit
1708 4395 1777 4479 in
1822 4427 2034 4486 cmlum

389 4483 669 4573 Ambulat
697 4503 874 4559 super
902 4507 1127 4564 pennas
1156 4504 1462 4559 ventorum
1488 4522 1501 4560 :
1528 4507 1670 4563 dum
1694 4527 1833 4570 suas
1854 4483 2058 4573 volun:

388 5105 571 5199 accipi
602 5117 985 5187 possunt,per
1003 5134 1151 5189 quos
1172 5121 1230 5178 in
1265 5129 1547 5186 membris
1568 5105 1833 5194 Christus
1852 5157 2051 5199 ascen.

387 5191 474 5250 dit
500 5195 645 5254 dum
669 5207 907 5272 peccata
939 5206 1243 5267 dimittunt
1269 5230 1468 5273 eorum
1502 5191 1816 5282 auditores.

387 5292 426 5346 5
499 5294 605 5362 Qui
624 5299 766 5369 facis
794 5304 1018 5370 angelos
1046 5314 1165 5363 tuos
1192 5313 1427 5382 spiritus
1458 5335 1478 5372 .-

488 5389 544 5449 σξα
588 5385 653 5440 Et
693 5392 709 5452 ζ
773 5391 1058 5450 ministros
1087 5399 1207 5454 tuos
1238 5401 1421 5468 ignem
1448 5418 1713 5468 urentem.

455 5468 497 5524 C
521 5472 780 5568 angelus
803 5477 1022 5536 dicitur
1047 5483 1241 5544 Graeca
1270 5487 1492 5564 lingua,
1526 5500 1624 5568 qui
1661 5502 1859 5559 Latina
1889 5524 2033 5562 nun-

379 5555 502 5614 tius
530 5557 963 5636 interpretatur,
1003 5590 1139 5631 nam
1188 5555 1425 5650 quando
1473 5555 2027 5669 mittuntur‘ang—eli

2086 4546 2135 4612 D

2025 4727 2053 4740 -
2163 4698 2457 4774 tolligere,
2478 4721 2606 4776 qua
2636 4704 2696 4761 in
2727 4708 3102 4779 convalles,id
3133 4717 3224 4770 est
3253 4713 3312 4769 in
3337 4713 3608 4772 homines
3629 4715 3827 4773 humi-

2182 3275 2418 3344 quando
2449 3276 2672 3349 placuit
2702 3280 2838 3337 fecit
2868 3281 2927 3336 in
2957 3285 3302 3343 convallium
3323 3287 3656 3348 humilitate
3677 3294 3841 3350 sede-

2182 3376 2262 3417 re.
2298 3362 2525 3420 Montes
2555 3372 2745 3437 erant,
2777 3385 2913 3426 cum
2944 3373 3213 3430 saevirent
3244 3393 3258 3431 :
3291 3377 3508 3450 campi,
3534 3396 3670 3437 cum
3711 3381 3837 3453 pla-

2180 3449 2292 3506 cati
2325 3454 2662 3511 resederant
2694 3474 2708 3513 :
2740 3457 2799 3514 in
2831 3458 3045 3530 locum,
3080 3462 3135 3519 id
3167 3464 3336 3521 estin
3364 3449 3706 3539 Ecclesium,
3732 3472 3834 3528 ubi

2177 3539 2262 3596 eis
2293 3541 2508 3599 servire
2537 3542 2749 3602 licebat
2973 3546 2984 3557 ’

2180 3629 2246 3684 10
2319 3632 2630 3690 Terminum
2673 3639 2918 3708 posuisti,
2953 3656 3109 3712 quem
3156 3660 3265 3699 non
3310 3646 3787 3718 transgredientur
3815 3669 3836 3705 :

2387 3726 2572 3794 Neque
2599 3733 2985 3785 convertentur
3011 3735 3223 3803 operire
3254 3738 3478 3791 terram.

2244 3812 2283 3861 Ο
2314 3809 2627 3870 Terminus
2659 3815 3123 3889 quippe,scilicet
3144 3821 3291 3877 ritus
3312 3828 3372 3879 et
3395 3824 3837 3896 superstitionis

2175 3908 2651 3970 paganorum,est
2681 3905 2964 3962 adventus
2994 3907 3223 3965 Domini
3252 3910 3462 3968 Christi
3497 3931 3510 3970 :
3543 3916 3716 3986 cujus
3748 3933 3839 3973 re-

2170 3983 2388 4057 ligione
2420 3998 2951 4060 crescente,cuncta
2970 3996 3302 4055 idololatria
3319 4017 3454 4057 cum
3476 4003 3603 4060 suis
3634 4009 3837 4062 aucto-

2172 4073 2334 4132 ribus
2365 4085 2931 4157 corruerunt.Neque
2952 4092 3395 4146 convertentur:
3421 4090 3469 4146 Η
3492 4092 3558 4147 In
3581 4092 3834 4166 flagitia,

2169 4163 2387 4235 quibus
2424 4168 2589 4240 prius
2636 4172 2913 4229 vixerant.
2947 4180 2987 4231 C
3018 4175 3119 4232 Vel
3170 4176 3382 4234 melius
3431 4196 3547 4237 non
3594 4198 3835 4240 conver-

2168 4256 2396 4311 tentur:
2418 4262 2485 4313 ut
2507 4259 2834 4318 humanum
2860 4279 3047 4337 genus
3069 4267 3554 4338 superstitionum
3578 4287 3830 4330 suarum

2169 4341 2553 4405 inundatione
2582 4350 2865 4422 operiant.

2170 4432 2231 4486 11
2311 4437 2425 4509 Qui
2449 4439 2652 4493 emittis
2677 4442 2854 4511 fontes
2881 4444 2941 4498 in
2972 4445 3312 4502 convallibus
3340 4465 3360 4501 :

2308 4525 2461 4580 Inter
2486 4526 2723 4584 mediam
2767 4535 2780 4596 ζ
2846 4534 3117 4589 montium
3138 4538 3559 4607 pertransibunt
3585 4544 3641 4604 ἐς
3661 4554 3829 4610 aqua:

2235 4613 2275 4666 C
2300 4613 2508 4671 Fontes
2541 4632 2555 4672 :
2589 4616 2686 4673 hic
2715 4618 3077 4692 Scripturam
3108 4622 3369 4681 divinam
3421 4626 3706 4682 debemus
3740 4629 3828 4683 in-

2163 4787 2248 4845 les
2277 4796 2615 4849 exaestuant.
2651 4796 2873 4855 Montes
2905 4816 2919 4853 :
2956 4799 3258 4859 baareticos
3306 4803 3601 4878 signiﬁcat
3630 4822 3699 4861 ac
3729 4823 3827 4863 su-

2037 4850 2053 4937 :
2162 4879 2393 4950 perbos,
2420 4881 2573 4939 inter
2601 4850 3396 4963 quosSiveri-plura;perenni3
3416 4893 3685 4951 ubertate
3717 4895 3825 4951 de-

2161 4975 2407 5025 currunt
2440 4988 2453 5027 :
2488 4973 2627 5044 quia
2656 4991 2754 5031 eas
2784 4975 2881 5032 hic
2910 4979 3114 5036 audire
3143 4980 3315 5037 bonis
3345 4980 3638 5054 malisque
3664 4999 3825 5040 com-

2161 5073 2339 5116 mune
2368 5065 2474 5117 est.
2486 5061 2955 5122 Pertransibunt:
2976 5069 3115 5140 quia
3145 5069 3290 5127 tales
3322 5088 3436 5126 non
3464 5072 3826 5146 contingunt

2158 5145 2285 5203 istae
2315 5165 2500 5222 aquae,
2535 5152 2591 5208 id
2624 5158 2733 5225 est,
2766 5172 2880 5211 non
2915 5157 3108 5230 rigant
3135 5158 3210 5214 ad
3243 5158 3499 5233 aliquem
3530 5145 3819 5219 fructum.

2160 5238 2226 5293 12
2296 5242 2571 5298 Potabunt
2598 5259 2782 5301 omnes
2812 5245 3000 5304 bestia
3029 5250 3155 5317 agri
3184 5266 3202 5303 :

2297 5331 2707 5402 Exspectabam
2735 5337 2932 5407 onagri
2958 5337 3017 5392 in
3044 5338 3145 5394 siti
3166 5354 3289 5394 sua.

2224 5424 2265 5475 Ο
2294 5421 2516 5478 Bestias
2576 5423 2697 5495 agri
2735 5442 2749 5479 :
2782 5428 2986 5497 gentes
3044 5425 3326 5499 intellige,
3361 5444 3487 5498 quae
3541 5430 3818 5500 potanda:

2152 5516 2319 5568 erant
2347 5512 2691 5585 aquis,quas
2711 5512 2769 5568 in
2787 5513 3096 5588 Evangelio
3125 5514 3410 5571 Dominus
3423 5515 3815 5574 Samaritana

2153 5600 2447 5673 pollicitus
2478 5600 2818 5676 est.0nager
2840 5601 3103 5661 silvester
3123 5603 3327 5662 asinus
3349 5603 3817 5685 est,signiﬁcans
