4054 6168
442 302 563 372 319

1355 310 1419 374 S.
1466 310 1865 376 BRUNONIS
1911 308 2540 379 HERBIPOLENSIS
2584 310 2959 377 EPISCOPI.

3695 320 3805 384 πο.

442 442 526 502 illi
557 441 759 501 cbristi
789 422 1081 513 dicantur,
1104 442 1203 517 qui
1234 442 1406 517 longe
1435 448 1570 501 ante
1599 444 1737 503 Saul
1770 445 1828 519 (a
1857 463 1973 519 quo
2002 464 2088 504 re-
2117 449 2172 518 Α
2202 446 2400 515 Israel,
2418 463 2574 504 nunc
2591 446 2792 514 Jacob,
2815 462 3000 502 unum
3024 449 3083 502 et
3109 444 3375 504 eumdem
3406 446 3795 511 dicit.Chanaan

444 533 595 608 galis
626 534 741 591 ista
768 539 826 592 et
855 533 1175 591 materialis
1207 535 1381 608 coepit
1411 534 1627 607 unctio)
1660 536 1914 592 fuerunt.

448 626 515 681 16
624 626 689 681 Et
716 626 925 682 vocavit
954 627 1159 697 famem
1186 641 1351 696 super
1379 632 1586 681 terram
1615 644 1633 680 :

639 722 693 779 -ἐι
719 716 782 770 Et
824 720 838 779 ζ
882 730 1039 771 omne
1067 714 1472 785 ﬁrmamentum
1496 716 1661 786 panis
1685 716 1960 771 contrivit.

516 803 558 859 C
586 802 824 860 Vocavit
873 804 1085 859 famem
1120 820 1132 858 :
1180 807 1442 876 tempore
1488 802 1827 871 Pharaonis,
1862 804 2096 877 quando

446 894 506 949 in
538 896 781 966 Egypto
822 896 1045 965 septem
1094 892 1263 947 annis
1297 892 1481 949 fames
1527 886 1795 966 grassata
1822 897 1912 948 est
1939 892 2093 961 (Gen.

445 986 578 1052 XLI).
610 984 679 1037 Et
706 998 878 1037 omne
910 982 1369 1051 firmamentum,
1404 982 1461 1037 id
1493 986 1581 1037 est
1636 982 1889 1037 fructum
1940 981 2098 1037 triti-

446 1088 613 1128 ceum
646 1070 914 1143 perduxit
944 1070 1015 1125 ad
1050 1069 1297 1126 nihilum
1324 1089 1337 1139 ;
1372 1071 1679 1127 hominum
1712 1070 1867 1127 enim
1900 1072 2095 1128 firma-

445 1164 709 1216 mentum
741 1160 911 1232 panis
937 1164 1044 1227 est,
1079 1176 1211 1214 cum
1245 1177 1425 1232 supra
1454 1159 1692 1217 dixerit:
1718 1165 1775 1216 et
1805 1160 1973 1233 panis
1999 1177 2100 1216 cor

445 1248 704 1305 hominis
733 1250 1043 1305 conﬁrmat
1072 1250 1243 1319 (Psat.
1275 1249 1419 1320 cm).

448 1340 516 1394 17
625 1340 786 1396 Misit
814 1347 942 1395 ante
967 1355 1053 1395 eos
1082 1341 1265 1394 virum
1298 1357 1316 1392 :

626 1433 691 1484 1η
722 1445 939 1483 servum
970 1427 1307 1484 venundatus
1336 1436 1414 1484 est
1441 1429 1654 1500 Joseph.

518 1516 561 1571 C
588 1517 749 1572 Misit
774 1516 991 1588 Joseph
1042 1520 1175 1571 ante
1223 1515 1604 1588 patriarchas,
1638 1532 1785 1588 quos
1825 1515 2098 1588 superius

450 1605 813 1661 memoravit.
850 1605 956 1671 Qui
990 1605 1136 1661 bene
1166 1605 1255 1659 vir
1284 1605 1516 1674 dicitur,
1552 1605 1691 1676 quia
1718 1608 1782 1659 ut
1805 1604 1895 1659 vir
1920 1604 2101 1660 virili-

447 1697 536 1749 ter
566 1697 779 1750 cuncta
824 1694 1125 1750 sustinuit.
1159 1694 1311 1750 Ordo
1359 1696 1553 1749 autem
1606 1693 1915 1749 verborum
1961 1692 2099 1750 talis

1860 1331 1895 1355 ο

448 1787 538 1838 est
569 1799 582 1838 :
618 1782 779 1839 misit
808 1786 940 1839 ante
971 1799 1070 1839 eos
1116 1783 1306 1839 virum
1352 1781 1590 1855 Joseph,
1640 1783 1739 1854 qui
1772 1783 1830 1838 in
1865 1799 2092 1840 servum
2106 1823 2154 1888 Β

447 1872 817 1928 venundatus
843 1875 950 1928 est.

452 1962 517 2017 18
626 1962 1066 2017 Ilumitiaverunt
1093 1962 1154 2017 in
1181 1961 1524 2033 compedibus
1552 1960 1709 2033 pedes
1732 1961 1870 2033 ejus.

624 2050 850 2106 Ferrum
874 2050 1202 2121 pertransiit
1227 2052 1476 2106 animam
1505 2051 1623 2122 ejus
1653 2069 1674 2107 ,ο

625 2142 801 2196 Donec
828 2141 1036 2195 veniret
1064 2140 1290 2195 verbum
1318 2141 1455 2211 ejus.

520 2229 563 2284 C
596 2230 641 2283 A
666 2228 951 2300 Putiphar
969 2229 1279 2299 praeposito
1302 2227 1620 2285 Pharaonis
1637 2228 1853 2301 Joseph
1880 2226 2100 2284 missus

451 2321 541 2375 est
568 2315 628 2372 in
659 2332 949 2372 carcerem
983 2332 996 2372 :
1040 2316 1350 2389 compedes
1399 2321 1595 2373 autem
1646 2319 1938 2390 accepisse
1981 2334 2099 2373 non

450 2406 685 2479 legitur,
716 2405 818 2461 sed
848 2404 971 2461 fieri
1003 2406 1192 2478 potuit
1220 2409 1287 2461 ut
1337 2406 1436 2478 qui
1484 2405 1545 2461 in
1576 2421 1804 2462 carcere
1834 2410 2102 2462 retrnsns

451 2499 543 2552 est
580 2494 781 2551 ferreis
812 2493 1058 2551 nexibus
1104 2494 1402 2568 ligaretur.
1458 2494 1800 2551 Pertransiit
1840 2494 2100 2551 animam

452 2584 642 2657 ipsius
662 2583 900 2650 ferrum,
923 2584 1157 2656 quando
1178 2583 1236 2638 in
1270 2582 1379 2639 has
1409 2583 1629 2640 missus
1657 2587 1747 2639 est
1774 2582 2098 2657 angustias,

453 2690 525 2730 ne
558 2673 711 2729 inter
738 2672 912 2739 mala,
945 2689 1072 2745 qua:
1102 2671 1319 2745 injuste
1345 2689 1558 2746 passus
1586 2676 1697 2740 est,
1728 2671 2103 2745 praavalerent

451 2767 509 2819 et
536 2761 784 2818 crimina
815 2760 1124 2829 falsitatis;
1159 2762 1376 2818 ferrum
1406 2766 1601 2818 autem
1633 2760 1727 2818 hic
1757 2761 1978 2817 indicat
2006 2760 2105 2816 tri-

453 2850 815 2909 bulationem
833 2851 993 2907 dura:
1016 2851 1407 2908 necessitatis.
1421 2852 1613 2908 Donec
1629 2849 2101 2907 veniretverbum

453 2958 488 2997 a
521 2956 654 3013 rege
703 2941 1022 3009 Pharaone,
1055 2939 1157 3013 qui
1204 2957 1339 2996 eum
1386 2939 1669 3008 liberavit,
1718 2939 1808 2996 vel
1857 2940 2101 2996 verbum

449 3030 667 3105 Joseph
697 3029 1118 3103 interpretandi
1152 3029 1400 3100 somnia,
1427 3030 1584 3103 quod
1614 3029 1855 3085 verbum
1888 3044 2104 3102 quaere-

452 3120 628 3176 batur
651 3138 686 3177 a
714 3135 847 3193 rege
884 3119 946 3175 in
977 3136 1044 3176 eo
1074 3122 1132 3176 et
1159 3136 1295 3176 eum
1325 3119 1606 3205 liberavit.
1641 3118 1803 3186 Quod
1832 3119 2098 3183 verbum,

454 3208 554 3265 Dei
586 3208 697 3266 fuit
726 3209 921 3283 potius
952 3226 1128 3282 quam
1159 3209 1397 3283 Joseph.

456 3297 524 3356 19
632 3300 921 3371 Eloquium
963 3299 1186 3355 Domini
1231 3300 1599 3370 inﬂammavit
1622 3314 1748 3354 eum
1777 3315 1796 3354 :
1824 3298 1978 3354 misit
2002 3312 2104 3353 rea:

701 3394 755 3443 et
777 3388 939 3443 solvit
969 3403 1096 3443 eum
1127 3405 1141 3444 :

669 3477 931 3549 Princeps
953 3477 1282 3548 populorum
1308 3483 1358 3532 et
1399 3476 1611 3532 dimisit
1638 3492 1781 3532 eum.

528 3566 569 3622 C
600 3565 990 3622 Inﬂammavit
1016 3563 1220 3637 utique
1248 3581 1382 3621 eum
1422 3566 1582 3622 intus
1623 3565 1821 3621 lumen
1854 3563 2106 3622 caelestis

458 3656 708 3714 flammae
741 3659 806 3710 ut
836 3655 1031 3711 futura
1060 3654 1278 3710 diceret
1307 3670 1440 3710 cum
1474 3654 1689 3711 fiducia
1710 3654 2106 3711 veritatis.Mi-

456 3746 534 3803 sit
564 3763 681 3815 rex,
708 3744 929 3801 Pharao
960 3742 1131 3800 solvit
1157 3760 1191 3799 a
1222 3746 1385 3799 reatu
1417 3759 1532 3816 quo
1562 3743 1872 3799 tenebatur
1901 3742 2109 3798 obstri-

455 3840 607 3899 ctus,
628 3833 755 3907 ipse
775 3837 864 3890 est
893 3832 1184 3906 princeps,
1205 3832 1400 3888 dictus
1428 3831 1653 3888 Pharao
1684 3830 2108 3904 scilicet,quem

458 3924 731 3998 superius
763 3939 957 3997 regem
979 3920 1143 3992 dixit,
1161 3919 1258 3978 ille
1278 3920 1505 3977 dimisit
1523 3935 1659 3977 eum
1681 3919 1937 3976 claustra
1955 3918 2111 3976 exire

457 4010 708 4070 carceris
735 4013 893 4086 (Gen.
924 4011 1057 4084 xu).

454 4104 527 4159 20
636 4103 926 4159 Constituit
952 4117 1075 4157 eum
1101 4099 1384 4158 dominum
1411 4098 1604 4156 domus
1632 4113 1752 4156 sua?
1781 4117 1798 4153 :

637 4182 703 4250 Et
727 4192 1038 4265 principem
1066 4191 1244 4247 omnis
1271 4188 1623 4262 possessionis
1651 4203 1788 4245 sum.

527 4285 567 4337 C
595 4280 911 4338 Constituit
930 4279 1239 4336 dominum
1260 4281 1318 4334 et
1346 4277 1693 4351 principem,
1713 4277 1947 4349 quando
1975 4293 2111 4335 eum

457 4370 593 4427 fecit
624 4386 861 4426 currum
902 4368 1215 4426 ascendere
1245 4370 1303 4423 et
1333 4366 1616 4440 praeconis
1662 4382 1802 4423 voce
1832 4366 2112 4434 nuntiari,

457 4461 617 4517 hunc
638 4457 961 4515 secundum
985 4456 1294 4513 dominum
1323 4472 1455 4513 esse
1485 4459 1618 4528 post
1649 4472 1845 4529 regem
1873 4460 1932 4512 et
1961 4456 2115 4529 prin-

459 4548 646 4621 cipem
678 4545 857 4602 totius
886 4545 1136 4619 Egypti.

457 4640 521 4694 21
641 4637 704 4695 Ut
731 4636 974 4692 erudiret
998 4636 1275 4708 principes
1301 4635 1417 4707 ejus
1444 4636 1583 4690 sicut
1610 4635 1960 4707 semetipsum
1981 4653 2000 4689 :

670 4728 736 4783 Et
761 4741 910 4782 senes
929 4724 1048 4797 ejus
1074 4723 1425 4796 prudentiam
1453 4723 1682 4780 doceret.

528 4817 571 4874 C
600 4816 881 4875 Credebat
910 4813 1134 4870 Pharao
1165 4812 1320 4886 quod
1343 4812 1574 4869 erudire
1597 4816 1797 4885 posset
1817 4811 2113 4885 principes

459 4925 620 4977 suos,
652 4910 718 4963 ut
745 4910 803 4963 et
834 4903 945 4979 ipsi
976 4901 1341 4960 somniorum
1372 4901 1722 4974 interpretes
1771 4917 1899 4959 esse
1929 4918 2113 4959 mere-

2202 552 2338 594 vero
2370 536 2480 593 fuit
2506 536 2662 593 ﬁlius
2715 535 2919 602 Cbam,
2952 551 3134 610 nepos
3182 536 3318 605 Noe,
3348 553 3415 592 ex
3460 555 3567 611 quo
3588 540 3799 615 Egyptii

2204 629 2506 682 traxerunt
2551 623 2860 699 originem.
2890 624 3124 681 Nostra
3169 640 3301 682 vero
3339 624 3623 684 translatio
3647 630 3800 689 Cham

2204 713 2411 783 habet;
2445 715 2547 771 sed
2580 714 2865 781 Romana,
2899 730 3075 787 quam
3107 712 3201 770 hic
3232 715 3509 787 sequitur,
3540 714 3797 776 Chanaan.

2202 805 2273 859 23
2381 806 2448 860 Et
2475 805 2633 859 auxit
2657 803 2918 875 populum
2951 818 3115 859 suum
3153 803 3523 860 vehementer:

2379 894 2445 950 Et
2472 895 2716 965 ﬁrmavit
2738 910 2865 950 eum
2891 909 3056 965 super
3085 894 3337 950 inimicos
3364 895 3494 966 ejus.

2275 983 2322 1039 Η
2352 984 2528 1039 Auxit
2574 982 2858 1056 populum
2909 999 3109 1051 suum,
3142 983 3491 1040 fecunditate
3531 987 3801 1055 nascendi;

2206 1072 2596 1139 conﬁrmavit,
2630 1072 2864 1145 quando
2889 1069 3008 1128 illis
3038 1070 3433 1128 crescentibus
3457 1072 3804 1146 Egyptiorum

2206 1161 2377 1217 turba
2408 1159 2733 1218 notissimis
2762 1159 2950 1234 plagis
2979 1159 3354 1217 vehementer
3380 1160 3587 1217 aﬂlicta
3612 1168 3706 1218 est.

2203 1251 2272 1308 21:
2386 1252 2667 1307 Convertit
2693 1265 2792 1306 cor
2819 1266 3027 1319 eorum,
3075 1258 3139 1306 ut
3164 1249 3378 1307 adirent
3405 1251 3647 1322 populum
3672 1253 3767 1325 ejus
3791 1271 3807 1311 :

2418 1340 2485 1396 Et
2507 1340 2693 1396 dolum
2718 1342 2968 1413 facerent
2997 1339 3058 1395 in
3084 1354 3262 1396 servos
3290 1339 3429 1411 ejus.

2276 1428 2319 1484 C
2348 1427 2640 1485 Convertit
2664 1429 2819 1486 Deus
2846 1427 3247 1502 )Egyptiorum
3269 1443 3370 1483 cor
3397 1428 3469 1484 ad
3498 1426 3678 1485 odium
3702 1444 3810 1486 con-

2206 1521 2298 1573 tra
2329 1516 2712 1575 Israeliticum
2764 1517 3070 1591 populum,
3123 1516 3452 1590 praetende
3496 1516 3606 1573 illis
3631 1517 3806 1574 felicia.

2206 1606 2276 1661 Et
2303 1605 2505 1663 dolum
2527 1593 2781 1664 facerent
2803 1622 2818 1662 :
2840 1622 3211 1679 consequens
3231 1609 3359 1663 erat
3378 1609 3444 1662 ut
3461 1609 3812 1688 postponcep-

2206 1698 2334 1751 tum
2367 1695 2567 1752 odium
2598 1696 2841 1752 saeviens
2871 1693 3124 1767 populus
3175 1695 3248 1751 ad
3291 1692 3521 1751 dolosas
3549 1695 3809 1751 machinas

2207 1784 2549 1856 perveniret,
2563 1789 2630 1839 ut
2650 1784 2762 1840 fuit
2782 1784 2842 1840 in
2863 1783 3148 1841 lateribus
3168 1783 3491 1856 praeceptis,
3504 1782 3808 1856 duplicando

2210 1890 2379 1946 opus,
2411 1876 2469 1928 et
2497 1872 2693 1945 paleas
2724 1873 3013 1946 negando,
3043 1876 3101 1929 et
3126 1870 3427 1929 similibus
3455 1867 3642 1945 (Exod.
3668 1872 3722 1942 ι).

2205 1964 2277 2018 25
2383 1962 2526 2018 Misit
2554 1961 2771 2035 Moysen
2796 1978 3015 2018 servum
3041 1977 3207 2017 suum
3239 1977 3255 2017 :

2421 2051 2602 2108 Aaron
2630 2066 2790 2125 quem
2817 2050 2983 2121 elegit
3022 2052 3223 2123 ipsum.

2278 2140 2320 2196 C
2348 2138 2495 2195 Istos
2542 2140 2615 2194 ad
2666 2139 3049 2207 Pharaonem,
3092 2139 3266 2212 quasi
3315 2138 3593 2212 quosdam
3646 2140 3810 2201 testes,

2209 2232 2437 2285 constat
2464 2245 2499 2284 a
2526 2229 2643 2285 Deo
2664 2228 3007 2297 destinatos,
3022 2233 3090 2284 ut
3118 2227 3405 2302 populum
3436 2226 3545 2284 sibi
3574 2225 3810 2300 placitum

2211 2318 2372 2375 abire
2403 2317 2772 2391 permisisset
2799 2315 3071 2374 illasum.

2206 2409 2279 2464 26
2385 2408 2578 2463 Posuit
2606 2409 2669 2463 in
2708 2408 2787 2464 eis
2833 2408 2998 2463 verba
3035 2408 3321 2479 signorum
3348 2422 3565 2464 suorum
3587 2412 3634 2462 et
3655 2403 3810 2478 prodi-

2421 2498 2645 2566 giorum
2668 2513 2688 2552 :

2386 2587 2447 2642 In
2476 2593 2623 2642 terra
2654 2584 2844 2643 Cham.

2279 2678 2319 2729 C
2351 2674 2531 2747 Signa
2550 2678 2691 2731 sunt
2710 2673 2878 2747 quasi
2900 2673 3101 2748 aliqua
3122 2675 3379 2749 vestigia
3397 2676 3700 2731 futurarum
3719 2672 3818 2729 sive

2211 2762 2632 2836 praeteritarum
2683 2779 2919 2832 rerum;
2953 2763 3221 2837 prodigia
3267 2780 3410 2822 vero
3457 2762 3724 2837 pertinent
3757 2760 3815 2818 ad

2210 2851 2509 2909 mirabiles
2538 2856 2802 2922 eventus,
2829 2852 2931 2926 qui
2963 2851 3024 2909 in
3052 2853 3259 2909 ordine
3314 2869 3505 2910 rerum
3550 2851 3697 2925 prius
3722 2866 3815 2906 non

2210 2943 2466 3011 fuerunt,
2500 2941 2833 3016 prodigium
2879 2946 2970 2999 est
2995 2941 3154 2998 enim
3200 2942 3435 3000 dictum
3473 2941 3544 2998 ab
3586 2957 3648 2997 eo
3689 2938 3816 3013 quod

2210 3048 2380 3105 porro
2425 3031 2600 3088 dicat.
2628 3031 2833 3104 Itaque
2874 3030 2988 3088 ista
3018 3030 3321 3089 mirabilia
3348 3035 3486 3089 tunc
3514 3031 3654 3089 facta
3676 3043 3816 3102 porro

2209 3125 2267 3178 et
2295 3118 2499 3194 procul
2529 3119 2802 3177 dicebant
2831 3119 3047 3194 populo
3077 3119 3414 3179 Christiano
3434 3119 3641 3194 aliquid
3667 3132 3729 3174 ex
3749 3115 3817 3173 eis

2130 3194 2174 3262 C
2211 3208 2678 3284 intelligendum.

2207 3300 2281 3354 27
2386 3300 2543 3356 Misit
2569 3300 2818 3356 tenebras
2844 3306 2897 3355 et
2922 3300 3235 3356 obscuravit
3263 3318 3288 3354 :

2388 3388 2454 3443 Et
2481 3404 2593 3445 non
2621 3388 2973 3446 exacerbavit
2998 3404 3272 3446 sermones
3305 3406 3449 3447 suos.

2282 3477 2324 3534 C
2350 3478 2647 3551 Leguntur
2674 3477 2945 3535 tenebras
2973 3476 3128 3534 inter
3154 3476 3365 3552 plagas
3388 3475 3625 3552 Egyptii
3650 3476 3815 3548 pertu-

2209 3566 2370 3634 lisse,
2404 3567 2505 3624 sed
2538 3566 2734 3639 potius
2772 3565 3176 3641 intelligamus
3222 3568 3407 3625 corda
3449 3581 3639 3624 eorum
3666 3561 3816 3620 fuisse

2213 3656 2544 3723 obscurata,
2601 3656 2702 3729 qui
2754 3655 2987 3714 Domini
3044 3660 3341 3729 praecepta
3394 3652 3816 3714 contemnebant.

2214 3744 2716 3801 Exacerbaverunt
2744 3760 3067 3812 sermones,
3098 3744 3401 3818 signiﬁcat
3425 3744 3608 3805 acerbe
3631 3752 3824 3812 accepe-

2216 3837 2373 3899 runt,
2407 3836 2509 3889 aut
2550 3836 2704 3890 certe
2732 3831 3035 3904 injuriosis
3062 3832 3599 3891 abominationibus
3625 3839 3823 3900 respue-

2217 3925 2375 3990 runt,
2407 3926 2466 3978 et
2495 3921 2577 3977 ita
2606 3920 2843 3994 exponit
2881 3920 3334 3979 translationem
3368 3922 3696 3985 Romanam,
3722 3929 3826 3988 qua

2217 4010 2396 4066 habet
2424 4008 2563 4082 quia
2606 4010 3095 4067 exacerbaverunt
3117 4053 3132 4078 ,
3183 4010 3291 4068 sed
3323 4014 3523 4069 nostra
3550 4007 3708 4065 habet
3734 4017 3826 4059 non

2218 4097 2600 4166 exacerbavit,
2634 4097 2856 4155 scilicet
2884 4098 3061 4165 Dens,
3108 4098 3166 4155 id
3196 4103 3291 4156 est
3332 4116 3448 4157 non
3479 4094 3722 4161 irritavit,
3748 4087 3829 4147 sed

2220 4187 2529 4262 complevit
2559 4203 2860 4245 sermones
2889 4204 3028 4245 suos
3051 4187 3357 4246 miraculis
3379 4205 3478 4246 eos
3499 4184 3829 4244 conﬁrmans.

2218 4279 2290 4334 28
2400 4277 2679 4335 Convertit
2701 4293 2872 4350 aquas
2900 4292 3091 4334 eorum
3120 4278 3183 4334 in
3211 4277 3550 4352 sanguinem
3572 4291 3592 4331 :

2398 4368 2465 4422 Et
2494 4364 2692 4423 occidit
2708 4365 2880 4438 pisces
2908 4381 3117 4423 eorum.

2293 4454 2335 4511 C
2360 4454 2652 4511 Convertit
2679 4452 2836 4511 enim
2886 4471 3073 4528 aquas
3101 4454 3162 4511 in
3192 4455 3566 4530 sanguinem,
3594 4443 3833 4524 quoniam

2140 4565 2188 4631 Β
2220 4548 2389 4601 erant
2416 4543 2570 4600 inter
2597 4545 2806 4615 ﬂuenta
2834 4542 3019 4631 maris
3045 4542 3229 4601 Rubri
3260 4542 3527 4631 perituri.
3557 4539 3732 4631 Pisces
3756 4547 3833 4590 oc-

2219 4632 2327 4690 cisi
2357 4635 2516 4699 sunt,
2538 4648 2611 4689 ne
2643 4647 2778 4705 spes
2798 4630 3028 4689 vivendi
3058 4630 3403 4691 hominibus
3434 4630 3629 4689 relicta
3653 4623 3835 4680 videre.

2219 4726 2337 4791 tur,
2370 4721 2604 4795 quando
2635 4720 2812 4778 etiam
2833 4720 3025 4794 pisces
3052 4721 3267 4778 mortui
3292 4724 3451 4779 sunt.
3475 4719 3579 4786 Qui
3600 4716 3654 4774 in
3676 4710 3834 4772 nativo

2222 4810 2512 4868 elemento
2543 4810 2657 4868 isto
2686 4809 2895 4866 nutriti
2925 4814 3082 4867 sunt.

2221 4901 2293 4957 29
2402 4899 2627 4957 Addidit
2653 4906 2803 4956 terra
2830 4915 3022 4958 eorum
3048 4916 3215 4958 ranas
3244 4917 3265 4957 :

460 5000 681 5065 rentur,
715 4999 772 5051 et
798 4994 928 5051 ideo
959 5010 1096 5051 eum
1126 4991 1211 5049 eis
1242 4990 1521 5065 praefecit,
1552 5007 1669 5047 non
1705 4989 1896 5047 solum
1926 4995 1989 5047 ut
2020 5008 2117 5048 re-

460 5088 638 5158 geret,
668 5063 774 5139 sed
805 5088 863 5139 et
891 5085 1144 5150 doceret,
1177 5063 1443 5138 nesciens
1474 5096 1632 5146 eum,
1659 5097 1693 5135 a
1720 5096 1837 5153 quo
1864 5080 2119 5138 somnio-
2297 5078 2344 5136 Η
2369 5078 2434 5136 In
2464 5077 2624 5136 ranis
2653 5082 2959 5152 poetarum
2991 5077 3255 5135 carmina
3284 5076 3678 5153 designantur,
3699 5063 3786 5140 qui
3812 5077 3840 5117 ι

462 5189 594 5229 rum
625 5172 870 5229 scientia
896 5177 1002 5237 est,
1036 5173 1219 5228 Deum
1256 5170 1445 5227 solum
1472 5170 1697 5226 docere.
2219 5166 2506 5225 catholica
2536 5166 2740 5241 regula
2758 5166 3162 5241 discrepantes
3191 5167 3372 5225 corda
3399 5170 3746 5224 terrenorum
3771 5165 3840 5209 ro-

460 5265 533 5317 22
644 5266 709 5319 Et
738 5262 966 5317 intravit
996 5260 1162 5316 Israel
1206 5265 1259 5326 ἑ-
1289 5261 1347 5314 in
1390 5265 1405 5326 ζ
1450 5260 1741 5333 /Egyptum
1772 5275 1786 5313 :
2220 5272 2360 5331 gum
2387 5255 2604 5312 fabulis
2645 5255 2870 5329 replent
2897 5256 3329 5331 deceptionum.

638 5355 707 5408 Et
726 5352 896 5409 Iacob
926 5350 1110 5406 accola
1136 5349 1248 5420 fuit
1265 5350 1340 5406 .in
1369 5355 1516 5404 terra
1544 5340 1734 5404 Chdm.
2219 5347 2290 5403 30

534 5441 575 5499 C
601 5441 855 5497 Jubente
887 5438 1205 5506 Pharaone,
1233 5437 1500 5510 cognatio
1545 5435 1763 5510 Joseph
1815 5436 1887 5493 ad
1926 5440 2114 5494 terras
2398 5435 2462 5491 In
2488 5433 2739 5491 omnibus
2766 5435 2972 5507 ﬁnibus
2999 5450 3209 5492 eorum.

462 5531 691 5605 Egypti
740 5529 994 5585 deducta
1038 5530 1145 5583 est.
1179 5526 1247 5582 Et
1291 5526 1491 5594 Jacob,
1542 5525 1877 5583 diversitate
1924 5526 2112 5582 nomi-
2292 5524 2334 5581 C
2371 5524 2665 5598 Cynomya
2717 5523 3017 5599 signiﬁcat
3072 5537 3335 5581 muscam
3397 5518 3680 5582 caninam,
3729 5520 3838 5581 qua

464 5639 631 5693 num,
664 5618 823 5677 dicta
872 5633 990 5676 suis
1049 5614 1415 5675 revelationis
1468 5614 1727 5675 variavit.
1763 5615 1897 5673 Ideo
1956 5631 2114 5673 nunc
2223 5614 2446 5672 casteria
2479 5612 2703 5672 muscis
2732 5612 3063 5673 mordacicr
3090 5617 3181 5672 est
3209 5617 3269 5673 et
3292 5606 3724 5683 importunitate
3748 5608 3842 5656 σιιι

2402 4992 2464 5047 In
2490 4989 2921 5063 penetrabilibus
2947 5005 3142 5060 regum
3169 4990 3431 5063 ipsorum.

2398 5346 2554 5401 Dixit
2580 5348 2634 5402 et
2662 5346 2811 5402 venit
2843 5361 3114 5420 cynomya
3140 5352 3192 5404 et
3217 5344 3463 5418 ciniphes
3498 5359 3512 5398 :
